4110 6402
432 369 540 428 565

1526 367 1761 425 SERMO
1798 367 1887 422 DE
1928 365 2228 424 SIMEONE
2261 362 2350 421 ET
2390 364 2597 423 ANNA.

3593 371 3703 430 366

431 484 646 557 γαστήρ
687 501 748 540 σε
792 484 1082 550 διδαξάτω,
1116 486 1173 538 ὲν
1282 485 1536 557 ὲχωρήθη
1566 486 1595 539 ὁ
1627 485 1927 557 ἀχὼρητος,
1957 485 2005 554 ἐξ

2116 499 2248 540 rans
2276 524 2292 548 ,
2341 480 2661 540 (nconomiae
2716 479 2813 537 tibi
2863 492 3268 538 sacramentum
3330 486 3701 555 persuadeat,

425 571 492 651 ἧς
527 579 622 631 καὶ
664 577 951 651 ἐσαρκὼοη
989 580 1018 631 ὁ
1048 579 1286 648 ἄσαρκος
1337 578 1526 646 Λόγος.
1563 578 1637 630 Οὐ
1678 576 1839 631 πάλιν
1885 577 2014 631 σάλ-

425 686 621 739 πιγγες
672 669 1050 740 ὲκδειματοῦσι
1100 672 1227 733 τοὺς
1273 672 1615 740 προσιόντας,
1646 671 1756 725 οὐδ’
1784 666 1852 725 αὖ
1893 671 2018 742 ὅρος

425 759 824 828 καπνιζόμενον
852 759 969 822 δέος
993 760 1211 830 ἐμποιεῖ
1231 761 1344 823 τοῖς
1377 759 1863 831 προσπελάζουσιν,
1892 758 2016 812 οὔτε

428 852 534 923 μὴν
579 852 740 922 νόμος
779 849 995 914 κολάζει
1040 849 1273 919 ἀφειδῶς
1311 850 1403 903 τὸν
1452 850 1672 920 θίγοντα
1708 850 2013 923 τολμηρῶς.

423 940 832 1011 Φιλανθρωπίας
882 940 990 1012 γὰρ
1036 940 1103 994 τὰ
1146 941 1407 1012 παρόντα,
1438 942 1898 1010 συγκαταὸάσεως
1948 941 2017 995 τὰ

426 1032 741 1102 φαινόμενα.
779 1033 1130 1104 Εὐχάριστως
1158 1033 1397 1087 ἀπόλαϐε
1422 1033 1512 1087 τὸν
1538 1034 1673 1108 πρὸς
1708 1034 1767 1088 σὲ
1796 1034 2017 1089 ἐλθόντα

424 1123 586 1176 Θεόν·
628 1122 790 1186 αὐτὸς
821 1123 930 1195 γὰρ
962 1124 1151 1193 ἀφελεῖ
1200 1124 1298 1187 τάς
1342 1126 1571 1197 ἀνομίας
1618 1142 1733 1188 σου,
1781 1126 1875 1179 καὶ
1916 1125 2016 1189 τὰς

318 1288 325 1293 θ
424 1217 696 1287 ἁμαρτίας
730 1233 823 1269 σου
867 1217 1245 1288 περικαθαρεὶ
1285 1221 1373 1272 Ἐν
1420 1219 1503 1272 σοὶ
1542 1216 1951 1289 προτυπωθήτω
1983 1218 2014 1289 ἡ

424 1307 518 1361 τοῦ
573 1308 779 1379 κόσμου
827 1308 1113 1381 κάθαρσις.
1156 1311 1243 1364 Ἐν
1288 1311 1371 1364 σοὶ
1407 1310 1501 1364 καὶ
1532 1309 1621 1363 διὰ
1662 1307 1754 1361 σού
1795 1325 2014 1379 προμη-

425 1399 639 1472 νυθήτω
661 1402 772 1464 τοῖς
799 1400 1007 1455 ἔθνεσιν
1031 1403 1063 1472 ἡ
1092 1401 1233 1456 κατὰ
1253 1403 1411 1474 χάριν
1436 1402 1735 1465 δικαίωσις.
1764 1401 1836 1455 Σὺ
1866 1400 2015 1466 ἄξιος

423 1492 523 1564 τῆς
574 1492 837 1558 ζωοποιοῦ
886 1494 1160 1565 ἀπαρχῆς.
1220 1495 1566 1567 Ἀπήλαυσας
1618 1495 1817 1566 νόμου;
1880 1492 2016 1547 ἀπό-

425 1585 616 1640 λαυσαι
664 1586 759 1640 καὶ
800 1587 899 1658 τῆς
938 1589 1178 1660 χάριτος.
1213 1588 1518 1660 Κέκμηκας
1562 1588 1640 1660 τῷ
1690 1584 2010 1660 γράμματις

424 1675 834 1748 ἀνακαινίσθητι
866 1678 925 1730 ἐν
957 1676 1033 1748 τῷ
1065 1677 1358 1749 πνεύματι.
1401 1679 1726 1733 Ἀπέκδυσαι
1758 1678 1858 1750 τὴν
1904 1696 2011 1734 πα-

424 1765 679 1838 λαιότητα
716 1770 810 1823 καὶ
846 1769 1060 1822 ἔνδυσαι
1102 1768 1201 1840 τὴν
1254 1770 1562 1844 καινότητα.
1598 1768 1781 1826 Ταῦτα
1820 1770 1927 1842 γάρ
1951 1788 2010 1824 σε

425 1855 750 1928 ἠγνοηκέναι
780 1857 841 1910 ού
867 1856 1030 1912 δοκῶ.

2120 576 2379 646 magister
2421 576 2645 645 optime.
2709 573 2860 630 Meus
2907 574 3143 646 denique
3175 584 3361 634 uterus
3397 578 3493 634 tibi
3526 580 3699 636 docu-

2120 675 2304 723 mento
2337 668 2429 731 sit,
2461 669 2516 723 in
2537 684 2645 738 quo
2683 667 2784 722 fuit
2805 674 3120 728 contentus.
3145 669 3239 739 qui
3265 685 3537 742 nusquam
3567 674 3701 728 alio-

2119 761 2213 830 qui
2241 767 2421 831 potest
2459 760 2727 815 contineri
2755 778 2769 814 :
2803 774 2872 815 ex
2905 774 3013 830 quo
3049 761 3212 815 etiam
3250 758 3442 816 Sermo
3465 761 3555 818 ille
3580 777 3701 818 car-

2118 853 2208 907 nis
2245 867 2461 923 expers,
2494 852 2793 921 assumpsit
2820 866 3064 907 carnem.
3120 850 3240 906 Non
3270 852 3382 921 jam
3415 854 3559 910 tubae
3598 867 3701 911 ter-

2118 945 2286 999 ritant
2334 942 2654 998 accedentes
2688 944 2774 996 5°:
2812 957 2922 998 non
2973 943 3168 999 iterum
3221 958 3381 1000 mons
3429 946 3702 1019 l'umigans

2120 1033 2687 1104 apprOpinquantibus
2720 1031 2897 1102 injicit
2951 1041 3151 1087 metum
3184 1051 3197 1086 :
3228 1048 3293 1087 ac
3346 1049 3525 1106 neque
3580 1037 3702 1102 lex,

2119 1126 2385 1183 audacius
2414 1126 2816 1196 contingentem
2840 1123 3086 1181 severius
3119 1125 3275 1194 punit
3307 1124 3372 1181 ⁸ο.
3405 1125 3707 1186 Praesentia

2118 1218 2263 1272 enim
2317 1218 2693 1289 propensioris
2744 1225 2874 1272 sunt
2923 1218 2979 1272 in
3041 1218 3291 1274 homines
3325 1219 3521 1289 studii;
3575 1229 3706 1279 sunt

2117 1324 2241 1381 quae
2263 1317 2550 1381 geruntur,
2580 1311 2778 1366 divium
2804 1311 2869 1366 ad
2898 1324 2999 1366 nos
3046 1310 3449 1381 iuclinationis;
3481 1313 3701 1370 bonitao

2116 1403 2210 1466 tis,
2246 1417 2367 1473 quae
2399 1411 2681 1473 apparent.
2722 1402 2925 1472 Excipe
2952 1404 3187 1472 gratanti
3221 1404 3407 1460 animo
3438 1405 3506 1461 ad
3528 1415 3580 1461 te
3609 1422 3706 1462 ve-

2116 1493 2357 1549 nientem
2394 1493 2561 1550 Deum
2592 1515 2602 1548 :
2643 1495 2758 1565 ipse
2785 1495 2931 1549 enim
2976 1492 3185 1550 auferet
3213 1494 3530 1566 iniquitates
3557 1506 3703 1565 tuas,

2115 1592 2171 1639 et
2196 1584 2438 1655 expiabit
2479 1594 2703 1655 peccata
2741 1594 2853 1640 tua.
2912 1583 2970 1640 ln
3016 1594 3070 1641 te
3104 1587 3339 1656 primum
3380 1589 3706 1647 iul‘ormetur

2116 1676 2309 1731 mundi
2337 1677 2578 1734 universi
2633 1677 2908 1733 lustratio.
2934 1676 2991 1731 In
3024 1685 3076 1733 te
3103 1686 3157 1734 et
3186 1695 3283 1750 per
3312 1688 3397 1745 te,
3448 1682 3705 1752 gentibus

2114 1768 2478 1839 praenuntiata
2510 1768 2838 1833 innotescat,
2860 1786 2981 1841 quae
3012 1773 3309 1827 secundum
3334 1774 3565 1843 gratiam
3588 1783 3697 1841 est,

2111 1860 2451 1931 justiﬁcatio.
2482 1859 2689 1932 Dignus
2741 1877 2802 1918 es
2850 1863 3083 1921 viviﬁcis
3130 1865 3409 1936 primitiis.
3459 1862 3606 1923 Usus
3635 1883 3698 1922 es

424 1944 580 2018 lege?
632 1956 786 2006 utere
835 1957 890 2007 et
917 1952 1110 2022 gratia.
1159 1950 1442 2024 Fatigatus
1494 1972 1554 2013 es
1599 1956 1816 2011 littera?
1876 1970 2142 2012 renovare
2175 1956 2392 2029 spiritu.
2428 1955 2580 2012 Exue
2623 1964 2982 2027 vetustatem;
3017 1970 3072 2016 et
3120 1962 3417 2018 novitatem
3449 1961 3699 2019 induere.

423 2037 539 2097 Non
566 2041 711 2096 enim
736 2051 867 2114 puto
894 2052 945 2100 te
981 2045 1096 2101 haec
1122 2048 1358 2102 nescire.

492 2163 575 2216 H'.
616 2165 739 2219 Ἐπὶ
765 2166 975 2232 τούτοις
1008 2170 1143 2223 πᾶσι
1188 2171 1703 2243 παρρησιασάμενος
1731 2171 1760 2224 ό
1790 2170 2005 2236 δίκαιος,

2191 2167 2328 2226 Vill.
2368 2168 2452 2225 Ab
2495 2168 2581 2225 his
2628 2168 2920 2235 omnibus,
2980 2175 3198 2240 sumpta
3227 2169 3412 2239 justus
3462 2170 3696 2239 ﬁducia,

423 2256 514 2308 καὶ
542 2258 609 2327 τῇ
639 2261 919 2330 προτροπῇ
955 2257 1104 2324 εἴξας
1127 2261 1225 2332 τῆς
1247 2261 1716 2333 διακονησαμένης
1736 2261 1854 2332 Θεῷ
1874 2263 2013 2334 πρὸς

423 2347 743 2417 ἀνθρώπους
783 2349 1143 2422 Θεομήτορος,
1196 2351 1491 2416 ὑπεδέξατο
1544 2353 1642 2423 μὲν
1683 2356 1803 2415 ταῖς
1838 2368 2013 2423 γηρα-

423 2438 570 2503 λέαις
596 2440 862 2509 ἀγκάλαις
893 2442 1002 2495 τόν
1032 2442 1089 2496 ὲν
1120 2444 1407 2514 νηπιότητι
1436 2444 1696 2498 παλαιὸν
1726 2444 1847 2498 τῶν
1872 2446 2013 2514 ἠμε-

422 2529 563 2595 ρῶν,
590 2529 850 2602 εὐλόγησε
869 2530 926 2584 δὲ
953 2531 1044 2585 τὸν
1075 2531 1207 2587 Θεὸν
1242 2533 1337 2587 καὶ
1365 2529 1486 2587 εἷπε
1507 2549 1521 2564 °
1568 2534 1700 2589 Νῦν
1723 2535 2012 2600 ἀπολύεις

425 2622 531 2675 τὶν
559 2621 784 2676 δοῦλόν
811 2638 947 2686 σου,
982 2623 1273 2689 Δέσποτα,
1308 2625 1458 2679 κατὰ
1498 2624 1565 2679 τό
1590 2625 1757 2695 ῥῆμά
1779 2640 1916 2690 σου,
1941 2626 2012 2679 ἐν

422 2711 652 2781 εξρήνῃ.
681 2714 802 2767 Ὅτι
833 2711 998 2770 εἶδον
1032 2719 1084 2771 al
1127 2717 1425 2786 ὀφθαλμοί
1462 2733 1582 2786 μου
1611 2716 1677 2770 τὸ
1714 2714 2013 2784 σωτήριόν

422 2815 558 2868 σου,
589 2803 623 2857 ὃ
658 2806 990 2876 ἡτοίμασας
1035 2809 1187 2864 κατὰ
1228 2810 1556 2877 πρόσωπον
1598 2808 1844 2862 πάντων
1891 2806 2012 2863 τῶν

421 2892 617 2948 λαῶν’
672 2895 800 2964 φῶς
844 2900 930 2965 εἰς
981 2899 1373 2970 ἀποκάλυψιν
1422 2899 1633 2965 ἐθνῶν,
1681 2900 1778 2956 καὶ
1823 2898 2013 2965 δόξαν

421 2985 575 3041 λαοῦ
607 3002 724 3043 σου
763 2988 1020 3058 Ἰσραήλ.
1058 2991 1352 3046 Ἀπέλαϐον
1377 2992 1476 3062 τὴν
1498 2990 1649 3061 παρὰ
1681 2989 1776 3045 σοῦ
1806 2990 2010 3046 ἄλυπον

420 3079 627 3150 χαράν·
683 3080 926 3136 ἀπόλαϐε
974 3099 1041 3153 με
1084 3084 1405 3155 χαιρόμενον
1450 3082 1584 3155 (59),
1633 3084 1728 3136 ita).
1768 3083 2007 3153 ἀνευφη-

424 3168 628 3243 μοῦντα
656 3171 725 3226 τά
761 3172 885 3244 ὲλέη
919 3190 1033 3240 σου,
1062 3173 1254 3247 Κύριε.
1296 3174 1606 3238 Ἀπέδωκάς
1638 3191 1727 3245 μοι
1777 3176 1876 3245 τὴν
1922 3174 2011 3226 εὐ-

421 3261 652 3333 θυμίανο
708 3264 1007 3336 ἀποδίδωμί
1060 3281 1143 3318 σοι
1187 3265 1439 3337 εὐθύμως
1479 3266 1545 3320 τὰ
1588 3267 2006 3337 εὐχαριστήρια.

423 3354 635 3422 Ἕγνων
668 3356 890 3427 ἀγάπης
921 3357 1055 3411 Θεοῦ
1088 3357 1338 3429 δύναμιν.
1368 3361 1444 3412 Δι’
1469 3359 1569 3428 ἐμὲ
1601 3358 1716 3430 γὰρ
1755 3346 1866 3428 (60)
1893 3358 1921 3409 ὁ
1944 3358 2009 3410 ἐκ

422 3448 516 3501 σού
560 3448 713 3514 Θεὸς,
754 3452 1171 3522 ἀνερμηνεύτως
1222 3453 1316 3505 καὶ
1361 3451 1675 3524 ἀῤῥεύστως
1705 3450 2006 3521 γεννηθεὶς,

2112 2258 2466 2331 Deiparaeque
2502 2256 2616 2314 Deo
2660 2257 2974 2313 ancillantis
3002 2258 3058 2312 iu
3087 2258 3156 2316 iis
3181 2273 3303 2328 quae
3334 2268 3582 2330 spectant
3631 2262 3702 2318 ad

2108 2351 2382 2416 homines,
2406 2350 2775 2407 exhortationi
2804 2366 2869 2406 ac
2899 2350 3121 2405 monitis
3146 2350 3348 2407 cedens
3373 2394 3387 2418 ,
3411 2352 3700 2425 Antiquam

2109 2435 2262 2489 illum
2295 2436 2499 2490 dierum
2533 2436 2576 2467 “
2608 2433 2871 2490 infantem
2892 2475 2908 2498 ,
2962 2434 3227 2490 senilibus
3259 2435 3401 2491 ulnis
3433 2440 3695 2508 suscepit,

2110 2526 2388 2597 Deumque
2409 2526 2702 2582 dilaudans
2733 2527 2811 2581 ait
2834 2545 2848 2581 :
2868 2524 3026 2580 Nunc
3058 2524 3286 2581 dimittis
3302 2544 3508 2583 servum
3525 2538 3696 2592 tuum.

2110 2618 2351 2686 Domine,
2370 2618 2654 2674 secundum
2683 2617 2894 2675 verbum
2918 2629 3066 2673 tuum
3107 2619 3162 2673 in
3193 2636 3342 2690 pace.
3379 2619 3519 2688 Quia
3553 2622 3697 2677 vide-

2110 2717 2234 2764 runt
2280 2709 2421 2763 oculi
2466 2711 2569 2763 mei
2617 2708 2871 2764 Salutare
2919 2719 3108 2764 tntum:
3140 2708 3280 2780 quod
3318 2711 3526 2780 parasti
3568 2721 3701 2769 ante

2111 2802 2302 2872 faciem
2339 2803 2575 2855 omnium
2609 2800 2959 2870 populorum;
3013 2801 3188 2855 lumen
3219 2802 3288 2855 ad
3326 2803 3697 2858 reuelationem

2109 2896 2361 2968 gentium,
2384 2902 2436 2949 et
2475 2893 2703 2964 gloriam
2738 2891 2904 2962 plebis
2937 2901 3043 2947 tua:
3072 2890 3247 2948 Israel
3274 2893 3340 2950 ⁶².
3372 2892 3569 2965 Accepi
3597 2896 3697 2951 abs

2108 2997 2164 3046 te
2191 2987 2512 3045 inoll'ensam
2541 2993 2598 3043 et
2629 3000 2854 3042 vacuam
2892 2984 3098 3040 doloris
3155 2984 3398 3041 laetitiam
3433 3005 3446 3041 :
3485 2993 3546 3041 tu
3583 3000 3692 3050 me,

2110 3079 2361 3142 Domine,
2390 3079 2682 3139 laetantem,
2712 3084 2945 3146 tuasque
2992 3075 3456 3146 depraedicantem.
3476 3077 3697 3133 miseri-

2110 3171 2329 3227 cordias
2361 3170 2569 3240 accipe.
2601 3167 2685 3223 Tu
2735 3167 2995 3239 gaudium
3041 3167 3148 3222 hoc
3189 3168 3371 3222 animo
3403 3167 3689 3225 indidisti:

2110 3260 2356 3330 gaudens
2381 3274 2482 3330 ego
2509 3258 2694 3313 animo
2725 3257 3025 3328 gratiarum
3070 3257 3168 3311 tibi
3205 3272 3404 3314 munus
3427 3258 3690 3329 rependo.

2110 3349 2353 3422 Cognovi
2384 3350 2495 3403 vim
2541 3348 2739 3403 divinae
2773 3346 3102 3402 dilectionis.
3132 3345 3363 3417 Propter
3419 3363 3506 3404 me
3544 3352 3692 3406 enim

2112 3440 2257 3497 Deus
2286 3441 2399 3507 ille,
2431 3438 2692 3494 ineﬂ'abili
2726 3440 2937 3493 ratione
2969 3451 3034 3491 ac
3063 3437 3182 3492 sine
3227 3438 3581 3505 corruptione
3620 3454 3691 3494 ex

420 3538 705 3609 ἄνθρωπος
733 3540 974 3611 γέγονεν.
1005 3544 1214 3613 Ἐγνων
1250 3544 1351 3614 τῆς
1387 3544 1486 3614 σῆς
1520 3543 1648 3615 περὶ
1675 3542 1825 3613 ἡμᾶς
1858 3542 2005 3613 κηδε-

2114 3540 2168 3588 te
2197 3532 2433 3604 genitus,
2463 3532 2643 3586 iactus
2690 3536 2775 3586 est
2817 3529 3002 3583 homo.
3050 3528 3288 3598 Cognovi
3345 3534 3491 3582 tuam
3541 3528 3690 3584 illam

422 3630 614 3699 μονίας
661 3631 721 3685 τὺ
770 3631 1143 3705 ἀνὲκφραστον
1175 3634 1423 3705 μέγεθος,
1462 3634 1544 3687 ὅτι
1586 3631 1656 3686 τὰ
1687 3631 1757 3685 σά
1797 3631 2007 3700 σπλάγει

419 3738 520 3792 χνα
546 3722 932 3788 ἐξαπέστειλας
957 3727 1036 3788 εἰς
1053 3725 1303 3798 βοήθειαν
1332 3725 1508 3797 ἡμῶν.
1541 3726 1751 3795 Ἔγνων
1775 3724 1803 3777 ὃ
1831 3724 2004 3780 ἐδιδά-

422 3812 554 3883 χθην
582 3814 686 3867 ὑπὸ
711 3815 1083 3887 Σολομῶντος,
1111 3818 1391 3887 Κραταιὰ,
1422 3817 1690 3886 λέγοντος,
1711 3818 1792 3884 ὡς
1824 3815 2006 3871 θάνα-

420 3920 520 3971 ιός
556 3906 595 3974 ἡ
637 3906 857 3976 ἀγάπη.
905 3908 1002 3962 Διά
1046 3909 1248 3981 ταύτης
1294 3909 1404 3980 γὰρ
1452 3908 1868 3981 συντριϐήσεται
1911 3907 2005 3962 τοῦ

416 3994 649 4050 θανάτου
674 3998 736 4050 τὸ
758 3998 1000 4072 κέντρονο
1023 4001 1112 4056 διὰ
1138 4001 1342 4073 ταύτης
1362 4000 1544 4072 νεκροὶ
1574 3999 1719 4072 ζωὴν
1748 3999 1967 4069 ὄψονται
1985 4014 2001 4028 ο

417 4086 505 4141 διὰ
538 4088 743 4161 ταύτης
776 4089 1002 4156 θάνατος
1045 4092 1345 4165 μαθήσεται
1374 4092 1624 4159 θάνατον,
1652 4092 2003 4163 παυσάμενος

417 4179 515 4249 τῆς
535 4179 658 4233 καθ’
686 4182 718 4251 ὴ
727 4181 841 4252 μῶν
863 4184 1211 4255 ἐπικρατείας
1231 4203 1243 4214 ·
1270 4185 1358 4238 διὰ
1377 4184 1579 4257 ταύτης
1601 4185 1693 4239 καὶ
1718 4186 1746 4238 ὁ
1768 4183 2007 4256 ἀρχέκα-

417 4281 513 4332 κος
561 4268 684 4339 ὄφις
750 4274 1091 4345 αἰχμάλωτος
1149 4277 1435 4347 γενήσεται
1497 4276 1592 4330 καὶ
1650 4274 2000 4346 ὑποϐρύχιος.

429 4358 789 4429 Ἕγνώρισας
834 4365 996 4434 ἡμῖν,
1027 4369 1225 4435 Κύριε,
1259 4367 1327 4421 τὸ
1369 4367 1667 4436 σωτήριόν
1698 4383 1835 4430 σου,
1869 4368 2001 4422 ἀνα-

417 4451 621 4521 στήσας
648 4456 777 4530 ἡμῖν
803 4456 969 4522 φυτὸν
991 4457 1213 4530 εἰρήνης
1233 4476 1247 4489 ·
1275 4459 1369 4512 καὶ
1396 4459 1576 4512 οὐκέτι
1600 4459 1836 4529 ἐσόμεθα
1867 4458 2003 4512 πλαο

417 4539 666 4611 νὼμενοι.
708 4544 1037 4618 Ἐγνώρισας
1076 4550 1230 4619 ἡμῖν,
1258 4549 1453 4621 Κύριε,
1485 4551 1567 4603 ὅτι
1610 4550 1711 4603 οὐκ
1746 4550 1826 4612 εἰς
1853 4548 2002 4612 τέλος

415 4633 697 4704 ὑπερεῖδες
748 4638 874 4702 τοὺς
914 4640 1132 4705 δούλους
1188 4659 1302 4706 σου,
1338 4642 1528 4710 ἀγαθὲ,
1579 4642 1700 4696 οὐδὲ
1738 4640 2000 4695 ἐπελάθου

416 4721 552 4794 ἔργα
618 4728 815 4799 χειρῶν
864 4746 978 4785 σου.
1036 4733 1501 4805 Κατοικτειρήσας
1545 4734 1653 4805 γὰρ
1701 4732 1858 4805 ἡμῶν
1903 4732 2000 4804 τὴν

414 4816 772 4891 ἑλεεινότητα,
802 4821 1036 4890 δαψιλῶς
1068 4824 1288 4894 ἐξέχεας
1327 4826 1409 4894 ἐφ’
1430 4827 1577 4897 ἡμᾶς
1618 4824 1717 4896 τὴν
1762 4825 1999 4896 ἔμφυτον

418 4909 508 4961 καὶ
541 4909 936 4984 ἀνεξάντλητόν
976 4929 1070 4967 σου
1108 4915 1441 4987 ἀγαθότητα,
1498 4915 1587 4969 διὰ
1630 4914 1725 4968 τοῦ
1757 4916 1998 4981 Μονογε-

416 4999 540 5065 νοῦς
582 5002 677 5056 καὶ
718 5004 1137 5076 ἀπαραλλάκτου
1186 5006 1296 5077 (6|)
1337 5007 1433 5061 καὶ
1476 5007 1759 5079 ὁμοουσὶου
1801 5006 1998 5068 Παιδὸς

415 5107 509 5143 σου
536 5092 635 5164 τὴν
665 5094 930 5168 λύτρωσιν
961 5098 1115 5169 ἡμῶν
1149 5098 1532 5170 ποιησάμενος,
1568 5095 1781 5161 ἀνάξιον
1804 5100 1994 5170 κρίνας

2111 3622 2545 3694 inexplicabilem
2593 3620 2769 3677 nostri
2821 3633 3009 3675 curam
3065 3619 3437 3690 studiumque,
3471 3622 3564 3692 qui
3595 3628 3689 3675 tua

2108 3719 2225 3790 ipse
2258 3718 2469 3774 viscera
2497 3714 2748 3771 emiseris
2783 3714 2840 3768 in
2890 3719 3137 3768 nostrum
3195 3712 3476 3767 auxilium.
3530 3713 3689 3770 Nunc

2106 3809 2325 3864 demum
2358 3805 2601 3877 intelligo
2622 3804 2768 3875 quod
2790 3820 2820 3859 a
2843 3803 3135 3858 Salomone
3160 3803 3462 3859 didiceram
3495 3825 3507 3859 :
3545 3805 3688 3860 For-

2109 3901 2177 3955 tis
2204 3909 2263 3952 at
2306 3915 2447 3952 mors
2500 3898 2712 3953 dilectio
2740 3897 2809 3953 ⁸³.
2867 3895 2972 3951 Per
3021 3910 3140 3950 eam
3188 3896 3333 3950 enim
3372 3906 3689 3954 conteretur

2106 3991 2300 4048 mortis
2336 3990 2623 4054 stimulus,
2648 4003 2745 4059 per
2774 4002 2893 4045 eam
2938 3986 3142 4042 mortui
3175 3975 3438 4043 videbunt
3473 3989 3639 4044 vitam
3666 4029 3683 4055 ,

2104 4097 2202 4152 per
2233 4097 2355 4137 eam
2382 4096 2532 4137 mors
2550 4087 2782 4135 mortem
2814 4077 3144 4148 experietur,
3174 4075 3403 4147 imperio
3438 4079 3583 4150 quod
3628 4080 3687 4136 in

2108 4190 2209 4232 nos
2234 4173 2523 4230 exercebat
2554 4170 2791 4236 abolito;
2825 4185 2923 4240 per
2941 4185 3059 4226 eam
3087 4178 3142 4226 et
3161 4183 3389 4239 serpens
3412 4170 3684 4227 malorum

2107 4274 2301 4322 auctor
2333 4266 2582 4335 capietur
2626 4270 2681 4318 et
2712 4261 3112 4332 submergetur.
3138 4259 3340 4315 Notum
3367 4258 3542 4327 nobis,
3572 4261 3687 4316 Do-

2106 4361 2261 4424 mine,
2286 4357 2458 4428 fecisti
2487 4354 2735 4411 Salutare
2756 4363 2902 4407 tuum
2932 4354 2998 4419 “,
3022 4353 3180 4409 nobis
3209 4351 3556 4408 exsuscitans
3581 4368 3683 4423 pa-

2106 4454 2187 4508 cis
2212 4449 2585 4522 propaginem,
2616 4462 2718 4502 nec
2753 4446 2983 4517 amplius
3013 4445 3399 4501 erraverimus.
3450 4443 3635 4500 Palam
3661 4485 3678 4508 ,

2108 4540 2354 4605 Domine,
2385 4537 2592 4602 fecisti,
2640 4544 2700 4592 ut
2727 4551 2837 4591 non
2872 4536 2929 4590 in
2955 4534 3116 4591 ﬁnem
3147 4534 3464 4605 despexeris
3490 4549 3682 4591 servos

2105 4642 2263 4700 tuos;
2295 4647 2470 4703 neque
2495 4644 2660 4702 opera
2682 4644 2944 4684 manuum
2976 4637 3215 4693 tuarum,
3240 4641 3275 4681 o
3296 4626 3459 4692 bone,
3476 4626 3681 4683 oblitus

2104 4727 2202 4782 sis.
2233 4725 2524 4780 Miseratus
2556 4721 2700 4777 enim
2745 4720 3108 4777 miserabilem
3164 4726 3365 4777 sortem
3413 4725 3677 4783 nostram.

2105 4826 2392 4889 cognatam
2427 4815 2522 4870 tibi
2553 4814 3038 4883 inexhaustamque
3091 4811 3238 4866 illam
3272 4810 3566 4866 bonitatem
3620 4806 3679 4860 in

2104 4921 2207 4962 nos
2238 4902 2507 4969 ell'udisti;
2541 4902 2837 4973 redemptis
2887 4902 3045 4958 nobis
3073 4917 3172 4972 per
3200 4899 3567 4971 Unigenitum,
3594 4897 3679 4949 in-

2105 4993 2563 5054 commutabiliter
2585 4992 2819 5049 similem
2847 5000 2902 5049 et
2928 4991 3175 5063 ejusdem
3215 5000 3394 5047 tecum
3421 4988 3679 5045 substan-

2100 5089 2208 5154 tiae,
2245 5085 2474 5143 Filium:
2502 5091 2595 5139 tua
2626 5085 3118 5156 ipsiusmajestate
3166 5090 3221 5139 et
3252 5083 3495 5138 bonitate
3528 5077 3676 5133 indi-

484 5209 530 5240 "
568 5208 742 5291 Efod.
774 5230 885 5277 χιε,
930 5213 1018 5270 16.
1110 5214 1171 5291 _°°
1211 5213 1252 5269 ll
1290 5213 1413 5285 Reg.
1458 5231 1530 5277 vr,
1573 5216 1627 5269 6.
1706 5216 1746 5246 ⁶¹
1778 5213 1911 5268 Dan.
1956 5227 2005 5267 In

2117 5210 2169 5262 5.
2247 5205 2291 5235 ⁸³
2325 5203 2453 5258 Luc.
2497 5219 2557 5267 It,
2588 5201 2783 5257 29-52.
2861 5202 2907 5234 ⁸³
2947 5200 3103 5256 Cant.
3147 5215 3264 5264 vm,
3306 5199 3360 5255 6.
3437 5198 3482 5230 “
3520 5196 3670 5253 Psal.

412 5293 579 5343 xcvu,
616 5280 670 5337 2.

510 5398 596 5471 59)
629 5401 1008 5471 Χαιρόμενον.
1030 5398 1235 5471 forte,
1270 5399 1546 5470 χαίροντα.

511 5464 598 5539 60)
635 5464 844 5540 mas
869 5469 997 5540 γάρ.
1030 5468 1224 5531 Habet,
1266 5464 1344 5523 sic
1370 5464 1635 5539 proprius
1664 5466 1855 5540 lactus
1896 5464 1985 5540 Je-

415 5535 534 5609 sus,
582 5535 791 5609 aliquid
838 5535 1046 5596 sanctis
1096 5541 1340 5595 suavius.
1385 5535 1498 5592 ’δήθ’
1529 5538 1734 5609 passim
1788 5535 1981 5609 David,

415 5606 638 5674 Paulus,
672 5606 776 5665 etc.
826 5609 995 5664 Deum
1039 5611 1189 5665 velut
1236 5610 1338 5665 sibi
1383 5606 1620 5677 rapiunt.
1670 5607 1983 5677 Theologus

413 5678 576 5733 etiam
607 5687 745 5734 orat.
770 5680 824 5732 in
856 5688 1042 5733 sancta
1071 5678 1317 5739 Lumina.
1348 5678 1509 5732 πάλιν
1533 5680 1562 5731 ό
1590 5678 1720 5749 ὲμὸς
1755 5676 1981 5749 Ἰησοῦς2

416 5764 522 5821 qua
569 5749 637 5821 de
687 5765 756 5821 re
790 5750 1093 5821 luculenter
1125 5749 1554 5821 Cbrysostom‘us
1601 5745 1888 5821 iugcapIu
1915 5745 1985 5799 ad

418 5814 551 5874 Gal.
588 5819 708 5875 Non
746 5819 930 5891 itaque
973 5818 1131 5878 facile
1161 5814 1325 5876 fuerit
1357 5819 1412 5875 in
1445 5817 1736 5891 ejusmodi,
1766 5814 1986 5873 mutan-

2090 5395 2218 5449 dum
2249 5394 2526 5465 singulare
2557 5392 2612 5447 in
2635 5391 2861 5461 plurale.
2892 5388 3155 5445 Pantinus
3183 5389 3296 5454 hic,
3325 5396 3509 5442 nostra
3531 5390 3670 5440 enim

2090 5481 2274 5519 causa.
3568 5514 3571 5517 λ

2162 5534 2276 5605 (61)
2325 5532 2845 5605 Ἀπαραλλάκτου.
2876 5529 3037 5605 velut
3065 5545 3162 5605 per
3188 5528 3663 5605 omniasimilf'm,

2090 5613 2145 5661 et
2167 5596 2397 5674 qualem
2446 5596 2681 5674 sequens
2716 5601 2881 5674 illud,
2911 5596 3219 5671 ὀμοοιῐσίου,
3257 5598 3510 5669 explicat.
3551 5596 3662 5674 v9:

2093 5669 2717 5745 theologica‘Gregorio,
2744 5669 3270 5745 Da_masceno._e_tc.,
3301 5682 3561 5745 perquam
3593 5669 3667 5745 la-

2092 5735 2343 5799 niiliaris.
2390 5735 2678 5804 Pautiiius.
2706 5735 2887 5803 male,
2935 5739 3277 5801 immobilem,
3306 5735 3432 5794 'nisi
3461 5735 3662 5795 erravl'

2092 5817 2324 5889 prelum,
2354 5821 2408 5870 et
2434 5824 2623 5870 notare
2657 5812 2827 5867 voluit
2861 5810 3351 5867 incommutabilem.
