4110 6432
436 378 544 443 567

1368 378 1424 436 S.
1470 374 1804 437 METHODII
1844 379 2155 438 EPISCOPI
2196 382 2286 438 ET
2328 382 2689 440 MARTYRlS

3596 390 3701 447 368

437 519 602 575 gnum
639 510 806 565 ratus,
843 508 899 554 ut
925 500 1071 554 illam
1106 513 1385 554 servorum
1415 506 1632 555 tuorum
1667 503 1896 557 salutem
1922 503 2006 558 be-

2114 504 2211 575 τῆς
2258 506 2356 572 σῆς
2406 505 2776 577 μεγαλοσύνης
2815 506 2909 560 καὶ
2948 502 3333 578 χρηστότητος,
3378 508 3565 583 οἰκέτῃ
3603 511 3702 582 τὴν

437 598 828 664 nellciumque,
881 592 1068 647 eadem
1111 592 1425 647 conditione
1460 609 1618 648 servo
1646 595 2009 661 concederes;

435 680 595 744 utve'
622 703 717 743 eos
759 684 854 756 qui
882 683 1257 747 offendissent,
1293 685 1544 739 ministro
1579 685 2013 741 reconciliandos

434 780 823 835 committeres.
861 776 1173 839 Enimvero,
1199 792 1294 847 per
1322 775 1527 833 Lumen
1583 777 1714 831 illud
1766 778 2013 847 ejusdem

435 879 615 926 tecum
644 870 983 936 substantiae,
1017 869 1199 923 lumen
1238 868 1453 923 donasti
1487 868 1551 922 iis
1580 869 1670 938 qui
1699 867 1751 920 in
1789 867 2012 923 tenebris

431 972 484 1018 et
512 964 569 1016 in
609 962 795 1016 umbra
849 963 1033 1014 mortis
1062 959 1309 1015 sedebant
1344 960 1420 1026 ‘3;
1475 968 1529 1012 ut
1571 960 1624 1013 in
1657 960 1851 1013 lumine
1894 970 2010 1023 tuo,

432 1053 670 1109 scientiae
700 1052 873 1105 lumen
897 1050 1104 1105 uideant
1128 1050 1210 1103 “:
1244 1049 1574 1119 placuitque,
1607 1056 1668 1103 ut
1714 1064 1809 1118 per
1832 1047 2014 1102 Domi-

433 1160 567 1202 num
601 1152 653 1201 et
696 1153 998 1199 creatorem
1030 1142 1359 1217 reformares
1393 1156 1494 1195 nos
1549 1141 1603 1195 in
1637 1140 2013 1195 immortalita-

432 1244 579 1305 tem;
630 1238 898 1307 nobisque
926 1252 1023 1306 per
1054 1237 1230 1305 ipsum
1264 1234 1358 1304 qui
1409 1233 1666 1304 paradiso
1690 1235 2010 1290 deliciarum

433 1330 908 1389 exterminaverat,
940 1327 1174 1383 reditum
1220 1324 1532 1395 elargireris
1575 1325 1629 1379 in
1673 1325 2007 1396 paradisum.

432 1423 514 1476 Ad
550 1422 685 1483 haec,
719 1436 815 1491 per
855 1432 978 1475 eum
1031 1419 1121 1488 qui
1162 1417 1317 1472 habet
1357 1426 1665 1486 potestatem
1713 1416 2013 1471 dimittendi

429 1522 647 1586 peccata
676 1513 718 1544 ω
764 1510 902 1583 quod
948 1519 1067 1566 erat
1107 1509 1355 1565 adversus
1401 1526 1497 1564 nos
1533 1508 1716 1563 delesti
1740 1509 2013 1579 chirogra-

429 1606 591 1678 phum
621 1606 684 1659 “.
722 1604 965 1674 Denique
993 1619 1091 1675 per
1120 1618 1241 1659 eum
1272 1603 1364 1673 qui
1388 1602 1579 1657 eodem
1603 1609 1784 1655 tecum
1812 1600 2012 1654 throno

428 1697 682 1755 sublimis
712 1695 886 1762 sedet,
916 1695 1117 1766 quique
1148 1709 1178 1748 a
1219 1693 1405 1748 divina
1456 1699 1552 1747 tua
1605 1701 1803 1746 natura
1837 1692 2013 1746 haud-

430 1804 702 1861 quaquam
729 1788 991 1845 excedere
1012 1795 1213 1860 potest,
1246 1786 1455 1840 ﬁrmam
1486 1785 1644 1841 nobis
1690 1784 2012 1840 reconcilia-

2116 596 2223 650 τῶν
2260 597 2367 650 σῶν
2394 597 2617 651 οἰκετῶν
2649 597 3076 651 κατα-πιστεῦσαι
3119 600 3390 671 σωτηρίαν
3419 601 3512 655 καὶ
3544 604 3693 675 εὐερ-

2115 690 2325 759 γεσίαν,
2363 691 2395 762 ἢ
2439 689 2735 761 λειτουργῷ
2790 690 3105 760 ἐγχειρῆσαι
3148 689 3247 761 τὴν
3308 690 3417 745 τῶν
3465 710 3700 764 προσκε-

2114 783 2426 855 κρουκότων
2483 785 2847 856 καταλλαγήν.
2902 784 3063 839 Ἀλλά
3121 784 3209 839 διὰ
3266 783 3360 837 τοῦ
3414 786 3699 855 ὁμοουσίου

2111 875 2296 939 Φωτὸς
2321 875 2437 945 φῶς
2466 875 2591 943 τοῖς
2622 876 2692 931 ἐν
2715 879 2919 931 σκότει
2948 877 3044 931 καί
3073 876 3215 946 σκιᾷ
3241 874 3500 933 θανάτου
3520 880 3701 944 studiq-

2108 966 2316 1038 μένοις
2348 967 2629 1039 ἐδωρήσω,
2674 969 2776 1023 ἵνα
2824 970 2895 1023 ἐν
2926 969 3005 1035 τῷ
3047 969 3137 1036 σῷ
3176 970 3321 1039 φωτὶ
3366 968 3537 1024 ἴδωσι
3575 967 3702 1040 φῶς

2112 1056 2389 1127 γνώσεως
2408 1075 2421 1088 ’
2457 1060 2551 1111 καὶ
2584 1058 2672 1113 διὰ
2710 1058 2802 1113 τοῦ
2833 1059 3090 1113 δεσπότου
3125 1061 3217 1114 καὶ
3244 1059 3575 1132 δημιουργοῦ
3604 1061 3697 1115 εὖ·

2113 1150 2347 1221 δόκησας
2375 1151 2684 1205 ἀναπλάσαι
2710 1152 2856 1223 ἡμᾶς
2883 1153 2962 1216 είς
2994 1151 3322 1223 ἀφθαρσίαν,
3352 1151 3448 1206 καὶ
3478 1151 3569 1205 διά
3604 1152 3698 1205 τοῦ

2113 1240 2474 1312 ἀφορίσαντος
2504 1242 2568 1294 ὲκ
2593 1241 2920 1313 παραδείσου
2949 1243 3159 1313 τρυφῆς
3181 1241 3281 1313 τὴν
3324 1244 3402 1304 είς
3435 1241 3699 1313 παράδει-

2114 1349 2205 1387 σον
2230 1328 2385 1396 αῦθις
2410 1332 2763 1397 ὲπανάζευξιν
2789 1332 3026 1406 ἐχαρίσω
3046 1347 3062 1363 ⁸
3089 1334 3183 1388 καὶ
3204 1332 3292 1387 διά
3315 1332 3424 1386 τοῦ
3448 1335 3699 1403 ἔχοντος

2111 1424 2403 1489 ἐξουσίαν
2442 1424 2676 1494 ἀφιέναι
2713 1425 3002 1495 ἁμαρτίας
3039 1424 3105 1479 τὸ
3147 1427 3275 1479 καθ’
3302 1424 3471 1495 ἡμῶν
3506 1425 3699 1494 χειρό-

2112 1532 2341 1584 magar
2370 1513 2728 1583 ἐξήλειψας·
2764 1514 2859 1568 καὶ
2886 1514 2974 1568 διὰ
2999 1513 3094 1568 τοῦ
3134 1514 3422 1588 συνθρόνου
3465 1513 3561 1567 καὶ
3598 1513 3698 1569 ἀν-

2113 1607 2432 1678 εκφοιτήτου
2478 1606 2576 1676 τῆς
2613 1606 2762 1669 θείας
2808 1623 2899 1659 σου
2946 1606 3159 1675 φύσεως
3196 1604 3293 1678 τὴν
3333 1605 3470 1677 πρὸς
3504 1604 3564 1658 σὲ
3585 1625 3705 1663 κατ-

2116 1698 2351 1770 αλλαγήν
2434 1697 2531 1751 καὶ
2576 1698 2942 1772 προσαγωγὴν
2990 1699 3049 1752 ὲν
3094 1697 3413 1769 πεποιθήσει
3463 1696 3697 1766 ἐφιλοτι-

2114 1790 2303 1860 μήσω⁸
2354 1791 2503 1853 ὅπως
2553 1790 2640 1844 διὰ
2692 1790 2951 1845 δεσπότου
2999 1789 3375 1855 ὰϐασιλεύτου,
3415 1789 3509 1843 καὶ
3558 1786 3695 1843 Θεοῦ

430 1883 598 1937 tionis
630 1895 993 1951 accessusque
1022 1881 1239 1935 donasti
1276 1878 1559 1945 ﬁduciam;
1616 1887 1674 1934 ut
1703 1895 1802 1949 per
1825 1878 2006 1934 Domi-

2111 1879 2364 1952 ἀληθινοῦ
2393 1883 2489 1935 καὶ
2516 1881 2885 1948 ὲξουσιαστοῦ,
2916 1885 2943 1937 ὁ
2986 1883 3094 1936 τῶν
3121 1881 3389 1936 τοσούτων
3421 1883 3517 1935 καὶ
3548 1880 3697 1952 τηλι-

429 1989 602 2038 num,
659 1974 864 2029 nullius
918 1981 1300 2044 agnoscentem
1350 1970 1678 2041 imperium,
1731 1970 2009 2040 Deumque

426 2084 616 2124 verum
648 2083 712 2124 ac
732 2075 1038 2138 potentem;
1070 2073 1149 2122 tot
1178 2073 1566 2134 tantorumque
1595 2065 1864 2120 bonorum
1896 2068 2007 2119 vels

428 2166 486 2216 ut
534 2160 843 2229 subscripta
883 2157 1116 2223 sanctio,
1148 2166 1297 2212 certa
1318 2165 1372 2212 et
1397 2156 1698 2212 indubitata
1721 2157 1868 2227 jura,
1897 2156 2006 2210 mi-

428 2252 784 2308 sericordiam
840 2250 1154 2307 consecutis
1198 2249 1518 2306 constituat.
1556 2248 1712 2316 Quod
1744 2259 1799 2304 et
1826 2249 2004 2319 ipsum

426 2346 556 2401 olim
602 2344 1058 2414 praenuntiaverat
1100 2343 1363 2413 propheta
1403 2342 1596 2398 dicens
1639 2361 1652 2396 :
1707 2340 1830 2395 Non
1864 2341 2007 2411 lega-

430 2443 514 2488 tus
540 2473 554 2497 ,
592 2449 698 2487 non
728 2431 979 2503 angelus;
1011 2431 1100 2487 sed
1158 2430 1267 2501 ipse
1297 2430 1557 2485 Dominus
1601 2431 1827 2485 saluauit
1875 2448 1962 2487 eos
1986 2448 2005 2486 :

426 2538 699 2596 propterea
735 2524 874 2596 quod
901 2535 1103 2580 amaret
1133 2541 1242 2589 eos,
1266 2533 1313 2579 et
1347 2532 1585 2592 parceret
1622 2524 1751 2592 ipsis
1776 2533 1856 2578 :et
1882 2541 2002 2579 sus-

429 2620 562 2685 cepit
610 2629 659 2672 et
687 2617 943 2672 exaltabit
973 2633 1060 2672 eos
1094 2617 1158 2671 θ’.
1200 2614 1378 2684 Atque
1418 2614 1531 2669 haec
1553 2615 1759 2679 omnia,
1790 2631 1894 2668 non
1940 2630 2006 2669 ea:

428 2708 669 2779 operibus
705 2725 822 2779 quae
866 2709 1144 2779 fecerimus
1202 2708 1307 2777 ipsi
1355 2707 1410 2761 in
1462 2707 1703 2771 iustitia;
1751 2713 1844 2761 aut
1876 2708 2006 2777 quia

427 2813 480 2858 te
505 2801 861 2858 dilexerimus
885 2803 931 2833 ⁷ο
960 2800 1194 2871 (primus
1229 2798 1377 2853 enim
1415 2797 1505 2852 ille
1558 2813 1759 2868 parens
1817 2804 2006 2854 uoster

428 2895 735 2968 terrigena,
792 2909 916 2948 cum
967 2890 1210 2965 paradisi
1236 2888 1462 2945 delicias
1514 2889 2001 2961 domiciliumque,

429 2988 656 3044 honoris
700 2987 1058 3057 praerogativa
1093 2990 1446 3045 consecutus,
1472 2989 1627 3036 tuum
1687 2982 1818 3037 illud
1863 2983 2004 3039 divi-

2110 1971 2319 2026 κούτων
2361 1973 2580 2041 ἀγαθῶν
2625 1974 2820 2043 δεσμὸς
2864 1976 3312 2046 ὑπογραφόμενος
3354 1973 3696 2045 ἁναμφίὸολα

2107 2065 2218 2127 τοῖς
2256 2064 2594 2134 ὲλεουμένοις
2636 2067 2954 2140 καταστήσῃ
2999 2068 3099 2138 τῆς
3133 2067 3352 2138 χάριτος
3390 2065 3458 2120 τά
3493 2066 3692 2120 δίκαια.

2108 2158 2244 2228 Περὶ
2275 2158 2395 2211 ὅτου
2447 2157 2542 2212 καὶ
2586 2160 2615 2211 ὁ
2669 2158 2954 2231 προφήτης
2996 2161 3341 2231 προεμήνυσε
3381 2159 3585 2228 λέγων·
3611 2160 3696 2213 Οὐ

2108 2252 2393 2318 πρέσϐυς,
2427 2255 2538 2306 οὐκ
2561 2252 2835 2322 ἄγγελος,
2863 2253 3002 2307 ἀλλ’
3033 2253 3215 2319 αὐτὸς
3243 2256 3275 2308 d
3311 2254 3527 2321 Κύριος
3548 2254 3696 2307 ἐσω-

2108 2361 2221 2399 σεν
2259 2345 2500 2412 αὐτοὺς,
2535 2345 2692 2413 παρὰ
2740 2344 2806 2398 τὸ
2850 2344 3091 2413 ἀγαπᾷν
3120 2345 3364 2411 αὐτοὺς,
3417 2344 3517 2399 καὶ
3569 2345 3695 2413 φεί-

2108 2435 2315 2491 δεσθαι
2352 2434 2568 2499 αὐτῶν,
2605 2434 2703 2489 καὶ
2731 2435 3006 2500 ἀνέλαϐε,
3040 2436 3136 2490 καί
3174 2437 3423 2507 ὕψωσεν
3449 2438 3693 2502 αὐτούς.

2107 2528 2217 2581 Καὶ
2244 2526 2418 2580 ταῦτα
2451 2527 2627 2579 πάντα
2668 2529 2780 2580 οὐκ
2808 2526 2877 2591 ἐξ
2921 2527 3109 2596 ἔργων
3152 2526 3320 2597 ἡμῶν
3346 2526 3463 2581 τῶν
3500 2528 3572 2581 ἐν
3608 2527 3695 2583 δι-

2106 2620 2423 2687 καιοσύνῃ,
2447 2619 2557 2673 οὐδ’
2581 2620 2662 2672 ὅτι
2687 2619 2847 2689 ἡμεῖς
2882 2635 2939 2671 σε
2976 2621 3343 2691 ἠγαπήσαμεν
3377 2620 3426 2690 (ὁ
3456 2620 3697 2692 γάρ.γη-

2105 2712 2268 2782 γενὴς
2301 2710 2456 2781 ἡμῶν
2490 2710 2791 2782 προπάτωρ
2833 2710 2926 2762 καὶ
2969 2709 3071 2780 τὴν
3111 2712 3170 2763 ὲν
3218 2709 3530 2781 παραδείσῳ
3563 2726 3699 2782 τρυ-

2107 2802 2213 2872 φὴν
2242 2802 2335 2854 καὶ
2368 2800 2644 2871 διαγωγὴν
2681 2798 2949 2870 τιμηθεὶς,
2972 2799 3069 2869 τὴν
3103 2799 3252 2853 θείαν
3290 2799 3385 2852 καὶ
3428 2798 3694 2870 σωτήριόν

2106 2910 2199 2947 σου
2230 2891 2568 2962 ἐκφαυλίσας
2603 2891 2843 2961 ἐντολὴν,
2889 2891 3219 2961 ἀποδόκιμος
3265 2888 3481 2961 ζωηροῦ
3514 2888 3695 2961 χώρου

2103 2983 2320 3056 ἐκρίθη,
2355 2985 2451 3038 καὶ
2490 2982 2552 3036 τὸ
2590 2984 2699 3037 πᾶν
2726 2982 2891 3038 αὐτοῦ
2928 2982 3149 3054 σπέρμα
3179 2981 3526 3036 ἀκιδνότατον
3561 2997 3697 3034 κατ-

428 3094 559 3134 num
588 3078 881 3149 sprevisset
923 3093 987 3133 ac
1034 3077 1289 3137 salutare,
1328 3082 1653 3145 praeceptum
1680 3113 1695 3138 ,
1744 3073 2003 3161 indignus

2107 3073 2319 3146 ἔστησε,
2356 3076 2469 3139 τοῖς
2509 3075 2683 3139 νόθοις
2728 3073 3068 3147 μοσχεύμασι
3110 3074 3208 3145 τῆς
3256 3072 3528 3145 ἁμαρτίας
3554 3089 3695 3143 συμ-

428 3173 576 3229 vitali
604 3173 698 3227 illo
727 3172 847 3227 loco
868 3171 1149 3241 judicatus
1176 3177 1261 3225 est
1285 3186 1299 3236 ;
1336 3182 1603 3237 suumque
1627 3182 1792 3222 omne
1815 3182 2002 3223 semen

2107 3169 2398 3239 φυράσας),
2442 3167 2578 3222 ἀλλὰ
2622 3167 2689 3221 δι’
2714 3168 2903 3222 ἑαυτὸν
2944 3169 3040 3222 καὶ
3078 3166 3177 3238 τὴν
3210 3166 3339 3237 περὶ⁵
3375 3165 3437 3220 τὸ
3468 3164 3694 3237 πλάσμα

429 3265 633 3336 spuriis
666 3264 871 3335 peccati
899 3262 1207 3319 stolonibus
1227 3259 1610 3320 commiscens.
1642 3259 1698 3313 in
1728 3272 1995 3313 summam

2107 3282 2195 3320 σου
2220 3265 2428 3334 ἄφατον
2457 3263 2700 3336 ἀγάπην,
2732 3262 3108 3336 ὲκραταίωσας
3138 3262 3224 3332 ἐφ’
3252 3265 3402 3335 ήμᾶς
3437 3262 3499 3316 τὸ
3543 3261 3692 3325 ἔλεός

430 3358 763 3414 debilitatem
822 3355 1045 3426 adegit),
1079 3354 1176 3410 sed
1208 3353 1323 3425 ipse
1354 3360 1575 3423 propter
1608 3350 1955 3421 temetipsum
1983 3388 1998 3413 ,

429 3449 888 3520 inenarrabilique
916 3448 1011 3502 illa
1053 3455 1146 3501 tua
1178 3460 1308 3517 erga
1346 3445 1659 3515 ﬁgmentum
1689 3442 1997 3507 dilectione,

425 3541 854 3599 misericordiam
891 3540 947 3595 in
976 3554 1079 3594 nos
1124 3550 1292 3601 tuam,
1321 3536 1567 3601 Domine,
1599 3534 2000 3601 corroborasti;

428 3643 779 3703 nostramque
843 3630 941 3685 abs
989 3638 1042 3684 te
1099 3628 1496 3699 separationem
1548 3626 1776 3690 dolens,
1837 3625 2001 3681 etiam

427 3725 547 3795 ipse
572 3733 646 3785 te.
677 3737 844 3793 super
870 3732 1056 3776 nostra
1080 3718 1451 3790 corruptione,
1485 3727 1544 3773 ut
1566 3716 1722 3772 dares
1752 3717 1808 3770 in
1842 3716 2001 3771 mise-

426 3815 688 3873 ricordias
720 3815 790 3877 ",
812 3813 1040 3885 placain
1070 3819 1125 3867 et
1152 3809 1426 3867 inﬁexisti.
1454 3808 1594 3865 Hinc
1620 3824 1722 3865 nos
1744 3808 2004 3878 deinceps

427 3910 556 3964 Adae
581 3906 796 3961 soboles
830 3903 967 3959 festa
998 3903 1195 3974 plausu
1230 3901 1464 3974 agimus,
1490 3901 1636 3973 quod
1673 3900 1884 3971 primus
1914 3901 2004 3954 ille

428 4002 558 4056 Adae
587 4000 761 4064 ﬁctor,
806 4013 905 4054 sua
959 3996 1076 4067 ipse
1109 4002 1322 4067 sponte,
1351 4010 1529 4051 novus
1578 3994 1750 4049 Adam
1780 3991 2004 4048 eﬁ‘ectus

429 4095 501 4150 sit
534 4113 547 4149 :
581 4092 947 4164 splendorque
977 4087 1188 4142 Domini
1215 4086 1311 4143 Dei
1339 4087 1515 4142 nostri
1560 4084 1849 4141 nobiscum
1879 4097 2003 4138 ver-

428 4194 582 4242 satus
611 4185 812 4250 est’”;
841 4190 898 4236 ut
928 4178 1095 4236 Deum
1119 4179 1259 4236 facie
1284 4179 1350 4235 ad
1375 4179 1568 4235 faciem
1597 4177 1918 4239 viderimus,
1948 4180 2003 4230 et

427 4279 564 4336 salvi
616 4277 741 4333 facti
805 4276 999 4330 simus.
1054 4272 1451 4339 Quamobrem,
1501 4269 1885 4336 Domine,ate
1916 4267 2002 4323 di-

428 4371 568 4427 mitti
585 4366 919 4441 qumroNidi
939 4366 1193 4421 Salutare
1220 4374 1376 4419 tuum
1406 4382 1420 4418 :
1447 4363 1701 4419 absolvar
1728 4375 1857 4432 ergo
1884 4374 2004 4415 cur-

2107 3371 2221 3418 σου,
2252 3354 2446 3426 Κύριε,
2477 3353 2925 3426 κατῳκτείρησάς
2956 3371 3016 3407 τε
3056 3355 3158 3425 τὴν
3174 3354 3477 3424 ἀπαγωγὴν
3505 3355 3538 3423 ἡ
3548 3353 3686 3424 μῶν,

2103 3446 2196 3499 καὶ
2216 3444 2406 3499 ἑαυτὸν
2432 3443 2785 3515 ὲδυσώπησας
2817 3444 2912 3497 ἐπὶ
2939 3446 3006 3515 τῇ
3035 3443 3355 3515 καταφθορᾷ
3375 3443 3528 3514 ἡμῶν
3554 3441 3690 3514 (62),

2103 3536 2210 3590 τοῦ
2230 3534 2440 3590 δοῦναι
2457 3533 2617 3604 ἡμᾶς
2630 3538 2718 3601 εὶς
2737 3536 3127 3605 οὶκτειρμούς.
3159 3534 3320 3588 Ὅθεν
3350 3533 3533 3606 ἑορταὶ
3561 3535 3691 3605 ἡμῖν

2104 3629 2287 3685 λοιπὸν
2333 3627 2794 3701 συγκεκρότηνται
2839 3630 2951 3692 τοῖς
2994 3626 3347 3699 Ἀδαμιαίοις,
3392 3626 3477 3679 ὅτι
3498 3627 3527 3679 ὁ
3551 3625 3691 3679 πλα-

2087 3720 2366 3792 ,στουργὸς
2414 3719 2508 3774 τοῦ
2542 3719 2712 3791 ’Δδάμ
2750 3720 2928 3773 ἑκοντὶ
2968 3720 3088 3783 νέος
3123 3718 3246 3772 mea
3254 3738 3292 3790 μ
3340 3718 3530 3788 γέγονε
3546 3735 3559 3747 ·
3597 3717 3693 3772 καὶ

2104 3808 2137 3878 ἡ
2164 3806 2481 3878 λαμπρότης
2508 3806 2712 3877 Κυρίου
2744 3806 2838 3860 τοῦ
2868 3807 3002 3862 Θεοῦ
3025 3807 3184 3880 ήμῶν
3214 3807 3333 3879 μεθ’
3365 3806 3525 3879 ἡμῶν
3562 3823 3694 3861 κατ-

2102 3899 2337 3968 εγένετο,
2353 3898 2493 3952 ὥστε
2512 3900 2637 3954 ἰδεῖν
2649 3900 2781 3954 Θεὸν
2798 3900 3085 3971 πρόσωπον
3100 3899 3235 3969 πρὸς
3252 3900 3538 3971 πρόσωπον
3556 3899 3690 3971 (65),

2102 3991 2197 4042 καὶ
2244 3990 2500 4061 σωθῆναι.
2548 3990 2820 4055 Τοῦνεκα,
2858 3984 2904 4044 ὦ
2941 3989 3210 4055 Δέσποτα,
3256 3990 3356 4062 τὴν
3400 3988 3550 4062 παρὰ
3595 3989 3693 4046 σοῦ

2103 4081 2363 4137 ἀπόλυσιν
2392 4083 2652 4155 ἐπιζητῶ.
2684 4078 2836 4137 Εἶδον
2868 4083 2928 4137 τὸ
2959 4083 3225 4155 σωτήριόν
3270 4101 3363 4137 σου
3385 4101 3399 4115 ·
3438 4084 3693 4139 ἀπολυθῶ

2103 4174 2195 4227 τοῦ
2248 4174 2720 4247 γραμματοκύφου
2775 4175 2962 4246 ζυγοῦ.
3028 4171 3181 4231 Εἶδον
3238 4176 3460 4246 βασιλέα
3521 4177 3692 4232 ἀΐδιον

2103 4267 2198 4320 καὶ
2229 4266 2533 4337 ἀδιάδοχον·
2584 4266 2840 4321 ἀπολυθῶ
2895 4268 2990 4322 τοῦ
3037 4268 3283 4322 δουλικοῦ
3322 4269 3416 4323 καὶ
3462 4269 3693 4340 ἀχθοφό-

2106 4374 2199 4429 ρου
2242 4356 2445 4410 κλοιοῦ.
2476 4352 2630 4412 Εἶδον
2661 4359 2819 4427 φύσει
2854 4358 3129 4433 Δεσπότην
3159 4361 3253 4414 καὶ
3289 4359 3687 4433 ὲλευθερωτήν·

427 4480 496 4518 vo
523 4464 718 4518 litterae
760 4461 911 4532 jugo.
946 4457 1071 4514 Vidi
1123 4458 1325 4529 Regem
1374 4456 1790 4525 sempiternum,
1826 4461 1880 4509 et
1911 4452 2000 4507 cui

2107 4450 2321 4522 τύχοιμι
2347 4449 2440 4504 τοῦ
2477 4450 2819 4524 ὲλευθερικοῦ
2851 4451 3017 4506 αὐτοῦ
3053 4452 3273 4525 δεσμοῦ.
3300 4452 3474 4507 Λῦσόν
3498 4470 3565 4523 με
3597 4453 3690 4507 τοῦ

427 4554 569 4608 alius
612 4567 720 4605 non
774 4550 1072 4606 succedat:
1111 4548 1362 4604 absolvar
1385 4546 1569 4603 servili
1595 4544 1787 4601 collari
1818 4543 1920 4598 hoc
1946 4550 2000 4598 et

2107 4540 2269 4610 ζυγοῦ
2305 4540 2403 4612 τῆς
2435 4540 2834 4613 κατακρίσεως,
2859 4544 2954 4596 καὶ
2986 4541 3281 4610 ὑπόζευξον
3312 4542 3391 4615 τῷ
3420 4544 3567 4615 ζυγῷ
3588 4544 3691 4614 τῆς

427 4646 754 4719 ponderoso.
802 4644 925 4698 Vidi
956 4650 1153 4698 natura
1179 4641 1470 4696 Dominum
1512 4647 1568 4696 et
1620 4639 2001 4701 liberatorem;

2107 4632 2460 4698 δικαιώσεως.
2494 4632 2669 4688 Λῦσόν
2688 4652 2754 4707 με
2774 4633 2867 4688 τοῦ
2890 4634 3053 4703 ζυγοῦ
3069 4636 3165 4707 τῆς
3184 4637 3322 4707 ἀρᾶς
3339 4637 3432 4689 καὶ
3451 4636 3543 4690 τοῦ
3564 4638 3695 4690 ἀπο-

425 4753 728 4810 consequar
754 4753 885 4808 ergo
907 4735 1254 4792 liberationis
1288 4747 1422 4788 meae
1443 4732 1514 4786 ab
1546 4731 1665 4802 ipso
1701 4728 2000 4784 decretum.

2112 4728 2414 4791 κτείνοντος
2439 4726 2762 4801 γράμματος
2778 4746 2792 4760 ·
2821 4728 2916 4782 καὶ
2936 4728 3137 4802 ἔνειρον
3152 4729 3231 4800 τῷ
3251 4729 3468 4802 ἀριθμῷ
3483 4729 3582 4801 τῆς
3597 4730 3690 4785 εὑ-

428 4831 591 4887 Solve
634 4838 720 4886 me
743 4872 758 4896 ,
811 4830 1075 4895 Domine,
1125 4827 1259 4899 jugo
1287 4822 1794 4890 condemnationis;
1829 4831 1884 4875 et
1913 4834 2000 4875 me

2107 4818 2290 4888 λογίας
2308 4817 2417 4870 τῶν
2443 4821 2523 4882 είς
2548 4818 2817 4872 υἱοθεσίαν
2842 4820 3264 4891 εἰσποιουμένων
3289 4824 3355 4893 τῇ
3385 4823 3567 4893 χάριτι
3594 4819 3690 4877 τοῦ

428 4922 601 4981 subde
628 4924 761 4994 jugo
813 4904 1244 4993 justiﬂcationis.
1281 4916 1441 4973 Solve
1468 4930 1556 4971 me
1595 4915 1731 4986 jugo
1780 4912 2000 4968 maledi-

2107 4909 2358 4983 ἀληθινοῦ
2375 4910 2468 4964 καὶ
2486 4908 2739 4981 ὀμοδόξου
2757 4910 3401 4983 καὶὸμοδυνάμουτούτου
3423 4912 3553 4967 Υἰοῦ
3572 4930 3690 4972 σου.

346 5000 357 5017 ί
425 5020 625 5077 ctionis
669 5035 732 5074 ac
780 5017 1079 5074 occidentis
1109 5016 1301 5069 litteras
1331 5015 1413 5080 7’;
1453 5027 1752 5083 eorumque
1771 5006 2136 5065 benedictioni
2159 5006 2338 5061 insere
2374 5020 2731 5076 accenseque,
2758 5006 2852 5077 qui
2890 5006 2970 5062 tui
3000 5006 3164 5077 hujus
3196 5007 3310 5063 veri
3333 5007 3689 5078 ejusdemque

422 5111 603 5167 ticum
636 5111 820 5182 gloriae
847 5121 901 5165 et
925 5100 1332 5181 potentiae'Filii
1360 5106 1557 5177 gratia,
1584 5105 1637 5159 in
1659 5105 1751 5175 jus
1777 5103 2011 5158 ﬁliorum
2033 5109 2160 5157 sunt
2189 5100 2437 5170 ascripti.

497 5202 588 5259 IX.
632 5202 754 5258 Sint
785 5218 950 5275 porro
979 5203 1113 5264 haec,
1148 5201 1362 5271 inquit,
1418 5199 1762 5255 celebrandis
1800 5196 1998 5253 divinis

2177 5193 2253 5247 8'.
2291 5194 2573 5248 Ἔστωσαν
2603 5193 2658 5247 δέ
2692 5212 2803 5265 μοι,
2837 5194 3001 5266 φησὶ,
3032 5194 3101 5249 τὰ
3147 5193 3266 5248 θεῖα
3298 5194 3695 5269 εὐχαριστήρισ.

427 5295 767 5353 muneribus.
801 5293 1124 5348 brevissime
1147 5292 1410 5346 hactenus
1437 5296 1881 5345 commemorata.
1917 5284 2000 5340 Ad

2109 5284 2245 5357 πρὸς
2266 5285 2326 5339 τὸ
2355 5284 2527 5357 παρὸν
2569 5285 2697 5356 ἄχρι
2732 5286 2841 5339 τῶν
2880 5284 3230 5357 βραχυτάτων
3257 5285 3479 5340 τούτων.
3526 5284 3593 5341 Τί
3632 5285 3693 5340 δὲ

499 5456 544 5487 ⁸⁸
582 5454 815 5516 Isa._lx,
854 5455 920 5520 Ως
963 5471 1096 5514 χιιι.
1143 5456 1210 5521 7;
1253 5454 1380 5509 Luc.
1424 5469 1463 5517 ι,
1506 5453 1593 5508 79.
1671 5456 1717 5487 ⁶⁶
1752 5453 1902 5507 Psal.
1944 5468 2006 5506 xx

2148 5453 2237 5507 10.
2348 5454 2392 5486 ⁸⁷
2437 5451 2603 5507 Marc.
2648 5468 2710 5514 ιι,
2753 5452 2841 5507 10.
2920 5452 2966 5485 ⁸⁸
3004 5450 3210 5507 Coloss.
3249 5468 3287 5505 ιι
3315 5452 3409 5517 ,4.
3484 5452 3531 5485 "
3568 5450 3690 5510 lea.

428 5540 600 5589 Lam,
641 5528 693 5583 9.
771 5527 817 5558 "°
861 5525 965 5580 Tit.
1012 5543 1108 5589 ιιι,
1147 5527 1200 5580 5.
1316 5528 1361 5558 “
1403 5526 1423 5580 Ι
1460 5523 1623 5579 Joan.
1664 5541 1738 5589 iv,
1777 5523 1861 5576 19.
1973 5524 2006 5554 ⁷¹

2107 5523 2230 5578 ’sal.
2269 5538 2356 5589 ον,
2388 5523 2458 5578 46
2567 5525 2614 5555 "
2654 5522 2697 5575 ll
2737 5522 2859 5577 Cor.
2906 5538 3000 5588 ιιι,
3043 5522 3095 5577 6.

498 5684 611 5757 (62)
658 5686 781 5739 Ἐπὶ
812 5684 888 5754 τῇ
926 5686 1267 5756 καταφθορᾷ
1297 5685 1483 5756 ἡμῶν.
1518 5685 1799 5756 Signiﬁcat
1830 5684 1998 5741 Deum
2106 5688 2262 5742 dunt.

427 5770 459 5829 a_
486 5769 546 5811 se
573 5753 802 5829 motum,
853 5759 968 5810 sola
1001 5753 1268 5829 ert—nobis
1300 5753 1510 5829 objecta
1541 5753 1780 5829 miseria.
1814 5767 1873 5829 ut
1892 5773 2001 5829 nos

2179 5757 2292 5829 (65)
2324 5759 2657 5829 Πρόονωπον
2686 5754 2837 5829 προς
2864 5755 3209 5829 πρόσωπον.
3245 5753 3460 5829 Nempe
3480 5754 3533 5807 in
3567 5767 3690 5829 ear.

426 5827 574 5879 daret
610 5827 663 5878 in
707 5826 1118 5890 misericordias,
1162 5827 1546 5882 reconciliatos
1591 5828 1644 5879 in
1688 5842 1790 5881 suo
1822 5826 1999 5890 Filio;
2110 5825 2199 5893 ne,
2229 5825 2321 5881 καὶ
2349 5828 2613 5894 σωθῆναι,
2636 5836 2685 5880 et
2700 5825 2837 5878 salvi
2861 5825 2991 5893 {acti
3011 5826 3201 5888 simus,
3231 5825 3571 5895 apparitione
3594 5825 3687 5879 illa

432 5896 577 5966 quod
607 5897 1001 5953 incarnationis
1032 5896 1292 5953 motivum
1323 5897 1555 5967 theologi
1586 5898 1771 5950 multis
1800 5912 1999 5966 espen-
2105 5909 2159 5955 et
2188 5896 2497 5965 etl‘uigentia
2524 5896 2825 5968 splendoris
2848 5895 3015 5950 divini
3041 5898 3096 5952 in
3125 5896 3270 5952 nube
3302 5895 3682 5952 humanitatis.
