4110 6398
426 386 532 445 569

1518 380 1754 437 SERMO
1798 380 1883 434 DE
1922 378 2224 435 SIMEONE
2261 378 2348 433 ET
2388 377 2598 434 ANNA.

3564 379 3668 433 570

427 502 563 576 πρὸς
597 502 656 556 σὲ
689 500 1009 573 φθέγξομαι,
1040 494 1085 554 ὦ
1113 502 1305 572 Μῆτερ
1347 500 1612 571 Παρθένε,
1645 500 1738 552 καὶ
1765 497 2007 570 Παρθένε

2112 506 2163 553 te
2190 513 2318 552 vero
2344 497 2472 567 quid
2496 496 2694 560 dicam,
2719 510 2752 549 o
2786 493 2955 553 Mater
2972 492 3157 564 Virgo,
3192 501 3247 549 et
3277 493 3437 566 Virgo
3469 493 3672 551 Mater?

427 583 644 663 Μῆτερ;
677 586 747 663 ἦς
773 591 879 662 γάρ
906 591 964 643 τὸ
992 590 1149 661 ἔργον
1174 592 1273 642 οὐκ
1303 588 1658 661 ἀνθρώπινον,
1689 588 1887 660 ταύτης
1917 590 2008 642 κα).

425 689 454 741 6
476 686 692 748 ἔπαινος
720 684 858 754 ὑπὲρ
890 682 1192 754 ἄνθρωπον.
1236 679 1326 733 Διὸ
1366 680 1465 751 τῆς
1510 679 1738 752 ἀπορίας
1774 680 1835 733 τὸ
1882 696 2010 732 σκυ-

425 779 643 852 θρωπὸν
689 778 755 830 ὲκ
802 774 911 828 τῶν
947 773 1041 827 τοῦ
1081 775 1396 844 Πνεύματος
1438 773 1567 844 περὶ
1617 772 1677 826 σὲ
1731 773 2010 845 καταλαμ-

426 867 616 940 πρυνῶ
640 865 837 939 γερῶν,
872 866 965 918 καὶ
1009 865 1077 919 τὰ
1116 863 1184 917 σά
1228 881 1308 916 σοι
1352 862 1753 934 προσκομίζων,
1800 865 1865 917 ὲκ
1905 863 2012 917 λει-

432 960 625 1034 μώνων
681 958 965 1014 ἀθανάτων
1004 958 1102 1029 τὴν
1148 958 1295 1029 ἱεράν
1339 974 1432 1011 σου
1477 955 1570 1010 καὶ
1609 954 1871 1026 θεοστεφῆ
1919 957 2010 1010 ἀν-

429 1050 656 1121 υμνήσω
712 1047 905 1119 κάραν.
963 1047 1254 1118 Πατρικοίς
1308 1062 1367 1099 σε
1415 1044 1603 1117 ὕμνοις
1644 1045 2012 1116 προσφθέγξα-

430 1157 550 1211 μαι,
586 1139 821 1211 θύγατερ
843 1136 1025 1203 Δαϐὶδ,
1054 1137 1148 1192 καὶ
1186 1137 1359 1211 μῆτερ
1385 1135 1476 1189 τοῦ
1510 1136 1715 1210 Κυρίου
1752 1138 1845 1190 καὶ
1875 1137 2009 1192 Θεοῦ

428 1229 609 1286 Δαϐίδ.
648 1231 880 1303 Αίσχρδν
911 1230 1019 1301 γάρ
1055 1230 1171 1301 ἆμα
1210 1228 1305 1283 καὶ
1354 1226 1665 1299 ἀνεύφημον
1715 1228 2011 1300 ἀλλοτρίοις

429 1323 653 1395 κόσμοις
683 1322 955 1393 κοσμῆσαι
993 1320 1090 1392 τὴν
1133 1323 1198 1393 τῇ
1241 1320 1416 1392 οἰκείᾳ
1461 1319 1587 1393 δόξῃ
1631 1318 2008 1392 διαφέρουσαν.

430 1414 594 1485 Δέχου
623 1413 818 1479 τοίνυν,
848 1410 1235 1484 εύμενεστάτη,
1265 1410 1412 1484 δῶρα
1436 1412 1613 1481 τίμια,
1640 1412 1733 1465 καὶ
1767 1412 1848 1464 σοὶ
1876 1410 2011 1481 μόνῃ

429 1505 683 1577 ἁρμόδια,
711 1499 757 1558 ὦ
799 1503 989 1559 πασῶν
1032 1502 1233 1573 γενεῶν
1284 1502 1610 1574 ὑψηλοτέρα,
1661 1503 1754 1557 κα)⁵
1792 1503 2010 1556 πάντων

429 1586 639 1669 ὁρατῶν
663 1614 724 1650 τε
760 1597 854 1650 καὶ
892 1595 1139 1667 ἀοράτων
1174 1594 1667 1667 δημιουργημάτων
1711 1595 2012 1667 τιμιωτέρα

432 1690 680 1760 φανεῖσα.
708 1688 1022 1759 Μακαρίαή
1047 1686 1169 1758 ῥίζα
1194 1685 1286 1739 τοῦ
1327 1687 1548 1751 Ἰεσσαὶ,
1586 1687 1681 1741 καὶ
1705 1686 2013 1759 τρισμακά-

435 1797 615 1853 ριστος
644 1781 672 1832 6
699 1773 845 1842 οἶκος
872 1778 1056 1842 Δαδὶδ,
1087 1780 1142 1832 ἒν
1167 1770 1211 1846 ᾧ
1245 1775 1579 1851 ὲὸλάστησας
1603 1778 1735 1851 (64).
1780 1779 1841 1831 '0
1869 1779 2011 1845 Θεὸς

428 1851 499 1927 ἐν
521 1872 692 1943 μέσῳ
719 1887 855 1936 σου,
885 1872 983 1925 καὶ
1017 1872 1088 1925 οὐ
1119 1871 1504 1941 οτιλευθήσῃ⁸
1543 1873 1757 1941 ἡγίασε
1798 1873 1907 1942 γὰρ
1945 1871 2010 1926 τὸ
2043 1851 2085 1905 Β

430 1965 721 2034 σκήνωμα
770 1963 957 2018 αὐτοῦ
993 1966 1026 2017 d
1072 1964 1373 2032 Ὗψιστος.
1422 1964 1509 2017 Ἐν
1556 1965 1640 2017 σοὶ
1687 1964 1795 2036 γὰρ
1828 1964 2014 2035 διαθῆ-

431 2071 522 2107 και
551 2053 661 2123 (65)
700 2054 795 2106 καὶ
834 2052 1170 2124 ὁρκωμοσίαι
1218 2052 1351 2105 Θεοῦ
1411 2054 1547 2125 πρὸς
1594 2054 1722 2117 τοὺς
1770 2054 2013 2127 πατέρας

431 2143 607 2215 ἡμῶν,
640 2141 792 2206 τέλος
820 2140 1200 2195 εὐκλεέστατον
1248 2141 1512 2207 ἐδέξαντο·
1547 2143 1628 2196 ὅτι
1669 2142 1757 2196 διά
1804 2142 1896 2195 σοῦ
1920 2142 2013 2211 γέ-

429 2252 553 2304 γονε
579 2234 803 2307 Κύριος,
831 2235 859 2288 6
899 2233 1031 2297 Θεὸς
1059 2234 1168 2286 τῶν
1199 2233 1480 2304 δυνάμεων
1523 2234 1641 2305 μεθ’
1680 2233 1861 2306 ⁴ἡμῶν.
1909 2233 2014 2287 Τὸν

433 2324 524 2378 σὺν
544 2322 1029 2395 προδιαγράφουσα
1057 2322 1328 2393 θεοπρεπῆ
1357 2323 1695 2395 χαρακτῆρα,
1731 2324 1863 2376 Θεὸν
1892 2322 2015 2391 ἐφε-

433 2431 524 2486 ρεν
556 2415 835 2483 ἀφλέκτως
877 2417 910 2485 ἡ
954 2412 1225 2482 ἄψαυστος
1260 2413 1438 2484 βάτος,
1478 2414 1907 2486 ἐμφανιξόμενον
1937 2413 2013 2484 τῷ

432 2507 687 2579 προφήτῃ
743 2505 818 2568 ὼς
860 2504 1121 2577 ὁραθῆναι
1171 2504 1455 2576 ηὐδόκησε.
1504 2505 1830 2578 Στερέμνιος
1862 2506 1906 2559 δ’
1945 2501 2011 2560 αὖ

432 2597 529 2653 καὶ
556 2595 731 2669 πέτρα
769 2596 1070 2668 ἁκρότομος
1102 2597 1199 2669 τὴν
1234 2597 1571 2669 παγκόσμιον
1603 2599 1668 2650 ὲκ
1710 2595 1802 2651 σοῦ
1838 2597 2014 2669 πηγά-

434 2707 604 2745 σασαν
641 2690 798 2762 χάριν
840 2689 935 2744 καὶ
982 2689 1239 2759 ἀνάψυξιν
1280 2688 1800 2761 προεξεικονίζουσα,
1837 2705 2015 2761 παρα-

436 2784 625 2855 μύθιον
674 2782 812 2855 ῐαμα
854 2783 1155 2838 ὲκλείποντι
1193 2783 1307 2855 λαῷ
1349 2784 1414 2837 ἐκ
1457 2783 1696 2852 λαγόνων
1743 2781 1921 2855 ξηρῶν
1955 2784 2013 2837 ὲν

433 2878 621 2949 ἐρήμῳ
647 2874 881 2946 δαψιλῶς
921 2878 1251 2947 προήγαγεν.
1286 2877 1361 2929 Οὐ
1399 2875 1505 2947 μὴν
1532 2876 1590 2930 δὲ
1630 2874 1764 2929 ἀλλά
1798 2875 1891 2928 καὶ
1918 2874 2011 2929 τοῦ

435 2968 625 3039 ἱερέως
661 2969 695 3038 ἡ
726 2967 945 3038 ῥάϐδος,
986 2969 1084 3022 οὐκ
1122 2968 1378 3038 ἀδόκιμον
1423 2967 1700 3039 σύσσημον
1730 2965 1840 3040 (66)
1873 2985 2013 3039 παρ-

432 3061 619 3132 έσχετο
646 3060 746 3132 τῆς
778 3059 1086 3132 ὑπερφυοῦς
1117 3076 1209 3113 σου
1237 3060 1471 3129 λοχείας,
1498 3058 1848 3132 ἀγεώργητον
1879 3076 2013 3131 καρ-

434 3153 534 3206 πὸν
569 3150 930 3222 ὲξανθήσασα,
966 3150 1236 3223 ίερατείας
1269 3148 1573 3220 ἐνδελεχοῦς
1604 3148 1916 3220 ἀρραϐῶνα.
1946 3149 2011 3202 Τί

2111 590 2269 659 cujus
2291 589 2434 644 enim
2469 603 2607 659 opus
2635 603 2745 642 non
2773 587 3069 641 humanum
3096 593 3182 642 est
3201 626 3215 651 ,
3263 587 3383 656 ejus
3412 598 3462 643 et
3488 589 3673 644 lauda-

2110 681 2256 735 datio
2281 678 2493 735 excedit
2515 678 2811 733 hominem.
2837 676 3199 744 Quamobrem
3224 680 3562 748 paupertatis
3587 680 3674 734 hic

2111 785 2242 825 ureae
2266 770 2679 834 obscuritatem,
2722 770 2830 824 tuis
2857 783 2888 822 a
2923 764 3128 838 Spiritu
3160 766 3458 824 honoribus
3486 770 3673 824 donis-

2111 881 2215 935 que
2257 863 2584 919 illustrabo:
2626 871 2827 931 tuaque
2869 859 2965 914 tibi
3018 857 3249 915 offerens
3285 875 3316 914 e
3346 862 3516 926 pratis
3575 862 3677 915 im-

2112 957 2451 1021 mortalibus,
2473 963 2625 1010 tuum
2647 968 2862 1011 sacrum
2892 959 2946 1008 et
2972 966 3002 1007 a
3031 950 3141 1007 Deo
3164 960 3484 1006 coronatum
3514 960 3677 1023 caput

2110 1049 2420 1105 dilaudabo.
2449 1046 2648 1103 Patriis
2666 1054 2720 1101 te
2738 1042 2988 1109 canticis,
3006 1041 3142 1096 Filia
3174 1042 3365 1109 David,
3402 1042 3679 1114 Materque

2112 1142 2326 1197 Domini
2361 1148 2416 1196 et
2447 1139 2543 1195 Dei
2580 1137 2769 1201 David,
2798 1137 3067 1194 salutabo.
3096 1135 3276 1207 Turpe
3317 1136 3461 1191 enim
3493 1134 3675 1199 fuerit,

2111 1234 2355 1304 adeoque
2384 1230 2806 1301 inauspicatum,
2837 1237 2897 1283 ut
2923 1228 3116 1283 alienis
3144 1227 3379 1290 orneris,
3405 1242 3527 1297 quae
3549 1243 3677 1298 pro-

2112 1324 2228 1393 pria
2248 1321 2420 1393 gloria
2446 1320 2744 1390 praecellas.
2775 1318 2976 1388 Accipe
3024 1318 3223 1389 igitur,
3258 1317 3674 1390 benignissima,

2111 1411 2252 1466 dona
2284 1412 2541 1482 pretiosa,
2568 1409 2778 1479 tibique
2806 1409 2897 1463 uni
2932 1409 3310 1465 convenientia
3336 1450 3351 1476 ,
3403 1426 3437 1464 o
3465 1412 3681 1466 cunctis

2111 1505 2312 1559 celsior
2332 1502 2798 1574 generationibus,
2823 1517 3051 1573 qumque
3093 1502 3234 1555 inter
3262 1510 3443 1557 creata
3472 1504 3678 1568 omnia,

2113 1603 2228 1651 tum
2259 1595 2515 1659 visibilia,
2553 1604 2663 1648 tum
2718 1594 3033 1657 invisibilia,
3068 1594 3255 1649 multis
3287 1596 3531 1651 numeris
3574 1596 3681 1649 ho—

2112 1687 2414 1742 norabilior
2436 1685 2703 1741 enituisti.
2739 1684 2888 1741 Felix
2932 1685 3090 1741 radix
3127 1683 3302 1749 Jesse,
3333 1695 3384 1740 et
3414 1694 3498 1742 ter
3525 1687 3680 1742 beata

2113 1779 2309 1834 domus
2331 1776 2502 1833 David
2546 1776 2601 1831 in
2629 1792 2736 1848 qua
2760 1776 3097 1848 germinasti.
3126 1777 3263 1832 Deus
3297 1779 3349 1832 in
3379 1779 3546 1833 medio
3573 1781 3683 1846 tati,

2112 1879 2163 1925 et
2189 1888 2292 1925 non
2314 1868 2713 1925 comntoveberis
2742 1886 2760 1924 :
2790 1870 3136 1939 sanctiﬁcauit
3164 1871 3300 1925 enim
3336 1880 3404 1936 te,
3438 1870 3682 1926 taberna-

2113 1961 2290 2014 culum
2319 1977 2492 2027 suum,
2516 1960 2821 2015 Altissimus
2847 1960 2894 1992 ⁷³
2924 1977 2938 2013 :
2972 1959 3028 2014 in
3055 1969 3108 2015 te
3130 1960 3274 2015 enim
3298 1957 3388 2016 Dei
3411 1960 3479 2014 ad
3503 1968 3685 2031 patres

2113 2059 2434 2109 testamenta
2458 2054 2876 2123 juramentaque
2913 2052 3073 2109 ﬁnem
3104 2052 3559 2124 gloriosissimum
3590 2069 3683 2108 ac-

2113 2154 2402 2215 ceperunt;
2434 2148 2559 2215 quia
2595 2161 2691 2218 per
2729 2153 2783 2201 te
2842 2145 3104 2202 Dominus
3136 2145 3312 2201 factus
3363 2153 3447 2202 est
3470 2186 3486 2212 ,
3542 2144 3685 2201 Deus

2112 2238 2378 2293 virtutum
2409 2236 2714 2293 nobiscum.
2768 2234 2959 2292 Rubus
2991 2237 3080 2291 ille
3130 2237 3368 2293 intactus
3393 2237 3462 2302 ⁷⁸,
3499 2237 3685 2293 divina

2113 2328 2345 2400 quadam
2376 2329 2661 2398 majestate
2683 2329 2895 2398 plenam
2925 2329 3039 2397 jam
3073 2335 3186 2382 tum
3212 2327 3513 2385 informans
3536 2336 3683 2383 tuam

2115 2419 2364 2488 ﬁguram,
2395 2417 2564 2472 Deum
2625 2417 2904 2487 propheta:
2958 2426 3326 2487 apparentem,
3354 2416 3511 2495 juxta
3539 2416 3685 2486 quod

2114 2512 2162 2566 ei
2210 2509 2541 2579 conspicuus
2596 2507 2714 2564 ﬁeri
2760 2508 2969 2573 voluit,
3020 2509 3398 2565 incomhustus
3453 2507 3684 2568 ferebat.

2116 2602 2258 2657 Dura
2306 2610 2487 2656 autem
2514 2616 2708 2656 rursus
2733 2615 2798 2655 ac
2825 2609 3100 2671 pmrupta
3129 2609 3300 2671 petra,
3330 2600 3474 2671 quod
3520 2616 3587 2656 ex
3633 2611 3684 2655 te

2115 2694 2170 2748 in
2199 2693 2513 2749 universum
2538 2692 2726 2748 orbem
2768 2692 2957 2763 gratia:
3005 2707 3206 2749 munus
3238 2692 3685 2764 refrigeratioque

2114 2784 2489 2857 promanavit,
2533 2792 2587 2840 et
2613 2784 2732 2855 ipsa
2764 2783 3037 2854 quondam
3071 2785 3381 2856 exprimens
3436 2783 3685 2855 praeﬁgu-

2113 2893 2371 2950 ransque,
2413 2876 2687 2933 deficienti
2740 2877 2797 2931 in
2850 2875 3105 2943 deserto,
3158 2877 3357 2948 populo
3402 2876 3683 2947 copiosum

2113 2972 2375 3026 auxilium
2406 2986 2474 3027 ex
2503 2971 2745 3027 hiatibus
2787 2971 2949 3027 siccis
2983 2969 3238 3041 produxit
3274 2972 3340 3025 ⁷⁸.
3382 2968 3489 3025 Sed
3517 2977 3571 3024 et
3598 2985 3686 3025 sa-

2114 3061 2351 3118 cerdotis
2373 3061 2527 3132 virga
2556 3060 2625 3126 ",
2659 3059 2716 3115 in
2760 3058 2998 3115 fructum
3040 3059 3159 3115 sine
3196 3058 3433 3121 cultura,
3460 3065 3684 3128 sponta-

2088 3134 2388 3225 'neumque
2439 3150 2731 3208 sacerdotii
2789 3150 3048 3221 perennis
3094 3150 3456 3205 arrhabonem
3483 3190 3498 3216 ,
3538 3146 3686 3203 emo-

432 3243 519 3308 δές
551 3244 642 3297 καὶ
666 3245 695 3298 6
730 3243 904 3316 μέγας
930 3222 1171 3313 Μωῠσῆς
1212 3244 1273 3296 ού
1323 3242 1516 3314 κομιδῆ
1564 3241 1894 3313 παρέστησε,
1925 3241 2011 3295 διά

2116 3263 2243 3304 rens
2270 3222 2340 3309 τί,
2366 3245 2505 3301 nihil
2558 3242 2850 3314 reprobum
2882 3242 3067 3298 eximii
3101 3241 3178 3296 tui
3232 3249 3422 3312 partus
3467 3240 3688 3310 symbo-

433 3336 557 3397 τοὺς
585 3335 714 3408 περὶ
742 3334 802 3387 σὲ
823 3333 1298 3405 δυσκαταλήπτους
1320 3332 1524 3396 τύπους
1556 3333 1865 3406 ὲγχρονίσαι
1898 3332 2010 3404 (67)

434 3425 512 3497 τῷ
539 3425 653 3496 ὄρει
686 3424 826 3494 ἔγνω
862 3423 932 3479 τά
962 3426 1092 3496 περὶ
1122 3425 1225 3495 τῆς
1256 3424 1427 3493 ἁγνῆς
1464 3423 1870 3477 ἐκδιδάσκεσθαι
1912 3441 2013 3494 μυ-

438 3519 663 3590 στήρια;
706 3515 879 3588 Πῆξαι
927 3516 1035 3587 γὰρ
1087 3516 1228 3570 κατὰ
1268 3515 1531 3588 σύμϐολον
1588 3517 1682 3570 καὶ
1730 3515 1867 3588 πρὸς
1910 3516 2013 3585 ἀφ-

436 3609 692 3680 ιμοίωσιν
724 3608 954 3662 κιόωτὺν
991 3608 1085 3662 καὶ
1118 3607 1319 3678 ταύτην
1369 3607 1743 3678 προσταχθεὶς,
1777 3608 1838 3661 οὐ
1871 3623 2011 3679 παρ-

437 3702 614 3771 έργως
639 3701 908 3772 ἐχρήσατο
933 3702 1042 3765 τοῖς
1081 3699 1586 3771 προστεταγμένοις,
1616 3701 1662 3752 εί
1710 3699 1805 3753 καὶ
1845 3717 2014 3772 τραγ-

435 3792 712 3865 ῳδούμενα
734 3791 1077 3864 συμϐέϐηκεν
1095 3792 1185 3844 ἐπὶ
1202 3794 1267 3863 τῇ
1293 3791 1608 3858 καταϐάσει,
1625 3791 1740 3847 ἀλλ’
1754 3793 1835 3855 είς
1854 3792 2014 3845 πέντε

436 3886 607 3959 ἡμίση
640 3886 836 3956 πήχεις
867 3885 1069 3957 ταύτην
1090 3886 1428 3949 συντελέσας,
1445 3884 1727 3957 νομοδόχον
1755 3883 2012 3949 ἀνέδειξε,

437 3981 548 4041 τοῖς
587 3976 852 4048 χερουόὶμ
885 3976 1400 4047 συγκαλυπτομένην
1419 3993 1432 4007 ⁸
1476 3973 1922 4045 ἐκφαντικώτατά
1954 3992 2012 4029 σε

438 4070 536 4141 τὴν
560 4069 817 4124 Θεοτόκον
850 4069 1346 4141 προσημαίνουσαν,
1372 4068 1468 4139 τὴν
1495 4068 1744 4139 ἀφθὸρως
1773 4068 2012 4139 ἐγκυμο-

439 4164 699 4232 νήσασαν,
723 4161 818 4215 καὶ
845 4160 1136 4231 ἀφράστως
1155 4161 1542 4231 ἀποκυήσασαν
1564 4159 1661 4231 τὴν
1682 4161 1778 4229 τῆς
1804 4160 2013 4232 ἀφθαρ-

441 4255 561 4317 σίας
594 4253 849 4307 σύστασιν
887 4253 979 4307 ἐπὶ
1006 4253 1147 4307 τέλει
1170 4251 1277 4305 τῶν
1320 4252 1478 4307 πέντε
1510 4252 1751 4323 ἡμίσεως
1782 4252 1877 4306 τοῦ
1922 4252 2013 4306 κό-

442 4362 576 4416 σμου
620 4345 852 4398 κύκλων.
901 4344 1001 4399 Διά
1034 4346 1112 4410 σὲ,
1147 4347 1241 4398 καὶ
1268 4345 1364 4417 τὴν
1396 4346 1459 4398 ἐκ
1491 4344 1584 4397 σοῦ
1615 4344 1881 4416 ἄχραντον
1917 4345 2011 4398 τοῦ

2118 3339 2230 3394 lum
2262 3338 2511 3409 praebuit.
2546 3337 2685 3404 Quid
2716 3335 2886 3391 vero?
2916 3334 3107 3390 Nonne
3154 3348 3386 3404 magnus
3416 3333 3506 3387 ille
3534 3330 3685 3403 Moy-

2121 3446 2210 3486 ses
2265 3431 2408 3487 idem
2429 3431 2735 3485 luculenter
2755 3427 3072 3490 declaravit,
3091 3435 3311 3495 propter
3340 3426 3415 3479 tui
3440 3422 3686 3480 diﬂiciles

2120 3523 2400 3579 intellectu
2456 3522 2698 3593 ﬁguras,
2747 3518 2955 3575 diutius
2996 3518 3051 3572 in
3099 3522 3335 3572 montem
3381 3528 3686 3570 commora-

2120 3621 2209 3671 tus
2234 3603 2301 3679 ⁷⁸,
2326 3621 2386 3669 ut
2418 3614 2601 3684 ignota
2623 3620 2717 3667 tua
2740 3620 3101 3675 sacramenta,
3129 3625 3162 3664 ο
3188 3616 3360 3673 casta,
3388 3607 3687 3664 edisceret?

2118 3705 2177 3761 in
2213 3706 2289 3761 rei
2312 3706 2455 3761 enim
2478 3705 2642 3775 hujus
2666 3706 2900 3775 signum,
2927 3711 2981 3759 et
3010 3702 3077 3756 ad
3101 3700 3511 3773 exprimendam
3540 3699 3687 3756 simi-

2121 3797 2424 3860 litudinem,
2451 3796 2641 3867 jussus
2684 3795 2953 3850 fabricare
2994 3807 3199 3858 arcam,
3229 3805 3338 3845 non
3378 3789 3557 3846 obiter
3587 3806 3687 3844 ne-

2120 3888 2456 3958 glectiusque
2482 3887 2752 3943 mandatis
2789 3884 3180 3956 obtemperavit
3206 3902 3219 3938 :
3252 3897 3562 3953 quanquam
3592 3896 3685 3936 ac-

2118 3976 2368 4031 ciderunt
2397 3977 2604 4048 tragica
2635 3976 2882 4047 quaedam
2912 3977 2968 4031 in
3008 3978 3277 4032 descensu
3314 3988 3344 4028 a
3385 3973 3635 4029 monte"
3668 3992 3679 4026 :

2116 4070 2209 4126 sed
2239 4070 2480 4140 qulnque
2505 4069 2815 4127 cubitorum
2845 4076 2899 4125 et
2926 4067 3133 4124 dimidii
3161 4059 3487 4129 confectam,
3512 4066 3681 4127 illam,

2112 4162 2247 4234 legis
2296 4162 2718 4232 susceptricem,
2755 4160 3064 4217 cherubicis
3095 4159 3196 4213 alis
3257 4157 3582 4228 coaperuit:
3635 4166 3685 4211 te

2116 4253 2397 4324 Deiparam
2424 4254 2769 4324 apertissime
2801 4253 3215 4324 pmsignantem
3241 4292 3257 4317 ,
3287 4264 3407 4319 quae
3430 4249 3549 4305 sine
3567 4264 3686 4302 cor-

2114 4348 2368 4418 ruptione
2406 4360 2531 4401 eum
2587 4345 2921 4416 concepisti,
2980 4341 3440 4411 inenarrabilique
3473 4340 3685 4393 ratione

437 4437 570 4491 Θεοῦ
588 4437 757 4507 Λόγου
790 4437 1084 4509 σάρκωσιν,
1114 4438 1211 4510 τὴν
1257 4440 1335 4502 είς
1378 4437 1463 4491 ἀεὶ
1502 4438 1787 4509 ἀτρέπτως
1813 4454 1873 4490 τε
1920 4438 2011 4491 καὶ

2115 4437 2392 4510 peperisti,
2421 4437 2514 4508 qui
2539 4437 2654 4508 ipse
2676 4425 3107 4507 incorruptionis
3128 4434 3274 4489 velut
3299 4432 3577 4488 concretio
3600 4440 3685 4486 est

440 4529 745 4601 ἀμερίστως
773 4529 829 4582 ὲν
861 4528 1010 4600 αὐτῷ
1041 4529 1413 4602 διαμένουσαν,
1445 4531 1538 4583 καὶ
1565 4533 1597 4600 ἠ
1637 4529 1809 4601 χρυσῆ
1844 4528 2013 4600 στάμ-

508 4683 564 4753 ’ἷ
595 4681 747 4739 Psal.
788 4697 929 4751 xt.v,
970 4683 1033 4748 6,
1076 4685 1128 4740 5.
1204 4685 1252 4717 "
1293 4684 1465 4739 Exod.
1531 4700 1630 4748 tu,
1680 4683 1734 4739 ‘2.
1825 4685 1871 4716 ⁷⁸
1910 4683 2086 4740 Exod.
2138 4699 2288 4753 xvu,
2331 4686 2383 4740 6.

439 4752 483 4783 ⁷⁸
521 4751 693 4808 Exod.
736 4771 839 4811 xxv
864 4796 880 4819 ,
918 4757 971 4811 8.
1046 4756 1093 4787 τ’
1131 4754 1304 4811 Exod.
1340 4772 1525 4818 xxxtt,
1564 4757 1617 4812 i.

508 4864 622 4936 (64)
662 4867 759 4921 Ἐν
783 4859 833 4934 ᾧ
858 4865 1257 4938 ἐϐλάστησᾳς.
1292 4866 1357 4921 In
1378 4884 1502 4938 qua,
1534 4868 1917 4938 quod‘spectat
1936 4869 2001 4923 ad

438 4935 636 5007 lineam
663 4938 1077 5001 sacerdotalem,
1103 4940 1157 4991 in
1179 4935 1507 5007 Nathadqui
1536 4937 1635 4992 fuit
1656 4935 1798 4993 Uria:
1822 4954 2005 4994 sacer-

437 5007 581 5061 dotis
612 5004 775 5072 ﬁlius,
821 5008 1004 5078 domui
1038 5015 1092 5061 et
1127 5007 1344 5078 familiae
1382 5004 1552 5063 David
1594 5007 1883 5078 adoptione
1916 5010 2004 5063 in-

438 5085 671 5148 sertam;
703 5092 762 5148 ex
794 5093 904 5147 quo
945 5077 1204 5132 Dominus
1237 5074 1415 5148 Iesus,
1446 5086 1610 5148 atque
1642 5074 1777 5133 adeo
1812 5079 2002 5139 Maria.

440 5146 702 5218 legaliter,
735 5146 889 5215 juxta
932 5158 1239 5202 contextam
1284 5163 1315 5201 a
1353 5146 1718 5218 Lucagipsius
1756 5148 2003 5218 genealo-

436 5232 470 5285 g
492 5214 600 5270 am.
641 5214 794 5281 Quod
829 5225 1009 5272 autem
1040 5218 1107 5272 ad
1140 5217 1341 5286 regiam
1380 5232 1475 5286 per
1506 5214 1872 5284 salomouEm,
1908 5233 2007 5287 po-

438 5288 569 5357 tius,
600 5301 665 5357 ea:
685 5303 819 5357 qua;
842 5288 1132 5343 carnaliter
1154 5295 1446 5357 propagata
1461 5288 1581 5357 ejus
1611 5303 1776 5343 carne
1804 5303 1871 5342 ex
1900 5288 2004 5342 Da-

433 5355 581 5428 vide.
617 5355 771 5428 juxta
810 5358 1042 5412 Matthaai
1072 5355 1355 5413 historiam
1387 5374 1403 5411 :
1431 5355 1592 5428 quem
1624 5358 1845 5413 modum
1867 5372 2003 5413 con-

435 5426 654 5498 cordiae,
684 5425 1066 5498 Hieronymus.
1100 5425 1466 5497 Augustinus,
1496 5437 1624 5498 etc,
1674 5436 2003 5497 acceperunt

437 5494 508 5567 ah
536 5494 830 5567 Africano:
870 5494 975 5567 qua
1008 5500 1075 5552 de
1114 5494 1490 5560 re'Baronius,
1528 5494 1852 5558 Torniellus.
1892 5505 2000 5553 etc.

434 5564 622 5638 Quam
639 5564 972 5638 Nicephorus
1001 5584 1066 5622 ex
1096 5567 1385 5638 Hippolyto
1405 5575 1640 5638 martyre
1661 5567 1813 5621 affert
1833 5568 2002 5622 Annae

436 5635 806 5707 genealogiam
838 5652 905 5691 ex
948 5647 1102 5706 patre
1137 5635 1438 5701 sacerdote,
1484 5635 1775 5707 ct'passim
1821 5639 2002 5691 verior

434 5703 698 5778 habetur;
720 5706 882 5778 habet
901 5703 1063 5762 etiam
1090 5717 1433 5776 pervetustus
1461 5703 1639 5778 regius
1665 5709 1857 5769 codex,
1888 5708 2002 5775 plu—

436 5774 588 5831 rimis
615 5776 848 5833 diversis
877 5774 1197 5835 tractatibus
1224 5794 1322 5835 seu
1345 5774 1809 5848 ctianfexccrptis
1837 5774 1999 5832 inl'er-

2118 4537 2171 4585 et
2194 4529 2579 4597 consistentia;
2634 4527 2797 4599 idque
2841 4530 2896 4582 in
2942 4527 3045 4583 ﬁne
3085 4527 3325 4598 quinque
3378 4534 3429 4580 ct
3471 4523 3681 4579 dimidii

2496 4686 2543 4717 "
2598 4682 2764 4738 Num.
2821 4699 2966 4749 xvu,
3006 4684 3076 4753 (8.
3153 4684 3197 4713 ⁷⁷
3237 4679 3399 4735 Hebr.
3460 4697 3558 4741 Ix.
3623 4681 3675 4736 4.

2107 4870 2270 4994 οῗιιδ,
2306 4869 2491 4940 ignoto
2523 4866 2843 4934 collectore;
2885 4866 3161 4938 antiquior
3193 4865 3331 4920 forte
3372 4866 3489 4935 ipso
3522 4865 3680 4919 Nice-

2107 4956 2141 4994 n
2181 4954 2299 4994 oro.

2181 4954 2299 4994 OI'O.

2106 4956 2299 5011 pnoro.

2179 5008 2290 5080 (65)
2324 5006 2743 5080 Διαθῆκαι-εἰσ
2759 5007 2965 5080 passim
2990 5009 3313 5080 interpretes
3341 5020 3510 5080 sacra;
3524 5003 3679 5080 _Scri-

2108 5073 2301 5147 pturaé,
2353 5073 2578 5149 ipseque
2617 5073 2819 5132 Paulus
2868 5077 2935 5131 ad
2966 5073 3178 5149 illeth
3236 5092 3342 5132 non
3389 5073 3672 5149 συνθῆκαι,

2108 5144 2289 5220 pacta,
2337 5144 2567 5220 (eam,
2603 5149 2746 5220 quod
2781 5155 2921 5220 teste
2959 5148 3287 5220 Hieronymo
3316 5161 3418 5220 vox
3452 5144 3676 5200 llcbraza

2112 5215 2522 5288 ridetur'magis
2555 5215 2753 5274 habere
2789 5234 2801 5269 :
2838 5218 2996 5286 cujus
3026 5220 3104 5273 rei
3134 5215 3453 5288 mysterium
3484 5225 3675 5285 prose-
3707 5264 3712 5276 .

2110 5297 2352 5360 quuntur
2379 5288 2623 5360 ejusdem
2649 5289 2798 5343 Pauli
2825 5288 3183 5360 expositores.

2181 5358 2294 5428 (66)
2319 5354 2438 5412 Οὑᾶι
2456 5358 2741 5428 ἀδόκιμον
2758 5354 3102 5426 σύσσημον.
3121 5358 3419 5428 Commune
3437 5354 3674 5428 signum,

2107 5428 2253 5497 quod
2277 5424 2552 5499 praecipue
2586 5424 2909 5499 a'inilitibus
2936 5424 3211 5499 statuitur,
3239 5426 3326 5480 cui
3359 5424 3677 5499 optitnead-

2103 5496 2305 5568 jectutn
2352 5496 2600 5569 quadrat.
2637 5496 2921 5557 Pantinus.
2963 5513 3067 5569 non
3105 5496 3382 5569 obscuram
3407 5496 3677 5569 signiﬁca-

2109 5571 2319 5631 tionem,
2348 5567 2492 5638 quod
2520 5578 2665 5622 certe
2687 5582 2906 5638 sen_sum
2933 5568 3099 5620 altum
3123 5567 3366 5638 auctoris
3396 5567 3673 5638 obscurat.

2181 5638 2292 5708 (67)
2335 5635 2727 5707 Ὲγχρονίσαι.
2764 5636 2922 5693 Forte
2953 5638 3289 5708 ἐγχρονίσας.
3329 5635 3393 5690 Et
3455 5650 3579 5689 mox
3608 5635 3671 5691 ἃ·

2106 5726 2319 5777 γνωστα
2345 5725 2443 5780 pro
2470 5709 2626 5776 ἔγνω.
