4110 6404
425 405 520 464 ’571

1338 412 1396 471 S.
1437 410 1767 470 METIIODll
1807 412 2117 471 EPISCOPI
2162 412 2248 470 ET
2291 412 2651 471 MARTYIHS

3561 412 3678 474 372

422 523 755 582 circulorum
794 522 1000 581 mundi.
1029 525 1257 598 Pr0ptcr
1291 536 1366 596 te,
1396 545 1460 586 ac
1491 532 1867 586 intemeratam
1903 530 1995 586 Dei

2105 549 2210 597 νος,
2245 533 2319 598 ὼς
2346 533 2514 597 τύπος
2541 520 2952 602 ἀψευδέστατός,
2982 532 3041 585 τὸ
3074 531 3207 605 πρὸς
3239 530 3448 603 ἡμέραν
3475 532 3673 603 τρεπό-

422 617 589 675 Verbi
615 635 679 675 ex
725 626 779 675 te
809 629 1147 691 assumptam
1188 637 1432 688 carnem,
1466 624 1878 678 immutabiliter
1907 625 1995 678 in-

422 709 705 780 diviseque
732 710 787 764 in
806 710 924 781 ipso
948 712 1004 766 in
1035 721 1354 784 perpetuum
1384 722 1832 783 permanentem;
1862 731 1998 770 urna

425 801 515 856 illa
549 816 712 857 aurea
751 802 832 866 ”,
873 811 1127 874 tanquam
1164 806 1508 861 certissimus
1550 813 1733 878 typus,
1765 822 1997 874 manna,

425 893 572 964 quod
603 895 805 965 alioqui
852 911 949 966 per
994 895 1135 951 diem
1186 896 1587 963 iuvertebatur,
1636 899 1690 953 in
1728 914 1787 954 se
1842 897 1997 968 ipsa,

424 984 649 1041 minime
681 993 985 1049 mutatum,
1034 986 1127 1042 sed
1178 985 1305 1043 totis
1358 990 1571 1045 saeculis
1633 1006 1998 1059 permanens,

424 1078 812 1133 conservabat.
853 1076 983 1132 Tute
1023 1079 1185 1133 etiam
1221 1082 1489 1137 castitatis
1533 1082 1796 1152 prmscius
1838 1090 2001 1153 atque

426 1166 669 1224 imitator
703 1168 757 1222 in
792 1170 986 1240 spiritu
1038 1168 1183 1226 Elias
1244 1171 1506 1243 propheta
1554 1173 1634 1237 ⁸⁸,
1673 1171 1798 1228 vitae
1853 1173 2001 1231 illius

425 1259 669 1331 igniferae
720 1260 821 1316 sibi
849 1261 1116 1316 redimivit
1144 1277 1402 1318 coronam
1427 1264 1503 1332 ⁸³,
1528 1262 1793 1321 hactenus
1817 1265 2004 1321 divino

428 1350 689 1424 suffragio
739 1351 1046 1407 declaratus
1092 1360 1267 1410 morte
1296 1354 1563 1426 superior.
1602 1352 1679 1410 Te
1727 1355 2004 1411 nihilomi-

426 1460 532 1500 nus
556 1444 674 1515 ejus
700 1460 986 1502 successor
1020 1443 1246 1502 Elisaaus
1277 1447 1345 1511 ",
1378 1447 1628 1501 initiante
1665 1446 2002 1519 docenteque

427 1538 675 1607 sapiente
697 1538 979 1608 magistro,
1007 1552 1107 1593 ceu
1140 1555 1381 1609 praesens
1408 1538 1631 1596 adesses
1655 1580 1672 1606 ,
1713 1556 1835 1612 qua:
1874 1557 2003 1596 nec-

427 1627 554 1683 dum
585 1643 729 1693 eras,
759 1628 1151 1701 praefigurans;
1178 1631 1344 1687 certis
1381 1648 1562 1688 rerum
1607 1649 1728 1705 quae
1762 1648 1887 1688 vere
1921 1648 2003 1688 es-

426 1728 549 1775 sent
586 1719 780 1777 futura:
814 1721 1089 1779 indicibus
1121 1724 1315 1795 signis,
1340 1724 1604 1779 auxilium
1648 1724 2004 1781 medicinam-

425 1827 532 1883 que
578 1811 985 1883 indigentibus,
1030 1814 1226 1887 majori
1266 1832 1433 1887 supra
1478 1828 1733 1873 naturam
1762 1816 1997 1877 virtute,

2106 642 2266 695 μενον
2304 625 2399 679 καὶ
2438 624 2812 696 ἀλλοιούμενον
2845 624 3038 696 μάννα,
3069 625 3337 695 ἄτρεπτον
3369 623 3460 677 καὶ
3498 621 3681 678 διαιω-

2100 715 2245 782 νίζον
2272 715 2416 770 ἔνδον
2446 716 2615 786 αὐτῆς
2641 715 2975 785 διεφύλαττε.
3007 716 3120 786 Τῆς
3148 717 3244 787 σῆς
3272 714 3494 785 ἁγνείας
3525 717 3619 770 καὶ
3649 716 3680 769 ό

2099 809 2384 880 προφήτης
2422 806 2606 871 Ἠλίας
2647 806 2955 879 προθεωρδς
3001 808 3096 861 καὶ
3135 805 3378 879 ζηλωτὴς
3423 807 3684 879 ὑπάρχων

2099 902 2185 956 διὰ
2223 900 2318 956 τοῦ
2365 899 2697 971 Πνεύματος,
2744 898 3024 972 πυρφόρον
3072 899 3364 963 πολιτείας·
3389 897 3686 969 ἀνεδήσατο

2103 988 2382 1058 στέφανον,
2423 989 2685 1060 κρείττων
2727 986 2950 1043 θανάτου
2992 987 3320 1059 ἀναδειχθεὶς
3358 987 3481 1059 θείᾳ
3518 988 3687 1061 ψήφῳ

2100 1080 2227 1154 ἄχρι
2254 1083 2351 1154 τῆς
2382 1081 2558 1154 δεῦρο.
2597 1082 2663 1136 Σὲ
2705 1081 2798 1136 καὶ
2820 1083 2848 1134 ὁ
2882 1081 3070 1135 τούτου
3102 1080 3342 1153 διάδοχος
3386 1081 3690 1148 Ἐλισσαῖος

2102 1171 2252 1242 παρά
2304 1170 2469 1241 σοφοῦ
2512 1170 2832 1235 διδασκάλου
2870 1169 3118 1242 μυηθεὶς,
3155 1171 3250 1223 καὶ
3290 1169 3367 1234 ὡς
3406 1168 3690 1242 παροῦσαν

2100 1263 2197 1335 τὴν
2246 1264 2412 1335 μήπω
2453 1260 2617 1317 οὖσαν
2666 1263 3065 1336 προδιατυπῶν,
3106 1261 3397 1334 ὑπερφυῶς
3441 1264 3551 1326 τοῖς
3600 1280 3689 1315 τε-

2102 1355 2358 1427 κμηρίοις
2387 1353 2495 1408 τῶν
2532 1355 2802 1426 ἀληθινῶν
2828 1354 2925 1419 τὰς
2958 1354 3279 1425 ἐπικουρίας
3316 1350 3548 1407 ἐποιεῖτο
3579 1353 3688 1406 τῶν

2100 1446 2397 1518 δεομένων·
2436 1447 2513 1518 πῆ
2544 1448 2643 1519 μὲν
2672 1447 2738 1501 δι’
2767 1447 2954 1520 ὑδρίας
2983 1448 3197 1518 καινῆς,
3228 1448 3324 1502 καὶ
3351 1447 3478 1511 τούς
3504 1448 3687 1502 νοστί-

2106 1555 2237 1610 μους
2268 1537 2497 1612 ἐχούσης
2529 1539 2683 1604 ἆλας,
2712 1539 2782 1593 τά
2807 1540 3107 1611 φθοροποιά
3133 1539 3301 1594 ὕδατα
3333 1538 3578 1611 ἰώμενος,
3607 1542 3688 1605 είς

2103 1631 2325 1699 ἔνδειξιν
2368 1632 2461 1686 τοῦ
2496 1632 2892 1704 ἀνασφήλοντος
2929 1630 3041 1704 (68)
3081 1631 3287 1703 κόσμου
3323 1629 3410 1684 διὰ
3452 1630 3547 1684 τοῦ
3593 1630 3687 1684 ἐπὶ

2104 1725 2187 1777 σοὶ
2221 1725 2548 1794 μυστηρίουο
2690 1723 2748 1777 δὲ
2780 1721 2997 1795 ἀλεύρῳ
3025 1721 3239 1794 ἀζύμῳ,
3268 1722 3485 1792 λοχείας
3516 1721 3686 1775 ἀσπό-

2105 1831 2199 1886 ρου
2237 1814 2531 1886 ἀντιτύπῳ,
2565 1813 2794 1868 θανάτου
2828 1814 3053 1887 πικρίαν
3084 1813 3422 1867 ἀναστέλλων
3450 1812 3556 1866 ἀπὸ
3577 1811 3687 1864 τῶν

426 1903 759 1961 adhibebat:
796 1922 943 1963 nunc
989 1908 1206 1977 quidem
1254 1924 1352 1979 per
1396 1924 1591 1965 novam
1644 1907 1891 1981 hydriam
1925 1907 1999 1972 “,

2105 1904 2376 1976 ἐδωδίμων
2396 1921 2412 1938 ο
2442 1906 2628 1961 ἄλλοτε
2668 1906 2724 1961 δὲ
2756 1909 2870 1970 τοῖς
2915 1905 3214 1978 ὑπερφυέσι
3248 1904 3315 1958 τὰ
3353 1903 3494 1958 κατά
3527 1904 3687 1972 φύσιν

426 1996 613 2067 salque
642 1998 878 2052 salutare
920 2000 973 2053 in
1012 2014 1070 2054 se
1120 2000 1518 2066 continentem,
1552 2016 1722 2073 aquas
1752 1999 2001 2057 exitiales

426 2105 630 2145 sanans
661 2107 675 2145 :
714 2088 780 2143 ad
818 2091 1235 2159 ostendendum,
1265 2108 1389 2149 esse
1427 2096 1783 2150 recreandum
1835 2107 1999 2147 mun-

425 2179 576 2244 dum,
603 2196 702 2250 per
732 2189 1133 2236 sacramentum
1156 2181 1209 2235 in
1237 2189 1291 2236 te
1318 2182 1624 2237 exhibitum
1655 2202 1666 2237 :
1704 2181 1869 2237 modo
1903 2196 2002 2234 au-

425 2286 567 2336 tem,
614 2270 791 2326 farina
837 2288 1023 2342 azyma
1061 2273 1143 2338 ⁸³,
1193 2281 1383 2343 partus
1433 2273 1511 2326 tui
1570 2282 1690 2329 satu
1743 2272 2002 2326 immunis

426 2370 557 2434 typo
594 2363 957 2434 respondente
979 2403 994 2428 ,
1032 2367 1224 2419 mortis
1256 2365 1609 2420 acerbitatem
1641 2380 1672 2419 a
1704 2364 1841 2420 cibis
1875 2379 2003 2434 pro-

426 2454 625 2527 ﬂigans
682 2476 694 2511 :

2108 1996 2415 2069 ὐπερνικῶν
2446 1999 2504 2052 ὲν
2526 1998 2604 2069 τῷ
2643 1999 2902 2073 Ἰορδάνῃ,
2931 1998 3023 2053 καὶ
3046 1996 3133 2051 διὰ
3159 1996 3362 2051 τούτων
3394 1997 3492 2069 τὴν
3519 1998 3688 2051 κατά-

2105 2092 2252 2146 δυσιν
2304 2092 2395 2147 τοῦ
2452 2094 2655 2166 Κυρίου
2705 2094 2861 2166 ἡμῶν
2913 2096 2993 2158 είς
3034 2093 3163 2167 ᾅδην
3187 2133 3203 2158 ,
3244 2093 3339 2148 καὶ
3386 2093 3687 2166 παράδοξον

2107 2184 2403 2257 ἀνάρρυσιν
2436 2184 2545 2239 τῶν
2574 2187 2633 2239 ὲν
2664 2186 2839 2259 φθορᾷ
2888 2186 3266 2257 κατεχομένων
3325 2184 3685 2257 προῖστορῶν.

2107 2272 2292 2327 Πάντα
2328 2272 2437 2346 γὰρ
2465 2268 2610 2327 εῒκόν
2648 2290 2707 2327 τε
2754 2276 2848 2329 καὶ
2887 2275 3198 2330 ὐπέκυπτον
3240 2278 3307 2347 τῇ
3355 2277 3421 2347 σῇ
3458 2275 3579 2345 θείᾳ
3611 2276 3688 2328 εί-

2108 2363 2223 2416 κόνι
2248 2363 2604 2435 ὲκνικώμενα.

752 2472 1145 2529 nonnunquam
1187 2458 1423 2529 denique
1468 2460 1632 2514 rebus
1690 2474 1857 2529 supra
1906 2467 2193 2523 naturam,
2247 2474 2369 2530 quae
2414 2466 2627 2514 natura:
2691 2467 3058 2517 consentanea
3100 2470 3285 2518 essent
3336 2461 3390 2517 in
3442 2460 3682 2517 Iordane

428 2547 627 2603 eximie
660 2564 925 2618 superans
971 2549 1052 2616 ⁸⁶;
1098 2564 1274 2620 eoque
1306 2547 1522 2603 Domini
1581 2551 1637 2602 in
1698 2548 1968 2603 infernum
2001 2548 2347 2614 descensum,
2392 2547 2806 2617 mirabilemque
2847 2556 2901 2602 et
2940 2549 3275 2620 inopinatam
3366 2565 3556 2605 eorum
3590 2551 3683 2620 qui

429 2641 485 2695 in
541 2641 891 2711 corruptione
944 2642 1319 2699 detinerentur
1386 2641 1763 2697 liberationem
1818 2642 2180 2713 praesignans.
2236 2639 2372 2696 Nam
2437 2649 2722 2698 cesserunt
2791 2642 3008 2709 omnia,
3065 2650 3280 2714 tuaeque
3331 2644 3410 2699 illi

428 2737 649 2809 imagini
680 2738 1047 2810 exprimendae
1082 2738 1308 2809 imparia
1339 2739 1767 2794 succubuerunt.

502 2831 568 2888 Χ.
602 2832 745 2899 Quid
776 2849 904 2889 vero
925 2833 1105 2889 adhuc
1135 2834 1407 2890 sermonis
1425 2833 1668 2888 habenas
1697 2832 1866 2889 variis
1895 2832 2004 2889 illis

428 2923 912 2980 informationibus
953 2924 1144 2978 laxans
1175 2924 1567 2993 involvensque
1597 2929 1650 2977 et
1679 2921 2002 2993 implicans,

427 3016 735 3072 orationem
784 3017 840 3070 in
890 3016 1111 3086 longum
1157 3016 1449 3094 protraho;
1497 3032 1563 3072 ac
1598 3020 1685 3072 vel
1732 3015 2003 3081 maxime,

430 3123 558 3163 cum
594 3107 769 3164 instar
812 3108 1080 3163 columna:
1123 3109 1303 3179 palam
1346 3107 1521 3163 oculis
1561 3107 1815 3178 objecta,
1858 3107 1912 3161 in
1952 3112 2007 3161 te

3486 2643 3685 2699 divina:

2183 2834 2238 2885 l'.
2275 2833 2385 2887 Καὶ
2412 2832 2465 2885 τί
2492 2832 2570 2886 ἔτι
2603 2832 2950 2905 περιπλέκων
2987 2831 3213 2904 μηκύνω
3244 2832 3337 2886 τὸν
3366 2830 3544 2902 λόγον,
3570 2832 3684 2897 τοῖς

2113 2924 2373 2988 ποικίλοις
2436 2925 2818 2996 προγράμμοις
2870 2925 3157 2995 ἐπαφήσας
3228 2922 3321 2977 τοῦ
3371 2922 3529 2991 λόγου
3583 2924 3684 2987 τὰς

2113 3015 2290 3086 ἡνίας,
2315 3017 2408 3071 καὶ
2441 3017 2674 3087 μάλιστα
2705 3017 2813 3089 πρὸ
2842 3015 3135 3086 ὀφθαλμῶν
3161 3015 3542 3087 ἐστηλωμένης
3570 3014 3682 3087 (69)

2112 3110 2209 3182 τῆς
2248 3108 2340 3161 ἐπὶ
2374 3108 2455 3161 σοὶ
2483 3108 2792 3179 ἀτρεκείας,
2899 3108 2992 3161 καὶ
3019 3107 3433 3180 κατατρυφῆσαι
3461 3107 3683 3178 ἄμεινον

430 3197 634 3253 veritas
666 3204 870 3268 pateat,
906 3197 962 3251 in
990 3212 1102 3267 qua
1134 3197 1281 3252 velut
1308 3195 1604 3251 eluxuriari
1639 3194 2002 3265 delectarique

2111 3202 2204 3255 καὶ
2231 3198 2711 3270 ὲπικερδέστερονς
2738 3198 3058 3271 Τοιγαροῦν,
3081 3199 3293 3270 χαίρειν
3325 3199 3537 3272 φράσας
3569 3202 3684 3265 τοῖς

429 3289 747 3361 praestiterit
778 3304 843 3343 ac
877 3288 1220 3345 commodius
1250 3288 1454 3344 fuerit?
1480 3287 1659 3355 Quare
1687 3297 2003 3344 sanctorum

430 3381 675 3437 omnium
709 3396 805 3452 per
828 3395 1021 3437 omnes
1049 3381 1431 3451 generationes
1456 3421 1471 3445 ,
1508 3380 1851 3451 spiritalibus
1880 3395 2008 3434 nar—

377 3538 397 3564 /
430 3473 737 3530 rationibus
769 3474 1040 3544 factisque
1067 3472 1399 3543 prodigiosis
1429 3473 1609 3528 valere
1634 3465 1829 3543 jussis,
1863 3472 1930 3526 ad
1956 3486 2007 3526 te

429 3565 557 3623 festi
590 3565 756 3636 hujus
785 3565 1021 3620 convivii
1050 3566 1199 3620 velut
1233 3565 1448 3620 clavum
1470 3605 1486 3629 ,
1530 3579 1564 3619 o
1608 3563 1829 3619 ﬂorenti
1861 3580 2006 3620 sem~

429 3670 528 3727 per
568 3654 814 3711 habenda
837 3656 1098 3710 memoria
1120 3695 1137 3721 ,
1175 3654 1373 3726 dirigo.
1404 3655 1696 3713 Benedicta
1732 3663 1821 3723 tu,
1849 3672 2006 3726 pror-

433 3760 531 3801 sus
570 3744 856 3800 benedicta
894 3744 1261 3815 omnibusque
1294 3744 1692 3801 desiderabilis.
1734 3745 1795 3799 ln
1836 3744 2002 3799 bene-

432 3834 770 3890 dictionibus
828 3832 1045 3903 Domini
1104 3849 1302 3889 nomen
1360 3845 1547 3900 tuum,
1604 3836 1787 3891 divina
1830 3835 2007 3906 gratia

431 3926 812 3998 plenissimum
839 3941 902 3982 ac
933 3942 1146 3983 summe
1184 3926 1293 3983 Deo
1318 3929 1617 3999 gratiosum
1640 3971 1656 3996 ,
1679 3927 1774 3985 Dei
1805 3928 2004 3993 Mater,

431 4034 664 4091 qumque
688 4026 783 4075 tuo
824 4019 944 4091 ipsa
985 4017 1275 4089 splendore
1309 4019 1563 4077 ﬁdelibus
1594 4021 1777 4077 lumen
1816 4019 2008 4090 pratic-

432 4129 544 4169 ras.
575 4112 658 4168 'l‘u
696 4113 1134 4183 circumscriptio
1154 4151 1169 4177 ,
1212 4120 1273 4167 ut
1302 4113 1379 4167 ita
1407 4113 1585 4169 dicam
1609 4154 1623 4179 ,
1655 4113 1775 4184 ejus
1799 4113 1892 4185 qui
1922 4120 2008 4168 cst

434 4198 1070 4269 incircumscriptibilis:
1106 4200 1264 4257 radix
1289 4199 1438 4258 ﬂoris
1477 4201 1870 4272 speciosissimi
1905 4202 1951 4234 ⁸⁷
1989 4221 2001 4257 :

434 4285 606 4342 Mater
637 4287 1017 4356 plasmatoris:
1055 4288 1247 4346 altoris
1272 4292 1459 4347 nutrix
1486 4311 1500 4348 :
1531 4292 1650 4361 ejus
1677 4294 2002 4365 complexio,

433 4379 525 4447 qui
582 4378 766 4434 omnia
806 4381 1097 4451 complecti
1143 4382 1310 4438 habet
1352 4403 1364 4438 :
1424 4393 1651 4454 portans
1691 4401 1814 4441 eum
1842 4425 1858 4449 ,
1915 4387 2008 4453 qui

431 4465 595 4522 verbo
623 4478 801 4539 portat
841 4473 1020 4525 omnia
1050 4472 1134 4528 ’δε
1165 4483 1358 4545 porta,
1397 4491 1495 4547 per
1534 4491 1698 4547 quam
1746 4475 1890 4533 Deus
1946 4477 2001 4531 in

2107 3292 2214 3347 τῶν
2250 3291 2420 3359 ἁγίων
2445 3290 2588 3345 κατὰ
2625 3291 2803 3345 πᾶσαν
2843 3289 3036 3360 γενεάν
3069 3293 3454 3362 πνευματικοῖς
3490 3290 3680 3363 διηγή-

2109 3401 2240 3455 μασι
2262 3384 2357 3437 xui.
2384 3383 2920 3455 τερατουργήμασιν,
2956 3383 3047 3435 ἐπὶ
3072 3383 3132 3436 σὲ
3167 3383 3389 3455 μετάγω
3417 3383 3543 3447 τοὺς
3580 3382 3683 3453 τῆς

2106 3476 2337 3547 εὐωχίας
2370 3476 2562 3538 οἴακας
2582 3516 2598 3540 ,
2634 3475 3163 3547 παντομνημόνευτε.
3205 3475 3556 3547 Εὐλογημένη
3590 3475 3679 3541 σὺ,

2107 3567 2505 3640 παντευλόγητε
2547 3568 2640 3621 καὶ
2677 3569 2812 3622 πᾶσι
2844 3567 3065 3638 ποθητέ.
3113 3566 3231 3621 Ἐπ’
3257 3567 3528 3637 εὐλογίαις
3564 3568 3679 3621 Κυ-

2110 3660 2223 3734 ρίου
2252 3660 2312 3714 τδ
2345 3659 2799 3731 θεοχαριτώτατόν
2829 3677 2922 3714 σου
2953 3659 3146 3731 ὄνομα,
3170 3658 3553 3732 Θεογεννήτωρ
3586 3659 3681 3712 καὶ

2105 3752 2328 3823 δᾳδοῦχε
2356 3751 2464 3806 τῶν
2495 3751 2721 3807 πιστῶν.
2752 3753 2819 3806 Ἡ
2861 3751 3198 3824 περιγραφὴ,
3233 3752 3301 3805 ἶν’
3322 3750 3495 3815 οὕτως
3519 3750 3680 3815 εἴπω,

2104 3844 2199 3897 τοῦ
2239 3844 2678 3915 ἁπεριγράπτου·
2712 3845 2745 3914 ἡ
2793 3841 2918 3913 ῥίζα
2950 3840 3044 3897 τοῦ
3080 3842 3413 3914 ὡραιοτάτου
3453 3841 3678 3904 ἄνθους

2106 3938 2138 4006 ὴ
2171 3936 2369 4007 Μήτηρ
2412 3933 2505 3987 τοῦ
2544 3932 2845 3998 πλάσαντος
2865 3951 2877 3964 ·
2909 3936 2943 4006 ἡ
2977 3933 3131 4005 τιτθὴ
3157 3933 3248 3987 τοῦ
3272 3934 3560 4006 τρέφοντος
3585 3949 3600 3965 ·
3645 3935 3679 4005 ἡ

2107 4012 2336 4097 περιοχὴ
2383 4023 2477 4079 τοῦ
2514 4025 2857 4097 περιέχοντος
2876 4042 2890 4056 υ
2937 4030 2969 4096 ὴ
3010 4026 3247 4096 φέρουσα
3291 4024 3383 4079 τὸν
3425 4024 3684 4094 φέροντα

2109 4117 2313 4188 ῥήματι
2342 4116 2414 4171 τὰ
2462 4115 2745 4187 πάι-ταοή
2790 4116 2931 4188 πύλη
2975 4116 3072 4188 τῆς
3101 4119 3159 4171 ὲν
3205 4117 3369 4188 σαρκὶ
3414 4113 3681 4184 ἀνατολῆς

2106 4208 2200 4261 τοῦ
2249 4207 2417 4262 Θεοῦο
2470 4208 2503 4278 ἡ
2548 4207 2705 4271 λαϐὶς
2753 4207 2846 4261 τοῦ
2901 4206 3232 4279 καθαρτικοῦ
3291 4207 3592 4278 ἄνθρακος·
3647 4205 3681 4258 ό

2109 4296 2312 4370 βραχὺς
2364 4298 2561 4361 κόλπος
2610 4297 2703 4351 τοῦ
2752 4297 2969 4351 πάντων
3023 4297 3225 4351 κόλπου
3244 4313 3257 4327 ’
3294 4295 3324 4350 ὁ
3367 4295 3532 4359 πόκος
3579 4293 3680 4365 τῆς

2106 4388 2492 4461 άκαταλήπτου
2544 4388 2736 4459 δρόσου
2778 4388 2921 4458 (70)’
2971 4388 3000 4441 ὁ
3045 4387 3144 4458 τῆς
3191 4385 3484 4455 ἐπιθυμίας
3516 4384 3681 4439 Δαόὶδ

2108 4478 2368 4551 ζωοδόχος
2423 4478 2533 4551 (71)
2569 4479 2769 4543 λάκκος
2826 4480 2924 4551 τῆς
2954 4479 3233 4550 Βηθλεὲμ,
3289 4477 3381 4547 ἀφ’
3418 4469 3479 4530 οὗ
3527 4476 3679 4546 πόμα

427 4574 594 4614 carne
625 4560 802 4614 oritur
827 4562 894 4627 θ’,
930 4563 1145 4634 l‘nrceps
1179 4566 1437 4622 carbonis
1476 4567 1627 4622 illius
1663 4567 1904 4638 purgarii
1931 4568 1998 4632 ου,

2106 4568 2402 4632 ἀθανασίας
2436 4567 2687 4632 ὲξέὸλυσε
2707 4584 2720 4598 ⁸
2751 4567 2811 4621 τὸ
2843 4568 3155 4639 ἱλαστήριον
3183 4564 3243 4632 ὲξ
3269 4562 3329 4621 οὐ
3352 4566 3483 4629 Θεὸς
3511 4562 3681 4633 ἐγνώ-

429 4650 588 4706 sinus
618 4651 847 4721 exiguus
870 4653 1121 4710 immensi
1153 4657 1399 4712 omnium
1435 4657 1591 4713 sinus
1612 4699 1627 4723 ,
1659 4658 1832 4713 vellus
1858 4659 2001 4713 roris

2110 4658 2208 4730 σθη
2240 4657 2546 4729 ἀνθρώποις
2591 4656 3069 4731 ἀνθρωπομόρφως
3088 4674 3100 4687 ·
3137 4657 3198 4711 τὸ
3227 4656 3451 4712 ἄσπιλον
3478 4654 3678 4724 ἔνδυμα

427 4742 577 4799 illius
618 4742 1189 4815 incomprehensibilis
1220 4749 1299 4816 ",
1349 4750 1504 4807 lacus
1546 4750 1636 4806 ille
1683 4749 1995 4805 Bethleliem

2105 4750 2211 4806 τοῦ
2238 4750 2727 4821 ἀναϐαλλομένου
2762 4749 2887 4820 φῶς
2909 4751 2988 4816 ὡς
3014 4748 3260 4819 ἱμάτιον.
3297 4749 3361 4802 Ἡ
3392 4746 3676 4803 δανείσασα

499 4898 866 4975 solum)“;
1050 4903 1092 4935 οι
1135 4900 1375 4975 ιν-Βςρ,
1410 4898 1481 4970 ἲι,
1522 4903 1611 4975 υ.
1688 4903 1735 4975 εξ
1778 4903 1943 4958 Εττίί.
1996 4920 2002 4957 ἶ

2105 4920 2182 4967 Ill,
2209 4903 2335 4975 il._
2380 4900 2528 4975 ἐιν
2566 4901 2688 4973 Reg.
2744 4918 2817 4975 tr.
2895 4903 2941 4975 ἐξ
2979 4902 3110 4975 ibjd.
3168 4902 3259 4958 20.
3307 4902 3391 4975 A‘”
3431 4900 3505 4975 ιγ
3545 4898 3673 4975 Reg.

428 4985 504 5095 εἴ,
711 4971 759 5003 ⁸⁸
798 4970 866 5025 IV
900 4971 1023 5043 Reg.
1079 4990 1160 5028 v.~
1209 4972 1253 5005 ⁸⁷
1293 4968 1406 5029 lia.
1445 4968 1523 5038 xi,
1567 4974 1617 5029 1.
1694 4973 1740 5006 ⁸⁸
1783 4975 1943 5029 Hebr.
1987 4990 2000 5027 ι

428 5057 460 5096 v
503 5079 519 5105 ,
634 5082 648 5096 .

2106 5013 2121 5029 .
2203 4974 2248 5006 "
2288 4972 2479 5029 Ezech.
2520 4968 2689 5039 xuii,
2729 4974 2820 5028 4i.
2895 4974 2940 5006 '°
3011 4972 3127 5029 Isa.
3168 4990 3258 5041 νι,
3298 4970 3351 5027 6.
3457 4973 3500 5006 ⁹¹
3541 4968 3675 5025 luit.

521 5196 610 5271 {58)
652 5196 1152 5271 Ἇνασφήλονζος.
1184 5196 1347 5255 Forte
1374 5201 1798 5271 ἀνασφήλαντος.

522 5267 614 5351 69ξ
642 5271 761 5351 Πρρ
796 5267 1117 5351 ὀφθαλμῶν
1144 5267 1586 5351 ῥστηλωμένιίςξ
1630 5270 1788 5351 velut
1815 5277 1997 5325 erecta

429 5338 705 5420 propalam
737 5340 791 5422 in
823 5338 1041 5422 modum
1076 5341 1359 5401 columnae.
1382 5338 1455 5395 ne
1482 5357 1640 5411 quem
1674 5342 1841 5423 latere
1874 5355 1999 5410 pos-

427 5416 516 5461 sit.
548 5408 730 5489 Altera
746 5410 1089 5489 significatio,
1107 5420 1169 5466 ut
1196 5410 1279 5473 τὸ,
1296 5410 1686 5489 ’ἐστηλωμένης
1706 5420 1782 5466 sub
1805 5411 2001 5478 conﬁr-

431 5489 595 5534 mata.
622 5480 835 5533 videtur
856 5481 1034 5534 minus
1063 5481 1369 5536 commoda.

500 5544 610 5618 (70)
646 5547 757 5615 Τῆς
776 5549 1201 5622 ἀκαταλήπτων
1211 5551 1463 5622 ρρόσου.
1492 5550 1663 5619 Cujus
1687 5549 2000 5622 mysterium

432 5626 670 5691 nequeat
714 5620 848 5673 satis
900 5622 1153 5691 perspici.
1211 5620 1496 5681 Paulinus.
1556 5620 2001 5691 impercrptibilis,

429 5689 589 5761 quod
605 5690 784 5761 militis
817 5689 1068 5758 quadrat.
1102 5690 1269 5746 Plane
1308 5693 1451 5747 enim
1493 5691 1596 5746 fuit
1631 5689 1722 5745 ros
1757 5689 1845 5745 ille
1879 5706 2002 5761 per-

428 5758 722 5833 ceptiliilis,
753 5761 845 5828 qui
872 5775 1167 5833 expressus
1197 5762 1416 5829 vellere,
1460 5763 1703 5833 lagonam
1742 5758 1891 5832 aqua
1912 5760 2006 5814 im-

427 5829 612 5900 plerit,
646 5831 833 5900 utique
864 5829 1127 5886 sensibili.

2174 5200 2286 5271 (7i)
2317 5199 2644 5269 Ζωοδόχος.
2690 5197 2794 5254 Seu
2842 5199 2966 5271 vita:
3004 5198 3486 5271 conceptaculum;
3524 5198 3579 5252 in
3609 5210 3678 5271 e_o

2106 5267 2288 5325 Maria:
2308 5267 2637 5341 symbolum.
2674 5284 2795 5341 quae
2823 5270 2989 5325 vitam
3024 5267 3272 5329 illam’ad
3298 5286 3397 5325 nos
3434 5267 3678 5341 peregri-

2106 5338 2353 5403 nantem,
2384 5356 2482 5396 ceu
2515 5340 2733 5409 liOSpitii
2764 5339 2910 5409 jure,
2964 5341 3147 5409 etiam,
3174 5348 3333 5409 utero
3386 5338 3671 5407 suscepit:

2107 5426 2267 5481 quam
2300 5413 2419 5481 ejus
2453 5408 2884 5481 praeregatiVam,
2918 5409 2972 5462 in
2997 5408 3200 5481 Martha
3236 5408 3521 5481 Dominum
3545 5422 3675 5481 sus;-

2109 5477 2343 5550 eipiente
2377 5482 2431 5536 in
2455 5477 2923 5550 'suam'domum,
2965 5480 3054 5534 die
3093 5479 3435 5550 migrationis
3476 5477 3673 5550 ipsius,

2109 5545 2350 5605 Ecclesia
2396 5561 2583 5606 sancte
2633 5550 2843 5619 recolit.
2894 5545 3196 5612 Pantinus:
3223 5545 3676 5619 viriﬁcuglquod

2145 5621 2289 5674 otius
2319 5631 2463 5676 esset
2486 5619 2770 5690 ζωοδότης.
2796 5618 2968 5674 Simili
2990 5620 3229 5690 epitheto
3258 5615 3417 5688 paulo
3444 5615 3675 5690 inferius

2153 5691 2415 5763 imeouem
2470 5699 2659 5753 ornat,
2707 5687 2989 5760 appellans
3026 5687 3287 5761 θεοδόχον
3338 5687 3671 5763 πρεσϐύτην,

2107 5777 2277 5817 senem
2313 5760 2408 5816 Dei
2436 5769 2800 5828 susceptorem.
