  <div class='ocr_page' id='page_1' title='image "/cluster/home/n/w/nwhite01/storage/ocr_20150623/18/coo.31924054872985/200.png"; bbox 0 0 4110 6446; ppageno 0'>
   <div class='ocr_carea' id='block_1_1' title="bbox 436 437 540 492">
    <p class='ocr_par' dir='ltr' id='par_1_1' title="bbox 436 437 540 492">
     <span class='ocr_line' id='line_1_1' title="bbox 436 437 540 492; baseline 0 0"><span class='ocrx_word' id='word_1_1' title='bbox 436 437 540 492; x_wconf 78' lang='lat'><strong>573</strong></span> 
     </span>
    </p>
   </div>
   <div class='ocr_carea' id='block_1_2' title="bbox 1491 419 2550 483">
    <p class='ocr_par' dir='ltr' id='par_1_2' title="bbox 1491 419 2550 483">
     <span class='ocr_line' id='line_1_2' title="bbox 1491 419 2550 483; baseline -0.008 0"><span class='ocrx_word' id='word_1_2' title='bbox 1491 425 1724 483; x_wconf 75' lang='lat' dir='ltr'><strong>SERMO</strong></span> <span class='ocrx_word' id='word_1_3' title='bbox 1760 425 1850 480; x_wconf 81' lang='lat' dir='ltr'><strong>DE</strong></span> <span class='ocrx_word' id='word_1_4' title='bbox 1885 422 2183 480; x_wconf 76' lang='lat' dir='ltr'><strong>SIMEONE</strong></span> <span class='ocrx_word' id='word_1_5' title='bbox 2222 421 2307 475; x_wconf 83' lang='grc' dir='ltr'><strong>ΕΤ</strong></span> <span class='ocrx_word' id='word_1_6' title='bbox 2346 419 2550 475; x_wconf 68' lang='lat' dir='ltr'><strong>ANNA.</strong></span> 
     </span>
    </p>
   </div>
   <div class='ocr_carea' id='block_1_3' title="bbox 3572 419 3677 473">
    <p class='ocr_par' dir='ltr' id='par_1_3' title="bbox 3572 419 3677 473">
     <span class='ocr_line' id='line_1_3' title="bbox 3572 419 3677 473; baseline 0.01 -2"><span class='ocrx_word' id='word_1_7' title='bbox 3572 419 3677 473; x_wconf 65' lang='lat'><strong>3&#39;14</strong></span> 
     </span>
    </p>
   </div>
   <div class='ocr_carea' id='block_1_4' title="bbox 436 533 2017 624">
    <p class='ocr_par' dir='ltr' id='par_1_4' title="bbox 436 537 2011 624">
     <span class='ocr_line' id='line_1_4' title="bbox 436 537 2011 624; baseline -0.009 -17"><span class='ocrx_word' id='word_1_8' title='bbox 436 550 555 624; x_wconf 81' lang='grc' dir='ltr'>Θεῷ</span> <span class='ocrx_word' id='word_1_9' title='bbox 601 549 681 622; x_wconf 80' lang='grc' dir='ltr'>τῷ</span> <span class='ocrx_word' id='word_1_10' title='bbox 709 550 946 605; x_wconf 88' lang='grc' dir='ltr'>ἀνενδεεῖ</span> <span class='ocrx_word' id='word_1_11' title='bbox 992 548 1170 620; x_wconf 80' lang='grc' dir='ltr'><strong>σάρκα</strong></span> <span class='ocrx_word' id='word_1_12' title='bbox 1215 546 1394 617; x_wconf 71' lang='grc' dir='ltr'>ἥνπερ</span> <span class='ocrx_word' id='word_1_13' title='bbox 1429 545 1530 598; x_wconf 86' lang='grc' dir='ltr'>οὐκ</span> <span class='ocrx_word' id='word_1_14' title='bbox 1581 539 1754 615; x_wconf 80' lang='grc' dir='ltr'>εἶχεν,</span> <span class='ocrx_word' id='word_1_15' title='bbox 1802 537 1947 614; x_wconf 84' lang='grc' dir='ltr'>ἵναῇ</span> <span class='ocrx_word' id='word_1_16' title='bbox 1980 540 2011 592; x_wconf 99' lang='lat'><strong>6</strong></span> 
     </span>
    </p>
   </div>
   <div class='ocr_carea' id='block_1_5' title="bbox 2109 533 3674 624">
    <p class='ocr_par' dir='ltr' id='par_1_5' title="bbox 2113 533 3674 602">
     <span class='ocr_line' id='line_1_5' title="bbox 2113 533 3674 602; baseline -0.003 -11"><span class='ocrx_word' id='word_1_17' title='bbox 2113 535 2368 592; x_wconf 80' lang='lat' dir='ltr'><strong>desiderii</strong></span> <span class='ocrx_word' id='word_1_18' title='bbox 2400 533 2566 588; x_wconf 85' lang='lat' dir='ltr'><strong>David</strong></span> <span class='ocrx_word' id='word_1_19' title='bbox 2589 534 2633 564; x_wconf 81' lang='lat'><strong>&quot;</strong></span> <span class='ocrx_word' id='word_1_20' title='bbox 2655 572 2671 599; x_wconf 95' lang='lat'><strong>,</strong></span> <span class='ocrx_word' id='word_1_21' title='bbox 2716 533 2840 588; x_wconf 69' lang='lat' dir='ltr'><strong>vitae</strong></span> <span class='ocrx_word' id='word_1_22' title='bbox 2863 538 3148 602; x_wconf 78' lang='lat' dir='ltr'><strong>susceptor</strong></span> <span class='ocrx_word' id='word_1_23' title='bbox 3165 573 3179 598; x_wconf 89' lang='lat'><strong>,</strong></span> <span class='ocrx_word' id='word_1_24' title='bbox 3205 547 3270 587; x_wconf 84' lang='lat' dir='ltr'><strong>ex</strong></span> <span class='ocrx_word' id='word_1_25' title='bbox 3290 547 3397 602; x_wconf 89' lang='lat' dir='ltr'><strong>quo</strong></span> <span class='ocrx_word' id='word_1_26' title='bbox 3422 536 3674 602; x_wconf 87' lang='lat' dir='ltr'><strong>poculum</strong></span> 
     </span>
    </p>
   </div>
   <div class='ocr_carea' id='block_1_6' title="bbox 439 632 2007 711">
    <p class='ocr_par' dir='ltr' id='par_1_6' title="bbox 439 632 2007 711">
     <span class='ocr_line' id='line_1_6' title="bbox 439 632 2007 711; baseline -0.008 -14"><span class='ocrx_word' id='word_1_27' title='bbox 439 638 844 711; x_wconf 84' lang='grc' dir='ltr'>παντοδύναμος</span> <span class='ocrx_word' id='word_1_28' title='bbox 875 642 1012 711; x_wconf 83' lang='grc' dir='ltr'>ὅπερ</span> <span class='ocrx_word' id='word_1_29' title='bbox 1049 638 1339 711; x_wconf 81' lang='grc' dir='ltr'>ηὐδόκησε.</span> <span class='ocrx_word' id='word_1_30' title='bbox 1376 636 1441 690; x_wconf 86' lang='grc' dir='ltr'>Τί</span> <span class='ocrx_word' id='word_1_31' title='bbox 1479 635 1668 688; x_wconf 85' lang='grc' dir='ltr'>τούτου</span> <span class='ocrx_word' id='word_1_32' title='bbox 1711 632 2007 705; x_wconf 80' lang='grc' dir='ltr'>περιφανέ-</span> 
     </span>
    </p>
   </div>
   <div class='ocr_carea' id='block_1_7' title="bbox 440 725 2011 804">
    <p class='ocr_par' dir='ltr' id='par_1_7' title="bbox 440 725 2011 804">
     <span class='ocr_line' id='line_1_7' title="bbox 440 725 2011 804; baseline -0.005 -17"><span class='ocrx_word' id='word_1_33' title='bbox 440 748 669 804; x_wconf 86' lang='grc' dir='ltr'>στερον;</span> <span class='ocrx_word' id='word_1_34' title='bbox 702 732 767 786; x_wconf 90' lang='grc' dir='ltr'>Τί</span> <span class='ocrx_word' id='word_1_35' title='bbox 798 729 988 785; x_wconf 90' lang='grc' dir='ltr'>τούτου</span> <span class='ocrx_word' id='word_1_36' title='bbox 1018 729 1380 801; x_wconf 79' lang='grc' dir='ltr'>ὑψηλότερον;</span> <span class='ocrx_word' id='word_1_37' title='bbox 1421 730 1479 781; x_wconf 87' lang='lat'><strong>&#39;0</strong></span> <span class='ocrx_word' id='word_1_38' title='bbox 1518 728 1607 781; x_wconf 82' lang='grc' dir='ltr'><strong>τὸν</strong></span> <span class='ocrx_word' id='word_1_39' title='bbox 1645 726 1872 798; x_wconf 83' lang='grc' dir='ltr'>οὐρανὸν</span> <span class='ocrx_word' id='word_1_40' title='bbox 1916 725 2011 779; x_wconf 77' lang='grc' dir='ltr'><strong>καὶ</strong></span> 
     </span>
    </p>
   </div>
   <div class='ocr_carea' id='block_1_8' title="bbox 437 815 2008 896">
    <p class='ocr_par' dir='ltr' id='par_1_8' title="bbox 437 815 2008 896">
     <span class='ocr_line' id='line_1_8' title="bbox 437 815 2008 896; baseline -0.004 -19"><span class='ocrx_word' id='word_1_41' title='bbox 437 824 537 896; x_wconf 84' lang='grc' dir='ltr'>τὴν</span> <span class='ocrx_word' id='word_1_42' title='bbox 572 823 679 894; x_wconf 83' lang='grc' dir='ltr'>γῆν</span> <span class='ocrx_word' id='word_1_43' title='bbox 732 822 975 895; x_wconf 81' lang='grc' dir='ltr'><strong>πληρῶν,</strong></span> <span class='ocrx_word' id='word_1_44' title='bbox 1007 815 1069 875; x_wconf 75' lang='grc' dir='ltr'>οὗ</span> <span class='ocrx_word' id='word_1_45' title='bbox 1118 821 1187 875; x_wconf 89' lang='grc' dir='ltr'><strong>τά</strong></span> <span class='ocrx_word' id='word_1_46' title='bbox 1234 822 1525 892; x_wconf 83' lang='grc' dir='ltr'>σύμπαντα</span> <span class='ocrx_word' id='word_1_47' title='bbox 1575 820 1826 890; x_wconf 79' lang='grc' dir='ltr'>κτήματα</span> <span class='ocrx_word' id='word_1_48' title='bbox 1847 857 1863 883; x_wconf 89' lang='grc'><strong>,</strong></span> <span class='ocrx_word' id='word_1_49' title='bbox 1914 816 2008 871; x_wconf 76' lang='grc' dir='ltr'>σοῦ</span> 
     </span>
    </p>
   </div>
   <div class='ocr_carea' id='block_1_9' title="bbox 437 914 2008 988">
    <p class='ocr_par' dir='ltr' id='par_1_9' title="bbox 437 914 2008 988">
     <span class='ocr_line' id='line_1_9' title="bbox 437 914 2008 988; baseline -0.001 -17"><span class='ocrx_word' id='word_1_50' title='bbox 437 916 727 988; x_wconf 81' lang='grc' dir='ltr'>γεγένηται</span> <span class='ocrx_word' id='word_1_51' title='bbox 785 917 1030 987; x_wconf 82' lang='grc' dir='ltr'>ὲπιδεής·</span> <span class='ocrx_word' id='word_1_52' title='bbox 1084 917 1149 970; x_wconf 83' lang='grc' dir='ltr'><strong>σὺ</strong></span> <span class='ocrx_word' id='word_1_53' title='bbox 1198 915 1309 988; x_wconf 86' lang='grc' dir='ltr'><strong>γάρ</strong></span> <span class='ocrx_word' id='word_1_54' title='bbox 1364 915 1640 979; x_wconf 83' lang='grc' dir='ltr'>ὲδάνεισας</span> <span class='ocrx_word' id='word_1_55' title='bbox 1689 915 1807 984; x_wconf 85' lang='grc' dir='ltr'>Θεῷ</span> <span class='ocrx_word' id='word_1_56' title='bbox 1859 914 2008 969; x_wconf 80' lang='grc' dir='ltr'>θείαν</span> 
     </span>
    </p>
   </div>
   <div class='ocr_carea' id='block_1_10' title="bbox 439 1005 2009 1082">
    <p class='ocr_par' dir='ltr' id='par_1_10' title="bbox 439 1005 2009 1082">
     <span class='ocr_line' id='line_1_10' title="bbox 439 1005 2009 1082; baseline -0.002 -17"><span class='ocrx_word' id='word_1_57' title='bbox 439 1012 733 1081; x_wconf 84' lang='grc' dir='ltr'>σάρκωσιν,</span> <span class='ocrx_word' id='word_1_58' title='bbox 758 1010 825 1082; x_wconf 80' lang='grc' dir='ltr'>ἢν</span> <span class='ocrx_word' id='word_1_59' title='bbox 853 1009 954 1063; x_wconf 78' lang='grc' dir='ltr'><strong>οὐκ</strong></span> <span class='ocrx_word' id='word_1_60' title='bbox 987 1005 1120 1080; x_wconf 79' lang='grc' dir='ltr'>εἶχε.</span> <span class='ocrx_word' id='word_1_61' title='bbox 1163 1009 1235 1063; x_wconf 78' lang='grc' dir='ltr'>Σὺ</span> <span class='ocrx_word' id='word_1_62' title='bbox 1281 1007 1620 1079; x_wconf 80' lang='grc' dir='ltr'>ὲθωράκισας</span> <span class='ocrx_word' id='word_1_63' title='bbox 1650 1007 1742 1061; x_wconf 81' lang='grc' dir='ltr'><strong>τὸν</strong></span> <span class='ocrx_word' id='word_1_64' title='bbox 1786 1007 2009 1062; x_wconf 84' lang='grc' dir='ltr'>δυνατὸν</span> 
     </span>
    </p>
   </div>
   <div class='ocr_carea' id='block_1_11' title="bbox 435 1095 2009 1172">
    <p class='ocr_par' dir='ltr' id='par_1_11' title="bbox 435 1095 2009 1172">
     <span class='ocr_line' id='line_1_11' title="bbox 435 1095 2009 1172; baseline -0.001 -18"><span class='ocrx_word' id='word_1_65' title='bbox 435 1102 537 1172; x_wconf 82' lang='grc' dir='ltr'><strong>τὴν</strong></span> <span class='ocrx_word' id='word_1_66' title='bbox 566 1101 815 1172; x_wconf 81' lang='grc' dir='ltr'>εὐπρεπῆ</span> <span class='ocrx_word' id='word_1_67' title='bbox 852 1099 945 1154; x_wconf 81' lang='grc' dir='ltr'>τοῦ</span> <span class='ocrx_word' id='word_1_68' title='bbox 983 1098 1234 1169; x_wconf 85' lang='grc' dir='ltr'>σώματος</span> <span class='ocrx_word' id='word_1_69' title='bbox 1262 1099 1608 1169; x_wconf 77' lang='grc' dir='ltr'>παντευχίαν,</span> <span class='ocrx_word' id='word_1_70' title='bbox 1646 1098 1711 1152; x_wconf 82' lang='grc' dir='ltr'>δι’</span> <span class='ocrx_word' id='word_1_71' title='bbox 1748 1095 1817 1172; x_wconf 83' lang='grc' dir='ltr'>ἦς</span> <span class='ocrx_word' id='word_1_72' title='bbox 1848 1100 2009 1165; x_wconf 84' lang='grc' dir='ltr'>αὐτὸς</span> 
     </span>
    </p>
   </div>
   <div class='ocr_carea' id='block_1_12' title="bbox 442 1189 2010 1264">
    <p class='ocr_par' dir='ltr' id='par_1_12' title="bbox 442 1189 2010 1264">
     <span class='ocr_line' id='line_1_12' title="bbox 442 1189 2010 1264; baseline 0 -20"><span class='ocrx_word' id='word_1_73' title='bbox 442 1192 538 1264; x_wconf 74' lang='grc' dir='ltr'><strong>μὲν</strong></span> <span class='ocrx_word' id='word_1_74' title='bbox 570 1192 798 1263; x_wconf 82' lang='grc' dir='ltr'>ὀφθῆναι</span> <span class='ocrx_word' id='word_1_75' title='bbox 820 1192 1065 1264; x_wconf 81' lang='grc' dir='ltr'>χωρητὸς</span> <span class='ocrx_word' id='word_1_76' title='bbox 1086 1193 1209 1263; x_wconf 69' lang='grc' dir='ltr'>ἐμοὶ</span> <span class='ocrx_word' id='word_1_77' title='bbox 1230 1190 1511 1262; x_wconf 82' lang='grc' dir='ltr'>δεδύνηται</span> <span class='ocrx_word' id='word_1_78' title='bbox 1525 1231 1541 1255; x_wconf 97' lang='grc'><strong>,</strong></span> <span class='ocrx_word' id='word_1_79' title='bbox 1574 1189 1684 1259; x_wconf 78' lang='grc' dir='ltr'><strong>ἐγὼ</strong></span> <span class='ocrx_word' id='word_1_80' title='bbox 1710 1191 1767 1244; x_wconf 82' lang='grc' dir='ltr'>δὲ</span> <span class='ocrx_word' id='word_1_81' title='bbox 1780 1191 2010 1264; x_wconf 88' lang='grc' dir='ltr'>εὐπροσ-</span> 
     </span>
    </p>
   </div>
   <div class='ocr_carea' id='block_1_13' title="bbox 442 1276 2010 1354">
    <p class='ocr_par' dir='ltr' id='par_1_13' title="bbox 442 1276 2010 1354">
     <span class='ocr_line' id='line_1_13' title="bbox 442 1276 2010 1354; baseline -0.001 -18"><span class='ocrx_word' id='word_1_82' title='bbox 442 1284 568 1347; x_wconf 86' lang='grc' dir='ltr'>ίτως</span> <span class='ocrx_word' id='word_1_83' title='bbox 600 1285 919 1354; x_wconf 83' lang='grc' dir='ltr'>ἀντωπῆσαι</span> <span class='ocrx_word' id='word_1_84' title='bbox 968 1284 1116 1354; x_wconf 77' lang='grc' dir='ltr'>αὐτῷ</span> <span class='ocrx_word' id='word_1_85' title='bbox 1158 1283 1436 1353; x_wconf 80' lang='grc' dir='ltr'>ἐνίσχυσα,</span> <span class='ocrx_word' id='word_1_86' title='bbox 1481 1283 1547 1335; x_wconf 81' lang='grc' dir='ltr'>δι’</span> <span class='ocrx_word' id='word_1_87' title='bbox 1570 1276 1648 1353; x_wconf 53' lang='grc' dir='ltr'>,ἦς</span> <span class='ocrx_word' id='word_1_88' title='bbox 1686 1282 1779 1334; x_wconf 76' lang='grc' dir='ltr'><strong>καὶ</strong></span> <span class='ocrx_word' id='word_1_89' title='bbox 1813 1279 2010 1335; x_wconf 80' lang='grc' dir='ltr'>πάντα</span> 
     </span>
    </p>
   </div>
   <div class='ocr_carea' id='block_1_14' title="bbox 437 1372 2005 1444">
    <p class='ocr_par' dir='ltr' id='par_1_14' title="bbox 437 1372 2005 1444">
     <span class='ocr_line' id='line_1_14' title="bbox 437 1372 2005 1444; baseline 0 -17"><span class='ocrx_word' id='word_1_90' title='bbox 437 1373 543 1427; x_wconf 79' lang='grc' dir='ltr'>τοῦ</span> <span class='ocrx_word' id='word_1_91' title='bbox 578 1373 843 1442; x_wconf 76' lang='grc' dir='ltr'>πονηροῦ</span> <span class='ocrx_word' id='word_1_92' title='bbox 870 1373 943 1428; x_wconf 86' lang='grc' dir='ltr'>τὰ</span> <span class='ocrx_word' id='word_1_93' title='bbox 984 1374 1376 1444; x_wconf 82' lang='grc' dir='ltr'>πεπυρωμένα</span> <span class='ocrx_word' id='word_1_94' title='bbox 1395 1374 1554 1442; x_wconf 77' lang='grc' dir='ltr'>,ϐέλη</span> <span class='ocrx_word' id='word_1_95' title='bbox 1585 1372 2005 1441; x_wconf 77' lang='grc' dir='ltr'>σϐεσθήσεται.</span> 
     </span>
    </p>
   </div>
   <div class='ocr_carea' id='block_1_15' title="bbox 438 1459 2008 1538">
    <p class='ocr_par' dir='ltr' id='par_1_15' title="bbox 438 1459 2008 1538">
     <span class='ocr_line' id='line_1_15' title="bbox 438 1459 2008 1538; baseline 0 -20"><span class='ocrx_word' id='word_1_96' title='bbox 438 1459 611 1533; x_wconf 75' lang='grc' dir='ltr'>Εὖγε,</span> <span class='ocrx_word' id='word_1_97' title='bbox 645 1460 770 1535; x_wconf 83' lang='grc' dir='ltr'>εὖγε</span> <span class='ocrx_word' id='word_1_98' title='bbox 791 1504 806 1530; x_wconf 93' lang='grc'><strong>,</strong></span> <span class='ocrx_word' id='word_1_99' title='bbox 834 1466 1015 1538; x_wconf 84' lang='grc' dir='ltr'><strong>μήτηρ</strong></span> <span class='ocrx_word' id='word_1_100' title='bbox 1054 1465 1188 1519; x_wconf 83' lang='grc' dir='ltr'><strong>Θεοῦ</strong></span> <span class='ocrx_word' id='word_1_101' title='bbox 1233 1466 1328 1520; x_wconf 59' lang='grc' dir='ltr'><strong>καὶ⁵</strong></span> <span class='ocrx_word' id='word_1_102' title='bbox 1357 1464 1537 1537; x_wconf 86' lang='grc' dir='ltr'>δούλη.</span> <span class='ocrx_word' id='word_1_103' title='bbox 1573 1460 1743 1534; x_wconf 78' lang='grc' dir='ltr'>Εὖγε,</span> <span class='ocrx_word' id='word_1_104' title='bbox 1785 1461 1944 1533; x_wconf 70' lang='grc' dir='ltr'>εὖγε,</span> <span class='ocrx_word' id='word_1_105' title='bbox 1975 1468 2008 1537; x_wconf 85' lang='grc' dir='ltr'><strong>ή</strong></span> 
     </span>
    </p>
   </div>
   <div class='ocr_carea' id='block_1_16' title="bbox 439 1555 2009 1627">
    <p class='ocr_par' dir='ltr' id='par_1_16' title="bbox 439 1555 2009 1627">
     <span class='ocr_line' id='line_1_16' title="bbox 439 1555 2009 1627; baseline 0 -18"><span class='ocrx_word' id='word_1_106' title='bbox 439 1555 718 1627; x_wconf 78' lang='grc' dir='ltr'>ὑπόχρεων</span> <span class='ocrx_word' id='word_1_107' title='bbox 756 1555 953 1627; x_wconf 74' lang='grc' dir='ltr'>ἔχουσα</span> <span class='ocrx_word' id='word_1_108' title='bbox 975 1557 1067 1611; x_wconf 86' lang='grc' dir='ltr'><strong>τὸν</strong></span> <span class='ocrx_word' id='word_1_109' title='bbox 1096 1556 1313 1611; x_wconf 77' lang='grc' dir='ltr'>πάντων</span> <span class='ocrx_word' id='word_1_110' title='bbox 1341 1556 1643 1627; x_wconf 86' lang='grc' dir='ltr'>δανειστήν.</span> <span class='ocrx_word' id='word_1_111' title='bbox 1677 1557 1883 1621; x_wconf 86' lang='grc' dir='ltr'>Πάντες</span> <span class='ocrx_word' id='word_1_112' title='bbox 1912 1557 2009 1627; x_wconf 82' lang='grc' dir='ltr'><strong>μὲν</strong></span> 
     </span>
    </p>
   </div>
   <div class='ocr_carea' id='block_1_17' title="bbox 437 1646 2007 1722">
    <p class='ocr_par' dir='ltr' id='par_1_17' title="bbox 437 1646 2007 1722">
     <span class='ocr_line' id='line_1_17' title="bbox 437 1646 2007 1722; baseline 0.002 -22"><span class='ocrx_word' id='word_1_113' title='bbox 437 1646 556 1719; x_wconf 85' lang='grc' dir='ltr'>Θεῷ</span> <span class='ocrx_word' id='word_1_114' title='bbox 582 1648 960 1720; x_wconf 76' lang='grc' dir='ltr'>ὲποφείλομεν,</span> <span class='ocrx_word' id='word_1_115' title='bbox 991 1649 1074 1702; x_wconf 73' lang='grc' dir='ltr'>σοὶ</span> <span class='ocrx_word' id='word_1_116' title='bbox 1102 1649 1162 1702; x_wconf 79' lang='grc' dir='ltr'>δὲ</span> <span class='ocrx_word' id='word_1_117' title='bbox 1192 1650 1555 1719; x_wconf 82' lang='grc' dir='ltr'>ὲποφείλεται.</span> <span class='ocrx_word' id='word_1_118' title='bbox 1596 1652 1654 1704; x_wconf 88' lang='grc' dir='ltr'><strong>Ὀ</strong></span> <span class='ocrx_word' id='word_1_119' title='bbox 1686 1649 1795 1722; x_wconf 79' lang='grc' dir='ltr'>γὰρ</span> <span class='ocrx_word' id='word_1_120' title='bbox 1817 1649 2007 1714; x_wconf 81' lang='grc' dir='ltr'>εἰπὼν,</span> 
     </span>
    </p>
   </div>
   <div class='ocr_carea' id='block_1_18' title="bbox 444 1738 2010 1810">
    <p class='ocr_par' dir='ltr' id='par_1_18' title="bbox 444 1738 2010 1810">
     <span class='ocr_line' id='line_1_18' title="bbox 444 1738 2010 1810; baseline -0.001 -17"><span class='ocrx_word' id='word_1_121' title='bbox 444 1740 587 1807; x_wconf 80' lang='grc' dir='ltr'>Τίμα</span> <span class='ocrx_word' id='word_1_122' title='bbox 634 1738 742 1793; x_wconf 76' lang='grc' dir='ltr'><strong>τὸν</strong></span> <span class='ocrx_word' id='word_1_123' title='bbox 787 1739 1013 1808; x_wconf 83' lang='grc' dir='ltr'><strong>πατέρα</strong></span> <span class='ocrx_word' id='word_1_124' title='bbox 1057 1755 1172 1794; x_wconf 82' lang='grc' dir='ltr'>σου</span> <span class='ocrx_word' id='word_1_125' title='bbox 1228 1741 1329 1794; x_wconf 76' lang='grc' dir='ltr'><strong>καὶ</strong></span> <span class='ocrx_word' id='word_1_126' title='bbox 1376 1738 1493 1809; x_wconf 80' lang='grc' dir='ltr'><strong>τὴν</strong></span> <span class='ocrx_word' id='word_1_127' title='bbox 1534 1739 1784 1810; x_wconf 82' lang='grc' dir='ltr'>μητέρα,</span> <span class='ocrx_word' id='word_1_128' title='bbox 1831 1739 2010 1810; x_wconf 87' lang='grc' dir='ltr'>πολλῷ</span> 
     </span>
    </p>
   </div>
   <div class='ocr_carea' id='block_1_19' title="bbox 442 1830 2010 1905">
    <p class='ocr_par' dir='ltr' id='par_1_19' title="bbox 442 1830 2010 1905">
     <span class='ocr_line' id='line_1_19' title="bbox 442 1830 2010 1905; baseline 0.003 -21"><span class='ocrx_word' id='word_1_129' title='bbox 442 1831 643 1902; x_wconf 79' lang='grc' dir='ltr'>μᾶλλον</span> <span class='ocrx_word' id='word_1_130' title='bbox 674 1832 834 1896; x_wconf 81' lang='grc' dir='ltr'>αὐτὸς</span> <span class='ocrx_word' id='word_1_131' title='bbox 876 1835 933 1887; x_wconf 83' lang='grc' dir='ltr'>ὲν</span> <span class='ocrx_word' id='word_1_132' title='bbox 964 1833 1173 1895; x_wconf 82' lang='grc' dir='ltr'><strong>τούτοις</strong></span> <span class='ocrx_word' id='word_1_133' title='bbox 1214 1830 1563 1897; x_wconf 72' lang='grc' dir='ltr'>ἐξετάζεσθαι</span> <span class='ocrx_word' id='word_1_134' title='bbox 1601 1833 1874 1905; x_wconf 82' lang='grc' dir='ltr'>ἐλόμενος,</span> <span class='ocrx_word' id='word_1_135' title='bbox 1909 1851 2010 1903; x_wconf 86' lang='grc' dir='ltr'><strong>φυ-</strong></span> 
     </span>
    </p>
   </div>
   <div class='ocr_carea' id='block_1_20' title="bbox 2112 624 3676 695">
    <p class='ocr_par' dir='ltr' id='par_1_20' title="bbox 2112 624 3676 695">
     <span class='ocr_line' id='line_1_20' title="bbox 2112 624 3676 695; baseline -0.004 -12"><span class='ocrx_word' id='word_1_136' title='bbox 2112 627 2536 683; x_wconf 83' lang='lat' dir='ltr'><strong>immortalitatis</strong></span> <span class='ocrx_word' id='word_1_137' title='bbox 2557 625 2842 681; x_wconf 90' lang='lat' dir='ltr'><strong>scaturivit</strong></span> <span class='ocrx_word' id='word_1_138' title='bbox 2867 644 2879 678; x_wconf 93' lang='lat'>:</span> <span class='ocrx_word' id='word_1_139' title='bbox 2915 624 3350 694; x_wconf 88' lang='lat' dir='ltr'><strong>pr0pitiatorium</strong></span> <span class='ocrx_word' id='word_1_140' title='bbox 3381 624 3450 690; x_wconf 76' lang='grc'><strong>⁸³,</strong></span> <span class='ocrx_word' id='word_1_141' title='bbox 3478 641 3542 680; x_wconf 75' lang='lat' dir='ltr'><strong>ex</strong></span> <span class='ocrx_word' id='word_1_142' title='bbox 3569 643 3676 695; x_wconf 78' lang='lat' dir='ltr'><strong>quo</strong></span> 
     </span>
    </p>
   </div>
   <div class='ocr_carea' id='block_1_21' title="bbox 2111 718 3674 790">
    <p class='ocr_par' dir='ltr' id='par_1_21' title="bbox 2111 718 3674 790">
     <span class='ocr_line' id='line_1_21' title="bbox 2111 718 3674 790; baseline 0 -17"><span class='ocrx_word' id='word_1_143' title='bbox 2111 719 2286 787; x_wconf 83' lang='lat' dir='ltr'><strong>Deus,</strong></span> <span class='ocrx_word' id='word_1_144' title='bbox 2342 720 2512 773; x_wconf 80' lang='lat' dir='ltr'><strong>forma</strong></span> <span class='ocrx_word' id='word_1_145' title='bbox 2564 720 2837 784; x_wconf 89' lang='lat' dir='ltr'><strong>humana,</strong></span> <span class='ocrx_word' id='word_1_146' title='bbox 2879 720 3063 790; x_wconf 82' lang='lat' dir='ltr'><strong>generi</strong></span> <span class='ocrx_word' id='word_1_147' title='bbox 3102 720 3341 774; x_wconf 85' lang='lat' dir='ltr'><strong>humano</strong></span> <span class='ocrx_word' id='word_1_148' title='bbox 3395 718 3674 773; x_wconf 82' lang='lat' dir='ltr'><strong>innoutit:</strong></span> 
     </span>
    </p>
   </div>
   <div class='ocr_carea' id='block_1_22' title="bbox 2110 810 3678 882">
    <p class='ocr_par' dir='ltr' id='par_1_22' title="bbox 2110 810 3678 882">
     <span class='ocr_line' id='line_1_22' title="bbox 2110 810 3678 882; baseline -0.003 -15"><span class='ocrx_word' id='word_1_149' title='bbox 2110 813 2277 868; x_wconf 86' lang='lat' dir='ltr'><strong>vestis</strong></span> <span class='ocrx_word' id='word_1_150' title='bbox 2304 813 2422 867; x_wconf 89' lang='lat' dir='ltr'><strong>sine</strong></span> <span class='ocrx_word' id='word_1_151' title='bbox 2453 812 2687 875; x_wconf 78' lang='lat' dir='ltr'><strong>macula,</strong></span> <span class='ocrx_word' id='word_1_152' title='bbox 2706 812 2825 882; x_wconf 85' lang='lat' dir='ltr'><strong>ejus</strong></span> <span class='ocrx_word' id='word_1_153' title='bbox 2846 813 2934 882; x_wconf 90' lang='lat' dir='ltr'><strong>qui</strong></span> <span class='ocrx_word' id='word_1_154' title='bbox 2963 810 3134 865; x_wconf 85' lang='lat' dir='ltr'><strong>induit</strong></span> <span class='ocrx_word' id='word_1_155' title='bbox 3158 810 3331 866; x_wconf 83' lang='lat' dir='ltr'><strong>lumen</strong></span> <span class='ocrx_word' id='word_1_156' title='bbox 3362 811 3495 865; x_wconf 83' lang='lat' dir='ltr'><strong>sicut</strong></span> <span class='ocrx_word' id='word_1_157' title='bbox 3526 811 3678 864; x_wconf 80' lang='lat' dir='ltr'><strong>cesti-</strong></span> 
     </span>
    </p>
   </div>
   <div class='ocr_carea' id='block_1_23' title="bbox 2112 902 3678 976">
    <p class='ocr_par' dir='ltr' id='par_1_23' title="bbox 2112 902 3678 976">
     <span class='ocr_line' id='line_1_23' title="bbox 2112 902 3678 976; baseline -0.003 -17"><span class='ocrx_word' id='word_1_158' title='bbox 2112 915 2340 959; x_wconf 83' lang='lat' dir='ltr'><strong>mentum</strong></span> <span class='ocrx_word' id='word_1_159' title='bbox 2373 905 2442 960; x_wconf 70' lang='lat'><strong>“.</strong></span> <span class='ocrx_word' id='word_1_160' title='bbox 2467 903 2546 958; x_wconf 89' lang='lat' dir='ltr'><strong>Tu</strong></span> <span class='ocrx_word' id='word_1_161' title='bbox 2569 906 2771 961; x_wconf 87' lang='lat' dir='ltr'><strong>nullius</strong></span> <span class='ocrx_word' id='word_1_162' title='bbox 2806 904 3068 976; x_wconf 78' lang='lat' dir='ltr'><strong>indigenti</strong></span> <span class='ocrx_word' id='word_1_163' title='bbox 3108 902 3236 965; x_wconf 88' lang='lat' dir='ltr'><strong>Deo,</strong></span> <span class='ocrx_word' id='word_1_164' title='bbox 3269 918 3488 957; x_wconf 83' lang='lat' dir='ltr'><strong>carnem</strong></span> <span class='ocrx_word' id='word_1_165' title='bbox 3515 917 3678 971; x_wconf 85' lang='lat' dir='ltr'><strong>quam</strong></span> 
     </span>
    </p>
   </div>
   <div class='ocr_carea' id='block_1_24' title="bbox 2111 994 3679 1065">
    <p class='ocr_par' dir='ltr' id='par_1_24' title="bbox 2111 994 3679 1065">
     <span class='ocr_line' id='line_1_24' title="bbox 2111 994 3679 1065; baseline -0.001 -16"><span class='ocrx_word' id='word_1_166' title='bbox 2111 1011 2219 1050; x_wconf 88' lang='lat' dir='ltr'><strong>non</strong></span> <span class='ocrx_word' id='word_1_167' title='bbox 2252 995 2519 1061; x_wconf 85' lang='lat' dir='ltr'><strong>habebat,</strong></span> <span class='ocrx_word' id='word_1_168' title='bbox 2554 994 2796 1050; x_wconf 78' lang='lat' dir='ltr'><strong>fenerata</strong></span> <span class='ocrx_word' id='word_1_169' title='bbox 2823 1012 2900 1061; x_wconf 79' lang='lat' dir='ltr'><strong>es,</strong></span> <span class='ocrx_word' id='word_1_170' title='bbox 2930 1009 3037 1065; x_wconf 88' lang='lat' dir='ltr'><strong>qua</strong></span> <span class='ocrx_word' id='word_1_171' title='bbox 3070 994 3283 1049; x_wconf 89' lang='lat' dir='ltr'><strong>tandem</strong></span> <span class='ocrx_word' id='word_1_172' title='bbox 3333 995 3679 1063; x_wconf 85' lang='lat' dir='ltr'><strong>omnipotens</strong></span> 
     </span>
    </p>
   </div>
   <div class='ocr_carea' id='block_1_25' title="bbox 2110 1084 3679 1160">
    <p class='ocr_par' dir='ltr' id='par_1_25' title="bbox 2110 1084 3679 1160">
     <span class='ocr_line' id='line_1_25' title="bbox 2110 1084 3679 1160; baseline -0.001 -19"><span class='ocrx_word' id='word_1_173' title='bbox 2110 1087 2236 1160; x_wconf 69' lang='grc' dir='ltr'>ἤιε,</span> <span class='ocrx_word' id='word_1_174' title='bbox 2270 1086 2412 1156; x_wconf 90' lang='lat' dir='ltr'><strong>quod</strong></span> <span class='ocrx_word' id='word_1_175' title='bbox 2439 1085 2752 1141; x_wconf 76' lang='lat' dir='ltr'><strong>decreverat</strong></span> <span class='ocrx_word' id='word_1_176' title='bbox 2776 1085 2892 1141; x_wconf 79' lang='lat' dir='ltr'><strong>ﬁeri</strong></span> <span class='ocrx_word' id='word_1_177' title='bbox 2915 1126 2930 1150; x_wconf 92' lang='lat'><strong>,</strong></span> <span class='ocrx_word' id='word_1_178' title='bbox 2964 1087 3125 1141; x_wconf 91' lang='lat' dir='ltr'><strong>homo</strong></span> <span class='ocrx_word' id='word_1_179' title='bbox 3167 1095 3332 1141; x_wconf 90' lang='lat' dir='ltr'><strong>esset.</strong></span> <span class='ocrx_word' id='word_1_180' title='bbox 3390 1084 3530 1151; x_wconf 84' lang='lat' dir='ltr'><strong>Quid</strong></span> <span class='ocrx_word' id='word_1_181' title='bbox 3576 1084 3679 1139; x_wconf 87' lang='lat' dir='ltr'><strong>hoc</strong></span> 
     </span>
    </p>
   </div>
   <div class='ocr_carea' id='block_1_26' title="bbox 2110 1173 3682 1247">
    <p class='ocr_par' dir='ltr' id='par_1_26' title="bbox 2110 1173 3682 1247">
     <span class='ocr_line' id='line_1_26' title="bbox 2110 1173 3682 1247; baseline -0.001 -16"><span class='ocrx_word' id='word_1_182' title='bbox 2110 1175 2485 1247; x_wconf 86' lang='lat' dir='ltr'><strong>splendidius?</strong></span> <span class='ocrx_word' id='word_1_183' title='bbox 2533 1173 2674 1240; x_wconf 86' lang='lat' dir='ltr'><strong>Quid</strong></span> <span class='ocrx_word' id='word_1_184' title='bbox 2722 1174 2826 1228; x_wconf 90' lang='lat' dir='ltr'><strong>hoc</strong></span> <span class='ocrx_word' id='word_1_185' title='bbox 2876 1174 3205 1230; x_wconf 77' lang='lat' dir='ltr'><strong>sublimius?</strong></span> <span class='ocrx_word' id='word_1_186' title='bbox 3246 1173 3349 1239; x_wconf 83' lang='lat' dir='ltr'><strong>Qui</strong></span> <span class='ocrx_word' id='word_1_187' title='bbox 3396 1174 3595 1227; x_wconf 57' lang='lat' dir='ltr'><strong>coelum</strong></span> <span class='ocrx_word' id='word_1_188' title='bbox 3626 1180 3682 1229; x_wconf 89' lang='lat' dir='ltr'><strong>et</strong></span> 
     </span>
    </p>
   </div>
   <div class='ocr_carea' id='block_1_27' title="bbox 2108 1265 3676 1337">
    <p class='ocr_par' dir='ltr' id='par_1_27' title="bbox 2108 1265 3676 1337">
     <span class='ocr_line' id='line_1_27' title="bbox 2108 1265 3676 1337; baseline -0.001 -15"><span class='ocrx_word' id='word_1_189' title='bbox 2108 1279 2310 1324; x_wconf 85' lang='lat' dir='ltr'><strong>terram</strong></span> <span class='ocrx_word' id='word_1_190' title='bbox 2344 1267 2530 1337; x_wconf 87' lang='lat' dir='ltr'><strong>implet</strong></span> <span class='ocrx_word' id='word_1_191' title='bbox 2557 1266 2632 1328; x_wconf 77' lang='lat'><strong>&quot;,</strong></span> <span class='ocrx_word' id='word_1_192' title='bbox 2679 1265 2839 1336; x_wconf 81' lang='lat' dir='ltr'><strong>cujus</strong></span> <span class='ocrx_word' id='word_1_193' title='bbox 2881 1266 3105 1322; x_wconf 89' lang='lat' dir='ltr'><strong>ditionis</strong></span> <span class='ocrx_word' id='word_1_194' title='bbox 3147 1273 3276 1321; x_wconf 91' lang='lat' dir='ltr'><strong>sunt</strong></span> <span class='ocrx_word' id='word_1_195' title='bbox 3322 1281 3409 1321; x_wconf 90' lang='lat' dir='ltr'><strong>res</strong></span> <span class='ocrx_word' id='word_1_196' title='bbox 3449 1280 3676 1327; x_wconf 87' lang='lat' dir='ltr'><strong>omnes,</strong></span> 
     </span>
    </p>
   </div>
   <div class='ocr_carea' id='block_1_28' title="bbox 2112 1355 3681 1428">
    <p class='ocr_par' dir='ltr' id='par_1_28' title="bbox 2112 1355 3681 1428">
     <span class='ocr_line' id='line_1_28' title="bbox 2112 1355 3681 1428; baseline -0.001 -17"><span class='ocrx_word' id='word_1_197' title='bbox 2112 1358 2187 1411; x_wconf 92' lang='lat' dir='ltr'><strong>tui</strong></span> <span class='ocrx_word' id='word_1_198' title='bbox 2229 1357 2447 1428; x_wconf 79' lang='lat' dir='ltr'><strong>indigus</strong></span> <span class='ocrx_word' id='word_1_199' title='bbox 2485 1355 2713 1411; x_wconf 80' lang='lat' dir='ltr'><strong>efﬁcitur</strong></span> <span class='ocrx_word' id='word_1_200' title='bbox 2747 1376 2759 1411; x_wconf 94' lang='lat'>:</span> <span class='ocrx_word' id='word_1_201' title='bbox 2790 1356 2991 1427; x_wconf 88' lang='lat' dir='ltr'><strong>quippe</strong></span> <span class='ocrx_word' id='word_1_202' title='bbox 3035 1355 3145 1413; x_wconf 89' lang='lat' dir='ltr'><strong>Deo</strong></span> <span class='ocrx_word' id='word_1_203' title='bbox 3184 1357 3424 1412; x_wconf 82' lang='lat' dir='ltr'><strong>fenerata</strong></span> <span class='ocrx_word' id='word_1_204' title='bbox 3453 1372 3513 1412; x_wconf 87' lang='lat' dir='ltr'><strong>es</strong></span> <span class='ocrx_word' id='word_1_205' title='bbox 3555 1373 3681 1412; x_wconf 84' lang='lat' dir='ltr'><strong>car-</strong></span> 
     </span>
    </p>
   </div>
   <div class='ocr_carea' id='block_1_29' title="bbox 2111 1447 3680 1519">
    <p class='ocr_par' dir='ltr' id='par_1_29' title="bbox 2111 1447 3680 1519">
     <span class='ocr_line' id='line_1_29' title="bbox 2111 1447 3680 1519; baseline 0 -16"><span class='ocrx_word' id='word_1_206' title='bbox 2111 1464 2257 1513; x_wconf 87' lang='lat' dir='ltr'><strong>nem,</strong></span> <span class='ocrx_word' id='word_1_207' title='bbox 2286 1464 2447 1519; x_wconf 88' lang='lat' dir='ltr'><strong>quam</strong></span> <span class='ocrx_word' id='word_1_208' title='bbox 2475 1463 2582 1502; x_wconf 92' lang='lat' dir='ltr'><strong>non</strong></span> <span class='ocrx_word' id='word_1_209' title='bbox 2608 1447 2862 1504; x_wconf 84' lang='lat' dir='ltr'><strong>habebat.</strong></span> <span class='ocrx_word' id='word_1_210' title='bbox 2895 1447 2974 1502; x_wconf 93' lang='lat' dir='ltr'><strong>Tu</strong></span> <span class='ocrx_word' id='word_1_211' title='bbox 3003 1455 3277 1518; x_wconf 89' lang='lat' dir='ltr'><strong>potentem</strong></span> <span class='ocrx_word' id='word_1_212' title='bbox 3310 1447 3460 1502; x_wconf 80' lang='lat' dir='ltr'><strong>iilum</strong></span> <span class='ocrx_word' id='word_1_213' title='bbox 3482 1449 3680 1503; x_wconf 88' lang='lat' dir='ltr'><strong>decora</strong></span> 
     </span>
    </p>
   </div>
   <div class='ocr_carea' id='block_1_30' title="bbox 2111 1541 3680 1612">
    <p class='ocr_par' dir='ltr' id='par_1_30' title="bbox 2111 1541 3680 1612">
     <span class='ocr_line' id='line_1_30' title="bbox 2111 1541 3680 1612; baseline 0.001 -16"><span class='ocrx_word' id='word_1_214' title='bbox 2111 1545 2359 1612; x_wconf 88' lang='lat' dir='ltr'><strong>corporis</strong></span> <span class='ocrx_word' id='word_1_215' title='bbox 2385 1552 2664 1596; x_wconf 76' lang='lat' dir='ltr'><strong>armatura</strong></span> <span class='ocrx_word' id='word_1_216' title='bbox 2693 1541 2916 1597; x_wconf 84' lang='lat' dir='ltr'><strong>induisti</strong></span> <span class='ocrx_word' id='word_1_217' title='bbox 2940 1582 2953 1606; x_wconf 91' lang='lat'><strong>,</strong></span> <span class='ocrx_word' id='word_1_218' title='bbox 2978 1557 3086 1612; x_wconf 89' lang='lat' dir='ltr'><strong>qua</strong></span> <span class='ocrx_word' id='word_1_219' title='bbox 3116 1549 3170 1597; x_wconf 90' lang='lat' dir='ltr'><strong>et</strong></span> <span class='ocrx_word' id='word_1_220' title='bbox 3191 1542 3238 1597; x_wconf 89' lang='lat' dir='ltr'><strong>is</strong></span> <span class='ocrx_word' id='word_1_221' title='bbox 3263 1541 3395 1595; x_wconf 90' lang='lat' dir='ltr'><strong>mihi</strong></span> <span class='ocrx_word' id='word_1_222' title='bbox 3436 1542 3680 1598; x_wconf 90' lang='lat' dir='ltr'><strong>redditus</strong></span> 
     </span>
    </p>
   </div>
   <div class='ocr_carea' id='block_1_31' title="bbox 2111 1630 3682 1701">
    <p class='ocr_par' dir='ltr' id='par_1_31' title="bbox 2111 1630 3682 1701">
     <span class='ocr_line' id='line_1_31' title="bbox 2111 1630 3682 1701; baseline -0.001 -15"><span class='ocrx_word' id='word_1_223' title='bbox 2111 1639 2195 1686; x_wconf 87' lang='lat' dir='ltr'><strong>est</strong></span> <span class='ocrx_word' id='word_1_224' title='bbox 2234 1631 2409 1688; x_wconf 90' lang='lat' dir='ltr'><strong>oculis</strong></span> <span class='ocrx_word' id='word_1_225' title='bbox 2452 1630 2835 1701; x_wconf 88' lang='lat' dir='ltr'><strong>aspectabilis;</strong></span> <span class='ocrx_word' id='word_1_226' title='bbox 2881 1631 3105 1701; x_wconf 89' lang='lat' dir='ltr'><strong>ipseque</strong></span> <span class='ocrx_word' id='word_1_227' title='bbox 3162 1637 3221 1685; x_wconf 94' lang='lat' dir='ltr'><strong>ut</strong></span> <span class='ocrx_word' id='word_1_228' title='bbox 3255 1631 3423 1687; x_wconf 89' lang='lat' dir='ltr'><strong>libere</strong></span> <span class='ocrx_word' id='word_1_229' title='bbox 3452 1631 3682 1685; x_wconf 81' lang='lat' dir='ltr'><strong>intuitu-</strong></span> 
     </span>
    </p>
   </div>
   <div class='ocr_carea' id='block_1_32' title="bbox 2112 1722 3681 1794">
    <p class='ocr_par' dir='ltr' id='par_1_32' title="bbox 2112 1722 3681 1794">
     <span class='ocr_line' id='line_1_32' title="bbox 2112 1722 3681 1794; baseline 0.001 -18"><span class='ocrx_word' id='word_1_230' title='bbox 2112 1739 2207 1778; x_wconf 92' lang='lat' dir='ltr'><strong>rus</strong></span> <span class='ocrx_word' id='word_1_231' title='bbox 2230 1722 2437 1794; x_wconf 84' lang='lat' dir='ltr'><strong>possim</strong></span> <span class='ocrx_word' id='word_1_232' title='bbox 2469 1722 2748 1786; x_wconf 85' lang='lat' dir='ltr'><strong>accedere,</strong></span> <span class='ocrx_word' id='word_1_233' title='bbox 2775 1722 2980 1791; x_wconf 90' lang='lat' dir='ltr'><strong>accepi,</strong></span> <span class='ocrx_word' id='word_1_234' title='bbox 3000 1737 3107 1792; x_wconf 88' lang='lat' dir='ltr'><strong>qua</strong></span> <span class='ocrx_word' id='word_1_235' title='bbox 3130 1722 3292 1777; x_wconf 89' lang='lat' dir='ltr'><strong>etiam</strong></span> <span class='ocrx_word' id='word_1_236' title='bbox 3349 1724 3526 1777; x_wconf 81' lang='lat' dir='ltr'><strong>omnia</strong></span> <span class='ocrx_word' id='word_1_237' title='bbox 3550 1724 3681 1778; x_wconf 85' lang='lat' dir='ltr'><strong>mali</strong></span> 
     </span>
    </p>
   </div>
   <div class='ocr_carea' id='block_1_33' title="bbox 2112 1814 3680 1887">
    <p class='ocr_par' dir='ltr' id='par_1_33' title="bbox 2112 1814 3680 1887">
     <span class='ocr_line' id='line_1_33' title="bbox 2112 1814 3680 1887; baseline 0.001 -18"><span class='ocrx_word' id='word_1_238' title='bbox 2112 1817 2259 1871; x_wconf 87' lang='lat' dir='ltr'><strong>illius</strong></span> <span class='ocrx_word' id='word_1_239' title='bbox 2288 1816 2456 1887; x_wconf 81' lang='lat' dir='ltr'><strong>ignita</strong></span> <span class='ocrx_word' id='word_1_240' title='bbox 2488 1815 2591 1869; x_wconf 81' lang='lat' dir='ltr'><strong>tela</strong></span> <span class='ocrx_word' id='word_1_241' title='bbox 2610 1815 2875 1885; x_wconf 72' lang='lat' dir='ltr'><strong>exstingui</strong></span> <span class='ocrx_word' id='word_1_242' title='bbox 2902 1814 3090 1868; x_wconf 84' lang='lat' dir='ltr'><strong>habent</strong></span> <span class='ocrx_word' id='word_1_243' title='bbox 3114 1816 3180 1871; x_wconf 76' lang='lat'><strong>’°.</strong></span> <span class='ocrx_word' id='word_1_244' title='bbox 3209 1814 3375 1887; x_wconf 81' lang='lat' dir='ltr'><strong>Euge,</strong></span> <span class='ocrx_word' id='word_1_245' title='bbox 3407 1831 3563 1886; x_wconf 83' lang='lat' dir='ltr'><strong>euge,</strong></span> <span class='ocrx_word' id='word_1_246' title='bbox 3586 1814 3680 1872; x_wconf 87' lang='lat' dir='ltr'><strong>Dei</strong></span> 
     </span>
    </p>
   </div>
   <div class='ocr_carea' id='block_1_34' title="bbox 436 1903 2017 1997">
    <p class='ocr_par' dir='ltr' id='par_1_34' title="bbox 436 1903 2008 1997">
     <span class='ocr_line' id='line_1_34' title="bbox 436 1903 2008 1997; baseline 0.001 -22"><span class='ocrx_word' id='word_1_247' title='bbox 436 1921 615 1988; x_wconf 83' lang='grc' dir='ltr'>λάξειε</span> <span class='ocrx_word' id='word_1_248' title='bbox 658 1922 755 1994; x_wconf 84' lang='grc' dir='ltr'>τὴν</span> <span class='ocrx_word' id='word_1_249' title='bbox 788 1922 949 1995; x_wconf 81' lang='grc' dir='ltr'>χάριν</span> <span class='ocrx_word' id='word_1_250' title='bbox 983 1924 1075 1977; x_wconf 77' lang='grc' dir='ltr'>καὶ</span> <span class='ocrx_word' id='word_1_251' title='bbox 1111 1924 1174 1977; x_wconf 85' lang='grc' dir='ltr'><strong>τὸ</strong></span> <span class='ocrx_word' id='word_1_252' title='bbox 1218 1923 1347 1977; x_wconf 81' lang='grc' dir='ltr'>ίδιον</span> <span class='ocrx_word' id='word_1_253' title='bbox 1379 1923 1556 1995; x_wconf 80' lang='grc' dir='ltr'><strong>δόγμα</strong></span> <span class='ocrx_word' id='word_1_254' title='bbox 1590 1927 1657 1994; x_wconf 82' lang='grc' dir='ltr'>τῇ</span> <span class='ocrx_word' id='word_1_255' title='bbox 1687 1903 2008 1997; x_wconf 82' lang='grc' dir='ltr'>διακονησα-</span> 
     </span>
    </p>
   </div>
   <div class='ocr_carea' id='block_1_35' title="bbox 2109 1903 3681 1997">
    <p class='ocr_par' dir='ltr' id='par_1_35' title="bbox 2112 1903 3681 1977">
     <span class='ocr_line' id='line_1_35' title="bbox 2112 1903 3681 1977; baseline 0.001 -17"><span class='ocrx_word' id='word_1_256' title='bbox 2112 1905 2281 1961; x_wconf 85' lang='lat' dir='ltr'><strong>Mater</strong></span> <span class='ocrx_word' id='word_1_257' title='bbox 2313 1906 2640 1975; x_wconf 88' lang='lat' dir='ltr'><strong>ancillaque.</strong></span> <span class='ocrx_word' id='word_1_258' title='bbox 2672 1903 2840 1976; x_wconf 86' lang='lat' dir='ltr'><strong>Euge,</strong></span> <span class='ocrx_word' id='word_1_259' title='bbox 2867 1920 3026 1977; x_wconf 91' lang='lat' dir='ltr'><strong>euge,</strong></span> <span class='ocrx_word' id='word_1_260' title='bbox 3058 1905 3145 1961; x_wconf 89' lang='lat' dir='ltr'><strong>cui</strong></span> <span class='ocrx_word' id='word_1_261' title='bbox 3173 1906 3264 1962; x_wconf 92' lang='lat' dir='ltr'><strong>ille</strong></span> <span class='ocrx_word' id='word_1_262' title='bbox 3294 1906 3536 1961; x_wconf 90' lang='lat' dir='ltr'><strong>omnium</strong></span> <span class='ocrx_word' id='word_1_263' title='bbox 3567 1921 3681 1961; x_wconf 83' lang='lat' dir='ltr'><strong>cre-</strong></span> 
     </span>
    </p>
   </div>
   <div class='ocr_carea' id='block_1_36' title="bbox 439 2012 2011 2087">
    <p class='ocr_par' dir='ltr' id='par_1_36' title="bbox 439 2012 2011 2087">
     <span class='ocr_line' id='line_1_36' title="bbox 439 2012 2011 2087; baseline 0.001 -21"><span class='ocrx_word' id='word_1_264' title='bbox 439 2012 576 2085; x_wconf 83' lang='grc' dir='ltr'>μένῃ</span> <span class='ocrx_word' id='word_1_265' title='bbox 602 2013 700 2085; x_wconf 78' lang='grc' dir='ltr'><strong>τὴν</strong></span> <span class='ocrx_word' id='word_1_266' title='bbox 734 2012 1058 2086; x_wconf 77' lang='grc' dir='ltr'>αὐθαίρετον</span> <span class='ocrx_word' id='word_1_267' title='bbox 1094 2012 1367 2084; x_wconf 77' lang='grc' dir='ltr'>γέννησιν,</span> <span class='ocrx_word' id='word_1_268' title='bbox 1391 2015 1485 2068; x_wconf 75' lang='grc' dir='ltr'><strong>καὶ</strong></span> <span class='ocrx_word' id='word_1_269' title='bbox 1516 2013 1757 2078; x_wconf 79' lang='grc' dir='ltr'>δοξάσειε</span> <span class='ocrx_word' id='word_1_270' title='bbox 1786 2015 2011 2087; x_wconf 85' lang='grc' dir='ltr'>θεοπρε-</span> 
     </span>
    </p>
   </div>
   <div class='ocr_carea' id='block_1_37' title="bbox 436 2102 2011 2177">
    <p class='ocr_par' dir='ltr' id='par_1_37' title="bbox 436 2102 2011 2177">
     <span class='ocr_line' id='line_1_37' title="bbox 436 2102 2011 2177; baseline 0.004 -22"><span class='ocrx_word' id='word_1_271' title='bbox 436 2102 573 2168; x_wconf 83' lang='grc' dir='ltr'>πῶς,</span> <span class='ocrx_word' id='word_1_272' title='bbox 607 2106 673 2174; x_wconf 79' lang='grc' dir='ltr'>ἣν</span> <span class='ocrx_word' id='word_1_273' title='bbox 714 2105 1062 2175; x_wconf 63' lang='grc' dir='ltr'>ἐπεγράψατο</span> <span class='ocrx_word' id='word_1_274' title='bbox 1097 2105 1325 2175; x_wconf 85' lang='grc' dir='ltr'><strong>ἀπάτωρ</strong></span> <span class='ocrx_word' id='word_1_275' title='bbox 1348 2104 1423 2169; x_wconf 87' lang='grc' dir='ltr'><strong>ὡς</strong></span> <span class='ocrx_word' id='word_1_276' title='bbox 1470 2104 1727 2176; x_wconf 87' lang='grc' dir='ltr'>ἄνανδρον</span> <span class='ocrx_word' id='word_1_277' title='bbox 1760 2105 2011 2177; x_wconf 80' lang='grc' dir='ltr'>Μητέρα.</span> 
     </span>
    </p>
   </div>
   <div class='ocr_carea' id='block_1_38' title="bbox 440 2196 2012 2269">
    <p class='ocr_par' dir='ltr' id='par_1_38' title="bbox 440 2196 2012 2269">
     <span class='ocr_line' id='line_1_38' title="bbox 440 2196 2012 2269; baseline 0.002 -21"><span class='ocrx_word' id='word_1_278' title='bbox 440 2196 631 2248; x_wconf 83' lang='grc' dir='ltr'>Ἔσται</span> <span class='ocrx_word' id='word_1_279' title='bbox 679 2196 856 2249; x_wconf 80' lang='grc' dir='ltr'>τοίνυν</span> <span class='ocrx_word' id='word_1_280' title='bbox 893 2196 1067 2250; x_wconf 80' lang='grc' dir='ltr'>ταῦτα</span> <span class='ocrx_word' id='word_1_281' title='bbox 1112 2196 1306 2261; x_wconf 71' lang='grc' dir='ltr'>οὕτως,</span> <span class='ocrx_word' id='word_1_282' title='bbox 1340 2197 1510 2251; x_wconf 79' lang='grc' dir='ltr'>ἔσται.</span> <span class='ocrx_word' id='word_1_283' title='bbox 1544 2198 1618 2250; x_wconf 79' lang='grc' dir='ltr'><strong>Οὐ</strong></span> <span class='ocrx_word' id='word_1_284' title='bbox 1657 2198 1766 2269; x_wconf 82' lang='grc' dir='ltr'><strong>γὰρ</strong></span> <span class='ocrx_word' id='word_1_285' title='bbox 1807 2197 2012 2269; x_wconf 76' lang='grc' dir='ltr'>κομψο-</span> 
     </span>
    </p>
   </div>
   <div class='ocr_carea' id='block_1_39' title="bbox 435 2287 2009 2365">
    <p class='ocr_par' dir='ltr' id='par_1_39' title="bbox 435 2287 2009 2365">
     <span class='ocr_line' id='line_1_39' title="bbox 435 2287 2009 2365; baseline 0.004 -28"><span class='ocrx_word' id='word_1_286' title='bbox 435 2287 624 2349; x_wconf 89' lang='grc' dir='ltr'>επείας</span> <span class='ocrx_word' id='word_1_287' title='bbox 642 2287 890 2358; x_wconf 84' lang='grc' dir='ltr'>ἀκάρπου</span> <span class='ocrx_word' id='word_1_288' title='bbox 908 2288 955 2341; x_wconf 81' lang='lat' dir='ltr'><strong>oi</strong></span> <span class='ocrx_word' id='word_1_289' title='bbox 976 2287 1374 2360; x_wconf 74' lang='grc' dir='ltr'>προσαχθέντες</span> <span class='ocrx_word' id='word_1_290' title='bbox 1397 2305 1479 2365; x_wconf 45' lang='grc' dir='ltr'>σοοι</span> <span class='ocrx_word' id='word_1_291' title='bbox 1501 2291 1629 2361; x_wconf 83' lang='grc' dir='ltr'>παρ’</span> <span class='ocrx_word' id='word_1_292' title='bbox 1653 2291 1685 2360; x_wconf 81' lang='grc' dir='ltr'>ἡ</span> <span class='ocrx_word' id='word_1_293' title='bbox 1693 2288 1806 2360; x_wconf 84' lang='grc' dir='ltr'>μῶν</span> <span class='ocrx_word' id='word_1_294' title='bbox 1829 2289 2009 2360; x_wconf 71' lang='grc' dir='ltr'>ὕμνοι,</span> 
     </span>
    </p>
   </div>
   <div class='ocr_carea' id='block_1_40' title="bbox 435 2378 2007 2454">
    <p class='ocr_par' dir='ltr' id='par_1_40' title="bbox 435 2378 2007 2454">
     <span class='ocr_line' id='line_1_40' title="bbox 435 2378 2007 2454; baseline 0.004 -25"><span class='ocrx_word' id='word_1_295' title='bbox 435 2378 843 2446; x_wconf 84' lang='grc' dir='ltr'>παναγιώτατον</span> <span class='ocrx_word' id='word_1_296' title='bbox 876 2381 967 2434; x_wconf 77' lang='grc' dir='ltr'>καὶ</span> <span class='ocrx_word' id='word_1_297' title='bbox 999 2380 1326 2449; x_wconf 79' lang='grc' dir='ltr'>ἀξιάγαστον</span> <span class='ocrx_word' id='word_1_298' title='bbox 1364 2381 1457 2434; x_wconf 88' lang='grc' dir='ltr'>τοῦ</span> <span class='ocrx_word' id='word_1_299' title='bbox 1493 2381 1627 2436; x_wconf 87' lang='grc' dir='ltr'><strong>Θεοῦ</strong></span> <span class='ocrx_word' id='word_1_300' title='bbox 1659 2382 2007 2454; x_wconf 78' lang='grc' dir='ltr'>ἐνδιαίτημα·</span> 
     </span>
    </p>
   </div>
   <div class='ocr_carea' id='block_1_41' title="bbox 434 2464 2010 2542">
    <p class='ocr_par' dir='ltr' id='par_1_41' title="bbox 434 2464 2010 2542">
     <span class='ocr_line' id='line_1_41' title="bbox 434 2464 2010 2542; baseline 0.004 -22"><span class='ocrx_word' id='word_1_301' title='bbox 434 2469 544 2522; x_wconf 77' lang='grc' dir='ltr'>οὐδ’</span> <span class='ocrx_word' id='word_1_302' title='bbox 569 2464 637 2521; x_wconf 83' lang='grc' dir='ltr'>αὗ</span> <span class='ocrx_word' id='word_1_303' title='bbox 666 2470 939 2540; x_wconf 83' lang='grc' dir='ltr'>κοσμικῆς</span> <span class='ocrx_word' id='word_1_304' title='bbox 964 2470 1313 2542; x_wconf 88' lang='grc' dir='ltr'>λογολεσχίας</span> <span class='ocrx_word' id='word_1_305' title='bbox 1346 2472 1441 2526; x_wconf 76' lang='grc' dir='ltr'>καὶ</span> <span class='ocrx_word' id='word_1_306' title='bbox 1462 2470 1884 2542; x_wconf 78' lang='grc' dir='ltr'>ψευδαρεσκείας</span> <span class='ocrx_word' id='word_1_307' title='bbox 1913 2474 2010 2527; x_wconf 90' lang='grc' dir='ltr'>λα-</span> 
     </span>
    </p>
   </div>
   <div class='ocr_carea' id='block_1_42' title="bbox 437 2561 2008 2635">
    <p class='ocr_par' dir='ltr' id='par_1_42' title="bbox 437 2561 2008 2635">
     <span class='ocr_line' id='line_1_42' title="bbox 437 2561 2008 2635; baseline 0.003 -22"><span class='ocrx_word' id='word_1_308' title='bbox 437 2561 786 2632; x_wconf 88' lang='grc' dir='ltr'>ρυγγίσματα</span> <span class='ocrx_word' id='word_1_309' title='bbox 822 2563 851 2616; x_wconf 91' lang='lat'><strong>6</strong></span> <span class='ocrx_word' id='word_1_310' title='bbox 881 2564 1248 2634; x_wconf 87' lang='grc' dir='ltr'>πνευματικός</span> <span class='ocrx_word' id='word_1_311' title='bbox 1279 2581 1372 2618; x_wconf 89' lang='grc' dir='ltr'><strong>σου</strong></span> <span class='ocrx_word' id='word_1_312' title='bbox 1404 2563 1591 2635; x_wconf 77' lang='grc' dir='ltr'>ὕμνος,</span> <span class='ocrx_word' id='word_1_313' title='bbox 1629 2563 2008 2632; x_wconf 84' lang='grc' dir='ltr'>Θεούπαίνετε,</span> 
     </span>
    </p>
   </div>
   <div class='ocr_carea' id='block_1_43' title="bbox 435 2650 2010 2728">
    <p class='ocr_par' dir='ltr' id='par_1_43' title="bbox 435 2650 2010 2728">
     <span class='ocr_line' id='line_1_43' title="bbox 435 2650 2010 2728; baseline 0.006 -26"><span class='ocrx_word' id='word_1_314' title='bbox 435 2650 530 2703; x_wconf 80' lang='grc' dir='ltr'><strong>καὶ</strong></span> <span class='ocrx_word' id='word_1_315' title='bbox 560 2650 691 2704; x_wconf 82' lang='grc' dir='ltr'>Θεὸν</span> <span class='ocrx_word' id='word_1_316' title='bbox 724 2650 921 2722; x_wconf 74' lang='grc' dir='ltr'>ἔχουσα</span> <span class='ocrx_word' id='word_1_317' title='bbox 950 2652 1273 2723; x_wconf 52' lang='grc' dir='ltr'>ὑπομεῖνςιον,</span> <span class='ocrx_word' id='word_1_318' title='bbox 1302 2654 1392 2709; x_wconf 80' lang='grc' dir='ltr'><strong>τὸν</strong></span> <span class='ocrx_word' id='word_1_319' title='bbox 1438 2657 1555 2719; x_wconf 86' lang='grc' dir='ltr'>τοῖς</span> <span class='ocrx_word' id='word_1_320' title='bbox 1596 2654 1805 2726; x_wconf 84' lang='grc' dir='ltr'>βροτοῖς</span> <span class='ocrx_word' id='word_1_321' title='bbox 1837 2657 2010 2728; x_wconf 85' lang='grc' dir='ltr'>ἀρχὴν</span> 
     </span>
    </p>
   </div>
   <div class='ocr_carea' id='block_1_44' title="bbox 433 2738 2011 2819">
    <p class='ocr_par' dir='ltr' id='par_1_44' title="bbox 433 2738 2011 2819">
     <span class='ocr_line' id='line_1_44' title="bbox 433 2738 2011 2819; baseline 0.005 -25"><span class='ocrx_word' id='word_1_322' title='bbox 433 2741 529 2795; x_wconf 81' lang='grc' dir='ltr'>τοῦ</span> <span class='ocrx_word' id='word_1_323' title='bbox 560 2738 698 2795; x_wconf 83' lang='grc' dir='ltr'>εἶναι</span> <span class='ocrx_word' id='word_1_324' title='bbox 742 2743 829 2797; x_wconf 89' lang='grc' dir='ltr'><strong>διά</strong></span> <span class='ocrx_word' id='word_1_325' title='bbox 870 2745 1175 2815; x_wconf 82' lang='grc' dir='ltr'>γεννήσεως</span> <span class='ocrx_word' id='word_1_326' title='bbox 1207 2746 1547 2817; x_wconf 83' lang='grc' dir='ltr'>παρέχοντα,</span> <span class='ocrx_word' id='word_1_327' title='bbox 1596 2747 1711 2801; x_wconf 85' lang='grc' dir='ltr'>ἀλλ’</span> <span class='ocrx_word' id='word_1_328' title='bbox 1748 2748 2011 2819; x_wconf 74' lang='grc' dir='ltr'>ἐναργοῦς</span> 
     </span>
    </p>
   </div>
   <div class='ocr_carea' id='block_1_45' title="bbox 434 2833 2010 2910">
    <p class='ocr_par' dir='ltr' id='par_1_45' title="bbox 434 2833 2010 2910">
     <span class='ocr_line' id='line_1_45' title="bbox 434 2833 2010 2910; baseline 0.004 -22"><span class='ocrx_word' id='word_1_329' title='bbox 434 2833 714 2907; x_wconf 79' lang='grc' dir='ltr'>ἀληθείας.</span> <span class='ocrx_word' id='word_1_330' title='bbox 757 2835 1054 2906; x_wconf 82' lang='grc' dir='ltr'>Ἐπιλείψει</span> <span class='ocrx_word' id='word_1_331' title='bbox 1103 2836 1212 2908; x_wconf 86' lang='grc' dir='ltr'>γὰρ</span> <span class='ocrx_word' id='word_1_332' title='bbox 1252 2840 1383 2909; x_wconf 83' lang='grc' dir='ltr'>ἡμῖν</span> <span class='ocrx_word' id='word_1_333' title='bbox 1426 2839 1455 2890; x_wconf 91' lang='lat'><strong>6</strong></span> <span class='ocrx_word' id='word_1_334' title='bbox 1512 2839 1700 2910; x_wconf 82' lang='grc' dir='ltr'>χρόνος</span> <span class='ocrx_word' id='word_1_335' title='bbox 1754 2840 1847 2893; x_wconf 76' lang='grc' dir='ltr'>καὶ</span> <span class='ocrx_word' id='word_1_336' title='bbox 1890 2844 2010 2906; x_wconf 85' lang='grc' dir='ltr'>ταῖς</span> 
     </span>
    </p>
   </div>
   <div class='ocr_carea' id='block_1_46' title="bbox 438 2925 2011 3004">
    <p class='ocr_par' dir='ltr' id='par_1_46' title="bbox 438 2925 2011 3004">
     <span class='ocr_line' id='line_1_46' title="bbox 438 2925 2011 3004; baseline 0.005 -26"><span class='ocrx_word' id='word_1_337' title='bbox 438 2925 731 2997; x_wconf 81' lang='grc' dir='ltr'>μετέπειτα</span> <span class='ocrx_word' id='word_1_338' title='bbox 762 2930 990 2995; x_wconf 86' lang='grc' dir='ltr'>γενεαῖς,</span> <span class='ocrx_word' id='word_1_339' title='bbox 1020 2928 1112 2982; x_wconf 78' lang='grc' dir='ltr'><strong>τὸν</strong></span> <span class='ocrx_word' id='word_1_340' title='bbox 1144 2929 1262 2982; x_wconf 77' lang='grc' dir='ltr'>κατ’</span> <span class='ocrx_word' id='word_1_341' title='bbox 1284 2929 1440 2996; x_wconf 80' lang='grc' dir='ltr'>ἀξίαν</span> <span class='ocrx_word' id='word_1_342' title='bbox 1473 2947 1554 2983; x_wconf 91' lang='grc' dir='ltr'><strong>σοι</strong></span> <span class='ocrx_word' id='word_1_343' title='bbox 1581 2930 1869 2985; x_wconf 79' lang='grc' dir='ltr'>ἀποδοῦναι</span> <span class='ocrx_word' id='word_1_344' title='bbox 1907 2950 2011 3004; x_wconf 91' lang='grc' dir='ltr'>μα-</span> 
     </span>
    </p>
   </div>
   <div class='ocr_carea' id='block_1_47' title="bbox 432 3017 2009 3090">
    <p class='ocr_par' dir='ltr' id='par_1_47' title="bbox 432 3017 2009 3090">
     <span class='ocr_line' id='line_1_47' title="bbox 432 3017 2009 3090; baseline 0.001 -17"><span class='ocrx_word' id='word_1_345' title='bbox 432 3017 703 3088; x_wconf 72' lang='grc' dir='ltr'>καρισμὸν</span> <span class='ocrx_word' id='word_1_346' title='bbox 734 3019 800 3088; x_wconf 85' lang='grc' dir='ltr'>τῇ</span> <span class='ocrx_word' id='word_1_347' title='bbox 835 3018 1019 3090; x_wconf 71' lang='grc' dir='ltr'>Μητρὶ</span> <span class='ocrx_word' id='word_1_348' title='bbox 1044 3018 1148 3072; x_wconf 85' lang='grc' dir='ltr'>τοῦ</span> <span class='ocrx_word' id='word_1_349' title='bbox 1180 3020 1485 3086; x_wconf 73' lang='grc' dir='ltr'>Βασιλέως</span> <span class='ocrx_word' id='word_1_350' title='bbox 1514 3018 1631 3073; x_wconf 78' lang='grc' dir='ltr'><strong>τῶν</strong></span> <span class='ocrx_word' id='word_1_351' title='bbox 1657 3020 1902 3085; x_wconf 75' lang='grc' dir='ltr'>αἰώνων,</span> <span class='ocrx_word' id='word_1_352' title='bbox 1934 3022 2009 3088; x_wconf 83' lang='grc' dir='ltr'>ὣς</span> 
     </span>
    </p>
   </div>
   <div class='ocr_carea' id='block_1_48' title="bbox 434 3109 2012 3185">
    <p class='ocr_par' dir='ltr' id='par_1_48' title="bbox 434 3109 2012 3185">
     <span class='ocr_line' id='line_1_48' title="bbox 434 3109 2012 3185; baseline 0.005 -24"><span class='ocrx_word' id='word_1_353' title='bbox 434 3124 538 3162; x_wconf 83' lang='grc' dir='ltr'><strong>που</strong></span> <span class='ocrx_word' id='word_1_354' title='bbox 563 3110 726 3180; x_wconf 77' lang='grc' dir='ltr'>φησὶν</span> <span class='ocrx_word' id='word_1_355' title='bbox 762 3110 791 3161; x_wconf 89' lang='lat'><strong>6</strong></span> <span class='ocrx_word' id='word_1_356' title='bbox 820 3109 1061 3181; x_wconf 82' lang='grc' dir='ltr'>ἀοίδιμος</span> <span class='ocrx_word' id='word_1_357' title='bbox 1090 3113 1391 3184; x_wconf 79' lang='grc' dir='ltr'>προφήτης,</span> <span class='ocrx_word' id='word_1_358' title='bbox 1425 3111 1495 3166; x_wconf 73' lang='grc' dir='ltr'>τὰ</span> <span class='ocrx_word' id='word_1_359' title='bbox 1526 3113 1626 3185; x_wconf 78' lang='grc' dir='ltr'>τῆς</span> <span class='ocrx_word' id='word_1_360' title='bbox 1664 3115 1762 3185; x_wconf 81' lang='grc' dir='ltr'>σῆς</span> <span class='ocrx_word' id='word_1_361' title='bbox 1803 3115 2012 3169; x_wconf 86' lang='grc' dir='ltr'>ἀκατα-</span> 
     </span>
    </p>
   </div>
   <div class='ocr_carea' id='block_1_49' title="bbox 434 3197 2005 3275">
    <p class='ocr_par' dir='ltr' id='par_1_49' title="bbox 434 3197 2005 3275">
     <span class='ocr_line' id='line_1_49' title="bbox 434 3197 2005 3275; baseline 0.006 -22"><span class='ocrx_word' id='word_1_362' title='bbox 434 3197 632 3271; x_wconf 66' lang='grc' dir='ltr'>ληψίας</span> <span class='ocrx_word' id='word_1_363' title='bbox 675 3201 822 3270; x_wconf 81' lang='grc' dir='ltr'>ἡμᾶς</span> <span class='ocrx_word' id='word_1_364' title='bbox 866 3200 1202 3255; x_wconf 84' lang='grc' dir='ltr'>ἐκπαιδεύων</span> <span class='ocrx_word' id='word_1_365' title='bbox 1224 3218 1236 3231; x_wconf 91' lang='grc'><strong>·</strong></span> <span class='ocrx_word' id='word_1_366' title='bbox 1280 3204 1372 3269; x_wconf 85' lang='grc' dir='ltr'>Ὡς</span> <span class='ocrx_word' id='word_1_367' title='bbox 1419 3205 1610 3274; x_wconf 77' lang='grc' dir='ltr'>μέγας</span> <span class='ocrx_word' id='word_1_368' title='bbox 1643 3210 1674 3260; x_wconf 83' lang='grc' dir='ltr'><em>ὁ</em></span> <span class='ocrx_word' id='word_1_369' title='bbox 1708 3202 1873 3275; x_wconf 73' lang='grc' dir='ltr'>οἶκος</span> <span class='ocrx_word' id='word_1_370' title='bbox 1900 3207 2005 3261; x_wconf 87' lang='grc' dir='ltr'>τοῦ</span> 
     </span>
    </p>
   </div>
   <div class='ocr_carea' id='block_1_50' title="bbox 2110 1996 3681 2069">
    <p class='ocr_par' dir='ltr' id='par_1_50' title="bbox 2110 1996 3681 2069">
     <span class='ocr_line' id='line_1_50' title="bbox 2110 1996 3681 2069; baseline 0.003 -18"><span class='ocrx_word' id='word_1_371' title='bbox 2110 1997 2275 2062; x_wconf 91' lang='lat' dir='ltr'><strong>ditor,</strong></span> <span class='ocrx_word' id='word_1_372' title='bbox 2313 1996 2526 2052; x_wconf 86' lang='lat' dir='ltr'><strong>debitor</strong></span> <span class='ocrx_word' id='word_1_373' title='bbox 2555 1997 2648 2053; x_wconf 90' lang='lat' dir='ltr'><strong>sit.</strong></span> <span class='ocrx_word' id='word_1_374' title='bbox 2698 1996 2809 2052; x_wconf 88' lang='lat' dir='ltr'><strong>Deo</strong></span> <span class='ocrx_word' id='word_1_375' title='bbox 2848 1997 3110 2053; x_wconf 88' lang='lat' dir='ltr'><strong>debemus</strong></span> <span class='ocrx_word' id='word_1_376' title='bbox 3144 2013 3333 2052; x_wconf 90' lang='lat' dir='ltr'><strong>omnes</strong></span> <span class='ocrx_word' id='word_1_377' title='bbox 3367 2017 3379 2052; x_wconf 90' lang='lat'><strong>:</strong></span> <span class='ocrx_word' id='word_1_378' title='bbox 3420 1999 3518 2053; x_wconf 89' lang='lat' dir='ltr'><strong>tibi</strong></span> <span class='ocrx_word' id='word_1_379' title='bbox 3562 1999 3681 2069; x_wconf 92' lang='lat' dir='ltr'><strong>ipse</strong></span> 
     </span>
    </p>
   </div>
   <div class='ocr_carea' id='block_1_51' title="bbox 2110 2085 3679 2158">
    <p class='ocr_par' dir='ltr' id='par_1_51' title="bbox 2110 2085 3679 2158">
     <span class='ocr_line' id='line_1_51' title="bbox 2110 2085 3679 2158; baseline 0.001 -16"><span class='ocrx_word' id='word_1_380' title='bbox 2110 2086 2407 2144; x_wconf 83' lang='lat' dir='ltr'><strong>obstrictus</strong></span> <span class='ocrx_word' id='word_1_381' title='bbox 2438 2095 2542 2143; x_wconf 90' lang='lat' dir='ltr'><strong>est.</strong></span> <span class='ocrx_word' id='word_1_382' title='bbox 2571 2085 2703 2141; x_wconf 89' lang='lat' dir='ltr'><strong>Nam</strong></span> <span class='ocrx_word' id='word_1_383' title='bbox 2737 2088 2829 2158; x_wconf 89' lang='lat' dir='ltr'><strong>qui</strong></span> <span class='ocrx_word' id='word_1_384' title='bbox 2859 2087 2997 2144; x_wconf 83' lang='lat' dir='ltr'><strong>dixit</strong></span> <span class='ocrx_word' id='word_1_385' title='bbox 3026 2106 3040 2144; x_wconf 88' lang='lat'><strong>:</strong></span> <span class='ocrx_word' id='word_1_386' title='bbox 3077 2088 3292 2143; x_wconf 83' lang='lat' dir='ltr'><strong>Honora</strong></span> <span class='ocrx_word' id='word_1_387' title='bbox 3313 2097 3513 2157; x_wconf 80' lang='lat' dir='ltr'><strong>patrem</strong></span> <span class='ocrx_word' id='word_1_388' title='bbox 3532 2099 3679 2143; x_wconf 86' lang='lat' dir='ltr'><strong>tuum</strong></span> 
     </span>
    </p>
   </div>
   <div class='ocr_carea' id='block_1_52' title="bbox 2108 2179 3680 2251">
    <p class='ocr_par' dir='ltr' id='par_1_52' title="bbox 2108 2179 3680 2251">
     <span class='ocr_line' id='line_1_52' title="bbox 2108 2179 3680 2251; baseline 0.001 -15"><span class='ocrx_word' id='word_1_389' title='bbox 2108 2189 2157 2236; x_wconf 88' lang='lat' dir='ltr'><strong>et</strong></span> <span class='ocrx_word' id='word_1_390' title='bbox 2189 2192 2408 2235; x_wconf 83' lang='lat' dir='ltr'><strong>matrem</strong></span> <span class='ocrx_word' id='word_1_391' title='bbox 2434 2180 2512 2246; x_wconf 77' lang='grc'><strong>³⁷,</strong></span> <span class='ocrx_word' id='word_1_392' title='bbox 2547 2179 2705 2250; x_wconf 88' lang='lat' dir='ltr'><strong>longe</strong></span> <span class='ocrx_word' id='word_1_393' title='bbox 2738 2179 2919 2249; x_wconf 91' lang='lat' dir='ltr'><strong>potius</strong></span> <span class='ocrx_word' id='word_1_394' title='bbox 2944 2219 2958 2245; x_wconf 93' lang='lat'><strong>,</strong></span> <span class='ocrx_word' id='word_1_395' title='bbox 3004 2179 3205 2235; x_wconf 86' lang='lat' dir='ltr'><strong>talibus</strong></span> <span class='ocrx_word' id='word_1_396' title='bbox 3244 2181 3360 2251; x_wconf 90' lang='lat' dir='ltr'><strong>ipse</strong></span> <span class='ocrx_word' id='word_1_397' title='bbox 3403 2183 3680 2237; x_wconf 80' lang='lat' dir='ltr'><strong>accenseri</strong></span> 
     </span>
    </p>
   </div>
   <div class='ocr_carea' id='block_1_53' title="bbox 2110 2272 3679 2345">
    <p class='ocr_par' dir='ltr' id='par_1_53' title="bbox 2110 2272 3679 2345">
     <span class='ocr_line' id='line_1_53' title="bbox 2110 2272 3679 2345; baseline 0 -17"><span class='ocrx_word' id='word_1_398' title='bbox 2110 2274 2331 2341; x_wconf 89' lang='lat' dir='ltr'><strong>volens,</strong></span> <span class='ocrx_word' id='word_1_399' title='bbox 2368 2272 2596 2344; x_wconf 80' lang='lat' dir='ltr'><strong>gratiam</strong></span> <span class='ocrx_word' id='word_1_400' title='bbox 2634 2274 3021 2344; x_wconf 89' lang='lat' dir='ltr'><strong>pr0priamque</strong></span> <span class='ocrx_word' id='word_1_401' title='bbox 3055 2273 3170 2344; x_wconf 88' lang='lat' dir='ltr'><strong>ipse</strong></span> <span class='ocrx_word' id='word_1_402' title='bbox 3200 2274 3367 2345; x_wconf 83' lang='lat' dir='ltr'><strong>legem</strong></span> <span class='ocrx_word' id='word_1_403' title='bbox 3391 2315 3404 2338; x_wconf 91' lang='lat'><strong>,</strong></span> <span class='ocrx_word' id='word_1_404' title='bbox 3457 2276 3510 2329; x_wconf 87' lang='lat' dir='ltr'><strong>in</strong></span> <span class='ocrx_word' id='word_1_405' title='bbox 3557 2290 3679 2330; x_wconf 89' lang='lat' dir='ltr'><strong>eam</strong></span> 
     </span>
    </p>
   </div>
   <div class='ocr_carea' id='block_1_54' title="bbox 2110 2358 3678 2441">
    <p class='ocr_par' dir='ltr' id='par_1_54' title="bbox 2110 2358 3678 2441">
     <span class='ocr_line' id='line_1_54' title="bbox 2110 2358 3678 2441; baseline -0.006 -11"><span class='ocrx_word' id='word_1_406' title='bbox 2110 2373 2438 2438; x_wconf 78' lang='lat' dir='ltr'><strong>servaverit,</strong></span> <span class='ocrx_word' id='word_1_407' title='bbox 2492 2387 2611 2441; x_wconf 70' lang='lat' dir='ltr'><strong>qua:</strong></span> <span class='ocrx_word' id='word_1_408' title='bbox 2651 2372 2796 2426; x_wconf 90' lang='lat' dir='ltr'><strong>ultro</strong></span> <span class='ocrx_word' id='word_1_409' title='bbox 2841 2358 3178 2438; x_wconf 79' lang='lat' dir='ltr'><strong>assumptam</strong></span> <span class='ocrx_word' id='word_1_410' title='bbox 3207 2367 3309 2437; x_wconf 91' lang='lat' dir='ltr'><strong>ipsi</strong></span> <span class='ocrx_word' id='word_1_411' title='bbox 3341 2366 3678 2422; x_wconf 78' lang='lat' dir='ltr'><strong>nativitatem</strong></span> 
     </span>
    </p>
   </div>
   <div class='ocr_carea' id='block_1_55' title="bbox 2108 2458 3675 2536">
    <p class='ocr_par' dir='ltr' id='par_1_55' title="bbox 2108 2458 3675 2536">
     <span class='ocr_line' id='line_1_55' title="bbox 2108 2458 3675 2536; baseline -0.005 -15"><span class='ocrx_word' id='word_1_412' title='bbox 2108 2466 2470 2534; x_wconf 85' lang='lat' dir='ltr'><strong>ministravit;</strong></span> <span class='ocrx_word' id='word_1_413' title='bbox 2494 2479 2799 2536; x_wconf 90' lang='lat' dir='ltr'><strong>quamque,</strong></span> <span class='ocrx_word' id='word_1_414' title='bbox 2832 2463 2950 2519; x_wconf 85' lang='lat' dir='ltr'><strong>sine</strong></span> <span class='ocrx_word' id='word_1_415' title='bbox 2983 2468 3167 2532; x_wconf 90' lang='lat' dir='ltr'><strong>patre,</strong></span> <span class='ocrx_word' id='word_1_416' title='bbox 3203 2459 3350 2514; x_wconf 85' lang='lat' dir='ltr'><strong>velut</strong></span> <span class='ocrx_word' id='word_1_417' title='bbox 3376 2458 3495 2514; x_wconf 87' lang='lat' dir='ltr'><strong>sine</strong></span> <span class='ocrx_word' id='word_1_418' title='bbox 3537 2459 3675 2522; x_wconf 83' lang='lat' dir='ltr'><strong>viro,</strong></span> 
     </span>
    </p>
   </div>
   <div class='ocr_carea' id='block_1_56' title="bbox 2108 2552 3678 2626">
    <p class='ocr_par' dir='ltr' id='par_1_56' title="bbox 2108 2552 3678 2626">
     <span class='ocr_line' id='line_1_56' title="bbox 2108 2552 3678 2626; baseline -0.003 -15"><span class='ocrx_word' id='word_1_419' title='bbox 2108 2557 2335 2613; x_wconf 83' lang='lat' dir='ltr'><strong>Matrem</strong></span> <span class='ocrx_word' id='word_1_420' title='bbox 2384 2557 2668 2626; x_wconf 84' lang='lat' dir='ltr'><strong>inscripsit</strong></span> <span class='ocrx_word' id='word_1_421' title='bbox 2707 2554 3186 2623; x_wconf 84' lang='lat' dir='ltr'><strong>conﬁrmavitque;</strong></span> <span class='ocrx_word' id='word_1_422' title='bbox 3221 2553 3409 2607; x_wconf 78' lang='lat' dir='ltr'><strong>divino</strong></span> <span class='ocrx_word' id='word_1_423' title='bbox 3443 2552 3678 2622; x_wconf 85' lang='lat' dir='ltr'><strong>quodam</strong></span> 
     </span>
    </p>
   </div>
   <div class='ocr_carea' id='block_1_57' title="bbox 2108 2644 3677 2720">
    <p class='ocr_par' dir='ltr' id='par_1_57' title="bbox 2108 2644 3677 2720">
     <span class='ocr_line' id='line_1_57' title="bbox 2108 2644 3677 2720; baseline -0.004 -16"><span class='ocrx_word' id='word_1_424' title='bbox 2108 2650 2340 2714; x_wconf 90' lang='lat' dir='ltr'><strong>decore,</strong></span> <span class='ocrx_word' id='word_1_425' title='bbox 2375 2656 2429 2704; x_wconf 92' lang='lat' dir='ltr'><strong>et</strong></span> <span class='ocrx_word' id='word_1_426' title='bbox 2469 2665 2634 2720; x_wconf 88' lang='lat' dir='ltr'><strong>supra</strong></span> <span class='ocrx_word' id='word_1_427' title='bbox 2673 2649 2947 2703; x_wconf 87' lang='lat' dir='ltr'><strong>hominem</strong></span> <span class='ocrx_word' id='word_1_428' title='bbox 2976 2646 3380 2719; x_wconf 80' lang='lat' dir='ltr'><strong>gloriﬁcaverit.</strong></span> <span class='ocrx_word' id='word_1_429' title='bbox 3419 2644 3494 2697; x_wconf 89' lang='lat' dir='ltr'><strong>lta</strong></span> <span class='ocrx_word' id='word_1_430' title='bbox 3551 2661 3677 2701; x_wconf 86' lang='lat' dir='ltr'><strong>vero</strong></span> 
     </span>
    </p>
   </div>
   <div class='ocr_carea' id='block_1_58' title="bbox 2109 2736 3679 2806">
    <p class='ocr_par' dir='ltr' id='par_1_58' title="bbox 2109 2736 3679 2806">
     <span class='ocr_line' id='line_1_58' title="bbox 2109 2736 3679 2806; baseline -0.001 -14"><span class='ocrx_word' id='word_1_431' title='bbox 2109 2739 2224 2793; x_wconf 76' lang='lat' dir='ltr'><strong>lucc</strong></span> <span class='ocrx_word' id='word_1_432' title='bbox 2255 2738 2554 2804; x_wconf 86' lang='lat' dir='ltr'><strong>habebunt,</strong></span> <span class='ocrx_word' id='word_1_433' title='bbox 2588 2738 2865 2793; x_wconf 84' lang='lat' dir='ltr'><strong>habebunt</strong></span> <span class='ocrx_word' id='word_1_434' title='bbox 2891 2740 2985 2792; x_wconf 83' lang='lat' dir='ltr'><strong>ita.</strong></span> <span class='ocrx_word' id='word_1_435' title='bbox 3013 2736 3197 2806; x_wconf 86' lang='lat' dir='ltr'><strong>Neque</strong></span> <span class='ocrx_word' id='word_1_436' title='bbox 3228 2738 3373 2791; x_wconf 88' lang='lat' dir='ltr'><strong>enim</strong></span> <span class='ocrx_word' id='word_1_437' title='bbox 3398 2752 3517 2806; x_wconf 67' lang='lat' dir='ltr'><strong>qua:</strong></span> <span class='ocrx_word' id='word_1_438' title='bbox 3548 2736 3679 2791; x_wconf 71' lang='lat' dir='ltr'><strong>olfe-</strong></span> 
     </span>
    </p>
   </div>
   <div class='ocr_carea' id='block_1_59' title="bbox 2107 2830 3677 2897">
    <p class='ocr_par' dir='ltr' id='par_1_59' title="bbox 2107 2830 3677 2897">
     <span class='ocr_line' id='line_1_59' title="bbox 2107 2830 3677 2897; baseline -0.004 -13"><span class='ocrx_word' id='word_1_439' title='bbox 2107 2830 2281 2887; x_wconf 89' lang='lat' dir='ltr'><strong>rimus</strong></span> <span class='ocrx_word' id='word_1_440' title='bbox 2311 2831 2545 2897; x_wconf 84' lang='lat' dir='ltr'><strong>cantica,</strong></span> <span class='ocrx_word' id='word_1_441' title='bbox 2574 2830 2823 2886; x_wconf 88' lang='lat' dir='ltr'><strong>inutilem</strong></span> <span class='ocrx_word' id='word_1_442' title='bbox 2849 2839 3057 2885; x_wconf 88' lang='lat' dir='ltr'><strong>tantum</strong></span> <span class='ocrx_word' id='word_1_443' title='bbox 3090 2830 3378 2885; x_wconf 86' lang='lat' dir='ltr'><strong>verborum</strong></span> <span class='ocrx_word' id='word_1_444' title='bbox 3402 2833 3677 2891; x_wconf 88' lang='lat' dir='ltr'><strong>ornatum,</strong></span> 
     </span>
    </p>
   </div>
   <div class='ocr_carea' id='block_1_60' title="bbox 2106 2920 3680 2991">
    <p class='ocr_par' dir='ltr' id='par_1_60' title="bbox 2106 2920 3680 2991">
     <span class='ocr_line' id='line_1_60' title="bbox 2106 2920 3680 2991; baseline -0.004 -11"><span class='ocrx_word' id='word_1_445' title='bbox 2106 2938 2142 2979; x_wconf 92' lang='lat' dir='ltr'><strong>o</strong></span> <span class='ocrx_word' id='word_1_446' title='bbox 2175 2923 2605 2980; x_wconf 88' lang='lat' dir='ltr'><strong>sacratissimum</strong></span> <span class='ocrx_word' id='word_1_447' title='bbox 2646 2922 3298 2991; x_wconf 90' lang='lat' dir='ltr'><strong>admirabilissimumque</strong></span> <span class='ocrx_word' id='word_1_448' title='bbox 3341 2920 3438 2976; x_wconf 91' lang='lat' dir='ltr'><strong>Dei</strong></span> <span class='ocrx_word' id='word_1_449' title='bbox 3467 2920 3680 2974; x_wconf 86' lang='lat' dir='ltr'><strong>habita-</strong></span> 
     </span>
    </p>
   </div>
   <div class='ocr_carea' id='block_1_61' title="bbox 2108 3002 3779 3087">
    <p class='ocr_par' dir='ltr' id='par_1_61' title="bbox 2108 3002 3779 3087">
     <span class='ocr_line' id='line_1_61' title="bbox 2108 3002 3779 3087; baseline -0.005 -14"><span class='ocrx_word' id='word_1_450' title='bbox 2108 3016 2313 3081; x_wconf 84' lang='lat' dir='ltr'><strong>culum,</strong></span> <span class='ocrx_word' id='word_1_451' title='bbox 2332 3016 2571 3072; x_wconf 89' lang='lat' dir='ltr'><strong>habent:</strong></span> <span class='ocrx_word' id='word_1_452' title='bbox 2603 3031 2779 3087; x_wconf 88' lang='lat' dir='ltr'><strong>neque</strong></span> <span class='ocrx_word' id='word_1_453' title='bbox 2802 3031 3019 3080; x_wconf 87' lang='lat' dir='ltr'><strong>rursus,</strong></span> <span class='ocrx_word' id='word_1_454' title='bbox 3042 3014 3359 3070; x_wconf 67' lang='lat' dir='ltr'><strong>saecularem</strong></span> <span class='ocrx_word' id='word_1_455' title='bbox 3388 3012 3678 3083; x_wconf 89' lang='lat' dir='ltr'><strong>quamdam</strong></span> <span class='ocrx_word' id='word_1_456' title='bbox 3772 3002 3779 3009; x_wconf 66' lang='grc'>’</span> 
     </span>
    </p>
   </div>
   <div class='ocr_carea' id='block_1_62' title="bbox 2107 3106 3683 3180">
    <p class='ocr_par' dir='ltr' id='par_1_62' title="bbox 2107 3106 3683 3180">
     <span class='ocr_line' id='line_1_62' title="bbox 2107 3106 3683 3180; baseline -0.003 -16"><span class='ocrx_word' id='word_1_457' title='bbox 2107 3109 2477 3180; x_wconf 86' lang='lat' dir='ltr'><strong>nugacitatem</strong></span> <span class='ocrx_word' id='word_1_458' title='bbox 2498 3148 2514 3175; x_wconf 93' lang='lat'><strong>,</strong></span> <span class='ocrx_word' id='word_1_459' title='bbox 2545 3108 2794 3180; x_wconf 78' lang='lat' dir='ltr'><strong>falsaque</strong></span> <span class='ocrx_word' id='word_1_460' title='bbox 2833 3109 3223 3164; x_wconf 87' lang='lat' dir='ltr'><strong>assentationis</strong></span> <span class='ocrx_word' id='word_1_461' title='bbox 3252 3107 3401 3163; x_wconf 88' lang='lat' dir='ltr'><strong>velut</strong></span> <span class='ocrx_word' id='word_1_462' title='bbox 3445 3106 3683 3161; x_wconf 81' lang='lat' dir='ltr'><strong>crocita-</strong></span> 
     </span>
    </p>
   </div>
   <div class='ocr_carea' id='block_1_63' title="bbox 2109 3196 3678 3273">
    <p class='ocr_par' dir='ltr' id='par_1_63' title="bbox 2109 3196 3678 3273">
     <span class='ocr_line' id='line_1_63' title="bbox 2109 3196 3678 3273; baseline -0.003 -18"><span class='ocrx_word' id='word_1_463' title='bbox 2109 3209 2314 3267; x_wconf 90' lang='lat' dir='ltr'><strong>menta,</strong></span> <span class='ocrx_word' id='word_1_464' title='bbox 2350 3201 2615 3273; x_wconf 87' lang='lat' dir='ltr'><strong>spiritalis</strong></span> <span class='ocrx_word' id='word_1_465' title='bbox 2638 3209 2732 3256; x_wconf 90' lang='lat' dir='ltr'><strong>tua</strong></span> <span class='ocrx_word' id='word_1_466' title='bbox 2761 3200 2926 3256; x_wconf 85' lang='lat' dir='ltr'><strong>habet</strong></span> <span class='ocrx_word' id='word_1_467' title='bbox 2951 3200 3216 3265; x_wconf 89' lang='lat' dir='ltr'><strong>laudatio,</strong></span> <span class='ocrx_word' id='word_1_468' title='bbox 3249 3213 3282 3252; x_wconf 92' lang='lat' dir='ltr'><strong>o</strong></span> <span class='ocrx_word' id='word_1_469' title='bbox 3306 3197 3416 3253; x_wconf 84' lang='lat' dir='ltr'><strong>Deo</strong></span> <span class='ocrx_word' id='word_1_470' title='bbox 3438 3196 3678 3262; x_wconf 88' lang='lat' dir='ltr'><strong>laudata,</strong></span> 
     </span>
    </p>
   </div>
   <div class='ocr_carea' id='block_1_64' title="bbox 435 3288 2017 3364">
    <p class='ocr_par' dir='ltr' id='par_1_64' title="bbox 435 3288 2002 3362">
     <span class='ocr_line' id='line_1_64' title="bbox 435 3288 2002 3362; baseline 0.005 -20"><span class='ocrx_word' id='word_1_471' title='bbox 435 3289 605 3354; x_wconf 84' lang='grc' dir='ltr'>Θεοῦ,</span> <span class='ocrx_word' id='word_1_472' title='bbox 637 3290 737 3343; x_wconf 75' lang='grc' dir='ltr'>καί</span> <span class='ocrx_word' id='word_1_473' title='bbox 769 3288 1037 3359; x_wconf 82' lang='grc' dir='ltr'>εὐμήκης</span> <span class='ocrx_word' id='word_1_474' title='bbox 1059 3293 1092 3343; x_wconf 83' lang='grc' dir='ltr'><em>ὀ</em></span> <span class='ocrx_word' id='word_1_475' title='bbox 1124 3291 1308 3357; x_wconf 79' lang='grc' dir='ltr'>τόπος</span> <span class='ocrx_word' id='word_1_476' title='bbox 1338 3291 1448 3361; x_wconf 82' lang='grc' dir='ltr'>τῆς</span> <span class='ocrx_word' id='word_1_477' title='bbox 1491 3292 1760 3362; x_wconf 81' lang='grc' dir='ltr'>κτήσεως</span> <span class='ocrx_word' id='word_1_478' title='bbox 1795 3296 2002 3351; x_wconf 79' lang='grc' dir='ltr'>αὐτοῦ.</span> 
     </span>
    </p>
   </div>
   <div class='ocr_carea' id='block_1_65' title="bbox 2109 3288 3679 3364">
    <p class='ocr_par' dir='ltr' id='par_1_65' title="bbox 2109 3289 3679 3364">
     <span class='ocr_line' id='line_1_65' title="bbox 2109 3289 3679 3364; baseline -0.005 -15"><span class='ocrx_word' id='word_1_479' title='bbox 2109 3308 2338 3364; x_wconf 65' lang='lat' dir='ltr'><strong>quasque</strong></span> <span class='ocrx_word' id='word_1_480' title='bbox 2361 3292 2529 3349; x_wconf 90' lang='lat' dir='ltr'><strong>Deum</strong></span> <span class='ocrx_word' id='word_1_481' title='bbox 2555 3293 2673 3364; x_wconf 87' lang='lat' dir='ltr'><strong>ipsa</strong></span> <span class='ocrx_word' id='word_1_482' title='bbox 2696 3293 2986 3347; x_wconf 86' lang='lat' dir='ltr'><strong>lactentem</strong></span> <span class='ocrx_word' id='word_1_483' title='bbox 3011 3291 3246 3356; x_wconf 82' lang='lat' dir='ltr'><strong>habeas;</strong></span> <span class='ocrx_word' id='word_1_484' title='bbox 3265 3304 3411 3353; x_wconf 90' lang='lat' dir='ltr'><strong>eum,</strong></span> <span class='ocrx_word' id='word_1_485' title='bbox 3433 3289 3679 3359; x_wconf 88' lang='lat' dir='ltr'><strong>inquam,</strong></span> 
     </span>
    </p>
   </div>
   <div class='ocr_carea' id='block_1_66' title="bbox 432 3380 2007 3457">
    <p class='ocr_par' dir='ltr' id='par_1_66' title="bbox 432 3380 2007 3457">
     <span class='ocr_line' id='line_1_66' title="bbox 432 3380 2007 3457; baseline 0.005 -22"><span class='ocrx_word' id='word_1_486' title='bbox 432 3380 652 3451; x_wconf 76' lang='grc' dir='ltr'>Μέγας,</span> <span class='ocrx_word' id='word_1_487' title='bbox 681 3381 780 3434; x_wconf 79' lang='grc' dir='ltr'><strong>καὶ</strong></span> <span class='ocrx_word' id='word_1_488' title='bbox 805 3383 915 3435; x_wconf 85' lang='grc' dir='ltr'><strong>οὐκ</strong></span> <span class='ocrx_word' id='word_1_489' title='bbox 938 3382 1063 3451; x_wconf 73' lang='grc' dir='ltr'>ἔχει</span> <span class='ocrx_word' id='word_1_490' title='bbox 1091 3381 1379 3449; x_wconf 72' lang='grc' dir='ltr'>τελευτήν</span> <span class='ocrx_word' id='word_1_491' title='bbox 1401 3401 1414 3413; x_wconf 89' lang='grc'><strong>·</strong></span> <span class='ocrx_word' id='word_1_492' title='bbox 1443 3386 1686 3455; x_wconf 68' lang='grc' dir='ltr'><strong>ὑψηλὸς</strong></span> <span class='ocrx_word' id='word_1_493' title='bbox 1728 3386 1827 3441; x_wconf 77' lang='grc' dir='ltr'>καί</span> <span class='ocrx_word' id='word_1_494' title='bbox 1866 3386 2007 3457; x_wconf 81' lang='grc' dir='ltr'>ἀμέ-</span> 
     </span>
    </p>
   </div>
   <div class='ocr_carea' id='block_1_67' title="bbox 434 3471 2006 3549">
    <p class='ocr_par' dir='ltr' id='par_1_67' title="bbox 434 3471 2006 3549">
     <span class='ocr_line' id='line_1_67' title="bbox 434 3471 2006 3549; baseline 0.007 -27"><span class='ocrx_word' id='word_1_495' title='bbox 434 3486 668 3538; x_wconf 80' lang='grc' dir='ltr'>τρητος.</span> <span class='ocrx_word' id='word_1_496' title='bbox 690 3473 895 3535; x_wconf 85' lang='grc' dir='ltr'>Ὄντως</span> <span class='ocrx_word' id='word_1_497' title='bbox 920 3471 1048 3543; x_wconf 84' lang='grc' dir='ltr'>γὰρ,</span> <span class='ocrx_word' id='word_1_498' title='bbox 1079 3472 1246 3537; x_wconf 76' lang='grc' dir='ltr'>ὅντως</span> <span class='ocrx_word' id='word_1_499' title='bbox 1277 3476 1612 3546; x_wconf 72' lang='grc' dir='ltr'>προφητικδς</span> <span class='ocrx_word' id='word_1_500' title='bbox 1641 3478 1886 3549; x_wconf 80' lang='grc' dir='ltr'>χρησμὸς</span> <span class='ocrx_word' id='word_1_501' title='bbox 1910 3479 2006 3533; x_wconf 74' lang='grc' dir='ltr'>καὶ</span> 
     </span>
    </p>
   </div>
   <div class='ocr_carea' id='block_1_68' title="bbox 438 3558 2001 3640">
    <p class='ocr_par' dir='ltr' id='par_1_68' title="bbox 438 3558 2001 3640">
     <span class='ocr_line' id='line_1_68' title="bbox 438 3558 2001 3640; baseline 0.006 -27"><span class='ocrx_word' id='word_1_502' title='bbox 438 3560 673 3633; x_wconf 76' lang='grc' dir='ltr'>ἀψευδὴς</span> <span class='ocrx_word' id='word_1_503' title='bbox 722 3561 876 3630; x_wconf 82' lang='grc' dir='ltr'>λόγος</span> <span class='ocrx_word' id='word_1_504' title='bbox 925 3558 1078 3628; x_wconf 78' lang='grc' dir='ltr'>οὗτος</span> <span class='ocrx_word' id='word_1_505' title='bbox 1126 3565 1223 3636; x_wconf 81' lang='grc' dir='ltr'><strong>τῆς</strong></span> <span class='ocrx_word' id='word_1_506' title='bbox 1268 3569 1399 3638; x_wconf 62' lang='grc' dir='ltr'>περὶ</span> <span class='ocrx_word' id='word_1_507' title='bbox 1441 3568 1501 3620; x_wconf 81' lang='grc' dir='ltr'>σὲ</span> <span class='ocrx_word' id='word_1_508' title='bbox 1553 3568 2001 3640; x_wconf 80' lang='grc' dir='ltr'>μεγαλειότητος·</span> 
     </span>
    </p>
   </div>
   <div class='ocr_carea' id='block_1_69' title="bbox 435 3653 2008 3729">
    <p class='ocr_par' dir='ltr' id='par_1_69' title="bbox 435 3653 2008 3729">
     <span class='ocr_line' id='line_1_69' title="bbox 435 3653 2008 3729; baseline 0.006 -23"><span class='ocrx_word' id='word_1_509' title='bbox 435 3653 566 3707; x_wconf 74' lang='grc' dir='ltr'>ἰιότι</span> <span class='ocrx_word' id='word_1_510' title='bbox 593 3656 687 3709; x_wconf 79' lang='grc' dir='ltr'><strong>καὶ</strong></span> <span class='ocrx_word' id='word_1_511' title='bbox 716 3655 849 3727; x_wconf 88' lang='grc' dir='ltr'>μόνη</span> <span class='ocrx_word' id='word_1_512' title='bbox 883 3657 1321 3729; x_wconf 83' lang='grc' dir='ltr'>συμμερίσασθαι</span> <span class='ocrx_word' id='word_1_513' title='bbox 1352 3658 1471 3729; x_wconf 87' lang='grc' dir='ltr'>Θεῴ</span> <span class='ocrx_word' id='word_1_514' title='bbox 1488 3659 1554 3713; x_wconf 76' lang='grc' dir='ltr'>τὰ</span> <span class='ocrx_word' id='word_1_515' title='bbox 1574 3659 1668 3713; x_wconf 83' lang='grc' dir='ltr'>τοῦ</span> <span class='ocrx_word' id='word_1_516' title='bbox 1702 3659 1836 3714; x_wconf 89' lang='grc' dir='ltr'><strong>Θεοῦ</strong></span> <span class='ocrx_word' id='word_1_517' title='bbox 1876 3679 2008 3716; x_wconf 86' lang='grc' dir='ltr'>κατ-</span> 
     </span>
    </p>
   </div>
   <div class='ocr_carea' id='block_1_70' title="bbox 437 3744 2005 3822">
    <p class='ocr_par' dir='ltr' id='par_1_70' title="bbox 437 3744 2005 3822">
     <span class='ocr_line' id='line_1_70' title="bbox 437 3744 2005 3822; baseline 0.006 -25"><span class='ocrx_word' id='word_1_518' title='bbox 437 3744 686 3814; x_wconf 72' lang='grc' dir='ltr'>ηξίωσαι,</span> <span class='ocrx_word' id='word_1_519' title='bbox 717 3746 849 3800; x_wconf 80' lang='grc' dir='ltr'>Θεὸν</span> <span class='ocrx_word' id='word_1_520' title='bbox 897 3748 1206 3819; x_wconf 86' lang='grc' dir='ltr'>γεννήσασα</span> <span class='ocrx_word' id='word_1_521' title='bbox 1239 3750 1401 3821; x_wconf 77' lang='grc' dir='ltr'>σαρκὶ</span> <span class='ocrx_word' id='word_1_522' title='bbox 1439 3750 1576 3822; x_wconf 87' lang='grc' dir='ltr'>μόνη</span> <span class='ocrx_word' id='word_1_523' title='bbox 1596 3790 1612 3817; x_wconf 89' lang='grc'><strong>,</strong></span> <span class='ocrx_word' id='word_1_524' title='bbox 1645 3751 1736 3806; x_wconf 84' lang='grc' dir='ltr'><strong>τὸν</strong></span> <span class='ocrx_word' id='word_1_525' title='bbox 1770 3754 1836 3806; x_wconf 86' lang='grc' dir='ltr'><strong>ὲκ</strong></span> <span class='ocrx_word' id='word_1_526' title='bbox 1869 3752 2005 3808; x_wconf 83' lang='grc' dir='ltr'>Θεοῦ</span> 
     </span>
    </p>
   </div>
   <div class='ocr_carea' id='block_1_71' title="bbox 436 3836 2006 3915">
    <p class='ocr_par' dir='ltr' id='par_1_71' title="bbox 436 3836 2006 3915">
     <span class='ocr_line' id='line_1_71' title="bbox 436 3836 2006 3915; baseline 0.006 -26"><span class='ocrx_word' id='word_1_527' title='bbox 436 3836 647 3908; x_wconf 86' lang='grc' dir='ltr'>Πατρὸς</span> <span class='ocrx_word' id='word_1_528' title='bbox 698 3837 1000 3908; x_wconf 86' lang='grc' dir='ltr'>μονογενῶς</span> <span class='ocrx_word' id='word_1_529' title='bbox 1048 3841 1142 3893; x_wconf 69' lang='grc' dir='ltr'>καὶ</span> <span class='ocrx_word' id='word_1_530' title='bbox 1179 3841 1458 3906; x_wconf 87' lang='grc' dir='ltr'>συναῖδίως</span> <span class='ocrx_word' id='word_1_531' title='bbox 1505 3842 1848 3915; x_wconf 86' lang='grc' dir='ltr'>γεννηθέντα.</span> <span class='ocrx_word' id='word_1_532' title='bbox 1880 3845 2006 3899; x_wconf 78' lang='grc' dir='ltr'>Φιλ-</span> 
     </span>
    </p>
   </div>
   <div class='ocr_carea' id='block_1_72' title="bbox 436 3926 2008 4007">
    <p class='ocr_par' dir='ltr' id='par_1_72' title="bbox 436 3926 2008 4007">
     <span class='ocr_line' id='line_1_72' title="bbox 436 3926 2008 4007; baseline 0.006 -27"><span class='ocrx_word' id='word_1_533' title='bbox 436 3926 648 3999; x_wconf 89' lang='grc' dir='ltr'>αλήθως</span> <span class='ocrx_word' id='word_1_534' title='bbox 680 3927 792 4000; x_wconf 73' lang='grc'>(72)</span> <span class='ocrx_word' id='word_1_535' title='bbox 833 3930 939 3983; x_wconf 82' lang='grc' dir='ltr'>οῖδε</span> <span class='ocrx_word' id='word_1_536' title='bbox 981 3930 1125 4001; x_wconf 86' lang='grc' dir='ltr'>λόγοι</span> <span class='ocrx_word' id='word_1_537' title='bbox 1164 3932 1400 3997; x_wconf 88' lang='grc' dir='ltr'>πίστεως</span> <span class='ocrx_word' id='word_1_538' title='bbox 1426 3934 1761 4006; x_wconf 76' lang='grc' dir='ltr'>ἀκραιφνοῦς</span> <span class='ocrx_word' id='word_1_539' title='bbox 1790 3936 2008 4007; x_wconf 87' lang='grc' dir='ltr'>ἀντεχο-</span> 
     </span>
    </p>
   </div>
   <div class='ocr_carea' id='block_1_73' title="bbox 439 4016 632 4088">
    <p class='ocr_par' dir='ltr' id='par_1_73' title="bbox 439 4016 632 4088">
     <span class='ocr_line' id='line_1_73' title="bbox 439 4016 632 4088; baseline 0.005 -17"><span class='ocrx_word' id='word_1_540' title='bbox 439 4016 632 4088; x_wconf 74' lang='grc' dir='ltr'>μένων.</span> 
     </span>
    </p>
   </div>
   <div class='ocr_carea' id='block_1_74' title="bbox 2112 3379 3681 3458">
    <p class='ocr_par' dir='ltr' id='par_1_74' title="bbox 2112 3379 3681 3458">
     <span class='ocr_line' id='line_1_74' title="bbox 2112 3379 3681 3458; baseline -0.004 -16"><span class='ocrx_word' id='word_1_541' title='bbox 2112 3388 2203 3458; x_wconf 85' lang='lat' dir='ltr'><strong>qui</strong></span> <span class='ocrx_word' id='word_1_542' title='bbox 2242 3387 2478 3457; x_wconf 88' lang='lat' dir='ltr'><strong>primum</strong></span> <span class='ocrx_word' id='word_1_543' title='bbox 2510 3400 2634 3442; x_wconf 87' lang='lat' dir='ltr'><strong>esse</strong></span> <span class='ocrx_word' id='word_1_544' title='bbox 2658 3383 2983 3439; x_wconf 86' lang='lat' dir='ltr'><strong>mortalibus</strong></span> <span class='ocrx_word' id='word_1_545' title='bbox 3009 3381 3293 3438; x_wconf 89' lang='lat' dir='ltr'><strong>nativitate</strong></span> <span class='ocrx_word' id='word_1_546' title='bbox 3327 3381 3546 3447; x_wconf 87' lang='lat' dir='ltr'><strong>tribuit;</strong></span> <span class='ocrx_word' id='word_1_547' title='bbox 3584 3379 3681 3436; x_wconf 88' lang='lat' dir='ltr'><strong>sed</strong></span> 
     </span>
    </p>
   </div>
   <div class='ocr_carea' id='block_1_75' title="bbox 2110 3467 3681 3547">
    <p class='ocr_par' dir='ltr' id='par_1_75' title="bbox 2110 3467 3681 3547">
     <span class='ocr_line' id='line_1_75' title="bbox 2110 3467 3681 3547; baseline -0.006 -15"><span class='ocrx_word' id='word_1_548' title='bbox 2110 3476 2396 3532; x_wconf 80' lang='lat' dir='ltr'><strong>veritatem</strong></span> <span class='ocrx_word' id='word_1_549' title='bbox 2450 3475 2741 3547; x_wconf 86' lang='lat' dir='ltr'><strong>quamdam</strong></span> <span class='ocrx_word' id='word_1_550' title='bbox 2788 3488 3015 3545; x_wconf 88' lang='lat' dir='ltr'><strong>prorsus</strong></span> <span class='ocrx_word' id='word_1_551' title='bbox 3055 3470 3417 3541; x_wconf 79' lang='lat' dir='ltr'><strong>perspicuam.</strong></span> <span class='ocrx_word' id='word_1_552' title='bbox 3457 3467 3681 3524; x_wconf 81' lang='lat' dir='ltr'><strong>Deﬁciet</strong></span> 
     </span>
    </p>
   </div>
   <div class='ocr_carea' id='block_1_76' title="bbox 2111 3563 3682 3639">
    <p class='ocr_par' dir='ltr' id='par_1_76' title="bbox 2111 3563 3682 3639">
     <span class='ocr_line' id='line_1_76' title="bbox 2111 3563 3682 3639; baseline -0.007 -13"><span class='ocrx_word' id='word_1_553' title='bbox 2111 3570 2256 3627; x_wconf 84' lang='lat' dir='ltr'><strong>enim</strong></span> <span class='ocrx_word' id='word_1_554' title='bbox 2288 3585 2391 3625; x_wconf 92' lang='lat' dir='ltr'><strong>nos</strong></span> <span class='ocrx_word' id='word_1_555' title='bbox 2434 3576 2646 3639; x_wconf 88' lang='lat' dir='ltr'><strong>tempus</strong></span> <span class='ocrx_word' id='word_1_556' title='bbox 2690 3567 3011 3638; x_wconf 84' lang='lat' dir='ltr'><strong>futurasque</strong></span> <span class='ocrx_word' id='word_1_557' title='bbox 3055 3563 3400 3638; x_wconf 89' lang='lat' dir='ltr'><strong>postmodum</strong></span> <span class='ocrx_word' id='word_1_558' title='bbox 3453 3577 3682 3633; x_wconf 83' lang='lat' dir='ltr'><strong>genera-</strong></span> 
     </span>
    </p>
   </div>
   <div class='ocr_carea' id='block_1_77' title="bbox 2111 3654 3684 3730">
    <p class='ocr_par' dir='ltr' id='par_1_77' title="bbox 2111 3654 3684 3730">
     <span class='ocr_line' id='line_1_77' title="bbox 2111 3654 3684 3730; baseline -0.004 -15"><span class='ocrx_word' id='word_1_559' title='bbox 2111 3662 2310 3727; x_wconf 88' lang='lat' dir='ltr'><strong>tiones,</strong></span> <span class='ocrx_word' id='word_1_560' title='bbox 2339 3661 2385 3717; x_wconf 91' lang='lat' dir='ltr'><strong>si</strong></span> <span class='ocrx_word' id='word_1_561' title='bbox 2417 3668 2472 3716; x_wconf 89' lang='lat' dir='ltr'><strong>te</strong></span> <span class='ocrx_word' id='word_1_562' title='bbox 2503 3659 2729 3716; x_wconf 78' lang='lat' dir='ltr'><strong>Matrem</strong></span> <span class='ocrx_word' id='word_1_563' title='bbox 2760 3658 2914 3730; x_wconf 80' lang='lat' dir='ltr'><strong>Regis</strong></span> <span class='ocrx_word' id='word_1_564' title='bbox 2943 3657 3258 3713; x_wconf 64' lang='grc' dir='ltr'>καταπίοι-ωτι</span> <span class='ocrx_word' id='word_1_565' title='bbox 3291 3654 3337 3687; x_wconf 80' lang='grc'><strong>’⁸</strong></span> <span class='ocrx_word' id='word_1_566' title='bbox 3367 3654 3545 3727; x_wconf 88' lang='lat' dir='ltr'><strong>dignis</strong></span> <span class='ocrx_word' id='word_1_567' title='bbox 3575 3655 3684 3710; x_wconf 92' lang='lat' dir='ltr'><strong>elo-</strong></span> 
     </span>
    </p>
   </div>
   <div class='ocr_carea' id='block_1_78' title="bbox 2110 3746 3679 3825">
    <p class='ocr_par' dir='ltr' id='par_1_78' title="bbox 2110 3746 3679 3825">
     <span class='ocr_line' id='line_1_78' title="bbox 2110 3746 3679 3825; baseline -0.001 -19"><span class='ocrx_word' id='word_1_568' title='bbox 2110 3754 2214 3825; x_wconf 89' lang='lat' dir='ltr'><strong>giis</strong></span> <span class='ocrx_word' id='word_1_569' title='bbox 2236 3746 2566 3808; x_wconf 79' lang='lat' dir='ltr'><strong>voluerimus</strong></span> <span class='ocrx_word' id='word_1_570' title='bbox 2595 3753 2809 3809; x_wconf 90' lang='lat' dir='ltr'><strong>beatam</strong></span> <span class='ocrx_word' id='word_1_571' title='bbox 2833 3752 3162 3822; x_wconf 61' lang='lat' dir='ltr'><strong>praedicare;</strong></span> <span class='ocrx_word' id='word_1_572' title='bbox 3192 3758 3251 3804; x_wconf 91' lang='lat' dir='ltr'><strong>ut</strong></span> <span class='ocrx_word' id='word_1_573' title='bbox 3270 3747 3503 3819; x_wconf 90' lang='lat' dir='ltr'><strong>quodam</strong></span> <span class='ocrx_word' id='word_1_574' title='bbox 3536 3748 3679 3813; x_wconf 86' lang='lat' dir='ltr'><strong>loco,</strong></span> 
     </span>
    </p>
   </div>
   <div class='ocr_carea' id='block_1_79' title="bbox 2110 3838 3684 3913">
    <p class='ocr_par' dir='ltr' id='par_1_79' title="bbox 2110 3838 3684 3913">
     <span class='ocr_line' id='line_1_79' title="bbox 2110 3838 3684 3913; baseline -0.003 -15"><span class='ocrx_word' id='word_1_575' title='bbox 2110 3842 2367 3899; x_wconf 88' lang='lat' dir='ltr'><strong>erudiens</strong></span> <span class='ocrx_word' id='word_1_576' title='bbox 2430 3856 2592 3913; x_wconf 87' lang='lat' dir='ltr'><strong>quam</strong></span> <span class='ocrx_word' id='word_1_577' title='bbox 2647 3841 2725 3897; x_wconf 91' lang='lat' dir='ltr'><strong>sis</strong></span> <span class='ocrx_word' id='word_1_578' title='bbox 2784 3839 3391 3911; x_wconf 83' lang='lat' dir='ltr'><strong>incomprehensibilis,</strong></span> <span class='ocrx_word' id='word_1_579' title='bbox 3444 3838 3684 3910; x_wconf 78' lang='lat' dir='ltr'><strong>inclytus</strong></span> 
     </span>
    </p>
   </div>
   <div class='ocr_carea' id='block_1_80' title="bbox 2111 3930 3682 4004">
    <p class='ocr_par' dir='ltr' id='par_1_80' title="bbox 2111 3930 3682 4004">
     <span class='ocr_line' id='line_1_80' title="bbox 2111 3930 3682 4004; baseline -0.002 -18"><span class='ocrx_word' id='word_1_580' title='bbox 2111 3933 2372 4004; x_wconf 86' lang='lat' dir='ltr'><strong>propheta</strong></span> <span class='ocrx_word' id='word_1_581' title='bbox 2413 3933 2530 3988; x_wconf 88' lang='lat' dir='ltr'><strong>ait:</strong></span> <span class='ocrx_word' id='word_1_582' title='bbox 2565 3932 2739 4000; x_wconf 78' lang='lat' dir='ltr'><strong>Quam</strong></span> <span class='ocrx_word' id='word_1_583' title='bbox 2780 3948 2974 4002; x_wconf 88' lang='lat' dir='ltr'><strong>magna</strong></span> <span class='ocrx_word' id='word_1_584' title='bbox 3017 3931 3208 3987; x_wconf 84' lang='lat' dir='ltr'><strong>domus</strong></span> <span class='ocrx_word' id='word_1_585' title='bbox 3240 3931 3367 3996; x_wconf 88' lang='lat' dir='ltr'><strong>Dei,</strong></span> <span class='ocrx_word' id='word_1_586' title='bbox 3406 3941 3455 3985; x_wconf 87' lang='lat' dir='ltr'><strong>et</strong></span> <span class='ocrx_word' id='word_1_587' title='bbox 3503 3930 3682 4000; x_wconf 85' lang='lat' dir='ltr'><strong>ingens</strong></span> 
     </span>
    </p>
   </div>
   <div class='ocr_carea' id='block_1_81' title="bbox 2114 4023 3680 4097">
    <p class='ocr_par' dir='ltr' id='par_1_81' title="bbox 2114 4023 3680 4097">
     <span class='ocr_line' id='line_1_81' title="bbox 2114 4023 3680 4097; baseline -0.003 -18"><span class='ocrx_word' id='word_1_588' title='bbox 2114 4026 2256 4080; x_wconf 82' lang='lat' dir='ltr'><strong>locus</strong></span> <span class='ocrx_word' id='word_1_589' title='bbox 2279 4023 2624 4096; x_wconf 76' lang='lat' dir='ltr'><strong>possessionis</strong></span> <span class='ocrx_word' id='word_1_590' title='bbox 2647 4025 2799 4095; x_wconf 79' lang='lat' dir='ltr'><strong>ejus!</strong></span> <span class='ocrx_word' id='word_1_591' title='bbox 2830 4024 3077 4096; x_wconf 78' lang='lat' dir='ltr'><strong>Magnus,</strong></span> <span class='ocrx_word' id='word_1_592' title='bbox 3112 4035 3161 4080; x_wconf 86' lang='lat' dir='ltr'><strong>et</strong></span> <span class='ocrx_word' id='word_1_593' title='bbox 3186 4042 3288 4079; x_wconf 87' lang='lat' dir='ltr'><strong>non</strong></span> <span class='ocrx_word' id='word_1_594' title='bbox 3314 4023 3467 4078; x_wconf 84' lang='lat' dir='ltr'><strong>habet</strong></span> <span class='ocrx_word' id='word_1_595' title='bbox 3489 4025 3680 4097; x_wconf 66' lang='lat' dir='ltr'><strong>linem;</strong></span> 
     </span>
    </p>
   </div>
   <div class='ocr_carea' id='block_1_82' title="bbox 435 4111 3686 4191">
    <p class='ocr_par' dir='ltr' id='par_1_82' title="bbox 435 4111 3686 4191">
     <span class='ocr_line' id='line_1_82' title="bbox 435 4111 3686 4191; baseline 0.002 -25"><span class='ocrx_word' id='word_1_596' title='bbox 435 4111 678 4167; x_wconf 68' lang='lat' dir='ltr'><strong>sublimis</strong></span> <span class='ocrx_word' id='word_1_597' title='bbox 734 4122 889 4186; x_wconf 83' lang='lat' dir='ltr'><strong>atque</strong></span> <span class='ocrx_word' id='word_1_598' title='bbox 934 4116 1219 4172; x_wconf 83' lang='lat' dir='ltr'><strong>immensus</strong></span> <span class='ocrx_word' id='word_1_599' title='bbox 1277 4117 1345 4173; x_wconf 83' lang='grc'><strong>⁹⁹.</strong></span> <span class='ocrx_word' id='word_1_600' title='bbox 1399 4115 1568 4173; x_wconf 90' lang='lat' dir='ltr'><strong>Plane</strong></span> <span class='ocrx_word' id='word_1_601' title='bbox 1631 4119 1818 4181; x_wconf 89' lang='lat' dir='ltr'><strong>enim,</strong></span> <span class='ocrx_word' id='word_1_602' title='bbox 1872 4119 2031 4191; x_wconf 90' lang='lat' dir='ltr'><strong>plane</strong></span> <span class='ocrx_word' id='word_1_603' title='bbox 2077 4118 2456 4190; x_wconf 89' lang='lat' dir='ltr'><strong>propheticum</strong></span> <span class='ocrx_word' id='word_1_604' title='bbox 2508 4117 2831 4183; x_wconf 88' lang='lat' dir='ltr'><strong>oraculum,</strong></span> <span class='ocrx_word' id='word_1_605' title='bbox 2878 4117 3309 4188; x_wconf 88' lang='lat' dir='ltr'><strong>verissimusque</strong></span> <span class='ocrx_word' id='word_1_606' title='bbox 3371 4116 3461 4171; x_wconf 87' lang='lat' dir='ltr'><strong>hic</strong></span> <span class='ocrx_word' id='word_1_607' title='bbox 3502 4130 3686 4172; x_wconf 90' lang='lat' dir='ltr'><strong>sermo</strong></span> 
     </span>
    </p>
   </div>
   <div class='ocr_carea' id='block_1_83' title="bbox 436 4207 3684 4284">
    <p class='ocr_par' dir='ltr' id='par_1_83' title="bbox 436 4207 3684 4284">
     <span class='ocr_line' id='line_1_83' title="bbox 436 4207 3684 4284; baseline 0.001 -24"><span class='ocrx_word' id='word_1_608' title='bbox 436 4207 503 4263; x_wconf 91' lang='lat' dir='ltr'><strong>de</strong></span> <span class='ocrx_word' id='word_1_609' title='bbox 535 4208 938 4280; x_wconf 81' lang='lat' dir='ltr'><strong>magniﬁcentia</strong></span> <span class='ocrx_word' id='word_1_610' title='bbox 987 4212 1079 4267; x_wconf 90' lang='lat' dir='ltr'><strong>illa</strong></span> <span class='ocrx_word' id='word_1_611' title='bbox 1121 4220 1213 4267; x_wconf 90' lang='lat' dir='ltr'><strong>tua</strong></span> <span class='ocrx_word' id='word_1_612' title='bbox 1256 4222 1311 4268; x_wconf 92' lang='lat' dir='ltr'><strong>et</strong></span> <span class='ocrx_word' id='word_1_613' title='bbox 1367 4213 1654 4284; x_wconf 86' lang='lat' dir='ltr'><strong>majestate</strong></span> <span class='ocrx_word' id='word_1_614' title='bbox 1706 4215 2002 4284; x_wconf 89' lang='lat' dir='ltr'><strong>procedit:</strong></span> <span class='ocrx_word' id='word_1_615' title='bbox 2058 4230 2185 4269; x_wconf 90' lang='lat' dir='ltr'><strong>nam</strong></span> <span class='ocrx_word' id='word_1_616' title='bbox 2240 4220 2296 4269; x_wconf 89' lang='lat' dir='ltr'><strong>et</strong></span> <span class='ocrx_word' id='word_1_617' title='bbox 2342 4214 2492 4277; x_wconf 84' lang='lat' dir='ltr'><strong>sola,</strong></span> <span class='ocrx_word' id='word_1_618' title='bbox 2536 4228 2728 4269; x_wconf 88' lang='lat' dir='ltr'><strong>eorum</strong></span> <span class='ocrx_word' id='word_1_619' title='bbox 2765 4227 2888 4282; x_wconf 70' lang='lat' dir='ltr'><strong>quae</strong></span> <span class='ocrx_word' id='word_1_620' title='bbox 2935 4219 3066 4267; x_wconf 87' lang='lat' dir='ltr'><strong>sunt</strong></span> <span class='ocrx_word' id='word_1_621' title='bbox 3113 4209 3239 4276; x_wconf 86' lang='lat' dir='ltr'><strong>Dei,</strong></span> <span class='ocrx_word' id='word_1_622' title='bbox 3294 4216 3506 4281; x_wconf 89' lang='lat' dir='ltr'><strong>partem</strong></span> <span class='ocrx_word' id='word_1_623' title='bbox 3557 4223 3684 4266; x_wconf 89' lang='lat' dir='ltr'><strong>cum</strong></span> 
     </span>
    </p>
   </div>
   <div class='ocr_carea' id='block_1_84' title="bbox 441 4305 3685 4381">
    <p class='ocr_par' dir='ltr' id='par_1_84' title="bbox 441 4305 3685 4381">
     <span class='ocr_line' id='line_1_84' title="bbox 441 4305 3685 4381; baseline 0.001 -24"><span class='ocrx_word' id='word_1_624' title='bbox 441 4305 548 4361; x_wconf 78' lang='lat' dir='ltr'><strong>l‘eo</strong></span> <span class='ocrx_word' id='word_1_625' title='bbox 606 4307 804 4363; x_wconf 88' lang='lat' dir='ltr'><strong>habere</strong></span> <span class='ocrx_word' id='word_1_626' title='bbox 866 4309 1153 4377; x_wconf 89' lang='lat' dir='ltr'><strong>meruisti;</strong></span> <span class='ocrx_word' id='word_1_627' title='bbox 1202 4325 1324 4381; x_wconf 62' lang='lat' dir='ltr'><strong>quae</strong></span> <span class='ocrx_word' id='word_1_628' title='bbox 1383 4310 1497 4365; x_wconf 91' lang='lat' dir='ltr'><strong>sola</strong></span> <span class='ocrx_word' id='word_1_629' title='bbox 1547 4309 1718 4366; x_wconf 90' lang='lat' dir='ltr'><strong>Deum</strong></span> <span class='ocrx_word' id='word_1_630' title='bbox 1775 4326 1843 4379; x_wconf 79' lang='lat' dir='ltr'><strong>ex</strong></span> <span class='ocrx_word' id='word_1_631' title='bbox 1894 4308 2006 4367; x_wconf 90' lang='lat' dir='ltr'><strong>Deo</strong></span> <span class='ocrx_word' id='word_1_632' title='bbox 2076 4308 2238 4365; x_wconf 84' lang='lat' dir='ltr'><strong>Patre</strong></span> <span class='ocrx_word' id='word_1_633' title='bbox 2280 4311 2513 4380; x_wconf 82' lang='lat' dir='ltr'><strong>unigene</strong></span> <span class='ocrx_word' id='word_1_634' title='bbox 2555 4322 2621 4363; x_wconf 90' lang='lat' dir='ltr'><strong>ac</strong></span> <span class='ocrx_word' id='word_1_635' title='bbox 2663 4307 2993 4378; x_wconf 89' lang='lat' dir='ltr'><strong>sempiterne</strong></span> <span class='ocrx_word' id='word_1_636' title='bbox 3036 4307 3311 4378; x_wconf 88' lang='lat' dir='ltr'><strong>genitum,</strong></span> <span class='ocrx_word' id='word_1_637' title='bbox 3363 4318 3530 4360; x_wconf 89' lang='lat' dir='ltr'><strong>carne</strong></span> <span class='ocrx_word' id='word_1_638' title='bbox 3589 4319 3685 4376; x_wconf 83' lang='lat' dir='ltr'><strong>ge-</strong></span> 
     </span>
    </p>
   </div>
   <div class='ocr_carea' id='block_1_85' title="bbox 436 4400 2454 4477">
    <p class='ocr_par' dir='ltr' id='par_1_85' title="bbox 436 4400 2454 4477">
     <span class='ocr_line' id='line_1_85' title="bbox 436 4400 2454 4477; baseline 0.001 -21"><span class='ocrx_word' id='word_1_639' title='bbox 436 4401 645 4458; x_wconf 79' lang='lat' dir='ltr'><strong>nueris.</strong></span> <span class='ocrx_word' id='word_1_640' title='bbox 688 4400 767 4458; x_wconf 85' lang='lat' dir='ltr'><strong>Ita</strong></span> <span class='ocrx_word' id='word_1_641' title='bbox 788 4407 1059 4460; x_wconf 85' lang='lat' dir='ltr'><strong>veraciter</strong></span> <span class='ocrx_word' id='word_1_642' title='bbox 1092 4406 1374 4470; x_wconf 89' lang='lat' dir='ltr'><strong>sentiunt,</strong></span> <span class='ocrx_word' id='word_1_643' title='bbox 1404 4407 1499 4476; x_wconf 86' lang='lat' dir='ltr'><strong>qui</strong></span> <span class='ocrx_word' id='word_1_644' title='bbox 1531 4405 1803 4462; x_wconf 87' lang='lat' dir='ltr'><strong>sinceram</strong></span> <span class='ocrx_word' id='word_1_645' title='bbox 1838 4405 2000 4463; x_wconf 74' lang='lat' dir='ltr'><strong>fidem</strong></span> <span class='ocrx_word' id='word_1_646' title='bbox 2031 4407 2454 4477; x_wconf 86' lang='lat' dir='ltr'><strong>amplectuntur.</strong></span> 
     </span>
    </p>
   </div>
   <div class='ocr_carea' id='block_1_86' title="bbox 504 4491 2017 4569">
    <p class='ocr_par' dir='ltr' id='par_1_86' title="bbox 504 4491 2004 4569">
     <span class='ocr_line' id='line_1_86' title="bbox 504 4491 2004 4569; baseline 0.004 -22"><span class='ocrx_word' id='word_1_647' title='bbox 504 4496 608 4549; x_wconf 83' lang='lat' dir='ltr'><strong>IA’.</strong></span> <span class='ocrx_word' id='word_1_648' title='bbox 660 4491 1044 4567; x_wconf 65' lang='grc' dir='ltr'>Ἀπλάὂωμεν</span> <span class='ocrx_word' id='word_1_649' title='bbox 1073 4496 1133 4550; x_wconf 78' lang='grc' dir='ltr'>δὲ</span> <span class='ocrx_word' id='word_1_650' title='bbox 1176 4497 1380 4561; x_wconf 82' lang='grc' dir='ltr'>λοιπὸν,</span> <span class='ocrx_word' id='word_1_651' title='bbox 1427 4492 1474 4552; x_wconf 81' lang='grc' dir='ltr'>ὧ</span> <span class='ocrx_word' id='word_1_652' title='bbox 1520 4498 2004 4569; x_wconf 83' lang='grc' dir='ltr'>φιλομαθέστατοι,</span> 
     </span>
    </p>
   </div>
   <div class='ocr_carea' id='block_1_87' title="bbox 2109 4491 3685 4569">
    <p class='ocr_par' dir='ltr' id='par_1_87' title="bbox 2181 4491 3685 4569">
     <span class='ocr_line' id='line_1_87' title="bbox 2181 4491 3685 4569; baseline -0.005 -17"><span class='ocrx_word' id='word_1_653' title='bbox 2181 4497 2272 4556; x_wconf 79' lang='lat' dir='ltr'><strong>XI.</strong></span> <span class='ocrx_word' id='word_1_654' title='bbox 2294 4497 2586 4563; x_wconf 69' lang='lat' dir='ltr'><strong>Cancrum,</strong></span> <span class='ocrx_word' id='word_1_655' title='bbox 2619 4496 2766 4569; x_wconf 91' lang='lat' dir='ltr'><strong>quod</strong></span> <span class='ocrx_word' id='word_1_656' title='bbox 2795 4495 3064 4567; x_wconf 89' lang='lat' dir='ltr'><strong>reliquum</strong></span> <span class='ocrx_word' id='word_1_657' title='bbox 3085 4500 3187 4557; x_wconf 90' lang='lat' dir='ltr'><strong>est,</strong></span> <span class='ocrx_word' id='word_1_658' title='bbox 3226 4491 3531 4557; x_wconf 86' lang='lat' dir='ltr'><strong>sciendum,</strong></span> <span class='ocrx_word' id='word_1_659' title='bbox 3566 4498 3685 4547; x_wconf 82' lang='lat' dir='ltr'><strong>stu—</strong></span> 
     </span>
    </p>
   </div>
   <div class='ocr_carea' id='block_1_88' title="bbox 434 4585 2010 4661">
    <p class='ocr_par' dir='ltr' id='par_1_88' title="bbox 434 4585 2010 4661">
     <span class='ocr_line' id='line_1_88' title="bbox 434 4585 2010 4661; baseline 0.005 -22"><span class='ocrx_word' id='word_1_660' title='bbox 434 4585 524 4640; x_wconf 81' lang='grc' dir='ltr'><strong>τδν</strong></span> <span class='ocrx_word' id='word_1_661' title='bbox 547 4585 788 4656; x_wconf 79' lang='grc' dir='ltr'>θεοδόχον</span> <span class='ocrx_word' id='word_1_662' title='bbox 825 4587 1157 4660; x_wconf 73' lang='grc' dir='ltr'>πρεσϐύτην,</span> <span class='ocrx_word' id='word_1_663' title='bbox 1190 4589 1286 4643; x_wconf 77' lang='grc' dir='ltr'>καὶ</span> <span class='ocrx_word' id='word_1_664' title='bbox 1315 4588 1512 4661; x_wconf 72' lang='grc' dir='ltr'>εὐσεϐῆ</span> <span class='ocrx_word' id='word_1_665' title='bbox 1541 4589 1877 4656; x_wconf 83' lang='grc' dir='ltr'>διδάσκαλον,</span> <span class='ocrx_word' id='word_1_666' title='bbox 1908 4586 2010 4647; x_wconf 80' lang='grc' dir='ltr'><strong>ὧδέ</strong></span> 
     </span>
    </p>
   </div>
   <div class='ocr_carea' id='block_1_89' title="bbox 437 4677 2007 4755">
    <p class='ocr_par' dir='ltr' id='par_1_89' title="bbox 437 4677 2007 4755">
     <span class='ocr_line' id='line_1_89' title="bbox 437 4677 2007 4755; baseline 0.005 -26"><span class='ocrx_word' id='word_1_667' title='bbox 437 4694 539 4736; x_wconf 79' lang='grc' dir='ltr'><strong>που</strong></span> <span class='ocrx_word' id='word_1_668' title='bbox 565 4677 891 4749; x_wconf 79' lang='grc' dir='ltr'>διανήξαντα</span> <span class='ocrx_word' id='word_1_669' title='bbox 918 4681 1199 4752; x_wconf 86' lang='grc' dir='ltr'>σωτηρίως</span> <span class='ocrx_word' id='word_1_670' title='bbox 1222 4682 1287 4735; x_wconf 82' lang='grc' dir='ltr'><strong>ὲκ</strong></span> <span class='ocrx_word' id='word_1_671' title='bbox 1328 4679 1425 4735; x_wconf 78' lang='grc' dir='ltr'>τοῦ</span> <span class='ocrx_word' id='word_1_672' title='bbox 1474 4681 1804 4755; x_wconf 81' lang='grc' dir='ltr'>παρθενικοῦ</span> <span class='ocrx_word' id='word_1_673' title='bbox 1839 4682 2007 4737; x_wconf 85' lang='grc' dir='ltr'>πελά-</span> 
     </span>
    </p>
   </div>
   <div class='ocr_carea' id='block_1_90' title="bbox 447 4770 2010 4847">
    <p class='ocr_par' dir='ltr' id='par_1_90' title="bbox 447 4770 2010 4847">
     <span class='ocr_line' id='line_1_90' title="bbox 447 4770 2010 4847; baseline 0.006 -27"><span class='ocrx_word' id='word_1_674' title='bbox 447 4785 595 4836; x_wconf 72' lang='grc' dir='ltr'>γους·</span> <span class='ocrx_word' id='word_1_675' title='bbox 632 4770 728 4822; x_wconf 71' lang='grc' dir='ltr'>καὶ</span> <span class='ocrx_word' id='word_1_676' title='bbox 770 4770 1223 4844; x_wconf 85' lang='grc' dir='ltr'>διαναπαύσωμεν</span> <span class='ocrx_word' id='word_1_677' title='bbox 1266 4775 1723 4846; x_wconf 79' lang='grc' dir='ltr'>ὲμπεφορημένον</span> <span class='ocrx_word' id='word_1_678' title='bbox 1756 4776 1872 4846; x_wconf 78' lang='grc' dir='ltr'>ἅμα</span> <span class='ocrx_word' id='word_1_679' title='bbox 1910 4775 2010 4847; x_wconf 85' lang='grc' dir='ltr'><strong>τῆς</strong></span> 
     </span>
    </p>
   </div>
   <div class='ocr_carea' id='block_1_91' title="bbox 436 4859 2006 4939">
    <p class='ocr_par' dir='ltr' id='par_1_91' title="bbox 436 4859 2006 4939">
     <span class='ocr_line' id='line_1_91' title="bbox 436 4859 2006 4939; baseline 0.007 -28"><span class='ocrx_word' id='word_1_680' title='bbox 436 4859 586 4925; x_wconf 84' lang='grc' dir='ltr'>θείας</span> <span class='ocrx_word' id='word_1_681' title='bbox 626 4861 887 4930; x_wconf 73' lang='grc' dir='ltr'>ἐφέσεως,</span> <span class='ocrx_word' id='word_1_682' title='bbox 913 4864 1009 4918; x_wconf 74' lang='grc' dir='ltr'><strong>καὶ</strong></span> <span class='ocrx_word' id='word_1_683' title='bbox 1050 4865 1529 4937; x_wconf 83' lang='grc' dir='ltr'>ἐμπορευσάμενον</span> <span class='ocrx_word' id='word_1_684' title='bbox 1560 4870 1695 4939; x_wconf 78' lang='grc' dir='ltr'>ἡμῖν</span> <span class='ocrx_word' id='word_1_685' title='bbox 1730 4868 1828 4939; x_wconf 81' lang='grc' dir='ltr'>τὴν</span> <span class='ocrx_word' id='word_1_686' title='bbox 1868 4884 2006 4922; x_wconf 85' lang='grc' dir='ltr'>παν-</span> 
     </span>
    </p>
   </div>
   <div class='ocr_carea' id='block_1_92' title="bbox 435 4950 2008 5033">
    <p class='ocr_par' dir='ltr' id='par_1_92' title="bbox 435 4950 2008 5033">
     <span class='ocr_line' id='line_1_92' title="bbox 435 4950 2008 5033; baseline 0.008 -30"><span class='ocrx_word' id='word_1_687' title='bbox 435 4950 610 5006; x_wconf 81' lang='grc' dir='ltr'>όλϐιον</span> <span class='ocrx_word' id='word_1_688' title='bbox 632 4952 906 5024; x_wconf 84' lang='grc' dir='ltr'>θεολογίαν</span> <span class='ocrx_word' id='word_1_689' title='bbox 925 4972 941 4987; x_wconf 88' lang='grc'><strong>·</strong></span> <span class='ocrx_word' id='word_1_690' title='bbox 965 4956 1056 5010; x_wconf 69' lang='grc' dir='ltr'><strong>καὶ</strong></span> <span class='ocrx_word' id='word_1_691' title='bbox 1093 4957 1260 5029; x_wconf 76' lang='grc' dir='ltr'>ἴωμεν</span> <span class='ocrx_word' id='word_1_692' title='bbox 1291 4960 1452 5031; x_wconf 77' lang='grc' dir='ltr'>ἡμεῖς</span> <span class='ocrx_word' id='word_1_693' title='bbox 1480 4961 1616 5033; x_wconf 80' lang='grc' dir='ltr'>πρὸς</span> <span class='ocrx_word' id='word_1_694' title='bbox 1653 4960 1713 5014; x_wconf 85' lang='grc' dir='ltr'><strong>τδ</strong></span> <span class='ocrx_word' id='word_1_695' title='bbox 1758 4960 1885 5032; x_wconf 77' lang='grc' dir='ltr'><strong>ἑξῆς</strong></span> <span class='ocrx_word' id='word_1_696' title='bbox 1914 4961 2008 5017; x_wconf 76' lang='grc' dir='ltr'>τοῦ</span> 
     </span>
    </p>
   </div>
   <div class='ocr_carea' id='block_1_93' title="bbox 434 5042 2010 5124">
    <p class='ocr_par' dir='ltr' id='par_1_93' title="bbox 434 5042 2010 5124">
     <span class='ocr_line' id='line_1_93' title="bbox 434 5042 2010 5124; baseline 0.008 -29"><span class='ocrx_word' id='word_1_697' title='bbox 434 5042 614 5112; x_wconf 83' lang='grc' dir='ltr'>λόγου,</span> <span class='ocrx_word' id='word_1_698' title='bbox 635 5046 891 5112; x_wconf 82' lang='grc' dir='ltr'>ἀπλανῶς</span> <span class='ocrx_word' id='word_1_699' title='bbox 929 5048 1068 5119; x_wconf 81' lang='grc' dir='ltr'>πρὸς</span> <span class='ocrx_word' id='word_1_700' title='bbox 1095 5050 1186 5102; x_wconf 74' lang='grc' dir='ltr'><strong>τὸν</strong></span> <span class='ocrx_word' id='word_1_701' title='bbox 1220 5052 1579 5124; x_wconf 86' lang='grc' dir='ltr'>προκείμενον</span> <span class='ocrx_word' id='word_1_702' title='bbox 1610 5054 1810 5108; x_wconf 85' lang='grc' dir='ltr'>σκοπὸν</span> <span class='ocrx_word' id='word_1_703' title='bbox 1842 5055 2010 5108; x_wconf 86' lang='grc' dir='ltr'>ἀπευ-</span> 
     </span>
    </p>
   </div>
   <div class='ocr_carea' id='block_1_94' title="bbox 436 5133 2010 5215">
    <p class='ocr_par' dir='ltr' id='par_1_94' title="bbox 436 5133 2010 5215">
     <span class='ocr_line' id='line_1_94' title="bbox 436 5133 2010 5215; baseline 0.007 -29"><span class='ocrx_word' id='word_1_704' title='bbox 436 5133 683 5200; x_wconf 87' lang='grc' dir='ltr'>θύνοντες</span> <span class='ocrx_word' id='word_1_705' title='bbox 714 5139 810 5190; x_wconf 79' lang='grc' dir='ltr'><strong>σὺν</strong></span> <span class='ocrx_word' id='word_1_706' title='bbox 841 5138 1033 5210; x_wconf 80' lang='grc' dir='ltr'>ὁδηγίᾳ</span> <span class='ocrx_word' id='word_1_707' title='bbox 1064 5138 1157 5192; x_wconf 83' lang='grc' dir='ltr'>τοῦ</span> <span class='ocrx_word' id='word_1_708' title='bbox 1184 5140 1487 5212; x_wconf 86' lang='grc' dir='ltr'>κρείττονος</span> <span class='ocrx_word' id='word_1_709' title='bbox 1503 5142 1601 5214; x_wconf 79' lang='grc' dir='ltr'>τὴν</span> <span class='ocrx_word' id='word_1_710' title='bbox 1630 5143 1834 5215; x_wconf 77' lang='grc' dir='ltr'>τρίϐον,</span> <span class='ocrx_word' id='word_1_711' title='bbox 1861 5144 2010 5206; x_wconf 79' lang='grc' dir='ltr'>ὅπως</span> 
     </span>
    </p>
   </div>
   <div class='ocr_carea' id='block_1_95' title="bbox 439 5223 2007 5308">
    <p class='ocr_par' dir='ltr' id='par_1_95' title="bbox 439 5223 2007 5308">
     <span class='ocr_line' id='line_1_95' title="bbox 439 5223 2007 5308; baseline 0.007 -29"><span class='ocrx_word' id='word_1_712' title='bbox 439 5226 512 5298; x_wconf 84' lang='grc' dir='ltr'>μὴ</span> <span class='ocrx_word' id='word_1_713' title='bbox 570 5227 743 5301; x_wconf 78' lang='grc' dir='ltr'>πάντη</span> <span class='ocrx_word' id='word_1_714' title='bbox 795 5223 946 5301; x_wconf 81' lang='grc' dir='ltr'>ὦμεν</span> <span class='ocrx_word' id='word_1_715' title='bbox 989 5231 1228 5304; x_wconf 75' lang='grc' dir='ltr'>ἄκαρποι</span> <span class='ocrx_word' id='word_1_716' title='bbox 1266 5234 1361 5286; x_wconf 74' lang='grc' dir='ltr'><strong>καὶ</strong></span> <span class='ocrx_word' id='word_1_717' title='bbox 1413 5234 1723 5300; x_wconf 84' lang='grc' dir='ltr'>ἀσυντελεῖς</span> <span class='ocrx_word' id='word_1_718' title='bbox 1771 5236 1908 5308; x_wconf 84' lang='grc' dir='ltr'>πρὸς</span> <span class='ocrx_word' id='word_1_719' title='bbox 1939 5235 2007 5289; x_wconf 83' lang='grc' dir='ltr'>τὰ</span> 
     </span>
    </p>
   </div>
   <div class='ocr_carea' id='block_1_96' title="bbox 434 5314 2007 5396">
    <p class='ocr_par' dir='ltr' id='par_1_96' title="bbox 434 5314 2007 5396">
     <span class='ocr_line' id='line_1_96' title="bbox 434 5314 2007 5396; baseline 0.008 -29"><span class='ocrx_word' id='word_1_720' title='bbox 434 5315 638 5370; x_wconf 77' lang='grc' dir='ltr'>δέοντα.</span> <span class='ocrx_word' id='word_1_721' title='bbox 685 5317 838 5371; x_wconf 74' lang='grc' dir='ltr'>Ἐπεὶ</span> <span class='ocrx_word' id='word_1_722' title='bbox 874 5314 966 5373; x_wconf 76' lang='grc' dir='ltr'>οὖν</span> <span class='ocrx_word' id='word_1_723' title='bbox 1002 5321 1406 5394; x_wconf 68' lang='grc' dir='ltr'>ωνεκλὴθησαν</span> <span class='ocrx_word' id='word_1_724' title='bbox 1440 5324 1575 5396; x_wconf 72' lang='grc' dir='ltr'>πρὸς</span> <span class='ocrx_word' id='word_1_725' title='bbox 1615 5324 1686 5378; x_wconf 81' lang='grc' dir='ltr'><strong>τά</strong></span> <span class='ocrx_word' id='word_1_726' title='bbox 1726 5325 1887 5396; x_wconf 80' lang='grc' dir='ltr'>ἱερῶς</span> <span class='ocrx_word' id='word_1_727' title='bbox 1916 5343 2007 5379; x_wconf 80' lang='grc' dir='ltr'>τε-</span> 
     </span>
    </p>
   </div>
   <div class='ocr_carea' id='block_1_97' title="bbox 433 5404 2007 5491">
    <p class='ocr_par' dir='ltr' id='par_1_97' title="bbox 433 5404 2007 5491">
     <span class='ocr_line' id='line_1_97' title="bbox 433 5404 2007 5491; baseline 0.009 -32"><span class='ocrx_word' id='word_1_728' title='bbox 433 5404 671 5476; x_wconf 86' lang='grc' dir='ltr'>λούμενα</span> <span class='ocrx_word' id='word_1_729' title='bbox 704 5409 972 5481; x_wconf 86' lang='grc' dir='ltr'>ἱερωσύνη</span> <span class='ocrx_word' id='word_1_730' title='bbox 997 5428 1056 5464; x_wconf 89' lang='grc' dir='ltr'><strong>τε</strong></span> <span class='ocrx_word' id='word_1_731' title='bbox 1085 5412 1177 5466; x_wconf 76' lang='grc' dir='ltr'><strong>καὶ</strong></span> <span class='ocrx_word' id='word_1_732' title='bbox 1201 5414 1538 5484; x_wconf 70' lang='grc' dir='ltr'>προφητεία,</span> <span class='ocrx_word' id='word_1_733' title='bbox 1573 5416 1666 5469; x_wconf 75' lang='grc' dir='ltr'><strong>καὶ</strong></span> <span class='ocrx_word' id='word_1_734' title='bbox 1702 5420 2007 5491; x_wconf 67' lang='grc' dir='ltr'>παρειστή-</span> 
     </span>
    </p>
   </div>
   <div class='ocr_carea' id='block_1_98' title="bbox 502 5602 721 5659">
    <p class='ocr_par' dir='ltr' id='par_1_98' title="bbox 502 5602 721 5659">
     <span class='ocr_line' id='line_1_98' title="bbox 502 5602 721 5659; baseline 0.009 -2"><span class='ocrx_word' id='word_1_735' title='bbox 502 5602 721 5659; x_wconf 66' lang='lat' dir='ltr'><strong>&quot;illi</strong></span> 
     </span>
    </p>
   </div>
   <div class='ocr_carea' id='block_1_99' title="bbox 721 5610 2407 5686">
    <p class='ocr_par' dir='ltr' id='par_1_99' title="bbox 721 5610 2407 5686">
     <span class='ocr_line' id='line_1_99' title="bbox 721 5610 2407 5686; baseline 0.008 -25"><span class='ocrx_word' id='word_1_736' title='bbox 721 5621 800 5676; x_wconf 82' lang='lat' dir='ltr'><strong>eg.</strong></span> <span class='ocrx_word' id='word_1_737' title='bbox 854 5610 1156 5686; x_wconf 54' lang='lat' dir='ltr'><strong>x_xyr,j7_.</strong></span> <span class='ocrx_word' id='word_1_738' title='bbox 1197 5612 1278 5686; x_wconf 68' lang='lat'><strong>_’_‘</strong></span> <span class='ocrx_word' id='word_1_739' title='bbox 1309 5610 1721 5686; x_wconf 15' lang='lat' dir='ltr'><strong>Exoditxxva</strong></span> <span class='ocrx_word' id='word_1_740' title='bbox 1748 5613 1832 5669; x_wconf 77' lang='lat' dir='ltr'><strong>i7.</strong></span> <span class='ocrx_word' id='word_1_741' title='bbox 1880 5615 1957 5686; x_wconf 10' lang='lat'><strong>7&quot;</strong></span> <span class='ocrx_word' id='word_1_742' title='bbox 1997 5615 2151 5671; x_wconf 84' lang='lat' dir='ltr'><strong>Psal.</strong></span> <span class='ocrx_word' id='word_1_743' title='bbox 2190 5633 2308 5686; x_wconf 87' lang='lat' dir='ltr'><strong>cm,</strong></span> <span class='ocrx_word' id='word_1_744' title='bbox 2349 5617 2407 5675; x_wconf 74' lang='lat'><strong>2.</strong></span> 
     </span>
    </p>
   </div>
   <div class='ocr_carea' id='block_1_100' title="bbox 2109 4585 3683 4658">
    <p class='ocr_par' dir='ltr' id='par_1_100' title="bbox 2109 4585 3683 4658">
     <span class='ocr_line' id='line_1_100' title="bbox 2109 4585 3683 4658; baseline -0.007 -10"><span class='ocrx_word' id='word_1_745' title='bbox 2109 4593 2425 4649; x_wconf 89' lang='lat' dir='ltr'><strong>diosissima</strong></span> <span class='ocrx_word' id='word_1_746' title='bbox 2459 4590 2676 4658; x_wconf 89' lang='lat' dir='ltr'><strong>concio,</strong></span> <span class='ocrx_word' id='word_1_747' title='bbox 2706 4605 2891 4648; x_wconf 90' lang='lat' dir='ltr'><strong>senem</strong></span> <span class='ocrx_word' id='word_1_748' title='bbox 2922 4600 3170 4644; x_wconf 89' lang='lat' dir='ltr'><strong>nostrum</strong></span> <span class='ocrx_word' id='word_1_749' title='bbox 3188 4585 3283 4642; x_wconf 87' lang='lat' dir='ltr'><strong>Dei</strong></span> <span class='ocrx_word' id='word_1_750' title='bbox 3306 4591 3683 4656; x_wconf 88' lang='lat' dir='ltr'><strong>susceptorem</strong></span> 
     </span>
    </p>
   </div>
   <div class='ocr_carea' id='block_1_101' title="bbox 2112 4674 3684 4756">
    <p class='ocr_par' dir='ltr' id='par_1_101' title="bbox 2112 4674 3684 4756">
     <span class='ocr_line' id='line_1_101' title="bbox 2112 4674 3684 4756; baseline -0.008 -17"><span class='ocrx_word' id='word_1_751' title='bbox 2112 4686 2373 4756; x_wconf 75' lang='lat' dir='ltr'><strong>piumque</strong></span> <span class='ocrx_word' id='word_1_752' title='bbox 2400 4682 2701 4747; x_wconf 89' lang='lat' dir='ltr'><strong>doctorem,</strong></span> <span class='ocrx_word' id='word_1_753' title='bbox 2741 4681 2848 4736; x_wconf 90' lang='lat' dir='ltr'><strong>huc</strong></span> <span class='ocrx_word' id='word_1_754' title='bbox 2872 4680 3167 4737; x_wconf 88' lang='lat' dir='ltr'><strong>salubriter</strong></span> <span class='ocrx_word' id='word_1_755' title='bbox 3195 4693 3225 4732; x_wconf 90' lang='lat' dir='ltr'><strong>a</strong></span> <span class='ocrx_word' id='word_1_756' title='bbox 3256 4676 3506 4748; x_wconf 88' lang='lat' dir='ltr'><strong>virginali</strong></span> <span class='ocrx_word' id='word_1_757' title='bbox 3533 4674 3684 4745; x_wconf 88' lang='lat' dir='ltr'><strong>pela-</strong></span> 
     </span>
    </p>
   </div>
   <div class='ocr_carea' id='block_1_102' title="bbox 2109 4770 3686 4850">
    <p class='ocr_par' dir='ltr' id='par_1_102' title="bbox 2109 4770 3686 4850">
     <span class='ocr_line' id='line_1_102' title="bbox 2109 4770 3686 4850; baseline -0.005 -19"><span class='ocrx_word' id='word_1_758' title='bbox 2109 4793 2180 4850; x_wconf 90' lang='lat' dir='ltr'><strong>go</strong></span> <span class='ocrx_word' id='word_1_759' title='bbox 2209 4777 2650 4847; x_wconf 84' lang='lat' dir='ltr'><strong>adnavigantem,</strong></span> <span class='ocrx_word' id='word_1_760' title='bbox 2682 4774 3051 4844; x_wconf 90' lang='lat' dir='ltr'><strong>suscipiamus</strong></span> <span class='ocrx_word' id='word_1_761' title='bbox 3076 4810 3091 4837; x_wconf 88' lang='lat'><strong>,</strong></span> <span class='ocrx_word' id='word_1_762' title='bbox 3116 4772 3338 4842; x_wconf 87' lang='lat' dir='ltr'><strong>jamque</strong></span> <span class='ocrx_word' id='word_1_763' title='bbox 3368 4770 3554 4825; x_wconf 90' lang='lat' dir='ltr'><strong>divino</strong></span> <span class='ocrx_word' id='word_1_764' title='bbox 3583 4783 3686 4824; x_wconf 89' lang='lat' dir='ltr'><strong>suo</strong></span> 
     </span>
    </p>
   </div>
   <div class='ocr_carea' id='block_1_103' title="bbox 2110 4858 3681 4934">
    <p class='ocr_par' dir='ltr' id='par_1_103' title="bbox 2110 4858 3681 4934">
     <span class='ocr_line' id='line_1_103' title="bbox 2110 4858 3681 4934; baseline -0.004 -13"><span class='ocrx_word' id='word_1_765' title='bbox 2110 4869 2205 4923; x_wconf 91' lang='lat' dir='ltr'><strong>illo</strong></span> <span class='ocrx_word' id='word_1_766' title='bbox 2226 4866 2502 4924; x_wconf 89' lang='lat' dir='ltr'><strong>desiderio</strong></span> <span class='ocrx_word' id='word_1_767' title='bbox 2524 4873 2898 4923; x_wconf 77' lang='lat' dir='ltr'><strong>exsaturatum</strong></span> <span class='ocrx_word' id='word_1_768' title='bbox 2924 4864 3130 4934; x_wconf 89' lang='lat' dir='ltr'><strong>pariter</strong></span> <span class='ocrx_word' id='word_1_769' title='bbox 3148 4901 3164 4928; x_wconf 94' lang='lat'><strong>,</strong></span> <span class='ocrx_word' id='word_1_770' title='bbox 3218 4876 3283 4916; x_wconf 88' lang='lat' dir='ltr'><strong>ac</strong></span> <span class='ocrx_word' id='word_1_771' title='bbox 3312 4858 3681 4915; x_wconf 86' lang='lat' dir='ltr'><strong>beatissimam</strong></span> 
     </span>
    </p>
   </div>
   <div class='ocr_carea' id='block_1_104' title="bbox 2110 4956 3682 5029">
    <p class='ocr_par' dir='ltr' id='par_1_104' title="bbox 2110 4956 3682 5029">
     <span class='ocr_line' id='line_1_104' title="bbox 2110 4956 3682 5029; baseline -0.005 -15"><span class='ocrx_word' id='word_1_772' title='bbox 2110 4960 2257 5014; x_wconf 83' lang='lat' dir='ltr'><strong>illam</strong></span> <span class='ocrx_word' id='word_1_773' title='bbox 2297 4958 2621 5029; x_wconf 83' lang='lat' dir='ltr'><strong>theologiam</strong></span> <span class='ocrx_word' id='word_1_774' title='bbox 2671 4957 2828 5014; x_wconf 88' lang='lat' dir='ltr'><strong>nobis</strong></span> <span class='ocrx_word' id='word_1_775' title='bbox 2871 4956 3282 5017; x_wconf 90' lang='lat' dir='ltr'><strong>advectantem,</strong></span> <span class='ocrx_word' id='word_1_776' title='bbox 3338 4964 3682 5017; x_wconf 79' lang='lat' dir='ltr'><strong>recreemus;</strong></span> 
     </span>
    </p>
   </div>
   <div class='ocr_carea' id='block_1_105' title="bbox 2110 5046 3685 5124">
    <p class='ocr_par' dir='ltr' id='par_1_105' title="bbox 2110 5046 3685 5124">
     <span class='ocr_line' id='line_1_105' title="bbox 2110 5046 3685 5124; baseline -0.006 -17"><span class='ocrx_word' id='word_1_777' title='bbox 2110 5053 2326 5124; x_wconf 82' lang='lat' dir='ltr'><strong>ipsique</strong></span> <span class='ocrx_word' id='word_1_778' title='bbox 2359 5066 2668 5108; x_wconf 89' lang='lat' dir='ltr'><strong>sermonem</strong></span> <span class='ocrx_word' id='word_1_779' title='bbox 2699 5052 2969 5122; x_wconf 90' lang='lat' dir='ltr'><strong>reliquum</strong></span> <span class='ocrx_word' id='word_1_780' title='bbox 3006 5063 3406 5122; x_wconf 86' lang='lat' dir='ltr'><strong>prosequamur</strong></span> <span class='ocrx_word' id='word_1_781' title='bbox 3437 5046 3504 5100; x_wconf 89' lang='lat' dir='ltr'><strong>ad</strong></span> <span class='ocrx_word' id='word_1_782' title='bbox 3545 5059 3685 5116; x_wconf 72' lang='lat' dir='ltr'><strong>pra:-</strong></span> 
     </span>
    </p>
   </div>
   <div class='ocr_carea' id='block_1_106' title="bbox 2111 5140 3685 5215">
    <p class='ocr_par' dir='ltr' id='par_1_106' title="bbox 2111 5140 3685 5215">
     <span class='ocr_line' id='line_1_106' title="bbox 2111 5140 3685 5215; baseline -0.007 -15"><span class='ocrx_word' id='word_1_783' title='bbox 2111 5146 2361 5200; x_wconf 90' lang='lat' dir='ltr'><strong>stitutum</strong></span> <span class='ocrx_word' id='word_1_784' title='bbox 2396 5146 2556 5201; x_wconf 84' lang='lat' dir='ltr'><strong>nobis</strong></span> <span class='ocrx_word' id='word_1_785' title='bbox 2601 5160 2864 5215; x_wconf 85' lang='lat' dir='ltr'><strong>scopum,</strong></span> <span class='ocrx_word' id='word_1_786' title='bbox 2915 5143 3007 5198; x_wconf 88' lang='lat' dir='ltr'><strong>Dei</strong></span> <span class='ocrx_word' id='word_1_787' title='bbox 3060 5142 3250 5213; x_wconf 89' lang='lat' dir='ltr'><strong>optimi</strong></span> <span class='ocrx_word' id='word_1_788' title='bbox 3295 5140 3498 5203; x_wconf 91' lang='lat' dir='ltr'><strong>ductu,</strong></span> <span class='ocrx_word' id='word_1_789' title='bbox 3535 5144 3685 5193; x_wconf 76' lang='lat' dir='ltr'><strong>certa</strong></span> 
     </span>
    </p>
   </div>
   <div class='ocr_carea' id='block_1_107' title="bbox 2110 5227 3684 5306">
    <p class='ocr_par' dir='ltr' id='par_1_107' title="bbox 2110 5227 3684 5306">
     <span class='ocr_line' id='line_1_107' title="bbox 2110 5227 3684 5306; baseline -0.007 -16"><span class='ocrx_word' id='word_1_790' title='bbox 2110 5236 2324 5292; x_wconf 85' lang='lat' dir='ltr'><strong>ratione</strong></span> <span class='ocrx_word' id='word_1_791' title='bbox 2356 5251 2580 5292; x_wconf 87' lang='lat' dir='ltr'><strong>cursum</strong></span> <span class='ocrx_word' id='word_1_792' title='bbox 2606 5235 2935 5306; x_wconf 87' lang='lat' dir='ltr'><strong>dirigentes;</strong></span> <span class='ocrx_word' id='word_1_793' title='bbox 2971 5241 3032 5288; x_wconf 93' lang='lat' dir='ltr'><strong>ut</strong></span> <span class='ocrx_word' id='word_1_794' title='bbox 3072 5248 3142 5288; x_wconf 90' lang='lat' dir='ltr'><strong>ne</strong></span> <span class='ocrx_word' id='word_1_795' title='bbox 3187 5244 3451 5301; x_wconf 85' lang='lat' dir='ltr'><strong>prorsus,</strong></span> <span class='ocrx_word' id='word_1_796' title='bbox 3500 5227 3567 5280; x_wconf 90' lang='lat' dir='ltr'><strong>ad</strong></span> <span class='ocrx_word' id='word_1_797' title='bbox 3617 5241 3684 5281; x_wconf 89' lang='lat' dir='ltr'><strong>ea</strong></span> 
     </span>
    </p>
   </div>
   <div class='ocr_carea' id='block_1_108' title="bbox 2109 5317 3686 5398">
    <p class='ocr_par' dir='ltr' id='par_1_108' title="bbox 2109 5317 3686 5398">
     <span class='ocr_line' id='line_1_108' title="bbox 2109 5317 3686 5398; baseline -0.005 -19"><span class='ocrx_word' id='word_1_798' title='bbox 2109 5343 2229 5398; x_wconf 73' lang='lat' dir='ltr'><strong>qua:</strong></span> <span class='ocrx_word' id='word_1_799' title='bbox 2260 5328 2603 5391; x_wconf 91' lang='lat' dir='ltr'><strong>incumbunt,</strong></span> <span class='ocrx_word' id='word_1_800' title='bbox 2637 5333 2691 5381; x_wconf 90' lang='lat' dir='ltr'><strong>et</strong></span> <span class='ocrx_word' id='word_1_801' title='bbox 2720 5334 3032 5381; x_wconf 88' lang='lat' dir='ltr'><strong>nostrarum</strong></span> <span class='ocrx_word' id='word_1_802' title='bbox 3056 5332 3185 5380; x_wconf 90' lang='lat' dir='ltr'><strong>sunt</strong></span> <span class='ocrx_word' id='word_1_803' title='bbox 3215 5323 3482 5394; x_wconf 87' lang='lat' dir='ltr'><strong>partium,</strong></span> <span class='ocrx_word' id='word_1_804' title='bbox 3508 5317 3686 5374; x_wconf 79' lang='lat' dir='ltr'><strong>infru-</strong></span> 
     </span>
    </p>
   </div>
   <div class='ocr_carea' id='block_1_109' title="bbox 2109 5411 3683 5492">
    <p class='ocr_par' dir='ltr' id='par_1_109' title="bbox 2109 5411 3683 5492">
     <span class='ocr_line' id='line_1_109' title="bbox 2109 5411 3683 5492; baseline -0.006 -17"><span class='ocrx_word' id='word_1_805' title='bbox 2109 5421 2267 5492; x_wconf 78' lang='lat' dir='ltr'><strong>giferi</strong></span> <span class='ocrx_word' id='word_1_806' title='bbox 2314 5419 2645 5490; x_wconf 89' lang='lat' dir='ltr'><strong>inutilesque</strong></span> <span class='ocrx_word' id='word_1_807' title='bbox 2700 5417 3064 5473; x_wconf 90' lang='lat' dir='ltr'><strong>inveniamur.</strong></span> <span class='ocrx_word' id='word_1_808' title='bbox 3115 5414 3252 5470; x_wconf 85' lang='lat' dir='ltr'><strong>Cum</strong></span> <span class='ocrx_word' id='word_1_809' title='bbox 3289 5414 3472 5484; x_wconf 87' lang='lat' dir='ltr'><strong>itaque</strong></span> <span class='ocrx_word' id='word_1_810' title='bbox 3507 5411 3574 5465; x_wconf 90' lang='lat' dir='ltr'><strong>ad</strong></span> <span class='ocrx_word' id='word_1_811' title='bbox 3617 5425 3683 5468; x_wconf 86' lang='lat' dir='ltr'><strong>ea</strong></span> 
     </span>
    </p>
   </div>
   <div class='ocr_carea' id='block_1_110' title="bbox 2510 5613 3685 5687">
    <p class='ocr_par' dir='ltr' id='par_1_110' title="bbox 2510 5613 3685 5687">
     <span class='ocr_line' id='line_1_110' title="bbox 2510 5613 3685 5687; baseline 0 -12"><span class='ocrx_word' id='word_1_812' title='bbox 2510 5618 2557 5652; x_wconf 74' lang='grc'><strong>³⁸</strong></span> <span class='ocrx_word' id='word_1_813' title='bbox 2594 5616 2709 5675; x_wconf 80' lang='lat' dir='ltr'><strong>ler.</strong></span> <span class='ocrx_word' id='word_1_814' title='bbox 2752 5633 2928 5687; x_wconf 76' lang='lat' dir='ltr'><strong>nm,</strong></span> <span class='ocrx_word' id='word_1_815' title='bbox 2967 5617 3059 5675; x_wconf 74' lang='grc'><strong>24.</strong></span> <span class='ocrx_word' id='word_1_816' title='bbox 3137 5617 3185 5650; x_wconf 82' lang='grc'><strong>⁹⁶</strong></span> <span class='ocrx_word' id='word_1_817' title='bbox 3224 5615 3416 5686; x_wconf 78' lang='lat' dir='ltr'><strong>Ephes.</strong></span> <span class='ocrx_word' id='word_1_818' title='bbox 3459 5630 3511 5673; x_wconf 75' lang='lat' dir='ltr'><strong>Vl</strong></span> <span class='ocrx_word' id='word_1_819' title='bbox 3538 5654 3554 5681; x_wconf 90' lang='lat'><strong>,</strong></span> <span class='ocrx_word' id='word_1_820' title='bbox 3595 5613 3685 5677; x_wconf 81' lang='grc'><strong>16.</strong></span> 
     </span>
    </p>
   </div>
   <div class='ocr_carea' id='block_1_111' title="bbox 432 5673 2223 5754">
    <p class='ocr_par' dir='ltr' id='par_1_111' title="bbox 432 5673 2223 5754">
     <span class='ocr_line' id='line_1_111' title="bbox 432 5673 2223 5754; baseline 0.01 -27"><span class='ocrx_word' id='word_1_821' title='bbox 432 5674 475 5706; x_wconf 77' lang='grc'><strong>’⁷</strong></span> <span class='ocrx_word' id='word_1_822' title='bbox 525 5673 691 5731; x_wconf 77' lang='lat' dir='ltr'><strong>Exod.</strong></span> <span class='ocrx_word' id='word_1_823' title='bbox 730 5673 835 5741; x_wconf 74' lang='lat' dir='ltr'><strong>ix,</strong></span> <span class='ocrx_word' id='word_1_824' title='bbox 883 5678 971 5733; x_wconf 74' lang='grc'><strong>12.</strong></span> <span class='ocrx_word' id='word_1_825' title='bbox 1012 5673 1091 5714; x_wconf 68' lang='grc' dir='ltr'>’θδ</span> <span class='ocrx_word' id='word_1_826' title='bbox 1132 5682 1151 5735; x_wconf 86' lang='grc' dir='ltr'>ῐ</span> <span class='ocrx_word' id='word_1_827' title='bbox 1194 5681 1330 5737; x_wconf 88' lang='lat' dir='ltr'><strong>Tim.</strong></span> <span class='ocrx_word' id='word_1_828' title='bbox 1376 5700 1412 5750; x_wconf 88' lang='grc' dir='ltr'><strong>ι,</strong></span> <span class='ocrx_word' id='word_1_829' title='bbox 1452 5685 1538 5741; x_wconf 84' lang='grc'><strong>17.</strong></span> <span class='ocrx_word' id='word_1_830' title='bbox 1613 5685 1658 5718; x_wconf 77' lang='grc'><strong>’⁸</strong></span> <span class='ocrx_word' id='word_1_831' title='bbox 1687 5673 1999 5753; x_wconf 77' lang='lat' dir='ltr'><strong>Baracltttt,</strong></span> <span class='ocrx_word' id='word_1_832' title='bbox 2026 5687 2223 5754; x_wconf 67' lang='lat'><strong>24,25.</strong></span> 
     </span>
    </p>
   </div>
   <div class='ocr_carea' id='block_1_112' title="bbox 506 5854 1378 5935">
    <p class='ocr_par' dir='ltr' id='par_1_112' title="bbox 506 5854 1378 5935">
     <span class='ocr_line' id='line_1_112' title="bbox 506 5854 1378 5935; baseline 0.005 -22"><span class='ocrx_word' id='word_1_833' title='bbox 506 5854 617 5929; x_wconf 55' lang='lat'><strong>(7’2)</strong></span> <span class='ocrx_word' id='word_1_834' title='bbox 648 5856 1016 5926; x_wconf 70' lang='grc' dir='ltr'>Φιλαλήθως.</span> <span class='ocrx_word' id='word_1_835' title='bbox 1047 5861 1378 5935; x_wconf 75' lang='grc' dir='ltr'>Φιλαλήθεις.</span> 
     </span>
    </p>
   </div>
  </div>
