4110 6460
397 437 503 493 373

1354 432 1413 489 S.
1455 430 1783 489 METHODII
1818 430 2127 489 EPISCOPI
2169 432 2257 488 ET
2296 428 2652 489 MARTYRIS

3521 434 3629 495 378

397 569 556 616 sacra
579 598 594 621 ,
620 552 979 610 sacerdouum
997 592 1011 614 .
1072 552 1468 625 prophetiaque
1490 595 1503 615 .
1538 557 1740 625 pariter
1775 564 1962 610 vocata

2067 573 2152 609 κει
2179 554 2257 627 τῷ
2305 555 2501 626 ἐνδόξῳ
2528 556 2621 609 καὶ
2662 553 2970 627 παρθενικῷ
3020 553 3195 627 θρόνῳ
3236 552 3464 624 ξυνωρὶς
3504 555 3630 610 θεο-

399 653 583 703 essent
610 646 955 716 gloriosoque
990 643 1231 714 Virginis
1253 645 1473 709 throno,
1498 647 1621 717 biga
1653 649 1764 701 hzec
1790 662 1820 700 a
1854 646 1963 701 Deo

399 739 692 794 electorum
729 737 1036 805 iustorum;
1075 734 1366 804 Simeonis,
1403 738 1646 807 inquam,
1685 745 1738 792 et
1762 737 1958 805 Annae;

400 830 776 902 apertissimas
802 829 1085 900 utriusque
1119 831 1302 900 populi
1346 830 1611 901 imagines
1653 831 1707 884 in
1743 847 1802 885 se
1826 846 1963 901 pra:-

399 922 688 979 ferentium
712 962 726 983 ,
763 922 1030 975 astitisset
1056 920 1199 991 (nam
1230 937 1395 976 senex
1419 922 1635 992 quidem
1706 921 1964 978 Israeliti-

397 1031 521 1071 cum
558 1015 851 1086 populum,
883 1014 1103 1084 jamque
1150 1023 1520 1069 senescentem
1553 1024 1608 1068 ct
1629 1014 1840 1070 effetam
1882 1015 1961 1068 ie-

398 1121 518 1176 gem
564 1105 884 1168 exhibebat;
935 1104 1093 1158 vidua
1136 1111 1313 1157 autem
1371 1102 1668 1157 Ecclesiam
1721 1107 1960 1175 gentium

398 1202 628 1249 eatenus
655 1194 945 1262 viduam),
981 1208 1145 1249 senex
1171 1193 1419 1263 quidem,
1452 1208 1551 1247 ceu
1586 1194 1641 1247 in
1680 1194 1817 1262 legis
1842 1181 1963 1264 pcr-

402 1300 573 1347 sona,
627 1284 998 1339 dimissionem
1042 1283 1353 1353 quaerebat;
1390 1283 1550 1336 vidua
1586 1292 1766 1338 autem
1796 1324 1810 1347 ,
1861 1299 1960 1338 ceu

400 1375 655 1432 Ecclesia:
684 1390 969 1445 personam
995 1389 1208 1444 gerens,
1233 1372 1631 1428 confessionem
1658 1381 1849 1428 contra
1880 1373 1962 1428 af-

402 1466 611 1521 ferebat
642 1468 684 1534 ¹,
708 1465 1261 1535 exspectantibusQue
1309 1464 1738 1533 redemptionem
1783 1465 1839 1518 in
1873 1463 1963 1520 Je-

401 1558 633 1613 rusalem
655 1598 669 1622 ,
721 1572 842 1628 quae
881 1558 948 1610 de
983 1557 1099 1625 ipso
1137 1565 1293 1609 erant
1320 1556 1568 1609 edicebat
1598 1578 1608 1611 :
1642 1556 1785 1610 sicut
1824 1557 1963 1611 bene

404 1659 567 1720 atque
594 1649 841 1719 apposite
868 1661 930 1702 ac
957 1646 1112 1702 valde
1135 1646 1352 1716 egregie
1372 1688 1387 1712 ,
1415 1655 1469 1701 et
1502 1645 1638 1701 festo
1665 1647 1794 1702 huic
1835 1664 1960 1702 cum

402 1742 591 1811 primis
616 1755 876 1811 congrua,
903 1740 972 1793 ab
1008 1750 1238 1809 utroque
1266 1736 1436 1807 dicta,
1462 1739 1772 1809 conscripta
1811 1747 1958 1796 sunt.

399 1831 692 1903 Oportebat
723 1832 866 1887 enim
914 1846 977 1885 ac
1014 1832 1171 1899 plane
1199 1845 1487 1886 necessum
1514 1838 1633 1885 erat
1652 1871 1668 1895 ,
1700 1836 1760 1885 ut
1793 1846 1960 1886 senex

2063 648 2277 719 κλήτων
2300 648 2547 714 δικαίων,
2605 646 2888 717 Συμεῶνός
2920 664 3059 718 φημι
3082 647 3176 701 καὶ
3198 648 3417 719 ’Δννης,
3444 648 3604 702 ἐκατέ

2064 756 2173 811 ρων
2201 739 2307 792 τῶν
2336 738 2478 792 λαῶν
2520 737 2914 809 ἐναργεστάτας
2958 738 3230 810 φερόντων
3272 737 3372 802 τὰς
3416 738 3629 802 εἰκόνας

2064 832 2124 902 (ό
2157 832 2256 902 μὲν
2286 830 2614 902 πρεσϐύτης,
2649 829 2741 882 τοῦ
2784 827 2997 900 Ἰσραὴλ
3031 830 3125 883 καὶ
3163 828 3256 883 τοῦ
3284 830 3627 901 γηράσαντος

2061 923 2222 993 νόμου
2243 939 2256 951 ·
2290 924 2323 992 ἡ
2357 921 2413 975 δὲ
2445 923 2607 992 χήρα,
2636 921 2734 991 τῆς
2769 920 2829 984 ἐξ
2853 918 3019 973 ἐθνῶν
3046 921 3221 992 χήρας
3251 919 3313 973 τὸ
3333 919 3629 992 τηνικαῦτα

2074 1012 2432 1083 Ἑκκλησίας)
2458 1029 2472 1042 ·
2501 1015 2530 1065 ὁ
2564 1012 2663 1083 μὲν
2703 1008 2796 1065 οὖν
2837 1012 3146 1085 πρεσϐύτης
3185 1012 3631 1084 προσωποπυιούυ

2066 1122 2223 1175 μενος
2253 1105 2343 1157 τὸν
2396 1104 2578 1174 νόμον,
2617 1104 2715 1176 τὴν
2764 1104 3027 1158 ἀπόλυσιν
3069 1104 3310 1176 ἐξεζήτει
3331 1120 3345 1134 ·
3378 1106 3413 1175 ἠ
3443 1104 3501 1157 δὲ
3530 1106 3628 1176 τῆς

2077 1197 2400 1266 Ἐκκλησίας
2430 1197 2843 1269 προσωποποιδς
2872 1196 2967 1268 τὴν
3004 1195 3429 1267 ἀνθομολόγησιν
3458 1212 3627 1266 προσ-

2061 1287 2279 1358 εκόμιζε
2316 1286 2450 1358 (75),
2493 1288 2725 1351 καὶτοῖς
2760 1286 3213 1357 ἀπεκδεχομένοις
3258 1285 3522 1357 λύτρωσιν
3568 1286 3627 1337 ἐν

2074 1377 2425 1449 Ἰερουσαλὴμ
2470 1377 2538 1430 τὰ
2584 1380 2712 1448 περὶ
2754 1376 2917 1430 αὑτοῦ
2955 1377 3165 1430 ἐλάλειι
3206 1375 3387 1439 καθὼς
3425 1376 3632 1446 γέγρα-

2062 1488 2191 1524 πται
2224 1466 2285 1524 εὗ
2329 1470 2475 1541 μάλα
2513 1470 2783 1541 ἁρμοδίως
2812 1470 2905 1522 καὶ
2933 1467 3222 1540 ὑπερφυῶς
3254 1466 3324 1520 τὰ
3345 1468 3473 1537 παρ’
3509 1467 3632 1518 ἐκα-

2060 1562 2241 1633 τέροις
2260 1562 2583 1633 λαλούμενα,
2602 1561 2696 1614 κα)⁸
2721 1563 2786 1631 τῇ
2815 1562 2935 1631 ἱερᾷ
2957 1560 3143 1630 τελετῇ
3174 1559 3237 1610 σύ
3245 1575 3358 1628 μφη
3368 1574 3461 1628 μα.
3484 1555 3631 1609 Ἔδει

2061 1654 2189 1725 γὰρ,
2225 1653 2330 1706 ἔδει
2366 1652 2551 1721 σαφῶς
2578 1653 2670 1705 τὸν
2711 1652 2807 1722 μὲν
2841 1651 3150 1723 πρεσϐύτην
3180 1651 3538 1720 ἐπιστάμενον
3568 1647 3632 1701 τὸ

2063 1747 2267 1814 φάσκον
2290 1744 2383 1798 τοῦ
2415 1744 2579 1814 νόμου
2619 1745 2919 1814 διάταγμα,
2956 1742 3150 1798 Αὐτοῦ
3193 1742 3470 1794 ἀκούετε·
3500 1737 3627 1793 κσίο

2060 1833 2236 1889 Πᾶσα
2267 1835 2439 1905 ψυχὴ
2484 1835 2615 1902 ἥτις
2641 1834 2718 1889 ἂν
2753 1834 2838 1903 μὴ
2879 1834 3115 1901 ἀκούσῃ
3161 1832 3369 1896 αὐτοῦ,
3421 1830 3634 1894 ἐξολσκ

401 1924 655 1995 quidem,
688 1924 780 1993 qui
824 1923 957 1993 legis
994 1923 1124 1977 illud
1161 1922 1357 1979 scitum
1397 1924 1686 1993 perspicue
1735 1931 1957 1987 nosset,

2067 1927 2369 1994 θρεύσεται
2411 1927 2479 1980 ἐκ
2520 1926 2626 1979 τοῦ
2675 1925 2828 1978 λαοῦ
2872 1922 3093 1991 αὐτῆς,
3145 1921 3403 1975 ἀπόλυσιν
3443 1919 3634 1989 ἐπιζηέ

399 2031 509 2087 quo
546 2015 748 2071 dicitur
778 2035 793 2072 :
824 2014 1003 2084 Ipsum
1027 2018 1234 2079 audite;
1267 2020 1324 2070 et
1367 2032 1379 2068 :
1416 2013 1599 2070 Omnis
1629 2015 1808 2069 anima
1847 2031 1964 2086 quae

402 2110 571 2178 ipsum
596 2126 698 2164 non
722 2108 969 2172 audierit,
1000 2107 1438 2162 exterminabitur
1469 2107 1533 2161 de
1559 2107 1747 2176 populo
1768 2122 1864 2161 suo
1895 2107 1916 2181 ξ
1944 2124 1958 2160 :

400 2200 683 2270 paciﬁcam
713 2216 744 2254 a
792 2199 948 2270 legali
994 2198 1339 2268 postmodum
1381 2198 1722 2253 institutione
1772 2197 1964 2254 dimis~

402 2294 611 2347 sionem
642 2298 926 2361 quaereret.
959 2289 1167 2346 Revera
1198 2290 1345 2346 enim
1376 2290 1575 2359 injuria
1599 2297 1685 2345 est
1710 2297 1764 2345 et
1794 2297 1964 2343 teme-

399 2383 537 2439 ritas
557 2422 571 2446 ,
596 2390 688 2446 ut,
719 2397 843 2451 rege
886 2388 1152 2450 praesente
1179 2395 1241 2435 ac
1267 2381 1429 2435 verba
1457 2378 1671 2450 publice
1697 2379 1960 2443 faciente,

403 2472 696 2530 satellitum
725 2472 922 2543 aliquis
956 2488 1021 2529 ex
1060 2473 1295 2527 adverso
1324 2472 1597 2543 loquatur,
1624 2480 1791 2541 utque
1828 2469 1962 2524 sub-

405 2563 502 2618 diti
538 2564 588 2618 ei
617 2562 833 2618 interim
870 2577 1032 2618 aures
1074 2562 1508 2617 accommodent.
1539 2560 1645 2615 Sed
1667 2570 1721 2614 et
1744 2560 1961 2615 viduam

401 2670 524 2725 quae
580 2653 740 2708 donis
794 2655 1181 2723 superantibus
1240 2654 1505 2708 rationem
1565 2659 1725 2707 aucta
1776 2658 1959 2714 esset,

404 2743 561 2798 festis
586 2742 820 2797 canticis
851 2741 963 2797 Deo
984 2743 1189 2813 gratias
1216 2757 1374 2813 agere
1399 2758 1499 2812 par
1533 2750 1649 2796 erat
1678 2760 1692 2794 :
1724 2739 1965 2810 adeoque

400 2834 511 2889 illic
552 2840 738 2903 gesta,
783 2833 888 2903 legi
941 2847 1183 2889 consona
1231 2844 1405 2888 erant.
1463 2833 1731 2888 Caeterum
1787 2846 1965 2902 operte

403 2927 635 2998 pretium
687 2925 893 2989 fuerit,
936 2925 1314 2995 inquiramus;
1352 2940 1475 2980 cum
1528 2924 1855 2995 prophetica:
1887 2925 1965 2978 in-

404 3015 761 3071 formationcs
785 3022 840 3070 et
860 3014 1047 3085 ﬁgura
1083 3016 1151 3070 ad
1178 3016 1407 3071 eximias
1447 3017 1612 3071 hasce
1638 3016 1963 3071 festivitates

403 3125 701 3180 congruam
730 3109 1020 3180 quamdam
1044 3110 1356 3165 relationem
1393 3109 1672 3172 haberent,
1707 3109 1966 3176 quemad—

403 3201 621 3256 modum
655 3200 860 3256 dietum
892 3209 975 3256 est
1003 3242 1019 3264 ,
1047 3202 1321 3271 quomodo
1349 3201 1544 3256 domus
1579 3199 1731 3255 fumo
1761 3199 1962 3269 repleta

2064 2016 2227 2086 τῆσαι
2266 2018 2547 2089 εἰρηνικὴν
2587 2017 2684 2087 τῆς
2726 2014 2956 2085 νομικῆς
3008 2012 3398 2081 παιδαγωγίας.
3436 2011 3633 2083 ’Υϐρις

2064 2108 2171 2181 γάρ
2222 2109 2337 2179 ἅμα
2394 2108 2488 2161 καὶ
2532 2105 2864 2178 προπέτεια,
2923 2103 3184 2175 βασιλέως
3227 2103 3491 2174 παρόντος
3538 2101 3634 2153 καὶ

2062 2199 2533 2273 δημηγοροῦντος,
2569 2198 2915 2268 ὑπασπιστὴν
2958 2197 3320 2268 κατάντικρυς
3348 2194 3637 2264 ἀντιφθέγ-

2064 2293 2276 2362 γεσθαι,
2316 2291 2411 2344 καὶ
2436 2289 2914 2361 τούτῳ.ὲπικλῖναι
2945 2290 3071 2352 τοὺς
3094 2288 3369 2358 ὑπηκόους
3400 2286 3469 2340 τά
3498 2282 3630 2340 ὦτα.

2067 2383 2215 2437 Ἔδει
2244 2382 2300 2435 δὲ
2332 2382 2427 2435 καὶ
2455 2380 2552 2453 τὴν
2595 2382 2790 2451 χήραν,
2824 2379 3089 2450 τυχοῦσαν
3127 2378 3234 2432 τῶν
3267 2377 3406 2450 ὑπὲρ
3455 2377 3633 2445 λόγον,

2062 2475 2133 2529 τὰ
2163 2474 2558 2545 εὑχαριστήρια
2583 2472 2838 2544 ἑορτάσαι
2862 2470 2939 2540 τῷ
2963 2469 3108 2541 Θεῷ·
3137 2469 3275 2523 ῶστε
3317 2469 3528 2539 συνῳδά
3554 2467 3636 2539 τῷ

2064 2565 2211 2635 νόμῳ
2244 2563 2310 2616 τὰ
2338 2556 2443 2619 ὧδε
2467 2562 2782 2633 τελούμενα.
2834 2561 3191 2632 Έπιζητῆσαι
3222 2559 3280 2613 δὲ
3308 2559 3489 2613 λοιπὸν
3528 2557 3637 2613 τῶν

2064 2655 2377 2723 ἀναγκαίων
2403 2653 2728 2726 καθέστηκε,
2761 2652 2879 2716 πῶς
2913 2653 3019 2706 τῶν
3054 2650 3405 2723 προφητικῶν
3436 2666 3637 2721 προτιμ-

2066 2748 2314 2813 πώσεων,
2372 2745 2554 2809 καθὼς
2621 2746 3016 2809 ἀποδέδεικται,
3059 2747 3153 2799 ἐπὶ
3199 2745 3307 2798 τῶν
3344 2742 3635 2813 ἐξαιρέτων

2064 2840 2268 2893 τούτων
2295 2838 2684 2909 ἐορτασμάτων
2722 2836 3005 2909 ἀραρότως
3043 2837 3274 2906 ἐχόντων
3305 2836 3402 2905 τὴν
3437 2835 3638 2902 ἀναφα-

2068 2933 2189 3003 ράν,
2224 2930 2429 2985 καπνοῦ
2473 2932 2560 2983 τὸν
2606 2926 2751 2983 οἷκον
2802 2927 3184 3000 ἐμπεπλῆσθαι
3217 2926 3494 2979 λέλεκται·
3541 2924 3637 2979 καὶ

2065 3024 2223 3077 τοῦτο
2254 3023 2315 3075 οὐ
2360 3020 2706 3093 παρενθέτως
2730 3021 2861 3090 (74),
2903 3020 3016 3073 ἀλλ’
3061 3018 3479 3088 ἐνσημάντρως,
3516 3015 3634 3069 ἀπὸ

2064 3114 2175 3183 τῆς
2198 3114 2485 3187 τρισαγίας
2511 3111 2715 3182 φωνῆς
2740 3113 2963 3181 φάσκων
2999 3113 3028 3164 ὁ
3058 3108 3373 3181 εἰσηγητὴς,
3401 3104 3477 3176 ἧς
3503 3103 3635 3160 ἐκέ-

2069 3221 2292 3274 κραγον
2336 3205 2386 3256 oi
2464 3202 2571 3256 τῶν
2631 3202 2967 3273 ἐπουρανίων
3035 3199 3252 3271 μύσται.
3332 3194 3640 3250 Ἀναλαϐὼν1

404 3292 576 3349 fuisse
602 3293 873 3349 referatur
912 3313 926 3350 :
962 3309 1065 3350 nec
1097 3295 1148 3350 id
1181 3294 1327 3350 velut
1374 3294 1696 3355 incidenter,
1749 3291 1841 3347 sed
1890 3292 1964 3346 si-

2067 3296 2110 3350 δ’
2152 3292 2273 3359 οὖν,
2303 3290 2348 3349 ῶ
2396 3294 2659 3365 φιλήκοε,
2718 3293 2818 3364 τῆς
2867 3292 3105 3363 ἱστορίας
3148 3290 3211 3344 τὸ
3261 3288 3637 3357 ἐπαγόμενον,

404 3396 655 3457 gnanter,
679 3387 854 3457 inquit
876 3389 1069 3443 doctor
1100 3388 1491 3458 prophetaque,
1522 3402 1555 3439 a
1576 3401 1694 3439 voce
1724 3391 1807 3437 ter
1828 3380 1967 3438 San-

402 3483 525 3532 ctus
581 3493 685 3547 qua
730 3479 1033 3536 cmlestium
1066 3478 1143 3533 illi
1191 3487 1378 3549 mystae
1418 3476 1723 3531 clamabant
1747 3475 1789 3531 ³.
1823 3473 1969 3530 Sane

400 3568 628 3636 hujusce
653 3570 730 3623 rei
779 3585 1031 3635 causam,
1081 3569 1327 3625 studiose
1380 3567 1614 3632 auditor,
1652 3566 1962 3629 inveneris,

406 3658 565 3712 modo
590 3674 655 3713 ea
693 3674 813 3728 quae
849 3668 1248 3731 consequenter
1281 3661 1443 3715 habet
1485 3661 1729 3715 narratio
1775 3674 1966 3730 perce»

403 3749 568 3819 peris.
588 3749 791 3802 Auditu
816 3752 983 3815 enim,
1014 3752 1210 3817 innuit,
1233 3751 1482 3815 audietis,
1512 3760 1562 3806 et
1592 3769 1694 3806 non
1716 3752 1968 3821 intellige-

407 3839 512 3901 tis;
542 3848 593 3893 et
624 3826 849 3895 videntes
875 3842 1135 3910 videbitis,
1160 3852 1209 3896 et
1231 3860 1335 3899 non
1363 3844 1688 3913 perspicietis
1728 3844 1769 3898 ‘.
1808 3842 1966 3899 Post~

405 3943 569 3999 quam
597 3929 740 3984 enim
767 3932 953 3985 vesani
982 3930 1176 3997 Judaei,
1205 3932 1443 4003 prodigia
1467 3933 1704 4003 gloriosa
1728 3949 1844 4003 qua:
1864 3934 1970 3988 Do.

405 4022 580 4076 minus
606 4022 829 4090 ponebat
858 4040 1012 4093 super
1039 4032 1233 4079 terram
1252 4025 1293 4091 ⁵,
1315 4025 1458 4080 sicut
1479 4026 1755 4081 cecinerat
1779 4025 1965 4093 David,

406 4110 858 4181 conspexissent;
884 4113 1256 4183 vidissentque
1286 4112 1500 4183 signum
1529 4128 1597 4168 ex
1620 4112 1891 4182 profundo
1916 4121 1969 4169 et

403 4199 473 4270 de
498 4201 715 4256 excelso
734 4202 777 4266 ⁸,
812 4202 1157 4259 inconfusum
1184 4218 1520 4259 concurrens
1544 4203 1964 4275 indivisumque,

403 4294 859 4364 quemadmodum
924 4299 1087 4352 etiam
1118 4295 1285 4353 Isaias
1340 4297 1662 4368 praedixerat
1712 4316 1724 4351 :
1775 4314 1969 4368 nempe

404 4386 628 4442 Matrem
651 4404 814 4460 supra
840 4397 1089 4444 naturam
1114 4407 1130 4458 ;
1162 4391 1438 4461 fetumque
1459 4405 1623 4460 supra
1655 4392 1919 4445 rationem
1950 4410 1963 4444 :

402 4488 635 4535 matrem
675 4488 1019 4549 terrestrem;
1069 4491 1124 4537 et
1175 4482 1344 4537 tilium
1387 4482 1702 4538 caelestem:
1736 4497 1963 4548 novam,

404 4573 658 4641 inquam,
697 4570 790 4625 Dei
826 4572 926 4627 viri
958 4582 1230 4638 naturam,
1264 4573 1719 4644 puerperiumque
1749 4574 1965 4643 nuptia-

2067 3389 2318 3459 εὑρήσεις
2365 3386 2462 3457 τὴν
2504 3386 2702 3439 αἰτίαν.
2745 3382 2913 3451 Ἀκοῇ
2939 3382 3068 3453 γὰρ,
3100 3380 3283 3451 φησιν,
3314 3378 3636 3443 ἀκούσητε,

2065 3480 2163 3532 καὶ
2187 3480 2259 3532 οὐ
2290 3477 2376 3546 μὴ
2411 3477 2639 3545 συνῆτε
2659 3491 2673 3500 ·
2721 3476 2819 3528 καὶ
2846 3472 3185 3539 ,ϐλέποντες
3214 3468 3509 3536 ,ϐλέψ-ητε,
3538 3462 3640 3517 καὶ

2067 3574 2138 3625 οὐ
2157 3570 2243 3640 μὴ
2276 3570 2459 3638 ἴδητε.
2492 3568 2644 3621 Ἐπεὶ
2664 3567 2842 3619 τοίνυν
2866 3561 3004 3618 εἶδον
3035 3561 3347 3632 ἀγνώμονες
3373 3554 3640 3611 Ἰουδαίων

2070 3664 2257 3725 παῖδες
2278 3662 2492 3729 τέρατα
2517 3659 2724 3725 ἔνδοξα,
2748 3657 2786 3711 d
2817 3658 2982 3711 ἔθετο
3012 3659 3044 3709 ό
3069 3653 3213 3718 Θεὸς
3244 3652 3344 3705 ἐπὶ
3384 3649 3495 3716 τῆς
3525 3645 3640 3718 τῆς

2068 3753 2209 3808 κατὰ
2237 3754 2327 3806 τδν
2365 3752 2597 3823 μελῳδὸν
2637 3748 2830 3803 Δαϐίδο
2865 3748 3158 3802 ἐθεάσαντο
3183 3743 3239 3797 δὲ
3283 3742 3377 3796 καὶ
3417 3740 3640 3810 σημεῖον

2069 3846 2133 3899 ἐκ
2167 3845 2364 3915 βάθους
2394 3844 2488 3897 καὶ
2522 3842 2582 3907 ἐξ
2616 3841 2780 3910 ὕψους
2810 3840 2952 3894 κατὰ
2971 3835 3185 3892 σύνοδον
3218 3835 3522 3905 ἀσύγχυτον
3545 3833 3641 3885 καὶ

2069 3936 2368 4007 ἀδιαίρετον
2393 3974 2409 4000 ,
2441 3935 2501 3988 ὃν
2552 3932 2753 4005 τρόπον
2795 3927 3247 4002 προανεφώνησεν
3291 3924 3515 3985 Ἡσαΐας
3557 3920 3641 3993 (τι

2068 4027 2260 4092 τοῦτο;
2298 4027 2510 4099 μητέρα
2534 4026 2677 4097 ὑπὲρ
2712 4025 2895 4093 φύσιν,
2936 4023 3029 4075 καὶ
3056 4021 3213 4073 τόκον
3270 4016 3411 4087 ὑπὲρ
3444 4015 3637 4083 λόγον·

2074 4121 2285 4192 μητέρα
2330 4121 2598 4188 ἐπίγειον,
2651 4118 2744 4172 καὶ
2792 4116 2905 4169 υἱὸν
2955 4113 3223 4185 οὐράνιον,
3251 4110 3445 4181 καινήν
3494 4121 3638 4178 φημι

2071 4211 2512 4284 θεανδρίαν(75),
2547 4212 2641 4264 καὶ
2681 4210 2837 4281 λόχον
2884 4206 3258 4278 ἀπειρόγαμον
3289 4222 3305 4239 ο
3330 4199 3410 4259 ῶν
3447 4201 3500 4254 τί
3543 4199 3640 4254 καὶ

2070 4303 2262 4372 γένοιτ’
2284 4304 2350 4358 ἂν
2381 4302 2715 4374 ἐνδοξότερον
2755 4302 2847 4354 καὶ
2884 4297 3329 4370 περιϐοητότερον
3362 4292 3507 4364 ἀμφὶ
3539 4289 3641 4359 τὴν

2070 4394 2336 4466 κτίσιν;)’
2371 4396 2465 4449 καὶ
2497 4394 2669 4448 ταῦτα
2703 4392 3044 4463 θεασάμενοι,
3076 4387 3389 4458 διετέθησαν
3438 4385 3515 4447 ὡς
3564 4380 3640 4453 μὴ

2071 4485 2395 4557 θεασάμενοι
2418 4527 2433 4551 ,
2496 4486 2792 4557 μύσσοντες
2830 4485 2924 4538 καὶ
2974 4479 3324 4551 ὑπτιούμενοι
3374 4474 3510 4547 πρὸς
3543 4471 3641 4543 τὴν

2071 4577 2302 4630 αίνεσιν·
2341 4576 2431 4630 διὰ
2474 4576 2631 4630 τοῦτο
2663 4574 2907 4647 ἐπλήσθη
2933 4575 2963 4627 ὁ
3002 4570 3149 4635 οἶκος
3182 4571 3281 4641 τῆς
3325 4567 3642 4637 καυχήσεως

403 4681 524 4720 rum
546 4680 741 4737 expers
774 4686 786 4720 :
831 4667 1046 4739 quibus,
1076 4666 1206 4736 quid
1236 4681 1474 4736 unquam
1497 4664 1790 4736 gloriosius
1818 4666 1964 4720 circa

2070 4669 2249 4723 αὑτῶν
2275 4669 2503 4723 καπνοῦ.

404 4766 747 4823 creaturam,
781 4760 910 4829 quid
945 4775 1073 4814 vero
1101 4760 1365 4814 celebrius
1399 4758 1572 4827 possit
1611 4756 1765 4811 ﬁeri?
1811 4756 1957 4821 haec,
1989 4759 2207 4830 inquam
2230 4801 2247 4825 ,
2276 4762 2352 4816 illi
2392 4777 2515 4817 cum
2566 4761 2865 4823 vidissent,
2922 4756 3149 4829 perinde
3179 4753 3355 4810 aﬂ‘ecti
3395 4756 3525 4808 sunt
3575 4761 3643 4804 ac

406 4855 454 4908 si
483 4869 592 4910 non
623 4854 920 4921 vidissent,
960 4857 1276 4912 claudentes
1314 4856 1534 4922 oculos,
1587 4860 1643 4910 et
1696 4854 1762 4909 ad
1806 4853 2018 4911 laudem
2072 4859 2273 4929 supini.
2318 4859 2607 4930 Propterea
2650 4858 2854 4928 repleta
2920 4863 3005 4911 est
3053 4854 3250 4909 domus
3301 4843 3641 4922 gloriationis

403 4964 591 5005 eorum
662 4949 829 5006 fumo.

512 5047 528 5078 ³
575 5044 697 5102 Luc.
736 5063 796 5114 II,
827 5048 914 5104 58.
995 5049 1015 5079 ¹
1046 5047 1197 5105 Deut.
1230 5049 1490 5112 “111,15,
1523 5048 1609 5103 19.
1686 5049 1705 5078 ³
1740 5045 1943 5113 Isa.vl,

2100 5046 2124 5078 δ
2155 5045 2282 5101 ibid.
2307 5044 2373 5112 9;
2404 5047 2518 5100 Act.
2562 5059 2752 5109 xxvm,
2777 5042 2870 5098 26.

402 5131 503 5180 vu,
530 5116 618 5170 Η.

471 5208 584 5277 (7'5)
620 5208 736 5280 Τὴν
754 5211 1244 5279 ἀνθομολόγησιν
1267 5210 1667 5279 προσεκόμιζε.
1704 5212 1798 5265 Est
1827 5210 1969 5280 apud

401 5275 1018 5349 Ιλιιοςὰνθωμολογέῖτο.
1049 5275 1193 5348 quod
1243 5275 1434 5334 auctor
1470 5275 1539 5333 ιη’
1571 5275 1968 5335 adversativum

404 5348 677 5402 subtiliter
704 5348 946 5420 exponit.
978 5349 1136 5420 Vulg.
1161 5359 1391 5413 tantum,
1438 5352 1804 5417 confitebatur.
1842 5351 1970 5402 Era-

404 5431 578 5482 smus,
628 5418 805 5485 palam
850 5418 1198 5489 ronﬁtebdtur
1232 5437 1249 5473 :
1283 5420 1427 5490 quod
1475 5421 1765 5490 adjectum,
1815 5434 1971 5474 sacer

406 5495 607 5551 textus,
642 5490 820 5545 minus
844 5491 1043 5543 habrre
1070 5491 1299 5545 videtur.

474 5556 585 5627 (74)
622 5560 1010 5627 Παρενθέτως.
1057 5558 1216 5615 Velut
1259 5561 1714 5622 concomitanler;
1747 5560 1862 5613 ἀλλ’
1891 5561 1977 5612 ἐν-

406 5627 750 5698 σημάντρως,
783 5646 878 5698 per
907 5647 965 5685 sc
990 5630 1383 5695 ct'l'ormaliter,
1414 5647 1530 5692 seu,
1565 5640 1621 5683 ut
1651 5632 1719 5682 ab
1749 5632 1863 5697 ipsa
1885 5645 1979 5683 ea-

405 5695 526 5769 dem
559 5695 743 5769 causa,
784 5695 813 5752 a
856 5714 961 5768 qua
992 5715 1096 5753 non
1130 5699 1330 5763 lutnus,
1367 5700 1458 5755 sed
1492 5701 1749 5769 splendor
1770 5695 1832 5752 et
1864 5702 1976 5753 cla-

404 5766 566 5826 ritas,
604 5766 927 5839 videbantur
968 5769 1185 5823 domum
1228 5766 1537 5839 rcpleturai
1574 5785 1733 5824 verso
1764 5771 1975 5824 scilicet

409 5839 463 5892 in
508 5851 795 5905 venenum,
844 5838 1078 5893 humana
1119 5838 1343 5907 malitia,
1389 5841 1730 5896 divinissimo
1767 5841 1855 5894 illo
1890 5854 1972 5894 re-

2943 5041 2967 5073 ⁸
2990 5039 3141 5095 Psal.
3175 5054 3298 5104 τιν,
3339 5037 3394 5093 9.
3471 5037 3493 5069 ⁸
3516 5033 3634 5091 Isa.

2077 5212 2276 5266 medio.
2316 5209 2603 5268 Pantinus.
2648 5226 2749 5262 non
2779 5208 2975 5268 leviter,
3008 5223 3069 5260 ac
3098 5205 3233 5259 velut
3267 5201 3643 5273 perfunctorie,

2076 5281 2250 5336 levius
2288 5296 2419 5334 sane
2457 5279 2801 5351 defungentis
2835 5278 3084 5351 partibus
3114 5271 3641 5351 probi-interpretis.

2148 5353 2257 5417 (75)
2294 5348 2525 5415 Καινὴν
2550 5339 2883 5415 aerii-6pm}.
2916 5346 3087 5417 Simili
3115 5339 3305 5417 phrasj
3335 5339 3648 5417 atqueDiO-

2075 5410 2266 5492 nysius
2295 5410 2496 5492 Areop'.
2532 5420 2689 5492 epist.
2722 5410 3463 5492 1,_ad_Caium;—Oe_uv8ptxqv
3493 5410 3648 5483 ἐνέρ-

2078 5483 2230 5559 γέιαν
2260 5483 2471 5552 statuit,
2497 5483 3009 5559 quadanrnimirum
3031 5483 3320 5538 reﬂexione
3347 5485 3646 5543 unitorum,

2079 5556 2143 5616 cx
2168 5561 2478 5615 arctissimo
2510 5556 2603 5612 illo
2629 5556 2789 5611 modo
2822 5556 3043 5610 unionis
3074 5568 3197 5607 vere
3218 5566 3504 5623 supremo;
3529 5563 3647 5603 ma-

2078 5633 2334 5685 nentibus
2363 5629 2718 5683 nihilominus
2747 5625 3005 5681 extremis
3029 5625 3083 5677 in
3108 5623 3208 5677 sibi
3238 5623 3472 5693 propriis
3499 5639 3513 5674 :
3539 5635 3647 5693 qua

2078 5701 2145 5756 de
2170 5718 2226 5756 re
2251 5700 2566 5755 doctissime
2604 5698 2984 5764 fusissimcque
3010 5694 3063 5746 in
3088 5689 3649 5763 eamdem'cpistolatn

2076 5773 2388 5843 propediem
2419 5768 2661 5826 edendus
2687 5774 2876 5825 noster
2902 5763 3193 5819 Maximus.
