4110 6400
332 401 450 462 377

1419 398 1657 458 8ΕῆΜο
1694 398 1787 454 DE
1823 396 2122 457 SIMEONE
2156 395 2247 456 ET
2281 397 2489 456 ANNA.

3480 402 3588 460 378

414 523 512 578 IB'.
542 521 655 578 Καὶ
686 522 917 597 ἐπείπερ
949 523 1192 595 ἤκουσαν
1216 523 1309 579 καὶ
1343 517 1500 590 αὖθις
1538 526 1679 600 πρὸς
1716 528 1784 599 τῇ
1813 524 1912 599 θέᾳ

2087 523 2206 581 Xll.
2234 524 2318 579 Ad
2346 523 2463 580 haec
2476 534 2630 589 vero,
2650 533 2777 577 cum
2799 527 2997 592 prater
3015 519 3410 591 spectaculum,
3433 523 3599 580 etiam

332 612 436 669 τοῦ
478 614 619 687 ὑπὲρ
643 615 773 670 θέαν
799 615 1105 688 πρεσϐύτου
1135 603 1495 683 δικαῖοτάτου,
1536 618 1729 692 ἀνδρὸς
1768 617 1917 683 ἀξιο-

334 706 555 771 πίστου,
591 707 784 780 ἀνδρὸς
809 707 1194 781 ἀξιοζηλὼτου,
1215 709 1408 781 ἀνδρὸς
1447 711 1917 784 πνευματοφόρου,

336 798 538 869 ἀνδρὸς
569 800 1048 871 νομοδιδασκάλου,
1080 800 1345 874 ἱερωσύνῃ
1373 803 1755 875 τετιμημένου,
1783 821 1920 876 προ·-

338 890 543 963 φητείᾳ
588 890 1099 965 λελαμπρυσμένου,
1148 895 1213 965 τῇ
1246 893 1341 947 τοῦ
1371 895 1611 966 Χριστοῦ
1652 894 1828 949 ἑλπίδι
1858 894 1922 949 τὸ

335 980 442 1054 ζῇν
470 985 949 1056 παρεκτείναντος,
981 986 1075 1039 καὶ
1116 985 1349 1040 θανάτου
1370 986 1591 1059 ὀφειλὴν
1634 986 1921 1059 ὑπερτιθε-

339 1076 529 1145 μένου,
565 1074 900 1147 χορεύοντος,
942 1077 1405 1148 ἀνευφημοῦντος,
1442 1095 1922 1152 συμμεταμορφω-

337 1165 507 1237 μένου
540 1170 607 1239 τῇ
635 1167 870 1239 θυμηδίᾳ
888 1207 902 1231 ,
934 1167 1055 1221 ὅλου
1084 1157 1434 1240 ἐξεστηκότος
1458 1170 1577 1241 Θεῷ
1608 1171 1706 1243 τὴν
1752 1172 1923 1242 καλὴν

334 1253 622 1320 ἔκστασιν,
652 1257 1036 1329 ἀλλοιουμένου
1072 1260 1152 1323 εἰς
1202 1259 1431 1328 ἄγγελον
1472 1259 1571 1332 τὴν
1615 1260 1786 1333 καλὴν
1827 1260 1923 1314 ἀλ-

332 1345 579 1411 λοίωσιν,
601 1351 666 1420 τῇ
698 1349 934 1420 ἀμετρίᾳ
967 1350 1065 1421 τῆς
1093 1353 1266 1423 χαρᾶς
1284 1350 1352 1404 τά
1373 1352 1765 1425 εὐχαριστήρια
1784 1354 1921 1407 ἀνα-

335 1439 640 1511 μέλποντος
658 1458 671 1469 ·
700 1441 826 1509 Φῶς
850 1446 936 1509 εὶς
960 1444 1351 1514 ἀποκάλυψιν
1375 1444 1585 1512 ἐθνῶν,
1612 1447 1710 1500 καὶ
1733 1445 1924 1511 δόξαν

326 1528 492 1583 λαοῦ
526 1545 643 1585 σου
678 1532 917 1601 Ἰσραὴλ
946 1535 1410 1607 ἀνακηρύττοντος
1431 1552 1444 1565 ·
1482 1535 1575 1589 καὶ
1601 1537 1699 1607 οὐχ
1720 1536 1923 1591 εἴλοντο

329 1622 673 1677 ἀκοῦσαιτά
723 1624 1004 1692 ἀκουστὰ,
1059 1628 1156 1681 καὶ
1208 1630 1322 1693 τοῖς
1366 1630 1708 1701 ἐπουρανίοις
1754 1647 1923 1702 προσ-

330 1713 585 1784 κυνητά’
625 1714 714 1768 διά
757 1715 917 1770 τοῦτο
942 1717 1186 1790 ἐπλήσθη
1219 1722 1248 1773 ὁ
1298 1715 1444 1785 οἶκος
1473 1721 1574 1793 τῆς
1601 1722 1924 1794 καυχήσεως

329 1805 521 1859 αὐτῶν
546 1807 778 1862 καπνοῦ.
805 1808 1026 1874 Καπνὸς
1053 1810 1132 1878 δὲ,
1155 1811 1324 1883 ὀργῆς
1342 1814 1566 1882 σημεῖον
1596 1813 1691 1867 καὶ⁵
1715 1812 1925 1883 τεκμή-

2022 618 2337 690 spectaculo
2365 616 2661 687 majorem,
2706 630 2893 670 senem
2939 614 3311 684 justissimum
3359 616 3602 673 audivis-

2023 718 2177 778 sent;
2211 710 2387 765 virum
2419 708 2523 764 ﬁde
2551 706 2971 778 dignissimum,
3002 705 3183 761 virum
3232 707 3395 778 plane
3432 724 3604 764 tema-

2021 803 2225 858 latione
2246 801 2493 872 dignum,
2532 799 2708 853 virum
2732 796 2971 852 adlatum
3000 796 3226 868 Spiritu,
3260 799 3440 853 virum
3467 800 3604 871 legis

2022 895 2334 957 doctorem,
2377 892 2686 950 sacerdotio
2732 890 3098 953 honoratum,
3152 891 3436 960 praphetia
3477 892 3605 947 illu-

2023 994 2212 1048 strem,
2258 1000 2354 1055 spe
2374 985 2442 1040 de
2472 982 2696 1039 Christo
2719 988 2986 1051 concepta
3047 981 3172 1036 vitae
3195 981 3394 1035 limites
3415 992 3604 1036 exten-

2023 1077 2275 1142 dentem,
2318 1075 2621 1144 mortisque
2671 1073 2911 1129 debitum
2943 1069 3285 1127 dill‘erentem
3339 1089 3353 1126 ε
3401 1071 3599 1136 talem,

2023 1169 2276 1239 inquam,
2307 1181 2433 1222 cum
2454 1165 2757 1231 vidissent,
2790 1162 3155 1226 exsilientem,
3187 1162 3328 1217 bene
3348 1160 3603 1215 ominan-

2020 1270 2134 1319 tem
2154 1301 2169 1326 ,
2200 1275 2313 1332 prae
2347 1258 2534 1314 laetitia
2559 1256 2727 1312 animi
2757 1256 2813 1311 in
2841 1254 3071 1310 formam
3095 1254 3256 1309 aliam
3288 1259 3558 1308 mutatum
3580 1292 3598 1318 ,

2022 1355 2115 1426 qui
2142 1361 2291 1409 totus
2336 1350 2449 1407 Deo
2490 1349 2822 1406 excessisset
2866 1364 3099 1405 excessu
3145 1348 3371 1417 bono”;
3401 1348 3495 1419 qui
3544 1348 3603 1403 in

2024 1448 2316 1520 angelum,
2361 1446 2504 1499 bona
2537 1444 2771 1514 quadam
2824 1441 3185 1507 alteratione,
3233 1442 3372 1497 alter
3422 1441 3605 1497 factus

2022 1540 2344 1605 transisset;
2376 1537 2581 1607 quique
2606 1551 2717 1606 prze
2747 1534 2928 1605 gaudii
2967 1533 3367 1598 immensitate,
3400 1534 3605 1590 eucha-

2021 1634 2244 1689 risticos
2275 1629 2469 1684 modos
2496 1628 2856 1689 decantaret;
2893 1639 2959 1680 ac
2993 1623 3195 1679 Lumen
3220 1623 3289 1678 ad
3324 1624 3604 1680 revelatio-

2024 1742 2142 1781 nem
2171 1725 2422 1793 gentium,
2458 1730 2507 1777 et
2536 1720 2763 1792 gloriam
2802 1716 2968 1788 plebis
3008 1726 3113 1771 tua:
3152 1715 3328 1771 Israel
3346 1716 3390 1782 ⁸,
3424 1717 3607 1788 palam

2026 1820 2368 1874 renuntiaret
2400 1834 2413 1870 :
2447 1830 2549 1870 nec
2596 1814 2676 1870 sic
2725 1822 2911 1867 tamen
2954 1811 3058 1867 sub
3096 1811 3342 1866 auditum
3382 1811 3603 1881 posita,

331 1915 477 1971 ριον,
509 1899 584 1963 ὡς
615 1900 925 1973 γέγραπται
949 1919 963 1934 ⁸
1005 1903 1203 1973 Ἀνέϐη
1242 1905 1473 1971 καπνός
1513 1906 1584 1960 ἐν
1625 1906 1774 1976 ὀργῇ
1815 1909 1924 1961 αὐ·-

2025 1919 2189 1983 atque
2212 1909 2429 1980 superis
2452 1908 2585 1978 ipsis
2607 1903 2946 1961 venerationi
2982 1903 3256 1967 habenda,
3287 1903 3476 1958 audire
3503 1916 3604 1956 vo-

326 1990 465 2057 τοῦ,
507 1992 603 2045 καὶ
634 1992 754 2062 πῦρ
784 1994 905 2049 ἀπὸ
944 1995 1272 2065 προσώπου
1321 1997 1509 2051 αὐτοῦ
1553 1996 1925 2068 καταφλεγῆ-

324 2099 539 2139 σεταιο
581 2087 677 2139 καὶ
726 2087 784 2139 ἐν
827 2087 1000 2161 ἑτέρῳ
1024 2105 1038 2120 ο
1083 2089 1185 2143 Ἐν
1222 2089 1382 2144 ἔθνει
1434 2090 1665 2145 ἀπειθεῖ
1709 2090 1926 2146 ἐκκαυ-

328 2173 587 2241 θήσεται
612 2177 750 2245 πῦρ.
779 2177 957 2249 Ὅπερ
984 2176 1048 2250 δὴ
1091 2179 1370 2251 σημαίνων
1399 2180 1428 2233 6
1464 2180 1671 2254 Κύριος
1706 2184 1764 2236 ὲν
1810 2185 1926 2247 τοῖς

329 2266 662 2339 σεϐασμίοις
702 2269 1059 2339 Εὐαγγελίοις
1089 2270 1242 2341 ἔλεγε
1275 2275 1390 2337 τοῖς
1426 2272 1736 2337 Ἰουδαίοις·
1778 2272 1923 2328 Ἰδοὺ

324 2363 573 2431 ἀφίεται
610 2366 643 2417 ό
668 2359 833 2430 οἶκος
855 2362 1023 2434 ὑμῶν
1053 2364 1295 2434 ἕρημος.
1332 2365 1415 2437 Ili}
1458 2364 1535 2418 δέ·
1560 2365 1813 2435 Πέμψας
1850 2368 1926 2421 τὰ

323 2455 752 2524 στρατεύματα
796 2455 984 2510 αὐτοῦ
1012 2458 1046 2510 ὀ
1082 2456 1387 2523 ,ϐασιλεὺς
1402 2495 1416 2520 ,
1457 2456 1736 2512 ἀπώλεσε
1780 2458 1924 2524 τοὺς

325 2545 543 2616 φονεῖς
565 2547 858 2615 ἐκείνους,
893 2548 992 2602 καὶ
1025 2548 1140 2617 τὴν
1163 2551 1345 2602 πόλιν
1370 2547 1567 2603 αὐτῶν
1587 2549 1925 2619 ἐνέπρησεν

326 2636 403 2690 ἐν
427 2638 596 2705 πυρί.
634 2636 820 2691 Ταῦτα
862 2638 961 2710 τῆς
1005 2638 1305 2709 Ἰουδαϊκῆς
1333 2637 1619 2703 ἀπειθείας
1659 2638 1797 2710 πρὸς
1823 2639 1924 2709 τὴν

328 2734 625 2807 τριαδικὴν
667 2733 974 2804 δοξολογίαν
1018 2734 1385 2789 ἐναντιώτατα
1405 2736 1474 2790 τά
1501 2734 1729 2791 ἔπαθλα.
1771 2733 1925 2788 Ἐπεὶ

329 2828 449 2899 γὰρ
474 2827 705 2900 ἡγιάσθη
733 2826 802 2881 τά
851 2829 1066 2901 πέρατα
1093 2830 1193 2901 τῆς
1229 2830 1321 2882 ὑπ’
1367 2828 1595 2902 οὐρανὸν
1617 2868 1633 2894 ,
1687 2827 1783 2883 καὶ
1828 2827 1926 2899 τῆς

328 2918 500 2990 δόξης
533 2921 739 2993 Κυρίου
771 2920 985 2993 πλήρης
1025 2922 1250 2990 γέγονεν
1277 2921 1306 2974 6
1352 2921 1608 2993 μέγιστος
1645 2916 1795 2984 οἶκος
1823 2921 1926 2992 τῆς

347 3012 681 3083 Ἑκκλησίας
706 3014 795 3068 διὰ
824 3014 915 3067 τοῦ
950 3016 1232 3087 τρισαγὶου
1271 3015 1649 3086 κηρύγματος,
1679 3015 1755 3079 ὼς
1782 3015 1925 3088 ὕδωρ

331 3105 475 3161 πολὺ
508 3107 922 3161 κατακαλύπτον
953 3107 1260 3173 θαλάσσαςσ
1293 3108 1471 3180 ἀπέϐη
1509 3111 1608 3179 μὲν
1641 3109 1826 3172 αὐτοῖς
1854 3108 1924 3162 τὰ

332 3197 572 3270 ᾀδόμενα
591 3239 606 3264 ,
640 3198 1040 3270 συνεϐεϐαιὼθη
1079 3200 1137 3253 δὲ
1180 3198 1258 3270 τῷ
1284 3200 1428 3253 τέλει
1456 3201 1605 3271 καὶὴ
1645 3201 1748 3272 τῆς
1787 3217 1922 3273 προ-
1949 3230 1992 3288 C

333 3293 570 3363 φητείας
594 3293 737 3365 ἀρχὴ
764 3292 895 3364 (76),
927 3294 1436 3366 ὲπισημηναμένου,
1486 3293 1741 3364 καθάπερ
1769 3293 1923 3347 λέλε-

335 3400 489 3449 κται,
533 3382 619 3437 διά
655 3384 750 3437 τοῦ
782 3384 1097 3456 Πνεύματος
1127 3384 1222 3438 τοῦ
1252 3386 1492 3458 κήρυκος
1526 3386 1627 3456 τῆς
1667 3384 1923 3457 ἀληθείας

333 3476 397 3528 ὲν
432 3474 789 3546 ὑποδείγματι
815 3475 914 3547 τὴν
955 3476 1257 3547 μέλλουσαν
1285 3476 1553 3548 κακίστην
1581 3477 1786 3532 τούτων
1825 3496 1925 3535 κα-

332 3566 669 3637 ταστροφὴν,
699 3567 757 3619 ἐν
789 3561 872 3631 οἷς
900 3584 1054 3638 φησι·
1088 3566 1198 3621 Τοῦ
1220 3568 1501 3622 ἐνιαυτοῦ
1523 3564 1595 3624 οὗ
1625 3569 1926 3626 ἀπέθανεν

347 3654 530 3724 Ὀζίας
554 3660 586 3711 ὀ
609 3657 930 3725 βασιλεὺς,
955 3654 1120 3712 εἶδον
1148 3657 1257 3712 τὸν
1284 3660 1533 3726 Κύριον⁶
1564 3659 1641 3724 ὡς
1669 3658 1763 3715 τοῦ
1787 3661 1924 3714 ἀπο-

335 3745 536 3799 δτάτου
573 3746 751 3809 Ὀζίου
782 3747 862 3809 εἰς
910 3747 1261 3818 παράδειγμα
1307 3746 1505 3811 παντὸς
1546 3746 1638 3801 τοῦ
1683 3749 1925 3803 ἀποστα-

330 3837 492 3921 τικοῦ
526 3836 795 3909 σώματος,
825 3832 914 3892 οἷά
942 3854 1002 3891 τε
1049 3838 1258 3909 κεφαλὴ
1301 3838 1490 3892 τούτου
1524 3839 1921 3912 τυγχάνοντος,

329 3929 850 4002 ὲκλαμϐανομένου’
898 3930 958 3995 ὃς
995 3930 1090 3984 καὶ
1136 3931 1294 4004 δίκην
1326 3930 1483 3996 τίσας
1519 3931 1624 4003 τῆς
1665 3932 1925 3999 αύθαδίας

335 4021 648 4094 ἰσόρροπον,
680 4023 1016 4092 ἐγκόλαπτον
1045 4023 1121 4087 ὡς
1166 4023 1351 4097 χαλκῷ
1377 4023 1659 4095 ἀνδριάντι
1697 4024 1774 4097 τῷ
1799 4042 1923 4097 μετ-

334 4113 475 4185 ώπῳ
548 4114 897 4186 ἀπηνέγκατο
952 4114 1051 4186 τὴν
1096 4112 1247 4167 θείαν
1293 4115 1605 4185 ἀπόφασιν,
1672 4113 1925 4188 βδελυρίᾳ

330 4205 565 4280 λέπρας,
620 4207 722 4278 τῆς
769 4206 1179 4278 βδελυρωτάτης
1227 4206 1484 4272 ἀσεϐείας
1529 4206 1631 4273 τάς
1690 4206 1924 4280 ἀμοιϐὰς

332 4301 502 4354 πᾶσιν
520 4299 981 4371 ἐπιδεικνύμενος.
1015 4300 1301 4371 Θεοσόφως
1328 4301 1616 4374 τοιγαροῦν
1635 4342 1650 4367 ,
1685 4305 1750 4373 τῇ
1781 4316 1927 4372 παρ-

333 4390 588 4464 εξαγωγῇ
657 4393 757 4465 τῆς
811 4393 1107 4465 ἀχαρίστου
1163 4395 1521 4466 συναγωγῆς,
1565 4396 1664 4468 τὴν
1709 4396 1927 4449 ἀντεισ-

329 4484 562 4558 αγωγὴν
613 4485 907 4558 ἐποιήσατο
958 4487 1058 4559 τῆς
1109 4487 1433 4560 εὐχαρίστου
1481 4489 1682 4560 Ἀννης
1735 4491 1764 4543 6
1815 4488 1925 4542 τῶν

2024 2005 2274 2060 luerunt:
2298 2003 2651 2072 quamobrem
2668 1997 2864 2052 domus
2883 1995 3225 2069 gloriationis
3247 2010 3435 2050 eorum
3454 1993 3609 2049 fumo

2024 2095 2231 2165 repleta
2254 2098 2358 2147 est.
2384 2088 2480 2145 Est
2513 2103 2644 2143 vero
2681 2085 2863 2140 fumus
2896 2084 3112 2155 signum
3148 2082 3262 2146 irae,
3285 2089 3610 2150 certumque

2025 2189 2431 2256 argumentum,
2465 2180 2609 2235 sicut
2628 2176 2891 2246 scriptum
2921 2181 3006 2230 est
3032 2192 3045 2229 :
3082 2172 3332 2228 Ascendit
3351 2172 3528 2242 fumus
3550 2172 3607 2225 in

2025 2282 2109 2332 ira
2145 2276 2281 2345 ejus,
2308 2282 2357 2328 et
2383 2272 2522 2343 ignis
2555 2287 2589 2324 a
2623 2268 2761 2337 [acie
2783 2265 2900 2337 ejus
2919 2265 3120 2320 exarsit
3153 2267 3195 2319 ⁸.
3229 2263 3295 2319 Et
3326 2264 3456 2319 alibi
3489 2281 3502 2318 :
3537 2260 3607 2317 In

2024 2376 2175 2440 gente
2206 2364 2501 2420 incredibili
2540 2360 2847 2417 exardescct
2893 2358 3028 2429 ignis
3060 2358 3127 2410 ¹⁰.
3169 2354 3326 2423 Quod
3357 2355 3518 2426 plane
3548 2354 3605 2410 in

2025 2456 2430 2513 renerabilibus
2454 2451 2767 2523 Evangeliis
2797 2448 3116 2519 signiﬁcans
3143 2447 3429 2512 Dominus,
3463 2446 3610 2502 dice-

2025 2550 2120 2606 bat
2142 2548 2347 2606 Iudaeis
2364 2566 2377 2603 :
2394 2545 2529 2601 Ecce
2555 2545 2879 2615 relinquetur
2906 2540 3094 2596 domus
3118 2547 3289 2596 vestra
3312 2538 3522 2594 deserta
3539 2537 3608 2595 ¹¹.

2025 2641 2150 2695 Alio
2182 2640 2312 2696 item
2338 2640 2464 2696 loco
2495 2655 2511 2694 :
2548 2638 2767 2694 Mittens
2792 2651 2886 2691 rea:
2912 2634 3174 2689 exercitus
3195 2648 3341 2693 suos,
3378 2629 3607 2702 perdidit

2026 2732 2321 2788 homicidas
2347 2732 2491 2796 illos,
2521 2741 2573 2787 et
2604 2730 2869 2785 civitatem
2894 2742 3077 2782 eorum
3103 2724 3376 2780 succendit
3400 2723 3512 2795 igni
3539 2724 3607 2779 ι’.

2024 2825 2204 2898 Atque
2224 2823 2496 2897 ejusmodi
2527 2823 2744 2896 quidem
2784 2830 2914 2881 sunt
2954 2820 3196 2876 Iudaica:
3227 2815 3605 2885 inﬁdelitatis,

2027 2931 2136 2988 qua
2170 2916 2397 2986 gloriam
2454 2913 2711 2969 Trinitati
2772 2914 3013 2970 debitam
3064 2911 3270 2966 referre
3316 2914 3605 2972 recusant,

2028 3006 2414 3064 adversissima
2446 3006 2691 3076 praemia.
2742 3004 3038 3077 Postquam
3085 3003 3231 3059 enim
3284 3001 3609 3058 salictiticati

2027 3108 2156 3158 sunt
2184 3099 2402 3156 termini
2449 3106 2643 3161 terrae,
2704 3098 3019 3169 repletaque
3071 3103 3155 3153 est
3187 3094 3360 3167 gloria
3394 3091 3608 3149 Domini

2026 3193 2265 3250 maxima
2293 3191 2491 3246 domus
2516 3189 2764 3247 Ecclesia
2807 3189 2852 3222 ⁸³
2876 3229 2892 3254 ,
2947 3189 3017 3244 ab
3071 3188 3255 3259 hymni
3303 3194 3389 3242 ter
3429 3185 3608 3241 sancti

2026 3270 2415 3358 praedicatione
2438 3324 2452 3349 ,
2500 3297 2599 3337 ceu
2637 3296 2779 3352 aqua
2828 3280 2999 3336 multa
3028 3279 3351 3350 cooperiens
3381 3277 3554 3332 maria
3591 3293 3607 3331 :

2025 3382 2327 3433 evenerunt
2359 3373 2580 3444 quidem
2611 3372 2746 3442 ipsis
2769 3387 2892 3442 quae
2921 3378 3083 3426 antea
3107 3369 3324 3425 fuerant
3355 3382 3611 3439 prasnun-

2024 3472 2195 3537 tiata;
2241 3466 2539 3539 prophetia:
2581 3472 2765 3520 autem
2810 3463 3026 3519 initium
3068 3462 3232 3518 etiam
3267 3460 3373 3516 ﬁne
3411 3458 3613 3515 contir-

2025 3568 2226 3616 matum
2243 3567 2357 3615 est:
2397 3556 2738 3629 signiﬁcante
2762 3596 2777 3622 ,
2810 3562 2871 3609 ut
2891 3554 3097 3610 dictum
3143 3562 3265 3618 est,
3307 3566 3405 3624 per
3436 3549 3612 3621 Spiri-

2026 3662 2176 3720 tum,
2208 3651 2357 3708 velut
2387 3651 2442 3707 in
2474 3648 2723 3719 exemplo
2748 3687 2763 3713 ,
2793 3661 3046 3719 praecone
3070 3645 3318 3701 veritatis
3343 3686 3357 3709 ,
3392 3642 3614 3698 teterri-

2026 3762 2172 3802 mam
2211 3760 2400 3802 eorum
2434 3741 2850 3800 subversionem
2900 3739 3174 3802 futuram,
3206 3736 3442 3792 dicendo
3483 3755 3499 3791 :
3542 3734 3609 3790 In

2026 3855 2166 3893 anno
2195 3855 2297 3909 quo
2327 3845 2567 3891 mortuus
2596 3842 2676 3887 est
2720 3831 2883 3887 Ozias
2912 3846 3006 3886 rea:
3027 3870 3042 3897 ,
3074 3830 3181 3885 vidi
3223 3829 3509 3884 Dominum
3540 3827 3607 3891 ιθ,

2024 3926 2286 3981 nimirum
2314 3928 2597 3993 assumpto
2615 3919 2749 3976 Ozia
2782 3927 3053 3990 apostata,
3076 3919 3224 3974 velut
3247 3919 3301 3974 in
3326 3920 3609 3991 exemplar

2023 4018 2192 4074 totius
2222 4015 2510 4087 apostatici
2543 4013 2793 4084 corporis
2818 4052 2833 4078 ,
2881 4018 2941 4067 ut
2977 4011 3137 4081 cujus
3174 4020 3338 4083 caput
3365 4020 3551 4082 ageret
3585 4031 3601 4068 :

2024 4112 2119 4184 qui
2160 4112 2359 4175 etiam,
2405 4124 2622 4181 pcenam
2660 4108 2899 4164 debitam
2946 4105 3274 4162 temeritatis
3318 4106 3508 4171 luens,
3544 4106 3603 4161 in

2025 4202 2205 4260 fronte
2243 4210 2504 4272 tanquam
2551 4215 2700 4256 aenea
2729 4197 2964 4270 quadam
3014 4203 3230 4263 statua,
3275 4196 3609 4267 insculptain

2025 4294 2327 4366 reportavit
2354 4292 2553 4349 divinae
2603 4291 2830 4347 ultionis
2856 4289 3187 4362 potentiam,
3233 4287 3399 4359 lepra:
3444 4287 3611 4343 Redi-

2025 4394 2138 4442 tate
2170 4385 2487 4442 fmdissimte
2544 4384 2843 4455 impietatis
2888 4380 3303 4438 retributionem
3352 4381 3612 4438 omnibus

2026 4479 2311 4536 exhibens.
2360 4477 2705 4549 QuaprOpter
2738 4476 2923 4532 divine
2952 4474 3184 4545 sapienti
3215 4473 3458 4544 judicio.
3514 4475 3609 4544 qui

332 4578 696 4632 τελεσθέντων
735 4578 1126 4651 προγνώστης,
1170 4576 1238 4653 ἦς
1265 4581 1360 4634 καὶ
1404 4579 1465 4633 τὺ
1506 4581 1677 4652 ὄνομα
1721 4582 1923 4654 προδη-

2028 4588 2212 4654 rerum
2248 4571 2514 4644 praescius
2537 4577 2677 4635 erat,
2711 4569 2995 4640 ejicienda:
3021 4567 3250 4639 ingrata:
3284 4565 3607 4639 Synagogae,

333 4668 565 4733 λωτικὸν
606 4671 709 4743 τῆς
754 4670 898 4725 κατά
953 4672 1113 4743 χάριν
1156 4670 1397 4746 Χριστοῦ
1452 4671 1544 4726 τοῦ
1595 4672 1732 4726 Θεοῦ
1785 4673 1922 4728 δεδι-

335 4764 654 4837 καιωμένης
721 4764 1047 4835 Ἐκκλησίας
1096 4765 1156 4818 ὲν
1199 4763 1279 4836 τῷ
1326 4764 1685 4838 βαπτίσματι.
1752 4768 1924 4821 Ἀννα

334 4858 448 4941 γὰρ
480 4856 655 4929 χάρις
680 4856 1068 4931 ἑρμηνεύεται.

406 5039 507 5093 II".
556 5039 697 5093 Ἀλλ’
722 5037 888 5094 αὐτοῦ
915 5055 1017 5092 που
1039 5038 1155 5102 τοῖς
1180 5038 1513 5112 προσόρμοις
1555 5037 1922 5093 καταπαύσω-

337 5145 439 5203 μεν
468 5130 569 5203 τὴν
607 5129 978 5204 σταυροφόρον
1006 5128 1209 5231 ὁλκάδα
1235 5130 1471 5202 (77),τοῦ
1508 5129 1692 5199 λόγου,
1733 5129 1823 5183 διὰ
1858 5130 1922 5184 τὸ

2026 4647 2197 4738 ειτηειὲ
2254 4665 2401 4722 illius
2451 4663 2629 4720 viduae
2673 4663 2844 4717 Annae
2897 4660 3272 4717 inductionem
3318 4659 3612 4730 opposuit;

2027 4757 2188 4829 cujus
2221 4757 2303 4813 vel
2340 4771 2539 4811 nomen
2622 4753 2952 4817 Ecclesiam,
2984 4753 3190 4808 Christi
3222 4751 3315 4807 Dei
3346 4751 3523 4823 gratia
3552 4751 3610 4807 in

2026 4851 2300 4922 baptismo
2331 4848 2686 4920 justiﬁcatam
2713 4886 2730 4913 ,
2767 4845 3083 4918 praesignat.
3112 4843 3249 4900 Nam
3284 4844 3442 4899 Anna
3482 4860 3611 4914 gra-

2027 4943 2161 4997 tiam
2197 4949 2377 4998 sonat.

2098 5034 2240 5090 Xlll.
2274 5034 2542 5090 Caeterum
2579 5032 2708 5097 hic,
2753 5039 3016 5102 tanquam
3066 5029 3122 5084 in
3170 5034 3329 5100 portu
3356 5066 3372 5092 ,
3429 5027 3612 5084 crucis

2030 5126 2317 5198 signaculo
2346 5125 2663 5197 insignitam
2693 5138 2889 5180 navem
2921 5123 3256 5194 appellentes
3277 5160 3293 5187 ,
3343 5120 3614 5174 orationis

408 5281 498 5337 ⁷11
526 5281 653 5339 Cor.
690 5302 744 5348 ν,
773 5285 862 5342 16.
952 5285 974 5317 ⁸
996 5285 1129 5340 Luc.
1158 5301 1220 5346 ιι.
1243 5285 1333 5341 52.
1407 5287 1431 5320 ⁹
1470 5285 1621 5342 Psal.
1656 5302 1787 5354 xvu,
1819 5286 1876 5342 9.

2025 5283 2188 5340 Eccli.
2222 5298 2361 5350 χχιι,
2389 5281 2440 5338 7.
2519 5283 2561 5313 “
2596 5278 2792 5336 Matth.
2819 5294 2982 5345 χχιιι,
3012 5277 3102 5334 38.
3185 5277 3229 5309 ¹²
3254 5274 3451 5332 Matth.
3472 5291 3611 5342 xvn,

339 5351 394 5410 Ἶ.
437 5354 482 5386 ³³
515 5353 631 5410 Isa.
663 5373 738 5421 vn,
773 5357 828 5423 5,
860 5357 916 5411 4.
995 5358 1042 5389 ¹⁵
1067 5355 1199 5411 ibid.
1237 5359 1289 5411 1.

673 5499 783 5567 τῆς
830 5501 1204 5579 προφητείας.
1241 5499 1421 5569 ἀρχή.
1475 5498 1758 5579 Signiﬁcat
1811 5503 1929 5579 ipsa

342 5569 761 5642 consignatione
792 5569 1086 5640 temporis.
1121 5572 1225 5642 sub
1255 5586 1459 5642 annum
1499 5569 1684 5626 obitus
1719 5569 1863 5642 regis
1898 5586 1929 5625 a

346 5633 457 5721 [leo
490 5633 761 5721 pqrcussi,
797 5633 1155 5721 proplietasse
1184 5639 1422 5721 _lsaiam;_
1450 5642 1635 5721 idque
1681 5633 1928 5721 ροεῖιιιυ-

347 5703 715 5787 ἁιιιιιίοιιινίιιε
740 5703 925 5787 νᾷιὴίὲ
953 5714 1246 5783 expressit,
1277 5703 1424 5784 quod
1448 5703 1719 5783 interpres
1749 5713 1931 5770 minus

349 5776 562 5833 videtur
591 5782 910 5838 advertisse.
1026 5776 1042 5783 ’
1234 5776 1239 5777 ν
1294 5776 1312 5784 ’
1582 5776 1612 5783 ”
1826 5798 1831 5802 ι

420 5844 538 5922 (77)
576 5853 692 5921 Τὴν
736 5856 1155 5924 σταυροφόρον
1183 5850 1433 5912 ὁλκάδα.
1470 5850 1834 5911 Distinximus
1874 5854 1930 5913 in

2030 5497 2482 5570 interpretatione
2517 5495 2809 5570 ut‘ha‘bent
2839 5492 3193 5570 Graeca,_nqn
3228 5487 3610 5570 utAPautinus,

2029 5560 2410 5639 componendo
2438 5567 2518 5631 τὸ,
2546 5564 2854 5639 τοῦλόγου,
2882 5577 3005 5639 cum
3031 5561 3246 5617 ὁλκάδα.
3265 5560 3422 5639 Quid
3448 5574 3613 5630 porro

2031 5641 2121 5695 hic
2160 5634 2361 5717 ὂλκάδα
2398 5636 2764 5717 σταυροιρὸρον
2810 5634 3280 5717 intelligat,‘haud
3306 5635 3373 5717 ita
3397 5649 3613 5717 perspe-

2030 5719 2181 5765 ctum
2213 5709 2501 5763 habuerim
2533 5704 2551 5762 Ξ
2579 5704 2686 5762 nisi
2720 5706 2858 5760 forte
2884 5706 2957 5758 ita
2988 5704 3143 5769 dicit,
3176 5707 3303 5775 quia
3336 5714 3446 5756 tota
3471 5718 3612 5825 πρα-

2032 5779 2268 5825 γιιατεία
2299 5780 2413 5825 limo.
2455 5787 2719 5825 anstamte
2765 5777 2853 5825 hic
2884 5775 3088 5825 omnia.
3120 5783 3174 5825 et
3204 5774 3333 5825 olim
3380 5788 3513 5825 nron
3552 5787 3610 5825 eo-

2032 5779 2413 5852 ypazaia‘ltatc
2455 5787 2719 5849 gestaque
2764 5775 3088 5852 hic_o_muia,
3120 5783 3174 5831 et
3204 5774 3352 5852 olim
3380 5774 3610 5852 prophe-

2033 5840 2146 5908 tata
2179 5852 2247 5907 ab
2278 5840 2701 5921 lsaiafcrucém
2734 5845 3056 5917 respiciunt,
3111 5859 3231 5915 quae
3279 5840 3610 5902 fuit‘JudaL-is
