4110 6418
514 394 625 457 579

1421 395 1479 452 S.
1524 394 1857 453 METEODII
1894 393 2203 451 EPISCOPI
2242 393 2330 448 ΕΤ
2361 390 2717 451 MARTYRIS

3649 381 3757 437 580
3806 344 3813 351 ’

512 521 635 577 vela
664 533 773 590 qua
803 532 937 573 suus
974 517 1051 571 illi
1084 515 1283 571 modus
1310 517 1609 580 consistat,
1659 517 2078 581 contrahamus;

2184 512 2496 585 σύμμετρον
2520 511 2588 565 τὰ
2626 510 2769 564 ἱστία
2798 506 3144 579 χαλάσαντες,
3201 503 3292 559 καὶ
3325 500 3498 574 μικρά
3533 516 3654 553 τινα

511 610 562 666 si
597 609 758 663 modo
790 607 964 677 prius.
997 606 1198 675 quibus
1227 606 1443 661 licuerit
1474 607 1652 663 verbis
1679 607 1923 676 pauculis
1945 647 1962 674 ,
2004 592 2083 660 ci-

513 700 732 754 uitatem
765 699 942 768 magni
968 699 1111 751 illius
1142 695 1295 765 Regis
1316 698 1380 760 ",
1413 712 1519 751 una
1549 712 1673 752 cum
1706 698 2082 754 ecclesiastico

514 789 736 859 populo,
766 797 1020 856 tanquam
1057 787 1251 856 spiritu
1277 794 1571 855 praesentes
1605 803 1670 842 ac
1694 802 1801 841 una
1829 802 1952 841 cum
1984 802 2083 857 po-

513 879 636 935 sitis
658 880 771 932 illic
805 878 1216 933 lionorabilibus
1249 875 1498 932 Patribus
1518 892 1582 931 ac
1605 876 1863 932 fratribus
1883 878 2079 933 festum

513 967 658 1023 diem
694 978 749 1022 et
772 975 1099 1022 conventum
1136 972 1391 1035 agentes,
1429 966 1566 1020 laetis
1608 966 1835 1021 vocibus
1876 968 2081 1021 saluta-

512 1061 778 1116 verimus.
814 1056 1083 1121 Salvesis,
1114 1058 1299 1112 civitas
1329 1055 1479 1126 Regis
1512 1059 1725 1127 magni,
1767 1058 1820 1111 in
1861 1073 1969 1128 qua
2001 1073 2084 1113 sa-

513 1155 646 1208 lutis
685 1160 888 1207 nostra;
923 1158 1263 1206 sacramenta
1310 1161 1685 1206 consummata
1716 1160 1865 1207 sunt.
1899 1152 2078 1218 Salve,

512 1254 776 1300 terrestre
802 1244 999 1298 caelum
1025 1282 1041 1307 ,
1076 1241 1208 1296 Sion
1245 1242 1369 1297 urbs
1412 1242 1669 1312 deinceps
1696 1242 1924 1300 Domino
1954 1245 2084 1314 ﬁde-

515 1338 581 1391 lis
621 1336 687 1391 ".
723 1334 911 1399 Salve,
946 1341 1001 1389 et
1048 1334 1372 1398 illuminare,
1400 1333 1734 1402 Jerusalem,
1779 1355 1900 1391 nam
1947 1338 2082 1392 venit

510 1426 711 1483 Lumen
739 1436 886 1481 tuum
912 1428 951 1458 "’
977 1443 991 1479 :
1025 1426 1232 1483 Lumen
1264 1429 1678 1498 sempiternum,
1704 1429 1909 1486 Lumen
1942 1448 2081 1486 nun.

511 1535 675 1591 quam
709 1533 817 1573 non
850 1518 1171 1573 duraturum
1194 1559 1209 1582 ,
1244 1517 1451 1575 Lumen
1496 1537 1842 1593 supremum,
1875 1523 2081 1580 Lumen

512 1611 757 1665 materiae
776 1625 970 1679 expers
996 1649 1011 1674 ,
1042 1609 1249 1667 Lumen
1278 1612 1523 1681 ejusdem
1557 1629 1682 1668 cum
1710 1614 1821 1670 Deo
1843 1624 1897 1671 et
1922 1615 2084 1673 Patre

511 1702 785 1765 essentne,
814 1700 1022 1758 Lumen
1055 1703 1199 1773 quod
1223 1711 1306 1759 est
1333 1706 1389 1758 in
1414 1703 1625 1774 Spiritu
1672 1713 1727 1763 et
1762 1708 1820 1762 in
1859 1724 1969 1778 quo
1999 1717 2083 1766 est

511 1793 704 1859 Pater,
734 1793 945 1849 Lumen
976 1795 1290 1851 illuminans
1321 1798 1518 1851 saecula
1539 1837 1554 1861 ,
1602 1795 1807 1854 Lumen
1837 1807 1950 1855 tum
1986 1817 2081 1856 sn-

511 1885 888 1957 permundana
943 1892 1057 1939 tum
1098 1886 1373 1941 mundana
1425 1886 1781 1952 iiluminans,
1829 1889 2082 1948 Christus

511 1993 675 2033 verus
722 1978 813 2032 ille
858 1976 1002 2032 Deus
1045 1984 1252 2033 noster.
1321 1976 1581 2042 Salvesis,
1637 1978 1832 2035 civitas
1891 1989 2081 2035 sancta

511 2079 674 2138 atque
696 2068 867 2122 electa
903 2066 1150 2122 Domino.
1165 2068 1271 2138 Age
1288 2067 1343 2122 in
1369 2069 1552 2123 laetitia
1577 2069 1695 2124 dies
1727 2068 1893 2124 festos
1916 2080 2040 2126 tuos
2064 2089 2079 2126 :

510 2175 612 2214 nec
638 2160 782 2214 enim
815 2159 1076 2229 adjicient
1120 2169 1180 2214 ut
1219 2168 1580 2217 vt-terascant.
1644 2159 1838 2228 Salve,
1889 2164 2081 2220 civitas

521 2248 868 2315 felicissima;
912 2250 1143 2318 gloriosa
1180 2251 1325 2305 enim
1357 2251 1502 2306 dicta
1523 2251 1725 2308 suntde
1747 2263 1795 2307 te
1825 2255 1899 2318 “;
1953 2268 2080 2309 nam

509 2335 808 2392 sacerdotes
849 2338 926 2392 tui
954 2337 1238 2392 induentur
1262 2340 1558 2408 justitiam,
1595 2350 1647 2394 et
1679 2343 1851 2396 sancti
1877 2343 1958 2396 tui
1989 2357 2083 2397 ea:-

509 2428 799 2482 sultatione
837 2428 1179 2482 exsultabant
1223 2430 1301 2495 ‘9;
1344 2429 1690 2501 mendicique
1737 2432 1814 2485 tui
1867 2439 2083 2487 saturae

511 2519 718 2573 buntur
744 2519 997 2588 panibus.
1030 2519 1190 2575 Salve
1230 2529 1287 2575 et
1324 2521 1508 2576 laetare
1527 2561 1542 2585 ,
1573 2519 1913 2589 Jerusalem;
1944 2537 2083 2593 quo-

511 2607 660 2661 niam
693 2609 925 2678 regnauit
956 2607 1217 2665 Dominus
1241 2611 1295 2663 in
1326 2610 1497 2664 medio
1544 2612 1621 2665 tui
1651 2612 1697 2643 ²⁰
1725 2632 1737 2666 ;
1774 2611 2040 2667 Dominus
2063 2652 2079 2678 ,

511 2703 734 2770 inquam
757 2739 774 2764 ,
802 2701 927 2765 ille,
963 2702 1057 2772 qui
1095 2701 1243 2756 nuda
1273 2709 1436 2773 atque
1485 2702 1836 2758 immateriali
1872 2702 2083 2759 Deitate

508 2797 758 2845 nostram
790 2797 1042 2845 naturam
1099 2791 1382 2862 ingressus
1435 2800 1548 2859 est,
1599 2792 1776 2863 deque
1828 2792 2082 2864 virginali

510 2890 667 2936 utero
696 2881 956 2937 ineffabili
997 2882 1210 2938 ratione
1255 2898 1473 2938 carnem
1524 2883 1699 2938 induit
1751 2904 1765 2939 :
1820 2883 2082 2942 Dominus

510 2972 602 3028 ille
623 2974 717 3044 qui
748 2975 955 3029 nullius
979 2984 1259 3044 praeterea,
1299 2991 1461 3047 quam
1490 2974 1620 3032 Adae
1645 2978 1791 3034 illius
1821 2979 2083 3049 supplan-

509 3064 610 3117 tati
659 3080 690 3118 a
741 3074 1023 3135 serpente,
1077 3067 1487 3136 conspersionis
1532 3068 1881 3137 participium
1935 3068 2080 3123 iniit.

512 3151 638 3207 Non
663 3155 994 3223 apprehensis
1025 3157 1171 3210 enim
1202 3156 1402 3226 angelis
1431 3157 1473 3188 ²¹
1496 3200 1511 3224 ,
1554 3158 1622 3212 iis
1643 3196 1658 3220 ,
1691 3157 1912 3227 inquam
1936 3198 1950 3221 ,
1986 3157 2080 3227 qui

513 3246 835 3316 praeclarum
886 3246 1039 3299 illum
1091 3246 1337 3300 ordinem
1386 3253 1439 3301 ct
1488 3254 1688 3302 statum
1723 3262 1753 3300 a
1811 3248 2081 3318 principio

509 3339 849 3409 assignatum
879 3352 987 3392 non
1023 3336 1396 3393 deseruissent
1418 3377 1434 3400 .
1467 3339 1533 3392 ad
1566 3354 1666 3394 nos
1695 3354 1868 3409 usque
1896 3338 2075 3395 Domi-

507 3448 614 3486 nus
640 3447 699 3487 se
728 3430 1043 3497 inclinavit;
1098 3431 1188 3486 ille
1220 3446 1437 3501 semper
1480 3432 1534 3485 in
1579 3430 1685 3486 Deo
1730 3430 1891 3487 Patre
1937 3432 2084 3488 exsi-

510 3531 662 3576 stens
686 3519 830 3578 Deus
852 3520 1110 3577 Verbum.
1148 3520 1219 3575 At
1245 3536 1419 3591 neque
1452 3537 1647 3578 rursus
1674 3537 1769 3577 eos
1800 3524 1895 3593 qui
1934 3522 2085 3579 deci-

509 3614 721 3669 dissent
773 3628 804 3667 a
849 3614 973 3669 luce
1007 3615 1306 3671 sceleratos
1334 3615 1608 3672 daemones
1652 3623 1995 3681 restaurare,
2027 3616 2083 3671 in

510 3704 773 3759 mundum
801 3706 982 3773 venit;
1015 3715 1109 3759 aut
1138 3707 1300 3761 etiam
1333 3706 1627 3776 aliquando
1648 3716 2080 3774 restauraturus,

511 3802 572 3847 ut
620 3795 962 3865 impiissimls
1018 3796 1283 3851 teterrimi
1337 3797 1538 3852 diaboli
1599 3799 1847 3868 patronis
1902 3799 2081 3855 visum

513 3886 650 3954 fuit;
673 3888 767 3942 sed
797 3903 925 3942 cum
957 3904 1131 3943 semen
1155 3889 1381 3943 Abrahae
1406 3930 1420 3955 ,
1447 3890 1606 3961 juxta
1629 3891 1772 3962 quod
1800 3891 2082 3948 divinissi-

512 3992 636 4034 mus
670 3976 872 4034 Paulus
903 3980 1189 4050 ait,eoque
1219 3982 1535 4037 universum
1565 3998 1738 4053 genus
1763 3984 2081 4051 humanum,

513 4068 897 4125 universorum
937 4071 1028 4126 ille
1049 4082 1263 4126 creator
1291 4080 1343 4127 et
1375 4073 1599 4142 plastes,
1622 4073 2081 4143 apprehendisset,

507 4164 651 4217 citra
710 4163 1067 4219 mutationem
1112 4163 1291 4220 factus
1336 4173 1422 4219 est
1468 4165 1632 4220 homo
1659 4184 1673 4220 :
1705 4174 1764 4220 ut
1797 4182 1863 4221 ex
1911 4167 2084 4237 ipsius

508 4251 791 4308 nobiscum
823 4254 1229 4318 communione,
1250 4262 1544 4325 nostraque
1563 4255 1802 4310 vicissim
1821 4255 1889 4311 ad
1906 4255 2082 4326 ipsum

508 4344 826 4399 accessione
852 4347 1062 4414 peccati
1095 4346 1151 4400 in
1185 4360 1285 4400 nos
1317 4348 1584 4417 ingressio
1623 4349 1930 4412 sisteretur,
1961 4348 2083 4419 ejus

509 4435 771 4507 paulatim
800 4436 983 4491 fractis
1016 4438 1265 4505 viribus;
1318 4438 1547 4508 ipsoque
1585 4454 1724 4494 cerae
1770 4441 1945 4495 instar
1979 4442 2080 4495 ab-

2180 601 2291 658 οἷόν
2316 622 2377 658 τε
2402 603 2806 675 χαιρετίσαντες
2836 599 2949 667 τὴν
2973 598 3153 651 πόλιν
3173 595 3279 650 τοῦ
3307 591 3613 656 Βασιλέως
3644 588 3752 644 τοῦ

2174 692 2464 762 μεγάλου,
2493 694 2609 763 ἅμα
2636 690 2713 761 τῷ
2742 684 3174 759 ἐκκλησιαστικῷ
3206 684 3339 755 λαῷ,
3364 683 3438 747 ῶς
3478 681 3553 752 τῷ
3590 676 3755 733 πνεύο

2185 803 2311 857 ματι
2356 784 2734 856 συμπαρόντες
2754 821 2769 848 ,
2802 780 2895 836 καὶ
2939 776 3382 849 συνεορτάζοντες
3422 775 3532 837 τοῖς
3573 773 3750 824 ὲκείσι

2179 877 2529 949 τιμιωτάτοις
2561 876 2801 947 πατράσι
2826 872 2919 926 καὶ
2944 871 3210 939 ἀδελφοῖς.
3243 864 3540 937 Χαίροις,ή
3573 862 3751 929 πόλις

2178 969 2285 1023 τοῦ
2317 967 2585 1039 μεγάλου
2640 961 2961 1027 Βασιλέως,
2993 955 3111 1032 ὲνῇ
3144 958 3245 1029 τῆς
3290 955 3561 1027 σωτηρίας
3594 950 3751 1023 ἡμῶν

2178 1058 2627 1131 ὲτελεσιουργήθη
2666 1056 2955 1127 μυστήρια.
3002 1049 3290 1121 Χαίροις,ὁ
3325 1046 3560 1115 ἐπίγειος
3587 1044 3751 1114 ούρα-

2180 1151 2291 1214 νὸς,
2315 1149 2453 1202 Σιὼν
2483 1150 2681 1213 πόλις-⁸
2697 1144 2881 1213 πιστὴ
2913 1141 3006 1196 τοῦ
3036 1137 3221 1193 λοιποῦ
3260 1136 3337 1208 τῷ
3372 1135 3581 1207 Κυρίῳ.
3611 1132 3750 1188 Χαί-

2182 1258 2316 1312 ροις,
2352 1240 2445 1294 καὶ
2478 1237 2744 1309 φωτίζον,
2780 1231 3193 1303 Ἰερουσαλήμ·
3228 1228 3360 1297 ἥκει
3386 1224 3498 1297 γάρ
3533 1240 3649 1280 σου
3682 1224 3751 1279 τὸ

2181 1334 2309 1401 Φῶς
2334 1372 2347 1387 .
2377 1330 2496 1394 Φῶς
2519 1330 2581 1383 τὸ
2610 1329 2795 1392 ἀΐδιον,
2826 1325 2943 1389 Φῶς
2967 1324 3027 1377 τὸ
3055 1323 3296 1385 ἁὲνναον,
3329 1318 3449 1382 Φῶς
3484 1318 3547 1372 τὸ
3577 1317 3751 1389 ὑπέρ-

2180 1440 2362 1487 τατον,
2390 1422 2509 1486 Φῶς
2535 1421 2594 1474 τὸ
2622 1419 2802 1483 άῦλον,
2832 1417 2949 1480 Φῶς
2974 1416 3035 1468 τὸ
3063 1412 3344 1485 ὁμοούσιον
3367 1410 3462 1464 τοῦ
3486 1409 3621 1464 Θεοῦ
3656 1411 3752 1465 καὶ

2182 1514 2430 1587 Πατρὸς,
2476 1512 2595 1575 Φῶς
2623 1511 2685 1564 τὸ
2728 1513 2784 1563 ὲν
2812 1509 2889 1578 τῷ
2937 1505 3215 1576 Πνεύματι
3250 1502 3393 1575 (78),
3429 1503 3523 1555 καὶ
3574 1502 3631 1553 ὲν
3657 1494 3751 1569 ᾧό

2182 1604 2373 1674 Πατήρ
2396 1619 2409 1632 ·
2437 1600 2556 1664 Φῶς
2588 1599 2648 1653 τὸ
2696 1598 2937 1668 φωτίσαν
2965 1596 3093 1659 τοὺς
3120 1594 3342 1657 αἰῶνας,
3383 1590 3500 1655 Φῶς
3539 1591 3600 1644 τὸ
3640 1608 3752 1662 φω-

2181 1697 2335 1750 τίσαν
2382 1693 2450 1747 τά
2501 1692 2847 1764 ύπερκόσμια
2898 1691 2992 1745 καὶ
3048 1687 3117 1742 τά
3161 1686 3461 1757 ὲγκὸσμια,
3518 1685 3751 1756 Χριστὸς

2182 1785 2432 1856 ἀληθινὸς
2468 1782 2627 1854 ἡμῶν
2655 1781 2807 1854 βεός.
2838 1781 3082 1852 Χαίροις,
3110 1779 3259 1842 πόλις
3293 1778 3442 1846 ἅγια,
3473 1776 3564 1830 καὶ
3595 1775 3747 1829 ἐκλε-

2113 1866 2154 1920 B
2182 1877 2417 1947 λεγμὲνη
2439 1875 2516 1946 τῷ
2537 1873 2751 1947 Κυρίῳ·
2775 1870 2998 1945 ὲόρταζε
3023 1874 3080 1925 ἐν
3104 1870 3410 1943 εὐφροσύνῃ
3433 1868 3530 1932 τὰς
3560 1869 3751 1939 ἑορτάς

2184 1986 2300 2033 σου,
2332 1968 2387 2022 αἶ
2416 1969 2476 2023 ού
2509 1968 2584 2040 μὴ
2614 1965 2893 2039 προσθῶσι
2929 1962 3153 2018 διελθεῖν
3175 1965 3253 2026 είς
3291 1962 3590 2015 παλαίωσιν
3617 1959 3748 2030 (79).

2181 2062 2436 2133 Χαίροις,
2488 2059 2640 2122 πόλις
2687 2060 2720 2129 ἡ
2766 2053 3177 2125 πανευδαίμων·
3209 2054 3290 2106 ὅτι
3342 2050 3752 2120 δεδοξασμένα

2178 2152 2448 2221 ἐλαλήθη
2480 2149 2615 2218 περὶ
2653 2147 2787 2203 σοῦ.
2821 2149 2885 2200 Ol
2914 2145 3023 2217 γὰρ
3057 2144 3224 2213 lapsi;
3254 2160 3370 2198 σου
3394 2142 3750 2197 ἐνδύσω-ται

2180 2240 2594 2308 δικαιοσύνην,
2625 2238 2721 2291 καὶ
2754 2239 2808 2291 οι
2844 2235 3001 2289 ὅσιοί
3029 2249 3144 2288 σου
3178 2232 3531 2302 ἀγαλλιάσει
3564 2232 3749 2300 ἀγαλ-

2179 2332 2514 2396 λιάσονται,
2533 2332 2629 2384 καὶ
2650 2333 2697 2384 oi
2726 2330 2929 2400 πτωχοί
2954 2345 3046 2382 σου
3074 2327 3529 2401 χορτασθήσονται
3549 2326 3749 2399 ἀρτων.

2181 2426 2429 2496 Χαίροις,
2457 2425 2549 2478 καὶ
2574 2422 2885 2495 εὐφραίνου,
2903 2421 3269 2493 Ἰερουσαλήμο
3293 2421 3373 2474 ὅτι
3395 2420 3755 2474 ἐϐασίλευσε

2180 2514 2490 2583 Κύριοςέν
2531 2513 2698 2583 μέσῳ
2747 2528 2885 2567 σου.
2927 2506 3093 2575 Οὗτος
3125 2512 3328 2583 Κύριος
3366 2513 3395 2564 ὁ
3437 2513 3615 2582 γυμνῇ
3663 2510 3755 2564 καὶ

2180 2606 2331 2678 ἀΰλῳ
2360 2610 2427 2679 τῇ
2464 2606 2677 2676 θεότητι
2719 2603 2916 2668 ἐπιϐὰς
2955 2606 3021 2675 τῇ
3053 2603 3299 2675 ἡμετέρᾳ
3334 2602 3527 2672 φύσει,
3557 2603 3650 2655 καὶ
3689 2603 3757 2656 ὲκ

2178 2701 2278 2772 τῆς
2308 2699 2642 2772 παρθενικῆς
2670 2700 2860 2772 νηδύος
2899 2699 3193 2770 ἀφράστως
3236 2698 3567 2772 σαρκωθείς·
3600 2691 3755 2762 οὗτος

2180 2793 2432 2865 Κύριοςὸ
2469 2791 2691 2863 μηδενὸς
2727 2792 2913 2864 ἐτέρου
2946 2795 3004 2847 ἐν
3039 2791 3253 2864 μεθέξει
3296 2791 3585 2863 γενόμενος
3617 2790 3756 2863 πλὴν

2179 2882 2273 2937 τοῦ
2301 2881 2617 2955 φυράματος
2655 2882 2846 2955 ⁹Δδάμ,
2872 2882 2965 2937 τοῦ
2990 2882 3095 2936 ὑπὸ
3126 2882 3219 2936 τοῦ
3249 2882 3424 2951 ὄφεως
3452 2880 3757 2935 σκελισθέν-

2179 2993 2291 3040 τος.
2317 2977 2398 3030 οὐ
2427 2975 2536 3047 γάρ
2569 2974 2840 3046 ἀγγέλων
2877 2976 3429 3045 ἐπιλαμϐανόμενος
3456 2976 3485 3028 ὁ
3530 2974 3754 3047 Κύριος,

2179 3066 2287 3120 τῶν
2315 3066 2389 3138 μὴ
2431 3066 2905 3120 ἀποπεπτωκότων
2934 3067 3033 3136 τῆς
3072 3065 3131 3131 ἐξ
3162 3065 3399 3137 ἀρχῆθεν
3432 3065 3756 3136 ἀποκληρω-

2183 3158 2367 3228 θείσης
2425 3158 2607 3222 αὐτοῖς
2657 3156 2899 3228 ἀοιδίμου
2952 3157 3156 3225 τάξεως
3198 3159 3290 3212 καὶ
3329 3158 3756 3223 καταστάσεως,

2186 3249 2592 3319 συγκατάϐασιν
2646 3249 2947 3314 ἐνεδείξατο
3006 3252 3035 3304 ὁ
3090 3251 3178 3304 ἀεὶ
3220 3251 3278 3304 ὲν
3332 3250 3408 3323 τῷ
3460 3251 3631 3321 Πατρὶ
3682 3248 3746 3304 (in

2181 3340 2312 3404 Θεὸς
2346 3341 2535 3410 Λόγος.
2569 3341 2703 3395 Οὐδὲ
2747 3342 2873 3406 τοὺς
2917 3340 3384 3404 ἀποπεπτωκότας
3434 3339 3528 3393 τοῦ
3582 3337 3758 3408 φωτὸς

2182 3429 2488 3501 ἀλάστορας
2537 3430 2798 3502 δαίμονας
2830 3429 3301 3502 ἀνακαλούμενος,
3332 3431 3367 3500 ἢ
3417 3430 3511 3483 καὶ
3551 3430 3759 3483 ἀνακα·

2181 3520 2468 3591 λεσόμενος
2497 3519 2673 3593 (80),
2711 3519 2853 3574 κατά
2895 3522 3020 3584 τοὺς
3069 3519 3464 3584 ἀσεϐεστάτους
3520 3514 3759 3590 πονηροῦ

2185 3612 2541 3685 συνηγόρους.
2567 3613 2645 3685 τῷ
2678 3613 2868 3685 κόσμῳ
2902 3613 3287 3686 ὲπεφοίτησεν·
3320 3612 3454 3667 ἀλλὰ
3493 3612 3760 3682 σπέρμαρ

2182 3720 2284 3771 τος
2318 3704 2569 3776 Ἀϐραὰμ
2597 3706 2986 3777 ἐπιλαϐόμενος
3016 3704 3157 3759 κατά
3184 3706 3275 3759 τὸν
3302 3704 3574 3759 θειότατον
3585 3692 3759 3757 ’Παῦ-

2183 3800 2294 3866 λον,
2323 3801 2415 3854 καὶ
2451 3801 2518 3856 δι’
2558 3802 2721 3879 αὑτοῦ
2778 3802 2978 3866 παντὸς
3029 3799 3122 3855 τοῦ
3179 3798 3515 3873 ἀνθρωπείου
3566 3796 3757 3867 φύλου,

2183 3890 2282 3945 ἄνθ
2291 3907 2469 3961 ρωπος
2519 3893 2907 3965 ἀμεταϐλήτως
2946 3892 3165 3961 γέγονεν
3216 3892 3245 3945 ὁ
3290 3888 3619 3961 δημιουργὸς
3664 3888 3761 3942 καὶ

2186 3987 2557 4059 πλαστουργὸς
2583 3985 2693 4039 τῶν
2712 3985 2968 4039 ἁπάντων
2987 4001 2999 4013 ·
3027 3985 3173 4047 ὅπως
3195 3981 3283 4035 διὰ
3308 3980 3404 4053 τῆς
3430 3979 3592 4035 αὑτοῦ
3625 3979 3758 4049 πρὸς

2184 4080 2330 4150 ἡμᾶς
2359 4078 2675 4141 κοινωνίας,
2712 4076 2807 4130 καὶ
2857 4075 3012 4147 ἡμῶν
3066 4073 3203 4146 πρὸς
3259 4074 3421 4126 αὑτὸν
3464 4070 3760 4139 συναφείας

2186 4166 2517 4239 ὐπολωφήσῃ
2545 4167 2642 4237 τῆς
2674 4168 2733 4219 ὲν
2766 4166 2896 4235 ἡμῖν
2937 4163 3206 4234 ἁμαρτίας
3247 4163 3281 4231 ὴ
3321 4161 3556 4222 εἴσδυσις
3581 4198 3595 4221 ,
3636 4157 3756 4225 ὲξαο

2183 4260 2458 4329 τονήσασα
2488 4257 2629 4312 κατά
2659 4257 2855 4329 βραχὺ,
2885 4255 2980 4309 καὶ
3018 4251 3454 4324 ὲκδαπανηθεῖσα
3487 4250 3562 4315 ὡς
3594 4249 3761 4321 κηρὸς

2182 4356 2260 4427 τῷ
2296 4354 2423 4424 θείῳ
2454 4354 2615 4424 πυρὶ,
2645 4351 2674 4403 ὃ
2698 4348 2892 4405 ἐλθὼν
2921 4351 2953 4403 ὀ
2994 4346 3201 4415 Σωτὴρ
3236 4346 3454 4399 ἔϐαλεν
3492 4342 3592 4397 ἐπὶ
3645 4340 3763 4410 τὴν

2184 4445 2297 4517 γῆν
2325 4444 2498 4516 ἡμῶν.
2529 4442 2753 4513 Χαίροις
2774 4440 2951 4493 τοίνυν
2976 4440 3067 4493 καὶ
3092 4439 3179 4501 σὺ,
3222 4435 3514 4506 Ἐκκλησία
3543 4432 3760 4489 καθολι-

509 4536 727 4600 sumpto
761 4529 855 4584 illo
885 4529 1018 4601 igni,
1033 4545 1192 4601 quem
1218 4532 1420 4586 veniens
1444 4530 1702 4586 Dominus
1727 4533 1867 4587 misit
1893 4535 1947 4588 in
1976 4544 2080 4589 ter-

2184 4538 2274 4608 κὴ,
2312 4537 2346 4608 ὴ
2379 4536 2437 4589 ὲν
2459 4535 2608 4608 πάσῃ
2638 4535 2705 4604 τῇ
2738 4531 2827 4586 ὑπ’
2854 4529 3105 4602 οὐρανόν·
3143 4528 3435 4601 σκίρτησον
3470 4528 3567 4581 σὺν
3602 4525 3756 4597 ἡμῖν.

577 4708 1533 4783 ι-ιΡεαι.κινιιηδί-ιιαιιιι.νεεδ.
1611 4676 1798 4769 «1....
1835 4715 1991 4781 1,26.
2069 4718 2081 4749 τ

2179 4735 2254 4772 sa.
2281 4732 2371 4783 ιτ,
2404 4716 2458 4771 1.
2535 4716 2579 4748 ³⁸
2614 4714 2765 4770 Psal.
2798 4729 3018 4778 Lxxxvt,
3052 4714 3105 4767 3.
3185 4712 3228 4745 ¹⁹
3260 4710 3415 4768 Psal.
3443 4724 3627 4773 cxxxl,
3666 4705 3757 4764 16.

504 4778 690 4836 "Isa.
718 4797 817 4847 xu,
848 4781 901 4836 6.
979 4781 1022 4812 ²¹
1074 4780 1235 4835 Hebr.
1278 4795 1342 4848 ιι,
1369 4781 1454 4836 16.

504 4962 786 5035 seandalo,
832 4970 891 5035 ut;
931 4962 1114 5035 minus
1158 4961 1466 5032 reciperent
1502 4960 1878 5035 Evangelium;
1911 4979 2076 5035 quam

500 5033 666 5089 etiam
695 5033 1106 5104 Amphilochius
1133 5040 1341 5099 noster,
1373 5035 1587 5104 signum
1634 5034 1767 5088 illud
1801 5033 2077 5104 Simeunis

503 5104 592 5176 cui
618 5103 692 5158 sit
720 5102 1225 5176 contradicendum,
1250 5112 1397 5159 recte
1419 5102 1641 5176 exponit
1667 5111 1808 5160 orat.
1835 5106 1939 5170 Εις
1964 5103 2081 5173 τὴν

513 5173 810 5227 Ύπαπαντ
818 5172 913 5239 ἠν.

566 5243 678 5314 (78)
707 5242 836 5309 Φῶς
848 5242 915 5297 τὸ
932 5243 1003 5296 ἐν
1022 5240 1101 5309 τῷ
1118 5242 1433 5314 Πνεῦματι,
1455 5240 1527 5297 Ut
1547 5242 1618 5300 sit
1639 5242 1882 5314 fol-malis
1900 5250 2081 5314 aucto:

499 5311 581 5369 ris
619 5311 911 5384 sententia,
960 5327 1027 5368 eo
1076 5311 1635 5384 modoh‘intelligendo
1682 5313 1893 5384 Lumen
1946 5313 2082 5368 illud

498 5384 742 5438 divinum
782 5392 838 5439 et
864 5380 1103 5437 Verbum
1138 5383 1191 5437 in
1228 5380 1596 5453 Spiritufquo
1632 5385 1686 5438 in
1714 5398 1780 5438 eo
1808 5383 1967 5438 Pater
1989 5397 2079 5437 as-

500 5454 721 5517 seritur,
766 5462 826 5508 ut
860 5453 1118 5508 nimirum
1152 5455 1224 5508 sit
1259 5455 1313 5507 in
1345 5469 1410 5507 eo
1452 5461 1710 5523 tanquam
1747 5454 2079 5523 principium

499 5530 551 5575 ct
574 5523 751 5593 ναίτία,
781 5530 842 5577 ιιι
874 5523 1044 5580 ΕΙ·ωοὶ
1078 5532 1296 5587 vocant,
1330 5523 1383 5576 in
1414 5538 1481 5577 eo
1512 5521 1604 5593 qui
1634 5530 1718 5579 est
1748 5521 1777 5576 a
1811 5521 2079 5593 principio

500 5592 614 5672 zeal.“
628 5594 826 5672 αέτίαςς
861 5593 1100 5672 alioquin
1131 5594 1267 5672 nihil
1297 5591 1574 5672 singulare
1605 5603 1699 5647 aut
1727 5591 1948 5672 dig—nuru
1977 5591 2080 5672 τῇς

502 5660 765 5733 Μεθοδίου
796 5660 1101 5733 ἀκριϐείας,
1137 5673 1197 5717 ιιι
1224 5660 1590 5733 [εοίισῖιιιὶνῇ
1614 5660 1970 5733 perspexerit,
1994 5660 2081 5733 di-

501 5729 669 5802 citur.
714 5729 993 5802 Nusquam
1027 5747 1172 5802 sane
1219 5733 1384 5787 veteri
1416 5729 1492 5802 illi
1541 5729 1795 5787 Ecclesia:
1840 5730 2080 5787 Orientis

505 5799 612 5856 alia
644 5798 700 5857 lu
713 5800 754 5856 it
785 5798 973 5857 revera
1006 5801 1140 5857 lich
1170 5802 1224 5857 in
1250 5802 1355 5857 hoc
1384 5801 1633 5868 articulo,
1667 5817 1829 5874 quam
1853 5802 2076 5868 Latium,

2176 4977 2488 5036 quanquam
2513 4960 2679 5036 fuerit
2703 4959 3025 5036 nonnullum
3053 4957 3349 5036 discrimen
3382 4956 3436 5036 in
3467 4955 3668 5036 verbis.

2247 5023 2360 5103 (79;
2389 5033 2461 5087 Αἳ
2499 5034 2571 5103 οὐ
2609 5030 2695 5101 μὴ
2736 5028 3042 5103 προσθῶσι
3080 5026 3337 5103 διελθεῖν
3365 5030 3461 5103 ἐίς
3494 5023 3761 5103 παλαίω-

2174 5095 2298 5158 an».
2329 5095 2486 5159 Velut
2515 5095 2885 5157 nimirum'alii
2911 5116 2941 5152 a
2968 5099 3230 5169 legalibus
3253 5097 3430 5169 festis,
3457 5095 3761 5169 arntiquatis

2176 5172 2381 5229 Christi
2413 5172 2672 5234 adventu.
2697 5164 3225 5240 juxtaipropﬁetiam
3253 5166 3356 5240 lsa.
3388 5182 3543 5240 xuu.
3573 5165 3666 5240 l91
3690 5164 3757 5217 ad

2177 5260 2341 5313 quam
2375 5243 2577 5296 Paulus
2603 5233 2827 5311 respicit
2856 5233 2900 5292 ll
2924 5233 3050 5294 Cor.
3078 5253 3132 5304 v,
3155 5237 3246 5313 li.
3276 5235 3541 5313 Pantinus
3570 5254 3590 5313 _:
3627 5233 3761 5313 Quae

2178 5305 2283 5367 non
2317 5315 2495 5367 sinunt
2544 5321 2591 5364 te
2636 5305 2949 5366 veterascere
2980 5324 2999 5362 :
3026 5307 3171 5378 quod
3213 5323 3312 5362 nec
3353 5307 3532 5361 littera
3570 5305 3759 5370 habet,

2180 5398 2281 5438 nec
2312 5398 2476 5438 sensu
2502 5381 2773 5454 congruit.
2873 5451 2885 5454 _
2991 5448 3001 5454 _
3251 5443 3285 5454 ,_
3392 5446 3424 5454 ,Α
3481 5442 3566 5454 ,..
3682 5442 3694 5454 .

2254 5453 2374 5574 (8οἐ
2399 5454 2466 5508 Ἦ
2511 5442 2637 5505 καῖ
2655 5448 3201 5531 ἀνακαλεσόμεγοςς.
3246 5443 3433 5514 Carpit
3477 5442 3764 5525 Origenia-

2256 5537 2306 5574 m
2378 5522 2801 5574 ποκατάστασιν.
2827 5526 2881 5573 et
2910 5518 3056 5573 Illam
3082 5532 3136 5569 ιιι
3170 5522 3435 5574 mtegrum
3467 5520 3764 5569 restitutio-

2181 5512 2306 5576 nam
2340 5512 2801 5594 ἀποκατάστασιν,
2827 5526 2881 5573 et
2908 5512 3056 5594 illam
3082 5518 3136 5569 in
3170 5512 3438 5594 integrum
3467 5512 3765 5594 restitutio:

2181 5607 2305 5645 nem
2328 5592 2490 5645 etiam
2525 5591 2852 5650 daemonum,
2884 5588 3146 5642 adversus
3177 5583 3339 5655 quain
3369 5585 3531 5655 etiam
3563 5583 3762 5651 reliqui

2181 5660 2394 5726 Patres,
2437 5662 2607 5716 nimia
2655 5661 2745 5716 illa
2776 5657 2974 5729 pietate
3008 5665 3061 5714 et
3086 5654 3457 5711 misericordia
3481 5654 3760 5720 damnata,

2183 5730 2513 5803 depugnant.
