4110 6408
358 421 455 477 381

1446 416 1680 474 SERMO
1718 415 1806 472 DE
1847 415 2147 472 SIMEONE
2185 416 2271 470 ET
2310 416 2520 473 ANNA.

3497 410 3601 466 58?.

355 535 453 603 Μὴ
470 532 658 604 φοϐοῦ
680 533 1104 608 (81),τόμικρὸν
1124 535 1519 604 aequ-comta;
1532 535 1826 607 τρικυμίας
1842 537 1922 591 τοί

2041 551 2154 588 ram
2181 536 2246 588 ".
2279 534 2439 590 Salve
2473 533 2639 604 igitur
2656 537 2709 587 et
2739 539 2818 598 tu,
2853 538 2966 585 toto
2985 531 3117 585 orbe
3146 529 3322 600 posita
3357 527 3598 584 Ecclesia

353 625 571 698 ἐχθροῦο
593 626 680 678 ὅτι
695 625 1026 694 εὐδόκησεν
1053 630 1084 680 ὀ
1116 625 1318 694 Πατὴρ
1337 625 1548 680 δοῦναί
1568 643 1664 681 σοι
1687 627 1800 696 τὴν
1819 629 1922 692 βα-

2033 625 2335 690 catbolica,
2374 639 2592 694 unaque
2628 623 2916 677 nobiscum
2945 621 3178 676 exsulta.
3235 618 3316 672 Ne
3373 621 3599 688 pusillus

353 719 614 782 σιλείαν,
642 720 738 772 καὶ
766 721 858 771 ἐπὶ
880 717 1148 791 τραχήλου
1176 717 1283 770 τῶν
1300 719 1510 789 ὲχθρῶν
1540 737 1630 772 σου
1652 720 1926 790 ἐπιϐῆναι.

351 811 523 882 Χαῖρε
550 810 644 863 καὶ
673 810 1022 881 εύφραίνου,ή
1049 809 1215 863 πάλαι
1238 810 1425 880 στείρα
1451 812 1544 864 καὶ
1575 811 1766 879 ἄγονος
1795 811 1928 882 πρὸς

353 902 671 967 εὐσέϐειαν,
725 902 842 954 νυνὶ
871 901 926 954 δὲ
973 900 1141 954 πολλά
1187 900 1256 954 τὰ
1304 903 1404 972 τῆς
1453 902 1689 966 πίστεως
1733 902 1928 973 ἔχουσα

352 992 538 1046 τέκνα.
577 992 800 1062 Χαίροις
832 992 926 1044 καὶ
957 993 1040 1056 σὺ,
1072 991 1196 1055 λαὸς
1224 990 1318 1044 τοῦ
1341 991 1496 1055 Θεοῦ,
1523 993 1672 1058 λαός
1697 995 1929 1060 περιού-

354 1099 510 1148 σιος,
537 1083 861 1148 ,ϐασίλειον
889 1082 1219 1152 ἱεράτευμα,
1250 1083 1426 1149 ἔθνος
1456 1083 1643 1153 ἅγιον,
1670 1084 1813 1151 λαὸς
1842 1087 1928 1150 εἰς

353 1175 770 1241 περιποίησιν·
819 1172 1104 1243 ἐξάγγελε
1151 1173 1257 1239 τὰς
1290 1175 1504 1242 ἀρετὰς
1543 1174 1648 1228 τοῦ
1675 1175 1743 1228 ἐκ
1777 1179 1924 1230 σκό-

353 1281 496 1328 τους
547 1281 622 1318 σε
675 1262 1041 1330 καλέσαντος
1091 1267 1177 1331 εἰς
1225 1265 1292 1317 τὸ
1347 1265 1690 1335 θαυμαστὸν
1741 1268 1925 1322 αὑτοῦ

353 1353 479 1426 φῶς
498 1373 510 1387 ο
543 1357 683 1429 ὑπὲρ
715 1357 894 1421 ἐλέους
923 1357 978 1410 δὲ
1006 1357 1191 1423 δόξαζε
1224 1358 1404 1412 αὐτόν.

421 1625 516 1679 1Δ’.
551 1623 775 1695 Χαίροις
806 1625 885 1687 εἰς
908 1624 1052 1694 ἀεὶ,ή
1084 1623 1315 1694 ἀληκτος
1352 1623 1506 1694 ήμῶν
1535 1625 1707 1694 χαρά·
1745 1625 1836 1676 ἐπὶ
1864 1623 1923 1676 σὲ

350 1715 458 1785 γὰρ
494 1715 653 1768 πάλιν
687 1715 1075 1786 ἀνατρέχομαι.
1107 1715 1177 1767 Σὺ
1211 1715 1309 1784 τῆς
1343 1715 1534 1786 ἑορτῆς
1561 1715 1720 1786 ἡμῶν
1747 1717 1918 1789 ἀρχή·

351 1809 417 1861 σὺ
450 1807 712 1878 μεσότης·
751 1808 813 1859 σὺ
842 1806 1044 1869 τέλειος
1074 1805 1185 1875 (82)
1207 1823 1219 1836 ·
1259 1808 1287 1859 ὁ
1329 1807 1620 1877 πολύτιμος
1657 1809 1924 1880 μαργαρί-

2029 733 2195 787 grex,
2252 731 2479 788 magnas
2532 713 2740 769 inimici
2800 719 3154 781 tempestates
3217 711 3440 771 timeas;
3477 715 3600 778 quia

2030 809 2344 878 complacuit
2375 809 2530 862 Patri
2559 807 2688 860 dare
2713 805 2807 859 tibi
2829 821 3043 874 regnum
3069 804 3150 868 ’3;
3186 812 3239 857 ct
3274 810 3330 856 ut
3363 803 3598 856 hostium

2028 908 2246 954 tuorum
2299 900 2479 955 calces
2537 898 2695 952 colla.
2766 895 2926 950 Salve
2980 903 3034 949 et
3084 897 3285 957 lauare,
3319 892 3596 963 quondam

2029 993 2229 1048 sterilis
2267 991 2331 1054 ",
2364 999 2418 1045 et
2446 991 2564 1044 sine
2599 988 2783 1043 liberis
2813 986 2878 1040 ad
2925 985 3204 1054 pietatem;
3237 999 3383 1037 nunc
3418 991 3599 1036 autem

2027 1084 2229 1138 multos
2260 1082 2471 1137 habens
2508 1080 2629 1135 ﬁdei
2664 1080 2884 1134 liberos.
2919 1075 3078 1128 Salve
3109 1085 3164 1128 tu
3199 1089 3449 1144 quoque,
3504 1071 3600 1126 Dei

2027 1175 2224 1245 popule
2257 1194 2269 1228 :
2302 1174 2492 1245 popule
2541 1182 2776 1241 accepta,
2829 1169 3003 1239 regale
3030 1167 3383 1221 sacerdotium
3411 1205 3427 1229 ,
3476 1180 3600 1234 gens

2026 1277 2231 1330 sancta,
2255 1265 2440 1334 popule
2466 1266 2519 1318 in
2543 1263 2939 1334 acquisitionem
2962 1259 3213 1314 :enuntia
3231 1259 3446 1311 virtutes
3461 1255 3599 1323 ejus,

2026 1356 2116 1425 qui
2168 1365 2218 1410 te
2282 1357 2483 1410 vocavit
2552 1354 2615 1408 de
2674 1351 2895 1406 tenebris
2957 1351 3014 1404 in
3068 1347 3383 1402 admirabile
3428 1345 3601 1399 lurnen

2027 1443 2181 1496 suum
2223 1445 2267 1476 ⁸⁸
2312 1462 2326 1498 :
2369 1458 2534 1514 super
2563 1440 2944 1498 misericordia
2989 1447 3170 1494 autem
3216 1453 3316 1492 sua
3359 1434 3602 1508 gloriﬁca

2025 1549 2171 1589 eum.

2097 1624 2233 1677 XEV.
2273 1622 2428 1680 Salve
2464 1625 2520 1678 in
2549 1622 3156 1686 aeternumﬁndesinens
3201 1627 3386 1672 nostra
3417 1618 3604 1671 latitia

2028 1715 2142 1786 [Dei
2169 1716 2416 1771 Genitrix
2462 1715 2650 1788 Virgo]
2690 1735 2706 1771 :
2744 1716 2810 1769 ad
2847 1724 2897 1770 te
2936 1715 3080 1770 enim
3116 1726 3310 1767 rursus
3347 1725 3597 1764 accurro.

2025 1807 2104 1861 Tu
2137 1808 2298 1862 nobis
2329 1807 2476 1862 festa:
2499 1808 2637 1861 lucis
2669 1807 2915 1872 initium;
2953 1817 3007 1859 tu
3051 1804 3308 1865 medium,
3337 1810 3391 1854 tu
3430 1799 3552 1854 ﬁnis
3583 1818 3599 1854 :

347 1916 448 1970 της
474 1898 574 1968 τῆς
607 1897 908 1967 βασιλείας·
937 1898 998 1951 τὸ
1023 1897 1190 1960 ὅντως
1210 1894 1378 1968 οὖθαρ
1407 1899 1586 1969 πάσης
1611 1900 1918 1967 ἁγιστείας·

2027 1899 2420 1969 pretiosissima
2456 1899 2606 1969 regni
2640 1899 2928 1968 margarita
2959 1915 2973 1963 ;
3002 1912 3130 1950 vere
3167 1896 3336 1948 totius
3369 1893 3604 1946 victimae

346 1989 408 2042 τὸ
447 1987 685 2059 ἔμψυχον
722 1987 1106 2059 θυσιαστήριον
1150 1988 1243 2040 τοῦ
1270 1990 1434 2060 ἄρτου
1467 1990 1564 2059 τῆς
1593 1989 1756 2061 ζωῆς.
1787 1993 1924 2044 Χαί-

351 2099 484 2152 ροις,
522 2081 742 2152 ἀγάπης
775 2080 908 2133 Θεοῦ
940 2080 1213 2151 θησαυρέ·
1249 2082 1482 2152 χαίροις,
1517 2083 1924 2154 φιλανθρωπίας

348 2171 476 2224 Υῐοῦ
525 2173 674 2242 πηγή
702 2189 713 2199 ’
767 2173 994 2243 χαίροις,
1026 2172 1340 2242 Πνεύματος
1386 2172 1541 2239 ἁγίου
1594 2173 1923 2228 κατάσκιον

348 2260 502 2328 ὄρος.
543 2260 884 2332 Ἤστραψας,
919 2260 1232 2331 γλυκύδωρε
1266 2261 1526 2332 γεννῆτορ
1566 2261 1742 2330 φωτὸς
1772 2261 1923 2332 ἡλια-

347 2348 701 2420 κοῦ,πυρσοῖς
735 2350 1129 2420 ἀκαρτερήτοις
1171 2349 1390 2419 ἀγάπης
1431 2348 1826 2421 ὑπερζεούσης,
1860 2351 1921 2403 τὸ

346 2439 451 2511 πρὸ
481 2440 656 2511 ἀρχῆς
688 2439 988 2512 συλληφθὲν
1017 2443 1075 2493 ὲν
1098 2440 1174 2512 τῷ
1204 2441 1346 2494 τέλει
1382 2441 1636 2504 τεκοῦσα,
1674 2442 1920 2514 φανερώ-

349 2549 488 2586 σασα
511 2533 572 2585 τὸ
605 2532 847 2602 κρυπτὸν
883 2533 1177 2603 μυστήριον
1206 2533 1298 2585 καὶ
1327 2532 1611 2603 ἀλάλητον,
1638 2534 1727 2586 τὸν
1752 2536 1919 2603 ἀορά-

345 2639 438 2676 του
467 2622 679 2694 Πατρὸς
710 2623 858 2687 Υἱὸν,
884 2624 1106 2694 εἰρήνης
1135 2623 1458 2695 βραϐευτὴν,
1486 2625 1664 2694 πάσης
1695 2626 1921 2696 γενόμε-

347 2731 433 2766 νον
463 2715 660 2784 ἥττονα
706 2714 1040 2786 βραχύτητος
1082 2714 1418 2785 παραδόξως.
1454 2715 1551 2768 Διά
1581 2716 1738 2768 τοῦτο
1772 2716 1920 2770 ἐκλι-

347 2803 625 2875 παροῦμέν
672 2821 731 2857 σε
781 2804 882 2876 τὴν
931 2805 1138 2875 ἀμείνω
1184 2805 1436 2869 πάντων,
1492 2808 1586 2859 καὶ
1643 2806 1922 2878 μητρῲαις

348 2894 686 2965 ὲπαυχοῦσαν
724 2898 910 2966 τιμαῖς
961 2896 1053 2949 καὶ
1106 2899 1458 2969 παρῤησίαις,
1507 2899 1724 2970 μνήμην
1773 2899 1922 2952 ἀδιά-

346 2985 558 3039 λειπτον
607 2985 764 3055 ἡμῶν
809 2985 986 3048 ποιοῦ,
1029 2988 1270 3055 παναγία
1297 2988 1548 3051 Θεοτόκε,
1598 2989 1692 3042 καὶ
1739 2991 1818 3053 εἰς
1863 2990 1922 3043 σὲ

348 3078 917 3150 κατακαλλυνομένων,
946 3080 1038 3132 καὶ
1069 3079 1257 3150 ὕμνοις
1288 3079 1613 3151 θεοπρεπέσι
1647 3083 1923 3154 γεραιρόν-

344 3184 452 3223 των
481 3187 571 3223 σου
599 3170 697 3242 τὴν
729 3170 956 3234 ἀείζωον
989 3169 1084 3223 καὶ
1128 3169 1510 3235 ἁνεξάλειπτον
1538 3173 1776 3244 μνήμην.
1812 3175 1921 3227 Καὶ

349 3263 412 3314 σὺ
435 3262 492 3314 δὲ
511 3263 695 3327 αὐτὸς,
722 3256 766 3315 ὧ
791 3261 1066 3334 πρεσϐύτα
1091 3262 1144 3314 τί
1152 3280 1240 3332 μιε
1267 3262 1511 3334 Συμεὼν,
1539 3265 1636 3336 τῆς
1663 3265 1920 3328 εὐσεϐοῦς

346 3352 500 3424 ἡμῶν
533 3353 829 3424 θρησκείας
859 3352 1140 3425 προδοχεῦ,
1173 3354 1266 3406 καὶ
1297 3355 1394 3426 τῆς
1419 3354 1528 3408 τῶν
1557 3355 1761 3409 πιστῶν
1791 3358 1920 3409 ἀνα-

349 3445 588 3506 στάσεως
620 3442 878 3513 έξηγητά,
914 3444 1361 3516 συμπρεσϐευτὴς
1395 3445 1551 3516 ἡμῶν
1584 3447 1742 3515 γενοῦ
1783 3448 1920 3519 πρὸς

347 3535 436 3589 τὸν
478 3536 706 3606 Σωτῆρα
747 3534 900 3601 Θεὸν,
942 3535 1000 3588 ὃν
1043 3536 1306 3605 ἀγκάλαις
1353 3538 1706 3605 ὑποδέξασθαι
1778 3555 1918 3592 κατ-

339 3625 906 3698 ηξιώθηςΣυνᾴδομεν
946 3628 1055 3699 γάρ
1101 3646 1180 3682 σοι
1227 3629 1319 3683 καὶ
1351 3631 1514 3701 ἡμεῖς
1578 3630 1799 3702 Χριστῷ
1841 3629 1920 3702 τῷ

346 3715 445 3786 τῆς
472 3716 615 3788 ζωῆς
643 3719 736 3770 καὶ
763 3717 994 3772 θανάτου
1019 3719 1336 3790 ὲξουσιαστῇ
1357 3736 1371 3750 ⁸
1403 3721 1473 3773 Σὺ
1500 3717 1553 3774 εἰ
1578 3721 1712 3790 φῶς,
1736 3721 1921 3792 λέγον-

347 3821 457 3868 τες,
487 3806 755 3877 ἀληθινὸν,
787 3808 852 3860 ἐκ
884 3808 1061 3877 φωτὸς
1093 3808 1370 3880 ἀληθινοῦ,
1411 3809 1544 3874 Θεὸς
1572 3811 1823 3883 ἀληθινὸς
1856 3815 1920 3866 ὲκ

347 3895 482 3951 Θεοῦ
523 3897 772 3968 ἀληθινοῦ
795 3915 808 3929 ο
843 3893 923 3962 εἷς
953 3898 1158 3972 Κύριος
1191 3901 1295 3972 πρὸ
1331 3903 1428 3973 τῆς
1461 3902 1921 3975 ὲνανθρωπήσεως

347 3989 442 4042 καὶ
477 3988 617 4059 μετά
660 3989 758 4060 τὴν
791 3990 1138 4062 πανύμνητον
1170 3992 1598 4064 ὲνανθρώπησιν,
1634 3995 1693 4061 ἐξ
1729 3995 1918 4048 ἑαυτοῦ

352 4080 448 4150 μὲν
474 4081 567 4133 καὶ
592 4080 652 4133 ού
682 4081 820 4133 κατά
852 4083 1008 4153 χάριν
1041 4083 1192 4149 Θεὸς,
1227 4084 1292 4137 δι’
1332 4085 1478 4155 ἡμᾶς
1505 4085 1562 4138 δὲ
1595 4087 1688 4139 καὶ
1720 4086 1920 4150 τέλειος

349 4169 663 4242 ἄνθρωπος·
691 4174 748 4239 ἐξ
775 4174 966 4228 ἑαυτοῦ
991 4175 1046 4228 δὲ
1080 4175 1191 4246 (85)
1219 4176 1377 4246 φύσει
1404 4177 1754 4242 ἀσασίλευτος
1782 4197 1924 4250 παμ-

349 4261 621 4328 ϐασιλεὺς,
659 4264 726 4317 δι’
753 4267 900 4336 ἡμᾶς
939 4268 1031 4319 καὶ
1071 4266 1170 4338 τὴν
1207 4268 1479 4340 ἡμετέραν
1527 4271 1798 4343 σωτηρίαν
1828 4275 1921 4327 καὶ

349 4363 408 4408 εν
437 4355 623 4408 δούλου
659 4360 835 4428 μορφῇ
870 4358 1152 4428 ἀχράντως
1195 4360 1288 4412 καὶ
1333 4361 1634 4431 ἀμιάντως.
1683 4363 1920 4436 Ἀφθαρ-

351 4463 442 4499 σια
481 4447 589 4519 γὰρ
630 4446 726 4514 ῶν,
759 4448 917 4501 λῦσαι
964 4450 1170 4523 φθορὰν
1213 4453 1503 4523 προῆλθες,
1545 4455 1632 4507 ἴνα
1673 4456 1922 4529 ἄφθαρτα

2026 1991 2224 2060 adeps;
2253 1991 2550 2044 animatum
2576 1991 2732 2060 panis
2765 1990 2910 2042 illius
2928 1989 3049 2042 vitae
3077 1989 3264 2040 altare.
3288 1983 3608 2056 Salve,dile-

2023 2082 2222 2142 etionis
2256 2080 2348 2136 Dei
2374 2077 2964 2145 tliesaurezsalve,Filii
2991 2079 3043 2132 in
3074 2093 3242 2148 genus
3279 2077 3599 2137 humanum,

2025 2172 2412 2242 propensionis
2439 2173 2586 2227 illius
2614 2187 2678 2227 ac
2709 2171 2828 2237 ejus
2863 2170 3214 2224 humanitatis
3253 2167 3374 2222 fons
3411 2163 3607 2231 :salve,

2025 2261 2262 2333 Spiritus
2293 2264 2470 2319 sancti
2511 2279 2658 2316 mons
2691 2261 2982 2314 inumbrale
3014 2260 3080 2315 ¹⁶.
3119 2258 3452 2328 Fulgurasti,
3487 2256 3606 2309 dul-

2022 2356 2215 2410 cidona
2253 2355 2422 2409 Mater
2451 2355 2645 2408 solaris
2676 2352 2920 2417 luminis,
2953 2349 3394 2419 importabilibus
3429 2347 3607 2400 chari-

2025 2445 2152 2498 tatis
2168 2444 2541 2514 praefcrventis
2565 2441 2798 2509 ignibus,
2818 2456 2884 2493 eo
2908 2441 2959 2492 in
2985 2439 3087 2492 ﬁne
3110 2446 3268 2509 partu
3291 2438 3437 2492 edito
3457 2437 3603 2506 quod

2022 2543 2148 2589 ante
2197 2533 2526 2604 principium
2569 2540 2892 2601 conceptum
2925 2538 3041 2585 erat
3073 2550 3086 2585 :
3126 2531 3303 2600 palam
3340 2528 3603 2592 exhibito,

2021 2625 2167 2696 quod
2201 2635 2319 2680 erat
2349 2625 2727 2680 absconditum
2789 2632 2842 2678 et
2887 2622 3253 2678 inenarrabile
3292 2636 3607 2675 sacramen-

2021 2723 2172 2783 tum;
2230 2716 2490 2770 invisibili
2526 2717 2619 2769 illo
2659 2715 2836 2769 Patris
2886 2712 3057 2776 Filio,
3094 2718 3378 2782 sequestro
3426 2711 3602 2782 pacis,

2022 2807 2223 2879 quippe
2245 2807 2552 2860 admirabili
2576 2806 2808 2876 quadam
2833 2806 3063 2869 ratione,
3084 2804 3230 2858 omni
3261 2820 3318 2858 se
3341 2804 3606 2873 parvitate

2021 2901 2286 2954 minorem
2311 2899 2579 2953 exhibuit.
2601 2897 2888 2967 PrOpterea
2913 2907 2964 2952 te
2985 2897 3338 2965 deprecamur
3360 2895 3604 2948 omnium

2022 2990 2566 3060 praestantissimam,
2627 2989 2997 3058 maternisque
3052 2987 3354 3042 honoribus
3408 2985 3606 3040 ﬁducia

2022 3082 2364 3152 gloriantem,
2401 3090 2459 3134 ut
2503 3079 2898 3134 indesinentem
2936 3079 3108 3133 nostri
3137 3077 3470 3142 memoriam,
3510 3075 3606 3132 Dei

2024 3172 2193 3228 Mater
2226 3173 2593 3234 sanctissima,
2625 3173 2827 3225 habeas
2855 3191 2867 3224 :
2901 3172 3096 3234 nostri,
3147 3171 3391 3240 inquam,
3421 3172 3512 3240 qui
3547 3171 3607 3226 in

2025 3271 2080 3316 te
2129 3263 2446 3333 gloriamur,
2507 3261 3026 3332 augustioribusque
3067 3263 3299 3316 canticis
3345 3269 3608 3331 perpetuo

2026 3356 2290 3410 victuram
2323 3361 2376 3409 et
2402 3355 2566 3408 nullis
2594 3354 2892 3408 desituram
2927 3352 3264 3420 temporibus
3296 3353 3373 3404 tui
3408 3366 3608 3407 memo-

2025 3445 2163 3498 riam
2202 3444 2562 3498 celebramus.
2613 3444 2732 3513 lpse
2777 3443 2960 3506 etiam,
3012 3441 3275 3494 honorate
3307 3457 3472 3495 senex
3514 3440 3604 3494 Si-

2025 3551 2206 3600 meon,
2227 3536 2328 3606 pia:
2341 3535 2618 3604 religionis
2645 3542 2845 3589 nostra:
2861 3534 3034 3604 prime
3057 3541 3361 3602 susceptor,
3387 3532 3608 3585 doctor-

2025 3645 2132 3698 quo
2166 3628 2584 3684 resurrectionis
2611 3626 2868 3690 ﬁdelium.
2898 3641 3000 3680 una
3031 3640 3128 3694 pro
3153 3625 3308 3678 nobis
3340 3625 3405 3678 ad
3434 3623 3604 3678 Deum

2029 3718 2365 3774 Salvatorem
2405 3733 2564 3788 quem
2604 3719 2848 3770 meruisti
2891 3717 2945 3770 in
2982 3717 3139 3770 ulnas
3172 3715 3471 3784 suscipere,
3507 3728 3603 3784 pa-

2025 3820 2219 3866 tronus
2248 3809 2464 3865 accede.
2497 3807 2630 3861 Nam
2659 3815 2710 3863 et
2749 3809 2854 3878 ipsi
2907 3821 3014 3862 una
3038 3813 3216 3862 tecum
3249 3805 3493 3870 Christo,
3523 3806 3606 3859 vi-
3689 3812 3706 3827 ‘

2026 3909 2094 3958 tae
2123 3917 2186 3956 ac
2217 3901 2407 3955 mortis
2442 3906 2759 3970 potestatem
2785 3898 3026 3963 babenti,
3059 3897 3308 3952 canimus
3343 3916 3356 3952 :
3389 3895 3470 3951 Tu
3495 3897 3606 3952 Lu-

2026 4008 2149 4048 men
2179 4007 2239 4048 es
2265 4007 2453 4047 verum
2485 4007 2550 4046 ex
2587 4006 2713 4046 vero
2744 3989 2997 4054 Lumine,
3039 3988 3182 4043 Deus
3209 4004 3371 4043 verus
3396 4004 3462 4044 ex
3495 3987 3605 4044 Deo

2025 4101 2177 4151 vero,
2203 4100 2346 4140 unus
2373 4083 2636 4137 Dominus
2667 4090 2793 4137 ante
2819 4093 3151 4151 assumptam
3186 4081 3477 4134 humanam
3506 4095 3606 4134 na.

2028 4185 2226 4240 turam,
2263 4190 2406 4229 unus
2436 4174 2794 4227 nihilominus
2826 4180 2948 4242 post
2981 4173 3250 4242 ejusmodi
3283 4172 3606 4241 assumptio-

2026 4284 2174 4331 nem,
2223 4266 2371 4322 omni
2420 4265 2576 4336 plane
2623 4264 3004 4335 praedicatione
3051 4261 3485 4333 prosequendam
3523 4279 3538 4316 :
3572 4277 3604 4316 ιι

2026 4367 2100 4424 te,
2131 4361 2268 4430 ipse,
2299 4373 2409 4413 non
2431 4375 2525 4429 per
2545 4359 2803 4428 gratiam,
2835 4357 2978 4412 Deus
3016 4376 3027 4410 :
3057 4356 3228 4410 nostri
3257 4371 3386 4411 vero
3415 4369 3602 4421 causa,

2027 4454 2190 4506 etiam
2223 4451 2388 4505 homo
2422 4451 2699 4520 perfectus
2727 4469 2738 4503 :
2765 4465 2830 4504 ex
2855 4457 2927 4512 te,
2964 4449 3099 4518 ipse,
3129 4455 3323 4502 natura
3356 4449 3604 4503 omnium

350 4537 529 4591 πάντα
559 4538 787 4610 τεύχοις.
823 4541 945 4594 Ὀτι
971 4541 1063 4594 σοῦ
1093 4542 1239 4595 ἐστιν
1273 4545 1305 4612 ἡ
1344 4542 1472 4609 δόξα
1531 4546 1624 4598 καὶ
1667 4546 1730 4599 τὸ
1781 4547 1918 4618 κρά-

2027 4541 2174 4608 Rex,
2210 4543 2417 4597 nullius
2453 4541 2733 4610 subjecws
2775 4541 3038 4610 imperio:
3085 4546 3310 4617 propter
3339 4553 3438 4593 nos
3475 4552 3604 4592 vero

351 4643 460 4695 τος,
499 4628 834 4700 μεγαλοσύνη
875 4647 933 4682 τε
981 4631 1072 4683 καὶ
1116 4631 1561 4702 μεγαλοπρέπεια
1604 4635 1700 4688 σὺν
1750 4635 1923 4706 Πατρὶ

353 4721 444 4773 καὶ
484 4722 625 4792 ἁγίῳ
683 4721 960 4792 Πνεύματι
1008 4723 1088 4788 εἰς
1145 4725 1270 4788 τοὺς
1308 4723 1510 4788 αἰῶνας
1535 4725 1641 4779 τῶν
1684 4724 1916 4781 αἰώνων.

363 4808 554 4881 Ἀμήν.

2030 4643 2083 4689 et
2107 4641 2352 4688 nostram
2385 4633 2638 4696 salutem,
2669 4632 2832 4686 etiam
2860 4633 2914 4684 in
2949 4630 3119 4684 forma
3156 4629 3320 4694 servi,
3348 4630 3603 4683 immacu-

2026 4725 2134 4780 late
2157 4735 2336 4781 tamen
2361 4733 2524 4796 atque
2551 4725 2850 4795 impollute,
2869 4723 3158 4778 exsistens.
3179 4722 3280 4787 Qui
3307 4724 3450 4776 enim
3477 4721 3597 4791 ipsa

2022 4819 2099 4872 sis
2138 4819 2496 4888 incorruptio,
2549 4816 2746 4871 venisti
2796 4816 3007 4870 solvere
3058 4815 3495 4884 corruptionem,
3540 4819 3602 4864 ut

353 4903 666 4976 incorrupta
695 4907 878 4962 omnia
906 4907 1184 4967 redderes.
1212 4909 1479 4977 Quoniam
1515 4919 1607 4966 tua
1635 4921 1717 4966 est
1743 4914 1913 4984 gloria
1941 4921 1996 4967 et
2027 4920 2288 4983 potestas,
2320 4919 2374 4968 et
2417 4910 2842 4983 magniﬁcentia,
2878 4916 2933 4964 et
2981 4909 3262 4979 majestas,
3309 4921 3432 4961 cum
3497 4904 3602 4959 Pa.

352 5005 434 5053 tre
465 5007 519 5053 et
549 4999 754 5070 Spiritu
787 5011 998 5070 sancto,
1029 5003 1082 5056 in
1118 5005 1314 5059 saecula
1354 5006 1701 5060 sageulorum.
1732 5007 1928 5062 Amen.

421 5179 467 5208 “
494 5175 748 5239 Luc.xn,
791 5177 881 5233 49.
955 5179 1000 5210 ³³
1020 5175 1146 5232 ibid.
1193 5176 1285 5232 52.
1359 5176 1406 5208 “
1461 5177 1576 5236 lea.
1614 5182 1788 5242 uv,l.
1854 5180 1900 5212 "

2025 5181 2130 5233 ’etr.
2164 5194 2223 5245 ιι,
2252 5178 2306 5234 9.
2380 5181 2426 5212 ²⁶
2458 5178 2594 5234 Hab.
2619 5195 2700 5245 ιιι,
2731 5180 2784 5234 5.

423 5354 534 5424 (8i)
563 5357 660 5426 Μὴ
691 5360 896 5426 φοϐοῦ.
939 5359 1100 5416 Forte
1136 5360 1394 5416 subnotat
1427 5359 1743 5416 Diocletiani
1780 5370 1917 5416 tem-

351 5440 506 5548 gora.
541 5436 596 5481 et
631 5430 961 5484 decumanos
1008 5432 1130 5485 illos
1172 5429 1369 5484 ﬂuctus
1403 5431 1470 5484 ab
1497 5446 1564 5485 eo
1616 5432 1671 5484 in
1715 5430 1920 5488 Christi

399 5495 652 5548 eclesiam
682 5500 975 5548 excitatos-
1005 5501 1204 5548 auibus
1239 5502 1354 5548 inse
1387 5498 1707 5548 Methodius
1743 5511 1802 5548 nt
1832 5518 1920 5548 ve-

391 5495 660 5576 lcclesiam
682 5500 1204 5576 excitatos,_guibus
1239 5502 1354 5569 ipse
1385 5498 1708 5576 Methodius,
1737 5511 1802 5576 _ut
1832 5518 1924 5556 ve-

359 5564 473 5622 rior
505 5564 664 5622 habet
694 5568 900 5639 opinio,
929 5564 1158 5628 feliciter
1187 5564 1393 5640 tamen,
1421 5578 1476 5628 et
1505 5564 1788 5642 naufragio
1817 5573 1924 5628 sal-

2024 5379 2126 5418 vus
2147 5371 2470 5431 portumque
2493 5369 2704 5425 tenens,
2727 5359 2930 5414 Christi
2957 5364 3161 5427 martyr
3181 5355 3471 5426 absorptus
3490 5361 3596 5410 est.

2102 5434 2216 5499 (82)
2267 5433 2515 5497 Τέλειος.
2555 5431 2712 5484 Forte
2746 5431 2914 5492 τέλος.

2033 5575 2066 5644 ἡ
2100 5489 2503 5625 (ξῦᾗδςΕαιςτοῦ
2559 5501 2644 5554 δέ.
2684 5499 2842 5556 Forte
2876 5489 3076 5556 ὶαοιτοῦ
3119 5499 3232 5553 καί.
3271 5497 3334 5552 Et
3359 5489 3597 5564 mox,“

2075 5589 2178 5645 μοις
2239 5591 2261 5624 ε
2296 5589 2408 5626 και.

1732 5773 2222 5804 ---.ο,----
