4110 6400
521 372 626 432 εδδ

1483 381 1542 438 S.
1583 382 1912 440 METHODlI
1956 384 2263 441 EPlSCOPl
2298 385 2387 440 ET
2426 385 2789 444 MARTYRIS

3675 389 3782 449 38‘

590 558 3769 593 ...._.______.________________________________

1608 713 1748 767 ΤΟΥ
1783 715 1873 768 ΕΝ
1914 716 2137 770 ΑΓΙΟΙΣ
2173 716 2445 769 ΠΑΤΡΟΣ
2483 717 2683 772 ΗΜοΝ

1743 885 2551 1004 ΜΕΘΟΔΙΟΥ

1485 1106 1911 1197 ΛΟΓΟΣ
1988 1108 2198 1195 ΕΙΣ
2285 1106 2447 1195 ΤΑ
2517 1102 2841 1199 ΒΑΙΑ.

848 1397 1378 1516 SANCTI
1484 1397 2009 1514 PATRIS
2090 1398 2617 1514 NOSTRI
2702 1398 3425 1517 METHODII

2012 1619 2328 1684 ORATIO

1464 1803 1589 1893 ΙΝ
1668 1801 2064 1895 RAMOS
2139 1801 2848 1895 PALMARUM.

582 2093 910 2153 Benedictus
932 2092 1118 2151 Deus:
1151 2093 1536 2166 procedamus,
1581 2092 1803 2158 fratres,
1837 2108 1903 2149 ex
1929 2093 2093 2147 mira-

2271 2093 2351 2147 A'.
2396 2093 2703 2165 Εὐλογητὸς
2734 2094 2763 2148 ὁ
2790 2093 2924 2159 Θεός
2945 2110 2959 2126 ο
2996 2096 3062 2150 ὲκ
3093 2095 3393 2167 θαυμάτων
3425 2097 3518 2152 ἐπὶ
3554 2097 3626 2154 τὰ
3651 2098 3791 2155 θαύ-

510 2189 652 2245 culis
677 2187 744 2242 ad
778 2185 993 2241 Domini
1019 2185 1308 2249 miracula,
1338 2199 1402 2238 ac
1423 2186 1573 2239 velut
1607 2186 1799 2239 virtute
1828 2184 2098 2238 veniamus

511 2278 584 2333 ad
614 2279 859 2333 uirtutem
891 2277 959 2332 ³⁷.
988 2275 1457 2342 Quemadmodum
1488 2276 1544 2329 in
1573 2290 1737 2331 aurea
1767 2284 1982 2338 catena,
2019 2276 2102 2328 sic

515 2369 752 2424 invicem
795 2368 1074 2422 commissi
1125 2375 1253 2422 sunt
1295 2368 1531 2438 nexique
1560 2368 1774 2431 circuli,
1807 2377 1869 2423 ut
1898 2366 2100 2438 singuli

516 2462 656 2516 alter
693 2460 923 2515 alterum
955 2466 1138 2513 teneat
1168 2473 1233 2514 ac
1265 2470 1636 2528 consequatur
1667 2478 1681 2513 :
1722 2466 1796 2514 ita
1829 2468 1883 2516 et
1925 2461 2101 2516 sacris

515 2551 822 2621 livangeliis
843 2549 1043 2605 tradita
1083 2551 1368 2615 miracula,
1406 2551 1669 2606 festorum
1694 2559 1967 2607 amantem
1997 2551 2102 2608 Ec-

510 2643 737 2698 clesiam
768 2640 865 2698 Dei
912 2657 975 2697 ex
1002 2642 1124 2699 aliis
1154 2642 1222 2698 ad
1252 2643 1356 2697 alia
1387 2642 1685 2705 deducunt,
1718 2653 2097 2715 recreantque,

513 2751 622 2788 non
669 2750 789 2788 esca
831 2750 947 2805 qum
970 2736 1127 2804 perit,
1173 2734 1264 2789 sed
1306 2751 1421 2804 qua:
1457 2744 1632 2790 manet
1662 2736 1718 2789 in
1745 2736 1906 2790 vitam
1941 2746 2099 2792 arter-

512 2842 638 2880 nam
673 2827 739 2881 “.
767 2824 879 2896 Age
912 2826 1078 2895 igitur
1105 2834 1159 2881 et
1186 2842 1308 2891 nos,
1340 2827 1548 2893 dilecti,
1581 2835 1773 2897 parato
1804 2829 1970 2884 corde
1998 2844 2099 2883 au-

514 2920 780 2988 ribusque
806 2918 1050 2982 intentis,
1080 2919 1360 2973 audiamus
1390 2920 1517 2991 quid
1546 2920 1695 2975 nobis
1728 2928 1842 2974 tum
1880 2921 1934 2976 in
1968 2937 2099 2991 pro-

515 3010 719 3083 phetis,
761 3016 877 3063 tum
914 3010 967 3064 in
1000 3010 1310 3082 Evangeliis
1348 3012 1416 3067 de
1446 3011 1794 3069 divinissimo
1822 3013 1926 3067 hoc
1957 3014 2098 3069 festo

512 3104 584 3159 sit
636 3103 909 3157 locuturus
956 3101 1217 3157 Dominus
1265 3102 1427 3160 Deus.
1469 3104 1639 3161 Plane
1682 3122 1811 3161 vero
1858 3106 2098 3177 loquetur

509 3207 693 3263 pacem
730 3194 785 3246 in
829 3191 1079 3263 populum
1128 3210 1301 3259 suum,
1335 3204 1387 3249 et
1424 3195 1479 3248 in
1508 3203 1719 3249 sanctos
1752 3211 1900 3260 suos,
1942 3204 1994 3251 et
2040 3196 2097 3250 in

510 3302 599 3340 eos
631 3287 722 3357 qui
751 3296 1055 3340 convertunt
1087 3302 1178 3339 cor
1199 3286 1269 3339 ad
1301 3287 1473 3357 ipsum
1498 3287 1567 3343 ”.
1598 3285 1772 3342 Hodie
1804 3286 2096 3358 propheta-

511 3375 593 3432 ics
619 3375 760 3431 tubae
788 3376 973 3431 orbem
1004 3377 1335 3442 excitarunt,
1368 3392 1434 3431 ac
1458 3375 1551 3430 Dei
1585 3376 1859 3437 Ecclesias
1894 3381 2095 3450 ubique

2206 2202 2350 2255 ματα
2375 2183 2471 2238 τοῦ
2501 2184 2706 2255 Κυρίου
2732 2183 3060 2255 βαδίσωμεν,
3092 2185 3332 2255 ἀδελφοὶ,
3365 2188 3461 2241 καὶ
3491 2190 3791 2263 φθάσωμεν

2199 2276 2275 2339 ὡς
2299 2277 2369 2329 ἐκ
2410 2274 2718 2345 δυνάμεως
2757 2279 2845 2343 είς
2875 2276 3150 2347 δύναμιν,
3185 2278 3455 2352 Καθάπερ
3500 2282 3559 2335 ὲν
3601 2282 3795 2340 ἁλύσει

2200 2370 2397 2440 χρυσῇ,
2429 2368 2665 2440 κρικίοις
2696 2368 3094 2439 άλληλενδέτοις
3124 2371 3569 2447 συμϐεϐλημένῃ,
3600 2375 3657 2429 ἒν
3689 2377 3789 2431 τοῦ

2201 2459 2319 2523 ἑνὸς
2344 2460 2629 2531 κατέχεται
2656 2460 2764 2515 τῶν
2792 2463 3254 2535 συμϐεϋλημένων
3277 2464 3529 2533 ⁸ἑκαστον,
3553 2470 3647 2523 καὶ⁸
3673 2488 3797 2526 συνα

2201 2550 2431 2605 άπτεται
2476 2550 2702 2625 θάτερον
2735 2552 2969 2626 θατέρῳ,
3014 2556 3108 2608 καὶ
3150 2557 3614 2629 ’.παραπέμπεται⁹
3645 2560 3794 2618 οὕτω

2202 2644 2297 2698 καὶ
2325 2642 2394 2697 τὰ
2425 2643 2535 2697 τῶν
2566 2644 2738 2713 ἁγίων
2767 2646 3117 2714 Εὐαγγελίων
3149 2646 3424 2719 θαύματα,
3454 2650 3513 2716 ἐξ
3541 2649 3791 2723 ἀλλήλων

2199 2738 2279 2802 είς
2290 2736 2493 2807 ἄλληλα
2507 2737 2740 2808 ποδηγοῦ
2747 2755 2796 2791 σι
2807 2737 2904 2809 τὴν
2918 2738 3198 2810 φιλέορτον
3210 2739 3304 2794 τοῦ
3320 2740 3453 2795 Θεοῦ
3462 2742 3793 2813 Εκκλησίαν,

2200 2830 2295 2883 καὶ
2323 2831 2726 2899 εὐφραίνουσιν,
2744 2831 2815 2883 οὐ
2844 2828 2915 2897 τῇ
2943 2830 3338 2900 ἀπολλυμένῃ
3359 2830 3606 2899 βρώσει,
3627 2832 3795 2887 ἀλλὰ

2198 2919 2272 2989 τῇ
2282 2921 2557 2989 μενούσῃ
2574 2921 2661 2985 εὶς
2680 2918 2833 2987 ζωὴν
2856 2918 3115 2976 αἰώνιον.
3128 2921 3263 2992 Φέρε
3287 2920 3463 2975 τοίνυν
3486 2920 3580 2975 καὶ
3602 2922 3782 2993 ἡμεῖς,

2196 3009 2487 3081 ἀγαπητοὶ,
2518 3009 2576 3061 ἐν
2622 3008 2910 3079 ἑτοιμασίᾳ
2945 3009 3171 3081 καρδίας
3202 3009 3296 3064 καὶ
3346 3009 3482 3063 ὠσὶν
3538 3011 3790 3083 εὐηκὸοις

2195 3100 2549 3169 ἀκούσωμεν
2587 3100 2645 3153 τί
2682 3100 2944 3165 λαλήσει
2993 3101 3065 3153 ἐν
3117 3102 3262 3170 ἡμῖν
3301 3103 3515 3171 Κύριος
3568 3106 3603 3157 d
3640 3105 3789 3171 Θεὸς

2198 3192 2255 3246 ἐν
2292 3210 2351 3247 τε
2385 3194 2693 3266 προφήταις
2722 3192 2815 3246 καὶ
2846 3193 3197 3263 Εὐαγγελίοις
3226 3194 3354 3265 περὶ
3377 3194 3478 3266 τῆς
3504 3194 3789 3266 θειοτάτης

2195 3286 2400 3356 ταύτης
2446 3286 2660 3358 ἑορτῆς.
2708 3282 2978 3350 Λαλήσει
3024 3284 3081 3338 δὲ
3129 3285 3346 3349 πάντως
3394 3284 3649 3355 εἰρήνην
3685 3287 3789 3341 ἐπὶ
3848 3270 3858 3282 ’

2195 3377 2303 3432 τὸν
2336 3376 2492 3432 λαόν
2518 3375 2727 3440 αὐτοῦ,
2765 3377 2866 3433 καί
2890 3377 2991 3430 ἐπὶ
3019 3376 3161 3443 τοὺς
3191 3378 3405 3443 ὁσίους
3429 3377 3640 3443 αὑτοῦ,
3685 3379 3787 3432 καὶ

512 3470 755 3539 gentium
788 3471 1166 3527 exbilararunt
1192 3477 1247 3525 et
1271 3470 1548 3540 voluptate
1570 3471 1933 3542 impleverunt
1963 3492 1976 3527 :
2004 3487 2093 3526 as-

2199 3468 2295 3523 ἐπί
2335 3468 2477 3534 τοὺς
2506 3466 2983 3537 ἐπιστρέφοντας
3012 3468 3265 3537 καρδίαν
3299 3469 3390 3522 ἐπ’
3424 3469 3612 3522 αὐτόν
3650 3466 3787 3540 (84).

510 3569 870 3633 sumptosque
902 3563 1089 3618 ﬁdeles
1120 3563 1188 3615 ab
1228 3576 1510 3618 sacrorum
1538 3561 1873 3632 j'ejuniorum
1909 3578 2093 3619 scam-

512 3660 680 3714 mate,
712 3662 766 3707 et
811 3653 1067 3707 vitiorum
1101 3653 1374 3722 palmstra,
1409 3652 1653 3707 victoria:
1684 3654 1960 3708 canticum
1993 3669 2094 3709 no-

512 3758 750 3813 vumque
779 3743 930 3814 pacis
964 3744 1158 3798 victori
1196 3744 1416 3799 Christo
1435 3744 1743 3815 symbolum
1771 3760 1968 3801 canere
1994 3746 2090 3799 do-

509 3846 764 3890 cuerunt.
793 3835 974 3890 Venite
997 3852 1128 3907 ergo
1148 3837 1406 3902 universi,
1431 3836 1752 3891 exsuttemus
1776 3835 1997 3891 Domino
2021 3836 2089 3892 ⁸⁸.

512 3921 707 3979 Venite
751 3942 929 3980 omnes
977 3935 1176 3997 gentes,
1206 3925 1525 3992 plaudumus
1560 3927 1839 3991 manibus,
1868 3928 1952 3980 ‘ac
1984 3926 2092 3980 Deo

508 4017 835 4071 exsultemus
868 4018 1136 4073 Salvatori
1164 4026 1352 4074 nostro
1383 4019 1438 4071 in
1472 4035 1589 4072 uoce
1618 4020 1990 4073 exsuttationis
2021 4020 2087 4074 ³¹.

508 4108 681 4165 Nemo
715 4111 786 4166 sit
813 4127 1004 4169 exsors
1042 4112 1248 4182 gratiae,
1294 4127 1453 4167 nemo
1492 4114 1778 4168 vocatione
1822 4114 2090 4168 destitua-

508 4210 623 4267 tur,
666 4218 732 4258 eo
781 4205 926 4274 quod
978 4206 1385 4260 incredulorum
1434 4224 1619 4264 semen
1665 4208 1869 4263 factum
1916 4207 1988 4264 sit
2035 4208 2090 4263 in

510 4293 897 4366 perditionem.
949 4294 1139 4367 [Nemo
1174 4296 1336 4369 Regis
1370 4315 1662 4356 occursum
1711 4301 1933 4372 indigne
1990 4299 2091 4355 ha-

511 4385 692 4440 buerit
722 4386 788 4454 ³¹,
826 4396 885 4442 ιιι
908 4403 977 4443 ne
1000 4389 1241 4443 thalamo
1269 4389 1637 4464 excludatur.]
1663 4390 1831 4447 Nemo
1852 4393 1906 4446 in
1932 4392 2093 4448 nobis

511 4470 769 4530 inventus
799 4475 962 4530 fuerit
999 4478 1173 4533 tristis
1199 4479 1265 4534 ad
1298 4482 1725 4551 susceptionem,
1756 4490 1817 4536 ut
1849 4498 1917 4537 ne
1941 4498 2090 4538 eam-

511 4564 634 4617 dem
677 4581 801 4619 cum
854 4568 1012 4623 malis
1060 4569 1275 4625 civibus
1318 4571 1724 4627 damnationem
1776 4573 2088 4628 incurrerit.

509 4654 671 4711 Cives
702 4664 882 4713 autem
916 4659 1061 4724 dico,
1095 4663 1188 4732 qui
1230 4661 1518 4718 Dominum
1559 4679 1720 4720 suum
1750 4662 1951 4737 Regem
1997 4681 2091 4720 su-

507 4765 610 4820 per
643 4750 794 4821 ipsos
821 4754 1064 4824 recipere
1090 4757 1405 4815 noluerunt.
1439 4757 1663 4831 [Omnes
1690 4761 1797 4815 laeti
1827 4775 2090 4815 occurra-

583 4906 629 4938 ¹⁷
647 4905 795 4982 Pint.
820 4922 1050 4977 unm,
1079 4911 1134 4969 8.
1212 4913 1259 4945 "
1284 4912 1449 4970 Joan.
1480 4931 1556 4978 v1,
1590 4914 1681 4970 27.
1757 4917 1804 4949 ”
1837 4914 1990 4971 Psat.
2016 4932 2093 4970 ιι

2199 4915 2311 4980 ι’,9.
2399 4915 2443 4947 ³⁰
2471 4914 2623 4969 Psal.
2658 4929 2802 4982 χειν,
2834 4914 2885 4969 Ι.

511 4991 626 5043 xu,
654 4978 746 5035 2'7.

582 5134 696 5209 (84)
728 5135 837 5209 Καὶ
876 5134 976 5190 ἐπὶ
1017 5136 1159 5209 τοὺς
1203 5138 1674 5209 ἐπιστρέφοντας
1710 5139 1961 5208 καρδίαν
1995 5141 2089 5193 ἐπ’

507 5206 714 5261 αὐτόν.
739 5206 905 5282 _Alter
935 5207 1122 5282 codex'
1144 5206 1674 5282 nomineChrysost.
1718 5206 1813 5282 καὶ
1840 5212 2091 5282 ὲπιστρέο

508 5276 828 5351 φοντας-ὲιζτὶ
866 5276 1124 5351 καρδίαν-ί
1158 5278 1264 5345 Qui
1302 5276 1675 5351 convertuntur
1700 5281 1768 5351 ad
1786 5297 1887 5351 reor
1910 5298 1928 5334 :
1952 5276 2090 5351 quo-

507 5345 672 5399 modo
706 5345 875 5420 habet
896 5345 1055 5420 Vulg.
1084 5346 1308 5403 Hebraea
1344 5349 1498 5420 longe
1526 5353 1719 5405 aliter:
1750 5350 1816 5404 Et
1843 5369 1949 5406 non
1972 5345 2091 5406 eon-

509 5425 773 5469 vertentur
806 5415 875 5468 ad
906 5415 1235 5473 stultitiam:
1261 5415 1516 5474 nimirum
1555 5421 1700 5476 facili
1726 5423 1816 5477 illa
1847 5422 2089 5479 llehmis

508 5486 744 5557 aliinium
778 5487 1077 5557 litterarum
1107 5492 1524 5557 permutatione.
1634 5535 1641 5543 .

580 5554 693 5624 (85)
725 5554 1142 5633 Κιιςέτεριριιινζ⁸
1166 5559 1319 5633 Alius
1353 5563 1707 5633 κατέστεψαν,
1755 5580 1864 5619 non
1909 5567 2091 5620 minus

509 5640 773 5702 congrue.
812 5625 1025 5702 ilorotta
1057 5630 1200 5683 enim
1242 5631 1456 5700 'signnm
1488 5625 1830 5702 gloriationis
1861 5645 1915 5689 et
1950 5638 2089 5690 laeti-

509 5695 701 5776 tiau,_nt
722 5702 775 5776 et
796 5695 1065 5776 depositio
1088 5695 1341 5776 interoris
1363 5712 1416 5756 et
1444 5695 1697 5776 tristitite.
1728 5706 2089 5776 SigAndreas

506 5766 789 5822 (Jretcnsis
813 5775 1130 5834 coronatam
1161 5769 1370 5827 inducit
1395 5775 1765 5831 natalitiorum
1798 5774 1981 5833 Marim
2008 5782 2089 5834 la:-

509 5835 778 5892 tissimam
810 5833 1178 5894 festivitatem.

2200 3563 2448 3634 Σήμερον
2480 3562 2817 3633 προφητικαὶ
2859 3560 3159 3630 σάλπιγγες
3187 3561 3285 3632 τὴν
3327 3561 3653 3633 οἰκουμένην
3687 3561 3786 3613 άν-

2200 3653 2539 3725 επτέρωσαν,
2590 3651 2686 3707 καὶ
2717 3650 2816 3716 τὰς
2841 3652 3129 3723 ἁπανταχῆ
3156 3650 3251 3704 τοῦ
3285 3650 3422 3705 Θεοῦ
3461 3649 3788 3722 Ἐκκλησίας

2199 3746 2527 3817 ἐφαίδρυναν
2552 3745 2646 3798 καὶ
2671 3743 3009 3814 κατέτερψαν
3040 3742 3176 3815 (85)·
3206 3743 3298 3796 καὶ
3323 3745 3386 3796 ὲκ
3408 3742 3501 3796 τοῦ
3530 3743 3790 3812 σκάμμα-

2199 3852 2292 3896 τος
2336 3836 2445 3887 τῶν
2489 3834 2660 3901 ἁγίων
2693 3832 2977 3902 νηστειῶν,
3030 3831 3251 3902 καὶτῆς
3290 3830 3434 3885 κατὰ
3458 3831 3567 3886 τῶν
3597 3829 3787 3885 παθῶν

2200 3926 2539 3998 παλαίστρας
2570 3922 2987 3999 παραλαϐοῦσαι
3018 3926 3145 3989 τοὺς
3191 3924 3438 3986 πιστοὺς,
3477 3923 3569 3975 τὸν
3612 3921 3788 3975 ἐπινί-

2200 4037 2316 4072 κιον
2343 4019 2529 4091 ὕμνον,
2561 4018 2658 4071 καὶ
2685 4017 2746 4069 τὸ
2770 4015 2955 4070 καινὸν
2983 4015 3232 4086 σύνθημα
3262 4014 3361 4085 τῆς
3386 4014 3609 4084 εἰρήνης
3639 4012 3786 4082 ᾄδειν

2197 4111 2276 4182 τῷ
2303 4109 2563 4181 νικοποιῷ
2591 4109 2815 4181 Χριστῷ
2848 4108 3110 4173 ἐδίδαξαν.
3144 4107 3323 4161 Δεῦτε
3347 4106 3479 4173 γοῦν
3522 4106 3784 4170 ἅπαντες,

2197 4205 2699 4274 ἀγαλλιασώμεθα
2722 4202 2803 4270 τῷ
2824 4202 3035 4271 Κιφίῳ.
3061 4199 3225 4253 Δεῦτε
3250 4199 3488 4255 ἅπαντα
3512 4197 3584 4251 τὰ
3610 4197 3781 4267 ἔθνη.

2198 4295 2583 4366 κροτήσωμεν
2613 4296 2835 4365 χεῖρας,
2871 4294 2971 4348 καὶ
3007 4292 3509 4365 ἀγαλλιασώμεθα
3550 4292 3659 4365 (86)
3702 4291 3783 4359 τῷ

2201 4386 2323 4454 Θεῷ
2370 4386 2445 4458 τῷ
2471 4387 2683 4460 Σωτῆρι
2708 4386 2867 4458 ήμῶν
2897 4387 2965 4440 ἐν
2993 4384 3165 4455 φωνῇ
3196 4384 3630 4456 ἀγαλλιάσεως.
3662 4384 3783 4456 Μη-

2198 4479 2310 4543 δεὶς
2338 4480 2565 4550 ἄμοιρος
2611 4478 2753 4532 ἔστω
2795 4479 2893 4549 τῆς
2940 4478 3192 4550 χάριτος·
3242 4477 3433 4549 μηδεὶς
3485 4476 3783 4549 ὑστερείτω

2198 4574 2295 4644 τῆς
2328 4572 2591 4645 κλήσεως,
2631 4572 2713 4625 ὅτι
2745 4571 2975 4644 ἐγενήθη
3010 4571 3071 4624 τὸ
3100 4570 3320 4642 σπέρμα
3359 4568 3467 4623 τῶν
3499 4566 3783 4623 ἀπειθοῦν-

2196 4684 2304 4720 των
2337 4669 2417 4731 εἰς
2457 4664 2753 4721 ἀπώλειαν.
2790 4664 3020 4737 [Μηδεὶς
3053 4663 3438 4735 ἀγνωμονείτω
3475 4662 3577 4733 τὴν
3611 4661 3783 4715 ὑπάν-

2196 4775 2353 4828 τησιν
2388 4758 2496 4830 (87)
2530 4756 2624 4811 τοῦ
2663 4757 3045 4829 βασιλέως,ἱ’να
3080 4756 3158 4828 μὴ
3198 4754 3399 4823 ἔξωθεν
3425 4753 3522 4809 τοῦ
3553 4751 3780 4825 νυμφῶ-

2981 4913 3026 4945 ³¹
3057 4911 3213 4968 Psal.
3238 4926 3387 4978 XLvt,
3417 4910 3474 4966 2.
3577 4910 3624 4943 ³¹
3647 4909 3777 4965 Luc.

2267 5141 2382 5213 (86)
2430 5138 3358 5213 armtambusOa.'Alius__coder
3388 5139 3617 5213 melius,
3643 5140 3781 5193 ἁλα-

2194 5210 2466 5280 λάξωμεν,
2494 5210 2818 5281 Ῑιιὺὶιεηηωξ
2855 5214 3029 5269 schol.
3064 5210 3225 5265 LXX.
3259 5211 3435 5271 Alius.
3477 5212 3777 5281 σημῖάνατε,

2194 5288 2402 5355 signum
2428 5284 2583 5349 date;
2616 5285 2777 5344 alius.
2809 5284 3188 5355 εὐφημήσατε,
3220 5283 3336 5335 (tete
3365 5281 3677 5355 acclamate.

2265 5355 2379 5425 (87)
2422 5355 2846 5425 Ἁγνωμονείτω
2875 5349 2992 5423 iii?
3014 5349 3376 5425 ὖπᾴντησιν.
3414 5349 3574 5425 Velut
3594 5351 3808 5425 dittwa

2203 5421 2381 5497 ρείτω,
2411 5421 2800 5496 parvipendat;
2830 5426 2912 5480 sic
2935 5421 3082 5479 enim
3105 5421 3339 5478 Budaeus
3359 5422 3646 5492 conjunxit
3668 5425 3821 5491 duos

2200 5499 2313 5562 illa,
2352 5496 2589 5566 quadam
2623 5496 2852 5566 cpistola
2879 5496 2946 5550 ad
2977 5493 3200 5566 Petrum
3228 5494 3500 5566 amicum.
3530 5489 3625 5547 Vel
3661 5493 3779 5566 fue-

2200 5512 2313 5562 ma,
2352 5512 2589 5587 quadam
2623 5512 2852 5566 cpistma
2879 5512 2946 5550 au
2980 5512 3200 5548 retrum
3228 5512 3489 5574 amicum.
3539 5512 3625 5547 vel
3661 5512 3779 5547 tue-

2200 5568 2271 5619 rit
2300 5586 2312 5623 :
2342 5566 2514 5631 homo
2541 5567 2751 5637 ingrate
2773 5567 2990 5637 haheat,
3018 5564 3192 5637 eidem
3226 5564 3446 5618 crimini
3477 5562 3655 5637 factus
3684 5563 3779 5637 ob-

2196 5639 2414 5701 noxius,
2451 5638 2538 5691 cui
2565 5632 2867 5693 Jerusalem
2901 5636 3028 5700 illa;
3059 5649 3126 5689 eo
3157 5632 3461 5695 destructa,
3504 5633 3652 5703 quod
3692 5634 3777 5687 in-

2193 5716 2347 5778 grata
2394 5708 2447 5761 in
2494 5707 2797 5761 beneﬁcum
2840 5706 3175 5778 visitantem,
3225 5704 3321 5757 καὶ
3367 5705 3773 5778 ὑπαντήσαντα,

2195 5772 2298 5831 non
2320 5778 2615 5847 cognoverit
2639 5787 2839 5844 tempus
2865 5774 3185 5847 uisitationis
3212 5789 3325 5847 suo;
3347 5789 3364 5826 .'
3388 5772 3521 5847 Luc.
3546 5772 3658 5847 xix.
3680 5773 3771 5828 u.

2191 5845 2519 5905 addidimus
2534 5863 2594 5903 ex
2623 5848 2793 5904 altero
2815 5846 3025 5912 codice,
3051 5852 3112 5899 ut
3139 5852 3193 5900 et
3222 5845 3431 5914 reliqua
3456 5846 3770 5902 interclusa.
