4110 6444
363 362 474 420 385

1437 358 1695 417 ORATIO
1732 359 1800 415 1N
1840 356 2076 415 RAMOS
2112 357 2516 415 PALMARUM.

3521 361 3626 419 586

364 495 458 545 νος
494 477 878 554 ἀποκλεισθῇ]
908 479 1114 552 Μηδεὶς
1158 478 1481 552 σκυθρωπὸς
1512 480 1648 552 πρὸς
1679 479 1779 552 τὴν
1807 481 1939 533 ὁπο-

2046 493 2215 534 mus:
2251 477 2270 550 ]
2318 478 2686 548 suscipiamus
2728 490 2919 536 omnes
2971 477 3140 534 alacri
3177 476 3361 533 animo
3401 483 3627 551 totaque

365 569 527 643 δοχὴν
557 569 754 642 εὑρεθῇ
783 572 841 623 ἐν
871 572 1023 643 ημῖν,
1054 571 1141 623 ἵνα
1176 570 1250 642 μὴ
1277 573 1391 635 τοῖς
1421 572 1677 641 πονηροῖς
1705 569 1948 633 πολίταις

369 662 801 735 συγκατακριθῇ.
833 662 1063 726 Πολίτας
1091 661 1151 716 δέ
1186 679 1327 732 φημι
1354 662 1479 724 τοὺς
1510 660 1584 732 μὴ
1614 660 1946 733 θελήσαντας

364 754 620 821 δέξασθαι
663 754 755 809 τὸν
800 753 1002 825 Κύριον
1052 753 1260 806 ἐαυτῶν
1307 752 1530 824 βασιλέα
1572 756 1659 823 ἐφ’
1698 752 1940 816 ἑαυτούς.

369 847 598 921 ἶΠάντες
631 846 871 918 φαιδρῶς
904 846 1294 918 συνδράμωμεν
1403 846 1604 909 πάντες
1650 844 1944 917 προθύμως

365 938 775 1010 ὐποδεξὼμεθα,
820 938 915 992 καὶ
953 938 1338 1009 ὐπερκοσμίως
1378 938 1745 1015 ἐορτάςςωμεν.
1800 938 1945 990 Ἀντὶ

365 1032 618 1103 ἱματίων,
666 1032 774 1098 τὰς
817 1031 1064 1100 καρδίας
1110 1031 1280 1100 ἡμῶν
1342 1030 1639 1099 ἑκχέωμεν
1688 1029 1945 1083 ἐνώπιον

361 1123 550 1179 αὐτοῦ
573 1141 586 1154 ·
623 1126 680 1179 ἐν
704 1124 939 1196 ψαλμοῖς
970 1124 1064 1177 καὶ
1092 1122 1281 1194 ὕμνοις
1307 1125 1406 1187 τὰς
1429 1123 1775 1194 εὐχαριστίας
1814 1124 1944 1176 ἁνα-

363 1214 628 1286 τείνωμεν
660 1215 840 1287 αὐτῷ·
873 1216 964 1269 καὶ
985 1215 1066 1280 τὸ,
1101 1214 1523 1285 Εὐλογημένος
1558 1218 1590 1268 ό
1620 1215 1942 1284 ἐρχόμενος

361 1307 432 1360 ἐν
476 1308 719 1376 ὀνόματι
756 1307 1002 1375 Κυρίου,
1045 1305 1479 1370 ἁκαταπαύστως
1531 1305 1832 1376 βοήσωμεν.
1879 1309 1943 1359 Οἱ

364 1398 476 1469 γὰρ
506 1399 904 1470 εὐλογοῦντες
928 1399 1136 1463 αὑτὸν,
1177 1400 1567 1468 εὐλόγηνται·
1612 1398 1711 1453 καὶ
1751 1400 1949 1452 οἱκατ-

363 1494 651 1564 (ιρώμενοι
715 1490 922 1553 αὑτὸν,
970 1490 1425 1559 κεκατήρανται.
1476 1489 1646 1543 Πάλιν
1686 1489 1816 1561 ἐρῶ,
1848 1490 1942 1543 καὶ

366 1580 809 1654 προτρεπόμενος
848 1582 940 1635 ἐπὶ
985 1582 1046 1635 τὸ
1075 1582 1276 1651 ἀγαθὸν
1319 1583 1380 1635 οὐ
1423 1581 1724 1654 παύσομαι.
1755 1581 1938 1645 Δεῦτε,

366 1674 659 1744 ἀγαπητοὶ,
690 1673 1075 1745 εὐλογήσωμεν
1103 1674 1194 1727 τὸν
1241 1673 1622 1745 εὐλογημένον,
1663 1673 1750 1726 ἵνα
1788 1672 1939 1726 εὐλο-

364 1764 622 1837 ηθῶμεν
650 1765 740 1819 ὐπ’
765 1767 948 1821 αὐτοῦ.
982 1769 1169 1821 Πᾶσαν
1200 1766 1414 1838 ἡλικίαν
1444 1766 1539 1820 καὶ
1566 1765 1722 1830 ἀξίαν
1762 1766 1853 1819 ἐπὶ
1879 1766 1941 1819 τὸ

2049 568 2334 624 honestate
2368 569 2734 627 celebremus.
2786 570 3249 626 Vestimentornm
3286 570 3409 626 loco
3458 577 3624 629 corda

2048 669 2232 714 nostra
2263 659 2595 729 effundamus
2631 677 2809 716 coram
2845 661 2941 716 illo
2971 662 3020 694 ³³
3057 682 3070 717 :
3112 662 3277 734 inque
3317 664 3543 733 psalmis
3570 674 3625 719 ct

2018 752 2278 805 'canticis
2305 752 2602 821 gratiarum
2632 753 2680 807 ei
2717 755 2959 809 actiones
2994 754 3431 825 praetendamus;
3459 769 3523 808 ac
3558 757 3625 808 il-

2047 843 2162 907 lud,
2198 842 2512 898 Benedictus
2541 846 2632 915 qui
2661 847 2793 899 venit
2823 846 2874 898 in
2896 846 3104 900 nomine
3138 845 3351 900 Domini
3380 847 3447 911 “,
3472 849 3623 901 nulla

2045 935 2235 1005 requie
2254 936 2572 993 clamemus.
2598 937 2702 1005 Qui
2724 940 2860 992 enim
2887 941 2988 1009 ipsi
3009 939 3339 1004 benedicunt,
3365 940 3624 996 benedicti

2045 1038 2202 1092 sunt;
2229 1038 2279 1083 et
2307 1032 2397 1100 qui
2422 1031 2761 1095 maledicunt,
2794 1033 3062 1087 maledicti
3084 1035 3148 1089 ³⁸.
3183 1034 3367 1088 Dicam
3401 1036 3617 1101 iterum,

2044 1135 2146 1174 nec
2170 1119 2237 1174 ad
2270 1120 2472 1175 bonum
2498 1122 2703 1175 hortati
2734 1123 2976 1178 desinam
3015 1143 3028 1178 :
3066 1123 3491 1189 \'enite,dileeti,
3528 1127 3622 1181 be-

2045 1212 2361 1268 nedicamus
2381 1229 2505 1268 eum
2536 1214 2628 1284 qui
2658 1223 2742 1269 est
2769 1215 3107 1279 benedictus,
3144 1224 3204 1270 ut
3232 1217 3625 1271 henedicamur

2045 1305 2113 1359 ab
2146 1305 2282 1375 ipso.
2320 1304 2556 1360 Aitatem
2588 1323 2804 1362 omnem
2839 1316 2893 1362 et
2925 1309 3292 1363 conditionem
3362 1309 3418 1363 in
3448 1325 3621 1364 unum

2045 1396 2250 1465 pariter
2292 1411 2474 1451 sermo
2532 1399 2725 1452 ascivit
2771 1398 2837 1452 ad
2883 1398 3095 1453 Domini
3156 1401 3370 1455 laudem
3416 1422 3429 1456 :
3475 1419 3623 1472 reges

2045 1495 2197 1541 terra:
2225 1498 2273 1542 et
2313 1505 2488 1543 omnes
2531 1491 2747 1560 populos
2778 1507 2795 1544 :
2824 1492 3082 1560 principes
3118 1502 3168 1545 et
3198 1510 3373 1548 omnes
3408 1495 3622 1563 judices

2045 1589 2199 1634 term
2250 1596 2268 1633 :
2308 1580 2523 1649 juvenes
2570 1590 2617 1635 et
2663 1583 2886 1652 uirgines
2937 1582 2983 1614 ³⁸
3027 1602 3039 1637 :
3104 1583 3356 1654 quodque
3408 1586 3461 1639 in
3515 1588 3620 1640 mi-

2043 1673 2231 1727 raculo
2288 1673 2545 1728 decenter
2579 1689 2778 1728 novum
2821 1674 3089 1741 videatur,
3146 1677 3353 1746 primas
3393 1677 3627 1747 juvenis

2043 1772 2205 1834 atque
2252 1764 2517 1819 innocens
2546 1763 2833 1819 infantium
2869 1773 2923 1821 ct
2955 1767 3268 1822 lactentium
3304 1779 3437 1827 tetas
3470 1772 3627 1827 obti-

365 1856 496 1910 αὐτὸ
520 1856 873 1911 συνεκάλεσεν
903 1861 930 1911 6
961 1858 1118 1927 λόγος
1148 1857 1284 1930 πρὸς
1308 1856 1407 1930 τὴν
1431 1856 1527 1911 τοῦ
1561 1856 1767 1929 Κυρίου
1794 1858 1939 1911 αἴνε-

2046 1856 2170 1910 ηυίι
2202 1866 2407 1925 partes,
2439 1856 2758 1926 auspicandi
2798 1856 3026 1912 Domino
3054 1859 3111 1913 in
3155 1860 3500 1918 confessione
3530 1864 3627 1918 di-

368 1963 477 2000 σιν·
510 1946 795 2013 Βασιλεῖς
815 1946 927 2016 τῆς
948 1946 1061 2018 γῆς
1090 1947 1191 2001 καὶ
1221 1947 1452 2014 πάντας
1479 1948 1688 2013 λαοὺς,
1725 1947 1943 2017 ἄρχον-

365 2055 474 2106 τας
497 2039 595 2093 καὶ
627 2038 859 2105 πάντας
887 2040 1090 2108 κριτὰς
1119 2038 1232 2110 rﬁc
1249 2057 1262 2069 °
1288 2041 1649 2107 νεανίσκους
1676 2040 1775 2095 καὶ
1797 2055 1943 2109 παρ-

367 2131 610 2198 θένους·
643 2132 738 2185 καὶ¹
770 2131 832 2185 τὸ
866 2133 1230 2205 καινοπρεπὲς
1272 2133 1365 2187 τοῦ
1410 2131 1707 2204 θαύματος,
1747 2133 1829 2186 ὅτι
1870 2136 1938 2205 τῇ

363 2221 462 2295 νέᾳ.
490 2223 584 2277 καὶ
604 2223 958 2295 ἀπειροκάκῳ
980 2223 1087 2277 τῶν
1113 2224 1319 2295 νηπίων
1344 2225 1437 2279 καὶ
1465 2224 1804 2295 θηλαζόντων
1827 2225 1942 2296 ήλι-

2045 1949 2250 2003 vinitus
2298 1949 2623 2018 inspiratum
2677 1950 2951 2004 canticum
2998 1971 3011 2005 :
3063 1968 3170 2023 qua
3227 1954 3356 2008 olim
3407 1956 3629 2013 ratione

2047 2039 2261 2113 Moyses
2285 2042 2572 2112 prtecinuit
2601 2041 2897 2111 egredienti
2926 2046 3126 2114 populo
3159 2045 3226 2100 de
3248 2045 3485 2118 Egypto
3517 2050 3630 2103 :il-

2046 2133 2140 2189 lud
2167 2135 2423 2190 nimirum
2453 2154 2466 2190 :
2500 2133 2812 2190 Benedictus
2828 2137 2919 2206 qui
2952 2138 3085 2191 venit
3115 2140 3170 2192 in
3193 2140 3400 2193 nomine
3430 2139 3625 2193 Domi-

2045 2226 2103 2280 ni
2127 2227 2191 2281 ³⁷.

364 2318 459 2391 κίᾳ
497 2319 567 2373 τά
608 2318 871 2392 πρεσϐεῖα
920 2319 1264 2393 συνεχώρησε
1316 2321 1411 2375 τοῦ
1453 2321 1674 2393 ἐξάρξαι
1723 2322 1801 2394 τῷ
1849 2322 2038 2394 Κυρίῳ
2082 2323 2141 2377 ἐν
2187 2322 2570 2397 ἐξομολογήσει
2610 2325 2672 2378 τὸ
2715 2325 3047 2380 θεοδίδακτον
3096 2322 3274 2398 ᾆσμα,
3320 2328 3463 2382 καθά
3509 2330 3629 2385 πάρ

362 2413 453 2469 λαι
486 2414 597 2487 (88)
630 2416 871 2488 Μωῦσῆς
899 2415 976 2487 τῷ
1007 2416 1066 2481 ἐξ
1094 2419 1372 2485 Αἰγύπτου
1404 2416 1536 2488 λαῷ,
1567 2418 1649 2485 τὸ,
1677 2418 2097 2488 Εὐλογημένος
2123 2422 2156 2472 ό
2186 2420 2508 2489 ἐρχόμενος
2533 2420 2602 2473 ἐν
2630 2421 2872 2490 ὀνόματι
2918 2422 3157 2488 Κυρίου.

435 2510 512 2568 B'.
547 2511 793 2583 Σήμερον
823 2512 967 2583 χαρᾷ
1004 2511 1186 2585 χαίρει
1217 2514 1246 2565 6
1279 2513 1548 2586 μακάριος
1570 2512 1753 2579 Δαϐὶδ,
1780 2531 1940 2567 σεσυ-

365 2601 597 2672 λημένος
637 2602 736 2673 τὴν
784 2601 1016 2674 κιθάραν
1060 2603 1165 2656 ὑπὸ
1210 2604 1421 2676 νηπίων
1446 2621 1459 2634 ·
1488 2599 1570 2668 οἷς
1612 2604 1705 2658 καὶ
1751 2621 1944 2676 συγχο-

366 2691 541 2762 ρεύων
587 2692 665 2766 τῷ
701 2693 970 2766 πνεύματι
1012 2695 1107 2750 καὶ
1158 2696 1647 2769 συνευωχούμενος,
1692 2697 1940 2769 καθάπερ

374 2785 425 2838 εδ
458 2786 585 2857 πρὶν
620 2786 725 2858 πρὸ
756 2786 1049 2858 προσώπου
1075 2788 1178 2859 τῆς
1221 2787 1450 2843 κιϐωτοῦ
1484 2789 1577 2841 τοῦ
1614 2788 1769 2854 Θεοῦ,
1807 2806 1944 2861 συμ-

367 2881 696 2952 μουσουργεῖ
742 2880 836 2932 καὶ
882 2879 1231 2951 συμψελλίζει
1279 2880 1485 2951 ήδέως’
1518 2880 1942 2950 Εὐλογημένος

363 2970 398 3023 ὀ
427 2969 749 3040 ἐρχόμενος
776 2970 845 3024 ἐν
873 2970 1116 3039 ὀνόματι
1138 2971 1379 3039 Κυρίου.
1413 2970 1557 3042 Πρὸς
1589 2972 1646 3024 ὃν
1668 2970 1902 3044 ἐροῦμεν
1922 2989 1935 3002 ·

361 3058 505 3128 Λέγε
535 3061 686 3131 ἡμῖν,
717 3055 762 3114 ὦ
784 3061 1062 3133 προφῆτα,
1088 3062 1170 3125 τίς
1197 3056 1352 3124 οὗτος
1382 3064 1411 3116 6
1436 3063 1730 3134 ἐρχόμενος
1753 3064 1810 3114 ἐν
1835 3062 1942 3115 ὀνό-

366 3170 499 3223 ματι
528 3153 768 3225 Κυρίου;
802 3154 917 3207 Οὐκ
943 3154 1097 3224 ἐμὸν,
1130 3155 1284 3227 φησὶ,
1305 3153 1366 3208 τὸ
1396 3153 1758 3208 διδασκαλεῖον
1780 3156 1944 3226 σήμε-

2115 2512 2181 2569 ll.
2214 2513 2385 2569 Hodie
2411 2514 2608 2585 gaudet
2633 2515 2831 2586 gaudio
2861 2514 3052 2571 beatus
3095 2514 3286 2581 David,
3317 2515 3634 2572 infantibus.

2044 2605 2407 2678 spoliantibus
2436 2605 2667 2671 cithara,
2696 2607 3024 2675 quibuscum
3062 2609 3225 2664 etiam
3256 2609 3453 2680 spiritu
3484 2611 3632 2663 eho--

2040 2709 2164 2751 reas
2193 2695 2399 2749 ducens
2415 2709 2630 2765 unaque
2647 2696 2967 2758 delectatus,
3003 2697 3143 2752 sicut
3165 2697 3292 2751 olim
3317 2712 3502 2752 coram
3525 2697 3629 2754 Dei'

2043 2802 2171 2843 arca
2196 2786 2264 2851 ³⁸,
2299 2787 2540 2844 musicos
2568 2794 2871 2841 concentus
2904 2789 3098 2843 miscet
3142 2804 3205 2844 ac
3239 2790 3478 2845 suaviter
3523 2791 3620 2844 ad-

2046 2878 2278 2933 balbutit
2313 2898 2327 2933 :
2363 2876 2675 2932 Benedictus
2708 2881 2798 2948 qui
2824 2880 2959 2933 venit
2982 2880 3037 2934 in
3068 2882 3276 2936 nomine
3303 2881 3516 2936 Domini
3548 2882 3614 2934 ”.

2045 2968 2215 3036 Quem
2241 2971 2756 3040 percunctabitnur?
2777 2973 2913 3028 cedo
2933 2972 3113 3039 nobis,
3152 2971 3421 3044 Propheta
3445 2994 3459 3029 :
3490 2975 3625 3045 quis

2044 3064 2149 3120 iste
2176 3072 2260 3119 est
2302 3066 2394 3135 qui
2440 3068 2588 3121 venit
2623 3067 2676 3121 in
2711 3066 2931 3121 nomine
2980 3065 3229 3121 Domini?
3253 3066 3321 3122 At
3348 3068 3465 3122 ille:
3499 3066 3635 3123 Non.

2047 3171 2203 3222 mete,
2241 3157 2440 3228 inquit,
2469 3156 2630 3213 hodie
2661 3164 2790 3213 sunt
2819 3157 3049 3213 docendi
3074 3167 3286 3228 partes;
3319 3158 3637 3215 infantibus“-

367 3261 491 3317 ρον·
520 3245 734 3318 νηπίοις
767 3243 876 3317 γάρ
907 3244 1206 3316 ἀφιέρωται
1240 3245 1389 3318 παρὰ
1421 3245 1513 3299 τοῦ
1542 3244 1939 3314 καταρτήσαν-

2045 3248 2187 3302 enim
2217 3250 2558 3305 consecravit
2603 3250 2845 3305 scholam
2865 3292 2882 3317 ,
2922 3252 3014 3321 qui
3063 3251 3278 3321 perfecit
3312 3251 3522 3306 laudem
3550 3267 3635 3306 ea:-

365 3351 467 3402 τος
501 3336 571 3389 ἐκ
615 3337 915 3404 στόματος
951 3336 1187 3403 νηπίων
1216 3336 1313 3390 καὶ
1343 3335 1717 3404 θηλαζόντων
1743 3332 1935 3402 αἶνον,

364 3426 471 3482 τοῦ
499 3427 836 3482 καταλῦσαι
879 3426 1095 3496 ἐχθρὸν
1127 3426 1224 3481 καί
1267 3426 1625 3497 ἐκδικητὴν·
1658 3429 1806 3493 ὅπως
1844 3427 1938 3481 καὶ

362 3520 451 3577 διὰ
490 3520 585 3575 τοῦ
631 3519 906 3591 θαύματος
950 3519 1154 3574 τούτων
1207 3519 1616 3590 ἐπιστραφῶσι
1668 3519 1939 3589 πατέρων

365 3613 599 3683 καρδίαι
629 3611 725 3666 ἐπὶ
766 3610 963 3676 τέκνα,
1000 3611 1100 3665 καὶ
1130 3611 1392 3679 ἀπειθεῖς
1420 3613 1491 3665 έν
1525 3610 1815 3681 φρονήσει
1854 3610 1939 3664 δι-

364 3708 568 3765 καίων.
602 3705 802 3776 Λέγετε
846 3709 997 3777 ἡμῖν,
1027 3700 1072 3760 ὦ
1114 3707 1319 3772 παῖδες,
1360 3707 1522 3760 πόθεν
1564 3708 1691 3778 ὑμῖν
1733 3709 1767 3779 ή
1798 3706 1937 3780 καλὴ

366 3796 504 3871 αὕτη
531 3798 626 3851 καὶ
651 3798 904 3869 ἐπίχαρις
934 3796 1044 3868 (89)
1078 3797 1278 3869 ἅμιλλα
1305 3799 1399 3851 καὶ
1423 3798 1567 3870 ᾠδή;
1604 3798 1698 3863 Τίς
1731 3801 1760 3853 6
1789 3799 1936 3853 διδά-

367 3890 497 3957 ξας;
536 3889 629 3953 Τίς
673 3893 701 3944 6
736 3889 990 3959 σοφίσας;
1024 3890 1120 3954 Τίς
1147 3891 1176 3943 6
1210 3890 1607 3964 συναθροίσας;
1638 3892 1793 3946 Ποῖαι
1817 3892 1935 3946 δέλ-

363 3997 479 4048 τοι;
529 3980 683 4045 Τίνες
740 3981 789 4033 oi
843 3979 1215 4055 παιδαγωγοί;
1261 3980 1736 4053 Συγκοινωνήσατε
1784 3983 1933 4055 ἡμῖν,

365 4073 520 4143 φασὶ,
556 4072 655 4143 τῆς
687 4073 918 4143 εὐωχίας
942 4052 1054 4126 καῖ’
1081 4072 1367 4144 μελῳδίας,
1404 4073 1499 4128 καὶ
1535 4052 1840 4145 μαθήσεσθε
1866 4074 1937 4129 τὰ

363 4167 570 4236 Μωῦσῇ
605 4165 700 4218 καὶ
747 4168 860 4228 τοῖς
900 4165 1106 4230 λοιποῖς
1150 4167 1457 4238 προφήταις
1487 4168 1546 4220 ὲν
1597 4166 1931 4239 ἐπιθυμίαις.

377 4258 531 4312 Ἐπεὶ
574 4253 667 4311 οὖν
708 4258 1158 4330 προετράπημεν,
1191 4259 1287 4313 καὶ
1318 4257 1522 4326 δεξιὰς
1552 4261 1687 4331 ἡμῖν
1707 4259 1940 4315 ἔδωκαν

363 4349 415 4403 οὲ
458 4348 647 4413 παῖδες
691 4349 1027 4417 κοινωνίας,
1075 4346 1257 4421 δεῦρο,
1306 4350 1600 4422 ἀγαπητοὶ,
1639 4349 1732 4405 καὶ
1758 4352 1937 4422 ἡμεῖς

366 4439 697 4513 ζηλὼσωμεν
737 4439 837 4512 τὴν
888 4440 1165 4514 Θεοπρεπῆ
1211 4442 1449 4514 χορείαν,
1501 4443 1595 4497 καὶ
1645 4443 1792 4514 μετὰ·
1830 4443 1936 4498 τῶν

364 4534 677 4591 ἀποστόλων
707 4532 1157 4605 ὀδοποιήσωμεν
1190 4533 1272 4601 τῷ
1296 4535 1671 4605 ἐπιϐεϐηκότι
1700 4536 1798 4590 ἐπὶ
1832 4534 1939 4589 τὸν

2047 3355 2136 3393 ore
2169 3338 2452 3407 infantium
2501 3349 2551 3394 et
2597 3340 2925 3405 lactentium,
2974 3353 3029 3395 ut
3078 3343 3315 3396 destruat
3346 3343 3635 3396 inimicum".

2044 3439 2094 3484 et
2123 3431 2345 3486 ultorem
2367 3431 2412 3464 ⁸⁰
2444 3452 2457 3488 :
2490 3449 2600 3503 quo
2633 3434 2819 3498 etiam,
2857 3434 3088 3489 istorum
3120 3434 3419 3497 miraculo,
3452 3435 3632 3489 corda.-

2044 3531 2254 3593 patrum
2288 3534 2654 3577 convertantur
2697 3529 2765 3581 ad
2792 3524 2954 3595 ﬁlios,
2993 3534 3043 3578 et
3079 3522 3337 3577 increduli
3381 3523 3450 3576 ad
3483 3541 3627 3594 pruv

2045 3613 2277 3669 dentiam
2284 3615 2553 3685 justorum
2568 3616 2632 3670 δι.
2651 3614 2841 3679 Nobis,
2861 3615 3034 3686 pueri,
3059 3615 3273 3679 edicite,
3299 3615 3442 3670 unde
3460 3616 3633 3671 vobis.

2044 3707 2332 3776 pulchrum
2373 3707 2477 3761 hoc
2518 3706 2929 3778 gratiosumque
2961 3712 3234 3760 certamen
3267 3715 3320 3760 et
3359 3704 3632 3759 carmen?

2045 3796 2179 3864 Quis
2205 3797 2425 3852 docuit?
2466 3799 2592 3868 quis
2629 3796 2897 3851 erudivit?
2924 3795 3049 3866 quis
3077 3795 3457 3865 congregavit?
3494 3808 3634 3867 quae:

2046 3888 2277 3945 tabulae?
2303 3889 2394 3959 qui
2431 3889 2833 3959 ludimagistri?
2859 3886 2992 3948 Vos.
3038 3887 3311 3957 inquiunt,
3352 3887 3628 3957 voluptati}
3711 3873 3718 3882 ’

2044 3986 2248 4034 nostra:
2274 3977 2621 4048 canticoque,
2651 3993 2759 4031 una
2787 3977 3031 4032 accedite
3065 3977 3222 4042 socii,
3240 3992 3412 4046 caque
3437 3977 3617 4032 disce-

2045 4071 2136 4136 tis,
2171 4086 2293 4142 qua:
2326 4069 2495 4142 Moysi
2527 4085 2591 4124 ac
2626 4069 2910 4140 prophetis
2944 4068 3168 4139 reliquis
3204 4070 3421 4124 fuerunt
3442 4068 3497 4122 in
3520 4069 3616 4123 de-

2043 4162 2245 4220 siderio
2272 4161 2340 4217 “.
2371 4160 2508 4228 Quia
2536 4177 2638 4216 nos
2667 4177 2798 4232 ergo
2849 4161 3001 4232 pueri
3033 4161 3353 4224 invitarunt,
3390 4174 3452 4212 ac
3486 4159 3620 4213 deas-
3695 4160 3716 4232 ξ,

2045 4265 2185 4311 teras
2239 4253 2492 4309 dederunt
2525 4255 2788 4307 societatis
2817 4252 2887 4317 ",
2919 4252 3125 4317 adeste,
3162 4251 3366 4313 dilecti,
3394 4251 3587 4303 aemule

2044 4365 2167 4405 mur
2193 4356 2247 4403 et
2274 4346 2379 4418 ipsi
2405 4354 2694 4417 augustum
2726 4345 2860 4401 illud
2883 4345 3202 4416 tripudium,
3236 4358 3299 4397 ac
3328 4358 3451 4398 cum
3480 4358 3621 4411 apo.

2045 4440 2222 4506 stoiis,
2259 4440 2358 4494 iter
2398 4440 2447 4494 ei
2478 4439 2773 4509 faciamus,
2808 4438 2898 4510 qui
2939 4436 3173 4492 ascendit
3227 4451 3382 4503 super
3428 4437 3626 4493 castrum

2045 4533 2180 4598 coeti,
2212 4531 2281 4586 ad
2314 4530 2579 4586 Orientem
2622 4530 2689 4596 “,
2733 4534 2935 4603 quique
2974 4544 3074 4601 pro
3106 4529 3246 4583 bona
3281 4543 3379 4581 sua
3414 4527 3621 4584 volun-u

366 4624 627 4695 οὐρανὸν
650 4624 759 4679 τοῦ
784 4625 1044 4692 οὐρανοῦ
1066 4625 1196 4680 κατ’
1222 4625 1542 4694 ἀνατολὰς,
1573 4627 1667 4682 καὶ
1692 4627 1784 4681 ἐπὶ
1817 4628 1939 4680 ὑπο-

2048 4632 2177 4691 tatc,
2214 4625 2485 4694 subjugali
2512 4625 2566 4693 in
2598 4632 2741 4678 terra
2779 4622 2997 4678 vehitur
3023 4621 3089 4675 ".
3125 4619 3408 4676 Tollamus
3430 4634 3625 4676 lallIGS'.

368 4719 574 4788 ζύγιον,
620 4718 696 4782 ὡς
749 4716 1066 4788 ηὐδόκησεν,
1120 4719 1471 4790 ἐποχουμένῳ
1520 4720 1614 4772 ἐπὶ
1661 4719 1762 4788 τῆς
1811 4719 1933 4789 γῆς.

364 4811 519 4867 Μετὰ
558 4811 667 4865 τῶν
715 4810 925 4882 νηπίων
964 4808 1132 4880 κλάδη
1171 4808 1415 4881 άρωμεν,
1457 4809 1696 4873 καὶτοῖς
1729 4808 1940 4872 θαλλοῖς

365 4905 742 4977 κροτήσωμεν,
767 4903 914 4965 ὅπως
945 4901 1245 4972 ἐπιπνεύσῃ
1280 4903 1375 4955 καὶ
1398 4902 1527 4973 ἡμῖν
1548 4903 1608 4956 τὸ
1631 4900 1853 4972 Πνεῦμα
1876 4901 1939 4954 τὸ

366 4997 540 5065 άγιον,
582 4997 678 5049 καὶ
714 4994 812 5065 τὴν
842 4992 1187 5047 Θεοδίδακτον
1219 4993 1617 5064 ἁναμὲλψωμεν
1659 4993 1938 5057 εὐτάκτως

364 5081 509 5159 ᾠδήν
530 5103 544 5117 ·
575 5084 999 5156 Εὐλογημένος
1030 5086 1064 5137 ό
1091 5083 1416 5153 ἐρχόμενος
1447 5084 1520 5137 ἐν
1548 5086 1793 5154 ὀνόματι
1811 5087 1938 5157 ,Κυ-

359 5178 518 5246 ρίου,
545 5176 789 5233 ὡσαννὰ
812 5177 882 5231 ἐν
910 5174 1033 5242 τοῖς
1059 5174 1362 5242 ὑψίστοις.
1390 5175 1636 5248 Σήμερον
1666 5174 1761 5229 καὶ
1781 5177 1810 5228 6
1835 5192 1939 5227 πα-

363 5268 628 5342 τριάρχης
675 5268 866 5322 Ἰακὼὸ
906 5269 965 5321 ἐν
1022 5265 1289 5334 πνεύματι
1334 5265 1601 5336 ἑορτάζει,
1653 5265 1794 5337 ὁρῶν
1838 5264 1937 5336 τὴν

365 5361 701 5434 προφητείαν
736 5359 902 5416 αὐτοῦ
941 5361 1021 5422 είς
1058 5358 1217 5431 ἔργον
1251 5357 1508 5429 ἀχθεῖσαν
1527 5375 1541 5388 ο
1585 5357 1682 5411 καὶ
1726 5357 1818 5410 τὸν
1846 5356 1933 5409 δε-

2044 4731 2169 4769 cum
2209 4715 2414 4784 pueris,
2455 4714 2882 4784 plaudamusque
2930 4711 3096 4767 ramis
3133 4712 3429 4776 olivarum,
3467 4719 3526 4765 ut
3556 4717 3623 4767 et.

2043 4823 2145 4863 nos
2182 4806 2421 4877 Spiritus
2451 4816 2676 4863 sanctus
2711 4804 2997 4869 alllaverit,
3035 4802 3409 4874 divinitusque
3440 4803 3611 4871 inspi-

2043 4908 2220 4953 ratum
2254 4901 2527 4954 canticum
2563 4899 2863 4969 composite
2887 4895 3230 4952 modulemur
3255 4916 3276 4954 ξ
3300 4896 3620 4951 Benedictus:

2040 4990 2131 5060 qui
2160 4992 2295 5044 venit
2317 4992 2371 5045 in
2393 4992 2601 5045 nomine
2625 4989 2857 5055 Domini,
2884 4988 3142 5044 Hosannu
3162 4989 3220 5043 in
3244 4987 3521 5043 altissimis
3540 4987 3616 5044 *‘-.

2044 5080 2149 5136 Sed
2173 5090 2226 5137 et
2252 5082 2560 5152 patriarcha
2586 5080 2755 5136 Jacob
2781 5079 2941 5137 hodie
2968 5080 3022 5135 in
3040 5081 3235 5151 spiritu
3260 5078 3456 5134 festum
3477 5079 3616 5148 agit.

2035 5175 2126 5245 qui
2182 5175 2517 5245 prophetiam
2571 5189 2725 5230 suam
2780 5174 2835 5228 in
2884 5188 3023 5244 opus
3052 5173 3338 5228 deductam
3392 5170 3605 5236 videat,

2034 5280 2285 5334 eumque,
2310 5263 2403 5334 qui
2434 5264 2640 5333 pullum
2671 5279 2832 5318 suum
2867 5264 3056 5333 alligat
3091 5262 3161 5316 ad
3193 5261 3354 5315 vitem
3375 5260 3444 5326 ",
3467 5274 3611 5313 novo

2032 5356 2348 5427 impositum
2390 5355 2570 5424 pullo,
2623 5369 2688 5408 ac
2728 5353 2967 5410 ﬁdelium
2999 5353 3183 5408 socius
3250 5350 3466 5407 Patrem
3511 5348 3617 5404 ad-

435 5515 483 5549 "
511 5512 665 5569 Psal.
702 5530 813 5578 ut,
853 5515 907 5571 9.
982 5514 1028 5547 “
1055 5513 1209 5569 Psal.
1237 5528 1405 5575 cxvtt,
1436 5512 1541 5581 ‘26;
1577 5510 1771 5566 Matth.
1801 5510 1998 5577 nt,9;
2030 5509 2311 5581 Mares)“:
2347 5508 2415 5577 9;
2445 5508 2576 5563 Luc.
2606 5507 2861 5581 xix,_38_;
2898 5507 3061 5581 Joan.
3091 5522 3190 5568 xu,
3211 5506 3303 5581 ᾗ.
3374 5506 3423 5581 ff
3454 5503 3589 5581 Gen.

363 5600 539 5644 nvu.
573 5584 665 5640 29.
739 5574 964 5640 "'Psal.
1010 5600 1235 5644 cxmuu,
1288 5574 1538 5643 ΜΑΞᾙ
1576 5583 1620 5615 ³⁵⁷
1654 5582 1825 5637 Exod.
1877 5597 1939 5635 xv

2043 5621 2052 5635 .
2128 5581 2174 5612 ³³
2204 5579 2243 5632 ll
2274 5574 2410 5648 Reg.
2451 5596 2528 5644 γι,
2566 5580 2654 5634 14.
2710 5574 2774 5610 ί³⁹
2806 5577 2955 5634 Psat.
2990 5591 3161 5637 cxvtt.
3185 5576 3296 5648 726.
3331 5574 3612 5648 ΔΑλνο--Ρειιιζ

366 5671 486 5720 vui,
517 5657 570 5711 ‘5.
645 5655 692 5688 ⁸¹
722 5653 964 5711 Malach.
1000 5671 1075 5725 tv,
1102 5655 1168 5725 6;
1194 5653 1322 5708 Luc.
1352 5668 1390 5717 ι,
1427 5654 1514 5708 17.
1588 5653 1636 5685 δ’
1668 5654 1796 5710 Luc.
1825 5668 1879 5721 ι,
1905 5650 1939 5704 2

2073 5651 2118 5684 ⁸³
2143 5649 2322 5705 Gaiat.
2352 5647 2417 5713 ll,
2453 5651 2507 5725 9.
2596 5649 2643 5682 “
2675 5648 2827 5706 Psal.
2849 5663 3018 5711 vau,
3048 5648 3104 5714 5,
3134 5647 3225 5701 54.

369 5736 483 5790 ut,
512 5727 565 5781 5.
641 5725 686 5757 ’⁵⁸
708 5725 839 5780 ibid.
871 5726 925 5781 9.
998 5723 1045 5757 “’
1076 5724 1203 5779 Gen.
1243 5741 1391 5788 χιιι,
1418 5725 1505 5780 10.

436 5841 548 5915 (88)
574 5844 739 5901 Καθὰ
766 5841 952 5901 πάλαι
981 5841 1058 5897 Μ.
1092 5843 1194 5909 AL,
1225 5840 1475 5913 καθάπερ
1502 5841 1578 5897 Μ.

3327 5646 3373 5679 ⁸⁵
3405 5644 3606 5707 Matth.

2109 5840 2224 5911 (89)
2255 5837 2508 5908 Καλὴηη
2536 5837 2827 5907 ἐπίχαρις.
2867 5835 2977 5905 AL,
3005 5834 3253 5907 καινή...
3281 5828 3607 5906 περιχαρής.
