  <div class='ocr_page' id='page_1' title='image "/cluster/home/n/w/nwhite01/storage/ocr_20150623/18/coo.31924054872985/207.png"; bbox 0 0 4110 6442; ppageno 0'>
   <div class='ocr_carea' id='block_1_1' title="bbox 474 337 586 396">
    <p class='ocr_par' dir='ltr' id='par_1_1' title="bbox 474 337 586 396">
     <span class='ocr_line' id='line_1_1' title="bbox 474 337 586 396; baseline 0 -2"><span class='ocrx_word' id='word_1_1' title='bbox 474 337 586 396; x_wconf 78' lang='lat'><strong>337</strong></span> 
     </span>
    </p>
   </div>
   <div class='ocr_carea' id='block_1_2' title="bbox 1478 322 2787 385">
    <p class='ocr_par' dir='ltr' id='par_1_2' title="bbox 1478 322 2787 385">
     <span class='ocr_line' id='line_1_2' title="bbox 1478 322 2787 385; baseline -0.002 -1"><span class='ocrx_word' id='word_1_2' title='bbox 1478 328 1537 385; x_wconf 88' lang='lat' dir='ltr'><strong>S.</strong></span> <span class='ocrx_word' id='word_1_3' title='bbox 1579 326 1913 385; x_wconf 76' lang='lat' dir='ltr'><strong>METHODH</strong></span> <span class='ocrx_word' id='word_1_4' title='bbox 1951 324 2260 384; x_wconf 82' lang='lat' dir='ltr'><strong>EPISCOPI</strong></span> <span class='ocrx_word' id='word_1_5' title='bbox 2295 323 2385 381; x_wconf 83' lang='lat' dir='ltr'><strong>ET</strong></span> <span class='ocrx_word' id='word_1_6' title='bbox 2422 322 2787 382; x_wconf 76' lang='lat' dir='ltr'><strong>MARTYRIS</strong></span> 
     </span>
    </p>
   </div>
   <div class='ocr_carea' id='block_1_3' title="bbox 3645 329 3752 389">
    <p class='ocr_par' dir='ltr' id='par_1_3' title="bbox 3645 329 3752 389">
     <span class='ocr_line' id='line_1_3' title="bbox 3645 329 3752 389; baseline 0.009 -1"><span class='ocrx_word' id='word_1_7' title='bbox 3645 329 3752 389; x_wconf 74' lang='lat'><strong>588</strong></span> 
     </span>
    </p>
   </div>
   <div class='ocr_carea' id='block_1_4' title="bbox 470 439 2065 520">
    <p class='ocr_par' dir='ltr' id='par_1_4' title="bbox 470 444 2062 520">
     <span class='ocr_line' id='line_1_4' title="bbox 470 444 2062 520; baseline -0.008 -11"><span class='ocrx_word' id='word_1_8' title='bbox 470 460 615 509; x_wconf 85' lang='lat' dir='ltr'><strong>orat.</strong></span> <span class='ocrx_word' id='word_1_9' title='bbox 653 450 825 507; x_wconf 77' lang='lat' dir='ltr'><strong>Hodie</strong></span> <span class='ocrx_word' id='word_1_10' title='bbox 853 454 1072 520; x_wconf 89' lang='lat' dir='ltr'><strong>aptatur</strong></span> <span class='ocrx_word' id='word_1_11' title='bbox 1100 445 1305 518; x_wconf 90' lang='lat' dir='ltr'><strong>pullus,</strong></span> <span class='ocrx_word' id='word_1_12' title='bbox 1340 444 1585 515; x_wconf 88' lang='lat' dir='ltr'><strong>gentium</strong></span> <span class='ocrx_word' id='word_1_13' title='bbox 1617 445 1892 515; x_wconf 89' lang='lat' dir='ltr'><strong>quondam</strong></span> <span class='ocrx_word' id='word_1_14' title='bbox 1919 445 2062 498; x_wconf 90' lang='lat' dir='ltr'><strong>irra-</strong></span> 
     </span>
    </p>
   </div>
   <div class='ocr_carea' id='block_1_5' title="bbox 2166 439 3753 520">
    <p class='ocr_par' dir='ltr' id='par_1_5' title="bbox 2166 439 3753 516">
     <span class='ocr_line' id='line_1_5' title="bbox 2166 439 3753 516; baseline 0.001 -20"><span class='ocrx_word' id='word_1_15' title='bbox 2166 442 2433 515; x_wconf 85' lang='grc' dir='ltr'>σμεύοντα</span> <span class='ocrx_word' id='word_1_16' title='bbox 2466 442 2602 514; x_wconf 84' lang='grc' dir='ltr'>πρὸς</span> <span class='ocrx_word' id='word_1_17' title='bbox 2628 441 2872 512; x_wconf 79' lang='grc' dir='ltr'><strong>ἄμπελον</strong></span> <span class='ocrx_word' id='word_1_18' title='bbox 2901 439 2993 494; x_wconf 80' lang='grc' dir='ltr'>τὸν</span> <span class='ocrx_word' id='word_1_19' title='bbox 3038 440 3216 494; x_wconf 88' lang='grc' dir='ltr'>πῶλον</span> <span class='ocrx_word' id='word_1_20' title='bbox 3250 440 3417 495; x_wconf 75' lang='grc' dir='ltr'>αὐτοῦ</span> <span class='ocrx_word' id='word_1_21' title='bbox 3458 441 3593 516; x_wconf 78' lang='lat'><strong>(90),</strong></span> <span class='ocrx_word' id='word_1_22' title='bbox 3636 447 3753 499; x_wconf 77' lang='grc' dir='ltr'>ἑπι-</span> 
     </span>
    </p>
   </div>
   <div class='ocr_carea' id='block_1_6' title="bbox 472 536 2064 607">
    <p class='ocr_par' dir='ltr' id='par_1_6' title="bbox 472 536 2064 607">
     <span class='ocr_line' id='line_1_6' title="bbox 472 536 2064 607; baseline -0.008 -7"><span class='ocrx_word' id='word_1_23' title='bbox 472 545 784 607; x_wconf 84' lang='lat' dir='ltr'><strong>tionalium,</strong></span> <span class='ocrx_word' id='word_1_24' title='bbox 810 540 1128 597; x_wconf 77' lang='lat' dir='ltr'><strong>irrationale</strong></span> <span class='ocrx_word' id='word_1_25' title='bbox 1155 537 1454 607; x_wconf 80' lang='lat' dir='ltr'><strong>exemplar,</strong></span> <span class='ocrx_word' id='word_1_26' title='bbox 1500 536 1565 591; x_wconf 88' lang='lat' dir='ltr'><strong>ad</strong></span> <span class='ocrx_word' id='word_1_27' title='bbox 1599 537 1780 607; x_wconf 85' lang='lat' dir='ltr'><strong>populi</strong></span> <span class='ocrx_word' id='word_1_28' title='bbox 1827 552 1894 591; x_wconf 79' lang='lat' dir='ltr'><strong>ex</strong></span> <span class='ocrx_word' id='word_1_29' title='bbox 1931 551 2064 604; x_wconf 84' lang='lat' dir='ltr'><strong>gen-</strong></span> 
     </span>
    </p>
   </div>
   <div class='ocr_carea' id='block_1_7' title="bbox 473 628 2062 705">
    <p class='ocr_par' dir='ltr' id='par_1_7' title="bbox 473 628 2062 705">
     <span class='ocr_line' id='line_1_7' title="bbox 473 628 2062 705; baseline -0.007 -12"><span class='ocrx_word' id='word_1_30' title='bbox 473 638 621 694; x_wconf 77' lang='lat' dir='ltr'><strong>tibus</strong></span> <span class='ocrx_word' id='word_1_31' title='bbox 695 633 1109 705; x_wconf 79' lang='lat' dir='ltr'><strong>signiﬁcandam</strong></span> <span class='ocrx_word' id='word_1_32' title='bbox 1157 630 1549 698; x_wconf 87' lang='lat' dir='ltr'><strong>subjectioncm</strong></span> <span class='ocrx_word' id='word_1_33' title='bbox 1600 648 1617 683; x_wconf 82' lang='lat'><strong>:</strong></span> <span class='ocrx_word' id='word_1_34' title='bbox 1669 628 2062 697; x_wconf 84' lang='lat' dir='ltr'><strong>declarantque</strong></span> 
     </span>
    </p>
   </div>
   <div class='ocr_carea' id='block_1_8' title="bbox 471 720 2060 799">
    <p class='ocr_par' dir='ltr' id='par_1_8' title="bbox 471 720 2060 799">
     <span class='ocr_line' id='line_1_8' title="bbox 471 720 2060 799; baseline -0.006 -16"><span class='ocrx_word' id='word_1_35' title='bbox 471 730 623 799; x_wconf 82' lang='lat' dir='ltr'><strong>pueri</strong></span> <span class='ocrx_word' id='word_1_36' title='bbox 661 728 894 798; x_wconf 83' lang='lat' dir='ltr'><strong>primam</strong></span> <span class='ocrx_word' id='word_1_37' title='bbox 930 725 1149 779; x_wconf 91' lang='lat' dir='ltr'><strong>illorum</strong></span> <span class='ocrx_word' id='word_1_38' title='bbox 1176 762 1190 786; x_wconf 95' lang='lat'><strong>,</strong></span> <span class='ocrx_word' id='word_1_39' title='bbox 1225 722 1368 791; x_wconf 91' lang='lat' dir='ltr'><strong>quod</strong></span> <span class='ocrx_word' id='word_1_40' title='bbox 1405 720 1472 774; x_wconf 89' lang='lat' dir='ltr'><strong>ad</strong></span> <span class='ocrx_word' id='word_1_41' title='bbox 1518 720 1611 775; x_wconf 88' lang='lat' dir='ltr'><strong>Dei</strong></span> <span class='ocrx_word' id='word_1_42' title='bbox 1653 720 1903 774; x_wconf 74' lang='lat' dir='ltr'><strong>notitiam</strong></span> <span class='ocrx_word' id='word_1_43' title='bbox 1935 735 2060 789; x_wconf 89' lang='lat' dir='ltr'><strong>spe-</strong></span> 
     </span>
    </p>
   </div>
   <div class='ocr_carea' id='block_1_9' title="bbox 471 809 2062 889">
    <p class='ocr_par' dir='ltr' id='par_1_9' title="bbox 471 809 2062 889">
     <span class='ocr_line' id='line_1_9' title="bbox 471 809 2062 889; baseline -0.006 -15"><span class='ocrx_word' id='word_1_44' title='bbox 471 827 614 881; x_wconf 86' lang='lat' dir='ltr'><strong>ctat,</strong></span> <span class='ocrx_word' id='word_1_45' title='bbox 648 817 975 889; x_wconf 82' lang='lat' dir='ltr'><strong>pueritiam;</strong></span> <span class='ocrx_word' id='word_1_46' title='bbox 1032 823 1384 882; x_wconf 88' lang='lat' dir='ltr'><strong>secutamque</strong></span> <span class='ocrx_word' id='word_1_47' title='bbox 1428 810 1776 882; x_wconf 87' lang='lat' dir='ltr'><strong>postmodum</strong></span> <span class='ocrx_word' id='word_1_48' title='bbox 1870 811 1927 865; x_wconf 91' lang='lat' dir='ltr'><strong>in</strong></span> <span class='ocrx_word' id='word_1_49' title='bbox 1964 809 2062 865; x_wconf 87' lang='lat' dir='ltr'><strong>Dei</strong></span> 
     </span>
    </p>
   </div>
   <div class='ocr_carea' id='block_1_10' title="bbox 472 901 2058 977">
    <p class='ocr_par' dir='ltr' id='par_1_10' title="bbox 472 901 2058 977">
     <span class='ocr_line' id='line_1_10' title="bbox 472 901 2058 977; baseline -0.006 -11"><span class='ocrx_word' id='word_1_50' title='bbox 472 912 625 966; x_wconf 88' lang='lat' dir='ltr'><strong>cultu</strong></span> <span class='ocrx_word' id='word_1_51' title='bbox 674 925 738 965; x_wconf 90' lang='lat' dir='ltr'><strong>ac</strong></span> <span class='ocrx_word' id='word_1_52' title='bbox 766 924 896 964; x_wconf 88' lang='lat' dir='ltr'><strong>vera</strong></span> <span class='ocrx_word' id='word_1_53' title='bbox 947 907 1206 977; x_wconf 78' lang='lat' dir='ltr'><strong>religione</strong></span> <span class='ocrx_word' id='word_1_54' title='bbox 1235 905 1657 961; x_wconf 84' lang='lat' dir='ltr'><strong>absolutionem.</strong></span> <span class='ocrx_word' id='word_1_55' title='bbox 1692 901 1868 960; x_wconf 84' lang='lat' dir='ltr'><strong>Hodie</strong></span> <span class='ocrx_word' id='word_1_56' title='bbox 1897 903 2058 973; x_wconf 73' lang='lat' dir='ltr'><strong>juxta</strong></span> 
     </span>
    </p>
   </div>
   <div class='ocr_carea' id='block_1_11' title="bbox 470 995 2061 1072">
    <p class='ocr_par' dir='ltr' id='par_1_11' title="bbox 470 995 2061 1072">
     <span class='ocr_line' id='line_1_11' title="bbox 470 995 2061 1072; baseline -0.004 -16"><span class='ocrx_word' id='word_1_57' title='bbox 470 1000 807 1072; x_wconf 80' lang='lat' dir='ltr'><strong>Prophetam</strong></span> <span class='ocrx_word' id='word_1_58' title='bbox 838 1000 907 1064; x_wconf 73' lang='grc'><strong>⁸⁸,</strong></span> <span class='ocrx_word' id='word_1_59' title='bbox 941 998 1128 1069; x_wconf 70' lang='lat' dir='ltr'><strong>gloria:</strong></span> <span class='ocrx_word' id='word_1_60' title='bbox 1166 995 1279 1051; x_wconf 79' lang='lat' dir='ltr'><strong>Rex</strong></span> <span class='ocrx_word' id='word_1_61' title='bbox 1311 995 1565 1049; x_wconf 86' lang='lat' dir='ltr'><strong>laudatur</strong></span> <span class='ocrx_word' id='word_1_62' title='bbox 1598 995 1654 1049; x_wconf 92' lang='lat' dir='ltr'><strong>in</strong></span> <span class='ocrx_word' id='word_1_63' title='bbox 1694 1002 1862 1059; x_wconf 90' lang='lat' dir='ltr'><strong>terra,</strong></span> <span class='ocrx_word' id='word_1_64' title='bbox 1892 996 2061 1050; x_wconf 63' lang='lat' dir='ltr'><strong>caele-</strong></span> 
     </span>
    </p>
   </div>
   <div class='ocr_carea' id='block_1_12' title="bbox 470 1085 2054 1163">
    <p class='ocr_par' dir='ltr' id='par_1_12' title="bbox 470 1085 2054 1163">
     <span class='ocr_line' id='line_1_12' title="bbox 470 1085 2054 1163; baseline -0.006 -13"><span class='ocrx_word' id='word_1_65' title='bbox 470 1095 685 1163; x_wconf 77' lang='lat' dir='ltr'><strong>stisque</strong></span> <span class='ocrx_word' id='word_1_66' title='bbox 713 1092 860 1162; x_wconf 87' lang='lat' dir='ltr'><strong>epuli</strong></span> <span class='ocrx_word' id='word_1_67' title='bbox 908 1102 962 1146; x_wconf 87' lang='lat' dir='ltr'><strong>et</strong></span> <span class='ocrx_word' id='word_1_68' title='bbox 989 1089 1185 1144; x_wconf 64' lang='lat' dir='ltr'><strong>laetitiae</strong></span> <span class='ocrx_word' id='word_1_69' title='bbox 1213 1104 1318 1141; x_wconf 85' lang='lat' dir='ltr'><strong>una</strong></span> <span class='ocrx_word' id='word_1_70' title='bbox 1357 1087 1537 1142; x_wconf 84' lang='lat' dir='ltr'><strong>socios</strong></span> <span class='ocrx_word' id='word_1_71' title='bbox 1566 1086 1869 1158; x_wconf 80' lang='lat' dir='ltr'><strong>terrigenas</strong></span> <span class='ocrx_word' id='word_1_72' title='bbox 1900 1085 2054 1152; x_wconf 84' lang='lat' dir='ltr'><strong>facit,</strong></span> 
     </span>
    </p>
   </div>
   <div class='ocr_carea' id='block_1_13' title="bbox 470 1178 2056 1255">
    <p class='ocr_par' dir='ltr' id='par_1_13' title="bbox 470 1178 2056 1255">
     <span class='ocr_line' id='line_1_13' title="bbox 470 1178 2056 1255; baseline -0.006 -15"><span class='ocrx_word' id='word_1_73' title='bbox 470 1200 583 1255; x_wconf 88' lang='lat' dir='ltr'><strong>quo</strong></span> <span class='ocrx_word' id='word_1_74' title='bbox 625 1199 686 1239; x_wconf 91' lang='lat' dir='ltr'><strong>se</strong></span> <span class='ocrx_word' id='word_1_75' title='bbox 732 1190 1090 1250; x_wconf 87' lang='lat' dir='ltr'><strong>utrorumque</strong></span> <span class='ocrx_word' id='word_1_76' title='bbox 1139 1178 1429 1232; x_wconf 87' lang='lat' dir='ltr'><strong>Dominum</strong></span> <span class='ocrx_word' id='word_1_77' title='bbox 1489 1178 1703 1247; x_wconf 86' lang='lat' dir='ltr'><strong>probet,</strong></span> <span class='ocrx_word' id='word_1_78' title='bbox 1767 1179 1913 1233; x_wconf 81' lang='lat' dir='ltr'><strong>velut</strong></span> <span class='ocrx_word' id='word_1_79' title='bbox 1959 1178 2056 1249; x_wconf 90' lang='lat' dir='ltr'><strong>qui</strong></span> 
     </span>
    </p>
   </div>
   <div class='ocr_carea' id='block_1_14' title="bbox 473 1269 2062 1341">
    <p class='ocr_par' dir='ltr' id='par_1_14' title="bbox 473 1269 2062 1341">
     <span class='ocr_line' id='line_1_14' title="bbox 473 1269 2062 1341; baseline -0.005 -9"><span class='ocrx_word' id='word_1_80' title='bbox 473 1275 865 1332; x_wconf 87' lang='lat' dir='ltr'><strong>communibus</strong></span> <span class='ocrx_word' id='word_1_81' title='bbox 898 1273 1159 1341; x_wconf 88' lang='lat' dir='ltr'><strong>utrinque</strong></span> <span class='ocrx_word' id='word_1_82' title='bbox 1202 1273 1427 1327; x_wconf 87' lang='lat' dir='ltr'><strong>vocibus</strong></span> <span class='ocrx_word' id='word_1_83' title='bbox 1472 1269 1815 1326; x_wconf 88' lang='lat' dir='ltr'><strong>decantetur.</strong></span> <span class='ocrx_word' id='word_1_84' title='bbox 1852 1270 2062 1326; x_wconf 81' lang='lat' dir='ltr'><strong>Idcirco</strong></span> 
     </span>
    </p>
   </div>
   <div class='ocr_carea' id='block_1_15' title="bbox 471 1362 2063 1438">
    <p class='ocr_par' dir='ltr' id='par_1_15' title="bbox 471 1362 2063 1438">
     <span class='ocr_line' id='line_1_15' title="bbox 471 1362 2063 1438; baseline -0.003 -16"><span class='ocrx_word' id='word_1_85' title='bbox 471 1366 699 1438; x_wconf 82' lang='lat' dir='ltr'><strong>superni</strong></span> <span class='ocrx_word' id='word_1_86' title='bbox 732 1367 810 1420; x_wconf 89' lang='lat' dir='ltr'><strong>illi</strong></span> <span class='ocrx_word' id='word_1_87' title='bbox 832 1366 1178 1420; x_wconf 88' lang='lat' dir='ltr'><strong>terrestrium</strong></span> <span class='ocrx_word' id='word_1_88' title='bbox 1212 1364 1449 1420; x_wconf 86' lang='lat' dir='ltr'><strong>salutem</strong></span> <span class='ocrx_word' id='word_1_89' title='bbox 1474 1362 1886 1425; x_wconf 88' lang='lat' dir='ltr'><strong>annuntiantes,</strong></span> <span class='ocrx_word' id='word_1_90' title='bbox 1915 1364 2063 1433; x_wconf 86' lang='lat' dir='ltr'><strong>psal-</strong></span> 
     </span>
    </p>
   </div>
   <div class='ocr_carea' id='block_1_16' title="bbox 472 1451 2063 1521">
    <p class='ocr_par' dir='ltr' id='par_1_16' title="bbox 472 1451 2063 1521">
     <span class='ocr_line' id='line_1_16' title="bbox 472 1451 2063 1521; baseline -0.004 -9"><span class='ocrx_word' id='word_1_91' title='bbox 472 1458 661 1515; x_wconf 77' lang='lat' dir='ltr'><strong>lebant</strong></span> <span class='ocrx_word' id='word_1_92' title='bbox 682 1458 727 1490; x_wconf 65' lang='grc' dir='ltr'><strong>δ’</strong></span> <span class='ocrx_word' id='word_1_93' title='bbox 760 1476 773 1511; x_wconf 89' lang='lat'>:</span> <span class='ocrx_word' id='word_1_94' title='bbox 803 1455 1034 1511; x_wconf 85' lang='lat' dir='ltr'><strong>Sanctus</strong></span> <span class='ocrx_word' id='word_1_95' title='bbox 1054 1495 1069 1519; x_wconf 89' lang='lat'><strong>,</strong></span> <span class='ocrx_word' id='word_1_96' title='bbox 1106 1463 1344 1517; x_wconf 87' lang='lat' dir='ltr'><strong>sanctus,</strong></span> <span class='ocrx_word' id='word_1_97' title='bbox 1381 1463 1629 1521; x_wconf 84' lang='lat' dir='ltr'><strong>sanctus,</strong></span> <span class='ocrx_word' id='word_1_98' title='bbox 1672 1452 1927 1506; x_wconf 76' lang='lat' dir='ltr'><strong>Dominus</strong></span> <span class='ocrx_word' id='word_1_99' title='bbox 1959 1451 2063 1507; x_wconf 85' lang='lat' dir='ltr'><strong>Sa-</strong></span> 
     </span>
    </p>
   </div>
   <div class='ocr_carea' id='block_1_17' title="bbox 472 1540 2060 1614">
    <p class='ocr_par' dir='ltr' id='par_1_17' title="bbox 472 1540 2060 1614">
     <span class='ocr_line' id='line_1_17' title="bbox 472 1540 2060 1614; baseline -0.001 -18"><span class='ocrx_word' id='word_1_100' title='bbox 472 1542 652 1598; x_wconf 75' lang='lat' dir='ltr'><strong>baoth.</strong></span> <span class='ocrx_word' id='word_1_101' title='bbox 678 1542 842 1597; x_wconf 84' lang='lat' dir='ltr'><strong>Plena</strong></span> <span class='ocrx_word' id='word_1_102' title='bbox 876 1543 1047 1597; x_wconf 86' lang='lat' dir='ltr'><strong>omnis</strong></span> <span class='ocrx_word' id='word_1_103' title='bbox 1074 1552 1214 1596; x_wconf 84' lang='lat' dir='ltr'><strong>terra</strong></span> <span class='ocrx_word' id='word_1_104' title='bbox 1244 1542 1416 1614; x_wconf 83' lang='lat' dir='ltr'><strong>gloria</strong></span> <span class='ocrx_word' id='word_1_105' title='bbox 1446 1542 1559 1611; x_wconf 87' lang='lat' dir='ltr'><strong>ejus</strong></span> <span class='ocrx_word' id='word_1_106' title='bbox 1584 1558 1603 1594; x_wconf 91' lang='lat'><strong><em>:</em></strong></span> <span class='ocrx_word' id='word_1_107' title='bbox 1634 1540 1849 1595; x_wconf 82' lang='lat' dir='ltr'><strong>inferno</strong></span> <span class='ocrx_word' id='word_1_108' title='bbox 1877 1546 2060 1595; x_wconf 89' lang='lat' dir='ltr'><strong>autem</strong></span> 
     </span>
    </p>
   </div>
   <div class='ocr_carea' id='block_1_18' title="bbox 471 1630 2063 1707">
    <p class='ocr_par' dir='ltr' id='par_1_18' title="bbox 471 1630 2063 1707">
     <span class='ocr_line' id='line_1_18' title="bbox 471 1630 2063 1707; baseline -0.004 -15"><span class='ocrx_word' id='word_1_109' title='bbox 471 1636 661 1707; x_wconf 81' lang='lat' dir='ltr'><strong>positi,</strong></span> <span class='ocrx_word' id='word_1_110' title='bbox 697 1635 972 1689; x_wconf 86' lang='lat' dir='ltr'><strong>communi</strong></span> <span class='ocrx_word' id='word_1_111' title='bbox 1019 1641 1076 1690; x_wconf 89' lang='lat' dir='ltr'><strong>et</strong></span> <span class='ocrx_word' id='word_1_112' title='bbox 1111 1635 1214 1705; x_wconf 89' lang='lat' dir='ltr'><strong>ipsi</strong></span> <span class='ocrx_word' id='word_1_113' title='bbox 1267 1642 1540 1690; x_wconf 82' lang='lat' dir='ltr'><strong>conventu</strong></span> <span class='ocrx_word' id='word_1_114' title='bbox 1573 1632 1879 1689; x_wconf 76' lang='lat' dir='ltr'><strong>cmlcstium</strong></span> <span class='ocrx_word' id='word_1_115' title='bbox 1926 1630 2063 1685; x_wconf 61' lang='lat' dir='ltr'><strong>laeti-</strong></span> 
     </span>
    </p>
   </div>
   <div class='ocr_carea' id='block_1_19' title="bbox 471 1721 2063 1795">
    <p class='ocr_par' dir='ltr' id='par_1_19' title="bbox 471 1721 2063 1795">
     <span class='ocr_line' id='line_1_19' title="bbox 471 1721 2063 1795; baseline -0.003 -15"><span class='ocrx_word' id='word_1_116' title='bbox 471 1726 605 1780; x_wconf 82' lang='lat' dir='ltr'><strong>tiam</strong></span> <span class='ocrx_word' id='word_1_117' title='bbox 638 1725 1005 1790; x_wconf 88' lang='lat' dir='ltr'><strong>celebrantes,</strong></span> <span class='ocrx_word' id='word_1_118' title='bbox 1052 1726 1363 1780; x_wconf 83' lang='lat' dir='ltr'><strong>clamabant</strong></span> <span class='ocrx_word' id='word_1_119' title='bbox 1393 1741 1407 1777; x_wconf 87' lang='lat'><strong>:</strong></span> <span class='ocrx_word' id='word_1_120' title='bbox 1458 1724 1715 1780; x_wconf 81' lang='lat' dir='ltr'><strong>&quot;osanna</strong></span> <span class='ocrx_word' id='word_1_121' title='bbox 1754 1722 1833 1795; x_wconf 87' lang='lat' dir='ltr'><strong>[in</strong></span> <span class='ocrx_word' id='word_1_122' title='bbox 1861 1721 2063 1776; x_wconf 80' lang='lat' dir='ltr'><strong>altissi-</strong></span> 
     </span>
    </p>
   </div>
   <div class='ocr_carea' id='block_1_20' title="bbox 2166 530 3754 606">
    <p class='ocr_par' dir='ltr' id='par_1_20' title="bbox 2166 530 3754 606">
     <span class='ocr_line' id='line_1_20' title="bbox 2166 530 3754 606; baseline 0.001 -20"><span class='ocrx_word' id='word_1_123' title='bbox 2166 534 2440 606; x_wconf 75' lang='grc' dir='ltr'>ϐεϐηκότα</span> <span class='ocrx_word' id='word_1_124' title='bbox 2495 532 2589 586; x_wconf 70' lang='grc' dir='ltr'><strong>ἐπὶ</strong></span> <span class='ocrx_word' id='word_1_125' title='bbox 2638 533 2815 587; x_wconf 83' lang='grc' dir='ltr'>πῶλον</span> <span class='ocrx_word' id='word_1_126' title='bbox 2865 530 3007 595; x_wconf 84' lang='grc' dir='ltr'><strong>νέον,</strong></span> <span class='ocrx_word' id='word_1_127' title='bbox 3049 531 3141 584; x_wconf 78' lang='grc' dir='ltr'>καὶ</span> <span class='ocrx_word' id='word_1_128' title='bbox 3193 532 3329 601; x_wconf 80' lang='grc' dir='ltr'>μετὰ</span> <span class='ocrx_word' id='word_1_129' title='bbox 3380 532 3490 587; x_wconf 90' lang='grc' dir='ltr'><strong>τῶν</strong></span> <span class='ocrx_word' id='word_1_130' title='bbox 3544 536 3754 589; x_wconf 80' lang='grc' dir='ltr'>πιστῶν</span> 
     </span>
    </p>
   </div>
   <div class='ocr_carea' id='block_1_21' title="bbox 2164 623 3752 697">
    <p class='ocr_par' dir='ltr' id='par_1_21' title="bbox 2164 623 3752 697">
     <span class='ocr_line' id='line_1_21' title="bbox 2164 623 3752 697; baseline 0.001 -19"><span class='ocrx_word' id='word_1_131' title='bbox 2164 629 2461 697; x_wconf 80' lang='grc' dir='ltr'>προσκυνεῖ</span> <span class='ocrx_word' id='word_1_132' title='bbox 2491 625 2568 696; x_wconf 83' lang='grc' dir='ltr'>τῷ</span> <span class='ocrx_word' id='word_1_133' title='bbox 2610 623 2806 695; x_wconf 75' lang='grc' dir='ltr'>Πατρί.</span> <span class='ocrx_word' id='word_1_134' title='bbox 2861 626 3108 696; x_wconf 81' lang='grc' dir='ltr'>Σήμερον</span> <span class='ocrx_word' id='word_1_135' title='bbox 3161 623 3337 687; x_wconf 82' lang='grc' dir='ltr'>πῶλος</span> <span class='ocrx_word' id='word_1_136' title='bbox 3381 624 3752 696; x_wconf 74' lang='grc' dir='ltr'>ὲτοιμάζεται,</span> 
     </span>
    </p>
   </div>
   <div class='ocr_carea' id='block_1_22' title="bbox 2162 712 3751 784">
    <p class='ocr_par' dir='ltr' id='par_1_22' title="bbox 2162 712 3751 784">
     <span class='ocr_line' id='line_1_22' title="bbox 2162 712 3751 784; baseline -0.002 -15"><span class='ocrx_word' id='word_1_137' title='bbox 2162 715 2224 769; x_wconf 71' lang='grc' dir='ltr'><strong>τὸ</strong></span> <span class='ocrx_word' id='word_1_138' title='bbox 2256 715 2362 768; x_wconf 87' lang='grc' dir='ltr'><strong>τῶν</strong></span> <span class='ocrx_word' id='word_1_139' title='bbox 2394 715 2692 784; x_wconf 78' lang='grc' dir='ltr'><strong>ἀλογίστων</strong></span> <span class='ocrx_word' id='word_1_140' title='bbox 2727 713 2896 766; x_wconf 76' lang='grc' dir='ltr'>ἐθνῶν</span> <span class='ocrx_word' id='word_1_141' title='bbox 2925 713 2986 766; x_wconf 87' lang='grc' dir='ltr'>τὸ</span> <span class='ocrx_word' id='word_1_142' title='bbox 3014 713 3143 784; x_wconf 71' lang='grc' dir='ltr'>πρὶν</span> <span class='ocrx_word' id='word_1_143' title='bbox 3174 713 3456 781; x_wconf 86' lang='grc' dir='ltr'>ἀλόγιστον</span> <span class='ocrx_word' id='word_1_144' title='bbox 3482 712 3751 783; x_wconf 52' lang='lat' dir='ltr'><strong>agapeta-</strong></span> 
     </span>
    </p>
   </div>
   <div class='ocr_carea' id='block_1_23' title="bbox 2165 801 3749 878">
    <p class='ocr_par' dir='ltr' id='par_1_23' title="bbox 2165 801 3749 878">
     <span class='ocr_line' id='line_1_23' title="bbox 2165 801 3749 878; baseline -0.002 -19"><span class='ocrx_word' id='word_1_145' title='bbox 2165 824 2279 878; x_wconf 91' lang='grc' dir='ltr'>ριον</span> <span class='ocrx_word' id='word_1_146' title='bbox 2314 806 2446 877; x_wconf 84' lang='grc'>(91),</span> <span class='ocrx_word' id='word_1_147' title='bbox 2478 807 2557 869; x_wconf 76' lang='grc' dir='ltr'>εἰς</span> <span class='ocrx_word' id='word_1_148' title='bbox 2589 804 2850 870; x_wconf 73' lang='grc' dir='ltr'>ἐπίδειξιν</span> <span class='ocrx_word' id='word_1_149' title='bbox 2883 804 3162 874; x_wconf 81' lang='grc' dir='ltr'><strong>ὑποταγῆς</strong></span> <span class='ocrx_word' id='word_1_150' title='bbox 3190 803 3283 856; x_wconf 77' lang='grc' dir='ltr'>τοῦ</span> <span class='ocrx_word' id='word_1_151' title='bbox 3310 802 3369 869; x_wconf 75' lang='grc' dir='ltr'>ἐξ</span> <span class='ocrx_word' id='word_1_152' title='bbox 3392 803 3560 857; x_wconf 73' lang='grc' dir='ltr'>ἐθνῶν</span> <span class='ocrx_word' id='word_1_153' title='bbox 3583 801 3712 856; x_wconf 76' lang='grc' dir='ltr'>λαοῦ</span> <span class='ocrx_word' id='word_1_154' title='bbox 3732 819 3749 836; x_wconf 90' lang='grc'><strong>·</strong></span> 
     </span>
    </p>
   </div>
   <div class='ocr_carea' id='block_1_24' title="bbox 2166 896 3754 970">
    <p class='ocr_par' dir='ltr' id='par_1_24' title="bbox 2166 896 3754 970">
     <span class='ocr_line' id='line_1_24' title="bbox 2166 896 3754 970; baseline -0.001 -18"><span class='ocrx_word' id='word_1_155' title='bbox 2166 901 2257 952; x_wconf 70' lang='grc' dir='ltr'>καὶ</span> <span class='ocrx_word' id='word_1_156' title='bbox 2282 900 2452 970; x_wconf 87' lang='grc' dir='ltr'>νήπια</span> <span class='ocrx_word' id='word_1_157' title='bbox 2473 897 2884 969; x_wconf 86' lang='grc' dir='ltr'>καταμηνύουσι</span> <span class='ocrx_word' id='word_1_158' title='bbox 2906 896 3003 969; x_wconf 80' lang='grc' dir='ltr'>τὴν</span> <span class='ocrx_word' id='word_1_159' title='bbox 3027 897 3232 951; x_wconf 83' lang='grc' dir='ltr'>τούτων</span> <span class='ocrx_word' id='word_1_160' title='bbox 3256 898 3391 967; x_wconf 85' lang='grc' dir='ltr'>πρὸς</span> <span class='ocrx_word' id='word_1_161' title='bbox 3420 897 3754 965; x_wconf 80' lang='grc' dir='ltr'>θεογνωσίαν</span> 
     </span>
    </p>
   </div>
   <div class='ocr_carea' id='block_1_25' title="bbox 2163 989 3758 1063">
    <p class='ocr_par' dir='ltr' id='par_1_25' title="bbox 2163 989 3758 1063">
     <span class='ocr_line' id='line_1_25' title="bbox 2163 989 3758 1063; baseline -0.001 -19"><span class='ocrx_word' id='word_1_162' title='bbox 2163 992 2484 1062; x_wconf 82' lang='grc' dir='ltr'><strong>νηπιότητα,</strong></span> <span class='ocrx_word' id='word_1_163' title='bbox 2512 991 2606 1046; x_wconf 69' lang='grc' dir='ltr'>καὶ</span> <span class='ocrx_word' id='word_1_164' title='bbox 2637 990 2737 1062; x_wconf 78' lang='grc' dir='ltr'>τὴν</span> <span class='ocrx_word' id='word_1_165' title='bbox 2767 989 2907 1061; x_wconf 84' lang='grc' dir='ltr'>μετὰ</span> <span class='ocrx_word' id='word_1_166' title='bbox 2937 989 3111 1044; x_wconf 82' lang='grc' dir='ltr'>ταῦτα</span> <span class='ocrx_word' id='word_1_167' title='bbox 3153 992 3289 1063; x_wconf 79' lang='grc' dir='ltr'>πρὸς</span> <span class='ocrx_word' id='word_1_168' title='bbox 3320 991 3630 1044; x_wconf 80' lang='grc' dir='ltr'>θεοσέϐειαν</span> <span class='ocrx_word' id='word_1_169' title='bbox 3671 1007 3758 1043; x_wconf 81' lang='grc' dir='ltr'>τε·</span> 
     </span>
    </p>
   </div>
   <div class='ocr_carea' id='block_1_26' title="bbox 2163 1082 3758 1157">
    <p class='ocr_par' dir='ltr' id='par_1_26' title="bbox 2163 1082 3758 1157">
     <span class='ocr_line' id='line_1_26' title="bbox 2163 1082 3758 1157; baseline -0.001 -20"><span class='ocrx_word' id='word_1_170' title='bbox 2163 1083 2433 1155; x_wconf 86' lang='grc' dir='ltr'>λειότητα.</span> <span class='ocrx_word' id='word_1_171' title='bbox 2465 1086 2711 1156; x_wconf 80' lang='grc' dir='ltr'><strong>Σήμερον</strong></span> <span class='ocrx_word' id='word_1_172' title='bbox 2737 1086 2765 1138; x_wconf 88' lang='grc' dir='ltr'><strong>ό</strong></span> <span class='ocrx_word' id='word_1_173' title='bbox 2798 1083 3051 1154; x_wconf 79' lang='grc' dir='ltr'>βασιλεὺς</span> <span class='ocrx_word' id='word_1_174' title='bbox 3075 1084 3173 1155; x_wconf 81' lang='grc' dir='ltr'>τῆς</span> <span class='ocrx_word' id='word_1_175' title='bbox 3201 1083 3359 1154; x_wconf 81' lang='grc' dir='ltr'>δόξης</span> <span class='ocrx_word' id='word_1_176' title='bbox 3385 1083 3477 1136; x_wconf 76' lang='grc' dir='ltr'><strong>ἐπὶ</strong></span> <span class='ocrx_word' id='word_1_177' title='bbox 3499 1082 3603 1152; x_wconf 78' lang='grc' dir='ltr'>γῆς</span> <span class='ocrx_word' id='word_1_178' title='bbox 3626 1098 3758 1157; x_wconf 85' lang='grc' dir='ltr'>προ-</span> 
     </span>
    </p>
   </div>
   <div class='ocr_carea' id='block_1_27' title="bbox 2164 1174 3756 1247">
    <p class='ocr_par' dir='ltr' id='par_1_27' title="bbox 2164 1174 3756 1247">
     <span class='ocr_line' id='line_1_27' title="bbox 2164 1174 3756 1247; baseline 0.001 -19"><span class='ocrx_word' id='word_1_179' title='bbox 2164 1176 2412 1247; x_wconf 86' lang='grc' dir='ltr'>φητικῶς</span> <span class='ocrx_word' id='word_1_180' title='bbox 2444 1174 2749 1241; x_wconf 75' lang='grc' dir='ltr'>δοξάζεται,</span> <span class='ocrx_word' id='word_1_181' title='bbox 2795 1175 2891 1228; x_wconf 67' lang='grc' dir='ltr'><strong>καὶ¹</strong></span> <span class='ocrx_word' id='word_1_182' title='bbox 2933 1174 3334 1245; x_wconf 76' lang='grc' dir='ltr'>συγκοινωνοὺς</span> <span class='ocrx_word' id='word_1_183' title='bbox 3376 1175 3474 1246; x_wconf 74' lang='grc' dir='ltr'>τῆς</span> <span class='ocrx_word' id='word_1_184' title='bbox 3520 1175 3756 1246; x_wconf 77' lang='grc' dir='ltr'>ἐπουρα-</span> 
     </span>
    </p>
   </div>
   <div class='ocr_carea' id='block_1_28' title="bbox 2163 1263 3751 1339">
    <p class='ocr_par' dir='ltr' id='par_1_28' title="bbox 2163 1263 3751 1339">
     <span class='ocr_line' id='line_1_28' title="bbox 2163 1263 3751 1339; baseline -0.002 -19"><span class='ocrx_word' id='word_1_185' title='bbox 2163 1268 2278 1321; x_wconf 82' lang='grc' dir='ltr'>νίου</span> <span class='ocrx_word' id='word_1_186' title='bbox 2310 1267 2573 1338; x_wconf 85' lang='grc' dir='ltr'>εύωχείας</span> <span class='ocrx_word' id='word_1_187' title='bbox 2604 1269 2729 1331; x_wconf 67' lang='grc' dir='ltr'>τοὺς</span> <span class='ocrx_word' id='word_1_188' title='bbox 2755 1268 3008 1337; x_wconf 79' lang='grc' dir='ltr'>γηγενεῖς</span> <span class='ocrx_word' id='word_1_189' title='bbox 3041 1263 3435 1330; x_wconf 77' lang='grc' dir='ltr'>ἀναδείκνυσιν,</span> <span class='ocrx_word' id='word_1_190' title='bbox 3464 1265 3551 1318; x_wconf 84' lang='grc' dir='ltr'>ἵνα</span> <span class='ocrx_word' id='word_1_191' title='bbox 3578 1264 3751 1339; x_wconf 77' lang='grc' dir='ltr'>δείξῃ,</span> 
     </span>
    </p>
   </div>
   <div class='ocr_carea' id='block_1_29' title="bbox 2163 1356 3755 1431">
    <p class='ocr_par' dir='ltr' id='par_1_29' title="bbox 2163 1356 3755 1431">
     <span class='ocr_line' id='line_1_29' title="bbox 2163 1356 3755 1431; baseline -0.001 -18"><span class='ocrx_word' id='word_1_192' title='bbox 2163 1361 2247 1414; x_wconf 84' lang='grc' dir='ltr'>ὅτι</span> <span class='ocrx_word' id='word_1_193' title='bbox 2298 1359 2461 1424; x_wconf 76' lang='grc' dir='ltr'>αὐτός</span> <span class='ocrx_word' id='word_1_194' title='bbox 2496 1361 2613 1413; x_wconf 79' lang='grc' dir='ltr'>ἐστι</span> <span class='ocrx_word' id='word_1_195' title='bbox 2655 1359 2862 1430; x_wconf 83' lang='grc' dir='ltr'>Κύριος</span> <span class='ocrx_word' id='word_1_196' title='bbox 2895 1357 3240 1429; x_wconf 77' lang='grc' dir='ltr'><strong>ἀμφοτέρων,</strong></span> <span class='ocrx_word' id='word_1_197' title='bbox 3294 1357 3370 1420; x_wconf 84' lang='grc' dir='ltr'>ὡς</span> <span class='ocrx_word' id='word_1_198' title='bbox 3412 1356 3755 1431; x_wconf 79' lang='grc' dir='ltr'>ἑκατέρωθεν</span> 
     </span>
    </p>
   </div>
   <div class='ocr_carea' id='block_1_30' title="bbox 2167 1444 3759 1522">
    <p class='ocr_par' dir='ltr' id='par_1_30' title="bbox 2167 1444 3759 1522">
     <span class='ocr_line' id='line_1_30' title="bbox 2167 1444 3759 1522; baseline -0.003 -17"><span class='ocrx_word' id='word_1_199' title='bbox 2167 1450 2476 1522; x_wconf 82' lang='grc' dir='ltr'>συμφώνως</span> <span class='ocrx_word' id='word_1_200' title='bbox 2502 1449 2932 1522; x_wconf 85' lang='grc' dir='ltr'>ἀνυμνούμενος.</span> <span class='ocrx_word' id='word_1_201' title='bbox 2968 1447 3067 1501; x_wconf 84' lang='grc' dir='ltr'><strong>Διὰ</strong></span> <span class='ocrx_word' id='word_1_202' title='bbox 3092 1446 3251 1500; x_wconf 78' lang='grc' dir='ltr'>τοῦτο</span> <span class='ocrx_word' id='word_1_203' title='bbox 3279 1449 3328 1500; x_wconf 83' lang='grc' dir='ltr'>οἱ</span> <span class='ocrx_word' id='word_1_204' title='bbox 3350 1448 3449 1519; x_wconf 80' lang='grc' dir='ltr'>μὲν</span> <span class='ocrx_word' id='word_1_205' title='bbox 3479 1448 3590 1502; x_wconf 78' lang='grc' dir='ltr'>ἄνω</span> <span class='ocrx_word' id='word_1_206' title='bbox 3642 1444 3759 1516; x_wconf 72' lang='grc'><strong>(92)</strong></span> 
     </span>
    </p>
   </div>
   <div class='ocr_carea' id='block_1_31' title="bbox 2166 1537 3751 1614">
    <p class='ocr_par' dir='ltr' id='par_1_31' title="bbox 2166 1537 3751 1614">
     <span class='ocr_line' id='line_1_31' title="bbox 2166 1537 3751 1614; baseline -0.002 -19"><span class='ocrx_word' id='word_1_207' title='bbox 2166 1542 2264 1614; x_wconf 80' lang='grc' dir='ltr'>τὴν</span> <span class='ocrx_word' id='word_1_208' title='bbox 2318 1543 2413 1596; x_wconf 69' lang='grc' dir='ltr'><strong>ἐπὶ</strong></span> <span class='ocrx_word' id='word_1_209' title='bbox 2466 1543 2567 1613; x_wconf 78' lang='grc' dir='ltr'>γῆς</span> <span class='ocrx_word' id='word_1_210' title='bbox 2632 1542 2908 1613; x_wconf 70' lang='grc' dir='ltr'>σωτηρίαν</span> <span class='ocrx_word' id='word_1_211' title='bbox 2969 1537 3415 1611; x_wconf 85' lang='grc' dir='ltr'>καταμηνύοντες</span> <span class='ocrx_word' id='word_1_212' title='bbox 3474 1538 3701 1609; x_wconf 75' lang='grc' dir='ltr'>ἔψαλλον</span> <span class='ocrx_word' id='word_1_213' title='bbox 3735 1557 3751 1571; x_wconf 92' lang='grc'><strong>·</strong></span> 
     </span>
    </p>
   </div>
   <div class='ocr_carea' id='block_1_32' title="bbox 2168 1627 3758 1704">
    <p class='ocr_par' dir='ltr' id='par_1_32' title="bbox 2168 1627 3758 1704">
     <span class='ocr_line' id='line_1_32' title="bbox 2168 1627 3758 1704; baseline -0.003 -17"><span class='ocrx_word' id='word_1_214' title='bbox 2168 1632 2393 1704; x_wconf 79' lang='grc' dir='ltr'>Ἄγιος,</span> <span class='ocrx_word' id='word_1_215' title='bbox 2454 1633 2654 1702; x_wconf 77' lang='grc' dir='ltr'>ἅγιος,</span> <span class='ocrx_word' id='word_1_216' title='bbox 2698 1631 2867 1702; x_wconf 79' lang='grc' dir='ltr'>ἅγιος</span> <span class='ocrx_word' id='word_1_217' title='bbox 2916 1632 3129 1699; x_wconf 73' lang='grc' dir='ltr'>Κύριος</span> <span class='ocrx_word' id='word_1_218' title='bbox 3186 1629 3448 1684; x_wconf 71' lang='grc' dir='ltr'><strong>Σαϐαὼθ.</strong></span> <span class='ocrx_word' id='word_1_219' title='bbox 3506 1627 3758 1698; x_wconf 70' lang='grc' dir='ltr'>Πλήρης</span> 
     </span>
    </p>
   </div>
   <div class='ocr_carea' id='block_1_33' title="bbox 2166 1721 3758 1796">
    <p class='ocr_par' dir='ltr' id='par_1_33' title="bbox 2166 1721 3758 1796">
     <span class='ocr_line' id='line_1_33' title="bbox 2166 1721 3758 1796; baseline -0.004 -17"><span class='ocrx_word' id='word_1_220' title='bbox 2166 1725 2337 1781; x_wconf 78' lang='grc' dir='ltr'>πᾶσα</span> <span class='ocrx_word' id='word_1_221' title='bbox 2363 1727 2401 1795; x_wconf 77' lang='grc' dir='ltr'><strong><em>ἠ</em></strong></span> <span class='ocrx_word' id='word_1_222' title='bbox 2430 1724 2508 1796; x_wconf 78' lang='grc' dir='ltr'><strong>τῆ</strong></span> <span class='ocrx_word' id='word_1_223' title='bbox 2539 1724 2650 1794; x_wconf 85' lang='grc' dir='ltr'>τῆς</span> <span class='ocrx_word' id='word_1_224' title='bbox 2679 1724 2865 1793; x_wconf 77' lang='grc' dir='ltr'>δόξης</span> <span class='ocrx_word' id='word_1_225' title='bbox 2893 1721 3082 1776; x_wconf 82' lang='grc' dir='ltr'>αὐτοῦ</span> <span class='ocrx_word' id='word_1_226' title='bbox 3102 1739 3115 1752; x_wconf 71' lang='grc'><strong><em>⁸</em></strong></span> <span class='ocrx_word' id='word_1_227' title='bbox 3148 1723 3198 1774; x_wconf 75' lang='grc' dir='ltr'>οἱ</span> <span class='ocrx_word' id='word_1_228' title='bbox 3232 1722 3287 1775; x_wconf 85' lang='grc' dir='ltr'><strong>δὲ</strong></span> <span class='ocrx_word' id='word_1_229' title='bbox 3316 1722 3469 1775; x_wconf 76' lang='grc' dir='ltr'>κάτω</span> <span class='ocrx_word' id='word_1_230' title='bbox 3499 1724 3564 1793; x_wconf 81' lang='grc' dir='ltr'><strong>τῇ</strong></span> <span class='ocrx_word' id='word_1_231' title='bbox 3594 1724 3758 1774; x_wconf 80' lang='grc' dir='ltr'>ἐπου-</span> 
     </span>
    </p>
   </div>
   <div class='ocr_carea' id='block_1_34' title="bbox 473 1804 2065 1899">
    <p class='ocr_par' dir='ltr' id='par_1_34' title="bbox 473 1812 2065 1899">
     <span class='ocr_line' id='line_1_34' title="bbox 473 1812 2065 1899; baseline -0.003 -27"><span class='ocrx_word' id='word_1_232' title='bbox 473 1817 575 1872; x_wconf 82' lang='lat' dir='ltr'><strong>rnis</strong></span> <span class='ocrx_word' id='word_1_233' title='bbox 604 1832 622 1870; x_wconf 91' lang='lat'><strong><em>:</em></strong></span> <span class='ocrx_word' id='word_1_234' title='bbox 657 1814 937 1887; x_wconf 80' lang='lat' dir='ltr'><strong>Hosanna]</strong></span> <span class='ocrx_word' id='word_1_235' title='bbox 968 1815 1113 1871; x_wconf 86' lang='lat' dir='ltr'><strong>Filio</strong></span> <span class='ocrx_word' id='word_1_236' title='bbox 1143 1816 1338 1872; x_wconf 89' lang='lat' dir='ltr'><strong>David.</strong></span> <span class='ocrx_word' id='word_1_237' title='bbox 1380 1816 1557 1886; x_wconf 87' lang='lat' dir='ltr'><strong>Atque</strong></span> <span class='ocrx_word' id='word_1_238' title='bbox 1586 1815 1796 1899; x_wconf 84' lang='lat' dir='ltr'><strong>priores</strong></span> <span class='ocrx_word' id='word_1_239' title='bbox 1843 1812 2065 1884; x_wconf 82' lang='lat' dir='ltr'><strong>quidem</strong></span> 
     </span>
    </p>
   </div>
   <div class='ocr_carea' id='block_1_35' title="bbox 2166 1804 3752 1899">
    <p class='ocr_par' dir='ltr' id='par_1_35' title="bbox 2172 1810 3752 1889">
     <span class='ocr_line' id='line_1_35' title="bbox 2172 1810 3752 1889; baseline -0.003 -19"><span class='ocrx_word' id='word_1_240' title='bbox 2172 1817 2343 1889; x_wconf 82' lang='grc' dir='ltr'>ρανίῳ</span> <span class='ocrx_word' id='word_1_241' title='bbox 2422 1816 2730 1889; x_wconf 77' lang='grc' dir='ltr'>εὐφροσύνῃ</span> <span class='ocrx_word' id='word_1_242' title='bbox 2812 1811 3390 1886; x_wconf 77' lang='grc' dir='ltr'>συμπανηγυρίζοντες</span> <span class='ocrx_word' id='word_1_243' title='bbox 3462 1810 3694 1884; x_wconf 75' lang='grc' dir='ltr'>ἔκραζον</span> <span class='ocrx_word' id='word_1_244' title='bbox 3734 1829 3752 1845; x_wconf 89' lang='grc'><strong>·</strong></span> 
     </span>
    </p>
   </div>
   <div class='ocr_carea' id='block_1_36' title="bbox 474 1901 2063 1975">
    <p class='ocr_par' dir='ltr' id='par_1_36' title="bbox 474 1901 2063 1975">
     <span class='ocr_line' id='line_1_36' title="bbox 474 1901 2063 1975; baseline -0.004 -13"><span class='ocrx_word' id='word_1_245' title='bbox 474 1908 532 1962; x_wconf 89' lang='lat' dir='ltr'><strong>in</strong></span> <span class='ocrx_word' id='word_1_246' title='bbox 562 1908 680 1962; x_wconf 75' lang='lat' dir='ltr'><strong>hmo</strong></span> <span class='ocrx_word' id='word_1_247' title='bbox 713 1908 881 1963; x_wconf 86' lang='lat' dir='ltr'><strong>verba</strong></span> <span class='ocrx_word' id='word_1_248' title='bbox 914 1908 1215 1963; x_wconf 85' lang='lat' dir='ltr'><strong>laudabant</strong></span> <span class='ocrx_word' id='word_1_249' title='bbox 1251 1926 1265 1962; x_wconf 89' lang='lat'><strong>:</strong></span> <span class='ocrx_word' id='word_1_250' title='bbox 1307 1906 1592 1961; x_wconf 87' lang='lat' dir='ltr'><strong>Benedicta</strong></span> <span class='ocrx_word' id='word_1_251' title='bbox 1636 1903 1811 1975; x_wconf 78' lang='lat' dir='ltr'><strong>gloria</strong></span> <span class='ocrx_word' id='word_1_252' title='bbox 1852 1901 2063 1957; x_wconf 86' lang='lat' dir='ltr'><strong>Domini</strong></span> 
     </span>
    </p>
   </div>
   <div class='ocr_carea' id='block_1_37' title="bbox 470 1992 2064 2071">
    <p class='ocr_par' dir='ltr' id='par_1_37' title="bbox 470 1992 2064 2071">
     <span class='ocr_line' id='line_1_37' title="bbox 470 1992 2064 2071; baseline -0.004 -17"><span class='ocrx_word' id='word_1_253' title='bbox 470 1999 539 2054; x_wconf 83' lang='lat' dir='ltr'><strong>de</strong></span> <span class='ocrx_word' id='word_1_254' title='bbox 576 2000 690 2055; x_wconf 86' lang='lat' dir='ltr'><strong>loco</strong></span> <span class='ocrx_word' id='word_1_255' title='bbox 720 2016 819 2055; x_wconf 89' lang='lat' dir='ltr'><strong>suo</strong></span> <span class='ocrx_word' id='word_1_256' title='bbox 850 1999 919 2053; x_wconf 81' lang='lat'><strong>&#39;°.</strong></span> <span class='ocrx_word' id='word_1_257' title='bbox 948 2000 1043 2056; x_wconf 87' lang='lat' dir='ltr'><strong>Isti</strong></span> <span class='ocrx_word' id='word_1_258' title='bbox 1076 2004 1259 2055; x_wconf 84' lang='lat' dir='ltr'><strong>autem</strong></span> <span class='ocrx_word' id='word_1_259' title='bbox 1294 1997 1314 2071; x_wconf 92' lang='lat'><strong>[</strong></span> <span class='ocrx_word' id='word_1_260' title='bbox 1340 1997 1506 2054; x_wconf 89' lang='lat' dir='ltr'><strong>Deum</strong></span> <span class='ocrx_word' id='word_1_261' title='bbox 1537 1997 1903 2056; x_wconf 87' lang='lat' dir='ltr'><strong>celebrantes.</strong></span> <span class='ocrx_word' id='word_1_262' title='bbox 1926 1992 1947 2066; x_wconf 74' lang='lat' dir='ltr'>j</span> <span class='ocrx_word' id='word_1_263' title='bbox 1974 1992 2064 2048; x_wconf 85' lang='lat' dir='ltr'><strong>di-</strong></span> 
     </span>
    </p>
   </div>
   <div class='ocr_carea' id='block_1_38' title="bbox 473 2086 2059 2161">
    <p class='ocr_par' dir='ltr' id='par_1_38' title="bbox 473 2086 2059 2161">
     <span class='ocr_line' id='line_1_38' title="bbox 473 2086 2059 2161; baseline -0.004 -14"><span class='ocrx_word' id='word_1_264' title='bbox 473 2091 675 2147; x_wconf 83' lang='lat' dir='ltr'><strong>cebant</strong></span> <span class='ocrx_word' id='word_1_265' title='bbox 704 2109 718 2146; x_wconf 89' lang='lat'>:</span> <span class='ocrx_word' id='word_1_266' title='bbox 751 2089 1068 2145; x_wconf 77' lang='lat' dir='ltr'><strong>Benedictus</strong></span> <span class='ocrx_word' id='word_1_267' title='bbox 1112 2090 1203 2161; x_wconf 85' lang='lat' dir='ltr'><strong>qui</strong></span> <span class='ocrx_word' id='word_1_268' title='bbox 1232 2090 1371 2146; x_wconf 82' lang='lat' dir='ltr'><strong>venit</strong></span> <span class='ocrx_word' id='word_1_269' title='bbox 1416 2090 1473 2144; x_wconf 89' lang='lat' dir='ltr'><strong>in</strong></span> <span class='ocrx_word' id='word_1_270' title='bbox 1502 2088 1713 2144; x_wconf 77' lang='lat' dir='ltr'><strong>nomine</strong></span> <span class='ocrx_word' id='word_1_271' title='bbox 1745 2086 1959 2143; x_wconf 86' lang='lat' dir='ltr'><strong>Domini</strong></span> <span class='ocrx_word' id='word_1_272' title='bbox 1993 2086 2059 2141; x_wconf 81' lang='lat'><strong>“.</strong></span> 
     </span>
    </p>
   </div>
   <div class='ocr_carea' id='block_1_39' title="bbox 549 2360 2065 2436">
    <p class='ocr_par' dir='ltr' id='par_1_39' title="bbox 549 2360 2065 2436">
     <span class='ocr_line' id='line_1_39' title="bbox 549 2360 2065 2436; baseline 0 -17"><span class='ocrx_word' id='word_1_273' title='bbox 549 2365 637 2422; x_wconf 92' lang='lat' dir='ltr'><strong>lll.</strong></span> <span class='ocrx_word' id='word_1_274' title='bbox 678 2366 813 2421; x_wconf 88' lang='lat' dir='ltr'><strong>Cum</strong></span> <span class='ocrx_word' id='word_1_275' title='bbox 845 2374 1026 2421; x_wconf 84' lang='lat' dir='ltr'><strong>autem</strong></span> <span class='ocrx_word' id='word_1_276' title='bbox 1089 2364 1208 2421; x_wconf 64' lang='lat' dir='ltr'><strong>haec</strong></span> <span class='ocrx_word' id='word_1_277' title='bbox 1242 2369 1673 2436; x_wconf 73' lang='lat' dir='ltr'><strong>peragerentur,</strong></span> <span class='ocrx_word' id='word_1_278' title='bbox 1715 2360 2065 2434; x_wconf 81' lang='lat' dir='ltr'><strong>discipulique</strong></span> 
     </span>
    </p>
   </div>
   <div class='ocr_carea' id='block_1_40' title="bbox 473 2451 2065 2528">
    <p class='ocr_par' dir='ltr' id='par_1_40' title="bbox 473 2451 2065 2528">
     <span class='ocr_line' id='line_1_40' title="bbox 473 2451 2065 2528; baseline -0.003 -17"><span class='ocrx_word' id='word_1_279' title='bbox 473 2456 764 2528; x_wconf 67' lang='lat' dir='ltr'><strong>gaudentes</strong></span> <span class='ocrx_word' id='word_1_280' title='bbox 787 2454 1069 2509; x_wconf 84' lang='lat' dir='ltr'><strong>laudarent</strong></span> <span class='ocrx_word' id='word_1_281' title='bbox 1091 2469 1245 2522; x_wconf 76' lang='lat' dir='ltr'><strong>super</strong></span> <span class='ocrx_word' id='word_1_282' title='bbox 1269 2454 1509 2508; x_wconf 87' lang='lat' dir='ltr'><strong>omnibus</strong></span> <span class='ocrx_word' id='word_1_283' title='bbox 1533 2470 1664 2525; x_wconf 87' lang='lat' dir='ltr'><strong>quas</strong></span> <span class='ocrx_word' id='word_1_284' title='bbox 1696 2451 1935 2506; x_wconf 87' lang='lat' dir='ltr'><strong>viderant</strong></span> <span class='ocrx_word' id='word_1_285' title='bbox 1962 2453 2065 2506; x_wconf 86' lang='lat' dir='ltr'><strong>vir-</strong></span> 
     </span>
    </p>
   </div>
   <div class='ocr_carea' id='block_1_41' title="bbox 478 2543 2063 2614">
    <p class='ocr_par' dir='ltr' id='par_1_41' title="bbox 478 2543 2063 2614">
     <span class='ocr_line' id='line_1_41' title="bbox 478 2543 2063 2614; baseline -0.004 -11"><span class='ocrx_word' id='word_1_286' title='bbox 478 2549 714 2613; x_wconf 78' lang='lat' dir='ltr'><strong>tutibus,</strong></span> <span class='ocrx_word' id='word_1_287' title='bbox 771 2564 834 2603; x_wconf 87' lang='lat' dir='ltr'><strong>ac</strong></span> <span class='ocrx_word' id='word_1_288' title='bbox 878 2547 1164 2602; x_wconf 82' lang='lat' dir='ltr'><strong>dicerent:</strong></span> <span class='ocrx_word' id='word_1_289' title='bbox 1216 2544 1527 2600; x_wconf 81' lang='lat' dir='ltr'><strong>Benedictus</strong></span> <span class='ocrx_word' id='word_1_290' title='bbox 1577 2544 1667 2614; x_wconf 86' lang='lat' dir='ltr'><strong>qui</strong></span> <span class='ocrx_word' id='word_1_291' title='bbox 1704 2543 1839 2597; x_wconf 81' lang='lat' dir='ltr'><strong>venit</strong></span> <span class='ocrx_word' id='word_1_292' title='bbox 1868 2558 1960 2596; x_wconf 80' lang='lat' dir='ltr'><strong>rea:</strong></span> <span class='ocrx_word' id='word_1_293' title='bbox 2007 2543 2063 2597; x_wconf 88' lang='lat' dir='ltr'><strong>in</strong></span> 
     </span>
    </p>
   </div>
   <div class='ocr_carea' id='block_1_42' title="bbox 474 2635 2059 2708">
    <p class='ocr_par' dir='ltr' id='par_1_42' title="bbox 474 2635 2059 2708">
     <span class='ocr_line' id='line_1_42' title="bbox 474 2635 2059 2708; baseline -0.005 -12"><span class='ocrx_word' id='word_1_294' title='bbox 474 2642 685 2696; x_wconf 84' lang='lat' dir='ltr'><strong>nomine</strong></span> <span class='ocrx_word' id='word_1_295' title='bbox 711 2640 924 2694; x_wconf 82' lang='lat' dir='ltr'><strong>Domini</strong></span> <span class='ocrx_word' id='word_1_296' title='bbox 953 2654 971 2693; x_wconf 91' lang='lat'><strong><em>:</em></strong></span> <span class='ocrx_word' id='word_1_297' title='bbox 990 2653 1103 2708; x_wconf 73' lang='lat' dir='ltr'><strong>pax</strong></span> <span class='ocrx_word' id='word_1_298' title='bbox 1140 2638 1194 2692; x_wconf 92' lang='lat' dir='ltr'><strong>in</strong></span> <span class='ocrx_word' id='word_1_299' title='bbox 1229 2638 1378 2701; x_wconf 75' lang='lat' dir='ltr'><strong>cazlo,</strong></span> <span class='ocrx_word' id='word_1_300' title='bbox 1405 2648 1448 2691; x_wconf 77' lang='lat' dir='ltr'><strong>et</strong></span> <span class='ocrx_word' id='word_1_301' title='bbox 1477 2635 1646 2707; x_wconf 79' lang='lat' dir='ltr'><strong>gloria</strong></span> <span class='ocrx_word' id='word_1_302' title='bbox 1675 2637 1728 2689; x_wconf 88' lang='lat' dir='ltr'><strong>in</strong></span> <span class='ocrx_word' id='word_1_303' title='bbox 1749 2635 1968 2690; x_wconf 71' lang='lat' dir='ltr'><strong>excelsis</strong></span> <span class='ocrx_word' id='word_1_304' title='bbox 1991 2637 2059 2699; x_wconf 79' lang='grc'><strong>⁵³,</strong></span> 
     </span>
    </p>
   </div>
   <div class='ocr_carea' id='block_1_43' title="bbox 477 2724 2065 2801">
    <p class='ocr_par' dir='ltr' id='par_1_43' title="bbox 477 2724 2065 2801">
     <span class='ocr_line' id='line_1_43' title="bbox 477 2724 2065 2801; baseline -0.003 -16"><span class='ocrx_word' id='word_1_305' title='bbox 477 2730 645 2801; x_wconf 77' lang='grc' dir='ltr'>οωρίι</span> <span class='ocrx_word' id='word_1_306' title='bbox 692 2729 887 2785; x_wconf 78' lang='lat' dir='ltr'><strong>civitas</strong></span> <span class='ocrx_word' id='word_1_307' title='bbox 935 2728 1293 2798; x_wconf 89' lang='lat' dir='ltr'><strong>interrogare,</strong></span> <span class='ocrx_word' id='word_1_308' title='bbox 1345 2725 1569 2781; x_wconf 85' lang='lat' dir='ltr'><strong>dicens:</strong></span> <span class='ocrx_word' id='word_1_309' title='bbox 1603 2724 1731 2791; x_wconf 84' lang='lat' dir='ltr'><strong>Quis</strong></span> <span class='ocrx_word' id='word_1_310' title='bbox 1763 2735 1839 2779; x_wconf 88' lang='lat' dir='ltr'><strong>est</strong></span> <span class='ocrx_word' id='word_1_311' title='bbox 1871 2725 1951 2778; x_wconf 82' lang='lat' dir='ltr'><strong>hic</strong></span> <span class='ocrx_word' id='word_1_312' title='bbox 1972 2725 2065 2781; x_wconf 70' lang='lat' dir='ltr'><strong>&quot;i</strong></span> 
     </span>
    </p>
   </div>
   <div class='ocr_carea' id='block_1_44' title="bbox 478 2814 2062 2888">
    <p class='ocr_par' dir='ltr' id='par_1_44' title="bbox 478 2814 2062 2888">
     <span class='ocr_line' id='line_1_44' title="bbox 478 2814 2062 2888; baseline -0.004 -11"><span class='ocrx_word' id='word_1_313' title='bbox 478 2822 796 2877; x_wconf 89' lang='lat' dir='ltr'><strong>induratum</strong></span> <span class='ocrx_word' id='word_1_314' title='bbox 830 2826 1179 2888; x_wconf 81' lang='lat' dir='ltr'><strong>veteremque</strong></span> <span class='ocrx_word' id='word_1_315' title='bbox 1229 2816 1518 2873; x_wconf 82' lang='lat' dir='ltr'><strong>adversum</strong></span> <span class='ocrx_word' id='word_1_316' title='bbox 1570 2814 1785 2870; x_wconf 87' lang='lat' dir='ltr'><strong>Domini</strong></span> <span class='ocrx_word' id='word_1_317' title='bbox 1831 2816 2062 2886; x_wconf 78' lang='lat' dir='ltr'><strong>gloriam</strong></span> 
     </span>
    </p>
   </div>
   <div class='ocr_carea' id='block_1_45' title="bbox 476 2905 2059 2970">
    <p class='ocr_par' dir='ltr' id='par_1_45' title="bbox 476 2905 2059 2970">
     <span class='ocr_line' id='line_1_45' title="bbox 476 2905 2059 2970; baseline -0.005 -5"><span class='ocrx_word' id='word_1_318' title='bbox 476 2911 712 2965; x_wconf 76' lang='lat' dir='ltr'><strong>livorem</strong></span> <span class='ocrx_word' id='word_1_319' title='bbox 756 2909 1023 2964; x_wconf 81' lang='lat' dir='ltr'><strong>excitans.</strong></span> <span class='ocrx_word' id='word_1_320' title='bbox 1070 2905 1152 2961; x_wconf 84' lang='lat' dir='ltr'><strong>&#39;l‘u</strong></span> <span class='ocrx_word' id='word_1_321' title='bbox 1198 2916 1379 2961; x_wconf 90' lang='lat' dir='ltr'><strong>autem</strong></span> <span class='ocrx_word' id='word_1_322' title='bbox 1411 2921 1536 2960; x_wconf 89' lang='lat' dir='ltr'><strong>cum</strong></span> <span class='ocrx_word' id='word_1_323' title='bbox 1576 2905 1735 2960; x_wconf 88' lang='lat' dir='ltr'><strong>audis</strong></span> <span class='ocrx_word' id='word_1_324' title='bbox 1760 2905 2059 2970; x_wconf 74' lang='lat' dir='ltr'><strong>civitatem,</strong></span> 
     </span>
    </p>
   </div>
   <div class='ocr_carea' id='block_1_46' title="bbox 474 2996 2061 3071">
    <p class='ocr_par' dir='ltr' id='par_1_46' title="bbox 474 2996 2061 3071">
     <span class='ocr_line' id='line_1_46' title="bbox 474 2996 2061 3071; baseline -0.004 -14"><span class='ocrx_word' id='word_1_325' title='bbox 474 3009 717 3057; x_wconf 88' lang='lat' dir='ltr'><strong>veterem</strong></span> <span class='ocrx_word' id='word_1_326' title='bbox 791 2998 1093 3071; x_wconf 69' lang='lat' dir='ltr'><strong>Synagogae</strong></span> <span class='ocrx_word' id='word_1_327' title='bbox 1160 2996 1579 3067; x_wconf 88' lang='lat' dir='ltr'><strong>incompositam</strong></span> <span class='ocrx_word' id='word_1_328' title='bbox 1653 2996 2061 3052; x_wconf 89' lang='lat' dir='ltr'><strong>multitudinem</strong></span> 
     </span>
    </p>
   </div>
   <div class='ocr_carea' id='block_1_47' title="bbox 481 3087 2063 3163">
    <p class='ocr_par' dir='ltr' id='par_1_47' title="bbox 481 3087 2063 3163">
     <span class='ocr_line' id='line_1_47' title="bbox 481 3087 2063 3163; baseline -0.003 -18"><span class='ocrx_word' id='word_1_329' title='bbox 481 3105 739 3163; x_wconf 76' lang='lat' dir='ltr'><strong>agnosce.</strong></span> <span class='ocrx_word' id='word_1_330' title='bbox 771 3087 1114 3160; x_wconf 86' lang='lat' dir='ltr'><strong>lnterrogant</strong></span> <span class='ocrx_word' id='word_1_331' title='bbox 1145 3087 1345 3159; x_wconf 89' lang='lat' dir='ltr'><strong>ingrati</strong></span> <span class='ocrx_word' id='word_1_332' title='bbox 1394 3087 1756 3158; x_wconf 82' lang='lat' dir='ltr'><strong>malignique,</strong></span> <span class='ocrx_word' id='word_1_333' title='bbox 1811 3088 1946 3154; x_wconf 86' lang='lat' dir='ltr'><strong>Quis</strong></span> <span class='ocrx_word' id='word_1_334' title='bbox 1983 3094 2063 3142; x_wconf 88' lang='lat' dir='ltr'><strong>est</strong></span> 
     </span>
    </p>
   </div>
   <div class='ocr_carea' id='block_1_48' title="bbox 480 3160 2136 3258">
    <p class='ocr_par' dir='ltr' id='par_1_48' title="bbox 480 3160 2136 3258">
     <span class='ocr_line' id='line_1_48' title="bbox 480 3160 2136 3258; baseline -0.003 -15"><span class='ocrx_word' id='word_1_335' title='bbox 480 3160 603 3245; x_wconf 74' lang='lat' dir='ltr'><strong>hic?</strong></span> <span class='ocrx_word' id='word_1_336' title='bbox 651 3186 811 3258; x_wconf 91' lang='lat' dir='ltr'><strong>quasi</strong></span> <span class='ocrx_word' id='word_1_337' title='bbox 857 3184 1093 3241; x_wconf 89' lang='lat' dir='ltr'><strong>necdum</strong></span> <span class='ocrx_word' id='word_1_338' title='bbox 1139 3182 1464 3239; x_wconf 62' lang='lat' dir='ltr'><strong>beneﬁt-ium</strong></span> <span class='ocrx_word' id='word_1_339' title='bbox 1513 3181 1798 3245; x_wconf 87' lang='lat' dir='ltr'><strong>vidissent,</strong></span> <span class='ocrx_word' id='word_1_340' title='bbox 1833 3160 2136 3253; x_wconf 83' lang='lat' dir='ltr'><strong>eumqueC</strong></span> 
     </span>
    </p>
   </div>
   <div class='ocr_carea' id='block_1_49' title="bbox 479 3272 2068 3351">
    <p class='ocr_par' dir='ltr' id='par_1_49' title="bbox 479 3272 2068 3351">
     <span class='ocr_line' id='line_1_49' title="bbox 479 3272 2068 3351; baseline -0.002 -19"><span class='ocrx_word' id='word_1_341' title='bbox 479 3294 642 3351; x_wconf 72' lang='lat' dir='ltr'><strong>quem</strong></span> <span class='ocrx_word' id='word_1_342' title='bbox 671 3277 894 3333; x_wconf 91' lang='lat' dir='ltr'><strong>homine</strong></span> <span class='ocrx_word' id='word_1_343' title='bbox 920 3277 1164 3347; x_wconf 88' lang='lat' dir='ltr'><strong>majora,</strong></span> <span class='ocrx_word' id='word_1_344' title='bbox 1204 3273 1389 3329; x_wconf 86' lang='lat' dir='ltr'><strong>divina</strong></span> <span class='ocrx_word' id='word_1_345' title='bbox 1430 3272 1717 3337; x_wconf 89' lang='lat' dir='ltr'><strong>miracula,</strong></span> <span class='ocrx_word' id='word_1_346' title='bbox 1750 3273 2068 3329; x_wconf 73' lang='lat' dir='ltr'><strong>celebratis-</strong></span> 
     </span>
    </p>
   </div>
   <div class='ocr_carea' id='block_1_50' title="bbox 481 3363 2069 3433">
    <p class='ocr_par' dir='ltr' id='par_1_50' title="bbox 481 3363 2069 3433">
     <span class='ocr_line' id='line_1_50' title="bbox 481 3363 2069 3433; baseline -0.004 -8"><span class='ocrx_word' id='word_1_347' title='bbox 481 3370 680 3425; x_wconf 77' lang='lat' dir='ltr'><strong>simum</strong></span> <span class='ocrx_word' id='word_1_348' title='bbox 735 3367 1017 3423; x_wconf 74' lang='lat' dir='ltr'><strong>iecissent.</strong></span> <span class='ocrx_word' id='word_1_349' title='bbox 1074 3363 1198 3419; x_wconf 85' lang='lat' dir='ltr'><strong>Non</strong></span> <span class='ocrx_word' id='word_1_350' title='bbox 1266 3365 1406 3419; x_wconf 89' lang='lat' dir='ltr'><strong>enim</strong></span> <span class='ocrx_word' id='word_1_351' title='bbox 1466 3368 1692 3419; x_wconf 64' lang='lat' dir='ltr'><strong>tenebrae</strong></span> <span class='ocrx_word' id='word_1_352' title='bbox 1731 3363 2069 3433; x_wconf 84' lang='lat' dir='ltr'><strong>comprehen-</strong></span> 
     </span>
    </p>
   </div>
   <div class='ocr_carea' id='block_1_51' title="bbox 480 3455 2067 3527">
    <p class='ocr_par' dir='ltr' id='par_1_51' title="bbox 480 3455 2067 3527">
     <span class='ocr_line' id='line_1_51' title="bbox 480 3455 2067 3527; baseline -0.001 -15"><span class='ocrx_word' id='word_1_353' title='bbox 480 3458 670 3513; x_wconf 83' lang='lat' dir='ltr'><strong>derunt</strong></span> <span class='ocrx_word' id='word_1_354' title='bbox 715 3458 851 3527; x_wconf 86' lang='lat' dir='ltr'><strong>quod</strong></span> <span class='ocrx_word' id='word_1_355' title='bbox 899 3457 1034 3511; x_wconf 79' lang='lat' dir='ltr'><strong>luxit</strong></span> <span class='ocrx_word' id='word_1_356' title='bbox 1080 3457 1133 3510; x_wconf 85' lang='lat' dir='ltr'><strong>in</strong></span> <span class='ocrx_word' id='word_1_357' title='bbox 1180 3456 1308 3525; x_wconf 82' lang='lat' dir='ltr'><strong>ipsis</strong></span> <span class='ocrx_word' id='word_1_358' title='bbox 1350 3455 1523 3509; x_wconf 86' lang='lat' dir='ltr'><strong>lumen</strong></span> <span class='ocrx_word' id='word_1_359' title='bbox 1569 3456 1648 3520; x_wconf 74' lang='lat'><strong>&quot;,</strong></span> <span class='ocrx_word' id='word_1_360' title='bbox 1684 3470 1918 3510; x_wconf 88' lang='lat' dir='ltr'><strong>occasus</strong></span> <span class='ocrx_word' id='word_1_361' title='bbox 1967 3470 2067 3510; x_wconf 88' lang='lat' dir='ltr'><strong>ne-</strong></span> 
     </span>
    </p>
   </div>
   <div class='ocr_carea' id='block_1_52' title="bbox 482 3543 2068 3619">
    <p class='ocr_par' dir='ltr' id='par_1_52' title="bbox 482 3543 2068 3619">
     <span class='ocr_line' id='line_1_52' title="bbox 482 3543 2068 3619; baseline -0.003 -13"><span class='ocrx_word' id='word_1_362' title='bbox 482 3550 679 3606; x_wconf 85' lang='lat' dir='ltr'><strong>scium.</strong></span> <span class='ocrx_word' id='word_1_363' title='bbox 716 3549 1083 3616; x_wconf 86' lang='lat' dir='ltr'><strong>Quamobrem</strong></span> <span class='ocrx_word' id='word_1_364' title='bbox 1111 3547 1357 3619; x_wconf 89' lang='lat' dir='ltr'><strong>apposite</strong></span> <span class='ocrx_word' id='word_1_365' title='bbox 1373 3547 1445 3601; x_wconf 78' lang='lat' dir='ltr'><strong>ad</strong></span> <span class='ocrx_word' id='word_1_366' title='bbox 1479 3547 1602 3602; x_wconf 91' lang='lat' dir='ltr'><strong>illos</strong></span> <span class='ocrx_word' id='word_1_367' title='bbox 1629 3546 1880 3600; x_wconf 87' lang='lat' dir='ltr'><strong>clamavit</strong></span> <span class='ocrx_word' id='word_1_368' title='bbox 1898 3543 2068 3602; x_wconf 87' lang='lat' dir='ltr'><strong>Isaias</strong></span> 
     </span>
    </p>
   </div>
   <div class='ocr_carea' id='block_1_53' title="bbox 481 3624 2070 3713">
    <p class='ocr_par' dir='ltr' id='par_1_53' title="bbox 481 3624 2070 3713">
     <span class='ocr_line' id='line_1_53' title="bbox 481 3624 2070 3713; baseline -0.005 -17"><span class='ocrx_word' id='word_1_369' title='bbox 481 3642 745 3713; x_wconf 88' lang='lat' dir='ltr'><strong>propheta</strong></span> <span class='ocrx_word' id='word_1_370' title='bbox 792 3638 984 3693; x_wconf 89' lang='lat' dir='ltr'><strong>dicens</strong></span> <span class='ocrx_word' id='word_1_371' title='bbox 1027 3658 1040 3691; x_wconf 89' lang='lat'>:</span> <span class='ocrx_word' id='word_1_372' title='bbox 1078 3624 1266 3699; x_wconf 83' lang='lat' dir='ltr'><strong>Sardi,</strong></span> <span class='ocrx_word' id='word_1_373' title='bbox 1300 3634 1499 3699; x_wconf 86' lang='lat' dir='ltr'><strong>audite,</strong></span> <span class='ocrx_word' id='word_1_374' title='bbox 1550 3646 1598 3688; x_wconf 88' lang='lat' dir='ltr'><strong>et</strong></span> <span class='ocrx_word' id='word_1_375' title='bbox 1624 3641 1780 3697; x_wconf 70' lang='lat' dir='ltr'><strong>cazci,</strong></span> <span class='ocrx_word' id='word_1_376' title='bbox 1823 3634 2070 3704; x_wconf 85' lang='lat' dir='ltr'><strong>suspicite</strong></span> 
     </span>
    </p>
   </div>
   <div class='ocr_carea' id='block_1_54' title="bbox 480 3722 2069 3795">
    <p class='ocr_par' dir='ltr' id='par_1_54' title="bbox 480 3722 2069 3795">
     <span class='ocr_line' id='line_1_54' title="bbox 480 3722 2069 3795; baseline -0.004 -12"><span class='ocrx_word' id='word_1_377' title='bbox 480 3740 539 3784; x_wconf 89' lang='lat' dir='ltr'><strong>ut</strong></span> <span class='ocrx_word' id='word_1_378' title='bbox 567 3727 809 3783; x_wconf 81' lang='lat' dir='ltr'><strong>videatis.</strong></span> <span class='ocrx_word' id='word_1_379' title='bbox 844 3724 913 3779; x_wconf 84' lang='lat' dir='ltr'><strong>Et</strong></span> <span class='ocrx_word' id='word_1_380' title='bbox 963 3726 1081 3795; x_wconf 84' lang='lat' dir='ltr'><strong>quis</strong></span> <span class='ocrx_word' id='word_1_381' title='bbox 1120 3734 1198 3778; x_wconf 90' lang='lat' dir='ltr'><strong>est</strong></span> <span class='ocrx_word' id='word_1_382' title='bbox 1250 3740 1418 3778; x_wconf 68' lang='lat' dir='ltr'><strong>careas</strong></span> <span class='ocrx_word' id='word_1_383' title='bbox 1454 3722 1600 3795; x_wconf 80' lang='lat' dir='ltr'><strong>[nisi</strong></span> <span class='ocrx_word' id='word_1_384' title='bbox 1653 3724 1802 3792; x_wconf 85' lang='lat' dir='ltr'><strong>pueri</strong></span> <span class='ocrx_word' id='word_1_385' title='bbox 1835 3724 1936 3777; x_wconf 86' lang='lat' dir='ltr'><strong>mei</strong></span> <span class='ocrx_word' id='word_1_386' title='bbox 1966 3740 1984 3778; x_wconf 90' lang='lat'><strong><em>:</em></strong></span> <span class='ocrx_word' id='word_1_387' title='bbox 2018 3731 2069 3777; x_wconf 86' lang='lat' dir='ltr'><strong>et</strong></span> 
     </span>
    </p>
   </div>
   <div class='ocr_carea' id='block_1_55' title="bbox 481 3812 2069 3891">
    <p class='ocr_par' dir='ltr' id='par_1_55' title="bbox 481 3812 2069 3891">
     <span class='ocr_line' id='line_1_55' title="bbox 481 3812 2069 3891; baseline -0.006 -16"><span class='ocrx_word' id='word_1_388' title='bbox 481 3818 680 3891; x_wconf 79' lang='lat' dir='ltr'><strong>surdi],</strong></span> <span class='ocrx_word' id='word_1_389' title='bbox 714 3818 817 3871; x_wconf 83' lang='lat' dir='ltr'><strong>nisi</strong></span> <span class='ocrx_word' id='word_1_390' title='bbox 845 3817 934 3886; x_wconf 85' lang='lat' dir='ltr'><strong>qui</strong></span> <span class='ocrx_word' id='word_1_391' title='bbox 962 3815 1305 3869; x_wconf 86' lang='lat' dir='ltr'><strong>dominantur</strong></span> <span class='ocrx_word' id='word_1_392' title='bbox 1331 3816 1549 3869; x_wconf 84' lang='lat' dir='ltr'><strong>eorum?</strong></span> <span class='ocrx_word' id='word_1_393' title='bbox 1582 3812 1649 3867; x_wconf 81' lang='lat' dir='ltr'><strong>Et</strong></span> <span class='ocrx_word' id='word_1_394' title='bbox 1682 3813 1817 3867; x_wconf 89' lang='lat' dir='ltr'><strong>servi</strong></span> <span class='ocrx_word' id='word_1_395' title='bbox 1852 3812 1945 3866; x_wconf 89' lang='lat' dir='ltr'><strong>Dei</strong></span> <span class='ocrx_word' id='word_1_396' title='bbox 1974 3813 2069 3867; x_wconf 82' lang='lat' dir='ltr'><strong>ob-</strong></span> 
     </span>
    </p>
   </div>
   <div class='ocr_carea' id='block_1_56' title="bbox 484 3902 2072 3974">
    <p class='ocr_par' dir='ltr' id='par_1_56' title="bbox 484 3902 2072 3974">
     <span class='ocr_line' id='line_1_56' title="bbox 484 3902 2072 3974; baseline -0.004 -11"><span class='ocrx_word' id='word_1_397' title='bbox 484 3910 668 3963; x_wconf 71' lang='lat' dir='ltr'><strong>cazcati</strong></span> <span class='ocrx_word' id='word_1_398' title='bbox 700 3914 844 3961; x_wconf 86' lang='lat' dir='ltr'><strong>sunt.</strong></span> <span class='ocrx_word' id='word_1_399' title='bbox 886 3904 1106 3959; x_wconf 82' lang='lat' dir='ltr'><strong>Vidistis</strong></span> <span class='ocrx_word' id='word_1_400' title='bbox 1138 3920 1294 3974; x_wconf 81' lang='lat' dir='ltr'><strong>swpe,</strong></span> <span class='ocrx_word' id='word_1_401' title='bbox 1327 3913 1376 3957; x_wconf 89' lang='lat' dir='ltr'><strong>et</strong></span> <span class='ocrx_word' id='word_1_402' title='bbox 1402 3920 1506 3957; x_wconf 91' lang='lat' dir='ltr'><strong>non</strong></span> <span class='ocrx_word' id='word_1_403' title='bbox 1537 3902 1845 3956; x_wconf 85' lang='lat' dir='ltr'><strong>custodistis</strong></span> <span class='ocrx_word' id='word_1_404' title='bbox 1873 3917 1891 3956; x_wconf 91' lang='lat'><strong><em>:</em></strong></span> <span class='ocrx_word' id='word_1_405' title='bbox 1918 3918 2072 3972; x_wconf 82' lang='lat' dir='ltr'><strong>aper-</strong></span> 
     </span>
    </p>
   </div>
   <div class='ocr_carea' id='block_1_57' title="bbox 485 3992 2067 4064">
    <p class='ocr_par' dir='ltr' id='par_1_57' title="bbox 485 3992 2067 4064">
     <span class='ocr_line' id='line_1_57' title="bbox 485 3992 2067 4064; baseline -0.006 -7"><span class='ocrx_word' id='word_1_406' title='bbox 485 4010 555 4057; x_wconf 75' lang='lat' dir='ltr'><strong>ta:</strong></span> <span class='ocrx_word' id='word_1_407' title='bbox 592 4008 716 4056; x_wconf 80' lang='lat' dir='ltr'><strong>sunt</strong></span> <span class='ocrx_word' id='word_1_408' title='bbox 755 4013 937 4062; x_wconf 89' lang='lat' dir='ltr'><strong>aures,</strong></span> <span class='ocrx_word' id='word_1_409' title='bbox 994 4003 1045 4051; x_wconf 90' lang='lat' dir='ltr'><strong>et</strong></span> <span class='ocrx_word' id='word_1_410' title='bbox 1073 4002 1192 4064; x_wconf 46' lang='lat' dir='ltr'><strong>utan</strong></span> <span class='ocrx_word' id='word_1_411' title='bbox 1226 3994 1453 4049; x_wconf 84' lang='lat' dir='ltr'><strong>audistis</strong></span> <span class='ocrx_word' id='word_1_412' title='bbox 1482 3995 1549 4045; x_wconf 84' lang='grc'><strong><em>⁸⁸⁵.</em></strong></span> <span class='ocrx_word' id='word_1_413' title='bbox 1587 3992 1817 4057; x_wconf 81' lang='lat' dir='ltr'><strong>Videtis,</strong></span> <span class='ocrx_word' id='word_1_414' title='bbox 1861 3992 2067 4059; x_wconf 87' lang='lat' dir='ltr'><strong>dilecti,</strong></span> 
     </span>
    </p>
   </div>
   <div class='ocr_carea' id='block_1_58' title="bbox 485 4086 2070 4164">
    <p class='ocr_par' dir='ltr' id='par_1_58' title="bbox 485 4086 2070 4164">
     <span class='ocr_line' id='line_1_58' title="bbox 485 4086 2070 4164; baseline -0.003 -17"><span class='ocrx_word' id='word_1_415' title='bbox 485 4107 648 4164; x_wconf 88' lang='lat' dir='ltr'><strong>quam</strong></span> <span class='ocrx_word' id='word_1_416' title='bbox 675 4092 746 4146; x_wconf 90' lang='lat' dir='ltr'><strong>sit</strong></span> <span class='ocrx_word' id='word_1_417' title='bbox 771 4098 1067 4146; x_wconf 89' lang='lat' dir='ltr'><strong>accuratus</strong></span> <span class='ocrx_word' id='word_1_418' title='bbox 1095 4103 1311 4159; x_wconf 86' lang='lat' dir='ltr'><strong>sermo;</strong></span> <span class='ocrx_word' id='word_1_419' title='bbox 1338 4097 1397 4144; x_wconf 91' lang='lat' dir='ltr'><strong>ut</strong></span> <span class='ocrx_word' id='word_1_420' title='bbox 1418 4089 1636 4144; x_wconf 79' lang='lat' dir='ltr'><strong>divinus</strong></span> <span class='ocrx_word' id='word_1_421' title='bbox 1662 4086 1919 4159; x_wconf 88' lang='lat' dir='ltr'><strong>Spiritus,</strong></span> <span class='ocrx_word' id='word_1_422' title='bbox 1948 4102 2070 4159; x_wconf 70' lang='lat' dir='ltr'><strong>quae</strong></span> 
     </span>
    </p>
   </div>
   <div class='ocr_carea' id='block_1_59' title="bbox 485 4182 2072 4254">
    <p class='ocr_par' dir='ltr' id='par_1_59' title="bbox 485 4182 2072 4254">
     <span class='ocr_line' id='line_1_59' title="bbox 485 4182 2072 4254; baseline -0.003 -12"><span class='ocrx_word' id='word_1_423' title='bbox 485 4192 685 4242; x_wconf 85' lang='lat' dir='ltr'><strong>suaest</strong></span> <span class='ocrx_word' id='word_1_424' title='bbox 702 4184 1013 4240; x_wconf 79' lang='lat' dir='ltr'><strong>futurorum</strong></span> <span class='ocrx_word' id='word_1_425' title='bbox 1041 4184 1332 4253; x_wconf 86' lang='lat' dir='ltr'><strong>inspectio,</strong></span> <span class='ocrx_word' id='word_1_426' title='bbox 1366 4199 1465 4254; x_wconf 89' lang='lat' dir='ltr'><strong>per</strong></span> <span class='ocrx_word' id='word_1_427' title='bbox 1496 4191 1716 4238; x_wconf 91' lang='lat' dir='ltr'><strong>sanctos</strong></span> <span class='ocrx_word' id='word_1_428' title='bbox 1745 4196 1896 4248; x_wconf 90' lang='lat' dir='ltr'><strong>suos,</strong></span> <span class='ocrx_word' id='word_1_429' title='bbox 1923 4182 2072 4237; x_wconf 81' lang='lat' dir='ltr'><strong>velut</strong></span> 
     </span>
    </p>
   </div>
   <div class='ocr_carea' id='block_1_60' title="bbox 484 4271 2069 4348">
    <p class='ocr_par' dir='ltr' id='par_1_60' title="bbox 484 4271 2069 4348">
     <span class='ocr_line' id='line_1_60' title="bbox 484 4271 2069 4348; baseline -0.001 -19"><span class='ocrx_word' id='word_1_430' title='bbox 484 4276 778 4348; x_wconf 65' lang='lat' dir='ltr'><strong>prmsentia</strong></span> <span class='ocrx_word' id='word_1_431' title='bbox 803 4281 1011 4340; x_wconf 89' lang='lat' dir='ltr'><strong>essent,</strong></span> <span class='ocrx_word' id='word_1_432' title='bbox 1052 4274 1238 4330; x_wconf 80' lang='lat' dir='ltr'><strong>futura</strong></span> <span class='ocrx_word' id='word_1_433' title='bbox 1267 4273 1663 4345; x_wconf 83' lang='lat' dir='ltr'><strong>praedicaverit.</strong></span> <span class='ocrx_word' id='word_1_434' title='bbox 1695 4271 1964 4328; x_wconf 79' lang='lat' dir='ltr'><strong>Viderunt</strong></span> <span class='ocrx_word' id='word_1_435' title='bbox 1992 4272 2069 4330; x_wconf 81' lang='lat' dir='ltr'><strong>si-</strong></span> 
     </span>
    </p>
   </div>
   <div class='ocr_carea' id='block_1_61' title="bbox 482 4364 2068 4438">
    <p class='ocr_par' dir='ltr' id='par_1_61' title="bbox 482 4364 2068 4438">
     <span class='ocr_line' id='line_1_61' title="bbox 482 4364 2068 4438; baseline -0.003 -17"><span class='ocrx_word' id='word_1_436' title='bbox 482 4366 705 4438; x_wconf 88' lang='lat' dir='ltr'><strong>quidem</strong></span> <span class='ocrx_word' id='word_1_437' title='bbox 750 4366 973 4437; x_wconf 86' lang='lat' dir='ltr'><strong>ingrati,</strong></span> <span class='ocrx_word' id='word_1_438' title='bbox 1016 4367 1417 4437; x_wconf 88' lang='lat' dir='ltr'><strong>palparuntque</strong></span> <span class='ocrx_word' id='word_1_439' title='bbox 1457 4380 1523 4421; x_wconf 82' lang='lat' dir='ltr'><strong>ex</strong></span> <span class='ocrx_word' id='word_1_440' title='bbox 1560 4364 1863 4430; x_wconf 89' lang='lat' dir='ltr'><strong>miraculis,</strong></span> <span class='ocrx_word' id='word_1_441' title='bbox 1900 4364 2068 4418; x_wconf 89' lang='lat' dir='ltr'><strong>mira-</strong></span> 
     </span>
    </p>
   </div>
   <div class='ocr_carea' id='block_1_62' title="bbox 483 4456 2068 4530">
    <p class='ocr_par' dir='ltr' id='par_1_62' title="bbox 483 4456 2068 4530">
     <span class='ocr_line' id='line_1_62' title="bbox 483 4456 2068 4530; baseline -0.003 -14"><span class='ocrx_word' id='word_1_442' title='bbox 483 4460 735 4516; x_wconf 89' lang='lat' dir='ltr'><strong>culorum</strong></span> <span class='ocrx_word' id='word_1_443' title='bbox 766 4465 1103 4530; x_wconf 75' lang='lat' dir='ltr'><strong>patralorem</strong></span> <span class='ocrx_word' id='word_1_444' title='bbox 1146 4456 1348 4524; x_wconf 91' lang='lat' dir='ltr'><strong>Deum,</strong></span> <span class='ocrx_word' id='word_1_445' title='bbox 1382 4472 1447 4512; x_wconf 89' lang='lat' dir='ltr'><strong>ac</strong></span> <span class='ocrx_word' id='word_1_446' title='bbox 1491 4457 1847 4513; x_wconf 87' lang='lat' dir='ltr'><strong>nihilominus</strong></span> <span class='ocrx_word' id='word_1_447' title='bbox 1893 4456 1947 4511; x_wconf 91' lang='lat' dir='ltr'><strong>in</strong></span> <span class='ocrx_word' id='word_1_448' title='bbox 1983 4457 2068 4512; x_wconf 87' lang='lat' dir='ltr'><strong>in-</strong></span> 
     </span>
    </p>
   </div>
   <div class='ocr_carea' id='block_1_63' title="bbox 2177 1903 3758 1980">
    <p class='ocr_par' dir='ltr' id='par_1_63' title="bbox 2177 1903 3758 1980">
     <span class='ocr_line' id='line_1_63' title="bbox 2177 1903 3758 1980; baseline -0.003 -17"><span class='ocrx_word' id='word_1_449' title='bbox 2177 1908 2435 1963; x_wconf 81' lang='grc' dir='ltr'><strong>Ὠσαννὰ</strong></span> <span class='ocrx_word' id='word_1_450' title='bbox 2457 1906 2551 1980; x_wconf 79' lang='grc' dir='ltr'><strong>[ἐν</strong></span> <span class='ocrx_word' id='word_1_451' title='bbox 2588 1909 2714 1975; x_wconf 83' lang='grc' dir='ltr'>τοῖς</span> <span class='ocrx_word' id='word_1_452' title='bbox 2740 1907 3024 1976; x_wconf 75' lang='grc' dir='ltr'><strong>ὑψίστοις</strong></span> <span class='ocrx_word' id='word_1_453' title='bbox 3043 1922 3057 1936; x_wconf 73' lang='grc'><strong><em>⁸</em></strong></span> <span class='ocrx_word' id='word_1_454' title='bbox 3092 1903 3362 1976; x_wconf 68' lang='grc' dir='ltr'><strong>ὠσαννὰ]</strong></span> <span class='ocrx_word' id='word_1_455' title='bbox 3392 1903 3472 1970; x_wconf 83' lang='grc' dir='ltr'>τῷ</span> <span class='ocrx_word' id='word_1_456' title='bbox 3500 1904 3608 1971; x_wconf 86' lang='grc' dir='ltr'><strong>υὶῷ</strong></span> <span class='ocrx_word' id='word_1_457' title='bbox 3647 1906 3758 1959; x_wconf 86' lang='grc' dir='ltr'><strong>Δα-</strong></span> 
     </span>
    </p>
   </div>
   <div class='ocr_carea' id='block_1_64' title="bbox 2165 1994 3754 2073">
    <p class='ocr_par' dir='ltr' id='par_1_64' title="bbox 2165 1994 3754 2073">
     <span class='ocr_line' id='line_1_64' title="bbox 2165 1994 3754 2073; baseline -0.004 -18"><span class='ocrx_word' id='word_1_458' title='bbox 2165 2001 2282 2056; x_wconf 78' lang='grc' dir='ltr'><strong>ὄίδ.</strong></span> <span class='ocrx_word' id='word_1_459' title='bbox 2323 2000 2437 2054; x_wconf 69' lang='grc' dir='ltr'><strong>Καὶ</strong></span> <span class='ocrx_word' id='word_1_460' title='bbox 2476 2001 2530 2054; x_wconf 80' lang='grc' dir='ltr'>οἱ</span> <span class='ocrx_word' id='word_1_461' title='bbox 2566 2000 2665 2073; x_wconf 82' lang='grc' dir='ltr'>μὲν</span> <span class='ocrx_word' id='word_1_462' title='bbox 2712 1999 2825 2054; x_wconf 77' lang='grc' dir='ltr'>ἄνω</span> <span class='ocrx_word' id='word_1_463' title='bbox 2857 1997 3227 2067; x_wconf 79' lang='grc' dir='ltr'>ὲδοξολόγουν·</span> <span class='ocrx_word' id='word_1_464' title='bbox 3273 1995 3664 2067; x_wconf 72' lang='grc' dir='ltr'><strong>Εὐλογημένη</strong></span> <span class='ocrx_word' id='word_1_465' title='bbox 3711 1994 3754 2064; x_wconf 78' lang='grc' dir='ltr'><strong><em>ἡ</em></strong></span> 
     </span>
    </p>
   </div>
   <div class='ocr_carea' id='block_1_65' title="bbox 2164 2087 3756 2163">
    <p class='ocr_par' dir='ltr' id='par_1_65' title="bbox 2164 2087 3756 2163">
     <span class='ocr_line' id='line_1_65' title="bbox 2164 2087 3756 2163; baseline -0.004 -17"><span class='ocrx_word' id='word_1_466' title='bbox 2164 2092 2318 2159; x_wconf 80' lang='grc' dir='ltr'>δόξα</span> <span class='ocrx_word' id='word_1_467' title='bbox 2362 2093 2589 2163; x_wconf 83' lang='grc' dir='ltr'><strong>Κυρίου</strong></span> <span class='ocrx_word' id='word_1_468' title='bbox 2634 2092 2704 2146; x_wconf 80' lang='grc' dir='ltr'>ἐκ</span> <span class='ocrx_word' id='word_1_469' title='bbox 2750 2092 2855 2146; x_wconf 89' lang='grc' dir='ltr'>τοῦ</span> <span class='ocrx_word' id='word_1_470' title='bbox 2903 2094 3092 2145; x_wconf 81' lang='grc' dir='ltr'>τόπου</span> <span class='ocrx_word' id='word_1_471' title='bbox 3140 2088 3360 2144; x_wconf 80' lang='grc' dir='ltr'>αὐτοῦ’</span> <span class='ocrx_word' id='word_1_472' title='bbox 3410 2089 3459 2142; x_wconf 84' lang='grc' dir='ltr'>οἱ</span> <span class='ocrx_word' id='word_1_473' title='bbox 3503 2088 3561 2142; x_wconf 76' lang='grc' dir='ltr'><strong>δὲ</strong></span> <span class='ocrx_word' id='word_1_474' title='bbox 3601 2087 3756 2142; x_wconf 80' lang='grc' dir='ltr'>κάτω</span> 
     </span>
    </p>
   </div>
   <div class='ocr_carea' id='block_1_66' title="bbox 2165 2178 3756 2256">
    <p class='ocr_par' dir='ltr' id='par_1_66' title="bbox 2165 2178 3756 2256">
     <span class='ocr_line' id='line_1_66' title="bbox 2165 2178 3756 2256; baseline -0.003 -18"><span class='ocrx_word' id='word_1_475' title='bbox 2165 2183 2520 2256; x_wconf 79' lang='grc' dir='ltr'>[ὲθεολόγουν</span> <span class='ocrx_word' id='word_1_476' title='bbox 2540 2182 2559 2255; x_wconf 96' lang='grc'>]</span> <span class='ocrx_word' id='word_1_477' title='bbox 2582 2197 2597 2213; x_wconf 83' lang='grc'><strong>’</strong></span> <span class='ocrx_word' id='word_1_478' title='bbox 2641 2182 3069 2255; x_wconf 66' lang='grc' dir='ltr'>Εὐλογημένος</span> <span class='ocrx_word' id='word_1_479' title='bbox 3101 2185 3133 2236; x_wconf 89' lang='grc' dir='ltr'><strong>ό</strong></span> <span class='ocrx_word' id='word_1_480' title='bbox 3161 2182 3485 2251; x_wconf 76' lang='grc' dir='ltr'>ἐρχόμενος</span> <span class='ocrx_word' id='word_1_481' title='bbox 3515 2178 3585 2233; x_wconf 86' lang='grc' dir='ltr'><strong>ἐν</strong></span> <span class='ocrx_word' id='word_1_482' title='bbox 3614 2179 3756 2233; x_wconf 82' lang='grc' dir='ltr'><strong>ὀνό-</strong></span> 
     </span>
    </p>
   </div>
   <div class='ocr_carea' id='block_1_67' title="bbox 2161 2277 2583 2348">
    <p class='ocr_par' dir='ltr' id='par_1_67' title="bbox 2161 2277 2583 2348">
     <span class='ocr_line' id='line_1_67' title="bbox 2161 2277 2583 2348; baseline 0.002 -18"><span class='ocrx_word' id='word_1_483' title='bbox 2161 2294 2307 2348; x_wconf 80' lang='grc' dir='ltr'>ματι</span> <span class='ocrx_word' id='word_1_484' title='bbox 2336 2277 2583 2345; x_wconf 85' lang='grc' dir='ltr'><strong>Κυρίου.</strong></span> 
     </span>
    </p>
   </div>
   <div class='ocr_carea' id='block_1_68' title="bbox 2234 2359 3757 2434">
    <p class='ocr_par' dir='ltr' id='par_1_68' title="bbox 2234 2359 3757 2434">
     <span class='ocr_line' id='line_1_68' title="bbox 2234 2359 3757 2434; baseline -0.007 -14"><span class='ocrx_word' id='word_1_485' title='bbox 2234 2368 2309 2421; x_wconf 88' lang='grc' dir='ltr'><strong>Γ’.</strong></span> <span class='ocrx_word' id='word_1_486' title='bbox 2340 2366 2559 2422; x_wconf 86' lang='grc' dir='ltr'>Τούτων</span> <span class='ocrx_word' id='word_1_487' title='bbox 2588 2366 2646 2420; x_wconf 68' lang='grc' dir='ltr'><strong>δὲ</strong></span> <span class='ocrx_word' id='word_1_488' title='bbox 2683 2364 2855 2430; x_wconf 75' lang='grc' dir='ltr'>οὕτως</span> <span class='ocrx_word' id='word_1_489' title='bbox 2883 2362 3242 2434; x_wconf 78' lang='grc' dir='ltr'>τελουμένων,</span> <span class='ocrx_word' id='word_1_490' title='bbox 3277 2361 3387 2416; x_wconf 80' lang='grc' dir='ltr'><strong>Καὶ</strong></span> <span class='ocrx_word' id='word_1_491' title='bbox 3421 2359 3539 2413; x_wconf 80' lang='grc' dir='ltr'>τῶν</span> <span class='ocrx_word' id='word_1_492' title='bbox 3566 2360 3757 2429; x_wconf 81' lang='grc' dir='ltr'>μαθη-</span> 
     </span>
    </p>
   </div>
   <div class='ocr_carea' id='block_1_69' title="bbox 2163 2446 3758 2528">
    <p class='ocr_par' dir='ltr' id='par_1_69' title="bbox 2163 2446 3758 2528">
     <span class='ocr_line' id='line_1_69' title="bbox 2163 2446 3758 2528; baseline -0.007 -17"><span class='ocrx_word' id='word_1_493' title='bbox 2163 2457 2283 2511; x_wconf 81' lang='grc' dir='ltr'>τῶν</span> <span class='ocrx_word' id='word_1_494' title='bbox 2328 2457 2703 2528; x_wconf 80' lang='grc' dir='ltr'>χορευόντων</span> <span class='ocrx_word' id='word_1_495' title='bbox 2742 2456 2875 2524; x_wconf 81' lang='grc' dir='ltr'>περὶ</span> <span class='ocrx_word' id='word_1_496' title='bbox 2927 2454 3172 2521; x_wconf 58' lang='grc' dir='ltr'>πάντων</span> <span class='ocrx_word' id='word_1_497' title='bbox 3218 2446 3306 2505; x_wconf 84' lang='grc' dir='ltr'><strong>ὧν</strong></span> <span class='ocrx_word' id='word_1_498' title='bbox 3347 2447 3511 2505; x_wconf 78' lang='grc' dir='ltr'>εἶδον</span> <span class='ocrx_word' id='word_1_499' title='bbox 3568 2446 3758 2501; x_wconf 69' lang='grc' dir='ltr'><strong>δυνά·</strong></span> 
     </span>
    </p>
   </div>
   <div class='ocr_carea' id='block_1_70' title="bbox 2161 2542 3759 2621">
    <p class='ocr_par' dir='ltr' id='par_1_70' title="bbox 2161 2542 3759 2621">
     <span class='ocr_line' id='line_1_70' title="bbox 2161 2542 3759 2621; baseline -0.007 -18"><span class='ocrx_word' id='word_1_500' title='bbox 2161 2566 2341 2621; x_wconf 75' lang='grc' dir='ltr'>μεων,</span> <span class='ocrx_word' id='word_1_501' title='bbox 2384 2548 2483 2602; x_wconf 76' lang='grc' dir='ltr'>καὶ</span> <span class='ocrx_word' id='word_1_502' title='bbox 2525 2549 2848 2617; x_wconf 75' lang='grc' dir='ltr'>λεγόντων,</span> <span class='ocrx_word' id='word_1_503' title='bbox 2893 2544 3319 2617; x_wconf 73' lang='grc' dir='ltr'><strong>Εὐλογημένος</strong></span> <span class='ocrx_word' id='word_1_504' title='bbox 3365 2545 3397 2597; x_wconf 89' lang='grc' dir='ltr'><strong>ό</strong></span> <span class='ocrx_word' id='word_1_505' title='bbox 3432 2542 3759 2611; x_wconf 82' lang='grc' dir='ltr'>ἐρχόμενος</span> 
     </span>
    </p>
   </div>
   <div class='ocr_carea' id='block_1_71' title="bbox 2167 2629 3755 2712">
    <p class='ocr_par' dir='ltr' id='par_1_71' title="bbox 2167 2629 3755 2712">
     <span class='ocr_line' id='line_1_71' title="bbox 2167 2629 3755 2712; baseline -0.006 -19"><span class='ocrx_word' id='word_1_506' title='bbox 2167 2636 2509 2712; x_wconf 74' lang='grc' dir='ltr'><strong>[βασιλεὺς]</strong></span> <span class='ocrx_word' id='word_1_507' title='bbox 2534 2638 2605 2690; x_wconf 77' lang='grc' dir='ltr'><strong>ἐν</strong></span> <span class='ocrx_word' id='word_1_508' title='bbox 2629 2639 2871 2706; x_wconf 81' lang='grc' dir='ltr'>ὀνόματι</span> <span class='ocrx_word' id='word_1_509' title='bbox 2894 2636 3114 2705; x_wconf 71' lang='grc' dir='ltr'>Κιιρίου</span> <span class='ocrx_word' id='word_1_510' title='bbox 3134 2653 3148 2665; x_wconf 80' lang='grc'><em>’</em></span> <span class='ocrx_word' id='word_1_511' title='bbox 3177 2634 3247 2688; x_wconf 79' lang='grc' dir='ltr'><strong>ἐν</strong></span> <span class='ocrx_word' id='word_1_512' title='bbox 3268 2631 3501 2701; x_wconf 77' lang='grc' dir='ltr'>οὐρανῷ</span> <span class='ocrx_word' id='word_1_513' title='bbox 3523 2629 3755 2699; x_wconf 71' lang='grc' dir='ltr'>ειρήνη.</span> 
     </span>
    </p>
   </div>
   <div class='ocr_carea' id='block_1_72' title="bbox 2164 2719 3761 2797">
    <p class='ocr_par' dir='ltr' id='par_1_72' title="bbox 2164 2719 3761 2797">
     <span class='ocr_line' id='line_1_72' title="bbox 2164 2719 3761 2797; baseline -0.008 -13"><span class='ocrx_word' id='word_1_514' title='bbox 2164 2729 2262 2784; x_wconf 73' lang='grc' dir='ltr'>καὶ</span> <span class='ocrx_word' id='word_1_515' title='bbox 2308 2728 2458 2793; x_wconf 79' lang='grc' dir='ltr'>δόξα</span> <span class='ocrx_word' id='word_1_516' title='bbox 2491 2728 2561 2781; x_wconf 81' lang='grc' dir='ltr'><strong>ἐν</strong></span> <span class='ocrx_word' id='word_1_517' title='bbox 2604 2726 2925 2796; x_wconf 68' lang='grc' dir='ltr'>ὑψίστοιςυ</span> <span class='ocrx_word' id='word_1_518' title='bbox 2974 2726 3006 2797; x_wconf 74' lang='grc' dir='ltr'><strong>ἡ</strong></span> <span class='ocrx_word' id='word_1_519' title='bbox 3055 2724 3209 2788; x_wconf 83' lang='grc' dir='ltr'>πόλις</span> <span class='ocrx_word' id='word_1_520' title='bbox 3251 2721 3479 2776; x_wconf 80' lang='grc' dir='ltr'>ἐπύθετο</span> <span class='ocrx_word' id='word_1_521' title='bbox 3515 2719 3627 2791; x_wconf 79' lang='grc'>(95)</span> <span class='ocrx_word' id='word_1_522' title='bbox 3668 2719 3761 2773; x_wconf 79' lang='grc' dir='ltr'><strong>λέ-</strong></span> 
     </span>
    </p>
   </div>
   <div class='ocr_carea' id='block_1_73' title="bbox 2164 2811 3759 2893">
    <p class='ocr_par' dir='ltr' id='par_1_73' title="bbox 2164 2811 3759 2893">
     <span class='ocr_line' id='line_1_73' title="bbox 2164 2811 3759 2893; baseline -0.004 -18"><span class='ocrx_word' id='word_1_523' title='bbox 2164 2837 2364 2893; x_wconf 85' lang='grc' dir='ltr'>γουσα·</span> <span class='ocrx_word' id='word_1_524' title='bbox 2397 2821 2493 2886; x_wconf 88' lang='grc' dir='ltr'>Τις</span> <span class='ocrx_word' id='word_1_525' title='bbox 2518 2820 2690 2873; x_wconf 81' lang='grc' dir='ltr'>ἐστιν</span> <span class='ocrx_word' id='word_1_526' title='bbox 2709 2814 2888 2885; x_wconf 84' lang='grc' dir='ltr'>οὗτος</span> <span class='ocrx_word' id='word_1_527' title='bbox 2911 2835 2928 2882; x_wconf 91' lang='grc'><strong><em>;</em></strong></span> <span class='ocrx_word' id='word_1_528' title='bbox 2961 2816 3369 2889; x_wconf 80' lang='grc' dir='ltr'>πεπωρωμένον</span> <span class='ocrx_word' id='word_1_529' title='bbox 3396 2814 3590 2884; x_wconf 85' lang='grc' dir='ltr'>φθόνον</span> <span class='ocrx_word' id='word_1_530' title='bbox 3613 2811 3759 2868; x_wconf 77' lang='grc' dir='ltr'>κατὰ</span> 
     </span>
    </p>
   </div>
   <div class='ocr_carea' id='block_1_74' title="bbox 2163 2905 3758 2983">
    <p class='ocr_par' dir='ltr' id='par_1_74' title="bbox 2163 2905 3758 2983">
     <span class='ocr_line' id='line_1_74' title="bbox 2163 2905 3758 2983; baseline -0.002 -19"><span class='ocrx_word' id='word_1_531' title='bbox 2163 2912 2263 2983; x_wconf 82' lang='grc' dir='ltr'>τῆς</span> <span class='ocrx_word' id='word_1_532' title='bbox 2297 2909 2392 2964; x_wconf 81' lang='grc' dir='ltr'>τοῦ</span> <span class='ocrx_word' id='word_1_533' title='bbox 2428 2910 2702 2964; x_wconf 88' lang='grc' dir='ltr'>Δεσπότου</span> <span class='ocrx_word' id='word_1_534' title='bbox 2744 2909 2901 2980; x_wconf 79' lang='grc' dir='ltr'>δόξης</span> <span class='ocrx_word' id='word_1_535' title='bbox 2930 2909 3177 2964; x_wconf 76' lang='grc' dir='ltr'>κινοῦσα.</span> <span class='ocrx_word' id='word_1_536' title='bbox 3218 2908 3382 2962; x_wconf 83' lang='grc' dir='ltr'>Πόλιν</span> <span class='ocrx_word' id='word_1_537' title='bbox 3414 2906 3472 2960; x_wconf 82' lang='grc' dir='ltr'><strong>δὲ</strong></span> <span class='ocrx_word' id='word_1_538' title='bbox 3517 2905 3758 2973; x_wconf 84' lang='grc' dir='ltr'>ἀκούων,</span> 
     </span>
    </p>
   </div>
   <div class='ocr_carea' id='block_1_75' title="bbox 2162 2993 3761 3072">
    <p class='ocr_par' dir='ltr' id='par_1_75' title="bbox 2162 2993 3761 3072">
     <span class='ocr_line' id='line_1_75' title="bbox 2162 2993 3761 3072; baseline -0.003 -19"><span class='ocrx_word' id='word_1_539' title='bbox 2162 3000 2262 3072; x_wconf 81' lang='grc' dir='ltr'>τὴν</span> <span class='ocrx_word' id='word_1_540' title='bbox 2288 2999 2522 3053; x_wconf 84' lang='grc' dir='ltr'>παλαιὰν</span> <span class='ocrx_word' id='word_1_541' title='bbox 2558 2999 2659 3069; x_wconf 75' lang='grc' dir='ltr'>τῆς</span> <span class='ocrx_word' id='word_1_542' title='bbox 2693 2994 3022 3070; x_wconf 85' lang='grc' dir='ltr'>Συναγωγῆς</span> <span class='ocrx_word' id='word_1_543' title='bbox 3061 2998 3294 3053; x_wconf 75' lang='grc' dir='ltr'>ἄτακτον</span> <span class='ocrx_word' id='word_1_544' title='bbox 3334 2994 3544 3067; x_wconf 77' lang='grc' dir='ltr'>πληθὺν</span> <span class='ocrx_word' id='word_1_545' title='bbox 3572 2993 3761 3065; x_wconf 76' lang='grc' dir='ltr'>ἐπιγιο</span> 
     </span>
    </p>
   </div>
   <div class='ocr_carea' id='block_1_76' title="bbox 2164 3084 3755 3165">
    <p class='ocr_par' dir='ltr' id='par_1_76' title="bbox 2164 3084 3755 3165">
     <span class='ocr_line' id='line_1_76' title="bbox 2164 3084 3755 3165; baseline -0.001 -19"><span class='ocrx_word' id='word_1_546' title='bbox 2164 3109 2363 3147; x_wconf 90' lang='grc' dir='ltr'>νωσκε.</span> <span class='ocrx_word' id='word_1_547' title='bbox 2408 3090 2748 3165; x_wconf 86' lang='grc' dir='ltr'>Διερωτῶσιν</span> <span class='ocrx_word' id='word_1_548' title='bbox 2776 3093 2825 3146; x_wconf 83' lang='grc' dir='ltr'>οἱ</span> <span class='ocrx_word' id='word_1_549' title='bbox 2854 3090 3188 3163; x_wconf 84' lang='grc' dir='ltr'>ἀγνώμονες,</span> <span class='ocrx_word' id='word_1_550' title='bbox 3220 3092 3316 3157; x_wconf 83' lang='grc' dir='ltr'><strong>Τίς</strong></span> <span class='ocrx_word' id='word_1_551' title='bbox 3338 3090 3512 3144; x_wconf 82' lang='grc' dir='ltr'>ἐστιν</span> <span class='ocrx_word' id='word_1_552' title='bbox 3540 3084 3755 3155; x_wconf 75' lang='grc' dir='ltr'>οὗτοςῖ</span> 
     </span>
    </p>
   </div>
   <div class='ocr_carea' id='block_1_77' title="bbox 2168 3179 3761 3256">
    <p class='ocr_par' dir='ltr' id='par_1_77' title="bbox 2168 3179 3761 3256">
     <span class='ocr_line' id='line_1_77' title="bbox 2168 3179 3761 3256; baseline -0.003 -18"><span class='ocrx_word' id='word_1_553' title='bbox 2168 3185 2244 3249; x_wconf 87' lang='grc' dir='ltr'>ὡς</span> <span class='ocrx_word' id='word_1_554' title='bbox 2291 3185 2458 3255; x_wconf 85' lang='grc' dir='ltr'>μήπω</span> <span class='ocrx_word' id='word_1_555' title='bbox 2489 3183 2798 3256; x_wconf 74' lang='grc' dir='ltr'>ἑωρακότες</span> <span class='ocrx_word' id='word_1_556' title='bbox 2834 3182 2926 3237; x_wconf 84' lang='grc' dir='ltr'>τὸν</span> <span class='ocrx_word' id='word_1_557' title='bbox 2969 3183 3262 3254; x_wconf 81' lang='grc' dir='ltr'>εὐεργέτην</span> <span class='ocrx_word' id='word_1_558' title='bbox 3308 3182 3402 3236; x_wconf 79' lang='grc' dir='ltr'>καὶ</span> <span class='ocrx_word' id='word_1_559' title='bbox 3434 3179 3761 3253; x_wconf 76' lang='grc' dir='ltr'>περιϐόητον</span> 
     </span>
    </p>
   </div>
   <div class='ocr_carea' id='block_1_78' title="bbox 2167 3271 3754 3349">
    <p class='ocr_par' dir='ltr' id='par_1_78' title="bbox 2167 3271 3754 3349">
     <span class='ocr_line' id='line_1_78' title="bbox 2167 3271 3754 3349; baseline -0.004 -19"><span class='ocrx_word' id='word_1_560' title='bbox 2167 3278 2281 3341; x_wconf 82' lang='grc' dir='ltr'>τοῖς</span> <span class='ocrx_word' id='word_1_561' title='bbox 2327 3275 2655 3349; x_wconf 82' lang='grc' dir='ltr'>θεοπρεπέσι</span> <span class='ocrx_word' id='word_1_562' title='bbox 2706 3274 3001 3347; x_wconf 75' lang='grc' dir='ltr'>θαύμασιν.</span> <span class='ocrx_word' id='word_1_563' title='bbox 3045 3278 3126 3329; x_wconf 82' lang='grc' dir='ltr'><strong>Οὐ</strong></span> <span class='ocrx_word' id='word_1_564' title='bbox 3173 3275 3285 3345; x_wconf 77' lang='grc' dir='ltr'>γὰρ</span> <span class='ocrx_word' id='word_1_565' title='bbox 3335 3271 3663 3328; x_wconf 71' lang='grc' dir='ltr'>κατέλαϐεν</span> <span class='ocrx_word' id='word_1_566' title='bbox 3712 3272 3754 3340; x_wconf 83' lang='grc' dir='ltr'><em>ἠ</em></span> 
     </span>
    </p>
   </div>
   <div class='ocr_carea' id='block_1_79' title="bbox 2169 3361 3756 3438">
    <p class='ocr_par' dir='ltr' id='par_1_79' title="bbox 2169 3361 3756 3438">
     <span class='ocr_line' id='line_1_79' title="bbox 2169 3361 3756 3438; baseline -0.006 -15"><span class='ocrx_word' id='word_1_567' title='bbox 2169 3369 2385 3423; x_wconf 83' lang='grc' dir='ltr'>σκοτία</span> <span class='ocrx_word' id='word_1_568' title='bbox 2408 3370 2473 3424; x_wconf 83' lang='grc' dir='ltr'>τὸ</span> <span class='ocrx_word' id='word_1_569' title='bbox 2498 3369 2570 3423; x_wconf 81' lang='grc' dir='ltr'><strong>ἐν</strong></span> <span class='ocrx_word' id='word_1_570' title='bbox 2598 3366 2755 3438; x_wconf 82' lang='grc' dir='ltr'><strong>αὐτῇ</strong></span> <span class='ocrx_word' id='word_1_571' title='bbox 2780 3366 3131 3438; x_wconf 71' lang='grc' dir='ltr'>ἐπιλιὶμψαν</span> <span class='ocrx_word' id='word_1_572' title='bbox 3160 3366 3383 3420; x_wconf 73' lang='grc' dir='ltr'>ἄδυτον</span> <span class='ocrx_word' id='word_1_573' title='bbox 3408 3363 3553 3434; x_wconf 68' lang='grc' dir='ltr'>φῶς.</span> <span class='ocrx_word' id='word_1_574' title='bbox 3591 3361 3756 3415; x_wconf 86' lang='grc' dir='ltr'>Ὅθεν</span> 
     </span>
    </p>
   </div>
   <div class='ocr_carea' id='block_1_80' title="bbox 2168 3453 3757 3535">
    <p class='ocr_par' dir='ltr' id='par_1_80' title="bbox 2168 3453 3757 3535">
     <span class='ocr_line' id='line_1_80' title="bbox 2168 3453 3757 3535; baseline -0.005 -21"><span class='ocrx_word' id='word_1_575' title='bbox 2168 3460 2473 3526; x_wconf 79' lang='grc' dir='ltr'>εὐθυϐόλως</span> <span class='ocrx_word' id='word_1_576' title='bbox 2505 3461 2643 3535; x_wconf 84' lang='grc' dir='ltr'>πρὸς</span> <span class='ocrx_word' id='word_1_577' title='bbox 2671 3462 2867 3525; x_wconf 78' lang='grc' dir='ltr'>αὐτοὺς</span> <span class='ocrx_word' id='word_1_578' title='bbox 2907 3460 3288 3532; x_wconf 81' lang='grc' dir='ltr'>ἀνακέκραγεν</span> <span class='ocrx_word' id='word_1_579' title='bbox 3315 3458 3427 3528; x_wconf 65' lang='grc'><strong>(94)</strong></span> <span class='ocrx_word' id='word_1_580' title='bbox 3466 3456 3694 3519; x_wconf 76' lang='grc' dir='ltr'>Ἡσαΐας</span> <span class='ocrx_word' id='word_1_581' title='bbox 3726 3453 3757 3507; x_wconf 84' lang='grc' dir='ltr'><strong>ὁ</strong></span> 
     </span>
    </p>
   </div>
   <div class='ocr_carea' id='block_1_81' title="bbox 2169 3548 3760 3626">
    <p class='ocr_par' dir='ltr' id='par_1_81' title="bbox 2169 3548 3760 3626">
     <span class='ocr_line' id='line_1_81' title="bbox 2169 3548 3760 3626; baseline -0.009 -14"><span class='ocrx_word' id='word_1_582' title='bbox 2169 3554 2455 3626; x_wconf 73' lang='grc' dir='ltr'>προφήτης</span> <span class='ocrx_word' id='word_1_583' title='bbox 2492 3553 2668 3623; x_wconf 81' lang='grc' dir='ltr'>λέγων</span> <span class='ocrx_word' id='word_1_584' title='bbox 2689 3569 2704 3583; x_wconf 90' lang='grc'><strong>·</strong></span> <span class='ocrx_word' id='word_1_585' title='bbox 2745 3556 2809 3607; x_wconf 89' lang='lat' dir='ltr'><strong>Ol</strong></span> <span class='ocrx_word' id='word_1_586' title='bbox 2857 3551 3041 3623; x_wconf 66' lang='grc' dir='ltr'>κωφοὶ</span> <span class='ocrx_word' id='word_1_587' title='bbox 3073 3552 3395 3612; x_wconf 83' lang='grc' dir='ltr'>ἀκούσατε,</span> <span class='ocrx_word' id='word_1_588' title='bbox 3441 3548 3539 3605; x_wconf 76' lang='grc' dir='ltr'>καὶ</span> <span class='ocrx_word' id='word_1_589' title='bbox 3575 3550 3626 3601; x_wconf 81' lang='grc' dir='ltr'>οἱ</span> <span class='ocrx_word' id='word_1_590' title='bbox 3657 3562 3760 3599; x_wconf 87' lang='grc' dir='ltr'>τυ-</span> 
     </span>
    </p>
   </div>
   <div class='ocr_carea' id='block_1_82' title="bbox 2169 3638 3759 3714">
    <p class='ocr_par' dir='ltr' id='par_1_82' title="bbox 2169 3638 3759 3714">
     <span class='ocr_line' id='line_1_82' title="bbox 2169 3638 3759 3714; baseline -0.003 -16"><span class='ocrx_word' id='word_1_591' title='bbox 2169 3645 2311 3714; x_wconf 71' lang='grc' dir='ltr'><strong>φλοὶ</strong></span> <span class='ocrx_word' id='word_1_592' title='bbox 2339 3643 2722 3713; x_wconf 70' lang='grc' dir='ltr'>ἀναϐλέψατε</span> <span class='ocrx_word' id='word_1_593' title='bbox 2744 3644 2913 3699; x_wconf 74' lang='grc' dir='ltr'><strong>ἰδεῖν.</strong></span> <span class='ocrx_word' id='word_1_594' title='bbox 2944 3644 3054 3699; x_wconf 75' lang='lat' dir='ltr'><strong>Kal</strong></span> <span class='ocrx_word' id='word_1_595' title='bbox 3098 3644 3190 3709; x_wconf 78' lang='grc' dir='ltr'>τίς</span> <span class='ocrx_word' id='word_1_596' title='bbox 3219 3641 3468 3711; x_wconf 65' lang='grc' dir='ltr'>τυφλὸς,</span> <span class='ocrx_word' id='word_1_597' title='bbox 3509 3638 3670 3712; x_wconf 73' lang='grc' dir='ltr'><strong>[ἀλλ’</strong></span> <span class='ocrx_word' id='word_1_598' title='bbox 3702 3639 3759 3693; x_wconf 81' lang='grc' dir='ltr'>οἱ</span> 
     </span>
    </p>
   </div>
   <div class='ocr_carea' id='block_1_83' title="bbox 2168 3730 3759 3806">
    <p class='ocr_par' dir='ltr' id='par_1_83' title="bbox 2168 3730 3759 3806">
     <span class='ocr_line' id='line_1_83' title="bbox 2168 3730 3759 3806; baseline -0.002 -21"><span class='ocrx_word' id='word_1_599' title='bbox 2168 3730 2380 3799; x_wconf 78' lang='grc' dir='ltr'>παῖδές</span> <span class='ocrx_word' id='word_1_600' title='bbox 2418 3750 2539 3803; x_wconf 85' lang='grc' dir='ltr'><strong>μου</strong></span> <span class='ocrx_word' id='word_1_601' title='bbox 2562 3751 2576 3764; x_wconf 76' lang='grc' dir='ltr'><strong>ο</strong></span> <span class='ocrx_word' id='word_1_602' title='bbox 2612 3734 2713 3788; x_wconf 80' lang='grc' dir='ltr'>καὶ</span> <span class='ocrx_word' id='word_1_603' title='bbox 2747 3733 2957 3806; x_wconf 64' lang='grc' dir='ltr'>κωφοὶ]</span> <span class='ocrx_word' id='word_1_604' title='bbox 3003 3734 3142 3788; x_wconf 72' lang='grc' dir='ltr'><strong>ἀλλ’</strong></span> <span class='ocrx_word' id='word_1_605' title='bbox 3170 3733 3209 3801; x_wconf 79' lang='grc' dir='ltr'><strong>ἢ</strong></span> <span class='ocrx_word' id='word_1_606' title='bbox 3242 3733 3622 3800; x_wconf 54' lang='grc' dir='ltr'>κυριεύοντες</span> <span class='ocrx_word' id='word_1_607' title='bbox 3645 3730 3759 3783; x_wconf 81' lang='grc' dir='ltr'><strong>αὑ-</strong></span> 
     </span>
    </p>
   </div>
   <div class='ocr_carea' id='block_1_84' title="bbox 2168 3818 3760 3896">
    <p class='ocr_par' dir='ltr' id='par_1_84' title="bbox 2168 3818 3760 3896">
     <span class='ocr_line' id='line_1_84' title="bbox 2168 3818 3760 3896; baseline -0.003 -18"><span class='ocrx_word' id='word_1_608' title='bbox 2168 3824 2327 3888; x_wconf 82' lang='grc' dir='ltr'>τῶν;</span> <span class='ocrx_word' id='word_1_609' title='bbox 2352 3826 2463 3881; x_wconf 77' lang='lat' dir='ltr'><strong>Kal</strong></span> <span class='ocrx_word' id='word_1_610' title='bbox 2488 3825 2928 3896; x_wconf 70' lang='grc' dir='ltr'>ἑτυφλώθησαν</span> <span class='ocrx_word' id='word_1_611' title='bbox 2952 3828 3007 3880; x_wconf 85' lang='grc' dir='ltr'><strong>οι</strong></span> <span class='ocrx_word' id='word_1_612' title='bbox 3030 3824 3235 3879; x_wconf 67' lang='grc' dir='ltr'>δοῦλοι</span> <span class='ocrx_word' id='word_1_613' title='bbox 3255 3822 3363 3876; x_wconf 83' lang='grc' dir='ltr'>τοῦ</span> <span class='ocrx_word' id='word_1_614' title='bbox 3392 3822 3558 3875; x_wconf 82' lang='grc' dir='ltr'>Θεοῦ.</span> <span class='ocrx_word' id='word_1_615' title='bbox 3590 3818 3760 3874; x_wconf 79' lang='grc' dir='ltr'>Εἶδε-</span> 
     </span>
    </p>
   </div>
   <div class='ocr_carea' id='block_1_85' title="bbox 2168 3911 3757 3985">
    <p class='ocr_par' dir='ltr' id='par_1_85' title="bbox 2168 3911 3757 3985">
     <span class='ocr_line' id='line_1_85' title="bbox 2168 3911 3757 3985; baseline -0.002 -16"><span class='ocrx_word' id='word_1_616' title='bbox 2168 3932 2234 3970; x_wconf 79' lang='grc' dir='ltr'><strong>τε</strong></span> <span class='ocrx_word' id='word_1_617' title='bbox 2270 3915 2589 3984; x_wconf 77' lang='grc' dir='ltr'>πολλάκις,</span> <span class='ocrx_word' id='word_1_618' title='bbox 2638 3917 2738 3971; x_wconf 76' lang='grc' dir='ltr'>καὶ</span> <span class='ocrx_word' id='word_1_619' title='bbox 2776 3920 2887 3973; x_wconf 81' lang='grc' dir='ltr'>οὐκ</span> <span class='ocrx_word' id='word_1_620' title='bbox 2935 3913 3322 3985; x_wconf 68' lang='grc' dir='ltr'>ἐφυῑῑάξασθε</span> <span class='ocrx_word' id='word_1_621' title='bbox 3345 3930 3358 3942; x_wconf 89' lang='grc'><strong>·</strong></span> <span class='ocrx_word' id='word_1_622' title='bbox 3408 3911 3757 3981; x_wconf 58' lang='grc' dir='ltr'><strong>ἠνεῳγμένη</strong></span> 
     </span>
    </p>
   </div>
   <div class='ocr_carea' id='block_1_86' title="bbox 2168 4002 3759 4079">
    <p class='ocr_par' dir='ltr' id='par_1_86' title="bbox 2168 4002 3759 4079">
     <span class='ocr_line' id='line_1_86' title="bbox 2168 4002 3759 4079; baseline -0.006 -17"><span class='ocrx_word' id='word_1_623' title='bbox 2168 4007 2243 4063; x_wconf 79' lang='grc' dir='ltr'>τὰ</span> <span class='ocrx_word' id='word_1_624' title='bbox 2264 4004 2404 4077; x_wconf 84' lang='grc' dir='ltr'>ὦτα,</span> <span class='ocrx_word' id='word_1_625' title='bbox 2422 4010 2520 4064; x_wconf 79' lang='grc' dir='ltr'>καὶ</span> <span class='ocrx_word' id='word_1_626' title='bbox 2548 4011 2660 4066; x_wconf 84' lang='grc' dir='ltr'>οὐκ</span> <span class='ocrx_word' id='word_1_627' title='bbox 2686 4010 3007 4079; x_wconf 79' lang='grc' dir='ltr'>ἠκούσατε.</span> <span class='ocrx_word' id='word_1_628' title='bbox 3038 4007 3249 4079; x_wconf 77' lang='grc' dir='ltr'>Ὁρᾶτε,</span> <span class='ocrx_word' id='word_1_629' title='bbox 3278 4003 3576 4075; x_wconf 79' lang='grc' dir='ltr'>ἀγαπητοὶ,</span> <span class='ocrx_word' id='word_1_630' title='bbox 3601 4002 3759 4072; x_wconf 78' lang='grc' dir='ltr'>ἀκρί-</span> 
     </span>
    </p>
   </div>
   <div class='ocr_carea' id='block_1_87' title="bbox 2169 4094 3753 4173">
    <p class='ocr_par' dir='ltr' id='par_1_87' title="bbox 2169 4094 3753 4173">
     <span class='ocr_line' id='line_1_87' title="bbox 2169 4094 3753 4173; baseline -0.006 -18"><span class='ocrx_word' id='word_1_631' title='bbox 2169 4100 2321 4156; x_wconf 74' lang='grc' dir='ltr'>ϐειαν</span> <span class='ocrx_word' id='word_1_632' title='bbox 2349 4102 2531 4172; x_wconf 86' lang='grc' dir='ltr'>λόγου,</span> <span class='ocrx_word' id='word_1_633' title='bbox 2575 4103 2724 4166; x_wconf 86' lang='grc' dir='ltr'>ὅπως</span> <span class='ocrx_word' id='word_1_634' title='bbox 2764 4101 2827 4154; x_wconf 77' lang='grc' dir='ltr'>τὸ</span> <span class='ocrx_word' id='word_1_635' title='bbox 2864 4098 3301 4173; x_wconf 74' lang='grc' dir='ltr'>προθεωρητικδν</span> <span class='ocrx_word' id='word_1_636' title='bbox 3341 4097 3481 4151; x_wconf 84' lang='grc' dir='ltr'>θεῖον</span> <span class='ocrx_word' id='word_1_637' title='bbox 3525 4094 3753 4164; x_wconf 80' lang='grc' dir='ltr'>Πνεῦμα</span> 
     </span>
    </p>
   </div>
   <div class='ocr_carea' id='block_1_88' title="bbox 2168 4180 3749 4264">
    <p class='ocr_par' dir='ltr' id='par_1_88' title="bbox 2168 4180 3749 4264">
     <span class='ocr_line' id='line_1_88' title="bbox 2168 4180 3749 4264; baseline -0.005 -16"><span class='ocrx_word' id='word_1_638' title='bbox 2168 4180 2261 4249; x_wconf 69' lang='grc' dir='ltr'>διὰ</span> <span class='ocrx_word' id='word_1_639' title='bbox 2307 4194 2416 4249; x_wconf 85' lang='grc' dir='ltr'><strong>τῶν</strong></span> <span class='ocrx_word' id='word_1_640' title='bbox 2449 4194 2619 4264; x_wconf 82' lang='grc' dir='ltr'>ἁγίων</span> <span class='ocrx_word' id='word_1_641' title='bbox 2658 4191 2727 4246; x_wconf 80' lang='grc' dir='ltr'>τὰ</span> <span class='ocrx_word' id='word_1_642' title='bbox 2758 4192 3017 4264; x_wconf 85' lang='grc' dir='ltr'>μέλλοντα</span> <span class='ocrx_word' id='word_1_643' title='bbox 3043 4192 3117 4254; x_wconf 84' lang='grc' dir='ltr'>ὡς</span> <span class='ocrx_word' id='word_1_644' title='bbox 3152 4190 3393 4261; x_wconf 86' lang='grc' dir='ltr'>παρόντα</span> <span class='ocrx_word' id='word_1_645' title='bbox 3430 4188 3749 4259; x_wconf 74' lang='grc' dir='ltr'>ἐκήρυττεν.</span> 
     </span>
    </p>
   </div>
   <div class='ocr_carea' id='block_1_89' title="bbox 2168 4276 3752 4356">
    <p class='ocr_par' dir='ltr' id='par_1_89' title="bbox 2168 4276 3752 4356">
     <span class='ocr_line' id='line_1_89' title="bbox 2168 4276 3752 4356; baseline -0.004 -20"><span class='ocrx_word' id='word_1_646' title='bbox 2168 4279 2321 4337; x_wconf 84' lang='grc' dir='ltr'>Εἶδον</span> <span class='ocrx_word' id='word_1_647' title='bbox 2363 4284 2474 4356; x_wconf 81' lang='grc' dir='ltr'>γὰρ</span> <span class='ocrx_word' id='word_1_648' title='bbox 2521 4284 2573 4337; x_wconf 79' lang='grc' dir='ltr'><strong>οι</strong></span> <span class='ocrx_word' id='word_1_649' title='bbox 2614 4282 2921 4353; x_wconf 84' lang='grc' dir='ltr'>ἀχάριστοι,</span> <span class='ocrx_word' id='word_1_650' title='bbox 2968 4280 3063 4334; x_wconf 76' lang='grc' dir='ltr'><strong>καὶ</strong></span> <span class='ocrx_word' id='word_1_651' title='bbox 3109 4278 3460 4349; x_wconf 65' lang='grc' dir='ltr'>ἐψηλάφησαν</span> <span class='ocrx_word' id='word_1_652' title='bbox 3507 4277 3593 4331; x_wconf 83' lang='grc' dir='ltr'><strong>διὰ</strong></span> <span class='ocrx_word' id='word_1_653' title='bbox 3640 4276 3752 4330; x_wconf 87' lang='grc' dir='ltr'><strong>τῶν</strong></span> 
     </span>
    </p>
   </div>
   <div class='ocr_carea' id='block_1_90' title="bbox 2169 4366 3752 4444">
    <p class='ocr_par' dir='ltr' id='par_1_90' title="bbox 2169 4366 3752 4444">
     <span class='ocr_line' id='line_1_90' title="bbox 2169 4366 3752 4444; baseline -0.004 -18"><span class='ocrx_word' id='word_1_654' title='bbox 2169 4372 2485 4444; x_wconf 84' lang='grc' dir='ltr'>θαυμάτων,</span> <span class='ocrx_word' id='word_1_655' title='bbox 2524 4372 2616 4426; x_wconf 78' lang='grc' dir='ltr'>τὸν</span> <span class='ocrx_word' id='word_1_656' title='bbox 2651 4371 3065 4444; x_wconf 85' lang='grc' dir='ltr'>θαυματουργὸν</span> <span class='ocrx_word' id='word_1_657' title='bbox 3103 4370 3255 4434; x_wconf 74' lang='grc' dir='ltr'>Θεὸν,</span> <span class='ocrx_word' id='word_1_658' title='bbox 3284 4370 3378 4424; x_wconf 74' lang='grc' dir='ltr'>καὶ</span> <span class='ocrx_word' id='word_1_659' title='bbox 3420 4372 3485 4441; x_wconf 79' lang='grc' dir='ltr'>τῇ</span> <span class='ocrx_word' id='word_1_660' title='bbox 3525 4366 3752 4441; x_wconf 79' lang='grc' dir='ltr'>ἀπιστίᾳ</span> 
     </span>
    </p>
   </div>
   <div class='ocr_carea' id='block_1_91' title="bbox 2170 4458 3751 4534">
    <p class='ocr_par' dir='ltr' id='par_1_91' title="bbox 2170 4458 3751 4534">
     <span class='ocr_line' id='line_1_91' title="bbox 2170 4458 3751 4534; baseline -0.001 -18"><span class='ocrx_word' id='word_1_661' title='bbox 2170 4462 2473 4534; x_wconf 75' lang='grc' dir='ltr'>ἐνέμειναν.</span> <span class='ocrx_word' id='word_1_662' title='bbox 2512 4458 2668 4515; x_wconf 78' lang='grc' dir='ltr'>Εἶδον</span> <span class='ocrx_word' id='word_1_663' title='bbox 2699 4461 2899 4531; x_wconf 81' lang='grc' dir='ltr'>τυφλὸν</span> <span class='ocrx_word' id='word_1_664' title='bbox 2934 4465 2998 4516; x_wconf 80' lang='grc' dir='ltr'>ἐκ</span> <span class='ocrx_word' id='word_1_665' title='bbox 3023 4462 3266 4533; x_wconf 84' lang='grc' dir='ltr'>γενετῆς,</span> <span class='ocrx_word' id='word_1_666' title='bbox 3293 4462 3384 4516; x_wconf 73' lang='grc' dir='ltr'>τὸν</span> <span class='ocrx_word' id='word_1_667' title='bbox 3412 4460 3751 4533; x_wconf 78' lang='grc' dir='ltr'>φωταγωγή-</span> 
     </span>
    </p>
   </div>
   <div class='ocr_carea' id='block_1_92' title="bbox 483 4532 2065 4625">
    <p class='ocr_par' dir='ltr' id='par_1_92' title="bbox 483 4547 2064 4616">
     <span class='ocr_line' id='line_1_92' title="bbox 483 4547 2064 4616; baseline -0.004 -7"><span class='ocrx_word' id='word_1_668' title='bbox 483 4549 745 4609; x_wconf 78' lang='lat' dir='ltr'><strong>ﬁdelitate</strong></span> <span class='ocrx_word' id='word_1_669' title='bbox 771 4549 1170 4605; x_wconf 79' lang='lat' dir='ltr'><strong>manserunt&quot;.</strong></span> <span class='ocrx_word' id='word_1_670' title='bbox 1193 4547 1461 4605; x_wconf 83' lang='lat' dir='ltr'><strong>Viderunt</strong></span> <span class='ocrx_word' id='word_1_671' title='bbox 1483 4565 1683 4604; x_wconf 71' lang='lat' dir='ltr'><strong>caecum</strong></span> <span class='ocrx_word' id='word_1_672' title='bbox 1703 4564 1733 4603; x_wconf 89' lang='lat' dir='ltr'><strong>a</strong></span> <span class='ocrx_word' id='word_1_673' title='bbox 1762 4549 2064 4616; x_wconf 85' lang='lat' dir='ltr'><strong>nativitatc,</strong></span> 
     </span>
    </p>
   </div>
   <div class='ocr_carea' id='block_1_93' title="bbox 2166 4532 3753 4625">
    <p class='ocr_par' dir='ltr' id='par_1_93' title="bbox 2174 4548 3753 4625">
     <span class='ocr_line' id='line_1_93' title="bbox 2174 4548 3753 4625; baseline -0.002 -18"><span class='ocrx_word' id='word_1_674' title='bbox 2174 4570 2342 4608; x_wconf 88' lang='grc' dir='ltr'>σαντα</span> <span class='ocrx_word' id='word_1_675' title='bbox 2373 4553 2506 4608; x_wconf 83' lang='grc' dir='ltr'>Θεδν</span> <span class='ocrx_word' id='word_1_676' title='bbox 2541 4552 2897 4625; x_wconf 86' lang='grc' dir='ltr'>κηρύττοντα.</span> <span class='ocrx_word' id='word_1_677' title='bbox 2933 4548 3088 4606; x_wconf 83' lang='grc' dir='ltr'>Εἶδον</span> <span class='ocrx_word' id='word_1_678' title='bbox 3123 4552 3417 4625; x_wconf 81' lang='grc' dir='ltr'>σύγχρονον</span> <span class='ocrx_word' id='word_1_679' title='bbox 3459 4553 3555 4606; x_wconf 74' lang='grc' dir='ltr'>καὶ</span> <span class='ocrx_word' id='word_1_680' title='bbox 3590 4551 3753 4617; x_wconf 77' lang='grc' dir='ltr'>σύζυ-</span> 
     </span>
    </p>
   </div>
   <div class='ocr_carea' id='block_1_94' title="bbox 594 4725 1707 4795">
    <p class='ocr_par' dir='ltr' id='par_1_94' title="bbox 594 4725 1707 4795">
     <span class='ocr_line' id='line_1_94' title="bbox 594 4725 1707 4795; baseline -0.002 -12"><span class='ocrx_word' id='word_1_681' title='bbox 594 4730 641 4762; x_wconf 72' lang='grc'><strong>⁸⁸</strong></span> <span class='ocrx_word' id='word_1_682' title='bbox 678 4728 830 4785; x_wconf 90' lang='lat' dir='ltr'><strong>Psal.</strong></span> <span class='ocrx_word' id='word_1_683' title='bbox 872 4743 1098 4795; x_wconf 76' lang='lat' dir='ltr'><strong>cnvut,</strong></span> <span class='ocrx_word' id='word_1_684' title='bbox 1137 4727 1191 4783; x_wconf 87' lang='lat'><strong>9.</strong></span> <span class='ocrx_word' id='word_1_685' title='bbox 1299 4727 1343 4758; x_wconf 79' lang='lat'>&quot;</span> <span class='ocrx_word' id='word_1_686' title='bbox 1377 4725 1492 4781; x_wconf 86' lang='lat' dir='ltr'><strong>lsa.</strong></span> <span class='ocrx_word' id='word_1_687' title='bbox 1542 4742 1622 4790; x_wconf 78' lang='lat' dir='ltr'><strong>VI,</strong></span> <span class='ocrx_word' id='word_1_688' title='bbox 1654 4728 1707 4781; x_wconf 79' lang='lat'><strong>3.</strong></span> 
     </span>
    </p>
   </div>
   <div class='ocr_carea' id='block_1_95' title="bbox 1815 4724 2355 4786">
    <p class='ocr_par' dir='ltr' id='par_1_95' title="bbox 1815 4724 2355 4786">
     <span class='ocr_line' id='line_1_95' title="bbox 1815 4724 2355 4786; baseline -0.002 -7"><span class='ocrx_word' id='word_1_689' title='bbox 1815 4727 1862 4761; x_wconf 81' lang='grc' dir='ltr'><strong><em>⁸ο</em></strong></span> <span class='ocrx_word' id='word_1_690' title='bbox 1895 4724 2083 4780; x_wconf 80' lang='lat' dir='ltr'><strong>Ezech.</strong></span> <span class='ocrx_word' id='word_1_691' title='bbox 2130 4741 2215 4786; x_wconf 86' lang='lat' dir='ltr'><strong>Ill,</strong></span> <span class='ocrx_word' id='word_1_692' title='bbox 2264 4724 2355 4778; x_wconf 69' lang='lat'><strong>22.</strong></span> 
     </span>
    </p>
   </div>
   <div class='ocr_carea' id='block_1_96' title="bbox 2459 4722 3746 4791">
    <p class='ocr_par' dir='ltr' id='par_1_96' title="bbox 2459 4722 3746 4791">
     <span class='ocr_line' id='line_1_96' title="bbox 2459 4722 3746 4791; baseline 0.005 -14"><span class='ocrx_word' id='word_1_693' title='bbox 2459 4725 2503 4756; x_wconf 84' lang='grc'>⁸¹</span> <span class='ocrx_word' id='word_1_694' title='bbox 2535 4722 2729 4777; x_wconf 72' lang='lat' dir='ltr'><strong>Matth.</strong></span> <span class='ocrx_word' id='word_1_695' title='bbox 2765 4740 2879 4789; x_wconf 64' lang='grc' dir='ltr'>ιιι,</span> <span class='ocrx_word' id='word_1_696' title='bbox 2910 4731 3017 4780; x_wconf 84' lang='lat' dir='ltr'><strong>etc.</strong></span> <span class='ocrx_word' id='word_1_697' title='bbox 3119 4726 3167 4759; x_wconf 79' lang='lat'>&quot;</span> <span class='ocrx_word' id='word_1_698' title='bbox 3204 4723 3333 4782; x_wconf 89' lang='lat' dir='ltr'><strong>Luc.</strong></span> <span class='ocrx_word' id='word_1_699' title='bbox 3368 4742 3484 4791; x_wconf 69' lang='grc' dir='ltr'>ιιι,</span> <span class='ocrx_word' id='word_1_700' title='bbox 3532 4725 3622 4790; x_wconf 82' lang='lat'><strong>57,</strong></span> <span class='ocrx_word' id='word_1_701' title='bbox 3657 4726 3746 4783; x_wconf 80' lang='lat'><strong>38.</strong></span> 
     </span>
    </p>
   </div>
   <div class='ocr_carea' id='block_1_97' title="bbox 486 4794 2065 4867">
    <p class='ocr_par' dir='ltr' id='par_1_97' title="bbox 486 4794 2065 4867">
     <span class='ocr_line' id='line_1_97' title="bbox 486 4794 2065 4867; baseline -0.004 -12"><span class='ocrx_word' id='word_1_702' title='bbox 486 4801 534 4836; x_wconf 83' lang='grc'>³³</span> <span class='ocrx_word' id='word_1_703' title='bbox 577 4798 773 4857; x_wconf 76' lang='lat' dir='ltr'><strong>Matth.</strong></span> <span class='ocrx_word' id='word_1_704' title='bbox 829 4816 944 4867; x_wconf 75' lang='lat' dir='ltr'><strong>XII,</strong></span> <span class='ocrx_word' id='word_1_705' title='bbox 984 4794 1090 4855; x_wconf 11' lang='lat'><strong>10.7</strong></span> <span class='ocrx_word' id='word_1_706' title='bbox 1146 4800 1192 4831; x_wconf 73' lang='lat'><strong>“</strong></span> <span class='ocrx_word' id='word_1_707' title='bbox 1239 4797 1402 4855; x_wconf 82' lang='lat' dir='ltr'><strong>Joan.</strong></span> <span class='ocrx_word' id='word_1_708' title='bbox 1436 4813 1476 4861; x_wconf 89' lang='grc' dir='ltr'><strong>ι,</strong></span> <span class='ocrx_word' id='word_1_709' title='bbox 1515 4797 1571 4852; x_wconf 86' lang='grc'><strong>5.</strong></span> <span class='ocrx_word' id='word_1_710' title='bbox 1645 4798 1691 4835; x_wconf 67' lang='grc'><strong>⁵⁸</strong></span> <span class='ocrx_word' id='word_1_711' title='bbox 1725 4796 1838 4851; x_wconf 87' lang='lat' dir='ltr'><strong>Isa.</strong></span> <span class='ocrx_word' id='word_1_712' title='bbox 1873 4812 2006 4860; x_wconf 75' lang='lat' dir='ltr'><strong>xui,</strong></span> <span class='ocrx_word' id='word_1_713' title='bbox 2043 4796 2065 4849; x_wconf 81' lang='grc'><strong>1</strong></span> 
     </span>
    </p>
   </div>
   <div class='ocr_carea' id='block_1_98' title="bbox 2166 4794 2656 4867">
    <p class='ocr_par' dir='ltr' id='par_1_98' title="bbox 2166 4794 2656 4850">
     <span class='ocr_line' id='line_1_98' title="bbox 2166 4794 2656 4850; baseline -0.002 -2"><span class='ocrx_word' id='word_1_714' title='bbox 2166 4795 2235 4850; x_wconf 71' lang='grc' dir='ltr'><strong>ΞΟ.</strong></span> <span class='ocrx_word' id='word_1_715' title='bbox 2314 4796 2359 4826; x_wconf 72' lang='grc'>⁵⁸</span> <span class='ocrx_word' id='word_1_716' title='bbox 2386 4794 2548 4848; x_wconf 82' lang='lat' dir='ltr'><strong>Joan.</strong></span> <span class='ocrx_word' id='word_1_717' title='bbox 2582 4811 2656 4848; x_wconf 78' lang='lat' dir='ltr'><strong>ix.</strong></span> 
     </span>
    </p>
   </div>
   <div class='ocr_carea' id='block_1_99' title="bbox 563 4981 2063 5055">
    <p class='ocr_par' dir='ltr' id='par_1_99' title="bbox 563 4981 2063 5055">
     <span class='ocr_line' id='line_1_99' title="bbox 563 4981 2063 5055; baseline 0 -16"><span class='ocrx_word' id='word_1_718' title='bbox 563 4981 673 5055; x_wconf 86' lang='lat'><strong>(90)</strong></span> <span class='ocrx_word' id='word_1_719' title='bbox 710 4981 820 5035; x_wconf 77' lang='grc' dir='ltr'><strong>Τὸν</strong></span> <span class='ocrx_word' id='word_1_720' title='bbox 852 4982 1291 5055; x_wconf 64' lang='grc' dir='ltr'>πῶλοναῠτοῦ.</span> <span class='ocrx_word' id='word_1_721' title='bbox 1328 4983 1532 5039; x_wconf 86' lang='lat' dir='ltr'><strong>Gentes</strong></span> <span class='ocrx_word' id='word_1_722' title='bbox 1568 4996 1781 5055; x_wconf 77' lang='lat' dir='ltr'><strong>omnes,</strong></span> <span class='ocrx_word' id='word_1_723' title='bbox 1808 4981 1873 5055; x_wconf 79' lang='lat' dir='ltr'><strong>ad</strong></span> <span class='ocrx_word' id='word_1_724' title='bbox 1900 4984 2063 5039; x_wconf 74' lang='lat' dir='ltr'><strong>vitem</strong></span> 
     </span>
    </p>
   </div>
   <div class='ocr_carea' id='block_1_100' title="bbox 488 5052 2065 5125">
    <p class='ocr_par' dir='ltr' id='par_1_100' title="bbox 488 5052 2065 5125">
     <span class='ocr_line' id='line_1_100' title="bbox 488 5052 2065 5125; baseline -0.001 -18"><span class='ocrx_word' id='word_1_725' title='bbox 488 5052 1004 5125; x_wconf 50' lang='lat' dir='ltr'><strong>illam&#39;translatam</strong></span> <span class='ocrx_word' id='word_1_726' title='bbox 1055 5054 1122 5108; x_wconf 93' lang='lat' dir='ltr'><strong>de</strong></span> <span class='ocrx_word' id='word_1_727' title='bbox 1157 5054 1413 5125; x_wconf 58' lang='lat' dir='ltr'><strong>Egypto.</strong></span> <span class='ocrx_word' id='word_1_728' title='bbox 1465 5069 1588 5122; x_wconf 64' lang='lat' dir='ltr'><strong>qua:</strong></span> <span class='ocrx_word' id='word_1_729' title='bbox 1619 5052 1865 5125; x_wconf 77' lang='lat' dir='ltr'><strong>implevit</strong></span> <span class='ocrx_word' id='word_1_730' title='bbox 1894 5060 2065 5125; x_wconf 75' lang='lat' dir='ltr'><strong>totam</strong></span> 
     </span>
    </p>
   </div>
   <div class='ocr_carea' id='block_1_101' title="bbox 488 5121 2067 5194">
    <p class='ocr_par' dir='ltr' id='par_1_101' title="bbox 488 5121 2067 5194">
     <span class='ocr_line' id='line_1_101' title="bbox 488 5121 2067 5194; baseline -0.001 -16"><span class='ocrx_word' id='word_1_731' title='bbox 488 5131 711 5194; x_wconf 86' lang='lat' dir='ltr'><strong>terram,</strong></span> <span class='ocrx_word' id='word_1_732' title='bbox 736 5124 1058 5194; x_wconf 62' lang='lat' dir='ltr'><strong>docentibus</strong></span> <span class='ocrx_word' id='word_1_733' title='bbox 1086 5121 1364 5194; x_wconf 71' lang='lat' dir='ltr'><strong>prophetis</strong></span> <span class='ocrx_word' id='word_1_734' title='bbox 1398 5121 1571 5193; x_wconf 87' lang='lat' dir='ltr'><strong>ipsius</strong></span> <span class='ocrx_word' id='word_1_735' title='bbox 1595 5131 1648 5178; x_wconf 84' lang='lat' dir='ltr'><strong>et</strong></span> <span class='ocrx_word' id='word_1_736' title='bbox 1670 5121 1855 5194; x_wconf 73' lang='lat' dir='ltr'><strong>justis.</strong></span> <span class='ocrx_word' id='word_1_737' title='bbox 1894 5121 1973 5194; x_wconf 81' lang='lat' dir='ltr'><strong>Ita</strong></span> <span class='ocrx_word' id='word_1_738' title='bbox 1999 5122 2067 5177; x_wconf 90' lang='lat' dir='ltr'><strong>ad</strong></span> 
     </span>
    </p>
   </div>
   <div class='ocr_carea' id='block_1_102' title="bbox 489 5191 2062 5262">
    <p class='ocr_par' dir='ltr' id='par_1_102' title="bbox 489 5191 2062 5262">
     <span class='ocr_line' id='line_1_102' title="bbox 489 5191 2062 5262; baseline 0 -16"><span class='ocrx_word' id='word_1_739' title='bbox 489 5193 713 5247; x_wconf 81' lang='lat' dir='ltr'><strong>verbum</strong></span> <span class='ocrx_word' id='word_1_740' title='bbox 757 5191 913 5249; x_wconf 88' lang='lat' dir='ltr'><strong>Titus</strong></span> <span class='ocrx_word' id='word_1_741' title='bbox 956 5191 1265 5250; x_wconf 77' lang='lat' dir='ltr'><strong>Bostrettsis</strong></span> <span class='ocrx_word' id='word_1_742' title='bbox 1298 5191 1457 5249; x_wconf 84' lang='lat' dir='ltr'><strong>docta</strong></span> <span class='ocrx_word' id='word_1_743' title='bbox 1493 5198 1634 5247; x_wconf 88' lang='lat' dir='ltr'><strong>orat.</strong></span> <span class='ocrx_word' id='word_1_744' title='bbox 1663 5194 1769 5262; x_wconf 74' lang='grc' dir='ltr'><strong>Εἰς</strong></span> <span class='ocrx_word' id='word_1_745' title='bbox 1796 5192 1869 5246; x_wconf 83' lang='grc' dir='ltr'>τὰ</span> <span class='ocrx_word' id='word_1_746' title='bbox 1896 5193 2062 5257; x_wconf 84' lang='grc' dir='ltr'>Βάῖα,</span> 
     </span>
    </p>
   </div>
   <div class='ocr_carea' id='block_1_103' title="bbox 487 5264 1256 5333">
    <p class='ocr_par' dir='ltr' id='par_1_103' title="bbox 487 5264 1256 5333">
     <span class='ocr_line' id='line_1_103' title="bbox 487 5264 1256 5333; baseline 0.003 -17"><span class='ocrx_word' id='word_1_747' title='bbox 487 5278 649 5332; x_wconf 87' lang='lat' dir='ltr'><strong>quam</strong></span> <span class='ocrx_word' id='word_1_748' title='bbox 678 5278 745 5317; x_wconf 80' lang='lat' dir='ltr'><strong>ex</strong></span> <span class='ocrx_word' id='word_1_749' title='bbox 782 5264 943 5333; x_wconf 81' lang='lat' dir='ltr'><strong>regiis</strong></span> <span class='ocrx_word' id='word_1_750' title='bbox 974 5264 1256 5318; x_wconf 85' lang='lat' dir='ltr'><strong>habemus.</strong></span> 
     </span>
    </p>
   </div>
   <div class='ocr_carea' id='block_1_104' title="bbox 581 5330 2069 5404">
    <p class='ocr_par' dir='ltr' id='par_1_104' title="bbox 581 5330 2069 5404">
     <span class='ocr_line' id='line_1_104' title="bbox 581 5330 2069 5404; baseline -0.001 -18"><span class='ocrx_word' id='word_1_751' title='bbox 581 5332 673 5403; x_wconf 64' lang='grc' dir='ltr'>(ιι)</span> <span class='ocrx_word' id='word_1_752' title='bbox 718 5330 1057 5404; x_wconf 59' lang='grc' dir='ltr'>Ἁλόάνστον</span> <span class='ocrx_word' id='word_1_753' title='bbox 1087 5332 1495 5404; x_wconf 57' lang='grc' dir='ltr'><strong>ἐξεμρἱῑάριον.</strong></span> <span class='ocrx_word' id='word_1_754' title='bbox 1523 5331 1640 5404; x_wconf 64' lang='grc' dir='ltr'><strong>ᾼιη</strong></span> <span class='ocrx_word' id='word_1_755' title='bbox 1672 5330 1875 5404; x_wconf 65' lang='grc' dir='ltr'>ἄλογον</span> <span class='ocrx_word' id='word_1_756' title='bbox 1905 5332 2069 5404; x_wconf 78' lang='grc' dir='ltr'>ἐξεμ-</span> 
     </span>
    </p>
   </div>
   <div class='ocr_carea' id='block_1_105' title="bbox 489 5400 2058 5475">
    <p class='ocr_par' dir='ltr' id='par_1_105' title="bbox 489 5400 2058 5475">
     <span class='ocr_line' id='line_1_105' title="bbox 489 5400 2058 5475; baseline 0.002 -21"><span class='ocrx_word' id='word_1_757' title='bbox 489 5400 708 5475; x_wconf 66' lang='grc' dir='ltr'>ςῐλάριον</span> <span class='ocrx_word' id='word_1_758' title='bbox 744 5403 777 5475; x_wconf 80' lang='grc' dir='ltr'>ἢ</span> <span class='ocrx_word' id='word_1_759' title='bbox 808 5400 1198 5473; x_wconf 67' lang='grc' dir='ltr'>ὲξεμπλὰριονξ</span> <span class='ocrx_word' id='word_1_760' title='bbox 1230 5401 1483 5475; x_wconf 76' lang='lat' dir='ltr'><strong>Gaudent</strong></span> <span class='ocrx_word' id='word_1_761' title='bbox 1511 5400 1683 5475; x_wconf 73' lang='lat' dir='ltr'><strong>Grmci</strong></span> <span class='ocrx_word' id='word_1_762' title='bbox 1730 5401 1977 5475; x_wconf 86' lang='lat' dir='ltr'><strong>barbaris</strong></span> <span class='ocrx_word' id='word_1_763' title='bbox 2000 5400 2058 5458; x_wconf 79' lang='lat' dir='ltr'><strong>et</strong></span> 
     </span>
    </p>
   </div>
   <div class='ocr_carea' id='block_1_106' title="bbox 490 5470 2058 5542">
    <p class='ocr_par' dir='ltr' id='par_1_106' title="bbox 490 5470 2058 5542">
     <span class='ocr_line' id='line_1_106' title="bbox 490 5470 2058 5542; baseline 0.001 -18"><span class='ocrx_word' id='word_1_764' title='bbox 490 5470 698 5527; x_wconf 81' lang='lat' dir='ltr'><strong>Latinis</strong></span> <span class='ocrx_word' id='word_1_765' title='bbox 731 5470 980 5533; x_wconf 84' lang='lat' dir='ltr'><strong>vocibus,</strong></span> <span class='ocrx_word' id='word_1_766' title='bbox 1015 5470 1075 5526; x_wconf 74' lang='lat' dir='ltr'><strong>ut</strong></span> <span class='ocrx_word' id='word_1_767' title='bbox 1108 5489 1215 5527; x_wconf 90' lang='lat' dir='ltr'><strong>non</strong></span> <span class='ocrx_word' id='word_1_768' title='bbox 1255 5487 1440 5542; x_wconf 73' lang='lat' dir='ltr'><strong>pauca:</strong></span> <span class='ocrx_word' id='word_1_769' title='bbox 1466 5473 1576 5541; x_wconf 83' lang='lat' dir='ltr'><strong>jam</strong></span> <span class='ocrx_word' id='word_1_770' title='bbox 1615 5470 1742 5525; x_wconf 88' lang='lat' dir='ltr'><strong>olim</strong></span> <span class='ocrx_word' id='word_1_771' title='bbox 1790 5486 1914 5527; x_wconf 89' lang='lat' dir='ltr'><strong>cum</strong></span> <span class='ocrx_word' id='word_1_772' title='bbox 1954 5474 2058 5526; x_wconf 86' lang='lat' dir='ltr'><strong>im-</strong></span> 
     </span>
    </p>
   </div>
   <div class='ocr_carea' id='block_1_107' title="bbox 491 5542 2059 5611">
    <p class='ocr_par' dir='ltr' id='par_1_107' title="bbox 491 5542 2059 5611">
     <span class='ocr_line' id='line_1_107' title="bbox 491 5542 2059 5611; baseline 0.001 -17"><span class='ocrx_word' id='word_1_773' title='bbox 491 5545 641 5611; x_wconf 85' lang='lat' dir='ltr'><strong>perio</strong></span> <span class='ocrx_word' id='word_1_774' title='bbox 667 5543 733 5596; x_wconf 89' lang='lat' dir='ltr'><strong>ad</strong></span> <span class='ocrx_word' id='word_1_775' title='bbox 768 5557 863 5598; x_wconf 88' lang='lat' dir='ltr'><strong>eos</strong></span> <span class='ocrx_word' id='word_1_776' title='bbox 902 5544 1237 5602; x_wconf 87' lang='lat' dir='ltr'><strong>transierint.</strong></span> <span class='ocrx_word' id='word_1_777' title='bbox 1277 5556 1668 5611; x_wconf 88' lang='lat' dir='ltr'><strong>nonnunquam</strong></span> <span class='ocrx_word' id='word_1_778' title='bbox 1701 5542 2059 5610; x_wconf 86' lang='lat' dir='ltr'><strong>scriptoribus</strong></span> 
     </span>
    </p>
   </div>
   <div class='ocr_carea' id='block_1_108' title="bbox 491 5612 2059 5681">
    <p class='ocr_par' dir='ltr' id='par_1_108' title="bbox 491 5612 2059 5681">
     <span class='ocr_line' id='line_1_108' title="bbox 491 5612 2059 5681; baseline 0 -15"><span class='ocrx_word' id='word_1_779' title='bbox 491 5614 789 5678; x_wconf 60' lang='lat' dir='ltr'><strong>praesertim</strong></span> <span class='ocrx_word' id='word_1_780' title='bbox 820 5613 992 5667; x_wconf 88' lang='lat' dir='ltr'><strong>sacris</strong></span> <span class='ocrx_word' id='word_1_781' title='bbox 1018 5624 1307 5680; x_wconf 59' lang='lat' dir='ltr'><strong>usurpatas,</strong></span> <span class='ocrx_word' id='word_1_782' title='bbox 1374 5613 1522 5667; x_wconf 85' lang='lat' dir='ltr'><strong>velut</strong></span> <span class='ocrx_word' id='word_1_783' title='bbox 1566 5612 1705 5681; x_wconf 77' lang='lat' dir='ltr'><strong>forte</strong></span> <span class='ocrx_word' id='word_1_784' title='bbox 1744 5613 1914 5681; x_wconf 86' lang='lat' dir='ltr'><strong>magis</strong></span> <span class='ocrx_word' id='word_1_785' title='bbox 1956 5628 2059 5666; x_wconf 87' lang='lat' dir='ltr'><strong>usu</strong></span> 
     </span>
    </p>
   </div>
   <div class='ocr_carea' id='block_1_109' title="bbox 492 5679 2064 5752">
    <p class='ocr_par' dir='ltr' id='par_1_109' title="bbox 492 5679 2064 5752">
     <span class='ocr_line' id='line_1_109' title="bbox 492 5679 2064 5752; baseline 0.003 -19"><span class='ocrx_word' id='word_1_786' title='bbox 492 5693 721 5752; x_wconf 53' lang='lat' dir='ltr'><strong>receptae</strong></span> <span class='ocrx_word' id='word_1_787' title='bbox 749 5688 803 5752; x_wconf 88' lang='lat' dir='ltr'><strong>et</strong></span> <span class='ocrx_word' id='word_1_788' title='bbox 829 5682 1026 5735; x_wconf 85' lang='lat' dir='ltr'><strong>notiori</strong></span> <span class='ocrx_word' id='word_1_789' title='bbox 1053 5679 1482 5752; x_wconf 76' lang='lat' dir='ltr'><strong>signiﬁcatione;</strong></span> <span class='ocrx_word' id='word_1_790' title='bbox 1511 5696 1618 5752; x_wconf 90' lang='lat' dir='ltr'><strong>qua</strong></span> <span class='ocrx_word' id='word_1_791' title='bbox 1643 5679 1710 5738; x_wconf 90' lang='lat' dir='ltr'><strong>de</strong></span> <span class='ocrx_word' id='word_1_792' title='bbox 1736 5696 1795 5738; x_wconf 85' lang='lat' dir='ltr'><strong>re</strong></span> <span class='ocrx_word' id='word_1_793' title='bbox 1822 5679 1986 5738; x_wconf 81' lang='lat' dir='ltr'><strong>etiam</strong></span> <span class='ocrx_word' id='word_1_794' title='bbox 2007 5683 2064 5737; x_wconf 91' lang='lat' dir='ltr'><strong>in</strong></span> 
     </span>
    </p>
   </div>
   <div class='ocr_carea' id='block_1_110' title="bbox 495 5748 1379 5822">
    <p class='ocr_par' dir='ltr' id='par_1_110' title="bbox 495 5748 1379 5822">
     <span class='ocr_line' id='line_1_110' title="bbox 495 5748 1379 5822; baseline 0.002 -20"><span class='ocrx_word' id='word_1_795' title='bbox 495 5748 825 5805; x_wconf 56' lang='lat' dir='ltr'><strong>Vita&#39;Basilii</strong></span> <span class='ocrx_word' id='word_1_796' title='bbox 857 5767 955 5821; x_wconf 91' lang='lat' dir='ltr'><strong>pro</strong></span> <span class='ocrx_word' id='word_1_797' title='bbox 986 5748 1379 5822; x_wconf 81' lang='lat' dir='ltr'><strong>Amphilochio.</strong></span> 
     </span>
    </p>
   </div>
   <div class='ocr_carea' id='block_1_111' title="bbox 1667 5869 1880 5896">
    <p class='ocr_par' dir='ltr' id='par_1_111' title="bbox 1667 5869 1880 5896">
     <span class='ocr_line' id='line_1_111' title="bbox 1667 5869 1880 5896; baseline -0.005 0"><span class='ocrx_word' id='word_1_798' title='bbox 1667 5876 1678 5889; x_wconf 74' lang='lat'><strong><em>&#39;</em></strong></span> <span class='ocrx_word' id='word_1_799' title='bbox 1688 5892 1693 5893; x_wconf 45' lang='grc' dir='ltr'><em>γ</em></span> <span class='ocrx_word' id='word_1_800' title='bbox 1698 5869 1775 5896; x_wconf 45' lang='grc' dir='ltr'>ἔρι’.</span> <span class='ocrx_word' id='word_1_801' title='bbox 1784 5872 1815 5894; x_wconf 51' lang='grc' dir='ltr'>τθ</span> <span class='ocrx_word' id='word_1_802' title='bbox 1870 5883 1880 5895; x_wconf 66' lang='grc' dir='ltr'>ι</span> 
     </span>
    </p>
   </div>
   <div class='ocr_carea' id='block_1_112' title="bbox 2239 4980 3750 5053">
    <p class='ocr_par' dir='ltr' id='par_1_112' title="bbox 2239 4980 3750 5053">
     <span class='ocr_line' id='line_1_112' title="bbox 2239 4980 3750 5053; baseline 0.002 -18"><span class='ocrx_word' id='word_1_803' title='bbox 2239 4981 2353 5053; x_wconf 75' lang='grc'><strong>(92)</strong></span> <span class='ocrx_word' id='word_1_804' title='bbox 2381 4983 2486 5036; x_wconf 80' lang='grc' dir='ltr'><strong>Διὰ</strong></span> <span class='ocrx_word' id='word_1_805' title='bbox 2529 4982 2721 5053; x_wconf 20' lang='grc' dir='ltr'>τοῦτοί</span> <span class='ocrx_word' id='word_1_806' title='bbox 2751 4986 2806 5037; x_wconf 82' lang='grc' dir='ltr'>οὶ</span> <span class='ocrx_word' id='word_1_807' title='bbox 2841 4983 2958 5053; x_wconf 72' lang='grc' dir='ltr'><strong>μὲν</strong></span> <span class='ocrx_word' id='word_1_808' title='bbox 2985 4984 3128 5041; x_wconf 76' lang='grc' dir='ltr'><strong>ἄνω.</strong></span> <span class='ocrx_word' id='word_1_809' title='bbox 3159 4982 3416 5039; x_wconf 83' lang='lat' dir='ltr'><strong>Pluribus</strong></span> <span class='ocrx_word' id='word_1_810' title='bbox 3446 4980 3750 5052; x_wconf 85' lang='lat' dir='ltr'><strong>eodemque</strong></span> 
     </span>
    </p>
   </div>
   <div class='ocr_carea' id='block_1_113' title="bbox 2169 5052 3750 5122">
    <p class='ocr_par' dir='ltr' id='par_1_113' title="bbox 2169 5052 3750 5122">
     <span class='ocr_line' id='line_1_113' title="bbox 2169 5052 3750 5122; baseline -0.002 -13"><span class='ocrx_word' id='word_1_811' title='bbox 2169 5068 2357 5117; x_wconf 89' lang='lat' dir='ltr'><strong>sensu,</strong></span> <span class='ocrx_word' id='word_1_812' title='bbox 2391 5059 2530 5107; x_wconf 82' lang='lat' dir='ltr'><strong>orat.</strong></span> <span class='ocrx_word' id='word_1_813' title='bbox 2569 5053 2659 5106; x_wconf 89' lang='lat' dir='ltr'><strong>illa</strong></span> <span class='ocrx_word' id='word_1_814' title='bbox 2692 5052 2764 5107; x_wconf 90' lang='lat' dir='ltr'><strong>De</strong></span> <span class='ocrx_word' id='word_1_815' title='bbox 2800 5052 3043 5118; x_wconf 85' lang='lat' dir='ltr'><strong>occursu,</strong></span> <span class='ocrx_word' id='word_1_816' title='bbox 3068 5055 3289 5122; x_wconf 82' lang='lat' dir='ltr'><strong>exponit</strong></span> <span class='ocrx_word' id='word_1_817' title='bbox 3323 5052 3463 5107; x_wconf 89' lang='lat' dir='ltr'><strong>idem</strong></span> <span class='ocrx_word' id='word_1_818' title='bbox 3501 5054 3750 5120; x_wconf 86' lang='lat' dir='ltr'><strong>seraphi-</strong></span> 
     </span>
    </p>
   </div>
   <div class='ocr_carea' id='block_1_114' title="bbox 2169 5122 3747 5193">
    <p class='ocr_par' dir='ltr' id='par_1_114' title="bbox 2169 5122 3747 5193">
     <span class='ocr_line' id='line_1_114' title="bbox 2169 5122 3747 5193; baseline -0.001 -17"><span class='ocrx_word' id='word_1_819' title='bbox 2169 5138 2295 5177; x_wconf 91' lang='lat' dir='ltr'><strong>cum</strong></span> <span class='ocrx_word' id='word_1_820' title='bbox 2329 5123 2642 5193; x_wconf 75' lang='lat' dir='ltr'><strong>canticum;</strong></span> <span class='ocrx_word' id='word_1_821' title='bbox 2685 5131 2742 5177; x_wconf 90' lang='lat' dir='ltr'><strong>ut</strong></span> <span class='ocrx_word' id='word_1_822' title='bbox 2772 5132 3043 5193; x_wconf 88' lang='lat' dir='ltr'><strong>postrema</strong></span> <span class='ocrx_word' id='word_1_823' title='bbox 3073 5125 3219 5177; x_wconf 90' lang='lat' dir='ltr'><strong>illius</strong></span> <span class='ocrx_word' id='word_1_824' title='bbox 3245 5131 3419 5193; x_wconf 85' lang='lat' dir='ltr'><strong>parte.</strong></span> <span class='ocrx_word' id='word_1_825' title='bbox 3449 5122 3623 5191; x_wconf 87' lang='lat' dir='ltr'><strong>palam</strong></span> <span class='ocrx_word' id='word_1_826' title='bbox 3655 5138 3747 5177; x_wconf 90' lang='lat' dir='ltr'><strong>ce—</strong></span> 
     </span>
    </p>
   </div>
   <div class='ocr_carea' id='block_1_115' title="bbox 2168 5191 3749 5262">
    <p class='ocr_par' dir='ltr' id='par_1_115' title="bbox 2168 5191 3749 5262">
     <span class='ocr_line' id='line_1_115' title="bbox 2168 5191 3749 5262; baseline -0.001 -16"><span class='ocrx_word' id='word_1_827' title='bbox 2168 5193 2410 5247; x_wconf 89' lang='lat' dir='ltr'><strong>lebretur</strong></span> <span class='ocrx_word' id='word_1_828' title='bbox 2430 5191 2746 5247; x_wconf 86' lang='lat' dir='ltr'><strong>Dominicus</strong></span> <span class='ocrx_word' id='word_1_829' title='bbox 2774 5191 3039 5250; x_wconf 81' lang='lat' dir='ltr'><strong>adventus</strong></span> <span class='ocrx_word' id='word_1_830' title='bbox 3066 5204 3120 5248; x_wconf 88' lang='lat' dir='ltr'><strong>et</strong></span> <span class='ocrx_word' id='word_1_831' title='bbox 3147 5191 3455 5262; x_wconf 77' lang='grc' dir='ltr'>οἰκονομξας</span> <span class='ocrx_word' id='word_1_832' title='bbox 3488 5206 3594 5262; x_wconf 86' lang='lat' dir='ltr'><strong>qua</strong></span> <span class='ocrx_word' id='word_1_833' title='bbox 3622 5208 3749 5245; x_wconf 81' lang='lat' dir='ltr'><strong>vere</strong></span> 
     </span>
    </p>
   </div>
   <div class='ocr_carea' id='block_1_116' title="bbox 2171 5261 3747 5332">
    <p class='ocr_par' dir='ltr' id='par_1_116' title="bbox 2171 5261 3747 5332">
     <span class='ocr_line' id='line_1_116' title="bbox 2171 5261 3747 5332; baseline -0.001 -17"><span class='ocrx_word' id='word_1_834' title='bbox 2171 5263 2275 5316; x_wconf 77' lang='lat' dir='ltr'><strong>fuit</strong></span> <span class='ocrx_word' id='word_1_835' title='bbox 2305 5265 2463 5332; x_wconf 91' lang='lat' dir='ltr'><strong>plena</strong></span> <span class='ocrx_word' id='word_1_836' title='bbox 2494 5269 2658 5324; x_wconf 87' lang='lat' dir='ltr'><strong>terra,</strong></span> <span class='ocrx_word' id='word_1_837' title='bbox 2693 5264 2864 5332; x_wconf 89' lang='lat' dir='ltr'><strong>gloria</strong></span> <span class='ocrx_word' id='word_1_838' title='bbox 2892 5263 3103 5317; x_wconf 90' lang='lat' dir='ltr'><strong>Domini</strong></span> <span class='ocrx_word' id='word_1_839' title='bbox 3130 5279 3147 5327; x_wconf 88' lang='lat'><strong><em>;</em></strong></span> <span class='ocrx_word' id='word_1_840' title='bbox 3189 5261 3481 5316; x_wconf 60' lang='lat' dir='ltr'><strong>obcaecatis</strong></span> <span class='ocrx_word' id='word_1_841' title='bbox 3527 5261 3747 5332; x_wconf 73' lang='lat' dir='ltr'><strong>interim</strong></span> 
     </span>
    </p>
   </div>
   <div class='ocr_carea' id='block_1_117' title="bbox 2170 5330 3744 5402">
    <p class='ocr_par' dir='ltr' id='par_1_117' title="bbox 2170 5330 3744 5402">
     <span class='ocr_line' id='line_1_117' title="bbox 2170 5330 3744 5402; baseline -0.005 -13"><span class='ocrx_word' id='word_1_842' title='bbox 2170 5330 2422 5402; x_wconf 62' lang='lat' dir='ltr'><strong>Judteis:</strong></span> <span class='ocrx_word' id='word_1_843' title='bbox 2472 5347 2633 5402; x_wconf 87' lang='lat' dir='ltr'><strong>quam</strong></span> <span class='ocrx_word' id='word_1_844' title='bbox 2668 5330 2855 5387; x_wconf 85' lang='lat' dir='ltr'><strong>eorum</strong></span> <span class='ocrx_word' id='word_1_845' title='bbox 2898 5336 3197 5387; x_wconf 70' lang='lat' dir='ltr'><strong>caecitatem</strong></span> <span class='ocrx_word' id='word_1_846' title='bbox 3240 5331 3366 5402; x_wconf 72' lang='lat' dir='ltr'><strong>olim</strong></span> <span class='ocrx_word' id='word_1_847' title='bbox 3402 5330 3744 5402; x_wconf 78' lang='lat' dir='ltr'><strong>praedictam,</strong></span> 
     </span>
    </p>
   </div>
   <div class='ocr_carea' id='block_1_118' title="bbox 2166 5399 3748 5472">
    <p class='ocr_par' dir='ltr' id='par_1_118' title="bbox 2166 5399 3748 5472">
     <span class='ocr_line' id='line_1_118' title="bbox 2166 5399 3748 5472; baseline -0.003 -15"><span class='ocrx_word' id='word_1_848' title='bbox 2166 5410 2315 5457; x_wconf 87' lang='lat' dir='ltr'><strong>recte</strong></span> <span class='ocrx_word' id='word_1_849' title='bbox 2345 5399 2653 5458; x_wconf 71' lang='lat' dir='ltr'><strong>Mvtliodius</strong></span> <span class='ocrx_word' id='word_1_850' title='bbox 2678 5412 2863 5458; x_wconf 86' lang='lat' dir='ltr'><strong>noster</strong></span> <span class='ocrx_word' id='word_1_851' title='bbox 2894 5411 3127 5472; x_wconf 86' lang='lat' dir='ltr'><strong>utroque</strong></span> <span class='ocrx_word' id='word_1_852' title='bbox 3157 5402 3298 5463; x_wconf 90' lang='lat' dir='ltr'><strong>loco,</strong></span> <span class='ocrx_word' id='word_1_853' title='bbox 3324 5399 3553 5455; x_wconf 80' lang='lat' dir='ltr'><strong>Domino</strong></span> <span class='ocrx_word' id='word_1_854' title='bbox 3582 5414 3748 5470; x_wconf 87' lang='lat' dir='ltr'><strong>appa-</strong></span> 
     </span>
    </p>
   </div>
   <div class='ocr_carea' id='block_1_119' title="bbox 2165 5472 3746 5536">
    <p class='ocr_par' dir='ltr' id='par_1_119' title="bbox 2165 5472 3746 5536">
     <span class='ocr_line' id='line_1_119' title="bbox 2165 5472 3746 5536; baseline -0.004 -9"><span class='ocrx_word' id='word_1_855' title='bbox 2165 5482 2341 5536; x_wconf 89' lang='lat' dir='ltr'><strong>rente,</strong></span> <span class='ocrx_word' id='word_1_856' title='bbox 2376 5472 2601 5528; x_wconf 82' lang='lat' dir='ltr'><strong>oll&#39;endit</strong></span> <span class='ocrx_word' id='word_1_857' title='bbox 2627 5482 2824 5528; x_wconf 82' lang='lat' dir='ltr'><strong>eventu</strong></span> <span class='ocrx_word' id='word_1_858' title='bbox 2853 5481 3117 5533; x_wconf 78' lang='lat' dir='ltr'><strong>secutam,</strong></span> <span class='ocrx_word' id='word_1_859' title='bbox 3151 5481 3211 5524; x_wconf 91' lang='lat' dir='ltr'><strong>ut</strong></span> <span class='ocrx_word' id='word_1_860' title='bbox 3240 5472 3484 5525; x_wconf 81' lang='lat' dir='ltr'><strong>videatur</strong></span> <span class='ocrx_word' id='word_1_861' title='bbox 3515 5472 3619 5525; x_wconf 88' lang='lat' dir='ltr'><strong>ista</strong></span> <span class='ocrx_word' id='word_1_862' title='bbox 3649 5485 3746 5522; x_wconf 85' lang='grc' dir='ltr'>πε-</span> 
     </span>
    </p>
   </div>
   <div class='ocr_carea' id='block_1_120' title="bbox 2170 5540 3643 5666">
    <p class='ocr_par' dir='ltr' id='par_1_120' title="bbox 2170 5540 3643 5666">
     <span class='ocr_line' id='line_1_120' title="bbox 2170 5540 3643 5666; baseline 0.001 -72"><span class='ocrx_word' id='word_1_863' title='bbox 2170 5544 2323 5666; x_wconf 51' lang='grc' dir='ltr'>ριοξή</span> <span class='ocrx_word' id='word_1_864' title='bbox 2378 5544 2632 5613; x_wconf 71' lang='grc' dir='ltr'>ιπωοίρυί</span> <span class='ocrx_word' id='word_1_865' title='bbox 2665 5544 3000 5597; x_wconf 86' lang='lat' dir='ltr'><strong>characteris</strong></span> <span class='ocrx_word' id='word_1_866' title='bbox 3028 5543 3149 5597; x_wconf 91' lang='lat' dir='ltr'><strong>loco</strong></span> <span class='ocrx_word' id='word_1_867' title='bbox 3172 5542 3362 5596; x_wconf 88' lang='lat' dir='ltr'><strong>huicce</strong></span> <span class='ocrx_word' id='word_1_868' title='bbox 3391 5540 3643 5598; x_wconf 83' lang='lat' dir='ltr'><strong>orationi.</strong></span> 
     </span>
     <span class='ocr_line' id='line_1_121' title="bbox 2239 5611 3083 5666; baseline -0.002 0"><span class='ocrx_word' id='word_1_869' title='bbox 2239 5620 2252 5666; x_wconf 89' lang='lat' dir='ltr'><strong>t</strong></span> <span class='ocrx_word' id='word_1_870' title='bbox 2298 5612 2352 5666; x_wconf 81' lang='lat' dir='ltr'><strong>&#39;5l</strong></span> <span class='ocrx_word' id='word_1_871' title='bbox 2401 5614 2692 5666; x_wconf 77' lang='grc' dir='ltr'>Ἐπύθετο.</span> <span class='ocrx_word' id='word_1_872' title='bbox 2718 5611 2826 5666; x_wconf 88' lang='lat' dir='ltr'><strong>AL.</strong></span> <span class='ocrx_word' id='word_1_873' title='bbox 2860 5614 3083 5666; x_wconf 73' lang='grc' dir='ltr'>ἐσείετο.</span> 
     </span>
    </p>
   </div>
   <div class='ocr_carea' id='block_1_121' title="bbox 2239 5611 3083 5679">
    <p class='ocr_par' dir='ltr' id='par_1_121' title="bbox 2239 5611 3083 5679">
     <span class='ocr_line' id='line_1_122' title="bbox 2239 5611 3083 5679; baseline -0.002 -13"><span class='ocrx_word' id='word_1_874' title='bbox 2239 5611 2352 5679; x_wconf 81' lang='lat'><strong>(9&#39;5)</strong></span> <span class='ocrx_word' id='word_1_875' title='bbox 2380 5611 2692 5667; x_wconf 42' lang='grc' dir='ltr'>ἸΕπύθετο.</span> <span class='ocrx_word' id='word_1_876' title='bbox 2718 5611 2826 5677; x_wconf 87' lang='lat' dir='ltr'><strong>AL,</strong></span> <span class='ocrx_word' id='word_1_877' title='bbox 2860 5614 3083 5666; x_wconf 73' lang='grc' dir='ltr'>ἐσείετο.</span> 
     </span>
    </p>
   </div>
   <div class='ocr_carea' id='block_1_122' title="bbox 2202 5680 3427 5763">
    <p class='ocr_par' dir='ltr' id='par_1_122' title="bbox 2202 5680 3427 5763">
     <span class='ocr_line' id='line_1_123' title="bbox 2202 5680 3427 5763; baseline -0.001 -26"><span class='ocrx_word' id='word_1_878' title='bbox 2202 5757 2208 5763; x_wconf 19' lang='grc' dir='ltr'><em>Α</em></span> <span class='ocrx_word' id='word_1_879' title='bbox 2244 5682 2355 5755; x_wconf 68' lang='lat'><strong>(94)</strong></span> <span class='ocrx_word' id='word_1_880' title='bbox 2397 5684 2830 5756; x_wconf 68' lang='grc' dir='ltr'>Ἀνακέκραγεν.</span> <span class='ocrx_word' id='word_1_881' title='bbox 2867 5684 2975 5763; x_wconf 56' lang='lat' dir='ltr'><strong>AL,</strong></span> <span class='ocrx_word' id='word_1_882' title='bbox 3000 5680 3427 5754; x_wconf 72' lang='grc' dir='ltr'>προανεκραγεν.</span> 
     </span>
    </p>
   </div>
  </div>
