4110 6446
382 346 492 403 asa
1450 351 1713 410 ORATIO
1752 352 1819 408 IN
1858 353 2098 411 nanos
2127 315 2544 411 PALuanuuf
2698 322 2701 323 ί
3542 367 3652 424 sou

377 480 476 534 γον
528 466 594 535 τῇ
645 464 899 539 ἀσθενείᾳ
949 469 1286 541 παράλυτον,
1331 472 1713 543 προστάγματι
1750 472 1951 538 διαζευ-

2066 472 2234 530 Deum
2262 473 2667 545 praedicantem,
2693 473 2787 545 qui
2809 474 2990 533 visum
3010 478 3366 538 restituisset.
3385 479 3653 541 Viderunt

377 552 575 625 χθέντα
609 555 709 625 τῆς
750 560 1068 630 κακουχίας.
1109 560 1430 615 Ἐθεάσαντο
1472 563 1722 637 Λάζαρον
1756 565 1966 635 φυγάδα

376 646 608 700 θανάτου
634 650 914 717 γεγονότα.
956 653 1233 706 Ἤκουσαν
1257 653 1350 707 τὸν
1376 655 1433 709 ὲν
1466 655 1703 731 θαλάττῃ
1730 659 1966 731 περίπα-

374 753 466 789 τον
487 753 501 766 ¹
536 736 634 808 τὴν
673 738 1029 811 ἀγεώργητον
1054 743 1347 798 οίνοδοσίαν
1366 761 1380 775 ·
1405 744 1503 817 τὴν
1528 747 1764 820 άμοχθον
1800 753 1965 822 ἀρτο-

378 833 582 899 φαγίαν
602 850 617 865 ’
649 833 748 905 τὴν
784 835 893 889 τῶν
929 837 1198 909 δαιμόνων
1235 839 1536 896 ἀπελασίαν
1560 860 1574 873 ·
1608 845 1705 916 τὴν
1729 845 1839 900 τῶν
1868 864 1966 901 κα-

379 926 621 996 μνόντων
642 928 963 998 εὐρωστῖαν.
1000 933 1063 985 Αἱ
1092 918 1340 987 πλατεῖαι
1367 935 1545 990 αὐτῶν
1576 936 1675 1001 τὰς
1706 938 1966 1011 δυνάμεις

374 1017 672 1087 ἐκήρυττον
694 1033 708 1047 ’
738 1017 793 1070 αἱ
822 1017 930 1072 ὁδοὶ
958 1021 1137 1074 αὗτῶν
1163 1022 1263 1086 τὰς
1298 1025 1468 1090 ἰάσεις
1489 1030 1602 1091 τοῖς
1623 1028 1962 1103 ὁδοιποροῦσι

375 1111 764 1179 κατήγγελλον.
810 1112 969 1166 Πᾶσα
1008 1113 1234 1168 Ἰουδαία
1271 1117 1567 1190 ἐπληρώθη
1593 1121 1707 1174 τῶν
1737 1123 1961 1195 εὐεργε-

377 1200 542 1255 σιῶνο
593 1204 688 1257 καὶ
728 1202 823 1257 νῦν
861 1205 1149 1271 ἀκούοντες
1188 1207 1324 1262 Θεοῦ
1366 1206 1530 1277 αἶνον,
1568 1213 1956 1270 πυνθάνονται·

378 1293 475 1360 Τίς
512 1280 940 1364 ἐστινόὖτος;
973 1299 1035 1351 Ὢ
1071 1299 1256 1364 ἀνοίας
1292 1301 1401 1355 τῶν
1426 1302 1788 1376 ψευδωνύμων
1814 1307 1960 1361 διδα-

370 1387 616 1443 σκάλωνί
648 1388 692 1441 ὣ
731 1389 840 1443 τῶν
882 1391 1124 1446 ἀπειθῶν
1164 1393 1449 1466 πατέρωνῑ
1488 1395 1534 1449 ὣ
1558 1397 1667 1449 τῶν
1710 1398 1959 1469 ἀφρόνων

369 1479 784 1554 πρεσϐυτέρωνί
813 1481 859 1536 ὣ
879 1483 1120 1554 σπέρμα
1157 1486 1401 1541 Χαναὰν
1426 1488 1519 1541 τοῦ
1564 1488 1835 1555 ἀναιδοῦς,
1864 1491 1958 1544 καὶ

369 1571 506 1641 οὐχὶ
544 1571 730 1627 Ἰούδα
755 1573 850 1627 τοῦ
883 1574 1164 1641 εὐλασοῦς.
1202 1578 1285 1631 Τά
1311 1578 1478 1633 τέκνα
1518 1579 1836 1649 ἐπέγνωσαν
1865 1583 1958 1636 τὸν
1988 1644 1993 1649 Α

371 1661 615 1735 κτίστην,
652 1664 746 1718 καὶ
776 1666 828 1717 οἱ
866 1666 1111 1732 ἀπειθεῖς
1147 1668 1382 1740 πατέρες
1412 1667 1596 1738 ἔλεγον
1615 1687 1628 1700 ·
1665 1670 1762 1737 Τίς
1785 1671 1958 1727 ἐστιν

374 1749 586 1821 οὗτος-ζ
620 1755 686 1808 Ἢ
708 1756 802 1810 νέα
826 1759 920 1811 καὶ
942 1758 1113 1831 ἀδαὴς
1149 1760 1333 1832 ἡλικία
1375 1760 1466 1815 τὸν
1488 1761 1620 1816 Θεὸν
1646 1763 1920 1837 άνύμνησε
1936 1807 1952 1832 ,

2069 564 2430 636 paralyticum
2460 579 2642 621 coieva
2663 564 3000 633 inﬁrmitate,
3032 572 3349 643 arctiusque
3375 572 3653 645 implicata

2067 658 2211 711 mala
2250 658 2585 722 valetudine,
2611 658 2840 728 jubente
2866 660 3007 731 ipso,
3033 662 3347 719 absolutum
3375 666 3442 721 ⁵⁷.
3476 665 3653 723 Laza-

2065 764 2189 803 rum
2218 758 2647 821 conspexerunt,
2672 751 2865 808 mortis
2891 751 3096 807 factum
3128 755 3415 828 profugam
3440 758 3508 811 ⁸⁸.
3535 758 3652 813 Au-

2065 841 2284 897 dierunt
2313 858 2436 898 eum
2469 843 2782 899 ambulasse
2809 844 2864 899 in
2895 844 3035 900 mari
3064 846 3132 912 '9,
3161 846 3350 902 vinum
3380 849 3499 905 sine
3534 851 3650 905 cul-

2064 940 2187 988 tura
2231 933 2708 990 subministratum
2743 936 2812 1003 “,
2860 945 3138 994 comestos
3187 955 3359 1010 panes
3398 942 3650 997 convivio

2065 1024 2210 1079 ultro
2228 1024 2518 1090 instructo,
2537 1027 2578 1057 “
2613 1025 2829 1097 fugatos
2843 1027 3144 1094 daemones,
3162 1029 3409 1086 inﬁrmos
3428 1030 3650 1087 sanitati

2062 1116 2348 1171 restitutos
2377 1117 2440 1170 ".
2468 1115 2669 1173 Plateaa
2706 1118 2948 1189 ipsorum
2990 1118 3365 1189 praedicabant
3392 1122 3648 1188 virtutes,

2061 1207 2165 1261 viae
2198 1208 2484 1278 agentibus
2537 1212 2638 1263 iter
2670 1210 2986 1266 sanationes
3014 1212 3435 1268 annuntiabant.
3463 1212 3650 1270 Iudaea

2065 1304 2176 1352 tota
2218 1299 2498 1353 beneﬁciis
2540 1301 2822 1379 cumulata
2867 1309 3014 1371 erat;
3063 1304 3457 1374 audientesque
3488 1307 3651 1363 modo

2062 1388 2276 1445 divinas
2306 1390 2517 1454 laudes,
2543 1390 2881 1462 interrogant
2905 1411 2919 1447 :
2947 1394 3079 1460 Quis
3109 1404 3185 1448 est
3212 1395 3333 1451 hic?
3359 1396 3403 1451 Ο
3426 1397 3650 1454 demen—

2061 1481 2188 1534 tiam
2219 1480 2343 1538 falsi
2386 1482 2626 1539 nominis
2668 1483 3088 1550 magistrorum!
3137 1501 3170 1539 ο
3205 1487 3517 1544 incredulos
3550 1504 3650 1560 pa-

2058 1576 2199 1630 tres!
2235 1591 2269 1630 o
2301 1576 2625 1646 insipientes
2665 1578 2944 1633 seniores!
2983 1590 3016 1626 ο
3052 1576 3311 1632 Chanaan
3351 1580 3646 1651 impuden-

2057 1666 2131 1722 tis
2161 1684 2355 1730 semen,
2392 1684 2498 1722 non
2535 1669 2844 1725 reverentis
2865 1676 2921 1724 et
2946 1669 3185 1724 timorati
3207 1667 3354 1724 Juda
3378 1672 3441 1728 °'.
3466 1673 3649 1744 Agno-

2055 1764 2254 1812 verunt
2294 1760 2449 1829 pueri
2496 1759 2854 1824 Creatorem,
2910 1768 3166 1830 parentes
3207 1776 3334 1817 vero
3380 1762 3646 1819 increduli

371 1846 470 1900 καὶ
494 1850 550 1901 οἱ
575 1849 1050 1919 πεπαλαιωμένοι
1086 1852 1322 1921 ἡμερῶν
1350 1851 1550 1908 κακῶν
1574 1833 1950 1911 ἐπυνθάνοντοο

2059 1848 2317 1905 dicebant
2348 1869 2361 1905 :
2405 1851 2536 1918 Quis
2562 1860 2643 1906 est
2664 1851 2787 1907 hic?
2816 1850 2965 1906 Nova
2991 1860 3046 1907 et
3073 1852 3226 1908 rudis
3253 1862 3385 1910 aetas
3418 1854 3526 1910 Deo
3555 1872 3649 1913 ce-

375 1938 472 2004 Τίς
506 1938 678 1992 ἐστιν
709 1935 920 2007 οὖτος;
950 1940 1284 2012 Θηλάξοντες
1321 1944 1648 2015 θεολογοῦσι,
1694 1948 1788 2002 καὶ
1822 1966 1955 2022 πρε-

371 2028 621 2101 σϐύτεροι
657 2029 1035 2103 βλασφημοῦσι
1055 2049 1069 2062 ·
1109 2034 1296 2097 παῖδες
1342 2035 1584 2100 εὐσεϐῶς
1616 2038 1954 2111 ίερουργοῦσι

365 2118 535 2191 αἶνον,
569 2123 664 2177 καὶ
706 2122 916 2198 άνίεροι
964 2125 1129 2196 ἱερεῖς
1160 2126 1441 2191 δυσσεϐῶς
1478 2129 1949 2199 ἀγανακτοῦσιν.

440 2397 510 2448 Δν.
543 2396 609 2450 οι
628 2395 972 2463 ἀπειθεῖς-ἐν
994 2396 1284 2465 φρονήσει
1299 2396 1569 2465 δικαίων,
1592 2399 1952 2471 ἐπιστρέψατε

364 2487 464 2552 τὰς
500 2488 723 2560 καρδίας
752 2489 910 2559 ὑμῶν
950 2489 1044 2543 ἐπὶ
1088 2489 1159 2543 τά
1186 2489 1353 2544 τέκνα
1386 2490 1560 2562 ὑμῶν.
1592 2492 1807 2545 Μάθετε
1850 2510 1953 2562 μυ-

366 2580 564 2651 στήρια
592 2580 727 2634 Θεοῦ
745 2598 758 2611 ⁸
798 2582 928 2635 αὐτὸ
955 2581 1016 2634 τὸ
1043 2578 1368 2654 τελοῦμενον
1398 2583 1683 2656 μαρτυρεῖ,
1711 2583 1793 2636 ὅτι
1817 2583 1952 2649 Bede;

364 2672 514 2726 ἐστιν
536 2672 565 2725 6
589 2671 760 2736 οὕτως
785 2670 1022 2741 ἀνυμνοῦ
1031 2689 1188 2744 μενος
1215 2672 1319 2726 ὑπὸ
1346 2672 1642 2727 ἀδιδάκτων
1668 2672 1949 2742 γλωσσῶν.

379 2761 684 2833 Ἐρευνᾶζε
711 2764 819 2830 τὰς
852 2767 879 2817 1
887 2764 1115 2833 ’ραφὰᾳ
1157 2763 1340 2828 καθὼς
1369 2764 1640 2836 ἠκούσατε
1666 2764 1817 2837 παρὰ
1855 2763 1950 2818 τοῦ

362 2855 635 2908 Δεσπότου
658 2872 671 2885 ·
711 2856 799 2910 ὅτι
835 2855 1018 2911 αὗταί
1058 2858 1218 2911 εἰσιν
1261 2859 1321 2911 al
1359 2856 1773 2926 μαρτυροῦσαι
1817 2856 1950 2924 περὶ

361 2947 569 3012 αὑτοῦ,
611 2949 704 3002 καὶ
743 2949 844 3002 οὐκ
889 2950 1133 3018 ἀγνοεῖτε
1178 2948 1241 3004 τὸ
1286 2948 1490 3022 θαῦμα.
1545 2949 1856 3013 Ἀκούσατε,
1901 2949 1951 3003 οἱ

362 3038 762 3111 ἀχαριτώτατον.
795 3039 908 3110 (95)
964 3041 1060 3095 καλ⁸
1107 3041 1414 3112 ἀχάριστοι,
1457 3039 1507 3093 τί
1543 3039 1950 3111 εὐαγγελίζεται

363 3130 532 3201 ὑμῖνὸ
550 3132 832 3203 προφήτης
857 3132 1155 3205 Ζαχαρίας.
1175 3134 1312 3206 Φησὶ
1337 3132 1465 3204 γάρ·
1492 3132 1668 3201 Χα’ρε
1691 3132 1949 3203 σφόδρα,

2057 1940 2195 1997 cinit
2223 1941 2462 2008 laudem,
2494 1943 2871 2014 inveteratique
2898 1943 3160 1998 malorum
3196 1943 3403 2000 dierum
3436 1947 3482 1980 “
3515 1963 3643 2018 per-

2054 2033 2457 2090 mutabantur:
2502 2033 2635 2101 Quis
2672 2043 2750 2089 est
2795 2034 2920 2091 hic?
2966 2033 3255 2092 Lactentes
3299 2037 3643 2094 divinitatem

2054 2123 2300 2190 laudant,
2330 2125 2705 2197 "senioresque
2749 2127 3105 2198 blasphemiis
3130 2135 3414 2199 appetunt.
3477 2128 3643 2186 Pueri

2054 2216 2144 2287 pie
2185 2217 2500 2273 sacriﬁcant
2529 2218 2775 2288 laudem,
2825 2218 3151 2293 profanique
3186 2222 3502 2280 sacerdotes
3537 2224 3642 2278 im-

2054 2307 2144 2378 pie
2174 2308 2518 2379 indignantur
2543 2310 2609 2365 “.

2121 2396 2209 2452 IV.
2254 2397 2526 2453 Increduli
2577 2399 2646 2453 ad
2692 2399 3030 2470 prudentiam
3060 2401 3421 2472 fastorum“,
3471 2402 3639 2460 corda

2053 2497 2235 2544 vestra
2282 2490 2585 2545 convertite
2633 2490 2701 2546 ad
2736 2491 2880 2549 ﬁlios
2920 2501 3156 2550 vestros.
3191 2492 3400 2551 Discite
3449 2511 3641 2551 sacra-

2052 2587 2237 2635 menta
2268 2579 2364 2636 Dei
2414 2600 2427 2636 :
2478 2582 2638 2638 testis
2677 2590 2762 2639 est
2794 2599 2884 2640 res
2913 2585 3031 2656 ipsa
3073 2601 3195 2656 qua:
3228 2584 3430 2656 agitur,
3463 2585 3636 2644 Deum

2052 2688 2177 2727 esse
2219 2674 2311 2743 qui
2363 2674 2441 2729 sic
2476 2673 2546 2729 ab
2581 2673 2819 2731 indoctis
2866 2677 3067 2747 linguis
3097 2677 3438 2732 decantetur.
3476 2676 3641 2733 Scru-

2052 2765 2245 2817 tamiui
2278 2763 2607 2834 δτι-ἤρτηται,
2637 2767 3095 2836 quemadmodum
3128 2766 3360 2822 audistis
3402 2783 3429 2820 a
3452 2766 3640 2822 Domi-

2054 2869 2145 2916 no,
2177 2857 2426 2924 quoniam
2458 2857 2568 2911 illa:
2596 2866 2720 2910 sunt
2748 2872 2868 2926 qua:
2893 2858 3248 2912 testimonium
3273 2857 3542 2927 perhibent
3572 2859 3640 2914 de

2066 2947 2183 3015 ipso
2212 2947 2280 3012 ",
2318 2964 2419 3003 nec
2445 2949 2770 3005 miraculum
2810 2950 3078 3020 ignorate.
3107 2950 3325 3015 Audite,
3364 2951 3484 3006 sine
3513 2966 3640 3021 gra-

2053 3040 2129 3093 tia
2156 3040 2405 3098 homines
2432 3041 2764 3113 ingratique,
2786 3042 2919 3113 quid
2943 3042 3100 3099 vobis
3128 3042 3293 3099 fausti
3323 3043 3502 3098 nuntii
3522 3042 3634 3097 Za-

2053 3130 2271 3186 charias
2305 3131 2516 3186 afferat.
2552 3132 2648 3186 Ait
2691 3134 2834 3188 enim
2873 3151 2887 3186 :
2920 3130 3109 3187 Gaude
3145 3134 3481 3198 vehementer,
3519 3135 3638 3204 ﬁlia

360 3222 614 3292 θύγατερ
652 3222 823 3278 Σιών·
872 3223 999 3278 ἰδοὺ
1034 3226 1067 3278 ό
1093 3225 1399 3290 Βασιλεύς
1440 3239 1555 3278 σου
1585 3225 1820 3295 ἔρχεταί
1849 3240 1947 3279 σοι

2053 3218 2181 3275 Sion
2214 3238 2231 3275 :
2258 3238 2372 3276 ecce
2399 3222 2512 3276 Rea;
2540 3233 2660 3279 tuus
2689 3224 2826 3278 venit
2849 3223 2944 3277 tibi
2956 3224 3141 3295 justus
3175 3236 3224 3282 et
3253 3226 3467 3282 saluans
3489 3226 3637 3296 :ipse

359 3307 591 3378 δίκαιος
611 3312 711 3366 καὶ
733 3311 934 3373 σώζων
952 3331 964 3343 ·
994 3314 1177 3381 αὐτὸς
1206 3312 1419 3382 πραῢς,
1464 3314 1562 3367 καὶ
1590 3313 1950 3383 ἐπιϐεϐηκὼς

359 3402 460 3457 ἐπὶ
488 3403 695 3458 πῶλον
728 3405 873 3460 ὄνου
901 3405 1038 3477 (96).
1076 3406 1228 3459 Διατί
1258 3406 1357 3478 τὴν
1386 3406 1562 3478 χαράν
1593 3406 1946 3473 ἀποσείεσθε;

361 3494 512 3547 Διατί
538 3510 595 3547 τε
629 3493 809 3547 Ἡλίου
833 3495 1161 3566 λάμποντος,
1184 3498 1243 3549 τὸ
1268 3489 1453 3560 σκότος
1482 3499 1731 3568 ἀγαπᾶτε
1753 3515 1766 3564 ;
1798 3501 1948 3553 Διατῖ

361 3585 498 3658 πρὸς
523 3584 621 3657 τὴν
655 3586 998 3658 ἀπολέμητον
1027 3589 1248 3660 εἰρήνην
1281 3589 1542 3659 μελετᾶτε
1577 3590 1849 3662 πόλεμονς
1884 3591 1947 3646 Εἰ

359 3678 538 3733 τοίνυν
581 3680 686 3733 υἱοὶ
743 3679 881 3733 Σιών
938 3682 1084 3746 ἐστε,
1134 3681 1535 3753 συγχορεύσατε
1580 3686 1689 3748 τοῖς
1739 3684 1948 3749 τέκνοις

361 3770 533 3841 ὑμῶν.
559 3772 749 3844 Χαρᾶς
778 3771 998 3843 ἀφορμὴ
1023 3771 1160 3825 ἔστω
1184 3772 1311 3842 ὑμῖν
1342 3774 1371 3844 ἡ
1400 3771 1509 3827 τῶν
1537 3773 1742 3828 τέκνων
1770 3775 1948 3829 θεοσέ-

360 3863 501 3918 ϐεια.
527 3864 743 3920 Μάθετε
792 3867 920 3938 παρ’
954 3866 1132 3922 αὐτῶν
1163 3867 1246 3930 τίς
1279 3870 1307 3921 ὁ
1341 3866 1594 3934 διδάξας;
1635 3867 1719 3931 τίς
1757 3870 1785 3922 6
1830 3886 1948 3921 συν-

359 3955 653 4026 αθροίσας;
683 3956 845 4012 πόθεν
872 3958 939 4012 τά
962 3957 1300 4029 διδάγματα;
1323 3958 1406 4021 τῖς
1433 3958 1466 4029 ἡ
1490 3956 1649 4028 καινὴ
1678 3956 1943 4027 θεολογία,

359 4048 454 4102 καὶ
483 4048 689 4103 παλαιά
730 4049 1072 4122 προφητεία;
1108 4051 1172 4103 Εἰ
1212 4049 1269 4103 δὲ
1303 4048 1605 4120 ἀνθρώπων
1639 4049 1735 4120 μὲν
1773 4050 1946 4114 οὐδεὶς

358 4137 511 4192 οὐδὲν
541 4139 747 4194 τούτων
789 4141 1047 4208 ἐδίδαξεν,
1075 4141 1382 4212 αὐτόματον
1422 4141 1479 4195 δὲ
1521 4141 1611 4196 τὸν
1636 4137 1784 4195 αἶνον
1822 4143 1947 4196 ἀνα-

363 4230 648 4302 μέλπουσι,
670 4232 844 4301 γνῶτε
866 4232 1002 4287 Θεοῦ
1024 4230 1163 4288 εἶναι
1184 4234 1244 4288 τὸ
1269 4234 1428 4306 ἔργον
1447 4250 1460 4264 ’
1490 4233 1566 4297 ὡς
1587 4234 1644 4285 ὲν
1671 4231 1749 4303 τῷ
1777 4233 1946 4304 Νόμῳ

360 4321 701 4394 γέγραπται·
738 4323 832 4375 Ἐκ
862 4324 1159 4394 στόματος
1184 4323 1419 4391 νηπίων
1444 4322 1542 4376 καὶ
1569 4320 1945 4390 θηλαζόντων

359 4413 713 4483 κατηρτήσω
741 4411 933 4470 αἶνον.
965 4413 1364 4469 Διπλασιάσατε
1394 4411 1488 4468 οὖν
1514 4415 1614 4487 τὴν
1634 4413 1831 4486 χαρὰν,
1861 4415 1942 4468 ὅτι

358 4507 615 4561 τοιούτων
656 4507 861 4562 παίδοιν
904 4509 1164 4578 γεγόνατε
1197 4507 1457 4578 πατέρες,
1500 4507 1698 4569 οἵτινες
1740 4505 1836 4559 καὶ
1873 4506 1943 4560 τά

2052 3322 2358 3365 mansuetus
2398 3322 2449 3366 et
2482 3313 2663 3367 sedens
2712 3328 2868 3383 super
2897 3314 3102 3382 pullum
3151 3316 3318 3369 asinw
3337 3316 3403 3369 ⁸⁸.
3428 3314 3633 3386 thuid

2049 3400 2305 3470 gaudium
2354 3403 2651 3472 repellitis?
2697 3403 2889 3472 utquid
2934 3403 3150 3458 lucente
3213 3405 3346 3469 sole,
3381 3407 3638 3462 tenebras

2050 3492 2311 3562 diligitis?
2362 3494 2551 3564 utquid
2613 3493 2879 3549 adversus
2916 3495 3393 3566 inexpugnabi!em
3440 3511 3632 3566 pacem

2049 3586 2386 3640 meditamini
2430 3586 2668 3641 bellum?
2696 3584 2757 3640 Si
2793 3586 2959 3657 igitur
3013 3588 3147 3641 estis
3193 3587 3282 3638 ﬁlii
3320 3584 3476 3651 Sion,
3524 3602 3632 3643 uita

2049 3691 2172 3731 cum
2217 3678 2342 3732 ﬁliis
2391 3679 2591 3734 vestris
2634 3679 2863 3734 choreas
2893 3678 3096 3734 ducite.
3135 3678 3217 3732 Sit
3264 3679 3420 3733 vobis
3444 3678 3633 3748 gaudii

2048 3769 2214 3833 ratio,
2265 3771 2497 3826 ﬁliorum
2537 3772 2748 3842 religio.
2796 3770 2878 3825 Ab
2908 3771 3044 3841 ipsis
3068 3770 3265 3827 discite
3295 3772 3420 3841 quis
3465 3770 3634 3827 fuerit

2047 3860 2280 3917 doctor?
2334 3863 2459 3933 quis
2511 3863 2932 3919 convocaverit?
2979 3861 3123 3918 unde
3172 3864 3458 3917 doctrina?
3511 3879 3633 3934 qua:

2046 3969 2186 4007 nova
2221 3954 2494 4026 theologia
2521 3966 2787 4026 vetusque
2809 3954 3127 4025 prophetia?
3152 3954 3308 4021 Quod
3331 3955 3376 4011 si
3404 3970 3473 4010 ne
3504 3954 3631 4025 quis

2047 4041 2330 4099 hominum
2359 4046 2662 4117 quidquam
2702 4047 2825 4102 illos
2855 4045 3067 4107 docuit,
3096 4045 3244 4099 ultro
3290 4051 3473 4097 autem
3504 4057 3631 4099 mo-

2046 4138 2307 4193 dulantur
2336 4138 2572 4205 laudem,
2622 4139 2718 4193 Dei
2765 4154 2905 4210 opus
2943 4138 3284 4208 cognoscite;
3316 4134 3460 4191 sicut
3489 4136 3631 4192 scri-

2045 4240 2196 4301 ptum
2226 4239 2312 4286 est
2342 4231 2397 4285 in
2428 4231 2546 4302 lege
2592 4252 2605 4286 :
2642 4231 2728 4286 Ea:
2773 4250 2860 4286 ore
2901 4233 3191 4301 infantium
3226 4238 3279 4283 et
3316 4229 3629 4285 laetantium

2042 4322 2306 4392 perfeciin
2353 4322 2560 4377 laudem
2596 4324 2661 4379 ".
2710 4324 2867 4395 Agite
2923 4338 3054 4388 ergo
3100 4321 3298 4390 duplex
3342 4318 3625 4391 gaudium,

2045 4412 2190 4481 quod
2224 4412 2415 4466 talium
2453 4428 2745 4482 puerorum
2781 4411 2909 4466 facti
2931 4411 3067 4468 estis
3099 4417 3303 4480 patres.
3339 4409 3431 4478 qui
3462 4408 3625 4463 etiam

2045 4504 2355 4559 senioribus
2384 4505 2657 4576 ignorata,
2690 4504 2804 4560 Deo
2827 4505 3080 4569 docente,
3103 4501 3358 4557 laudibus
3380 4501 3627 4557 celebra-

356 4605 472 4665 τοῖς
515 4600 905 4674 πρεσϐυτέροις
945 4600 1285 4672 ἀγνοηθέντα
1320 4598 1674 4663 θεοδιδάκτως
1705 4599 1941 4670 ἀνευφή-

2053 4605 2190 4651 runt.
2225 4597 2519 4654 Convertile
2545 4598 2707 4652 corda
2729 4606 2901 4653 vestra
2925 4595 2993 4649 ad
3022 4596 3162 4667 ﬁlios
3198 4603 3394 4651 vestros
3425 4593 3494 4658 ⁷⁸,
3524 4606 3628 4647 nec

357 4708 559 4764 μησαν.
609 4691 1036 4760 Ἐπιστρέψατε
1077 4688 1185 4755 τὰς
1221 4687 1471 4757 καρδίας
1514 4685 1681 4756 ὑμῶν
1725 4687 1824 4741 ἐπὶ
1871 4688 1945 4742 τὰ

356 4783 540 4838 τέκνα
567 4781 754 4852 ὑμῶν,
787 4781 883 4836 καὶ
916 4781 992 4854 μὴ
1028 4781 1237 4853 μύσατε
1283 4781 1410 4844 τοὺς
1441 4778 1752 4850 ὀφθαλμοὺς
1791 4778 1945 4850 ὑμῶν

359 4875 495 4948 πρὸς
522 4877 622 4947 τὴν
651 4875 928 4947 ἀλήθειαν.
964 4875 1029 4929 Ei
1055 4875 1114 4929 δὲ
1140 4874 1192 4927 οἱ
1215 4872 1368 4928 αὐτοί
1396 4873 1541 4939 ἐστε,
1565 4872 1663 4925 καὶ
1689 4871 1947 4926 ἀκούονο

354 4985 453 5035 τες
484 4971 596 5023 οὐκ
621 4968 891 5034 ἀκούετε,
921 4966 1020 5022 καὶ
1045 4965 1390 5034 ,ϐλέποντες
1414 4965 1487 5019 οὐ
1514 4962 1778 5030 ,βλέπετε
1800 5003 1815 5030 ,
1851 4963 1947 5017 καὶ

320 5084 344 5145 ἲ
429 5116 474 5148 ⁸⁷
503 5113 666 5169 Joan.
692 5131 747 5180 ν,
776 5115 830 5170 5.
906 5114 953 5148 ⁸⁸
980 5111 1145 5168 Joan.
1171 5126 1252 5177 ιι,
1282 5109 1374 5164 44.

353 5184 445 5247 29,
475 5194 584 5242 etc.
663 5185 709 5218 “
737 5178 883 5239 Dan.
904 5201 986 5249 ιιι,
1013 5182 1104 5238 56.
1182 5182 1229 5215 “
1254 5180 1394 5236 Dan.
1425 5194 1550 5242 xm,
1592 5178 1680 5234 52.

357 5270 436 5323 ιχ,
470 5256 523 5313 9.

430 5369 543 5440 (95)
584 5371 1046 5440 Ἄχαριτώτατοι.
1077 5368 1245 5434 Quasi
1270 5383 1379 5440 non
1402 5365 1694 5440 gratiﬁcati
1724 5375 1943 5440 {vestra

356 5436 549 5510 utique
599 5436 782 5510 culpa,
837 5444 930 5511 qui
973 5440 1068 5494 Dei
1117 5436 1479 5511 gratiﬁcantis
1524 5436 1858 5511 beneﬁcium
1889 5447 1944 5511 et

394 5507 588 5565 ratium
631 5507 909 5581 repellitis.
964 5511 1084 5576 Quo
1121 5507 1300 5565 'sensu
1356 5516 1541 5578 posset
1573 5508 1770 5581 exponi
1806 5507 1939 5581 illud

394 5525 588 5565 ranam
631 5525 909 5581 repellttts.
964 5525 1084 5576 uno
1133 5525 1300 5565 sensu
1356 5525 1541 5578 posset
1573 5525 1770 5577 exponi
1806 5525 1938 5561 uiua

356 5525 570 5658 iam},
622 5581 1058 5658 κεχαριτωμένη,
1104 5581 1493 5658 u_bi_interpr.,
1541 5578 1719 5658 gratia
1761 5576 1938 5646 plena,

354 5652 512 5730 quasi
549 5651 858 5730 gratiﬁcata
890 5651 947 5730 et
968 5651 1322 5730 singulariter
1347 5657 1507 5730 aucta
1539 5651 1735 5730 gratia,
1770 5662 1944 5730 eoque

355 5720 508 5792 plena
533 5720 745 5792 gratia.
770 5723 878 5776 alio
906 5721 1237 5789 signiﬁcatu,
1258 5720 1323 5775 et
1360 5720 1517 5792 plane
1543 5720 1812 5792 gratiosa,
1844 5720 1940 5792 Dei

357 5790 410 5843 in
452 5786 633 5863 ipsam,
670 5790 859 5863 effusa
880 5786 1188 5863 largissima
1218 5786 1414 5863 gratia.
1462 5786 1561 5842 Sic
1584 5788 1747 5863 paulo
1798 5786 1941 5863 infe-

359 5858 491 5917 ιιιιὲ
506 5861 786 5918 reddimus
813 5862 875 5915 τὸ
898 5858 1041 5935 λόγῳ
1074 5858 1517 5933 κεχαριτωμένη),
1561 5858 1716 5927 pleno
1759 5858 1939 5929 gratia

1471 5108 1521 5145 "
1554 5105 1753 5163 Matth.
1799 5123 1913 5169 xiv,
1943 5106 2036 5162 26.

1781 5178 1828 5210 ⁸⁵
1862 5167 2058 5232 Matth.
2095 5194 2210 5235 xxt.
2242 5180 2327 5235 t5.
2408 5167 2608 5234 “'Luc.
2646 5180 2787 5243 t,i7.
2867 5180 2910 5212 ⁸⁷
2939 5167 3103 5233 Joan.
3132 5191 3188 5242 ν,
3215 5171 3305 5229 59.
3381 5170 3427 5203 ⁸⁸
3453 5167 3600 5222 ΖαεΙι

605 5256 651 5292 ⁸⁸
686 5254 839 5311 Psal.
874 5247 996 5321 vui,
1029 5255 1087 5309 5.
1164 5254 1211 5294 ⁷ο
1236 5250 1365 5306 Luc.
1390 5266 1433 5314 ι,
1470 5250 1558 5311 17,
1636 5248 1679 5280 ⁷¹
1715 5247 1830 5308 Isa.
1863 5262 1938 5315 vi,

2123 5250 2170 5280 "
2216 5248 2411 5304 Matth.
2447 5266 2547 5317 xu,
2572 5249 2661 5303 ‘27.

2048 4690 2360 4746 clauseritis
2409 4691 2599 4746 oculos
2641 4691 2705 4745 ad
2735 4690 3041 4745 veritatem.
3072 4686 3226 4754 Quod
3258 4686 3304 4740 si
3327 4684 3488 4740 iidem
3511 4698 3628 4754 per-

2051 4783 2335 4846 severatis,
2374 4792 2424 4838 et
2466 4783 2737 4836 audientes
2777 4797 2881 4835 non
2912 4778 3131 4845 auditis,
3162 4776 3494 4847 uidentesque
3521 4790 3625 4829 non

2051 4873 2237 4929 uidetis
2265 4875 2335 4939 ⁸η,
2372 4882 2536 4944 atque
2566 4873 2845 4928 incassum
2881 4872 2950 4926 ab
2978 4869 3283 4925 infantibus
3321 4864 3620 4930 dissidetis,

2055 4976 2210 5020 erunt
2239 4967 2341 5036 ipsi
2370 4967 2529 5020 uestri
2544 4966 2748 5036 iudices
2773 4966 2841 5030 ⁷³,
2867 4965 3023 5035 juxta
3052 4960 3353 5018 Salvatoris
3372 4957 3632 5032 verbum.

3258 5103 3305 5135 ⁸³
3336 5099 3468 5156 Luc.
3499 5113 3603 5152 vut

2143 5108 2189 5141 ⁶⁰
2217 5107 2383 5165 Joan.
2420 5125 2484 5172 tl,
2521 5108 2572 5164 7.
2685 5109 2729 5141 ⁶¹
2756 5108 2918 5164 Joan.
2948 5124 3027 5174 vr,
3058 5106 3147 5161 ii.

2039 5385 2297 5431 sermone,
2341 5370 2442 5423 hoc
2465 5377 2550 5424 est
2580 5368 2784 5438 lepore,
2813 5374 2868 5422 et
2882 5364 3165 5438 gratioso;
3193 5357 3467 5433 quomodo
3495 5356 3623 5415 red-

2038 5438 2410 5512 dithEArasmus
2429 5439 2515 5512 τὸ,
2544 5434 2982 5512 κεῇαριτῳμςέῦηλ
3009 5434 3216 5512 Luc-J-
3334 5499 3388 5512 η,
3491 5499 3524 5512 _.

2111 5508 2222 5578 (96)
2252 5510 2360 5563 Καὶ
2383 5499 2741 5578 ἑπιϐεϐτῇιῷς
2767 5499 2866 5560 ἐπὶ
2897 5499 3299 5578 πῶλονμρνου.
3334 5499 3425 5555 Sic
3454 5499 3617 5578 etiam

2037 5569 2238 5633 citatur
2270 5594 2335 5633 ex
2367 5569 2841 5634 Justinofﬂabent
2865 5576 3028 5630 modo
3050 5572 3213 5635 LXX,
3237 5586 3394 5638 super
3414 5569 3620 5640 pullum

2038 5664 2247 5704 novum.
2293 5648 2553 5704 Nostrum
2606 5659 2660 5703 et
2708 5646 2905 5702 Justini
2938 5648 3333 5700 consonantius
3367 5640 3617 5702 Hebnco,

2039 5720 2131 5775 ubi
2193 5727 2278 5775 est
2336 5726 2639 5805 numx’p
2701 5716 2874 5787 ﬁlium
2929 5717 3225 5770 asinorum.
3288 5709 3381 5769 Sic
3451 5708 3619 5769 etiam

2040 5807 2227 5881 'Vulg.,
2255 5824 2411 5879 super
2433 5809 2637 5879 pullum
2664 5807 2837 5879 ﬁlium
2862 5807 3052 5863 asinw.

3844 443 3863 473 Ι
