4110 6438
486 330 585 387 591

1420 384 1427 391 .
1480 331 1541 387 S.
1586 330 1920 388 METEODII
1949 330 2265 390 EPISCOPI
2300 330 2390 387 ET
2427 330 2792 389 MARTYRIS

3646 334 3755 391 398

486 448 632 504 Bent.
654 447 826 519 igitur
841 447 1005 505 etiam
1033 446 1180 503 istud
1200 463 1333 504 cum
1358 449 1480 505 aliis
1534 453 1864 521 pralocutus
1890 460 1976 508 est
2001 452 2048 507 dt

2174 452 2352 524 μάτην
2376 451 2699 525 διαφέρεσθε
2728 451 2865 524 πρὸς
2889 450 2961 505 τά
2993 452 3163 523 νήπια
3185 492 3203 519 ,
3233 450 3404 507 αὐτοὶ
3432 448 3601 520 ὑμῶν
3625 468 3755 519 κρι-

483 543 644 598 vobis
662 540 833 598 Isaias
860 541 1326 614 prepbetadiceus
1353 561 1367 599 :
1406 542 1526 598 Non
1538 545 1890 614 confundetur
1914 546 2048 600 modi

2169 543 2265 597 ταὶ
2293 543 2560 605 ἔσονται,
2588 542 2731 596 κατά
2775 541 2867 596 τὸν
2901 540 2995 595 τοῦ
3046 541 3302 613 Σωτῆρος
3339 540 3514 610 λόγον.
3553 540 3756 606 Καλῶς

482 632 673 697 Iacob,
708 649 870 703 neque
908 649 1045 687 nunc
1074 633 1262 704 faciem
1302 634 1810 690 mutabituedcum
1847 637 2067 692 viderint

483 724 624 792 ﬁlias
664 742 789 780 suos
826 725 1077 795 facientes
1107 743 1264 793 opera
1294 744 1408 782 mea
1430 767 1446 791 ,
1475 738 1688 798 propter
1720 745 1801 783 me
1825 730 2068 799 sanctiﬁ-

481 815 677 869 cabunt
716 833 904 871 nomen
935 834 1130 883 meum,
1162 826 1213 872 et
1244 818 1655 888 sanctiﬁcabunt
1699 829 1941 873 sanetum
1965 818 2066 873 Ja-

481 906 596 971 cob,
625 919 671 962 et
709 909 875 964 Deum
919 907 1093 964 Israel
1135 909 1387 964 timebunt
1421 926 1439 965 :
1470 920 1521 965 et
1552 912 1738 975 scient,
1768 912 1858 982 qui
1884 924 2064 967 errant

480 1001 694 1068 spiritu,
726 1002 1128 1073 intelligentiam
1163 1018 1184 1056 :
1208 1012 1259 1057 et
1287 1005 1676 1067 nutuitatores.
1706 1003 1909 1059 discent
1937 1005 2062 1060 obe-

478 1090 624 1155 dire;
675 1102 725 1146 et
769 1092 961 1164 lingua:
1005 1092 1373 1159 balbutientes,
1405 1095 1603 1148 discent
1633 1095 1776 1165 loqui
1794 1095 2060 1163 pacem".

480 1183 670 1251 Vides,
700 1183 887 1240 Judae
924 1187 1210 1256 insipiens,
1236 1194 1297 1241 ut
1323 1201 1354 1241 a
1386 1188 1655 1243 sermonis
1684 1188 1909 1244 exordio
1932 1204 2065 1243 con-

479 1278 750 1333 fusionem
802 1280 956 1333 vobis
1007 1279 1448 1333 incredulitatem
1498 1287 1736 1334 vestram
1796 1281 2061 1351 propheta

478 1373 844 1443 pranuntiet?
875 1372 967 1428 Vel
1006 1375 1076 1429 ab
1104 1374 1225 1444 ipso
1248 1374 1533 1438 noveritis,
1570 1383 1629 1428 ut
1658 1382 1966 1431 vestrorum
1994 1374 2062 1430 ll-

477 1467 675 1522 liorum
700 1466 1073 1522 laudationem
1100 1467 1364 1523 divinitus
1395 1467 1717 1537 inspiratam
1757 1469 2012 1538 pradicet
2042 1488 2056 1525 :

475 1556 935 1629 quemadmodum
959 1556 1120 1611 etiam
1145 1556 1475 1626 pralocutus
1507 1565 1626 1612 erat
1648 1557 1839 1613 beatus
1866 1558 2057 1624 David,

475 1650 664 1705 dicens
713 1646 844 1705 :Ex
878 1666 968 1704 ore
1003 1648 1294 1716 infantium
1340 1660 1389 1704 et
1437 1647 1744 1704 faetentium
1793 1652 2060 1722 perfecisti

474 1740 686 1796 laudem
714 1740 781 1796 ".
819 1740 915 1796 Vel
944 1742 1112 1813 igitur
1138 1741 1377 1796 ﬁliorum
1404 1742 1561 1798 vobis
1590 1742 1936 1798 sanctitatem
1965 1741 2058 1814 [ut

2167 629 2261 699 οὖν
2303 634 2398 687 καὶ
2440 632 2600 686 τοῦτο
2634 638 2771 704 μετά
2812 631 2921 686 τῶν
2949 632 3125 686 ἀλλων
3162 629 3586 703 προανεφώνησε
3623 631 3754 704 περὶ

2167 724 2320 797 ὑμῶν
2353 726 2383 777 ὁ
2426 726 2711 796 προφήτης
2752 724 2976 787 Ἡσαΐας
3007 723 3181 792 λέγων
3206 741 3221 754 ·
3251 726 3335 779 Οὐ
3361 724 3479 779 νῦν
3501 728 3755 795 αἰσχυν-

2165 816 2410 884 θήσεται
2446 816 2663 879 Ἰακὼϐ,
2698 815 2841 869 οὐδὲ
2883 815 2996 869 νῦν
3042 815 3107 869 τὸ
3141 817 3466 884 πρόσωπον
3498 817 3753 885 μεταϐα-

2162 905 2290 962 λεῖ·
2332 906 2468 961 ἀλλ’
2502 905 2648 959 ὅταν
2688 905 2859 958 ῑδωσι
2901 904 2974 958 τὰ
3016 905 3198 959 τέκνα
3243 903 3440 959 αὐτῶν
3491 905 3564 959 τὰ
3606 904 3752 975 ἔργα

2158 1017 2278 1070 μου
2322 999 2610 1054 ποιοῦντα
2650 997 2782 1069 (97),
2824 996 2897 1051 δι’
2934 997 3040 1066 ἐμὲ
3078 997 3402 1066 ἀγιάσουσι
3444 996 3513 1051 τὸ
3562 996 3755 1066 ὄνομα

2156 1110 2298 1165 μου,
2326 1093 2425 1146 καὶ
2450 1091 2770 1162 ἁγιάσουσι
2790 1090 2897 1144 τόν
2928 1089 3098 1159 ἄτιον
3122 1089 3229 1144 τοῦ
3270 1090 3488 1155 Ἰακὼϐ,
3518 1091 3616 1144 καὶ
3641 1090 3753 1145 τὸν

2163 1186 2312 1241 Θεὸν
2355 1185 2463 1240 τοῦ
2501 1186 2741 1253 Ἰσραὴλ
2778 1182 3241 1252 φοϐηθήσονται.
3278 1181 3387 1235 Kal
3418 1180 3751 1252 γνώσονται

2162 1284 2216 1335 οί
2268 1279 2350 1346 τῷ
2424 1280 2715 1349 πνεύματι
2771 1277 3145 1348 πλανώμενοι
3197 1280 3455 1333 σύνεσιν
3475 1294 3489 1307 ·
3559 1280 3614 1331 oi
3679 1276 3749 1331 δὲ

2161 1375 2545 1446 τυτγύζοντες
2564 1372 2938 1444 μαθήσονται
2960 1373 3287 1427 ὑπακούειν
3309 1389 3323 1403 ·
3351 1371 3451 1426 καὶ
3473 1376 3533 1427 at
3559 1371 3748 1442 γλώσ..

2161 1483 2266 1522 σαι
2294 1470 2353 1521 al
2393 1465 2787 1536 ψελλίζουσαι
2811 1463 3186 1535 μαθήσονται
3225 1466 3440 1518 λαλεῖν
3474 1462 3743 1532 ειρήνην.

2171 1560 2355 1631 Ὁρᾷς,
2387 1552 2432 1611 ὦ
2459 1558 2653 1628 ἀνόητε
2688 1557 2927 1620 Ἰουδαϊε,
2954 1555 3070 1620 πῶς
3108 1558 3173 1609 ὲκ
3202 1555 3502 1627 προοιμίων
3527 1554 3621 1607 τοῦ
3659 1554 3748 1607 λό-

2159 1668 2258 1721 γου
2284 1650 2545 1722 αἰσχύνην
2593 1650 2722 1719 ὑμῖν
2768 1646 3230 1721 προκαταγγέλλεϊ
3271 1649 3300 1700 ὁ
3341 1647 3625 1719 προφήτης
3657 1642 3745 1701 διὰ

2158 1743 2258 1814 τὴν
2299 1741 2583 1797 ἀπείθειαν
2631 1742 2834 1813 ύμῶνς
2867 1742 3085 1796 Μάθετε
3126 1740 3231 1794 κᾶν
3265 1740 3395 1810 παρ’
3420 1737 3584 1791 αὐτοῦ
3626 1738 3745 1804 πῶς

474 1849 575 1906 par
620 1834 760 1909 est,]
798 1835 1111 1903 vindicate;
1148 1835 1234 1890 vel
1277 1835 1436 1890 nobis
1466 1834 1607 1891 ﬁlios
1635 1850 1761 1890 cum
1792 1835 2048 1907 religione

2159 1835 2497 1890 θεοδίδακτον
2530 1834 2793 1904 κηρύσσει
2835 1835 2935 1904 τὴν
2980 1834 3088 1886 τῶν
3132 1832 3337 1886 τέκνων
3372 1829 3527 1901 ὑμῶν
3559 1832 3744 1902 ὑμνῳ-

472 1930 778 1985 eoncedite.
830 1927 942 1986 Nos
998 1945 1122 1987 cum
1167 1928 1277 1984 illis
1318 1929 1584 1985 ducemus
1631 1929 1898 1994 choreas,
1946 1944 2057 1984 no-

470 2037 662 2093 vaque
713 2022 902 2091 gloria
949 2020 1215 2077 divinitus
1260 2019 1587 2091 inspiratum
1633 2022 1910 2075 canticum
1959 2034 2060 2091 pa-

470 2114 605 2170 riter
629 2115 947 2185 psallemus.

2159 1928 2308 1983 δίαν·
2354 1929 2432 1993 ὡς
2478 1928 2569 1983 καὶ
2608 1930 2639 1979 ὁ
2680 1926 2950 1999 μακάριος
2995 1924 3162 1979 Δαϐὶδ
3194 1921 3617 1996 προανεφώνησε
3656 1921 3746 1977 At.

2160 2039 2273 2093 γων
2296 2038 2312 2052 ·
2360 2022 2455 2076 Ἐκ
2495 2020 2794 2090 στόματος
2826 2019 3058 2087 νηπίων
3090 2016 3193 2071 καὶ
3222 2014 3595 2084 θηλαζόντων
3613 2033 3751 2070 κατ-

2173 2112 2418 2181 ηρτήσω
2458 2107 2651 2165 αἶνον.
2691 2110 2761 2163 Ἦ
2785 2110 2966 2164 τοίνυν
2994 2110 3091 2180 τὴν
3110 2107 3372 2178 ὁσιότητα
3398 2106 3507 2161 τῶν
3536 2107 3745 2162 παίδων

462 2208 846 2274 οἰκειώσασθε,
899 2207 1016 2281 [ὡς
1058 2207 1301 2281 χρεὼν,]
1329 2209 1363 2279 ἦ
1400 2208 1538 2280 μετά
1584 2208 1686 2280 τῆς
1735 2206 2018 2271 εὐσεῦείας
2070 2205 2195 2270 τοὺς
2224 2206 2421 2270 παῖδας
2493 2208 2625 2278 ήμῖν
2675 2203 2992 2277 χαρίσασθε.
3039 2205 3230 2276 Ἡμεῖς
3282 2203 3495 2267 τούτοις
3546 2217 3741 2272 συγχο-

462 2299 757 2373 ρεύσομεν,
784 2301 880 2354 καὶ
904 2304 971 2373 τῇ
1000 2303 1162 2373 καινῇ
1186 2300 1311 2373 δόξῃ
1336 2302 1398 2355 τδ
1425 2300 1760 2355 θεοδίδακτον
1784 2296 1933 2373 ᾆσμα
1961 2298 2365 2371 συμψαλοῦμεν.

541 2415 607 2470 V.
640 2415 784 2472 Sane
809 2416 1053 2488 quidem,
1085 2434 1211 2474 cum
1232 2420 1365 2476 olim
1404 2418 1626 2475 Simeon
1665 2435 1831 2476 senex
1856 2436 2053 2476 occur-

472 2501 547 2556 rit
604 2501 873 2560 Salvatori
917 2506 986 2572 ⁷⁵,
1041 2507 1299 2579 ulnisque
1329 2509 1479 2564 velut
1518 2508 1785 2564 infantem
1808 2512 2054 2581 suscepit

466 2596 797 2651 saeculorum
852 2606 1156 2668 auctorem,
1186 2608 1242 2656 et
1275 2600 1564 2657 Dominum
1605 2610 1660 2657 et
1717 2602 1883 2658 Deum
1914 2618 2054 2673 pra-

468 2687 696 2742 dicavit.
723 2687 880 2744 Nunc
903 2700 1087 2746 autem
1115 2693 1398 2747 seniorum
1426 2693 1800 2762 improborum
1819 2695 1961 2758 loco,
1994 2703 2055 2749 ut

454 2777 601 2833 -olim
650 2777 893 2845 Simeon,
936 2783 1101 2852 pueri
1160 2791 1459 2838 occurrunt
1492 2782 1787 2849 Salvatori,
1840 2801 2054 2842 ramos-

452 2884 574 2941 que
606 2872 864 2929 arborum
896 2889 996 2944 pro
1021 2875 1165 2931 ulnis
1200 2875 1824 2948 substerueutes,-super
1844 2879 2052 2950 pullum

458 2968 729 3034 tanquam
801 2981 965 3036 super
1024 2968 1310 3023 cherubim
1384 2969 1703 3034 sedentem,
1758 2970 2048 3028 Dominum

456 3054 639 3112 Deum
689 3058 1064 3114 benedicunt:
1100 3058 1360 3115 Hosanna
1403 3039 1524 3130 .ﬁlio
1561 3062 1732 3117 David
1771 3080 1790 3117 :
1838 3065 2047 3120 benedi-

2228 2420 2305 2472 E'.
2337 2420 2477 2473 Ποτὲ
2513 2420 2611 2491 μὲν
2653 2417 2763 2489 γάρ
2796 2417 3024 2490 Συμεὼν
3051 2417 3081 2470 ό
3112 2415 3426 2490 πρεσϐύτης
3456 2414 3738 2487 ὑπήντησε

2158 2511 2237 2584 τῷ
2279 2513 2514 2584 Σωτῆρι,
2557 2514 2651 2565 καί¹
2701 2515 2821 2576 ταῖς
2870 2510 3140 2580 ἀγκάλαις
3180 2508 3475 2574 ὑπεδέξατο
3504 2507 3596 2561 τὸν
3627 2506 3739 2560 τῶν

2158 2604 2369 2658 αἰώνων
2411 2604 2641 2677 ποιητὴν
2680 2604 2757 2669 ὡς
2808 2603 3027 2675 βρέφος,
3070 2604 3167 2656 καὶ
3205 2603 3411 2676 Κύριον
3461 2601 3554 2656 καὶ
3602 2600 3739 2655 Θεὸν

2158 2697 2425 2767 ἐκήρυττε
2447 2712 2461 2725 ·
2498 2695 2594 2748 νῦν
2628 2695 2685 2749 δὲ
2728 2694 2848 2749 ἀντὶ
2891 2692 3279 2766 πρεσϐυτέρων
3315 2691 3647 2764 ἀγνωμόνων
3685 2693 3738 2746 οἱ

2159 2789 2350 2852 παῖδες
2394 2786 2473 2858 τῷ
2520 2788 2733 2859 Σωτῆρι
2774 2788 3112 2859 ὑπήντησαν,
3149 2787 3225 2851 ὡς
3267 2782 3513 2857 Συμεὼν,
3546 2785 3641 2839 καὶ
3667 2783 3739 2839 τά

2159 2880 2329 2953 κλάδη
2375 2880 2497 2934 ἀντὶ
2539 2879 2794 2949 ἀγκαλῶν
2836 2879 3217 2950 ὐπέστρωσαν,
3259 2880 3356 2933 καὶ
3395 2878 3599 2949 Κύριον
3645 2876 3738 2932 τὸν

2155 2972 2288 3027 Θεὸν
2318 2974 2639 3045 εὐλόγησαν,
2669 2974 2758 3027 τὸν
2783 2974 2877 3026 ἐπὶ
2903 2972 3084 3026 πιὶιλου
3111 2972 3187 3036 ὡς
3215 2971 3307 3025 ἐπὶ
3333 2970 3442 3025 τῶν
3467 2968 3738 3042 χερουσὶμ

2155 3065 2554 3138 καθεζόμενον·
2596 3066 2858 3121 Ὡσαννὰ
2890 3065 2974 3133 τῷ
3014 3063 3123 3130 υἱῷ
3170 3062 3367 3118 Δαϐίδ·
3400 3061 3736 3134 εὐλογημέ-

468 3157 585 3204 :Zits
607 3150 698 3220 qui
736 3151 874 3205 venit
898 3151 959 3205 in
982 3154 1193 3207 nomine
1226 3151 1463 3207 Domini.
1512 3153 1657 3208 Cum
1710 3155 1910 3226 quibus
1938 3157 2048 3210 cla-

2152 3176 2258 3225 νος
2288 3162 2321 3212 ό
2348 3159 2670 3228 ἐρχόμενος
2689 3158 2760 3211 ἐν
2786 3159 3034 3228 ὀνόματι
3060 3158 3301 3226 Κυρίου.
3334 3156 3469 3211 Μεθ’
3501 3149 3578 3210 ὧν
3605 3155 3733 3228 βοή-

454 3253 680 3294 ιιιειιιυε
744 3246 800 3296 et
829 3255 936 3297 nos
965 3261 979 3297 :
1012 3240 1351 3300 Benedictus
1410 3245 1504 3315 qui
1561 3244 1712 3299 venit
1758 3245 1899 3300 Deus
1930 3244 2048 3301 Rex

454 3331 696 3401 gloria:
732 3334 830 3404 qui
889 3344 1117 3406 propter
1143 3351 1247 3392 nos
1310 3336 1493 3394 factus
1524 3345 1609 3393 est
1670 3354 1898 3411 pauper,
1931 3340 2049 3410 ipse

462 3419 522 3474 in
555 3423 796 3493 propriis
816 3425 934 3481 suis
964 3435 1346 3498 paupertatem
1381 3429 1662 3493 nesciens,
1705 3438 1766 3484 ut
1811 3443 1912 3485 sua
1943 3446 2048 3486 nos

460 3512 707 3571 bonitate
735 3516 934 3573 ditaret
973 3518 1043 3575 ⁷⁸.
1071 3517 1406 3576 Benedictus
1437 3522 1532 3592 qui
1560 3521 1712 3576 venit
1742 3521 1795 3574 in
1835 3521 2049 3576 humili-

460 3613 594 3671 tate,
642 3608 841 3663 iterum
903 3618 1169 3667 venturus
1218 3612 1274 3666 in
1318 3614 1539 3684 gloria:
1608 3614 1843 3685 primum
1880 3630 2049 3685 super

458 3697 672 3765 pullum
707 3709 1050 3767 mansuetus,
1079 3701 1387 3775 faustisque
1408 3707 1685 3762 ominibus
1712 3722 2047 3778 prosequen-

456 3788 614 3843 tibus
679 3790 1019 3860 infantibus,
1074 3805 1135 3849 ut
1193 3795 1512 3869 impleretur
1575 3798 1722 3870 quod
1769 3809 1855 3855 est
1908 3802 2047 3856 scri-

460 3885 615 3949 ptum
636 3881 682 3912 ’¹⁷
708 3900 722 3936 :
752 3881 865 3938 Vici
893 3895 1015 3939 sunt
1037 3885 1304 3957 ingressus
1334 3890 1433 3955 tui,
1464 3888 1627 3954 Deus,
1658 3891 1925 3961 ingressus
1954 3892 2047 3947 Dei

461 3971 584 4033 mei,
624 3973 759 4041 regis
784 3975 885 4028 mei
910 3975 1001 4045 qui
1032 3984 1111 4031 est
1141 3978 1196 4033 in
1222 3988 1436 4044 sancto;
1472 3982 1840 4051 postmodum,
1876 3984 2044 4039 terri-

463 4060 588 4118 bilis
619 4080 785 4133 super
823 4067 1017 4131 nubes,
1061 4070 1272 4139 angelis
1305 4073 1637 4143 stipantibus
1668 4082 1835 4146 atque
1865 4076 2041 4131 virtu-

460 4155 630 4211 tibus.
657 4154 701 4211 Ο
729 4172 1024 4228 puerorum
1052 4160 1368 4218 mellilluam
1395 4165 1635 4234 linguam
1663 4167 1676 4220 l
1709 4182 1742 4223 ο
1769 4167 2041 4224 sinceram

459 4244 572 4304 Deo
603 4250 931 4319 placitorum
969 4253 1312 4311 doctrinam!
1350 4256 1640 4330 Prophetia
1671 4260 1843 4317 David
1896 4261 2036 4316 edita

458 4355 682 4397 sensum
707 4344 811 4399 sub
842 4345 1025 4402 littera
1070 4351 1402 4420 occultavit;
1464 4355 1642 4424 pueri,
1692 4366 1885 4427 aperto
1918 4358 2042 4413 the-

457 4447 648 4495 sauro,
697 4433 921 4492 divitias
974 4441 1321 4507 protulerunt
1386 4443 1443 4498 in
1496 4445 1715 4518 lingua;
1770 4450 2040 4520 plenoque

2152 3267 2333 3321 σωμεν
2366 3250 2460 3303 καὶ
2500 3251 2687 3321 ήμεῖς·
2721 3248 3098 3323 Εὐλογημένος
3129 3252 3157 3303 ὁ
3189 3247 3357 3302 ἐλθὼν
3397 3247 3532 3312 Θεδς
3575 3246 3734 3318 βασι·-

2148 3340 2273 3405 λεὺς
2313 3341 2422 3412 (98)
2468 3341 2570 3411 τῆς
2608 3341 2805 3413 δόξης·
2843 3345 2872 3397 ὁ
2918 3341 3275 3412 πτωχεύσας,
3323 3342 3382 3394 ἐν
3416 3342 3531 3404 τοῖς
3580 3339 3731 3403 ίδίοις

2146 3431 2315 3487 αὐτοῦ
2342 3431 2711 3504 ἀπτώχευτος,
2746 3434 2813 3488 δι’
2857 3436 3025 3506 ἡμᾶς,
3054 3435 3138 3487 ενα
3175 3434 3323 3505 ἡμᾶς
3355 3430 3620 3503 πλουτίσϊὶ
3662 3432 3728 3503 τῇ

2147 3524 2317 3579 αὐτοῦ
2344 3525 2663 3598 ἀγαθότητι.
2696 3526 3073 3599 Εὐλογημένος
3099 3529 3127 3580 ὁ
3166 3524 3335 3579 ἐλθὼν
3368 3525 3427 3579 ὲν
3459 3521 3729 3577 ταπεινώ-

2150 3636 2252 3686 σει,
2286 3621 2382 3675 καὶ
2406 3620 2568 3675 πάλιν
2589 3621 2884 3693 ἐρχόμενος
2910 3623 2968 3674 ὲν
2995 3619 3120 3692 δόξῃ
3144 3636 3158 3650 ·
3183 3618 3397 3692 πρῶτον
3427 3617 3521 3671 ἐπὶ
3546 3615 3728 3670 πώλου

2147 3713 2348 3787 πραῢς,
2391 3714 2487 3768 καὶ
2532 3714 2637 3768 ὑπὸ
2687 3714 2898 3786 νηπίων
2946 3713 3379 3785 εὐφημούμενος,
3412 3712 3561 3775 ὅπως
3590 3710 3729 3781 πλη-

2149 3805 2296 3878 ρωθῇ
2341 3806 2402 3859 τὸ
2449 3806 2870 3879 γεγραμμένον·
2918 3804 3367 3873 Ἐθεωρήθησαν
3408 3806 3468 3858 al
3494 3801 3732 3872 πορεῖαί

2144 3899 2323 3961 σου,ό
2354 3895 2518 3962 Θεὸς,
2553 3898 2613 3949 αὶ
2639 3894 2868 3964 πορεῖαι
2907 3894 3013 3948 τοῦ
3054 3892 3201 3947 Θεοῦ
3237 3911 3357 3962 μου
3393 3894 3499 3947 τοῦ
3546 3896 3731 3946 Βασι-

2143 3986 2298 4052 λέως
2326 3986 2433 4040 τοῦ
2460 3986 2530 4039 ὲν
2562 3986 2740 4056 ἁγίῳ·
2773 3985 3042 4058 δεύτερον,
3078 3983 3308 4054 φοϐερὸς
3351 3984 3442 4036 ἐπὶ
3486 3981 3596 4034 τῶν
3637 3998 3730 4036 νε-

2145 4077 2323 4149 φελῶν
2373 4079 2479 4132 ὑπύ
2513 4078 2760 4147 ἀγγέλων
2792 4079 2886 4133 καὶ
2926 4077 3207 4149 δυνάμεων
3236 4073 3723 4147 δορυφορούμενος.

2148 4173 2213 4224 Ὢ
2262 4173 2359 4243 τῆς
2421 4170 2745 4243 μελιρῤύτου
2791 4169 2899 4224 τῶν
2948 4169 3153 4222 παίδων
3203 4165 3482 4236 γλώττης,
3525 4163 3571 4217 ὣ
3623 4163 3727 4235 τῆς

2142 4264 2526 4337 ἀκαπηλεύτου
2549 4262 2895 4326 διδασκαλίας
2918 4261 3026 4315 τῶν
3050 4259 3386 4331 θεαρέστωνί
3410 4256 3577 4312 Δασὶδ
3598 4273 3728 4329 προ·

2145 4354 2418 4428 φητεύσας
2441 4355 2547 4409 ὑπὸ
2572 4354 2632 4407 τὸ
2657 4354 2891 4427 γράμμα
2920 4352 3153 4422 ἐκάλυψε
3193 4352 3252 4404 τὸ
3277 4352 3483 4422 νόημα·
3512 4349 3720 4415 παῖδες,

2143 4449 2233 4501 τύν
2279 4447 2551 4518 θησαυρὸν
2596 4446 2928 4513 ἀνοίξαντες,
2963 4446 3055 4498 ἐπὶ
3087 4443 3333 4515 γλώττης
3359 4444 3450 4497 τὸν
3494 4441 3723 4495 πλοῦτον

458 4525 634 4595 gratia
666 4542 940 4593 sermone,
971 4529 1119 4586 clare
1147 4548 1339 4591 omnes
1370 4536 1439 4591 ad
1465 4553 1561 4594 eas
1594 4538 1854 4597 fruendas
1876 4558 2041 4598 voca-

2152 4541 2546 4611 προσήνεγκαν,
2599 4538 2694 4592 καὶ
2732 4538 2875 4610 λόγῳ
2924 4536 3346 4609 κεχαριτωμένῳ
3386 4534 3724 4609 διαπρυσίως

456 4624 608 4683 runt.
642 4615 979 4676 Hauriamus
1034 4622 1220 4694 itaque
1247 4634 1304 4681 et
1339 4643 1441 4683 nos
1490 4644 1614 4684 cum
1656 4632 1792 4702 ipsis
1818 4634 2040 4691 divitias

456 4722 566 4761 non
598 4707 932 4768 auferibiles.
967 4710 1389 4787 lnexplebilibus
1419 4721 1632 4779 sinibus
1675 4724 2039 4796 penubusque

457 4813 788 4869 reponamus
825 4804 1009 4862 divina
1034 4809 1391 4867 charismata.
1425 4812 1738 4871 Clamemus
1768 4817 1888 4873 sine
1927 4828 2040 4874 ter-

456 4892 607 4946 mino
638 4912 651 4948 :
688 4892 1001 4953 Benedictus
1030 4901 1120 4971 qui
1148 4903 1282 4957 venit
1314 4904 1367 4959 in
1390 4908 1599 4961 nomine
1616 4907 1834 4963 Domini
1855 4927 1872 4963 :
1892 4908 2037 4966 Deus

455 4998 642 5048 verus,
675 4986 728 5041 in
760 4990 982 5044 nomine
1010 4989 1103 5047 Dei
1126 4994 1263 5057 veri,
1313 4997 1662 5067 omnipotens
1691 5014 1756 5054 ex
1784 5000 2035 5069 omnipo-

454 5082 624 5141 tente,
652 5076 824 5136 Filius
851 5082 908 5137 in
937 5086 1154 5141 nomine
1180 5084 1381 5152 Patris,
1418 5088 1527 5143 Rex
1547 5106 1712 5146 verus
1733 5099 1788 5146 et
1812 5107 1878 5146 ex
1904 5105 2035 5146 vero

458 5166 638 5237 Rege;
672 5173 853 5241 cujus,
890 5179 1088 5245 utejus
1116 5178 1208 5249 qui
1236 5182 1443 5248 genuit,
1473 5190 1806 5237 coateruum
1837 5191 1921 5238 est
1954 5198 2035 5237 re-

458 5275 625 5329 gnum
682 5270 737 5318 et
771 5275 1164 5334 praeaternum.
1208 5270 1305 5326 Est
1352 5272 1496 5326 enim
1548 5272 1680 5327 illud
1718 5288 2031 5338 commune,

2143 4630 2351 4692 πάντας
2388 4630 2481 4683 ἐπὶ
2529 4628 2627 4699 τὴν
2669 4628 2969 4683 ἀπόλαυσιν
3013 4628 3295 4681 ἐκάλεσαν.
3342 4626 3725 4696 Ἀντλήσωμεν

2138 4720 2430 4794 τοιγαροῦν
2463 4722 2557 4775 καὶ
2597 4723 2758 4793 ἡμεῖς
2794 4720 2929 4793 [σὺν
2961 4719 3182 4793 αὐτοῖς]
3218 4720 3308 4773 τὸν
3360 4719 3721 4790 ἀναφαίρετον

2142 4812 2389 4866 πλοῦτον.
2439 4812 2761 4885 Ἀπλήστοις
2789 4810 3008 4876 κόλποις
3035 4811 3130 4864 καὶ
3153 4810 3423 4881 ταμιείοις
3456 4805 3726 4862 ὲναποθώ-

2144 4905 2283 4977 μεθα
2312 4906 2381 4960 τά
2413 4906 2531 4961 θεῖα
2565 4905 2899 4981 χαρίσματα.
2935 4905 3231 4976 Βοήσωμεν
3262 4904 3541 4975 ἀπέραντα
3560 4918 3576 4934 ·
3602 4904 3720 4956 Εὐ-

2138 4997 2473 5067 λογημένος
2513 5002 2545 5052 d
2572 4997 2893 5068 ἐρχόμενος
2920 4998 2991 5051 ἐν
3018 4999 3261 5065 ὀνόματι
3301 4996 3553 5063 Κυρίου·
3588 4994 3721 5057 Θεὸς

2140 5091 2396 5164 ἀληθινὸς
2418 5093 2476 5146 έν
2498 5092 2721 5162 ὀνόματι
2749 5091 2884 5145 Θεοῦ
2916 5089 3170 5163 ἀληθινοῦ
3187 5107 3200 5120 ·
3235 5088 3628 5160 παντοκράτωρ
3656 5088 3723 5139 ὲκ

2139 5182 2234 5236 τοῦ
2264 5183 2704 5256 παντοκράτορος
2727 5201 2740 5215 ·
2779 5184 2909 5246 Υἱὸς
2938 5185 2995 5236 ὲν
3033 5182 3256 5252 ὀνόματι
3283 5181 3495 5250 Πατρός
3513 5197 3528 5210 ·
3558 5179 3723 5232 Βασι-

2140 5274 2265 5341 λεὺς
2292 5276 2565 5343 ἀληθινὸς,
2598 5277 2656 5346 ἐξ
2689 5276 2945 5349 ἀληθινοῦ
2980 5275 3251 5338 Βασιλέως
3274 5291 3288 5305 ·
3322 5273 3591 5327 συναῒδιον
3623 5268 3720 5326 καὶ

523 5414 570 5448 ⁷³
591 5413 704 5471 Ιια.
732 5433 885 5485 xxix,
916 5419 1099 5479 22-24.
1176 5423 1224 5457 "
1250 5422 1405 5482 Ριαί.
1434 5440 1554 5493 vm,
1586 5425 1642 5480 5.
1719 5427 1765 5459 ⁷⁸
1793 5426 1922 5481 Luc.
1967 5442 2027 5497 ll,
2056 5426 2145 5485 29.
2223 5432 2272 5464 7°
2299 5431 2339 5486 ll
2360 5432 2487 5491 Cor.
2518 5450 2637 5501 vm,
2661 5434 2716 5490 9.
2794 5434 2839 5466 ⁷⁷
2870 5433 3025 5488 Psal.
3052 5450 3224 5499 vau,
3249 5435 3341 5491 25.

524 5567 638 5650 (θῖ)
669 5571 845 5653 Ὅταν
876 5574 1046 5630 ιδωσι
1066 5578 1609 5653 -τὰᾷτέκναῂαὺτῶν
1636 5580 1709 5635 τὰ
1743 5582 1888 5653 ἔργα
1906 5600 2026 5653 μου

452 5642 757 5723 ποιοῦντα.
799 5642 948 5699 Unus
980 5649 1146 5703 codex
1175 5650 1340 5705 habet
1354 5650 1434 5723 τό,
1454 5652 1727 5716 ποιοῦντα,
1750 5642 2026 5723 adjectum

453 5710 638 5794 {pi-salu
672 5712 996 5781 glossemate
1038 5737 1050 5771 :
1104 5735 1169 5774 ac
1211 5737 1313 5794 nec
1360 5710 1723 5794 Hieronymus
1767 5710 1894 5794 legit
1926 5733 2021 5779 aut

452 5777 711 5850 Cyrillus,
756 5794 1081 5857 constatque
1119 5791 1255 5845 satis
1291 5777 1593 5860 appositive
1633 5777 1881 5864 legendo,
1920 5777 2021 5851 sua

2136 5583 2409 5640 Methodio
2440 5591 2725 5646 sententia.

2130 5725 2159 5779 ὁ
2196 5658 2423 5799 ἑέξζλῑο
2444 5663 2634 5715 ἐλσὼν
2669 5660 2815 5728 Θεὸς
2835 5661 3051 5726 βασιλ.
3084 5663 3196 5731 AL,
3232 5666 3262 5719 ό
3312 5665 3378 5717 ἐκ
3410 5660 3546 5715 Θεοῦ
3579 5659 3716 5727 Θεὸς
