4110 6398
411 327 516 384 395

1510 316 1741 383 SERMO
1779 314 1847 381 lN
1878 325 2119 383 ΒΑΜΟδ
2156 327 2561 385 PALMARUM.

3565 342 3670 402 τοι

407 441 737 514 προαιώνιον
754 441 854 513 τὴν
880 438 1155 512 βασιλείαν
1182 438 1342 511 ἔχων,
1370 439 1447 503 ῶς
1472 442 1500 493 6
1519 442 1786 512 γεννήσας
1802 441 1977 495 αὐτόν.

2092 457 2193 497 nec
2226 442 2347 513 ejus
2374 442 2660 508 honorem,
2686 445 2833 501 velut
2849 447 3070 505 aliunde
3093 452 3367 522 adveniat,
3384 454 3668 531 Scriptura

408 535 578 609 Κοινὴ
617 534 728 607 γὰρ
770 535 804 605 ἡ
845 532 1111 604 βασιλεία,
1148 531 1241 585 καὶ
1283 532 1383 585 οὐκ
1420 529 1620 597 ἔξωθεν
1660 532 1759 603 τὴν
1787 531 2001 605 ταύτης

406 630 572 700 τιμὴν
601 625 678 699 τῷ
707 613 823 697 Υίῷ
847 627 876 679 6
901 624 1058 695 λόγος
1098 622 1459 696 προσκληροῖ·
1494 622 1613 676 οὐδὲ
1652 623 1988 696 ἀρξαμένην,

405 720 525 777 οὐδὲ
548 718 986 793 προσγινομένην
1014 735 1028 748 ο
1061 717 1274 787 ἄπαγεῑ
1311 716 1446 772 ἀλλὰ
1474 718 1708 789 φυσικὴν
1738 720 1835 773 καὶ
1864 718 1988 772 [6:6—

405 823 605 886 κτητον
655 810 891 883 ἀληθῶς.
944 809 1063 864 Μία
1105 808 1216 880 γὰρ
1264 811 1297 881 ἡ
1352 808 1598 879 βασιλεία
1647 810 1862 883 Πατρός
1893 809 1989 864 καὶ

404 890 540 961 Υίοῦ
579 906 674 958 καὶ
711 891 868 973 ἁγίου
913 900 1258 973 Πνεῦματος·
1303 901 1492 974 ῶσπερ
1538 904 1634 956 καὶ
1681 903 1779 974 μία
1811 902 1984 971 οὐσία,

403 998 500 1053 καὶ
538 996 637 1069 μία
679 995 959 1068 κυριότης.
993 992 1156 1048 Ὅθεν
1207 994 1301 1047 καὶ
1345 985 1445 1066 μίᾳ.
1491 996 1861 1068 προσκυνήσει
1893 994 1988 1050 λα-

399 1092 669 1167 τρεύομεν
722 1090 851 1162 μίαν
899 1088 1329 1162 τρισυπόστατον
1384 1076 1623 1161 Θεότητα
1649 1128 1664 1153 ,
1716 1078 1984 1161 ἄναρχον,

400 1187 678 1250 ἄκτιστον,
711 1183 1015 1255 ἀπέραντον
1041 1182 1136 1236 καὶ
1168 1180 1464 1251 ἁδιάδοχον.
1506 1178 1645 1234 Οὔτε
1685 1179 1795 1253 γὰρ
1818 1182 1846 1233 6
1872 1181 1986 1234 Πα-

400 1278 507 1351 τὴρ
552 1274 834 1348 παύσηταί
877 1290 1009 1327 ποτε
1054 1272 1148 1326 τοῦ
1189 1267 1331 1327 εἶναι
1372 1272 1594 1346 Πατήρσ
1630 1272 1755 1328 οὔτε
1790 1275 1819 1327 6
1858 1274 1986 1338 Υἱὸς

402 1368 496 1424 τοῦ
526 1364 665 1423 εῖναι
706 1366 838 1430 Υίὸς
878 1365 973 1419 καὶ
1006 1363 1259 1436 βασιλεύς
1278 1381 1292 1394 ο
1324 1362 1447 1417 οῦτε
1479 1364 1537 1418 δὲ
1566 1366 1627 1417 τὸ
1670 1364 1895 1437 Πνεῦμα
1924 1366 1985 1419 τὸ

401 1462 558 1530 ἅγιον
586 1456 682 1512 τοῦ
707 1453 848 1510 εἶναι
872 1455 1031 1510 τοῦτο
1054 1455 1193 1527 ὅπερ
1224 1453 1342 1507 ἐστὶ
1369 1458 1436 1527 τῇ
1470 1455 1787 1510 ὑποστάσει.
1816 1444 1984 1510 Οὖδὲν

400 1552 510 1625 γὰρ
548 1553 647 1624 τῆς
692 1549 921 1623 Τριάδος
968 1546 1427 1619 ἐλαττωθήσεται,
1529 1550 1629 1622 τῆς
1660 1550 1981 1621 ἀῖδιότητος,

399 1646 435 1717 ἢ
468 1644 568 1714 τῆς
603 1642 915 1713 κοινότητος
953 1640 1049 1695 καὶ
1080 1639 1373 1711 βασιλείας.
1404 1642 1481 1694 Οὐ
1514 1641 1623 1715 γὰρ
1659 1642 1741 1696 ὅτι
1773 1642 1985 1717 ἂνθρω-

401 1754 503 1802 πος
546 1727 738 1807 γέγονε
768 1736 837 1790 δι’
869 1737 1020 1808 ἡμᾶς
1047 1738 1075 1791 ό
1105 1736 1234 1801 Υἱὸς
1274 1721 1368 1790 τοῦ
1403 1736 1562 1800 Θεοῦ,
1596 1736 1690 1792 καὶ
1726 1726 1818 1794 τὸν
1859 1739 1980 1794 καθ’

2092 532 2234 589 Filio
2265 534 2496 589 tribuit:
2551 535 2637 590 vel
2690 539 2850 606 quasi
2931 537 3219 613 inceperit,
3261 547 3554 605 accedatve
3574 559 3667 606 aut

2089 627 2373 681 minuatur
2404 645 2417 681 :
2454 627 2599 684 absit
2626 628 2731 683 hoc
2763 647 2777 683 :
2805 628 2900 685 sed
2923 632 3071 688 velut
3101 636 3246 706 quod
3275 652 3306 691 a
3346 647 3544 696 natura
3577 658 3673 699 vc-

2091 732 2261 788 reque
2288 718 2508 790 propria
2560 722 2935 791 possessione,
2971 725 3115 795 juris
3153 727 3330 798 ipsius
3362 731 3454 786 sit.
3483 729 3667 787 Unum

2089 810 2292 883 quippe
2322 828 2552 886 regnum
2582 822 2668 871 est
2695 813 2899 882 Patris,
2939 828 2994 873 et
3016 818 3161 887 Filii,
3187 831 3241 877 et
3271 822 3510 894 Spiritus
3540 841 3671 882 san-

2088 903 2187 968 cti,
2240 904 2701 974 quemadmodum
2742 906 2906 962 etiam
2940 920 3023 964 eSt
3049 921 3158 967 una
3199 912 3509 971 substantia
3529 931 3669 971 una-

2089 1011 2197 1067 que
2216 997 2538 1054 dominatio.
2563 997 2720 1057 Unde
2750 1009 2805 1057 et
2835 1016 2942 1056 una
2965 1003 3285 1062 adoratione
3328 1024 3493 1064 unam
3524 1011 3670 1068 trine

2088 1089 2476 1146 subsistentem
2506 1090 2771 1149 Deitatem
2793 1094 3044 1161 colimus,
3080 1098 3338 1171 principii
3364 1111 3665 1172 expertem,

2087 1181 2409 1247 increatam,
2434 1183 2892 1243 interminabilem
2917 1196 2972 1244 et
2999 1189 3085 1244 cui
3120 1206 3413 1249 successor
3443 1196 3670 1255 minime

2087 1273 2178 1328 sit.
2205 1271 2341 1326 Nam
2366 1289 2546 1343 neque
2587 1273 2750 1331 Pater
2795 1292 3036 1348 unquam
3080 1278 3306 1338 desierit
3331 1300 3456 1340 esse
3480 1284 3664 1351 Pater,

2088 1383 2266 1439 neque
2286 1353 2458 1424 Filius
2480 1382 2605 1424 esse
2631 1360 2803 1426 Filius
2829 1377 2884 1426 et
2928 1375 3049 1437 rex,
3074 1389 3251 1445 neque
3275 1373 3516 1447 Spiritus
3538 1395 3668 1435 san-1

2086 1464 2210 1513 ctus
2240 1471 2364 1513 esse
2392 1457 2538 1527 quod
2566 1457 2922 1514 subsistentia
2947 1467 3001 1515 et
3031 1476 3130 1516 sua
3152 1464 3270 1533 ipse
3298 1481 3531 1535 persona
3556 1477 3659 1525 est.

2084 1549 2233 1605 Nihil
2279 1551 2424 1606 enim
2459 1549 2748 1606 Trinitatis
2790 1562 2885 1608 aut
2914 1556 3238 1623 aeternitate,
3297 1565 3389 1614 aut
3416 1576 3666 1617 commu-

2085 1642 2251 1698 nione
2279 1648 2332 1697 et
2362 1655 2532 1712 regno
2562 1641 2919 1699 minuendum
2944 1653 3048 1701 est.
3087 1644 3207 1702 Non
3241 1649 3386 1704 enim
3411 1650 3534 1707 ideo
3568 1650 3665 1707 Del

2084 1729 2258 1788 Filius
2286 1731 2467 1787 dictus
2522 1728 2626 1786 fuit
2683 1731 2837 1801 Rex,
2895 1734 3024 1805 quia
3063 1744 3284 1807 propter
3327 1755 3429 1796 nos
3487 1741 3668 1801 factus

399 1829 557 1902 ἡμῶν
593 1828 853 1901 τύραννον
884 1826 1234 1900 [κατέὁαλεν]
1258 1828 1317 1882 ὲν
1340 1830 1406 1900 τῇ
1437 1828 1624 1902 σαρκὶ,
1647 1829 1821 1903 ταύτῃ
1843 1834 1977 1903 πρα-

2088 1822 2272 1890 homo,
2297 1822 2681 1879 adversantem
2705 1825 2866 1882 nobis
2895 1832 3216 1899 tyrannum,
3250 1830 3306 1885 in
3335 1846 3502 1890 carne
3534 1849 3663 1906 pro-

398 1920 805 1995 γματευόμενος
828 1924 928 1995 τὴν
958 1921 1102 1977 κατὰ
1131 1920 1224 1975 τοῦ
1255 1920 1555 1993 δυσμενοῦς
1590 1923 1760 1996 αὐτῆς
1779 1923 1977 1997 ἐχθροῦ

399 2016 579 2087 νίκην,
626 2014 715 2070 διὰ
753 2013 916 2069 τοῦτο
972 2012 1225 2085 βασιλεὺς
1266 2013 1667 2086 ἐχρημάτισεν·
1722 2015 1838 2070 ἀλλ’
1897 2017 1981 2070 ὅτι

398 2109 605 2181 Κύριος
654 2109 749 2163 καὶ
789 2108 923 2173 Θεὸς
968 2108 1078 2171 ἀεὶ,
1118 2105 1208 2160 διὰ
1236 2105 1394 2160 τοῦτο
1430 2100 1525 2160 καὶ
1564 2107 1818 2179 βασιλεὺς
1844 2096 1922 2173 ὣς
1951 2112 1981 2164 6

395 2204 666 2276 γεννήσας
697 2202 859 2257 αὐτόν
881 2219 895 2233 ·
926 2201 1043 2256 νυνὶ
1073 2199 1151 2268 δὲ,
1184 2200 1278 2254 καὶ
1313 2198 1451 2271 μετὰ
1472 2200 1571 2271 τῆς
1601 2199 1977 2272 προσλήψεως,

396 2297 495 2351 καὶ
525 2298 607 2359 είς
632 2284 693 2348 τὸ
717 2294 983 2363 διηνεκές.
1016 2292 1109 2365 Μὴ
1146 2291 1455 2365 βλασφήμει
1485 2293 1585 2363 τὴν
1613 2292 1709 2346 τοῦ
1741 2291 1979 2364 Χριστοῦ

400 2386 699 2459 βασιλείαν,
739 2384 1005 2457 αἱρετικὲ,
1040 2384 1130 2439 ἵνα
1161 2384 1238 2455 μὴ
1275 2382 1366 2438 τὸν
1403 2384 1740 2455 γεννήσαντα
1777 2383 1979 2455 ἀτιμά-

400 2498 519 2553 σῃς.
550 2481 614 2534 Εἰ
648 2478 839 2542 πιστὸς
866 2471 938 2541 εί,
971 2475 1180 2540 πιστῶς
1204 2473 1472 2548 πρόσελθε
1500 2473 1723 2547 Χριστῷ
1750 2473 1829 2547 τῷ
1854 2474 1982 2546 ἁλη-

397 2572 533 2645 θινῷ
572 2571 692 2644 Θεῷ
726 2570 906 2643 ήμῶν,
947 2559 1044 2624 καὶ
1084 2566 1172 2639 μὴ
1192 2566 1676 2638 (ὓς-ἐπικάλυμμα
1690 2567 1850 2636 ἔχων
1868 2566 1981 2636 τῆς

398 2667 613 2733 κακίας
630 2664 745 2733 τὴν
763 2663 1132 2731 ἐλευθερίαν.
1176 2662 1240 2715 Ei
1278 2659 1461 2725 δοῦλος
1500 2655 1569 2725 εἴ,
1600 2659 1877 2732 ὲντρόμως
1900 2658 1981 2731 τῷ

398 2758 647 2832 Δεσπότῃ
672 2750 996 2826 ὑποτάγηθι.
1014 2754 1071 2809 '0
1113 2752 1221 2825 γὰρ
1267 2752 1586 2824 Λογομάχος
1609 2752 1742 2824 (99),
1773 2751 1874 2806 οὐκ
1887 2752 1980 2807 εὐ-

396 2849 629 2922 γνώμων
677 2848 885 2913 δοῦλος,
930 2846 1066 2901 ἀλλὰ
1106 2844 1386 2918 προδήλως
1433 2845 1723 2917 δυσμενής.
1772 2844 1982 2918 Γέγρα-

396 2961 532 2999 πται
554 2942 664 3013 γάρ
688 2959 699 2970 ·
739 2941 794 2993 '0
817 2939 904 3010 μὴ
935 2938 1120 3009 τιμῶν
1146 2939 1254 2994 τὸν
1282 2940 1420 2994 Υίύν
1458 2939 1531 2993 οὐ
1572 2936 1710 3008 τιμᾷ
1731 2938 1839 2993 τὸν
1860 2941 1979 2994 Had

396 3031 539 3102 τέρα
561 3032 669 3087 τὸν
690 3030 1013 3101 πέμψαντα
1037 3030 1246 3084 αὐτόν.

468 3128 560 3194 ς’.
605 3126 797 3194 Ἡμεῖς
824 3122 904 3187 δὲ,
939 3122 1236 3192 ἀγαπητοὶ,
1266 3121 1392 3176 ὅθεν
1428 3110 1715 3194 ἐξέϐημεν,
1748 3121 1978 3177 ἐπανέλ-

2080 1915 2358 1980 straverit,
2374 1924 2528 1986 parta
2561 1932 2658 1987 per
2678 1932 2820 1982 eam,
2840 1925 3031 1974 contra
3053 1920 3226 1990 ipsius
3255 1925 3529 1982 crudelem
3559 1928 3666 1985 ho-

2081 2015 2243 2075 stem,
2278 2010 2508 2065 victoria
2539 2028 2552 2065 :
2575 2010 2673 2067 sed
2689 2011 2818 2082 quia
2846 2019 2931 2068 εει
2954 2024 3173 2086 semper
3192 2015 3457 2076 Dominus
3489 2019 3662 2079 Deus-‘-

2080 2116 2209 2172 que.
2252 2101 2375 2158 ideo
2428 2110 2485 2158 et
2537 2103 2724 2169 modo,
2756 2112 2810 2160 et
2870 2117 2996 2175 post
3027 2120 3253 2164 carnem
3295 2122 3659 2185 assumptam,

2087 2203 2252 2266 atque
2276 2196 2336 2250 in
2364 2205 2710 2266 perpetuum,
2740 2195 2855 2253 Rex
2879 2208 3084 2270 manet,
3123 2205 3585 2272 quemadmodum
3615 2208 3662 2263 is

2082 2289 2181 2357 qui
2227 2288 2437 2358 genuit.
2502 2287 2648 2353 Noli,
2689 2290 2963 2358 lueretice,
3004 2304 3234 2365 regnum
3272 2295 3478 2354 Christi
3514 2300 3663 2357 blas-

2087 2379 2370 2449 phemare,
2403 2389 2461 2434 ut
2490 2396 2561 2434 ne
2590 2395 2717 2436 eum
2762 2383 2856 2452 qui
2886 2385 3074 2455 genuit
3104 2386 3404 2458 ignominia
3432 2390 3658 2450 adicias.

2084 2469 2142 2525 Si
2170 2488 2230 2528 es
2263 2471 2459 2535 ﬁdelis,
2508 2472 2614 2528 ﬁde
2669 2472 2738 2529 ad
2776 2474 3058 2532 Ghristum
3117 2496 3308 2536 verum
3359 2480 3531 2539 Deum
3559 2498 3662 2540 no-

2083 2574 2258 2621 strum
2307 2565 2530 2633 accede,
2564 2577 2745 2623 etnon
2775 2579 3029 2641 tanquam
3056 2573 3292 2628 velamen
3319 2576 3544 2632 malitiae
3569 2575 3664 2633 Ita-

2082 2656 2204 2713 bens
2232 2658 2529 2714 libertatem
2547 2661 2613 2716 ⁷⁸.
2646 2660 2704 2716 Si
2734 2677 2796 2719 es
2847 2678 3063 2733 servus,
3104 2682 3231 2723 cum
3261 2672 3500 2726 tremore
3531 2671 3663 2727 sub-

2075 2748 2246 2820 jicere
2276 2751 2526 2808 Domino.
2557 2752 2663 2820 Qui
2683 2755 2831 2811 enim
2874 2752 3114 2814 Verbum
3147 2758 3290 2816 bello
3339 2761 3571 2832 impetit,
3612 2765 3664 2820 is

2078 2859 2193 2900 non
2240 2861 2435 2903 servus
2475 2847 2794 2915 benevolus,
2830 2850 2926 2907 sed
2980 2852 3305 2910 manifestus
3353 2865 3438 2912 est
3459 2856 3656 2913 hostis.

2077 2934 2215 2991 Nam
2249 2937 2514 3007 scriptum
2544 2946 2629 2994 est
2662 2956 2676 2993 :
2706 2939 2810 3006 Qui
2850 2956 2956 2994 non
3005 2939 3231 2996 honorat
3276 2940 3505 3009 Filium,
3549 2960 3659 2999 non

2079 3031 2304 3082 honorat
2342 3027 2560 3083 Patrem
2581 3030 2672 3100 qui
2693 3031 2838 3084 misit
2862 3028 3017 3085 illum
3055 3032 3121 3086 ⁷ο.

2151 3116 2241 3173 Ἢ.
2275 3118 2388 3175 Nos
2411 3127 2618 3187 autent,
2645 3120 2856 3187 dilecti,
2901 3136 2967 3178 eo
3000 3130 3342 3178 revertamur
3381 3139 3658 3188 sermone,

394 3218 579 3290 θωμεν
610 3216 689 3288 τῷ
721 3215 886 3287 λόγῳ,
923 3213 1181 3284 βοῶντες·
1206 3214 1633 3284 Εὐλογημένος
1664 3216 1698 3267 ὀ
1727 3214 1973 3284 ἐρχόμε-

2080 3208 2227 3265 unde
2247 3208 2625 3276 discessimus,
2675 3206 3015 3269 clamantes:
3051 3212 3367 3269 Benedictus
3399 3216 3490 3285 qui
3520 3215 3658 3271 venit

394 3328 503 3377 νος
537 3309 610 3363 ἐν
630 3302 872 3378 ὀνόματι
892 3307 1118 3375 Κυρίου
1142 3321 1156 3336 ’
1188 3306 1218 3358 6
1244 3306 1448 3377 ποιμὴν
1467 3309 1496 3359 6
1522 3305 1688 3369 καλὸς
1718 3306 1814 3359 καὶ⁹
1837 3308 1978 3376 ἀγα-

394 3403 509 3468 θὸς,
545 3401 714 3455 θεῖναι
743 3399 841 3470 τὴν
872 3396 1230 3469 ψυχὴναύτοῦ
1260 3396 1522 3460 ἑκουσίως
1550 3398 1689 3469 ὑπὲρ
1720 3396 1830 3451 τῶν
1851 3415 1981 3470 προ-

392 3492 575 3547 ϐάτων
601 3489 766 3547 αὐτοῦ
786 3496 800 3520 δ
829 3490 897 3544 ἵν’
923 3489 1112 3561 ῶσπερ
1145 3488 1224 3561 (1)
1256 3490 1384 3552 τοὺς
1427 3488 1678 3560 πρόϐατα
1721 3490 1976 3560 σιτουμέ-

392 3604 519 3651 νους
547 3585 743 3648 λύκους
773 3584 1031 3657 προϐάτῳ
1067 3582 1381 3637 ἀλίσκουσιν
1412 3584 1461 3636 οἱ
1488 3581 1807 3654 λυκόθηρες,
1832 3582 1976 3637 οὕτω

390 3681 504 3743 τοῖς
533 3680 742 3751 νοητοῖς
770 3677 866 3730 καὶ
894 3675 1256 3748 ψυχοφθόροις
1279 3674 1485 3740 λύκοις,
1537 3675 1728 3728 ἑαυτὸν
1765 3674 1842 3740 ὡς
1877 3674 1974 3730 ᾶνέ

392 3772 608 3842 θριδτῖον
631 3768 887 3843 προσθεὶς
911 3771 944 3823 ό
968 3765 1355 3837 ἀρχιποιμὴν,
1379 3766 1601 3839 θήραμα
1622 3768 1825 3850 ποιήσῃ
1847 3769 1975 3833 τοὺς

393 3852 786 3936 θηρεύσαντας,
807 3861 888 3933 τῷ
902 3861 1068 3917 πάλαι
1092 3859 1444 3932 θηρευσθὲντι
1472 3860 1563 3912 ὑπ’
1585 3857 1765 3913 αὐτῶν
1780 3857 1971 3930 Ἀδάμ.

391 3954 816 4027 Εὐλογημένος
858 3957 893 4008 ὁ
935 3953 1262 4023 ἐρχόμενος
1308 3952 1379 4005 ἐν
1423 3937 1670 4020 ὀνόματι
1711 3949 1936 4019 Κυρίου
1955 3966 1969 3980 ·

390 4050 527 4114 Θεὸς
557 4047 699 4104 κατὰ
729 4048 822 4102 τοῦ
849 4046 1096 4103 διαϐόλου
1116 4062 1131 4075 ο
1154 4044 1216 4098 οὐ
1243 4041 1495 4115 φανερῶς
1517 4040 1607 4095 διὰ
1635 4041 1735 4112 τῆς
1767 4041 1975 4113 ἀπροσ-

390 4143 625 4197 ὑλέπτου
653 4141 952 4213 δυνάμεως,
980 4137 1116 4193 ἀλλὰ
1143 4136 1231 4191 δία
1264 4122 1366 4207 τῆς
1399 4122 1682 4198 ἀσθενείας
1706 4133 1809 4204 τῆς
1843 4150 1975 4203 σαρ-

388 4237 508 4301 κὸς,
539 4236 701 4306 δῆσαι
741 4233 833 4288 τὸν
871 4232 993 4287 καθ’
1026 4230 1183 4303 ἡμῶν
1217 4229 1457 4302 ἰσχυρόν.
1483 4225 1908 4297 Εὐλογημένος
1939 4230 1973 4281 ό

387 4328 712 4397 ἐρχόμενος
737 4326 808 4380 ἐν
833 4326 1079 4395 ὀνόματι
1125 4322 1380 4391 Κυρίουο
1417 4319 1669 4391 βασιλεὺς
1700 4317 1844 4373 κατὰ
1876 4313 1972 4371 τοῦ

387 4420 655 4494 τυράννου
677 4434 693 4449 ·
745 4418 808 4470 οὐ
854 4415 944 4470 διὰ
985 4415 1089 4486 τῆς
1140 4412 1647 4484 παντοκρατορικῆς
1690 4409 1972 4481 δυνάμεως

386 4516 486 4570 καὶ
518 4513 730 4584 σοφίας,
759 4510 898 4565 ἀλλὰ
933 4509 1024 4564 διὰ
1071 4508 1172 4579 τῆς
1198 4506 1547 4579 νομισθείσης
1590 4502 1686 4559 τοῦ
1735 4501 1970 4573 σταυροῦ

390 4607 627 4681 μωρίας,
664 4603 758 4658 τοῦ
792 4605 850 4656 ὲν
898 4601 1066 4673 κακίᾳ
1107 4597 1423 4673 [φρονίμου]
1464 4596 1643 4667 δφεως
1684 4594 1756 4650 τὰ
1795 4592 1968 4681 σκῦλα

387 4671 805 4766 διαρπάσαντος.
846 4671 1269 4758 Εὐλογημένος
1309 4689 1343 4741 ό
1388 4685 1710 4755 ἐρχόμενος
1736 4683 1807 4739 ἐν
1833 4671 1967 4736 όνό-

382 4801 527 4855 ματι
569 4782 788 4853 Κυρίου
806 4798 822 4813 ·
851 4782 880 4834 6
906 4779 1156 4852 ἀληθινὸς
1194 4777 1339 4834 κατὰ
1364 4775 1459 4831 τοῦ
1489 4773 1725 4846 ψεύεῆου
1745 4780 1759 4804 ³
1785 4776 1815 4827 6
1857 4788 1964 4827 σω-

388 4877 495 4950 τὴρ
518 4875 661 4930 κατὰ
686 4874 782 4928 τοῦ
810 4872 1118 4944 λυμεῶνοςο
1139 4871 1537 4942 ὁείρηνὰρχης
1557 4865 1701 4921 κατὰ
1735 4863 1831 4919 τοῦ
1865 4869 1966 4919 πο-

388 4970 710 5041 λεμήτορος·
749 4967 778 5019 6
809 4959 1188 5034 φιλάνθρωπος
1231 4960 1372 5048 κατὰ
1410 4957 1506 5048 τοῦ
1553 4955 1961 5048 μισανθρώπου.

389 5059 816 5131 Εὐλογημένος
861 5061 894 5112 ό
940 5055 1262 5126 ἐρχόμενος
1305 5041 1377 5106 ἓν
1417 5041 1660 5120 ὀνόματι
1706 5047 1927 5118 Κυρίου
1947 5064 1961 5076 ·

387 5152 595 5224 Κύριος
621 5152 842 5223 ἐλεῆσαι
868 5150 930 5203 τὸ
959 5146 1184 5218 πλάσμα
1209 5135 1271 5199 τὸ
1301 5144 1450 5198 ἴδιον.
1483 5139 1905 5212 Εὐλογημένος
1932 5140 1966 5191 ό

387 5252 712 5322 ἐρχόμενος
740 5248 813 5303 ἐν
857 5247 1102 5317 ὀνόματι
1130 5242 1353 5311 Κυρίου
1375 5257 1389 5271 ·
1425 5228 1631 5312 Κύριος
1664 5236 1836 5292 σῶσαι
1875 5235 1967 5290 τὸν

2081 3303 2137 3356 in
2169 3303 2378 3356 nomine
2406 3301 2619 3357 Domini
2643 3319 2662 3357 :
2686 3310 2877 3375 pastor
2898 3303 2989 3357 ille
3005 3304 3270 3360 honestus
3297 3315 3352 3360 et
3374 3307 3571 3371 bonus,
3589 3308 3660 3362 ad

2079 3394 2388 3463 ponendam
2445 3403 2643 3466 sponte
2689 3395 2927 3450 animam
2966 3410 3066 3465 pro
3112 3396 3228 3452 suis
3292 3397 3487 3454 ovibus
3546 3408 3658 3454 :ut

2078 3484 2539 3556 quemadmodum
2561 3495 2872 3551 venatores,
2903 3486 3087 3541 ovium
3117 3502 3345 3545 voraces
3363 3489 3659 3560 lupos,ove

2079 3576 2323 3646 capiunt,
2355 3576 2431 3632 ita
2449 3586 2725 3646 pastorum
2746 3577 3001 3649 Princeps
3028 3578 3075 3611 ⁸⁰
3104 3595 3164 3636 se
3195 3579 3375 3650 ipsum
3397 3589 3457 3636 ut
3488 3582 3662 3638 homi-

2077 3684 2226 3733 nem,
2259 3669 2640 3741 spiritualibus
2694 3686 2760 3727 ac
2812 3672 3121 3728 animorum
3168 3672 3467 3743 perniciem
3520 3673 3662 3732 infe:-

2078 3762 2324 3819 rentibus
2379 3762 2524 3834 lupis
2582 3762 2870 3834 ohjiciens,
2903 3779 3001 3821 eos
3056 3763 3224 3820 faciat
3281 3766 3652 3833 venationem,

2079 3860 2242 3923 capto
2281 3853 2489 3924 pridem
2527 3857 2726 3910 venatu
2754 3853 2984 3918 Adamo,
3045 3854 3139 3925 qui
3187 3853 3456 3911 Adamum
3485 3870 3655 3911 vena-

2076 3945 2281 4001 tionem
2318 3944 2580 4002 fecerant.
2610 3945 2924 4001 Benedictus
2951 3948 3042 4019 qui
3068 3947 3206 4001 venit
3231 3947 3286 4002 in
3308 3948 3516 4003 nomine
3544 3946 3661 4004 Do~

2076 4040 2210 4094 mini
2240 4056 2259 4095 :
2298 4038 2444 4096 Deus
2475 4040 2741 4097 adversus
2762 4040 3077 4106 diabolum;
3099 4048 3211 4098 nan
3250 4042 3540 4099 manifeste
3559 4057 3657 4112 per

2075 4132 2335 4188 virtutem
2386 4125 2858 4204 inaspectahilem,
2890 4131 2988 4189 sed
3027 4147 3127 4204 per
3153 4133 3340 4189 carnis
3366 4132 3657 4188 inﬁrmita-

2078 4233 2187 4279 tem
2247 4223 2566 4296 alligaturus
2621 4224 2998 4280 adversarium
3030 4223 3213 4290 nobis,
3236 4224 3433 4280 fortem
3459 4224 3529 4280 ⁸³.
3559 4223 3657 4279 Be-

2076 4314 2319 4370 nedictus
2343 4314 2435 4385 qui
2471 4315 2610 4370 venit
2632 4316 2686 4369 in
2712 4315 2923 4371 nomine
2954 4314 3212 4370 Domini:
3246 4313 3363 4370 Rex
3389 4315 3655 4373 adversus

2074 4417 2405 4479 tyrannum;
2437 4422 2547 4463 non
2573 4421 2671 4477 per
2715 4406 3144 4478 omnipotentem
3178 4407 3434 4463 virtutem
3478 4415 3533 4462 et
3559 4421 3653 4462 sa-

2074 4500 2359 4571 pientiam,
2394 4499 2492 4556 sed
2516 4515 2613 4571 per
2635 4500 2819 4556 crucis
2845 4500 3214 4555 existimatam
3260 4499 3550 4555 stultitiam
3580 4499 3655 4571 ",

2077 4608 2199 4663 quae
2232 4591 2519 4662 prudentis
2547 4591 2604 4646 in
2657 4591 2868 4646 malitia
2896 4589 3172 4661 serpentis
3199 4590 3430 4663 diripuit
3450 4592 3658 4662 spolias

2074 4684 2389 4740 Benedictus
2415 4684 2505 4755 qui
2532 4684 2670 4739 venit
2727 4688 2782 4739 in
2809 4684 3019 4739 nomine
3053 4683 3297 4741 Domini:
3342 4700 3508 4741 verus
3537 4684 3654 4752 ille)

2074 4777 2338 4833 adversus
2359 4778 2676 4833 mendacem
2711 4796 2725 4830 :
2798 4777 3062 4840 salvator,
3100 4779 3364 4833 adversus
3389 4776 3538 4832 illam
3563 4791 3656 4849 pc:

2075 4873 2213 4921 stem
2244 4883 2258 4919 :
2303 4863 2555 4936 Princeps
2611 4865 2758 4934 pacis
2783 4856 2852 4931 ⁸⁸,
2887 4864 3150 4922 adversus
3168 4864 3436 4923 bellorum
3466 4868 3654 4922 incon.

2072 4961 2247 5014 torem
2283 4976 2297 5013 :
2331 4956 2444 5025 ille,
2471 4957 2735 5029 singulari
2764 4964 2894 5030 erga
2921 4957 3207 5013 hominum
3238 4973 3411 5029 genus
3443 4958 3649 5025 studio,

2075 5049 2339 5107 adversus
2375 5060 2590 5106 osorem
2613 5048 2918 5104 hominum.
2947 5047 3260 5103 Benedictus
3291 5048 3382 5118 qui
3422 5048 3557 5102 venit
3594 5052 3652 5103 in

2075 5140 2284 5194 nomine
2310 5137 2522 5193 Domini
2548 5154 2566 5192 :
2588 5124 2874 5202 Dominus,
2907 5137 3165 5210 ﬁgmento
3208 5137 3431 5208 proprio
3463 5137 3651 5194 miser-

2077 5242 2259 5287 turus.
2287 5229 2600 5286 Benedictus
2624 5231 2714 5302 qui
2735 5230 2870 5284 venit
2925 5229 2981 5283 in
3014 5228 3224 5283 nomine
3258 5226 3470 5283 Domini
3499 5244 3519 5284 :
3544 5226 3652 5283 Do-

458 5434 504 5466 ⁷³
525 5431 557 5491 1
586 5430 734 5487 Patr.
774 5444 839 5497 tt,
870 5428 958 5485 16.
1032 5416 1078 5458 θ’
1103 5424 1266 5480 Joan.
1289 5439 1345 5488 v,
1373 5421 1463 5478 23.
1540 5418 1585 5453 '°
1618 5417 1647 5472 Ι
1671 5417 1818 5473 Petr.
1843 5432 1898 5480 ν,
1929 5410 1977 5469 4.

2084 5402 2099 5444 ί
2129 5402 2321 5469 Matth.
2347 5411 2561 5477 xu,29.
2637 5411 2683 5443 ⁸³
2715 5410 2745 5464 1
2777 5390 2901 5466 Cor.
2938 5426 2979 5476 ι,
3004 5409 3096 5466 2L
3174 5410 3220 5442 ⁸³
3250 5408 3535 5476 Isa.tx,6.

618 5582 983 5668 Δογσμᾴχος.
1038 5591 1194 5647 Sicut
1244 5588 1447 5668 dicitur
1469 5582 1953 5668 Eveuuatopdxoc,

1466 5657 1572 5725 Qui
1600 5653 1705 5709 non
1732 5653 1956 5707 honorat

458 5596 569 5670 (99)
618 5596 983 5667 Δογσμὰχος.
1038 5596 1194 5647 Sicut
1244 5596 1447 5643 dicitur
1472 5596 1792 5668 ιινευματομ

386 5668 690 5739 probatque
751 5665 1042 5739 subiuncta
1076 5660 1419 5739 auctoritas:
1466 5657 1572 5725 Qui
1600 5672 1705 5738 non
1732 5653 1792 5739 ne

386 5725 618 5806 irinum;
644 5743 751 5792 etc.
782 5725 1001 5808 Alioqui
1055 5740 1141 5788 est
1165 5729 1490 5808 λογομᾲχος,
1532 5726 1624 5796 qui
1643 5725 1829 5808 verbis
1862 5737 1959 5794 pud

385 5817 537 5882 gnat,
568 5802 790 5879 argntor
817 5824 832 5861 :
860 5802 1324 5872 ἀντιλογικδς,κα“ι
1338 5802 1813 5871 tuamne-unos.

474 5946 479 5951 -
541 5901 817 5968 Paruot.
861 5901 979 5965 GR.
1012 5898 1241 5963 XVIII.

2147 5577 2349 5650 (l)"'Iv-’
2374 5573 2598 5650 ῶσπερ,
2638 5588 2693 5626 κ.
2724 5589 2777 5650 τἐ
2808 5571 2858 5629 λ.
2893 5568 3078 5650 Utitur
3111 5568 3520 5650 Amphilochius
3549 5581 3648 5650 00f

2068 5639 2333 5705 dent'l‘ere
2363 5639 2701 5701 simili’hom.
2740 5643 2813 5698 De
2830 5642 3136 5711 peccatrice.
3167 5639 3230 5695 in
3269 5639 3551 5696 Christum
3576 5645 3651 5697 ed

2065 5734 2127 5778 se
2144 5720 2252 5775 ﬁne
2281 5727 2335 5776 et
2358 5715 2637 5775 lucrandis
2667 5714 2954 5771 animabus
2978 5713 3035 5768 in
3064 5711 3315 5768 convivia
3331 5711 3576 5787 dantem.-

3288 5876 3365 5941 13
