4110 6404
454 278 558 339 595

1422 269 1480 327 ε.
1518 270 1847 328 nemonu
1889 270 2195 329 EPISCOPI
2234 273 2321 329 ET
2361 232 2719 331 mannis

3591 280 3696 337 596

454 392 660 457 minus,
707 387 911 445 homini
968 388 1061 460 qui
1110 394 1406 453 erraverat,
1453 388 1685 443 salutem
1728 389 2012 451 allaturus.

2124 388 2460 460 πλανηθέντα
2494 392 2806 462 ἄνθρωπονο
2843 390 3137 447 καταλῦσαι
3164 393 3264 466 τὴν
3299 392 3542 467 atlaqu
3576 414 3694 466 φω-

450 497 696 539 errorem
741 484 1126 542 convulsurus,
1167 480 1541 547 tmpertiturus
1591 478 1773 533 lumen
1813 479 2022 549 agenti-

452 573 556 628 bus
582 573 636 626 in
671 571 932 631 tenebris.
981 568 1251 623 idolorum
1283 568 1585 623 aboliturus
1638 568 2017 637 imposturam,

448 662 570 731 ejus
601 662 720 716 loco
741 658 1068 713 inducturus
1091 658 1383 712 salutarem
1415 655 1507 710 Dei
1543 656 1815 719 notitiam,
1860 671 2020 709 mun-

448 756 579 811 dum
639 749 1116 813 sanctiﬁcaturus,
1173 748 1350 804 scelus
1395 748 1778 817 miseriamque
1836 748 2019 803 cultus

448 844 691 902 inanium
723 842 948 898 deorum
984 840 1358 897 submoturus.
1419 838 1729 894 Benedictus
1762 839 1853 909 qui
1882 840 2017 893 venit

447 938 503 991 in
529 937 738 990 nomine
759 933 1010 987 Domini:
1047 948 1187 987 unus
1211 947 1308 1001 pro
1351 932 1556 997 multis,
1583 939 1643 985 ut
1675 932 1824 1000 inops
1854 930 2019 984 homi-

446 1046 572 1085 num
595 1044 754 1100 genus
796 1027 984 1096 eripiat
1013 1024 1075 1079 de
1106 1041 1263 1078 manu
1297 1024 1577 1094 fortiorum
1619 1024 1770 1094 ejus;
1823 1034 1870 1078 et
1903 1040 2019 1093 cge-

449 1139 595 1186 num,
626 1131 675 1175 et
728 1134 1004 1187 pauperem
1032 1135 1064 1170 a
1105 1116 1472 1186 diripientibus
1515 1132 1629 1169 eum
1664 1114 1728 1169 ν’.
1764 1112 2017 1186 [Benedi-

2125 483 2443 555 ταγωγῆσαι
2503 487 2627 547 τοὺς
2680 487 2738 538 ὲν
2795 488 2973 540 σκότει
2997 506 3011 520 ·
3067 486 3407 558 καταργῆσαι
3463 487 3696 543 εἰδώλων

2126 573 2367 645 ἀπάτην·
2419 574 2729 639 ἀντεισάξαι
2771 576 3094 643 θεογνωσίαν
3138 579 3434 649 σωτήριονο
3471 579 3697 647 ἁγιάσαι

2126 665 2359 735 κόσμον·
2400 666 2667 721 ἀπελάσαι
2703 669 2765 720 τὸ
2814 669 2981 738 μύσος
3023 671 3117 723 καὶ
3153 668 3315 738 ἄλγος
3343 669 3417 743 (2)
3452 671 3552 741 τῆς
3585 672 3695 724 τῶν

2128 762 2371 831 ματαίων
2401 760 2536 813 Θεῶν
2557 762 2864 833 θεραπείας.
2887 762 3305 832 Εὐλογημένος
3324 765 3357 816 ό
3376 762 3695 832 ἐρχόμενος

2123 850 2193 903 ἐν
2237 852 2479 921 ὀνόματι
2519 852 2770 918 Kvplov'
2821 847 2901 915 εἷς
2930 853 3069 924 ὑπὲρ
3113 851 3343 917 πολλῶν,
3389 854 3697 921 ῥύσασθαι

2124 940 2361 1011 πτωχὸν
2387 945 2559 1011 γένος
2587 942 2929 1010 ἀνθρώπων,
2972 943 3040 995 ἐκ
3071 943 3266 1011 χειρὸς
3293 942 3696 1011 στερεωτέρων

2122 1032 2328 1095 αὑτοῦ,
2361 1032 2457 1085 καὶ
2489 1033 2726 1101 πτωχὸν
2751 1033 2849 1085 καὶ
2884 1032 3109 1098 πένητα
3150 1032 3268 1086 ἀπὸ
3312 1031 3429 1085 τῶν
3451 1032 3695 1101 διαρπα-

2124 1123 2340 1183 ζόντων
2363 1125 2568 1177 αὐτόν.
2589 1123 3032 1195 [Εὐλογημένος
3054 1126 3086 1177 ό
3112 1124 3433 1192 ἐρχόμενος
3457 1124 3527 1178 ἐν
3558 1126 3692 1179 ὀνό-

452 1225 567 1268 ctus
593 1212 681 1282 qui
710 1212 846 1264 venit
869 1211 920 1263 in
944 1210 1147 1263 nomine
1181 1207 1430 1260 Domini:
1454 1207 1635 1260 viuum
1666 1213 1720 1260 et
1750 1206 1929 1260 oleum
1965 1204 2012 1259 ci

2117 1230 2257 1283 ματι
2294 1215 2543 1280 Κψιόυ·
2574 1213 2787 1283 ἐπιχέαι
2818 1210 2955 1266 οἶνον
2985 1213 3077 1266 καὶ
3110 1212 3254 1265 ἔλεον
3275 1214 3365 1266 ἐπὶ
3389 1214 3481 1267 τὸν
3518 1216 3692 1285 ἐμπε-

452 1308 737 1362 iulusurus
766 1302 859 1374 qui
890 1301 1154 1356 inciderat
1185 1302 1238 1354 in
1274 1301 1511 1353 latrones
1537 1299 1605 1361 ⁸⁸,
1637 1308 1691 1353 et
1722 1297 1895 1353 fuerat
1930 1297 2012 1351 de-

2124 1303 2284 1357 σόντα
2316 1306 2395 1365 εἰς
2421 1302 2544 1365 τοὺς
2569 1302 2771 1373 λῃστὰς
2801 1303 2892 1355 καὶ
2922 1301 3394 1375 παρεωραμένον.]
3424 1305 3693 1374 Εὐλογη-

447 1397 716 1471 spectus.]
748 1394 1055 1450 Benedictus
1078 1397 1167 1464 qui
1193 1393 1326 1447 venit
1360 1393 1410 1446 in
1436 1392 1644 1445 nomine
1676 1390 1926 1443 Domini:
1957 1400 2012 1443 ut

2117 1395 2299 1463 μένος
2348 1398 2380 1448 ό
2428 1395 2749 1463 ἐρχόμενος
2790 1394 2861 1447 ἐν
2910 1395 3153 1463 ὀνόματι
3204 1395 3464 1461 Κυρίουο
3521 1394 3694 1450 σῶσαι

447 1506 550 1544 nos
578 1490 693 1557 ipse
732 1504 827 1563 per
858 1502 917 1541 se
970 1486 1148 1553 ipsum
1194 1484 1386 1547 salvet,
1455 1482 1908 1554 quemadmodum
1942 1482 2012 1535 ait

2121 1486 2266 1555 ἡμᾶς
2290 1485 2356 1538 δι’
2384 1485 2597 1549 ἑαυτοῦ,
2617 1485 2692 1548 ὥς
2716 1501 2877 1554 φησιν
2899 1487 2927 1539 ὁ
2949 1487 3233 1557 προφήτης
3254 1502 3265 1514 ·
3295 1487 3376 1539 Οὐ
3402 1485 3691 1553 πρέσϐυς,

447 1582 708 1653 propheta
737 1599 749 1633 :
785 1576 908 1631 Non
941 1576 1167 1647 legatus,
1193 1592 1352 1646 neque
1371 1576 1619 1646 angelus;
1641 1574 1732 1629 sed
1762 1573 2012 1627 Dominus

2121 1574 2262 1628 οὐδὲ
2294 1574 2545 1645 ἄγγελος
2560 1593 2574 1606 ⁸
2602 1576 2738 1631 ἀλλ’
2764 1576 2945 1643 αὐτὸς
2968 1580 3000 1630 ὀ
3022 1578 3235 1645 Κύριος
3254 1578 3490 1632 ἔσωσεν
3512 1576 3687 1648 ἡμᾶς.

449 1670 669 1726 salvarit
703 1685 796 1722 nos
843 1669 911 1722 ⁸⁸.
941 1660 1234 1737 PrOpterea
1268 1677 1323 1721 et
1370 1666 1472 1737 ipsi
1496 1664 1865 1721 benedicimus
1893 1664 2011 1731 tibi,

2119 1666 2216 1719 Διὰ
2247 1665 2402 1719 τοῦτο
2442 1667 2534 1719 καὶ
2562 1669 2725 1738 ἡμεῖς
2765 1666 3090 1743 εὐλογοῦμεν
3124 1685 3204 1733 σε,
3236 1669 3410 1742 Κύριε
3432 1686 3445 1699 ·
3477 1670 3567 1723 τὸν
3594 1672 3692 1724 σὺν

442 1761 690 1823 Domine,
716 1760 809 1831 qui
843 1775 965 1815 cum
1013 1759 1174 1814 Patre
1197 1766 1253 1814 et
1308 1758 1514 1828 Spiritu
1548 1764 1739 1814 sancto
1790 1756 2012 1812 benedi-

2117 1758 2289 1828 Πατρὶ
2312 1758 2405 1811 καὶ
2432 1757 2571 1829 ἁγίῳ
2592 1759 2867 1830 Πνεύματι
2895 1759 2999 1830 πρὸ
3033 1759 3241 1813 αἰώνων
3267 1761 3361 1813 καὶ
3385 1762 3464 1823 εἰς
3489 1761 3691 1823 αἰῶνας

444 1862 565 1909 ctus
594 1867 653 1907 es
676 1860 801 1905 ante
833 1850 1032 1907 saecula
1061 1858 1115 1906 et
1159 1851 1212 1904 in
1249 1850 1447 1905 sacula
1492 1850 1813 1905 saeculorum
1848 1867 1866 1901 τ
1887 1855 2011 1901 ante

2117 1849 2323 1903 αἰώνων
2359 1851 2746 1921 εὐλογημένονθ
2781 1851 2885 1922 πρὸ
2916 1852 3015 1923 μὲν
3046 1851 3153 1905 τῶν
3178 1852 3387 1906 αἰώνων
3409 1854 3502 1907 καὶ
3527 1853 3689 1926 μέχρι

442 1944 640 2000 saecula
672 1943 911 2013 quidem,
971 1948 1024 1997 et
1054 1957 1225 2012 usque
1268 1941 1429 1997 modo
1483 1955 1711 2013 corpore
1760 1953 2006 1994 vacans:

443 2052 588 2090 nunc
618 2043 798 2090 autem
823 2044 877 2089 et
906 2034 961 2088 in
995 2035 1214 2098 saecula,
1245 2048 1369 2088 cum
1406 2032 1590 2086 divina
1617 2039 1708 2085 tua
1727 2038 1781 2086 et
1811 2031 2012 2085 immu-

442 2128 680 2183 tabilitcr
710 2125 1049 2195 indiviseque
1071 2130 1351 2194 assumpta
1376 2123 1734 2177 humanitate.

516 2216 624 2271 V'll.
664 2215 958 2270 Videamus
985 2216 1147 2270 etiam
1182 2216 1482 2285 sequentia.
1523 2214 1664 2280 Quid
1691 2215 1767 2269 ait
1793 2214 2011 2270 divinus

441 2308 801 2379 evangelista?
824 2303 953 2359 Cum
1000 2306 1145 2361 enim
1191 2305 1440 2361 Dominus
1499 2308 1748 2362 intrasset
1790 2308 1847 2360 in
1880 2316 2013 2361 tem-

444 2402 613 2471 plum,
638 2406 967 2453 accesscrunt
999 2394 1067 2451 ad
1122 2414 1238 2451 eum
1268 2397 1448 2451 claudi
1476 2407 1526 2452 et
1557 2400 1702 2463 cruci,
1726 2409 1775 2452 et
1805 2399 2009 2453 sanavit

439 2505 550 2544 sos.
596 2488 834 2542 Videntes
857 2497 1030 2541 autem
1057 2489 1314 2556 principes
1327 2489 1652 2543 sacerdotum
1671 2498 1720 2543 et
1747 2489 2007 2544 Pharisazi

445 2580 717 2635 mirabilia
737 2596 853 2651 qua:
884 2580 1025 2650 fecit,
1055 2588 1105 2634 et
1129 2594 1317 2650 pueros
1343 2577 1652 2641 clamantes,
1678 2587 1724 2632 et
1742 2578 1968 2633 dicentes
1993 2594 2012 2631 :

444 2672 705 2728 Hosanna
753 2672 867 2742 ﬁlio
899 2670 1069 2726 Dauid
1111 2687 1129 2724 :
1188 2668 1500 2724 Benedictus
1537 2671 1626 2739 qui
1657 2671 1793 2723 venit
1828 2672 1883 2724 in
1924 2688 2013 2724 no-

444 2767 582 2819 mine
612 2764 823 2821 Domini
850 2764 919 2829 ",
947 2780 1055 2818 non
1087 2763 1329 2818 tulerunt
1373 2761 1675 2817 exhibitum
1730 2762 2013 2825 honorem,

343 2904 348 2910 .
441 2873 615 2927 eoque
644 2858 983 2919 accedentes,
1039 2856 1114 2907 ita
1142 2853 1397 2907 dixerunt
1438 2872 1452 2907 :
1505 2850 1629 2906 Non
1675 2853 1828 2907 a-udis
1891 2854 2015 2923 quid

441 2951 533 3004 isti
568 2948 789 3004 dicunt?
817 2947 983 3013 Quasi
1041 2946 1283 3001 dicerent
1316 2965 1327 2999 :
1366 2943 1487 3000 Non
1544 2944 1858 3011 oﬂ'enderis,
1919 2946 2015 3017 qui

2112 1943 2211 2013 τῆς
2225 1943 2383 2016 δεῦρο
2403 1943 2689 2014 ἀσώματον
2708 1962 2720 1974 ·
2745 1944 2811 1999 τὰ
2828 1942 2920 1997 νῦν
2942 1945 2999 1998 δὲ
3020 1945 3111 1999 καὶ
3128 1947 3206 2008 εἰς
3220 1946 3421 2009 αἰῶνας
3439 1948 3576 2017 μετά
3590 1950 3690 2019 τῆς

2113 2034 2262 2099 θείας
2282 2036 2375 2090 καὶ
2403 2035 2736 2107 ἀμεταϐόλου
2764 2037 2858 2090 καὶ
2889 2037 3181 2108 ἀμερίστου
3224 2053 3315 2090 σου
3341 2037 3682 2109 σαρκώσεως.

2179 2216 2249 2268 Z'.
2278 2215 2507 2287 Ἴδωμεν
2533 2214 2627 2269 καὶ
2653 2212 2721 2266 τὰ
2744 2212 2889 2283 ἑξῆς.
2916 2212 2981 2263 Τί
3006 2209 3153 2280 λέγει
3179 2210 3208 2261 ό
3237 2209 3509 2273 θειότατος
3531 2212 3685 2278 εὐαγ-

2109 2304 2361 2377 γελιστής
2383 2321 2397 2370 ς
2450 2305 2851 2371 Εἰσελθόντος
2896 2303 3005 2374 γὰρ
3054 2302 3160 2357 τοῦ
3204 2303 3424 2370 Kvplov
3478 2304 3567 2367 εἰς
3616 2301 3682 2353 τὸ

2112 2396 2291 2463 lepor,
2326 2393 2676 2465 προσῆλθον
2721 2394 2882 2460 αὐτῷ
2933 2394 3111 2464 χωλοὶ
3166 2392 3265 2447 καὶ
3310 2390 3547 2460 τυφλοὶ,
3582 2390 3683 2446 καὶ

2111 2484 2513 2551 ἐθεράπευσεν
2547 2487 2786 2551 αὐτούς.
2829 2484 3075 2550 Ἰδόντες
3097 2482 3167 2537 δέ
3184 2481 3475 2551 ἀρχιερεῖς
3499 2483 3596 2536 καὶ
3630 2487 3684 2535 οι

2113 2577 2417 2645 Φαρισαῖοι
2443 2578 2516 2631 τὰ
2542 2578 2841 2647 θαυμάσια
2864 2578 2902 2630 d
2933 2578 3202 2645 ἐποίησε,
3239 2573 3340 2628 καὶ
3371 2575 3511 2640 τοὺς
3548 2573 3684 2628 παῖ-

2113 2666 2221 2732 δας
2254 2665 2572 2735 κράζοντας
2617 2668 2713 2721 καὶ
2763 2666 3081 2737 λέγοντας·
3141 2665 3404 2720 Ὡσαννὰ
3452 2664 3533 2730 τῷ
3575 2663 3686 2729 υἱῷ

2113 2758 2293 2813 Δαυτδ
2312 2778 2326 2792 ·
2353 2762 2397 2812 Ε
2400 2760 2771 2830 ὑλογημένος
2796 2762 2829 2811 ό
2855 2760 3173 2828 ἐρχόμενος
3201 2759 3271 2812 ἐν
3301 2758 3541 2827 ὀνόματι
3566 2761 3687 2811 Κυ-

2108 2853 2266 2920 ρίου,
2310 2851 2410 2904 οὐκ
2441 2853 2675 2921 ἤνεγκαν
2715 2850 2811 2921 τὴν
2837 2850 3028 2904 τούτου
3056 2851 3238 2922 τιμήν.
3276 2849 3435 2904 Ὅθεν
3458 2850 3688 2921 προσελ-

2117 2943 2301 3008 θόντες
2340 2943 2513 3007 οὕτως
2541 2939 2719 2997 εἷπον·
2764 2944 2885 2996 Οὐκ
2919 2942 3159 3009 ἀκούεις
3183 2942 3240 2995 τί
3271 2938 3435 2997 οὗτοι
3473 2941 3687 3011 λέγου-

441 3044 591 3098 velut
621 3040 761 3095 Deus
784 3039 1058 3094 lauderis?
1109 3037 1228 3094 Non
1262 3037 1371 3095 l'ers
1417 3040 1663 3104 moleste,
1700 3040 1791 3109 qui
1823 3040 2012 3096 audias

2117 3051 2253 3101 σιν;
2320 3035 2530 3088 Ὠσανεὶ
2570 3033 2786 3101 ελεγον·
2838 3034 2912 3086 Οὐ
2965 3032 3168 3104 βαρῠνῃ
3213 3030 3564 3103 δοξαζόμενος
3610 3032 3687 3095 ὡς

441 3137 512 3191 ab
532 3134 804 3189 innocenti
831 3138 990 3187 aetate
1015 3146 1135 3201 quae
1162 3130 1271 3186 Deo
1301 3138 1357 3186 et
1389 3130 1492 3187 soli
1518 3132 1619 3202 ipsi
1640 3131 2012 3186 conveniunt?

442 3226 635 3281 Nonne
665 3226 792 3282 olim
823 3224 1062 3295 prodidit
1095 3224 1239 3279 Deus
1262 3239 1359 3296 per
1398 3223 1738 3295 prophetam,
1773 3222 2010 3277 Gloriam

442 3336 609 3374 meam
636 3319 789 3373 alteri
818 3334 921 3371 non
949 3315 1084 3370 dabo
1110 3316 1193 3370 ‘3?
1221 3315 1285 3370 Et
1312 3315 1404 3387 qui
1437 3326 1515 3378 tu,
1579 3314 1730 3369 homo
1761 3332 1881 3369 cum
1911 3316 2009 3381 sis,

446 3410 581 3480 facis
614 3419 660 3462 te
689 3410 858 3478 ipsum
880 3407 1047 3461 Deum
1070 3407 1115 3438 ⁸⁸
1141 3406 1164 3459 ?
1191 3405 1332 3471 Quid
1365 3421 1493 3461 vero
1534 3406 1602 3460 ad
1631 3407 1744 3460 haec
1774 3407 1863 3462 ille
1890 3406 2013 3460 lon-

442 3502 671 3573 ganimis
690 3541 705 3564 ,
734 3502 823 3556 ille
853 3501 1051 3555 multus
1075 3502 1128 3554 in
1158 3499 1519 3556 misericordia
1546 3500 1615 3567 ’°,
1650 3507 1703 3556 et
1731 3500 1915 3554 tardus
1941 3499 2014 3553 ad

439 3594 581 3647 iram
606 3593 688 3646 “?
730 3591 964 3647 sustinet
991 3591 1254 3658 furentes,
1306 3590 1623 3647 defensione
1666 3591 1778 3647 iras
1816 3607 2012 3647 accen-

442 3700 534 3741 sas
565 3685 802 3745 cohibet,
858 3683 1171 3753 Scripturas
1221 3699 1284 3738 ex
1320 3682 1547 3739 adverso
1595 3684 1652 3739 in
1690 3687 2011 3741 memoriam

442 3784 684 3839 revocat,
720 3775 875 3829 all'ert
908 3775 1220 3831 testimonia
1258 3790 1448 3831 eorum
1499 3791 1621 3847 qua:
1651 3786 1887 3848 aguntur
1911 3792 2013 3833 nec

442 3869 626 3923 renuit
676 3868 1012 3938 interrogare
1045 3885 1058 3921 :
1089 3866 1449 3937 Nunquamne
1492 3876 1547 3923 et
1601 3885 1699 3924 vos
1738 3871 2011 3926 dicentem

443 3975 531 4013 me
559 3974 654 4028 per
713 3959 1030 4029 prophetam
1077 3959 1306 4015 audistis
1337 3978 1350 4013 :
1377 3958 1531 4015 Tunc
1555 3961 1741 4016 scietis
1761 3963 1888 4032 quia
1921 3963 2012 4032 qui

442 4050 711 4120 loquebar,
739 4051 847 4118 ipse
878 4049 1066 4104 adsum
1121 4049 1202 4105 ἐἳ
1230 4048 1338 4105 Nec
1371 4065 1499 4106 vero
1525 4052 1722 4106 iterum
1752 4070 1764 4105 :
1814 4051 1899 4105 Ea:
1924 4069 2012 4107 ore

442 4143 725 4210 infantium
773 4151 823 4197 et
855 4141 1162 4196 iactentium
1210 4141 1471 4211 perfecisti
1517 4142 1749 4209 laudem,
1801 4154 2012 4213 propter

442 4235 681 4288 inimicos
729 4244 869 4299 tuos,
899 4244 956 4287 ut
1003 4234 1249 4289 destruas
1294 4234 1565 4289 inimicum
1591 4245 1639 4289 et
1683 4235 1906 4291 ultorem
1927 4237 2012 4291 ’³⁸9

445 4324 556 4381 Vos
587 4327 841 4380 nimirum
881 4326 976 4398 qui
1007 4327 1285 4383 attenditis
1311 4328 1412 4398 legi
1460 4335 1514 4383 et
1562 4328 1855 4399 prophetas
1885 4329 2011 4400 legi-

2116 3126 2276 3190 Θεός;
2311 3127 2425 3179 Οὐκ
2468 3124 2609 3198 ἄχθῃ
2652 3123 2864 3177 ἀκούων
2909 3123 3058 3195 παρὰ
3094 3121 3204 3176 τῶν
3240 3121 3462 3176 ἀκάκων
3490 3121 3561 3175 τά
3606 3121 3687 3192 τῷ

2116 3219 2228 3290 Θεῷ
2250 3260 2264 3282 ,
2312 3219 2405 3273 καὶ
2455 3219 2618 3289 μόνῳ,
2648 3219 2968 3291 πρέποντα.
3002 3216 3076 3269 Οὐ
3122 3216 3286 3270 παλαι
3325 3214 3622 3287 δεδήλωκεν
3656 3219 3689 3270 ὁ

2116 3309 2246 3374 θεὸς
2275 3308 2362 3362 διὰ
2401 3307 2492 3362 τοῦ
2536 3309 2811 3379 προφήτου
2832 3322 2845 3333 '
2887 3305 3004 3374 Τὴν
3046 3304 3232 3369 δόξαν
3257 3321 3376 3374 μου
3407 3303 3583 3373 ἑτέρῳ
3613 3305 3687 3358 οὐ

2117 3401 2327 3464 δώσω;
2353 3400 2446 3453 καὶ
2474 3398 2590 3462 πῶς
2619 3398 2721 3461 σὺ,
2764 3396 3072 3465 ἄνθρωπος
3108 3393 3213 3460 ὢν,
3241 3392 3429 3460 ποιεῖς
3470 3393 3689 3447 ἑαυτὸν

2121 3497 2303 3556 Θεόν;
2345 3491 2504 3545 Ἀλλά
2526 3490 2579 3543 τί
2608 3489 2743 3562 πρὸς
2775 3488 2944 3542 ταῦτα
2966 3488 2995 3539 ό
3027 3485 3396 3558 μακρόθυμος,
3440 3488 3472 3538 ό
3494 3483 3689 3551 πολὺς

2117 3585 2187 3637 ἐν
2211 3583 2367 3637 ἐλέει
2402 3582 2496 3636 καὶ
2519 3580 2753 3650 ,βραδὺς
2790 3583 2877 3646 εἰς
2920 3579 3144 3648 ὀργήν;
3172 3578 3419 3649 ἀνέχεται
3449 3575 3558 3629 τῶν
3593 3590 3688 3647 με·

2121 3676 2393 3746 μηνότωνο
2434 3673 2744 3728 ἀναστέλλει
2796 3674 2861 3742 τῇ
2894 3670 3161 3740 ἀπολογία
3195 3669 3295 3741 τὴν
3346 3669 3685 3739 φλεγμονήνο

2118 3768 2558 3839 ἀνθυπομνήσκει
2605 3765 2855 3835 Γραφάς·
2896 3762 3194 3833 προσφέρει
3238 3760 3542 3832 μαρτυρίας
3579 3758 3688 3813 τῶν

2117 3860 2476 3933 τελουμένων,
2509 3858 2603 3911 καὶ
2647 3858 2748 3910 οὐκ
2779 3854 3131 3913 ἀπαναίνεται
3173 3851 3308 3923 πρὸς
3334 3850 3431 3921 τὴν
3474 3849 3684 3903 πεῦσιν.

2119 3955 2208 4008 Διό
2241 3969 2436 4025 φησιν·
2481 3950 2745 4003 Οὐδέποτε
2790 3948 2885 4000 καὶ
2931 3948 3089 4015 ὑμεῖς
3131 3941 3401 4013 ἠκούσατέ
3452 3957 3554 4011 μου
3598 3941 3687 3994 διὰ

2117 4045 2210 4099 τοῦ
2240 4044 2519 4116 προφήτου
2541 4041 2809 4109 λέγοντος·
2833 4038 2967 4090 Τότε
2990 4032 3284 4105 γνώσεσθε,
3305 4032 3385 4085 ὅτι
3404 4035 3438 4085 ό
3456 4030 3683 4095 λαλῶν,

2118 4134 2298 4200 αὐτὸς
2332 4131 2599 4202 πάρειμι;
2634 4129 2740 4182 οὐδ’
2770 4123 2837 4181 αὖ
2878 4126 3065 4180 πάλιν·
3111 4126 3206 4177 Ἐκ
3243 4124 3540 4192 στόματος
3576 4138 3685 4189 νη-

2120 4229 2270 4281 πίων
2296 4225 2395 4279 καὶ
2420 4222 2790 4293 θηλαζόντων
2807 4217 3159 4287 κατηρτιξσω
3179 4212 3352 4271 αἶνον
3370 4214 3547 4268 ἕνεκα
3568 4211 3688 4266 τῶν

2118 4316 2345 4388 ἐχθρῶν
2375 4330 2511 4377 σου,
2547 4310 2654 4365 τοῦ
2690 4307 3023 4363 καταλῦσαι
3062 4303 3277 4375 ἐχθρὸν
3307 4302 3404 4358 καί
3453 4300 3687 4368 ἐκδικη-

444 4420 536 4481 tis,
568 4433 761 4488 meque
790 4393 968 4489 qui-in
991 4419 1106 4490 lege
1132 4428 1186 4475 et
1222 4393 1501 4491 prophetis
1533 4393 1796 4490 praedicor
1832 4393 2012 4483 "havs-

2119 4409 2265 4477 τήν;
2318 4406 2545 4477 Οῖτινές,
2571 4405 2694 4456 ἐστε
2739 4401 2915 4469 ὑμεῖς,
2967 4399 3016 4451 οἰ
3061 4397 3209 4467 νόμῳ
3259 4393 3686 4466 προσανέχοντες

445 4483 771 4579 ρυηιοιηίηὶ.
808 4483 1112 4566 ’Ἦιιοιηίἶιί
1171 4483 1391 4582 quidem
1438 4483 1654 4584 pietatis
1702 4514 1883 4584 specie
1914 4512 2009 4569 Dei

2120 4505 2215 4559 καὶ
2257 4501 2541 4572 προφήτας
2586 4492 3064 4563 ἀναγινώσκοντες,
3107 4487 3252 4559 κάμὲ
3302 4486 3395 4540 τὸν
3442 4488 3499 4539 ὲν
3536 4483 3685 4553 νόμῳ

445 4604 673 4668 gloriam
695 4603 910 4668 ulcisci,
942 4619 1053 4658 non
1086 4605 1445 4675 intelligentes
1478 4607 1602 4675 quia
1631 4608 1718 4678 qui
1746 4623 1827 4661 me
1860 4623 2008 4674 sper-

445 4693 545 4754 nit,
576 4702 623 4746 et
654 4690 870 4747 Patrem
900 4709 1070 4747 meum
1095 4696 1292 4763 spernit
1322 4696 1368 4727 ’⁵
1402 4714 1416 4749 :
1451 4694 1561 4766 Ego
1601 4696 1735 4750 exivi
1764 4713 1797 4749 a
1828 4694 1932 4750 Deo
1961 4705 2012 4751 et

446 4785 560 4837 veni
583 4784 638 4837 in
668 4784 916 4838 mundum
941 4784 1021 4851 ";
1061 4800 1287 4856 meaque
1314 4788 1486 4855 gloria
1501 4787 1664 4843 etiam
1695 4788 1874 4843 Patris
1903 4788 2009 4842 mei

445 4885 531 4930 est
582 4876 772 4945 gloria.
817 4874 907 4930 Sic
939 4882 1119 4931 autem
1174 4877 1409 4932 convicti
1472 4879 1622 4935 stulti
1666 4895 1696 4932 a
1728 4879 2010 4935 Salvatore

447 4974 636 5021 nostro
667 4965 773 5022 Deo
801 4966 1077 5023 desierunt
1104 4967 1323 5038 quidem
1347 4970 1744 5037 contradicere,
1780 4970 2010 5025 veritate

446 5069 540 5107 ora
607 5058 924 5112 obstruente
974 5074 990 5112 :
1044 5057 1151 5111 alia
1184 5120 1187 5125 _
1216 5074 1342 5114 vero
1390 5059 1626 5114 dementi
1683 5060 2010 5131 cogitatione

446 5147 639 5214 ascita,
669 5149 954 5204 consilium
986 5150 1225 5205 inierunt
1256 5158 1444 5206 contra
1478 5151 1675 5221 ipsum.
1709 5151 1818 5208 Nos
1847 5165 2011 5223 porro

435 5245 738 5317 psallamus
766 5261 780 5309 ς
813 5243 1038 5316 Magnus
1054 5245 1321 5299 Dominus
1351 5256 1399 5300 et
1427 5264 1620 5317 magna
1660 5250 1826 5304 uirtus
1852 5250 2007 5319 ejus;

516 5360 562 5391 ⁸⁸
596 5358 743 5414 Psal.
777 5375 964 5422 πτειν,
993 5360 1083 5414 10.
1158 5359 1204 5391 ⁸⁵
1231 5358 1359 5416 Luc.
1382 5376 1438 5421 π,
1469 5359 1556 5415 54.
1632 5358 1678 5391 ⁸⁸
1700 5357 1814 5413 Isa.
1839 5373 1996 5420 um,

2161 5360 2207 5392 ⁸⁷
2241 5357 2439 5414 Matth.
2473 5372 2590 5422 xxi,
2615 5356 2801 5412 Molli.

1353 5430 1476 5489 Jac.
1531 5446 1571 5496 ι,
1598 5429 1685 5485 l9.
1759 5429 1804 5461 “
1836 5428 1950 5483 lsa.
1979 5445 2077 5496 ut,
2109 5429 2162 5486 6.
2235 5431 2283 5463 “
2305 5423 2464 5485 Ῥεαι.
2490 5443 2611 5493 vm,
2639 5426 2693 5482 5.
2767 5428 2813 5461 “
2829 5426 2991 5481 Joan.
3032 5442 3086 5490 v,
3112 5426 3199 5481 59.

447 5441 508 5489 Ι,
539 5430 625 5486 55.

450 5499 541 5553 25.

704 5430 748 5462 '°
804 5428 919 5484 .loel
958 5445 1016 5493 tt,
1062 5430 1147 5484 l5.
1243 5430 1285 5461 ⁸¹

642 5500 688 5532 ⁸⁸
742 5497 1049 5561 Ιοιιη.-ινι,
1085 5499 1175 5554 28.

2113 4597 2209 4651 καὶ
2265 4594 2570 4666 προφήταις
2624 4584 3023 4659 κηρυττόμενον
3073 4579 3414 4640 ἀθετοῦντες.
3468 4579 3684 4629 Δοκεῖτε

2117 4689 2215 4761 μὲν
2234 4685 2342 4756 γὰρ
2363 4683 2421 4736 ὲν
2444 4682 2682 4752 σχήματι
2704 4676 2985 4738 εὐλαϐείας
3005 4670 3412 4761 διεκδικεῖνγτὴν
3434 4666 3684 4761 τοῦ-Θεοῦ

2113 4755 2289 4842 δόξαν,
2316 4755 2398 4843 μὴ
2421 4770 2708 4833 συνιέντες,
2743 4769 2932 4838 ὅτιπερ
2964 4769 2997 4819 ό
3021 4762 3125 4833 ἐμὲ
3146 4760 3391 4823 ἀθετῶν,
3446 4757 3547 4811 καὶ
3578 4755 3687 4810 τὸν

2112 4866 2345 4935 Πατέρα
2359 4883 2477 4936 μου
2498 4862 2716 4918 ἀθετεῖ·
2756 4857 2896 4929 Ἐγὼ
2915 4857 3073 4926 παρὰ
3096 4854 3204 4909 τοῦ
3226 4852 3372 4908 Θεοῦ
3401 4847 3683 4917 ἐξῆλθον,

2113 4961 2212 5014 καὶ
2242 4958 2513 5024 ἐλήλυθα
2544 4957 2631 5020 εἰς
2654 4953 2761 5007 τὸν
2784 4952 3014 5020 κόσμον
3034 4965 3049 4980 ο
3082 4946 3177 5002 καὶ
3210 4949 3243 5016 ἡ
3270 4943 3376 5014 ἐμὴ
3409 4941 3556 5007 δόξα,
3591 4940 3685 4995 καὶ

2116 5053 2209 5107 τοῦ
2240 5049 2452 5122 Πατρός
2498 5063 2602 5121 μου
2639 5045 2787 5100 ἐστὶν
2812 5044 2954 5112 δόξα.
3005 5041 3379 5111 Ἐλεγχθέντες
3410 5037 3467 5089 δὲ
3512 5032 3686 5096 οὕτως

2117 5148 2165 5200 οἱ
2199 5146 2416 5216 ἀνόητοι
2461 5145 2568 5199 ὑπδ
2604 5144 2698 5199 τοῦ
2726 5143 2975 5214 Σωτῆρος
3001 5137 3158 5211 ἡμῶν
3186 5132 3344 5197 Θεοῦ,
3378 5128 3689 5184 ἐπαύσαντο

2124 5240 2224 5312 μὲν
2268 5239 2367 5309 τῆς
2392 5238 2717 5309 ἀντιλογίας,
2756 5233 3090 5307 φιμωθέντες
3115 5231 3182 5301 τῇ
3213 5224 3466 5296 ἀληθείᾳ’
3498 5221 3686 5290 ἓτερον

2904 5355 2951 5389 ⁸⁸
2979 5353 3091 5410 Isa.
3124 5370 3258 5417 xui,
3290 5353 3344 5410 8.
3422 5352 3469 5386 ”
3516 5348 3680 5407 Joan.

2904 5443 2991 5479 an.
3032 5442 3086 5479 v.
3112 5426 3199 5479 59.
3305 5426 3350 5458 ”
3378 5423 3541 5479 lacn.
3574 5435 3679 5479 xv.

3528 5457 3679 5485 ,δεῖν

525 5613 827 5687 (2)7Μύσος
842 5610 1166 5687 καί-ἄλγος.
1198 5614 1479 5687 Congrue
1508 5614 1561 5668 in
1592 5615 1801 5687 cultum
1830 5611 2012 5672 idolon

2117 5634 2278 5686 ;vere
2296 5623 2441 5675 enim
2463 5626 2753 5687 utrumque
2779 5613 2944 5671 habet
2975 5633 2987 5669 :
3021 5628 3193 5685 eoque
3219 5613 3546 5670 immensum
3580 5607 3681 5665 he:

453 5686 727 5753 ncticium,
749 5685 893 5755 quod
914 5684 1165 5742 Christus
1195 5686 1285 5741 illo
1317 5683 1576 5740 mundum
1599 5683 1849 5740 absolvit.
