4110 6444
390 413 496 471 397

1514 408 1798 464 HOMILIA
1834 408 1921 466 DE
1959 410 2189 468 CRUCE
2228 411 2480 468 DOMINI.

3512 418 3616 471 598

385 527 445 582 δὲ
484 528 918 600 ἐπισπασάμενοι
955 528 1139 592 ἀνοίας
1175 528 1453 599 λογισμὸν,
1484 528 1806 598 συμϐούλιον
1839 533 1956 583 κατ’

2059 547 2107 591 et
2138 538 2408 606 sapientia:
2429 538 2540 608 ejus
2569 554 2670 593 non
2696 547 2771 593 est
2796 555 3041 593 numerus
3070 540 3138 591 "’.
3180 536 3301 593 Haec
3323 539 3469 595 enim
3503 555 3619 593 om-

388 622 554 680 αὐτοῦ
580 623 879 677 ἐποιοῦντο.
914 623 1107 688 Ἡμεῖς
1127 620 1184 674 δὲ
1209 620 1499 691 ψάλλωμεν
1524 636 1534 650 ·
1567 621 1762 690 Μέγας
1787 624 1819 674 ό
1843 622 1958 675 Κύ-

379 733 516 787 ριος
558 714 745 785 ἡμῶν,
779 715 877 769 καὶ
898 714 1131 784 μεγάλη
1167 715 1206 781 ἡ
1240 713 1419 782 ἰσχὺς
1460 713 1666 777 αὐτοῦ,
1708 712 1808 766 καὶ
1849 712 1958 779 τῆς

386 806 696 873 συνέσεως
743 804 927 861 αὐτοῦ
972 808 1082 858 οὐκ
1132 803 1302 857 ἔστιν
1345 804 1606 872 ἀριθμός.
1641 803 1823 857 Ταῦτα
1851 804 1958 875 γὰρ

388 901 606 956 ἅπαντα
649 898 898 966 γέγονεν,
941 896 1029 950 ἵνα
1075 899 1107 949 ό
1142 896 1323 964 αἴρων
1367 894 1482 963 τὴν
1516 895 1805 963 ἁμαρτίαν
1850 896 1957 950 τοῦ

385 990 616 1058 κόσμου
672 988 873 1057 Ἇμνὸς
909 987 1002 1041 καὶ
1041 978 1166 1050 Υἱὸς
1212 986 1305 1039 τοῦ
1336 985 1469 1039 Θεοῦ
1516 986 1775 1050 ἑκουσίως
1816 988 1954 1060 ύπέρ

386 1078 543 1151 ἡμῶν
572 1080 663 1133 ἐπὶ
687 1078 748 1132 τὸ
784 1079 1043 1150 σωτήριον
1071 1077 1239 1141 πάθος
1264 1076 1392 1150 ἔλθῃ
1415 1078 1508 1131 καὶ
1542 1079 1633 1131 ἐπὶ
1662 1077 1723 1131 τδ
1750 1081 1957 1151 πρατή-

388 1187 504 1244 ριον
548 1170 626 1241 (5)
671 1169 967 1241 γνωρισθῇ,
1002 1169 1095 1223 καὶ
1123 1170 1171 1222 οἱ
1214 1169 1569 1239 ἐξωνούμενοι
1611 1170 1703 1223 τὸν
1731 1170 1958 1236 ἐξωνού-

392 1275 550 1331 μενον
576 1258 654 1330 τῷ
699 1259 943 1330 ζωοποιῷ
968 1259 1133 1313 αὑτοῦ
1163 1260 1352 1331 αἵματι
1384 1259 1475 1313 τὸν
1500 1260 1702 1331 κόσμον
1733 1279 1957 1333 συμφω-

386 1353 593 1423 νήσωσι
637 1352 930 1422 τριάκοντα
959 1352 1258 1424 ἀργυρίοις,
1292 1352 1386 1406 καὶ
1425 1352 1486 1404 τὸ
1529 1352 1745 1422 Πάσχα
1794 1354 1962 1423 ἡμῶν

386 1441 520 1513 τυθῇ
551 1442 692 1514 ὑπὲρ
729 1443 886 1514 ἡμῶν
930 1444 1192 1515 Χριστός·
1227 1444 1377 1507 ὅπως
1405 1444 1453 1496 oi
1486 1443 1563 1514 τῷ
1608 1445 1774 1516 τιμίῳ
1798 1445 1957 1499 αὐτοῦ

386 1532 578 1603 αἵματι
605 1532 996 1602 ραντιζόμενοι,
1028 1532 1124 1586 καὶ
1151 1531 1221 1584 τά
1244 1531 1396 1602 χείλη
1425 1532 1500 1595 ὡς
1532 1530 1690 1601 φλιάς
1726 1550 1959 1605 σφραγι-

386 1622 622 1694 ζόμενοι,
675 1624 954 1692 ἐκφύγωσι
991 1622 1084 1678 τοῦ
1134 1623 1510 1694 ὀλοθρεύοντος
1544 1622 1616 1677 τὰ
1661 1623 1820 1696 βέληο
1865 1625 1960 1678 καὶ

382 1711 558 1778 οὕτως
604 1715 633 1767 ὁ
678 1713 867 1768 παθὼν
908 1714 1072 1786 σαρκὶ
1117 1716 1370 1787 Χριστὸς,
1403 1714 1496 1769 καὶ
1542 1714 1777 1777 ἀναστὰς
1815 1716 1963 1787 τριή-

2055 626 2147 679 nia
2182 626 2324 680 facta
2345 635 2492 693 sunt,
2525 635 2581 681 nt
2602 629 2780 697 Agnus
2810 628 2898 682 ille
2928 635 2982 682 et
3018 626 3186 683 Filius
3217 626 3310 682 Dei
3360 630 3449 699 qui
3478 630 3615 682 tollit

2054 730 2323 787 peccatum
2345 720 2527 774 mundi
2556 721 2622 785 ’⁸,
2676 727 2869 790 sponte
2895 734 2993 791 pro
3014 722 3171 775 nobis
3207 720 3270 774 ad
3321 721 3617 776 salutarem

2057 812 2362 881 passionem
2415 813 2698 868 accederet
2731 832 2742 866 :
2776 822 2938 883 utque
2966 813 3113 867 velut
3140 812 3194 866 in
3251 810 3372 866 foro
3394 821 3449 868 et
3488 828 3618 867 ven-

2056 905 2278 963 ditionis
2311 908 2492 978 lapide
2546 915 3003 979 cognosceretur;
3036 909 3183 978 iique
3211 909 3303 979 qui
3354 917 3616 973 emerent,

2056 998 2279 1069 triginta
2302 1001 2574 1071 argenteis
2594 1016 2716 1056 eum
2750 1000 3159 1071 paciscerentur
3186 1002 3254 1066 ”,
3284 1000 3378 1071 qui
3405 1000 3619 1055 viviﬁco

2058 1093 2323 1169 sanguine
2349 1110 2449 1151 suo
2499 1093 2761 1149 mundum
2807 1094 3185 1163 redempturus
3211 1101 3391 1158 esset;
3425 1106 3488 1147 ac
3514 1090 3619 1145 Pa-

2058 1188 2186 1244 scha
2216 1197 2457 1249 nostrum
2481 1187 2521 1250 ¹,
2554 1201 2653 1255 pro
2677 1184 2836 1241 nobis
2882 1184 3158 1248 Christus,
3216 1182 3395 1238 hostia
3422 1182 3573 1238 ﬁeret
3604 1201 3618 1236 :

2057 1289 2118 1336 ut
2140 1279 2234 1351 qui
2256 1278 2375 1349 ejus
2396 1276 2636 1348 pretioso
2667 1275 2932 1346 sanguine
2961 1281 3145 1331 essent
3190 1273 3423 1343 aspersi,
3459 1288 3521 1327 ac
3551 1273 3620 1326 la-

2056 1373 2165 1439 bia,
2198 1380 2457 1442 tanquam
2489 1378 2674 1440 postes
2735 1368 2932 1439 signati
2962 1368 3005 1432 ',
3046 1366 3489 1421 exterminatoris
3515 1364 3621 1419 tela

2059 1465 2359 1536 effugerent
2384 1483 2397 1518 :
2423 1462 2612 1533 sicque
2641 1477 2834 1532 passus
2857 1475 3018 1516 carne
3040 1458 3316 1520 Christus,
3340 1465 3395 1514 et
3415 1456 3620 1511 tridua-

2059 1572 2165 1611 nus
2214 1553 2533 1617 suscitatus,
2571 1552 2687 1624 pari
2737 1568 2861 1606 cum
2899 1550 3060 1606 Patre
3094 1557 3147 1605 et
3200 1548 3409 1620 Spiritu
3433 1561 3623 1603 saneto

2059 1646 2266 1701 honore
2286 1651 2339 1697 et
2369 1643 2564 1714 gloria,
2590 1657 2621 1697 ιι
2648 1642 2847 1697 creatis
2866 1641 3119 1698 omnibus
3144 1641 3346 1712 pariter
3369 1639 3621 1694 adorare-

2059 1744 2170 1798 tur,
2200 1735 2327 1805 quia
2358 1735 2459 1803 ipsi
2482 1735 2719 1803 ﬂectetur
2756 1749 2904 1786 omne
2937 1748 3068 1802 genu
3120 1729 3429 1792 cwlestium,
3463 1739 3623 1782 terre-

388 1821 575 1876 μερος,
614 1804 692 1875 τῷ
740 1806 912 1877 Πατρὶ
960 1807 1052 1859 καὶ
1085 1805 1161 1877 τῷ
1191 1806 1328 1877 ἁγίῳ
1366 1807 1642 1878 Πνεύματι
1685 1807 1958 1877 ὁμοτίμως

2059 1804 2241 1877 ςινὶιιιιι
2268 1830 2317 1876 et
2351 1820 2676 1889 infernarum
2708 1820 2750 1884 ³,
2778 1820 2881 1891 ipsi
2908 1820 3285 1875 submitlenles
3307 1818 3533 1890 gloriam
3560 1816 3622 1876 in

387 1895 482 1948 καὶ
518 1895 784 1966 ὁμοδόξως
816 1896 965 1968 παρά
993 1896 1172 1969 πάσης
1202 1898 1429 1962 κτίσεως
1459 1899 1916 1971 συμπροσκυνηθῇ
1934 1915 1949 1930 ⁸

2065 1913 2262 1968 sazcula
2295 1914 2641 1969 saeculorum.
2666 1912 2858 1968 Amen.

385 1989 470 2043 ὅτι
495 1988 654 2054 αὐτῷ
678 1988 900 2060 κάμψει
930 1989 1053 2045 πᾶν
1093 1992 1239 2062 γόνυ
1267 1993 1657 2061 ἐπουρανίων,
1684 1994 1783 2047 καὶ
1826 1993 1955 2046 ἐπι-

383 2078 581 2151 fatur,
616 2080 715 2134 καὶ
757 2081 1184 2149 καταχθονίων,
1223 2080 1382 2147 δόξαν
1419 2081 1568 2152 αύτῷ
1603 2081 2037 2153 ἀναπέμποντες,
2070 2076 2150 2144 εἰς
2181 2080 2306 2143 τοὺς
2335 2079 2539 2144 αἰῶνας
2565 2079 2672 2136 τῶν
2699 2078 2929 2135 αἰώνων.
2980 2078 3170 2151 Ἀμήν.

1504 2436 2132 2526 EXCEBPTA
2229 2435 2514 2523 TRIA

955 2623 1050 2679 EX
1087 2623 1370 2681 HOMILIA
1411 2625 1468 2681 S.
1506 2625 1835 2683 ΜΕΤΗΟΒΙΙ
1878 2626 1966 2681 DE
2002 2623 2234 2681 CRUCE
2270 2623 2357 2678 ET
2397 2622 2733 2679 PASSIONE
2770 2622 3047 2679 CHRISTI

823 2855 997 2930 (Apud
1031 2854 1350 2921 Gretserum,
1380 2866 1507 2910 tom.
1535 2854 1610 2920 ll,
1629 2855 1706 2912 De
1738 2862 1928 2910 sancta

2061 2867 2144 2916 ce,
2173 2868 2296 2924 pag.
2330 2852 2429 2908 401
2464 2869 2582 2907 που.
2615 2851 2742 2907 edit.
2776 2851 2984 2907 Ratisb.
3013 2850 3199 2925 1754.)

383 2966 678 3038 Πεθοδίου
725 2967 1058 3038 ἐπισκόπου
1105 2965 1434 3038 πρὸς-τοὺς
1449 2963 1796 3038 ῌλέτονταςζ
1838 2984 1878 3038 (ί
1902 2964 1958 3038 Τί

2064 2960 2693 3038 Μειίιοᾴὶίξῃξεεορὶηαά
2714 2979 2800 3038 eos
2818 2963 2918 3038 qui
2948 2961 3170 3038 dicunt:
3203 2981 3222 3014 ι
3258 2962 3400 3038 Quid
3426 2968 3627 3038 profuit

455 3037 771 3106 ὠφέλησεν
796 3036 953 3106 ἡμᾶς
978 3041 1011 3090 ὁ
1040 3033 1170 3106 Υἱὸς-
1193 3036 1299 3089 τοῦ
1331 3033 1477 3089 Θεοῦ
1503 3033 1830 3106 σαρκωθεὶς
1855 3035 1955 3106 ἐπί

455 3104 569 3177 γῆς
599 3107 705 3178 καί
726 3104 1040 3178 γενᾲιενος
1067 3105 1405 3178 ἄνθρωποςς
1424 3104 1523 3159 καὶ
1541 3104 1639 3178 διὰ
1664 3106 1719 3158 τί
1742 3104 1820 3178 τῷ
1850 3105 1956 3159 τοῦ

456 3174 743 3245 σταυροῦ
765 3174 1024 3246 σχήματι
1070 3175 1366 3246 ἠνέσχετο
1419 3174 1649 3239 παθεῖν,
1699 3174 1796 3228 καὶ
1847 3178 1958 3246 οὐκ

456 3247 618 3315 ἄλλῃ
663 3247 781 3327 τινὶ
810 3245 1112 3317 sinopici;
1155 3245 1255 3300 καὶ
1302 3247 1357 3300 τί
1398 3246 1464 3299 τὸ
1506 3245 1807 3316 χρήσιμον
1848 3245 1957 3298 τοῦ

455 3332 722 3386 atat-pou
741 3333 760 3382 ;
806 3336 825 3369 ι

471 3408 844 3479 Ἐπεδήμησεν
884 3410 912 3461 ὁ
945 3408 1071 3472 Υἱὸς
1099 3406 1191 3461 τοῦ
1225 3406 1359 3461 Θεοῦ
1392 3406 1626 3478 Χριστὸς
1671 3408 1958 3473 ἐπιταγαῖς

380 3502 479 3557 τοῦ
519 3501 730 3572 Πατρὸς
764 3504 833 3571 τῇ
863 3501 1031 3572 ὁρατῇ
1065 3501 1259 3564 κτίσει,
1291 3500 1379 3553 ἵνα
1415 3498 1499 3570 δὴ,
1526 3498 1595 3551 τὰ
1631 3497 1806 3569 κράτη
1848 3495 1957 3549 τῶν

379 3591 786 3666 τυραννούντων
810 3591 1115 3662 ἀνατρέψας
1146 3591 1432 3661 δαιμόνων,
1463 3590 1710 3662 ἐξέληται
1738 3591 1835 3663 τῆς
1869 3609 1957 3644 πι-

381 3685 526 3756 γρᾶς
546 3676 661 3746 ¹τέις
691 3681 868 3753 ψυχὰς
895 3681 1155 3746 δουλείας,
1186 3682 1300 3736 ἀνθ’
1346 3676 1421 3736 ὧν
1454 3682 1614 3752 φύσις
1640 3682 1811 3742 πᾶσα,
1837 3685 1958 3745 ταῖς

384 3773 710 3844 προποσίαις
728 3774 827 3843 τῆς
852 3772 1066 3836 ἀδικίας
1088 3772 1511 3844 γεγοητευμένη,
1531 3771 1761 3845 θορύϐου
1785 3789 1844 3825 τε
1865 3773 1958 3826 καὶ

383 3866 611 3932 ἀταξίας
654 3865 1027 3936 ἐπεπλήρωτο,
1072 3866 1172 3919 οὐκ
1206 3864 1285 3919 ἐτι
1324 3865 1430 3919 τῶν
1467 3866 1849 3937 συμφερόντων
1878 3867 1957 3929 εἰς

382 3957 686 4027 ἀνάμνησιν
737 3956 1065 4028 ἀναδραμεῖν
1118 3957 1370 4028 οὐδαμῶς
1412 3957 1706 4029 δυναμένη.
1757 3957 1957 4029 Διόπερ

386 4047 483 4101 καὶ
514 4047 650 4117 πρὸς
681 4047 748 4101 τὰ
780 4046 969 4100 εἴδωλα
1009 4046 1207 4120 ῥᾳδίως
1243 4046 1470 4113 εἵλκετο,
1503 4049 1597 4103 ἆτε
1626 4048 1955 4103 ἐπικλύσαν-

382 4155 477 4200 τος
510 4137 683 4192 πάντα
710 4139 802 4192 τοῦ
829 4138 1022 4203 κακοῦ,
1050 4140 1144 4193 καὶ
1172 4140 1350 4203 πάσας
1377 4140 1587 4195 ὲπινενε
1596 4158 1668 4212 μη
1677 4138 1836 4211 μένου
1859 4139 1956 4204 τὰς

383 4229 577 4299 γενεὰς
618 4229 758 4283 κατά
797 4231 895 4301 τὴν
935 4229 1236 4296 ἀλλοίωσιν,
1283 4231 1383 4303 τὴν
1428 4234 1492 4285 ἐκ
1522 4233 1621 4304 τῆς
1670 4232 1956 4304 παρακοῆς

2133 3033 2282 3107 nobis
2316 3031 2493 3087 Filius
2525 3033 2617 3085 Dei
2648 3031 2935 3107 cruciﬁa'us
2973 3033 3027 3086 in
3058 3043 3230 3107 terra,
3257 3043 3306 3107 et
3350 3031 3502 3091 hoino
3523 3031 3629 3107 "fa-

2128 3106 2284 3174 ctus?
2312 3113 2361 3174 et
2392 3118 2553 3174 quare
2580 3105 2753 3174 crucis
2781 3105 2952 3174 ﬁgura
2990 3104 3105 3169 pati
3141 3103 3412 3170 sustinuit,
3441 3118 3492 3162 et
3523 3103 3629 3166 non

2128 3172 2342 3297 ἕέέιζιιοά
2376 3172 2524 3227 aliud
2573 3172 2936 3243 supplicium?
2979 3182 3031 3226 et
3082 3190 3218 3243 qua:
3246 3176 3454 3232 utilitas
3507 3196 3628 3233 cru-

2139 3400 2394 3459 Versatus
2431 3409 2517 3457 est
2570 3388 2825 3458 Christus
2860 3401 2952 3457 Dei
2998 3401 3189 3470 Filius,
3239 3421 3306 3461 ex
3360 3417 3629 3479 praecepto

2057 3494 2259 3557 Patris,
2294 3509 2419 3549 cum
2459 3493 2665 3549 visibili
2694 3501 2968 3558 creatura,
3001 3502 3062 3548 ut
3096 3495 3340 3566 imperiis
3368 3506 3626 3570 tyranno-

2061 3602 2206 3651 rum,
2237 3586 2543 3641 daemonum
2578 3586 2852 3651 videlicet,
2887 3587 3114 3651 eversis,
3151 3589 3386 3658 eriperet
3418 3591 3628 3648 animas

2059 3693 2126 3732 ex
2152 3678 2269 3732 dira
2308 3678 2589 3742 servitute,
2637 3692 2702 3732 eo
2749 3677 2895 3746 quod
2934 3685 3044 3732 tota
3094 3689 3290 3735 natura
3345 3682 3628 3754 propinata

2059 3771 2206 3827 velut
2239 3771 2527 3841 iniquitate
2580 3769 2866 3835 fascinata,
2920 3771 3188 3828 tunmltus
3237 3774 3631 3846 turbarumque

2059 3865 2218 3933 plena
2252 3862 2450 3928 fuerat,
2476 3877 2576 3918 nec
2621 3862 2816 3932 jamjn
2851 3878 3033 3918 rerum
3064 3865 3280 3919 utilium
3315 3868 3630 3923 memoriam

2059 3953 2240 4009 redire
2279 3953 2391 4009 ullo
2439 3953 2603 4007 modo
2655 3959 2889 4023 poterat.
2947 3951 3291 4026 Quapropter
3346 3958 3510 4012 etiam
3558 3957 3630 4015 ai

2060 4044 2201 4100 idola
2234 4043 2395 4101 facile
2423 4044 2764 4109 trahebatur,
2800 4044 3000 4115 quippe
3043 4060 3167 4099 cum
3207 4046 3406 4101 malum
3450 4049 3631 4103 omnia

2059 4134 2354 4198 obruisset,
2387 4149 2687 4205 omnesque
2730 4133 3016 4204 depastum
3059 4149 3181 4191 esse
3226 4137 3629 4206 generationes.

2060 4236 2283 4298 propter
2325 4230 2681 4283 mutationem
2715 4243 2836 4298 quae
2865 4227 3078 4283 carneis
3122 4227 3490 4285 tabernaculis
3531 4244 3633 4283 no-

383 4319 863 4392 προγεγενημένην
884 4323 1004 4384 ταῖς
1030 4322 1313 4393 ἐνσάρκοις
1337 4322 1495 4394 ἡμῶν
1522 4327 1748 4394 σκηναῖς
1763 4340 1776 4354 '
1803 4324 1909 4387 ἕως
1930 4325 1958 4378 ὁ

2064 4319 2195 4373 stris
2222 4335 2289 4375 ex
2334 4318 2700 4375 inobedientia
2738 4318 3081 4388 promanavit
3114 4338 3127 4373 :
3156 4317 3330 4375 donec
3379 4320 3633 4378 Christus

384 4409 588 4483 Κύριος
610 4409 844 4482 Χριστὸς
872 4412 939 4465 δι’
963 4405 1031 4483 ἦς
1060 4414 1305 4483 ἐπεφάνη
1333 4414 1534 4486 σαρκὸς
1563 4413 1639 4485 τῷ
1668 4413 1788 4486 βίῳ,
1821 4417 1960 4487 ἀμυ-

383 4500 597 4575 δρὼσας
628 4502 735 4555 τῶν
765 4502 967 4575 ἡδονῶν
999 4504 1099 4569 τὰς
1131 4504 1407 4570 ἐπιϐολὰς,
1443 4502 1530 4570 αἷς
1570 4508 1629 4561 αι
1673 4508 1823 4561 κάτω
1867 4507 1958 4561 δυ-

385 4592 579 4662 νάμεις
611 4591 731 4647 καθ’
765 4593 921 4666 ἡμῶν
949 4593 1246 4659 ὡπλίζοντο
1281 4596 1684 4651 καταδουλῶσαι
1731 4598 1794 4651 τὸ
1840 4599 1956 4654 δια-

386 4685 654 4754 νοητικὺν,
689 4683 969 4755 ἐλεύθερον
1012 4687 1228 4740 πάντων
1270 4687 1364 4741 τὸν
1405 4688 1690 4759 ἄνθρωπον
1735 4689 1958 4754 διέδειξε

385 4774 592 4828 κακῶν.
623 4775 825 4829 Τούτου
859 4775 968 4847 γὰρ
995 4775 1155 4831 ἕνεκα
1177 4779 1270 4832 καὶ¹
1301 4778 1476 4851 σάρκα
1507 4780 1765 4852 ἐφόρεσεν
1791 4783 1821 4835 ὁ
1846 4780 1959 4835 Κύ-

391 4883 506 4937 ριος
543 4869 771 4939 Ἰησοῦς,
798 4869 892 4922 καὶ⁹
918 4868 1202 4941 ἄνθρωπος
1230 4870 1467 4939 ἐγένετο,
1499 4873 1594 4925 καὶ
1632 4872 1955 4945 προσηλώθη

388 4958 467 5030 τῷ
510 4959 727 5034 σταυρῷ
764 4958 1215 5031 οἱκονομούμενος
1237 4976 1250 4990 ο
1292 4961 1438 5025 ὅπως
1469 4961 1534 5015 δι’
1565 4958 1634 5034 ἧς
1677 4964 1879 5035 σαρκὸς
1908 4965 1959 5017 οἱ

387 5051 636 5123 δαίμονες
674 5049 946 5115 ἀναδεῖξαι
977 5050 1131 5114 θεοὺς
1160 5050 1608 5122 ἡλαζονεύσαντο,
1635 5053 1773 5125 πρὸς
1796 5054 1962 5109 θάνα-

384 5159 478 5196 τον
518 5142 616 5207 τὰς
655 5142 831 5213 ψυχὰς
875 5141 1117 5213 μεθόδοις
1160 5140 1375 5212 ἀπάτης
1416 5142 1962 5214 ἀγκιστρευσάμενοι,

386 5231 475 5286 διά
500 5231 703 5304 ταύτης
728 5230 1132 5303 ἀνατραπέντες
1181 5229 1621 5285 κατοπτευθῶσιν
1665 5233 1763 5286 οὐκ
1812 5232 1964 5298 ὄντες

390 5323 522 5378 θεοί.
555 5323 795 5378 Κωλύων
826 5323 937 5395 γὰρ
965 5322 1059 5377 ἐπὶ
1091 5322 1253 5376 πλέον
1295 5321 1526 5394 ἀρθῆναι
1564 5323 1663 5395 τὴν
1692 5323 1964 5395 μεγαλαύ-

388 5428 549 5484 χησιν
571 5409 772 5477 αὐτῶν,
803 5411 1085 5485 ἄνθρωπος
1116 5410 1332 5482 ἐγένετο
1350 5428 1363 5441 ·
1395 5411 1480 5466 ἵνα
1501 5412 1564 5483 δὴ
1594 5412 1660 5466 δι’
1688 5405 1749 5466 οὗ
1781 5413 1967 5484 σώμα-

2064 4409 2328 4466 Dominus
2359 4426 2456 4480 per
2477 4425 2697 4466 carnem
2734 4410 2789 4464 in
2828 4426 2935 4480 qua
2978 4410 3114 4464 vixit
3160 4419 3214 4466 et
3239 4414 3514 4482 apparuit,
3543 4430 3633 4470 re-

2062 4501 2269 4572 pressis
2289 4502 2628 4572 voluptatum
2663 4502 2977 4568 insultibns,
3016 4502 3214 4572 quibus
3259 4503 3485 4560 infernae
3531 4521 3633 4575 po—

2062 4600 2289 4650 testates
2323 4593 2612 4650 adversum
2652 4609 2752 4649 nos
2784 4602 3008 4648 armata
3035 4602 3271 4648 mentem
3325 4594 3381 4649 in
3407 4596 3635 4650 servitu-

2060 4693 2170 4741 tem
2207 4686 2545 4757 redigebant,
2574 4685 2848 4741 hominem
2880 4685 3134 4740 omnibus
3165 4685 3324 4743 malis
3361 4686 3630 4743 liberavit.

2063 4776 2238 4846 Hujus
2266 4777 2410 4831 enim
2449 4777 2525 4833 rei
2570 4778 2743 4848 gratia
2791 4784 2846 4831 et
2884 4791 3107 4832 carnem
3155 4777 3325 4846 gessit
3367 4776 3633 4834 Dominus

2058 4868 2240 4933 Jesus,
2269 4875 2324 4923 et
2359 4869 2523 4923 homo
2557 4868 2734 4923 factus
2765 4875 2869 4929 est,
2897 4875 2950 4922 et
2974 4868 3124 4923 cruci
3154 4884 3251 4939 per
3279 4868 3518 4926 divinam
3548 4870 3634 4924 di-

2062 4958 2464 5031 spensationem
2498 4959 2724 5014 aﬂixus:
2751 4966 2813 5014 ut
2842 4973 2940 5030 per
2970 4974 3134 5030 quam
3170 4975 3393 5016 carnem
3432 4961 3635 5016 damo-

2061 5066 2161 5110 nes
2190 5051 2425 5120 superbe
2451 5048 2584 5104 deos
2610 5048 2857 5106 ementiti
2897 5050 3135 5113 fuerant,
3175 5050 3460 5106 animabus
3482 5064 3630 5105 com-

2063 5140 2323 5211 pendiosa
2360 5139 2555 5196 fraude
2586 5141 2783 5211 captis,
2817 5156 2915 5211 per
2940 5155 3060 5196 eam
3112 5140 3308 5208 dejecti
3364 5141 3634 5212 despecti-

2063 5251 2170 5303 que
2196 5241 2402 5297 essent,
2439 5239 2501 5286 ut
2532 5246 2643 5287 non
2673 5232 2773 5287 dii.
2816 5232 3107 5288 Prohibuit
3148 5234 3294 5288 enim
3340 5234 3501 5289 altius
3538 5248 3633 5288 εισι

2064 5324 2181 5379 tolli
2206 5325 2516 5396 superbiam
2551 5325 2817 5394 ipsorum,
2850 5323 3028 5381 factus
3045 5326 3239 5390 homo;
3274 5332 3333 5378 ut
3362 5339 3456 5393 per
3487 5323 3633 5395 quod

2066 5432 2291 5488 corpus,
2316 5417 2549 5472 rationis
2577 5416 2848 5488 particeps
2893 5433 3066 5487 genus
3109 5432 3141 5470 a
3189 5417 3303 5485 veri
3358 5415 3450 5472 Dei
3483 5417 3632 5471 cultu

458 5527 693 5628 'InPsal.
748 5544 905 5593 chv,
957 5532 1011 5588 5.
1086 5533 1132 5565 ³⁸
1154 5530 1314 5589 Joan.
1361 5548 1398 5597 ι,
1458 5533 1548 5590 29.
1626 5534 1670 5568 ’⁵
1717 5534 1912 5592 lauit.

2059 5554 2122 5604 rt,
2168 5539 2254 5594 l5.
2334 5540 2349 5570 ¹
2384 5536 2416 5592 1
2447 5537 2648 5602 Conv,
2684 5537 2739 5628 7ἶ
2815 5539 2835 5568 ²
2872 5536 3044 5592 Exod.
3088 5553 3170 5603 χι,
3221 5536 3272 5593 7.
3347 5537 3371 5569 ³
3405 5535 3632 5605 Philipp.

393 5613 455 5663 Il,
485 5599 572 5654 i0.

574 5754 811 5847 τύ
844 5755 1238 5847 ξραῖτξρξοζζη
1258 5756 1420 5817 Velut
1464 5759 1725 5816 nimirum
1767 5776 1958 5819 venum

2063 5761 2330 5832 xpositus,
2384 5763 2498 5847 ipse
2543 5762 2724 5818 mundi
2774 5763 3030 5832 pretium,
3098 5764 3225 5837 περὶ
3276 5762 3369 5817 τοῦ
3427 5778 3641 5834 πρατηο

395 5824 537 5891 ρίου.
574 5823 805 5883 Budaeus
837 5823 943 5883 col.
974 5823 1104 5883 mihi
1134 5828 1259 5884 272.
