4110 6464
434 472 540 529 ξοδ

1408 468 1467 525 S.
1509 466 1838 525 METHODII
1876 468 2184 525 EPISCOPI
2224 466 2312 523 ΕΤ
2352 467 2714 525 MABTYRIS

3492 458 3649 535 ἰοι

430 610 551 667 qua
580 594 955 649 immutantur.
983 590 1227 663 Namque
1275 599 1329 646 et
1377 591 1624 647 homines
1670 600 1723 647 et
1773 592 1983 663 reliqua

2089 606 2223 661 μενα
2249 591 2343 643 καὶ
2374 588 2443 642 τὰ
2473 589 2742 661 ἐρχόμενα
2771 587 2881 641 τῶν
2904 586 3056 652 ζώων
3074 592 3259 664 χαρια)⁵
3283 591 3314 629 ’⁵
3332 591 3416 663 ἐφ’
3446 586 3522 648 ὧν
3550 594 3655 666 μὴν

430 684 704 747 animalia,
752 684 898 739 circa
929 698 994 738 ea
1026 684 1080 737 in
1123 683 1320 752 quibus
1351 683 1553 753 aliquid
1602 691 1830 751 possunt
1859 698 1988 753 ope-

428 785 640 841 rantur,
692 776 839 830 circa
889 790 952 831 ea
996 776 1051 828 in
1079 775 1280 844 quibus
1310 790 1419 829 non
1451 782 1701 844 possunt,
1750 775 1988 830 resoluta

428 868 636 923 viribus
660 868 800 922 nihil
838 876 1025 936 agunt.
1057 865 1347 936 Propterea
1378 866 1519 921 hanc
1548 867 1617 921 ob
1644 881 1866 921 causam
1899 864 1988 920 Fi«

430 956 537 1013 lius
570 956 663 1012 Dei
688 957 742 1012 in
772 956 989 1011 homine
1015 956 1413 1011 circumclusus
1441 964 1545 1020 est,
1581 955 1726 1026 quod
1765 957 1867 1011 hoc
1911 955 1989 1009 illi

430 1047 769 1117 impossibile
799 1062 908 1101 non
935 1056 1071 1102 eral.
1108 1046 1316 1101 Virtute
1360 1046 1505 1101 enim
1535 1061 1735 1116 passus
1764 1053 1868 1107 est,
1894 1046 1991 1100 im-

430 1141 707 1209 passibilis
729 1156 975 1202 manens.
1008 1151 1060 1196 et
1093 1149 1341 1197 mortuus
1368 1149 1473 1206 est,
1504 1140 1987 1210 incorruptibilita-

429 1238 536 1286 tem
561 1233 885 1290 mortalibus
912 1234 1143 1289 donans.
1170 1233 1384 1304 Corpus
1409 1233 1677 1303 siquidem
1707 1248 1736 1286 a
1760 1246 1988 1302 corpore

334 1372 339 1379 .
427 1325 773 1380 verberatum
796 1336 890 1381 aut
924 1336 1155 1390 sectum,
1186 1326 1524 1382 tantumdem
1553 1327 1871 1381 verberatur
1894 1333 1988 1380 aut

428 1426 670 1484 secatur,
722 1429 986 1490 quantum
1049 1419 1345 1475 verberans
1397 1421 1645 1475 verberat
1683 1426 1739 1474 et
1791 1431 1988 1474 secans

427 1518 596 1565 secat.
635 1509 945 1566 Secundum
976 1514 1120 1567 enim
1167 1512 1247 1568 rei
1296 1512 1557 1581 subjectae
1602 1527 1986 1584 repercussum

426 1602 734 1658 verberanti
769 1602 911 1659 ictus
934 1606 1025 1669 lit,
1058 1620 1181 1658 cum
1209 1605 1437 1675 aequalia
1487 1604 1597 1674 pati
1638 1618 1864 1659 necesse
1892 1603 1984 1665 sit,

424 1701 480 1750 et
509 1709 695 1764 agens,
731 1703 786 1751 et
824 1694 879 1749 id
906 1696 1053 1765 quod
1086 1696 1282 1767 agitur.
1317 1694 1598 1766 Siquidem
1644 1694 1691 1749 si
1724 1694 1869 1765 quod
1901 1709 1988 1750 se-

423 1790 584 1839 catur
612 1799 736 1838 cum
771 1801 937 1855 parva
955 1786 1274 1841 habitudine
1296 1787 1502 1842 secanti
1530 1801 1638 1839 non
1666 1800 1989 1856 correspon-

424 1874 586 1938 derit,
617 1876 759 1946 quod
789 1884 939 1931 secat
966 1891 1151 1932 secare
1177 1892 1286 1930 non
1322 1876 1539 1947 poterit.
1592 1874 1808 1929 Lationi
1838 1874 1983 1931 enim

2091 681 2157 735 ἂν
2187 680 2449 734 δύνωνται
2482 698 2535 733 τι
2562 679 2758 752 δρᾶσαι
2788 678 3117 751 ἐνεργοῦσιν,
3150 684 3236 751 ἐφ’
3259 675 3334 737 ὧν
3365 684 3430 739 ἂν
3458 685 3535 759 μὴ
3561 687 3655 741 δύ-

2088 787 2283 825 νωνται
2313 770 2559 839 φθίνωσι.
2591 769 2790 841 Διόπερ
2817 770 2990 844 ταύτῃ
3021 773 3217 843 μᾶλλον
3249 774 3558 847 κεχώρηται
3595 779 3656 833 ὲν

2087 860 2356 933 ἀνθρώπῳ
2396 862 2425 914 ό
2456 857 2582 925 Υἱὸς
2623 856 2718 914 τοῦ
2750 861 2907 927 Θεοῦ,
2949 863 3031 917 ὅτι
3080 865 3154 937 μὴ
3199 861 3269 936 ἦν
3313 866 3461 938 αὑτῷ
3498 866 3656 923 τοῦτο

2088 953 2375 1009 ἀδύνατον⁶
2425 953 2506 1007 ὅτι
2552 954 2776 1024 δυνάμει
2826 956 2919 1007 καὶ
2959 954 3155 1009 11ἔπαθεν
3203 956 3416 1028 ἀπαθὴς
3456 958 3652 1029 μένων,

2087 1046 2181 1099 καὶ
2250 1044 2468 1109 ἔθανεν,
2534 1044 2831 1098 ἀθανασίαν
2889 1040 2971 1114 τῷ
3044 1043 3220 1118 θνητῷ
3278 1047 3653 1120 χαριζόμενος.

2088 1137 2253 1207 Σῶμα
2304 1137 2400 1208 μὲν
2445 1135 2551 1209 γὰρ
2584 1136 2691 1189 ὑπὸ
2741 1134 2988 1208 σώματος
3018 1139 3349 1211 τυπτόμενον
3388 1140 3421 1210 ἢ
3460 1140 3655 1211 τεμνό-

2090 1248 2249 1301 μενον
2299 1231 2550 1284 τοσοῦτον
2592 1232 2853 1284 τύπτεται
2904 1232 2937 1303 ἢ
2978 1233 3256 1303 τέμνεται,
3302 1230 3425 1285 ὅσον
3472 1232 3538 1286 ἂν
3593 1230 3658 1286 τὸ

2086 1326 2285 1379 τύπτον
2334 1322 2543 1389 τύπτει,
2608 1324 2703 1377 καὶ
2749 1324 2810 1377 τὸ
2859 1324 3186 1395 τεμνόμενον
3239 1324 3445 1396 τέμνει.
3499 1327 3656 1382 Κατὰ

2088 1416 2438 1488 ἀντιτύπησιν
2483 1416 2591 1489 γὰρ
2647 1415 2740 1469 τοῦ
2800 1416 3157 1488 ὑποκειμένου
3197 1417 3275 1488 τῷ
3323 1415 3577 1473 τύπτοντι
3619 1421 3655 1491 ἡ

2087 1508 2267 1579 πληγὴ
2295 1509 2525 1577 γίνεται,
2563 1511 2623 1561 ὲν
2668 1508 2767 1579 ῐσῳ
2810 1507 2968 1562 πάθει
3009 1508 3118 1561 τῶν
3161 1509 3436 1581 ἑκατέρων
3484 1508 3657 1564 ὅντων

2085 1601 2181 1653 καὶ
2227 1599 2318 1654 τοῦ
2365 1600 2601 1671 δρῶντος
2653 1600 2748 1653 καὶ
2797 1599 2889 1653 τοῦ
2937 1600 3234 1672 δρωμένου.
3301 1601 3516 1672 ’Δμέλει
3561 1602 3657 1655 ἐὰν

2090 1692 2164 1762 μὴ
2215 1689 2277 1744 τδ
2321 1691 2652 1764 τεμνόμενον
2709 1690 2847 1762 μετά
2888 1690 3074 1762 ὀλίγης
3119 1691 3283 1756 ἕξεως
3331 1693 3658 1767 ἀντιτορήσῃ

2085 1781 2163 1852 τῷ
2217 1782 2488 1853 τέμνοντι,
2548 1782 2612 1836 τὸ
2664 1782 2991 1854 τεμνόμενον
3042 1781 3259 1852 τέμνειν
3317 1782 3377 1835 ού
3434 1782 3658 1854 δυνήσε-

2085 1891 2195 1927 ται.
2231 1874 2308 1945 Τῇ
2341 1874 2449 1945 γάρ
2476 1875 2615 1945 φορᾷ
2647 1874 2830 1943 ξίφους
2853 1875 2953 1926 οὐκ
2979 1873 3538 1944 ἀντιπαραμείναντος
3563 1871 3657 1926 τοῦ

421 1965 571 2021 ensis
600 1968 647 2021 si
681 1982 790 2021 non
815 1968 1407 2038 obstitcritsubjectum
1431 1984 1655 2039 corpus,
1681 1969 1774 2023 sed
1801 1969 1982 2038 potius

2088 1963 2443 2034 ὑποκειμένου
2509 1964 2778 2035 σώματος,
2838 1963 2975 2017 ἀλλά
3030 1962 3368 2028 συνείξαντος
3434 1962 3655 2033 μᾶλλον,

421 2056 673 2120 cesserit,
698 2059 846 2112 onmi
878 2059 1074 2113 aﬂ‘cctu
1100 2060 1347 2129 Operatio
1380 2057 1754 2123 frustrabitur,
1810 2066 1869 2113 ut
1911 2048 1987 2113 vi-

422 2148 550 2205 dere
573 2156 657 2205 est
696 2151 750 2204 in
785 2152 1107 2221 corporibus
1157 2153 1541 2208 subtilioribus
1570 2153 1710 2224 ignis
1739 2161 1793 2208 et
1820 2154 1982 2210 aeris.

423 2238 751 2295 Dissolvuur
781 2257 1016 2312 namque
1054 2242 1108 2296 in
1138 2243 1409 2298 similibus
1453 2250 1747 2312 manetque
1780 2243 1986 2312 absque

422 2330 619 2386 eii'ectu
648 2332 967 2388 solidiorum
993 2349 1286 2403 corporum
1308 2335 1562 2405 impetus.
1591 2332 1747 2400 Quod
1775 2334 1820 2388 si
1843 2333 1986 2405 ignis

423 2429 518 2476 aut
549 2438 665 2486 aer,
700 2424 838 2492 lapis
866 2431 960 2478 aut
988 2425 1214 2487 ferrum,
1268 2433 1362 2478 aut
1421 2425 1648 2496 lignum,
1690 2431 1783 2478 aut
1816 2423 1984 2492 aliud,

423 2510 567 2579 quod
601 2512 851 2566 homines
881 2520 1070 2569 contra
1102 2529 1223 2569 sese
1269 2524 1594 2583 usurpantes
1624 2515 1726 2570 sibi
1756 2515 1985 2569 invicem

422 2603 627 2659 caedem
658 2604 922 2668 inferunt,
947 2606 1239 2661 vulnerare
1264 2614 1318 2661 et
1351 2605 1598 2662 dividere
1647 2622 1755 2661 non
1809 2613 1985 2676 potest

421 2696 570 2765 quod
600 2696 901 2754 subtilioris
931 2706 1140 2754 natura:
1187 2699 1280 2763 sit,
1330 2714 1567 2769 quanam
1620 2698 1833 2752 ratione
1876 2711 1986 2750 non

420 2786 605 2855 potius
638 2786 1049 2844 invulnerabilis
1089 2790 1292 2844 mansit
1326 2787 1600 2857 Sapientia
1653 2796 1708 2843 et
1738 2786 1987 2857 impassi-

422 2875 571 2939 bilis,
591 2878 739 2932 nulla
774 2878 831 2933 in
860 2894 918 2934 re
939 2878 1010 2933 ab
1035 2878 1219 2948 aliquo
1270 2879 1417 2944 laesa,
1472 2878 1598 2932 licet
1649 2878 1813 2932 simul
1853 2893 1986 2932 con-

416 2968 610 3036 juncta
634 2980 781 3026 esset
811 2971 1050 3041 corpori,
1086 2971 1232 3041 quod
1279 2971 1568 3027 secabatur
1609 2977 1664 3025 et
1712 2970 1886 3025 clavis
1921 2970 1986 3023 li-

418 3060 668 3130 gebatur,
704 3075 827 3114 cum
873 3063 1218 3132 praastantior
1246 3069 1300 3117 et
1333 3062 1521 3133 purior
1565 3061 1713 3117 omni
1762 3069 1982 3129 natura,

421 3166 590 3205 unum
630 3151 679 3207 si
711 3153 950 3224 excipias
986 3154 1133 3211 illius
1165 3157 1467 3227 genitorem
1522 3152 1715 3220 Deum,
1746 3154 1983 3211 exsiste-

416 3247 503 3296 ret
520 3240 545 3297 ἲ
2002 3244 2005 3245 ⁷

2086 2055 2366 2127 ἄπρακτος
2394 2055 2601 2125 γίνεται
2634 2058 2667 2126 ἠ
2710 2054 2989 2125 ἐνέργεια·
3026 2048 3135 2108 οἷον
3163 2053 3411 2126 καθάπερ
3442 2054 3535 2107 καὶ
3566 2054 3659 2108 ἐπὶ

2086 2147 2193 2200 τῶν
2266 2148 2776 2221 λεπτομερεστέρων
2853 2148 3121 2218 σωμάτων
3198 2146 3391 2215 πυρὸς,
3471 2143 3653 2218 ἀέρος.

2098 2240 2376 2294 Ἐκλύεται
2398 2240 2506 2310 γὰρ
2535 2242 2592 2294 ὲν
2610 2241 2724 2305 τοῖς
2745 2239 3003 2304 τοιούτοις
3028 2239 3382 2312 ἀνενέργητος
3402 2238 3511 2292 τῶν
3535 2256 3656 2293 στε-

2089 2331 2369 2404 ρεωτέρων
2400 2332 2577 2405 ὁρμῆς
2608 2332 2894 2402 σωμάτων.
2932 2332 2993 2385 Et
3021 2331 3076 2385 δὲ
3110 2330 3240 2402 πῦρ,
3272 2328 3305 2401 ἢ
3338 2328 3463 2401 ἀὴρ,
3488 2330 3655 2397 λίθος,

2085 2424 2117 2495 ἢ
2146 2423 2381 2495 σίδηρος,
2407 2423 2439 2495 ἢ
2473 2423 2646 2489 ξύλον,
2672 2425 2705 2495 ἢ
2736 2424 2882 2489 ἄλλο,
2910 2421 2991 2487 οἷς
3016 2425 3064 2476 οἱ
3086 2422 3362 2494 ἄνθρωποι
3384 2422 3658 2494 χρώμενοι

2085 2511 2203 2565 καθ’
2239 2511 2445 2565 ἑαυτῶν
2473 2512 2912 2585 ἀλληλοφονοῦσι,
2935 2512 3141 2585 τρῶσαι
3162 2513 3218 2566 δὲ
3252 2512 3343 2566 καὶ
3374 2510 3564 2564 διελεῖν
3591 2512 3653 2566 οὒ

2083 2602 2301 2656 δύναται
2332 2603 2482 2675 παρὰ
2512 2605 2573 2657 τὸ
2603 2605 2701 2675 τῆς
2729 2604 2978 2675 θικτικῆς
3002 2621 3061 2657 τε
3100 2603 3229 2656 αὐτὸ
3261 2603 3356 2657 καὶ
3391 2602 3657 2673 λεπτομε-

2090 2697 2348 2767 ρεστέρας
2374 2699 2588 2767 φύσεως
2610 2698 2920 2767 τυγχάνειν·
2949 2696 3066 2773 πῶς
3093 2697 3152 2749 οὐ
3192 2695 3387 2767 μᾶλλον
3415 2694 3656 2767 ἄτρωτός

2084 2802 2148 2859 γε
2178 2789 2389 2861 ἔμεινεν
2436 2792 2469 2862 ἡ
2505 2791 2676 2861 Σοφία
2702 2791 2796 2845 καὶ
2836 2790 3052 2862 ἀπαθὴς
3070 2830 3084 2855 ,
3113 2790 3262 2844 οὐδὲν
3287 2790 3422 2861 πρὸς
3445 2785 3657 2853 οὐδενὸς

2085 2881 2447 2952 κακυνομένη,
2495 2882 2598 2936 κᾶν
2623 2884 2951 2955 τεμνόμενον
2987 2882 3149 2953 συνῆν
3176 2883 3269 2936 καὶ
3301 2881 3657 2954 προσηλωμέ-

2083 2986 2173 3025 νον
2223 2971 2302 3042 τῷ
2353 2971 2585 3042 σώματι,
2622 2971 2845 3040 βελτίων
2889 2972 2984 3026 καὶ
3036 2968 3390 3043 καθαρωτέρα
3445 2967 3658 3040 φύσεως

2085 3061 2268 3135 πάσης
2314 3063 2450 3134 μετά
2496 3064 2586 3117 τὸν
2637 3063 3037 3136 γεννησάμενον
3094 3063 3263 3134 αὐτὴν
3300 3062 3433 3117 Θεὸν
3483 3061 3661 3135 ὑπάρ-

2083 3170 2251 3224 χουσα
2276 3170 2291 3220 ;

432 3421 3625 3450 NW

1529 3600 1807 3688 ALlA
1880 3599 2543 3694 NONNULLA

1398 3780 1705 3845 EIUSDEM
1745 3788 1803 3846 S.
1846 3790 2180 3848 METHODII
2217 3791 2664 3850 FRAGMENTA.

1003 4094 1112 4167 (Ea;
1150 4094 1353 4153 Nicator
1385 4095 1587 4154 Catena
1616 4101 1667 4153 in
1703 4099 1827 4167 Job,
1864 4108 1983 4173 c‘ap.
2016 4119 2127 4169 nx,
2150 4118 2272 4175 pag.
2316 4101 2422 4158 429
2458 4101 2586 4157 edit.
2619 4101 2847 4162 Londiu.
2880 4102 3062 4173 1657.)

1060 4293 1331 4353 Hetltodii.

488 4399 745 4462 Fortasse
773 4410 972 4467 autem,
1016 4408 1274 4477 quoniam
1329 4410 1492 4466 amici
1533 4410 1637 4466 Job
1668 4428 1728 4469 se
1758 4426 1981 4470 causam
2007 4419 2051 4478 (ι

422 4495 725 4568 intelligere
750 4505 971 4568 propter
997 4515 1160 4570 quam
1203 4502 1331 4555 talia
1373 4510 1674 4573 pateretur,
1731 4506 1985 4562 arbitrati

421 4596 630 4655 essent,
660 4590 902 4661 longiore
925 4592 1170 4648 oratione
1214 4593 1283 4649 ad
1330 4609 1427 4650 eos
1476 4612 1610 4651 usus
1656 4596 1741 4651 vir
1778 4596 1984 4667 justus,

422 4678 732 4734 divinorum
756 4680 1088 4750 iudiciorum
1115 4684 1458 4754 sapientiam,
1484 4696 1595 4741 non
1617 4687 1721 4742 sibi
1752 4695 1984 4757 tantum,

426 4771 523 4827 sed
552 4778 608 4827 et
632 4774 781 4828 omni
811 4775 1019 4830 homini
1049 4775 1656 4849 incomprehensibilem
1690 4795 1814 4837 esse
1841 4779 1983 4839 fate-

423 4870 547 4929 tur;
589 4870 645 4919 et
689 4866 757 4921 ad
790 4867 1195 4938 suscipiendam
1229 4870 1444 4925 consilii
1468 4870 1639 4925 divini
1674 4872 1983 4941 scientiam,

423 4953 607 5009 locum
634 4963 952 5013 terrestrem
983 4959 1131 5015 haud
1160 4960 1416 5016 idoneum
1442 4977 1566 5018 esse
1607 4961 1856 5019 aiiirmat.
1894 4963 1988 5018 Di-

423 5046 567 5101 xerit
594 5056 776 5104 autem
808 5049 1027 5120 aliquis,
1058 5050 1358 5121 perfectam
1414 5057 1469 5108 et
1527 5053 1832 5110 absolutam
1873 5037 2003 5123 pie-l

425 5144 616 5203 tatem,
636 5153 751 5194 rem
775 5141 935 5211 plane
968 5142 1209 5200 divinam
1241 5155 1295 5201 et
1319 5161 1351 5200 a
1376 5144 1489 5203 Deo
1528 5149 1645 5204 solo
1673 5149 1987 5206 hominibus

423 5230 708 5298 tributam,
743 5231 848 5289 hoc
877 5235 997 5290 loco
1025 5238 1347 5306 sapientiam
1400 5240 1605 5295 vocari.
1656 5236 1864 5297 Sensus
1891 5257 1991 5296 au—

425 5327 535 5375 tem
566 5323 856 5379 verborum
882 5326 971 5380 hic
994 5334 1078 5382 est
1108 5347 1121 5381 2
1154 5326 1317 5393 Deus,
1349 5329 1546 5400 inquit,
1580 5331 1864 5387 hominum
1890 5348 1989 5387 na-

424 5419 566 5468 tura:
598 5415 705 5469 vim
737 5431 801 5471 ac
819 5417 1131 5475 facultatem
1159 5421 1493 5488 inveniendi,
1535 5436 1645 5478 una
1690 5439 1814 5479 cum
1864 5440 1991 5495 prus

426 5506 609 5563 dentia
637 5518 690 5565 et
713 5512 946 5568 artiﬁcio
965 5514 1236 5582 inserens,
1284 5528 1479 5585 magna
1519 5517 1587 5573 iis
1616 5519 1840 5589 largitus
1867 5526 1986 5585 est;

427 5614 539 5670 qua
566 5611 789 5674 accepta
822 5613 1020 5660 terram
1071 5607 1137 5662 ad
1179 5609 1419 5664 eruenda
1453 5610 1670 5665 metalla
1703 5609 1985 5676 ell‘odiunt,

424 5700 480 5746 et
498 5692 720 5761 colunt;
746 5698 1065 5765 sapientiam
1098 5707 1277 5755 autem
1302 5712 1424 5770 quae
1457 5716 1580 5755 cum
1623 5702 1823 5771 pietate
1855 5718 1989 5757 con-

424 5778 464 5847 jt
488 5790 611 5837 acta
651 5792 755 5851 est,
794 5786 848 5841 in
877 5789 1029 5843 nullo
1059 5789 1181 5844 loco
1217 5790 1461 5847 invenire
1512 5793 1655 5847 licet.
1689 5792 1797 5847 Nec
1826 5794 1987 5848 homo

425 5889 548 5933 eam
578 5890 644 5932 ex
673 5891 732 5933 se
761 5883 814 5932 et
847 5880 1083 5951 propriis
1115 5885 1354 5955 assequi,
1410 5898 1587 5955 neque
1636 5885 1757 5941 aliis
1787 5885 1987 5956 imper-

2716 4297 3053 4356 Msﬂodlov.’

2156 4418 2315 4481 Ἴσως
2345 4405 2420 4481 δὲ,
2455 4405 2577 4467 ἐπεὶ
2608 4414 2656 4467 οἱ
2684 4413 2824 4482 φίλοι
2851 4411 2946 4467 τοῦ
2989 4412 3108 4466 Ἰὼϐ
3139 4412 3305 4484 ᾤοντο
3339 4414 3439 4486 τὴν
3477 4413 3656 4470 αἰτίαν

2088 4506 2469 4578 κατειληφέναι
2509 4506 2575 4559 δι’
2624 4507 2690 4576 ἣν
2730 4504 2902 4558 ταῦτα
2945 4506 3184 4577 ἔπασχε,
3229 4506 3364 4578 πρὸς
3419 4507 3658 4574 ἐκείνους

2087 4599 2502 4669 ἀποτεινόμενος
2522 4600 2550 4651 ὁ
2574 4596 2799 4661 δίκαιος,
2831 4597 2931 4670 τὴν
2964 4598 3093 4667 περὶ
3121 4596 3229 4651 τῶν
3254 4600 3533 4670 κριμάτων
3559 4599 3656 4654 τοῦ

2088 4690 2219 4744 Θεοῦ
2250 4692 2441 4760 σοφίαν
2468 4690 2704 4761 ἄληπτον
2731 4684 2869 4742 εἶναι
2898 4689 3168 4761 ὁμολογεῖ,
3206 4691 3265 4743 ού
3299 4691 3456 4761 μόνον
3484 4691 3654 4764 αὐτῷ,

2088 4783 2222 4839 ἀλλά
2271 4783 2366 4837 καὶ
2411 4784 2573 4837 παντὶ
2614 4782 2902 4854 ἀνθρώπῳ,
2944 4785 3039 4838 καὶ
3081 4784 3178 4856 τὴν
3211 4784 3518 4855 ἐπιστήμην
3558 4783 3658 4854 τῆς

2090 4876 2283 4948 βουλῆς
2315 4874 2406 4929 τοῦ
2438 4874 2572 4929 Θεοῦ
2609 4876 2683 4946 μὴ
2729 4875 2911 4929 ἱκανὸν
2948 4870 3086 4929 εἶναι
3117 4873 3520 4945 παραδέξασθαι
3563 4873 3657 4927 τὸν

2089 4968 2365 5039 περίγειον
2391 4966 2575 5030 τόπον,
2607 4966 2980 5036 ἀποφαίνεται.
3014 4966 3148 5038 Φαίη
3180 4965 3224 5018 δ’
3256 4965 3321 5019 ἄν
3354 4983 3436 5029 τις
3465 4965 3655 5034 σοφίαν

2087 5060 2319 5114 ἐνταῦθα
2362 5060 2459 5132 τὴν
2503 5059 2712 5114 τελείαν
2770 5060 3048 5115 εὐσέϐειαν
3101 5058 3369 5131 εἰρῆσθαι,
3426 5059 3657 5129 πρᾶγμα

2090 5153 2251 5217 θεῖον,
2286 5154 2390 5206 ὑπὸ
2416 5153 2576 5224 μόνου
2611 5149 2708 5206 τοῦ
2741 5150 2875 5205 Θεοῦ
2909 5156 3018 5216 τοῖς
3046 5150 3349 5223 ἀνθρώποις
3380 5149 3656 5222 δωρούμε-

2089 5260 2199 5297 νον.
2240 5246 2300 5297 ’0
2327 5243 2382 5296 δὲ
2412 5240 2535 5306 νοῦς
2562 5242 2670 5296 τῶν
2704 5244 2881 5315 ῥητῶν
2915 5238 3098 5306 οὗτος*
3129 5240 3373 5308 Μεγάλα,
3409 5241 3592 5312 φησὶν,
3625 5243 3655 5295 ὁ

2089 5332 2219 5396 Θεὸς
2262 5337 2375 5396 τοῖς
2398 5330 2703 5405 ἀνθρώποις
2736 5333 3062 5403 ἐδωρήσατο,
3103 5332 3160 5384 ὲν
3205 5333 3271 5400 τῇ
3302 5330 3458 5399 φύσει
3487 5346 3656 5386 κατα.-

2092 5424 2317 5497 σπείρας
2339 5423 2516 5478 αὺτῶν
2539 5423 2600 5475 τὸ
2640 5423 3003 5494 ἐρευνητικὺν,
3033 5424 3127 5474 καὶ
3156 5421 3338 5490 σοφὸν,
3363 5422 3455 5475 καὶ
3482 5437 3658 5491 τεχνι-

2089 5517 2216 5569 κόν·
2253 5517 2387 5586 ὅπερ
2420 5515 2671 5578 λαϐόντες
2711 5515 2761 5566 οἱ
2799 5512 3094 5579 ἄνθρωποι,
3130 5511 3233 5581 γῆν
3272 5523 3331 5564 τι
3366 5508 3658 5581 μεταλλεύο

2090 5625 2208 5661 ουσι
2254 5608 2347 5660 καὶ
2393 5605 2728 5678 γεωργοῦσι·
2773 5604 2872 5675 τὴν
2918 5604 2975 5657 δὲ
3023 5600 3165 5657 κατά
3212 5601 3518 5655 θεοσέϐειαν
3567 5615 3657 5653 σο-

2093 5700 2220 5770 φίαν
2266 5701 2365 5753 οὐκ
2414 5702 2471 5753 ὲν
2514 5700 2666 5771 τόπῳ
2692 5700 2817 5769 (τινὶ
2867 5697 3012 5751 ἔστιν
3059 5697 3268 5765 εὑρεῖν·
3314 5695 3414 5747 οὐκ
3447 5691 3655 5747 οἴκοθεν

2091 5790 2292 5861 ταύτην
2320 5790 2603 5863 ἅνθρωπος
2635 5788 2921 5844 ἀναλαϐεῖν
2943 5786 3184 5841 δύναται’
3213 5787 3315 5840 οὐκ
3337 5784 3518 5849 ἄλλοις
3551 5798 3657 5836 παδ

2094 5882 2557 5961 ραδοῦναιηὌθεν
2598 5882 2691 5937 καὶ
2714 5879 3069 5956 οἰέῈλλήνων
3098 5877 3270 5950 σοφοὶ,
3305 5876 3408 5950 ἰδίᾳ
3431 5875 3655 5947 δυνάμει
