4110 6408
430 502 540 561 4⁸05

1810 500 2250 557 FRAGMENTA.

3559 507 3667 566 4(ιῖ

428 621 526 692 τὴν
587 619 894 675 θεοσέϐειαν
945 620 1296 694 ζητήσαντες,
1358 620 1683 692 ἠστόχησαν.
1754 621 1827 673 Τὸ
1888 621 1972 691 γάι

2114 621 2203 674 tiri
2231 626 2430 690 potest.
2456 616 2610 672 Unde
2627 622 2680 671 et
2707 615 3021 671 Graecorum
3067 616 3361 687 sapientes,
3414 621 3504 689 qui
3550 622 3668 675 suis

430 713 690 784 πρᾶγμα,
719 712 794 776 ὡς
837 713 1065 784 ἔφημεν,
1095 714 1198 767 οὐκ
1235 710 1540 784 ἀνθρώποις
1569 712 1716 766 ἐστὶν
1753 714 1993 783 ἐφικτὸν,

428 801 562 856 ἀλλὰ
598 802 701 872 τῆς
752 803 903 868 θείας
944 804 1152 874 δωρεᾶς
1189 821 1249 857 τε
1291 806 1384 858 καὶ
1424 804 1679 874 χάριτος
1711 803 1799 857 διὰ
1839 804 1996 858 τοῦτο

429 894 520 948 καὶ
548 893 619 961 ἐξ
636 895 808 966 ἀρχῆς
835 897 864 947 ὁ
898 894 1028 960 Θεὸς
1067 895 1136 949 τὰ
1170 896 1270 965 μὲν
1300 895 1368 948 δι’
1407 889 1699 960 ὀπτασιῶν,
1731 894 1800 948 τὰ
1840 894 1897 948 δὲ
1926 896 1993 948 δι’

425 983 671 1053 ἀγγέλων
705 984 1119 1056 ὲπιφοιτήσεως,
1160 983 1231 1037 τά
1268 984 1324 1036 δὲ
1358 984 1445 1038 διὰ
1480 984 1590 1038 τῶν
1633 983 1993 1055 θεοφορουμέ-

422 1093 530 1132 νων
582 1076 751 1145 ἁγίων
794 1077 1113 1149 προφητῶν,
1140 1077 1249 1148 τὴν
1269 1076 1572 1130 θεοσέϐειαν
1619 1077 1744 1140 τοὺς
1785 1074 1995 1146 ἀνθρώο

424 1186 559 1233 πους
596 1169 961 1236 ἐξεπαίδευσε.
1001 1171 1174 1241 Καὶή
1221 1169 1525 1241 θεωρητικὴ
1558 1169 1616 1223 δὲ
1661 1170 1821 1239 σοφία
1855 1168 1989 1222 Θεοῦ

422 1258 617 1330 δῶρον,
656 1259 716 1327 ἐξ
741 1255 809 1332 ῆς
839 1260 1132 1332 κινούμεθα
1164 1261 1294 1332 περὶ
1314 1261 1411 1326 τὰς
1437 1260 1631 1332 τέχνας
1660 1262 1756 1315 καὶ
1781 1260 1851 1315 τὰ
1874 1263 1991 1314 ἐπι-

421 1350 755 1423 τηδεύματα,
792 1352 886 1406 καὶ
912 1354 977 1423 ἣν
1008 1354 1207 1416 πάντες
1237 1353 1430 1417 κοινῶς
1467 1353 1684 1425 ἔχομεν,
1721 1352 1895 1406 ἄδικοί
1931 1370 1990 1405 τε
2017 1374 2033 1384 ·

422 1441 516 1494 καὶ
548 1441 776 1497 δίκαιοι·
813 1444 861 1496 εί
887 1442 995 1515 γὰρ
1027 1443 1100 1515 (7)
1131 1444 1242 1509 ζῶα
1277 1446 1577 1516 γεγόναμεν
1616 1443 1829 1513 λογικὰ,
1860 1444 1991 1498 ταύ-

419 1549 519 1603 την
545 1532 862 1605 εἰλήφαμεν.
893 1534 1075 1607 Ταύτῃ
1103 1552 1187 1589 τοι
1210 1537 1300 1589 καὶ
1319 1538 1376 1590 ἐν
1404 1539 1516 1600 τοῖς
1541 1536 1847 1609 ἔμπροσθεν
1875 1536 1990 1590 ἑλέ-ὲ

418 1640 575 1693 γετο·
607 1626 864 1693 Πότερον
888 1627 1000 1696 οὐχ
1031 1630 1064 1681 ὁ
1101 1628 1314 1696 Κύριος
1338 1631 1371 1681 ὁ
1403 1627 1703 1681 διδάσκων
1732 1627 1990 1681 σύνεσιν

418 1714 518 1766 καὶ
536 1715 877 1787 ἐπιστήμην
892 1732 913 1783 ;
927 1718 1003 1783 ὡς
1020 1718 1114 1774 τοῦ
1142 1719 1419 1790 κτήματος
1441 1717 1983 1792 θεοδωρήτουτυγχά·

421 1820 622 1871 νοντος.

2097 712 2307 768 viribus
2356 709 2485 775 nisi,
2531 708 2785 779 pietatem
2818 716 2872 763 et
2902 706 3156 764 Numinis
3187 708 3395 764 cultum
3441 711 3665 782 indaga-

2094 804 2244 867 baut,
2268 819 2299 857 a
2329 817 2496 872 scopo
2547 801 2889 856 aberrarunt.
2942 799 3051 857 lies
3078 804 3246 867 enim,
3308 813 3369 858 ut
3397 802 3659 867 diximus,

2094 894 2239 947 vires
2270 892 2538 946 humanas
2566 890 2801 955 excedit,
2826 898 2878 944 et
2908 888 3001 945 D‘ei
3031 888 3233 944 donum
3251 905 3313 945 ac
3343 891 3514 962 gratia
3537 901 3655 947 est:

2094 985 2429 1057 proindeque
2463 984 2532 1039 ab
2562 982 2743 1050 initio,
2780 983 2952 1053 partis
2974 982 3302 1047 visionibus,
3330 985 3526 1054 partim
3560 999 3658 1037 an-

2092 1080 2335 1150 gelorum
2366 1077 2614 1132 adventu
2650 1086 2706 1129 et
2752 1090 3071 1145 congressu,
3106 1076 3304 1145 partim
3340 1085 3656 1130 sanctorum

2091 1170 2478 1241 prophetarum
2504 1168 2766 1223 divinitus
2799 1166 3101 1221 amatorum
3134 1168 3497 1234 sermonibus,
3512 1166 3655 1223 Deus

2092 1261 2339 1316 homines
2366 1260 2421 1313 in
2451 1260 2651 1329 pietate
2679 1275 2927 1331 veraeque
2952 1258 3230 1328 religionis
3264 1259 3413 1313 cultu
3468 1257 3655 1314 erudi-

2089 1352 2185 1406 vit.
2207 1350 2351 1417 Quin
2374 1351 2536 1406 etiam
2569 1350 2835 1421 sapientia
2866 1349 3304 1418 contemplativa,
3338 1364 3445 1419 qua
3476 1350 3543 1403 ad
3565 1365 3657 1402 ar-

2091 1452 2170 1498 tes
2204 1450 2258 1497 et
2287 1440 2467 1496 studia
2516 1441 2623 1495 alia
2652 1441 3000 1511 impellimur,
3037 1455 3254 1511 quaque
3292 1440 3656 1496 communiter

2087 1534 2457 1605 omnes,justi
2488 1541 2544 1590 et
2585 1533 2798 1604 injusti,
2839 1534 3050 1604 praediti
3083 1549 3295 1596 sumus,
3331 1532 3422 1588 Dei
3449 1534 3653 1589 donum

2086 1632 2170 1682 est
2202 1645 2216 1681 :
2247 1640 2355 1697 qua
2379 1624 2522 1681 enim
2550 1624 2808 1679 animalia
2842 1626 3070 1681 rationis
3099 1626 3322 1696 capacia
3350 1628 3516 1681 creati
3559 1644 3654 1682 su-

2085 1732 2231 1782 mus,
2278 1716 2422 1772 banc
2471 1717 2802 1786 accepimus.
2844 1715 3025 1783 Quare
3067 1725 3122 1772 et
3160 1720 3214 1772 in
3246 1719 3646 1788 superioribus,

2085 1819 2344 1879 tanquam
2373 1807 2442 1865 de
2470 1824 2529 1865 re
2553 1809 2816 1865 divinitus
2845 1824 3106 1865 concessa
3148 1811 3394 1880 loquens,
3431 1811 3646 1864 aiebat:

2089 1899 2345 1970 Nunquid
2373 1917 2478 1954 non
2517 1899 2774 1956 Dominus
2815 1910 2916 1967 est,
2955 1903 3045 1972 qui
3074 1901 3222 1958 docet
3252 1903 3572 1958 intellectum
3598 1911 3648 1957 et

2086 1993 2360 2047 scientiam
2379 1992 2443 2047 δῖ

2004 2084 2074 2143 ll.

1627 2180 1768 2236 Ibid.
1799 2196 1917 2253 cap.
1954 2196 2104 2247 xxvr,
2139 2194 2262 2270 aug.
2297 2181 2419 2237 5'58.

1028 2304 1337 2360 Μεθοδίου.

493 2389 878 2465 Ἑπισήμηναι,
895 2393 975 2448 ὅτι
998 2394 1202 2468 Κύριος
1223 2395 1457 2468 ἀρχῆθεν
1472 2394 1776 2468 ἀνθρώποις
1794 2397 1854 2451 οὐ
1879 2397 1973 2451 λα-

409 2482 507 2538 λεῖ·
526 2484 640 2538 ἀλλ’
657 2484 793 2539 ὲπὰν
815 2489 1295 2560 παρασκευάσηται
1319 2489 1464 2562 ψυχὴ
1477 2489 1564 2544 διὰ
1581 2490 1859 2558 πλειόνων,
1877 2493 1972 2545 καὶ

406 2577 831 2650 ὲγγυμνάσηται,
860 2581 953 2634 καὶ
979 2581 1150 2652 ἀναϐῇ
1177 2585 1257 2646 είς
1281 2582 1431 2653 ὕψος,
1466 2582 1585 2637 καθ’
1607 2584 1728 2637 ὅσον
1752 2583 1970 2638 δυνατὸν

404 2669 717 2743 ἀνθρωπίνῃ
744 2671 921 2742 φύσει,
950 2673 1072 2727 τότε
1098 2674 1269 2738 λαλεῖ,
1306 2675 1398 2729 καὶ
1424 2676 1550 2740 τοὺς
1586 2676 1750 2730 αὑτοῦ
1780 2662 1985 2746 λόγους

403 2760 771 2815 ἀποκαλύπτει
800 2764 879 2828 είς
899 2763 1150 2818 τοσοῦτον
1176 2766 1589 2838 ἀναϐεϐηκόσιν.
1640 2760 1888 2822 Ἐπειδὰν
1912 2768 1981 2825 δὲ

403 2851 438 2921 ἡ
471 2850 668 2922 λαίλαψ
689 2854 953 2925 χειμῶνός
981 2858 1097 2910 ἐστι
1124 2859 1402 2931 ποιητικὴ,
1440 2862 1498 2915 ὲν
1528 2859 1585 2913 δὲ
1614 2861 1841 2932 χειμῶνι
1870 2879 1969 2915 rrec

407 2940 703 3011 ριστάσεων
736 2945 765 2996 ὁ
814 2944 931 2998 Ἰὼϐ
973 2948 1100 3018 περ)⁵
1136 2948 1236 3019 τὴν
1268 2948 1450 3009 πίστιν
1478 2951 1578 3003 οὐκ
1609 2951 1962 3023 ἐναυάγησεν,

401 3028 539 3081 ἀλλά
585 3032 680 3084 καὶ
714 3030 972 3104 διέλαμψε
993 3051 1007 3065 ·
1041 3035 1130 3089 διά
1170 3034 1328 3091 τοῦτο
1373 3038 1401 3088 ὁ
1435 3038 1787 3111 χρηματίζων
1818 3040 1968 3113 αὐτῷ

402 3117 540 3188 πρὸς
570 3118 836 3192 σύμϐολον
859 3122 955 3176 τοῦ
983 3125 1376 3193 καταλαϐόντος
1406 3130 1568 3183 αὐτὸν
1591 3131 1855 3201 χειμῶνος
1877 3131 1978 3186 διὰ.

400 3205 659 3276 λαίλαπος
680 3213 1040 3285 χρηματίζει·
1067 3216 1156 3270 διὰ
1187 3217 1243 3271 δὲ
1273 3217 1335 3270 τὸ
1361 3219 1677 3289 μεταϐαλεῖν
1707 3220 1974 3277 ιτιὺτοι”5.ἰ·ἐι⁸

399 3300 700 3373 πράγματα
743 3304 851 3358 ἀπὸ
896 3306 1161 3377 χειμῶνος
1201 3310 1280 3372 εἰς
1325 3309 1529 3375 εὐδίαν,
1573 3310 1634 3363 οὐ
1674 3312 1831 3382 μόνον
1878 3314 1966 3370 διὰ

396 3390 677 3459 λαίλαπος,
702 3395 837 3451 ἀλλὰ
868 3399 960 3451 καὶ
983 3397 1070 3452 διά
1100 3400 1276 3468 νεφῶν
1305 3400 1473 3456 λαλεῖ.

2717 2305 2996 2362 Μεῑίιοάίὶ.

2152 2395 2312 2462 Nota,
2358 2397 2647 2454 Dominum
2682 2415 2794 2455 non
2844 2400 3030 2457 statim
3076 2399 3144 2455 ab
3191 2399 3349 2455 initio
3394 2400 3643 2455 homines

2081 2488 2283 2559 alloqui
2306 2491 2522 2557 solere;
2553 2490 2650 2546 sed
2676 2500 2968 2562 postquam
2999 2491 3183 2545 anima
3211 2491 3459 2561 pluribus
3502 2507 3653 2572 υνδε-ι

2077 2589 2268 2648 parata
2295 2589 2348 2635 et
2370 2581 2669 2637 exercitata
2702 2580 2889 2647 fuerit,
2926 2589 2980 2636 et
3008 2581 3063 2635 in
3086 2575 3451 2648 altitudinem,
3470 2598 3644 2653 quam

2077 2681 2192 2725 tum
2219 2671 2459 2727 humana
2486 2682 2682 2728 natura
2706 2680 2909 2743 potest,
2954 2673 3414 2744 contemplatione
3442 2690 3640 2731 ascen-

2075 2763 2238 2831 derit,
2267 2774 2383 2819 tum
2415 2765 2636 2821 demum
2665 2765 2838 2837 loqui,
2863 2772 2919 2821 et
2946 2781 3226 2823 sermones
3256 2768 3325 2821 iis
3372 2768 3637 2836 revelare,

2073 2857 2165 2928 qui
2199 2855 2266 2911 ad
2297 2855 2579 2929 fastigium
2618 2857 2761 2912 illud‘
2784 2852 3091 2914 altitudinis
3119 2858 3292 2914 evecti
3320 2868 3466 2914 sunt.
3499 2857 3637 2913 Cum

2073 2958 2253 3006 autem
2290 2951 2452 3007 turbo
2506 2957 2884 3022 tempestatem
2928 2958 3168 3023 generet,
3219 2950 3389 3007 Jobus
3420 2965 3552 3006 vero
3582 2952 3639 3006 in

2069 3041 2421 3097 aﬂlictionum
2450 3050 2774 3113 tempestate
2805 3043 2930 3099 ﬁdei
2969 3042 3315 3115 naufragium
3346 3058 3456 3100 non
3494 3042 3640 3098 fece-

2068 3132 2162 3197 rit,
2191 3133 2287 3190 sed
2316 3137 2629 3190 constantia
2647 3134 2768 3205 ejus
2790 3136 2974 3206 potius
3001 3136 3281 3198 enituerit,
3306 3135 3515 3198 idcirco
3536 3136 3633 3207 qui

2064 3239 2391 3295 responsum
2422 3227 2471 3281 ei
2500 3226 2669 3292 dedit,
2721 3226 2789 3282 ad
2819 3228 3228 3298 signiﬁcandam
3261 3228 3632 3284 calamitatum

2065 3317 2442 3382 tempestatem
2484 3329 2606 3383 quae
2645 3329 2770 3370 eum
2804 3314 3179 3386 corripuerat,
3228 3333 3326 3388 per
3357 3318 3630 3371 turbinem

2064 3421 2392 3476 responsum
2421 3406 2515 3462 dat
2548 3426 2561 3463 :
2594 3409 2724 3479 quia
2753 3424 2883 3481 verp
2900 3409 3262 3479 procellosum
3293 3424 3477 3465 rerum
3508 3406 3630 3477 ejus

391 3492 601 3540 statum
649 3486 706 3542 in
753 3503 1002 3547 serenam
1052 3494 1500 3565 tranquillitatem
1557 3499 1868 3564 mutaverit,
1909 3515 2018 3555 non
2072 3507 2285 3555 tantum
2333 3516 2432 3574 per
2477 3502 2791 3569 turbinem,,
2820 3504 2916 3560 sed
2972 3519 3072 3576 per
3122 3504 3296 3561 nubes
3341 3504 3505 3560 etiam
3550 3503 3634 3559 lo-

394 3580 602 3651 quitur.
671 3607 675 3613 ν

1974 3691 2061 3745 Ill.

1974 3693 1992 3745 ι
2022 3693 2061 3745 ι.

1783 3782 1919 3844 Ibid.
1948 3693 2230 3860 1:29-547.

1022 3893 1331 3950 Μεθοδίου.

465 3973 653 4029 Πολλοὶ
678 3977 1059 4051 καταϐέϐηκαν
1096 3986 1176 4047 είς
1203 3984 1453 4052 ἄϐυσσον,
1501 3988 1597 4059 οὐχ
1618 3989 1758 4043 ὥστε
1800 4009 1955 4063 περι-

395 4069 584 4121 πατεῖν
603 4070 661 4121 ὲν
695 4070 852 4143 αὐτῇ,
879 4072 992 4126 ἀλλ’
1026 4074 1165 4130 ὥστε
1193 4075 1400 4150 δέσμιοι
1425 4076 1581 4135 εἶναι.
1627 4083 1829 4154 Ἰησοῦς
1861 4086 1956 4156 μό·

392 4172 483 4221 νος
531 4160 588 4213 ὲν
620 4158 841 4234 ἀϐύσσῳ
885 4167 1284 4239 περιεπάτησεν
1338 4170 1414 4236 ὡς
1468 4172 1769 4246 ἐλεύθερος,
1822 4175 1956 4229 ὅπου

395 4246 513 4317 ἴχνη
566 4251 1006 4320 περιπατούντων
1056 4257 1155 4310 οὐκ
1203 4256 1301 4313 ἔνι.
1348 4258 1534 4314 Εἵλετο
1573 4261 1680 4334 γὰρ
1727 4261 1967 4320 θάνατον

389 4340 487 4410 οὐχ
533 4342 827 4409 ὑπεύθυνος
860 4344 968 4412 ὢν,
1005 4348 1091 4403 ἴνα
1139 4352 1264 4414 τοὺς
1306 4351 1698 4425 ὑποκειμένους
1739 4355 1954 4426 θανάτῳ

389 4430 763 4507 λυτρώσηται·
807 4438 1010 4508 Λέγων
1042 4440 1167 4507 τοῖς
1200 4443 1278 4496 ἐν
1292 4442 1587 4513 δεσμοῖςοα
1630 4446 1948 4511 Ἐξέλθετε·

390 4527 488 4582 καὶ
516 4526 639 4595 τοῖς
661 4530 730 4583 ἐν
755 4530 835 4596 τῷ
863 4533 1067 4588 σκότει
1084 4551 1098 4566 ·
1137 4536 1624 4607 Ἄνακαλύςρθητε.
1660 4533 1737 4613 ᾯ.
1757 4541 1849 4595 καὶ
1882 4540 1951 4595 τά

389 4615 515 4689 ἑξῆς
547 4620 943 4690 συμφωνοῦσιν.
1308 4668 1312 4670 γ

2718 3906 2995 3964 ΗειΙιοάίί.

2135 3996 2287 4052 Multi
2333 3998 2409 4053 in"
2441 3998 2700 4070 abyssum
2732 4000 3155 4067 descenderunt,
3208 4017 3316 4057 non
3351 4011 3409 4057 ut
3448 4000 3510 4056 in
3562 4015 3627 4057 ea

2063 4091 2423 4158 ambularent,
2463 4092 2559 4147 sed
2599 4101 2659 4146 ut
2693 4092 2926 4150 vinculis
2971 4094 3256 4153 constricti
3285 4103 3625 4151 tenerentur.

2065 4180 2228 4238 Solus
2255 4179 2416 4238 Jesus
2450 4183 2506 4237 in
2537 4183 2735 4254 abysso
2763 4185 2856 4249 ubi
2883 4185 3034 4240 nulla
3071 4194 3200 4241 sunt
3228 4186 3622 4241 ambulantium

2061 4271 2312 4343 vestigia,
2345 4282 2603 4344 tanquam
2649 4275 2786 4330 liber
2830 4276 3149 4333 ambulavit.
3211 4275 3436 4332 Mortem
3475 4278 3622 4331 enim

2048 4362 2239 4434 elegit,
2286 4364 2376 4418 cui
2422 4380 2531 4420 non
2568 4377 2713 4422 esset
2739 4367 3032 4433 obnoxius,
3087 4380 3146 4423 ut
3178 4368 3343 4423 morti
3375 4368 3628 4424 addictos

2056 4453 2312 4512 liberaret
2338 4480 2349 4514 :
2380 4458 2572 4513 Dicens
2606 4460 2671 4513 iis
2698 4461 2788 4531 qui
2837 4462 2891 4515 in
2935 4462 3156 4516 vinculis
3207 4470 3380 4525 erant,
3415 4461 3568 4516 Exite
3601 4478 3633 4521 ἔ,

2054 4555 2106 4601 et
2129 4548 2197 4603 iis
2225 4551 2316 4621 qui
2344 4551 2397 4606 in
2424 4550 2671 4618 tenebris,
2722 4551 3042 4609 Reuelamini
3079 4556 3125 4613 '.
3170 4553 3292 4620 Cui,
3342 4570 3421 4610 ea.
3455 4554 3635 4612 etiam

2052 4654 2173 4709 quae
2201 4656 2522 4713 sequuntur,
2549 4647 2923 4705 consentiunt.

1962 4724 2052 4782 IV.

1588 4811 1731 4871 Ibid.
1764 4831 1878 4887 cap.
1913 4833 2106 4887 xxvm,
2133 4836 2254 4890 pag.
2297 4821 2422 4878 570.

1008 4903 1317 4959 Μεθοδίου.

465 4988 627 5062 Ὀρᾷς
644 5007 657 5020 ·
695 4992 788 5044 ἐπὶ
811 4991 957 5045 τέλει
986 4993 1094 5046 τῶν
1119 4992 1295 5048 ἄθλων
1323 4995 1639 5067 ἀναγορεύει
1664 4999 1756 5051 τὸν
1787 4998 1950 5072 ἀθλη-

385 5080 484 5154 τὴν
518 5082 755 5155 λαμπρῷ
777 5083 856 5154 τῷ
889 5084 1223 5156 κηρύγματι,
1257 5086 1351 5140 καὶ
1378 5092 1575 5157 γυμνοῖ
1603 5090 1703 5160 τῆς
1735 5090 1948 5164 πληγῆς

382 5174 444 5227 τὸ
472 5174 778 5246 ἀπόρρητον
797 5193 810 5206 ·
837 5177 955 5229 Οἴει
973 5193 1053 5246 με
1078 5175 1277 5245 ἄλλως
1309 5195 1409 5234 σοι
1437 5185 1944 5252 κεχρηματικέναι,

382 5263 577 5334 λέγων,
604 5264 643 5334 ἡ
675 5267 776 5321 ἵνα
800 5266 1115 5337 ἀναφανῇς
1144 5267 1410 5336 δίκαιος-ς
1437 5272 1605 5326 Τοῦτο
1635 5274 1743 5329 τῶν
1775 5293 1942 5348 τραυ-

386 5354 572 5423 μάτων
600 5356 663 5409 τὺ
689 5357 976 5429 φάρμακον
994 5375 1015 5388 ’·
1047 5358 1204 5414 τοῦτο
1242 5362 1341 5432 τῆς
1379 5362 1656 5436 ὑπομονῆς
1688 5369 1720 5439 ή
1754 5368 1948 5422 ἀντίδο-

386 5461 489 5509 σις.
521 5445 603 5499 Τὰ
626 5444 733 5519 γὰρ
762 5447 887 5519 ἑξῆς
914 5450 1042 5514 ἴσως
1069 5451 1256 5524 μικρὰ,
1290 5452 1393 5507 κᾶν
1426 5454 1633 5524 μεγάλα
1657 5457 1767 5509 τισὶ
1792 5457 1944 5530 δοκῇ,

318 5606 321 5611 η
386 5540 480 5592 καὶ
518 5539 728 5612 μικρῶν
754 5540 939 5597 ἕνεκεν
963 5544 1407 5616 οἰκονομηθέντα,
1445 5548 1538 5601 καὶ
1571 5549 1620 5601 εί
1651 5548 1726 5623 (8)
1757 5550 1944 5606 διπλα-

384 5629 484 5683 σίω
503 5626 610 5685 τῶν
638 5633 1005 5705 ἀφῃρημένων
1030 5636 1432 5708 ἁντιλαμϐάνει.

2703 4914 2991 4972 ΜειΙιοιίίἱι

2125 5001 2289 5057 Vides
2317 5012 2376 5057 ut
2398 5012 2521 5073 post
2548 5005 2909 5060 certaminum
2934 5006 3162 5072 exitum,
3189 5007 3389 5063 illustri
3412 5024 3610 5079 praeco-

2051 5095 2146 5150 nio
2176 5094 2390 5150 athleta:
2430 5094 2617 5152 laudes
2642 5097 2898 5162 celebret,
2938 5097 3194 5169 quodque
3225 5101 3280 5154 in
3314 5101 3619 5172 plagaabs-

2050 5188 2331 5243 conditum
2361 5196 2497 5253 erat,
2523 5188 2745 5256 revelet,
2768 5205 2892 5243 cum
2923 5191 2999 5244 ait
3042 5208 3057 5245 :
3092 5190 3326 5246 Putasne
3355 5210 3436 5248 me
3463 5192 3619 5250 aliter

2054 5278 2147 5334 tibi
2175 5279 2525 5349 respondisse,
2576 5298 2736 5352 quam
2789 5292 2846 5336 ut
2886 5282 3069 5352 justus
3122 5298 3381 5352 appar-eas
3405 5284 3472 5340 ’τ
3503 5283 3617 5340 Hoc

2052 5371 2335 5424 vulnerum
2361 5372 2734 5441 pharmacum,
2770 5370 2885 5425 haec
2926 5372 3198 5442 patientia:
3225 5375 3613 5430 remuneratio.

2054 5459 2185 5526 Quae
2235 5461 2378 5515 enim
2436 5469 2733 5517 consecuta
2781 5470 2930 5529 sunt,
2979 5464 3105 5519 licet
3146 5466 3423 5536 prioribus
3449 5468 3616 5537 duplo

2051 5555 2294 5608 auctiora
2323 5554 2606 5624 receperit.
2639 5555 2832 5625 exigua
2873 5556 3201 5627 quibusdam
3231 5565 3286 5613 et
3319 5558 3615 5616 levioribus

2049 5642 2117 5697 de
2146 5644 2349 5706 causis,
2384 5644 2570 5698 divina
2596 5643 2946 5699 Providentia
2980 5647 3056 5701 ita
3083 5645 3427 5718 disponente,
3456 5655 3513 5704 et
3534 5646 3616 5706 illi

2048 5735 2249 5788 tributa
2274 5735 2443 5790 videri
2469 5735 2696 5806 possint.

453 5838 474 5871 ⁸
500 5837 601 5892 Job
630 5856 743 5905 nt,
772 5841 874 5895 22'
906 5844 1118 5909 “11,2.
1193 5847 1215 5877 '
1266 5845 1378 5904 Isa.
1414 5865 1566 5918 xux,
1594 5850 1645 5907 9.
1724 5854 1743 5885 '
1773 5850 1883 5908 Job—
1913 5867 2000 5918 xu,
2027 5852 2079 5918 3,
2112 5866 2214 5906 sec.
2246 5846 2410 5908 LXX.

451 5961 528 6036 (7)
554 5964 627 6018 Ei
654 5962 785 6035 γάρ.
818 5963 949 6040 Leg.
980 5961 1016 6042 ᾗ
1051 5969 1176 6041 γάρ.
1206 5968 1445 6030 Consus.

2118 5974 2194 6045 (8)
2226 5974 2332 6030 Καὶ
2364 5977 2435 6030 εἰς
2476 5972 2635 6033 Forte
2663 5975 2724 6031 Et
2759 5972 2868 6030 καί.
2900 5972 2962 6030 Ρ.
2997 5972 3206 6034 Justus.
