4110 6400
1718 721 1947 762 INEUNTE
1975 721 2192 762 διεωιο
2226 722 2299 763 ιν.

1210 911 2818 1129 ALEXANDER

892 1287 2200 1422 LYCOPOLITANUS
2313 1296 3165 1428 EPISCOPUS

1751 1660 2266 1754 ΝΟΤΙΤῙΑ

1319 1853 1581 1916 (ῦλιωιω.
1611 1853 1721 1906 Vel.
1750 1854 1888 1904 Patr.
1916 1851 2163 1915 Bibliolh.,
2198 1853 2279 1916 IV,
2299 1855 2497 1918 Proleg.
2521 1892 2534 1915 ,
2557 1868 2605 1918 p.
2631 1854 2723 1920 rx.)

400 2121 439 2184 1.
477 2119 773 2246 Αεξπᾳῗὰεν
813 2121 949 2174 unde
984 2119 1155 2172 dictus
1197 2117 1545 2188 Lycopolita?
1581 2115 1666 2175 An
1709 2113 2026 2185 Lycopoleos
2070 2115 2385 2185 episcopus?
2427 2113 2606 2170 Pltotii
2659 2114 2803 2170 locus
2855 2113 3188 2184 expenditur.
3247 2115 3364 2184 Quo
3409 2128 3635 2188 tempato

474 2209 500 2246 s
564 2209 639 2246 ert
667 2229 684 2246 .
2023 2225 2031 2233 .

474 2201 684 2246 sederit.
2023 2225 2031 2233 .

401 2285 465 2340 ll.
500 2286 632 2356 Ejus
662 2285 954 2356 Tractatus
979 2283 1240 2356 adversus
1269 2280 1596 2356 Manichaeos
1643 2279 1826 2351 quanti
1856 2278 2150 2356 faciendus.
2184 2279 2384 2356 Auctor
2405 2279 2634 2348 primum
2663 2280 2918 2356 ethnicus,
2945 2277 3130 2334 deinde
3155 2279 3504 2356 Manichaicis
3527 2283 3638 2356 pla-

471 2349 588 2411 citis
621 2357 888 2409 addictus.
932 2354 1103 2423 Ipsius
1135 2353 1365 2406 Manetis
1411 2353 1558 2406 aetati
1580 2349 1737 2422 quam
1772 2351 2008 2418 proxime
2039 2352 2278 2404 accessit.
2318 2351 2395 2402 Ab
2433 2366 2607 2403 errore
2651 2349 2901 2403 divinitus
2931 2359 3226 2414 revocatus,
3269 2349 3636 2409 hazresiaiclta:

469 2427 722 2497 dogmata
743 2425 909 2480 solide
931 2425 1200 2493 refutauit.

399 2518 490 2576 lii.
520 2485 812 2574 dlea‘andri
839 2534 966 2587 opus
986 2485 1215 2586 primum
1240 2535 1272 2571 a
1304 2515 1970 2587 Combeﬁsiorevulgatum.
2001 2515 2142 2584 Quid
2169 2516 2220 2570 in
2242 2532 2301 2569 eo
2324 2514 2512 2570 Latine
2538 2513 2800 2569 reddendo
2839 2516 3146 2583 prwstiterit
3169 2514 3360 2569 editor.
3389 2485 3464 2568 Iu‘
3485 2517 3635 2572 illius

465 2590 694 2644 editione
718 2586 1009 2644 recudenda
1031 2604 1219 2642 novum
1239 2587 1472 2642 studium
1495 2586 1811 2642 adhibitum.

469 2755 509 2809 1.
549 2751 915 2808 Alexandrum
981 2748 1350 2822 Lycopolitam
1415 2747 1744 2818 appellatum
1806 2749 1962 2818 quasi
1995 2753 2038 2813 Α
2067 2749 2197 2804 tiam
2230 2749 2357 2804 alibi
2386 2749 2553 2803 tradit
2573 2748 2646 2820 (g)
2675 2769 2694 2800 ‹
2726 2749 2996 2804 Meletium
3031 2747 3276 2803 habitum
3303 2747 3475 2806 fuisse
3497 2750 3639 2807 Thc-

397 2847 544 2918 I.yco
589 2842 882 2898 Thebaidis
922 2841 1056 2896 urbe
1093 2840 1406 2904 oriundum,
1454 2840 1696 2911 adeoque
1739 2841 1962 2898 natione
2068 2841 2244 2897 baidis
2284 2841 2498 2913 Egypli
2538 2842 2829 2911 provinciae
2857 2842 3329 2911 archiepiscopum
3361 2861 3374 2897 :
3409 2862 3427 2893 ι
3459 2843 3636 2915 Μελήο

398 2938 733 3011 ὢεγριίυῐη,
769 2932 1101 2991 existimavit
1127 2931 1486 2987 Comheﬁsius
1511 2931 1626 3003 (a);
1658 2932 1748 2986 cui
1777 2946 1962 2988 acces-

2065 2952 2197 2998 τιος,
2225 2933 2254 2984 ὁ
2284 2933 2383 3003 τῆς
2410 2931 2684 3001 Αἰγύπτου
2729 2932 2836 2985 ἀπὸ
2873 2932 3136 3000 Θηϐαΐδος
3166 2931 3338 2985 δοκῶν
3385 2929 3522 2985 εἶναι
3547 2934 3638 2986 καὶ

400 3047 521 3086 sere
549 3030 760 3086 Caveus
781 3024 856 3094 (b)
896 3029 950 3078 et
982 3020 1270 3076 Fabricius
1295 3021 1387 3088 (ε).
1429 3018 1535 3075 Sed
1565 3021 1773 3075 incerta
1803 3022 1962 3091 plane

2067 3026 2228 3088 αὐτὸς
2255 3024 2697 3097 ἀρχιεπισκοπος.
2742 3022 2866 3078 llaec
2901 3031 3078 3078 autem
3110 3039 3329 3094 quoquo
3358 3024 3520 3078 modo
3548 3039 3639 3078 ac-

399 3122 736 3189 conjectura,
765 3119 812 3175 si
843 3119 978 3176 ﬁdes
1005 3119 1254 3174 habenda
1283 3117 1479 3173 Photio
1523 3119 1577 3172 in
1620 3117 1862 3187 Epitome
1899 3119 1963 3172 de
2068 3117 2360 3188 cipiantur,
2388 3116 2434 3170 si
2454 3115 2578 3185 quis
2605 3113 2938 3169 admittenda
2968 3123 3208 3179 censeat,
3232 3116 3287 3168 in
3311 3115 3442 3170 sede
3474 3114 3641 3187 Lyco-

401 3213 732 3277 Mauichaeis,
787 3227 950 3283 quam
1009 3210 1214 3266 dudum
1271 3210 1440 3264 edidit
1496 3209 1567 3265 cl.
1625 3208 1964 3265 Montfauco-
2067 3211 2309 3281 politana
2337 3207 2582 3278 proxime
2622 3207 2977 3262 antecesserit
3003 3207 3311 3262 Alexander
3339 3206 3636 3270 Meletium,

398 3305 525 3369 nius
547 3305 648 3375 (ά).
683 3303 743 3358 1η
773 3318 841 3360 eo
871 3302 1134 3372 siquidem
1175 3317 1340 3372 opere
1374 3300 1602 3357 Photius
1633 3301 1702 3356 de
1731 3304 1964 3372 scripto-
2066 3317 2230 3371 quem
2259 3301 2480 3355 ineunte
2505 3300 2706 3355 saeculo
2733 3316 2790 3354 1v
2815 3299 3134 3354 cathedram
3167 3300 3313 3352 illam
3337 3315 3641 3370 occupasse

397 3395 554 3452 ribus
589 3395 754 3450 verba
804 3393 1012 3448 faciens
1056 3392 1148 3462 qui
1199 3391 1462 3447 adversus
1507 3393 1632 3447 illos
1680 3393 1962 3449 haereticos
2069 3393 2434 3464 comperimus
2461 3412 2474 3448 ε
2505 3407 2614 3464 quo
2643 3408 2775 3447 sane
2812 3391 3001 3446 ordine
3040 3391 3181 3445 inter
3220 3389 3640 3462 Lycopolitanos

398 3486 599 3560 stylum
646 3487 934 3546 strinxere,
977 3483 1222 3538 meminit
1263 3498 1479 3553 quoque
1517 3483 1689 3538 nostri
1728 3483 1964 3538 Alexan~
2069 3487 2331 3558 praesules
2361 3487 2536 3557 ipsum
2568 3485 2738 3541 refert
2772 3482 3104 3554 Lequienius
3132 3481 3196 3538 V.
3229 3481 3293 3538 C.
3330 3481 3508 3538 Photii
3541 3497 3640 3536 au-

399 3580 481 3636 dri
500 3577 569 3650 (e)
591 3585 848 3645 tanquam
881 3575 1031 3630 urbis
1056 3574 1322 3646 Lycorum
1347 3575 1616 3644 pontificis
1647 3592 1661 3630 :
1697 3577 1761 3630 Ὅ
1782 3594 1841 3630 τε
1864 3577 1964 3647 τῆς
2069 3579 2317 3634 ctoritate
2345 3584 2622 3647 permotus
2649 3575 2743 3646 (Ιι).

399 3670 606 3732 πόλεως
633 3667 824 3720 Λύκων
865 3665 1207 3738 Ἀλέξανδρος
1229 3666 1354 3729 τοὺς
1379 3667 1794 3738 ἁρχιερατικοὺς
1814 3671 1965 3736 ὲγκε-

2140 3669 2201 3726 ll.
2243 3667 2415 3724 Porro
2457 3676 2734 3738 utcunque
2779 3682 2838 3722 se
2881 3679 2972 3721 res
3011 3665 3231 3727 haheat,
3276 3663 3391 3719 sive
3428 3664 3637 3734 origine

399 3759 736 3836 χειρισμένος
781 3757 997 3829 νόμους,
1047 3765 1106 3811 ut
1147 3757 1376 3827 proinde
1419 3758 1561 3812 haud
1607 3758 1766 3814 facile
1811 3759 1962 3813 dictu

2069 3761 2184 3816 sive
2212 3761 2475 3832 dignitate
2500 3761 2645 3817 sedis
2669 3760 2986 3832 Lycopolita
3010 3758 3172 3814 fuerit
3201 3768 3388 3815 noster
3407 3757 3640 3812 Alexan-

399 3861 691 3918 statuatur,
737 3867 866 3906 num
909 3862 1096 3907 auctor
1127 3849 1431 3922 Lycopolita
1474 3859 1759 3922 propterea
1803 3851 1964 3907 fuerit
2069 3854 2187 3918 der,
2231 3853 2364 3908 illud
2392 3861 2600 3909 certum
2633 3855 3106 3924 exploratumque,
3146 3852 3324 3921 ipsum
3351 3851 3473 3921 jure
3500 3849 3642 3920 opti-

399 3946 724 4016 appellatus,
757 3943 902 4014 quod
933 3950 1115 3996 ortum
1144 3942 1361 3997 duxerit
1405 3943 1520 3996 sive
1561 3957 1628 3997 ex
1668 3941 1964 3998 Thebaidis
2069 3962 2160 4002 mo
2198 3947 2340 4002 inter
2371 3947 2668 4015 scriptores
2689 3945 3102 4001 ecclesiasticos
3137 3945 3317 3998 locum
3343 3943 3447 3998 sibi
3469 3941 3640 3996 vindi-

398 4039 586 4112 primaz
619 4037 897 4109 Lycopoli,
931 4035 1045 4092 sive
1072 4051 1140 4090 ex
1171 4035 1341 4090 altera
1386 4035 1640 4106 Lycopoli
1690 4035 1962 4094 inferioris
1993 4103 2033 4112 _
2069 4054 2217 4102 care,
2240 4039 2440 4109 quippe
2456 4039 2550 4109 qui
2573 4039 2905 4094 luculentum
2928 4036 3190 4092 adversus
3219 4035 3642 4091 Manichaeorum

397 4103 618 4202 :Egypti
649 4103 810 4199 quam
841 4127 896 4182 in
920 4141 1083 4181 nomo
1109 4103 1472 4198 Sebennyticio
1496 4103 1632 4181 mari
1661 4128 1963 4197 proximam
1993 4103 2036 4158 Β
2065 4130 2263 4201 placita
2293 4103 2583 4184 tractatum
2613 4129 2811 4185 litteris
2852 4126 3194 4198 consignarit
3231 4143 3246 4180 :
3282 4123 3484 4179 Allatio
3510 4139 3639 4194 proo

402 4223 711 4292 Stephanus
741 4219 969 4286 statuit;
1003 4234 1070 4273 an
1093 4219 1275 4290 potius
1296 4219 1502 4275 idcirco
1523 4219 1687 4273 fuerit
1719 4219 1965 4292 Lycopo-
2065 4229 2250 4294 pterea
2279 4221 2458 4277 dictus
2483 4221 2546 4293 (i)
2569 4230 2760 4276 auctor
2791 4219 3178 4275 eruditissimus
3202 4225 3255 4273 et
3281 4215 3639 4285 φιλοσοφικώ-

399 4315 496 4373 lita
519 4313 720 4377 dictus,
740 4313 885 4384 quod
908 4311 1241 4384 Lyc0poleos
1257 4312 1628 4382 episcopatum
1649 4312 1962 4371 obtinuerit.
2063 4330 2244 4378 τατος,
2281 4313 2509 4384 ejusque
2547 4329 2686 4384 Opus
2723 4312 2930 4367 libellus
2961 4325 3190 4374 aureus;
3230 4324 3297 4366 ex
3337 4324 3446 4379 quo
3472 4310 3641 4371 etiam

470 4402 656 4474 Neque
696 4417 825 4458 vero
867 4401 1032 4456 alicui
1065 4415 1274 4455 moram
1305 4399 1507 4456 inferre
1535 4401 1695 4457 debet
1724 4402 1965 4460 insolens
2065 4407 2177 4462 duo
2213 4408 2330 4462 loca
2362 4407 2655 4478 exscripsit
2685 4406 3046 4477 protulitque,
3089 4402 3218 4458 dum
3251 4402 3429 4458 adhuc
3467 4403 3524 4457 in
3554 4403 3641 4458 hi-

397 4492 664 4550 Photiana
699 4490 954 4562 loquendi
977 4491 1138 4553 ratio,
1173 4505 1279 4560 qua
1316 4489 1487 4546 fertur
1516 4489 1963 4563 Lycopolitanum
2066 4498 2353 4555 blioihecis
2384 4500 2601 4556 latebat,

400 4569 928 4657 archiepiscopatum
971 4585 1215 4642 tenuisse
1257 4584 1598 4651 Alexander;
1639 4600 1763 4639 cum
1795 4601 1965 4643 unum
2135 4590 2215 4645 Ex
2255 4592 2438 4662 operis
2480 4601 2660 4648 autem
2693 4590 3054 4662 inscriptione
3107 4588 3372 4647 discimus
3404 4587 3636 4641 Alexam-

401 4677 826 4743 Alexandl'inum
858 4677 1156 4736 anliSliwm
1195 4676 1366 4732 ιοῑίιιε
1401 4675 1732 4748 Egyptiacae
1763 4677 1965 4734 diwce-
2065 4682 2225 4742 drum
2247 4682 2416 4740 fuisse
2437 4682 2672 4755 primum
2693 4683 2923 4739 ethnicae
2940 4681 3315 4753 superstitioni
3332 4679 3633 4739 addictum:

403 4785 528 4827 seos
581 4767 1051 4838 archiepiscopum
1112 4767 1284 4824 fuisse
1338 4775 1571 4824 constet.
1628 4767 1966 4840 Epiphanius
2065 4791 2192 4830 mox
2217 4790 2367 4844 vero,
2401 4773 2714 4831 Graecorum
2741 4776 2891 4830 cultu
2915 4775 3126 4838 relicto,
3161 4773 3512 4830 Manichaica:
3536 4772 3635 4826 do-

401 4865 549 4918 certe
576 4855 848 4914 Meletium
881 4854 1326 4928 Lycopolitanum
1352 4856 1664 4928 episcopum
1694 4859 1966 4916 schisma-
2066 4867 2256 4927 ctrina:
2283 4867 2524 4922 animum
2553 4865 2840 4936 adjecisse,
2863 4879 3027 4936 quam
3055 4865 3125 4922 ab
3157 4865 3227 4922 iis
3249 4865 3342 4936 qui
3369 4880 3494 4922 cum
3523 4863 3634 4920 h8-

402 4949 569 5005 ticum
605 4961 918 5004 memorans
946 4947 964 5016 (
981 4947 1035 5016 f)
1064 4966 1078 5002 :
1116 4965 1136 4999 ι
1165 4948 1338 5019 Atque
1358 4949 1448 5004 ille
1467 4949 1706 5021 quidem,
1732 4951 1830 5013 ait,
1861 4965 1959 5006 cae-

2068 4958 2344 5014 resiarcha
2377 4957 2718 5019 familiariter
2752 4961 2967 5016 fuerant
3010 4958 3341 5024 conversati,
3388 4958 3496 5011 ἀπὸ
3522 4958 3636 5013 τῶν

402 5041 534 5097 teris
585 5039 809 5112 Egypti
861 5039 1134 5110 episcopis
1187 5041 1538 5108 antecellens,
1592 5043 1891 5100 secundum
1935 5059 1966 5100 a

2066 5051 2359 5123 γνωρίμων
2393 5051 2487 5106 τοῦ
2520 5051 2731 5125 ἀνδρὸς,
2762 5067 2821 5108 se
2848 5052 3126 5123 accepisse
3152 5059 3387 5108 testatur
3406 5050 3424 5121 (
3429 5051 3457 5119 j
3469 5049 3489 5122 )
3523 5069 3536 5106 :
3573 5057 3635 5106 ut

405 5131 562 5188 Petro
607 5130 976 5187 Alexandrino
1023 5131 1305 5202 dignitatis
1359 5133 1537 5188 locum
1591 5135 1908 5192 obtinebat:
1941 5155 1961 5190 ι
2067 5148 2354 5212 propterea
2401 5144 2449 5199 si
2493 5143 2563 5198 ab
2606 5143 2779 5213 ipsius
2827 5141 3054 5199 Manetis
3095 5142 3432 5214 temporibus
3486 5142 3633 5219 haud.

413 5223 620 5279 Ἐδόκει
640 5223 699 5279 δὲ
725 5226 755 5280 ὁ
781 5226 1048 5297 Μελήτιος
1070 5223 1179 5279 τῶν
1206 5225 1346 5281 κατὰ
1371 5225 1468 5298 τὴν
1503 5227 1774 5296 Αῐγυπτον
1798 5229 1967 5301 προήφ

2068 5234 2228 5305 longe
2257 5243 2521 5290 remotum
2560 5234 2730 5292 fuisse
2768 5242 3047 5290 auctorem
3090 5233 3216 5304 quis
3245 5232 3542 5298 existimet,
3577 5231 3632 5288 id

402 5333 535 5382 κων,
563 5319 657 5372 καὶ
679 5317 1006 5393 δευτερεύων
1023 5319 1100 5390 τῷ
1118 5320 1310 5391 Πέτρῳ
1331 5317 1408 5390 τῷ
1432 5318 1533 5388 τῆς
1568 5319 1967 5392 Ἀλεξανδρείας

2067 5342 2200 5383 sane
2217 5326 2344 5397 jure
2366 5328 2572 5398 optimo
2596 5328 2870 5398 conjicere
2905 5326 3169 5382 videatur.
3204 5325 3287 5380 Ab
3319 5339 3382 5380 ea
3411 5324 3627 5386 demum

402 5406 543 5466 κατὰ
569 5407 668 5478 τὴν
695 5409 1144 5486 ἀρχιεπισκοπήν.
1189 5408 1364 5480 Atque
1392 5410 1447 5464 in
1475 5412 1718 5466 eamdem
1748 5420 1966 5470 seuteu-

2067 5426 2217 5478 secta
2245 5420 2508 5476 divinitus
2549 5428 2837 5477 revocatus
2876 5428 3038 5490 atque
3066 5419 3134 5473 ad
3161 5417 3460 5474 Ecclesiam
3486 5430 3624 5474 con-

499 5563 552 5641 ᾳ)
579 5563 824 5641 gombef.
854 5565 1078 5641 Auctar.
1105 5566 1322 5641 noviss.,
1350 5572 1489 5641 part.
1513 5582 1574 5632 ιι,
1607 5583 1730 5639 pag.
1766 5569 1820 5628 2.
1915 5639 1932 5641 _
2135 5566 2212 5641 (Ῑ)
2239 5567 2431 5641 βρὶριω.
2462 5568 2592 5623 har.
2627 5583 2817 5634 vam,
2848 5583 3000 5641 num.
3036 5569 3088 5622 1.

499 5584 552 5627 ap
579 5584 824 5648 nomne}.
854 5584 1078 5622 auctor.
1105 5584 1322 5649 novam,
1350 5584 1489 5648 part.
1513 5584 1574 5632 ιι,
1607 5584 1730 5639 pag.
1766 5584 1820 5628 κ.
2135 5584 2176 5641 υ
2243 5584 2282 5620 ιε.
2322 5584 2431 5638 ipn.
2464 5584 2592 5623 nar.
2627 5584 2817 5634 vam,
2848 5584 2930 5623 Dlll

499 5633 550 5712 ὁ)
576 5635 958 5712 ρει-νηυιεὲςτς.
981 5638 1044 5712 d_e
1065 5646 1244 5706 script.
1267 5637 1394 5712 eget.
1420 5647 1876 5712 incert_._wtat.,p.
1906 5639 1962 5697 2.
2132 5584 2212 5711 (gi
2235 5584 2318 5712 με
2350 5639 2479 5712 hair.
2513 5654 2846 5712 thx,_num.
2875 5639 2930 5692 2.

498 5705 546 5780 ε)
576 5705 786 5780 Ιῗξιὺιυίς.
811 5707 951 5780 ljilrl.
987 5707 1105 5780 (Er,
1129 5705 1266 5780 item.
1296 5706 1505 5780 VLpag.
1533 5708 1660 5764 287.
1826 5705 1842 5712 ⁷
2132 5705 2210 5780 (lt)
2234 5707 2490 5780 chuien.
2525 5709 2622 5780 ρι’.
2647 5707 2958 5780 Clir.,__tom.
2985 5707 3050 5773 Il,
3079 5724 3202 5780 pag.
3231 5706 3355 5780 δίη.

477 5775 554 5850 (d)
580 5775 949 5850 Montf._Bibl.
991 5776 1178 5850 ςοξξιη
1198 5775 1475 5850 pago—49'
1493 5794 1646 5848 seqq.
1668 5849 1673 5850 γ
1752 5849 1755 5850 ν
2226 5775 2386 5835 ΑΙΙεΞι.
2417 5781 2486 5834 ad
2509 5778 2753 5850 Eustath.
2779 5777 3058 5850 Hexaem.,
3082 5775 3247 5850 'pa‘gg.
3276 5778 3345 5833 50
3375 5784 3429 5834 ct
3453 5777 3546 5840 56.

479 5849 546 5918 (ε)
577 5844 732 5909 Pbot.
764 5845 934 5924 Epist.
967 5848 1030 5911 de
1058 5844 1318 5918 Munichi,
1345 5849 1384 5905 l.
1411 5863 1484 5914 c.,
1511 5844 1632 5926 pag}
2131 5844 2202 5920 (j)
2230 5850 2383 5908 Alex.
2408 5851 2469 5907 de
2504 5849 2734 5905 Manich.
2766 5849 2975 5924 μιαί-ειη
3007 5844 3128 5927 cap.
3151 5844 3221 5908 ἐξ
