4110 6430
485 437 586 493 Ml

1468 441 1866 499 ALEXANDRI
1901 443 2204 500 EPISCOPI
2244 445 2751 502 LYCOPOLITANI

3612 446 3718 501 412

480 552 721 626 Iugiens,
751 556 1125 612 hatresiarcha:
1154 559 1300 614 illius
1326 560 1526 629 probra
1549 562 1772 625 detexit,
1804 571 1859 619 et
1883 565 2050 621 male-
2078 572 2125 626 Α
2154 565 2419 621 Henricus
2475 564 2723 622 Valesius
2773 567 2854 620 vir
2911 581 3175 630 summus,
3240 563 3413 633 inquit
3469 562 3722 617 laudatus

485 663 618 704 sana
649 647 770 716 ejus
809 648 1061 718 dogmata
1108 651 1280 705 solide
1326 652 1619 708 refutavit:
1647 655 1792 724 quod
1835 655 2053 725 quidem

483 739 769 809 magnifice
813 743 1086 810 prmstitit,
1136 744 1400 814 pluraque
1443 745 1605 800 simul
1647 762 1807 816 quam
1850 748 1961 812 alii,
1998 759 2055 804 ut

484 832 759 901 quondam
793 840 954 888 secta:
985 835 1338 904 domesticus,
1375 837 1441 892 de
1473 839 1618 894 illius
1653 841 1868 909 placitis
1897 843 2053 898 nobis

483 935 762 993 comperta
808 925 1003 981 fecisse
1050 930 1384 997 comperitur
1420 949 1434 983 :
1475 945 1583 1000 quo
1630 933 1792 985 etiam
1834 935 2054 990 nomine

485 1015 801 1084 hujusmodi
845 1019 1088 1074 auctoris
1121 1020 1427 1076 lucubratio
1463 1023 1632 1077 multo
1663 1023 1719 1078 in
1746 1025 1922 1094 pretio
1949 1026 2051 1080 ha-

484 1107 661 1162 benda
688 1109 921 1164 videtur.

557 1197 645 1251 ιιι.
687 1197 1035 1255 Huncautem
1060 1199 1352 1256 Alexandri
1379 1201 1544 1258 fetum
1562 1205 1768 1274 primus
1793 1207 1846 1261 in
1876 1208 2050 1263 lucem

485 1290 679 1344 extulit
700 1290 1057 1348 Combelisius
1083 1294 1153 1364 (k)
1178 1311 1240 1348 ex
1261 1295 1491 1350 Emerici
1517 1296 1707 1366 Bigotii
1733 1299 2048 1369 exemplari,

485 1384 630 1452 quod
676 1383 764 1438 hic
805 1386 858 1438 in
901 1383 1106 1439 Italiam
1146 1387 1421 1455 profectus
1453 1390 1519 1442 ab
1541 1389 1820 1444 Holstenio
1855 1407 2050 1462 magno

485 1485 708 1524 munere
737 1484 1038 1541 acceperat.
1067 1475 1321 1532 Auctoris
1351 1477 1526 1548 stylus
1555 1479 1925 1543 duriusculus,
1962 1490 2048 1534 at-

484 1576 590 1630 que
638 1564 904 1633 imperitia
960 1567 1152 1622 scriba:
1203 1570 1382 1624 adhuc
1435 1571 1756 1638 intricatior,
1813 1574 1945 1644 quin
1996 1584 2050 1630 et

484 1652 657 1722 ipsius
714 1659 1017 1725 argumenti
1076 1661 1404 1730 perplexitas
1458 1661 1714 1717 lectorem
1777 1664 2048 1718 interdum

484 1750 749 1811 moratur,
812 1746 947 1801 adeo
977 1755 1034 1800 ut
1076 1765 1174 1803 nec
1217 1751 1501 1805 lectionem
1551 1753 1819 1822 patienter
1867 1756 2050 1810 tulerit

550 1897 622 1969 (lt)
649 1899 892 1958 Combef.
916 1902 1071 1959 Auct.
1100 1906 1316 1971 navim,
1349 1913 1487 1977 part.
1517 1921 1577 1972 ιι,
1600 1921 1720 1979 pag.
1754 1909 1786 1962 '5
1812 1924 1964 1980 seqq.

2153 657 2534 712 Combeiisius.
2567 658 2669 723 Qui
2703 668 2758 714 et
2785 658 2853 712 de
2883 673 2940 713 se
2973 657 3091 726 ipso
3120 656 3294 726 deque
3319 669 3417 710 sua
3447 655 3719 724 interpre-

2155 749 2360 804 tatione
2400 751 2504 806 ista
2550 751 2735 804 subdit
2779 769 2793 806 :
2839 769 2858 800 ‹
2909 749 3038 802 Mihi
3076 762 3312 819 quoque,
3362 746 3555 809 fateor,
3607 762 3715 800 non

2153 855 2316 895 unam
2349 840 2464 894 ﬁxit
2492 857 2732 904 crucem,
2776 856 2885 895 non
2918 849 3027 894 tam
3059 839 3341 908 scriptoris
3369 835 3540 903 λοξὸν,
3578 851 3642 890 ac
3669 837 3717 892 si

2151 931 2282 1000 quid
2327 931 2445 998 ejus
2489 933 2656 984 naevis
2705 931 2903 986 ascribi
2956 937 3132 1000 potest
3170 929 3386 999 (quibus
3430 943 3539 981 non
3582 927 3718 982 adeo

2153 1023 2376 1077 sordere
2396 1023 2723 1092 existimem)
2758 1039 2920 1093 quam
2955 1021 3314 1077 exscribentis
3351 1035 3566 1082 manus,
3603 1019 3720 1075 sive

2153 1111 2346 1165 menda
2374 1113 2537 1180 priori
2564 1113 2858 1182 exemplari
2887 1113 3184 1174 haerebant,
3215 1112 3328 1166 sive
3348 1112 3463 1181 ipsa
3493 1109 3713 1178 adjecit.

2151 1201 2376 1256 Factum
2401 1211 2580 1257 tamen
2605 1219 2784 1272 spero,
2810 1210 2868 1256 ut
2892 1218 2998 1272 qua
3020 1202 3268 1256 insudavi
3289 1217 3474 1271 opera,
3497 1216 3717 1256 omnem

2153 1294 2340 1348 lectori
2365 1309 2530 1364 prope
2558 1294 2848 1359 relixerim,
2877 1310 2942 1348 ac
2970 1295 3166 1365 quibus
3193 1295 3412 1360 hazreat,
3445 1310 3613 1365 pauca
3636 1312 3718 1352 re-

2151 1384 2422 1454 liquerim.
2460 1405 2478 1437 »
2515 1385 2636 1439 Haec
2671 1386 2780 1440 ille.
2815 1385 2985 1456 Cujus
3015 1385 3304 1442 editionem
3335 1402 3456 1456 qua:
3487 1401 3591 1441 una
3617 1402 3717 1442 ex-

2151 1485 2279 1540 stat,
2328 1478 2750 1534 emendatiorem
2797 1478 3217 1548 nitidioremque
3257 1478 3615 1549 proferimus;
3662 1488 3716 1534 et

2151 1584 2258 1638 quo
2291 1570 2504 1638 planior
2535 1570 2713 1639 operis
2747 1579 3035 1626 contextus
3069 1571 3282 1636 evadat,
3319 1570 3448 1626 illud
3493 1571 3548 1626 in
3591 1586 3714 1628 sec-

2147 1662 2326 1718 tiones
2355 1665 2610 1734 partitum
2643 1665 2983 1721 exhibemus.

488 2102 3689 2135 _____.____________________________________

1549 2277 2654 2442 ALEXANDRI

1125 2577 1830 2708 EPISCOPI
1890 2579 3055 2708 LYCOPOLITANI

1751 2832 2438 2925 TRACTATUS

1011 3044 1193 3156 DE
1270 3043 1922 3160 PLAClTIS
1999 3044 3170 3161 MANICHIEORUM.

2045 3288 2116 3309 ﬁ

479 3366 913 3426 ALEXAND!”
965 3370 1456 3428 LYCOPOLIT/E
1473 3417 1486 3438 ,

557 3439 774 3496 TIBIIS
815 3441 910 3494 AD
945 3441 1360 3498 ΜΑΝΙΟΙΙΑΞΙ
1400 3439 1823 3504 OPINIONES
1861 3441 2042 3506 CON-

558 3511 832 3567 vsasus
869 3511 1160 3568 manu
1185 3515 1281 3586 (ι).

1526 3373 1668 3459 QFZL
1688 3376 1823 3459 ,βςῖ
1864 3377 2043 3459 Εέῖέἳο

2148 3376 2531 3459 ΑᾼΕτῖέἐνέέ
2537 3377 2636 3459 Εζῖ
2660 3375 3350 3459 ἑὲλάίῖιὲἒιῖίζίίέῗᾯὲἷ-
3367 3378 3711 3459 εΠέξΤέἶεξ

2541 3445 2635 3500 ΕΞ
2656 3447 2902 3502 ΕΘΝΩΝ
2923 3449 3118 3500 ΠΡΟΣ
3143 3449 3273 3500 ΤΑΣ
3293 3447 3716 3502 ΜΑΝΙΧΑΙΟΥ

968 3630 1093 3687 CAP.
1126 3631 1167 3688 l.
1200 3631 1553 3704 Philosophia:
1579 3634 1894 3692 Christiana:
1924 3639 2254 3707 prwstanlia.
2280 3634 2344 3690 1η
2374 3635 2694 3691 Christianis
2730 3633 3012 3688 hwreseum
3044 3636 3212 3706 origo.

548 3744 986 3800 Christianorum
1041 3746 1384 3817 philosophia
1439 3748 1666 3819 simplex
1713 3753 2034 3822 appellatur.

478 3836 606 3892 Haec
636 3837 891 3891 nimirum
925 3836 1269 3892 instituendis
1293 3839 1533 3893 moribus
1554 3841 1847 3910 plurimum
1876 3852 2040 3898 navat

479 3942 734 3997 operam,
779 3927 1030 3983 certioris
1063 3926 1307 3982 veritatis
1361 3928 1425 3982 de
1473 3928 1583 3984 Deo
1616 3945 1898 3988 sermones
1943 3933 2040 3988 ob—

481 4037 640 4077 scure
678 4021 1000 4087 insinuans;
1035 4035 1267 4090 quorum
1293 4030 1475 4091 caput,
1512 4023 1590 4078 rci
1624 4011 1788 4092 hujus
1819 4025 2042 4096 diligen-

479 4118 612 4171 tiam
653 4115 848 4170 merito
891 4128 1079 4168 omnes
1118 4111 1451 4179 admiserint,
1487 4117 1577 4171 ubi
1605 4133 1772 4173 causa
1803 4119 2040 4174 elliciens

480 4206 818 4263 nobilissima
850 4205 1354 4276 antiquissimaque,
1376 4215 1535 4276 atque
1558 4209 1798 4264 omnium
1828 4219 2038 4275 auctor,

479 4300 549 4355 ab
593 4299 701 4353 illis
739 4298 1014 4353 statuitur.
1051 4295 1271 4353 Relictis
1310 4315 1542 4370 namque
1588 4301 1692 4368 his,
1729 4303 1820 4372 qui
1856 4319 2040 4358 mores

479 4399 882 4458 consectantur,
914 4407 1033 4462 quae
1064 4393 1375 4462 Operosiora
1400 4401 1548 4459 sunt,
1582 4396 1758 4464 qualis
1789 4395 2041 4451 videlicet

477 4487 653 4540 virtus
679 4485 900 4540 moralis
935 4491 1018 4539 est
1039 4491 1091 4538 et
1126 4484 1406 4540 rationalis
1425 4525 1440 4550 ,
1463 4502 1798 4556 quaecunque
1828 4488 1954 4542 item
1971 4488 2038 4544 de

478 4578 746 4640 moribus,
781 4577 956 4647 deque
989 4577 1134 4631 vitiis
1165 4587 1217 4631 et
1247 4577 1528 4634 all'ectibus
1559 4579 1844 4644 dicuntur,
1890 4582 2036 4636 circa

2215 3749 2551 3823 Χριστιανῶν
2578 3748 2862 3817 φιλοσοφία
2900 3747 3042 3818 ἁπλῆ
3073 3746 3331 3800 καλεῖται.
3356 3747 3500 3818 Αὕτη
3533 3745 3587 3799 δὲ
3618 3747 3712 3800 ἐπὶ

2143 3844 2242 3914 τὴν
2262 3841 2357 3895 τοῦ
2384 3841 2546 3912 ἤθους
2575 3839 2916 3910 κατασκευὴν
2961 3839 3058 3909 τὴν
3103 3839 3358 3910 πλείστην
3397 3837 3710 3910 ἐπιμέλειαν

2144 3938 2395 3997 ποιεῖται,
2434 3933 2778 4003 αἰνιττομένη
2811 3931 2938 4002 περὶ
2964 3929 3072 3984 τῶν
3109 3930 3506 4002 ἀκριϐεστέρων
3540 3929 3710 3998 λόγων

2147 4029 2274 4098 περὶ
2306 4025 2441 4080 Θεοῦ
2463 4044 2476 4056 ·
2508 4019 2581 4080 ὧν
2612 4025 2672 4078 τὸ
2705 4024 2998 4092 κεφάλαιον
3026 4023 3125 4093 τῆς
3157 4023 3285 4092 περὶ
3323 4023 3494 4076 ταῦτα
3542 4038 3710 4074 σπου-

2144 4120 2240 4192 δῆς
2259 4119 2480 4182 εἰκότως
2508 4118 2573 4171 ἂν
2605 4119 2840 4178 ἅπαντες
2879 4113 3244 4178 ἀποδέξαιντο,
3293 4113 3421 4167 ἔνθα
3463 4114 3523 4167 τὸ
3557 4130 3710 4184 ποιη-

2144 4213 2292 4266 τικὸν
2335 4211 2503 4263 αἴτιον
2538 4207 2862 4278 τιμιώτατον
2896 4205 3134 4258 τίθενται
3178 4206 3272 4258 καὶ
3316 4205 3707 4277 πρεσϐύτατον,

2147 4302 2240 4355 καὶ
2272 4303 2486 4355 πάντων
2510 4299 2680 4351 αἴτιον
2701 4298 2808 4350 τῶν
2840 4297 3025 4357 ὄντων.
3072 4297 3222 4350 Ἐπεὶ
3250 4297 3343 4351 καὶ
3373 4301 3484 4361 τοῖς
3504 4297 3711 4368 ἠθικοῖς

2145 4395 2212 4448 τὰ
2245 4393 2614 4465 ὲργωδέστερα
2639 4391 3087 4460 παραλείποντες,
3118 4385 3228 4445 οἷον
3259 4391 3342 4454 τίς
3366 4408 3425 4444 τε
3467 4393 3500 4462 ἡ
3544 4391 3708 4463 ἠθικὴ

2142 4486 2309 4556 ἁρετὴ
2357 4484 2451 4536 καὶ
2498 4481 2721 4553 λογικὴ,
2763 4483 2859 4535 καὶ
2887 4483 2987 4536 ὅσα
3025 4481 3238 4551 λέγεται
3275 4483 3402 4553 περὶ
3439 4483 3584 4552 ἠθῶν
3617 4486 3710 4537 καὶ

2143 4575 2348 4638 παθῶν,
2379 4574 2505 4643 περὶ
2528 4573 2618 4625 τὸν
2651 4573 2964 4627 ὑποθετικὸν
2995 4574 3325 4646 διατρίϐουσι
3350 4575 3512 4629 τόπον
3531 4592 3543 4606 ’
3571 4592 3712 4628 στοι-

477 4670 864 4739 praeceptiones
910 4679 1191 4725 morantur
1252 4690 1264 4724 :
1313 4670 1456 4724 haud
1507 4671 1722 4740 quidem
1774 4671 2036 4727 elementa

2148 4669 2261 4737 κεῖθι
2294 4667 2390 4736 μὲν
2416 4665 2552 4736 πρὸς
2575 4665 2811 4737 ἑκάστης
2847 4666 3047 4738 ἀρετῆς
3081 4666 3348 4738 ἀνάληψιν
3387 4670 3486 4721 οὐκ
3527 4669 3712 4722 ἀποδι-

477 4761 768 4816 reddentes
801 4763 998 4831 quibus
1037 4778 1372 4833 unaquaeque
1428 4763 1604 4817 virtus
1656 4763 1894 4832 paranda
1933 4763 2037 4830 sit;

477 4855 750 4910 crassiora
780 4870 908 4910 vero
943 4859 1229 4926 pracepta,
1270 4855 1350 4910 sic
1402 4854 1562 4925 quasi
1609 4864 1812 4909 temere
1847 4870 2040 4925 congc-

477 4955 658 5001 rentes
703 4964 718 5000 :
755 4963 984 5016 quorum
1027 4947 1212 5001 auditu
1248 4962 1534 5000 commune
1558 4946 1769 5016 vulgus,
1803 4954 1863 4999 ut
1885 4961 2041 5016 expe-

475 5038 671 5092 rientia
702 5037 986 5102 discimus,
1021 5038 1088 5092 ad
1126 5035 1444 5091 modestiam
1472 5034 1626 5088 valde
1656 5034 1889 5104 proﬁcit,
1909 5035 2039 5090 insi-

475 5124 674 5193 detque
700 5139 887 5178 eorum
918 5124 1158 5179 moribus
1175 5124 1391 5194 pietatis
1417 5123 1718 5188 character,
1735 5122 2036 5188 viviﬁcans,

477 5228 598 5282 quae
631 5228 699 5268 ex
723 5214 817 5267 tali
846 5213 1240 5270 consuetudine
1270 5228 1482 5267 morum
1522 5213 1845 5282 compositio
1886 5211 2043 5267 indo-

478 5305 665 5374 lesque
685 5306 1047 5372 contrahitur,
1074 5305 1443 5376 paulatimque
1460 5304 1528 5360 ad
1562 5305 1686 5359 boni
1721 5305 2044 5376 honestique

477 5399 683 5454 ducens
717 5399 1032 5470 appetitum.

554 5491 664 5546 Hac
696 5506 826 5547 vero
855 5505 885 5544 a
918 5489 1259 5560 sequentium
1300 5489 1455 5544 turba
1507 5490 1563 5544 in
1619 5489 1817 5544 multas
1867 5488 2044 5544 divisa

481 5581 832 5650 quaestiones,
886 5579 1140 5636 exstitere
1170 5579 1374 5649 plures,
1405 5585 1464 5632 ut
1515 5577 1628 5634 fere
1660 5578 1717 5633 in
1754 5578 1822 5633 iis
1855 5577 1914 5631 ﬁt
1948 5576 2046 5648 qui

583 5740 634 5812 ι)
667 5739 1271 5812 Interprete'Fi-ancisco
1301 5728 1645 5812 Combeﬁsio.

578 5809 633 5880 Ξ)
689 5809 872 5874 Ἀλέξ.
923 5810 1149 5880 Photius
1195 5812 1249 5866 in
1307 5810 1544 5878 Epitome
1591 5812 1656 5880 de
1700 5809 2045 5880 Manio/mis,

477 5879 649 5956 quam
682 5880 850 5937 edidit
873 5880 941 5939 cl.
971 5879 1408 5939 Montiauconius
1435 5881 1554 5938 Bib.
1585 5879 1750 5938 Coisl.
1774 5899 1895 5956 pag.
1919 5879 2046 5953 σοι

2141 4758 2319 4820 δόντες
2342 4774 2354 4786 ·
2387 4757 2821 4828 παραγγέλματα
2851 4758 2907 4811 δὲ
2939 4757 3216 4829 παχύτερα
3237 4799 3252 4821 ,
3281 4760 3354 4823 ὡς
3395 4763 3708 4830 ἐτύγχανεν,

2142 4848 2584 4920 ὲπισωρεύοντες,
2613 4844 2686 4904 ὧν
2710 4853 2738 4903 ὁ
2778 4850 2942 4914 πολὺς
2967 4851 3138 4922 δῆμος
3160 4853 3392 4916 ἀκούων,
3417 4853 3492 4916 ὡς
3525 4856 3588 4906 ἐκ
3612 4853 3711 4923 τῆς

2144 4939 2338 5010 πείρας
2362 4940 2474 4992 ἔστι
2504 4940 2712 5010 μαθεῖν,
2733 4942 2936 5012 σφόδρα
2963 4943 3268 4996 ἐπιδίδωσιν
3293 4945 3372 5006 εἰς
3391 4943 3707 5008 ἐπιείκειαν,

2143 5030 2239 5082 καὶ
2288 5032 2387 5100 τῆς
2436 5029 2716 5094 εὐσεϐείας
2765 5031 3048 5104 χαρακτὴρ
3098 5031 3331 5096 ὲνιζάνει
3381 5033 3556 5085 αὐτῶν
3597 5037 3709 5096 τοῖς

2144 5121 2327 5192 ἤθεσιν
2355 5161 2370 5185 ,
2405 5120 2777 5194 ἀναξωπυρῶν
2807 5124 2866 5175 τὸ
2897 5125 2963 5176 ὲκ
2995 5123 3094 5194 τῆς
3136 5122 3389 5194 τοιαύτης
3425 5124 3711 5194 συνηθείας

2148 5212 2586 5284 συνεκλημμένον
2615 5209 2763 5285 ἦθος,
2806 5216 2899 5268 καὶ
2927 5217 3045 5269 κατ’
3066 5214 3243 5283 ὀλίγον
3271 5216 3350 5277 εἰς
3370 5216 3468 5286 τὴν
3493 5215 3585 5271 τοῦ
3610 5233 3709 5268 κα-

2142 5305 2234 5359 λοῦ
2269 5306 2434 5360 αὑτοῦ
2461 5307 2638 5378 ὄρεξιν
2668 5307 2893 5378 ὁδηγῶν.

2213 5488 2308 5551 Εἰς
2334 5487 2560 5542 πλεῖστα
2591 5488 2648 5542 δὲ
2667 5489 2871 5561 ταύτης
2900 5491 3005 5544 ὑπὸ
3031 5489 3140 5547 τῶν
3172 5493 3572 5565 ἐπιγενομένων
3614 5509 3710 5562 με·

2147 5581 2420 5654 ρισθείσης
2449 5579 2704 5654 ζητήσεις
2723 5621 2738 5648 ,
2775 5583 3106 5655 συνέστησαν
3147 5585 3389 5649 πλείονες
3409 5624 3425 5650 ,
3458 5585 3707 5654 καθάπερ

2160 5743 2310 5799 urbis
2359 5743 2636 5818 Lycorum
2665 5745 2952 5818 praesulem
2989 5745 3165 5818 fuisse
3206 5750 3349 5803 hunc
3395 5750 3711 5818 scriptorem

2155 5823 2382 5888 testatur
2412 5815 2494 5888 his
2530 5815 2707 5888 verbis
2750 5834 2764 5871 :
2791 5816 2858 5869 ’Ὀ
2885 5833 2942 5888 τε
2976 5817 3074 5888 τῆς
3101 5817 3306 5882 πόλεως
3329 5815 3520 5872 Λύκων
3564 5819 3713 5872 Ἀλέ-

2156 5884 2374 5956 ξανδρος
2399 5886 2525 5951 τοὺς
2557 5885 2966 5957 ἀρχιερατικοὺς
3003 5884 3472 5961 ἐγκεχειρισμένος
3497 5889 3712 5963 νόμους.
