4110 6400
376 435 486 498 ΜΞ

1257 428 1679 488 TRACTATUS
1717 428 1807 483 DE
1846 427 2159 485 PLACITIS
2188 426 2746 486 MANICHIEORUM.

3506 423 3613 481 ιιι

377 557 438 609 ιν
459 556 571 619 τοῖς
602 554 911 625 ἐριστικοῖς.
937 549 1030 623 ἀφ’
1056 546 1130 607 ὧν
1162 552 1607 625 ὲντρεχεστέρους
1635 550 1732 623 μὲν
1755 548 1939 614 ἄλλους

2046 548 2383 606 contentioni
2407 549 2647 614 student,
2670 547 2760 601 alii
2782 544 2903 600 aliis
2923 545 3260 611 solertiores,
3279 547 3612 616 argutiisque

377 646 580 720 ἑτέρων
607 642 802 717 μᾶλλον
830 645 923 699 καὶ
953 644 1439 717 ζητητικωτέρους,
1468 643 1544 703 ὡς
1566 641 1630 697 ἄν
1667 659 1752 705 τις
1777 641 1941 707 είποι,

374 737 651 810 γεγονέναι
698 737 1009 809 συμϐέϐηκε
1031 751 1046 767 ⁶
1085 736 1178 790 καί
1227 753 1370 800 τινες
1416 736 1517 808 ἤδη
1550 736 1645 788 καὶ
1681 733 1942 806 αἱρέσεων

376 829 725 902 προῦστησαν
751 847 765 861 ο
801 830 893 900 ἀφ’
920 823 993 885 ὧν
1021 832 1054 902 ή
1087 828 1227 883 κατὰ
1268 828 1331 882 τὸ
1370 824 1501 901 ἦθος
1540 826 1732 898 ἄδηλος
1771 843 1942 880 κατα-

378 924 543 995 σκευὴ
571 922 896 995 ἐμαραίνετο
915 941 928 954 ·
959 924 1057 995 τῆς
1077 924 1174 995 μὲν
1196 922 1335 977 κατὰ
1358 923 1448 977 τὸν
1471 921 1628 991 λόγον
1661 920 1945 991 ἀκριϐείας

374 1014 475 1070 οὐκ
499 1013 901 1084 ὲφικνουμένων
930 1013 1153 1080 τούτων,
1188 1015 1302 1068 ὅσοι
1354 1013 1462 1067 τῶν
1494 1013 1755 1085 αἱρέσεων
1795 1013 1945 1084 ἡγεῖ-

376 1104 499 1159 σθαι
523 1104 706 1175 ἠξίουν
728 1125 741 1136 ·
773 1104 867 1159 τοῦ
893 1105 949 1159 δὲ
985 1105 1179 1160 πολλοῦ
1210 1105 1445 1177 πλήθους
1486 1104 1941 1159 στασιαστικώτε-

378 1213 468 1269 ρον
502 1198 639 1268 πρὸς
665 1197 795 1251 αὐτὸ
819 1198 1168 1262 διατεθέντος.
1198 1199 1434 1262 Κανόνος
1460 1197 1517 1251 δὲ
1538 1197 1750 1260 οὐδενὸς
1781 1196 1943 1250 ὑπόν-

373 1305 464 1352 τος
493 1288 614 1342 οὐδὲ
663 1289 863 1360 νόμων,
901 1290 994 1360 ἀφ’
1038 1282 1110 1343 ὧν
1148 1288 1255 1343 τῶν
1295 1289 1575 1363 ζητήσεων
1617 1288 1943 1361 πορίσασθαι

371 1379 543 1448 λύσιν,
566 1381 816 1454 καθάπερ
842 1382 898 1435 δὲ
926 1384 983 1435 ὲν
1003 1386 1113 1446 τοῖς
1137 1382 1365 1454 άλλοιςὴ
1392 1366 1668 1452 φιλοτιμία
1690 1382 1769 1445 εἰς
1785 1382 1951 1452 ὑπερ-

370 1470 534 1535 ϐολὰς
558 1473 912 1537 ἐκπίπτουσα,
938 1473 1037 1525 οὐκ
1061 1473 1206 1526 ἔστιν
1224 1474 1253 1526 ὅ
1284 1490 1336 1526 τι
1367 1473 1426 1526 ού
1463 1472 1797 1543 λυμαίνεται.

2050 656 2115 697 ac
2141 641 2555 712 quaestionibus,
2591 648 2652 693 ut
2673 640 2753 694 sic
2777 638 2975 702 dicam,
3008 637 3349 708 sagacior-es:
3378 639 3451 692 ita
3478 652 3614 693 sane

2049 743 2110 789 ut
2129 734 2241 804 jam
2271 747 2487 805 quoque
2514 732 2785 787 heresewn
2815 737 3197 800 sectarumque
3221 729 3492 786 antistites
3523 744 3615 801 pa-

2046 837 2336 897 rentesque
2373 825 2735 881 emerserint:
2768 838 2864 892 per
2904 838 3044 894 quos
3086 823 3142 877 in
3189 824 3482 878 obscurum
3510 823 3611 878 ad—

2047 921 2212 976 ducta
2247 936 2309 975 ac
2333 917 2655 974 labefactata
2688 931 2901 971 morum
2946 915 3218 972 institutio
3246 926 3331 972 est
3362 934 3377 971 :
3409 916 3537 971 dum
3571 918 3611 972 ii
3643 910 3652 918 ’

2047 1023 2251 1071 certam
2330 1025 2646 1069 sermonum
2713 1010 2998 1065 veritatem
3068 1025 3180 1064 non
3242 1016 3611 1079 assequuntur

2045 1108 2335 1178 (quotquot
2363 1107 2619 1161 nimirum
2648 1105 2815 1161 sectis
2835 1104 3086 1160 antistari
3102 1102 3332 1173 volunt),
3349 1103 3612 1172 plebsque

2044 1215 2108 1255 ac
2135 1200 2329 1269 vulgus
2359 1199 2483 1254 inde
2506 1198 2562 1253 in
2590 1199 2740 1253 rixas
2764 1212 2827 1253 ac
2852 1198 3231 1253 contentiones
3260 1180 3522 1265 majorem
3552 1195 3611 1250 in

2044 1290 2266 1345 modum
2299 1288 2588 1345 excitatur.
2614 1287 2862 1359 Cumque
2904 1289 3049 1341 nulla
3107 1294 3361 1357 suppetat
3401 1284 3608 1356 regula,

2045 1381 2207 1435 nulla:
2244 1388 2440 1450 praesto
2473 1380 2584 1435 sint
2622 1381 2787 1451 leges,
2825 1384 2968 1434 unde
3012 1394 3200 1435 eorum
3226 1393 3347 1449 qua:
3380 1377 3436 1432 in
3466 1393 3613 1447 qua:-

2045 1470 2279 1526 stionem
2311 1472 2558 1537 veniunt,
2607 1471 2929 1527 solutionem
2982 1470 3225 1525 nancisci
3277 1470 3473 1535 liceat,
3513 1468 3611 1524 sed

370 1567 517 1621 velut
549 1567 602 1622 in
629 1569 773 1636 aliis,
805 1569 1031 1625 honoris
1071 1569 1348 1625 contentio
1393 1570 1450 1623 in
1480 1569 1814 1625 nimietatem
1859 1566 2092 1622 adducta
2142 1575 2306 1638 atque
2341 1568 2632 1635 excedens,
2676 1583 2787 1623 non
2808 1574 2894 1623 est
2941 1567 3027 1622 cui
3075 1567 3249 1622 labem
3302 1581 3612 1638 noxamque

370 1676 482 1718 non
508 1663 719 1720 atl'erat.

594 1801 723 1859 CAP.
758 1800 822 1857 Il.
853 1801 1156 1872 Manichwi,
1184 1820 1275 1859 seu
1306 1802 1557 1872 Hanetis,
1581 1812 1730 1860 tetas.
1765 1800 1937 1858 Primi
1965 1802 2232 1873 discipuli.
2268 1804 2390 1861 Duo
2415 1806 2697 1876 principia.
2725 1805 2959 1861 Materia
2995 1804 3348 1862 Manichaica.

440 1940 594 1999 Di’mo
619 1941 677 1996 δὲ
707 1941 802 1995 καὶ
829 1943 920 1995 ἐπὶ
943 1940 1166 2003 τούτων,
1201 1943 1267 2012 τῇ
1310 1940 1585 2012 καινότητι
1621 1939 1730 1994 τῶν
1777 1940 1939 2006 δοξῶν

2121 1939 2212 1995 Sic
2244 1941 2299 1997 in
2351 1942 2438 1998 his
2495 1958 2738 2014 quoque,
2796 1944 2924 1999 dum
2987 1944 3305 2015 opinionum
3368 1946 3609 2002 novitate

369 2033 626 2104 ἑκάτερος
652 2031 743 2086 τὸν
777 2032 882 2103 πρὸ
913 2031 1078 2085 αὐτοῦ
1126 2030 1556 2103 ὑπερϐάλλεσθαι
1604 2031 1939 2097 σπουδάζων,

368 2126 447 2187 είς
474 2124 731 2195 ἀνήνυτον
768 2125 1002 2195 πρᾶγμα
1030 2124 1130 2195 τὴν
1148 2124 1322 2195 ἁπλῆν
1343 2124 1547 2194 ταύτην
1572 2124 1942 2197 ὲμϐεόλήκασι

368 2212 716 2281 φιλοσοφίαν
750 2211 937 2284 ὥσπερ
966 2215 994 2267 ὁ
1026 2213 1315 2285 λεγόμενος
1343 2216 1670 2285 Μανιχαῖος,
1707 2214 1766 2279 ὃς
1805 2215 1946 2286 Πέρ-

367 2318 470 2373 σης
500 2302 597 2373 μέν
624 2319 709 2367 τις
740 2303 858 2355 ἐστὶ
897 2303 956 2357 τὸ
994 2303 1178 2373 γένος·
1214 2304 1306 2359 καί
1342 2304 1406 2374 γέ
1456 2323 1541 2369 τις
1585 2305 1774 2371 Πάπος
1855 2309 1933 2379 (5)

361 2400 598 2471 τοῦνομα
662 2392 799 2464 πρὸς
840 2394 987 2464 ἡμᾶς
1033 2393 1250 2462 ἐγένετο
1291 2394 1393 2465 τῆς
1428 2394 1522 2448 τοῦ
1568 2395 1761 2467 ἀνδρὸς
1786 2396 1945 2467 δόξης

366 2482 653 2555 ἐξηγητὴς,
679 2485 773 2537 καί
808 2484 946 2555 μετὰ
973 2483 1163 2539 τοῦτον
1191 2486 1392 2557 Θωμᾶς
1412 2526 1426 2550 ,
1468 2487 1562 2540 καί
1586 2504 1730 2552 τινες
1765 2487 1943 2561 ἕτεροι

369 2573 487 2644 μετ’
518 2573 734 2637 αὐτούς.
758 2574 930 2637 Αὐτὸς
959 2574 1015 2627 δὲ
1040 2576 1131 2628 ἐπὶ
1152 2576 1513 2650 Οὐαλεριανοῦ
1540 2579 1637 2649 μὲν
1660 2580 1941 2649 γεγονέναι

365 2663 600 2731 λέγεται,
642 2664 1031 2735 συστρατεῦσαί
1061 2683 1120 2719 τε
1150 2666 1396 2739 Σαπώρῳ
1423 2667 1501 2740 τῷ
1526 2668 1729 2744 Πέρσῃ·
1771 2687 1941 2742 προσ-

362 2755 673 2829 κρούσαντα
718 2756 776 2809 δέ
821 2774 874 2810 τι
901 2756 1072 2829 τούτῳ
1101 2758 1458 2813 ἀπολωλέναι.
1509 2759 1699 2814 Τοιάδε
1733 2757 1824 2816 οὖν
1857 2780 1942 2827 τις

364 2848 522 2919 φήμη
549 2849 648 2920 τῆς
670 2848 880 2902 ἐκείνου
901 2847 1057 2920 δόξης
1086 2849 1195 2903 άπὸ
1226 2850 1333 2904 τῶν
1373 2852 1663 2923 γνωρίμων
1715 2853 1807 2907 τοῦ
1848 2856 1943 2910 άν-

363 2939 490 3009 δρὸς
520 2940 746 3010 ἀφίκετο
779 2940 914 3012 πρὸς
960 2941 1127 3012 ἡμᾶς.
1177 2941 1281 2995 Δύο
1331 2943 1506 3013 ἀρχὰς
1548 2943 1772 3008 ἐτίθετο,
1808 2944 1941 3000 Θεὸν

367 3032 463 3088 καὶ
483 3032 633 3104 ὓλην.
666 3029 819 3088 Εἶναι
840 3033 896 3087 δὲ
920 3034 1011 3089 τὸν
1047 3034 1145 3105 μὲν
1169 3033 1300 3087 Θεὸν
1332 3035 1557 3104 ἀγαθὸν,
1591 3036 1688 3108 τὴν
1720 3037 1776 3090 δὲ
1810 3037 1942 3109 ὓλην

361 3126 554 3182 κακόν.
614 3126 828 3198 Ἀγαθῷ
874 3126 931 3180 δὲ
973 3126 1153 3180 πλεῖον
1200 3127 1291 3181 τὸν
1323 3127 1458 3183 Θεὸν
1514 3128 1937 3202 ὑπερϐάλλεινῆ

364 3217 519 3289 κακῷ
550 3218 649 3290 τὴν
688 3219 841 3291 ὓλην.
876 3218 986 3290 Τὴν
1017 3218 1075 3272 δὲ
1110 3218 1240 3290 ὓλην
1281 3220 1431 3290 λέγει
1475 3221 1573 3292 οὐχ
1605 3222 1674 3293 ἢν
1712 3223 1939 3279 Πλάτων

2045 2033 2277 2103 quisque
2298 2050 2357 2089 se
2391 2036 2623 2105 priorem
2656 2051 2720 2091 ac
2744 2037 3081 2105 superiorem
3117 2053 3373 2108 superare
3394 2046 3610 2095 conten-

2043 2123 2144 2188 dit,
2176 2124 2571 2195 philosophiam
2605 2141 2725 2195 quaa
2754 2128 2984 2197 simplex
3033 2128 3137 2194 sit,
3166 2144 3231 2183 eo
3256 2127 3470 2183 tandem
3520 2130 3609 2184 ad-

2044 2216 2353 2281 duxerunt,
2388 2224 2447 2270 ut
2481 2218 2728 2287 praestari
2780 2233 2889 2272 non
2954 2219 3149 2289 possit.
3183 2217 3332 2275 Talis
3377 2222 3608 2284 exstitit.

2043 2321 2205 2377 quem
2240 2303 2593 2363 Manichaeum
2620 2315 2838 2371 vocant,
2866 2308 3087 2363 natione
3112 2310 3311 2374 Persa;
3351 2312 3510 2381 cujus
3540 2311 3609 2365 ad

2043 2412 2144 2452 nos
2187 2398 2461 2468 opinionis
2514 2398 2707 2454 doctor
2738 2397 2919 2469 Papus
2950 2399 3191 2464 nomine,
3222 2408 3275 2454 et
3314 2408 3437 2470 post
3482 2416 3607 2455 eum

2044 2487 2304 2553 Thomas,
2338 2488 2506 2553 venit,
2536 2504 2740 2560 eosque
2795 2491 2969 2546 secuti
2999 2490 3247 2546 nonnulli
3297 2491 3410 2545 alii.
3444 2491 3612 2546 Aiunt

2045 2581 2319 2636 hominem
2359 2578 2652 2635 Valeriano
2693 2581 3022 2652 imperatore
3068 2582 3288 2645 vixisse.
3315 2597 3379 2636 ac
3418 2580 3610 2653 Sapori

2042 2671 2333 2728 Persarum
2369 2675 2482 2745 regi
2518 2674 2861 2739 militantem,
2891 2690 3014 2730 cum
3058 2675 3201 2745 apud
3251 2675 3402 2730 illum
3440 2674 3614 2731 οπεο-

2043 2764 2232 2829 disset,
2265 2765 2508 2835 periisse.
2544 2763 2889 2835 Ejuscemodi
2921 2780 3051 2821 vero
3080 2764 3181 2820 viri
3223 2765 3370 2820 illius
3398 2767 3612 2835 opinio-

2042 2860 2129 2914 nis
2174 2856 2338 2923 fama,
2374 2859 2441 2914 ab
2493 2858 2612 2927 ejus
2643 2856 3001 2913 familiaribus
3034 2857 3103 2911 ad
3153 2873 3255 2913 nos
3290 2858 3609 2929 permeavit.

2040 2950 2159 3006 Duo
2189 2951 2423 3021 ponebat
2468 2952 2758 3024 principia,
2785 2950 2952 3006 Deum
3006 2959 3062 3006 et
3100 2950 3405 3007 materiam.
3438 2949 3608 3005 Deum

2042 3050 2222 3097 autem
2255 3043 2457 3097 bonum
2488 3042 2723 3108 dicebat,
2751 3045 3035 3097 materiam
3055 3043 3258 3096 malum
3288 3040 3608 3097 aﬂirmabat.

2041 3132 2191 3189 Bono
2222 3131 2392 3189 Deum
2446 3135 2618 3205 magis
2674 3134 3015 3206 praecellere,
3056 3147 3218 3203 quam
3249 3133 3392 3187 malo
3440 3141 3614 3188 mate—

2041 3225 2197 3279 riam.
2231 3223 2511 3279 Materiam
2542 3241 2674 3279 vero
2707 3231 2865 3280 vocat
2900 3240 3011 3279 non
3064 3239 3227 3294 quam
3256 3222 3415 3279 Plato
3455 3224 3612 3287 dicit,

365 3309 464 3381 τὴν
532 3311 705 3364 πάντα
764 3312 1074 3383 γινομένην,
1127 3314 1203 3367 ὅτ’
1248 3314 1314 3368 ἆν
1357 3313 1497 3388 λάϐῃ
1545 3315 1802 3387 ποιότητα
1848 3317 1939 3372 καὶ

2042 3328 2163 3383 quae
2189 3314 2370 3368 omnia
2398 3314 2510 3377 ﬁat,
2555 3320 2720 3377 tunc,
2771 3327 2895 3367 cum
2926 3311 3241 3382 qualitatem
3279 3311 3615 3382 ﬁguramque

364 3402 551 3473 σχῆμα
571 3419 584 3431 ⁸
614 3400 681 3455 δι’
720 3402 750 3455 δ
780 3402 1017 3475 πανδεχῆ
1047 3406 1140 3458 καὶ
1181 3405 1391 3477 μητέρα
1429 3407 1522 3459 καὶ
1552 3406 1706 3479 τιθὴν
1743 3408 1933 3462 καλεῖ·

359 3491 457 3545 καὶ
498 3492 874 3564 Ἀριστοτέλης
900 3494 962 3547 τὸ
991 3498 1271 3565 στοιχεῖον,
1304 3497 1430 3568 περὶ
1455 3496 1483 3549 ὃ
1519 3497 1580 3550 τὸ
1618 3494 1753 3563 εἶδος
1787 3499 1881 3553 καὶ
1903 3501 1938 3571 ἡ

362 3583 653 3654 στέρησις·
694 3584 808 3638 ἀλλ’
849 3584 1035 3656 ἔτερόν
1071 3603 1122 3639 τι
1170 3586 1323 3658 παρὰ
1363 3586 1554 3643 ταῦτα.
1606 3590 1716 3661 Τὴν
1742 3588 1851 3662 γὰρ
1880 3593 1939 3645 ὲν

361 3676 578 3746 ἑκάστῳ
606 3674 713 3729 τῶν
733 3676 901 3730 ὄντων
923 3677 1155 3732 ἄτακτον
1178 3679 1410 3750 κίνησιν,
1443 3678 1646 3751 ταύτην
1679 3680 1812 3753 ὕλην
1839 3699 1942 3736 κα-

361 3765 462 3820 λεῖ.
498 3766 859 3839 Συντετάχθαι
910 3768 966 3822 δὲ
996 3768 1074 3839 τῷ
1115 3770 1234 3842 Θεῷ
1260 3770 1517 3842 δυνάμεις
1566 3772 1779 3844 ἐτέρας,
1827 3768 1937 3828 οἷον

365 3858 716 3930 ὑπηρέτιδας,
750 3859 959 3928 ἀγαθὰς
991 3860 1171 3926 πάσας
1194 3879 1207 3892 ο
1234 3862 1330 3916 καὶ
1349 3861 1513 3927 ἄλλας
1533 3867 1597 3935 τῇ
1615 3863 1714 3936 ὕλῃ
1735 3865 1938 3936 ὁμοίως

363 3951 545 4015 πάσας
570 3950 764 4015 κακάς.
798 3953 871 4006 Τὸ
895 3953 952 4006 δὲ
973 3953 1222 4027 λαμπρὸν
1243 3955 1338 4008 καὶ
1368 3955 1430 4008 τὸ
1463 3955 1577 4025 φῶς
1591 3957 1687 4009 καὶ
1719 3957 1780 4010 τὸ
1804 3958 1936 4022 ἄνω,

362 4043 543 4098 πάντα
571 4043 743 4097 ταῦτα
774 4045 870 4098 σὺν
901 4044 979 4116 τῷ
1013 4044 1131 4117 Θεῷ
1173 4042 1309 4100 εἶναι
1329 4062 1344 4077 ·
1374 4046 1436 4100 τὸ
1481 4048 1719 4121 ἀμυδρὸν
1750 4048 1807 4102 δὲ
1843 4048 1939 4103 καὶ

363 4137 427 4189 τὸ
459 4136 648 4200 σκότος
677 4137 770 4190 καὶ
796 4137 857 4190 τὸ
884 4137 1034 4191 κάτω
1058 4139 1155 4192 σὺν
1184 4141 1251 4210 τῇ
1275 4138 1396 4213 ὕλῃ.
1443 4138 1591 4195 Εἶναι
1636 4141 1696 4196 δὲ
1729 4142 1823 4196 καὶ¹
1858 4140 1938 4213 τῷ

358 4227 484 4298 Θεῷ
519 4227 746 4298 ὀρέξεις,
770 4226 905 4282 ἀλλὰ
933 4228 1028 4282 καὶ
1054 4229 1259 4294 ταύτας
1298 4229 1545 4300 άγαθάς’
1590 4233 1685 4287 καὶ
1721 4235 1789 4306 τῇ
1837 4232 1939 4306 ὕλῃ

358 4317 584 4387 ὁμοίως,
617 4317 753 4372 ἀλλὰ
777 4319 957 4384 πάσας
985 4320 1184 4385 κακάς.

2041 3402 2339 3473 receperit:
2368 3402 2512 3458 unde
2536 3412 2590 3456 et
2618 3401 2861 3457 omnium
2884 3400 3272 3469 susceptricem
3302 3408 3356 3454 et
3382 3408 3613 3456 matrem

2041 3502 2097 3549 et
2117 3495 2383 3549 nutricem
2411 3501 2567 3549 vocat
2594 3512 2607 3547 :
2644 3492 2965 3547 Aristoteles
3017 3506 3233 3561 quoque
3260 3490 3609 3555 elementum,

2042 3586 2189 3641 circa
2216 3584 2362 3656 quod
2396 3583 2570 3639 forma
2599 3591 2654 3640 et
2681 3582 2915 3654 privatio
2948 3590 3277 3649 versantur;
3327 3581 3423 3637 sed
3462 3581 3611 3636 aliud

2042 3680 2173 3752 quid
2204 3686 2399 3750 praeter
2425 3678 2537 3734 illa.
2568 3675 2673 3744 Qui
2703 3675 2849 3737 enim
2894 3675 2950 3730 in
2980 3675 3145 3731 rebus
3177 3674 3407 3744 singulis
3432 3683 3613 3730 motus

2040 3771 2436 3842 incompositus
2463 3777 2567 3835 est,
2614 3769 2760 3824 hunc
2799 3768 3080 3824 materiam
3131 3770 3385 3840 appellat.
3425 3770 3468 3822 Δ
3499 3768 3611 3825 Deo

2043 3871 2190 3920 stare
2214 3865 2443 3920 virtutes
2475 3863 2633 3928 alias,
2686 3861 2832 3916 velut
2884 3861 3132 3926 ancillas,
3162 3876 3353 3917 omnes
3402 3861 3609 3927 bonas;

2043 3955 2288 4025 aliasque
2342 3954 2593 4009 similiter
2622 3968 2653 4006 a
2684 3951 2933 4016 materia,
2966 3967 3158 4007 omnes
3211 3952 3404 4007 malas.
3442 3950 3612 4009 Porro

2043 4044 2387 4116 splendidum
2418 4050 2473 4098 et
2506 4043 2684 4097 lucem
2722 4057 2787 4097 ac
2816 4043 3089 4113 superius,
3112 4050 3307 4096 cuncta
3334 4042 3450 4098 haec
3482 4057 3610 4097 cum

2042 4136 2155 4193 Deo
2182 4148 2340 4204 esse;
2365 4136 2662 4192 obscurum
2699 4150 2830 4191 vero
2858 4142 2914 4189 et
2954 4134 3210 4190 tenebras
3253 4149 3319 4188 ac
3358 4134 3607 4202 inferius,

2043 4243 2165 4284 cum
2201 4227 2450 4283 materia.
2485 4225 2627 4293 Quin
2660 4225 2861 4281 habere
2905 4223 3073 4281 Deum
3117 4225 3612 4295 appetitiones,ve-

2044 4334 2167 4374 rum
2190 4318 2290 4374 has
2320 4331 2537 4388 quoque
2567 4316 2741 4372 bonas
2770 4336 2785 4372 :
2818 4332 2882 4373 ac
2907 4318 3191 4373 materiam
3218 4316 3490 4383 similiter,
3509 4316 3607 4373 sed

1926 4454 1937 4465 .
2043 4426 2237 4468 omnes
2274 4411 2468 4467 malas.

1353 4558 1484 4616 Car.
1512 4557 1604 4615 ιιι.
1646 4557 1925 4615 Μαηίείιωί
1946 4556 2138 4612 delirio
2163 4555 2306 4610 circa
2330 4553 2632 4609 materiam.

434 4667 529 4732 Είς
556 4658 850 4739 ἐπιθυμίαν
875 4662 969 4723 οὖν
1002 4686 1131 4723 ποτε
1156 4669 1255 4742 τὴν
1269 4669 1400 4741 ὓλην
1420 4672 1593 4727 ἐλθεῖν
1620 4676 1700 4738 εἰς
1713 4674 1805 4729 τὸν
1828 4675 1939 4729 ἄνω

2114 4669 2459 4726 Desiderium
2511 4669 2695 4738 itaque
2740 4667 3022 4722 materiam
3060 4665 3382 4737 quandoque
3428 4663 3610 4721 inces-

361 4758 656 4829 ἀφικέσθαι
708 4759 901 4813 τόπον·
958 4760 1294 4832 ἀφικομένην
1334 4762 1412 4829 δὲ,
1469 4764 1747 4835 θαυμάσαι
1776 4766 1837 4819 τό
1880 4782 1939 4818 τε

362 4850 618 4923 λαμπρὸν
644 4852 739 4905 καὶ
763 4851 825 4905 τὸ
854 4851 968 4921 φῶς
990 4854 1113 4907 ὅσον
1146 4850 1215 4925 ἦν
1243 4854 1394 4926 παρὰ
1424 4855 1503 4926 τῷ
1548 4856 1686 4929 Θεῷ.
1724 4858 1835 4912 Καὶ
1874 4857 1939 4930 δὴ

362 4939 540 4993 θέλειν
571 4940 670 5013 τὴν
702 4941 877 5012 ἀρχὴν
905 4942 1106 5012 ταύτην
1132 4946 1440 5014 κατασχεῖν,
1462 4944 1556 4999 τὸν
1588 4945 1718 4999 Θεὸν
1753 4962 1938 5018 παρω-

365 5032 627 5105 σαμένην.
664 5033 767 5087 Τὸν
797 5033 855 5087 δὲ
884 5035 977 5088 καὶ
1001 5033 1354 5106 βεϐουλῆσθαι
1393 5036 1494 5106 μὲν
1525 5036 1730 5110 ταύτην
1767 5053 1937 5108 τιμω-

366 5123 657 5195 ρήσασθαι,
685 5126 909 5198 ἀπορεῖν
938 5125 994 5179 δὲ
1023 5126 1216 5190 κακοῦ,
1243 5121 1396 5196 ᾧκαὶ
1421 5128 1793 5199 τιμωρήσεται
1813 5147 1825 5159 ·
1860 5129 1935 5200 μὴ

362 5215 474 5287 γὰρ
497 5209 637 5269 εἶναι
658 5218 836 5271 κακὸν
863 5220 921 5271 ὲν
953 5217 1088 5271 Θεοῦ
1112 5219 1264 5290 οῐκῳ.
1298 5218 1518 5291 Πέμψαι
1556 5215 1649 5274 οὖν
1685 5236 1809 5273 τινα
1848 5221 1941 5274 δύο

361 5321 529 5377 ναμιν
552 5306 651 5378 τὴν
675 5308 763 5377 ὑφ’
787 5309 943 5379 ⁴»τιμῶν
966 5308 1128 5363 καλου
1137 5309 1303 5381 μένην
1322 5310 1521 5382 ψυχὴν,
1544 5310 1636 5363 ἐπὶ
1663 5309 1761 5382 τὴν
1785 5308 1937 5382 ὕλην,

361 5397 486 5468 ἣτις
513 5398 650 5470 αὐτῇ
684 5398 772 5453 διὰ
803 5401 984 5472 πάσης
1030 5401 1372 5474 μιχθησεται.
1416 5401 1676 5456 Ἔσεσθαι
1702 5402 1811 5472 γὰρ
1839 5401 1941 5474 τῆς

549 5596 773 5678 Briareo.
797 5599 1045 5678 ﬁdem;
1101 5600 1327 5678 dicitur_
1358 5603 1412 5678 in
1466 5602 1936 5678 Anathematismis

369 5666 533 5722 editis
562 5683 614 5742 _a
647 5667 928 5742 _C_otelerio
979 5671 1048 5726 ad
1105 5670 1497 5742 Recognt'tiones
1556 5671 1932 5741 Clementiuas,

370 5751 523 5791 num.
560 5737 614 5811 5.
644 5736 1107 5811 Diciturqnoque
1142 5736 1360 5805 Πάαπις
1391 5743 1443 5796 in
1481 5744 1670 5798 iisdem
1706 5736 1933 5799 Anatltel

369 5808 635 5883 manantis
666 5806 1203 5883 a‘_'_l'ulli_o'evulgatis
1238 5814 1290 5883 in
1340 5812 1545 5883 Insign.
1578 5812 1765 5867 Itiner.
1800 5814 1928 5872 Ital.

375 5890 495 5946 pag.
532 5879 650 5934 “5.
696 5874 834 5934 Hinc
858 5874 1227 5939 frustra'sunt
1259 5874 1476 5940 Caveas
1495 5894 1549 5940 et
1577 5884 1879 5956 Basnagius
1915 5904 1927 5942 ξ

2042 4762 2204 4827 sisse,
2252 4772 2311 4817 ut
2363 4762 2419 4815 in
2468 4775 2764 4830 supernum
2814 4760 2994 4813 locum
3028 4759 3292 4823 evaderet
3328 4776 3343 4811 :
3377 4772 3613 4827 cumque

2043 4856 2179 4911 adeo
2209 4856 2497 4920 evasisset,
2548 4854 2870 4909 admiratam
2917 4851 3260 4922 splendorem
3292 4865 3357 4905 ac
3413 4850 3609 4914 lucem,

2040 4949 2244 5013 quanta
2267 4942 2409 5013 apud
2435 4942 2601 4998 Deum
2627 4950 2793 4998 esset.
2828 4942 3005 5011 Atque
3037 4940 3184 4995 hunc
3224 4938 3610 5010 principatum,

2040 5033 2262 5105 repulso
2292 5034 2403 5090 Deo
2427 5042 2590 5104 atque
2622 5042 2917 5100 summoto,
2951 5033 3053 5088 sibi
3080 5032 3320 5088 voluisse
3347 5032 3608 5100 arripere.

2040 5121 2211 5180 Deum
2267 5141 2432 5196 porro
2486 5128 2651 5183 etiam
2697 5126 3028 5183 deliberasse
3085 5126 3142 5181 in
3185 5140 3304 5180 eam
3361 5121 3611 5177 animad-

2040 5224 2298 5284 vertere;
2356 5217 2453 5273 sed
2506 5219 2635 5273 mali
2698 5217 2912 5289 copiam
2964 5231 3072 5288 quo
3125 5217 3296 5286 ipsam
3352 5214 3610 5285 puniret,

2042 5323 2155 5363 non
2194 5308 2476 5376 habuisse,
2510 5310 2710 5380 quippe
2746 5324 2871 5365 cum
2903 5324 3010 5364 non
3045 5309 3115 5365 sit
3153 5308 3356 5362 malum
3389 5306 3611 5375 aliquod

2042 5403 2100 5458 in
2148 5400 2243 5458 Dei
2275 5402 2456 5459 domo.
2519 5400 2733 5459 Misisse
2790 5401 2956 5473 igitur
3000 5402 3257 5457 virtutem
3293 5398 3609 5470 quamdam,

2041 5620 2274 5676 quorum
2340 5604 2430 5661 ille
2481 5603 2586 5659 hoc
2606 5602 3022 5676 __loco_reponit
3071 5597 3612 5676 Agapium‘hﬁanetis

2040 5669 2393 5749 discipulum,
2450 5678 2580 5749 qui_
2596 5669 2946 5749 Heptalognnt
2979 5669 3316 5742 composuit;
3354 5669 3443 5749 hic
3480 5683 3610 5749 vero

2041 5743 2283 5807 Addam,
2331 5743 2493 5816 quem
2538 5743 3291 5816 Buddamialiijvocantz‘nt
3323 5747 3469 5796 recte
3489 5743 3608 5816 ani-

2040 5807 2770 5941 Inailv‘szgt'Wessclingius
2797 5815 2851 5869 in
2893 5814 2986 5869 lib.
3021 5810 3318 5878 Probabil.,
3355 5823 3477 5880 cap.
3511 5807 3603 5873 28,

2040 5901 2162 5941 nae.
2311 5922 2325 5940 .

2038 5901 2162 5957 pag.
2198 5893 2234 5939 '2
2247 5893 2325 5941 t9.
