4110 6450
485 427 590 481 M5

1494 425 1885 483 ALEXANDRI
1927 427 2234 483 EPISCOPI
2272 427 2771 484 LYCOPOLITANI

3625 428 3733 487 H6

478 562 646 618 quam
705 563 804 600 nos
855 546 1092 599 animam
1145 561 1425 610 vocamus,
1477 547 1530 601 in
1581 551 1904 613 materiam,
1935 565 2047 620 quae

2160 549 2290 620 ὕλης
2329 549 2588 613 θάνατον,
2626 550 2717 602 τὸν
2765 550 2902 621 μετὰ
2948 548 3119 603 ταῦτὰ
3157 565 3285 602 ποτε
3331 549 3430 619 τῆς
3454 549 3734 621 δυνάμεως

483 640 562 694 illi
603 638 750 693 omni
781 637 1174 691 immisceatur.
1209 635 1345 692 Fore
1373 655 1608 710 namque
1653 641 1894 695 materia:
1919 657 2066 695 mor-

483 737 614 792 tem,
655 743 780 782 cum
821 728 1040 783 tandem
1070 738 1258 799 postea
1282 731 1460 787 virtus
1483 731 1597 787 haec
1627 732 1696 786 ab
1718 732 1807 786 illa
1839 747 2060 803 separa-

482 819 653 876 bitur.

557 909 648 966 Sic
684 912 845 980 igitur
881 928 976 982 per
999 913 1090 967 Dei
1127 914 1545 984 providentiam,
1568 918 1910 971 commistam
1944 931 2051 970 ma.

483 1005 635 1059 teriae
668 1020 790 1058 esse
831 1005 1090 1069 animam,
1126 1007 1377 1060 dissimili
1419 1023 1531 1061 rem
1573 1008 1863 1077 quamdam
1895 1009 2058 1064 dissi-

486 1090 689 1144 milem.
725 1089 827 1146 Per
857 1091 997 1146 hanc
1026 1109 1155 1148 vero
1182 1094 1397 1148 interim
1430 1096 1761 1159 mistionem,
1798 1113 1920 1152 cum
1952 1112 2062 1151 ma-

483 1185 622 1238 teria
666 1185 857 1239 vitium
889 1187 1091 1256 pariter
1117 1189 1476 1255 contraxisse,
1527 1204 1591 1243 ac
1636 1190 1914 1246 laborasse
1941 1193 2052 1244 ani-

485 1290 651 1331 mam.
685 1276 1148 1343 Quemadmodum
1195 1282 1339 1335 enim
1367 1283 1421 1336 in
1461 1283 1602 1336 malo
1627 1299 1776 1348 vase,
1818 1285 1961 1354 quod
1999 1285 2053 1339 in

487 1366 580 1422 illo
608 1368 843 1432 exsistit,
882 1369 1024 1425 haud
1055 1387 1180 1426 raro
1205 1374 1336 1443 pari
1370 1375 1633 1444 qualitate
1672 1385 1937 1443 mutatur,
1973 1379 2054 1434 sic

486 1457 742 1513 nimirum
774 1461 937 1514 etiam
989 1462 1043 1515 in
1080 1464 1303 1518 materia
1347 1466 1453 1520 tale
1487 1467 1615 1536 quid
1667 1483 1884 1538 passam
1939 1471 2056 1524 ani-

481 1562 648 1614 mam,
677 1563 707 1602 a
750 1564 848 1604 sua
879 1552 1205 1609 deteriorem
1242 1555 1438 1610 factam
1489 1558 1692 1624 indole,
1749 1559 1805 1614 in
1837 1561 2056 1615 malitia:

480 1643 870 1696 commercium
902 1647 1186 1702 transisse.
1220 1647 1351 1718 Ejus
1390 1666 1519 1705 vero
1549 1649 1718 1705 Deum
1748 1652 2051 1717 misertum,

2173 640 2374 712 ταύτης
2403 642 2696 712 χωρισμόν.

2231 903 2416 964 Οὕτως
2443 896 2534 954 οῦν
2559 899 2697 953 κατά
2732 899 2988 970 πρόνοιαν
3018 899 3111 952 τοῦ
3155 899 3291 954 Θεοῦ
3335 900 3594 971 μεμίχθαι
3636 900 3732 972 τὴν

2157 998 2336 1069 ψυχὴν
2363 998 2429 1068 τῇ
2456 995 2575 1068 ὕλῃ,
2603 993 2855 1065 ἀνόμοιόν
2883 1010 2935 1044 τι
2969 993 3200 1064 πρᾶγμα
3237 993 3492 1062 ἀνομοίῳ.
3555 994 3641 1048 Ἑν
3677 993 3731 1046 δὲ

2156 1095 2224 1162 τῇ
2256 1091 2400 1162 μίξει
2434 1088 2736 1159 συμπαθεῖν
2767 1089 2833 1158 τῇ
2868 1085 2971 1158 ὕλῃ
2991 1085 3088 1156 τὴν
3127 1085 3324 1155 ψυχήν.
3371 1086 3578 1156 Ὥσπερ
3622 1085 3733 1156 γὰρ

2156 1185 2214 1241 ὲν
2239 1184 2426 1255 φαύλῳ
2456 1183 2660 1252 ἀγγείῳ
2680 1198 2741 1234 συ
2750 1179 3187 1252 μμεταϐἀλλεται
3205 1178 3461 1242 πολλάκις
3480 1178 3538 1230 τὸ
3564 1180 3730 1231 ἐνυπ-

2158 1278 2359 1348 ἀρχονά
2387 1275 2528 1329 οὕτω
2559 1275 2615 1328 δὲ
2671 1274 2765 1328 καὶ⁸
2799 1276 2856 1326 ἑν
2891 1276 2956 1344 τῇ
2991 1270 3095 1345 ὕλῃ
3124 1271 3333 1324 τοιοῦτό
3357 1289 3410 1324 τι
3432 1272 3530 1342 τὴν
3556 1271 3732 1342 ψυχὴν

2152 1370 2453 1432 παθοῦσαν,
2483 1367 2633 1440 παρά
2647 1367 2742 1437 τὴν
2766 1362 2928 1420 οὖσαν
2949 1363 3463 1435 ἡλαττῶσθαιφύσιν
3491 1365 3570 1426 εἰς
3601 1381 3731 1434 μετ-

2153 1463 2340 1516 ουσίαν
2383 1460 2599 1522 κακίας.
2643 1459 2920 1528 Οίκτεῖραι
2975 1452 3068 1510 οὖν
3111 1453 3270 1507 τοῦτο
3307 1454 3395 1508 τὸν
3434 1454 3599 1519 Θεὸν,
3638 1455 3732 1507 καὶ

2157 1559 2368 1630 πέμψαι
2399 1557 2518 1610 τινὰ
2546 1555 2735 1627 ἑτέραν
2762 1555 3012 1624 δύναμιν,
3039 1554 3104 1624 ήν
3129 1555 3290 1624 ἡμεῖς
3327 1552 3598 1623 καλοῦμεν
3634 1551 3728 1622 δη-

2163 1645 2415 1718 μιουργόν
2435 1661 2448 1673 ·
2484 1640 2552 1714 ἧς
2577 1643 2640 1714 δὴ
2674 1643 3029 1712 ἀφικομένης,
3054 1643 3147 1693 καὶ
3173 1644 3238 1712 τῇ
3268 1642 3594 1712 κοσμοποιίᾳ
3615 1643 3732 1693 ἑπι-

481 1732 640 1786 aliam
659 1734 945 1803 quamdam
971 1737 1226 1794 virtutem
1246 1741 1482 1798 misisse.
1499 1758 1662 1811 quam
1683 1759 1784 1799 nos
1801 1745 2047 1816 δημιουρ-

2164 1736 2569 1808 κεχειρηκυίας,
2591 1734 2985 1806 ἀποκεκρίσθαι
3001 1735 3098 1803 τῆς
3115 1733 3245 1802 ὕλης
3270 1736 3444 1786 ἑκεῖνο
3464 1733 3560 1803 τῆς
3575 1732 3734 1785 δυνά-

478 1823 574 1891 γὸν
622 1823 827 1892 (rerum
864 1827 1075 1883 scilicet
1105 1831 1353 1900 opificem
1402 1847 1466 1887 ac
1520 1834 1844 1907 creatorem)
1889 1853 2052 1892 voca--

478 1929 602 1970 mus
635 1934 648 1969 :
682 1932 802 1986 quae
827 1934 951 1973 cum
983 1921 1241 1978 venisset.
1268 1930 1322 1978 et
1353 1923 1421 1977 ad
1475 1925 1664 1979 mundi
1722 1928 2051 1983 creationem

477 2019 737 2076 aggressa
769 2018 936 2074 esset,
973 2011 1107 2067 illud
1138 2013 1355 2069 virtutis
1389 2031 1419 2069 a
1466 2017 1693 2070 materia
1726 2020 2049 2085 secrevisse,

476 2098 624 2166 quod
654 2114 720 2154 ex
754 2102 1009 2159 mistione
1041 2104 1174 2159 nihil
1214 2107 1329 2160 vitii
1379 2123 1444 2162 ac
1475 2109 1614 2163 labis
1652 2112 2048 2178 contraxisset;

476 2199 639 2260 atque
673 2191 802 2247 hinc
830 2194 997 2249 solem
1027 2205 1080 2250 et
1133 2199 1314 2252 lunam
1356 2201 1590 2269 primum
1633 2202 1852 2257 condita
1878 2218 1999 2258 esse
2034 2223 2045 2258 :

473 2283 622 2352 quod
653 2300 780 2341 vero
812 2289 1111 2356 pauxillum
1145 2291 1346 2362 aliquid
1369 2307 1434 2346 ac
1459 2292 1734 2348 mediocre
1756 2295 2049 2360 hausisset,

475 2375 530 2429 id
567 2377 752 2432 stellas
784 2380 1090 2451 cmlumque
1111 2399 1271 2439 omne
1298 2384 1500 2439 factum
1532 2401 1674 2441 esse.
1708 2385 1873 2442 Extra
1894 2403 2051 2442 mun—

473 2466 603 2519 dum
629 2476 808 2522 autem
849 2471 1099 2540 ejectam,
1149 2491 1212 2529 ex
1244 2477 1358 2530 sole
1383 2485 1437 2530 et
1476 2478 1601 2531 luna
1629 2487 1892 2532 secretam
1936 2495 2050 2532 ma-

472 2556 626 2610 teria:
655 2567 884 2628 partem,
914 2579 1145 2634 esseque
1183 2567 1357 2636 ignem
1385 2569 1556 2631 illum,
1593 2569 1784 2624 cuivis
1832 2571 2047 2639 quidem

471 2651 668 2705 urendi
720 2653 1028 2715 insit,.cum
1063 2657 1178 2726 ipse
1217 2660 1538 2716 tenebrosus
1567 2672 1621 2716 et
1650 2663 1788 2717 lucis
1831 2679 2046 2734 expers,

368 2793 372 2797 ,
471 2754 537 2791 ac
564 2742 708 2794 nocti
758 2746 1062 2802 consimilis
1093 2749 1182 2803 sit.
1235 2750 1292 2803 In
1329 2751 1552 2822 reliquis
1591 2769 1720 2808 vero
1764 2755 2046 2810 elementis

469 2835 524 2879 et
553 2829 816 2900 stirpibus
847 2843 901 2888 et
935 2837 1284 2904 animalibus,
1318 2841 1370 2893 in
1403 2841 1505 2896 hac
1559 2858 1738 2896 rerum
1774 2844 2045 2899 universi-

469 2927 583 2975 tate
623 2926 991 2986 versantibus.
1026 2928 1365 2998 iuzequaliter
1402 2933 1528 2989 ferri
1570 2936 1914 2991 commistam
1959 2937 2043 2990 di-

2165 1847 2328 1899 μεως,
2354 1831 2476 1882 ὅσον
2502 1829 2609 1881 ἀπὸ
2637 1828 2736 1897 τῆς
2771 1827 2966 1897 μίξεως
2995 1827 3144 1879 οὐδὲν
3192 1821 3259 1896 ἦν
3296 1827 3494 1881 ἄτοπον
3531 1843 3731 1879 πεπον-

2162 1920 2272 1984 θὸς,
2300 1921 2393 1973 καὶ
2417 1919 2696 1988 γεγονέναι
2719 1919 2868 1989 ἦλιον
2911 1919 3005 1972 καὶ
3030 1918 3257 1990 σελήνην
3286 1919 3496 1988 πρῶτον
3517 1934 3529 1946 ·
3589 1917 3649 1969 τὸ
3672 1917 3730 1969 δὲ

2160 2015 2216 2065 ἑν
2246 2012 2440 2085 μετρία
2476 2012 2697 2081 γεγονὸς
2733 2011 2899 2082 κακίᾳ
2951 2011 3183 2082 ἀστέρας
3230 2012 3322 2064 καὶ
3365 2012 3454 2064 τὸν
3503 2009 3730 2083 οὐρανὸν

2160 2103 2468 2172 σύμπαντα.
2501 2105 2612 2174 Τῆς
2643 2099 2734 2156 οῦν
2767 2101 2918 2171 ὕλης,
2951 2099 3018 2172 ἧς
3040 2103 3413 2173 ἀπεκρίθησαν
3446 2102 3594 2172 ἥλιος
3639 2103 3729 2154 καὶ

2159 2196 2376 2268 σελήνη,
2400 2197 2460 2248 τὸ
2493 2197 2652 2266 μέρος
2687 2195 2839 2256 ἐκτὸς
2871 2193 2966 2247 τοῦ
2988 2195 3191 2265 κόσμου
3217 2194 3609 2263 ἀπεληλάσθαι,
3635 2195 3730 2246 καὶ

2157 2283 2294 2341 εἶναι
2345 2289 2522 2340 ἑκεῖνο
2561 2287 2692 2359 πῦρ,
2723 2285 3014 2356 καυστικδν
3051 2286 3148 2356 μὲν
3175 2326 3188 2349 ,
3228 2287 3493 2350 σκοτῶδες
3536 2287 3591 2339 δὲ
3636 2288 3728 2340 καὶ

2155 2379 2416 2447 ἀφεγγὲς,
2445 2378 2600 2432 νυκτὶ
2624 2378 2966 2449 προσόμοιον.
3017 2377 3104 2430 Ἐν
3137 2377 3192 2430 δὲ
3222 2380 3333 2441 τοῖς
3363 2378 3544 2441 ἄλλοις
3582 2395 3727 2431 στοι-

2157 2467 2322 2538 χείοις
2351 2469 2444 2522 καὶ
2474 2472 2657 2538 φυτοῖς
2681 2470 2774 2521 καὶ
2803 2467 2984 2533 ζώοις,
3008 2471 3118 2530 τοῖς
3151 2469 3207 2520 ἐν
3237 2467 3467 2532 τούτοις,
3503 2469 3727 2536 ἀνωμά-

2156 2561 2262 2625 λως
2285 2559 2544 2632 φέρεσθαι
2566 2561 2664 2630 τὴν
2705 2559 2850 2612 θείαν
2880 2559 3105 2630 δύναμιν
3133 2561 3491 2630 μεμιγμένην.
3517 2561 3592 2612 Δι’
3619 2559 3647 2611 ὃ
3666 2559 3729 2630 δὴ

2157 2653 2249 2708 καὶ
2283 2653 2374 2707 τὸν
2402 2653 2604 2722 κόσμον
2629 2653 2930 2719 γεγονέναι,
2963 2653 3054 2705 καὶ
3087 2654 3144 2704 ὲν
3169 2652 3316 2722 αὐτῷ
3349 2653 3497 2722 ἣλιον
3521 2652 3614 2706 καὶ
3643 2669 3730 2704 σε-

2151 2749 2318 2820 λήνην
2343 2751 2463 2811 ταῖς
2501 2746 2747 2815 γενέσεσι
2771 2747 2866 2800 καὶ
2887 2750 3004 2810 ταῖς
3037 2745 3292 2818 φθοραῖς,
3329 2746 3417 2799 ἀεὶ
3449 2746 3544 2816 τὴν
3574 2745 3730 2798 δύνα-

2155 2860 2245 2912 μιν
2266 2842 2363 2914 τὴν
2393 2841 2540 2894 θείαν
2568 2841 2666 2911 τῆς
2695 2840 2827 2910 ὕλης
2857 2840 3297 2911 ἀποχωρίζοντας
3329 2839 3423 2892 καὶ
3468 2839 3603 2912 πρὸς
3638 2839 3728 2893 τὸν

2151 2936 2284 2989 Θεὸν
2312 2935 2804 3005 παραπέμποντας.

469 3013 652 3066 vinam
683 3017 961 3072 virtutem.
996 3019 1399 3092 Proptereaque
1444 3027 1707 3081 mundum
1759 3030 2038 3084 conditum
2065 3045 2208 3092 esse,
2240 3036 2293 3084 et
2351 3031 2404 3082 in
2445 3029 2538 3081 illo
2590 3028 2762 3082 solem
2805 3034 2858 3081 et
2917 3027 3125 3087 lunam,
3175 3041 3296 3096 qua:
3347 3040 3528 3080 rerum
3585 3021 3726 3077 ortui

472 3102 821 3178 iutcrituique
863 3110 1212 3179 praesideant,
1276 3114 1515 3171 divinam
1572 3134 1788 3190 semper
1838 3122 2088 3175 virtutem
2146 3137 2178 3176 a
2221 3120 2444 3174 materia
2497 3118 2837 3189 separando,
2889 3125 3053 3187 atque
3097 3118 3166 3172 ad
3217 3117 3388 3172 Deum
3443 3115 3726 3172 transmit-

471 3195 654 3251 tendo.

467 3313 596 3369 CAP.
626 3315 712 3372 IV.
740 3317 904 3374 Lunaz
925 3331 1260 3393 augmentum
1288 3334 1336 3380 et
1361 3324 1748 3383 decrementum
1767 3345 1785 3381 :
1811 3343 1962 3398 nugax
1999 3328 2055 3381 in
2083 3343 2143 3450 ei:
2167 3325 2535 3380 Manichaicaz.
2566 3325 2642 3379 De
2680 3325 2888 3379 homine
2917 3331 2967 3378 et
3000 3323 3212 3378 Christo
3261 3324 3491 3378 somnia.
3535 3323 3719 3378 Abs!!-

1772 3400 1961 3450 nentim
1987 3399 2106 3450 imm
2133 3415 2192 3450 sa
2227 3399 2386 3450 ratio.

1772 3400 1961 3452 nantia:
1987 3399 2192 3452 insulsa
2227 3399 2386 3451 ratio.

539 3498 663 3558 Haec
694 3519 888 3574 nempe
921 3505 1168 3560 molitum
1207 3521 1348 3572 esse,
1384 3517 1442 3562 ut
1475 3509 1758 3582 demiurgo
1787 3528 1850 3566 ac
1889 3527 2049 3568 crea-
2075 3521 2117 3577 C

468 3594 573 3648 tori
598 3595 774 3651 virtus
798 3597 902 3650 alia
937 3607 1214 3668 suppetat,
1243 3617 1365 3671 qua:
1416 3603 1482 3656 ad
1521 3605 1653 3660 solis
1684 3606 1823 3661 lucis
1859 3608 2041 3676 splen-

469 3686 632 3743 tiores
659 3690 839 3742 trahat
877 3708 892 3744 :
923 3706 1153 3762 esseque
1199 3710 1314 3751 rem
1343 3697 1708 3761 manifestam,
1736 3701 1883 3755 velut
1917 3702 2043 3772 quis

471 3777 638 3844 dicat,
676 3795 840 3836 caeco.
872 3781 1080 3837 Lunam
1101 3785 1246 3839 enim
1270 3798 1620 3857 augmentum
1661 3791 1909 3849 faciendo
1934 3794 2043 3848 vir-

472 3875 642 3924 tutem
672 3871 942 3942 accipere,
975 3889 1096 3945 quae
1133 3886 1418 3946 separatur
1470 3896 1500 3934 a
1541 3885 1789 3947 materia,
1839 3900 1902 3939 ac
1949 3901 2046 3956 per

473 3961 578 4015 hoc
635 3968 852 4033 tempus
885 3981 950 4019 ea
995 3966 1211 4036 plenam
1271 3971 1520 4026 evadere.
1558 3971 1662 4027 Ubi
1711 3990 1842 4029 vero
1885 3976 2042 4044 plena

472 4050 675 4119 fuerit,
739 4055 882 4110 inter
933 4055 1357 4113 decrescendum
1413 4061 1481 4115 ad
1525 4063 1694 4118 solem
1739 4063 2038 4128 remittere,

471 4144 642 4200 solem
669 4161 800 4202 vero
819 4146 889 4201 ad
919 4145 1088 4203 Deum
1119 4146 1292 4204 abire.
1328 4149 1494 4221 quue
1515 4153 1651 4207 adeo
1679 4167 1802 4207 cum
1832 4155 2044 4223 praesti-

470 4237 618 4303 terit,
641 4251 962 4310 exspectare
991 4256 1210 4298 rursum
1243 4244 1374 4298 dum
1404 4245 1511 4300 alio
1531 4245 1828 4315 plenilunio
1860 4248 2040 4303 anima

470 4331 539 4388 ad
579 4333 756 4402 ipsum
783 4335 1103 4407 commigret
1132 4354 1145 4389 :
1180 4352 1342 4407 quam
1395 4338 1647 4394 similiter
1679 4353 2036 4410 assumptam,

470 4421 538 4476 ad
573 4421 738 4477 Deum
795 4433 985 4494 sponte
1013 4427 1157 4481 sinat
1197 4427 1449 4483 transire.
1500 4431 1676 4500 Atque
1705 4432 1757 4486 id
1789 4431 1843 4485 in
1881 4448 2040 4489 omne

467 4528 640 4572 ﬂavum
671 4516 826 4583 pensi
858 4517 1056 4572 habere
1084 4527 1245 4586 atque
1275 4534 1472 4588 operae.

541 4693 649 4749 Sed
679 4704 733 4750 et
779 4695 835 4750 in
864 4697 979 4752 sole
1025 4697 1294 4768 ejusmodi
1347 4701 1704 4757 simulacrum
1765 4705 2037 4774 conSpiei,

469 4787 651 4858 qualis
672 4795 757 4843 est
787 4787 963 4843 forma
998 4789 1271 4860 hominis;
1306 4793 1762 4865 ambitiosiusque
1778 4797 1910 4850 eniti
1934 4811 2044 4849 ma-

471 4880 660 4936 teriam
693 4888 754 4936 ut
781 4897 847 4937 ex
873 4897 934 4938 se
964 4881 1081 4953 ipsa
1109 4885 1310 4940 condat
1372 4887 1649 4942 hominem
1684 4927 1700 4951 ,
1755 4889 1903 4942 omni
1939 4905 2039 4944 sua

469 4973 756 5029 eommista
778 4974 998 5039 virtute,
1029 4975 1120 5045 qui
1147 4975 1262 5046 ipse
1293 4993 1510 5048 quoque
1537 4979 1733 5034 animae
1755 4980 2036 5051 quidpiam

469 5064 663 5121 habeat
693 5085 705 5119 ε
737 5066 968 5121 multum
996 5077 1174 5125 tamen
1199 5071 1500 5126 contulisse
1521 5071 1773 5137 formam,
1794 5082 1854 5127 ut
1878 5075 2040 5128 homo

468 5158 647 5226 majus
668 5158 911 5230 aliquod,
943 5175 1053 5230 prae
1078 5160 1307 5230 reliquis
1341 5162 1740 5229 animantibus,
1763 5177 2038 5219 commer-

467 5249 612 5303 cium
641 5253 1054 5308 nancisceretur
1094 5252 1293 5308 divinae
1329 5253 1569 5310 virtutis.
1603 5252 1739 5310 Esse
1768 5255 1912 5312 enim
1940 5255 2038 5309 ho-

468 5342 668 5396 minem
697 5344 896 5400 divinae
923 5345 1147 5401 virtutis
1199 5347 1489 5418 imaginem
1523 5365 1537 5403 :
1595 5344 1873 5403 Christum
1912 5364 2040 5403 vero

465 5448 588 5488 esse
621 5444 877 5492 mentem.
915 5437 1019 5504 Qui
1053 5454 1176 5493 cum
1226 5439 1518 5509 aliquando
1558 5457 1589 5497 e
1634 5442 1891 5512 supernis
1923 5456 2039 5495 c.03-

463 5529 613 5595 hque
639 5543 736 5583 axe
768 5531 1027 5597 venisset,
1071 5531 1234 5602 hujus
1267 5534 1555 5604 plurimam
1588 5545 1794 5605 partem
1819 5535 2039 5590 virtutis

470 5616 539 5668 ad
571 5616 737 5672 Deum
771 5621 1069 5679 dimisisse.
1101 5626 1179 5679 Ae
1217 5625 1435 5680 demum
1468 5627 1522 5681 in
1554 5642 1773 5682 crucem
1830 5637 2035 5689 actum,

470 5723 564 5776 per
595 5725 718 5762 eum
741 5713 962 5767 modum
1001 5717 1285 5771 scientiam
1305 5719 1604 5787 przebuisse
1639 5738 1651 5778 ;
1685 5719 2037 5786 divinamque

472 5803 691 5864 aptasse
757 5801 1050 5866 virtutem,
1099 5814 1157 5857 ut
1204 5805 1259 5857 iu
1317 5805 1545 5860 materia
1598 5807 2031 5878 cruciﬁgeretur.

481 5891 617 5961 Quia
669 5890 832 5961 igitur
860 5892 1052 5949 divinae
1079 5895 1373 5950 voluntatis
1400 5912 1460 5951 ac
1493 5897 1698 5952 decreti
1721 5905 1804 5954 est
1833 5904 1890 5954 ut
1922 5913 2034 5952 ma-

2233 3509 2386 3562 Ἐπεὶ
2412 3509 2520 3579 γάρ
2547 3525 2628 3561 τοι
2658 3505 2735 3576 τῷ
2775 3506 3090 3578 δημιουργῷ
3130 3507 3323 3578 ἑτέραν
3368 3506 3593 3577 δύναμιν
3637 3507 3728 3561 ἐπὶ

2151 3602 2212 3656 τὸ
2240 3601 2524 3672 φωτοειδὲς
2555 3599 2650 3653 τοῦ
2682 3599 2833 3670 ἡλίου
2866 3599 3235 3653 καθέλκουσαν
3281 3598 3453 3654 ταῦτα
3493 3601 3725 3670 διαπρα-

2149 3691 2592 3764 γματεύσασθαι·
2635 3693 2728 3744 καὶ
2767 3686 2906 3744 εἶναι
2956 3693 3050 3744 καὶ
3087 3692 3326 3762 ἐμφανὲς
3367 3692 3427 3744 τὸ
3472 3694 3723 3764 πρᾶγμα,

2150 3787 2263 3845 καὶ.
2295 3785 2366 3848 ὡς
2393 3783 2458 3837 ἀν
2485 3801 2568 3848 τις
2600 3783 2764 3848 εῖποι,
2805 3783 2989 3853 τυφλῷ
3010 3784 3186 3855 δῆλον.
3225 3784 3312 3836 Ἐν
3350 3783 3447 3854 μὲν
3469 3783 3578 3853 γὰρ
3609 3786 3725 3846 ταῖς

2146 3876 2407 3947 αὕξήσεσι
2429 3875 2527 3946 τὴν
2548 3875 2776 3946 σελήνην
2799 3874 3095 3944 λαμϐάνειν
3121 3874 3218 3944 τὴν
3241 3875 3724 3944 ἀποχωριζομένην

2143 3966 2372 4038 δύναμιν
2421 3967 2528 4020 ἀπὸ
2569 3967 2666 4035 τῆς
2714 3964 2866 4034 ὕλης,
2903 3965 2998 4018 καὶ
3031 3964 3209 4034 πλήρη
3255 3963 3495 4032 γίνεσθαι
3523 3964 3725 4035 ταύτης

2146 4061 2235 4114 τὸν
2263 4059 2452 4130 χρόνον
2483 4058 2689 4112 τοῦτον.
2739 4059 3123 4130 Πληρωθεῖσαν
3147 4059 3225 4112 δὲ.
3262 4061 3318 4110 ὲν
3349 4060 3468 4121 ταῖς
3499 4057 3726 4126 μειώσε-

2153 4168 2235 4205 σιν
2268 4152 2346 4212 εἰς
2366 4150 2457 4202 τὸν
2485 4149 2636 4219 ἣλιον
2666 4149 3035 4219 ἀναπέμπειν·
3092 4148 3184 4200 τὸν
3217 4149 3274 4200 δὲ
3305 4148 3438 4218 πρὸς
3470 4148 3560 4200 τὸν
3591 4146 3722 4200 Θεὸν

2149 4243 2388 4298 ἀπιέναι.
2421 4242 2725 4311 Ποιήσαντα
2757 4239 2814 4292 δὲ
2841 4239 3019 4305 τοῦτο,
3067 4238 3380 4309 ἐκδέχεσθαι
3430 4239 3590 4292 πάλιν
3622 4237 3722 4308 τῆς

2147 4335 2254 4390 ἀπὺ
2280 4335 2379 4404 τῆς
2431 4333 2622 4401 ἑτέρας
2655 4331 2990 4402 πανσελήνου
3022 4333 3158 4402 πρὸς
3198 4333 3358 4385 αὐτὸν
3399 4333 3496 4404 τῆς
3544 4333 3720 4403 ψυχῆς

2151 4427 2494 4496 μετοίκησινο
2530 4425 2622 4478 καὶ
2646 4425 3027 4494 παραλαϐόντα
3058 4425 3255 4495 ὁμοίως
3293 4425 3427 4496 πρὸς
3471 4425 3562 4478 τὸν
3589 4424 3719 4477 Θεὸν

2146 4519 2240 4588 ἑᾷν
2265 4516 2580 4588 αὐτομάτως
2611 4515 2891 4588 φέρεσθαι.
2925 4518 3034 4570 Καὶ
3075 4517 3229 4570 τοῦτο
3265 4518 3351 4571 διὰ
3395 4517 3596 4580 παντὸς
3632 4520 3721 4570 ἑκ-

2069 4596 2111 4650 Ῑ)
2141 4613 2339 4666 πονεῖν.

2211 4703 2320 4757 Καὶ
2368 4699 2549 4755 εἰκόνα
2581 4701 2639 4755 δὲ
2686 4702 2744 4754 ὲν
2775 4701 2909 4772 ἡλίῳ
2954 4699 3225 4772 ἑωρᾶσθαι
3282 4701 3568 4774 τοιαύτην,
3609 4695 3718 4756 οἷόν

2141 4797 2256 4848 ἐστι
2294 4795 2352 4847 τὸ
2377 4793 2472 4848 τοῦ
2502 4793 2788 4865 ἀνθρώπου
2819 4791 2984 4858 εἶδοςο
3012 4795 3104 4848 καὶ
3134 4794 3717 4865 ἀντιφιλοτιμήσασθαι

2139 4887 2236 4959 τὴν
2267 4887 2397 4959 ὕλην
2431 4889 2654 4959 ποιῆσαι
2684 4887 2774 4940 τὸν
2806 4886 3090 4959 ἄνθρωπον
3137 4887 3194 4952 ἐξ
3233 4887 3406 4956 αὐτῆς
3435 4885 3576 4939 κατὰ
3620 4885 3717 4956 τήν

2140 4980 2226 5033 διὰ
2256 4979 2432 5052 πάσης
2452 4981 2623 5050 αὐτῆς
2648 4981 2746 5052 τῆς
2776 4979 3054 5051 δυνάμεως
3085 4979 3247 5051 μίξιν,
3273 4979 3464 5048 ἔχοντα
3500 4977 3594 5030 καὶ
3623 4978 3719 5030 αύ-

2141 5073 2229 5126 τόν
2253 5091 2303 5127 τι
2331 5074 2428 5145 τῆς
2455 5074 2631 5145 ψυχῆς
2650 5091 2663 5101 ·
2686 5074 2820 5126 πολὺ
2845 5073 3023 5143 μέντοι
3055 5070 3462 5142 συμϐεϐλῆσθαι
3490 5071 3549 5123 τὸ
3578 5067 3717 5135 εἶδος

2140 5167 2219 5230 εἰς
2244 5165 2303 5219 τὺ
2332 5166 2512 5219 πλεῖόν
2545 5184 2596 5218 τι
2623 5165 2773 5238 παρὰ
2805 5166 2873 5218 τὰ
2899 5165 3033 5219 ἄλλα
3058 5163 3226 5234 θνητά
3271 5161 3386 5226 ζῶα
3425 5162 3522 5231 τῆς
3560 5162 3718 5216 δυνά.-

2145 5275 2287 5328 μεως
2314 5258 2411 5327 τῆς
2450 5256 2597 5319 θείας
2617 5259 2706 5310 τὸν
2738 5256 3020 5328 ἄνθρωπον
3055 5255 3362 5324 μετασχεῖν.
3417 5253 3716 5324 ’Υπάρχειν

2139 5350 2246 5421 γὰρ
2278 5350 2438 5402 αὑτὸν
2475 5349 2622 5412 θείας
2661 5348 2941 5418 δυνάμεως
2985 5346 3200 5399 είκόνα’
3255 5345 3346 5397 τὸν
3387 5345 3444 5398 δὲ
3482 5343 3714 5415 Χριστὸν

2140 5438 2276 5496 εἶναι
2299 5442 2440 5496 νοῦν.
2476 5444 2572 5496 Ὃν
2604 5441 2687 5512 δὴ,
2724 5441 2817 5494 καὶ
2845 5437 3170 5509 ἀφικόμενόν
3204 5455 3332 5490 ποτε
3357 5435 3463 5490 ἀπὸ
3483 5436 3576 5489 τοῦ
3601 5436 3713 5489 ἅνω

2139 5533 2324 5595 τόπου,
2371 5531 2615 5584 πλεῖστόν
2660 5549 2717 5583 τε
2761 5531 2860 5600 τῆς
2897 5530 3175 5598 δυνάμεως
3209 5531 3414 5599 ταύτης
3451 5527 3585 5598 πρὸς
3621 5525 3710 5577 τὸν

2139 5624 2268 5676 Θεὸν
2293 5623 2591 5677 λελυκέναι.
2626 5622 2736 5675 Καὶ
2768 5621 2830 5694 δὴ
2875 5622 2969 5674 καὶ
2998 5620 3060 5672 τὸ
3099 5618 3406 5672 τελευταῖον
3441 5619 3711 5670 ἀνασταυ-

2141 5715 2380 5786 ρωθέντα
2416 5715 2788 5786 παρασχέσθαι
2817 5713 3018 5782 γνῶσιν
3046 5711 3231 5780 τοιῷδε
3253 5710 3439 5780 τρόπῳ
3458 5725 3470 5737 ⁸
3501 5707 3592 5762 καί¹
3613 5705 3708 5774 τὴν
3753 5741 3756 5744 ι

2137 5806 2362 5875 δύναμιν
2415 5804 2512 5874 τὴν
2563 5804 2709 5858 θείαν
2748 5803 3100 5874 ἑνηρμόσθαι,
3153 5798 3589 5870 ἐνεσταυρῶσθαι
3637 5797 3704 5868 τῇ

2139 5895 2258 5970 ὕλῃ.
2306 5895 2458 5948 Ἐπεὶ
2483 5891 2573 5948 οὖν
2607 5894 2931 5950 ἀπόλλυσθαι
2947 5893 3044 5966 τὴν
3072 5892 3201 5964 ὕλην
3222 5892 3339 5945 ἐστὶ
3353 5889 3487 5945 Θεοῦ
3509 5888 3705 5961 δόγμα,
