4110 6404
338 312 446 368 417

1226 304 1645 367 TRACTATUS
1682 310 1771 364 DE
1810 310 2124 369 PLACITIS
2161 312 2716 369 MANICH/EORUM.

3466 324 3574 381 “8

339 422 638 497 ἀπέχεσθαι
681 423 778 493 μὲν
823 422 1080 494 ἐμψύχων
1107 423 1353 489 πάντων,
1403 422 1698 487 σιτίζεσθαι
1726 424 1781 477 δὲ
1812 424 1879 479 λά

1981 426 2148 497 ,ιονῑει
2188 434 2394 495 pereat,
2424 426 2588 480 abiis
2638 425 2913 483 abstinere
2955 443 3077 498 qua:
3134 431 3371 488 animata
3405 447 3577 506 sunt;

333 534 493 587 χανα,
523 517 613 568 καὶ
633 516 740 568 πᾶν
769 514 863 567 ὅτι
892 515 1233 586 ἀναίσθητον.
1273 514 1589 584 Ἀπέχεσθαι
1637 515 1692 568 δὲ
1721 515 1879 586 γάμω

2015 516 2162 572 vesci
2213 532 2345 571 vero
2378 516 2638 580 oleribus,
2671 531 2733 571 ac
2761 516 2808 572 si
2847 519 2977 588 quid
3015 527 3100 575 est
3136 537 3330 578 sensus
3357 541 3577 596 expers,

332 608 429 662 καὶ
459 606 783 678 ἀφροδισίων
814 607 907 659 καὶ
936 607 1294 670 τεκνοποιίας.
1339 607 1425 660 ἵνα
1463 607 1536 678 μὴ
1570 607 1844 660 ὲπιπλεῖον
1874 625 1879 637 ε

2017 605 2087 660 Se
2115 620 2330 676 quoque
2358 606 2631 661 abstinere
2661 622 2690 661 a
2720 607 2927 677 nuptiis
2965 616 3019 663 et
3048 613 3295 667 venereis
3344 627 3409 667 ac
3446 632 3575 683 prou

329 695 557 765 δύναμις
586 695 838 766 ὲνοικήσῃ
872 697 937 763 τῇ
964 694 1063 767 ὕλῃ
1094 695 1235 748 κατά
1252 695 1349 766 τὴν
1384 696 1478 749 τοῦ
1508 696 1694 764 γένους
1729 696 1906 750 διαδο-

331 790 465 859 χήν·
504 786 576 858 μὴ
607 785 821 855 ἐξάγειν
848 786 904 840 δὲ
939 788 1182 852 ἑαυτοὺς,
1221 786 1643 858 μηχανωμένους
1692 788 1900 860 καθαρι-

331 895 416 931 σιν
444 872 519 932 ὧν
547 878 908 951 ὲλυμήνατοή
942 877 1087 951 μίξις
1114 875 1210 949 τῆς
1238 878 1369 951 ὕλης
1397 880 1495 952 τὴν
1522 879 1769 951 δύναμιν.

2013 697 2264 752 creandis
2297 696 2503 760 liberis,
2527 712 2595 751 ne
2626 696 2846 753 altiores
2875 697 2931 752 in
2957 703 3183 756 materia
3213 703 3428 760 radices
3479 723 3578 779 per

2008 788 2224 859 generis
2267 787 2673 843 successionem
2716 788 2892 844 virtus
2957 799 3126 862 agat;
3170 808 3272 848 nec
3329 810 3389 850 se
3426 797 3578 867 ipsos

2004 881 2262 946 eximere,
2292 891 2554 934 conantes
2588 879 2911 946 emundare,
2969 897 3134 952 quam
3163 883 3268 940 sibi
3296 886 3476 941 virtus
3506 904 3573 944 ex

2002 969 2231 1025 admista
2254 970 2480 1026 materia
2502 970 2677 1027 labem
2702 972 3082 1030 conscivisset.

322 1110 452 1165 CAP.
476 1108 542 1165 V.
568 1110 713 1166 Solis
736 1128 799 1166 ac
824 1112 963 1166 luna:
991 1109 1163 1166 cultus
1184 1112 1281 1165 sub
1310 1110 1437 1166 Deo.
1462 1109 1767 1186 Manichais
1790 1113 1846 1186 in
1875 1110 2177 1186 Grggcorum
2202 1112 2412 1186 fabellis
2435 1115 2660 1183 quaesita
2681 1114 2951 1184 praesidia.
2969 1115 3365 1186 Scripturan
3388 1131 3573 1177 aucta-

1522 1183 1659 1235 ritas
1689 1199 1753 1236 ac
1772 1183 1904 1252 ﬁdes
1943 1182 2256 1236 Manichwis
2282 1182 2475 1251 spreta.

395 1318 477 1372 Τὰ
512 1319 611 1389 μὲν
639 1318 1144 1393 κεφαλαιωδέστερα
1168 1313 1242 1374 ὧν
1261 1321 1527 1391 λέγουσιν,
1556 1322 1672 1374 ἐστὶ
1700 1320 1891 1376 ταῦτα.

321 1426 537 1498 Τιμῶσι
556 1426 624 1479 ’δὲ
662 1426 896 1498 μάλιστα
931 1426 1082 1498 ἥλιον
1104 1427 1197 1481 καὶ
1225 1426 1588 1499 σελήνην,ούχ
1609 1427 1685 1490 ὡς
1716 1426 1891 1492 θεοὺς,

2074 1320 2214 1377 Sunt
2245 1322 2361 1377 haec
2384 1322 2606 1393 quidem
2632 1338 2820 1378 eorum
2865 1341 2987 1396 qua:
3020 1326 3209 1383 dicunt
3240 1344 3304 1385 ac
3325 1332 3572 1388 sentiunt

2003 1417 2414 1487 principaliora.
2446 1415 2646 1472 Colunt
2680 1432 2809 1472 vero
2835 1420 3069 1475 maxime
3092 1422 3259 1478 solem
3278 1433 3332 1479 et
3355 1425 3567 1491 lunam,

319 1528 435 1581 ἀλλ’
466 1527 542 1591 ὡς
570 1527 685 1581 ὁδὸν
718 1527 789 1580 δι’
815 1520 883 1598 ἦς
907 1526 1022 1580 ἔστι
1064 1528 1198 1599 πρὸς
1227 1527 1362 1581 Θεὸν
1389 1526 1701 1596 ἀφικέσθαι.
1738 1528 1879 1581 Ἀπο-

2001 1523 2112 1562 non
2146 1518 2205 1562 ut
2251 1509 2403 1573 deos,
2453 1507 2548 1561 sed
2586 1519 2643 1562 ut
2671 1511 2812 1563 viam
2858 1526 2963 1579 qua
3008 1513 3089 1567 eis
3133 1512 3301 1569 Deum
3345 1518 3565 1587 assequi

318 1620 680 1691 χωρισθείσης
706 1619 763 1672 δὲ
795 1619 1039 1692 ἀκριϐῶς
1058 1620 1158 1690 τῆς
1192 1620 1340 1684 θείας
1372 1620 1670 1691 δυνάμεως,
1697 1619 1757 1673 τὸ
1789 1619 1893 1688 ἔξω

319 1710 431 1783 πῦρ
459 1728 613 1780 φασι,
640 1710 944 1783 συμπεσὸν,
975 1711 1133 1765 ἑαυτό
1163 1728 1222 1764 τε
1250 1712 1344 1765 καὶ
1370 1712 1431 1765 τὸ
1476 1712 1602 1767 ἄλλο
1647 1714 1887 1784 σύμπαν,

315 1804 346 1855 ὅ
365 1821 415 1856 τι
441 1803 488 1856 δ’
509 1804 575 1858 ἂν
596 1803 850 1877 λείπηται
878 1805 977 1876 τῆς
1006 1803 1158 1875 ὕλης,
1210 1804 1689 1874 συγκαταφλέξειν.
1741 1807 1804 1859 υἱ
1831 1806 1890 1859 δὲ
1922 1837 1965 1891 Β

313 1895 374 1948 ἑν
398 1896 607 1961 τούτοις
644 1897 985 1969 χαριέστεροι
1027 1898 1121 1949 καὶ
1175 1896 1502 1969 Ἑλληνικῶν
1532 1898 1631 1950 οὐκ
1673 1897 1886 1970 ἄπειροι

313 1984 485 2054 λόγων
512 1988 1014 2059 ἀναμιμνήσκουσιν
1061 1989 1208 2059 ἡμᾶς
1247 1990 1311 2041 ὲκ
1352 1986 1461 2042 τῶν
1500 1988 1738 2042 οἰκείων.
1792 1988 1887 2041 Ἐκ

316 2078 416 2147 μὲν
442 2078 553 2131 τῶν
594 2079 823 2132 τελετῶν
871 2079 963 2133 τὸν
1009 2079 1482 2149 κατατεμνόμενον
1518 2081 1771 2133 Διόνυσον
1806 2078 1885 2150 τῷ

310 2168 452 2240 λόγῳ
473 2170 918 2241 ἐπιφημίζοντες,
942 2170 1047 2224 ὑπὸ
1065 2169 1175 2223 τῶν
1203 2170 1445 2225 Τιτάνων
1465 2213 1479 2237 ,
1518 2171 1883 2245 καθάπερίλέ-

308 2275 498 2327 γουσιν
524 2260 699 2326 αὐτοὶ,
732 2260 831 2333 τὴν
855 2260 1004 2314 θείαν
1036 2260 1266 2331 δύναμιν
1314 2261 1630 2333 μερίζεσθαι
1664 2263 1746 2326 ε’ς
1784 2263 1884 2335 τὴν

310 2348 473 2420 ὕληνο
502 2352 565 2403 ὲκ
601 2350 658 2403 δὲ
685 2351 794 2405 τῶν
836 2353 1104 2423 ποιήσεων
1145 2352 1245 2423 τῆς
1292 2354 1757 2423 γιγαντομαχίας,
1800 2355 1881 2409 ὃτι

309 2440 444 2510 μηδὲ
464 2441 615 2494 αὐτοὶ
636 2443 907 2512 ἠγνόησαν
931 2442 1031 2513 τὴν
1057 2442 1158 2512 τῆς
1173 2442 1304 2514 ὕλης
1326 2444 1467 2497 κατά
1492 2444 1584 2497 τοῦ
1601 2445 1735 2498 Θεοῦ
1752 2445 1880 2499 ἄντ-

305 2548 484 2605 αρσιν.
560 2534 701 2603 Ἐγὼ
729 2535 806 2599 δὲ,
838 2536 914 2598 ὡς
952 2537 1050 2607 μὲν
1096 2537 1268 2591 ταῦτα
1301 2538 1400 2609 οὐχ
1441 2537 1599 2591 ικανά
1630 2538 1881 2608 ψυχαγω-

306 2632 471 2704 γῆσαι
492 2635 618 2699 τοὺς
648 2635 1022 2702 ἀϐασανίστως
1044 2638 1132 2692 τὸν
1150 2638 1305 2708 λόγον
1344 2639 1753 2710 προσιεμένους,
1780 2639 1879 2693 οὐκ

302 2720 374 2779 ἂν
408 2722 648 2797 εἴποιμι,
694 2727 893 2797 ὃπουγε
939 2729 1031 2782 καί
1072 2746 1224 2793 τινας
1261 2730 1370 2783 τῶν
1411 2729 1877 2800 συνεσχολακότων

302 2815 435 2885 ἡμῖν
460 2817 517 2870 ὲν
543 2817 621 2890 τῷ
649 2819 956 2889 φιλοσοφεῖν
992 2821 1320 2894 μετέστησεν
1359 2822 1392 2894 ἡ
1425 2821 1648 2892 τοιαύτη
1692 2820 1873 2892 ἀπάτη

299 2904 412 2959 τῶν
434 2905 606 2976 λόγων
653 2910 789 2981 πρδς
833 2911 1062 2983 ἑαυτήν*
1104 2915 1184 2977 είς
1210 2913 1455 2980 ἐξέτασιν
1494 2912 1550 2965 δὲ
1585 2912 1733 2975 ὅπως
1763 2910 1874 2981 ἔχει

297 2997 399 3051 νῦν
431 2999 665 3070 ἐμαυτὸν
690 2999 895 3067 καθεὶς,
926 3003 1118 3075 ἀπορῶ
1150 3005 1202 3057 τί
1244 3005 1552 3075 χρήσωμαι.
1580 3000 1715 3055 Οὕτε
1766 3002 1874 3074 γὰρ

294 3090 386 3144 διά
415 3108 574 3145 τινων
599 3093 772 3163 λόγων
797 3097 1196 3168 νενομισμένων
1221 3098 1357 3149 εἰσὶν
1386 3095 1562 3149 αὐτῶν
1599 3097 1655 3149 αἱ
1682 3094 1874 3148 ὑποθέ-

298 3196 435 3247 σεις,
464 3181 549 3234 ἵνα
575 3182 715 3237 κατά
735 3184 935 3249 ταύτας
963 3187 1062 3259 τὴν
1088 3187 1315 3258 ζήτησιν
1337 3185 1689 3256 ποιησώμεθα
1709 3203 1723 3217 ο
1751 3183 1875 3238 οὕτε
1905 3194 1945 3249 C

296 3267 445 3331 τινὲς
463 3269 629 3342 ἀρχαὶ
660 3273 1004 3341 ἀποδείξεων,
1037 3277 1129 3330 καὶ
1160 3278 1246 3330 ἵνα
1273 3277 1334 3329 τὸ
1362 3276 1585 3339 ταύταις
1613 3275 1874 3346 ἑπόμενον

297 3362 621 3435 θεασώμεθα
645 3384 658 3396 ·
685 3366 909 3437 ἕρμαιόν
929 3386 989 3421 τε
1027 3368 1242 3441 ἀληθῶς
1275 3370 1389 3421 ἐστι
1435 3367 1495 3421 τὸ
1537 3367 1644 3420 τῶν
1691 3366 1877 3430 ἁπλῶς

296 3455 607 3528 λεγομένων
652 3459 986 3529 φιλοσοφεῖν.
1051 3462 1115 3514 Οἱ
1147 3461 1243 3524 τὰς
1270 3462 1400 3533 παρ’
1437 3460 1618 3524 αὐτοῖς
1661 3458 1875 3531 γραφὰς

297 3550 533 3613 παλαιάς
570 3568 628 3604 τε
672 3554 765 3606 καὶ
810 3552 933 3617 νέας
971 3554 1441 3625 ὑποστησάμενοι,
1486 3552 1873 3617 θεοπνεύστους

294 3636 436 3693 εἶναι
469 3643 864 3714 ὑποτιθέμενοι,
899 3643 997 3709 τάς
1033 3646 1180 3714 σφῶν
1219 3644 1397 3698 αὐτῶν
1437 3643 1594 3711 δόξας
1626 3642 1872 3697 ἐντεῦθεν

292 3732 637 3803 περαίνουσι·
674 3735 766 3788 καὶ
797 3735 1111 3807 ἐλέγχεσθαι
1150 3735 1307 3807 μόνον
1345 3734 1644 3807 τηνικαῦτα
1685 3731 1872 3786 δοκοῦ-

293 3841 402 3888 σιν,
432 3827 526 3880 ὲάν
556 3844 608 3880 τι
644 3828 719 3899 μὴ
740 3828 966 3892 ταύταις
987 3828 1275 3883 ἀκόλουθον
1297 3828 1330 3899 ἢ
1357 3826 1610 3897 λέγεσθαι
1635 3826 1669 3897 ἢ
1696 3825 1870 3897 πράτο

289 3933 481 3986 τεσθαι
509 3934 599 3986 ὑπ’
633 3935 811 3989 αὐτῶν
837 3936 1145 4007 συμϐαίνει.
1190 3937 1300 3989 Καὶ
1321 3936 1457 4006 ὅπερ
1482 3936 1538 3987 αἱ
1580 3933 1731 4005 παρά
1760 3936 1871 3996 τοῖς

293 4028 638 4098 φιλοσοφοῦσι
669 4028 790 4083 καθ’
822 4030 1090 4102 Ἕλληνας
1121 4029 1228 4083 τῶν
1271 4027 1594 4094 ἀποδείξεων
1624 4029 1789 4101 ἀρχοιί
1814 4030 1869 4082 αἱ

291 4121 583 4192 προτάσεις
608 4122 879 4193 διάμεσοι,
907 4123 1065 4177 τοῦτο
1107 4124 1237 4196 παρ’
1285 4123 1469 4186 αὐτοῖς
1502 4123 1650 4175 ἐστιν
1691 4123 1725 4192 ἡ
1761 4121 1870 4175 τῶν

291 4220 585 4290 προφητῶν
610 4221 780 4292 φωνή.
822 4218 1089 4274 Ἐνταῦθα
1127 4220 1185 4273 δὲ
1227 4219 1432 4273 τούτων
1475 4218 1574 4290 μὲν
1617 4217 1869 4272 ἁπάντων

291 4310 723 4383 ἐκϐαλλομένων,
750 4312 1057 4384 λεγομένων
1089 4313 1146 4366 δὲ
1189 4306 1265 4365 ὧν
1310 4312 1574 4383 πρότερον
1628 4312 1869 4382 ἐπεμνή-

290 4403 425 4474 σθην
452 4402 579 4458 ἄνευ
602 4404 745 4469 τινὸς
769 4405 1095 4472 ἀποδείξεως
1112 4421 1125 4434 ·
1150 4404 1448 4472 ἀναγκαίου
1470 4403 1528 4457 δὲ
1551 4403 1702 4466 ὄντος
1732 4402 1869 4473 μετά

287 4495 445 4566 λόγου
470 4496 798 4569 ποιήσασθαι
816 4498 916 4569 τὴν
941 4497 1251 4569 ἀπόκρισιν,
1272 4496 1407 4551 ἀλλά
1433 4495 1507 4567 μὴ
1524 4493 1865 4567 πιθανώτερα

288 4587 451 4658 ἕτερα
472 4588 799 4659 παραθεῖναι
832 4589 925 4642 καὶ⁵
958 4589 1157 4659 μᾶλλον
1185 4589 1563 4659 ψυγαγωγεῖψ

288 4683 424 4756 τέρα
453 4687 486 4756 ἡ
515 4685 721 4755 ἔφοδος,
758 4688 849 4741 καὶ
873 4687 951 4741 ἔτι
977 4688 1175 4758 μᾶλλον
1209 4687 1588 4759 δυηολωτὲρα
1611 4727 1627 4753 ,
1659 4690 1740 4741 ὅτι
1770 4687 1866 4740 καὶ

287 4776 565 4841 ποικίλους
593 4780 719 4843 τοὺς
744 4779 935 4849 λόγους
952 4779 1219 4834 ποιεῖσθαι
1245 4778 1343 4833 δεῖ.
1376 4774 1448 4832 Οἵ
1478 4797 1536 4833 τε
1564 4778 1671 4852 γὰρ
1704 4780 1863 4851 ἀκρι-

287 4864 532 4937 ϐέστεροι
560 4867 687 4931 τοὺς
718 4869 822 4921 ὑπὸ
864 4868 1069 4924 τούτων
1103 4869 1231 4923 ἄνευ
1266 4869 1411 4933 τινὸς
1456 4869 1691 4933 πίστεως
1728 4887 1863 4941 προ-

284 4958 753 5031 κατειλημμένους
776 4959 985 5015 λάθοιεν
1032 4961 1119 5028 ἂν,
1149 4963 1218 5025 εί,
1262 4961 1350 5015 ὅτε
1396 4962 1476 5026 είς
1507 4960 1865 5032 ψυχαγωγίαν

283 5054 514 5122 γένοιτο,
539 5060 619 5123 είς
650 5059 749 5124 τάς
769 5060 938 5124 αὐτὰς
955 5059 1124 5124 λαϐὰς
1144 5057 1509 5132 ἐμπεσοῦνται
1528 5076 1541 5088 ·
1575 5056 1635 5123 ἐξ
1659 5057 1859 5129 ὁμοίων

282 5146 393 5220 γὰρ
435 5151 717 5218 γεγονέναι
749 5150 1049 5217 δοξάζουσι.
1091 5151 1184 5204 Διὸ
1229 5150 1433 5223 πολλῆς
1480 5150 1575 5203 καὶ
1616 5148 1861 5221 μεγάλης

283 5253 559 5323 φροντίδος
584 5255 682 5323 δεῖ,
715 5257 808 5310 καὶ
835 5255 968 5312 Θεοῦ
986 5256 1061 5322 ὼς
1075 5254 1310 5326 ἀληθῶς,
1340 5253 1401 5318 ὃς
1427 5252 1520 5307 τοῦ
1540 5252 1699 5322 λόγου
1719 5254 1861 5323 ἡγή-

278 5370 452 5412 σεται.
856 5379 861 5383 ’

2001 1600 2180 1656 liceat.
2210 1598 2471 1669 Sejuneta
2509 1614 2642 1655 vero
2674 1602 2894 1671 penitus
2920 1602 3101 1659 divina
3129 1606 3351 1673 virtute,
3383 1609 3563 1680 ignem

1999 1691 2155 1744 aiunt
2205 1693 2532 1746 exteriorem
2584 1690 2888 1762 delapsum,
2919 1694 3097 1765 ipsum
3133 1713 3211 1762 se,
3243 1713 3307 1753 ac
3340 1701 3386 1754 si
3433 1700 3563 1769 quid

1996 1783 2142 1838 aliud
2170 1781 2336 1837 fuerit
2384 1783 2625 1838 materia:
2669 1783 2959 1855 reliquum,
2991 1787 3423 1843 combusturum.
3456 1793 3561 1859 Qui

1994 1886 2173 1931 autem
2204 1876 2345 1932 inter
2374 1891 2469 1932 eos
2513 1876 2805 1947 lepidiores
2859 1889 3025 1945 sunt,
3087 1896 3189 1935 nec
3237 1880 3563 1937 Graecanica:

1992 1966 2317 2022 eruditionis
2342 1981 2407 2022 ac
2432 1967 2736 2022 litterarum
2766 1978 3051 2041 expertes,
3081 1972 3187 2042 ipsi
3213 1987 3313 2028 nos
3337 1988 3407 2028 ex
3435 1987 3563 2043 pro-

1992 2058 2125 2129 priis
2148 2058 2457 2113 admonent.
2482 2057 2558 2111 Ex
2575 2060 2903 2116 caerimoniis
2923 2062 3141 2131 quidem
3163 2078 3228 2117 ac
3251 2064 3560 2134 mysteriis:

1991 2164 2090 2219 per
2120 2147 2395 2202 Bacchum
2423 2147 2517 2218 qui
2563 2149 2772 2204 scissus
2802 2157 2960 2205 utero
2984 2159 3093 2215 est,
3125 2153 3447 2224 signiﬁcari,
3475 2153 3564 2209 di-

1988 2238 2098 2293 vidi
2123 2239 2179 2292 in
2210 2238 2488 2292 materiam
2519 2253 2548 2292 a
2577 2237 2886 2304 Titanibus,
2910 2247 2971 2294 ut
3004 2241 3105 2311 ipsi
3135 2243 3455 2313 loquuntur,
3477 2244 3565 2299 di-

1989 2329 2170 2382 vinam
2200 2313 2457 2382 virtutem
2484 2347 2497 2382 :
2540 2343 2608 2383 ex
2636 2336 2915 2397 poetarum
2945 2338 3127 2386 autem
3159 2332 3341 2389 fabula
3369 2334 3560 2405 gigan-

1990 2428 2109 2476 tum
2143 2434 2356 2491 pugnaz,
2394 2418 2648 2485 indicari,
2683 2420 2763 2476 Ne
2794 2421 2918 2477 illos
2943 2424 3161 2493 quidem
3192 2426 3433 2481 materiae
3462 2427 3562 2483 ad.

1993 2526 2188 2566 versus
2240 2512 2409 2567 Deum
2457 2511 2807 2569 rebellionem
2858 2514 3179 2571 nescivisse.
3225 2515 3344 2588 Ego
3387 2533 3556 2584 sane,

1995 2603 2452 2673 quemadmodum
2481 2604 2597 2659 haec
2618 2604 2760 2660 haud
2792 2606 3113 2662 suﬁicientia
3144 2608 3213 2663 ad
3243 2624 3439 2665 eorum
3464 2613 3559 2667 de-

1985 2693 2255 2749 liniendos
2279 2695 2513 2763 animos,
2557 2696 2651 2765 qui
2679 2697 2831 2752 nullo
2854 2698 3107 2754 examine
3131 2713 3441 2755 sermonem
3469 2717 3559 2757 re-

1983 2786 2216 2857 cipiunt,
2249 2786 2394 2841 haud
2422 2787 2638 2843 inﬁcias
2672 2790 2848 2854 ierim,
2908 2790 3351 2860 quandoquidem
3385 2792 3552 2847 etiam

1982 2880 2297 2946 nonnullos,
2344 2880 2435 2951 qui
2467 2896 2573 2934 una
2598 2882 2885 2937 nobiscum
2917 2881 3276 2952 philosophia:
3316 2897 3553 2939 navave-

1981 2978 2110 3024 runt
2141 2986 2386 3041 operam,
2418 2972 2750 3041 ejuscemodi
2780 2984 3097 3028 sermonum
3116 2972 3368 3044 deceptis
3398 2975 3467 3029 ad
3492 2990 3554 3030 se

1979 3062 2225 3116 traduxit
2260 3080 2276 3129 ;
2335 3066 2426 3132 qui
2458 3072 2640 3118 tamen
2670 3064 2831 3119 modo
2860 3079 2998 3129 rem,
3037 3071 3096 3118 ut
3125 3079 3185 3120 se
3231 3064 3428 3120 habeat
3455 3080 3553 3119 ex-

1981 3154 2330 3210 aminandam
2360 3155 2660 3226 aggrediar,
2699 3171 2807 3226 quo
2837 3172 2922 3211 me
2950 3165 3160 3212 vertam
3190 3158 3398 3214 nescio.
3428 3157 3554 3215 Non

1979 3245 2125 3299 enim
2149 3261 2245 3315 per
2276 3245 2546 3315 legitimas
2578 3246 2716 3301 ullas
2745 3247 2985 3301 rationes
3000 3248 3303 3315 procedunt
3326 3248 3550 3303 illorum

1980 3336 2331 3407 bypotheses.
2363 3346 2422 3391 ut
2449 3352 2547 3406 per
2585 3352 2680 3393 eas
2729 3351 2959 3391 examen
3016 3337 3305 3393 instituere
3364 3340 3544 3395 liceat.

1977 3426 2164 3498 Neque
2198 3428 2306 3482 ulla
2335 3436 2464 3483 sunt
2491 3428 3022 3483 demonstrationum
3046 3427 3338 3497 principia,
3388 3439 3443 3484 et
3488 3440 3547 3484 ut

1976 3521 2121 3592 quod
2149 3521 2398 3590 sequitur
2422 3522 2706 3577 videamus
2738 3540 2751 3577 ι
2809 3522 3195 3591 inventumque
3239 3536 3300 3576 re
3327 3536 3455 3577 vera
3492 3529 3547 3576 et

1975 3614 2188 3668 lucrum
2218 3614 2557 3683 insperatum
2591 3627 2780 3668 eorum
2810 3621 2915 3677 est,
2954 3612 3049 3683 qui
3084 3613 3391 3684 simplicius
3423 3615 3544 3685 phi-

1981 3704 2259 3774 los0phari
2282 3705 2559 3759 dicuntur.
2590 3702 2679 3767 Ili,
2729 3719 2899 3760 novas
2922 3705 3025 3760 sibi
3052 3713 3372 3776 veteresque
3406 3706 3547 3762 scri-

1974 3803 2171 3866 pturas
2194 3796 2533 3863 adhibentes,
2565 3812 2688 3851 cum
2711 3795 2973 3853 divinitus
2992 3797 3289 3866 inspiratas
3315 3797 3422 3853 sibi
3450 3813 3547 3855 eas

1973 3894 2240 3955 statuant,
2276 3905 2405 3946 suas
2428 3890 2554 3944 inde
2575 3889 2860 3960 opiniones
2887 3887 3223 3943 concludunt
3254 3908 3270 3955 ;
3300 3896 3543 3960 tuncque

1972 3979 2150 4033 solum
2184 3978 2335 4051 argui
2368 3978 2623 4034 videntur
2667 3986 2830 4049 atque
2858 3977 3053 4042 refelli,
3078 3992 3203 4033 cum
3234 3978 3301 4033 ab
3328 3978 3410 4034 eis
3441 3978 3539 4032 ali-

1972 4072 2103 4141 quid
2128 4084 2239 4126 non
2272 4072 2340 4126 iis
2372 4085 2675 4127 consonum
2706 4079 2799 4125 aut
2829 4069 2935 4124 dici
2972 4078 3065 4123 aut
3115 4070 3199 4141 agi
3226 4071 3545 4140 contigerit.

1972 4160 2237 4231 Quodque
2284 4160 2351 4216 iis
2391 4162 2485 4231 qui
2530 4159 2843 4215 Graecorum
2878 4160 2989 4214 ritu
3041 4159 3536 4231 philosophantur,

1971 4250 2500 4306 demonstrationum
2545 4250 2813 4320 principia
2854 4248 3540 4323 intermediaapropositio-
3629 4288 3635 4297 .

1973 4358 2072 4398 nes
2099 4352 2229 4398 sunt
2260 4360 2275 4409 ;
2304 4342 2408 4397 hoc
2460 4342 2596 4412 ipsis
2628 4349 2713 4397 est
2740 4341 3126 4411 prophetarum
3176 4354 3282 4394 vox
3318 4355 3381 4394 ac
3408 4352 3539 4395 ora-

1974 4435 2180 4489 culum.
2212 4432 2314 4489 Hic
2342 4442 2545 4497 autem,
2607 4434 2822 4488 cunctis
2858 4432 2943 4487 his
2971 4432 3297 4496 eliminatis,
3329 4440 3384 4486 et
3411 4448 3535 4487 cum

1964 4539 2029 4580 ea
2061 4540 2296 4595 quorum
2327 4524 2581 4595 superius
2642 4522 2866 4578 memini
2893 4563 2910 4584 ,
2960 4522 3173 4591 absque
3195 4522 3303 4576 ulla
3335 4522 3536 4591 proha-
3576 4550 3580 4554 -

1616 4586 1864 4659 Χαλεπω·
1894 4610 1942 4665 D
1972 4616 2120 4671 tione
2146 4616 2402 4672 dicantur
2429 4634 2445 4684 ;
2472 4617 2656 4687 sitque
2684 4615 3055 4671 necessarium
3089 4621 3156 4668 ut
3172 4629 3296 4669 eum
3323 4615 3537 4667 ratione
3566 4630 3580 4642 '

1963 4714 2374 4783 responsionem
2412 4713 2697 4777 faciamus,
2726 4726 2836 4766 non
2868 4725 2997 4765 vero
3026 4709 3393 4781 probabiliora
3407 4708 3530 4773 alia,
3563 4750 3571 4760 .

1963 4813 2019 4861 et
2053 4820 2174 4875 quae
2215 4804 2391 4875 magis
2420 4803 2651 4858 delinire
2682 4804 2918 4866 valeant,
2963 4815 3372 4871 proponamus:
3411 4813 3527 4853 mo-

1965 4894 2157 4949 lestior
2187 4900 2271 4948 est
2295 4893 2608 4963 aggressio,
2661 4891 2896 4961 hincque
2938 4890 3075 4945 adeo
3119 4891 3293 4960 magis
3337 4888 3563 4953 ardua,.

1964 4985 2110 5056 quod
2137 4992 2191 5040 et
2224 4973 2408 5040 varios
2423 4985 2709 5041 instituere
2734 4998 3016 5039 sermones
3040 4998 3270 5039 necesse
3298 4991 3403 5039 est.
3426 4981 3533 5049 Qui
3638 5030 3650 5061 τ

1964 5093 2203 5149 namque
2230 5078 2403 5150 magis
2434 5078 2677 5133 accurati
2709 5078 3072 5147 certiorisque
3100 5076 3347 5131 veritatis
3377 5083 3557 5137 sunt,.
3630 5090 3643 5151 ξ

1968 5184 2064 5224 eos
2110 5169 2388 5232 latuerint,
2419 5183 2560 5238 quos
2594 5176 2743 5223 certa
2786 5165 3021 5238 quadam
3053 5164 3376 5220 credulitate
3406 5173 3533 5217 ante
3630 5172 3637 5185 ι

1963 5259 2308 5324 admiserint,
2341 5259 2409 5324 si,
2460 5274 2583 5314 cum
2611 5258 2678 5312 ad
2705 5253 3073 5313 deliuiendum
3122 5253 3366 5309 adhiberi
3394 5268 3531 5309 con-
3624 5285 3634 5318 ε

1969 5353 2190 5425 tigerit,
2221 5354 2278 5407 in
2306 5352 2524 5408 easdem
2573 5366 2740 5407 ansas
2790 5349 3256 5419 necessitatesque
3323 5346 3571 5403 incide--
3624 5344 3631 5350 ’

282 5451 410 5506 rint.
438 5449 803 5523 Quamobrem
857 5455 1029 5512 multa
1060 5467 1364 5528 magnaque
1400 5464 1541 5524 opus
1566 5447 1847 5524 diligentia
1874 5454 1980 5513 est,
2008 5465 2071 5506 ac
2096 5451 2258 5521 plane
2292 5447 2423 5512 Deo,
2457 5447 2552 5519 qui
2583 5446 2700 5517 ipse
2730 5445 2842 5503 dux
2883 5452 2938 5502 et
2989 5457 3195 5514 auspex
3251 5442 3355 5499 erit
3399 5455 3570 5502 seu.

288 5542 492 5601 monis.
