4110 6402
458 319 568 376 M9

1465 305 1869 362 ALEXAND!“
1904 303 2214 361 EPISCOPI
2254 302 2763 363 LYCOPOLITANI

3584 307 3692 365 420

458 462 588 520 Cn.
622 459 713 517 VI.
747 457 1161 514 Manichaeorum
1192 457 1295 510 duo
1317 454 1599 524 principia.
1635 451 1764 523 Ipsa
1791 448 2484 524 vexqtaalfythagqreorum
2510 450 2574 505 de
2612 449 2884 520 principiis
2932 448 3126 519 opinio.
3162 447 3371 504 Bonum
3407 456 3459 505 at
3487 451 3691 505 malum

1670 514 1952 580 contraria.
1987 514 2027 573 Α
2058 514 2462 576 ὂοηοὶίειονία.

536 656 649 709 Duo
673 650 939 724 principia
984 652 1251 707 statuunt,
1300 642 1469 697 Deum
1502 650 1556 698 et
1600 640 1903 696 materiam.
1939 636 2027 693 Si-

2198 637 2300 691 Δύο
2329 637 2502 709 ἀρχὰς
2532 637 2894 703 ὑποτίθενται,
2925 637 3058 691 Θεδν
3095 640 3189 692 καὶ
3223 639 3370 709 ὕλην.
3410 638 3473 692 Et
3507 640 3603 710 μὲν
3632 639 3697 694 τὸ

462 741 679 818 quidem
709 739 761 794 id
792 735 938 809 quod
989 734 1045 789 fit
1090 742 1253 802 atque
1300 732 1508 794 oritur,
1545 730 1613 784 ab
1646 745 1711 784 eo
1744 725 1889 798 quod
1917 738 2024 796 est,

465 841 714 890 secernat
745 827 997 901 (Manes),
1054 826 1198 881 haud
1247 823 1473 895 perinde
1501 822 1641 875 mala
1674 819 1977 890 suppositio
2008 836 2024 884 ;

463 932 527 980 ut
557 939 732 994 neque
758 921 982 975 materia
1014 918 1130 989 ipsa
1177 931 1237 971 se
1274 916 1447 986 ipsam
1479 912 1694 975 elliciat,
1724 921 1779 965 et
1809 919 2027 965 contra-

467 1018 672 1073 riorum
704 1013 966 1068 rationem
989 1009 1235 1079 recipiat,
1264 1022 1385 1077 qua:
1413 1014 1527 1060 tum
1560 1011 1684 1075 agat
1706 1010 1821 1057 tum
1852 1003 2029 1073 patia-

464 1117 559 1163 tur
588 1123 604 1158 :
635 1121 810 1176 neque
832 1118 1023 1158 rursus
1054 1102 1160 1155 alia
1187 1099 1317 1154 talia
1340 1098 1407 1153 de
1438 1096 1693 1153 eﬂ'ectore
1741 1111 2030 1165 rerumque

468 1207 690 1257 auctore
721 1196 1115 1264 intelligantur,
1142 1207 1262 1262 quae
1290 1206 1389 1245 nec
1416 1188 1554 1243 forte
1585 1188 1667 1242 fas
1700 1188 1771 1241 sit
1808 1187 2027 1253 dicere;

467 1290 684 1346 tametsi
713 1288 856 1342 Deus
881 1286 948 1341 ad
971 1283 1179 1348 eﬂ'ecta,
1220 1280 1448 1337 materia
1476 1294 1586 1333 non
1616 1278 1876 1349 indigeat,
1904 1293 2030 1332 cum

470 1384 654 1439 omnia
680 1383 734 1437 in
762 1377 1063 1435 substantia
1092 1382 1147 1430 et
1177 1390 1298 1445 qua:
1329 1388 1458 1428 verc
1483 1373 1750 1428 exsistant
1780 1370 1847 1424 ad
1878 1371 2030 1425 illum

470 1493 634 1534 sensu
661 1472 796 1529 eﬂlci
828 1470 961 1525 nihil
980 1468 1286 1539 prohibeat.
1320 1463 1418 1519 Sin
1442 1471 1646 1526 autem,
1679 1462 1823 1533 quod
1858 1461 2032 1531 magis

470 1569 578 1626 dici
638 1566 869 1625 videtur,
908 1562 1011 1617 sub
1064 1560 1184 1630 ipso
1236 1556 1581 1612 inordinatus
1619 1571 1802 1611 rerum
1854 1566 2031 1610 motus

470 1659 693 1716 materia
725 1664 827 1720 est,
853 1654 1085 1725 primum
1117 1653 1335 1723 quidem
1369 1650 1588 1704 incaute
1615 1663 1679 1703 ac
1712 1648 2031 1719 imprudens

2125 730 2443 799 γιγνόμενον
2474 729 2567 782 τοῦ
2601 728 2751 793 ὄντος
2778 729 3135 801 ἁποχωρίζει,
3163 731 3258 801 οὐχ
3294 731 3492 800 ὁμοίως
3517 730 3693 802 φαύλη

2127 820 2440 892 ἡὺπόθεσις
2464 859 2479 883 ,
2533 821 2619 873 ἴνα
2649 821 2785 891 μήτε
2826 824 2860 892 ἡ
2889 820 2987 892 ὕλη
3028 822 3227 892 ἑαυτὴν
3261 824 3419 893 ποιῇ,
3468 823 3561 876 καὶ
3589 822 3697 875 τῶν

2129 913 2382 968 ἐναντίων
2398 910 2725 983 ἀποδέχηται
2748 911 2925 980 λόγον,
2950 911 3110 965 ποιοῦ
3118 913 3185 966 σά
3204 929 3260 964 τε
3280 914 3373 966 καὶ
3392 913 3691 983 πάσχουσαο

2132 1005 2255 1074 μήτ’
2304 998 2369 1057 αὖ
2420 1001 2646 1056 τοιαῦτα
2684 1002 2843 1057 πάλιν
2895 1003 3058 1075 ἕτερα
3108 1005 3236 1074 περὶ
3271 1003 3362 1057 τὸν
3415 1002 3698 1075 ποιητικὸν

2129 1093 2297 1148 αῐτιον
2330 1092 2619 1166 θεωρῆται,
2654 1093 2690 1148 ἀ
2714 1093 2837 1146 οὐδὲ
2861 1094 3037 1163 λέγειν
3061 1095 3190 1159 ἴσως
3221 1094 3375 1165 Θέμις
3395 1112 3408 1125 ·
3434 1094 3609 1147 καίτοι
3633 1094 3694 1146 οὐ

2128 1185 2379 1257 δεομένου
2406 1185 2499 1240 τοῦ
2535 1186 2669 1240 Θεοῦ
2700 1188 2836 1261 πρὸς
2879 1188 2947 1242 τὰ
2975 1188 3389 1258 ἀποτελέσματα
3438 1186 3601 1257 ὕλης,
3637 1188 3697 1239 ὲν

2131 1276 2422 1330 ὑποστάσει
2451 1277 2759 1349 δυναμένων
2779 1279 3060 1348 γίγνεσθαι
3088 1279 3305 1332 πάντων
3332 1278 3470 1350 πρὸς
3492 1280 3700 1331 ἐκεῖνον

2131 1367 2221 1419 τὸν
2244 1366 2366 1421 νοῦν
2388 1385 2401 1398 ·
2441 1370 2488 1421 εί
2513 1369 2589 1434 δὲ,
2621 1371 2755 1441 ὅπερ
2780 1370 2978 1441 μᾶλλον
3007 1370 3260 1440 λέγεσθαι
3290 1370 3457 1433 δοκεῖ,
3485 1370 3576 1423 ὑπ’
3604 1371 3702 1423 αὕ-

2130 1456 2223 1511 τοῦ
2251 1460 2283 1530 ή
2314 1461 2542 1525 ἄτακτος
2576 1462 2787 1533 κίνησις
2809 1462 2918 1516 τῶν
2950 1463 3118 1517 ὄντων
3150 1465 3296 1518 ἐστὶν
3327 1462 3451 1534 ὕλη,
3483 1463 3699 1535 πρῶτον

2136 1552 2235 1624 μὲν
2253 1553 2504 1608 λανθάνει
2531 1556 2718 1610 ἑαυτὸν
2741 1556 2927 1627 ἕτερον
2965 1557 3244 1627 ποιητικὸν
3266 1554 3436 1609 αἴτιον
3469 1554 3701 1623 ὑφιστά-

2138 1660 2297 1713 μενος
2342 1646 2666 1715 (κακοποιὺν
2693 1646 2908 1717 μέντοι)
2941 1664 2955 1677 ·
2994 1648 3094 1718 οὐχ
3137 1648 3240 1719 ὁρᾷ
3273 1646 3329 1700 δὲ
3361 1647 3454 1699 καὶ
3485 1646 3546 1699 τὸ
3570 1645 3701 1699 ἑπό-

472 1749 617 1804 aliud
641 1747 876 1803 eﬂiciens
898 1743 1022 1815 (etsi
1052 1740 1377 1811 maleﬁcum)
1403 1739 1692 1795 constituit
1729 1758 1743 1793 :
1774 1755 1877 1794 nec
1901 1738 2034 1809 quid

2138 1753 2319 1808 μενον,
2332 1738 2433 1801 ὅτι,
2453 1739 2500 1790 εί
2515 1737 2647 1792 Θεὸν
2663 1732 2880 1803 πάντως
2896 1740 3227 1793 ὕποστατέον
3252 1740 3345 1793 καὶ
3369 1739 3522 1811 ὕλην,
3540 1738 3705 1810 ἑτέρα

472 1841 598 1897 inde
626 1846 885 1910 sequatur
905 1832 1327 1899 animadvertit;
1355 1846 1571 1901 nempe,
1597 1829 1645 1885 si
1675 1845 2034 1886 necesse'om-

2136 1845 2220 1894 τις
2246 1829 2345 1902 ὕλη
2373 1829 2450 1901 τῷ
2477 1829 2594 1901 Θεῷ
2616 1832 2977 1903 ὕποστήσεται
2998 1849 3011 1862 ’
3040 1832 3125 1887 ῐνα
3148 1832 3394 1904 ἑκατέρω
3416 1831 3523 1885 τῶν
3548 1850 3706 1903 ποιη-

470 1934 602 1988 nino
648 1931 720 1987 sit
764 1936 823 1984 ut
872 1927 1017 1983 Deus
1044 1933 1099 1980 et
1140 1923 1368 1978 materia
1410 1929 1823 1994 supponantur,
1873 1922 2034 1976 aliam

2136 1919 2301 1974 τικῶν
2326 1921 2512 1973 αἰτίων
2539 1922 2571 1992 η
2605 1920 2934 1992 ὑποκειμένη
2970 1922 3189 1996 ὑπάρχῃ
3215 1921 3335 1993 ὕλη.
3368 1917 3507 1976 Ἀντὶ
3526 1922 3704 1979 τοίνυν

471 2036 689 2093 quoque
718 2019 999 2074 materiam
1028 2016 1137 2073 Deo
1159 2016 1500 2087 suppositum
1535 2016 1604 2070 iri
1633 2034 1647 2069 :
1675 2021 1739 2069 ut
1773 2013 2034 2069 videlicet

2136 2012 2226 2067 δύο
2253 2013 2517 2085 τέτταρας
2541 2014 2672 2083 ἡμῖν
2700 2012 2869 2067 ποιῶν
2901 2014 3074 2086 ἀρχὰς
3105 2014 3561 2085 ἐπιδειχθήσεται.

472 2095 738 2169 ambobus
778 2111 1136 2167 ﬁcienubus
1158 2111 1383 2166 materia
1404 2109 1650 2180 subjecta
1676 2108 1769 2166 sit.
1819 2107 1927 2163 Pro
1982 2107 2196 2164 duobus
2230 2107 2414 2179 igitur,
2461 2117 2697 2178 quatuor
2730 2106 2890 2164 nobis
2921 2108 3188 2179 principia
3235 2116 3497 2180 praestare
3546 2123 3704 2164 mon-

474 2208 758 2265 strabitur.

541 2287 895 2355 Admiranda.
922 2311 1053 2352 vero
1078 2304 1134 2351 et
1165 2296 1232 2351 ab
1260 2296 1353 2351 illo
1381 2297 1561 2367 posita
1616 2295 1894 2365 utrimque
1922 2294 2037 2350 dis-

472 2392 685 2447 tinctio.
716 2389 774 2444 Si
812 2390 957 2445 enim
987 2388 1090 2442 hoc
1116 2387 1281 2442 Deum
1310 2389 1610 2451 existimat,
1637 2386 1785 2458 quod
1807 2387 2034 2450 bonum,

472 2484 695 2552 vultque
723 2497 848 2537 vere
893 2480 1158 2536 exsistere
1215 2479 1360 2550 quod
1388 2487 1474 2536 est
1518 2480 1596 2534 illi
1649 2479 2035 2545 contrarium;

472 2574 828 2647 quiduivelut
860 2571 1205 2644 Pythagorici
1223 2570 1444 2642 quidam
1468 2571 1670 2625 malum
1702 2570 1803 2640 ipsi
1820 2577 2039 2625 contra-

474 2668 617 2724 rium
654 2667 806 2737 ponit
831 2666 855 2719 ?
896 2663 1202 2719 Ferendum
1225 2677 1358 2718 sane
1380 2663 1579 2732 magis,
1605 2670 1664 2715 ut
1691 2663 1759 2716 ab
1792 2662 1901 2716 illis
1926 2660 2035 2717 duo

472 2760 741 2832 principia
757 2758 1030 2819 dicantur,
1055 2756 1261 2810 bonum
1283 2762 1338 2810 et
1373 2754 1575 2808 malum
1601 2771 1617 2820 ;
1655 2754 1798 2809 inter
1830 2768 1889 2809 se
1904 2768 2039 2807 con-

472 2852 626 2908 tinue
658 2849 974 2920 pugnantia,
1028 2862 1151 2903 cum
1180 2853 1363 2899 tamen
1417 2844 1621 2899 bonum
1663 2846 1805 2899 malo
1831 2859 2039 2914 praeva—

473 2945 599 3001 leat.
628 2942 765 2997 Nam
795 2941 845 2997 si
881 2939 1085 2994 malum
1132 2944 1416 3009 superaret
1445 2976 1463 3004 ,
1508 2937 1794 2992 interirent
1830 2936 2033 2991 omnia.

472 3030 711 3088 Prorsus
741 3030 885 3086 enim
916 3028 1141 3083 materia
1168 3026 1469 3083 secundum
1501 3043 1581 3091 se,
1626 3042 1802 3096 neque
1835 3041 2037 3096 corpus

471 3132 582 3192 est,
628 3138 805 3194 neque
844 3121 1069 3203 omnino
1103 3120 1483 3189 incorporeum
1514 3118 1754 3188 aliquid;
1783 3125 1838 3172 at
1861 3133 2038 3188 neque

473 3218 794 3288 simpliciter
816 3217 920 3269 hoc
943 3212 1145 3282 aliquid
1167 3232 1179 3266 :
1202 3210 1296 3267 sed
1326 3209 1603 3265 indeﬁnita
1631 3211 1898 3280 quaedam,
1919 3225 2039 3281 quae

2203 2292 2499 2365 Θαυμαστὴ
2529 2292 2584 2346 δὲ
2621 2292 2712 2346 καί
2745 2294 2777 2364 ἡ
2809 2292 3213 2365 ἀντιδιαίρεσις.
3235 2292 3421 2364 Είγάρ
3436 2291 3569 2355 Θεός
3591 2292 3707 2345 ἐστι

2137 2388 2267 2459 παρ’
2292 2386 2460 2457 αὐτῷ,
2488 2386 2624 2458 ὅπερ
2654 2386 2715 2439 τὸ
2737 2385 2957 2455 ἀγαθὸν,
2976 2386 3070 2439 καὶ
3103 2385 3350 2457 βούλεται
3384 2385 3708 2455 ὑφίστασθαι

2136 2480 2283 2550 αὐτῷ
2309 2480 2568 2545 ἐναντίον,
2604 2479 2693 2533 διά
2721 2479 2776 2532 τί
2802 2480 2862 2533 οὕ
2896 2479 3146 2550 καθάπερ
3169 2479 3312 2543 τινὲς
3338 2478 3445 2533 τῶν
3470 2477 3714 2548 Πυθαγο-

2140 2572 2298 2644 ρείων
2326 2570 2385 2625 τὸ
2414 2571 2582 2625 κακὸν
2612 2570 2759 2642 αὐτῷ
2779 2570 3107 2642 ἀντιτίθησιν
3130 2587 3145 2636 ;
3185 2570 3558 2642 ’Δνεκτότερον
3576 2566 3713 2638 γοῦν

2141 2663 2233 2715 ὑπ’
2261 2662 2484 2715 ἐκείνων
2512 2662 2766 2730 λέγεσθαι
2787 2660 2881 2715 δύο
2901 2656 3038 2714 εἶναι
3072 2661 3266 2735 ἀρχὰς,
3301 2660 3361 2715 τὸ
3382 2660 3581 2730 ἀγαθὸν
3613 2658 3711 2714 καὶ

2139 2755 2200 2807 τὸ
2227 2753 2394 2808 κακόν
2411 2771 2423 2784 ·
2458 2753 2767 2817 στασιάζειν
2790 2754 2847 2807 δὲ
2873 2754 3074 2817 ταύτας
3106 2754 3364 2830 συνεχῶς³
3394 2754 3711 2827 ἐπικρατεῖν

2141 2842 2199 2895 δὲ
2224 2843 2285 2895 τὸ
2320 2840 2541 2911 ἀγαθόν.
2575 2843 2638 2896 Ei
2663 2841 2771 2914 γὰρ
2802 2844 2863 2897 τὸ
2894 2843 3062 2897 κακὸν
3104 2844 3394 2915 ὑπερέχοι,
3439 2843 3713 2916 φθαρήσε-

2145 2932 2267 2987 σθαι
2286 2932 2481 2986 πάντα.
2513 2933 2686 2997 Ὀλως
2713 2934 2821 3005 γὰρ
2850 2934 2970 2988 καθ’
2995 2934 3190 3006 ἑαυτὴν
3225 2935 3323 3007 μὲν
3361 2937 3393 3007 ἡ
3441 2934 3540 3008 ὕλη
3585 2933 3714 2988 οὕτε

2145 3025 2302 3096 σῶμά
2330 3028 2495 3089 ἐστιν,
2520 3025 2644 3079 οὕτε
2669 3026 2911 3099 ἀκριϐῶς
2941 3027 3229 3098 ἀσώματόν
3258 3045 3333 3091 τι,
3366 3026 3489 3081 οὕτε
3522 3028 3709 3094 ἁπλῶς

2140 3117 2257 3171 τόδε
2289 3134 2368 3171 τι·
2411 3116 2547 3171 ἀλλά
2575 3118 2825 3185 ἀόριστος
2846 3136 2929 3182 τις
2958 3118 3337 3189 προσλαϐοῦσα
3363 3119 3424 3172 τὸ
3454 3114 3594 3183 εἶδος
3628 3120 3715 3188 γί-

2142 3227 2290 3264 νεται
2320 3210 2619 3282 ὡρισμένη·
2638 3205 2747 3264 οἷον
2766 3210 2864 3282 τὴν
2888 3211 3164 3285 πυραμίδα
3185 3212 3280 3283 μὲν
3305 3212 3414 3283 πῦρ
3433 3229 3447 3243 σ
3473 3212 3533 3265 τὸ
3550 3212 3714 3267 ὀκτά-

475 3312 649 3367 l'orma
678 3308 968 3365 accedente
991 3307 1209 3361 ﬁniatur
1239 3320 1304 3359 ac
1337 3305 1681 3367 terminetur,
1720 3304 1866 3359 velut
1894 3304 2034 3374 ignis

2142 3303 2295 3373 εδρον
2320 3302 2376 3354 δὲ
2402 3303 2540 3373 ἀήρο
2579 3303 2639 3356 τὸ
2670 3304 3013 3375 εἰκοσάεδρον
3043 3304 3109 3357 δὲ’
3126 3302 3304 3376 ὕδωρο
3339 3305 3503 3359 κύϐον
3526 3305 3582 3359 δὲ
3614 3304 3709 3378 γῆ.

473 3409 616 3458 meta
649 3416 713 3455 ac
738 3398 1046 3472 pyramide';
1076 3397 1331 3452 octaedro
1364 3395 1709 3466 (octonorum
1744 3410 2034 3464 corporum

2142 3394 2266 3459 Πῶς
2294 3390 2386 3447 οὖν
2417 3396 2532 3448 ἐστι
2556 3395 2662 3449 τῶν
2686 3397 2963 3468 στοιχείων
2990 3399 3022 3470 ὴ
3050 3400 3282 3464 ἄτακτος
3310 3398 3520 3472 κίνησις
3537 3401 3569 3472 ἡ
3587 3398 3713 3471 ὕλης

472 3491 653 3561 sessu)
684 3506 812 3556 aer;
857 3487 1143 3545 icosaedro
1167 3486 1527 3559 (vicenorum)
1559 3501 1700 3556 aqua
1726 3504 1740 3553 ;
1765 3485 2038 3555 quadran-

471 3582 590 3646 tali,
620 3588 789 3636 terra.
823 3579 1071 3646 Quonam
1103 3578 1267 3647 igitur
1306 3578 1471 3632 modo
1502 3578 1727 3631 materia
1762 3577 2041 3632 inordina-

472 3678 562 3726 tus
591 3679 772 3726 motus
790 3670 1181 3725 elementorum
1197 3667 1458 3723 exsistit?
1482 3666 1582 3722 Per
1603 3682 1663 3721 se
1693 3667 1877 3736 itaque
1906 3668 2040 3722 sub-

476 3760 679 3815 sistens
712 3774 947 3828 vereque
992 3758 1266 3813 exsistens
1297 3772 1406 3810 nou
1436 3763 1556 3811 est:
1588 3770 1710 3809 nam
1752 3757 1798 3810 si
1830 3766 2033 3822 motus,

2142 3488 2278 3542 Καθ’
2313 3488 2509 3560 ἑαυτὴν
2567 3488 2665 3560 μὲν
2711 3485 2803 3544 οὖν
2832 3491 2931 3544 οὐκ
2986 3492 3130 3546 ἐστιν
3178 3493 3453 3563 ὑποστατή
3477 3508 3491 3523 ·
3516 3493 3565 3545 εί
3602 3491 3715 3564 γὰρ

2141 3579 2373 3650 κίνησις,
2398 3583 2454 3633 ὲν
2490 3579 2568 3650 τῷ
2601 3582 2901 3654 κινουμένῳ
2919 3600 2933 3614 ·
2969 3584 3031 3637 οὕ
3058 3584 3203 3639 δοκεῖ
3229 3585 3287 3638 δὲ
3313 3584 3550 3640 τοιοῦτον
3575 3581 3716 3639 εἶναι

2142 3672 2175 3741 ἡ
2212 3670 2331 3743 ὕλη,
2356 3672 2490 3725 ἀλλὰ
2507 3673 2704 3743 μᾶλλον
2732 3674 2793 3727 τὸ
2819 3676 3033 3746 πρῶτον
3061 3677 3416 3749 ὑποκείμενον
3439 3680 3532 3734 καὶ
3547 3677 3717 3750 d995-

2144 3759 2387 3832 θμιστον,
2425 3765 2519 3817 καὶ
2550 3765 2641 3833 ἀφ’
2663 3760 2723 3820 οὗ
2756 3766 2824 3819 τὰ
2853 3767 3006 3822 ἄλλα.

477 3853 535 3907 in
561 3851 808 3921 subjecto
830 3859 912 3905 est
945 3867 959 3915 ;
996 3865 1106 3904 non
1138 3849 1353 3904 videtur
1402 3856 1580 3903 autem
1629 3849 1753 3905 talis
1818 3865 1943 3906 esse
1984 3854 2231 3920 materia,
2278 3857 2411 3925 quin
2470 3859 2581 3912 imo
2625 3858 2861 3929 primum
2915 3860 3223 3931 subjectum
3266 3869 3320 3916 et
3384 3861 3720 3932 incomposi-

475 3955 615 4012 tum,
643 3955 697 4002 et
717 3961 780 4001 ex
807 3961 916 4016 quo
945 3945 1176 4015 reliqua.

546 4040 774 4109 Quando
824 4040 990 4110 igitur
1030 4049 1210 4093 motus
1268 4038 1611 4095 inordinatus
1649 4045 1734 4095 est
1774 4040 2025 4105 materia,

479 4149 766 4205 semperne
814 4132 1001 4187 mobili
1027 4132 1356 4202 conjunctns
1382 4140 1520 4195 erat,
1552 4139 1642 4187 aut
1662 4133 1956 4201 aliquando
1972 4134 2040 4188 ab

472 4242 539 4282 eo
570 4224 900 4295 separatus?
934 4223 1112 4286 Certe,
1150 4224 1198 4279 si
1237 4225 1347 4278 ullo
1378 4239 1617 4293 unquam
1649 4232 1894 4295 tempore
1941 4241 2040 4296 per

474 4332 534 4372 se
560 4326 697 4378 erat,
728 4318 809 4372 sic
844 4316 1031 4386 utique
1065 4332 1176 4370 non
1233 4323 1391 4371 erat:
1439 4317 1621 4371 nullus
1665 4316 1811 4371 enim
1855 4325 2038 4375 motus

473 4408 592 4462 sine
621 4407 866 4476 subjecto
894 4415 999 4463 est.
1033 4406 1089 4461 Si
1118 4423 1245 4462 vero
1268 4423 1482 4479 semper
1516 4407 1571 4462 in
1600 4408 1850 4477 subjecto
1891 4419 2033 4472 erat,

472 4498 554 4553 sic
583 4511 774 4552 rursus
794 4498 903 4551 duo
930 4505 1239 4553 statuentur
1270 4498 1569 4570 principia,
1602 4498 1747 4569 quod
1773 4508 1952 4556 movet
1979 4508 2036 4556 et

471 4588 616 4658 quod
641 4596 905 4643 movetur.
931 4587 1047 4643 Utri
1078 4590 1243 4660 igitur
1274 4591 1466 4646 horum
1491 4588 1786 4656 tribuetur,
1820 4598 1878 4645 ut
1906 4606 2033 4646 cum

471 4678 584 4735 Deo
606 4679 841 4750 primum
865 4680 995 4735 illud
1021 4681 1463 4737 constituamus?

2222 4040 2374 4095 Ἑπεῖ
2400 4042 2629 4113 τοίνυνὴ
2656 4042 2889 4106 ἄτακτος
2911 4040 3124 4113 κίνησίς
3147 4043 3295 4095 ἐστιν
3315 4044 3348 4112 ἡ
3383 4041 3481 4114 ὕλη
3502 4082 3516 4105 ,
3559 4044 3718 4100 πότε-

2138 4150 2228 4206 ρον
2286 4128 2355 4204 ἦν
2407 4133 2494 4186 ἀεὶ
2529 4132 2626 4184 σὺν
2659 4130 2737 4200 τῷ
2769 4130 3091 4200 κινουμένῳ,
3126 4130 3158 4200 ἦ
3204 4131 3334 4183 ποτὲ
3383 4130 3716 4203 κεχώρισται

2134 4226 2323 4277 τούτου
2349 4239 2363 4287 ;
2391 4223 2455 4275 Εἰ
2476 4222 2573 4292 μὲν
2602 4219 2712 4292 γὰρ
2744 4220 2873 4273 ποτὲ
2898 4216 2966 4291 ἦν
2985 4219 3103 4273 καθ’
3133 4221 3322 4293 αὐτὴν,
3355 4220 3499 4275 οὕτω
3520 4239 3584 4291 γε
3615 4222 3718 4277 οὐκ

2137 4315 2203 4369 ἂν
2224 4311 2292 4386 ἦν
2310 4331 2323 4344 ’
2352 4313 2577 4382 οὐδεμία
2607 4311 2714 4383 γὰρ
2741 4312 2955 4383 κίνησις
2979 4312 3108 4366 ἄνευ
3140 4311 3235 4365 τοῦ
3277 4314 3595 4385 κινουμένου
3615 4331 3629 4345 ο
3667 4316 3717 4367 εί

2141 4404 2198 4459 δὲ
2227 4405 2314 4458 ἀεὶ
2345 4406 2404 4459 ὲν
2430 4403 2507 4475 τῷ
2536 4403 2841 4475 κινουμένῳ
2868 4399 2956 4475 ἦν,
2983 4404 3144 4459 πάλιν
3168 4399 3233 4459 αὖ
3263 4405 3356 4459 δύο
3383 4406 3549 4478 ἀρχαὶ
3575 4404 3720 4460 οὕτω

2145 4515 2206 4567 γε
2227 4499 2641 4569 ὕποστήσονται.
2668 4496 2729 4550 τὸ
2751 4497 2930 4551 κινοῦν
2948 4499 3118 4553 καὶτὸ
3133 4499 3468 4570 κινούμενον.
3496 4498 3719 4571 Ποτέρῳ
3740 4532 3743 4533 ν

2141 4584 2233 4642 οὖν
2255 4587 2432 4641 αὐτῶν
2455 4585 2771 4657 ψηφίζεται,
2797 4587 2884 4643 ἵνα
2909 4590 3085 4644 έκεῖνο
3110 4591 3248 4663 μετά
3272 4590 3368 4646 τοῦ
3397 4589 3531 4644 Θεοῦ
3578 4590 3713 4643 ὕπο-

2065 4673 2111 4728 D
2142 4679 2466 4752 στησώμεθα
2485 4679 2730 4752 πρῶτον;

472 4795 601 4851 Cn.
626 4794 739 4853 VII.
770 4796 1075 4852 Vindicatus
1093 4800 1157 4852 ab
1182 4798 1577 4855 inordinatioue
1604 4810 1800 4855 motus.
1820 4799 2137 4873 Circularis.
2162 4799 2375 4873 Rectus.
2409 4798 2772 4856 Generatiom’s
2804 4811 2851 4856 et
2882 4804 3256 4873 corruptionis.
3292 4803 3639 4859 Alteratiom's
3662 4811 3714 4859 ct

1615 4889 1827 4927 sensum
1857 4872 2143 4942 afﬁcientis
2172 4872 2473 4941 qualitatis.

541 4985 767 5040 Accedit
819 4987 1055 5043 sermoni
1085 4991 1350 5060 appendix
1384 4991 1478 5046 illa
1513 5006 1743 5063 prorsus
1772 4992 2034 5057 extorris,

472 5077 856 5136 inordinatum.
891 5079 1122 5148 Quando
1144 5084 1289 5138 enim
1338 5092 1520 5141 motus
1550 5101 1660 5141 non
1713 5083 1900 5151 fuerit,
1930 5099 2038 5139 me-

473 5170 581 5225 rito
605 5170 839 5229 dicatur.
857 5170 1119 5240 Quaenam
1152 5190 1283 5230 vero
1310 5177 1472 5231 etiam
1502 5185 1749 5233 motuum
1778 5175 2038 5232 materia?

470 5258 611 5316 Num
641 5263 732 5332 qui
758 5274 942 5319 rectus
971 5272 1075 5331 est,
1100 5280 1169 5319 an
1197 5266 1486 5323 circularis
1521 5284 1538 5335 ;
1578 5268 1665 5323 vel
1689 5282 1811 5339 quae
1858 5266 2035 5337 quali-

472 5359 583 5409 tate
605 5368 823 5409 sensum
847 5355 1113 5414 alliciente
1139 5365 1438 5423 mutantur,
1470 5360 1551 5415 vel
1580 5359 1947 5432 generationis
1968 5372 2033 5413 ac

473 5447 839 5518 corruptionis
881 5450 1116 5506 motus?
1169 5449 1459 5508 Enimvero
1493 5453 1780 5509 circularis
1830 5460 2031 5514 motus,

469 5537 556 5590 sic
578 5537 811 5595 decorus
836 5547 921 5596 est
960 5549 1016 5598 et
1063 5543 1423 5614 compositus,
1455 5552 1515 5598 ut
1553 5558 1736 5599 rerum
1767 5543 2038 5598 universi-

477 5629 606 5683 tatis
640 5630 816 5685 ordini
846 5633 1117 5703 ascriptus
1142 5636 1214 5690 sit
1240 5655 1252 5691 :
1286 5650 1386 5691 nec
1420 5634 1841 5691 Manichaeorum
1871 5648 2036 5691 sensu

473 5717 564 5775 hic
594 5721 896 5791 culpandus
926 5724 1195 5795 videatur,
1226 5727 1280 5784 in
1309 5743 1420 5800 quo
1449 5728 1530 5783 sol
1576 5736 1631 5784 et
1672 5727 1804 5783 luna
1828 5769 1842 5795 ,
1898 5742 2038 5798 quos

2217 4989 2484 5065 Πρόσεστι
2510 4991 2568 5045 δὲ
2589 4991 2665 5063 τῷ
2691 4990 2835 5065 λόγῳ
2861 4992 3109 5061 ἐφόλκιον
3140 4991 3208 5045 τὸ
3240 4991 3498 5046 ἄτακτον
3537 4990 3714 5062 ἐξόρι-

2143 5101 2267 5140 στον
2298 5084 2576 5149 παντελῶς
2603 5083 2779 5140 τοῦτο.
2825 5084 3017 5139 Ὁπότε
3042 5086 3152 5157 γὰρ
3185 5084 3259 5155 μὴ
3286 5085 3500 5157 κίνησις
3521 5127 3536 5151 ,
3570 5082 3714 5137 εἰκό-

2139 5196 2247 5245 τως
2280 5178 2347 5233 ἃν
2370 5177 2598 5248 λέγοιτο.
2628 5178 2721 5242 Τίς
2750 5178 2807 5232 δὲ
2839 5178 2932 5233 καὶ
2959 5179 3067 5234 τῶν
3089 5179 3355 5251 κινήσεων
3378 5180 3412 5251 ἡ
3436 5176 3569 5248 ὕλης
3601 5177 3712 5231 Πόη-

2139 5285 2295 5341 τερον
2331 5270 2365 5340 ἡ
2394 5267 2517 5322 κατ’
2542 5267 2783 5333 εὐθεῖαν,
2806 5268 2839 5339 ἢ
2862 5269 2896 5341 ἠ
2922 5268 3391 5340 κυκλοφορητική·
3435 5268 3468 5340 ἢ
3513 5270 3546 5339 ἠ
3589 5271 3722 5321 κατ’

2131 5359 2433 5423 ἀλλοίωσιν,
2461 5359 2495 5430 ἢ
2520 5361 2554 5432 ὴ
2578 5358 2718 5413 κατὰ
2752 5359 2965 5428 γένεσιν
2990 5360 3082 5415 καὶ
3116 5355 3257 5413 κατὰ
3286 5358 3493 5432 φθοράν
3517 5375 3533 5423 ς
3569 5355 3708 5412 Ἀλλ’

2135 5453 2168 5524 ἡ
2211 5452 2307 5525 μὲν
2332 5451 2768 5524 κυκλοφορητικὴ
2796 5451 2939 5507 οὕτω
2963 5451 3185 5526 κοσμία,
3211 5451 3350 5506 ὥστε
3366 5455 3432 5524 τῇ
3461 5451 3554 5506 τοῦ
3577 5468 3709 5506 παν-

2132 5542 2224 5606 τὸς
2268 5540 2584 5595 ἀποδέδοται
2615 5541 2784 5605 τάξει.
2830 5542 2906 5595 Οὐ
2952 5541 3092 5595 κατά
3130 5542 3352 5607 τούτους
3400 5543 3458 5597 δὲ
3504 5543 3709 5611 ταύτην

2137 5632 2434 5695 αἰτιᾶσθαι,
2468 5634 2527 5685 ὲν
2618 5634 2647 5685 ὀ
2678 5631 2827 5704 ἥλιος
2877 5635 2973 5687 καὶ
3018 5635 3051 5705 ὴ
3102 5634 3328 5707 σελήνη,
3376 5634 3469 5695 οὓς
3512 5631 3705 5703 μόνους

2139 5724 2278 5779 θεῶν
2310 5723 2569 5778 αἰδεῖσθαί
2614 5740 2802 5793 φασιν·
2853 5724 2989 5779 ἀλλά
3016 5726 3114 5795 τὴν
3146 5726 3234 5780 ἐπ’
3268 5724 3481 5788 εὐθείας
3504 5740 3518 5755 ·
3570 5720 3708 5778 ἀλλὰ
