4110 6400
314 298 418 356 421

1198 284 1613 343 TRACTATUS
1649 283 1739 339 DE
1776 281 2091 339 PLACITIS
2125 280 2680 339 MANICHASORUM.

3455 285 3562 340 422

312 419 412 476 καὶ
460 413 636 489 ταύτῃ
677 413 846 485 πέρας
876 411 1108 481 ἐστὶν,ἡ
1151 409 1245 463 τοῦ
1295 407 1425 462 ἰδίου
1474 407 1637 460 τόπου
1687 403 1884 468 τεῦξις.

1996 400 2143 456 solos
2167 400 2393 456 deorum
2418 398 2672 456 venerari
2707 398 2880 454 aiunt.
2908 397 3013 454 Sed
3040 399 3134 470 qui
3159 408 3364 458 rectus.
3395 380 3561 472 Atqui

315 511 500 579 Πάν-τη
526 507 635 578 γὰρ
658 506 720 559 τὸ
738 505 922 576 γήϊνον
947 503 1219 555 πέπαυται
1238 497 1576 568 κινούμενον,
1606 496 1680 548 ὅτ’
1706 493 1771 547 ἂν
1788 492 1889 561 γῆς

314 601 645 672 ἐπιλάϐηται
665 616 678 629 ·
706 596 892 652 πᾶν-δὲ
919 594 1056 661 ζῶον
1085 592 1179 647 καὶ
1207 590 1371 657 φυτὸν
1403 587 1787 658 αὐξανόμενον,
1812 584 1887 637 ὅτ’

315 697 383 750 ἂν
415 695 509 749 τοῦ
552 694 681 748 ἰδίου
724 693 850 761 ὅρου
894 689 1166 758 ἐφίκηται.
1203 686 1364 739 Ὥστε
1398 685 1432 754 ἡ
1468 682 1669 735 τούτων
1706 680 1889 748 στάσις

315 785 681 856 εὐλογώτερος
711 784 777 838 ἂν
805 782 1033 843 θάνατος
1060 778 1270 847 γένοιτο
1287 778 1355 846 τῇ
1396 774 1496 846 ῦλῃ
1524 775 1557 844 ἡ
1590 774 1680 825 ὑπ’
1708 768 1888 823 αὐτῶν

313 880 520 950 ταύτης
546 874 852 945 πλεκομένη
892 873 1153 942 ἀνήνυτος
1183 868 1427 937 τελευτή.
1482 865 1590 934 Τὴν
1643 863 1699 915 δὲ
1748 858 1888 914 κατὰ

313 973 527 1045 γένεσιν
561 969 655 1023 καὶ
689 966 893 1039 φθορὰν
943 963 1061 1016 οὐδὲ
1096 962 1377 1031 ἐπινοῆσαι
1404 951 1512 1011 οἷόν
1550 974 1609 1010 τε
1652 957 1719 1026 τῇ
1754 954 1885 1006 ὑπο-

315 1065 463 1119 θέσει
529 1060 702 1132 ταύτῃ
756 1058 1169 1129 προσήκουσαν·
1236 1052 1498 1121 ἀγένητος
1543 1048 1651 1119 γὰρ
1703 1048 1885 1110 αὐτοῖς

316 1159 463 1210 ἐστιν
508 1156 542 1225 ἡ
573 1151 693 1223 ὖλη.
733 1151 798 1203 Εἰ
848 1149 905 1202 δέ
942 1164 1004 1215 γε
1043 1146 1141 1217 τὴν
1178 1143 1319 1198 κατά
1354 1142 1635 1198 ἀλλοίωσιν
1674 1139 1886 1210 κίνησιν

315 1245 685 1307 ἀποδώσουσιν
740 1242 878 1313 αὐτῇ
920 1237 1167 1311 (δοκοῦσι
1204 1236 1312 1309 γὰρ
1355 1235 1588 1306 μάλιστα
1619 1233 1776 1285 τοῦτο
1800 1230 1887 1282 λέ-

316 1360 464 1409 γειν,
507 1339 631 1393 ἐπεὶ
653 1339 738 1392 διὰ
773 1338 870 1407 τῆς
899 1334 1028 1406 ὕλης
1056 1333 1150 1388 καὶ
1182 1329 1483 1404 μεταϐολὰς
1520 1326 1667 1398 ἠθῶν
1699 1326 1792 1378 καὶ¹
1829 1326 1887 1377 ἐν

314 1437 383 1506 τῇ
418 1434 561 1504 ψυχῇ
592 1432 788 1495 κακίας
818 1424 957 1482 εἶναι
978 1427 1225 1496 λέγουσιν
1247 1424 1286 1495 )’
1326 1423 1544 1476 σκοπεῖν
1573 1419 1719 1483 ἀξιον
1738 1418 1885 1479 ὅπως

316 1527 450 1580 ποτὲ
484 1524 577 1579 καὶ
605 1522 779 1576 ταῦτά
810 1537 993 1592 φασιν.
1059 1515 1365 1571 Ἀλλοιοῦσα
1402 1512 1510 1586 γὰρ
1553 1509 1721 1581 αὐτὴν
1745 1547 1759 1573 ,
1800 1508 1886 1562 ἀεὶ¹

315 1618 538 1690 ἄρξεται
573 1617 665 1669 ἀπ’
711 1613 915 1686 ἀρχῆς·
945 1611 1038 1664 καὶ
1064 1608 1163 1662 τοῦ
1199 1606 1360 1679 μέσου
1394 1601 1657 1676 προϊοῦσα
1693 1599 1883 1670 ἐπιλή-

313 1710 497 1779 ψεται,
526 1707 618 1761 καὶ
645 1706 724 1768 εἰς
751 1704 813 1757 τὸ
836 1702 988 1766 τέλος
1017 1698 1189 1762 οὕτως
1217 1697 1487 1766 ἀφίξεται.
1543 1693 1682 1748 Ἀλλ’
1707 1693 1786 1755 εἰς
1825 1690 1885 1744 τὸ

1991 490 2118 544 huic
2146 505 2363 560 quoque
2394 490 2662 545 terminus
2698 497 2801 557 est,
2839 489 2985 559 quod
3015 490 3193 544 locum
3236 506 3395 545 suum
3428 508 3561 547 eon~

1990 589 2270 651 sequatur.
2303 579 2540 635 Prorsus
2572 580 2716 635 enim
2746 579 2887 649 quod
2906 587 3181 633 terrenum
3218 587 3320 643 est,
3347 596 3377 635 a
3411 591 3561 638 motu

1989 677 2168 725 cessat
2197 669 2288 724 ubi
2334 676 2536 724 terram
2579 667 2836 737 attigerit.
2872 668 3045 724 Omne
3089 684 3221 723 vero
3270 671 3471 724 animal
3505 681 3562 727 et

1990 763 2171 830 planta
2197 760 2478 815 crescendi
2516 758 2676 815 ﬁnem
2718 760 2866 824 facit,
2896 775 3019 813 cum
3055 762 3349 815 terminum
3397 778 3558 817 suum

1987 859 2236 907 assecuta
2270 851 2496 906 fuerint.
2530 851 2894 918 Quamobrem
2924 853 3141 906 illorum
3176 855 3350 922 quies,
3386 856 3561 909 ratio-

1986 943 2223 999 nabilius
2251 957 2399 998 mors
2434 942 2678 997 materiae
2710 941 2905 1008 fuerit,
2941 958 3102 1013 quam
3136 960 3258 1013 quae
3314 947 3382 999 ab
3425 946 3562 1015 ipsis

1986 1035 2106 1105 ejus
2129 1051 2275 1090 mors
2303 1034 2454 1089 nullo
2484 1035 2750 1105 explenda
2772 1037 2918 1090 exitu
2939 1038 3160 1091 texitur.
3188 1035 3557 1093 Motusautem

1987 1127 2357 1198 generationis
2388 1127 2843 1196 etcorruptionis,
2880 1144 2948 1183 ne
2970 1128 3193 1197 intelligi
3225 1129 3439 1198 quidem
3457 1145 3559 1199 p0-

1988 1226 2114 1282 test,
2151 1220 2274 1273 huic
2320 1226 2482 1288 aptus
2518 1229 2840 1290 argumento
2871 1236 2887 1284 ;
2920 1220 3121 1290 quippe
3153 1236 3274 1273 cum
3307 1222 3558 1286 materia,

1986 1310 2095 1365 illis
2121 1310 2357 1381 ingenita
2390 1311 2482 1366 sit.
2519 1310 2614 1364 Sin
2658 1322 2836 1365 autem
2880 1319 3085 1364 motum
3115 1312 3473 1377 alterationis,
3501 1321 3563 1369 ut

1985 1412 2201 1471 vocant,
2230 1416 2285 1460 et
2303 1420 2411 1474 quo
2438 1404 2700 1475 qualitate
2723 1420 2944 1460 sensum
2970 1405 3235 1460 alﬁeiente
3258 1413 3561 1472 mutamur,

1987 1495 2062 1549 illi
2113 1496 2465 1567 ascripserint
2517 1495 2666 1565 (hoc
2694 1496 2837 1550 enim
2888 1496 3121 1552 maxime
3163 1496 3345 1552 dicere
3373 1498 3563 1554 viden‘

1988 1596 2094 1651 tur,
2124 1586 2329 1641 idcirco
2359 1586 2618 1641 nimirum
2645 1586 2788 1656 quod
2813 1602 2908 1656 per
2938 1586 3220 1641 materiam
3251 1587 3413 1642 etiam
3438 1604 3559 1642 mu-

1985 1677 2088 1732 tari
2126 1691 2329 1743 mores,
2362 1683 2416 1730 et
2446 1677 2502 1731 in
2528 1678 2711 1730 animo
2734 1677 2922 1729 vitium
2953 1677 3162 1731 versari
3187 1676 3398 1746 dicunt)
3424 1691 3556 1748 ope-

315 1768 467 1862 τέλος
485 1768 794 1868 ’ἀφικομένη
823 1796 882 1847 οὐ
909 1794 1180 1862 στήσεται,
1201 1788 1255 1841 εἴ
1274 1804 1337 1858 γε
1362 1786 1517 1839 οὐσία
1543 1784 1688 1837 ἐστὶν
1716 1780 1884 1852 αὐτῆς

1993 1784 2065 1823 rae
2079 1769 2312 1840 pretium
2344 1769 2417 1824 sit
2440 1777 2499 1822 ut
2521 1768 2900 1838 dispiciamus,
2934 1783 3169 1839 quonam
3206 1768 3419 1824 tandem
3450 1785 3563 1823 mo-

314 1894 349 1962 ἡ
384 1891 696 1954 ἀλλοίωσις·
734 1887 868 1942 ἀλλά
900 1885 1058 1942 πάλιν
1097 1880 1406 1951 ἀνακάμψει
1448 1878 1537 1932 διὰ
1578 1876 1683 1929 τῶν
1708 1871 1885 1927 αὐτῶν

315 1983 411 2037 ἐπὶ
458 1982 557 2053 τὴν
588 1979 780 2053 ἀρχὴν,
834 1978 925 2033 καὶ
955 1976 1153 2047 ὁμοίως
1184 1972 1428 2028 ἐντεῦθεν
1470 1969 1562 2022 ἐπὶ
1608 1968 1667 2021 τὸ
1703 1967 1882 2053 τέλος·

315 2075 408 2128 καὶ
429 2072 623 2127 οῦποτε
652 2070 807 2124 τοῦτο
835 2069 1061 2123 ποιοῦσα
1090 2065 1374 2120 παύσεται.
1398 2057 1520 2116 Οἷον
1550 2062 1598 2115 εἰ
1624 2046 1885 2113 ἀλλοιοῖτο

315 2169 349 2237 η
369 2182 408 2220 a
436 2184 493 2235 γ,
523 2165 684 2236 μέσον
703 2163 758 2216 δὲ
777 2162 837 2215 τὸ
864 2161 971 2214 ἀπὸ
1000 2160 1102 2233 μὲν
1127 2158 1220 2213 τοῦ
1239 2157 1287 2223 ,ϐ
1303 2174 1316 2187 ο
1340 2172 1379 2208 α
1403 2158 1436 2226 ἠ
1465 2151 1732 2225 μεταϐολὴ
1757 2149 1884 2220 ἀφί-

317 2258 463 2322 ξεται
493 2257 586 2310 ἐπὶ
603 2255 665 2309 τὸ
685 2256 756 2320 β,
788 2254 882 2307 καὶ
906 2252 1114 2305 ἐκεῖθεν
1140 2249 1231 2302 ἐπὶ
1266 2246 1326 2301 τὸ
1372 2265 1427 2317 τ.
1471 2244 1640 2298 Πάλιν
1684 2242 1883 2306 τοίνυν,

312 2348 425 2403 ἀπὸ
448 2346 541 2401 τοῦ
574 2346 743 2419 ἄκρου
765 2345 859 2399 τοῦ
885 2364 926 2416 γ
951 2344 1042 2396 ἐπὶ
1069 2342 1128 2395 τὸ
1150 2342 1197 2406 ,β
1219 2338 1668 2408 ἀνακάμπτουσα,
1703 2330 1887 2401 ἀφίξε-

315 2440 408 2494 ταί
442 2455 571 2492 ποτε
626 2438 724 2491 ’ἐπὶ
774 2436 837 2490 τὸ
889 2452 954 2487 a‘
1018 2433 1113 2487 καὶ
1160 2430 1322 2484 τοῦτο
1373 2427 1523 2481 ἔσται
1575 2423 1885 2486 διαπαντός.

318 2531 529 2601 Ὠσπερ
560 2527 668 2583 ἀπὸ
712 2526 806 2581 τοῦ
853 2525 1078 2598 μέλανος
1123 2525 1157 2595 ἡ
1204 2517 1493 2592 μεταϐολὴ,
1554 2515 1714 2587 μέσον
1742 2512 1799 2567 δὲ
1827 2512 1888 2565 τὸ

318 2620 497 2689 φαιὸν,
529 2621 625 2674 καὶ
655 2620 821 2691 ἄκρον
845 2618 905 2672 τὸ
930 2616 1142 2671 λευκόν.
1182 2612 1351 2667 Πάλιν
1381 2610 1437 2663 δὲ
1475 2607 1740 2663 ἀνάπαλιν
1777 2604 1886 2659 ἀπὸ

315 2712 507 2763 τούτου
537 2710 629 2764 ἐπὶ
657 2710 717 2762 τὸ
742 2708 919 2778 φαιὸν,
950 2706 1043 2761 καὶ
1064 2704 1262 2777 ὁμοίως
1285 2701 1376 2756 ἐπὶ
1400 2699 1460 2754 τὸ
1489 2699 1656 2770 μέλαν
1675 2714 1691 2729 ⁸
1726 2696 1886 2750 πάλιν

315 2800 375 2853 δὲ
411 2801 519 2854 ἀπὸ
566 2799 659 2853 τοῦ
707 2797 900 2854 λευκοῦ
932 2798 966 2868 ἡ
995 2794 1138 2868 ἀρχὴ
1169 2793 1269 2864 τῆς
1309 2787 1663 2850 ἀλλοιώσεως,
1688 2787 1721 2855 ἡ
1753 2781 1888 2853 αὑτὴ

316 2891 504 2961 ἔφοδος
536 2892 660 2964 ἤδη.

319 2990 471 3045 Imm.
504 2987 745 3044 Rursum
797 3003 829 3043 e
883 2986 1181 3050 contrario,
1213 2981 1281 3035 ab
1314 2979 1439 3053 albo
1470 2976 1538 3032 ad
1567 2974 1800 3046 pullum,
1831 2983 1897 3024 ac
1932 2970 2186 3025 similiter
2228 2965 2297 3020 ad
2326 2968 2544 3036 nigrum
2597 2982 2611 3018 :

316 3086 409 3141 nis
436 3085 741 3152 exordium,
768 3084 1018 3154 idemque
1036 3082 1151 3151 jam
1185 3082 1587 3148 argumentum.

1989 1865 2060 1920 do
2089 1864 2251 1919 etiam
2294 1863 2410 1918 haec
2449 1863 2764 1934 loquantur.
2815 1861 2935 1933 Ipsa
2980 1878 3215 1933 namque
3255 1862 3570 1930 alterando,

1988 1971 2207 2026 semper
2233 1972 2264 2010 a
2295 1956 2567 2026 principio
2601 1955 2762 2011 ducet
2790 1956 3074 2011 exordium
3099 1973 3114 2021 ;
3146 1953 3570 2024 procedensqne

1985 2046 2222 2101 medium
2244 2045 2492 2116 attinget,
2517 2045 2682 2114 inque
2710 2059 2832 2099 eum
2861 2044 3080 2098 modum
3109 2042 3272 2097 ﬁnem
3299 2057 3568 2113 asseque-

1984 2145 2093 2192 tur.
2135 2136 2425 2192 Enimvero
2457 2151 2581 2190 cum
2612 2135 2676 2189 ad
2711 2135 2871 2190 ﬁnem
2906 2134 3236 2206 pervenerit,
3286 2151 3396 2189 non
3438 2152 3553 2206 qut-

1990 2231 2161 2290 escet,
2215 2224 2485 2295 siquidem
2540 2223 2791 2281 alteratio
2833 2224 2953 2293 ejus
2993 2224 3232 2279 essentia
3274 2234 3358 2279 est
3393 2241 3407 2289 ;
3462 2229 3561 2280 sect

1990 2332 2183 2373 rursus
2213 2331 2310 2387 per
2351 2315 2540 2371 eadem
2574 2313 2799 2370 ﬂectens
2820 2356 2836 2380 ,
2867 2315 2934 2369 ad
2963 2315 3289 2385 principium
3322 2324 3562 2371 reverte-

1991 2416 2104 2476 tur,
2150 2409 2278 2465 inde
2321 2408 2573 2465 similiter
2596 2409 2664 2462 ad
2703 2408 2905 2463 ﬁnem:
2940 2422 3043 2462 nec
3091 2408 3196 2462 hoc
3247 2406 3426 2462 facere
3458 2424 3565 2462 un-

1993 2519 2156 2574 quam
2193 2502 2455 2557 cessabit.
2509 2498 2668 2555 Velut
2697 2500 2743 2555 si
2773 2501 3072 2555 alterentur
3092 2516 3125 2552 a
3155 2507 3209 2554 et
3240 2515 3288 2563 c,
3324 2498 3562 2553 medium

1992 2603 2173 2652 autem
2223 2595 2297 2650 sit
2322 2594 2391 2660 b;
2426 2596 2655 2648 mutatio
2689 2610 2721 2647 a
2755 2601 2809 2648 et
2837 2595 2865 2646 b
2891 2593 3184 2664 perveniet,
3220 2600 3386 2662 atque
3433 2591 3567 2647 hinc

1993 2688 2060 2742 ad
2079 2704 2127 2745 c.
2153 2686 2366 2741 Rursus
2389 2686 2553 2755 igitur
2569 2685 2636 2739 ab
2662 2691 2908 2739 extremo
2936 2700 2963 2735 c
2992 2682 3058 2736 ad
3085 2682 3113 2734 b
3130 2681 3376 2747 ﬂectens,
3394 2696 3571 2751 quau-

1993 2780 2172 2850 doqne
2200 2795 2233 2832 α
2263 2784 2586 2846 assequetur
2617 2794 2632 2830 :
2662 2776 2874 2844 eritque
2912 2774 3014 2827 hoc
3039 2775 3318 2828 continue.
3344 2771 3505 2827 Velut
3528 2784 3562 2825 a

1993 2873 2153 2942 nigro
2193 2870 2470 2936 mutatio;
2526 2866 2787 2930 medium,
2828 2864 3073 2934 pullum;
3120 2873 3445 2929 extremum,
3487 2864 3569 2916 al-
3598 2883 3611 2892 ι

2671 2976 2973 3031 rursusque
3013 2961 3081 3016 ab
3134 2961 3258 3016 albo
3290 2958 3570 3015 alteratio‘

1165 3193 1296 3248 Car.
1326 3190 1463 3247 VIII.
1489 3190 1573 3244 An
1593 3186 1818 3243 materia
1844 3178 2125 3249 maleﬁca?
2162 3174 2235 3228 De
2258 3171 2367 3227 Deo
2397 3180 2446 3225 et
2474 3169 2720 3223 materia.

389 3324 529 3377 Κατ’
567 3319 850 3373 ἀλλοίωσιν
911 3312 1203 3376 κακοποιὸς
1249 3311 1397 3366 αἰτία
1454 3309 1602 3362 ἐστὶν
1666 3309 1700 3379 ἡ
1757 3305 1897 3375 ὕλης

2070 3294 2298 3349 Materia
2328 3286 2666 3345 alterationis
2711 3282 2927 3338 ratione
2957 3295 3125 3338 causa
3155 3290 3239 3337 est
3268 3282 3516 3339 maleﬁca
3549 3284 3578 3339 7

320 3415 397 3469 Οὐ
430 3411 630 3485 μᾶλλόν
662 3428 714 3464 τι
741 3407 1034 3470 κακοποιὸς
1080 3408 1113 3479 ἢ
1148 3402 1495 3474 ἀγαθοποιὸς,
1525 3400 1666 3455 οὕτω
1700 3417 1765 3469 γε
1786 3397 1894 3451 δεί-

322 3522 531 3561 κνυται.
569 3504 748 3557 Ἔστω
780 3501 889 3573 γὰρ
919 3504 952 3572 ἡ
989 3499 1131 3570 ἀρχὴ
1161 3498 1260 3566 τῆς
1293 3493 1630 3556 ἀλλοιώσεως
1661 3491 1769 3546 ἀπὸ
1801 3487 1893 3543 τοῦ

321 3595 517 3651 κακοῦ.
542 3593 751 3649 Οὐκοῦν
779 3593 949 3655 οὕτως
981 3590 1088 3645 ἀπὸ
1115 3589 1302 3643 τούτου
1332 3587 1420 3641 διά
1452 3584 1560 3639 τῶν
1587 3582 1895 3653 ἀδιαφόρων

323 3689 418 3740 ἐπὶ
456 3687 519 3741 τὸ
557 3685 759 3756 ἀγαθὸν
791 3686 825 3757 ἡ
872 3682 1173 3744 ἀλλοίωσις.
1220 3680 1357 3733 Ἀλλ’
1398 3677 1504 3732 ἀπὸ
1533 3676 1625 3729 τοῦ
1667 3672 1892 3744 ἀγαθοῦ.

323 3779 494 3833 Πάλιν
539 3777 719 3832 τοίνυν
750 3776 838 3830 διά
878 3775 1005 3849 τῶν,
1035 3772 1340 3843 ἀδιαφόρων
1384 3772 1416 3843 ἡ
1450 3769 1613 3842 ἀρχή.
1661 3767 1773 3820 Εἶτ’
1805 3766 1897 3819 ἐπὶ

320 3868 441 3922 τόδε
467 3868 526 3921 τὸ
551 3870 719 3940 ἄκρον
748 3856 845 3920 εἴτ’
883 3867 975 3919 ἐπὶ
997 3866 1059 3919 τὸ
1101 3864 1284 3935 ἓτερον
1324 3863 1359 3934 ἡ
1390 3862 1624 3932 κίνησις,
1660 3861 1690 3913 ό
1734 3857 1896 3921 αὐτὸς

323 3960 511 4029 λόγος’
546 3959 720 4015 ταῦτα
755 3959 819 4013 ὲκ
849 3955 1164 4029 περιουσίας
1200 3954 1439 4022 λέγεται.

394 4144 553 4196 Πᾶσα
584 4143 681 4212 μὲν
712 4140 822 4213 γάρ
853 4140 1065 4211 κίνησις
1097 4137 1225 4209 περὶ
1266 4136 1326 4190 τὸ
1361 4134 1558 4189 ποσόν·
1608 4132 1805 4196 κακίας
1839 4130 1897 4184 δὲ

323 4231 422 4286 καὶ
446 4231 645 4303 ἀρετῆς
658 4229 880 4302 ἡγεμών
908 4232 1056 4283 ἐστιν
1073 4229 1106 4300 ἡ
1126 4224 1363 4297 ποιότης.
1396 4224 1581 4279 Ταῦτα
1607 4224 1663 4277 δὲ
1690 4224 1775 4277 ὅτι
1802 4222 1896 4276 καὶ

324 4323 405 4395 τῷ
429 4322 574 4392 γένει
603 4323 904 4395 διώρισται,
942 4319 1119 4392 ἴσμεν.
1156 4320 1393 4391 Πότερον
1421 4318 1478 4371 δὲ
1521 4317 1679 4388 μόνον
1706 4317 1734 4368 ό
1765 4314 1899 4378 θεὸς

325 4415 422 4470 καὶ
444 4417 477 4482 ἡ
513 4413 612 4483 ὓλη
637 4415 784 4468 ἐστιν
816 4414 1000 4487 ἀρχαὶ,
1025 4413 1060 4484 ἦ
1087 4429 1138 4465 τι
1167 4411 1351 4481 ἕτερον
1383 4409 1687 4471 ἀπολείπει,
1715 4407 1743 4460 ὃ
1770 4404 1896 4459 τού-

325 4522 433 4558 των
457 4502 603 4557 ἐστὶν
632 4503 689 4555 ὲν
721 4502 905 4574 μέσῳ;
935 4501 998 4553 Εἰ
1037 4500 1133 4571 μὲν
1162 4499 1268 4568 γὰρ
1310 4497 1473 4568 μηδέν
1496 4498 1663 4557 ἐστιν,
1690 4493 1899 4563 ἄμικτα

327 4594 499 4649 ταῦτα
525 4593 877 4648 ὑπολείπεται
920 4591 1053 4665 πρὸς
1086 4588 1259 4644 αὑτά·
1291 4588 1473 4651 καλῶς
1509 4587 1618 4659 γὰρ
1660 4584 1896 4653 λέγεται,

1994 3388 2117 3444 Non
2158 3385 2332 3455 magis
2362 3379 2661 3437 maleﬁcam
2691 3392 2833 3437 esse,
2863 3390 3028 3445 quam
3084 3372 3380 3428 beneﬁcam
3443 3376 3574 3430 inde

1996 3478 2279 3551 probatur.
2307 3474 2390 3529 Sit
2422 3472 2569 3527 enim
2597 3466 2941 3522 alterationis
2973 3465 3303 3535 principium
3339 3479 3369 3516 a
3399 3466 3568 3518 malo.

1998 3571 2088 3626 Sic
2122 3570 2289 3639 igitur
2322 3565 2390 3620 ab
2419 3565 2543 3626 hoc,
2573 3575 2669 3631 per
2691 3573 2755 3612 ea
2783 3573 2903 3628 quae
2947 3556 3112 3611 medii
3146 3556 3362 3626 generis
3418 3564 3573 3622 sunt,

1997 3663 2248 3719 alteratio
2278 3667 2363 3715 est
2398 3656 2466 3711 ad
2520 3656 2747 3710 bonum.
2787 3649 2984 3705 Verum
3016 3657 3137 3704 esto
3165 3664 3195 3702 a
3229 3649 3393 3703 bono.
3427 3648 3577 3703 Rura

1996 3773 2093 3812 sua
2127 3755 2290 3825 igitur
2320 3765 2412 3820 per
2431 3763 2494 3803 ea
2534 3761 2655 3817 quae
2686 3742 2849 3798 medii
2886 3742 3100 3812 generis
3125 3747 3273 3804 sunt,
3306 3748 3389 3796 est
3420 3741 3574 3808 prin-

1997 3848 2221 3917 cipium.
2252 3841 2378 3897 Sive
2406 3839 2474 3894 ad
2508 3853 2676 3893 unum
2709 3843 3037 3896 extremum,
3081 3833 3198 3888 sive
3234 3831 3301 3886 ad
3334 3833 3572 3887 alterum

1998 3939 2069 3994 sit
2103 3946 2301 3999 motus,
2354 3931 2544 3987 eadem
2574 3938 2658 3983 est
2690 3927 2827 3982 ratio
2863 3943 2880 3991 ;
2929 3933 3094 3995 atque
3142 3924 3258 3979 hac
3290 3939 3355 3978 ex
3398 3923 3576 3979 abun-

1985 4028 2149 4085 [danti
2175 4027 2457 4081 dicuntur.

2068 4116 2260 4173 Omnis
2291 4119 2470 4167 motus
2492 4109 2639 4163 circa
2674 4105 3035 4178 quantitatem
3066 4110 3355 4159 versatur:
3404 4118 3577 4173 por-0

1997 4208 2232 4280 qualitas
2259 4202 2374 4258 vitii
2406 4202 2519 4256 dux
2564 4215 2629 4254 ac
2664 4197 2884 4253 virtutis
2929 4194 3166 4251 exsistit.
3201 4193 3421 4248 Scimus
3476 4208 3574 4244 au-

1998 4306 2107 4353 tem
2149 4298 2265 4351 haec
2306 4294 2469 4349 etiam
2502 4303 2701 4361 genere
2751 4285 3034 4356 distingui.
3074 4282 3212 4338 Num
3254 4297 3383 4337 vero
3429 4281 3572 4338 Deus

1998 4389 2262 4443 duntaxat
2294 4383 2631 4452 materiaque
2678 4377 2995 4450 principia;
3060 4391 3127 4430 an
3176 4374 3380 4444 aliquid
3421 4374 3572 4428 aliud

2001 4486 2271 4552 superest,
2301 4475 2447 4548 quod
2475 4474 2668 4529 horum
2705 4471 2942 4526 medium
2969 4468 3200 4524 exsistat
3227 4468 3251 4521 Ἰ
3288 4467 3572 4538 Siquidem

2001 4583 2182 4630 autem
2217 4571 2351 4626 nihil
2379 4576 2483 4635 est,
2515 4571 2738 4621 manent
2788 4564 2902 4618 haec
2936 4563 3080 4617 inter
3108 4577 3166 4617 se
3196 4561 3569 4617 incommista.

328 4688 431 4751 ὅτι,
476 4687 564 4740 ἴνα
606 4685 675 4740 τὰ
712 4685 855 4756 ἄκρα
899 4653 1084 4754 μιγθῇ,
1110 4681 1188 4735 δεῖ
1213 4681 1268 4733 τὶ
1292 4676 1428 4733 εἶναι
1456 4653 1532 4732 ὲν-
1544 4653 1714 4750 μέσῳ,
1748 4677 1897 4738 ὅπως

2002 4668 2166 4724 Recte
2185 4665 2327 4720 enim
2346 4661 2547 4717 dicitur
2576 4675 2592 4714 :
2623 4657 2670 4713 si
2694 4657 2911 4727 quidem
2942 4664 3185 4710 extrema
3215 4653 3587 4731 misceantur,

327 4777 500 4833 ταῦτα
531 4777 721 4848 συνδέῃ
744 4792 758 4807 ⁸
795 4777 843 4829 εί
868 4775 924 4829 δέ
958 4793 1010 4829 τι
1045 4774 1231 4843 ’ἕτερον
1262 4774 1517 4844 ὑπάρχει,
1551 4771 1765 4840 ἀνάγκη
1798 4767 1902 4820 πά-

330 4871 414 4926 λιν
451 4867 588 4924 είναι
627 4870 661 4942 ἢ
706 4867 993 4941 ἀσώματον
1036 4866 1070 4938 ἢ
1113 4865 1303 4935 σῶμα·
1336 4864 1475 4918 ὥστε
1519 4861 1710 4935 τριττὴ
1759 4859 1900 4932 ἀρχὴ

330 4962 629 5026 ὲπεισόδιος
660 4961 903 5031 γέγονεν.

401 5147 672 5219 Πρότερον
707 5143 764 5198 δὲ
804 5144 854 5197 εἰ
898 5142 1037 5206 ὅλως
1065 5142 1094 5195 ὁ
1123 5139 1255 5204 Θεὸς
1292 5140 1388 5195 καὶ
1428 5140 1464 5210 ἡ
1505 5136 1604 5209 mn
1632 5134 1897 5205 ἀσώματα

331 5239 586 5312 ἑκάτερα,
637 5236 916 5308 οὐδέτερον
964 5236 1024 5288 tv
1067 5230 1352 5303 οὐδετέρῳ,
1407 5229 1546 5301 πλὴν
1597 5229 1646 5281 si
1702 5227 1777 5299 μὴ
1823 5224 1899 5288 ὡς

331 5328 690 5405 γραμματικὴ
720 5330 778 5384 tv
801 5328 947 5399 ψυχῇ
969 5341 982 5356 ο
1010 5323 1169 5379 τοῦτο
1202 5323 1261 5376 δὲ
1287 5323 1487 5379 ἄτοπον
1523 5320 1616 5375 ἐπὶ
1638 5317 1773 5372 Θεοῦ
1805 5316 1900 5371 καὶ

333 5422 509 5494 ’Υλης
531 5422 782 5475 ἐπινοεῖν.
810 5418 877 5471 Et
905 5416 964 5471 δὲ
987 5415 1065 5480 ὡς
1095 5416 1154 5468 tv
1184 5411 1346 5484 κενῷ,
1389 5409 1466 5476 ὣς
1487 5426 1632 5473 τινες
1658 5410 1897 5478 λέγουσι,

335 5511 397 5565 τὸ
443 5515 595 5568 κενὸν
620 5510 698 5583 τῷ
732 5508 898 5564 παντὶ
936 5504 1339 5580 περικεχῶσθαι
1356 5521 1371 5536 ο
1405 5504 1469 5558 τὸ
1508 5503 1695 5573 ἕτερον
1739 5498 1901 5553 πάλιν

337 5600 724 5657 ἀνυπόστατον.
757 5597 929 5653 Οὐσία
955 5597 1065 5669 γὰρ
1107 5595 1201 5651 τοῦ
1246 5593 1406 5650 κενοῦ
1436 5595 1499 5648 τὸ
1530 5592 1714 5666 μηδέν.
1750 5592 1813 5645 Et
1842 5589 1901 5643 δὲ

1997 4773 2225 4814 necesse
2254 4761 2339 4810 est
2370 4767 2492 4808 esse
2521 4747 2727 4823 aliquid
2763 4748 2816 4802 in
2845 4747 3046 4813 medio,
3069 4745 3215 4816 quod
3248 4746 3339 4799 illa
3371 4759 3574 4799 conne-

1997 4858 2127 4907 ctat.
2166 4846 2264 4902 Sin
2320 4851 2500 4899 autem
2530 4840 2677 4896 aliud
2711 4838 2843 4911 quid
2896 4838 3132 4903 exsistit,
3177 4852 3403 4893 necesse
3455 4850 3575 4890 rur-

1998 4958 2093 4999 sus
2125 4946 2214 4994 aut
2250 4938 2632 5004 incorporeum
2669 4939 2763 4986 aut
2791 4944 2993 4999 corpus
3020 4943 3183 4995 esse;
3238 4936 3404 4998 atque
3433 4926 3572 4982 adeo

1995 5034 2221 5089 tertium
2241 5027 2595 5084 adventitium
2621 5021 2948 5095 principium
2972 5020 3214 5076 emersit.
3384 5089 3390 5095 .

2074 5125 2317 5181 Primum
2360 5123 2545 5190 itaque
2576 5119 2624 5174 si
2674 5115 2817 5172 Deus
2844 5122 2899 5168 et
2922 5112 3150 5168 materia
3171 5110 3328 5165 ambo
3345 5123 3574 5180 prorsus

2006 5221 2368 5289 incorporea;
2416 5218 2676 5267 neutrum
2705 5209 2762 5263 in
2800 5206 2995 5267 altero,
3044 5213 3402 5273 praeterquam
3426 5200 3571 5271 quod

2005 5312 2150 5368 sicut
2180 5304 2533 5380 grammatica
2558 5306 2644 5356 est
2678 5299 2733 5353 in
2762 5296 2965 5353 anima.
2991 5293 3105 5349 Hoc
3136 5300 3318 5348 autem
3362 5292 3419 5345 in
3460 5291 3576 5346 Deo

2007 5410 2063 5457 et
2087 5397 2316 5456 materia
2349 5392 2673 5463 intelligere,
2733 5386 3030 5443 absurdum
3063 5392 3166 5440 est.
3217 5382 3274 5437 Si
3305 5392 3482 5438 autem
3512 5389 3574 5435 nt

2010 5495 2067 5550 in
2086 5505 2280 5555 vacuo,
2310 5495 2372 5544 ut
2416 5485 2639 5557 quidam
2684 5482 3007 5552 loquuntur,
3050 5491 3283 5532 vacuum
3315 5475 3575 5530 universo

2005 5584 2136 5640 huic
2166 5576 2559 5636 circumfusum
2592 5587 2744 5640 esse;
2777 5571 3007 5625 alterum
3040 5583 3237 5623 rursus
3265 5566 3574 5622 substantia

337 5693 412 5755 ὼς
451 5687 852 5760 συμϐεϐηκότα,
887 5685 1102 5762 πρῶτον
1155 5686 1254 5758 μὲν
1292 5686 1553 5740 ἀδύνατον
1589 5682 1744 5738 τοῦτο
1762 5700 1775 5714 ·
1812 5682 1905 5736 οὐ·

2010 5681 2181 5733 caret.
2218 5670 2387 5727 Vacui
2418 5670 2562 5745 enim
2595 5662 2907 5720 substantia
2953 5659 3091 5715 nihil
3127 5666 3231 5717 est.
3261 5656 3358 5712 Sin
3393 5662 3574 5710 autem

342 5784 464 5847 οἵας
525 5780 634 5848 γὰρ
693 5780 890 5847 ἄμοιρα
951 5780 1099 5846 ὄντα,
1160 5776 1398 5847 οὐδαμοῦ
1464 5772 1601 5834 εἶναι
1659 5774 1900 5830 δύναται.

2012 5775 2072 5824 ιιι
2102 5763 2432 5829 accidentia,
2475 5758 2713 5831 primum
2757 5752 2976 5831 quidem
2998 5765 3076 5828 ea
3102 5765 3193 5809 res
3221 5745 3576 5822 impossibilia
