4110 6422
493 332 598 387 4⁸25

1475 323 1871 382 ALEXANDRI
1913 323 2221 382 EPlSCOPl
2260 316 2766 380 LYCOPOLITANI

3637 326 3743 381 42-)

495 458 602 504 est.
635 445 764 514 Qum
793 445 935 500 enim
959 443 1267 499 substantia
1281 447 1490 505 carent,
1524 442 1673 496 nullo
1696 450 1927 512 usquam
1945 441 2059 493 loco

2174 442 2309 512 Ὀχη
2319 460 2394 512 μα
2421 441 2530 513 γὰρ
2551 441 2738 513 ὥσπερ
2766 440 2912 497 ἐστὶν
2939 433 3209 511 ὑποϐεϐλη
3220 430 3376 510 μένον
3402 439 3512 502 τοῖς
3538 441 3742 510 συμϐε-

491 547 720 610 possunt
745 554 885 593 esse.
922 536 1016 590 Est
1046 535 1190 590 enim
1220 534 1526 591 substantia
1559 534 1716 604 quasi
1746 533 2059 587 vehiculum

489 629 866 685 accidentibus
893 628 1162 697 subjecta.
1193 626 1349 692 Quod
1394 626 1440 680 si
1478 627 1638 680 ambo
1682 639 1933 694 corpora,
1968 639 2064 678 ne-

489 739 647 780 cesse
672 731 757 777 est
778 730 1015 792 utraque
1045 729 1140 775 aut
1163 721 1346 792 gravia
1367 735 1506 782 esse,
1532 727 1625 773 aut
1649 730 1880 788 utraque
1900 717 2060 782 levia,

489 824 582 870 aut
607 815 823 884 media;
857 824 952 869 aut
977 812 1640 883 alterumquidemgrave,
1663 812 1892 867 alterum
1926 811 2062 876 leVe,

489 907 636 962 aliud
661 907 921 962 medium.
960 905 1086 960 Sive
1113 905 1280 976 igitur
1304 913 1536 975 utra-que
1558 905 1767 976 gravia,
1793 907 1874 962 sic
1907 905 2066 976 plane

489 1015 714 1055 necesse
744 1007 828 1055 est
864 1000 978 1053 haec
1001 998 1189 1054 eadem
1223 1007 1277 1052 et
1302 999 1358 1051 in
1380 997 1595 1053 l'evibus
1620 1011 1764 1064 esse,
1794 1001 1848 1053 et
1897 999 1957 1054 in
1996 1000 2066 1056 iis

487 1107 609 1159 qua-
643 1099 774 1145 sunt
805 1091 983 1146 media
1020 1110 1032 1144 :
1076 1091 1190 1146 sive
1222 1090 1574 1146 dissentanea
1608 1091 1740 1153 sint,
1767 1091 1913 1146 aliud
1945 1106 2064 1146 om-

489 1185 620 1244 nino
671 1191 944 1239 secretum
977 1183 1080 1237 erit
1109 1183 1179 1236 ab
1201 1183 1329 1236 alio.
1371 1183 1550 1237 Alium
1591 1183 1734 1237 enim
1768 1184 1870 1238 sibi
1901 1199 2065 1255 grave

489 1276 668 1329 locum
698 1275 959 1341 vindicat,
998 1283 1161 1344 atque
1191 1274 1338 1328 aliud
1367 1272 1512 1344 quod
1535 1275 1772 1329 medium
1797 1276 2064 1338 est,aliud

486 1367 622 1423 leve.
669 1367 775 1420 Alii
819 1365 1078 1420 nimirum
1123 1367 1282 1421 locus
1343 1379 1561 1420 sursum
1613 1367 1909 1436 competit;
1945 1367 2057 1431 alii,

487 1458 777 1525 deorsum;
814 1458 930 1521 alii,
985 1458 1132 1529 quod
1163 1458 1272 1512 situ
1318 1459 1558 1513 medium
1603 1469 1706 1514 est.
1754 1458 1886 1529 Ejus
1936 1475 2064 1514 vero

488 1553 632 1621 quod
664 1552 940 1622 sphaericaa
985 1551 1169 1623 figura:
1197 1563 1300 1616 est,
1336 1553 1492 1607 locus
1543 1551 1785 1616 inﬁmus,
1822 1553 2063 1607 medium

486 1654 589 1702 est.
619 1647 701 1700 Ab
728 1647 822 1701 illo
852 1648 996 1701 enim
1021 1646 1087 1700 ad
1116 1646 1299 1700 omnia
1329 1646 1630 1700 excelsiora
1659 1645 1726 1699 ad
1745 1659 2058 1715 supremam

487 1751 660 1804 usque
691 1734 1036 1806 superficiem
1071 1735 1436 1806 undequaque
1465 1742 1550 1790 est
1582 1734 1868 1789 distantia.
1907 1734 2062 1790 Cun-

486 1836 684 1900 ctaque
709 1844 902 1883 rursus
941 1828 1148 1900 gravia,
1187 1828 1548 1897 undequaque
1586 1827 1640 1880 in
1672 1827 1848 1896 ipsum
1886 1826 2066 1881 ferun-

487 1929 597 1976 tur.
632 1920 904 1986 Quocirca
937 1920 1103 1974 etiam
1132 1919 1312 1975 ridere
1341 1919 1538 1982 subiit,
1574 1918 1814 1972 audienti
1843 1937 1855 1972 :
1889 1916 2062 1973 Mate-

2170 532 2393 604 ϐηκόσιν
2425 535 2457 603 ή
2491 534 2666 586 οὐσία.
2705 533 2854 586 Εἴτε
2899 532 3126 603 σώματα
3171 531 3426 601 ἑκάτερα,
3463 531 3677 602 ἀνάγκη
3706 532 3739 603 ἢ

2167 622 2334 691 ἄμφω
2369 620 2538 693 βαρέα
2568 617 2724 685 εἶναι,
2755 617 2787 690 ἢ
2820 623 2985 691 ἄμφω
3015 620 3209 689 κοῦφα,
3244 621 3276 691 ἢ
3309 621 3468 692 μέσα·
3498 621 3530 689 ἢ
3559 621 3619 673 τὸ
3645 621 3744 691 μὲν

2170 714 2329 786 βαρὺ,
2361 715 2393 785 ἢ
2429 715 2488 768 τὸ
2516 715 2572 767 δὲ
2619 714 2840 782 κοῦφον,
2943 714 3002 767 τὸ
3031 713 3086 766 δὲ
3124 712 3306 784 μέσον.
3341 711 3464 765 Εἴτε
3499 707 3590 765 οὖν
3616 711 3745 766 ἑκά-

2166 825 2299 880 τερα
2331 807 2518 877 βαρέα,
2551 797 2812 879 σύμπασα
2841 795 3010 870 οὕτως
3039 806 3251 876 ἀνάγκη
3281 803 3418 858 εἶναι
3451 805 3576 859 τάδε
3605 805 3744 860 αὐτὰ

2167 902 2261 954 καὶ
2289 902 2381 953 ἐπὶ
2404 901 2510 952 τῶν
2536 901 2751 969 κούφων
2779 900 2871 952 καὶ
2897 899 2989 952 ἐπὶ
3013 897 3120 951 τῶν
3153 899 3352 968 μέσων·
3382 898 3490 950 εἴτε
3529 898 3739 969 παραλ-

2165 993 2430 1056 λάττοιτο,
2466 993 2526 1046 τὸ
2563 992 2748 1064 ἕτερον
2780 991 2996 1054 πάντως
3035 989 3129 1042 τοῦ
3163 981 3349 1061 ἐτέρου
3385 991 3536 1041 ἔσται
3569 1007 3744 1060 κεχω-

2167 1085 2443 1156 ρισμένον.
2478 1083 2668 1144 Ἀλλος
2697 1083 2806 1153 γὰρ
2835 1081 2911 1151 τῷ
2954 1081 3132 1153 βάρει,
3163 1082 3256 1133 καὶ
3289 1081 3445 1146 ἄλλος
3483 1081 3562 1152 τῷ
3594 1081 3744 1151 μέσῳ

2166 1177 2259 1230 καὶ
2285 1175 2362 1246 τῷ
2388 1174 2572 1244 κούφῳ
2601 1171 2762 1238 τόπος
2785 1191 2797 1202 ·
2831 1174 2907 1244 τῷ
2943 1173 3040 1244 μὲν
3073 1173 3180 1244 γὰρ
3218 1173 3278 1225 τὸ
3311 1173 3441 1236 ἄνω,
3485 1173 3562 1244 τῷ
3597 1173 3653 1226 δὲ
3684 1173 3745 1226 τὸ

2165 1270 2335 1335 κάτω,
2358 1269 2433 1339 τῷ
2455 1269 2509 1321 δὲ
2533 1265 2592 1321 τὸ
2617 1267 2796 1338 μέσον.
2817 1267 3024 1330 Παντὸς
3041 1266 3096 1319 δὲ
3118 1266 3485 1336 σφαιροειδοῦς
3513 1267 3573 1319 τὸ
3594 1267 3750 1320 κάτω

2167 1363 2330 1434 μέσον
2365 1363 2539 1416 ἐστίν·
2575 1361 2681 1417 ἀπὸ
2718 1363 2826 1434 γὰρ
2852 1360 3016 1414 αὐτοῦ
3045 1353 3182 1432 πρὸς
3225 1362 3333 1414 πᾶν
3361 1361 3420 1413 τὸ
3467 1361 3742 1432 μετέωρον

2165 1463 2292 1535 ἄχρι
2324 1462 2423 1532 τῆς
2461 1462 2572 1516 ἄνω
2605 1463 2922 1532 ἐπιφανείας
2962 1460 3224 1514 πάντοθεν
3258 1462 3406 1514 ἐστιν
3433 1462 3466 1531 ή
3503 1459 3743 1512 ἀπόστα-

2167 1569 2270 1617 σις.
2305 1555 2414 1606 Καὶ
2445 1555 2621 1609 πάντα
2651 1553 2812 1607 πάλιν
2845 1552 2914 1605 τὰ
2949 1553 3116 1624 βαρέα
3146 1552 3482 1622 πανταχόθεν
3513 1550 3743 1620 φέρεται

2165 1644 2251 1696 ἐπ’
2290 1645 2439 1699 αὐτό.
2487 1645 2576 1698 Διὸ
2615 1636 2707 1699 καὶ
2738 1644 2972 1714 γέλωτός
3012 1661 3100 1714 μοι
3147 1643 3380 1714 ἐπῆλθεν
3425 1642 3736 1703 ἀκούσαντι,

2168 1737 2249 1791 ὅτι
2277 1730 2597 1808 κινουμένη
2642 1729 2681 1808 ἦ
2729 1738 2845 1805 ὕλη
2894 1725 3170 1803 ἀτάκτως
3226 1735 3417 1807 (τοῦτο
3464 1735 3571 1806 γὰρ
3600 1735 3742 1802 αὐτῇ

2168 1829 2309 1883 κατὰ
2341 1829 2523 1899 φύσιν)
2581 1833 2668 1896 εις
2700 1829 2812 1898 τὴν
2840 1831 2944 1884 τοῦ
2976 1829 3121 1883 Θεοῦ
3160 1829 3406 1898 ἀφίκετο
3437 1826 3667 1896 χώραν,
3701 1825 3740 1892 ἢ

2167 1919 2232 1986 ἐς
2254 1920 2381 1989 φῶς
2413 1919 2512 1973 καὶ
2542 1919 2841 1988 λαμπρὸν,
2883 1920 2976 1973 καὶ
3011 1920 3188 1972 πάντα
3215 1917 3284 1970 τὰ
3323 1916 3568 1970 τοιαῦτα.

486 2017 789 2081 riam,dum
813 2017 1151 2095 incomposite
1168 2024 1401 2070 mavetur
1419 2031 1481 2069 ac
1498 2016 1795 2070 inordinate
1813 2015 1890 2087 (id
1909 2016 2055 2071 enim
2100 2017 2181 2072 illi
2211 2033 2276 2073 ex
2303 2027 2499 2072 natura
2533 2018 2636 2088 est)
2679 2018 2747 2070 ad
2772 2016 2870 2071 Dei
2911 2018 3137 2072 evasisse
3179 2017 3460 2087 regionem,
3520 2015 3626 2068 sive
3673 2012 3741 2065 ad

487 2115 651 2167 lucem
677 2123 724 2167 et
747 2114 1067 2177 claritatem,
1096 2114 1326 2184 ejusque
1359 2114 1577 2185 generis
1603 2115 1811 2171 omnia.

559 2204 618 2260 Si
666 2213 847 2262 autem
891 2206 1038 2260 aliud
1088 2215 1310 2276 corpus,
1347 2203 1494 2260 aliud
1517 2206 1896 2277 incorporeum
1926 2214 2011 2263 est
2045 2225 2058 2262 :

487 2300 720 2366 primqu
752 2299 968 2368 quidem
998 2300 1142 2370 quod
1175 2312 1377 2368 corpus
1405 2307 1511 2363 est,
1549 2299 1605 2353 in
1628 2300 1808 2355 solum
1859 2300 2062 2356 mobile

487 2399 590 2446 est.
608 2389 898 2453 Prmterea,
915 2391 1183 2461 siquidem
1204 2391 1545 2445 incommista
1563 2397 1692 2445 sunt
1714 2391 2061 2462 unumquod-

486 2497 592 2552 que
620 2498 868 2538 seorsum
892 2482 958 2536 ab
981 2483 1153 2538 altero
1185 2482 1486 2538 secundum
1505 2481 1780 2552 propriam
1804 2491 2060 2537 naturam

487 2585 593 2630 est.
627 2575 725 2630 Sin
769 2590 896 2629 vero
948 2575 1180 2630 alterum
1222 2575 1378 2630 alteri
1436 2575 1785 2630 commistum
1819 2583 1922 2639 est,
1947 2583 2062 2642 ,aut

487 2668 687 2732 anima,
747 2675 841 2722 aut
890 2683 1044 2722 mens
1081 2667 1307 2733 fuerint,
1343 2675 1438 2721 aut
1471 2665 1749 2722 accidens.
1784 2664 1877 2721 Sic
1911 2667 2059 2722 enim

487 2760 831 2815 solummodo
848 2760 1171 2830 incorporea
1201 2761 1526 2830 corporibus
1555 2758 1905 2814 commisceri
1929 2773 2063 2813 con-

487 2852 667 2923 tingit.

2241 2206 2304 2260 Ei
2332 2207 2388 2260 δὲ
2420 2206 2480 2260 τὸ
2511 2205 2609 2276 μὲν
2651 2205 2829 2276 σῶμα,
2862 2205 2922 2256 τὸ
2955 2195 3012 2257 δὲ
3045 2203 3353 2275 ἀσώματον,
3393 2204 3607 2275 πρῶτον
3644 2205 3742 2275 μὲν

2167 2292 2196 2352 ὃ
2229 2301 2343 2353 ἐστι
2381 2298 2558 2368 σῶμα,
2618 2288 2776 2368 μόνον
2804 2289 3018 2368 κινητόν
3048 2299 3216 2349 ἐστιν’
3243 2296 3430 2349 ἔπειτα
3461 2297 3537 2362 δὲ,
3561 2298 3608 2349 εί
3643 2296 3745 2367 μὲν·

2167 2394 2401 2463 ἄμικτα,
2450 2391 2598 2444 ἐστὶν
2639 2392 2897 2462 ἑκάτερον
2941 2391 3110 2462 χωρὶς
3149 2391 3407 2462 ἐκατέρου
3455 2390 3594 2443 κατά
3643 2389 3748 2461 τὴν

2167 2484 2370 2537 οἰκείαν
2403 2484 2562 2554 φύσιν
2583 2501 2595 2514 ’
2645 2485 2691 2536 εἰ
2723 2483 2778 2536 δὲ
2817 2483 3078 2553 μέμικται
3108 2483 3168 2536 τὸ
3199 2483 3383 2554 ἕτερον
3423 2482 3502 2553 τῷ
3543 2483 3743 2552 ἑτέρῳ,-

2167 2573 2200 2646 ἥ
2227 2577 2372 2649 ψυχὴ
2395 2577 2427 2646 ἦ
2451 2577 2576 2640 νοῦς
2602 2577 2635 2648 ἢ
2660 2571 3002 2648 συμϐεϐηκὸς
3035 2565 3101 2630 ἂν
3125 2575 3230 2646 εἴη.
3260 2575 3416 2630 Οὕτω
3441 2575 3549 2647 γὰρ
3578 2575 3745 2646 μόνον’

2167 2667 2235 2720 τὰ
2270 2666 2535 2738 ἀσώματα
2562 2660 2673 2732 τοῖς
2706 2667 2919 2738 σώμασι
2953 2667 3182 2739 πάρεστι
3215 2666 3526 2739 μίγνυσθαι.

485 2989 618 3044 CAP.
644 2985 736 3042 lX.
778 2987 1020 3040 Ridicula
1049 2977 1468 3039 Manichaeorum
1497 2985 1738 3038 mate‘r‘iw
1763 2985 1821 3037 in
1850 2983 2016 3037 Deum
2050 2994 2224 3039 matus
2264 2985 2476 3039 deliria.
2521 2985 2686 3049 Deus,
2714 2987 2954 3039 malefice
2999 2995 3185 3040 αιιειονς
3227 2985 3549 3050 rebellionis,
3583 3005 3742 3044 sensu

564 3070 566 3072 '
665 3056 1020 3112 Manichaico.
1052 3057 1297 3110 Materia:
1325 3057 1574 3125 appetitio
1606 3056 1738 3109 lucis
1760 3064 1809 3109 et
1825 3054 2140 3123 splendoris,
2160 3055 2314 3110 bona.
2343 3056 2494 3109 Bona
2525 3057 2703 3110 divina
2733 3057 2864 3110 nihil
2890 3073 2954 3110 ex
2986 3059 3298 3112 commercio
3331 3059 3562 3114 minora.

557 3193 665 3250 Sed
708 3208 944 3265 quonam
978 3193 1140 3247 modo
1169 3192 1224 3245 in
1257 3191 1354 3245 Dei
1403 3191 1681 3261 regionem
1729 3205 1793 3244 ac
1851 3189 2057 3253 sedem,
2088 3199 2132 3257 α

489 3303 664 3357 quave
703 3303 769 3340 ex
827 3300 995 3340 causa
1031 3286 1245 3338 invecta
1270 3283 1398 3338 est?
1427 3283 1504 3337 illi
1540 3281 1760 3352 quidem
1783 3297 1850 3335 ex
1870 3289 2068 3334 natura

484 3390 569 3435 est
590 3381 744 3434 locus
773 3377 1030 3433 deorsum
1056 3389 1110 3431 et
1132 3377 1387 3440 tenebras,
1415 3385 1474 3429 ut
1501 3375 1834 3445 loquuntur;
1870 3381 2070 3444 praeter

492 3481 744 3526 naturam
777 3486 906 3525 vero
953 3471 1108 3524 locus
1141 3483 1361 3524 sursum
1403 3478 1457 3524 et
1507 3468 1623 3522 lux.
1671 3466 2065 3532 Quamobrem,

488 3575 669 3620 motus
701 3565 751 3619 ei
782 3573 916 3618 tunc
952 3562 1415 3634 prazternaturalis
1441 3561 1562 3615 fuit.
1594 3559 1766 3631 Eique
1794 3559 2068 3630 ejusmodi

486 3653 691 3724 aliquid
718 3652 937 3716 accidit,
973 3668 1036 3707 ac
1071 3652 1118 3708 si
1152 3655 1275 3721 quis
1303 3649 1534 3720 lapidem
1562 3659 1657 3704 aut
1681 3650 1893 3721 glebam
1908 3658 2066 3705 terra;

487 3762 705 3800 sursum
742 3743 1035 3814 projecerit
1063 3761 1076 3808 ;
1115 3757 1223 3812 qua
1255 3743 1442 3812 utique
1473 3741 1686 3796 ratione
1706 3757 1771 3796 ea
1796 3757 1886 3797 res
1931 3757 2064 3812 pro-

486 3837 726 3907 jicientis
750 3838 951 3905 impetu
982 3835 1262 3905 paululum
1300 3835 1496 3898 levata,
1520 3849 1645 3888 cum
1679 3849 1904 3888 sursum
1935 3849 2063 3888 eva-

489 3932 642 3994 serit,
678 3930 736 3982 in
777 3927 1025 3983 eumdem
1079 3929 1259 3982 locum
1305 3927 1508 3982 decidit
1534 3941 1598 3980 ac
1625 3926 1756 3979 ruit.
1795 3924 2059 3992 Quisnam

491 4025 656 4096 igitur
689 4023 968 4079 materiam
990 4023 1054 4077 ad
1088 4031 1384 4092 supernum
1417 4022 1597 4075 locum
1630 4021 1825 4076 levavit
1856 4021 1878 4074 ?
1917 4018 2058 4074 Sane

487 4117 707 4188 quidem
759 4116 874 4172 suis
908 4116 1140 4178 meritis,
1177 4131 1241 4170 ac
1269 4129 1336 4169 ex
1364 4130 1423 4169 se
1461 4114 1600 4184 ipsa,
1633 4127 1698 4168 eo
1728 4123 1877 4167 motu
1912 4112 2055 4166 haud

487 4217 768 4264 moveatur
800 4209 893 4280 qui
926 4209 1047 4279 ejus
1100 4209 1216 4276 ipse
1241 4209 1493 4262 exsistat.
1534 4205 1769 4261 Necesse
1798 4221 1929 4260 vero
1973 4213 2056 4260 est

484 4305 595 4357 vim
624 4307 673 4358 ei
713 4304 918 4356 illatam
958 4317 1082 4357 esse
1108 4306 1167 4356 ut
1191 4315 1410 4355 sursum
1443 4299 1701 4362 ferretur,
1732 4298 1876 4352 haud
1895 4313 2054 4353 secus

485 4407 549 4450 ac
590 4395 753 4466 lapidi
781 4403 835 4449 et
863 4395 1053 4464 glebae.
1088 4391 1291 4448 Verum
1343 4391 1480 4445 nihil
1512 4391 1587 4444 illi
1631 4405 1754 4444 cum
1797 4405 1860 4444 ea
1888 4389 2054 4444 relin-

483 4495 678 4558 qtiunt,
713 4493 905 4556 praeter
935 4485 1124 4540 Deum.
1164 4483 1509 4538 Manifestum
1544 4482 1708 4553 igitur
1761 4481 1894 4551 quid
1924 4480 2052 4536 inde

2246 3193 2385 3246 Ἀλλ’
2423 3195 2571 3257 ὅπως
2600 3193 2803 3264 ἠνέχθη
2830 3195 2909 3256 είς
2948 3193 3045 3266 τὴν
3084 3194 3176 3246 τοῦ
3200 3194 3335 3248 Θεοῦ
3363 3195 3565 3267 χώραν,
3606 3197 3637 3268 ἢ
3677 3196 3740 3248 ἐκ

2170 3285 2327 3348 ποίας
2375 3285 2586 3351 αίτίας;
2630 3287 2769 3339 κατὰ
2817 3285 2976 3354 φύσιν
3018 3287 3115 3356 μὲν
3156 3287 3264 3357 γὰρ
3302 3288 3439 3358 αὐτῇ
3486 3288 3543 3340 τὸ
3588 3289 3744 3340 κάτω

2167 3377 2261 3430 καὶ
2284 3378 2344 3431 τὸ
2374 3371 2580 3442 σκότος,
2609 3377 2687 3440 ὥς
2713 3395 2864 3446 φασι,
2897 3377 3050 3451 παρὰ
3075 3378 3234 3448 φύσιν
3256 3379 3310 3432 δὲ
3332 3379 3394 3432 τὸ
3423 3379 3534 3432 ἄνω
3565 3379 3741 3432 καὶτὸ

2168 3469 2283 3540 φῶς
2302 3488 2316 3503 ο
2357 3469 2432 3534 ὥς
2457 3487 2521 3539 γε
2567 3470 2717 3541 παρὰ
2757 3469 2919 3539 φύσιν
2951 3470 3072 3522 τότε
3101 3470 3323 3538 γέγονεν
3358 3471 3496 3542 αὐτῇ
3522 3473 3554 3543 ἡ
3583 3471 3737 3542 κίνη-

2168 3582 2272 3628 σις.
2319 3565 2428 3616 Καὶ
2454 3563 2693 3616 τοιοῦτόν
2731 3581 2781 3616 τι
2824 3562 3111 3627 πέπονθεν,
3149 3557 3259 3618 οἷον
3301 3566 3348 3616 εί
3393 3562 3537 3617 λίθον
3571 3581 3652 3627 τις
3699 3563 3739 3634 ἢ

2167 3654 2335 3724 βῶλον
2377 3653 2480 3724 γῆς
2520 3655 2599 3716 είς
2632 3653 2693 3706 τὸ
2733 3651 2846 3706 ἀνω
2885 3654 3124 3724 ῥίψειεν⁹
3167 3654 3233 3707 δι’
3260 3654 3289 3707 ὃ
3331 3654 3414 3726 δὴ,
3450 3654 3626 3723 ὀλίγον
3668 3654 3734 3707 τὰ

2163 3741 2387 3796 τοιαῦτα
2409 3741 2768 3812 κουφισθέντα
2793 3742 2898 3795 ὑπὸ
2917 3743 3017 3814 τῆς
3038 3742 3131 3796 τοῦ
3159 3743 3413 3814 ῥίψαντος
3437 3743 3578 3814 βίας,
3608 3761 3735 3815 μετ-

2162 3835 2307 3908 έωρα
2348 3837 2637 3904 γεγονότα,
2685 3836 2765 3897 είς
2805 3835 2895 3888 τὸν
2952 3835 3110 3888 αὐτὸν
3146 3835 3513 3906 καταφέρεται
3545 3831 3730 3889 τόπον.

2160 3925 2270 3996 Τὴν
2311 3924 2404 3981 οὖν
2448 3927 2579 3997 ὓλην
2609 3926 2693 3990 τίς
2732 3926 3018 3995 ἐκούφισεν
3047 3927 3126 3988 εἰς
3151 3927 3242 3978 τὸν
3290 3927 3400 3979 ἄνω
3430 3926 3623 3990 τόπον;
3653 3927 3731 3978 Δι’

2158 4020 2328 4090 αὑτὴν
2364 4019 2460 4089 μὲν
2491 4018 2600 4088 γὰρ
2635 4017 2728 4070 καὶ
2755 4017 2812 4083 ἐξ
2847 4017 3016 4086 αὐτῆς
3047 4017 3146 4068 οὐκ
3188 4015 3252 4068 ἂν
3298 4019 3499 4068 κινοῖτο
3527 4005 3734 4084 ταύτην

2154 4108 2253 4180 τὴν
2278 4107 2510 4177 κίνησιν,
2540 4107 2707 4175 αὐτῆς
2739 4105 3108 4176 ὑπάρχουσαν.
3148 4107 3240 4156 Δεῖ
3271 4103 3326 4157 δὲ
3371 4105 3540 4174 αὐτὴν
3592 4104 3725 4155 ὑπο-

2157 4201 2336 4268 μεῖναι
2357 4198 2495 4268 βίαν,
2524 4198 2613 4251 ἵνα
2639 4200 2718 4259 είς
2739 4197 2829 4249 τὸν
2855 4197 2965 4250 ἄνω
2990 4196 3151 4248 τόπον
3173 4194 3532 4267 μετεωρισθῇ,
3557 4193 3730 4248 καθὰ-’

2154 4308 2259 4362 περ
2285 4293 2313 4342 ὁ
2341 4289 2485 4352 λίθος
2512 4290 2606 4342 καὶ
2634 4291 2666 4359 ὴ
2697 4289 2881 4358 βῶλος.
2931 4287 3069 4340 Ἀλλ’
3094 4287 3280 4358 ἕτερον
3319 4289 3416 4358 μὲν
3444 4287 3595 4340 οὐδὲν
3628 4287 3724 4338 σὺν

2153 4383 2291 4453 αὐτῇ
2321 4381 2694 4447 ἀπολείπουσι,
2729 4381 2818 4435 τὸν
2859 4369 2991 4433 Θεὸν
3033 4379 3108 4431 δέ.
3157 4379 3393 4451 Φανερὸν
3434 4375 3526 4431 οὖν
3557 4377 3619 4430 τὸ
3661 4380 3724 4429 ὲκ

2153 4475 2248 4528 τοῦ
2289 4475 2445 4542 λόγου
2487 4474 2814 4542 συμϐαῖνον·
2857 4475 2960 4536 ὅτι,
2993 4474 3114 4525 κατ’
3155 4473 3370 4536 αὐτοὺς,
3407 4475 3434 4525 ὁ
3466 4471 3596 4533 Θεὸς
3632 4468 3723 4540 βίᾳ

483 4580 808 4636 conficiatur
837 4595 850 4629 :
905 4578 1075 4632 Deum
1123 4577 1354 4638 scilicet,
1390 4582 1450 4629 ut
1479 4575 1582 4644 ipsi
1632 4573 1968 4637 existimant,
1999 4573 2051 4627 vi

2162 4571 2248 4623 καὶ
2279 4569 2492 4640 ἀνάγκῃ
2516 4567 2718 4638 ταύτην
2749 4565 3019 4637 μετέωρον
3049 4567 3303 4636 ἐποίησεν
3333 4566 3408 4630 ὼς
3435 4563 3613 4618 αὐτόν.

483 4689 547 4736 ac
578 4671 924 4735 necessitate,
954 4671 1132 4740 ipsum
1151 4669 1218 4723 ad
1245 4683 1303 4725 se
1334 4668 1618 4723 materiam
1648 4667 1938 4722 sublimem
1969 4666 2050 4720 1e-

480 4782 661 4821 V3558.

531 4857 735 4927 ‘Atqui,
769 4857 812 4911 si
843 4856 1044 4909 malum
1079 4855 1303 4908 materia
1327 4860 1431 4915 est,
1486 4852 1708 4906 omnino
1737 4851 1901 4904 etiam
1932 4859 2049 4903 ma-

481 4950 547 5004 lae
575 4956 706 5004 sunt
734 4949 854 5018 ejus
907 4946 1283 5017 appetitiones.
1325 4945 1418 4998 Est
1446 4959 1576 4997 vero
1625 4942 1755 4996 mali
1789 4941 2048 5011 appetitio

481 5042 624 5095 mala
657 5059 671 5108 ;
710 5040 835 5095 boni
865 5053 992 5094 vero
1022 5046 1184 5106 atque
1205 5036 1439 5103 honesti,
1465 5037 1584 5104 ipsa
1619 5033 1772 5088 valde
1792 5033 2044 5086 honesta.

484 5131 762 5202 Siquidem
797 5132 964 5202 igitur
1009 5130 1237 5184 materia
1269 5128 1409 5199 quod
1467 5125 1812 5196 splendidum
1840 5131 1928 5178 est
1961 5123 2048 5176 lu-

480 5236 706 5290 cemque
744 5219 1077 5290 concupivit,
1110 5217 1257 5272 haud
1286 5218 1427 5270 mala
1456 5218 1575 5286 ejus
1614 5215 1889 5285 cupiditas
1930 5221 2043 5280 est;

482 5321 541 5366 ut
565 5328 742 5382 neque
773 5313 818 5366 si
846 5313 970 5382 quis
1002 5311 1194 5365 vitiose
1238 5310 1404 5363 vitam
1462 5309 1755 5362 traducens
1787 5347 1801 5372 ,
1856 5315 2045 5377 postea

482 5403 697 5458 tandem
730 5403 947 5458 virtutis
1002 5402 1274 5458 desiderio
1326 5401 1609 5456 exarserit.
1670 5398 1841 5454 Secus
1891 5414 2044 5464 vero,

480 5495 623 5550 haud
646 5505 802 5549 vacat
828 5495 1081 5559 crimine,
1113 5495 1159 5549 si
1189 5495 1317 5565 quis
1346 5493 1629 5548 studiosus
1657 5491 1712 5545 in
1741 5491 1869 5545 mali
1899 5490 2048 5547 desi-

483 5588 688 5642 derium
711 5585 936 5641 venerit.
972 5585 1130 5641 Velut
1159 5588 1204 5641 si
1235 5587 1358 5656 quis
1383 5587 1550 5650 dicat,
1588 5585 1753 5642 Deum
1784 5600 1904 5654 qua:
1935 5598 2050 5637 mas

485 5679 630 5733 terim
651 5689 983 5748 competunt,
1011 5681 1151 5733 mala
1165 5687 1439 5749 appetere.
1472 5678 1584 5733 Nec
1625 5681 1768 5734 enim
1786 5677 1879 5733 Dei
1903 5678 2046 5731 bona

485 5769 613 5824 ta‘lia
638 5768 954 5824 wstimanda
979 5778 1130 5836 sunt,
1155 5770 1337 5839 qualia
1369 5778 1496 5826 sunt
1517 5770 1699 5825 multa:
1727 5784 1860 5838 opes
1885 5775 1938 5823 et
1963 5768 2042 5820 la-

2226 4837 2335 4898 Καῖ
2369 4861 2492 4916 μην,
2525 4846 2572 4897 εἰ
2595 4847 2761 4897 κακὸν
2790 4848 2824 4914 η
2856 4843 2976 4912 ὕλη,
3008 4843 3223 4904 πάντως
3254 4856 3356 4892 που
3385 4830 3528 4890 εἰσὶν
3554 4833 3720 4904 αὐτῆς

2157 4937 2250 4989 καὶ
2274 4924 2478 5006 ὀρέξεις
2509 4935 2774 4988 rotavi-cat.-
2809 4936 2965 4987 Ἐστι
3002 4933 3058 4986 δὲ
3089 4935 3121 5004 ἡ
3154 4933 3250 5001 μὲν
3277 4928 3370 4983 τοῦ
3402 4925 3570 4982 κακοῦ
3597 4924 3721 4996 δρε-

2159 5029 2238 5096 ξις
2262 5028 2435 5098 φαύλη
2457 5045 2471 5057 ·
2503 5029 2536 5099 ἠ
2565 5028 2622 5080 δὲ
2648 5025 2742 5079 τοῦ
2779 5025 2947 5079 παλοῦ
2980 5025 3119 5077 πάνυ
3154 5019 3436 5074 σπουδαία.
3456 5017 3522 5068 Εἰ
3545 5015 3602 5068 δὲ
3625 5011 3721 5066 τοῦ

2157 5120 2408 5192 λαμπροῦ
2467 5121 2560 5173 καὶ
2613 5118 2708 5171 τοῦ
2753 5117 2932 5186 φωτὸς
2980 5115 3327 5184 ἐπεθύμησεν
3394 5113 3427 5181 ἡ
3476 5109 3608 5181 ὕλη,
3659 5106 3724 5159 οὐ

2155 5211 2332 5283 φαύλη
2377 5213 2410 5282 ἡ
2455 5210 2752 5280 ἐπιθυμίαο
2807 5208 3058 5277 καθάπερ
3095 5205 3216 5258 οὐδὲ
3247 5207 3294 5257 εί
3335 5205 3392 5256 ὲν
3429 5201 3595 5272 κακίᾳ
3635 5214 3724 5260 τις

2152 5302 2284 5367 ζῶν,
2318 5304 2453 5374 μετὰ
2472 5302 2643 5356 ταῦτα
2668 5319 2795 5354 ποτε
2824 5300 3216 5370 ἐπιθυμήσειεν
3243 5294 3460 5367 ἀρετῆς.
3489 5293 3729 5346 Τοὺνανο·

2151 5396 2265 5448 τίον
2296 5394 2424 5464 γὰρ,
2456 5394 2514 5446 ὲν
2554 5391 2856 5464 ἐγκλήματι
2888 5390 2952 5444 τὸ
2985 5386 3272 5442 σπουδαῖόν
3308 5402 3427 5438 τινα
3469 5381 3562 5436 τοῦ
3591 5380 3723 5451 φαύ-

2151 5489 2243 5541 λου
2286 5489 2367 5551 είς
2408 5486 2702 5557 ἐπιθυμίαν
2738 5485 2945 5538 ὲλθεῖν·
2979 5481 3228 5550 καθάπερ
3273 5477 3338 5532 ἂν
3382 5478 3428 5530 εἰ
3468 5476 3559 5529 τὸν
3587 5471 3726 5526 Θεὸν

2156 5585 2311 5652 φαῖεν
2339 5580 2623 5651 ὀρέγεσθαι
2661 5577 2769 5633 τῶν
2810 5580 2877 5648 τῇ
2909 5575 3011 5648 ὕλῃ
3041 5577 3351 5646 προσόντων
3397 5568 3597 5623 κακῶν.

2154 5647 2260 5742 φορ
2283 5671 2346 5742 δὴ
2372 5647 2454 5723 ’τά
2466 5670 2559 5722 τοῦ
2587 5669 2722 5723 Θεοῦ
2761 5647 2940 5736 ἀγαθὰ
2967 5647 3190 5718 τοιαῦτα
3219 5659 3574 5729 ὑποληπτέον,
3605 5647 3715 5706 οἷόν

2153 5767 2299 5819 ἐστιν
2320 5764 2351 5821 ,ὁ
2379 5762 2602 5826 πλοῦτος
2635 5762 2778 5831 καὶὴ
2815 5759 2979 5830 πολλὴ
3009 5758 3101 5828 γῆ,
3129 5757 3224 5811 καὶ
3250 5758 3277 5811 ὁ
3309 5752 3471 5814 πολὺς
3496 5747 3716 5819 χρυσὺςν
