4110 6414
418 291 529 347 49.5
1300 294 1722 356 TRACTATUS
1760 297 1849 351 DE
1888 294 2203 356 PLACITIS
2243 298 2801 357 MANICIUEORUM.
3560 290 3662 368 ΩΟ

417 405 495 467 ὧν
532 410 770 467 ἐλάττων
816 414 1025 484 γίνεται
1074 415 1153 489 τῷ
1181 418 1501 489 κεκτημένῳ
1546 419 1578 490 ή
1620 418 1728 472 ἀπὸ
1755 419 1864 471 τῶν
1897 420 1991 473 ἀν·-
2018 426 2040 481 Α

2040 417 2324 481 ttifundia
2357 420 2657 491 ingensque
2699 420 2819 474 auri
2850 421 2954 484 vis,
2992 435 3227 492 quorum
3275 426 3517 486 minores
3559 435 3663 493 do-

416 501 650 575 θρώπων
687 506 767 568 είς
809 504 996 578 ἕτερον
1049 507 1400 579 μετάστασις.
1457 508 1594 561 Ἀλλ’
1641 508 1696 560 εί
1720 525 1841 562 τινα
1871 509 1993 562 τού-

2092 512 2243 566 mino
2270 512 2469 566 cedunt
2500 522 2703 582 partes,
2734 512 2780 567 si
2811 513 2933 582 quis
2959 514 3015 569 in
3037 514 3270 571 alterum
3300 518 3371 574 ab
3389 534 3456 575 eo
3473 528 3659 578 trans-

413 583 524 648 των
544 595 681 661 ὅλως
719 598 902 652 εἰκόνα
927 600 1207 671 ἐπινοῆσαι
1236 601 1333 666 δεῖ,
1366 601 1464 671 τὴν
1507 600 1721 668 σοφίαν,
1750 596 1902 672 οἶμαι
1935 600 1991 654 δὲ

2090 601 2298 657 tulerit.
2332 602 2439 658 Sed
2461 602 2666 673 siquod
2691 604 2915 659 omnino
2943 603 3139 661 horum
3170 608 3520 666 simulacrum
3536 612 3659 666 ani-

412 686 504 740 καὶ
540 687 617 751 ὡς
645 690 710 744 ἄν
733 707 817 755 τις
848 692 1150 764 παραϐάλοι
1176 690 1391 756 καὶτὰς
1419 694 1749 763 ἐπιστήμας.
1781 692 1990 764 Ὥσπερ

2092 707 2185 748 mo
2211 693 2622 749 informandum
2637 694 3083 765 sit,sapientiam,
3108 707 3240 769 puto
3252 717 3382 757 vero
3406 711 3460 758 et
3474 704 3654 759 scien-

411 773 504 832 οὖν
527 776 652 832 οὕτε
692 774 725 852 ή
759 782 920 852 σοφία
956 782 1270 837 ἐλαττοῦται
1297 782 1480 854 οὕτεή
1524 784 1823 854 ἐπιστήμη,
1865 782 1988 837 οὕτε

2088 788 2215 852 tias,
2248 787 2302 841 in
2335 789 2641 859 exemplum
2665 788 2972 844 adduxerit.
2999 789 3468 857 Quemadmodum
3494 795 3656 865 igitur

410 871 459 923 οἰ
496 870 666 935 αὐτὰς
698 872 931 944 ἔχοντες,
982 874 1049 928 ἂν
1092 875 1280 947 ἔτερος
1318 876 1427 930 τῶν
1457 875 1635 930 αὐτῶν
1671 874 1983 949 μεταλάϐῃ⁴

2088 891 2265 946 neque
2291 877 2559 948 sapientia
2590 878 2857 933 minuitur
2912 894 3091 950 neque
3144 883 3397 950 scientia,
3430 900 3533 942 nec
3563 887 3655 958 qui

409 957 586 1026 οὕτως
617 962 741 1018 οὕτε
771 966 862 1021 τὸν
901 965 1034 1021 Θεὸν
1066 966 1286 1036 εὔλογον
1317 967 1582 1039 φθονῆσαι
1641 970 1707 1039 τῇ
1744 967 1844 1039 ὕλῃ
1887 968 1991 1038 τῆς

2094 965 2205 1022 illis
2234 965 2495 1037 praeditus
2522 976 2609 1023 est
2636 968 2821 1023 damni
2851 969 3054 1041 aliquid
3091 972 3252 1038 facit,
3280 977 3427 1047 quod
3457 957 3656 1049 aliquis

408 1055 502 1110 τοῦ
526 1056 692 1112 καλοῦ
719 1058 969 1132 ὀρέξεως
994 1064 1042 1116 εί
1062 1062 1127 1134 δὴ
1149 1061 1291 1116 κατὰ
1317 1062 1515 1126 αὐτοὺς
1533 1060 1749 1133 ὠρέχθη
1772 1063 1984 1115 τούτουι

2092 1058 2291 1117 horum
2341 1060 2612 1131 particeps
2662 1059 2887 1118 effectus
2936 1063 3136 1121 fuerit:
3169 1068 3251 1123 sic
3301 1084 3477 1141 neque
3519 1073 3656 1128 ratio

408 1147 547 1205 satis
594 1148 761 1215 favet,
808 1160 868 1207 ut
908 1154 1284 1211 existimemus
1329 1153 1501 1210 Deum
1551 1153 1795 1209 materiae
1832 1151 2095 1208 invidisse
2125 1149 2512 1222 appetitionem
2571 1151 2701 1206 boni
2739 1152 3098 1225 honestique;
3136 1157 3266 1214 dum
3304 1159 3463 1230 juxta
3511 1161 3656 1231 illos,

405 1246 701 1317 appetiisse
729 1251 907 1321 ipsum
945 1251 1276 1310 dederimus.

403 1385 532 1443 CAP.
558 1386 626 1442 X.
656 1387 886 1443 Deorum
917 1390 1271 1461 mythologica
1292 1407 1310 1445 :
1335 1391 1500 1463 iisque
1531 1390 1732 1446 similia
1759 1386 2044 1443 Manichwi
2071 1386 2291 1458 placita.
2326 1384 2629 1442 Homericae
2661 1385 3025 1442 Theomachia:
3046 1386 3151 1442 alle
3186 1391 3324 1445 aria.
3357 1389 3655 1451 Emulatio

613 1466 666 1511 et
698 1459 899 1511 invidia
928 1463 982 1511 in
1008 1461 1135 1511 Deo.
1159 1461 1578 1511 Maniehmorum
1604 1460 1884 1511 sententia.
1920 1458 2066 1511 Vitia
2096 1456 2206 1511 hac
2230 1457 2284 1511 in
2303 1457 2450 1511 nullo
2476 1458 2739 1511 studioso.
2762 1458 3054 1511 nrobraaue
3091 1405 3440 1511 adqmittenda-

371 1512 383 1547 1
613 1466 666 1512 et
698 1459 899 1514 invidia
928 1456 991 1515 in
1008 1461 1135 1528 Deo,
1152 1456 1578 1517 Manichaz'orum
1604 1460 1884 1516 sententia.
1920 1456 2206 1513 Vitia'hwc
2230 1457 2284 1511 in
2303 1457 2450 1512 nullo
2476 1458 2739 1524 studioso,
2760 1458 3054 1529 probroque
3091 1456 3440 1519 admittenda.

370 1574 379 1594 '
472 1575 615 1631 Πολὺ
638 1576 696 1631 δὲ
717 1579 845 1642 τοὺς
868 1578 1194 1649 μυθοποιοὺς
1220 1580 1682 1653 ὑπερϐεϐλήκασι,
1710 1577 1837 1642 τοὺς
1858 1577 1892 1649 ἢ
1915 1576 1987 1632 τὰ

2150 1572 2336 1645 Longe
2367 1588 2532 1644 porro
2567 1573 2909 1646 mythologos
2934 1572 3135 1633 fabulis
3154 1587 3485 1647 superarunt
3512 1618 3526 1644 ,
3561 1594 3656 1638 eos
3684 1556 3688 1567 ι

400 1668 494 1721 τοῦ
523 1669 767 1741 Οὐρανοῦ
792 1672 965 1724 αἰδοῖα
990 1672 1303 1744 τέμνοντας,
1338 1668 1372 1745 ή
1400 1672 1500 1737 τὰς
1527 1671 1819 1735 επιϐουλὰς
1843 1669 1986 1724 κατὰ

2081 1666 2343 1721 nimirum
2378 1666 2472 1737 qui
2519 1673 2614 1721 aut
2640 1665 2779 1722 Caeli
2807 1665 2987 1722 virilia
3015 1675 3227 1738 putent,
3273 1677 3369 1724 aut
3390 1669 3654 1730 adversus

400 1760 495 1814 τοῦ
529 1764 738 1835 Κρόνου
765 1761 870 1818 ὑπὸ
902 1765 997 1819 τοῦ
1022 1764 1139 1819 υίοῦ
1176 1766 1539 1831 συντιθέντας,
1574 1766 1662 1820 ἵνα
1685 1764 1849 1829 αὐτὸς
1882 1779 1987 1818 κα-

2083 1757 2379 1813 Saturnum
2407 1774 2439 1813 a
2467 1757 2577 1814 tilio
2608 1765 2850 1815 structas
2902 1757 3153 1825 insidias,
3187 1766 3247 1814 ut
3278 1761 3384 1817 sibi
3406 1762 3525 1832 ipse
3548 1762 3652 1817 im-

398 1853 575 1927 τάσχῃ
618 1857 719 1928 τὴν
765 1858 968 1931 ἀρχήν·
1022 1857 1056 1932 ἢ
1106 1860 1391 1925 ποιοῦντας
1436 1859 1597 1914 πάλιν
1640 1858 1731 1913 τὸν
1773 1857 2021 1934 Κρόνον]

2034 1851 2295 1934 πνοι-ἧιιηι
2343 1850 2627 1922 arriperet,
2671 1851 2963 1907 commenti
2999 1851 3112 1906 sint
3144 1870 3159 1921 ;
3186 1861 3282 1908 aut
3312 1854 3407 1925 qui
3452 1870 3657 1917 rursus

398 1948 521 2012 τοὺς
557 1950 708 2014 υίοὺς
748 1952 1098 2007 καταπίνειν⁸
1133 1948 1251 2007 εἶτα
1292 1950 1727 2024 διαμαρτάνοντα
1759 1951 1848 2005 διὰ
1879 1950 1980 2022 τῆς

2083 1942 2377 2000 Saturnum
2403 1944 2542 2002 filios
2556 1959 2752 2001 vorare
2794 1944 3021 2012 faciant,
3063 1953 3289 2018 tumque
3328 1946 3651 2006 frustratum

397 2037 492 2092 τοῦ
522 2039 671 2095 λίθου
705 2042 930 2106 εἰκόνος.
973 2042 1100 2108 Πῶς
1127 2041 1236 2117 γὰρ
1279 2041 1348 2095 τὰ
1388 2042 1651 2114 λεγόμενα
1684 2042 1775 2095 ὑπ’
1799 2039 1979 2094 αὐτῶν

2143 2037 2316 2094 insilio
2358 2052 2427 2093 ex
2474 2034 2674 2108 lapidis
2719 2036 2935 2108 objecto
2988 2037 3308 2096 simulacro.
3366 2038 3652 2107 Quomodo
3764 2065 3766 2067 ’

396 2128 458 2186 οὐ
531 2133 789 2203 τοιαῦτα;
848 2135 926 2189 ὅτ’
964 2135 1031 2190 ἂν
1094 2137 1328 2208 πόλεμον
1385 2138 1644 2208 ἄντικρυς
1692 2135 1796 2207 τῆς
1846 2132 1980 2206 ὕλης

2078 2128 2247 2197 enim,
2278 2144 2399 2201 qua:
2421 2130 2490 2185 ab
2522 2130 2602 2187 eis
2630 2128 2911 2196 dicuntur,
2950 2145 3061 2185 non
3109 2130 3198 2188 his
3241 2131 3490 2188 similia?
3522 2149 3649 2191 cum

397 2220 537 2297 πρὸς
560 2224 650 2279 τὸν
672 2221 805 2287 Θεὸν
832 2226 1255 2299 ὑφηγήσωνται·
1298 2222 1392 2283 καὶ
1424 2227 1558 2300 μηδὲ
1587 2226 1763 2282 ταῦτα
1795 2224 1976 2297 μέντοι

2077 2221 2259 2291 palam
2285 2220 2529 2278 materiae
2543 2235 2670 2276 cum
2705 2220 2821 2277 Deo
2843 2221 3044 2276 bellum
3072 2221 3357 2293 referant;
3387 2240 3453 2281 ac
3475 2241 3653 2299 neque

394 2313 463 2371 δι’
501 2317 756 2383 ὑπονοίας
795 2317 1018 2389 λέγωσι,
1048 2319 1298 2392 καθάπερ
1332 2320 1613 2392 Ὅμηρος,
1643 2318 1853 2390 χαίρειν
1883 2316 1977 2370 τὸν

2078 2313 2196 2373 haec
2247 2313 2481 2385 spiritali
2511 2329 2679 2371 sensu
2729 2327 2795 2369 ac
2840 2314 3208 2387 mythologico
3258 2315 3463 2383 dicant,
3506 2319 3653 2374 velut

392 2404 496 2464 Δία
539 2410 634 2464 ἐπὶ
680 2409 759 2482 τῷ
800 2410 910 2465 τῶν
951 2410 1090 2466 θεῶν
1144 2410 1366 2484 πολέμῳ
1421 2410 1559 2482 πρὸς
1602 2408 1866 2481 ἀλλήλους
1918 2408 1977 2462 ὲν

2075 2402 2352 2463 Homerus
2378 2406 2434 2461 in
2457 2404 2644 2471 Iliade,
2665 2404 2908 2479 gaudere
2929 2404 3117 2463 Jovem
3152 2407 3384 2464 deorum
3425 2408 3655 2469 interse

405 2496 636 2570 Ἰλιάδι,
686 2498 1055 2577 αἰνιττόμενος
1095 2504 1156 2559 τὸ
1204 2505 1265 2570 ἐξ
1317 2504 1587 2577 ἀνομοίων
1628 2503 1720 2558 τὸν
1771 2502 1976 2574 κόσμον

2075 2514 2259 2572 pugna
2288 2513 2353 2553 ac
2385 2498 2549 2563 bello,
2603 2498 2839 2555 obscure
2894 2499 3233 2570 significans,
3286 2499 3654 2560 mundum-ex

397 2594 735 2665 συγκεῖσθαι,
766 2597 1127 2669 ἡρμοσμένων
1159 2596 1295 2668 πρὸς
1321 2594 1543 2668 ἄλληλα,
1576 2594 1671 2649 καὶ
1701 2592 1976 2648 νικώντων

2076 2589 2439 2661 inaequalibus
2476 2591 2773 2646 conﬂatum
2801 2605 2944 2657 esse,
2969 2605 3091 2662 qua:
3116 2591 3223 2646 alia
3244 2591 3368 2648 aliis
3396 2601 3655 2650 conserta

390 2696 454 2738 τε
493 2684 587 2738 καὶ
630 2685 965 2757 νικωμένων.
1004 2685 1115 2740 Καὶ
1156 2683 1332 2739 ταῦτά
1374 2700 1465 2754 μοι
1511 2682 1747 2753 εἴρηται,
1788 2677 1974 2751 ἐπειδὴ

2077 2689 2191 2737 tum
2225 2681 2472 2747 vincant,
2505 2690 2623 2738 tum
2648 2683 2878 2739 victoria
2914 2683 3134 2741 cadant.
3190 2685 3371 2756 Atque
3405 2686 3523 2743 hac
3566 2688 3653 2744 id-

391 2768 684 2846 ytyytiicxm
718 2777 844 2843 τοὺς
883 2776 1181 2842 τοιούτους,
1218 2774 1437 2829 ἐπειδὰν
1478 2770 1809 2838 ἀποδείξεων
1847 2771 1977 2825 ἀπο-

2074 2774 2227 2830 circo
2255 2791 2288 2828 a
2316 2790 2405 2831 me
2433 2774 2580 2832 dicta
2601 2785 2751 2841 sunt,
2774 2775 2917 2848 quod
2941 2775 3114 2834 sciam
3144 2777 3459 2834 istiusmodi
3477 2794 3651 2853 genus

393 2867 583 2940 ρῶσιν,
627 2868 745 2923 ἔνια
777 2868 1115 2940 πανταχόθεν
1143 2868 1254 2923 ἀπὸ
1290 2868 1400 2923 τῶν
1441 2856 1714 2941 ποιήσεων
1762 2863 1973 2936 συμφὲ-

2074 2867 2382 2935 hominum,
2408 2870 2499 2925 ubi
2528 2885 2624 2927 eos
2643 2870 2997 2942 probationes
3019 2886 3084 2928 ac
3107 2871 3380 2927 rationum
3406 2887 3652 2930 momen-

391 2977 607 3035 ροντας,
641 2962 735 3017 καὶ
765 2962 1063 3032 ἀπολογίαν
1096 2962 1273 3018 ταῦτα
1311 2962 1449 3034 ὑπὲρ
1485 2961 1595 3016 τῶν
1628 2960 1772 3015 ἰδίων
1805 2957 1975 3024 δοξῶν

2073 2965 2130 3013 ta
2162 2959 2488 3025 defecerint,
2520 2962 2772 3033 quedam
2820 2960 3064 3033 undique
3084 2978 3152 3018 ex
3184 2969 3470 3032 poetarum
3500 2978 3653 3022 com-

387 3054 762 3126 ποιουμένους.
796 3054 910 3109 Οὐκ
937 3053 1004 3109 ἂν
1035 3053 1093 3108 δὲ
1115 3054 1289 3109 ταῦτα
1313 3053 1733 3119 ἐπεπόνθεισαν,
1760 3051 1811 3105 εἰ
1836 3050 1976 3123 μετά

2074 3054 2277 3111 mentis
2299 3069 2617 3124 congerere,
2655 3062 2818 3127 atque
2840 3055 2969 3112 hinc
2990 3055 3109 3112 suis
3130 3055 3484 3127 opinionibus
3510 3071 3653 3128 prat-

386 3161 533 3212 τινος
565 3146 848 3219 φροντίδος
886 3140 1042 3203 ὧτινι
1069 3147 1270 3218 δήποτε
1309 3144 1687 3218 ἐνετύγχανον.

2075 3143 2300 3211 sidium,
2343 3161 2409 3201 ac
2462 3161 2574 3218 quo
2601 3162 2662 3203 se
2696 3147 2805 3204 illis
2831 3156 3092 3204 tueantur
3120 3187 3137 3214 ,
3176 3162 3441 3220 quaerere.
3494 3146 3652 3216 Quod

1996 3223 2039 3283 Ο
2070 3237 2206 3308 ipsis
2234 3236 2658 3311 haudquaquam
2686 3240 2981 3307 evenisset,
3004 3240 3052 3298 si
3081 3239 3279 3310 majori
3307 3239 3542 3312 quadam
3553 3256 3654 3299 cu-

2068 3343 2132 3383 ra
2152 3343 2219 3383 ac
2248 3328 2532 3404 diligentia
2558 3346 2674 3386 rem
2704 3329 2983 3401 quidpiam
3019 3329 3301 3401 legissent.

455 3425 568 3479 Kal.
605 3423 712 3497 μὴν
740 3425 918 3480 πάντα
952 3419 1050 3498 μὲν
1077 3424 1147 3479 τὰ
1182 3422 1331 3479 κακὰ
1358 3422 1467 3478 ἀπὸ
1493 3422 1588 3478 τοῦ
1626 3420 1772 3476 θείου
1804 3419 1968 3494 χοροῦ

2139 3419 2327 3491 Atqui,
2358 3436 2486 3476 cum
2516 3421 2660 3476 mala
2693 3420 2915 3494 quidem
2967 3420 3154 3475 omnia
3189 3433 3221 3473 a
3252 3419 3440 3475 divino
3478 3419 3652 3478 choro

383 3513 743 3586 ἀπελήλαται,
774 3518 803 3569 ὁ
829 3513 988 3587 ζῆλος
1012 3515 1070 3570 δὲ
1101 3515 1333 3587 μάλιστα
1362 3514 1457 3567 καὶ
1491 3514 1519 3566 ὁ
1553 3510 1764 3583 φθόνος.
1790 3513 1972 3566 Κατα⁶

2068 3514 2358 3578 exsulent,
2411 3520 2531 3568 tum
2588 3513 2674 3569 vel
2724 3510 2964 3567 maxime
2999 3509 3277 3566 aemulatio
3321 3514 3377 3565 et
3420 3507 3648 3565 invidia.

383 3598 634 3659 λείπουσι
657 3602 715 3662 δὲ
743 3597 888 3661 οὗτοι
928 3606 1069 3665 αὐτὰ
1111 3605 1263 3678 παρὰ
1288 3605 1366 3676 τῷ
1407 3603 1547 3676 Θεῷ,
1592 3604 1668 3657 ὅτ’
1698 3603 1765 3657 ἂν
1795 3601 1969 3674 φῶσιν

2071 3603 2271 3660 Sinunt
2299 3613 2485 3662 tamen
2505 3606 2563 3662 hi
2592 3605 2734 3677 apud
2759 3608 2924 3660 Deum
2954 3604 3080 3667 ista,
3107 3603 3236 3659 dum
3267 3602 3456 3657 dicunt
3475 3600 3649 3658 Deum

382 3698 548 3755 αὑτὸν
575 3697 675 3770 τὴν
707 3698 998 3771 ἐπιϐουλὴν
1049 3696 1190 3753 κατὰ
1218 3698 1319 3769 τῆς
1364 3691 1496 3769 ὕλης
1530 3695 1806 3761 συντάξαι,
1833 3692 1969 3751 διότι

2068 3697 2301 3755 insidias
2347 3700 2619 3757 struxisse
2674 3698 2939 3754 adversus
2999 3697 3307 3762 materiam,
3335 3710 3402 3752 ea
3433 3696 3648 3751 ratione

381 3788 449 3863 δὴ
479 3790 574 3844 τοῦ
608 3790 776 3846 καλοῦ
817 3789 1154 3864 ἐπεθύμησε.
1184 3790 1302 3843 Τίνι
1330 3789 1387 3843 δὲ
1428 3789 1524 3842 καὶ
1549 3789 1578 3840 ὁ
1605 3785 1737 3853 Θεὸς
1773 3782 1849 3843 ὧν
1893 3785 1969 3843 εἷ·-

2068 3793 2215 3863 quod
2244 3792 2446 3848 bonum
2482 3793 2800 3863 cupivisset.
2836 3789 3084 3857 Quonam
3115 3803 3245 3844 vero
3285 3788 3450 3844 etiam
3502 3786 3647 3844 Deus

381 3898 479 3954 χεν
516 3881 782 3956 ἐϐουλήθη
824 3882 922 3956 τὴν
977 3881 1110 3954 ὕλην
1140 3881 1584 3955 τιμωρήσασθαι;
1622 3880 1685 3934 τὸ
1728 3883 1826 3953 μὲν
1858 3881 1968 3955 γὰρ

2068 3900 2257 3941 eorum
2281 3899 2403 3957 quae
2421 3884 2675 3943 habebat.
2701 3882 2899 3955 punire
2927 3880 3213 3937 materiam
3243 3880 3448 3937 voluit?
3478 3880 3648 3951 Equi-

379 3974 587 4031 ἁπλοῦν
627 3976 794 4047 φάναι
831 3976 922 4030 τὸν
964 3976 1098 4030 Θεὸν
1128 3974 1516 4049 ἀκριϐέστερον
1559 3969 1714 4047 οἶμαι
1758 3975 1791 4048 ἢ
1824 3974 1969 4029 κατὰ

2073 3977 2194 4034 dem
2225 3977 2586 4034 accuratioris
2605 3976 2866 4033 doctrina:
2889 3974 3144 4031 existimo
3170 3980 3230 4027 ut
3246 3967 3390 4029 Deus
3416 3973 3649 4044 simplex

377 4067 625 4134 τούτους.
663 4070 821 4123 Ἔστι
863 4068 959 4123 καὶ
1001 4071 1035 4142 ή
1067 4065 1165 4140 τῆς
1197 4066 1406 4131 ἐννοίας
1436 4066 1628 4122 τούτου
1668 4066 1964 4140 ἀφήγησις,

2067 4069 2313 4135 dicatur,
2349 4082 2515 4139 quam
2546 4082 2646 4139 pro
2670 4066 2889 4122 illorum
2919 4059 3295 4119 ratione.,Nec
3328 4077 3480 4127 vero,
3507 4071 3565 4115 ut
3587 4063 3647 4119 in

377 4159 478 4232 οὐχ
521 4161 597 4227 ὼς
625 4154 755 4234 περὶ
799 4161 908 4215 τῶν
949 4160 1145 4224 ἄλλων,
1187 4158 1427 4224 εὕκολος.
1464 4158 1599 4213 Οὐδὲ
1636 4152 1743 4231 γὰρ
1779 4157 1967 4223 ἁπλῶς

2068 4162 2216 4229 aliis,
2250 4160 2418 4230 hujus
2453 4160 2620 4215 etiam
2648 4158 2849 4215 mentis
2878 4155 3059 4211 facilis
3090 4151 3368 4209 enarratio
3403 4150 3642 4209 exsistit.

376 4251 715 4317 ἐνδείξασθαι
740 4253 912 4326 αὐτὴν
941 4245 1185 4318 δυνατὸν,
1210 4251 1298 4306 διὰ
1323 4252 1379 4305 δὲ
1405 4250 1605 4322 πολλῆς
1631 4249 1967 4314 παιδεύσεως

2066 4251 2225 4309 Haud
2261 4253 2462 4324 quippe
2492 4250 2815 4322 simpliciter
2840 4248 3101 4319 nudoque
3118 4256 3371 4302 sermone
3397 4257 3517 4298 eam
3546 4242 3644 4298 de-

381 4344 474 4400 πιαὶ
506 4345 690 4401 πόνου.
739 4345 903 4400 Ἀλλὰ
941 4344 1102 4400 τοῦτὸ
1126 4362 1191 4416 γε
1217 4345 1420 4409 πάντες
1452 4342 1630 4416 ἴσμεν,
1658 4343 1739 4398 ὅτι
1768 4346 1801 4416 ή
1825 4341 1965 4415 ὀργὴ

2066 4352 2377 4401 monstrare
2405 4344 2552 4406 licet,
2587 4341 2683 4399 sed
2715 4341 2889 4395 multa
2928 4336 3217 4407 disciplina
3263 4342 3427 4404 atque
3454 4348 3638 4405 opera.

382 4431 479 4486 καὶ
522 4440 559 4505 ἡ
609 4440 710 4510 τῆς
751 4438 1022 4511 τιμωρίας
1068 4436 1210 4494 κατὰ
1258 4432 1360 4510 τῆς
1408 4435 1540 4509 ὕλης
1595 4434 1776 4507 ὄρεξις
1814 4434 1961 4508 πάθη

2066 4434 2335 4490 Caeterum
2370 4448 2563 4489 omnes
2583 4432 2637 4488 id
2672 4431 2897 4499 scimus,
2951 4430 3089 4485 iram
3134 4443 3200 4484 ac
3230 4426 3493 4493 furorem,
3540 4427 3639 4482 ad-

380 4522 519 4587 ἒστὶ,
551 4529 681 4594 περὶ
704 4529 796 4583 τὸν
826 4528 970 4583 οὕτω
999 4526 1324 4601 διωκόμενον
1355 4527 1745 4598 συνιστάμεναο
1787 4525 1960 4580 ταῦτα
1992 4583 2003 4601 τ

2021 4585 2036 4601 ι
2065 4539 2369 4595 versusque
2401 4524 2684 4577 materiam
2738 4519 2997 4601 vindicta
3051 4516 3380 4588 appetitum,
3415 4514 3644 4572 affectus

380 4615 439 4670 δὲ
461 4583 584 4669 ούδὲ
604 4583 731 4687 περί
753 4632 874 4668 τινα
897 4583 1182 4676 σπουδαῖον
1217 4622 1428 4691 γένοιτο
1452 4620 1518 4675 ἂν
1538 4583 1608 4674 τά
1636 4619 1780 4693 παθή
1789 4637 1953 4691 ματα·
1991 4583 2003 4639 1

2021 4585 2038 4636 ›
2066 4633 2190 4675 esse
2214 4583 2741 4688 et-perturbationes
2762 4596 2964 4686 (πάθη)
3000 4583 3148 4666 circa
3181 4625 3303 4665 eum
3351 4624 3512 4681 quem
3560 4608 3644 4665 sio

383 4707 517 4779 μήτι
554 4723 619 4776 γε
653 4705 781 4779 περὶ
815 4704 876 4758 τὸ
909 4705 1111 4773 ἀγαθὸν
1152 4711 1303 4767 αὐτὸ.

2066 4710 2155 4764 illa
2192 4716 2577 4781 persequatur,
2624 4711 2908 4762 versantes
2949 4720 2964 4757 :
3004 4699 3274 4772 ejusmodi
3301 4714 3433 4756 sane
3457 4709 3641 4754 utnec

381 4802 528 4855 circa
561 4801 733 4855 ullum
757 4797 848 4870 qui
882 4796 1081 4853 virtute
1111 4797 1282 4853 fultus
1308 4804 1379 4857 sit
1401 4846 1415 4872 ,
1446 4818 1657 4860 versari
1691 4815 1934 4875 unquam
1974 4804 2257 4881 contingat
2285 4820 2301 4871 ;
2350 4808 2563 4856 tantum
2597 4799 2754 4855 abest
2795 4804 2856 4852 ut
2886 4796 2996 4852 illis
3026 4795 3205 4866 ipsum
3253 4794 3458 4850 bonum
3511 4791 3642 4848 sub-

381 4894 581 4967 jaceat.

841 5012 970 5068 CAP.
1001 5009 1093 5067 XI.
1123 5010 1295 5068 Missa
1316 5014 1480 5071 virtus
1508 5015 1865 5074 Hanichaica.
1890 5015 2136 5074 Materia!
2157 5025 2394 5082 virtutes,
2418 5015 2540 5088 pari
2567 5015 2819 5070 minorive
2851 5013 3082 5070 malitia.

461 5137 578 5206 Ἐφ’
602 5135 768 5206 ἕτερα
798 5132 975 5186 τοίνυν
1007 5131 1131 5202 ήκει
1160 5131 1322 5185 πάλιν
1347 5135 1376 5187 ὁ
1408 5134 1562 5204 λόγος
1591 5142 1957 5212 περιφερόμε-

2134 5136 2216 5192 Ad
2252 5137 2356 5192 alia
2397 5137 2564 5208 igitur
2589 5151 2784 5193 rursus
2820 5134 2991 5191 tendit
3020 5130 3468 5190 circumvolitans
3508 5143 3634 5184 ora-

378 5241 486 5291 νος.
524 5226 740 5297 Ἐπειδὴ
767 5224 876 5296 γὰρ
903 5222 1131 5296 δύναμιν
1156 5223 1247 5277 τὸν
1275 5224 1405 5281 Θεὸν
1433 5230 1513 5291 είς
1560 5229 1658 5302 τήν
1702 5227 1833 5305 ὕλην
1856 5251 1954 5288 κα..

2060 5228 2158 5285 tio.
2193 5228 2331 5296 Quia
2357 5229 2501 5285 enim
2541 5229 2758 5284 misisse
2781 5227 2948 5283 Deum
2978 5226 3234 5282 virtutem
3265 5224 3320 5277 in
3351 5222 3634 5276 materiam

378 5318 662 5390 ταπέμψαι
710 5317 863 5388 φασὶ,
916 5319 1135 5371 σκοπεῖν
1169 5316 1338 5384 ἄξιον,
1375 5318 1603 5392 πότερον
1636 5324 1669 5395 ἡ
1724 5325 1953 5399 δύναμις

2060 5321 2271 5385 dicunt,
2299 5319 2712 5376 consideremus
2755 5331 2935 5388 operae
2973 5315 3244 5385 pretium,
3282 5320 3465 5368 utrum
3517 5311 3635 5366 haec

378 5408 519 5482 αὕτη
551 5409 693 5464 κατὰ
740 5408 802 5463 τὸ
841 5408 1042 5479 ἀγαθὸν
1075 5409 1381 5479 ἠλάττωται
1414 5413 1566 5484 παρὰ
1606 5415 1699 5470 τὸν
1731 5417 1884 5482 Θεὸν,
1915 5419 1949 5489 ἢ

2056 5413 2269 5477 virtus,
2301 5411 2369 5467 ad
2411 5413 2538 5467 boni
2580 5410 2849 5465 rationem
2889 5408 3037 5479 quod
3081 5409 3313 5471 attinet,
3366 5417 3479 5476 pra:
3523 5403 3635 5456 Deo

311 5520 333 5527 ’λ
377 5503 577 5574 ὁμοίως
606 5499 768 5574 εἶχεν.
808 5503 873 5556 Εἰ
909 5504 1005 5574 μὲν
1046 5501 1154 5574 γὰρ
1200 5502 1535 5572 ἠλάττωται,
1566 5507 1618 5561 τί
1651 5507 1713 5560 τὸ
1744 5508 1915 5563 αἴτιον

2060 5506 2243 5561 minor
2277 5512 2441 5568 esset,
2475 5511 2568 5559 aut
2603 5502 2767 5557 simili
2800 5501 3009 5555 ratione
3050 5500 3290 5554 haberet.
3353 5494 3630 5564 Siquidem

379 5592 513 5667 ὕλης
550 5595 646 5665 μὲν
703 5592 813 5664 γὰρ
839 5593 990 5647 οὐδὲν
1033 5595 1249 5665 μετεῖχε
1291 5592 1398 5646 τῶν
1431 5594 1582 5666 παρὰ
1619 5595 1769 5666 Θεῷ·
1806 5597 1863 5649 ἓν
1894 5597 1951 5650 δὲ

2057 5600 2205 5654 enim
2238 5599 2330 5652 illa
2363 5597 2646 5653 deficiebat
2676 5595 2961 5662 minorque
2988 5600 3136 5653 erat,
3173 5603 3421 5658 quaenam
3455 5587 3632 5640 ratio?

381 5692 540 5760 μόνον
566 5688 768 5759 ἀγαθὸν
811 5689 1020 5759 εἰσάγει
1056 5689 1147 5742 τὸν
1196 5686 1349 5754 Θεὸν,
1401 5688 1496 5741 καὶ
1536 5688 1593 5742 ἓν
1635 5690 1804 5743 κακὸν
1849 5692 1950 5763 τὴν

2054 5690 2192 5744 Nam
2218 5705 2340 5760 quae
2372 5689 2514 5759 apud
2555 5686 2721 5742 Deum
2749 5724 2764 5748 ,
2818 5685 3026 5739 nullum
3057 5679 3298 5735 materiae
3341 5677 3633 5732 admittunt

377 5780 539 5854 ὕλην·
575 5784 624 5836 εί
656 5780 712 5834 δὲ
743 5779 944 5850 ὁμοίως
1006 5775 1139 5848 εἶχε,
1173 5776 1319 5842 τίνος
1358 5779 1519 5834 ἕνεκα
1561 5781 1590 5834 ὁ
1636 5782 1734 5851 μὲν
1761 5780 1950 5853 ὥσπερ

2054 5781 2467 5838 commercium.
2516 5778 2697 5835 Unum
2733 5793 2863 5834 vero
2891 5776 3153 5831 duntaxat
3205 5772 3410 5827 bonum
3462 5769 3632 5823 Deum

650 5880 923 5942 Peraea.
958 5876 1075 5940 Gn.
1103 5873 1325 5937 XVIII.

3261 5866 3336 5922 15
