4110 6460
540 311 646 366 ιιι

1515 313 1912 376 ALEXANDRI
1951 320 2252 382 EPISCOP]
2290 328 2791 387 LYCOPOLITANI

3655 325 3762 384 £28

542 424 802 494 insignit,
856 438 1130 493 unumque
1167 424 1369 479 malum
1411 430 1714 485 materiam.
1774 430 1869 487 Sin
1919 444 2082 491 auten

2201 458 2283 505 τις
2314 442 2563 513 βασιλεὺς
2588 444 2902 507 ἐπέταττεν,
2937 444 2970 515 ἡ
2997 443 3053 496 δὲ
3077 441 3170 496 τὸν
3203 441 3361 498 πόνον
3391 442 3482 498 τδν
3508 440 3764 499 ἀκούσιον

541 516 786 570 similiter
820 514 1107 580 habebant,
1140 515 1402 585 quidnam
1456 534 1635 577 causa:
1683 532 1801 586 est,
1856 542 1954 581 cur
1988 528 2082 599 ipSt

2204 534 2397 607 ἀνέτλη
2435 535 2618 590 τοῦτον
2634 553 2649 603 ;

539 609 684 661 velut
726 621 818 661 rex
865 605 1084 675 quidam
1127 606 1422 676 imperaret
1449 647 1464 674 ,
1524 613 1638 679 ipsa
1680 628 1810 668 vero
1862 616 2102 676 laborem

533 698 679 753 hunc
701 699 868 753 invita
902 699 1145 754 subiret?

603 791 746 857 Quin
780 791 847 845 ad
879 792 1158 846 materiam
1189 805 1404 862 quoque
1432 794 1575 862 quod
1608 796 1833 861 attinet,
1890 815 2101 870 quaere-

532 897 643 948 tur,
677 900 806 938 num
833 885 959 938 mali
1003 884 1212 939 ratione
1235 885 1441 940 similes
1462 886 1573 940 sint
1606 902 1674 942 an
1718 890 1957 947 minores
1987 894 2099 948 vir-

533 976 717 1030 tules?
746 974 879 1029 Nam
914 980 959 1032 si
1002 976 1260 1039 minores,
1294 990 1518 1045 prorsus
1561 979 1770 1034 minore
1798 981 2005 1036 malitia
2032 997 2098 1037 ac

532 1069 813 1137 pravitate.
850 1066 980 1121 Boni
1004 1082 1131 1138 ergo
1161 1068 1489 1122 commercio
1508 1070 1775 1125 exsistant
1808 1072 1930 1129 illae.
1957 1073 2094 1130 Cum

526 1160 672 1216 enim
701 1158 808 1211 duo
847 1159 988 1212 mala
1041 1160 1171 1223 sint,
1206 1159 1348 1229 quod
1402 1161 1581 1216 minus
1610 1170 1729 1227 est,
1785 1164 1890 1218 tale
1937 1166 2095 1235 plane

527 1250 656 1306 boni
683 1251 1009 1306 commercio
1032 1258 1254 1304 nactum
1286 1257 1344 1304 ut
1383 1259 1530 1306 esset
1568 1268 1632 1306 at:
1657 1254 1733 1307 ita
1765 1269 1823 1310 se
1844 1255 2089 1312 haberet.

524 1343 594 1398 At
624 1344 701 1398 illi
730 1344 875 1397 circa
910 1343 1194 1398 materiam
1239 1342 1452 1397 nullum
1506 1344 1709 1399 bonum
1754 1347 2090 1419 relinquunt.

526 1434 737 1489 Rursus
788 1433 954 1502 igitur
1003 1434 1108 1487 alia
1154 1434 1380 1505 emergit
1411 1436 1661 1504 quaestio.
1715 1435 1851 1491 Nam
1887 1439 1934 1494 si
1984 1439 2090 1494 alia

521 1527 766 1596 quaedam
799 1528 975 1580 virtus
1000 1525 1370 1582 maliratione
1409 1527 1651 1582 materiae
1683 1529 1942 1599 praecellit
1971 1544 2093 1600 qua:

520 1619 762 1672 dominio
795 1618 1028 1689 polleat,
1079 1619 1195 1688 ipsa
1233 1619 1589 1691 principalior
1640 1620 1875 1677 exsistit.
1934 1620 2091 1688 Quod

520 1712 663 1765 enim
698 1709 869 1780 magis
902 1709 1125 1774 malum,
1159 1710 1335 1780 ipsum
1367 1711 1514 1767 illius
1543 1712 1771 1782 imperio
1800 1712 2016 1782 polleat.

2270 808 2378 862 Καὶ
2425 810 2517 861 ἐπὶ
2558 809 2655 879 τῆς
2695 807 2827 876 ὕλης
2875 808 2931 861 δὲ
2981 806 3365 879 ζητηθήσεται,
3418 805 3642 877 πότερον
3681 806 3762 868 είς

2197 901 2258 954 τὸ
2292 901 2456 954 κακὸν
2485 902 2666 972 ὅμοιαι
2701 901 2734 970 ἢ
2765 900 3018 962 ἐλάττους
3048 899 3334 968 δυνάμεις;
3366 898 3429 951 Ei
3467 897 3574 968 γὰρ
3605 896 3763 950 ἐλάτ-

2196 1009 2339 1056 τους,
2381 993 2593 1055 πάντως
2632 1008 2692 1044 τε
2731 992 2926 1054 κακίας
2961 991 3245 1053 ἐλάττουςο
3284 992 3481 1060 μετοχῇ
3520 989 3626 1059 ἀρα
3666 985 3760 1040 τοῦ

2196 1082 2401 1154 ἀγαθοῦ
2445 1077 2603 1137 αὗται
2638 1084 2704 1137 ἂν
2741 1082 3002 1152 γένοιντο.
3055 1082 3159 1135 Δύο
3195 1081 3302 1153 γὰρ
3345 1079 3512 1135 ὄντων
3553 1078 3757 1144 κακῶν,

2193 1177 2255 1230 τὸ
2296 1171 2456 1249 ἦττον
2482 1172 2718 1229 τοιοῦτον
2746 1175 2886 1230 κατὰ
2925 1174 3222 1246 μετάληψιν
3253 1172 3349 1226 τοῦ
3388 1171 3590 1240 ἀγαθοῦ
3623 1170 3762 1225 πάν-

2194 1288 2301 1333 τως
2331 1287 2432 1322 που
2465 1268 2637 1332 οὕτως
2666 1268 2913 1338 ἔσχηκεν.
2968 1266 3196 1335 ’Δγαθὸν
3231 1265 3286 1318 δὲ
3317 1264 3467 1318 οὐδὲν
3502 1263 3628 1336 περὶ
3658 1263 3760 1333 τὴν

2200 1353 2331 1425 ὓλην
2370 1352 2743 1407 ἀπολείπουσι.
2786 1351 2951 1405 Πάλιν
3017 1351 3196 1404 τοίνυν
3237 1349 3437 1421 ἀπορία
3471 1348 3656 1418 ἑτέρα.
3695 1348 3759 1400 El

2192 1444 2299 1515 γάρ
2324 1460 2407 1507 τις
2432 1443 2562 1512 ἄλλη
2602 1442 2826 1513 δύναμις
2852 1440 2930 1512 τῷ
2964 1440 3120 1512 κακῷ
3152 1439 3475 1512 ὑπερϐάλλει
3502 1440 3601 1511 τὴν
3631 1440 3759 1509 ἠγε-

2195 1534 2523 1605 μονεὺουσαν
2572 1533 2730 1605 ὑλην,
2780 1532 2915 1605 αὕτη
2967 1534 3111 1585 ἐστὶν
3147 1529 3623 1603 ήγεμονικωτέρα·
3696 1528 3759 1581 τὸ

2192 1623 2299 1697 γὰρ
2327 1622 2525 1695 μᾶλλον
2554 1623 2719 1677 κακὸν
2751 1623 2851 1693 τῆς
2878 1623 3051 1695 ἀρχῆς
3081 1623 3180 1694 τῆς
3207 1622 3325 1676 κατ’
3353 1621 3519 1692 αὑτὴν
3550 1621 3754 1691 ἡγοῖτο.

519 1824 649 1880 Ωιι).
670 1821 784 1877 ΧΗ.
820 1822 1127 1893 lmprobata
1148 1823 1356 1877 uirtutis
1393 1823 1738 1897 immissione.
1758 1825 1895 1897 ntali
1922 1823 2243 1897 destructio;
2275 1826 2412 1897 quod
2434 1825 2563 1881 mali
2591 1842 2657 1881 ex
2686 1842 2748 1879 ea
2780 1824 2927 1879 nulla
2949 1824 3191 1879 minutio.
3226 1821 3504 1893 Expuncta
3527 1820 3755 1877 Zenonis

1464 1895 1662 1963 opinio,
1686 1895 1814 1950 solis
1844 1896 1958 1965 igne
1988 1894 2163 1951 orbem
2192 1894 2303 1951 esse
2334 1898 2810 1967 conﬂagraturum.

587 2010 802 2067 Misisse
832 2016 1012 2064 autem
1041 2006 1211 2063 Deum
1253 2007 1510 2064 virtutem
1551 2008 1606 2062 in
1648 2006 1967 2074 materiam,
2002 2007 2082 2063 di-

2258 2009 2331 2062 Τὸ
2360 2009 2437 2075 δὲ,
2466 2006 2798 2079 Κατέπεμψε
2829 2008 2857 2059 ὁ
2886 2005 3016 2071 Θεὸς
3042 2006 3270 2077 δύναμιν
3306 2006 3399 2059 ἐπὶ
3428 2005 3526 2078 τὴν
3596 2005 3753 2077 ὕλην,

516 2107 660 2164 citur
689 2103 906 2174 quidem
933 2100 1082 2155 nulla
1105 2100 1461 2170 probatione;
1493 2115 1558 2155 ac
1586 2102 1727 2170 quod
1761 2102 1905 2157 omni
1930 2115 2086 2171 pror-

516 2213 609 2253 sus
637 2194 1016 2267 probabilitate
1035 2201 1237 2248 careat.
1268 2190 1373 2246 Par
1407 2199 1586 2248 tamen
1616 2200 1721 2261 est,
1748 2200 1808 2247 ut
1829 2202 1884 2249 et
1905 2192 2085 2264 ipsum

516 2287 633 2358 pari
664 2284 871 2339 ratione
918 2282 1036 2338 suis
1069 2281 1413 2337 sermonibus
1446 2295 1510 2335 ac
1538 2281 1899 2351 explicatione
1950 2296 2086 2353 gau-

515 2379 660 2432 deat.
708 2375 882 2444 llujus
947 2389 1079 2428 sane
1110 2387 1334 2427 causam
1380 2373 1522 2426 hanc
1571 2387 1695 2429 esse
1745 2372 1964 2438 dicunt,
2024 2380 2086 2426 ut

516 2470 720 2525 mullum
762 2468 831 2523 sit
867 2465 1091 2530 malum,
1124 2464 1221 2520 sed
1261 2464 1444 2518 omnia
1476 2464 1638 2519 bona.
1673 2463 1909 2521 Decebat
1939 2465 2084 2520 enim

517 2563 767 2617 virtutem
801 2559 1044 2614 materiae
1101 2556 1342 2620 misceri,
1372 2556 1697 2610 athletarum
1740 2570 1930 2623 more,
1992 2556 2084 2626 qui

515 2667 812 2724 congressu
842 2650 1188 2722 impleanue
1240 2647 1585 2703 adversarios
1634 2654 1922 2718 superant;
1976 2663 2086 2718 quo

514 2744 722 2801 scilicet
774 2742 904 2797 mali
944 2740 1209 2804 victoria,
1265 2739 1445 2809 ipsum
1510 2739 1840 2794 aboleretur.
1903 2738 2086 2812 Longe

515 2852 643 2893 vero
665 2833 951 2905 augustius
985 2832 1242 2893 arbitror,
1273 2829 1475 2900 Deique
1497 2831 1816 2887 excellentia
1843 2832 2084 2903 dignius,

514 2929 690 2997 primo
753 2927 937 2982 statim
988 2921 1339 2977 existentium
1385 2920 1626 2991 cogitatu
1651 2917 1932 2973 materiam
1955 2922 2089 2977 sub.

521 3015 683 3069 latam
746 3026 889 3068 esse.
938 3011 1097 3067 Haud
1155 3022 1333 3066 tamen
1383 3020 1513 3082 puto
1567 3027 1680 3068 rem
1712 3012 2081 3079 admiserunt,

513 3106 658 3176 quod
728 3121 875 3161 nunc
921 3120 1136 3176 quoque
1211 3104 1413 3159 malum
1473 3104 1750 3175 quidpiam
1818 3106 2082 3171 exsistat,

512 3196 654 3267 quod
680 3196 960 3251 materiam
993 3204 1211 3250 vocant.
1259 3190 1368 3248 Res
1410 3207 1542 3248 vero
1577 3193 1712 3246 nihil
1745 3192 1917 3262 magis
1965 3207 2086 3249 ees-

511 3304 634 3344 sare
663 3304 725 3343 ac
755 3288 957 3344 aboleri
990 3285 1248 3356 possibile
1300 3291 1420 3350 est,
1469 3300 1591 3355 qua:
1640 3285 1777 3340 tales
1828 3284 1971 3351 sint,
2013 3300 2084 3340 ne

508 3378 631 3449 quis
656 3378 710 3432 in
731 3377 969 3432 deterius
993 3374 1241 3445 quaedam
1274 3374 1475 3428 mutari
1507 3375 1811 3431 admiserit.
1843 3375 2081 3431 Decebat

508 3470 651 3526 enim
687 3469 849 3539 hujus
874 3468 1163 3539 quemdam
1215 3482 1437 3523 sensum
1471 3466 1625 3531 ﬁeri,
1684 3466 1830 3538 quod
1887 3484 2080 3540 nempe

508 3561 624 3617 haec
654 3560 1000 3617 mediocriter
1045 3560 1240 3630 quovis
1292 3574 1426 3614 sane
1467 3557 1630 3613 modo
1676 3558 1959 3613 imminuta
1992 3574 2081 3614 es-

506 3659 650 3714 sent.
684 3658 741 3703 ut
767 3656 823 3704 et
851 3649 907 3704 in
939 3656 1217 3719 posterum
1251 3648 1504 3703 meliores
1543 3646 1703 3703 nobis
1725 3663 1850 3719 spes
1875 3662 2078 3718 suppe-

509 3745 704 3794 terent.
738 3736 971 3794 Pulchre
1000 3740 1145 3794 enim
1187 3739 1242 3793 in
1273 3737 1507 3794 Zenonis
1546 3737 1707 3794 Citiei
1751 3740 2076 3796 sententiam

509 3830 713 3884 dictum
746 3835 851 3895 est,
874 3829 968 3898 qui
994 3842 1178 3883 rerum
1205 3828 1609 3883 universitatem
1634 3828 1745 3898 igni
1778 3827 2080 3899 conﬂagra-

510 3923 712 3979 luraln,
735 3914 817 3969 sic
852 3921 1123 3986 argueret,
1151 3914 1381 3986 Quiquid
1412 3914 1565 3968 habet
1592 3915 1730 3986 quod
1775 3925 1936 3983 urat,
1973 3932 2078 3969 non

509 4003 817 4072 cessaverit,
848 4002 1008 4057 donec
1037 4013 1202 4058 totum
1231 4004 1539 4069 comburat;
1582 4005 1761 4076 solque
1799 4007 1935 4076 ignis
1960 4017 2073 4073 est,

507 4111 601 4149 nec
628 4092 765 4165 quod
791 4092 967 4161 habet,
1012 4094 1326 4151 comburat?
1366 4094 1442 4149 Ex
1474 4109 1583 4165 quo
1608 4095 1963 4162 conﬁciebat,
2015 4105 2076 4152 ut

505 4187 613 4244 sibi
644 4186 948 4252 videbatur,
981 4203 1165 4243 rerum
1198 4188 1340 4243 hanc
1370 4187 1779 4243 universitatem
1807 4188 1917 4260 igni
1942 4205 2077 4245 exu-

506 4280 728 4336 rendam
754 4295 897 4336 esse.
931 4279 1013 4335 Ad
1036 4295 1196 4350 quem
1222 4277 1540 4335 iacetiorum
1558 4278 1847 4349 quemdam
1870 4279 2076 4335 dixisse

505 4371 707 4425 ferunt.
740 4370 898 4442 Atqui
931 4387 1023 4441 ego
1062 4370 1208 4433 heri,
1238 4379 1289 4425 et
1326 4381 1447 4423 ante
1476 4385 1694 4434 annum,
1735 4385 1797 4423 ac
1833 4368 1925 4423 diu
1955 4378 2076 4424 ante

504 4461 631 4526 uidi,
663 4478 899 4533 nuncque
948 4463 1190 4516 similiter
1234 4460 1421 4525 video,
1476 4462 1677 4515 nullam
1731 4460 1899 4517 labem
1944 4462 2073 4516 solis

504 4556 674 4625 ignem
707 4555 966 4608 attulisse.
996 4553 1220 4608 Decebat
1247 4569 1363 4607 cum
1402 4562 1629 4620 tempore
1664 4553 1927 4622 paulatim
1963 4570 2074 4607 rent

2184 2100 2399 2170 λέγεται
2443 2100 2541 2171 μὲν
2567 2101 2682 2170 μετ’
2712 2099 2963 2170 οὐδεμιᾶς
2991 2098 3336 2162 ἀποδείξεως·
3366 2098 3479 2153 ἔστι
3504 2100 3564 2154 δὲ
3594 2101 3756 2155 πιθα-

2184 2188 2272 2248 νὸν
2302 2190 2409 2247 οὐδ’
2439 2191 2757 2247 ὁπωστιοῦν.
2790 2192 2910 2264 Χρὴ
2948 2191 3004 2244 δὲ
3033 2191 3234 2262 ὁμοίως
3268 2192 3363 2245 καὶ
3394 2190 3526 2247 αίπδ
3568 2196 3755 2264 τυχεῖν

2184 2285 2291 2337 τῶν
2328 2284 2543 2338 οἰκείων
2577 2284 2770 2351 λόγων.
2798 2283 2871 2335 Τὸ
2905 2283 3001 2354 μὲν
3026 2282 3135 2355 γάρ
3160 2284 3332 2337 αἴτιον
3364 2284 3551 2337 τούτου
3578 2285 3756 2339 ἐκεῖνο

2186 2372 2345 2439 εἶναι,
2390 2376 2537 2439 ὅπως
2589 2374 2753 2445 μηδὲν
2801 2374 2897 2444 μὲν
2938 2372 3195 2447 ᾗκακὺν,
3235 2373 3412 2442 ἀγαθά
3450 2373 3509 2427 δὲ
3554 2372 3751 2429 πάντα.

2191 2465 2333 2519 Ἔδει
2361 2465 2614 2537 μιχθῆναι
2639 2466 2737 2537 τὴν
2763 2463 2988 2536 δύναμιν
3034 2468 3100 2536 τῇ
3124 2464 3244 2538 ὕλῃ,
3271 2466 3409 2520 κατά
3436 2466 3561 2530 τοὺς
3585 2466 3753 2537 ἀθλη-

2186 2558 2303 2621 τὰς,
2354 2558 2480 2621 τοὺς
2521 2560 2577 2610 ὲν
2629 2558 2706 2629 τῷ
2762 2558 3164 2629 συμπλέκεσθαι
3222 2558 3755 2629 καταγωνιζομένους

2184 2649 2309 2713 τοὺς
2350 2648 2695 2712 ἀντιπάλους,
2725 2648 2832 2711 ἵνα,
2874 2649 3191 2719 κρατήσασα
3220 2648 3314 2702 τοῦ
3348 2648 3537 2710 κακοῦ,
3566 2648 3753 2719 παύσῃ

2185 2739 2315 2792 αὑτὸ
2346 2738 2438 2792 τοῦ
2477 2733 2634 2790 εἶναι.
2680 2737 2820 2791 Πολὺ
2852 2738 2906 2791 δὲ
2944 2734 3094 2809 οἶμαι
3137 2739 3475 2810 σεμνότερον,
3519 2738 3611 2793 καὶ
3652 2738 3756 2809 τῆς

2184 2827 2277 2880 τοῦ
2305 2825 2438 2880 Θεοῦ
2462 2827 2731 2898 ὑπεροχῆς
2771 2825 3009 2892 ἐπάξιον,
3034 2826 3095 2879 τὸ
3124 2827 3255 2898 ὁμοῦ
3288 2829 3515 2899 νοήματι
3537 2828 3644 2881 τῶν
3665 2827 3753 2880 δν-

2185 2938 2294 2974 των
2345 2921 2602 2988 ἀφανίσαι
2657 2920 2753 2991 τὴν
2814 2919 2965 2990 ὑλην.
3022 2920 3159 2973 Ἀλλ’
3226 2919 3402 2992 οἶμαι,
3447 2920 3602 2975 τοῦτο
3651 2921 3755 2975 οὑκ

2186 3011 2527 3077 ἀπεδέξαντο,
2560 3010 2647 3064 διὰ
2676 3010 2736 3063 τὸ
2764 3011 2857 3063 καὶ
2887 3011 2979 3064 νῦν
3008 3010 3175 3064 κακόν
3202 3029 3254 3064 τι
3282 3012 3566 3083 ὑπάρχειν,
3597 3010 3626 3063 δ
3651 3011 3754 3082 τὴν

2188 3101 2318 3174 ὓλην
2372 3097 2511 3156 εἷναί
2556 3120 2707 3172 φασι.
2743 3102 2824 3156 Tit
2849 3102 3143 3174 πράγματα
3168 3102 3224 3156 δὲ
3250 3103 3399 3156 οὑδὲν
3438 3103 3637 3174 μᾶλλον
3657 3101 3753 3155 δύ-

2187 3210 2342 3246 ναται
2382 3192 2690 3247 παύσασθαι
2720 3193 2850 3247 ὄντα
2880 3194 3125 3258 τοιαῦτα,
3161 3193 3245 3247 ἵνα
3276 3203 3360 3259 τις
3392 3194 3452 3248 τὸ
3480 3193 3555 3267 μὴ
3584 3211 3755 3265 μετα-

2190 3284 2477 3339 ϐάλλεσθαι
2522 3287 2603 3349 εἰς
2634 3284 2703 3338 τά
2745 3285 2913 3356 χείρω
2953 3286 3070 3340 ἔνια
3114 3288 3462 3360 συγχωρήσῃ.
3506 3287 3652 3340 Ἔδει
3690 3286 3756 3340 δέ

2107 3347 2153 3410 C
2182 3392 2300 3428 τινα
2348 3347 2597 3446 αἴσθησιν
2639 3347 2891 3444 γενέσθαι
2936 3375 3141 3443 τούτου,
3602 3377 3757 3439 ὅπως

2180 3466 2381 3538 δήποτε
2417 3466 2649 3539 ὲμειὼθη
2683 3467 2877 3533 ταῦτα,
2911 3468 2999 3524 ἵνα
3044 3469 3137 3522 καὶ
3183 3468 3282 3532 τὰς
3323 3470 3401 3531 εἰς
3442 3467 3502 3521 τὸ
3558 3466 3753 3539 μέλλον

2179 3557 2396 3621 ἐλπίδας
2438 3558 2680 3628 βελτίους
2725 3558 2957 3630 ἔχωμεν.
2997 3561 3192 3624 Καλῶς
3224 3562 3333 3633 γὰρ
3372 3561 3436 3630 δὴ
3486 3559 3618 3631 πρὸς
3654 3556 3754 3611 τὸν

2179 3651 2422 3723 Ζήνωνος
2452 3652 2543 3705 τοῦ
2577 3638 2810 3719 Κιτιέιιῖς
2859 3656 3066 3728 εἴρηται
3104 3655 3281 3725 λόγον,
3321 3655 3379 3718 ὃς
3418 3651 3478 3706 τὸ
3516 3652 3625 3705 πᾶν
3655 3651 3754 3704 ὲκ·-

2179 3742 2599 3816 πυρωθήσεσθαι
2619 3745 2814 3815 λέγων,
2842 3746 2973 3803 Πᾶν
2992 3749 3058 3801 τὸ
3086 3747 3257 3801 καῖον
3273 3747 3419 3814 ἕχον
3439 3745 3511 3798 οὐ
3539 3741 3748 3811 παύσῃ

2176 3833 2287 3900 ἕως
2346 3834 2495 3889 ὅλον
2544 3837 2779 3905 καύσῃ·
2826 3838 2925 3891 καί
2960 3841 2993 3891 ό
3021 3837 3192 3905 ἥλιος
3234 3834 3352 3903 πῦρ
3388 3834 3538 3900 ἐστι,
3570 3831 3671 3889 καί
3717 3832 3750 3885 ὃ

2175 3926 2299 3994 ἔχει
2332 3927 2404 3980 οὐ
2430 3927 2677 3989 καύσεις
2721 3928 2809 3994 Ἐξ
2840 3919 2901 3983 οὑ
2938 3929 3217 4000 συνήγετο,
3253 3925 3327 3989 ὡς
3358 3925 3516 3997 ᾤετο,
3549 3924 3610 3977 τὸ
3639 3924 3750 3976 πᾶν

2176 4014 2681 4089 ὲκπυρωθήσεσθαι.
2715 4017 2860 4090 Πρὸς
2898 4020 2955 4072 ὅν
2997 4036 3078 4081 τις
3118 4016 3228 4070 τῶν
3273 4012 3638 4087 χαριεστέρων
3666 4013 3747 4064 εί-

2178 4108 2403 4179 ρηκέναι
2450 4104 2701 4177 λέγεται·
2760 4109 2912 4163 Ἀλλ’
2960 4107 3074 4177 ἐγώ
3120 4122 3209 4160 τοι
3258 4105 3435 4176 χθὲς,
3483 4104 3579 4157 καὶ
3630 4102 3748 4169 πρὸ

2175 4199 2473 4263 ἐνιαυτοῦ,
2530 4199 2628 4252 καὶ
2676 4199 2786 4267 πρὸ
2841 4200 3120 4263 πλείονος
3162 4194 3385 4266 χρόνου
3426 4189 3607 4254 elder,
3646 4192 3746 4245 καὶ

2175 4292 2291 4347 νῦν
2319 4292 2531 4359 ὁμοίως
2569 4288 2702 4360 ὁρῶ,
2740 4289 2919 4345 οὐδὲν
2939 4290 3058 4346 ὑπὸ
3082 4289 3187 4343 τοῦ
3216 4289 3394 4359 ἡλίου
3425 4284 3744 4349 πεπονθός.

2174 4379 2338 4452 Χρῆν
2376 4382 2444 4436 δὲ
2470 4383 2591 4436 σὺν
2618 4380 2813 4452 χρόνῳ
2841 4384 2968 4436 κατ’
2994 4382 3203 4452 ὀλίγον
3239 4379 3517 4450 γενέσθαι
3549 4376 3739 4433 ταῦτα.

2175 4475 2275 4528 ἵνα
2304 4474 2400 4528 καί
2427 4474 2516 4528 ὅτι
2544 4474 2690 4528 ποτὲ
2709 4472 3195 4543 ἑκπυρωθήσεται
3226 4472 3292 4527 τὸ
3332 4470 3479 4526 ὅλον
3506 4462 3743 4522 πιστεύ-

2174 4552 2393 4636 σώμεν.
2427 4566 2539 4620 Καὶ
2586 4565 2721 4639 πρὸς
2761 4566 2851 4619 τὸν
2893 4566 3195 4636 Μανιχαίου
3233 4565 3297 4634 δὴ
3345 4563 3532 4624 λιτονν
3565 4553 3743 4607 καίτοι

505 4646 644 4715 ﬁeri,
676 4654 732 4699 ut
782 4644 1090 4715 quandoque
1134 4647 1434 4701 universum
1480 4646 1578 4701 hoc
1620 4646 2073 4717 conﬂagraturum

2181 4656 2273 4711 σὺν
2288 4657 2511 4728 οὐδεμιᾷ
2535 4658 2977 4730 πίστειρηθέντα,
3004 4659 3036 4729 ἡ
3062 4655 3215 4719 αὑτὴ.
3238 4650 3413 4718 οἶμαι,
3430 4646 3740 4717 ἀπόκρισις⁹

504 4736 851 4794 crederemus.
896 4737 1038 4804 Quin
1070 4737 1137 4792 ad
1173 4737 1455 4793 Manichazi
1486 4752 1703 4809 quoque
1739 4738 2067 4802 doctrinam,

2174 4752 2253 4804 ὃτι
2295 4750 2433 4802 Ἀλλ’
2487 4750 2636 4804 οὐδὲν
2668 4749 2905 4821 ὲμειώθη
2946 4748 3149 4795 τκδτα·
3188 4738 3323 4793 ἀλλά
3356 4739 3449 4793 καὶ
3480 4737 3744 4809 πρότερον

504 4845 817 4902 quanquam
857 4831 1007 4884 nulla
1030 4831 1218 4886 nititur
1249 4830 1351 4885 [ide
1379 4842 1442 4884 ac
1468 4830 1698 4895 ratione,
1732 4828 1919 4885 eadem
1940 4835 2073 4899 puto

2181 4835 2239 4913 ἣν
2264 4843 2356 4895 ἐπὶ
2389 4841 2481 4895 τοῦ
2514 4840 2726 4913 πρώτου
2756 4833 3047 4904 γενομένου
3081 4830 3391 4903 ἀνθρώπου,
3422 4831 3556 4884 ὅπου
3586 4827 3741 4882 ἀδελ-

504 4921 794 4992 responsio
820 4928 1116 4992 congruat,
1165 4921 1299 4975 nihil
1329 4921 1444 4975 haec
1469 4919 1800 4976 decrementi
1835 4917 2072 4974 fecisse:

2171 4934 2271 5003 φὸς
2304 4934 2531 5003 ἀδελφὸν
2564 4927 2843 4991 ἀπόλλυσι,
2874 4927 2968 4980 καὶ
2997 4924 3091 4979 νῦν
3122 4924 3202 4978 ἔτι
3232 4922 3366 4976 ἐστί·
3394 4922 3488 4973 καὶ
3518 4920 3743 4989 πόλεμοι

503 5011 604 5069 sed
639 5021 693 5068 et
722 5011 893 5069 fuisse
921 5012 1093 5082 prius,
1118 5011 1238 5081 ejus
1261 5012 1623 5082 temporibus,
1644 5010 1740 5081 qui
1759 5008 2072 5064 mortalium

2181 5026 2220 5078 al
2246 5025 2421 5088 αὑτοὶ,
2445 5025 2539 5076 καὶ
2557 5016 2938 5089 ποικιλώτεραι.
2961 5013 3265 5085 ἐπιθυμίαι.
3293 5010 3446 5081 Χρῆν
3464 5008 3543 5072 δὲ,
3580 5009 3628 5060 εἰ
3650 5007 3746 5059 καὶ

504 5098 715 5171 primus
743 5101 998 5157 conditus
1018 5109 1122 5164 est,
1154 5114 1279 5155 cum
1305 5100 1469 5155 frater
1495 5100 1717 5155 fratrem
1750 5098 1993 5164 sustulit,
2018 5102 2074 5150 et

505 5208 653 5248 nunc
687 5193 864 5250 adhuc
891 5209 1014 5251 esse
1038 5213 1051 5248 :
1083 5194 1379 5263 eademque
1407 5192 1569 5258 bella,
1593 5201 1648 5246 et
1679 5192 1925 5246 diversas
1955 5203 2074 5242 ma-

507 5284 590 5353 gis
611 5286 934 5356 cupiditates
963 5301 1027 5340 ac
1052 5285 1321 5340 libidines.
1349 5283 1584 5339 Decebat
1612 5290 1794 5337 autem
1823 5281 1957 5343 haec,
1987 5280 2072 5334 vel

508 5377 556 5429 si
584 5391 693 5431 non
723 5386 1089 5442 cessaverant,
1113 5383 1262 5432 certe
1311 5376 1518 5431 minuta
1544 5390 1688 5438 esse,
1717 5383 1777 5427 ut
1813 5384 1869 5427 et
1894 5386 2072 5442 quan-

508 5463 685 5534 doque
714 5475 952 5539 tempore
993 5475 1274 5525 cessatura
1330 5480 1745 5540 auguraremur.
1795 5462 1931 5517 Dum
1977 5477 2074 5516 au-

510 5563 618 5610 tem
658 5554 842 5612 eadem
877 5560 1070 5615 exinde
1101 5567 1489 5631 perseverant,
1535 5572 1785 5630 quaenam
1820 5570 1944 5626 spes
1988 5553 2069 5607 lu-

512 5645 791 5701 turorum?

2180 5115 2254 5186 μὴ
2285 5113 2615 5176 τεπαῦσθαι,
2658 5108 2992 5182 μεμειῶσθαι
3013 5109 3066 5176 γ’
3093 5102 3185 5159 οὑν
3215 5104 3408 5165 ταῦτα,
3441 5103 3529 5155 ἵνα
3560 5099 3747 5171 οἰηθῆ-

2177 5224 2378 5278 σωμεν,
2407 5208 2489 5260 ὅτι
2513 5207 2607 5258 καὶ
2634 5199 2907 5273 παύσηταί
2936 5216 3064 5252 ποτε
3092 5197 3187 5249 σὺν
3211 5194 3289 5265 τῷ
3315 5195 3509 5266 χρόνῳ.
3540 5193 3745 5244 Ὄντων

2175 5300 2231 5352 δὲ
2263 5300 2371 5355 τῶν
2405 5299 2582 5353 αὑτῶν
2612 5296 2841 5361 ἐκεῖθεν,
2883 5293 2969 5356 τίς
2998 5293 3030 5363 ἡ
3072 5290 3255 5353 πίστις
3282 5287 3388 5341 τῶν
3424 5287 3501 5349 εἰς
3528 5284 3586 5337 τὸ
3619 5281 3746 5353 μέλ-

2175 5395 2264 5447 λον
2281 5412 2295 5459 ;
