4110 6446
384 350 493 408 429

1267 346 1690 410 TRACTATUS
1724 348 1815 405 DE
1852 346 2168 406 PLACITIS
2208 349 2766 409 MANICIIAEORUM.

3525 355 3632 417 ιδο

384 487 514 543 CAP.
547 485 684 542 XIII.
718 486 924 543 Malum
946 489 1521 563 tninimeirtsideribus
1551 499 1602 545 et
1634 491 1824 545 stellis.
1857 488 2012 544 Mala
2043 491 2174 563 vim,
2194 490 2373 563 omnia
2403 488 2730 563 Manichaice
2751 508 2908 563 vana,
2932 508 3049 563 qua:
3083 494 3202 550 vim:
3225 489 3477 552 inducant
3496 500 3635 556 inte-

916 560 1078 613 ritum
1102 577 1122 614 :
1148 560 1334 614 delirio
1358 576 1521 630 supra
1542 564 1778 630 exposita
1802 560 2201 615 transvectionis
2226 560 2525 614 animarum
2540 577 2605 614 ex
2625 561 2754 615 luna
2780 562 2849 615 ad
2883 560 3065 620 solem.

446 665 590 725 ,Τίνα
618 671 678 726 δὲ
704 672 800 726 καὶ
821 673 890 726 τά
918 674 1066 727 κακά
1091 672 1229 727 εἶναι
1252 674 1404 743 λέγει
1423 691 1437 740 ;
1458 676 1594 747 Περὶ
1623 676 1720 747 μὲν
1739 675 1848 748 γὰρ
1871 675 1962 729 τὸν

2135 673 2396 740 Quaenam
2423 689 2554 729 vero
2581 673 2747 730 etiam
2778 675 2917 728 mala
2948 690 3072 732 esse
3113 678 3285 733 dicit?
3327 680 3411 735 Ad
3462 685 3631 738 solem

378 764 533 836 ἥλιον
571 767 667 820 καὶ
690 765 788 839 τὴν
818 767 1048 840 σελήνην
1081 768 1235 822 οὐδὲν
1274 768 1580 823 ἀπολείπει·
1625 769 1757 841 περὶ
1781 769 1839 822 δὲ
1869 769 1959 822 τὸν

378 859 609 931 οὐρανὸν
636 861 730 914 ml
759 861 886 925 τοὺς
927 861 1180 933 ἀστέρας,
1205 860 1332 916 εἴτι
1359 862 1600 917 τοιοῦτον
1626 858 1767 915 εἶναί
1806 879 1960 933 φησι,

380 952 477 1006 καὶ
498 951 551 1005 τί
586 953 706 1005 ποτ’
737 952 856 1006 ἐστὶ
882 953 1059 1017 τοῦτο,
1094 954 1313 1023 εὔλογον
1341 956 1540 1026 ἑφεξῆς
1573 955 1773 1027 ζητεῖν.
1822 954 1961 1007 Ἀλλ’

381 1042 416 1112 ὴ
466 1042 565 1113 μὲν
622 1042 821 1109 ἀταξία
870 1044 990 1097 κατ’
1041 1045 1239 1109 αὐτούς
1295 1046 1411 1099 ἐστι
1454 1046 1515 1099 τὸ
1568 1044 1740 1100 κακὸν
1783 1044 1878 1100 ml
1926 1046 1961 1117 ή

380 1133 616 1198 ἄτακτος
655 1134 898 1205 κίνησις·
942 1137 1116 1191 ταῦτα
1156 1138 1214 1190 δὲ
1262 1137 1349 1191 ἀεὶ
1390 1138 1533 1193 κατά
1572 1139 1643 1193 τά
1686 1138 1824 1192 αὺτά
1872 1141 1965 1193 καὶ

380 1224 644 1289 ὡσαύτως
677 1225 822 1298 ἔχει·
862 1229 959 1281 καὶ
999 1228 1123 1283 οὔτε
1162 1231 1285 1285 τινά
1323 1248 1406 1295 τις
1441 1230 1549 1285 τῶν
1595 1230 1963 1303 πλανωμένων

380 1318 708 1384 αἰτιάσεται,
732 1319 808 1383 ὡς
836 1320 985 1392 παρὰ
1005 1321 1096 1375 τὸν
1112 1324 1443 1393 τεταγμένον
1466 1324 1656 1395 χρόνον
1684 1325 1777 1377 ὲπι
1785 1325 1963 1394 μεῖναί

381 1427 514 1463 ποτε
561 1409 811 1483 ζωδιακῷ
850 1412 1177 1478 ἀξιώσαντα,
1230 1414 1353 1468 οὔτε
1405 1403 1835 1481 τῶνάπλανῶν,
1890 1417 1965 1480 ὡς

380 1502 565 1556 οὐκέτι
600 1504 701 1574 τῆς
747 1505 919 1576 αὐτῆς
968 1506 1196 1576 μένοντα
1233 1505 1395 1575 ἕδρας
1437 1507 1533 1561 καὶ
1580 1507 1655 1579 μὴ
1696 1525 1965 1580 συμπερι-

352 1578 648 1647 ’πολοῦντα
677 1597 742 1666 τῇ
785 1594 879 1649 τοῦ
923 1597 1123 1659 παντὸς
1160 1598 1451 1668 περιφορᾷ,
1488 1598 1546 1651 ὲν
1586 1578 1782 1653 ἑκατὸν
1818 1598 1962 1653 ἔτεσι

382 1685 513 1756 μίαν
540 1690 734 1760 μοῖραν
765 1691 859 1744 ἐπὶ
884 1690 951 1745 τά
977 1691 1219 1761 ἑπόμενα
1244 1692 1562 1764 κινούμενα.
1602 1692 1690 1745 Ἑν
1712 1694 1784 1762 γῇ
1822 1692 1880 1744 δὲ
1916 1693 1965 1744 εἰ

378 1775 441 1828 τὸ
472 1776 746 1849 ἀνήμερον
779 1780 937 1835 ἐνίων
973 1781 1190 1853 χωρίων
1222 1784 1486 1847 αἰτιᾶται,
1513 1783 1547 1853 ἢ
1584 1782 1888 1855 μέμψονται
1915 1783 1965 1835 οἱ

377 1868 715 1940 κυϐερνῆται
765 1873 824 1924 ἐν
866 1875 932 1944 τῇ
981 1873 1226 1947 θαλάσσῃ
1270 1875 1571 1947 χειμῶνας·
1603 1874 1820 1947 πρῶτον
1867 1874 1964 1945 μὲν

376 1958 498 2012 κατ’
524 1959 722 2025 αὐτοὺς
752 1961 852 2033 τῆς
881 1960 975 2015 τοῦ
1014 1962 1220 2032 ἀγαθοῦ
1265 1965 1463 2036 μοίρας
1505 1962 1574 2018 τὰ
1603 1962 1850 2017 τοιαῦτα.
1899 1962 1963 2015 El

2065 764 2284 836 quidem
2309 780 2374 819 ac
2402 765 2583 820 lunam
2628 764 2774 835 quod
2807 766 3040 833 attinet,
3087 770 3240 827 deest
3270 773 3425 829 nihil.
3476 775 3632 844 Quod

2063 873 2195 913 vero
2224 858 2289 913 ad
2320 859 2518 912 coelum
2543 863 2598 912 et
2628 858 2836 923 stellas,
2876 859 2923 916 si
2951 860 3081 931 quid
3121 863 3231 918 tale
3260 878 3384 920 esse
3410 865 3632 934 dixerit,

2065 964 2131 1005 ac
2150 951 2406 1021 quidnam
2438 950 2655 1006 tandem
2684 951 2813 1006 illud
2838 952 2929 1017 sit,
2954 968 3169 1024 aequum
3197 962 3282 1012 est
3311 965 3371 1012 ut
3401 974 3635 1030 sequen-

2063 1042 2212 1097 tibus
2241 1042 2613 1114 exquiramus.
2668 1040 2995 1110 Enimvero,
3041 1045 3371 1103 inordinatio
3393 1088 3409 1114 ,
3459 1060 3519 1103 ut
3556 1051 3635 1104 illi

2065 1134 2401 1199 existimant,
2424 1134 2627 1189 malum
2659 1142 2764 1200 est,
2789 1142 3078 1207 motusque
3110 1138 3471 1196 inordinatus.
3506 1140 3635 1197 Haec

2065 1234 2247 1281 autem
2274 1227 2572 1283 secundum
2599 1229 2788 1284 eadem
2818 1237 2981 1300 atque
3001 1230 3191 1286 eodem
3223 1244 3438 1302 semper
3472 1232 3638 1288 modo

2064 1318 2305 1375 habent:
2338 1336 2440 1376 nec
2471 1322 2637 1375 ullam
2687 1321 2811 1392 quis
2854 1322 3214 1377 inerrantium
3244 1322 3524 1378 stellarum
3555 1325 3641 1382 vi-

2065 1411 2426 1480 tuperaverit,
2472 1427 2537 1467 eo
2579 1411 2821 1476 nomine,
2851 1412 2994 1481 quod
3024 1419 3224 1482 praeter
3272 1414 3635 1470 constitutum

2064 1510 2282 1574 tempus
2305 1505 2361 1559 in
2393 1503 2653 1575 signifero
2675 1504 2884 1559 circulo
2912 1504 3238 1576 quandoque
3285 1506 3492 1561 morari
3538 1522 3638 1561 vo-

2066 1597 2474 1667 luerit;.neque
2506 1596 2757 1661 lixarum,
2781 1597 2937 1667 quasi
2978 1613 3089 1652 non
3117 1596 3305 1653 eadem
3339 1599 3469 1654 sede
3498 1601 3639 1656 situ-

2066 1703 2173 1758 que
2202 1687 2484 1753 manserit,
2508 1702 2609 1742 nec
2630 1687 2871 1743 universi
2895 1687 3308 1743 circumlatione
3351 1690 3405 1743 in
3448 1691 3638 1747 orbem

2065 1780 2270 1851 pariter
2300 1786 2529 1843 rotetur,
2561 1794 2669 1834 uno
2714 1780 2886 1851 gradu
2909 1783 3057 1834 retro
3091 1786 3214 1834 acto
3240 1780 3308 1834 ad
3355 1783 3640 1852 sequentia

2066 1880 2220 1928 motu
2249 1912 2266 1940 ,
2318 1880 2536 1928 centum
2565 1886 2833 1927 annorum
2870 1872 3066 1942 spatio.
3097 1870 3157 1927 In
3193 1878 3340 1928 terra
3367 1881 3549 1930 autem
3589 1875 3640 1931 si

2064 1963 2426 2034 quorumdam
2456 1962 2701 2018 locorum
2738 1978 3102 2035 agrorumque
3145 1964 3338 2021 duram
3384 1981 3449 2022 ac
3477 1967 3640 2023 indo-

375 2047 508 2117 γοῦν
552 2050 645 2103 ἐπὶ
702 2051 793 2122 τῆς
852 2052 1017 2124 μηδὲν
1060 2052 1267 2122 φύοιτο,
1316 2053 1548 2124 τάχιστα
1590 2051 1656 2106 ἂν
1708 2050 1961 2105 ἀπόλοιτο

2066 2059 2249 2112 mitam
2281 2057 2517 2112 indolem
2545 2058 2915 2125 accusaverit;
2940 2063 3034 2110 aut
3056 2057 3448 2127 gubernatores
3469 2059 3640 2116 maris

376 2142 556 2196 πάντα
582 2143 651 2197 τά
687 2143 822 2208 ζῶα.
869 2144 1039 2198 Τοῦτο
1072 2146 1128 2199 δὲ
1162 2146 1300 2199 πολὺ
1342 2146 1442 2217 τῆς
1484 2143 1963 2215 ὲναπειλημμένης

374 2237 440 2306 τῇ
491 2234 591 2308 ὕλῃ
635 2237 919 2308 δυνάμεως
955 2238 1092 2310 πρὸς
1127 2238 1220 2291 τὸν
1249 2237 1379 2291 Θεὸν
1403 2236 1769 2309 παραπέμψαι
1800 2234 1960 2288 δύνα-

375 2343 483 2380 car
504 2327 600 2381 ml
631 2328 831 2393 πολλὰς
863 2328 1095 2402 σελήνας
1114 2325 1296 2402 δεήσει
1322 2330 1599 2399 γενέσθαι,
1632 2330 1719 2383 ἵνα
1750 2328 1963 2399 ἀθρόως

376 2417 622 2489 χωρῆσαι
647 2418 915 2490 δυνηθῶσι
950 2418 1217 2483 τοσαύτας
1252 2420 1735 2492 προσπελαζούσας
1762 2418 1956 2489 ψυχάς.

376 2501 458 2561 Ta
492 2509 549 2563 δὲ
578 2511 718 2564 αύτά
744 2511 840 2567 καὶ
884 2513 1012 2582 περὶ
1040 2512 1149 2585 ,τὴν
1200 2511 1485 2567 θάλατταν.
1537 2513 1802 2583 Ἔρμαιον
1849 2511 1959 2583 γάρ

377 2599 732 2668 ἀπόλλυσθαι,
784 2606 872 2659 ἵνα
918 2606 1149 2676 τάχιστα
1198 2605 1299 2675 τῆς
1341 2604 1478 2677 πρὸς
1530 2604 1621 2658 τὸν
1668 2603 1801 2657 Θεὸν
1837 2602 1957 2657 ὁδοῦ

377 2690 607 2764 ἔχωνται
645 2697 1013 2769 ἀπολλύμενα,
1047 2700 1110 2752 Οἱ
1148 2698 1203 2752 δὲ
1236 2698 1463 2769 πόλεμοι
1495 2697 1545 2750 οἱ
1577 2697 1670 2750 ἐπὶ
1707 2694 1833 2766 γῆς,
1864 2696 1960 2749 καὶ

377 2790 526 2860 λιμοὶ
548 2791 643 2844 καὶ
668 2793 778 2845 πᾶν
803 2794 832 2847 ὃ
858 2810 911 2846 τι
943 2792 1286 2865 φθοροποιὸν,
1330 2794 1389 2845 ὲν
1418 2791 1644 2861 πλείστῃ
1675 2791 1806 2861 τιμῇ
1837 2791 1956 2843 κατ’

376 2879 594 2946 αὐτούς.
624 2884 741 2937 Πᾶν
765 2884 876 2956 γάρ
916 2884 978 2938 τὸ
1015 2883 1237 2954 ἀγαθῶν
1268 2882 1440 2938 αἴτιον
1469 2882 1747 2956 τιμητέον.
1798 2882 1957 2950 Ἀγα-

377 2970 471 3026 θοῦ
496 2972 554 3027 δὲ
592 2976 742 3029 αἴτια
770 2977 943 3031 ταῦτα
976 2978 1042 3031 ὲκ
1070 2977 1171 3048 τῆς
1199 2974 1603 3047 συμϐαινούσης
1630 2972 1853 3046 φθορᾶς.
1892 2971 1960 3027 ἂν

376 3062 516 3135 πρὸς
553 3065 645 3120 τὸν
686 3067 819 3122 Θεὸν
862 3069 1226 3142 παραπέμπει
1257 3068 1359 3139 τήν
1397 3065 1813 3139 διακρινομένην
1852 3063 1962 3118 ἀπὸ

376 3154 488 3210 τῶν
514 3157 900 3231 ἀπολλυμένων
923 3161 1169 3233 δύναμιν.

2065 2149 2478 2220 tempestatibus
2511 2163 2575 2203 ac
2602 2149 2857 2220 procellis
2889 2146 3081 2204 oﬂ‘ensi
3123 2149 3347 2205 fuerint.
3394 2141 3641 2206 Primum

2064 2239 2287 2310 quidem
2316 2247 2375 2294 ut
2401 2240 2478 2294 illi
2515 2240 2776 2305 sentiunt,
2804 2241 2954 2306 talia,
2986 2241 3114 2297 boni
3169 2238 3435 2312 portionis
3486 2250 3636 2300 sunt.

2064 2330 2279 2386 Etenim
2320 2332 2471 2388 nullo
2514 2339 2672 2387 terra:
2715 2331 2958 2402 germine
3015 2333 3332 2400 exsistente,
3392 2333 3641 2392 futurum

2063 2423 2156 2489 sit,
2184 2430 2243 2478 ut
2277 2424 2531 2478 animalia
2554 2424 2746 2478 omnia
2774 2424 3057 2481 celerrime
3094 2425 3386 2482 intereant.
3421 2424 3479 2481 Id
3511 2444 3642 2484 vero

2064 2514 2194 2570 dum
2231 2514 2304 2568 ita
2334 2515 2646 2585 contigerit,
2672 2515 2792 2583 ejus
2835 2517 3053 2572 virtutis
3096 2532 3218 2588 qua:
3251 2521 3491 2575 materiae
3540 2520 3644 2574 im-

2068 2607 2227 2676 plexa
2258 2616 2362 2671 est,
2396 2617 2604 2678 partem
2632 2608 2920 2678 plurimam
2963 2610 3031 2665 ad
3068 2609 3238 2668 Deum
3274 2613 3644 2669 transmittere

2065 2701 2243 2770 possit
2277 2720 2291 2755 :
2328 2715 2393 2755 ac
2439 2716 2666 2758 necesse
2696 2701 2799 2757 erit
2840 2702 3024 2772 plures
3070 2705 3228 2761 lunas
3259 2708 3543 2772 exsistere,
3581 2714 3644 2761 ut

2065 2802 2274 2848 tantam
2307 2803 2531 2865 repente
2575 2794 3055 2866 propinquantium
3106 2778 3413 2853 animariim
3457 2798 3646 2853 multi-

2068 2881 2311 2938 tudinem
2339 2897 2534 2953 capere
2554 2883 2786 2953 possint.
2821 2885 2932 2939 Nec
2962 2886 3120 2941 aliter
3149 2886 3216 2942 de
3238 2887 3376 2941 mari
3419 2887 3645 2957 loquen-

2067 2974 2198 3030 dum
2226 2974 2318 3030 sit.
2355 2973 2593 3029 Lucrum
2631 2976 2777 3031 enim
2829 2977 3166 3050 insperatum
3211 2979 3421 3050 perire,
3478 2986 3539 3038 ut
3577 2991 3647 3034 ea

2068 3081 2189 3137 qua:
2217 3066 2511 3132 intereunt,
2543 3083 2707 3138 quam
2735 3068 3000 3126 citissime
3025 3085 3144 3141 quae
3184 3070 3253 3125 ad
3277 3069 3446 3127 Deum
3471 3071 3642 3134 ducit,

2068 3158 2213 3212 viam
2234 3165 2473 3213 teneant.
2504 3155 2636 3224 Quae
2666 3166 2848 3215 autem
2897 3160 2955 3215 in
2987 3168 3132 3216 terra
3172 3169 3438 3233 geruntur
3464 3156 3641 3227 bella,

377 3244 681 3320 famesque,
714 3269 779 3308 ac
823 3253 870 3309 si
913 3255 1044 3325 quid
1082 3262 1168 3311 est
1222 3254 1369 3325 quod
1407 3252 1629 3308 interitu
1683 3260 1912 3324 mergat,
1971 3249 2190 3306 illorum
2248 3248 2555 3315 sententia,
2596 3250 2836 3305 maximo
2864 3251 3199 3323 habendum
3260 3254 3470 3310 honore
3530 3260 3640 3312 est.

378 3339 656 3415 Quidquid
688 3349 833 3404 enim
870 3360 1041 3404 causa
1086 3350 1352 3405 bonorum
1393 3357 1506 3416 est,
1555 3347 1702 3418 quod
1750 3347 1958 3402 honore
2022 3346 2291 3401 habeatur
2352 3344 2578 3415 dignum
2622 3353 2726 3399 est.
2779 3347 2921 3401 Sunt
2961 3360 3094 3401 vero
3125 3346 3242 3402 haec
3274 3348 3405 3403 boni
3428 3362 3635 3416 causa,

376 3451 445 3492 ex
471 3438 696 3495 interitu
732 3443 827 3513 qui
866 3451 950 3498 est
1000 3443 1110 3500 illis
1158 3459 1369 3511 comes,
1397 3444 1529 3500 dum
1560 3443 1856 3499 discretam
1890 3441 1962 3497 ab
1997 3440 2086 3498 his
2109 3441 2204 3511 qui
2242 3440 2541 3505 intereunt,
2566 3440 2822 3496 virtutem
2854 3440 2922 3497 ad
2946 3439 3118 3497 Deum
3137 3441 3394 3499 traducit.

377 3575 509 3632 Car.
530 3575 675 3635 XIV.
698 3577 968 3652 Egypliit
989 3582 1135 3637 culta
1165 3582 1424 3637 animalia
1454 3581 1635 3652 noxia.
1674 3579 1848 3635 Homo
1866 3576 2082 3652 artibus
2117 3576 2412 3652 maleficus.
2437 3575 2777 3652 Libidineset
2805 3575 3109 3652 injustitiw,
3135 3577 3336 3647 legibus
3366 3579 3641 3652 castigata:

1121 3663 1173 3708 et
1200 3652 1506 3722 disciplina.
1540 3649 1915 3723 Contingentia
1945 3658 1996 3704 et
2026 3648 2347 3713 necessaria,
2377 3646 2566 3719 quibus
2586 3646 2717 3702 nihil
2741 3646 2898 3705 labis.

462 3788 840 3866 Ἤγνοήκαμέν
861 3806 943 3860 τε,
982 3792 1059 3858 ὡς
1083 3793 1280 3856 ἔοικεν,
1302 3794 1384 3847 ὅτι
1411 3793 1468 3845 ὲν
1494 3788 1619 3863 δίκῃ
1640 3789 1732 3845 τὸν
1761 3789 1960 3863 κροκό-

2131 3787 2331 3857 Atque,
2361 3793 2424 3841 ut
2465 3785 2704 3853 videtur,
2747 3782 3082 3841 nescivimus
3122 3779 3408 3856 Egyptios
3445 3787 3643 3843 merito

378 3884 549 3940 δειλον
573 3886 667 3940 καὶ
682 3882 775 3939 τὸν
785 3885 975 3940 λέοντα
998 3886 1090 3940 καί
1104 3886 1197 3939 τὸν
1215 3878 1377 3939 λύκον
1403 3883 1633 3955 τιμῶσιν
1652 3882 1960 3953 Αίγύπτιοιο

379 3977 571 4050 ἐπειδὴ
596 3977 770 4032 ταῦτα
796 3976 1030 4049 μάλιστα
1058 3977 1209 4051 παρά
1230 3977 1301 4032 τὰ
1327 3977 1462 4033 ἄλλα
1487 3977 1604 4043 ζῶα
1623 3974 1967 4050 καρτερικώ-

376 4087 519 4125 τατα
538 4069 688 4135 ὅντα,
713 4071 1099 4126 καταναλίσκει
1123 4070 1417 4143 σιτούμενά
1435 4088 1496 4124 τε
1507 4070 1648 4125 αὐτά
1670 4068 1765 4124 ml
1786 4067 1966 4122 πάντα

378 4163 579 4238 τρόπον
605 4164 1018 4236 διαφθείροντα’
1052 4161 1145 4218 ml
1186 4164 1277 4218 τὸν
1319 4164 1476 4219 ἀετὸν
1510 4163 1607 4217 καὶ
1639 4161 1732 4216 τὸν
1770 4161 1966 4236 ἱέρακα

378 4256 462 4311 ὅτι
487 4253 583 4312 ml.
607 4258 782 4312 ταῦτα
814 4257 924 4311 τῶν
945 4258 1004 4311 ὲν
1033 4257 1156 4331 ἀέρι
1188 4258 1283 4311 καὶ
1316 4258 1408 4311 ἐπὶ
1433 4258 1537 4330 γῆς
1560 4254 1966 4327 ἀσθενεστέρων

380 4346 538 4413 ζώων
565 4349 905 4422 ἀναιρετικά.
946 4346 1100 4420 Τάχα
1129 4347 1185 4402 δὲ
1223 4351 1344 4402 κατ’
1375 4349 1574 4412 αὐτοὺς
1612 4348 1641 4400 ὁ
1679 4345 1966 4417 ἅνθρωπος

382 4437 471 4490 διὰ
490 4433 648 4494 τοῦτο
673 4442 731 4494 ὲν
760 4438 987 4512 πλείστῃ
1032 4443 1187 4513 τιμῇ,
1211 4440 1294 4493 ὅτι
1331 4439 1564 4511 μάλιστα
1606 4438 1823 4492 πάντων
1844 4437 1965 4498 ταῖς

384 4522 651 4592 ἐπινοίαις
682 4533 778 4586 ml
804 4535 926 4597 ταῖς
960 4532 1181 4602 τέχναις
1214 4531 1442 4586 πλείστα
1474 4530 1584 4584 τῶν
1610 4529 1763 4596 ζώων
1790 4526 1966 4599 δαμά-

385 4617 499 4684 (etv
542 4619 765 4674 εἴωθεν·
803 4625 890 4678 ἵνα
922 4626 1019 4678 καὶ
1071 4624 1235 4688 αὐτὸς
1282 4624 1356 4696 μὴ
1398 4624 1601 4694 ἀμοιρῇ
1645 4620 1835 4675 τούτου
1867 4615 1964 4670 τοῦ

384 4706 614 4782 ἀγαθοῦ,
647 4711 782 4785 βορά
814 4712 1014 4785 ἑτέρων
1046 4718 1275 4786 γίνεται.
1305 4715 1476 4771 Πάλιν
1508 4711 1601 4768 οὖν
1640 4716 1695 4768 αἱ
1723 4713 1967 4782 γενέσεις

387 4799 601 4869 ἄτοποι,
650 4804 772 4857 κατ’
824 4803 1040 4868 αὐτοὺς,
1081 4805 1146 4856 ὲκ
1195 4805 1392 4877 μικροῦ
1444 4805 1538 4859 ml
1573 4804 1666 4859 τοῦ
1712 4803 1966 4874 τυχόντος

386 4893 702 4965 σπέρματος
735 4895 843 4946 πᾶν
870 4893 1012 4963 μέγα
1050 4911 1103 4946 τι
1129 4894 1517 4949 ἀποτελοῦσαν
1551 4896 1643 4949 ml
1668 4893 1801 4948 πολὺ
1837 4892 1969 4947 κάλ-

385 4984 498 5039 λιον
536 4986 657 5039 κατ’
706 4985 904 5049 αὐτοὺς
952 4985 1260 5058 ἀνῃρῆσθαι
1313 4986 1515 5050 ταύτας
1548 4986 1652 5039 ὑπὸ
1680 4985 1774 5039 τοῦ
1806 4984 1964 5051 Θεοῦ,

386 5076 475 5131 ῐνα
502 5077 567 5131 ἂν
597 5081 861 5149 σύντομος
893 5078 1109 5147 ἐγένετο
1142 5078 1430 5153 ἀπαλλαγὴ
1464 5082 1564 5153 τῆς
1593 5077 1826 5133 ἐνταῦθα
1849 5079 1967 5131 δια-

386 5169 581 5240 τριϐῆς
604 5171 703 5243 τῆς
726 5170 1006 5241 δυνάμεως
1030 5168 1129 5242 τῆς
1159 5171 1331 5236 θείας.

471 5263 632 5317 Ἀλλά
664 5258 716 5317 τί
743 5266 838 5319 καὶ
864 5264 1001 5335 πρὸς
1029 5264 1324 5330 ἀκολασίας
1350 5265 1442 5320 ml
1467 5266 1699 5331 ἀδικίας,
1727 5266 1823 5321 ml
1855 5267 1965 5320 πᾶν

385 5353 567 5409 ὁτιοῦν
606 5353 882 5421 τοιοῦτον,
920 5355 1116 5427 φήσειέ
1148 5372 1234 5420 τις
1270 5356 1357 5421 ἂν,
1403 5356 1778 5443 ὀηΜανιχαῖος
1810 5359 1963 5430 spei;

388 5445 597 5500 Οὐκοῦν
631 5444 765 5518 πρὸς
789 5445 960 5501 ταῦτα
988 5446 1179 5520 βοηθὸς
1206 5445 1410 5503 δέδοται
1441 5453 1474 5521 ή
1505 5449 1785 5515 παίδευσις
1815 5450 1910 5504 καὶ
1936 5451 1965 5503 ὁ

386 5539 579 5610 νόμοςο
642 5541 676 5609 ἡ
735 5540 832 5610 μὲν
885 5540 1164 5604 παίδευσις
1210 5540 1635 5614 ὲκφροντίζουσα
1682 5541 1776 5594 τοῦ
1834 5541 1968 5613 μηδὲ

385 5630 628 5685 τοιοῦτόν
648 5649 701 5685 τι
732 5631 860 5702 περὶ
886 5632 1013 5695 τοὺς
1042 5633 1140 5687 ἀνθ
1150 5633 1361 5705 ρώπους
1384 5650 1447 5685 συ
1455 5633 1731 5704 μὸαίνεινσ
1757 5636 1784 5687 ὁ
1805 5634 1969 5705 νόμος

387 5722 443 5775 δὲ
475 5723 883 5795 τιμωρούμενος
904 5724 997 5778 τὸν
1028 5726 1223 5781 ἁλόντα
1255 5725 1313 5781 ἓν
1340 5743 1446 5781 τινι
1475 5724 1583 5780 τῶν
1615 5725 1965 5795 ἀδικημάτων

387 5814 537 5870 ὄντα.

2067 3880 2401 3938 crocodilum
2437 3881 2617 3937 colere
2648 3887 2702 3934 et
2744 3877 2953 3934 leonem
2986 3883 3041 3933 et
3087 3877 3306 3949 lupum,
3354 3878 3498 3949 quod
3528 3879 3644 3937 haac

2065 3972 2303 4029 maxime
2346 3972 2606 4028 animalia
2654 3985 2768 4041 prae
2826 3970 3054 4040 reliquis
3086 3970 3419 4038 robustiora,
3464 3964 3646 4042 ips‘am

2064 4064 2305 4136 praedam
2335 4073 2555 4128 vorant,
2584 4064 2842 4134 omnique
2865 4061 3645 4134 modointerimuntmquilam

2063 4173 2285 4230 quoque
2316 4165 2371 4213 et
2390 4157 2725 4227 accipitrem,
2755 4155 2901 4226 quod
2926 4162 2980 4210 et
3008 4153 3205 4208 borum
3229 4154 3442 4210 indoles
3466 4155 3561 4219 sit,
3583 4165 3648 4211 ut

2066 4250 2428 4309 imbecilliora
2457 4250 2713 4304 animalia
2757 4248 2812 4303 in
2845 4263 2971 4303 aere
3002 4256 3057 4303 et
3093 4262 3259 4317 super
3283 4252 3485 4300 terram
3510 4260 3645 4304 ene—

2066 4349 2214 4399 cent.
2265 4340 2429 4397 Forte
2471 4355 2602 4396 vero
2642 4339 2805 4394 etiam
2846 4339 3001 4409 juxta
3043 4337 3168 4393 illos
3214 4336 3378 4392 homo
3418 4352 3538 4392 eam
3572 4339 3645 4395 ob

2065 4450 2181 4489 rem
2212 4432 2453 4487 maximo
2471 4431 2682 4486 honore
2698 4431 2951 4495 habetur,
2967 4429 3113 4499 quod
3135 4429 3378 4484 omnium
3406 4428 3645 4483 maxime

2067 4525 2364 4582 subtilibus
2400 4524 2641 4579 inventis
2673 4530 2837 4593 atque
2880 4521 3110 4586 artibus,
3136 4522 3396 4592 pleraque
3431 4520 3640 4575 anima-

2069 4614 2202 4669 lium
2242 4613 2468 4671 domare
2517 4612 2677 4670 solet.
2716 4611 2796 4666 Ne
2835 4625 2964 4667 vero
2991 4619 3046 4666 et
3086 4611 3204 4681 ipse
3232 4611 3396 4680 hujus
3448 4624 3646 4681 expers

2067 4707 2199 4763 boni
2227 4707 2478 4770 exsistat,
2517 4706 2748 4760 aliorum
2781 4704 2899 4774 ipse
2934 4717 3063 4759 esca
3104 4702 3267 4758 cedit.
3300 4687 3514 4757 Rursus
3542 4700 3647 4771 igi-

2070 4805 2159 4853 tur
2187 4799 2437 4855 absurdae
2474 4797 2885 4869 generationes,
2919 4795 3135 4850 illorum
3179 4793 3480 4861 sententia,
3523 4808 3647 4862 quia

2068 4906 2136 4945 ex
2166 4893 2364 4962 exiguo
2392 4890 2597 4960 vilique
2643 4894 2918 4959 spermate
2945 4886 3209 4957 quidquid
3258 4899 3515 4956 magnum
3561 4894 3648 4939 est

2070 4981 2344 5049 eﬂiciant;
2377 4988 2729 5051 praastatque,
2764 4983 2823 5032 ut
2852 4977 2909 5032 hi
2939 4976 3255 5048 opinantur,
3284 4990 3316 5030 a
3361 4973 3471 5029 Deo
3505 4972 3648 5027 inte-

2073 5075 2221 5139 rimi,
2253 5084 2415 5145 quam
2441 5073 2627 5137 nasci,
2667 5079 2724 5126 ut
2761 5070 2947 5125 divina
2978 5071 3154 5124 virtus
3190 5069 3302 5123 cito
3326 5067 3589 5122 liberetur
3614 5078 3647 5119 a

1997 5157 2043 5214 D
2071 5168 2260 5223 mundi
2296 5168 2460 5237 hujus
2501 5168 2770 5223 incolatus
2798 5165 3084 5221 molestiis.

2141 5260 2280 5328 Quid
2316 5260 2595 5315 enimvero
2630 5262 2793 5315 etiam
2836 5258 2904 5312 ad
2944 5255 3199 5311 libidines
3247 5250 3648 5323 impudicitias-

2071 5369 2177 5424 que
2207 5367 2271 5406 ac
2304 5350 2624 5421 injustitias,
2655 5366 2719 5405 ac
2746 5348 3011 5420 quidquid
3044 5346 3166 5417 ejus
3188 5343 3408 5415 generis
3429 5354 3533 5402 est,
3563 5342 3651 5396 di-

2071 5450 2160 5500 cat
2186 5444 2415 5514 aliquis,
2458 5442 2704 5497 dicturus
2736 5429 3097 5496 Manicﬁ'teus?
3126 5435 3293 5508 Igitur
3324 5434 3391 5488 ad
3421 5433 3534 5488 haec
3558 5430 3649 5489 di-

2073 5537 2301 5606 sciplina
2355 5534 2549 5604 lexque
2592 5532 2875 5602 suppetias
2917 5529 3163 5585 veniunt.
3197 5523 3494 5593 Disciplina
3523 5521 3648 5591 qui-

2070 5629 2218 5691 dem,
2246 5628 2301 5681 in
2335 5627 2439 5682 hoc
2457 5625 2744 5696 diligenter
2767 5622 3111 5684 incumbens,
3134 5616 3349 5686 nequid
3374 5612 3647 5685 ejusmodi

2070 5721 2125 5774 in
2159 5720 2474 5775 hominibus
2513 5717 2832 5787 contingat:
2869 5715 2958 5770 lex
2985 5728 3117 5768 vero
3144 5709 3399 5781 puniens.
3433 5708 3481 5765 si
3518 5707 3680 5777 quil'

2072 5812 2336 5874 iniustum
2371 5810 2573 5873 aliquid
2610 5808 2898 5865 admisisse
2930 5805 3304 5867 deprehensus
3332 5800 3516 5859 fuerit.
