4110 6414
507 334 606 390 5151

497 542 652 615 quod
674 557 790 596 eam
817 540 1069 610 subigere
1101 555 1164 595 ac
1192 554 1448 596 exercere
1478 541 1714 611 agricola
1739 542 2076 612 neglexerit?

504 634 650 707 quod
670 632 762 689 Dei
787 632 1126 703 principatus
1151 632 1470 687 imminutus
1496 641 1597 698 est,
1627 634 1722 702 qui
1748 634 1803 688 in
1828 633 1961 702 justi
1985 649 2077 689 ra-

506 730 653 787 tione
683 726 964 791 consistit,
1010 738 1134 780 cum
1176 723 1378 781 fuerint
1421 724 1543 795 ejus
1570 726 1787 796 quidem
1823 727 1929 781 alia
1961 726 2073 781 fru-

503 833 687 876 ctuum
721 818 1043 889 frugumque
1079 816 1312 883 feracia;
1341 817 1557 887 aliaque
1592 817 1869 873 contraria
1893 819 2071 889 quali-

494 921 615 968 tate
658 912 916 987 praedita;
967 919 1061 966 aut
1112 924 1236 965 cum
1284 910 1460 965 ventis
1513 910 1833 976 ruentibus,
1877 926 2076 968 secun-

491 1006 629 1062 dum
680 1005 841 1059 aliam
873 1004 1161 1069 rationem,
1194 1004 1330 1058 alios
1377 1002 1502 1058 inde
1549 1002 1894 1059 commodum
1941 1019 2070 1059 sen-

498 1097 626 1159 tire.
660 1097 799 1152 alios
834 1110 965 1152 vero
1014 1098 1178 1150 etiam
1226 1095 1425 1149 invitos
1456 1093 1598 1147 mala
1646 1093 1892 1164 quaedam
1926 1092 2069 1150 ferre

498 1190 826 1261 contigerit?
859 1188 1062 1260 Nempe
1116 1188 1362 1243 nesciant
1413 1201 1637 1242 necesse
1681 1194 1786 1250 est,
1819 1202 2066 1258 quaenam

1488 332 1886 392 ALEXAND!“
1926 335 2233 394 EPISCOPI
2271 299 2777 398 ι’γεοροιιτΑΝι

579 448 782 504 Deinde
810 462 958 511 vero,
992 446 1121 516 quid
1153 454 1236 501 est
1266 446 1413 517 quod
1441 455 1596 503 terra:
1626 449 1757 504 vitio
1785 458 2029 505 vertatur
2050 490 2067 515 ,
2101 465 2147 523 Α

3642 356 3748 411 452

2248 455 2478 509 Ἔπειτα
2520 457 2577 510 δὲ
2621 459 2674 511 τί
2720 459 2780 511 τὸ
2813 459 3064 532 ἔγκλημα
3101 463 3199 533 τῆς
3230 450 3357 535 γῆς,
3409 468 3457 519 εί
3505 471 3750 543 γεωργὸς

2172 546 2460 617 ἀμελήσειε
2492 548 2585 602 τοῦ
2611 548 2813 622 ταύτην
2836 552 3109 623 ἡμεροῦνς
3142 555 3224 607 ὅτι
3249 556 3555 625 ἠλάττωται
3579 562 3611 630 ἡ
3651 560 3745 613 τοῦ

2171 636 2305 688 Θεοῦ
2339 638 2502 709 ἀρχὴ,
2533 639 2655 709 ἥτις
2683 642 2799 695 ἐστὶ
2844 642 2986 696 κατά
3020 645 3082 697 τὸ
3114 644 3341 710 δίκαιον,
3384 649 3461 701 ὅτ’
3503 649 3569 703 ἂν
3678 651 3747 704 τά

2175 729 2272 798 μὲν
2298 730 2527 801 καρπῶν
2553 731 2773 802 γόνιμα,
2803 732 2871 787 τά
2900 733 2958 786 δὲ
2988 734 3063 806 μὴ
3086 734 3309 791 τοιαῦτα
3329 754 3344 768 ·
3375 738 3407 808 ἢ
3433 742 3749 811 φερομένων

2170 820 2278 874 τῶν
2313 824 2639 893 πνευμάτων
2691 824 2810 878 καθ’
2839 825 3032 895 ἑτέραν
3066 829 3266 894 αἰτίαν,
3301 833 3427 895 τοὺς
3461 832 3563 903 μὲν
3598 833 3747 903 ὠφε-

2169 912 2396 978 λεῖσθαι,
2425 917 2550 979 τοὺς
2582 916 2640 969 δὲ
2681 919 2776 970 καὶ
2816 918 3092 991 ἀϐούλητά
3122 940 3242 975 τινα
3274 924 3588 994 ὑπομένειν,
3612 942 3751 995 συμ-

2174 1000 2369 1079 6αίνῃ;
2399 1006 2657 1077 ἀπείρους
2686 1006 2910 1074 τούτους
2938 1007 3077 1066 εἶναι
3116 1015 3214 1086 τῆς
3245 1014 3352 1068 τῶν
3381 1016 3748 1087 ἐνδεχομένων

2174 1095 2388 1163 φύσεως
2418 1098 2513 1151 καὶ
2548 1100 2647 1170 τῆς
2678 1101 2786 1154 τῶν
2819 1103 3147 1172 ἀναγκαίων.
3200 1105 3356 1160 Οὕτω
3386 1107 3494 1180 7&9
3535 1110 3634 1162 οὐκ
3677 1109 3746 1165 ἂν

2172 1186 2241 1240 τά
2272 1189 2495 1244 τοιαῦτα
2528 1193 2925 1263 ὲτερατεύοντο.

498 1298 688 1338 ωηιξη
728 1282 957 1346 indoles,
984 1296 1108 1352 quae
1144 1280 1535 1350 contingentia,
1568 1286 1624 1334 et
1674 1294 1796 1349 quae
1843 1280 2154 1335 necessaria
2205 1289 2354 1338 sunt.
2411 1281 2501 1337 Sic
2530 1284 2676 1339 enim
2725 1300 2833 1340 non
2870 1287 2996 1341 talia
3042 1289 3290 1360 prodigio
3345 1300 3618 1346 verterent
3678 1308 3744 1349 ac

497 1380 987 1434 calumniarentur.

497 1495 767 1552 (ἷΑῐι.’ΧΥ.
796 1494 983 1549 Libido
1022 1502 1074 1549 et
1102 1493 1367 1563 cupiditas
1397 1509 1573 1549 rerum
1603 1495 1961 1553 sentientium.
2002 1496 2300 1553 Damones.
2348 1497 2612 1552 animalia
2637 1499 2939 1554 sentientia.
2993 1498 3093 1555 Sol
3114 1501 3235 1555 item
3281 1510 3330 1554 et
3362 1501 3509 1565 luna,
3546 1507 3736 1562 stellis.

1726 1565 2019 1633 Platonica,
2058 1584 2162 1623 non
2190 1568 2509 1623 Christiane.

567 1681 723 1738 Unde
780 1681 946 1752 igitur
996 1679 1249 1750 voluptas
1284 1693 1381 1733 seu
1438 1677 1608 1733 libido
1649 1683 1702 1733 et
1754 1678 2064 1749 cupiditas?

2238 1680 2409 1735 Πόθεν
2440 1677 2531 1735 οὖν
2566 1682 2728 1753 ἡδονὴ
2775 1684 2864 1739 καὶ
2913 1682 3208 1755 ἐπιθυμίας
3257 1685 3440 1738 Ταῦτα
3477 1686 3585 1759 7&9
3636 1689 3741 1759 μά·-

495 1774 619 1829 llaec
657 1774 801 1829 enim
842 1770 1076 1825 maxime
1116 1770 1257 1823 mala
1286 1783 1409 1824 esse
1432 1768 1657 1833 dicunt,
1688 1769 2058 1840 Oderuntque;

2165 1773 2319 1827 λιστα
2375 1773 2520 1828 κακά
2572 1771 2710 1828 εἶναι
2766 1774 2980 1843 λέγουσι
3026 1777 3118 1829 καὶ
3167 1776 3739 1850 διαμεμισήκασι·τὴν

492 1880 593 1921 nec
637 1861 866 1923 materia
905 1859 1055 1915 aliud
1104 1858 1399 1930 quidquam
1430 1860 1601 1930 magis
1622 1860 1893 1917 videatur.
1923 1858 2066 1917 Sane

491 1956 636 2029 quod
670 1956 782 2017 hac
830 1952 1005 2010 solum
1040 1951 1368 2007 animalibus
1417 1952 1681 2007 attineaut
1734 1967 1855 2023 quae
1898 1968 2063 2009 sensu

491 2048 718 2122 praedita
766 2051 931 2109 sunt,
979 2044 1237 2114 nullaque
1272 2043 1377 2098 alia
1433 2058 1519 2099 res
1554 2059 1717 2113 quam
1768 2060 1890 2115 quae
1939 2061 2063 2101 seu.

490 2142 653 2207 tiunt,
682 2137 1036 2211 cupiditatem
1068 2135 1336 2206 percipiat
1362 2149 1425 2188 ac
1450 2134 1729 2191 libidinem
1772 2151 1869 2192 seu
1907 2135 2057 2191 volu-

487 2243 711 2309 ptatem,
740 2228 1089 2288 manifestum
1126 2235 1231 2283 est.
1256 2226 1390 2293 Quis
1416 2228 1561 2284 enim
1585 2227 1742 2298 stirpi
1765 2227 2061 2299 voluptatis

487 2346 550 2384 ac
573 2327 807 2383 tristitia
833 2323 1148 2393 dolorisque
1175 2321 1412 2377 sensus?
1435 2319 1697 2387 Quisnam
1722 2336 1850 2377 vero
1876 2330 2056 2388 terrae,

485 2430 641 2484 aqua:
667 2422 761 2469 aut
785 2414 936 2470 aeri?
957 2415 1244 2471 Daemones
1274 2430 1425 2481 vero,
1468 2416 1516 2472 si
1545 2414 1766 2488 quidem
1789 2428 1917 2473 sunt
1944 2417 2062 2473 ani-

485 2507 649 2561 malia
691 2518 856 2562 sensu
898 2508 1119 2579 praedita
1142 2546 1157 2571 ,
1187 2521 1306 2562 eam
1346 2507 1486 2563 forte
1518 2505 1589 2564 ob
1613 2522 1726 2564 rem
1751 2508 2061 2566 constitutis

483 2596 768 2652 sacrificiis
813 2613 879 2654 ac
929 2598 1185 2670 legitimls
1226 2598 1584 2667 delectantur,
1611 2616 1859 2672 aegreque
1879 2600 2062 2657 ferunt

481 2700 605 2742 cum
634 2687 724 2743 illa
752 2687 1054 2759 defuerint:
1085 2703 1208 2744 cum
1238 2687 1376 2743 nihil
1398 2689 1668 2759 ejusmodi
1689 2692 1757 2747 de
1780 2689 1890 2746 Deo
1910 2692 2062 2761 cogi-

396 2778 399 2779 ⁷
482 2777 584 2831 tari
614 2776 805 2847 possit.
830 2775 999 2848 Igitur
1020 2778 1112 2848 qui
1134 2778 1322 2834 dicunt
1346 2794 1360 2831 :
1383 2778 1651 2845 Quidnam
1677 2796 1851 2855 causa
1869 2790 1946 2836 est
1968 2798 2062 2835 cur

482 2873 742 2930 animalia
783 2871 1048 2940 uoluptate
1093 2866 1390 2938 aﬁiciantur
1433 2882 1496 2921 ac
1530 2866 1854 2933 cupiditate?
1899 2868 2056 2939 prius

479 2972 605 3028 inde
626 2968 905 3041 querelam
939 2973 1222 3027 moveant,
1254 2961 1362 3017 Cur
1390 2963 1500 3017 hac
1525 2963 1631 3017 sint
1661 2979 1816 3017 sensu
1857 2963 2056 3030 prwdi-

478 3070 556 3123 ta,
592 3074 766 3130 quave
795 3070 960 3111 causa
996 3056 1063 3109 sit
1086 3071 1179 3108 cur
1196 3053 1309 3107 cibo
1325 3052 1635 3123 indigeant?
1666 3051 1743 3106 Ea
1772 3067 1905 3109 sane
1937 3055 2057 3109 ani-

2162 1862 2294 1937 ὓλην
2319 1866 2394 1936 (4)
2458 1866 2557 1938 οὐχ
2586 1867 2747 1939 ἑτέρα
2783 1868 2981 1939 μᾶλλόν
3008 1870 3176 1923 ἐστιν.
3206 1871 3327 1924 Ὅτι
3359 1872 3456 1943 μὲν
3481 1868 3574 1927 οὖν
3607 1878 3736 1947 περὶ

2158 1957 2227 2011 τά
2259 1957 2550 2029 αἰσθητικά
2589 1958 2698 2013 τῶν
2731 1959 2885 2023 (dum)
2932 1961 3109 2032 μόνων
3153 1963 3270 2015 ἐστὶ
3299 1964 3492 2031 ταῦτα,
3528 1968 3622 2021 καὶ
3645 1968 3735 2022 ού-

2158 2050 2245 2105 δὲν
2284 2051 2472 2124 ἕτερον
2503 2052 2962 2125 ἀντιλαμϐάνεται
2996 2053 3293 2126 ἐπιθυμίας
3338 2060 3433 2113 καὶ
3474 2059 3665 2132 ἡδονῆς
3697 2058 3732 2133 ἢ

2157 2140 2227 2195 τὰ
2252 2143 2634 2215 αἰσθανόμενα,
2670 2146 2921 2218 φανερόν.
2958 2146 3094 2200 Ποία
3117 2148 3227 2220 γὰρ
3257 2150 3510 2223 αἴσθησις
3541 2153 3735 2226 ἡδονῆς

2158 2234 2251 2288 καὶ
2282 2234 2456 2307 λύπης
2488 2234 2641 2306 φυτῷ
2667 2252 2682 2301 ;
2714 2236 2845 2290 ποία
2873 2238 2929 2291 δὲ
2959 2240 3051 2309 γῇ,
3084 2237 3237 2293 ὕδατι
3266 2240 3299 2311 ἢ
3334 2241 3491 2312 ἀέρι;
3526 2244 3587 2297 Οἰ
3615 2244 3733 2297 δαί-

2160 2324 2317 2394 μονές
2350 2341 2431 2385 τε,
2478 2323 2638 2399 εἴπερ
2691 2327 2829 2380 εἰσιν
2872 2325 3107 2397 αἰσθητά
3139 2326 3215 2399 (5)
3260 2327 3397 2394 ζῶα,
3437 2330 3524 2384 διά
3572 2331 3733 2385 τοῦτο

2158 2416 2292 2480 ἴσως
2340 2417 2454 2479 τοῖς
2501 2418 2910 2488 νενομισμένοις
2957 2419 3086 2491 περὶ
3125 2418 3224 2484 τὰς
3266 2420 3453 2486 θυσίας
3489 2424 3730 2494 ἥδονται,

2158 2506 2252 2559 καὶ
2296 2505 2741 2578 ἀπολειπομένων
2785 2507 3173 2582 δυσφοροῦσιν
3226 2511 3439 2577 οὐδενὸς
3483 2514 3728 2569 τοιούτου

2156 2598 2284 2669 περὶ
2324 2596 2458 2651 Θεοῦ
2504 2598 2834 2653 ἐπινοεῖσθαι
2865 2600 3187 2672 δυναμένου.
3236 2605 3298 2657 Οί
3352 2603 3417 2675 δὴ
3456 2603 3724 2673 λέγοντες*

2154 2688 2259 2743 Διὰ
2291 2689 2349 2743 τι
2394 2687 2601 2757 ἣδεται
2632 2691 2731 2744 καί
2770 2690 3049 2762 ἐπιθυμεῖ
3080 2693 3153 2747 τά
3186 2693 3327 2756 (Eia;
3361 2695 3727 2750 αἰτιάσθωσαν

2155 2784 2439 2855 πρότερονο
2474 2781 2579 2837 Διά
2604 2784 2663 2838 τι
2686 2785 2858 2839 ἐστιν
2884 2787 3201 2854 αἰσθητικά
3228 2787 3451 2852 mixta;
3477 2788 3517 2856 ἢ
3547 2787 3649 2842 διὰ
3672 2788 3729 2842 τι

2154 2876 2383 2945 τροφῆς
2411 2877 2626 2941 Baiani;
2665 2878 2762 2931 “Av
2795 2878 2892 2948 μὲν
2930 2878 3037 2950 γὰρ
3077 2874 3145 2949 ἦν
3193 2872 3433 2932 ἀθάνατα
3466 2878 3601 2944 ζῶα,
3631 2878 3728 2935 καὶ

2157 2966 2360 3039 φθορᾶς
2384 2969 2477 3021 καὶ
2500 2968 2671 3040 αῦξης
2703 2969 3068 3039 ἀπήλλακται,
3091 2964 3202 3023 οἷον
3232 2969 3382 3040 ἥλιος
3404 2971 3499 3024 καὶ
3530 2970 3725 3043 σελήνη

2157 3057 2250 3110 καὶ
2275 3057 2523 3130 ἀστέρες,
2551 3059 2727 3113 καίτοι
2750 3059 2881 3114 ὄντα
2913 3059 3225 3131 αἰσθητικάο
3258 3060 3415 3125 ἐκτὸς
3442 3062 3498 3115 δὲ
3521 3062 3727 3115 τούτων

475 3152 641 3208 malia
667 3162 789 3221 quae
813 3148 1137 3203 immortalia
1164 3153 1339 3210 erant,
1365 3159 1396 3199 a
1423 3145 1795 3215 corruptionis
1822 3146 2048 3201 interitu

2153 3151 2270 3203 ἐστὶ
2314 3150 2408 3204 καὶ
2454 3150 2553 3221 τῆς
2583 3150 2839 3222 τοιαύτης
2870 3152 3176 3215 αἰτιάσεως.
3228 3152 3286 3206 ’0
3319 3152 3376 3206 δὲ
3417 3152 3725 3225 ἄνθρωπος,

475 3252 875 3316 augmentoque
915 3239 1068 3296 fuere
1111 3240 1357 3304 liberata,
1382 3236 1689 3311 cuiusmodi
1717 3244 1847 3295 sunt
1874 3238 1961 3294 sol
1991 3245 2046 3294 et

2153 3242 2247 3296 καὶ
2287 3241 2567 3297 αἰσθέσθαι
2613 3244 2709 3296 καὶ
2753 3243 2960 3313 κρίνειν
2988 3244 3304 3316 δυνάμενος,
3355 3246 3451 3301 καὶ
3498 3246 3724 3314 δυνάμει

471 3337 599 3394 luna
626 3348 681 3392 et
713 3336 924 3400 stellae,
979 3349 1290 3405 quanquam
1328 3343 1456 3389 sunt
1499 3332 1616 3387 haec
1661 3332 1826 3388 etiam
1878 3344 2046 3387 sensu

2154 3334 2313 3404 σοφὸς
2363 3334 2506 3405 (ἔχει
2542 3334 2651 3406 7&9
2681 3334 2908 3407 δύναμιν
2938 3335 3177 3401 τοιοῦτος
3209 3337 3721 3411 γενέσθαι),ἀπολα-

470 3430 735 3502 praedita:
766 3436 919 3484 extra
950 3432 1134 3481 tamen
1161 3426 1276 3481 haec
1306 3432 1456 3491 sunt,
1490 3424 1734 3496 nihilque
1764 3424 1893 3479 huic
1933 3424 2044 3479 cri-

2153 3424 2260 3479 δὼν
2287 3425 2349 3479 τδ
2376 3425 2506 3479 ἰδιον
2537 3426 2623 3498 δὴ,
2652 3430 2976 3483 κατα-πατεῖ.

468 3526 756 3584 minationi
779 3523 1039 3581 obnoxia.
1071 3520 1245 3579 Homo
1282 3529 1482 3589 autem,
1515 3536 1639 3577 cum
1663 3529 1717 3577 et
1756 3536 1921 3577 sensu
1956 3520 2036 3576 uti
2091 3521 2267 3576 valeat
2293 3530 2347 3577 et
2405 3522 2674 3592 judicare,
2708 3522 2888 3594 sitque
2918 3526 3159 3595 potentia
3190 3525 3409 3597 sapiens
3470 3523 3720 3599 (potesta-

467 3629 577 3677 tem
606 3620 749 3676 enim
770 3618 933 3674 habet
957 3624 1018 3672 ut
1039 3618 1165 3673 talis
1193 3616 1556 3688 fiat),accepto
1583 3616 1727 3688 quod
1749 3617 2031 3687 proprium
2059 3625 2163 3681 est,
2190 3616 2324 3671 illud
2355 3618 2614 3673 nimirum
2641 3620 2946 3676 conculcet.

466 3738 599 3793 CAP.
631 3733 949 3810 XVI._Quo_d
979 3732 1446 3810 sapientesaliqui,
1481 3733 1775 3810 ntltilpetat
1799 3734 2011 3810 etdalios
2039 3732 2575 3810 esse._Diligentia_et
2598 3736 2775 3810 studio
2804 3736 3049 3810 paranda
3074 3739 3259 3810 uirtus.
3299 3740 3523 3795 Saniore
3549 3739 3719 3810 philo-

676 3796 860 3877 sophia
888 3796 1119 3860 homines
1144 3806 1212 3859 ad
1239 3796 1441 3859 bonum
1461 3804 1797 3873 proultendi.
1835 3796 2122 3859 Commune
2150 3796 2357 3860 virtutis
2386 3806 2623 3860 stadium
2649 3825 2681 3861 a
2712 3796 2924 3863 Christo
2947 3809 3185 3862 omnibus
3211 3820 3470 3878 apertum.

536 3919 770 3983 Prorsus
798 3925 941 3982 enim
969 3940 1147 3996 operae
1182 3925 1416 3995 pretium
1443 3940 1509 3981 ex
1542 3925 1630 3981 his
1662 3924 1798 3981 viris
1830 3939 2042 3995 quaera-

2223 3927 2395 3991 Ὀλως
2432 3926 2541 4000 7&9
2584 3926 2734 3997 ἀξιον
2784 3927 3047 3982 πυθέσθαι
3086 3927 3288 3983 τούτων
3335 3929 3444 3982 τῶν
3487 3927 3715 4000 ἀνδρῶν,
3784 3912 3793 3920 ’

464 4032 589 4074 mus
615 4037 629 4072 :
653 4016 915 4074 Nullusne
947 4016 1226 4072 hominum
1259 4017 1541 4075 studiosus
1563 4019 1739 4089 possit
1769 4019 1999 4075 evadere
2021 4057 2038 4084 ,

2153 4018 2373 4089 πότερον
2410 4017 2602 4073 οὐδένα
2650 4019 2932 4093 ἄνθρωπον
2972 4020 3196 4073 δυνατὸν
3237 4021 3516 4075 σπουδαῖον
3564 4020 3715 4088 γενέ-

463 4124 533 4164 an
565 4110 801 4183 aliquem
859 4111 1139 4183 contingat
1187 4112 1447 4166 virtutem
1500 4109 1823 4180 capessere?
1868 4109 1948 4164 Ac
1991 4109 2039 4166 si

2153 4109 2288 4175 σθαι,
2321 4110 2354 4182 ἢ
2382 4112 2503 4167 τινά
2532 4128 2595 4181 γε
2624 4112 2924 4183 ὲνδέχεταις
2955 4112 3017 4165 Εἰ
3054 4111 3153 4182 μὲν
3175 4110 3284 4183 7&9
3307 4110 3482 4174 οὐδεὶς
3529 4109 3711 4179 σοφὸς,

462 4202 678 4274 quidem
702 4218 862 4260 nemo
889 4204 1130 4275 sapiens.
1147 4203 1278 4273 quid
1307 4202 1427 4274 ipse
1444 4201 1663 4258 tandem
1683 4202 2041 4258 Manichaaus?

2153 4200 2194 4253 τί
2237 4201 2436 4273 δήποτε
2478 4202 2640 4266 αὐτὸς
2677 4204 2707 4256 ὁ
2754 4204 3080 4273 Μανιχαῐος;
3139 4200 3244 4253 Ἐὦ
3283 4199 3412 4271 7&9,
3459 4199 3542 4253 ὅτι
3587 4200 3713 4262 τοὺς

460 4295 614 4351 Mitto
641 4298 785 4353 enim
820 4311 929 4352 non
945 4298 1124 4353 solum
1147 4297 1285 4351 alios
1314 4294 1594 4356 studiosos
1617 4294 1831 4362 dicere;
1859 4293 1954 4349 sed
1981 4301 2036 4350 et

2153 4289 2334 4355 Ξλλους
2378 4291 2438 4344 ού
2485 4291 2644 4362 μόνον
2691 4291 3010 4353 σπουδαίους
3055 4284 3191 4343 εἶναι
3233 4289 3413 4359 λέγει’
3450 4288 3586 4343 ἀλλά
3620 4288 3712 4343 καὶ

459 4388 596 4445 alios
631 4388 880 4455 idoneos,
909 4388 1002 4459 qui
1035 4387 1170 4443 tales
1218 4386 1444 4452 faciant,
1478 4403 1589 4442 non
1620 4391 1836 4444 adesse.
1879 4385 2036 4453 Quod

2153 4380 2335 4445 Ξλλους
2373 4382 2538 4454 φησὶν
2587 4384 2803 4446 ἱκανοὺς
2848 4377 2983 4435 εἶναι
3027 4380 3299 4445 τοιούτους
3347 4381 3594 4453 ποιῆσαι.
3646 4379 3709 4429 Et

457 4478 505 4535 si
527 4480 755 4538 omnino
789 4480 987 4551 aliquis
1011 4488 1117 4544 est,
1146 4478 1280 4550 quid
1303 4487 1450 4537 vetat
1473 4494 1665 4536 omnes
1682 4481 1889 4551 pariter
1910 4488 2029 4535 stu-

2153 4470 2179 4528 i’
2227 4474 2362 4538 ὅλως
2407 4476 2525 4529 ἐστί
2572 4492 2675 4540 τις,
2724 4474 2777 4526 τί
2830 4472 3027 4527 κωλύει
3065 4472 3160 4528 καὶ
3199 4474 3411 4537 πάντας
3456 4465 3707 4540 γενέσθαι

454 4569 644 4629 diosos
675 4571 942 4628 evadere?
967 4571 1124 4639 Quod
1158 4574 1303 4630 enim
1351 4572 1422 4629 de
1468 4588 1581 4628 uno
1604 4612 1621 4637 ,
1675 4572 1744 4629 de
1779 4572 2032 4630 omnibus

2153 4564 2491 4631 τπουδαίουςς
2533 4566 2598 4619 Ὃ
2638 4563 2746 4638 7&9
2770 4565 2900 4637 περὶ
2930 4564 3050 4627 ἕνα,
3092 4566 3188 4619 καὶ
3222 4564 3351 4637 περὶ
3380 4559 3587 4622 πάντας
3616 4560 3705 4611 ὲν-

452 4677 674 4733 quoque
693 4663 1021 4735 contingens
1066 4673 1182 4733 est;
1217 4672 1272 4722 et
1298 4678 1533 4736 quorum
1578 4678 1742 4732 opera
1766 4663 2034 4734 quibusve

2153 4657 2345 4731 ῑέχεται
2365 4677 2377 4689 ·
2413 4660 2508 4714 καὶ
2540 4660 2604 4714 δι’
2641 4652 2716 4712 ὧν
2754 4660 2849 4713 καὶ
2878 4653 2978 4724 εἷς,
3013 4660 3101 4715 διὰ
3133 4660 3335 4713 τούτων
3378 4654 3472 4709 καὶ
3505 4655 3706 4718 πάντες

451 4752 651 4809 mediis
682 4769 827 4811 unus
846 4795 861 4821 ,
903 4756 1096 4812 iisdem
1125 4766 1182 4813 et
1209 4772 1400 4813 omnes
1431 4756 1650 4812 virtutis
1690 4770 1868 4811 arcem
1899 4771 2029 4828 pos-

2153 4750 2379 4822 ινάρετοι
2415 4751 2483 4806 ἂν
2518 4751 2758 4820 γένοιντο
2777 4769 2790 4782 ·
2821 4753 2868 4804 εί
2902 4751 2977 4822 μὴ
3008 4748 3063 4798 τί
3092 4763 3255 4817 φασιν
3286 4742 3386 4817 τῆς
3425 4745 3704 4817 δυνάμεως

451 4844 566 4899 sint
590 4846 833 4918 arripere
860 4866 874 4903 :
903 4847 1009 4903 nisi
1029 4849 1158 4918 quid
1184 4848 1480 4919 plurimum
1505 4847 1724 4904 virtutis
1745 4863 1809 4903 ac
1840 4857 2030 4919 poten-

2153 4837 2381 4894 τλεῖστον
2406 4843 2516 4905 τοῖς
2546 4840 2803 4901 τοιούτοις
2830 4834 3395 4907 ἐναπολαμσάνεσθαι.

450 4931 540 4988 tize
566 4932 757 4989 dicunt
780 4936 986 4994 talibus
1013 4937 1327 4993 intercludi.

521 5021 738 5080 Rursus
769 5026 935 5098 igitur
957 5027 1194 5097 primum
1233 5046 1247 5081 :
1296 5027 1428 5093 Quae
1474 5032 1775 5082 necessrtas
1824 5026 2030 5084 laboris

450 5113 520 5168 ad
536 5116 897 5186 capessendas
923 5117 1244 5189 disciplinas
1267 5118 1450 5191 (liceat
1471 5117 1616 5173 enim
1633 5126 1687 5174 et
1709 5116 2029 5173 dormiendo

448 5204 706 5264 virtutem
733 5209 1046 5281 nancisci)?
1083 5218 1178 5266 aut
1221 5225 1345 5282 quae
1365 5226 1533 5268 causa
1563 5219 1649 5268 est
1671 5226 1772 5267 cur
1804 5208 1905 5264 viri
1935 5207 2027 5264 isti

448 5297 727 5355 auditores
747 5317 878 5359 suos
904 5302 1248 5374 potissimum
1273 5303 1328 5358 in
1360 5319 1509 5375 spem
1531 5303 1743 5374 erigant
1772 5301 2028 5373 parandae

447 5388 754 5448 honestatis
779 5403 939 5467 atque
966 5394 1222 5451 virtutis?
1247 5394 1384 5450 Nam
1424 5396 1530 5451 etsi
1563 5395 1870 5450 volutantes
1894 5407 2019 5447 cum

446 5483 863 5551 meretricibus,
905 5487 1187 5557 proprium
1235 5486 1440 5543 bonum
1484 5486 1732 5542 nancisci
1780 5485 2016 5556 passint.

444 5568 597 5638 Quod
629 5574 675 5628 si
701 5574 987 5648 disciplina
1021 5579 1324 5648 meliorque
1357 5578 1627 5637 institutio
1650 5591 1714 5633 ac
1741 5575 2017 5641 educatio,

509 5742 590 5815 (4)
635 5751 678 5803 Τ
679 5748 752 5809 ὴν
776 5751 948 5812 ὕλην.
977 5754 1049 5807 Ἦ
1073 5772 1133 5809 τε
1163 5754 1284 5816 ὕλη.

2199 5020 2368 5075 Πάλιν
2392 5023 2571 5076 τοίνυν
2604 5020 2821 5091 πρῶτον
2855 5019 2973 5091 μέν·
3008 5018 3105 5081 Τίς
3135 5016 3294 5090 χρεία
3319 5016 3413 5070 τοῦ
3448 5017 3579 5090 περὶ
3604 5016 3702 5090 τὴν

2126 5112 2408 5167 παίδευσιν
2455 5112 2621 5166 πόνου
2706 5111 3032 5183 (γενοίμεθα
3082 5110 3192 5180 γάρ
3238 5108 3302 5162 ἂν
3350 5108 3701 5176 καθεύδοντες

2126 5206 2489 5282 σπουδαῖοι);
2528 5206 2562 5276 ἢ
2620 5205 2709 5260 διά
2749 5204 2804 5258 τί
2857 5204 3090 5276 μάλιστα
3147 5201 3272 5264 τοὺς
3319 5201 3699 5272 ἀκροωμένους

2124 5298 2302 5351 αὐτῶν
2328 5300 2378 5352 οἱ
2402 5297 2631 5351 τοιοῦτοι
2665 5295 2857 5366 ἄνδρες
2888 5297 2966 5357 εἰς
3001 5292 3223 5355 ἐλπίδας
3266 5290 3456 5360 ἄγουσι
3485 5291 3578 5347 τοῦ
3607 5309 3697 5347 κα-

2123 5390 2250 5455 λοῦ;
2283 5393 2396 5445 Καὶ
2428 5390 2535 5462 7&9
2569 5387 2977 5458 καλινδούμενοι
3025 5385 3121 5438 σὺν
3165 5386 3284 5447 ταῖς
3332 5384 3592 5455 ἑταίραις,
3638 5384 3695 5439 τὸ

2122 5484 2319 5536 οἰκεῖον
2355 5482 2526 5554 ἕχειεν
2570 5482 2636 5535 ἂν
2682 5479 2907 5549 ἀγαθόν.
2942 5479 3004 5531 Εἰ
3037 5477 3093 5530 δὲ
3133 5478 3166 5548 ἡ
3212 5475 3490 5540 παίδευσις
3525 5476 3617 5530 καὶ
3659 5478 3694 5548 ἡ

2123 5575 2443 5644 περιαγωγὴ
2479 5575 2512 5643 ἠ
2542 5572 2764 5643 βελτίων
2796 5570 2891 5625 καὶ
2923 5570 2985 5624 τὸ
3009 5571 3293 5624 σπουδαῖον
3325 5572 3453 5643 περὶ
3473 5570 3571 5643 τὴν
3595 5570 3693 5641 τῆς

2192 5752 2266 5817 (5)
2308 5750 2590 5817 Αἰσθητὰ.
2616 5749 2935 5814 Δίσθητικά.
