4110 6414
364 435 464 490 ιὸὖ

1240 429 1662 486 TRACTATUS
1702 429 1789 482 DE
1827 429 2140 484 PLACITIS
2176 426 2733 484 MANICHILURUM.

3494 427 3596 486 434

364 549 558 622 ἀρετῆς
585 549 847 618 ἀνάληψιν
879 549 1113 602 τοιοῦτον
1144 549 1304 601 αὐτὸν
1339 550 1750 620 ὲπειργὰσαντο,
1789 549 1924 600 πάν-

2040 547 2416 619 iiligentiaque
2441 563 2505 604 ac
2537 548 2801 604 sedulitas
2832 547 3174 618 percipienda
3206 548 3403 604 virtute
3434 550 3598 604 talem

363 660 452 705 τες
495 642 827 709 γινέσθωσαν
868 642 1118 704 τοιοῦτοι,
1165 642 1258 692 καὶ
1291 641 1559 712 ἀνῄρηται
1596 636 1629 703 ἡ
1671 639 1925 711 θρυλλου-

365 734 498 805 μένη
530 733 621 787 ὑπ’
648 733 826 786 αὐτῶν
859 734 958 804 τῆς
992 733 1122 803 ὕλης
1151 734 1382 796 ἄτακτος
1407 733 1636 804 κίνησις.

434 913 574 967 Πολὺ
604 912 662 966 δὲ
705 911 921 966 κάλλιον
960 909 1028 984 ἦν
1062 914 1161 983 τὴν
1200 913 1389 980 σοφίαν
1426 913 1588 966 ὅπλον
1623 916 1783 982 φάναι
1816 920 1928 979 τοῖς

364 1005 666 1078 ἀνθρώποις
691 1006 796 1059 ὑπὸ
822 1005 914 1058 τοῦ
946 1005 1079 1058 Θεοῦ
1107 1005 1371 1068 δεδόσθαι,
1410 1006 1476 1059 ἵν’
1514 1007 1541 1060 ὅ
1571 1009 1717 1061 ἐστιν
1748 1008 1928 1070 αὐτοῖς

361 1099 448 1152 διά
486 1099 548 1152 τὸ
589 1099 920 1169 αίσθητικοῖς
960 1094 1098 1150 εἶναι
1140 1097 1196 1164 ἐξ
1237 1097 1534 1168 ἐπιθυμίας
1579 1100 1672 1153 καὶ
1717 1100 1926 1170 ἡδονῆς,

362 1191 518 1244 τοῦτο
563 1191 703 1244 κατά
758 1191 952 1262 μικρὸν
992 1192 1070 1254 εἰς
1119 1189 1180 1242 τὸ
1220 1190 1420 1258 ἀγαθὸν
1465 1191 1820 1261 περιάγουσα.
1872 1192 1932 1244 τὸ

363 1284 626 1355 ἑπόμενον
655 1283 853 1336 ἄτοπον
886 1283 944 1350 ἐξ
975 1283 1153 1336 αὐτῶν
1199 1283 1365 1356 ἀνέλῃ
1385 1299 1399 1312 ο
1434 1282 1607 1346 οὕτως
1639 1282 1747 1355 γὰρ
1789 1279 1932 1336 οὗτοί

363 1392 440 1442 τε,
493 1375 692 1447 ἀρετὴν
736 1375 1192 1446 ἐπαγγελλόμενοι
1250 1375 1539 1439 διδάσκειν,
1589 1375 1818 1447 ζηλωτοὶ
1866 1376 1932 1429 ἂν

361 1461 503 1536 ἦσαν
530 1469 630 1537 τῆς
661 1467 970 1538 προθέσεως
1009 1468 1103 1520 καὶ
1142 1467 1235 1520 τοῦ
1271 1466 1418 1537 βίου’
1455 1466 1622 1538 πολλή
1662 1484 1721 1519 τε
1770 1465 1836 1520 ἂν
1865 1464 1932 1538 ἦν

363 1557 518 1621 ἐλπὶς
547 1557 662 1621 τοῦ,
707 1559 788 1611 ὅτι
821 1558 952 1611 ποτὲ
986 1557 1250 1612 παύσεται
1281 1558 1350 1611 τά
1384 1558 1550 1624 κακὰ,
1588 1558 1805 1612 πάντων
1843 1577 1934 1628 γε-

361 1650 600 1721 νομένων
645 1650 844 1720 σοφῶν.
887 1653 950 1704 Ὃ
984 1651 1132 1704 δοκεῖ
1163 1668 1250 1721 μοι
1284 1654 1736 1721 κατανενοηκέναι
1764 1655 1792 1706 ὁ
1831 1654 1934 1722 Ἰη-

362 1741 525 1804 σοῦς⁶
570 1743 662 1796 καὶ
711 1743 798 1797 ἵνα
849 1743 922 1814 μὴ
965 1743 1364 1815 ἀπεληλαμένοι
1415 1738 1514 1796 ὦσι
1583 1745 1673 1798 τοῦ
1725 1745 1931 1814 ἀγαθοῦ

361 1832 594 1904 γεωργοί
637 1851 693 1886 τε
726 1833 820 1887 καὶ
852 1834 1098 1897 τέκτονες
1131 1834 1224 1888 καὶ
1267 1833 1536 1906 οἰκοδόμοι
1575 1837 1668 1888 καὶ
1706 1837 1755 1888 οἱ
1786 1835 1933 1889 ἄλλοι

2031 655 2155 693 eum
2188 640 2471 694 reddidere
2493 680 2507 703 ,
2551 655 2740 694 omnes
2775 641 2908 695 tales
2939 640 3069 694 ﬁant
3090 681 3104 702 ,
3137 640 3494 709 subiatusque
3516 649 3600 695 est

2033 732 2102 784 ab
2158 731 2238 784 eis
2278 731 2582 786 celebratus
2627 732 3228 802 decantatissinmsque‘
3259 732 3598 787 inordinatus

2033 822 2272 875 materia:
2299 830 2497 876 motus.

2106 913 2289 984 Longe
2328 931 2457 970 vero
2497 921 2799 985 prmstaret,
2835 921 2894 968 ut
2941 913 3228 979 dicerent,
3277 913 3600 984 sapientiam

2035 1023 2297 1078 organum
2329 1025 2357 1061 a
2389 1006 2496 1062 Deo
2522 1007 2835 1062 hominibus
2857 1021 3194 1069 concessam,
3229 1016 3288 1061 ut
3326 1006 3469 1075 quod
3495 1007 3614 1062 illis.

2035 1115 2102 1155 ex
2131 1100 2426 1169 cupiditate
2456 1107 2510 1154 et
2541 1101 2817 1168 voluptate
2841 1113 2936 1154 seu
2973 1098 3195 1153 libidine
3225 1097 3472 1152 molitum
3494 1106 3600 1161 est,

2035 1205 2099 1244 ea
2131 1190 2342 1245 ratione
2370 1205 2476 1260 qua
2507 1199 2634 1245 sunt
2657 1205 2821 1245 sensu
2855 1190 3085 1259 praediti,
3123 1189 3225 1244 hoc
3255 1189 3513 1263 paulatim
3548 1190 3603 1244 in

2037 1283 2241 1337 bonum
2269 1283 2564 1338 traducens
2585 1326 2599 1350 ,
2631 1285 2775 1353 quod
2822 1284 3068 1353 sequitur
3096 1284 3391 1339 absurdum
3427 1284 3494 1339 ab
3525 1284 3604 1337 eis

2038 1373 2296 1428 auferret.
2330 1372 2420 1428 Sic
2447 1376 2590 1430 enim
2618 1375 2739 1445 ipsi,
2757 1377 2850 1446 qni
2877 1391 2935 1430 se
2960 1375 3175 1430 virtutis
3207 1375 3458 1430 doctores
3485 1391 3607 1445 pro-

2039 1463 2315 1525 ﬁteantur,
2366 1480 2432 1518 ex
2479 1467 2757 1534 proposito
2789 1466 3008 1534 vitaque
3054 1465 3340 1519 :emulandi
3390 1473 3603 1528 essent;

2038 1573 2342 1628 magnaque
2367 1573 2493 1628 spes
2524 1558 2802 1628 atl'nlgeret
2822 1601 2836 1622 ,
2876 1558 2989 1612 fore
3019 1567 3079 1611 nt
3112 1557 3438 1629 quandoque
3467 1557 3607 1611 mala

2038 1659 2337 1712 cessarent,
2363 1663 2487 1704 cum
2539 1664 2728 1703 omnes
2783 1649 3054 1718 sapientes
3081 1645 3405 1702 evasissent.
3443 1648 3607 1717 idque

2041 1740 2400 1804 adeoJesus
2464 1741 2598 1795 mihi
2658 1740 3037 1796 considerasse
3097 1740 3347 1805 videtur;
3406 1755 3470 1794 ac
3538 1756 3606 1795 ne

2037 1835 2190 1906 plebs
2232 1835 2533 1899 rusticana,
2565 1835 2848 1905 agricolae,
2896 1833 3058 1896 fabri,
3085 1834 3437 1897 cannentarii,
3472 1835 3602 1888 reli-
3641 1911 3643 1914 φ

361 1924 468 1976 ἀπὸ
515 1924 622 1978 τῶν
675 1925 892 1996 τεχνῶν,
936 1926 1112 1980 κοινὸν
1151 1926 1422 1998 συνέδριον
1455 1927 1672 1981 καθίσαι
1715 1928 1932 1982 πάντων

2040 1929 2237 1999 quique
2258 1927 2497 1983 artiﬁces
2513 1937 2566 1984 et
2582 1927 2878 1983 mechanici
2904 1943 2934 1981 a
2958 1927 3103 1982 bono
3127 1935 3607 1994 extorresessent,

360 2018 529 2088 ὁμοῦ·
583 2021 676 2072 καὶ
717 2020 803 2073 διὰ
845 2019 1032 2074 ἁπλῶν
1081 2021 1174 2074 καὶ
1222 2021 1460 2076 εὐκόλων
1496 2021 1802 2088 διαλέξεων,
1839 2023 1932 2075 καὶ

359 2109 438 2171 είς
480 2108 615 2161 Θεοῦ
658 2108 862 2163 ἔννοιαν
904 2112 1099 2173 αὐτοὺς
1131 2112 1542 2184 ἀπενηνοχέναι,
1588 2112 1804 2167 καὶτοῦ
1834 2131 1930 2168 κα-

359 2199 451 2252 λοῦ
480 2201 562 2264 είς
595 2201 888 2273 ἐπιθυμίαν
917 2201 1092 2264 ἐλθεῖν
1125 2204 1366 2257 ποιῆσαι.

2038 2037 2328 2079 commune
2359 2023 2602 2077 omnium
2656 2021 2820 2076 simul
2861 2019 3128 2076 conﬂasse
3158 2021 3481 2083 concilium;
3546 2035 3610 2074 ac

2039 2117 2302 2188 simplicis
2361 2116 2644 2187 facilisque
2685 2115 2907 2185 alloquii
2953 2114 3460 2178 dissertationibus,
3492 2121 3608 2167 tum

2038 2207 2093 2262 in
2116 2208 2210 2262 Dei
2237 2222 2332 2263 eos
2359 2223 2579 2264 sensum
2603 2209 2884 2270 extulisse,
2912 2214 3025 2262 tum
3051 2207 3105 2267 in
3130 2205 3260 2263 boni
3286 2206 3610 2276 honestique

2035 2299 2364 2354 desiderium
2390 2299 2700 2355 adduxisse.

359 2406 494 2462 Ου’.
527 2404 689 2461 XVII.
724 2405 1012 2480 Exagitala
1036 2407 1374 2464 Manio/mica
1409 2411 1573 2465 uirtus
1598 2411 1651 2464 in
1684 2408 1931 2493 Materia.
1954 2411 2013 2467 Si
2040 2429 2147 2537 117a
2168 2413 2335 2467 virtus
2356 2423 2534 2469 creata
2562 2414 2673 2467 sine
2705 2413 2958 2480 Materia,
2985 2423 3035 2468 et
3066 2414 3300 2486 reliqum.
3345 2413 3525 2469 Virtus
3555 2414 3616 2469 in.

1733 2491 1953 2535 materia
1975 2499 2073 2537 exn
2099 2501 2213 2537 osa.

1733 2491 1953 2535 materia
1975 2491 2213 2554 explosa.

441 2593 605 2648 Ἀλλὰ
628 2593 734 2666 γὰρ
760 2593 980 2648 πώποτε
1013 2594 1229 2662 λέγεται
1249 2593 1309 2648 τὸ
1335 2593 1691 2665 καταπέμψαι
1720 2593 1817 2666 τὴν
1847 2595 1938 2648 δύ-

359 2703 526 2756 ναμιν
563 2686 662 2758 τὴν
699 2686 848 2740 Θείαν
879 2687 907 2740 ὁ
957 2686 1090 2750 Θεὸς
1131 2687 1222 2740 ἐπὶ
1248 2687 1344 2758 τὴν
1389 2687 1553 2756 ὕλην;
1597 2687 1660 2739 Εἰ
1697 2687 1793 2756 μὲν
1826 2686 1935 2758 γὰρ

358 2774 426 2850 ἦν
459 2778 571 2841 ἀεὶ,
615 2777 709 2830 καὶ
746 2777 868 2830 οὕτε
898 2778 926 2830 ὁ
954 2777 1085 2841 Θεὸς
1126 2779 1390 2850 πρότερος
1422 2779 1590 2848 αὐτῆς
1619 2780 1934 2844 ἐπινοεῖται,

357 2869 488 2926 οὕτε
512 2871 545 2942 ἡ
587 2871 708 2942 ὕλη,
745 2873 894 2941 τρεῖς
933 2870 1094 2925 πάλιν
1123 2872 1292 2936 οὕτως
1316 2872 1452 2924 εἰσὶν
1486 2872 1653 2943 ἀρχαὶ
1680 2871 1819 2924 κατὰ
1845 2870 1935 2930 τὸν

358 2965 680 3034 Μανιχαῖον⁹
706 2965 846 3034 τάχα
878 2963 934 3016 δὲ
963 2964 1056 3017 καὶ
1080 2963 1388 3034 πάμπολλαι
1419 2965 1745 3034 φανήσονται
1769 2963 1935 3031 ὀλίγω

361 3055 608 3129 ὕστερον.
643 3057 702 3110 Ei
723 3056 768 3107 δ’
786 3057 1080 3128 ὲπιγενητή
1117 3073 1231 3120 πως
1257 3057 1400 3121 ἐστὶ,
1419 3056 1533 3119 πῶς
1557 3055 1688 3126 ὕλης
1709 3057 1933 3128 ἄμοιρος

360 3148 533 3220 arb-ri];
560 3150 622 3202 Εἰ
665 3148 721 3202 δὲ
755 3149 918 3220 μέρος
954 3149 1070 3203 ἐστὶ
1105 3148 1197 3201 τοῦ
1229 3148 1384 3213 Θεοῦ,
1418 3148 1634 3219 πρῶτον
1669 3147 1768 3218 μὲν
1811 3145 1935 3200 σύνο

362 3215 518 3302 θετον
549 3242 644 3294 καὶ
677 3215 985 3312 amfractbe
1023 3242 1414 3311 ἀποφαίνουσιν.
1440 3215 1614 3306 οὕτως
1642 3215 1732 3295 τὸν
1764 3239 1896 3293 Θεὸν
1921 3257 1934 3270 ·
1964 3215 2008 3273 C

360 3331 522 3385 τοῦτο
552 3332 607 3385 δὲ
639 3334 838 3387 ἄτοπον
863 3333 958 3388 καὶ
978 3335 1256 3390 ἀδύνατον.
1287 3335 1351 3387 Et
1375 3335 1432 3388 δὲ
1463 3334 1713 3404 ἐποίησεν
1743 3330 1934 3403 αὐτὴν,

362 3427 461 3478 καὶ
501 3423 632 3496 ὕλης
669 3425 895 3497 ἄμοιρός
925 3427 1062 3490 ἐστι,
1090 3423 1354 3497 θαυμάζω
1424 3426 1536 3489 πῶς
1565 3427 1664 3478 οὐκ
1702 3425 1939 3494 ὲσκόπη-

363 3532 490 3580 σαν,
523 3514 644 3568 οὕτε
674 3509 849 3582 οὗτος,
875 3517 999 3570 οὕτε
1029 3518 1078 3571 οἱ
1103 3519 1199 3572 ἀπ’
1223 3518 1452 3583 ἐκείνου,
1482 3520 1586 3582 ὅτι,
1611 3520 1658 3571 εί
1689 3518 1755 3587 (ὃ
1787 3516 1938 3586 λέγε-

360 3628 454 3665 ται
487 3612 628 3666 κατά
670 3611 768 3682 τὴν
809 3612 980 3684 ἀληθῆ
1012 3611 1188 3678 δόξαν,
1216 3613 1297 3666 ὅτι
1330 3611 1398 3666 τὰ
1428 3611 1644 3682 ἑφεξῆς,
1683 3611 1937 3682 μένοντος

363 3702 463 3756 τοῦ
509 3702 666 3768 Θεοῦ,
717 3704 1070 3766 ὑποστάσεως
1108 3702 1271 3774 είσὶ,)
1323 3705 1422 3775 τὴν
1463 3704 1689 3774 δυνάμιν
1735 3703 1938 3773 ταύτην

365 3793 592 3867 ἐποίησε
628 3795 953 3870 βουληθεὶςό
989 3795 1140 3859 Θεὸς,
1176 3793 1293 3858 πῶς
1331 3797 1451 3867 οὐχὶ
1491 3797 1585 3849 καὶ
1624 3795 1731 3848 τῶν
1759 3793 1934 3848 ἄλλων

366 3884 624 3941 ἁπάντων
650 3886 758 3939 τῶν
800 3887 1101 3958 γενομένων
1145 3886 1315 3950 αίτιος
1351 3887 1586 3956 ἐγένετο,
1616 3885 1768 3940 οὐδὲν
1808 3885 1940 3956 ὕλης

366 3978 829 4050 προϋπαρχούσης
871 3978 1255 4051 προσδεηθείς;
1297 3980 1378 4035 Τὰ
1419 3981 1516 4052 μὲν
1548 3980 1612 4052 δὴ
1642 3981 1941 4051 φαινόμενα

365 4071 546 4126 ἄτοπα
576 4074 638 4126 ὲκ
666 4073 856 4126 τούτου
883 4073 1128 4136 τοιαῦτα,
1160 4074 1400 4144 ἑπόμενα
1432 4074 1489 4127 δὲ
1519 4073 1586 4127 τὰ
1619 4073 1762 4146 ἑξῆς.

2109 2599 2417 2666 Enimvero,
2439 2599 2782 2670 quandonam
2835 2599 2988 2653 aiunt
3021 2597 3190 2653 Deum
3230 2596 3469 2654 divinam
3493 2597 3609 2652 vir-

2037 2699 2207 2746 tntem
2241 2693 2460 2748 misisse
2488 2693 2551 2751 in,
2573 2692 2894 2748 materiam?
2913 2689 3048 2745 Nam
3076 2690 3122 2746 si
3144 2704 3359 2760 semper
3389 2696 3526 2752 erat.
3545 2703 3610 2744 ac

2036 2799 2213 2855 neque
2242 2784 2386 2840 Deus
2414 2785 2564 2855 prior
2596 2785 2689 2838 illa
2733 2784 3051 2854 intelligitur
3073 2826 3088 2850 ,
3124 2798 3302 2856 neque
3340 2783 3567 2838 materia
3593 2799 3608 2849 ;

2039 2879 2118 2933 sic
2148 2894 2342 2934 rursus
2381 2895 2446 2934 ex
2477 2877 2756 2933 Manichzei
2790 2877 3042 2932 doctrina
3083 2877 3187 2931 tria
3216 2883 3377 2932 erunt
3407 2874 3615 2946 princi-

2041 2970 2152 3040 pia.
2191 2967 2354 3025 Forte
2379 2985 2508 3025 vero
2528 2971 2692 3024 etiam
2723 2969 2881 3040 longe
2932 2968 3162 3037 plurima
3188 2968 3352 3038 paulo
3378 2973 3501 3037 post
3529 2964 3612 3019 vi-

2041 3061 2333 3116 debuntur.
2381 3061 2475 3117 Sin
2507 3071 2687 3118 autem
2736 3062 3030 3118 adventitia
3068 3069 3152 3116 est
3183 3067 3238 3114 et
3278 3074 3398 3130 quae
3425 3066 3614 3128 postea

2039 3155 2327 3219 exstiterit,
2356 3171 2591 3224 quonam
2626 3155 2792 3225 modo.
2827 3155 3068 3212 materia:
3124 3167 3318 3224 expers
3362 3151 3630 3208 exsistit‘t

2043 3245 2200 3313 Quod
2238 3247 2285 3303 si
2344 3246 2437 3302 Dei
2497 3257 2706 3317 partem
2764 3252 3048 3310 statuunt,
3103 3244 3339 3314 primum
3394 3241 3615 3314 quidem

2045 3340 2125 3396 sic
2154 3339 2438 3395 sentiendo
2469 3336 2639 3392 Deum
2665 3338 3027 3407 compositum
3048 3349 3480 3406 corporeamque
3499 3342 3614 3387 tra-

2044 3431 2199 3485 dunt.
2230 3428 2394 3500 Atqui
2444 3428 2547 3482 hoc
2593 3427 2888 3483 absurdum
2942 3435 3026 3483 est
3071 3441 3172 3482 nec
3207 3441 3438 3498 usquam
3492 3439 3616 3481 esse

2044 3521 2238 3592 possit.
2272 3520 2370 3576 Sin
2423 3528 2603 3575 autem
2641 3535 2768 3583 eam,
2795 3519 3073 3583 condidit,
3127 3533 3194 3574 ac
3248 3517 3487 3574 materiae
3519 3531 3617 3572 ex-

2045 3632 2171 3686 pers
2203 3613 2439 3677 exsistit,
2470 3613 2641 3668 miror
2671 3612 2946 3684 quomodo
2988 3628 3098 3667 non
3127 3610 3478 3672 attenderint,
3511 3625 3616 3665 nec

2044 3706 2162 3777 ipse
2186 3721 2288 3761 nec
2327 3705 2449 3776 ejus
2475 3703 2753 3774 discipuli,
2783 3704 2928 3774 quod
2959 3704 3006 3760 si
3043 3704 3123 3775 (ut
3154 3703 3209 3757 in
3239 3717 3367 3757 vera
3395 3709 3615 3759 senten-

2044 3799 2120 3852 tia
2148 3797 2369 3860 dicitnr,
2403 3810 2524 3865 quae
2555 3794 2810 3864 deinceps
2840 3801 3258 3857 sunt,manente
3280 3790 3412 3856 Deo,
3446 3791 3615 3860 hypo-

2045 3896 2220 3946 stases
2247 3887 2396 3960 sunt)
2424 3888 2566 3942 hanc
2594 3885 2738 3942 Deus
2763 3886 3014 3940 virtutem
3047 3885 3325 3940 voluntate
3351 3883 3616 3946 condidit.

2047 3978 2321 4051 quomodo
2346 3994 2455 4034 non
2481 3978 2644 4034 etiam
2679 3977 3011 4047 reliquorum
3046 3975 3289 4030 omnium
3317 3989 3438 4045 qua:
3473 3971 3616 4027 facta

2049 4077 2197 4136 sunt,
2221 4076 2414 4125 auctor
2442 4069 2562 4135 fuit,
2590 4069 2740 4123 nulla
2769 4069 2819 4123 ei
2842 4067 3152 4123 necessaria
3192 4067 3421 4121 materia
3445 4105 3460 4132 ,
3495 4081 3618 4135 quas

369 4171 498 4220 ante
525 4165 827 4220 exstiterit?
860 4165 986 4222 Haec
1019 4167 1297 4222 enimvero
1337 4183 1458 4237 quae
1490 4183 1556 4222 ex
1605 4182 1668 4222 ea
1708 4166 1982 4236 opinione,
2033 4170 2294 4235 apparent
2330 4162 2605 4229 absurda;
2655 4177 2776 4232 quae
2802 4176 2931 4216 vero
2964 4169 3285 4233 sequuntur,
3315 4159 3407 4214 hic
3463 4158 3619 4214 dein-

367 4239 502 4329 cep‘s
527 4260 722 4330 posita.

438 4347 589 4424 Ἀρά
610 4372 674 4423 γε
709 4354 818 4428 γὰρ
861 4356 1021 4425 φύσιν
1063 4353 1207 4428 εἶχεν
1244 4359 1278 4429 ἡ
1308 4356 1536 4428 δύναμις
1577 4361 1688 4429 ῥεῖν
1720 4358 1812 4410 ἐπὶ
1845 4357 1942 4429 τὴν

373 4443 536 4515 ὕληνς
558 4447 620 4499 Et
650 4447 799 4518 παρά
821 4449 979 4517 φύσιν
1003 4445 1070 4520 ἦν
1093 4451 1228 4520 αὐτῇ
1250 4449 1430 4517 τοῦτο,
1451 4452 1568 4514 πῶς
1589 4445 1682 4502 οῦν
1707 4449 1904 4521 ἐμίχθη
1925 4465 1940 4514 ;

2121 4353 2261 4424 Ergo
2295 4354 2406 4407 haec
2434 4352 2648 4407 virtutis
2667 4358 2863 4405 natura
2892 4349 2990 4403 fuit
3012 4357 3174 4418 atque
3195 4345 3405 4402 indoles
3434 4352 3495 4401 ut
3513 4345 3618 4400 dif-

2051 4446 2242 4502 ﬂueret
2270 4445 2326 4498 in
2354 4441 2681 4498 materiam?
2713 4440 2769 4495 Si
2800 4449 2996 4511 praeter
3037 4447 3286 4493 naturam
3318 4443 3454 4502 erat,
3478 4451 3619 4504 quo-

371 4535 435 4586 El.
483 4535 540 4589 δὲ
573 4539 713 4592 κατὰ
751 4541 910 4608 φύσιν
945 4537 1013 4614 ἦν
1051 4543 1185 4614 αὕτῇ
1226 4542 1402 4604 τοῦτο,
1447 4544 1663 4606 πάντως
1710 4560 1810 4594 που
1852 4542 1938 4595 καὶ

2048 4553 2174 4592 nam
2208 4536 2375 4608 igitur
2402 4534 2562 4588 modo
2584 4533 2663 4587 illi
2692 4533 2981 4587 commista
3029 4530 3157 4585 est?
3190 4527 3287 4582 Sin
3336 4533 3518 4580 autem
3550 4539 3619 4579 ex

372 4626 462 4680 ἀεὶ
491 4630 585 4680 σὺν
611 4632 675 4700 τῇ
707 4630 805 4703 ὕλῃ
834 4627 920 4702 ἦν.
957 4633 1020 4684 Εἰ
1050 4632 1105 4685 δὲ
1133 4633 1309 4700 τοῦτο,
1343 4633 1459 4697 πῶς
1486 4637 1652 4687 κακὸν
1688 4634 1787 4704 τὴν
1813 4633 1942 4703 ὕλην

377 4721 893 4789 προσαγορεύουσιν,
941 4725 1120 4794 μίγμα
1165 4720 1328 4777 οὖσαν
1365 4722 1425 4790 ἐξ
1459 4725 1632 4796 ἀρχῆς
1667 4724 1804 4794 πρὸς
1846 4723 1944 4794 τὴν

374 4808 524 4863 θείαν
546 4809 774 4881 δύναμιν
793 4827 806 4875 ;
828 4811 951 4875 Πῶς
971 4815 1326 4887 φθαρήσεται,
1354 4815 1640 4887 μιχθείσης
1660 4816 1762 4884 τῆς
1797 4814 1946 4878 θείας

375 4899 678 4972 δυνάμεως,
712 4903 848 4972 πρὸς
889 4904 1056 4976 αὐτὴν
1101 4908 1536 4979 ἀωχωρησάσης
1570 4910 1732 4974 ποτέ;
1772 4909 1946 4962 Ἔσω-

375 4990 436 5056 ξε
468 4993 531 5065 δὴ
571 4995 680 5066 γὰρ
721 4994 791 5048 τὰ
831 4995 990 5060 καλὰ,
1022 4998 1117 5050 καὶ
1146 4998 1334 5070 ἐτέρου
1368 5000 1511 5063 τινὸς
1555 4999 1760 5069 ἀγαθοῦ
1795 5000 1942 5052 αἰτία

375 5084 656 5154 γίγνεσθαι
685 5080 765 5150 οἷς
798 5085 863 5140 ἂν
887 5090 1056 5158 παρῇ,
1087 5088 1324 5157 εὕλογον,
1362 5089 1394 5160 ἢ
1436 5089 1729 5162 διαφθορὰν
1751 5090 1785 5160 ἢ
1820 5089 1946 5144 ἄλλο

374 5195 427 5231 τι
458 5178 623 5233 κακὸν
652 5179 836 5252 ἕτερον
867 5165 1091 5248 ἐπάγειν
1115 5182 1315 5244 αὐτοῖς.

2044 4637 2261 4692 natura,
2293 4626 2516 4682 omnino
2544 4626 2704 4696 plane
2728 4631 2782 4679 et
2811 4637 3027 4693 semper
3064 4636 3153 4676 res
3186 4619 3262 4674 illi
3297 4632 3419 4672 cum
3447 4621 3620 4670 mate-

2044 4722 2127 4774 ria
2159 4728 2296 4783 erat,
2325 4733 2389 4774 ac
2435 4717 2538 4787 ipsi
2575 4731 2758 4772 eomes
2788 4723 2927 4769 erat.
2976 4711 3032 4768 ld
3081 4721 3264 4765 autem
3302 4707 3351 4764 si
3384 4709 3459 4762 ita
3493 4711 3576 4759 est
3598 4743 3614 4768 ,

2047 4809 2178 4880 quid
2215 4825 2396 4864 causa:
2416 4815 2501 4863 est
2528 4822 2629 4861 cur
2666 4805 2947 4866 materiam
2974 4803 3175 4857 malum
3207 4799 3466 4864 vocitent,
3494 4808 3617 4864 qua:

2049 4919 2078 4957 a
2114 4900 2380 4972 principio
2399 4914 2523 4954 cum
2549 4897 2732 4953 divina
2759 4896 2957 4950 virtute
2977 4893 3286 4956 commista,
3310 4891 3430 4959 ejus
3458 4892 3618 4941 nacta

1987 5015 2002 5026 ο
2043 4994 2431 5051 commercium
2481 4992 2608 5046 est?
2660 4991 2907 5056 Quonam
2952 5002 3084 5042 vero
3114 4985 3275 5040 modo
3303 4983 3464 5043 etiam
3494 4993 3619 5032 cor-o

2045 5092 2351 5154 runipetnr,
2377 5083 2562 5136 divina
2592 5082 2810 5144 virtute,
2844 5093 2965 5149 qua:
2994 5077 3226 5132 admista
3255 5081 3373 5129 erat
3396 5111 3411 5135 ,
3457 5069 3525 5124 ad
3558 5083 3620 5123 se

2045 5179 2221 5248 ipsam
2275 5174 2600 5246 quandoque
2651 5171 2971 5228 secedente?
3018 5169 3148 5235 Quae
3184 5167 3328 5222 enim
3359 5163 3505 5220 bona
3532 5176 3620 5216 es-

380 5282 501 5330 sent
547 5261 838 5331 incolumia
887 5276 1159 5340 servabat,
1211 5279 1542 5334 conveniens
1575 5285 1634 5332 ut
1666 5284 1720 5333 et
1774 5277 1999 5333 alterius
2050 5273 2332 5343 cujusdam
2389 5272 2560 5336 boni,
2613 5269 2812 5339 quibus
2864 5266 3055 5330 adest,
3121 5271 3311 5320 auctor
3360 5261 3614 5323 exsistat,

379 5385 539 5439 quam
579 5383 637 5426 ut
666 5372 1068 5441 corruptionem
1103 5373 1186 5427 vel
1227 5373 1370 5428 aliud
1403 5375 1688 5444 quodpiam
1741 5375 1941 5432 malum
1982 5375 2089 5426 illis
2115 5372 2354 5424 inducat.

518 5485 648 5541 CAP.
677 5483 864 5540 XVlll.
901 5483 1316 5541 Manicka'orum
1345 5488 1539 5543 solutio
1571 5498 1620 5544 et
1652 5488 1930 5542 instantia.
1959 5484 2100 5540 Scite
2138 5483 2206 5537 ad
2233 5483 2492 5536 hominem
2529 5479 2592 5533 de
2624 5479 2680 5533 Μ
2686 5489 2857 5543 anete,
2884 5478 2974 5547 qui
3004 5477 3112 5546 ipse
3141 5476 3193 5527 in
3231 5475 3472 5527 materia.

415 5602 522 5656 -Τὸ
565 5602 662 5673 μὲν
707 5603 812 5673 γὰρ
846 5602 908 5674 δὴ
965 5603 1124 5673 σοφὸν
1172 5604 1233 5657 τὸ
1281 5604 1568 5674 λεγόμενον
1621 5605 1710 5656 ὑπ’
1763 5603 1949 5664 αὐτῶν,

372 5693 551 5745 ἐκεῖνό
598 5695 762 5745 ἐστιν·
811 5693 953 5754 Ὅτι,
992 5693 1180 5764 ὥσπερ
1224 5693 1458 5765 ὁρῶμεν,
1502 5695 1597 5764 τῆς
1635 5693 1815 5764 ψυχῆς
1850 5694 1946 5756 τοῦ

369 5779 630 5854 σώματος
659 5781 1102 5856 ἀποζευχθείσης,
1128 5785 1188 5838 τὸ
1218 5785 1376 5855 σῶμα
1397 5787 1524 5837 αὐτὸ
1557 5786 1945 5856 ἀπολλύμενον,

377 5873 525 5930 οὕτω
565 5876 656 5930 καὶ
701 5876 798 5946 τῆς
842 5876 1118 5946 δυνάμεως
1150 5877 1378 5948 ἀφείσης
1415 5879 1524 5948 ,τὴν
1557 5876 1708 5946 ὕλην,
1751 5879 1806 5931 τὸ
1840 5879 1949 5930 λει-

2120 5599 2322 5654 Eorum
2357 5598 2447 5654 hic
2487 5603 2738 5667 argutum
2772 5607 3096 5665 responsum
3127 5605 3190 5644 ac
3218 5588 3435 5652 evasio;
3471 5599 3621 5639 nem-

2053 5708 2138 5762 pe,
2165 5691 2306 5747 sicut
2339 5689 2584 5745 videmus
2618 5687 2800 5742 anima
2837 5686 3081 5755 sejuneta
3108 5699 3137 5737 a
3166 5695 3393 5750 corpore
3419 5693 3623 5746 corpus

2055 5785 2232 5853 ipsum
2265 5782 2474 5853 perire;
2509 5780 2587 5836 sic
2614 5779 2777 5835 etiam
2809 5779 2899 5834 ubi
2931 5778 3103 5833 virtus
3138 5775 3441 5834 materiam,
3475 5767 3623 5840 quod

2058 5877 2324 5946 reliquum
2355 5875 2475 5936 erit,
2507 5873 2676 5942 ipsam
2703 5873 2951 5929 videlicet
2983 5870 3258 5925 materiam
3295 5865 3636 5922 dissolutum
