4110 6410
470 385 578 443 635

466 691 770 754 rumpatur.
796 684 916 743 Non
943 703 1045 747 ens
1073 693 1218 747 enim
1249 710 1361 752 non
1394 708 1498 755 est.
1539 699 1831 775 Dissipatis
1860 717 2041 765 autem

465 776 810 846 corporibus,
843 796 908 837 ac
936 797 1061 838 cum
1090 785 1172 841 eis
1202 789 1432 844 mutatio
1464 794 1709 862 quaedam
1758 799 2037 866 acciderit,

463 867 877 941 dissolvuntur;
912 875 1050 932 adeo
1082 886 1142 933 ut
1187 883 1385 950 partim
1435 884 1493 938 in
1550 893 1752 943 terram
1800 892 2036 961 cedant,

458 957 664 1026 partim
696 959 752 1014 in
783 974 985 1029 aerem,
1016 968 1323 1041 partimque
1351 971 1408 1026 in
1431 974 1580 1030 aliud
1604 978 1903 1049 quidpiam.

528 1046 800 1106 Praeterea
828 1069 937 1109 non
964 1060 1348 1129 meminerunt,
1380 1064 1577 1123 docere
1608 1046 2035 1132 illos—materiam

455 1149 666 1196 motum
692 1142 1062 1203 inordinatum
1101 1167 1242 1210 esse.
1274 1154 1428 1222 Quod
1482 1169 1665 1218 autem
1715 1164 1802 1219 sui
1853 1165 2035 1237 ipsum

453 1232 669 1289 ratione
702 1247 969 1307 movetur,
995 1249 1049 1295 et
1070 1243 1227 1313 cujus
1266 1250 1504 1305 essentia
1549 1264 1731 1311 motus
1762 1265 1847 1312 est
1868 1297 1885 1322 ,
1933 1274 2035 1315 nec

451 1337 553 1395 per
578 1326 834 1384 accidens
854 1329 931 1383 illi
954 1337 1235 1404 competit,
1278 1354 1518 1409 quanam
1554 1347 1647 1401 liat
1691 1350 1938 1417 ratione,
1970 1359 2033 1407 ut

450 1415 783 1473 abscedente
806 1419 1022 1486 virtute,
1052 1424 1107 1479 id
1137 1428 1285 1497 quod
1321 1440 1440 1487 erat
1458 1474 1472 1497 ,
1523 1444 1650 1494 ante
1675 1442 1839 1496 etiam
1865 1415 2031 1513 quam

449 1506 704 1565 virtusin
734 1509 914 1578 ipsum
945 1512 1320 1587 descenderet,
1352 1538 1476 1581 esse
1504 1526 1763 1585 desinat?
1801 1506 1914 1589 Nec
1948 1536 2032 1591 vi-

448 1597 580 1654 dent
608 1598 989 1676 diﬂ‘erentiam,
1008 1610 1155 1683 quod
1167 1627 1329 1670 omne
1355 1632 1558 1689 corpus
1579 1635 1777 1691 expers
1807 1627 2026 1697 animae,

445 1688 723 1750 immobile
755 1696 849 1753 sit.
901 1697 1039 1755 Nam
1088 1708 1144 1758 et
1188 1705 1389 1776 stirpes
1426 1688 1667 1766 animam
1695 1714 1899 1772 habent
1933 1688 2028 1776 ve:-

442 1779 754 1848 getabilem.
797 1784 980 1858 Ipsum
1013 1805 1142 1847 vero
1171 1803 1402 1863 motum,
1435 1806 1788 1870 quantumvis
1810 1808 2022 1866 inordi-

1484 403 1891 462 ALEXANDRI
1925 407 2232 469 EPISCOI’I
2269 415 2773 477 LYCOPOLITANI

470 497 540 557 iri
578 512 644 552 ac
671 498 988 569 perituram.
1022 503 1264 562 Primum
1309 509 1527 581 quidem
1562 529 1670 570 non
1703 519 2045 578 animadver-

470 596 593 645 tunt
615 628 633 657 ,
682 590 798 647 ﬁeri
828 607 937 648 non
977 610 1140 667 posse
1190 608 1248 655 ut
1286 602 1396 657 ulla
1440 620 1527 661 res
1559 607 1616 661 in
1647 622 1755 663 non
1789 627 1888 668 ens
1918 629 2043 669 cor-

3612 439 3717 490 456

2072 534 2115 590 Α
2146 525 2399 597 πόμενον,
2423 530 2560 604 ὅπερ
2585 534 2733 588 ἐστὶν
2759 535 2791 606 ή
2822 534 2941 608 ὕλη,
2971 537 3215 593 διαλυθὲν
3242 541 3533 615 οἰχήσεται.
3558 545 3721 620 Πρῶο

2142 634 2234 671 τον
2280 620 2378 690 μὲν
2409 622 2516 695 γὰρ
2550 625 2649 696 οὐχ
2684 627 2902 699 ὁρῶσιν,
2942 630 3022 682 ὅτι
3054 630 3163 684 τῶν
3208 632 3376 689 ὄντων
3412 637 3566 691 οὐδὲν
3604 635 3716 695 οἷόν

2142 708 2290 763 ἐστιν
2334 708 2648 783 φθείρεσθαι
2691 718 2771 780 εἰς
2808 717 2868 770 τὸ
2916 717 2990 790 μὴ
3028 719 3105 773 όν·
3145 721 3208 775 τὸ
3248 722 3357 795 γὰρ
3399 725 3473 797 μὴ
3523 726 3583 781 ὃν
3614 730 3716 788 οὐκ

2141 803 2277 860 ἔστι.
2319 807 2822 865 Διασκεδασθέντων
2855 813 2914 866 δὲ
2966 813 3076 868 τῶν
3107 818 3391 887 σωμάτων,
3427 822 3521 875 καὶ
3546 840 3713 894 μετα-

2140 896 2301 969 ϐολήν
2335 915 2458 953 τινα
2505 901 2762 971 σχόντων,
2803 903 3046 968 διάλυσις
3073 907 3302 975 γίνεταν
3337 908 3478 964 ὥστε
3513 912 3574 964 τὸ
3609 914 3712 983 μὲν

2136 990 2219 1053 εἰς
2243 989 2348 1060 γῆν
2389 990 2664 1055 ἀπελθεῖν,
2700 993 2763 1047 τὸ
2790 994 2847 1048 δὲ
2879 997 2960 1058 εἰς
2988 996 3148 1066 ἀέρα,
3185 998 3248 1051 τὸ
3274 999 3332 1052 δὲ
3365 1003 3446 1065 εἰς
3477 1001 3606 1056 ἄλλο
3630 1020 3706 1057 τι.

2209 1082 2442 1137 Ἔπειτα
2487 1085 2545 1138 δὲ
2594 1087 2656 1140 οὐ
2709 1087 3031 1157 μέμνηνται,
3079 1088 3161 1142 ὅτι
3206 1091 3420 1164 κίνησιν
3476 1094 3710 1149 ἄτακτον

2134 1166 2475 1230 ὑποτίθενται
2496 1172 2632 1231 εἶναι
2655 1178 2753 1250 τὴν
2774 1179 2925 1250 ὕλην,
2956 1181 3028 1234 Τὸ
3048 1181 3106 1235 δὲ
3120 1182 3188 1236 δι’
3207 1182 3338 1237 αὐτὸ
3366 1184 3706 1257 κινούμενον,

2133 1262 2228 1317 καὶ
2258 1258 2320 1318 οὗ
2346 1266 2494 1321 ἐστιν
2521 1268 2677 1322 οὐσία
2710 1270 2743 1341 ἠ
2773 1270 3007 1342 κίνησις,
3034 1272 3172 1327 ἀλλὰ
3208 1272 3285 1345 μὴ
3325 1276 3467 1330 κατὰ
3497 1278 3705 1347 συμϐε-

2132 1353 2301 1426 ϐηχὸς
2346 1356 2580 1428 ὑπάρχει
2632 1359 2801 1431 αὐτῷ,
2846 1362 2966 1426 πῶς
3006 1361 3246 1433 εὔλογον,
3282 1364 3382 1436 τῆς
3424 1364 3705 1438 δυνάμεως

2129 1444 2484 1519 ἀπελθούσης,
2527 1449 2840 1505 παύσασθαι
2868 1450 2962 1505 τοῦ
3002 1452 3139 1524 ὅπερ
3182 1447 3274 1523 ἦν,
3302 1454 3434 1524 πρὶν
3476 1454 3570 1508 καὶ⁸
3602 1453 3705 1528 τὴν

2126 1533 2355 1606 δύναμιν
2375 1539 2455 1601 είς
2476 1536 2609 1592 αὐτὸ
2635 1538 2949 1607 κατελθεῖνς
2980 1542 3092 1612 Οὐχ
3119 1540 3288 1613 ὁρῶσι
3313 1541 3371 1596 δὲ
3398 1543 3460 1596 τὸ
3491 1543 3704 1616 παραλτ

2126 1626 2339 1693 λάττον,
2369 1629 2453 1682 ὅτι
2478 1631 2587 1684 πᾶν
2620 1630 2718 1702 μὲν
2749 1631 2927 1702 σῶμα,
2949 1632 3128 1703 ψυχῆς
3148 1632 3395 1704 ἄμοιρον,
3422 1634 3698 1705 ἀκίνητον.

2129 1719 2281 1789 Ἔχει
2308 1719 2417 1792 γὰρ
2444 1722 2538 1776 καί¹
2565 1722 2633 1776 τὰ
2673 1723 2817 1792 φυτὰ¹
2842 1723 2941 1794 τὴν
2978 1724 3208 1797 φυτικὴν
3237 1724 3437 1797 ψυχήν.
3485 1725 3599 1797 Τῆς
3639 1725 3700 1785 δδ
3772 1740 3777 1745 ’

2126 1808 2258 1884 ὕλης
2284 1813 2454 1885 αὐτὴν
2479 1812 2578 1885 τὴν
2609 1814 2794 1869 οὐσίαν
2827 1814 3041 1887 κίνησιν
3069 1812 3209 1872 εἶναι
3241 1816 3425 1886 φασὶν,
3461 1815 3700 1872 ἄτακτον

440 1876 653 1939 natum,
681 1878 925 1934 materia:
968 1879 1160 1939 dicunt
1191 1899 1315 1942 esse
1365 1889 1751 1953 substantiam.
1781 1896 1862 1953 Ac
1890 1915 2008 1956 verc

2125 1876 2327 1975 μέντοι.
2376 1876 2612 1961 Κάλλιον
2651 1905 2709 1959 δὲ
2751 1901 2842 1976 ἦν,
2889 1876 3139 1979 καθάπερ
3172 1876 3266 1960 ἐπί
3303 1876 3495 1979 λύρας,
3531 1908 3698 1983 ἀνάρ-

438 1968 557 2025 erat
609 1964 828 2034 melius.
875 1971 1025 2031 Velut
1070 1973 1125 2029 in
1156 1974 1476 2037 dissonante
1521 1984 1674 2055 lyra,
1726 1990 2021 2050 accedente

433 2049 724 2115 harmonia
748 2057 997 2132 initoque
1027 2074 1318 2134 concentu,
1344 2049 1610 2145 quidquid
1637 2049 1775 2145 erat,
1809 2049 2020 2141 musice

435 2152 755 2207 consertum
806 2153 1257 2229 modulatumque
1306 2162 1579 2223 eilicitur:
1619 2171 1701 2225 sic
1756 2173 2015 2231 nimirum

433 2233 678 2295 divinam
731 2241 992 2301 virtutem
1051 2246 1364 2309 inordinata
1432 2257 1724 2316 admistam
1802 2269 2012 2332 motui,

431 2340 594 2407 quem
629 2330 736 2408 ipsi
764 2337 1049 2393 materiam
1102 2342 1366 2409 sentiunt,
1400 2362 1500 2428 pro
1521 2364 1588 2405 eo
1621 2354 1768 2423 quod
1813 2330 2013 2417 ornatu

430 2419 675 2487 carebat,
710 2426 1001 2494 quemdam
1032 2430 1112 2486 illi
1146 2419 1696 2510 ornatumxadjecisse
1717 2483 1732 2507 ,
1776 2459 1840 2501 ac
1867 2463 2013 2504 sem-

429 2524 527 2584 per
556 2512 816 2587 adjicere,
847 2518 1118 2588 ejusmodi
1148 2524 1359 2582 scilicet
1396 2530 1491 2600 qui
1520 2531 1708 2589 divino
1734 2535 1837 2591 rite
1876 2553 2010 2595 con-

427 2614 586 2673 gruat
629 2612 884 2680 tempori.
929 2612 1068 2669 Nam
1114 2631 1338 2687 quaeso,
1391 2624 1739 2693 quandonam
1789 2632 2006 2688 tandem

426 2692 544 2765 ipse
573 2694 931 2768 Manichacus,
965 2710 1026 2756 ut
1048 2702 1115 2759 de
1147 2705 1232 2760 his
1257 2692 1517 2765 tractaret
1538 2712 1767 2770 idoneus
1796 2713 1918 2783 fuit,
1942 2732 2008 2774 ac

423 2787 644 2856 quando
686 2790 906 2848 demum
951 2794 1139 2850 isthmc
1190 2801 1510 2855 enarravit?
1554 2802 1689 2858 Nam
1729 2812 1783 2868 et
1825 2808 2002 2878 ipsum

422 2879 666 2935 materia:
694 2887 829 2936 tunc
859 2883 1060 2954 migma
1078 2893 1132 2940 et
1162 2889 1379 2955 virtutis
1410 2892 1464 2945 in
1491 2908 1554 2948 ea
1581 2904 1811 2966 receptae
1834 2897 2005 2962 fuisse

421 2970 753 3027 concedunt.
789 2972 916 3030 Sive
947 2976 1113 3047 igitur
1137 3018 1152 3043 ,
1186 2978 1259 3035 ita
1285 2993 1344 3036 ut
1369 2992 1506 3052 erat,
1539 2984 1653 3041 hzec
1692 2988 2002 3046 inordinato

419 3072 570 3135 motu
598 3064 819 3123 locutus
848 3076 952 3133 est,
986 3072 1263 3140 quomodo
1300 3091 1411 3131 non
1460 3079 1601 3132 mala
1629 3080 1855 3152 opinio?
1886 3085 2001 3141 sive

419 3150 604 3208 divina
663 3156 866 3216 virtute
924 3175 1126 3234 anceps
1189 3163 1524 3239 dubiumque
1586 3150 1783 3241 dogma
1843 3184 1929 3231 est
1980 3194 1995 3247 ς

416 3257 481 3298 ea
513 3245 744 3316 ratione,
769 3266 874 3322 qua
907 3260 992 3309 est
1024 3266 1066 3309 'a
1105 3256 1288 3315 divina
1333 3260 1551 3327 virtute,
1574 3265 1820 3322 veritatis
1847 3245 1998 3323 com?

2123 2012 2296 2067 μοστα
2322 1995 2684 2067 μελῳδούσης,
2710 1998 2744 2069 ὴ
2777 1997 3011 2070 ἁρμονία
3040 1996 3270 2052 ἐλθοῦσα
3293 1997 3355 2052 τὸ
3387 2000 3495 2053 πᾶν
3524 2001 3697 2071 ἡρμο-

2120 2086 2317 2157 σμένον
2354 2087 2764 2159 ἀπειργάσατο·
2808 2089 2951 2144 οὕτω
2982 2088 3045 2161 δὴ
3090 2088 3374 2160 μιχθείσαν
3414 2089 3514 2161 τὴν
3544 2090 3697 2149 θείαν

2116 2176 2343 2249 δύναμιν
2370 2181 2436 2251 τῇ
2471 2180 2693 2251 ἀτάκτῳ
2748 2182 2981 2253 κινήσει,
3019 2182 3156 2252 ὅπερ
3183 2182 3299 2235 ἐστὶ
3328 2181 3448 2235 κατ’
3495 2182 3694 2247 αὐτοὺς

2113 2270 2146 2340 ἡ
2185 2268 2305 2342 ῦλη,
2348 2271 2469 2324 ἀντὶ
2494 2271 2593 2343 τῆς
2625 2271 2852 2343 ἐνούσης
2878 2272 3147 2343 ἀκοσμίας
3179 2272 3383 2344 κόσμον
3410 2273 3531 2328 τινὰ
3551 2274 3689 2345 αὐτῇ

2114 2361 2509 2421 ὲπιτεθεικὲναι
2540 2363 2634 2427 καὶ
2649 2364 2736 2418 ἀελ⁵
2769 2363 3033 2418 ἐπιθεῖναι
3063 2362 3156 2418 τοῦ
3178 2364 3320 2419 θείου
3348 2365 3537 2444 χρόνου
3553 2364 3693 2418 ἐτεά-ε

2113 2450 2244 2517 ξιον.
2281 2453 2433 2507 Ἐπεὶ
2459 2453 2577 2517 πῶς
2604 2472 2736 2508 ποτε
2758 2455 2920 2519 αὐτὸς
2945 2457 2973 2508 6
3005 2456 3305 2527 Μανιχαῖος
3326 2455 3454 2527 τέερὶ
3485 2453 3689 2507 τούτων

2110 2539 2330 2610 ἐγένετο
2371 2542 2554 2607 ίκανὺς
2583 2542 2877 2609 διαλαϐεῖν,
2924 2544 3020 2610 καὶ
3049 2545 3109 2598 τὸ
3143 2544 3273 2597 πότε
3302 2543 3440 2622 αὐτά
3472 2543 3688 2615 ἀφηγή-

2111 2649 2271 2697 σατο;
2300 2632 2375 2697 ὡς
2400 2632 2505 2707 γὰρ
2539 2635 2718 2711 μίγμα
2751 2635 2944 2704 γέγονε
2970 2637 3065 2690 καὶ
3093 2636 3262 2702 αὐτὸς
3288 2636 3390 2706 τῆς
3413 2635 3566 2705 ὕλης,
3592 2634 3686 2689 καὶ

2105 2724 2204 2795 τῆς
2249 2725 2712 2799 ὲναποληφθείσης
2754 2728 2892 2800 αὐτῇ
2940 2727 3243 2800 δυνάμεως,
3287 2726 3682 2799 συγχωροῦσιν.

2104 2813 2230 2868 Εἴτε
2256 2812 2370 2881 οὖν,
2404 2816 2479 2881 ὡς
2511 2811 2647 2887 εἶχε,
2697 2819 2762 2888 τῇ
2805 2818 3023 2889 ἀτάκτῳ
3060 2820 3269 2889 κινήσει
3300 2810 3473 2872 ταῦτα
3504 2818 3682 2885 ἔλεγε,

2103 2904 2222 2971 πῶς
2247 2905 2307 2960 ού
2344 2907 2519 2980 φαύλη
2544 2910 2577 2979 ἡ
2602 2908 2754 2976 δόξας
2781 2909 2888 2963 εἴτε
2909 2913 2974 2981 τῇ
3006 2910 3124 2983 θεία
3145 2910 3370 2982 δυνάμει
3390 2909 3683 2982 ἀμφίδοξον

2102 2999 2204 3070 ἤδη
2229 2999 2290 3053 τὸ
2319 3000 2493 3072 δόγμα
2514 3020 2526 3033 ·
2563 3002 2641 3073 τῷ
2673 3001 2771 3074 μὲν
2793 3002 2901 3057 ἀπὸ
2936 3003 3033 3074 τῆς
3061 3002 3211 3067 θείας
3242 3003 3520 3075 δυνάμεως
3539 2998 3682 3057 εἶναι

2104 3091 2329 3162 μέτοχον
2355 3092 2638 3164 ἀληθείας·
2673 3094 2751 3166 τῷ
2792 3095 2849 3148 δὲ
2880 3095 2988 3149 ἀπὸ
3023 3095 3119 3166 τῆς
3156 3095 3388 3149 ἀτάκτου
3415 3096 3681 3167 κινήσεως

2098 3181 2193 3236 τοῦ
2242 3183 2428 3256 ἑτέρου
2482 3186 2681 3258 μέρους
2738 3185 3007 3258 μετέχειν,
3045 3186 3436 3258 μεθιστάμενον
3486 3188 3565 3250 είς
3617 3187 3686 3243 τὰ

2096 3273 2308 3344 ψεῦδος.

415 3339 624 3394 mercio
678 3343 949 3414 gaudens;
1010 3362 1116 3418 qua
1164 3367 1294 3407 vero
1338 3352 1406 3410 ab
1434 3352 1745 3414 inordinato
1795 3368 1979 3429 motu,
2011 3365 2236 3435 alterius
2307 3371 2477 3441 partis
2524 3371 2854 3429 commercio
2906 3373 2976 3430 ad
3018 3372 3363 3437 mendacium
3409 3387 3674 3444 vergens,

412 3425 601 3500 illique
633 3424 863 3492 haerens.

409 3538 543 3597 CAP.
566 3542 711 3603 XIX.
755 3547 944 3612 Altera
971 3550 1268 3648 Manichm:
1296 3556 1499 3641 Virtus,
1523 3563 1792 3648 prioriba's
1824 3568 2072 3648 nouisqyg
2126 3565 2594 3648 absurdis-petita.
2647 3569 3100 3648 Kirtuaefﬁciens
3122 3581 3173 3629 et
3206 3573 3466 3644 patibilis,
3498 3577 3675 3648 opifex

1072 3635 1122 3680 et
1156 3631 1392 3684 materiae
1425 3643 1691 3690 concreta.
1723 3634 1963 3707 Corpora
1984 3631 2293 3698 'Hanicltazo
2333 3631 2501 3692 tribus
2524 3640 2765 3708 partibus
2788 3631 3013 3710 digéila.

480 3726 642 3796 Quod
665 3730 714 3789 si
753 3730 960 3794 dictum
988 3745 1167 3804 esset,
1197 3739 1438 3799 divinam
1468 3743 1726 3805 virtutem
1759 3762 1986 3809 ornasse

2160 3751 2222 3805 Ei
2246 3752 2304 3805 δὲ
2326 3752 2530 3823 είρητο,
2552 3751 2628 3815 ὡς
2653 3752 2686 3821 ή
2712 3752 2834 3806 θεία
2862 3753 3089 3825 δύναμις
3114 3756 3211 3828 τὴν
3232 3753 3367 3828 ὕλην,
3391 3756 3671 3830 ἐκόσμησε

409 3825 699 3877 materiam
729 3832 894 3896 atque
914 3839 1144 3894 ornare;
1161 3831 1320 3903 longe
1364 3838 1664 3906 sapientius
1715 3849 1900 3908 esset,
1930 3848 1987 3898 et

2109 3843 2185 3897 ιαὶ
2215 3844 2428 3912 κοσμεῖ,
2464 3842 2660 3916 μακρῷ
2686 3842 2750 3896 ἂν
2780 3840 2847 3915 ἦν
2875 3825 3203 3917 σοφώτερον,
3235 3825 3332 3899 καί
3362 3848 3498 3920 πρὸς
3522 3825 3675 3916 aetas

405 3908 479 3971 ad
508 3910 670 3967 ﬁdem
711 3912 995 3973 Manichazi
1037 3918 1299 3979 doctrina;
1326 3939 1389 3983 ac
1420 3929 1764 3993 sermonibus
1800 3934 1987 3988 conci-

2109 3908 2437 3987 ItﬂiaV-TLDV
2462 3908 2764 4006 Μανιχαίου
2788 3908 2963 4005 λόγων
2983 3954 3045 3990 συ
3054 3908 3419 4009 μδαλλόμενού
3440 3908 3664 4010 μέλλον.

407 4002 652 4060 liandum
674 4007 1095 4067 conducibilius.
1145 4012 1627 4076 Verumenimvero
1655 4023 1816 4085 aliam
1841 4022 1985 4085 Deus

2109 4025 2263 4079 Ἀλλὰ
2294 4025 2403 4096 γὰρ
2445 4002 2642 4097 ἑτέραν
2672 4002 2899 4098 δύναμιν
2942 4002 3292 4099 κατέπεμψεν
3334 4030 3363 4081 6
3405 4002 3561 4097 Θέός.,
3598 4033 3669 4091 Ἃ

405 4107 437 4147 e
468 4095 721 4165 supernis
751 4099 901 4155 misit
933 4102 1213 4168 virtutem.
1247 4102 1388 4163 Sane
1415 4108 1634 4178 quidem
1675 4128 1796 4183 qua:
1840 4112 1982 4169 dicta

2109 4115 2193 4169 ,ιὲν
2223 4115 2288 4188 δὴ
2330 4095 2549 4195 εἴρηται
2572 4118 2702 4193 περὶ
2732 4095 2831 4187 τῆς
2869 4095 3476 4191 προτέρας-δυνάμεως,
3508 4095 3667 4185 κοινά

405 4193 536 4239 sunt
561 4185 629 4242 de
656 4188 843 4259 priore
859 4191 1121 4260 .virtute,
1154 4194 1222 4251 de
1267 4197 1370 4253 hac
1422 4201 1628 4270 pariter
1669 4204 1983 4259 communia

2109 4208 2183 4262 ιαὶ
2210 4185 2338 4281 περὶ
2367 4185 2571 4279 ταύτης
2594 4185 2738 4263 ὲστί·
2765 4185 2859 4263 καὶ
2884 4185 2983 4263 ὅσα
3009 4185 3183 4265 ἄτοπα
3203 4185 3392 4266 ἕπεται
3414 4211 3491 4284 τῷ
3519 4213 3670 4289 λόγῳ⁸

403 4282 571 4339 sunt:
603 4279 897 4352 omniaque
945 4284 1218 4354 absurda,
1249 4290 1543 4362 conjuncta
1595 4295 1860 4353 doctrinae
1914 4298 1984 4355 de

2109 4300 2166 4372 τῷ
2208 4279 2336 4374 ’περὶ⁹
2374 4301 2475 4372 τῆς
2525 4301 2752 4374 πρώτης
2792 4302 2972 4359 αὐτῶν
3016 4302 3319 4375 δυνάμεως,
3367 4279 3540 4359 ταύτα

402 4367 577 4435 prima
616 4367 836 4427 illorum
867 4376 1104 4444 virtute,
1161 4381 1347 4439 eadem
1381 4393 1435 4441 et
1489 4388 1979 4459 impraesentiarum

2109 4367 2179 4448 νύν
2210 4367 2326 4448 ἐστι
2355 4367 2553 4463 λέχειν.
2571 4367 2655 4459 ’Τὸ
2681 4367 2737 4448 δὲ
2758 4395 2884 4448 ἄλλο
2904 4396 2986 4459 τίς
3006 4367 3324 4467 suariam}
3355 4396 3452 4451 Διὰ
3482 4397 3535 4451 τί
3550 4397 3671 4470 γὰρ.

403 4458 531 4522 licet
571 4462 784 4529 aﬂ‘erre.
837 4468 1000 4533 Aliud
1033 4489 1162 4534 vero
1218 4479 1340 4548 quis
1389 4478 1565 4536 ferat?
1602 4480 1805 4548 Quidni
1831 4483 1978 4538 enim

2109 4485 2148 4558 ςὴ
2178 4487 2239 4539 ού
2272 4458 2450 4541 πάντα
2481 4458 2609 4558 μίαν
2638 4487 2758 4542 τινὰ
2786 4486 3087 4559 δυναμένην
3117 4458 3346 4560 δύναμιν
3378 4458 3662 4559 κατέπεμλ

403 4552 548 4609 Deus
573 4570 739 4611 unam
783 4562 1071 4631 quamdam
1092 4566 1358 4630 ,virtutem
1402 4572 1586 4637 misit,
1622 4589 1744 4644 qua:
1798 4577 1981 4630 omnia

2109 4552 2183 4644 μέν
2231 4581 2261 4632 6
2304 4552 2494 4645 Θεόςξ
2519 4552 2600 4632 Eli
2632 4552 2933 4650 ἀνθρώπου-
2972 4552 3096 4644 νούς
3140 4552 3313 4644 οὖτῷς
3361 4580 3479 4635 ἐστὶ
3522 4552 3661 4651 πρός

402 4646 625 4712 posset?
644 4646 780 4715 Cum
808 4667 962 4711 mens
996 4654 1234 4719 humana
1264 4660 1345 4716 sic
1377 4662 1445 4722 ad
1473 4668 1657 4724 omnia
1687 4666 1837 4720 varia
1872 4667 1980 4730 sit,

400 4738 462 4795 ut
487 4734 677 4791 eadem
719 4743 1046 4811 geometrica
1079 4747 1309 4804 scientia
1331 4790 1346 4814 ,
1392 4751 1691 4823 eademque
1723 4764 1977 4810 astrono—

399 4824 542 4881 mica
574 4835 627 4883 et
649 4833 918 4894 tectonica
946 4836 1171 4906 praedita
1205 4840 1300 4907 sit,
1337 4856 1401 4897 ac
1431 4842 1478 4899 si
1508 4843 1636 4914 quid
1669 4844 1789 4915 ejus
1816 4862 1981 4917 gene-

398 4916 477 4975 ris
505 4924 621 4985 est;
657 4921 726 4980 ad
762 4921 960 4987 incitas
991 4925 1133 4983 Deus
1167 4929 1422 4997 redactus
1466 4943 1572 4998 est,
1602 4948 1704 4989 nec
1734 4916 1979 4993 invenire

396 5008 574 5076 potuit
603 5012 763 5069 talem
794 5017 1077 5084 virtutem,
1109 5036 1230 5091 quae
1262 5021 1338 5076 illi
1368 5023 1437 5079 ad
1460 5025 1643 5091 omnia
1673 5026 1869 5091 idonea
1893 5044 1978 5093 es-

397 5101 499 5165 set,
518 5107 580 5156 ut
604 5118 716 5166 non
738 5107 915 5179 prima
944 5118 1109 5183 atque
1133 5113 1372 5178 secunda
1395 5115 1696 5187 indigeret?

470 5190 675 5272 thuid
711 5214 842 5255 vero
864 5203 968 5257 alia
997 5204 1216 5272 quidem
1245 5205 1420 5263 virtus
1455 5208 1688 5279 Opiﬁcis,
1721 5212 1828 5269 alia
1859 5213 1971 5281 vim

395 5288 571 5357 magis
600 5287 861 5360 patientis
892 5294 1100 5352 habens
1142 5314 1207 5354 ac
1242 5300 1578 5372 recipientis,
1625 5319 1734 5374 quo
1763 5305 1974 5360 scilicet

394 5398 625 5451 pronum
657 5385 736 5440 illi
759 5386 1007 5461 beneque
1037 5391 1107 5447 sit
1132 5399 1192 5447 ut
1232 5393 1527 5450 misceatur
1551 5410 1675 5450 cum
1708 5397 1974 5452 materia?

394 5470 515 5528 Non
547 5476 694 5531 enim
744 5477 834 5534 hic
864 5494 1089 5537 causam
1136 5484 1346 5541 ordinis
1388 5487 1518 5542 boni
1550 5488 1733 5553 video,
1778 5487 1973 5544 adver-

395 5579 599 5634 susque
638 5567 817 5636 ipsum
855 5586 1137 5629 excessus.
1174 5572 1231 5630 Si
1277 5576 1480 5631 malum
1523 5586 1661 5642 erat,
1705 5593 1812 5633 non
1854 5588 1973 5635 erat

394 5655 449 5714 in
481 5655 645 5714 domo
677 5658 793 5715 Dei.
829 5662 966 5718 Cum
999 5666 1144 5725 enim
1192 5666 1337 5725 Deus
1369 5670 1714 5728 solummodo
1741 5671 1966 5739 bonum,

462 5834 545 5908 (6)
581 5839 802 5895 Καλοῦ.

2084 4670 2261 4725 πάντα
2288 4672 2550 4737 ποικίλος,
2579 4669 2719 4733 ὥστε
2737 4673 2765 4724 6
2786 4672 2948 4738 αὐτὸς
2974 4673 3073 4744 μὲν
3101 4668 3241 4726 εῖναι
3263 4670 3655 4741 γεωμετρικὸς,

2081 4764 2111 4816 6
2136 4762 2299 4825 αὐτὸς
2336 4761 2395 4815 δὲ
2436 4762 2827 4834 ἀστρονομικὸς
2861 4763 2955 4816 καὶ
2992 4761 3320 4823 τεκτονικὸς,
3369 4759 3465 4813 καὶ
3505 4757 3560 4811 εῐ
3601 4777 3655 4813 τι

2080 4849 2316 4904 τοιοῦτον
2335 4868 2348 4882 ⁸
2381 4851 2498 4923 Θεῷ
2522 4852 2579 4905 δὲ
2602 4848 2709 4924 ἆρα
2738 4848 2806 4924 ἦν
2839 4853 3041 4925 ἄπορον
3072 4850 3253 4922 εὑρεῖν
3279 4849 3535 4920 τοιαύτην
3563 4849 3655 4905 δύ-
3718 4896 3723 4901 .

2080 4955 2264 5009 ναμιν,
2297 4940 2418 5011 ἥτις
2440 4939 2592 5011 αὐτῷ
2619 4940 2754 5013 πρὸς
2788 4941 2964 5009 πάντα
2984 4938 3052 5023 ἦν
3082 4941 3259 5012 ἱκανὴ,
3295 4939 3381 4992 ἵνα
3406 4940 3481 5015 μὴ
3507 4938 3654 5014 πρώ-
3717 5010 3729 5032 ἶ

2080 5045 2179 5100 της
2201 5030 2295 5083 καὶ
2317 5029 2572 5104 δευτέρας
2592 5031 2775 5104 δέηται
2795 5049 2810 5099 ;

2150 5212 2247 5265 Διὰ
2275 5212 2327 5265 τί
2368 5211 2483 5286 δὲή
2534 5211 2631 5283 μὲν
2673 5211 2903 5282 δύναμίς
2937 5213 3048 5266 ἐστι
3091 5208 3478 5292 δημιουργικὴ,
3526 5208 3651 5282 ἡδὲ

2077 5304 2350 5377 παθητικὴ
2395 5303 2614 5375 μᾶλλον,
2660 5302 2736 5367 ὡς
2773 5304 2954 5368 καλῶς
2990 5300 3157 5371 αὐτὴν
3194 5299 3338 5370 ἔχειν
3376 5301 3513 5377 πρὸς
3550 5300 3650 5373 τὴν

2077 5395 2207 5468 ὕλην
2253 5396 2646 5468 κεράννυσθαις
2679 5398 2791 5466 Οὐχ
2831 5395 2941 5467 ὁρῶ
2976 5393 3084 5465 γὰρ
3118 5394 3279 5448 πάλιν
3324 5394 3558 5450 ἐνταῦθα
3588 5394 3650 5448 τὸ

2074 5487 2247 5541 αἴτιον
2279 5487 2378 5558 τῆς
2415 5476 2625 5552 τάξεώς
2658 5488 2753 5541 τοῦ
2782 5486 2948 5542 καλοῦ
2972 5484 3048 5557 (6)
3086 5486 3178 5539 καὶ
3211 5485 3310 5555 τῆς
3337 5484 3458 5540 κατ’
3482 5483 3649 5539 αὐτοῦ

2075 5582 2367 5654 ὑπεροχῆς.
2401 5583 2464 5635 Ei
2494 5582 2661 5637 κακὸν
2684 5578 2773 5653 ἧν,
2800 5582 2899 5635 οὐκ
2927 5576 2995 5651 ἦν
3022 5582 3080 5632 ὲν
3104 5579 3183 5650 τῷ
3211 5579 3304 5633 τοῦ
3329 5577 3464 5635 Θεοῦ
3491 5579 3644 5651 οἴκῳ.

2073 5675 2137 5729 Εἰ
2174 5675 2283 5747 γὰρ
2317 5676 2476 5749 μόνον
2507 5674 2670 5730 καλὸν
2696 5674 2726 5727 6
2750 5672 2904 5737 Θεὸς,
2940 5672 3035 5729 καὶ
3061 5671 3222 5743 μόνον
3257 5671 3426 5733 κακὸν
3454 5672 3488 5743 ή
3520 5668 3644 5741 ὕλη,
