4110 6472
465 488 568 546 637

1327 481 1736 543 'IRACTATUS
1772 484 1859 543 DE
1895 484 2207 546 PLACITIS
2235 484 2784 548 MANICHEORUM.

3525 488 3648 556 488.

458 603 594 675 μέσα
620 600 689 654 τὰ
716 600 846 655 ἄλλα
883 601 975 653 καὶ
1010 600 1206 670 μεταξὺ
1235 600 1442 669 ἀνάγκη
1480 599 1662 667 φάναι.
1719 601 1855 661 Ἀλλ’
1905 602 1993 653 εὑ-

2098 602 2398 672 malumque
2444 602 2782 663 solummodo
2832 603 3054 658 materia
3096 602 3360 667 exsistat,
3409 618 3631 662 necesse

456 694 694 767 ρίσκεταί
734 710 815 756 τις
852 693 1077 762 ποιητὴς
1107 691 1354 762 διάφορος
1380 692 1504 761 περὶ
1530 690 1597 744 τὰ
1630 692 1789 761 μέσα,
1820 695 1896 751 ὅτ’
1924 694 1990 747 ἂν

455 783 591 854 φῶσι
609 784 707 853 τὴν
729 784 827 852 μὲν
848 779 1237 852 δημιουργικὴν
1256 781 1452 845 αἰτίαν,
1474 780 1569 852 τὴν
1581 781 1635 833 δὲ
1653 783 1845 852 μικτὴν
1861 784 1996 852 πρὸς

450 874 550 946 τὴν
579 872 728 943 ὓλην.
771 872 922 941 Τάχα
945 866 1037 924 οὖν
1067 872 1182 923 ἐστι
1209 870 1271 921 τὸ
1307 871 1710 941 προηγούμενον
1744 873 1837 925 καὶ
1862 873 1996 925 dmo—

452 961 894 1031 προηγησάμενον
923 957 1095 1023 τοῦτο,
1119 958 1148 1010 ὃ
1180 958 1271 1010 καὶ
1308 958 1358 1014 οἱ
1395 957 1653 1028 νεώτεροι
1667 959 1912 1027 λέγουσιν
1937 961 1996 1014 ὲν

450 1053 528 1121 τῷ
552 1051 691 1119 Περὶ
715 1045 830 1103 τῶν
861 1046 1154 1116 διαφορῶν
1181 1048 1343 1119 λόγῳ.
1366 1049 1475 1118 Τῆς
1501 1048 1557 1101 δὲ
1583 1049 1988 1121 δημιουργικῆς,

453 1142 602 1210 φασὶ,
659 1139 934 1209 δυνάμεως
1005 1137 1423 1209 ὲπιχειρησάσης
1471 1138 1568 1209 τῆς
1618 1140 1988 1209 κοσμοποιίας,

451 1228 839 1300 ἀποκεκρίσθαι
874 1228 969 1297 τῆς
997 1226 1127 1298 ὕλης
1151 1226 1221 1283 τὸ,
1249 1229 1432 1297 μεῖναν
1460 1227 1551 1279 ἐπὶ
1578 1228 1674 1299 τῆς
1707 1228 1842 1292 ἰδίας
1866 1230 1994 1300 ἀρε-

450 1321 549 1390 τῆς
581 1319 682 1373 κᾶν
717 1322 783 1390 τῇ
824 1318 1094 1389 συμμίξει,
1132 1319 1223 1370 καὶ
1252 1316 1526 1384 γεγονέναι
1558 1318 1703 1388 ήλιον
1725 1321 1817 1372 καὶ
1842 1319 1995 1391 σελή-

451 1426 550 1478 νην
568 1424 582 1438 ’
619 1408 679 1459 τὸ
709 1407 765 1460 δὲ
806 1406 1030 1478 μετρίας
1061 1404 1378 1476 μετειληφὸς
1415 1406 1628 1470 κακίας,
1657 1408 1882 1478 οὐρανὸν
1904 1409 1998 1461 καὶ

450 1496 703 1566 ἀστέρας.
723 1496 921 1550 Λοιπὸν
944 1496 1000 1549 δὲ
1033 1495 1100 1549 τὰ
1136 1495 1266 1548 ἄλλα
1299 1495 1448 1560 ἐντὸς
1488 1497 1692 1561 τούτων
1726 1498 1999 1569 περιειλῆ-

456 1586 596 1666 ςρθαι
617 1586 691 1649 ὡς
727 1586 928 1656 ἔτυχεν,
984 1587 1225 1658 μίγματα
1261 1586 1388 1651 ὄντα
1420 1587 1520 1658 τῆς
1561 1605 1618 1641 τε
1665 1588 1813 1655 θείας
1850 1589 2000 1644 δυνά-

457 1694 601 1748 μεως
636 1679 728 1730 καὶ
762 1677 859 1747 τῆς
893 1677 1040 1748 ὕλης.

2096 700 2180 748 est
2210 701 2270 746 ut
2308 693 2515 761 reliqua
2544 692 2732 752 media,
2755 691 3001 755 dicamus
3037 699 3091 747 et
3128 693 3185 747 in
3228 692 3404 747 medio
3430 696 3634 750 consti-

2096 788 2231 835 tuta.
2263 781 2427 851 Atqui
2469 780 2740 838 invenitur
2787 780 3227 842 diversusl‘actor
3274 795 3337 835 ac
3386 782 3645 843 conditor

2094 870 2242 926 circa
2271 884 2334 924 ea
2370 885 2490 939 quae
2535 870 2711 924 media
2742 880 2886 934 sunt,
2928 884 3053 923 cum
3085 869 3268 923 dicant
3313 869 3473 931 aliam
3506 884 3635 924 cau-

2093 974 2212 1014 sam
2245 960 2514 1029 opiﬁcem,
2547 959 2706 1019 aliam
2728 961 2966 1019 materiae
2998 959 3305 1016 admistam.
3335 958 3495 1017 Forte
3533 960 3633 1030 ἱείς-

2095 1057 2185 1105 tur
2226 1060 2310 1107 est
2341 1052 2659 1120 primarium
2699 1052 2844 1107 istud
2889 1059 2944 1107 et
2985 1052 3128 1122 quod
3155 1067 3186 1105 a
3228 1050 3484 1120 primario
3527 1063 3633 1117 est,

2098 1141 2241 1210 quod
2266 1144 2426 1195 etiam
2458 1142 2645 1197 dicunt
2675 1141 3002 1196 recentiores
3033 1141 3086 1194 in
3116 1140 3255 1194 libro
3287 1140 3362 1195 De
3389 1139 3636 1209 differen-

2098 1232 2205 1291 liis,
2238 1230 2480 1299 Cumque
2513 1231 2647 1285 adeo
2675 1230 2851 1300 opifex
2885 1230 3057 1284 virtus
3091 1246 3153 1285 ac
3182 1229 3337 1298 cujus
3368 1229 3639 1288 condendi

2098 1321 2181 1377 vis
2205 1322 2391 1375 mundi
2426 1321 2686 1376 fabricam
2717 1335 2970 1397 aggressa
2999 1329 3163 1385 esset,
3199 1330 3466 1377 secretum
3486 1321 3641 1376 aiunt

2097 1411 2167 1466 de
2209 1412 2435 1469 materia
2473 1411 2616 1482 quod
2663 1412 2719 1465 in
2757 1411 2876 1485 ipsa
2905 1426 3121 1485 quoque
3159 1413 3410 1469 mistione
3440 1414 3495 1468 in
3541 1427 3641 1468 sua

2098 1503 2315 1572 prapria
2349 1511 2623 1561 manserat
2646 1501 2864 1565 virtute,
2899 1509 3061 1572 atque
3092 1502 3220 1557 hinc
3253 1503 3418 1558 solem
3456 1512 3509 1558 et
3550 1502 3639 1557 lu-

2102 1606 2237 1655 nam
2269 1592 2565 1653 exstitisse.
2607 1589 2672 1646 ld,
2705 1602 2832 1644 vero
2877 1588 3022 1659 quod
3063 1590 3275 1644 modice
3318 1590 3643 1667 parciusquo

2099 1689 2285 1744 vitium
2317 1694 2661 1745 contraxerat
2701 1699 2764 1738 ac
2792 1685 3076 1750 malitiam,
3113 1683 3313 1749 cmglum
3347 1682 3635 1748 etstellas.

2095 1790 2371 1845 Postremo
2396 1793 2576 1842 autem
2607 1784 2818 1854 reliqua
2848 1783 2992 1837 intra
3038 1782 3149 1837 haec
3181 1789 3383 1836 temere
3415 1782 3645 1837 intercea

2021 1872 2064 1927 Β
2091 1887 2201 1952 pta,
2234 1892 2353 1948 quae
2381 1875 2541 1930 mista
2581 1880 2709 1930 sunt
2738 1888 2805 1927 ex
2832 1871 3015 1926 divina
3050 1871 3249 1925 virtute
3286 1876 3341 1924 et
3388 1871 3635 1926 materia.
3710 1906 3721 1929 Α.

452 1992 580 2047 Cir.
606 1991 722 2046 XX.
757 1991 952 2047 Divina
977 1994 1141 2048 cintus
1163 1993 1327 2049 eidem
1367 1994 1660 2051 Hatria/two
1692 2014 1939 2079 corporea
1971 1994 2338 2078 etaivisibilis.
2364 1993 2557 2053 Divina
2576 1992 2738 2054 virtus
2764 1990 2880 2058 ipsa
2908 1990 3147 2053 materia,
3171 2004 3285 2059 qua:
3307 1988 3401 2057 ﬁat
3417 1988 3593 2051 omnia
3616 2004 3640 2048 :

1797 2084 2171 2127 inconveniens.

532 2178 669 2246 Ἐγὼ
698 2178 754 2232 δὲ
802 2180 952 2251 παρὰ
986 2181 1159 2238 πάντα
1205 2182 1372 2236 ταῦτα
1406 2184 1683 2255 θαυμάζω,
1732 2180 1848 2244 πῶς
1894 2181 1994 2233 οὐκ

450 2268 788 2323 αἰσθάνονται
806 2272 1115 2343 σωματικὴν
1146 2273 1420 2338 ποιοῦντες
1444 2275 1541 2345 τὴν
1573 2273 1720 2326 θείαν
1744 2271 1990 2340 δύναμιν,

452 2359 546 2412 καὶ
576 2359 855 2430 τέμνοντες
881 2361 1127 2434 καθάπερ
1163 2363 1231 2416 τὰ
1261 2365 1418 2435 μέρη.
1450 2365 1548 2418 Διὰ
1575 2364 1627 2416 τί
1659 2362 1765 2434 γὰρ
1795 2363 1890 2431 οὐχ
1919 2362 1995 2424 ὡς

450 2446 572 2519 ὕλη,
607 2452 700 2504 καὶ
729 2452 762 2522 ή
796 2450 914 2505 θεία
935 2453 1157 2523 δύναμις
1186 2455 1286 2527 ήδη
1321 2456 1466 2508 ἐστὶν
1503 2453 1717 2524 παθητὴ
1744 2454 1832 2507 καὶ
1863 2453 1996 2505 διαι-

452 2542 580 2613 ρετὴ
612 2542 700 2596 διὰ
727 2543 904 2616 πάσης
930 2547 1127 2616 αὐτῆς*
1163 2548 1255 2601 καὶ
1286 2548 1346 2601 τὸ
1378 2548 1473 2620 μέν
1501 2550 1554 2601 τι
1582 2548 1747 2618 αὐτῆς
1793 2546 1995 2615 γίνεται

450 2632 615 2703 ἥλιος,
648 2634 709 2686 τὸ
736 2634 793 2687 δὲ
821 2636 1049 2708 σελήνης
1075 2637 1342 2709 Καθαρῶς
1364 2638 1472 2709 γὰρ
1502 2637 1671 2690 ταῦτα
1697 2633 1835 2691 εἶναι
1863 2637 1994 2706 φασὶ

449 2722 548 2791 τῆς
592 2723 737 2789 θείας
770 2727 1068 2798 δυνάμεωςο
1112 2728 1268 2782 τοῦτο
1295 2728 1352 2782 δὲ
1389 2725 1455 2800 ἦν
1498 2729 1527 2782 ὃ
1566 2729 1822 2800 ἐλέγομεν
1866 2728 1993 2782 ῖδιον

447 2813 547 2883 τῆς
599 2813 730 2886 ὕλης
772 2812 926 2882 εἶναι,
956 2818 1017 2871 τὸ
1067 2820 1229 2890 μηδὲν
1260 2815 1420 2876 οὖσαν
1448 2820 1570 2879 καθ’
1594 2820 1812 2890 ἑαυτὴν,
1844 2819 1993 2890 δεχοφ

453 2902 619 2975 μένην
646 2905 702 2958 δὲ
735 2906 801 2961 τὰ
831 2909 1080 2980 σχήματα
1109 2913 1201 2964 καὶ
1236 2912 1333 2976 τὰς
1365 2914 1667 2984 ποιότητας,
1699 2913 1873 2965 πάντα
1909 2913 1996 2981 γί-

449 2994 669 3059 γνεσθαι
695 2995 762 3050 τὰ
792 2997 1136 3071 διωρισμένα.
1180 3002 1243 3055 Et
1274 2997 1365 3056 οὗν
1392 3003 1467 3066 ὡς
1501 3003 1590 3071 ἀφ’
1624 3003 1742 3066 ἐνὸς
1774 3004 1995 3058 ὑποκει-

451 3082 613 3152 μένου
648 3085 747 3157 τῆς
787 3086 934 3151 θείας
974 3090 1251 3161 δύναμεως
1291 3092 1447 3163 μόνον
1479 3093 1696 3161 γέγονεν
1727 3092 1875 3162 ήλιος
1905 3093 1998 3145 καὶ

450 3172 665 3247 σελήνη,
694 3176 865 3233 ταῦτα
900 3180 958 3234 δὲ
996 3182 1175 3253 ἕτερα,
1214 3182 1302 3236 διὰ
1340 3185 1393 3237 τί
1426 3185 1497 3255 μὴ
1536 3185 1628 3238 καὶ
1658 3182 1785 3237 ἄλλο
1812 3201 1864 3238 τι
1904 3183 1996 3253 γέ-

449 3281 636 3335 νηται;
666 3268 730 3320 Ei
757 3269 812 3322 δὲ
832 3270 1006 3326 πάντα
1023 3276 1324 3346 γενήσεται,
1342 3276 1403 3328 τὸ
1426 3276 1718 3346 συμϐαῖνον
1742 3275 1992 3347 φανερὸν,

446 3352 530 3417 ὅτι
554 3357 587 3425 ή
632 3355 753 3419 θεία
774 3358 996 3431 δύναμις
1028 3362 1146 3435 ὕλη,
1170 3367 1284 3419 ’καὶ
1315 3365 1448 3435 αὐτὴ
1484 3366 1616 3437 πρὸς
1646 3366 1716 3420 τὰ
1747 3367 1998 3437 σχήματα

450 3447 759 3515 ποιουμένη.
796 3449 858 3502 Ei
887 3451 943 3503 δὲ
972 3452 1118 3506 οὐδὲν
1140 3455 1374 3527 ἕτερονῆ
1403 3456 1550 3525 ἥλιος
1575 3456 1666 3509 καὶ
1713 3456 1904 3529 σελήνη
1929 3457 2000 3511 τὰ

448 3535 511 3590 ὲκ
535 3535 632 3605 τῆς
658 3537 805 3601 θείας
831 3540 1105 3611 δυνάμεώς
1134 3547 1247 3598 ἐστι
1273 3547 1553 3617 γενόμενα,
1578 3545 1646 3601 τὰ
1674 3547 2000 3618 ὲναπειλημ-

452 3623 718 3696 μέναᾶρα
738 3629 869 3691 πᾶσι
900 3633 1010 3694 τοῖς
1035 3628 1183 3695 οὖσιν
1210 3633 1360 3704 ἥλιός
1384 3637 1498 3688 ἐστι
1530 3636 1623 3689 καὶ
1655 3635 1845 3707 σελήνη
1866 3652 1879 3666 ·
1906 3638 1999 3690 καὶ

449 3711 676 3779 ἕκαστος
708 3712 821 3770 τῶν⁹
846 3720 1085 3791 ἀστέρων
1116 3724 1262 3793 ἥλιός
1290 3726 1404 3778 ἐστι
1433 3726 1526 3779 καὶ
1559 3726 1750 3797 σελήνη
1771 3742 1783 3756 '
1820 3727 1914 3780 καὶ
1939 3726 1998 3780 τὸ

450 3803 632 3876 ἕτερον
680 3808 773 3862 καὶ⁵
809 3811 918 3864 τῶν
968 3815 1233 3884 χερσαίων
1272 3814 1424 3880 ζώων
1469 3816 1590 3870 καθ’
1638 3817 1864 3871 ²ἑκαστον
1905 3819 1998 3873 καὶ

449 3895 554 3951 τῶν
586 3900 801 3970 πτηνῶν
833 3903 924 3955 καὶ
954 3904 1060 3957 τῶν
1088 3906 1384 3977 ἅμφιϐίων.
1427 3909 1608 3963 Ταῦτα
1638 3910 1714 3975 δὲ,
1755 3910 1836 3963 ὅτι
1877 3909 1998 3963 οὐδὲ

449 3987 498 4043 0i
515 3987 585 4041 τὰ
605 3989 853 4063 θαύματα
872 3995 1171 4062 δεικνύντες
1192 3999 1536 4067 ᾴποδέξαιντο
1555 4001 1641 4067 ἂν,
1663 3995 1813 4072 οἶμαι
1837 4000 1997 4055 παντί

451 4095 537 4131 πω
563 4080 716 4152 δῆλον
741 4080 898 4140 εἶναι.

2165 2178 2278 2250 Ego
2317 2194 2468 2246 sane,
2519 2187 2712 2250 praeter
2753 2181 2868 2237 haec
2914 2178 3116 2245 omnia,
3157 2179 3325 2238 miror
3368 2174 3657 2247 quomodo,

2094 2286 2205 2324 non
2232 2270 2557 2340 intelligunt,
2581 2286 2894 2341 corpoream
2923 2286 2983 2327 se
3007 2270 3184 2325 facere
3208 2270 3446 2328 divinam
3475 2268 3646 2323 virtu-

2098 2367 2227 2423 tem,
2263 2360 2426 2429 inque
2474 2363 2707 2430 partium
2760 2376 2964 2417 morem
3002 2376 3203 2417 secare.
3252 2359 3450 2425 Quidni
3495 2358 3661 2420 enim,

2098 2449 2548 2519 quemadmodum
2588 2451 2832 2515 materia,
2880 2450 3042 2506 etiam
3094 2449 3275 2503 divina
3313 2449 3487 2502 virtus
3529 2446 3661 2515 jam.

2099 2540 2340 2610 patibilis
2370 2547 2473 2604 est,
2505 2555 2671 2610 seque
2700 2548 2808 2595 tota
2832 2539 3154 2605 divisibilis;
3185 2546 3345 2608 atque
3373 2538 3491 2607 ejus
3514 2552 3644 2607 pars

2100 2628 2205 2682 alia
2232 2629 2313 2684 sol
2333 2628 2581 2693 edicitur,
2606 2632 2711 2684 alia
2736 2631 2902 2685 luna?
2923 2628 3082 2684 Clare
3108 2629 3251 2684 enim
3272 2628 3373 2682 hoc
3400 2634 3482 2682 est
3499 2625 3644 2696 quod

2099 2720 2412 2776 dicebamus
2441 2738 2562 2777 esse
2610 2722 2885 2791 proprium
2928 2720 3186 2786 materiae,
3222 2735 3345 2774 cum
3384 2720 3502 2788 ipsa
3548 2731 3644 2786 per

2102 2827 2160 2866 se
2184 2811 2316 2865 nihil
2347 2812 2437 2875 sit,
2466 2828 2587 2866 cum
2625 2812 2823 2882 ﬁguras
2848 2821 2901 2869 et
2929 2814 3220 2884 qualitates
3245 2810 3491 2880 recipiat,
3522 2823 3643 2863 om-

2104 2903 2195 2957 nia
2236 2903 2373 2963 lie-ri.
2415 2919 2535 2973 qua:
2565 2904 2735 2959 divisa
2772 2919 2836 2959 ac
2880 2904 3135 2960 distincta
3179 2910 3325 2959 sunt.
3380 2900 3439 2954 Si
3479 2898 3647 2970 igituiﬁ

2100 2994 2248 3052 velut
2300 3009 2366 3047 ex
2395 3009 2502 3049 uno
2547 2994 2791 3063 subjecto
2825 2993 3008 3048 divina
3047 2994 3264 3057 virtute,
3305 2988 3660 3051 solummodo.

2100 3084 2183 3138 sol
2212 3084 2446 3154 lunaque
2485 3084 2847 3152 exstiterunt;
2881 3084 3097 3151 haecque
3129 3084 3266 3138 adeo
3296 3083 3400 3141 alia
3438 3096 3502 3135 ac
3539 3079 3644 3133 alia

2099 3181 2249 3240 sunt,
2302 3175 2493 3244 quidni
2537 3177 2698 3231 etiam
2749 3176 2900 3230 aliud
2953 3176 3228 3249 quidpiam
3273 3172 3472 3228 factum
3523 3171 3649 3225 est?

2100 3268 2255 3336 Quod
2296 3267 2342 3323 si
2397 3267 2527 3322 fient
2568 3267 2789 3333 omnia,
2818 3267 2946 3337 quid
2997 3274 3256 3336 sequatur
3298 3264 3649 3319 manifestum

2100 3364 2211 3425 est;
2258 3360 2495 3414 divinam
2543 3358 2794 3413 virtutem
2843 3358 3123 3411 materiam
3176 3370 3320 3419 esse,
3365 3356 3650 3423 ipsamque

2102 3463 2225 3503 esse
2256 3461 2375 3517 quae
2412 3446 2466 3499 in
2508 3446 2705 3516 ﬁguras
2734 3443 3015 3504 formetur.
3060 3442 3214 3515 Quod
3257 3442 3303 3495 si
3335 3440 3468 3495 nihil
3501 3437 3649 3493 aliud

2106 3548 2233 3594 sunt
2264 3539 2347 3595 sol
2369 3546 2422 3593 et
2444 3537 2593 3602 luna,
2625 3551 2787 3606 quam
2809 3549 2929 3606 quae
2951 3549 3018 3591 ex
3037 3533 3220 3588 divina
3249 3530 3446 3584 virtute
3466 3535 3659 3587 creata.

2105 3638 2268 3699 sunt;
2300 3645 2430 3701 ergo
2451 3644 2568 3699 qua:
2596 3627 2760 3682 rebus
2793 3625 3044 3687 omnibus
3067 3624 3361 3692 intercepta
3393 3628 3539 3684 sunt,
3564 3618 3649 3681 sol

2103 3730 2159 3779 et
2202 3722 2333 3778 luna
2359 3727 2488 3777 sunt
2518 3737 2531 3775 :
2565 3732 2629 3773 ac
2659 3717 2883 3788 singulae
2915 3730 3141 3787 quaeque
3171 3714 3360 3779 stellae,
3412 3712 3493 3768 sol
3522 3718 3649 3766 sunt

2103 3821 2157 3869 et
2185 3812 2342 3877 luna;
2383 3809 2700 3885 singulaque
2740 3809 2847 3863 alia
2885 3821 3110 3878 quaeque
3152 3802 3405 3860 animalia
3435 3801 3649 3874 generis

2103 3903 2440 3963 terrestrium
2480 3907 2536 3955 et
2574 3900 2876 3955 volucrium
2918 3907 2972 3954 et
3002 3912 3188 3953 eorum
3218 3911 3338 3967 qua;
3376 3892 3651 3965 amphibia

2102 3995 2376 4050 dicuntur.
2406 3992 2533 4049 Haec
2561 4006 2691 4048 vero
2720 4007 2789 4047 ne
2820 3992 2966 4062 ipsos
2988 3991 3204 4062 quidem
3227 3988 3650 4059 praestigiatores

2105 4086 2461 4147 admissuros,
2486 4081 2756 4162 universis
2779 4079 3121 4136 manifestum
3151 4093 3270 4134 esse
3301 4078 3574 4132 existimo.

449 4193 578 4255 CAP.
604 4194 745 4259 XXI.
786 4198 963 4257 Virtus
991 4204 1186 4272 partim
1234 4206 1389 4274 bona,
1418 4210 1616 4278 partim
1645 4209 1847 4264 melior.
1889 4205 1955 4260 In
1997 4200 2107 4284 sole
2141 4208 2190 4253 et
2232 4197 2359 4251 luna
2403 4196 2631 4263 illibata,
2672 4195 2727 4248 in
2760 4195 2880 4248 aliis
2922 4192 3248 4262 depravata:
3289 4187 3654 4257 improbabilia

1935 4286 2130 4341 opnuo.

518 4381 592 4435 Τὸ
622 4382 679 4436 δὲ
706 4384 842 4454 μετὰ
865 4386 1036 4443 ταῦτα
1058 4392 1444 4447 ἐπισκοποῦσιν
1465 4393 1571 4448 οὐκ
1584 4392 1765 4450 εὐθεῖα
1791 4394 1824 4464 ή
1854 4392 1992 4455 ὁδὸς,

448 4468 586 4525 ἀλλὰ
626 4470 984 4547 δυσαντοτέρα
1019 4479 1118 4549 τῆς
1163 4481 1556 4554 παρελθούσης.
1605 4484 1847 4552 Λέγουσι
1885 4482 1994 4554 γὰρ
2026 4550 2033 4553 1

453 4557 615 4626 μηδὲν
659 4558 854 4613 ἄτοπον
896 4565 1214 4622 πεπονθέναι
1249 4569 1389 4623 κατὰ
1432 4573 1531 4642 τὴν
1571 4571 1828 4642 σύμμιξιν
1859 4573 1996 4642 πρὸς

450 4645 549 4717 τὴν
572 4647 701 4719 ὕλην
732 4650 879 4720 ἥλιον
900 4654 993 4708 καὶ
1021 4657 1266 4729 σελήνην.
1294 4658 1424 4714 Εἶτα
1448 4627 1654 4725 ubera;
1684 4627 1816 4717 ἆλλα
1835 4627 1998 4732 ἠλατί-
2028 4627 2073 4682 D

450 4735 594 4807 τὼθη
645 4740 800 4810 παρὰ
837 4741 935 4813 τὴν
975 4744 1107 4799 ἰδίαν
1149 4749 1307 4817 φύσιν
1336 4753 1434 4804 οὐκ
1480 4751 1661 4822 έχουσι
1707 4753 1903 4821 λέγειν.
1936 4755 1998 4807 Εί

455 4826 554 4898 μὲν
585 4827 693 4901 γὰρ
722 4832 815 4884 καὶ
845 4833 931 4886 ὅτε
964 4836 1085 4889 καθ’
1116 4840 1310 4911 ἑαυτὴν
1337 4837 1404 4911 ἦν
1437 4844 1468 4914 ή
1499 4842 1616 4899 θεία
1650 4843 1874 4915 δύναμις
1905 4844 1997 4897 οὖ-

450 4932 556 4980 τως
586 4914 747 4989 εἶχεν,
780 4921 919 4976 ὥστε
950 4925 1010 4977 τὸ
1040 4927 1135 4997 μέν
1164 4946 1216 4982 τι
1261 4931 1430 5002 αὐτῆς
1459 4928 1596 4993 εἶναι
1638 4914 1821 4997 καλὸν,
1850 4934 1913 4987 τὸ
1940 4935 1998 4988 δὲ

452 5009 685 5077 κάλλιον,
734 5014 873 5068 κατὰ
925 5015 1014 5070 τὸν
1050 5018 1156 5071 τῶν
1213 5023 1651 5094 ίπποκενταύρων
1713 5024 1898 5095 μῦθον,
1948 5025 1997 5078 οἶ

450 5097 511 5151 τὸ
557 5102 655 5171 μὲν
697 5103 823 5175 ἄχρι
864 5106 1074 5176 στηθῶν
1115 5108 1385 5180 ἄνθρωποι
1433 5107 1589 5183 ἦσαν,
1632 5113 1694 5167 τὸ
1737 5114 1918 5168 λοιπὸν
1943 5116 2000 5169 δὲ

453 5190 641 5244 ἵπποιο
671 5194 809 5248 καλὰ
845 5196 940 5266 μὲν
971 5197 1204 5270 ἑκάτερα
1237 5201 1306 5254 τὰ
1343 5199 1477 5268 ζῶα,
1511 5203 1724 5258 κάλλιον
1762 5205 1819 5258 δὲ
1849 5206 1877 5259 ὁ
1905 5206 2000 5260 ἄν·

452 5280 694 5353 θρωπος’
741 5284 881 5339 οὕτω
922 5288 1015 5340 καὶ
1055 5288 1147 5342 ἐπὶ
1193 5292 1293 5364 τῆς
1341 5292 1489 5356 θείας
1526 5293 1803 5364 δυνάμεώς
1853 5297 1999 5359 ἐστιν

452 5370 751 5442 ἐπινοῆσαι,
778 5376 839 5429 τὸ
872 5378 972 5447 μέν
1004 5396 1055 5432 τι
1082 5381 1248 5450 αὐτῆς
1288 5383 1348 5435 τὸ
1391 5384 1606 5439 κάλλιον
1639 5386 1821 5455 φέρον,
1848 5389 1909 5440 τὸ
1942 5389 1998 5441 δὲ

452 5460 832 5534 ἐλαττούμενον
870 5468 1011 5527 κειιτθι¹
1038 5469 1224 5529 τοῦτα,
1253 5474 1362 5526 Kal.
1403 5474 1494 5525 ἐπὶ
1532 5474 1630 5544 τῆς
1672 5473 1802 5551 ὕλης
1842 5475 1899 5533 δὲ
1937 5475 1998 5528 τὸ

455 5553 551 5623 μὲν
570 5555 799 5627 ὑπάρχει
819 5558 1118 5633 ὑπερϐολήν
1132 5579 1250 5617 τινα
1267 5562 1388 5632 ἔχον
1413 5566 1631 5627 κακίας.Δ
1654 5604 1670 5619 .
1698 5604 1714 5620 .
1743 5566 1813 5618 τὰ
1830 5565 1997 5637 ἕτερα

455 5643 553 5708 μὲν
581 5643 759 5715 ἕτερα,
790 5650 883 5703 καὶ
910 5650 1096 5721 ἑτέρας
1118 5652 1271 5715 ἄλλος
1301 5652 1364 5706 ἂν
1386 5648 1452 5723 ἦν
1482 5654 1653 5721 λόγος.
1700 5657 1997 5727 Ἑνεδέχετο

453 5732 560 5805 γὰρ
589 5735 893 5805 ὑπολαϐεῖν,
917 5740 996 5793 ὅτι
1024 5743 1447 5814 ὲμφρονέστερον
1474 5743 1540 5797 τὰ
1569 5744 1628 5808 ἐξ
1649 5745 1820 5816 ἀρχῆς
1848 5746 1996 5815 ἣλιος

453 5824 543 5878 καὶ
573 5825 768 5900 σελήνη
802 5829 868 5884 τὰ
895 5826 1052 5902 ἦττον
1090 5834 1295 5907 πονηρὰ
1324 5835 1420 5905 τῆς
1449 5834 1575 5904 ὕλης
1610 5837 1686 5899 εἰς
1713 5837 1810 5907 τὴν
1856 5836 1992 5908 σύμκ

2173 4383 2231 4439 Si
2251 4397 2373 4454 quis
2390 4396 2516 4436 vero
2543 4379 2670 4433 huic
2693 4375 2834 4447 quod
2869 4382 3113 4445 sequitur
3135 4372 3381 4433 animum.
3404 4371 3656 4426 attende-t
3727 4408 3730 4412 λ

2100 4476 2190 4540 rit,
2217 4474 2361 4529 haud
2386 4481 2532 4527 recta
2560 4470 2808 4526 videatur
2830 4468 2938 4532 via,
2975 4467 3069 4523 sed
3099 4481 3219 4537 quze
3250 4464 3529 4534 superiore
3557 4476 3648 4516 ar-

2100 4562 2207 4617 dua
2246 4560 2416 4630 magis
2460 4574 2523 4614 ac
2570 4556 2916 4612 anfractuosa
2946 4556 3036 4611 sit.
3082 4555 3248 4609 Aiunt
3279 4555 3421 4609 enim
3459 4571 3472 4606 :
3513 4552 3649 4605 nihil

2100 4652 2240 4707 labis
2275 4650 2535 4707 ascivisse
2562 4649 2730 4704 solem
2757 4655 2811 4702 et
2854 4646 3034 4700 lunam
3064 4659 3130 4701 ex
3160 4644 3481 4699 commercio
3521 4658 3647 4698 cum

2096 4743 2343 4799 materia.
2375 4740 2493 4796 Jam
2519 4741 2665 4796 enim
2692 4744 2969 4808 nequeunt
2993 4736 3175 4795 dicere
3214 4736 3486 4805 quomodo
3515 4735 3645 4790 reli—

2097 4851 2202 4906 qua
2255 4834 2310 4888 in
2341 4834 2581 4889 deterius
2626 4832 2841 4895 iverint,
2893 4844 3055 4900 quam
3087 4828 3250 4884 ferret
3295 4843 3483 4884 eorum
3520 4841 3649 4898 pro-

2097 4929 2216 4999 pria
2245 4935 2461 4982 natura.
2496 4926 2552 4980 Si
2582 4926 2726 4980 enim
2758 4932 2885 4979 tunc
2915 4922 3101 4985 etiam,
3131 4936 3253 4976 cum
3281 4936 3444 4990 penes
3477 4936 3535 4976 se
3567 4935 3643 4975 es-

2098 5028 2200 5084 set,
2226 5021 2281 5074 in
2295 5034 2417 5075 eum
2441 5019 2667 5075 modum.
2681 5033 2740 5072 se
2760 5016 2940 5071 divina
2965 5014 3138 5069 virtus
3163 5013 3410 5072 habebat,
3436 5019 3495 5064 ut
3516 5026 3647 5080 para

2095 5115 2192 5167 tim
2239 5111 2399 5176 bona,
2459 5109 2655 5180 partim
2701 5108 2891 5162 melior
2939 5112 3108 5172 esset,
3156 5119 3263 5174 quo
3309 5117 3444 5173 pene
3486 5101 3645 5155 modo

2096 5203 2550 5273 hippocentauros
2585 5202 2899 5261 fabulantur
2926 5197 3087 5254 otiosi
3127 5197 3393 5257 homines,
3428 5194 3518 5263 qui
3556 5192 3645 5246 vi-

2096 5295 2290 5349 delicet
2336 5294 2403 5349 ad
2446 5308 2619 5364 usque
2661 5299 2851 5362 pectus
2890 5293 3159 5356 homines,
3209 5290 3415 5357 reliquo
3462 5297 3641 5339 autem

2097 5399 2324 5453 corpore
2358 5384 2482 5454 equi
2529 5394 2711 5438 essent
2732 5400 2747 5448 ;
2772 5399 2891 5452 qua:
2922 5392 3149 5451 utraque
3184 5379 3325 5433 bona
3350 5374 3602 5429 animalia
3624 5388 3675 5443 ς-

2097 5475 2192 5533 sed
2233 5475 2287 5528 in
2316 5475 2395 5529 eis
2438 5476 2599 5529 homo
2629 5476 2855 5529 melior:
2883 5476 2961 5531 sic
2995 5487 3209 5544 quoque
3240 5472 3294 5526 in
3327 5471 3508 5525 divina
3531 5470 3643 5525 vir-

2098 5574 2209 5621 tute
2233 5565 2355 5620 licet
2380 5566 2699 5635 intelligere,
2724 5566 2844 5633 ejus
2869 5564 3015 5619 aliud
3046 5564 3238 5617 melius
3263 5576 3384 5617 esse
3414 5576 3475 5615 ac
3503 5574 3643 5631 prm-

2097 5654 2352 5717 stantius,
2383 5654 2527 5708 aliud
2561 5652 2813 5709 secundis
2843 5654 3089 5724 partibus
3135 5650 3249 5706 fore
3280 5666 3345 5705 ac
3377 5647 3661 5713 deterius.,

2095 5744 2390 5814 Itidemque
2423 5745 2669 5809 materia,
2703 5744 2849 5800 aliud
2879 5761 3154 5802 enormem
3179 5742 3467 5814 quamdam
3488 5742 3643 5796 mali-

2096 5836 2225 5891 tiam
2249 5834 2411 5892 habet
2445 5847 2605 5907 atque
2632 5852 2985 5893 excessum...
3022 5836 3138 5891 Alia
3162 5834 3378 5904 quidem
3403 5833 3527 5899 alia,
3558 5838 3646 5889 alia
