  <div class='ocr_page' id='page_1' title='image "/cluster/home/n/w/nwhite01/storage/ocr_20150623/18/coo.31924054872985/233.png"; bbox 0 0 4110 6470; ppageno 0'>
   <div class='ocr_carea' id='block_1_1' title="bbox 442 487 543 542">
    <p class='ocr_par' dir='ltr' id='par_1_1' title="bbox 442 487 543 542">
     <span class='ocr_line' id='line_1_1' title="bbox 442 487 543 542; baseline 0.01 -1"><span class='ocrx_word' id='word_1_1' title='bbox 442 487 543 542; x_wconf 72' lang='grc'><strong>459</strong></span> 
     </span>
    </p>
   </div>
   <div class='ocr_carea' id='block_1_2' title="bbox 1419 477 2702 541">
    <p class='ocr_par' dir='ltr' id='par_1_2' title="bbox 1419 477 2702 541">
     <span class='ocr_line' id='line_1_2' title="bbox 1419 477 2702 541; baseline -0.002 -6"><span class='ocrx_word' id='word_1_2' title='bbox 1419 477 1822 535; x_wconf 67' lang='lat' dir='ltr'><strong>ALEXAND!“</strong></span> <span class='ocrx_word' id='word_1_3' title='bbox 1854 477 2164 535; x_wconf 83' lang='lat' dir='ltr'><strong>EPISCOPI</strong></span> <span class='ocrx_word' id='word_1_4' title='bbox 2202 477 2702 541; x_wconf 76' lang='lat' dir='ltr'><strong>LYCOPOLITANI</strong></span> 
     </span>
    </p>
   </div>
   <div class='ocr_carea' id='block_1_3' title="bbox 3567 475 3674 532">
    <p class='ocr_par' dir='ltr' id='par_1_3' title="bbox 3567 475 3674 532">
     <span class='ocr_line' id='line_1_3' title="bbox 3567 475 3674 532; baseline 0 -1"><span class='ocrx_word' id='word_1_5' title='bbox 3567 475 3674 532; x_wconf 55' lang='lat' dir='ltr'><strong>M0</strong></span> 
     </span>
    </p>
   </div>
   <div class='ocr_carea' id='block_1_4' title="bbox 439 594 1988 675">
    <p class='ocr_par' dir='ltr' id='par_1_4' title="bbox 439 599 1988 675">
     <span class='ocr_line' id='line_1_4' title="bbox 439 599 1988 675; baseline -0.003 -17"><span class='ocrx_word' id='word_1_6' title='bbox 439 620 545 675; x_wconf 82' lang='lat' dir='ltr'><strong>que</strong></span> <span class='ocrx_word' id='word_1_7' title='bbox 591 603 732 660; x_wconf 86' lang='lat' dir='ltr'><strong>alius</strong></span> <span class='ocrx_word' id='word_1_8' title='bbox 769 603 874 657; x_wconf 87' lang='lat' dir='ltr'><strong>a&#39;lia</strong></span> <span class='ocrx_word' id='word_1_9' title='bbox 915 602 1078 658; x_wconf 80' lang='lat' dir='ltr'><strong>fuerit</strong></span> <span class='ocrx_word' id='word_1_10' title='bbox 1131 602 1292 656; x_wconf 89' lang='lat' dir='ltr'><strong>ratio.</strong></span> <span class='ocrx_word' id='word_1_11' title='bbox 1333 599 1663 656; x_wconf 80' lang='lat' dir='ltr'><strong>Existimare</strong></span> <span class='ocrx_word' id='word_1_12' title='bbox 1691 599 1833 656; x_wconf 91' lang='lat' dir='ltr'><strong>enim</strong></span> <span class='ocrx_word' id='word_1_13' title='bbox 1874 599 1988 654; x_wconf 86' lang='lat' dir='ltr'><strong>lice-</strong></span> 
     </span>
    </p>
   </div>
   <div class='ocr_carea' id='block_1_5' title="bbox 2090 594 3671 675">
    <p class='ocr_par' dir='ltr' id='par_1_5' title="bbox 2110 594 3671 671">
     <span class='ocr_line' id='line_1_5' title="bbox 2110 594 3671 671; baseline -0.002 -20"><span class='ocrx_word' id='word_1_14' title='bbox 2110 599 2255 671; x_wconf 74' lang='grc' dir='ltr'>μίξιν</span> <span class='ocrx_word' id='word_1_15' title='bbox 2315 598 2612 666; x_wconf 77' lang='grc' dir='ltr'>ἐξελέξατο,</span> <span class='ocrx_word' id='word_1_16' title='bbox 2662 600 2748 652; x_wconf 80' lang='grc' dir='ltr'><strong>ἵνα</strong></span> <span class='ocrx_word' id='word_1_17' title='bbox 2804 598 2938 668; x_wconf 83' lang='grc' dir='ltr'>μένῃ</span> <span class='ocrx_word' id='word_1_18' title='bbox 2984 597 3076 648; x_wconf 73' lang='grc' dir='ltr'>ἐπὶ</span> <span class='ocrx_word' id='word_1_19' title='bbox 3121 594 3220 665; x_wconf 80' lang='grc' dir='ltr'>τῆς</span> <span class='ocrx_word' id='word_1_20' title='bbox 3270 594 3402 657; x_wconf 80' lang='grc' dir='ltr'>ἰδίας</span> <span class='ocrx_word' id='word_1_21' title='bbox 3447 595 3671 667; x_wconf 79' lang='grc' dir='ltr'>ἀρετῆςο</span> 
     </span>
    </p>
   </div>
   <div class='ocr_carea' id='block_1_6' title="bbox 439 690 2002 767">
    <p class='ocr_par' dir='ltr' id='par_1_6' title="bbox 439 690 2002 767">
     <span class='ocr_line' id='line_1_6' title="bbox 439 690 2002 767; baseline -0.004 -16"><span class='ocrx_word' id='word_1_22' title='bbox 439 698 549 762; x_wconf 89' lang='lat' dir='ltr'><strong>bat,</strong></span> <span class='ocrx_word' id='word_1_23' title='bbox 597 711 628 750; x_wconf 90' lang='lat' dir='ltr'><strong>a</strong></span> <span class='ocrx_word' id='word_1_24' title='bbox 659 696 930 767; x_wconf 89' lang='lat' dir='ltr'><strong>principio</strong></span> <span class='ocrx_word' id='word_1_25' title='bbox 957 696 1126 752; x_wconf 82' lang='lat' dir='ltr'><strong>solem</strong></span> <span class='ocrx_word' id='word_1_26' title='bbox 1161 702 1215 751; x_wconf 89' lang='lat' dir='ltr'><strong>et</strong></span> <span class='ocrx_word' id='word_1_27' title='bbox 1262 695 1468 757; x_wconf 90' lang='lat' dir='ltr'><strong>lunam,</strong></span> <span class='ocrx_word' id='word_1_28' title='bbox 1507 692 1776 748; x_wconf 89' lang='lat' dir='ltr'><strong>solertiori</strong></span> <span class='ocrx_word' id='word_1_29' title='bbox 1795 690 2002 760; x_wconf 90' lang='lat' dir='ltr'><strong>judicio</strong></span> 
     </span>
    </p>
   </div>
   <div class='ocr_carea' id='block_1_7' title="bbox 435 784 2018 860">
    <p class='ocr_par' dir='ltr' id='par_1_7' title="bbox 435 784 2018 860">
     <span class='ocr_line' id='line_1_7' title="bbox 435 784 2018 860; baseline -0.001 -19"><span class='ocrx_word' id='word_1_30' title='bbox 435 801 500 842; x_wconf 94' lang='lat' dir='ltr'><strong>ac</strong></span> <span class='ocrx_word' id='word_1_31' title='bbox 540 788 851 858; x_wconf 76' lang='lat' dir='ltr'><strong>prudentia,</strong></span> <span class='ocrx_word' id='word_1_32' title='bbox 885 798 1068 860; x_wconf 87' lang='lat' dir='ltr'><strong>partes</strong></span> <span class='ocrx_word' id='word_1_33' title='bbox 1099 789 1339 844; x_wconf 80' lang='lat' dir='ltr'><strong>materiae</strong></span> <span class='ocrx_word' id='word_1_34' title='bbox 1367 791 1549 844; x_wconf 87' lang='lat' dir='ltr'><strong>minus</strong></span> <span class='ocrx_word' id='word_1_35' title='bbox 1593 788 1764 843; x_wconf 88' lang='lat' dir='ltr'><strong>malas</strong></span> <span class='ocrx_word' id='word_1_36' title='bbox 1806 784 2018 855; x_wconf 84' lang='lat' dir='ltr'><strong>quibus.</strong></span> 
     </span>
    </p>
   </div>
   <div class='ocr_carea' id='block_1_8' title="bbox 435 881 2004 954">
    <p class='ocr_par' dir='ltr' id='par_1_8' title="bbox 435 881 2004 954">
     <span class='ocr_line' id='line_1_8' title="bbox 435 881 2004 954; baseline 0 -21"><span class='ocrx_word' id='word_1_37' title='bbox 435 882 745 938; x_wconf 89' lang='lat' dir='ltr'><strong>commistio</strong></span> <span class='ocrx_word' id='word_1_38' title='bbox 769 883 941 947; x_wconf 81' lang='lat' dir='ltr'><strong>ﬁeret,</strong></span> <span class='ocrx_word' id='word_1_39' title='bbox 973 884 1075 940; x_wconf 85' lang='lat' dir='ltr'><strong>sibi</strong></span> <span class='ocrx_word' id='word_1_40' title='bbox 1100 884 1350 954; x_wconf 79' lang='lat' dir='ltr'><strong>elegisse,</strong></span> <span class='ocrx_word' id='word_1_41' title='bbox 1375 891 1435 938; x_wconf 91' lang='lat' dir='ltr'><strong>ut</strong></span> <span class='ocrx_word' id='word_1_42' title='bbox 1462 885 1516 937; x_wconf 89' lang='lat' dir='ltr'><strong>in</strong></span> <span class='ocrx_word' id='word_1_43' title='bbox 1543 898 1641 939; x_wconf 90' lang='lat' dir='ltr'><strong>sua</strong></span> <span class='ocrx_word' id='word_1_44' title='bbox 1671 881 2004 954; x_wconf 73' lang='lat' dir='ltr'><strong>perfectione</strong></span> 
     </span>
    </p>
   </div>
   <div class='ocr_carea' id='block_1_9' title="bbox 434 974 2004 1040">
    <p class='ocr_par' dir='ltr' id='par_1_9' title="bbox 434 974 2004 1040">
     <span class='ocr_line' id='line_1_9' title="bbox 434 974 2004 1040; baseline 0 -17"><span class='ocrx_word' id='word_1_45' title='bbox 434 984 497 1025; x_wconf 90' lang='lat' dir='ltr'><strong>ac</strong></span> <span class='ocrx_word' id='word_1_46' title='bbox 543 974 746 1030; x_wconf 87' lang='lat' dir='ltr'><strong>virtute</strong></span> <span class='ocrx_word' id='word_1_47' title='bbox 796 976 1202 1040; x_wconf 74' lang='lat' dir='ltr'><strong>consisterent;</strong></span> <span class='ocrx_word' id='word_1_48' title='bbox 1258 974 1552 1030; x_wconf 83' lang='lat' dir='ltr'><strong>debilitatis</strong></span> <span class='ocrx_word' id='word_1_49' title='bbox 1613 984 1791 1028; x_wconf 91' lang='lat' dir='ltr'><strong>autem</strong></span> <span class='ocrx_word' id='word_1_50' title='bbox 1838 979 2004 1025; x_wconf 85' lang='lat' dir='ltr'><strong>tautae</strong></span> 
     </span>
    </p>
   </div>
   <div class='ocr_carea' id='block_1_10' title="bbox 433 1063 2007 1133">
    <p class='ocr_par' dir='ltr' id='par_1_10' title="bbox 433 1063 2007 1133">
     <span class='ocr_line' id='line_1_10' title="bbox 433 1063 2007 1133; baseline 0.001 -18"><span class='ocrx_word' id='word_1_51' title='bbox 433 1063 611 1119; x_wconf 80' lang='lat' dir='ltr'><strong>aetatis</strong></span> <span class='ocrx_word' id='word_1_52' title='bbox 645 1066 954 1133; x_wconf 78' lang='lat' dir='ltr'><strong>maleficiis,</strong></span> <span class='ocrx_word' id='word_1_53' title='bbox 986 1076 1192 1122; x_wconf 82' lang='lat' dir='ltr'><strong>tantam</strong></span> <span class='ocrx_word' id='word_1_54' title='bbox 1224 1068 1277 1122; x_wconf 90' lang='lat' dir='ltr'><strong>in</strong></span> <span class='ocrx_word' id='word_1_55' title='bbox 1320 1069 1464 1122; x_wconf 89' lang='lat' dir='ltr'><strong>bono</strong></span> <span class='ocrx_word' id='word_1_56' title='bbox 1498 1064 1874 1122; x_wconf 72' lang='lat' dir='ltr'><strong>excellentiam</strong></span> <span class='ocrx_word' id='word_1_57' title='bbox 1917 1077 2007 1117; x_wconf 67' lang='lat' dir='ltr'><strong>re»</strong></span> 
     </span>
    </p>
   </div>
   <div class='ocr_carea' id='block_1_11' title="bbox 433 1159 2002 1232">
    <p class='ocr_par' dir='ltr' id='par_1_11' title="bbox 433 1159 2002 1232">
     <span class='ocr_line' id='line_1_11' title="bbox 433 1159 2002 1232; baseline -0.001 -22"><span class='ocrx_word' id='word_1_58' title='bbox 433 1163 719 1226; x_wconf 87' lang='lat' dir='ltr'><strong>portasse;</strong></span> <span class='ocrx_word' id='word_1_59' title='bbox 749 1160 988 1232; x_wconf 90' lang='lat' dir='ltr'><strong>reliquas</strong></span> <span class='ocrx_word' id='word_1_60' title='bbox 1019 1178 1147 1218; x_wconf 81' lang='lat' dir='ltr'><strong>vero</strong></span> <span class='ocrx_word' id='word_1_61' title='bbox 1191 1161 1311 1231; x_wconf 87' lang='lat' dir='ltr'><strong>ejus</strong></span> <span class='ocrx_word' id='word_1_62' title='bbox 1348 1168 1531 1232; x_wconf 90' lang='lat' dir='ltr'><strong>partes</strong></span> <span class='ocrx_word' id='word_1_63' title='bbox 1559 1159 1829 1228; x_wconf 86' lang='lat' dir='ltr'><strong>collapsas</strong></span> <span class='ocrx_word' id='word_1_64' title='bbox 1859 1170 2002 1219; x_wconf 85' lang='lat' dir='ltr'><strong>esse,</strong></span> 
     </span>
    </p>
   </div>
   <div class='ocr_carea' id='block_1_12' title="bbox 433 1246 2001 1324">
    <p class='ocr_par' dir='ltr' id='par_1_12' title="bbox 433 1246 2001 1324">
     <span class='ocr_line' id='line_1_12' title="bbox 433 1246 2001 1324; baseline 0 -24"><span class='ocrx_word' id='word_1_65' title='bbox 433 1246 577 1303; x_wconf 83' lang='lat' dir='ltr'><strong>haud</strong></span> <span class='ocrx_word' id='word_1_66' title='bbox 633 1251 853 1321; x_wconf 91' lang='lat' dir='ltr'><strong>quidem</strong></span> <span class='ocrx_word' id='word_1_67' title='bbox 901 1254 1020 1309; x_wconf 87' lang='lat' dir='ltr'><strong>sine</strong></span> <span class='ocrx_word' id='word_1_68' title='bbox 1071 1253 1446 1324; x_wconf 82' lang='lat' dir='ltr'><strong>providentia;</strong></span> <span class='ocrx_word' id='word_1_69' title='bbox 1499 1265 1623 1305; x_wconf 90' lang='lat' dir='ltr'><strong>cum</strong></span> <span class='ocrx_word' id='word_1_70' title='bbox 1660 1249 1776 1320; x_wconf 89' lang='lat' dir='ltr'><strong>pari</strong></span> <span class='ocrx_word' id='word_1_71' title='bbox 1821 1256 2001 1302; x_wconf 90' lang='lat' dir='ltr'><strong>tamen</strong></span> 
     </span>
    </p>
   </div>
   <div class='ocr_carea' id='block_1_13' title="bbox 432 1340 1999 1416">
    <p class='ocr_par' dir='ltr' id='par_1_13' title="bbox 432 1340 1999 1416">
     <span class='ocr_line' id='line_1_13' title="bbox 432 1340 1999 1416; baseline -0.002 -23"><span class='ocrx_word' id='word_1_72' title='bbox 432 1341 797 1408; x_wconf 86' lang='lat' dir='ltr'><strong>providentia,</strong></span> <span class='ocrx_word' id='word_1_73' title='bbox 829 1359 893 1399; x_wconf 88' lang='lat' dir='ltr'><strong>ea</strong></span> <span class='ocrx_word' id='word_1_74' title='bbox 928 1360 1048 1416; x_wconf 63' lang='lat' dir='ltr'><strong>quae</strong></span> <span class='ocrx_word' id='word_1_75' title='bbox 1073 1345 1126 1398; x_wconf 92' lang='lat' dir='ltr'><strong>in</strong></span> <span class='ocrx_word' id='word_1_76' title='bbox 1155 1345 1274 1416; x_wconf 88' lang='lat' dir='ltr'><strong>ipsa</strong></span> <span class='ocrx_word' id='word_1_77' title='bbox 1307 1350 1411 1408; x_wconf 90' lang='lat' dir='ltr'><strong>est,</strong></span> <span class='ocrx_word' id='word_1_78' title='bbox 1450 1340 1678 1402; x_wconf 89' lang='lat' dir='ltr'><strong>malitia,</strong></span> <span class='ocrx_word' id='word_1_79' title='bbox 1710 1353 1810 1409; x_wconf 90' lang='lat' dir='ltr'><strong>pro</strong></span> <span class='ocrx_word' id='word_1_80' title='bbox 1832 1343 1999 1408; x_wconf 89' lang='lat' dir='ltr'><strong>quota</strong></span> 
     </span>
    </p>
   </div>
   <div class='ocr_carea' id='block_1_14' title="bbox 430 1426 1996 1504">
    <p class='ocr_par' dir='ltr' id='par_1_14' title="bbox 430 1426 1996 1504">
     <span class='ocr_line' id='line_1_14' title="bbox 430 1426 1996 1504; baseline -0.003 -21"><span class='ocrx_word' id='word_1_81' title='bbox 430 1429 696 1502; x_wconf 88' lang='lat' dir='ltr'><strong>cujusque</strong></span> <span class='ocrx_word' id='word_1_82' title='bbox 728 1433 1147 1504; x_wconf 80' lang='lat' dir='ltr'><strong>rationemagis</strong></span> <span class='ocrx_word' id='word_1_83' title='bbox 1188 1431 1426 1487; x_wconf 89' lang='lat' dir='ltr'><strong>imbutas</strong></span> <span class='ocrx_word' id='word_1_84' title='bbox 1459 1445 1596 1486; x_wconf 89' lang='lat' dir='ltr'><strong>esse.</strong></span> <span class='ocrx_word' id='word_1_85' title='bbox 1635 1428 1792 1495; x_wconf 86' lang='lat' dir='ltr'><strong>Quod</strong></span> <span class='ocrx_word' id='word_1_86' title='bbox 1820 1426 1996 1480; x_wconf 80' lang='lat' dir='ltr'><strong>enim-</strong></span> 
     </span>
    </p>
   </div>
   <div class='ocr_carea' id='block_1_15' title="bbox 2105 689 3672 762">
    <p class='ocr_par' dir='ltr' id='par_1_15' title="bbox 2105 689 3672 762">
     <span class='ocr_line' id='line_1_15' title="bbox 2105 689 3672 762; baseline 0.001 -20"><span class='ocrx_word' id='word_1_87' title='bbox 2105 689 2574 762; x_wconf 83' lang='grc' dir='ltr'>ὲξασθενησάντων</span> <span class='ocrx_word' id='word_1_88' title='bbox 2632 689 2864 760; x_wconf 86' lang='grc' dir='ltr'>τηλίκων</span> <span class='ocrx_word' id='word_1_89' title='bbox 2914 689 2970 742; x_wconf 80' lang='grc' dir='ltr'>δὲ</span> <span class='ocrx_word' id='word_1_90' title='bbox 3027 689 3472 759; x_wconf 76' lang='grc' dir='ltr'><strong>πονηρευμάτων,</strong></span> <span class='ocrx_word' id='word_1_91' title='bbox 3521 689 3672 744; x_wconf 75' lang='grc' dir='ltr'>ἐκσι-</span> 
     </span>
    </p>
   </div>
   <div class='ocr_carea' id='block_1_16' title="bbox 2106 780 3672 854">
    <p class='ocr_par' dir='ltr' id='par_1_16' title="bbox 2106 780 3672 854">
     <span class='ocr_line' id='line_1_16' title="bbox 2106 780 3672 854; baseline 0.004 -22"><span class='ocrx_word' id='word_1_92' title='bbox 2106 780 2377 836; x_wconf 74' lang='grc' dir='ltr'>δάσασθαι</span> <span class='ocrx_word' id='word_1_93' title='bbox 2425 781 2690 853; x_wconf 74' lang='grc' dir='ltr'><strong>τοσαύτην</strong></span> <span class='ocrx_word' id='word_1_94' title='bbox 2735 783 3006 854; x_wconf 82' lang='grc' dir='ltr'>ὑπεροχήν</span> <span class='ocrx_word' id='word_1_95' title='bbox 3055 783 3113 834; x_wconf 85' lang='grc' dir='ltr'>ὲν</span> <span class='ocrx_word' id='word_1_96' title='bbox 3143 783 3220 854; x_wconf 81' lang='grc' dir='ltr'><strong>τῷ</strong></span> <span class='ocrx_word' id='word_1_97' title='bbox 3258 783 3464 854; x_wconf 83' lang='grc' dir='ltr'>ἀγαθῷ,</span> <span class='ocrx_word' id='word_1_98' title='bbox 3507 784 3574 838; x_wconf 81' lang='grc' dir='ltr'>τὰ</span> <span class='ocrx_word' id='word_1_99' title='bbox 3615 785 3672 839; x_wconf 80' lang='grc' dir='ltr'>δὲ</span> 
     </span>
    </p>
   </div>
   <div class='ocr_carea' id='block_1_17' title="bbox 2103 872 3669 948">
    <p class='ocr_par' dir='ltr' id='par_1_17' title="bbox 2103 872 3669 948">
     <span class='ocr_line' id='line_1_17' title="bbox 2103 872 3669 948; baseline 0.001 -19"><span class='ocrx_word' id='word_1_100' title='bbox 2103 873 2237 929; x_wconf 78' lang='grc' dir='ltr'>ἄλλα</span> <span class='ocrx_word' id='word_1_101' title='bbox 2268 875 2406 945; x_wconf 84' lang='grc' dir='ltr'>μέρη</span> <span class='ocrx_word' id='word_1_102' title='bbox 2437 877 2606 946; x_wconf 78' lang='grc' dir='ltr'>αὐτῆς</span> <span class='ocrx_word' id='word_1_103' title='bbox 2641 872 2708 946; x_wconf 82' lang='grc' dir='ltr'>ἦν</span> <span class='ocrx_word' id='word_1_104' title='bbox 2749 876 3002 940; x_wconf 80' lang='grc' dir='ltr'><strong>πεσόντα,</strong></span> <span class='ocrx_word' id='word_1_105' title='bbox 3035 875 3133 928; x_wconf 82' lang='grc' dir='ltr'><strong>οὐκ</strong></span> <span class='ocrx_word' id='word_1_106' title='bbox 3166 877 3514 948; x_wconf 84' lang='grc' dir='ltr'><strong>ἀπρονοήτως</strong></span> <span class='ocrx_word' id='word_1_107' title='bbox 3550 878 3669 947; x_wconf 83' lang='grc' dir='ltr'>μὲν,</span> 
     </span>
    </p>
   </div>
   <div class='ocr_carea' id='block_1_18' title="bbox 2103 952 3673 1041">
    <p class='ocr_par' dir='ltr' id='par_1_18' title="bbox 2103 952 3673 1041">
     <span class='ocr_line' id='line_1_18' title="bbox 2103 952 3673 1041; baseline 0.003 -22"><span class='ocrx_word' id='word_1_108' title='bbox 2103 967 2164 1019; x_wconf 84' lang='grc' dir='ltr'><strong>ού</strong></span> <span class='ocrx_word' id='word_1_109' title='bbox 2213 967 2318 1036; x_wconf 81' lang='grc' dir='ltr'><strong>μὴν</strong></span> <span class='ocrx_word' id='word_1_110' title='bbox 2359 952 2496 1038; x_wconf 81' lang='grc' dir='ltr'><strong>μετά</strong></span> <span class='ocrx_word' id='word_1_111' title='bbox 2531 969 2628 1040; x_wconf 80' lang='grc' dir='ltr'><strong>τῆς</strong></span> <span class='ocrx_word' id='word_1_112' title='bbox 2674 968 2798 1041; x_wconf 77' lang='grc' dir='ltr'>ἴσης</span> <span class='ocrx_word' id='word_1_113' title='bbox 2839 968 3092 1041; x_wconf 75' lang='grc' dir='ltr'>προνοίας</span> <span class='ocrx_word' id='word_1_114' title='bbox 3135 968 3435 1022; x_wconf 82' lang='grc' dir='ltr'>ἀπολαῦσαι</span> <span class='ocrx_word' id='word_1_115' title='bbox 3473 968 3673 1040; x_wconf 85' lang='grc' dir='ltr'>μᾶλλον</span> 
     </span>
    </p>
   </div>
   <div class='ocr_carea' id='block_1_19' title="bbox 2105 1057 3671 1132">
    <p class='ocr_par' dir='ltr' id='par_1_19' title="bbox 2105 1057 3671 1132">
     <span class='ocr_line' id='line_1_19' title="bbox 2105 1057 3671 1132; baseline 0.003 -22"><span class='ocrx_word' id='word_1_116' title='bbox 2105 1057 2301 1120; x_wconf 86' lang='grc' dir='ltr'>κακίας</span> <span class='ocrx_word' id='word_1_117' title='bbox 2329 1058 2426 1129; x_wconf 83' lang='grc' dir='ltr'><strong>τῆς</strong></span> <span class='ocrx_word' id='word_1_118' title='bbox 2456 1059 2512 1110; x_wconf 84' lang='grc' dir='ltr'>ὲν</span> <span class='ocrx_word' id='word_1_119' title='bbox 2541 1059 2676 1130; x_wconf 78' lang='grc' dir='ltr'>αὐτῇ</span> <span class='ocrx_word' id='word_1_120' title='bbox 2709 1059 2848 1114; x_wconf 86' lang='grc' dir='ltr'><strong>κατά</strong></span> <span class='ocrx_word' id='word_1_121' title='bbox 2879 1061 2940 1114; x_wconf 79' lang='grc' dir='ltr'><strong>τὸ</strong></span> <span class='ocrx_word' id='word_1_122' title='bbox 2972 1061 3135 1114; x_wconf 80' lang='grc' dir='ltr'>ποσὸν</span> <span class='ocrx_word' id='word_1_123' title='bbox 3160 1061 3409 1114; x_wconf 72' lang='grc' dir='ltr'>ἕκαστον.</span> <span class='ocrx_word' id='word_1_124' title='bbox 3453 1060 3671 1132; x_wconf 76' lang='grc' dir='ltr'>Ἐπειδὴ</span> 
     </span>
    </p>
   </div>
   <div class='ocr_carea' id='block_1_20' title="bbox 2106 1147 3671 1223">
    <p class='ocr_par' dir='ltr' id='par_1_20' title="bbox 2106 1147 3671 1223">
     <span class='ocr_line' id='line_1_20' title="bbox 2106 1147 3671 1223; baseline 0.004 -25"><span class='ocrx_word' id='word_1_125' title='bbox 2106 1147 2163 1199; x_wconf 82' lang='grc' dir='ltr'>δὲ</span> <span class='ocrx_word' id='word_1_126' title='bbox 2203 1148 2354 1202; x_wconf 78' lang='grc' dir='ltr'>οὐδὲν</span> <span class='ocrx_word' id='word_1_127' title='bbox 2387 1148 2640 1221; x_wconf 78' lang='grc' dir='ltr'>διάφορον</span> <span class='ocrx_word' id='word_1_128' title='bbox 2677 1151 2806 1222; x_wconf 68' lang='grc' dir='ltr'>περὶ</span> <span class='ocrx_word' id='word_1_129' title='bbox 2848 1150 2948 1222; x_wconf 85' lang='grc' dir='ltr'>τῆς</span> <span class='ocrx_word' id='word_1_130' title='bbox 2984 1151 3264 1222; x_wconf 87' lang='grc' dir='ltr'>δυνάμεως</span> <span class='ocrx_word' id='word_1_131' title='bbox 3305 1151 3508 1223; x_wconf 79' lang='grc' dir='ltr'><strong>ταύτης</strong></span> <span class='ocrx_word' id='word_1_132' title='bbox 3539 1150 3671 1222; x_wconf 86' lang='grc' dir='ltr'>παρ’</span> 
     </span>
    </p>
   </div>
   <div class='ocr_carea' id='block_1_21' title="bbox 2106 1238 3674 1314">
    <p class='ocr_par' dir='ltr' id='par_1_21' title="bbox 2106 1238 3674 1314">
     <span class='ocr_line' id='line_1_21' title="bbox 2106 1238 3674 1314; baseline 0.003 -24"><span class='ocrx_word' id='word_1_133' title='bbox 2106 1238 2284 1295; x_wconf 73' lang='grc' dir='ltr'>αὐτῶν</span> <span class='ocrx_word' id='word_1_134' title='bbox 2318 1239 2556 1307; x_wconf 82' lang='grc' dir='ltr'>λέγεται,</span> <span class='ocrx_word' id='word_1_135' title='bbox 2584 1239 2698 1294; x_wconf 88' lang='grc' dir='ltr'>ἀλλ’</span> <span class='ocrx_word' id='word_1_136' title='bbox 2731 1242 2892 1312; x_wconf 84' lang='grc' dir='ltr'>ὃμοια</span> <span class='ocrx_word' id='word_1_137' title='bbox 2923 1243 3011 1297; x_wconf 88' lang='grc' dir='ltr'><strong>διά</strong></span> <span class='ocrx_word' id='word_1_138' title='bbox 3042 1243 3222 1313; x_wconf 76' lang='grc' dir='ltr'>πάσης</span> <span class='ocrx_word' id='word_1_139' title='bbox 3249 1243 3419 1314; x_wconf 86' lang='grc' dir='ltr'>αύτῆς</span> <span class='ocrx_word' id='word_1_140' title='bbox 3450 1242 3674 1313; x_wconf 74' lang='grc' dir='ltr'>θεωρεῖ-</span> 
     </span>
    </p>
   </div>
   <div class='ocr_carea' id='block_1_22' title="bbox 2105 1323 3673 1416">
    <p class='ocr_par' dir='ltr' id='par_1_22' title="bbox 2105 1323 3673 1416">
     <span class='ocr_line' id='line_1_22' title="bbox 2105 1323 3673 1416; baseline 0.003 -32"><span class='ocrx_word' id='word_1_141' title='bbox 2105 1347 2214 1394; x_wconf 88' lang='grc' dir='ltr'>ται,</span> <span class='ocrx_word' id='word_1_142' title='bbox 2235 1330 2497 1396; x_wconf 83' lang='grc' dir='ltr'>ἀπίθανος</span> <span class='ocrx_word' id='word_1_143' title='bbox 2534 1335 2563 1385; x_wconf 85' lang='grc' dir='ltr'>ὁ</span> <span class='ocrx_word' id='word_1_144' title='bbox 2588 1333 2777 1403; x_wconf 79' lang='grc' dir='ltr'>λόγος·</span> <span class='ocrx_word' id='word_1_145' title='bbox 2822 1336 2943 1388; x_wconf 86' lang='grc' dir='ltr'>Ὅτι</span> <span class='ocrx_word' id='word_1_146' title='bbox 2977 1337 3033 1390; x_wconf 82' lang='grc' dir='ltr'>ὲν</span> <span class='ocrx_word' id='word_1_147' title='bbox 3064 1335 3164 1406; x_wconf 80' lang='grc' dir='ltr'><strong>μὲν</strong></span> <span class='ocrx_word' id='word_1_148' title='bbox 3193 1338 3260 1407; x_wconf 82' lang='grc' dir='ltr'>τῇ</span> <span class='ocrx_word' id='word_1_149' title='bbox 3303 1323 3580 1416; x_wconf 81' lang='grc' dir='ltr'>συμμίξει,</span> <span class='ocrx_word' id='word_1_150' title='bbox 3611 1334 3673 1388; x_wconf 83' lang='grc' dir='ltr'><strong>τὸ</strong></span> 
     </span>
    </p>
   </div>
   <div class='ocr_carea' id='block_1_23' title="bbox 2106 1422 3599 1500">
    <p class='ocr_par' dir='ltr' id='par_1_23' title="bbox 2106 1422 3599 1500">
     <span class='ocr_line' id='line_1_23' title="bbox 2106 1422 3599 1500; baseline 0.004 -25"><span class='ocrx_word' id='word_1_151' title='bbox 2106 1423 2205 1495; x_wconf 80' lang='grc' dir='ltr'><strong>μὲν</strong></span> <span class='ocrx_word' id='word_1_152' title='bbox 2232 1422 2441 1495; x_wconf 74' lang='grc' dir='ltr'>ἔμεινεν</span> <span class='ocrx_word' id='word_1_153' title='bbox 2466 1425 2739 1497; x_wconf 76' lang='grc' dir='ltr'>ἀκέραιον,</span> <span class='ocrx_word' id='word_1_154' title='bbox 2767 1428 2826 1481; x_wconf 81' lang='grc' dir='ltr'>τὸ</span> <span class='ocrx_word' id='word_1_155' title='bbox 2851 1427 2907 1482; x_wconf 80' lang='grc' dir='ltr'>δὲ</span> <span class='ocrx_word' id='word_1_156' title='bbox 2933 1428 3188 1500; x_wconf 77' lang='grc' dir='ltr'><strong>μετέσχεν</strong></span> <span class='ocrx_word' id='word_1_157' title='bbox 3214 1427 3411 1499; x_wconf 81' lang='grc' dir='ltr'>κακίας</span> <span class='ocrx_word' id='word_1_158' title='bbox 3436 1426 3599 1490; x_wconf 73' lang='grc' dir='ltr'>τινός.</span> 
     </span>
    </p>
   </div>
   <div class='ocr_carea' id='block_1_24' title="bbox 429 1517 3667 1592">
    <p class='ocr_par' dir='ltr' id='par_1_24' title="bbox 429 1517 3667 1592">
     <span class='ocr_line' id='line_1_24' title="bbox 429 1517 3667 1592; baseline -0 -19"><span class='ocrx_word' id='word_1_159' title='bbox 429 1536 558 1578; x_wconf 87' lang='lat' dir='ltr'><strong>vero</strong></span> <span class='ocrx_word' id='word_1_160' title='bbox 584 1524 650 1579; x_wconf 92' lang='lat' dir='ltr'><strong>de</strong></span> <span class='ocrx_word' id='word_1_161' title='bbox 683 1528 783 1580; x_wconf 87' lang='lat' dir='ltr'><strong>hac</strong></span> <span class='ocrx_word' id='word_1_162' title='bbox 813 1527 1013 1582; x_wconf 86' lang='lat' dir='ltr'><strong>virtute</strong></span> <span class='ocrx_word' id='word_1_163' title='bbox 1057 1526 1194 1580; x_wconf 88' lang='lat' dir='ltr'><strong>nihil</strong></span> <span class='ocrx_word' id='word_1_164' title='bbox 1239 1525 1310 1580; x_wconf 85' lang='lat' dir='ltr'><strong>ab</strong></span> <span class='ocrx_word' id='word_1_165' title='bbox 1335 1525 1417 1580; x_wconf 90' lang='lat' dir='ltr'><strong>eis</strong></span> <span class='ocrx_word' id='word_1_166' title='bbox 1446 1523 1724 1578; x_wconf 90' lang='lat' dir='ltr'><strong>diversum</strong></span> <span class='ocrx_word' id='word_1_167' title='bbox 1768 1519 1992 1582; x_wconf 84' lang='lat' dir='ltr'><strong>dicitur,</strong></span> <span class='ocrx_word' id='word_1_168' title='bbox 2021 1517 2118 1576; x_wconf 86' lang='lat' dir='ltr'><strong>sed</strong></span> <span class='ocrx_word' id='word_1_169' title='bbox 2146 1533 2205 1574; x_wconf 89' lang='lat' dir='ltr'><strong>se</strong></span> <span class='ocrx_word' id='word_1_170' title='bbox 2232 1525 2346 1576; x_wconf 88' lang='lat' dir='ltr'><strong>tota</strong></span> <span class='ocrx_word' id='word_1_171' title='bbox 2401 1522 2599 1578; x_wconf 89' lang='lat' dir='ltr'><strong>similis</strong></span> <span class='ocrx_word' id='word_1_172' title='bbox 2649 1522 3005 1592; x_wconf 87' lang='lat' dir='ltr'><strong>ejusdemque</strong></span> <span class='ocrx_word' id='word_1_173' title='bbox 3046 1521 3274 1577; x_wconf 88' lang='lat' dir='ltr'><strong>rationis</strong></span> <span class='ocrx_word' id='word_1_174' title='bbox 3326 1519 3667 1591; x_wconf 82' lang='lat' dir='ltr'><strong>intelligitur,</strong></span> 
     </span>
    </p>
   </div>
   <div class='ocr_carea' id='block_1_25' title="bbox 428 1610 3678 1688">
    <p class='ocr_par' dir='ltr' id='par_1_25' title="bbox 428 1610 3678 1688">
     <span class='ocr_line' id='line_1_25' title="bbox 428 1610 3678 1688; baseline -0 -18"><span class='ocrx_word' id='word_1_175' title='bbox 428 1615 809 1688; x_wconf 88' lang='lat' dir='ltr'><strong>improbabilis</strong></span> <span class='ocrx_word' id='word_1_176' title='bbox 830 1619 1080 1676; x_wconf 90' lang='lat' dir='ltr'><strong>doctrina</strong></span> <span class='ocrx_word' id='word_1_177' title='bbox 1107 1635 1171 1675; x_wconf 88' lang='lat' dir='ltr'><strong>ac</strong></span> <span class='ocrx_word' id='word_1_178' title='bbox 1196 1618 1467 1676; x_wconf 89' lang='lat' dir='ltr'><strong>sententia</strong></span> <span class='ocrx_word' id='word_1_179' title='bbox 1494 1624 1610 1672; x_wconf 86' lang='lat' dir='ltr'><strong>est:</strong></span> <span class='ocrx_word' id='word_1_180' title='bbox 1643 1613 1790 1685; x_wconf 93' lang='lat' dir='ltr'><strong>quod</strong></span> <span class='ocrx_word' id='word_1_181' title='bbox 1852 1626 2044 1682; x_wconf 90' lang='lat' dir='ltr'><strong>nempe</strong></span> <span class='ocrx_word' id='word_1_182' title='bbox 2089 1610 2147 1665; x_wconf 90' lang='lat' dir='ltr'><strong>in</strong></span> <span class='ocrx_word' id='word_1_183' title='bbox 2194 1613 2574 1672; x_wconf 88' lang='lat' dir='ltr'><strong>commistione</strong></span> <span class='ocrx_word' id='word_1_184' title='bbox 2619 1614 2766 1672; x_wconf 89' lang='lat' dir='ltr'><strong>aliud</strong></span> <span class='ocrx_word' id='word_1_185' title='bbox 2801 1618 3073 1682; x_wconf 86' lang='lat' dir='ltr'><strong>sincerum</strong></span> <span class='ocrx_word' id='word_1_186' title='bbox 3112 1631 3417 1686; x_wconf 78' lang='lat' dir='ltr'><strong>purumque</strong></span> <span class='ocrx_word' id='word_1_187' title='bbox 3463 1629 3678 1687; x_wconf 82' lang='lat' dir='ltr'><strong>reman-</strong></span> 
     </span>
    </p>
   </div>
   <div class='ocr_carea' id='block_1_26' title="bbox 426 1705 1779 1784">
    <p class='ocr_par' dir='ltr' id='par_1_26' title="bbox 426 1705 1779 1784">
     <span class='ocr_line' id='line_1_26' title="bbox 426 1705 1779 1784; baseline -0.007 -18"><span class='ocrx_word' id='word_1_188' title='bbox 426 1708 582 1774; x_wconf 79' lang='lat' dir='ltr'><strong>serit,</strong></span> <span class='ocrx_word' id='word_1_189' title='bbox 617 1709 768 1766; x_wconf 83' lang='lat' dir='ltr'><strong>aliud</strong></span> <span class='ocrx_word' id='word_1_190' title='bbox 803 1711 1014 1766; x_wconf 89' lang='lat' dir='ltr'><strong>malitia</strong></span> <span class='ocrx_word' id='word_1_191' title='bbox 1046 1712 1283 1784; x_wconf 91' lang='lat' dir='ltr'><strong>quadam</strong></span> <span class='ocrx_word' id='word_1_192' title='bbox 1315 1708 1656 1781; x_wconf 88' lang='lat' dir='ltr'><strong>impartitum</strong></span> <span class='ocrx_word' id='word_1_193' title='bbox 1689 1705 1779 1763; x_wconf 87' lang='lat' dir='ltr'><strong>sit.</strong></span> 
     </span>
    </p>
   </div>
   <div class='ocr_carea' id='block_1_27' title="bbox 565 1839 3525 1914">
    <p class='ocr_par' dir='ltr' id='par_1_27' title="bbox 565 1839 3525 1914">
     <span class='ocr_line' id='line_1_27' title="bbox 565 1839 3525 1914; baseline -0.001 -14"><span class='ocrx_word' id='word_1_194' title='bbox 565 1844 700 1905; x_wconf 73' lang='lat' dir='ltr'><strong>CAP.</strong></span> <span class='ocrx_word' id='word_1_195' title='bbox 733 1844 902 1903; x_wconf 80' lang='lat' dir='ltr'><strong>XXII.</strong></span> <span class='ocrx_word' id='word_1_196' title='bbox 934 1846 1101 1906; x_wconf 72' lang='lat' dir='ltr'><strong>Lunae</strong></span> <span class='ocrx_word' id='word_1_197' title='bbox 1133 1849 1309 1906; x_wconf 77' lang='lat' dir='ltr'><strong>lumen</strong></span> <span class='ocrx_word' id='word_1_198' title='bbox 1339 1866 1372 1904; x_wconf 87' lang='lat' dir='ltr'><strong>a</strong></span> <span class='ocrx_word' id='word_1_199' title='bbox 1399 1847 1528 1902; x_wconf 76' lang='lat' dir='ltr'><strong>sole.</strong></span> <span class='ocrx_word' id='word_1_200' title='bbox 1559 1844 1907 1914; x_wconf 79' lang='lat' dir='ltr'><strong>Receptarum</strong></span> <span class='ocrx_word' id='word_1_201' title='bbox 1936 1843 1990 1896; x_wconf 85' lang='lat' dir='ltr'><strong>in</strong></span> <span class='ocrx_word' id='word_1_202' title='bbox 2036 1857 2101 1896; x_wconf 78' lang='lat' dir='ltr'><strong>ea</strong></span> <span class='ocrx_word' id='word_1_203' title='bbox 2127 1839 2428 1900; x_wconf 81' lang='lat' dir='ltr'><strong>animarum</strong></span> <span class='ocrx_word' id='word_1_204' title='bbox 2455 1841 2893 1898; x_wconf 77' lang='lat' dir='ltr'><strong>inconvenientia.</strong></span> <span class='ocrx_word' id='word_1_205' title='bbox 2924 1841 3124 1898; x_wconf 63' lang='lat' dir='ltr'><strong>Grecis</strong></span> <span class='ocrx_word' id='word_1_206' title='bbox 3155 1842 3261 1897; x_wconf 80' lang='lat' dir='ltr'><strong>duo</strong></span> <span class='ocrx_word' id='word_1_207' title='bbox 3301 1841 3525 1900; x_wconf 72' lang='lat' dir='ltr'><strong>diluvia.</strong></span> 
     </span>
    </p>
   </div>
   <div class='ocr_carea' id='block_1_28' title="bbox 497 1977 1988 2064">
    <p class='ocr_par' dir='ltr' id='par_1_28' title="bbox 497 1977 1988 2064">
     <span class='ocr_line' id='line_1_28' title="bbox 497 1977 1988 2064; baseline -0.001 -31"><span class='ocrx_word' id='word_1_208' title='bbox 497 1977 666 2064; x_wconf 40' lang='lat' dir='ltr'><strong>Qiunt</strong></span> <span class='ocrx_word' id='word_1_209' title='bbox 694 1995 846 2047; x_wconf 86' lang='lat' dir='ltr'><strong>vero,</strong></span> <span class='ocrx_word' id='word_1_210' title='bbox 881 1982 1051 2038; x_wconf 88' lang='lat' dir='ltr'><strong>solem</strong></span> <span class='ocrx_word' id='word_1_211' title='bbox 1084 1991 1139 2039; x_wconf 92' lang='lat' dir='ltr'><strong>et</strong></span> <span class='ocrx_word' id='word_1_212' title='bbox 1166 1985 1374 2051; x_wconf 83' lang='lat' dir='ltr'><strong>lunam,</strong></span> <span class='ocrx_word' id='word_1_213' title='bbox 1400 1998 1525 2053; x_wconf 86' lang='lat' dir='ltr'><strong>cum</strong></span> <span class='ocrx_word' id='word_1_214' title='bbox 1551 1982 1789 2038; x_wconf 84' lang='lat' dir='ltr'><strong>divinam</strong></span> <span class='ocrx_word' id='word_1_215' title='bbox 1819 1979 1988 2034; x_wconf 84' lang='lat' dir='ltr'><strong>virtu-</strong></span> 
     </span>
    </p>
   </div>
   <div class='ocr_carea' id='block_1_29' title="bbox 2090 1977 3672 2064">
    <p class='ocr_par' dir='ltr' id='par_1_29' title="bbox 2167 1977 3672 2051">
     <span class='ocr_line' id='line_1_29' title="bbox 2167 1977 3672 2051; baseline 0.004 -21"><span class='ocrx_word' id='word_1_216' title='bbox 2167 1977 2398 2047; x_wconf 67' lang='grc' dir='ltr'>Λέγουσι</span> <span class='ocrx_word' id='word_1_217' title='bbox 2430 1979 2508 2044; x_wconf 82' lang='grc' dir='ltr'><strong>δὲ,</strong></span> <span class='ocrx_word' id='word_1_218' title='bbox 2531 1980 2614 2034; x_wconf 81' lang='grc' dir='ltr'>ὅτι</span> <span class='ocrx_word' id='word_1_219' title='bbox 2643 1981 2738 2034; x_wconf 71' lang='grc' dir='ltr'><strong>καὶ</strong></span> <span class='ocrx_word' id='word_1_220' title='bbox 2769 1980 2921 2051; x_wconf 80' lang='grc' dir='ltr'>ἥλιος</span> <span class='ocrx_word' id='word_1_221' title='bbox 2945 1980 3040 2042; x_wconf 77' lang='grc' dir='ltr'><strong>καὶ</strong></span> <span class='ocrx_word' id='word_1_222' title='bbox 3071 1978 3268 2050; x_wconf 85' lang='grc' dir='ltr'>σελήνη</span> <span class='ocrx_word' id='word_1_223' title='bbox 3288 1979 3386 2051; x_wconf 84' lang='grc' dir='ltr'><strong>τήν</strong></span> <span class='ocrx_word' id='word_1_224' title='bbox 3413 1977 3560 2032; x_wconf 84' lang='grc' dir='ltr'>θείαν</span> <span class='ocrx_word' id='word_1_225' title='bbox 3581 1978 3672 2037; x_wconf 62' lang='grc' dir='ltr'>δύτ</span> 
     </span>
    </p>
   </div>
   <div class='ocr_carea' id='block_1_30' title="bbox 425 2065 1997 2142">
    <p class='ocr_par' dir='ltr' id='par_1_30' title="bbox 425 2065 1997 2142">
     <span class='ocr_line' id='line_1_30' title="bbox 425 2065 1997 2142; baseline -0.003 -19"><span class='ocrx_word' id='word_1_226' title='bbox 425 2076 535 2124; x_wconf 86' lang='lat' dir='ltr'><strong>tem</strong></span> <span class='ocrx_word' id='word_1_227' title='bbox 580 2083 614 2132; x_wconf 80' lang='lat' dir='ltr'><strong>a</strong></span> <span class='ocrx_word' id='word_1_228' title='bbox 666 2071 900 2127; x_wconf 86' lang='lat' dir='ltr'><strong>materia</strong></span> <span class='ocrx_word' id='word_1_229' title='bbox 953 2072 1214 2142; x_wconf 89' lang='lat' dir='ltr'><strong>paulatim</strong></span> <span class='ocrx_word' id='word_1_230' title='bbox 1270 2072 1656 2135; x_wconf 87' lang='lat' dir='ltr'><strong>secrevissent,</strong></span> <span class='ocrx_word' id='word_1_231' title='bbox 1703 2068 1772 2122; x_wconf 88' lang='lat' dir='ltr'><strong>ad</strong></span> <span class='ocrx_word' id='word_1_232' title='bbox 1829 2065 1997 2121; x_wconf 91' lang='lat' dir='ltr'><strong>Deum</strong></span> 
     </span>
    </p>
   </div>
   <div class='ocr_carea' id='block_1_31' title="bbox 425 2159 1997 2235">
    <p class='ocr_par' dir='ltr' id='par_1_31' title="bbox 425 2159 1997 2235">
     <span class='ocr_line' id='line_1_31' title="bbox 425 2159 1997 2235; baseline -0.004 -18"><span class='ocrx_word' id='word_1_233' title='bbox 425 2159 822 2226; x_wconf 81' lang='lat' dir='ltr'><strong>transmisisse.</strong></span> <span class='ocrx_word' id='word_1_234' title='bbox 867 2161 1038 2221; x_wconf 83' lang='lat' dir='ltr'><strong>Porro</strong></span> <span class='ocrx_word' id='word_1_235' title='bbox 1086 2163 1133 2219; x_wconf 90' lang='lat' dir='ltr'><strong>si</strong></span> <span class='ocrx_word' id='word_1_236' title='bbox 1180 2163 1266 2222; x_wconf 89' lang='lat' dir='ltr'><strong>vel</strong></span> <span class='ocrx_word' id='word_1_237' title='bbox 1313 2178 1508 2235; x_wconf 88' lang='lat' dir='ltr'><strong>parum</strong></span> <span class='ocrx_word' id='word_1_238' title='bbox 1553 2168 1997 2216; x_wconf 88' lang='lat' dir='ltr'><strong>astronomorum</strong></span> 
     </span>
    </p>
   </div>
   <div class='ocr_carea' id='block_1_32' title="bbox 424 2249 1997 2323">
    <p class='ocr_par' dir='ltr' id='par_1_32' title="bbox 424 2249 1997 2323">
     <span class='ocr_line' id='line_1_32' title="bbox 424 2249 1997 2323; baseline -0.002 -19"><span class='ocrx_word' id='word_1_239' title='bbox 424 2249 574 2309; x_wconf 80' lang='lat' dir='ltr'><strong>fores</strong></span> <span class='ocrx_word' id='word_1_240' title='bbox 607 2251 912 2322; x_wconf 84' lang='lat' dir='ltr'><strong>trivissent,</strong></span> <span class='ocrx_word' id='word_1_241' title='bbox 937 2253 993 2308; x_wconf 90' lang='lat' dir='ltr'><strong>in</strong></span> <span class='ocrx_word' id='word_1_242' title='bbox 1023 2254 1138 2310; x_wconf 66' lang='lat' dir='ltr'><strong>haec</strong></span> <span class='ocrx_word' id='word_1_243' title='bbox 1159 2253 1352 2314; x_wconf 83' lang='lat' dir='ltr'><strong>deliria</strong></span> <span class='ocrx_word' id='word_1_244' title='bbox 1391 2251 1539 2323; x_wconf 83' lang='lat' dir='ltr'><strong>haud</strong></span> <span class='ocrx_word' id='word_1_245' title='bbox 1587 2252 1910 2307; x_wconf 89' lang='lat' dir='ltr'><strong>incidissent</strong></span> <span class='ocrx_word' id='word_1_246' title='bbox 1937 2255 1997 2303; x_wconf 92' lang='lat' dir='ltr'><strong>ut</strong></span> 
     </span>
    </p>
   </div>
   <div class='ocr_carea' id='block_1_33' title="bbox 421 2344 1996 2414">
    <p class='ocr_par' dir='ltr' id='par_1_33' title="bbox 421 2344 1996 2414">
     <span class='ocr_line' id='line_1_33' title="bbox 421 2344 1996 2414; baseline -0.003 -14"><span class='ocrx_word' id='word_1_247' title='bbox 421 2344 504 2400; x_wconf 86' lang='lat' dir='ltr'><strong>sic</strong></span> <span class='ocrx_word' id='word_1_248' title='bbox 547 2344 846 2413; x_wconf 87' lang='lat' dir='ltr'><strong>sentirent;</strong></span> <span class='ocrx_word' id='word_1_249' title='bbox 896 2360 999 2401; x_wconf 91' lang='lat' dir='ltr'><strong>nec</strong></span> <span class='ocrx_word' id='word_1_250' title='bbox 1041 2345 1424 2408; x_wconf 83' lang='lat' dir='ltr'><strong>nescivissent.</strong></span> <span class='ocrx_word' id='word_1_251' title='bbox 1471 2345 1655 2409; x_wconf 89' lang='lat' dir='ltr'><strong>lunam</strong></span> <span class='ocrx_word' id='word_1_252' title='bbox 1707 2358 1828 2414; x_wconf 69' lang='lat' dir='ltr'><strong>quae.</strong></span> <span class='ocrx_word' id='word_1_253' title='bbox 1859 2357 1996 2413; x_wconf 91' lang='lat' dir='ltr'><strong>quo-</strong></span> 
     </span>
    </p>
   </div>
   <div class='ocr_carea' id='block_1_34' title="bbox 422 2436 1997 2510">
    <p class='ocr_par' dir='ltr' id='par_1_34' title="bbox 422 2436 1997 2510">
     <span class='ocr_line' id='line_1_34' title="bbox 422 2436 1997 2510; baseline 0.003 -21"><span class='ocrx_word' id='word_1_254' title='bbox 422 2436 674 2492; x_wconf 89' lang='lat' dir='ltr'><strong>rumdam</strong></span> <span class='ocrx_word' id='word_1_255' title='bbox 702 2439 995 2509; x_wconf 80' lang='lat' dir='ltr'><strong>sententia,</strong></span> <span class='ocrx_word' id='word_1_256' title='bbox 1043 2440 1296 2510; x_wconf 84' lang='lat' dir='ltr'><strong>suo‘ipsa</strong></span> <span class='ocrx_word' id='word_1_257' title='bbox 1327 2438 1534 2494; x_wconf 88' lang='lat' dir='ltr'><strong>lumine</strong></span> <span class='ocrx_word' id='word_1_258' title='bbox 1563 2445 1770 2504; x_wconf 86' lang='lat' dir='ltr'><strong>careat,</strong></span> <span class='ocrx_word' id='word_1_259' title='bbox 1801 2453 1834 2492; x_wconf 90' lang='lat' dir='ltr'><strong>a</strong></span> <span class='ocrx_word' id='word_1_260' title='bbox 1881 2436 1997 2495; x_wconf 81' lang='lat' dir='ltr'><strong>sole</strong></span> 
     </span>
    </p>
   </div>
   <div class='ocr_carea' id='block_1_35' title="bbox 422 2526 1995 2602">
    <p class='ocr_par' dir='ltr' id='par_1_35' title="bbox 422 2526 1995 2602">
     <span class='ocr_line' id='line_1_35' title="bbox 422 2526 1995 2602; baseline 0.001 -21"><span class='ocrx_word' id='word_1_261' title='bbox 422 2526 758 2598; x_wconf 83' lang='lat' dir='ltr'><strong>illuminari;</strong></span> <span class='ocrx_word' id='word_1_262' title='bbox 806 2529 1036 2602; x_wconf 87' lang='lat' dir='ltr'><strong>ejusque</strong></span> <span class='ocrx_word' id='word_1_263' title='bbox 1087 2531 1214 2587; x_wconf 89' lang='lat' dir='ltr'><strong>inde</strong></span> <span class='ocrx_word' id='word_1_264' title='bbox 1261 2547 1384 2587; x_wconf 90' lang='lat' dir='ltr'><strong>esse</strong></span> <span class='ocrx_word' id='word_1_265' title='bbox 1433 2530 1806 2602; x_wconf 81' lang='lat' dir='ltr'><strong>ﬁgurationes,</strong></span> <span class='ocrx_word' id='word_1_266' title='bbox 1849 2529 1995 2600; x_wconf 92' lang='lat' dir='ltr'><strong>quod</strong></span> 
     </span>
    </p>
   </div>
   <div class='ocr_carea' id='block_1_36' title="bbox 423 2619 1991 2695">
    <p class='ocr_par' dir='ltr' id='par_1_36' title="bbox 423 2619 1991 2695">
     <span class='ocr_line' id='line_1_36' title="bbox 423 2619 1991 2695; baseline 0.003 -21"><span class='ocrx_word' id='word_1_267' title='bbox 423 2619 504 2674; x_wconf 93' lang='lat' dir='ltr'><strong>sic</strong></span> <span class='ocrx_word' id='word_1_268' title='bbox 529 2620 613 2676; x_wconf 85' lang='lat' dir='ltr'><strong>vel</strong></span> <span class='ocrx_word' id='word_1_269' title='bbox 664 2620 746 2678; x_wconf 88' lang='lat' dir='ltr'><strong>sic</strong></span> <span class='ocrx_word' id='word_1_270' title='bbox 785 2622 950 2679; x_wconf 89' lang='lat' dir='ltr'><strong>distet</strong></span> <span class='ocrx_word' id='word_1_271' title='bbox 998 2639 1028 2678; x_wconf 90' lang='lat' dir='ltr'><strong>a</strong></span> <span class='ocrx_word' id='word_1_272' title='bbox 1070 2625 1206 2684; x_wconf 88' lang='lat' dir='ltr'><strong>sole.</strong></span> <span class='ocrx_word' id='word_1_273' title='bbox 1245 2623 1510 2694; x_wconf 87' lang='lat' dir='ltr'><strong>Tuncque</strong></span> <span class='ocrx_word' id='word_1_274' title='bbox 1543 2624 1704 2695; x_wconf 90' lang='lat' dir='ltr'><strong>plena</strong></span> <span class='ocrx_word' id='word_1_275' title='bbox 1739 2623 1991 2688; x_wconf 68' lang='lat' dir='ltr'><strong>edicitur,</strong></span> 
     </span>
    </p>
   </div>
   <div class='ocr_carea' id='block_1_37' title="bbox 419 2713 1994 2788">
    <p class='ocr_par' dir='ltr' id='par_1_37' title="bbox 419 2713 1994 2788">
     <span class='ocr_line' id='line_1_37' title="bbox 419 2713 1994 2788; baseline 0.002 -21"><span class='ocrx_word' id='word_1_276' title='bbox 419 2726 546 2767; x_wconf 91' lang='lat' dir='ltr'><strong>cum</strong></span> <span class='ocrx_word' id='word_1_277' title='bbox 573 2728 604 2782; x_wconf 70' lang='grc' dir='ltr'>ξι</span> <span class='ocrx_word' id='word_1_278' title='bbox 631 2713 747 2776; x_wconf 89' lang='lat' dir='ltr'><strong>sole</strong></span> <span class='ocrx_word' id='word_1_279' title='bbox 769 2714 938 2772; x_wconf 88' lang='lat' dir='ltr'><strong>distat</strong></span> <span class='ocrx_word' id='word_1_280' title='bbox 965 2723 1185 2772; x_wconf 87' lang='lat' dir='ltr'><strong>centum</strong></span> <span class='ocrx_word' id='word_1_281' title='bbox 1215 2717 1494 2787; x_wconf 78' lang='lat' dir='ltr'><strong>octoginta</strong></span> <span class='ocrx_word' id='word_1_282' title='bbox 1527 2715 1808 2788; x_wconf 73' lang='lat' dir='ltr'><strong>gradibus.</strong></span> <span class='ocrx_word' id='word_1_283' title='bbox 1837 2713 1994 2770; x_wconf 89' lang='lat' dir='ltr'><strong>Tunc</strong></span> 
     </span>
    </p>
   </div>
   <div class='ocr_carea' id='block_1_38' title="bbox 419 2805 1993 2880">
    <p class='ocr_par' dir='ltr' id='par_1_38' title="bbox 419 2805 1993 2880">
     <span class='ocr_line' id='line_1_38' title="bbox 419 2805 1993 2880; baseline 0.001 -19"><span class='ocrx_word' id='word_1_284' title='bbox 419 2821 549 2861; x_wconf 85' lang='lat' dir='ltr'><strong>vero</strong></span> <span class='ocrx_word' id='word_1_285' title='bbox 594 2808 651 2862; x_wconf 91' lang='lat' dir='ltr'><strong>in</strong></span> <span class='ocrx_word' id='word_1_286' title='bbox 685 2807 831 2866; x_wconf 90' lang='lat' dir='ltr'><strong>coitu</strong></span> <span class='ocrx_word' id='word_1_287' title='bbox 873 2815 980 2875; x_wconf 88' lang='lat' dir='ltr'><strong>est,</strong></span> <span class='ocrx_word' id='word_1_288' title='bbox 1017 2823 1144 2864; x_wconf 92' lang='lat' dir='ltr'><strong>cum</strong></span> <span class='ocrx_word' id='word_1_289' title='bbox 1190 2809 1247 2865; x_wconf 92' lang='lat' dir='ltr'><strong>in</strong></span> <span class='ocrx_word' id='word_1_290' title='bbox 1281 2809 1474 2866; x_wconf 87' lang='lat' dir='ltr'><strong>eodem</strong></span> <span class='ocrx_word' id='word_1_291' title='bbox 1504 2825 1630 2866; x_wconf 88' lang='lat' dir='ltr'><strong>cum</strong></span> <span class='ocrx_word' id='word_1_292' title='bbox 1658 2809 1772 2866; x_wconf 90' lang='lat' dir='ltr'><strong>sole</strong></span> <span class='ocrx_word' id='word_1_293' title='bbox 1819 2805 1993 2880; x_wconf 85' lang='lat' dir='ltr'><strong>gradu</strong></span> 
     </span>
    </p>
   </div>
   <div class='ocr_carea' id='block_1_39' title="bbox 421 2894 1990 2974">
    <p class='ocr_par' dir='ltr' id='par_1_39' title="bbox 421 2894 1990 2974">
     <span class='ocr_line' id='line_1_39' title="bbox 421 2894 1990 2974; baseline 0.001 -23"><span class='ocrx_word' id='word_1_294' title='bbox 421 2894 616 2966; x_wconf 73' lang='lat' dir='ltr'><strong>fertur,</strong></span> <span class='ocrx_word' id='word_1_295' title='bbox 652 2897 880 2968; x_wconf 85' lang='lat' dir='ltr'><strong>Deinde,</strong></span> <span class='ocrx_word' id='word_1_296' title='bbox 920 2901 1196 2971; x_wconf 83' lang='lat' dir='ltr'><strong>quomodo</strong></span> <span class='ocrx_word' id='word_1_297' title='bbox 1229 2917 1339 2957; x_wconf 91' lang='lat' dir='ltr'><strong>non</strong></span> <span class='ocrx_word' id='word_1_298' title='bbox 1382 2903 1603 2972; x_wconf 85' lang='lat' dir='ltr'><strong>mirum,</strong></span> <span class='ocrx_word' id='word_1_299' title='bbox 1634 2917 1743 2974; x_wconf 88' lang='lat' dir='ltr'><strong>qua</strong></span> <span class='ocrx_word' id='word_1_300' title='bbox 1771 2900 1990 2955; x_wconf 83' lang='lat' dir='ltr'><strong>tandem</strong></span> 
     </span>
    </p>
   </div>
   <div class='ocr_carea' id='block_1_40' title="bbox 418 2990 1993 3064">
    <p class='ocr_par' dir='ltr' id='par_1_40' title="bbox 418 2990 1993 3064">
     <span class='ocr_line' id='line_1_40' title="bbox 418 2990 1993 3064; baseline -0.001 -19"><span class='ocrx_word' id='word_1_301' title='bbox 418 2990 513 3046; x_wconf 82' lang='lat' dir='ltr'><strong>ﬁat</strong></span> <span class='ocrx_word' id='word_1_302' title='bbox 537 2993 772 3058; x_wconf 88' lang='lat' dir='ltr'><strong>ratione,</strong></span> <span class='ocrx_word' id='word_1_303' title='bbox 804 3003 920 3048; x_wconf 87' lang='lat' dir='ltr'><strong>tum</strong></span> <span class='ocrx_word' id='word_1_304' title='bbox 967 2994 1152 3059; x_wconf 73' lang='lat' dir='ltr'><strong>multa:</strong></span> <span class='ocrx_word' id='word_1_305' title='bbox 1190 2993 1301 3050; x_wconf 90' lang='lat' dir='ltr'><strong>sint</strong></span> <span class='ocrx_word' id='word_1_306' title='bbox 1334 2994 1529 3064; x_wconf 72' lang='lat' dir='ltr'><strong>anima:</strong></span> <span class='ocrx_word' id='word_1_307' title='bbox 1561 3002 1618 3050; x_wconf 87' lang='lat' dir='ltr'><strong>et</strong></span> <span class='ocrx_word' id='word_1_308' title='bbox 1651 3009 1682 3049; x_wconf 90' lang='lat' dir='ltr'><strong>a</strong></span> <span class='ocrx_word' id='word_1_309' title='bbox 1723 2991 1993 3049; x_wconf 83' lang='lat' dir='ltr'><strong>diversis?</strong></span> 
     </span>
    </p>
   </div>
   <div class='ocr_carea' id='block_1_41' title="bbox 417 3080 1991 3156">
    <p class='ocr_par' dir='ltr' id='par_1_41' title="bbox 417 3080 1991 3156">
     <span class='ocr_line' id='line_1_41' title="bbox 417 3080 1991 3156; baseline -0.001 -20"><span class='ocrx_word' id='word_1_310' title='bbox 417 3080 634 3145; x_wconf 82' lang='lat' dir='ltr'><strong>Etenim</strong></span> <span class='ocrx_word' id='word_1_311' title='bbox 679 3089 809 3149; x_wconf 80' lang='lat' dir='ltr'><strong>sunt</strong></span> <span class='ocrx_word' id='word_1_312' title='bbox 839 3083 1029 3142; x_wconf 90' lang='lat' dir='ltr'><strong>mundi</strong></span> <span class='ocrx_word' id='word_1_313' title='bbox 1079 3083 1255 3156; x_wconf 90' lang='lat' dir='ltr'><strong>ipsius</strong></span> <span class='ocrx_word' id='word_1_314' title='bbox 1298 3090 1352 3139; x_wconf 92' lang='lat' dir='ltr'><strong>et</strong></span> <span class='ocrx_word' id='word_1_315' title='bbox 1387 3082 1726 3148; x_wconf 89' lang='lat' dir='ltr'><strong>animalium,</strong></span> <span class='ocrx_word' id='word_1_316' title='bbox 1761 3091 1816 3136; x_wconf 82' lang='lat' dir='ltr'><strong>et</strong></span> <span class='ocrx_word' id='word_1_317' title='bbox 1861 3081 1991 3136; x_wconf 90' lang='lat' dir='ltr'><strong>stir-</strong></span> 
     </span>
    </p>
   </div>
   <div class='ocr_carea' id='block_1_42' title="bbox 416 3167 1991 3247">
    <p class='ocr_par' dir='ltr' id='par_1_42' title="bbox 416 3167 1991 3247">
     <span class='ocr_line' id='line_1_42' title="bbox 416 3167 1991 3247; baseline -0.001 -21"><span class='ocrx_word' id='word_1_318' title='bbox 416 3171 565 3242; x_wconf 83' lang='lat' dir='ltr'><strong>pium</strong></span> <span class='ocrx_word' id='word_1_319' title='bbox 597 3180 651 3227; x_wconf 89' lang='lat' dir='ltr'><strong>et</strong></span> <span class='ocrx_word' id='word_1_320' title='bbox 679 3173 1043 3247; x_wconf 81' lang='lat' dir='ltr'><strong>nympharum</strong></span> <span class='ocrx_word' id='word_1_321' title='bbox 1085 3181 1139 3234; x_wconf 87' lang='lat' dir='ltr'><strong>et</strong></span> <span class='ocrx_word' id='word_1_322' title='bbox 1177 3173 1485 3231; x_wconf 77' lang='lat' dir='ltr'><strong>daemonum</strong></span> <span class='ocrx_word' id='word_1_323' title='bbox 1514 3190 1527 3226; x_wconf 89' lang='lat'>:</span> <span class='ocrx_word' id='word_1_324' title='bbox 1565 3185 1630 3226; x_wconf 89' lang='lat' dir='ltr'><strong>ac</strong></span> <span class='ocrx_word' id='word_1_325' title='bbox 1653 3170 1707 3234; x_wconf 84' lang='lat' dir='ltr'><strong>in</strong></span> <span class='ocrx_word' id='word_1_326' title='bbox 1739 3169 1825 3225; x_wconf 91' lang='lat' dir='ltr'><strong>his</strong></span> <span class='ocrx_word' id='word_1_327' title='bbox 1853 3167 1991 3225; x_wconf 77' lang='lat' dir='ltr'><strong>facie</strong></span> 
     </span>
    </p>
   </div>
   <div class='ocr_carea' id='block_1_43' title="bbox 415 3259 1986 3333">
    <p class='ocr_par' dir='ltr' id='par_1_43' title="bbox 415 3259 1986 3333">
     <span class='ocr_line' id='line_1_43' title="bbox 415 3259 1986 3333; baseline -0.001 -19"><span class='ocrx_word' id='word_1_328' title='bbox 415 3259 850 3333; x_wconf 86' lang='lat' dir='ltr'><strong>distinguuntur,</strong></span> <span class='ocrx_word' id='word_1_329' title='bbox 887 3263 1216 3331; x_wconf 83' lang='lat' dir='ltr'><strong>volucrium,</strong></span> <span class='ocrx_word' id='word_1_330' title='bbox 1265 3261 1610 3330; x_wconf 77' lang='lat' dir='ltr'><strong>terrestrium</strong></span> <span class='ocrx_word' id='word_1_331' title='bbox 1645 3259 1986 3324; x_wconf 84' lang='lat' dir='ltr'><strong>animalium,</strong></span> 
     </span>
    </p>
   </div>
   <div class='ocr_carea' id='block_1_44' title="bbox 413 3348 1990 3425">
    <p class='ocr_par' dir='ltr' id='par_1_44' title="bbox 413 3348 1990 3425">
     <span class='ocr_line' id='line_1_44' title="bbox 413 3348 1990 3425; baseline 0 -19"><span class='ocrx_word' id='word_1_332' title='bbox 413 3360 466 3406; x_wconf 90' lang='lat' dir='ltr'><strong>et</strong></span> <span class='ocrx_word' id='word_1_333' title='bbox 490 3367 682 3408; x_wconf 90' lang='lat' dir='ltr'><strong>eorum</strong></span> <span class='ocrx_word' id='word_1_334' title='bbox 707 3367 829 3425; x_wconf 60' lang='lat' dir='ltr'><strong>qua;</strong></span> <span class='ocrx_word' id='word_1_335' title='bbox 861 3353 1138 3424; x_wconf 89' lang='lat' dir='ltr'><strong>amphibia</strong></span> <span class='ocrx_word' id='word_1_336' title='bbox 1161 3362 1289 3410; x_wconf 90' lang='lat' dir='ltr'><strong>sunt</strong></span> <span class='ocrx_word' id='word_1_337' title='bbox 1317 3373 1331 3409; x_wconf 88' lang='lat'><strong>:</strong></span> <span class='ocrx_word' id='word_1_338' title='bbox 1366 3353 1423 3412; x_wconf 90' lang='lat' dir='ltr'><strong>in</strong></span> <span class='ocrx_word' id='word_1_339' title='bbox 1456 3353 1584 3408; x_wconf 87' lang='lat' dir='ltr'><strong>luna</strong></span> <span class='ocrx_word' id='word_1_340' title='bbox 1606 3357 1787 3407; x_wconf 89' lang='lat' dir='ltr'><strong>autem</strong></span> <span class='ocrx_word' id='word_1_341' title='bbox 1819 3348 1990 3406; x_wconf 84' lang='lat' dir='ltr'><strong>unum</strong></span> 
     </span>
    </p>
   </div>
   <div class='ocr_carea' id='block_1_45' title="bbox 413 3441 1988 3516">
    <p class='ocr_par' dir='ltr' id='par_1_45' title="bbox 413 3441 1988 3516">
     <span class='ocr_line' id='line_1_45' title="bbox 413 3441 1988 3516; baseline -0.003 -18"><span class='ocrx_word' id='word_1_342' title='bbox 413 3443 688 3512; x_wconf 69' lang='lat' dir='ltr'><strong>quodnam</strong></span> <span class='ocrx_word' id='word_1_343' title='bbox 732 3445 911 3500; x_wconf 91' lang='lat' dir='ltr'><strong>simile</strong></span> <span class='ocrx_word' id='word_1_344' title='bbox 943 3461 1143 3516; x_wconf 87' lang='lat' dir='ltr'><strong>corpus</strong></span> <span class='ocrx_word' id='word_1_345' title='bbox 1184 3459 1401 3516; x_wconf 88' lang='lat' dir='ltr'><strong>semper</strong></span> <span class='ocrx_word' id='word_1_346' title='bbox 1433 3443 1595 3498; x_wconf 90' lang='lat' dir='ltr'><strong>nobis</strong></span> <span class='ocrx_word' id='word_1_347' title='bbox 1629 3441 1988 3512; x_wconf 91' lang='lat' dir='ltr'><strong>conspicitur.</strong></span> 
     </span>
    </p>
   </div>
   <div class='ocr_carea' id='block_1_46' title="bbox 412 3534 1987 3610">
    <p class='ocr_par' dir='ltr' id='par_1_46' title="bbox 412 3534 1987 3610">
     <span class='ocr_line' id='line_1_46' title="bbox 412 3534 1987 3610; baseline -0.002 -20"><span class='ocrx_word' id='word_1_348' title='bbox 412 3534 556 3600; x_wconf 88' lang='lat' dir='ltr'><strong>Quid</strong></span> <span class='ocrx_word' id='word_1_349' title='bbox 587 3550 716 3591; x_wconf 88' lang='lat' dir='ltr'><strong>vero</strong></span> <span class='ocrx_word' id='word_1_350' title='bbox 742 3543 796 3592; x_wconf 87' lang='lat' dir='ltr'><strong>et</strong></span> <span class='ocrx_word' id='word_1_351' title='bbox 833 3536 948 3593; x_wconf 85' lang='lat' dir='ltr'><strong>haec</strong></span> <span class='ocrx_word' id='word_1_352' title='bbox 977 3538 1225 3610; x_wconf 86' lang='lat' dir='ltr'><strong>corporis</strong></span> <span class='ocrx_word' id='word_1_353' title='bbox 1255 3535 1633 3593; x_wconf 87' lang='lat' dir='ltr'><strong>continuitas?</strong></span> <span class='ocrx_word' id='word_1_354' title='bbox 1661 3535 1741 3590; x_wconf 86' lang='lat' dir='ltr'><strong>Ac</strong></span> <span class='ocrx_word' id='word_1_355' title='bbox 1768 3534 1987 3610; x_wconf 85' lang='lat' dir='ltr'><strong>quidem</strong></span> 
     </span>
    </p>
   </div>
   <div class='ocr_carea' id='block_1_47' title="bbox 411 3625 1986 3706">
    <p class='ocr_par' dir='ltr' id='par_1_47' title="bbox 411 3625 1986 3706">
     <span class='ocr_line' id='line_1_47' title="bbox 411 3625 1986 3706; baseline 0.002 -26"><span class='ocrx_word' id='word_1_356' title='bbox 411 3640 537 3686; x_wconf 84' lang='lat' dir='ltr'><strong>cum</strong></span> <span class='ocrx_word' id='word_1_357' title='bbox 595 3625 726 3682; x_wconf 87' lang='lat' dir='ltr'><strong>luna</strong></span> <span class='ocrx_word' id='word_1_358' title='bbox 783 3627 1083 3698; x_wconf 89' lang='lat' dir='ltr'><strong>semiplena</strong></span> <span class='ocrx_word' id='word_1_359' title='bbox 1127 3637 1234 3695; x_wconf 89' lang='lat' dir='ltr'><strong>est,</strong></span> <span class='ocrx_word' id='word_1_360' title='bbox 1292 3637 1516 3706; x_wconf 86' lang='lat' dir='ltr'><strong>apparet</strong></span> <span class='ocrx_word' id='word_1_361' title='bbox 1568 3627 1986 3694; x_wconf 89' lang='lat' dir='ltr'><strong>semicirculus;</strong></span> 
     </span>
    </p>
   </div>
   <div class='ocr_carea' id='block_1_48' title="bbox 410 3711 1986 3790">
    <p class='ocr_par' dir='ltr' id='par_1_48' title="bbox 410 3711 1986 3790">
     <span class='ocr_line' id='line_1_48' title="bbox 410 3711 1986 3790; baseline 0.003 -21"><span class='ocrx_word' id='word_1_362' title='bbox 410 3729 650 3788; x_wconf 86' lang='lat' dir='ltr'><strong>cumque</strong></span> <span class='ocrx_word' id='word_1_363' title='bbox 689 3718 982 3790; x_wconf 88' lang='lat' dir='ltr'><strong>plusquam</strong></span> <span class='ocrx_word' id='word_1_364' title='bbox 1028 3721 1227 3785; x_wconf 89' lang='lat' dir='ltr'><strong>media,</strong></span> <span class='ocrx_word' id='word_1_365' title='bbox 1277 3711 1421 3776; x_wconf 81' lang='lat' dir='ltr'><strong>idem</strong></span> <span class='ocrx_word' id='word_1_366' title='bbox 1467 3736 1684 3776; x_wconf 87' lang='lat' dir='ltr'><strong>rursus.</strong></span> <span class='ocrx_word' id='word_1_367' title='bbox 1736 3719 1986 3786; x_wconf 84' lang='lat' dir='ltr'><strong>Quonam</strong></span> 
     </span>
    </p>
   </div>
   <div class='ocr_carea' id='block_1_49' title="bbox 410 3794 1985 3885">
    <p class='ocr_par' dir='ltr' id='par_1_49' title="bbox 410 3794 1985 3885">
     <span class='ocr_line' id='line_1_49' title="bbox 410 3794 1985 3885; baseline 0.003 -24"><span class='ocrx_word' id='word_1_368' title='bbox 410 3794 580 3879; x_wconf 78' lang='lat' dir='ltr'><strong>igitur</strong></span> <span class='ocrx_word' id='word_1_369' title='bbox 610 3809 773 3866; x_wconf 86' lang='lat' dir='ltr'><strong>modo</strong></span> <span class='ocrx_word' id='word_1_370' title='bbox 806 3809 862 3866; x_wconf 89' lang='lat' dir='ltr'><strong>in</strong></span> <span class='ocrx_word' id='word_1_371' title='bbox 894 3811 1081 3874; x_wconf 89' lang='lat' dir='ltr'><strong>lunam</strong></span> <span class='ocrx_word' id='word_1_372' title='bbox 1107 3821 1488 3878; x_wconf 89' lang='lat' dir='ltr'><strong>assumuntur,</strong></span> <span class='ocrx_word' id='word_1_373' title='bbox 1525 3828 1589 3872; x_wconf 86' lang='lat' dir='ltr'><strong>ac</strong></span> <span class='ocrx_word' id='word_1_374' title='bbox 1613 3829 1723 3885; x_wconf 92' lang='lat' dir='ltr'><strong>quo</strong></span> <span class='ocrx_word' id='word_1_375' title='bbox 1746 3827 1859 3869; x_wconf 71' lang='lat' dir='ltr'><strong>usae</strong></span> <span class='ocrx_word' id='word_1_376' title='bbox 1889 3827 1985 3866; x_wconf 87' lang='lat' dir='ltr'><strong>ve-</strong></span> 
     </span>
    </p>
   </div>
   <div class='ocr_carea' id='block_1_50' title="bbox 413 3899 1984 3976">
    <p class='ocr_par' dir='ltr' id='par_1_50' title="bbox 413 3899 1984 3976">
     <span class='ocr_line' id='line_1_50' title="bbox 413 3899 1984 3976; baseline 0.003 -23"><span class='ocrx_word' id='word_1_377' title='bbox 413 3899 632 3971; x_wconf 82' lang='lat' dir='ltr'><strong>hiculo?</strong></span> <span class='ocrx_word' id='word_1_378' title='bbox 667 3901 724 3956; x_wconf 90' lang='lat' dir='ltr'><strong>Si</strong></span> <span class='ocrx_word' id='word_1_379' title='bbox 771 3903 918 3958; x_wconf 88' lang='lat' dir='ltr'><strong>enim</strong></span> <span class='ocrx_word' id='word_1_380' title='bbox 967 3903 1086 3959; x_wconf 86' lang='lat' dir='ltr'><strong>leve</strong></span> <span class='ocrx_word' id='word_1_381' title='bbox 1127 3914 1212 3961; x_wconf 85' lang='lat' dir='ltr'><strong>est</strong></span> <span class='ocrx_word' id='word_1_382' title='bbox 1253 3905 1400 3961; x_wconf 88' lang='lat' dir='ltr'><strong>velut</strong></span> <span class='ocrx_word' id='word_1_383' title='bbox 1433 3905 1597 3976; x_wconf 83' lang='lat' dir='ltr'><strong>ignis,</strong></span> <span class='ocrx_word' id='word_1_384' title='bbox 1651 3921 1760 3960; x_wconf 91' lang='lat' dir='ltr'><strong>non</strong></span> <span class='ocrx_word' id='word_1_385' title='bbox 1806 3905 1984 3960; x_wconf 92' lang='lat' dir='ltr'><strong>solum</strong></span> 
     </span>
    </p>
   </div>
   <div class='ocr_carea' id='block_1_51' title="bbox 411 3993 1986 4077">
    <p class='ocr_par' dir='ltr' id='par_1_51' title="bbox 411 3993 1986 4077">
     <span class='ocr_line' id='line_1_51' title="bbox 411 3993 1986 4077; baseline 0.004 -31"><span class='ocrx_word' id='word_1_386' title='bbox 411 4006 509 4067; x_wconf 88' lang='lat' dir='ltr'><strong>par</strong></span> <span class='ocrx_word' id='word_1_387' title='bbox 534 3993 601 4062; x_wconf 84' lang='lat' dir='ltr'><strong>ad</strong></span> <span class='ocrx_word' id='word_1_388' title='bbox 637 3993 823 4050; x_wconf 90' lang='lat' dir='ltr'><strong>lunam</strong></span> <span class='ocrx_word' id='word_1_389' title='bbox 862 3996 1115 4060; x_wconf 86' lang='lat' dir='ltr'><strong>evadere,</strong></span> <span class='ocrx_word' id='word_1_390' title='bbox 1148 3998 1245 4053; x_wconf 92' lang='lat' dir='ltr'><strong>sed</strong></span> <span class='ocrx_word' id='word_1_391' title='bbox 1293 4000 1545 4077; x_wconf 81' lang='lat' dir='ltr'><strong>superius</strong></span> <span class='ocrx_word' id='word_1_392' title='bbox 1584 3998 1851 4068; x_wconf 91' lang='lat' dir='ltr'><strong>quidquid</strong></span> <span class='ocrx_word' id='word_1_393' title='bbox 1900 4005 1986 4054; x_wconf 91' lang='lat' dir='ltr'><strong>est</strong></span> 
     </span>
    </p>
   </div>
   <div class='ocr_carea' id='block_1_52' title="bbox 412 4086 1984 4164">
    <p class='ocr_par' dir='ltr' id='par_1_52' title="bbox 412 4086 1984 4164">
     <span class='ocr_line' id='line_1_52' title="bbox 412 4086 1984 4164; baseline 0.007 -28"><span class='ocrx_word' id='word_1_394' title='bbox 412 4086 802 4144; x_wconf 85' lang='lat' dir='ltr'><strong>transcendere</strong></span> <span class='ocrx_word' id='word_1_395' title='bbox 834 4107 846 4142; x_wconf 90' lang='lat'><strong>:</strong></span> <span class='ocrx_word' id='word_1_396' title='bbox 880 4089 966 4143; x_wconf 90' lang='lat' dir='ltr'><strong>sin</strong></span> <span class='ocrx_word' id='word_1_397' title='bbox 997 4097 1177 4145; x_wconf 89' lang='lat' dir='ltr'><strong>autem</strong></span> <span class='ocrx_word' id='word_1_398' title='bbox 1207 4105 1391 4162; x_wconf 77' lang='lat' dir='ltr'><strong>grave,</strong></span> <span class='ocrx_word' id='word_1_399' title='bbox 1423 4107 1524 4147; x_wconf 91' lang='lat' dir='ltr'><strong>nec</strong></span> <span class='ocrx_word' id='word_1_400' title='bbox 1554 4107 1584 4146; x_wconf 94' lang='lat' dir='ltr'><strong>a</strong></span> <span class='ocrx_word' id='word_1_401' title='bbox 1610 4092 1880 4164; x_wconf 89' lang='lat' dir='ltr'><strong>principio</strong></span> <span class='ocrx_word' id='word_1_402' title='bbox 1917 4091 1984 4147; x_wconf 90' lang='lat' dir='ltr'><strong>ad</strong></span> 
     </span>
    </p>
   </div>
   <div class='ocr_carea' id='block_1_53' title="bbox 409 4167 1801 4253">
    <p class='ocr_par' dir='ltr' id='par_1_53' title="bbox 409 4167 1801 4253">
     <span class='ocr_line' id='line_1_53' title="bbox 409 4167 1801 4253; baseline 0.009 -21"><span class='ocrx_word' id='word_1_403' title='bbox 409 4177 594 4233; x_wconf 81' lang='lat' dir='ltr'><strong>lunam</strong></span> <span class='ocrx_word' id='word_1_404' title='bbox 630 4177 758 4249; x_wconf 86' lang='lat' dir='ltr'><strong>licet</strong></span> <span class='ocrx_word' id='word_1_405' title='bbox 796 4181 1083 4253; x_wconf 83' lang='lat' dir='ltr'><strong>attingere.</strong></span> <span class='ocrx_word' id='word_1_406' title='bbox 1218 4167 1222 4171; x_wconf 52' lang='grc'><strong>’</strong></span> <span class='ocrx_word' id='word_1_407' title='bbox 1800 4171 1801 4178; x_wconf 26' lang='grc'><em>“</em></span> 
     </span>
    </p>
   </div>
   <div class='ocr_carea' id='block_1_54' title="bbox 478 4269 1984 4351">
    <p class='ocr_par' dir='ltr' id='par_1_54' title="bbox 478 4269 1984 4351">
     <span class='ocr_line' id='line_1_54' title="bbox 478 4269 1984 4351; baseline 0.005 -27"><span class='ocrx_word' id='word_1_408' title='bbox 478 4269 740 4338; x_wconf 65' lang='lat' dir='ltr'><strong>Quaenam</strong></span> <span class='ocrx_word' id='word_1_409' title='bbox 770 4290 899 4330; x_wconf 88' lang='lat' dir='ltr'><strong>vero</strong></span> <span class='ocrx_word' id='word_1_410' title='bbox 924 4276 1066 4331; x_wconf 90' lang='lat' dir='ltr'><strong>ratio</strong></span> <span class='ocrx_word' id='word_1_411' title='bbox 1109 4284 1212 4346; x_wconf 84' lang='lat' dir='ltr'><strong>est,</strong></span> <span class='ocrx_word' id='word_1_412' title='bbox 1251 4283 1313 4336; x_wconf 90' lang='lat' dir='ltr'><strong>ut</strong></span> <span class='ocrx_word' id='word_1_413' title='bbox 1351 4276 1498 4348; x_wconf 91' lang='lat' dir='ltr'><strong>quod</strong></span> <span class='ocrx_word' id='word_1_414' title='bbox 1524 4277 1761 4351; x_wconf 91' lang='lat' dir='ltr'><strong>primum</strong></span> <span class='ocrx_word' id='word_1_415' title='bbox 1807 4277 1874 4340; x_wconf 85' lang='lat' dir='ltr'><strong>ad</strong></span> <span class='ocrx_word' id='word_1_416' title='bbox 1905 4278 1984 4332; x_wconf 87' lang='lat' dir='ltr'><strong>lu-</strong></span> 
     </span>
    </p>
   </div>
   <div class='ocr_carea' id='block_1_55' title="bbox 407 4365 1977 4438">
    <p class='ocr_par' dir='ltr' id='par_1_55' title="bbox 407 4365 1977 4438">
     <span class='ocr_line' id='line_1_55' title="bbox 407 4365 1977 4438; baseline 0.006 -23"><span class='ocrx_word' id='word_1_417' title='bbox 407 4371 535 4417; x_wconf 85' lang='lat' dir='ltr'><strong>nam</strong></span> <span class='ocrx_word' id='word_1_418' title='bbox 578 4365 817 4433; x_wconf 78' lang='lat' dir='ltr'><strong>advenit,</strong></span> <span class='ocrx_word' id='word_1_419' title='bbox 845 4384 957 4424; x_wconf 92' lang='lat' dir='ltr'><strong>non</strong></span> <span class='ocrx_word' id='word_1_420' title='bbox 1004 4370 1189 4426; x_wconf 84' lang='lat' dir='ltr'><strong>statim</strong></span> <span class='ocrx_word' id='word_1_421' title='bbox 1237 4369 1306 4424; x_wconf 91' lang='lat' dir='ltr'><strong>ad</strong></span> <span class='ocrx_word' id='word_1_422' title='bbox 1347 4371 1517 4426; x_wconf 88' lang='lat' dir='ltr'><strong>solem</strong></span> <span class='ocrx_word' id='word_1_423' title='bbox 1547 4370 1977 4438; x_wconf 84' lang='lat' dir='ltr'><strong>transmittatur,</strong></span> 
     </span>
    </p>
   </div>
   <div class='ocr_carea' id='block_1_56' title="bbox 408 4455 1980 4538">
    <p class='ocr_par' dir='ltr' id='par_1_56' title="bbox 408 4455 1980 4538">
     <span class='ocr_line' id='line_1_56' title="bbox 408 4455 1980 4538; baseline 0.005 -28"><span class='ocrx_word' id='word_1_424' title='bbox 408 4455 504 4510; x_wconf 89' lang='lat' dir='ltr'><strong>sed</strong></span> <span class='ocrx_word' id='word_1_425' title='bbox 533 4467 811 4538; x_wconf 85' lang='lat' dir='ltr'><strong>exspectet</strong></span> <span class='ocrx_word' id='word_1_426' title='bbox 856 4475 981 4514; x_wconf 92' lang='lat' dir='ltr'><strong>cum</strong></span> <span class='ocrx_word' id='word_1_427' title='bbox 1014 4462 1172 4532; x_wconf 86' lang='lat' dir='ltr'><strong>plena</strong></span> <span class='ocrx_word' id='word_1_428' title='bbox 1221 4469 1324 4529; x_wconf 92' lang='lat' dir='ltr'><strong>est,</strong></span> <span class='ocrx_word' id='word_1_429' title='bbox 1358 4463 1488 4516; x_wconf 92' lang='lat' dir='ltr'><strong>dum</strong></span> <span class='ocrx_word' id='word_1_430' title='bbox 1517 4463 1743 4533; x_wconf 64' lang='lat' dir='ltr'><strong>reliquae</strong></span> <span class='ocrx_word' id='word_1_431' title='bbox 1785 4464 1980 4519; x_wconf 71' lang='lat' dir='ltr'><strong>anima:</strong></span> 
     </span>
    </p>
   </div>
   <div class='ocr_carea' id='block_1_57' title="bbox 409 4547 1979 4625">
    <p class='ocr_par' dir='ltr' id='par_1_57' title="bbox 409 4547 1979 4625">
     <span class='ocr_line' id='line_1_57' title="bbox 409 4547 1979 4625; baseline 0.006 -25"><span class='ocrx_word' id='word_1_432' title='bbox 409 4547 740 4604; x_wconf 88' lang='lat' dir='ltr'><strong>adveniant?</strong></span> <span class='ocrx_word' id='word_1_433' title='bbox 768 4549 901 4605; x_wconf 90' lang='lat' dir='ltr'><strong>Cum</strong></span> <span class='ocrx_word' id='word_1_434' title='bbox 946 4553 1114 4622; x_wconf 80' lang='lat' dir='ltr'><strong>igitur</strong></span> <span class='ocrx_word' id='word_1_435' title='bbox 1146 4554 1272 4607; x_wconf 89' lang='lat' dir='ltr'><strong>luna</strong></span> <span class='ocrx_word' id='word_1_436' title='bbox 1306 4569 1427 4625; x_wconf 72' lang='lat' dir='ltr'><strong>quas</strong></span> <span class='ocrx_word' id='word_1_437' title='bbox 1460 4555 1621 4624; x_wconf 89' lang='lat' dir='ltr'><strong>plena</strong></span> <span class='ocrx_word' id='word_1_438' title='bbox 1667 4563 1833 4620; x_wconf 91' lang='lat' dir='ltr'><strong>esset,</strong></span> <span class='ocrx_word' id='word_1_439' title='bbox 1884 4557 1979 4610; x_wconf 91' lang='lat' dir='ltr'><strong>de-</strong></span> 
     </span>
    </p>
   </div>
   <div class='ocr_carea' id='block_1_58' title="bbox 2101 2067 3670 2144">
    <p class='ocr_par' dir='ltr' id='par_1_58' title="bbox 2101 2067 3670 2144">
     <span class='ocr_line' id='line_1_58' title="bbox 2101 2067 3670 2144; baseline 0.001 -24"><span class='ocrx_word' id='word_1_440' title='bbox 2101 2081 2280 2136; x_wconf 88' lang='grc' dir='ltr'>ναμιν,</span> <span class='ocrx_word' id='word_1_441' title='bbox 2311 2067 2451 2121; x_wconf 83' lang='grc' dir='ltr'>κατὰ</span> <span class='ocrx_word' id='word_1_442' title='bbox 2480 2069 2672 2141; x_wconf 77' lang='grc' dir='ltr'>μικρὸν</span> <span class='ocrx_word' id='word_1_443' title='bbox 2696 2069 3069 2140; x_wconf 69' lang='grc' dir='ltr'>διακρίναντες</span> <span class='ocrx_word' id='word_1_444' title='bbox 3093 2069 3198 2123; x_wconf 73' lang='grc' dir='ltr'><strong>ἀπὸ</strong></span> <span class='ocrx_word' id='word_1_445' title='bbox 3225 2069 3326 2140; x_wconf 83' lang='grc' dir='ltr'>τῆς</span> <span class='ocrx_word' id='word_1_446' title='bbox 3355 2069 3505 2144; x_wconf 66' lang='grc' dir='ltr'>ὕλης,</span> <span class='ocrx_word' id='word_1_447' title='bbox 3532 2070 3670 2142; x_wconf 77' lang='grc' dir='ltr'>πρὸς</span> 
     </span>
    </p>
   </div>
   <div class='ocr_carea' id='block_1_59' title="bbox 2097 2156 3669 2234">
    <p class='ocr_par' dir='ltr' id='par_1_59' title="bbox 2097 2156 3669 2234">
     <span class='ocr_line' id='line_1_59' title="bbox 2097 2156 3669 2234; baseline 0.001 -22"><span class='ocrx_word' id='word_1_448' title='bbox 2097 2158 2187 2212; x_wconf 78' lang='grc' dir='ltr'>τὸν</span> <span class='ocrx_word' id='word_1_449' title='bbox 2206 2160 2339 2214; x_wconf 81' lang='grc' dir='ltr'>Θεὸν</span> <span class='ocrx_word' id='word_1_450' title='bbox 2366 2160 2754 2233; x_wconf 79' lang='grc' dir='ltr'>παρέπεμψαν.</span> <span class='ocrx_word' id='word_1_451' title='bbox 2775 2156 2841 2214; x_wconf 75' lang='grc' dir='ltr'><strong>Εἴ</strong></span> <span class='ocrx_word' id='word_1_452' title='bbox 2857 2161 2900 2214; x_wconf 81' lang='grc' dir='ltr'>δ’</span> <span class='ocrx_word' id='word_1_453' title='bbox 2921 2157 3061 2234; x_wconf 78' lang='grc' dir='ltr'>ἦσαν</span> <span class='ocrx_word' id='word_1_454' title='bbox 3087 2161 3181 2216; x_wconf 75' lang='grc' dir='ltr'><strong>καὶ</strong></span> <span class='ocrx_word' id='word_1_455' title='bbox 3200 2159 3344 2216; x_wconf 87' lang='grc' dir='ltr'><strong>κατά</strong></span> <span class='ocrx_word' id='word_1_456' title='bbox 3371 2161 3566 2233; x_wconf 79' lang='grc' dir='ltr'>μικρὸν</span> <span class='ocrx_word' id='word_1_457' title='bbox 3588 2162 3669 2224; x_wconf 86' lang='grc' dir='ltr'><strong>είς</strong></span> 
     </span>
    </p>
   </div>
   <div class='ocr_carea' id='block_1_60' title="bbox 2098 2235 3670 2325">
    <p class='ocr_par' dir='ltr' id='par_1_60' title="bbox 2098 2235 3670 2325">
     <span class='ocr_line' id='line_1_60' title="bbox 2098 2235 3670 2325; baseline 0.002 -21"><span class='ocrx_word' id='word_1_458' title='bbox 2098 2251 2449 2323; x_wconf 79' lang='grc' dir='ltr'>ἀστρονόμων</span> <span class='ocrx_word' id='word_1_459' title='bbox 2481 2252 2652 2324; x_wconf 84' lang='grc' dir='ltr'>θύρας</span> <span class='ocrx_word' id='word_1_460' title='bbox 2700 2235 3092 2325; x_wconf 75' lang='grc' dir='ltr'>φοιτήσαντες,</span> <span class='ocrx_word' id='word_1_461' title='bbox 3129 2253 3230 2307; x_wconf 79' lang='grc' dir='ltr'><strong>οὐκ</strong></span> <span class='ocrx_word' id='word_1_462' title='bbox 3263 2252 3330 2308; x_wconf 81' lang='grc' dir='ltr'><strong>ἂν</strong></span> <span class='ocrx_word' id='word_1_463' title='bbox 3367 2253 3540 2308; x_wconf 83' lang='grc' dir='ltr'>ταῦτα</span> <span class='ocrx_word' id='word_1_464' title='bbox 3573 2270 3670 2307; x_wconf 80' lang='grc' dir='ltr'>πε-</span> 
     </span>
    </p>
   </div>
   <div class='ocr_carea' id='block_1_61' title="bbox 2097 2343 3670 2419">
    <p class='ocr_par' dir='ltr' id='par_1_61' title="bbox 2097 2343 3670 2419">
     <span class='ocr_line' id='line_1_61' title="bbox 2097 2343 3670 2419; baseline 0.003 -23"><span class='ocrx_word' id='word_1_465' title='bbox 2097 2343 2365 2406; x_wconf 84' lang='grc' dir='ltr'>πόνθεσαν</span> <span class='ocrx_word' id='word_1_466' title='bbox 2390 2361 2404 2375; x_wconf 89' lang='grc'><strong>·</strong></span> <span class='ocrx_word' id='word_1_467' title='bbox 2451 2344 2573 2399; x_wconf 77' lang='grc' dir='ltr'>οὔτε</span> <span class='ocrx_word' id='word_1_468' title='bbox 2625 2346 2898 2417; x_wconf 78' lang='grc' dir='ltr'>ἠγνόησαν</span> <span class='ocrx_word' id='word_1_469' title='bbox 2945 2347 3032 2412; x_wconf 81' lang='grc' dir='ltr'><strong>ἂν,</strong></span> <span class='ocrx_word' id='word_1_470' title='bbox 3071 2347 3154 2400; x_wconf 81' lang='grc' dir='ltr'>ὅτι</span> <span class='ocrx_word' id='word_1_471' title='bbox 3201 2347 3236 2418; x_wconf 85' lang='grc' dir='ltr'><strong>ή</strong></span> <span class='ocrx_word' id='word_1_472' title='bbox 3283 2346 3480 2419; x_wconf 87' lang='grc' dir='ltr'>σελήνη</span> <span class='ocrx_word' id='word_1_473' title='bbox 3528 2347 3670 2401; x_wconf 87' lang='grc' dir='ltr'>κατά</span> 
     </span>
    </p>
   </div>
   <div class='ocr_carea' id='block_1_62' title="bbox 2093 2425 3669 2511">
    <p class='ocr_par' dir='ltr' id='par_1_62' title="bbox 2093 2425 3669 2511">
     <span class='ocr_line' id='line_1_62' title="bbox 2093 2425 3669 2511; baseline 0.003 -22"><span class='ocrx_word' id='word_1_474' title='bbox 2093 2453 2246 2500; x_wconf 87' lang='grc' dir='ltr'>τινας</span> <span class='ocrx_word' id='word_1_475' title='bbox 2269 2435 2497 2510; x_wconf 74' lang='grc' dir='ltr'>ἄμοιρος</span> <span class='ocrx_word' id='word_1_476' title='bbox 2536 2433 2672 2492; x_wconf 77' lang='grc' dir='ltr'>οὖσα</span> <span class='ocrx_word' id='word_1_477' title='bbox 2707 2439 2836 2506; x_wconf 86' lang='grc' dir='ltr'>ίδίου</span> <span class='ocrx_word' id='word_1_478' title='bbox 2869 2439 3066 2509; x_wconf 82' lang='grc' dir='ltr'>φωτὸς,</span> <span class='ocrx_word' id='word_1_479' title='bbox 3106 2439 3210 2493; x_wconf 82' lang='grc' dir='ltr'><strong>ὑπὸ</strong></span> <span class='ocrx_word' id='word_1_480' title='bbox 3245 2439 3340 2493; x_wconf 87' lang='grc' dir='ltr'><strong>τοῦ</strong></span> <span class='ocrx_word' id='word_1_481' title='bbox 3381 2425 3531 2511; x_wconf 82' lang='grc' dir='ltr'>ήλίου</span> <span class='ocrx_word' id='word_1_482' title='bbox 3571 2458 3669 2494; x_wconf 85' lang='grc' dir='ltr'>κα-</span> 
     </span>
    </p>
   </div>
   <div class='ocr_carea' id='block_1_63' title="bbox 2093 2528 3669 2604">
    <p class='ocr_par' dir='ltr' id='par_1_63' title="bbox 2093 2528 3669 2604">
     <span class='ocr_line' id='line_1_63' title="bbox 2093 2528 3669 2604; baseline 0.003 -22"><span class='ocrx_word' id='word_1_483' title='bbox 2093 2528 2453 2601; x_wconf 83' lang='grc' dir='ltr'>ταλάμπεται·</span> <span class='ocrx_word' id='word_1_484' title='bbox 2482 2531 2576 2584; x_wconf 76' lang='grc' dir='ltr'><strong>καὶ</strong></span> <span class='ocrx_word' id='word_1_485' title='bbox 2596 2532 2678 2584; x_wconf 84' lang='grc' dir='ltr'><strong>ὅτι</strong></span> <span class='ocrx_word' id='word_1_486' title='bbox 2705 2533 2755 2587; x_wconf 77' lang='lat' dir='ltr'><strong>ot</strong></span> <span class='ocrx_word' id='word_1_487' title='bbox 2783 2534 3155 2604; x_wconf 77' lang='grc' dir='ltr'>σχηματισμοὶ</span> <span class='ocrx_word' id='word_1_488' title='bbox 3182 2533 3354 2604; x_wconf 75' lang='grc' dir='ltr'>αὐτῆς</span> <span class='ocrx_word' id='word_1_489' title='bbox 3380 2536 3484 2586; x_wconf 90' lang='grc' dir='ltr'>είσι</span> <span class='ocrx_word' id='word_1_490' title='bbox 3514 2532 3669 2604; x_wconf 82' lang='grc' dir='ltr'>παρὰ</span> 
     </span>
    </p>
   </div>
   <div class='ocr_carea' id='block_1_64' title="bbox 2094 2621 3663 2698">
    <p class='ocr_par' dir='ltr' id='par_1_64' title="bbox 2094 2621 3663 2698">
     <span class='ocr_line' id='line_1_64' title="bbox 2094 2621 3663 2698; baseline 0.001 -22"><span class='ocrx_word' id='word_1_491' title='bbox 2094 2621 2194 2686; x_wconf 79' lang='grc' dir='ltr'>τὰς</span> <span class='ocrx_word' id='word_1_492' title='bbox 2228 2622 2324 2677; x_wconf 90' lang='grc' dir='ltr'><strong>τοῦ</strong></span> <span class='ocrx_word' id='word_1_493' title='bbox 2351 2622 2501 2694; x_wconf 82' lang='grc' dir='ltr'>ἡλίου</span> <span class='ocrx_word' id='word_1_494' title='bbox 2538 2624 2882 2689; x_wconf 77' lang='grc' dir='ltr'>διαστάσεις·</span> <span class='ocrx_word' id='word_1_495' title='bbox 2928 2625 3264 2698; x_wconf 83' lang='grc' dir='ltr'>πανσέληνός</span> <span class='ocrx_word' id='word_1_496' title='bbox 3300 2643 3360 2679; x_wconf 90' lang='grc' dir='ltr'><strong>τε</strong></span> <span class='ocrx_word' id='word_1_497' title='bbox 3399 2625 3663 2695; x_wconf 83' lang='grc' dir='ltr'>γίγνεται,</span> 
     </span>
    </p>
   </div>
   <div class='ocr_carea' id='block_1_65' title="bbox 2093 2713 3667 2789">
    <p class='ocr_par' dir='ltr' id='par_1_65' title="bbox 2093 2713 3667 2789">
     <span class='ocr_line' id='line_1_65' title="bbox 2093 2713 3667 2789; baseline 0.003 -22"><span class='ocrx_word' id='word_1_498' title='bbox 2093 2713 2171 2767; x_wconf 83' lang='grc' dir='ltr'><strong>ὅτ’</strong></span> <span class='ocrx_word' id='word_1_499' title='bbox 2199 2713 2266 2768; x_wconf 80' lang='grc' dir='ltr'><strong>ἂν</strong></span> <span class='ocrx_word' id='word_1_500' title='bbox 2297 2714 2476 2789; x_wconf 80' lang='grc' dir='ltr'>ἀπέχῃ</span> <span class='ocrx_word' id='word_1_501' title='bbox 2511 2715 2606 2769; x_wconf 88' lang='grc' dir='ltr'><strong>τοῦ</strong></span> <span class='ocrx_word' id='word_1_502' title='bbox 2648 2715 2797 2788; x_wconf 89' lang='grc' dir='ltr'>ήλίου</span> <span class='ocrx_word' id='word_1_503' title='bbox 2836 2716 2936 2782; x_wconf 83' lang='grc' dir='ltr'>τὰς</span> <span class='ocrx_word' id='word_1_504' title='bbox 2975 2717 3169 2773; x_wconf 78' lang='grc' dir='ltr'>ἑκατὸν</span> <span class='ocrx_word' id='word_1_505' title='bbox 3206 2717 3303 2770; x_wconf 79' lang='grc' dir='ltr'>καὶ</span> <span class='ocrx_word' id='word_1_506' title='bbox 3343 2717 3667 2789; x_wconf 84' lang='grc' dir='ltr'>ὀγδοήκοντα</span> 
     </span>
    </p>
   </div>
   <div class='ocr_carea' id='block_1_66' title="bbox 2097 2799 3668 2882">
    <p class='ocr_par' dir='ltr' id='par_1_66' title="bbox 2097 2799 3668 2882">
     <span class='ocr_line' id='line_1_66' title="bbox 2097 2799 3668 2882; baseline 0.001 -23"><span class='ocrx_word' id='word_1_507' title='bbox 2097 2806 2318 2878; x_wconf 78' lang='grc' dir='ltr'>μοίραςο</span> <span class='ocrx_word' id='word_1_508' title='bbox 2363 2808 2581 2873; x_wconf 83' lang='grc' dir='ltr'>σύνοδος</span> <span class='ocrx_word' id='word_1_509' title='bbox 2620 2808 2698 2874; x_wconf 88' lang='grc' dir='ltr'><strong>δὲ,</strong></span> <span class='ocrx_word' id='word_1_510' title='bbox 2742 2810 2818 2864; x_wconf 84' lang='grc' dir='ltr'><strong>ὅτ’</strong></span> <span class='ocrx_word' id='word_1_511' title='bbox 2844 2809 2911 2863; x_wconf 85' lang='grc' dir='ltr'><strong>ἀν</strong></span> <span class='ocrx_word' id='word_1_512' title='bbox 2948 2810 3042 2863; x_wconf 78' lang='grc' dir='ltr'>ἐπὶ</span> <span class='ocrx_word' id='word_1_513' title='bbox 3081 2809 3183 2881; x_wconf 82' lang='grc' dir='ltr'>τῆς</span> <span class='ocrx_word' id='word_1_514' title='bbox 3223 2799 3400 2882; x_wconf 80' lang='grc' dir='ltr'>αὐτῆς</span> <span class='ocrx_word' id='word_1_515' title='bbox 3429 2809 3506 2880; x_wconf 83' lang='grc' dir='ltr'>τῷ</span> <span class='ocrx_word' id='word_1_516' title='bbox 3531 2807 3668 2880; x_wconf 85' lang='grc' dir='ltr'>ήλίῳ</span> 
     </span>
    </p>
   </div>
   <div class='ocr_carea' id='block_1_67' title="bbox 2093 2897 3669 2977">
    <p class='ocr_par' dir='ltr' id='par_1_67' title="bbox 2093 2897 3669 2977">
     <span class='ocr_line' id='line_1_67' title="bbox 2093 2897 3669 2977; baseline 0.003 -27"><span class='ocrx_word' id='word_1_517' title='bbox 2093 2897 2328 2969; x_wconf 82' lang='grc' dir='ltr'>φέρηται</span> <span class='ocrx_word' id='word_1_518' title='bbox 2353 2899 2566 2972; x_wconf 87' lang='grc' dir='ltr'>μοίρας.</span> <span class='ocrx_word' id='word_1_519' title='bbox 2596 2901 2826 2956; x_wconf 86' lang='grc' dir='ltr'>Ἔπειτα</span> <span class='ocrx_word' id='word_1_520' title='bbox 2852 2901 2910 2955; x_wconf 78' lang='grc' dir='ltr'>δὲ</span> <span class='ocrx_word' id='word_1_521' title='bbox 2932 2901 3048 2965; x_wconf 88' lang='grc' dir='ltr'><strong>πῶς</strong></span> <span class='ocrx_word' id='word_1_522' title='bbox 3073 2902 3134 2955; x_wconf 81' lang='grc' dir='ltr'>οὐ</span> <span class='ocrx_word' id='word_1_523' title='bbox 3166 2901 3496 2974; x_wconf 76' lang='grc' dir='ltr'>θαυμαστὸν,</span> <span class='ocrx_word' id='word_1_524' title='bbox 3522 2902 3669 2977; x_wconf 78' lang='grc' dir='ltr'>ὅπως</span> 
     </span>
    </p>
   </div>
   <div class='ocr_carea' id='block_1_68' title="bbox 2093 2979 3666 3066">
    <p class='ocr_par' dir='ltr' id='par_1_68' title="bbox 2093 2979 3666 3066">
     <span class='ocr_line' id='line_1_68' title="bbox 2093 2979 3666 3066; baseline 0.004 -24"><span class='ocrx_word' id='word_1_525' title='bbox 2093 2979 2226 3042; x_wconf 83' lang='grc' dir='ltr'>ποτὲ</span> <span class='ocrx_word' id='word_1_526' title='bbox 2259 2991 2451 3060; x_wconf 74' lang='grc' dir='ltr'>πολλαὶ</span> <span class='ocrx_word' id='word_1_527' title='bbox 2481 2987 2636 3046; x_wconf 79' lang='grc' dir='ltr'>οὖσαι</span> <span class='ocrx_word' id='word_1_528' title='bbox 2676 2995 2730 3045; x_wconf 81' lang='grc' dir='ltr'>αἱ</span> <span class='ocrx_word' id='word_1_529' title='bbox 2758 2993 2930 3064; x_wconf 79' lang='grc' dir='ltr'>ψυχαὶ</span> <span class='ocrx_word' id='word_1_530' title='bbox 2951 2993 3046 3047; x_wconf 76' lang='grc' dir='ltr'>καὶ</span> <span class='ocrx_word' id='word_1_531' title='bbox 3084 2992 3194 3048; x_wconf 78' lang='grc' dir='ltr'><strong>ἀπὸ</strong></span> <span class='ocrx_word' id='word_1_532' title='bbox 3221 2992 3492 3066; x_wconf 78' lang='grc' dir='ltr'>διαφόρων</span> <span class='ocrx_word' id='word_1_533' title='bbox 3515 3012 3530 3061; x_wconf 88' lang='grc'><strong>;</strong></span> <span class='ocrx_word' id='word_1_534' title='bbox 3555 2995 3666 3048; x_wconf 73' lang='grc' dir='ltr'>Καὶ</span> 
     </span>
    </p>
   </div>
   <div class='ocr_carea' id='block_1_69' title="bbox 2093 3079 3666 3159">
    <p class='ocr_par' dir='ltr' id='par_1_69' title="bbox 2093 3079 3666 3159">
     <span class='ocr_line' id='line_1_69' title="bbox 2093 3079 3666 3159; baseline 0.004 -24"><span class='ocrx_word' id='word_1_535' title='bbox 2093 3079 2202 3154; x_wconf 84' lang='grc' dir='ltr'><strong>γὰρ</strong></span> <span class='ocrx_word' id='word_1_536' title='bbox 2234 3082 2326 3136; x_wconf 90' lang='grc' dir='ltr'><strong>τοῦ</strong></span> <span class='ocrx_word' id='word_1_537' title='bbox 2360 3083 2564 3156; x_wconf 84' lang='grc' dir='ltr'>κόσμου</span> <span class='ocrx_word' id='word_1_538' title='bbox 2595 3084 2760 3143; x_wconf 83' lang='grc' dir='ltr'>αὐτοῦ</span> <span class='ocrx_word' id='word_1_539' title='bbox 2785 3087 2880 3140; x_wconf 80' lang='grc' dir='ltr'>καὶ</span> <span class='ocrx_word' id='word_1_540' title='bbox 2903 3085 3056 3150; x_wconf 84' lang='grc' dir='ltr'>ζώων</span> <span class='ocrx_word' id='word_1_541' title='bbox 3076 3086 3171 3142; x_wconf 75' lang='grc' dir='ltr'>καὶ</span> <span class='ocrx_word' id='word_1_542' title='bbox 3193 3086 3378 3157; x_wconf 86' lang='grc' dir='ltr'>φυτῶν</span> <span class='ocrx_word' id='word_1_543' title='bbox 3407 3088 3503 3141; x_wconf 71' lang='grc' dir='ltr'>καὶ</span> <span class='ocrx_word' id='word_1_544' title='bbox 3533 3105 3666 3159; x_wconf 85' lang='grc' dir='ltr'>νυμ-</span> 
     </span>
    </p>
   </div>
   <div class='ocr_carea' id='block_1_70' title="bbox 2092 3177 3664 3251">
    <p class='ocr_par' dir='ltr' id='par_1_70' title="bbox 2092 3177 3664 3251">
     <span class='ocr_line' id='line_1_70' title="bbox 2092 3177 3664 3251; baseline 0.001 -21"><span class='ocrx_word' id='word_1_545' title='bbox 2092 3177 2209 3248; x_wconf 88' lang='grc' dir='ltr'><strong>φῶν</strong></span> <span class='ocrx_word' id='word_1_546' title='bbox 2234 3179 2328 3232; x_wconf 70' lang='grc' dir='ltr'><strong>καὶ</strong></span> <span class='ocrx_word' id='word_1_547' title='bbox 2351 3178 2617 3251; x_wconf 68' lang='grc' dir='ltr'>δαιμόνων</span> <span class='ocrx_word' id='word_1_548' title='bbox 2658 3178 2812 3237; x_wconf 82' lang='grc' dir='ltr'>είσίν·</span> <span class='ocrx_word' id='word_1_549' title='bbox 2845 3180 2938 3233; x_wconf 72' lang='grc' dir='ltr'><strong>καὶ</strong></span> <span class='ocrx_word' id='word_1_550' title='bbox 2958 3181 3016 3233; x_wconf 85' lang='grc' dir='ltr'>ὲν</span> <span class='ocrx_word' id='word_1_551' title='bbox 3044 3177 3253 3243; x_wconf 79' lang='grc' dir='ltr'>τούτοις</span> <span class='ocrx_word' id='word_1_552' title='bbox 3281 3179 3518 3250; x_wconf 81' lang='grc' dir='ltr'>πτηνῶν.</span> <span class='ocrx_word' id='word_1_553' title='bbox 3539 3196 3664 3251; x_wconf 88' lang='grc' dir='ltr'>χερ-</span> 
     </span>
    </p>
   </div>
   <div class='ocr_carea' id='block_1_71' title="bbox 2093 3270 3665 3342">
    <p class='ocr_par' dir='ltr' id='par_1_71' title="bbox 2093 3270 3665 3342">
     <span class='ocr_line' id='line_1_71' title="bbox 2093 3270 3665 3342; baseline -0.001 -19"><span class='ocrx_word' id='word_1_554' title='bbox 2093 3270 2283 3335; x_wconf 89' lang='grc' dir='ltr'>σαίων,</span> <span class='ocrx_word' id='word_1_555' title='bbox 2327 3271 2604 3342; x_wconf 78' lang='grc' dir='ltr'>ἀμφιϐίων</span> <span class='ocrx_word' id='word_1_556' title='bbox 2635 3270 2997 3342; x_wconf 85' lang='grc' dir='ltr'>διακρίνονται</span> <span class='ocrx_word' id='word_1_557' title='bbox 3035 3273 3102 3342; x_wconf 80' lang='grc' dir='ltr'>τῇ</span> <span class='ocrx_word' id='word_1_558' title='bbox 3149 3270 3298 3342; x_wconf 72' lang='grc' dir='ltr'>ὕψει·</span> <span class='ocrx_word' id='word_1_559' title='bbox 3333 3270 3470 3324; x_wconf 87' lang='grc' dir='ltr'><strong>ἀλλά</strong></span> <span class='ocrx_word' id='word_1_560' title='bbox 3510 3271 3568 3325; x_wconf 77' lang='grc' dir='ltr'>ἓν</span> <span class='ocrx_word' id='word_1_561' title='bbox 3611 3287 3665 3341; x_wconf 83' lang='grc' dir='ltr'><strong>τι</strong></span> 
     </span>
    </p>
   </div>
   <div class='ocr_carea' id='block_1_72' title="bbox 2097 3360 3664 3436">
    <p class='ocr_par' dir='ltr' id='par_1_72' title="bbox 2097 3360 3664 3436">
     <span class='ocr_line' id='line_1_72' title="bbox 2097 3360 3664 3436; baseline -0.002 -17"><span class='ocrx_word' id='word_1_562' title='bbox 2097 3362 2260 3436; x_wconf 88' lang='grc' dir='ltr'>σῶμα</span> <span class='ocrx_word' id='word_1_563' title='bbox 2284 3365 2468 3435; x_wconf 85' lang='grc' dir='ltr'>ὅμοιον</span> <span class='ocrx_word' id='word_1_564' title='bbox 2499 3364 2586 3418; x_wconf 78' lang='grc' dir='ltr'><strong>ἀεὶ</strong></span> <span class='ocrx_word' id='word_1_565' title='bbox 2611 3364 2696 3418; x_wconf 85' lang='grc' dir='ltr'>διὰ</span> <span class='ocrx_word' id='word_1_566' title='bbox 2725 3360 2924 3429; x_wconf 74' lang='grc' dir='ltr'>παντὸς</span> <span class='ocrx_word' id='word_1_567' title='bbox 2950 3363 3196 3433; x_wconf 84' lang='grc' dir='ltr'>φαίνεται</span> <span class='ocrx_word' id='word_1_568' title='bbox 3231 3365 3364 3436; x_wconf 79' lang='grc' dir='ltr'>ἡμῖν</span> <span class='ocrx_word' id='word_1_569' title='bbox 3393 3364 3452 3417; x_wconf 79' lang='grc' dir='ltr'>ἐν</span> <span class='ocrx_word' id='word_1_570' title='bbox 3480 3367 3546 3436; x_wconf 81' lang='grc' dir='ltr'>τῇ</span> <span class='ocrx_word' id='word_1_571' title='bbox 3577 3380 3664 3416; x_wconf 85' lang='grc' dir='ltr'>σε·</span> 
     </span>
    </p>
   </div>
   <div class='ocr_carea' id='block_1_73' title="bbox 2093 3453 3664 3532">
    <p class='ocr_par' dir='ltr' id='par_1_73' title="bbox 2093 3453 3664 3532">
     <span class='ocr_line' id='line_1_73' title="bbox 2093 3453 3664 3532; baseline 0 -23"><span class='ocrx_word' id='word_1_572' title='bbox 2093 3455 2249 3532; x_wconf 76' lang='grc' dir='ltr'>λήνῃ.</span> <span class='ocrx_word' id='word_1_573' title='bbox 2283 3455 2348 3509; x_wconf 88' lang='grc' dir='ltr'>Τί</span> <span class='ocrx_word' id='word_1_574' title='bbox 2379 3455 2436 3512; x_wconf 81' lang='grc' dir='ltr'>δὲ</span> <span class='ocrx_word' id='word_1_575' title='bbox 2466 3456 2560 3509; x_wconf 77' lang='grc' dir='ltr'><strong>καὶ</strong></span> <span class='ocrx_word' id='word_1_576' title='bbox 2585 3455 2647 3509; x_wconf 81' lang='grc' dir='ltr'><strong>τὸ</strong></span> <span class='ocrx_word' id='word_1_577' title='bbox 2682 3456 2902 3526; x_wconf 85' lang='grc' dir='ltr'>συνεχὲς</span> <span class='ocrx_word' id='word_1_578' title='bbox 2923 3453 3018 3510; x_wconf 89' lang='grc' dir='ltr'><strong>τοῦ</strong></span> <span class='ocrx_word' id='word_1_579' title='bbox 3055 3454 3306 3529; x_wconf 85' lang='grc' dir='ltr'>σώματος</span> <span class='ocrx_word' id='word_1_580' title='bbox 3336 3455 3527 3522; x_wconf 89' lang='grc' dir='ltr'>τοῦτο;</span> <span class='ocrx_word' id='word_1_581' title='bbox 3554 3454 3664 3509; x_wconf 78' lang='grc' dir='ltr'>Καὶ</span> 
     </span>
    </p>
   </div>
   <div class='ocr_carea' id='block_1_74' title="bbox 2091 3535 3663 3620">
    <p class='ocr_par' dir='ltr' id='par_1_74' title="bbox 2091 3535 3663 3620">
     <span class='ocr_line' id='line_1_74' title="bbox 2091 3535 3663 3620; baseline -0.001 -20"><span class='ocrx_word' id='word_1_582' title='bbox 2091 3547 2180 3600; x_wconf 86' lang='grc' dir='ltr'><strong>ὅτε</strong></span> <span class='ocrx_word' id='word_1_583' title='bbox 2220 3547 2317 3618; x_wconf 82' lang='grc' dir='ltr'>μὲν</span> <span class='ocrx_word' id='word_1_584' title='bbox 2350 3545 2636 3619; x_wconf 86' lang='grc' dir='ltr'>διχότομός</span> <span class='ocrx_word' id='word_1_585' title='bbox 2669 3547 2816 3602; x_wconf 75' lang='grc' dir='ltr'>ἐστιν</span> <span class='ocrx_word' id='word_1_586' title='bbox 2855 3549 2888 3618; x_wconf 86' lang='grc' dir='ltr'><strong>ή</strong></span> <span class='ocrx_word' id='word_1_587' title='bbox 2924 3535 3149 3620; x_wconf 76' lang='grc' dir='ltr'>σελήνη,</span> <span class='ocrx_word' id='word_1_588' title='bbox 3176 3548 3500 3619; x_wconf 86' lang='grc' dir='ltr'>φαινόμενον</span> <span class='ocrx_word' id='word_1_589' title='bbox 3529 3549 3663 3617; x_wconf 82' lang='grc' dir='ltr'>ήμι-</span> 
     </span>
    </p>
   </div>
   <div class='ocr_carea' id='block_1_75' title="bbox 2091 3637 3664 3712">
    <p class='ocr_par' dir='ltr' id='par_1_75' title="bbox 2091 3637 3664 3712">
     <span class='ocr_line' id='line_1_75' title="bbox 2091 3637 3664 3712; baseline -0.001 -19"><span class='ocrx_word' id='word_1_590' title='bbox 2091 3637 2340 3693; x_wconf 80' lang='grc' dir='ltr'>κύκλιον·</span> <span class='ocrx_word' id='word_1_591' title='bbox 2387 3639 2477 3692; x_wconf 85' lang='grc' dir='ltr'><strong>ὅτε</strong></span> <span class='ocrx_word' id='word_1_592' title='bbox 2515 3639 2572 3692; x_wconf 85' lang='grc' dir='ltr'><strong>δὲ</strong></span> <span class='ocrx_word' id='word_1_593' title='bbox 2617 3639 2986 3712; x_wconf 81' lang='grc' dir='ltr'>ἀμφίκυρτος,</span> <span class='ocrx_word' id='word_1_594' title='bbox 3022 3639 3262 3692; x_wconf 89' lang='grc' dir='ltr'>τοιοῦτον</span> <span class='ocrx_word' id='word_1_595' title='bbox 3302 3639 3483 3710; x_wconf 79' lang='grc' dir='ltr'>πάλιν.</span> <span class='ocrx_word' id='word_1_596' title='bbox 3539 3640 3664 3704; x_wconf 84' lang='grc' dir='ltr'>Πῶς</span> 
     </span>
    </p>
   </div>
   <div class='ocr_carea' id='block_1_76' title="bbox 2089 3730 3663 3808">
    <p class='ocr_par' dir='ltr' id='par_1_76' title="bbox 2089 3730 3663 3808">
     <span class='ocr_line' id='line_1_76' title="bbox 2089 3730 3663 3808; baseline 0.004 -26"><span class='ocrx_word' id='word_1_597' title='bbox 2089 3730 2560 3800; x_wconf 77' lang='grc' dir='ltr'>ἀναλαμϐάνονται</span> <span class='ocrx_word' id='word_1_598' title='bbox 2607 3732 2699 3784; x_wconf 75' lang='grc' dir='ltr'>ἐπὶ</span> <span class='ocrx_word' id='word_1_599' title='bbox 2731 3733 2830 3804; x_wconf 79' lang='grc' dir='ltr'><strong>τὴν</strong></span> <span class='ocrx_word' id='word_1_600' title='bbox 2861 3734 3089 3805; x_wconf 87' lang='grc' dir='ltr'>σελήνην</span> <span class='ocrx_word' id='word_1_601' title='bbox 3129 3731 3161 3806; x_wconf 80' lang='grc' dir='ltr'><strong>ἢ</strong></span> <span class='ocrx_word' id='word_1_602' title='bbox 3205 3730 3343 3806; x_wconf 84' lang='grc' dir='ltr'>ποίῳ</span> <span class='ocrx_word' id='word_1_603' title='bbox 3383 3730 3663 3808; x_wconf 72' lang='grc' dir='ltr'>χρώμεναι</span> 
     </span>
    </p>
   </div>
   <div class='ocr_carea' id='block_1_77' title="bbox 2091 3822 3660 3901">
    <p class='ocr_par' dir='ltr' id='par_1_77' title="bbox 2091 3822 3660 3901">
     <span class='ocr_line' id='line_1_77' title="bbox 2091 3822 3660 3901; baseline 0.004 -25"><span class='ocrx_word' id='word_1_604' title='bbox 2091 3824 2360 3896; x_wconf 74' lang='grc' dir='ltr'>σχήματις</span> <span class='ocrx_word' id='word_1_605' title='bbox 2383 3825 2447 3879; x_wconf 83' lang='grc' dir='ltr'><strong>Εἰ</strong></span> <span class='ocrx_word' id='word_1_606' title='bbox 2469 3826 2566 3896; x_wconf 85' lang='grc' dir='ltr'><strong>μὲν</strong></span> <span class='ocrx_word' id='word_1_607' title='bbox 2585 3825 2694 3899; x_wconf 82' lang='grc' dir='ltr'>γὰρ</span> <span class='ocrx_word' id='word_1_608' title='bbox 2723 3827 2922 3897; x_wconf 85' lang='grc' dir='ltr'>κοῦφόν</span> <span class='ocrx_word' id='word_1_609' title='bbox 2948 3829 3095 3880; x_wconf 78' lang='grc' dir='ltr'>ἐστιν</span> <span class='ocrx_word' id='word_1_610' title='bbox 3119 3822 3230 3881; x_wconf 75' lang='grc' dir='ltr'>οἷον</span> <span class='ocrx_word' id='word_1_611' title='bbox 3251 3826 3381 3900; x_wconf 89' lang='grc' dir='ltr'>πῦρ,</span> <span class='ocrx_word' id='word_1_612' title='bbox 3413 3828 3510 3882; x_wconf 84' lang='grc' dir='ltr'><strong>οὐκ</strong></span> <span class='ocrx_word' id='word_1_613' title='bbox 3533 3829 3660 3901; x_wconf 80' lang='grc' dir='ltr'>ἄχρι</span> 
     </span>
    </p>
   </div>
   <div class='ocr_carea' id='block_1_78' title="bbox 2085 3915 3660 3988">
    <p class='ocr_par' dir='ltr' id='par_1_78' title="bbox 2085 3915 3660 3988">
     <span class='ocr_line' id='line_1_78' title="bbox 2085 3915 3660 3988; baseline 0.004 -22"><span class='ocrx_word' id='word_1_614' title='bbox 2085 3915 2188 3984; x_wconf 80' lang='grc' dir='ltr'>τῆς</span> <span class='ocrx_word' id='word_1_615' title='bbox 2232 3916 2460 3988; x_wconf 86' lang='grc' dir='ltr'>σελήνης</span> <span class='ocrx_word' id='word_1_616' title='bbox 2508 3917 2667 3988; x_wconf 82' lang='grc' dir='ltr'>μόνον</span> <span class='ocrx_word' id='word_1_617' title='bbox 2703 3919 2850 3982; x_wconf 82' lang='grc' dir='ltr'>είκὺς</span> <span class='ocrx_word' id='word_1_618' title='bbox 2890 3920 3142 3988; x_wconf 87' lang='grc' dir='ltr'>γενέσθαι</span> <span class='ocrx_word' id='word_1_619' title='bbox 3184 3918 3272 3984; x_wconf 82' lang='grc' dir='ltr'><strong>ἂν,</strong></span> <span class='ocrx_word' id='word_1_620' title='bbox 3305 3918 3420 3973; x_wconf 83' lang='grc' dir='ltr'>ἀλλ’</span> <span class='ocrx_word' id='word_1_621' title='bbox 3455 3920 3660 3975; x_wconf 83' lang='grc' dir='ltr'>ἀνωθεν</span> 
     </span>
    </p>
   </div>
   <div class='ocr_carea' id='block_1_79' title="bbox 2085 4004 3658 4084">
    <p class='ocr_par' dir='ltr' id='par_1_79' title="bbox 2085 4004 3658 4084">
     <span class='ocr_line' id='line_1_79' title="bbox 2085 4004 3658 4084; baseline 0.004 -26"><span class='ocrx_word' id='word_1_622' title='bbox 2085 4004 2393 4070; x_wconf 61' lang='grc' dir='ltr'>διαπαντόςι</span> <span class='ocrx_word' id='word_1_623' title='bbox 2421 4007 2469 4060; x_wconf 81' lang='grc' dir='ltr'><strong>εί</strong></span> <span class='ocrx_word' id='word_1_624' title='bbox 2499 4007 2556 4062; x_wconf 83' lang='grc' dir='ltr'>δὲ</span> <span class='ocrx_word' id='word_1_625' title='bbox 2585 4007 2746 4082; x_wconf 79' lang='grc' dir='ltr'>βαρὺ,</span> <span class='ocrx_word' id='word_1_626' title='bbox 2774 4011 2882 4065; x_wconf 79' lang='grc' dir='ltr'>οὐδ’</span> <span class='ocrx_word' id='word_1_627' title='bbox 2911 4011 3088 4084; x_wconf 77' lang='grc' dir='ltr'>ἀρχὴν</span> <span class='ocrx_word' id='word_1_628' title='bbox 3119 4010 3254 4081; x_wconf 80' lang='grc' dir='ltr'>πρὸς</span> <span class='ocrx_word' id='word_1_629' title='bbox 3278 4011 3504 4083; x_wconf 84' lang='grc' dir='ltr'>σελήνην</span> <span class='ocrx_word' id='word_1_630' title='bbox 3536 4013 3658 4080; x_wconf 63' lang='grc' dir='ltr'>ἀφιτ</span> 
     </span>
    </p>
   </div>
   <div class='ocr_carea' id='block_1_80' title="bbox 2087 4094 2516 4156">
    <p class='ocr_par' dir='ltr' id='par_1_80' title="bbox 2087 4094 2516 4156">
     <span class='ocr_line' id='line_1_80' title="bbox 2087 4094 2516 4156; baseline 0.012 -7"><span class='ocrx_word' id='word_1_631' title='bbox 2087 4097 2278 4152; x_wconf 79' lang='grc' dir='ltr'>κὲσθαι</span> <span class='ocrx_word' id='word_1_632' title='bbox 2301 4094 2412 4156; x_wconf 73' lang='grc' dir='ltr'>οἷόν</span> <span class='ocrx_word' id='word_1_633' title='bbox 2436 4117 2516 4154; x_wconf 89' lang='grc' dir='ltr'>τε.</span> 
     </span>
    </p>
   </div>
   <div class='ocr_carea' id='block_1_81' title="bbox 2156 4285 3656 4359">
    <p class='ocr_par' dir='ltr' id='par_1_81' title="bbox 2156 4285 3656 4359">
     <span class='ocr_line' id='line_1_81' title="bbox 2156 4285 3656 4359; baseline 0.003 -23"><span class='ocrx_word' id='word_1_634' title='bbox 2156 4285 2289 4338; x_wconf 88' lang='grc' dir='ltr'>Τίνα</span> <span class='ocrx_word' id='word_1_635' title='bbox 2330 4285 2387 4340; x_wconf 84' lang='grc' dir='ltr'>δὲ</span> <span class='ocrx_word' id='word_1_636' title='bbox 2427 4285 2582 4355; x_wconf 85' lang='grc' dir='ltr'>λόγον</span> <span class='ocrx_word' id='word_1_637' title='bbox 2628 4286 2761 4356; x_wconf 79' lang='grc' dir='ltr'>ἔχει,</span> <span class='ocrx_word' id='word_1_638' title='bbox 2798 4287 2858 4340; x_wconf 86' lang='grc' dir='ltr'>τὸ</span> <span class='ocrx_word' id='word_1_639' title='bbox 2900 4286 3112 4358; x_wconf 89' lang='grc' dir='ltr'>πρῶτον</span> <span class='ocrx_word' id='word_1_640' title='bbox 3147 4286 3476 4359; x_wconf 81' lang='grc' dir='ltr'>ἀφικόμενον</span> <span class='ocrx_word' id='word_1_641' title='bbox 3520 4287 3656 4359; x_wconf 83' lang='grc' dir='ltr'>πρὸς</span> 
     </span>
    </p>
   </div>
   <div class='ocr_carea' id='block_1_82' title="bbox 2086 4377 3652 4452">
    <p class='ocr_par' dir='ltr' id='par_1_82' title="bbox 2086 4377 3652 4452">
     <span class='ocr_line' id='line_1_82' title="bbox 2086 4377 3652 4452; baseline -0.001 -21"><span class='ocrx_word' id='word_1_642' title='bbox 2086 4377 2336 4449; x_wconf 75' lang='grc' dir='ltr'>σελήνην,</span> <span class='ocrx_word' id='word_1_643' title='bbox 2372 4379 2446 4450; x_wconf 83' lang='grc' dir='ltr'><strong>μὴ</strong></span> <span class='ocrx_word' id='word_1_644' title='bbox 2491 4377 2651 4442; x_wconf 81' lang='grc' dir='ltr'>εὐθὺς</span> <span class='ocrx_word' id='word_1_645' title='bbox 2691 4379 2827 4452; x_wconf 83' lang='grc' dir='ltr'>πρὸς</span> <span class='ocrx_word' id='word_1_646' title='bbox 2868 4379 3018 4449; x_wconf 75' lang='grc' dir='ltr'>ἣλιον</span> <span class='ocrx_word' id='word_1_647' title='bbox 3059 4378 3498 4450; x_wconf 85' lang='grc' dir='ltr'>ἀναπέμπεσθαι,</span> <span class='ocrx_word' id='word_1_648' title='bbox 3540 4379 3652 4433; x_wconf 87' lang='grc' dir='ltr'>ἀλλ’</span> 
     </span>
    </p>
   </div>
   <div class='ocr_carea' id='block_1_83' title="bbox 2081 4469 3653 4544">
    <p class='ocr_par' dir='ltr' id='par_1_83' title="bbox 2081 4469 3653 4544">
     <span class='ocr_line' id='line_1_83' title="bbox 2081 4469 3653 4544; baseline 0 -22"><span class='ocrx_word' id='word_1_649' title='bbox 2081 4469 2398 4544; x_wconf 77' lang='grc' dir='ltr'>ἐκδέχεσθαι</span> <span class='ocrx_word' id='word_1_650' title='bbox 2443 4471 2542 4541; x_wconf 84' lang='grc' dir='ltr'><strong>τὴν</strong></span> <span class='ocrx_word' id='word_1_651' title='bbox 2591 4470 2922 4542; x_wconf 80' lang='grc' dir='ltr'>πανσέληνον</span> <span class='ocrx_word' id='word_1_652' title='bbox 2969 4470 3066 4534; x_wconf 84' lang='grc' dir='ltr'><strong>τὰς</strong></span> <span class='ocrx_word' id='word_1_653' title='bbox 3105 4471 3213 4524; x_wconf 87' lang='grc' dir='ltr'><strong>τῶν</strong></span> <span class='ocrx_word' id='word_1_654' title='bbox 3253 4471 3430 4526; x_wconf 79' lang='grc' dir='ltr'>ἄλλων</span> <span class='ocrx_word' id='word_1_655' title='bbox 3467 4470 3653 4542; x_wconf 75' lang='grc' dir='ltr'>ψυχῶν</span> 
     </span>
    </p>
   </div>
   <div class='ocr_carea' id='block_1_84' title="bbox 2081 4557 3653 4634">
    <p class='ocr_par' dir='ltr' id='par_1_84' title="bbox 2081 4557 3653 4634">
     <span class='ocr_line' id='line_1_84' title="bbox 2081 4557 3653 4634; baseline 0 -20"><span class='ocrx_word' id='word_1_656' title='bbox 2081 4557 2405 4633; x_wconf 54' lang='grc' dir='ltr'>ἐπιδημίας</span> <span class='ocrx_word' id='word_1_657' title='bbox 2457 4564 2584 4616; x_wconf 89' lang='grc' dir='ltr'>Ὅτε</span> <span class='ocrx_word' id='word_1_658' title='bbox 2631 4562 2809 4615; x_wconf 85' lang='grc' dir='ltr'>τοίνυν</span> <span class='ocrx_word' id='word_1_659' title='bbox 2841 4563 2948 4617; x_wconf 88' lang='grc' dir='ltr'><strong>ἀπὸ</strong></span> <span class='ocrx_word' id='word_1_660' title='bbox 2976 4563 3078 4633; x_wconf 81' lang='grc' dir='ltr'>τῆς</span> <span class='ocrx_word' id='word_1_661' title='bbox 3124 4563 3456 4634; x_wconf 88' lang='grc' dir='ltr'>πανσελήνου</span> <span class='ocrx_word' id='word_1_662' title='bbox 3493 4565 3527 4633; x_wconf 86' lang='grc' dir='ltr'><strong>ή</strong></span> <span class='ocrx_word' id='word_1_663' title='bbox 3567 4579 3653 4614; x_wconf 89' lang='grc' dir='ltr'>σε-</span> 
     </span>
    </p>
   </div>
   <div class='ocr_carea' id='block_1_85' title="bbox 408 4641 1988 4742">
    <p class='ocr_par' dir='ltr' id='par_1_85' title="bbox 408 4641 1977 4718">
     <span class='ocr_line' id='line_1_85' title="bbox 408 4641 1977 4718; baseline 0.006 -24"><span class='ocrx_word' id='word_1_664' title='bbox 408 4641 628 4708; x_wconf 87' lang='lat' dir='ltr'><strong>crescit,</strong></span> <span class='ocrx_word' id='word_1_665' title='bbox 676 4643 848 4706; x_wconf 87' lang='lat' dir='ltr'><strong>virtus</strong></span> <span class='ocrx_word' id='word_1_666' title='bbox 881 4659 946 4711; x_wconf 85' lang='lat' dir='ltr'><strong>eo</strong></span> <span class='ocrx_word' id='word_1_667' title='bbox 976 4653 1221 4716; x_wconf 86' lang='lat' dir='ltr'><strong>tempore</strong></span> <span class='ocrx_word' id='word_1_668' title='bbox 1253 4645 1347 4700; x_wconf 90' lang='lat' dir='ltr'><strong>ubi</strong></span> <span class='ocrx_word' id='word_1_669' title='bbox 1378 4653 1596 4714; x_wconf 88' lang='lat' dir='ltr'><strong>manet;</strong></span> <span class='ocrx_word' id='word_1_670' title='bbox 1647 4648 1823 4703; x_wconf 90' lang='lat' dir='ltr'><strong>donec</strong></span> <span class='ocrx_word' id='word_1_671' title='bbox 1856 4665 1977 4718; x_wconf 71' lang='lat' dir='ltr'><strong>quae</strong></span> 
     </span>
    </p>
   </div>
   <div class='ocr_carea' id='block_1_86' title="bbox 2090 4641 3652 4742">
    <p class='ocr_par' dir='ltr' id='par_1_86' title="bbox 2090 4654 3652 4728">
     <span class='ocr_line' id='line_1_86' title="bbox 2090 4654 3652 4728; baseline 0.001 -21"><span class='ocrx_word' id='word_1_672' title='bbox 2090 4656 2214 4727; x_wconf 72' lang='grc' dir='ltr'>λήνη</span> <span class='ocrx_word' id='word_1_673' title='bbox 2262 4654 2507 4727; x_wconf 78' lang='grc' dir='ltr'>μειοῦται</span> <span class='ocrx_word' id='word_1_674' title='bbox 2555 4655 3029 4728; x_wconf 81' lang='grc' dir='ltr'>ἀποχωριζομένη,</span> <span class='ocrx_word' id='word_1_675' title='bbox 3068 4655 3296 4728; x_wconf 86' lang='grc' dir='ltr'>δύναμις</span> <span class='ocrx_word' id='word_1_676' title='bbox 3329 4657 3419 4710; x_wconf 81' lang='grc' dir='ltr'><strong>τὸν</strong></span> <span class='ocrx_word' id='word_1_677' title='bbox 3464 4655 3652 4726; x_wconf 87' lang='grc' dir='ltr'>χρόνον</span> 
     </span>
    </p>
   </div>
   <div class='ocr_carea' id='block_1_87' title="bbox 405 4735 1988 4822">
    <p class='ocr_par' dir='ltr' id='par_1_87' title="bbox 405 4735 1978 4806">
     <span class='ocr_line' id='line_1_87' title="bbox 405 4735 1978 4806; baseline 0.006 -21"><span class='ocrx_word' id='word_1_678' title='bbox 405 4742 636 4787; x_wconf 83' lang='lat' dir='ltr'><strong>vacuata</strong></span> <span class='ocrx_word' id='word_1_679' title='bbox 669 4735 846 4788; x_wconf 80' lang='lat' dir='ltr'><strong>fuerat</strong></span> <span class='ocrx_word' id='word_1_680' title='bbox 885 4737 1160 4806; x_wconf 83' lang='lat' dir='ltr'><strong>prioribus</strong></span> <span class='ocrx_word' id='word_1_681' title='bbox 1199 4738 1510 4800; x_wconf 86' lang='lat' dir='ltr'><strong>animabus,</strong></span> <span class='ocrx_word' id='word_1_682' title='bbox 1542 4738 1688 4793; x_wconf 90' lang='lat' dir='ltr'><strong>haud</strong></span> <span class='ocrx_word' id='word_1_683' title='bbox 1720 4755 1882 4794; x_wconf 88' lang='lat' dir='ltr'><strong>secus</strong></span> <span class='ocrx_word' id='word_1_684' title='bbox 1914 4755 1978 4794; x_wconf 90' lang='lat' dir='ltr'><strong>ac</strong></span> 
     </span>
    </p>
   </div>
   <div class='ocr_carea' id='block_1_88' title="bbox 2090 4735 3652 4822">
    <p class='ocr_par' dir='ltr' id='par_1_88' title="bbox 2090 4747 3652 4822">
     <span class='ocr_line' id='line_1_88' title="bbox 2090 4747 3652 4822; baseline 0.001 -22"><span class='ocrx_word' id='word_1_685' title='bbox 2090 4747 2269 4800; x_wconf 81' lang='grc' dir='ltr'>τοῦτον</span> <span class='ocrx_word' id='word_1_686' title='bbox 2309 4749 2412 4802; x_wconf 81' lang='grc' dir='ltr'><strong>ποῦ</strong></span> <span class='ocrx_word' id='word_1_687' title='bbox 2455 4749 2630 4819; x_wconf 86' lang='grc' dir='ltr'>μένει,</span> <span class='ocrx_word' id='word_1_688' title='bbox 2667 4747 2772 4812; x_wconf 76' lang='grc' dir='ltr'><strong>ἕως</strong></span> <span class='ocrx_word' id='word_1_689' title='bbox 2809 4750 2875 4803; x_wconf 80' lang='grc' dir='ltr'><strong>ἂν</strong></span> <span class='ocrx_word' id='word_1_690' title='bbox 2912 4749 3210 4805; x_wconf 85' lang='grc' dir='ltr'>κενωθεῖσα</span> <span class='ocrx_word' id='word_1_691' title='bbox 3254 4753 3286 4822; x_wconf 85' lang='grc' dir='ltr'>ἡ</span> <span class='ocrx_word' id='word_1_692' title='bbox 3318 4751 3512 4821; x_wconf 84' lang='grc' dir='ltr'>σελήνη</span> <span class='ocrx_word' id='word_1_693' title='bbox 3544 4750 3652 4803; x_wconf 89' lang='grc' dir='ltr'><strong>τῶν</strong></span> 
     </span>
    </p>
   </div>
   <div class='ocr_carea' id='block_1_89' title="bbox 405 4825 1978 4894">
    <p class='ocr_par' dir='ltr' id='par_1_89' title="bbox 405 4825 1978 4894">
     <span class='ocr_line' id='line_1_89' title="bbox 405 4825 1978 4894; baseline 0.005 -16"><span class='ocrx_word' id='word_1_694' title='bbox 405 4825 539 4881; x_wconf 86' lang='lat' dir='ltr'><strong>urbs</strong></span> <span class='ocrx_word' id='word_1_695' title='bbox 585 4825 850 4894; x_wconf 87' lang='lat' dir='ltr'><strong>desolata,</strong></span> <span class='ocrx_word' id='word_1_696' title='bbox 894 4830 1056 4883; x_wconf 90' lang='lat' dir='ltr'><strong>aliam</strong></span> <span class='ocrx_word' id='word_1_697' title='bbox 1101 4845 1321 4884; x_wconf 90' lang='lat' dir='ltr'><strong>rursum</strong></span> <span class='ocrx_word' id='word_1_698' title='bbox 1364 4830 1636 4887; x_wconf 84' lang='lat' dir='ltr'><strong>coloniam</strong></span> <span class='ocrx_word' id='word_1_699' title='bbox 1672 4832 1800 4886; x_wconf 88' lang='lat' dir='ltr'><strong>luna</strong></span> <span class='ocrx_word' id='word_1_700' title='bbox 1840 4832 1978 4888; x_wconf 90' lang='lat' dir='ltr'><strong>reci-</strong></span> 
     </span>
    </p>
   </div>
   <div class='ocr_carea' id='block_1_90' title="bbox 404 4917 1978 4997">
    <p class='ocr_par' dir='ltr' id='par_1_90' title="bbox 404 4917 1978 4997">
     <span class='ocr_line' id='line_1_90' title="bbox 404 4917 1978 4997; baseline 0.007 -29"><span class='ocrx_word' id='word_1_701' title='bbox 404 4917 562 4986; x_wconf 86' lang='lat' dir='ltr'><strong>piat?</strong></span> <span class='ocrx_word' id='word_1_702' title='bbox 604 4917 734 4972; x_wconf 89' lang='lat' dir='ltr'><strong>Erat</strong></span> <span class='ocrx_word' id='word_1_703' title='bbox 767 4919 911 4988; x_wconf 84' lang='lat' dir='ltr'><strong>enim</strong></span> <span class='ocrx_word' id='word_1_704' title='bbox 945 4921 1107 4976; x_wconf 88' lang='lat' dir='ltr'><strong>etiam</strong></span> <span class='ocrx_word' id='word_1_705' title='bbox 1159 4920 1452 4978; x_wconf 82' lang='lat' dir='ltr'><strong>thesaurus</strong></span> <span class='ocrx_word' id='word_1_706' title='bbox 1498 4923 1721 4994; x_wconf 90' lang='lat' dir='ltr'><strong>quidam</strong></span> <span class='ocrx_word' id='word_1_707' title='bbox 1756 4925 1811 4979; x_wconf 91' lang='lat' dir='ltr'><strong>in</strong></span> <span class='ocrx_word' id='word_1_708' title='bbox 1843 4941 1978 4997; x_wconf 91' lang='lat' dir='ltr'><strong>qua-</strong></span> 
     </span>
    </p>
   </div>
   <div class='ocr_carea' id='block_1_91' title="bbox 404 5009 1978 5085">
    <p class='ocr_par' dir='ltr' id='par_1_91' title="bbox 404 5009 1978 5085">
     <span class='ocr_line' id='line_1_91' title="bbox 404 5009 1978 5085; baseline 0.006 -22"><span class='ocrx_word' id='word_1_709' title='bbox 404 5009 530 5064; x_wconf 90' lang='lat' dir='ltr'><strong>dam</strong></span> <span class='ocrx_word' id='word_1_710' title='bbox 559 5017 719 5067; x_wconf 72' lang='lat' dir='ltr'><strong>terra:</strong></span> <span class='ocrx_word' id='word_1_711' title='bbox 750 5021 902 5083; x_wconf 89' lang='lat' dir='ltr'><strong>parte</strong></span> <span class='ocrx_word' id='word_1_712' title='bbox 936 5013 1330 5085; x_wconf 82' lang='lat' dir='ltr'><strong>segregandus,</strong></span> <span class='ocrx_word' id='word_1_713' title='bbox 1376 5017 1462 5072; x_wconf 88' lang='lat' dir='ltr'><strong>vel</strong></span> <span class='ocrx_word' id='word_1_714' title='bbox 1505 5017 1756 5083; x_wconf 88' lang='lat' dir='ltr'><strong>nubium,</strong></span> <span class='ocrx_word' id='word_1_715' title='bbox 1785 5019 1870 5072; x_wconf 87' lang='lat' dir='ltr'><strong>vel</strong></span> <span class='ocrx_word' id='word_1_716' title='bbox 1904 5020 1978 5073; x_wconf 90' lang='lat' dir='ltr'><strong>al-</strong></span> 
     </span>
    </p>
   </div>
   <div class='ocr_carea' id='block_1_92' title="bbox 403 5102 1979 5183">
    <p class='ocr_par' dir='ltr' id='par_1_92' title="bbox 403 5102 1979 5183">
     <span class='ocr_line' id='line_1_92' title="bbox 403 5102 1979 5183; baseline 0.007 -28"><span class='ocrx_word' id='word_1_717' title='bbox 403 5102 574 5173; x_wconf 67' lang='lat' dir='ltr'><strong>terius</strong></span> <span class='ocrx_word' id='word_1_718' title='bbox 603 5103 889 5174; x_wconf 86' lang='lat' dir='ltr'><strong>cujusdam</strong></span> <span class='ocrx_word' id='word_1_719' title='bbox 916 5106 1054 5175; x_wconf 87' lang='lat' dir='ltr'><strong>loci;</strong></span> <span class='ocrx_word' id='word_1_720' title='bbox 1079 5108 1172 5163; x_wconf 92' lang='lat' dir='ltr'><strong>ubi</strong></span> <span class='ocrx_word' id='word_1_721' title='bbox 1204 5110 1400 5164; x_wconf 74' lang='lat' dir='ltr'><strong>anima:</strong></span> <span class='ocrx_word' id='word_1_722' title='bbox 1430 5121 1790 5183; x_wconf 63' lang='lat' dir='ltr'><strong>congregatae,</strong></span> <span class='ocrx_word' id='word_1_723' title='bbox 1818 5127 1979 5183; x_wconf 88' lang='lat' dir='ltr'><strong>para-</strong></span> 
     </span>
    </p>
   </div>
   <div class='ocr_carea' id='block_1_93' title="bbox 403 5197 1564 5278">
    <p class='ocr_par' dir='ltr' id='par_1_93' title="bbox 403 5197 1564 5278">
     <span class='ocr_line' id='line_1_93' title="bbox 403 5197 1564 5278; baseline 0.007 -26"><span class='ocrx_word' id='word_1_724' title='bbox 403 5199 474 5252; x_wconf 72' lang='lat' dir='ltr'><strong>tae</strong></span> <span class='ocrx_word' id='word_1_725' title='bbox 504 5204 690 5254; x_wconf 87' lang='lat' dir='ltr'><strong>essent</strong></span> <span class='ocrx_word' id='word_1_726' title='bbox 713 5207 774 5252; x_wconf 91' lang='lat' dir='ltr'><strong>ut</strong></span> <span class='ocrx_word' id='word_1_727' title='bbox 801 5197 871 5253; x_wconf 91' lang='lat' dir='ltr'><strong>ad</strong></span> <span class='ocrx_word' id='word_1_728' title='bbox 901 5201 1086 5267; x_wconf 83' lang='lat' dir='ltr'><strong>lunam</strong></span> <span class='ocrx_word' id='word_1_729' title='bbox 1117 5207 1564 5278; x_wconf 78' lang='lat' dir='ltr'><strong>commigrarent.</strong></span> 
     </span>
    </p>
   </div>
   <div class='ocr_carea' id='block_1_94' title="bbox 477 5379 1975 5461">
    <p class='ocr_par' dir='ltr' id='par_1_94' title="bbox 477 5379 1975 5461">
     <span class='ocr_line' id='line_1_94' title="bbox 477 5379 1975 5461; baseline 0.004 -25"><span class='ocrx_word' id='word_1_730' title='bbox 477 5379 675 5438; x_wconf 87' lang='lat' dir='ltr'><strong>Verum</strong></span> <span class='ocrx_word' id='word_1_731' title='bbox 713 5384 817 5448; x_wconf 86' lang='lat' dir='ltr'><strong>alia</strong></span> <span class='ocrx_word' id='word_1_732' title='bbox 858 5402 1054 5445; x_wconf 89' lang='lat' dir='ltr'><strong>rursus</strong></span> <span class='ocrx_word' id='word_1_733' title='bbox 1083 5391 1315 5460; x_wconf 80' lang='lat' dir='ltr'><strong>emergit</strong></span> <span class='ocrx_word' id='word_1_734' title='bbox 1338 5391 1589 5461; x_wconf 68' lang='lat' dir='ltr'><strong>quaestio.</strong></span> <span class='ocrx_word' id='word_1_735' title='bbox 1625 5387 1765 5456; x_wconf 89' lang='lat' dir='ltr'><strong>Quid</strong></span> <span class='ocrx_word' id='word_1_736' title='bbox 1809 5389 1975 5458; x_wconf 73' lang='lat' dir='ltr'><strong>igitur</strong></span> 
     </span>
    </p>
   </div>
   <div class='ocr_carea' id='block_1_95' title="bbox 403 5482 1974 5553">
    <p class='ocr_par' dir='ltr' id='par_1_95' title="bbox 403 5482 1974 5553">
     <span class='ocr_line' id='line_1_95' title="bbox 403 5482 1974 5553; baseline 0.007 -22"><span class='ocrx_word' id='word_1_737' title='bbox 403 5490 585 5532; x_wconf 70' lang='lat' dir='ltr'><strong>causa:</strong></span> <span class='ocrx_word' id='word_1_738' title='bbox 615 5483 698 5532; x_wconf 87' lang='lat' dir='ltr'><strong>est</strong></span> <span class='ocrx_word' id='word_1_739' title='bbox 723 5493 822 5532; x_wconf 91' lang='lat' dir='ltr'><strong>cur</strong></span> <span class='ocrx_word' id='word_1_740' title='bbox 852 5495 960 5534; x_wconf 91' lang='lat' dir='ltr'><strong>non</strong></span> <span class='ocrx_word' id='word_1_741' title='bbox 992 5482 1176 5537; x_wconf 86' lang='lat' dir='ltr'><strong>statim</strong></span> <span class='ocrx_word' id='word_1_742' title='bbox 1205 5485 1518 5553; x_wconf 89' lang='lat' dir='ltr'><strong>repleatur?</strong></span> <span class='ocrx_word' id='word_1_743' title='bbox 1538 5496 1632 5539; x_wconf 92' lang='lat' dir='ltr'><strong>aut</strong></span> <span class='ocrx_word' id='word_1_744' title='bbox 1658 5500 1757 5540; x_wconf 90' lang='lat' dir='ltr'><strong>cur</strong></span> <span class='ocrx_word' id='word_1_745' title='bbox 1779 5501 1974 5542; x_wconf 84' lang='lat' dir='ltr'><strong>rursus</strong></span> 
     </span>
    </p>
   </div>
   <div class='ocr_carea' id='block_1_96' title="bbox 404 5567 1974 5644">
    <p class='ocr_par' dir='ltr' id='par_1_96' title="bbox 404 5567 1974 5644">
     <span class='ocr_line' id='line_1_96' title="bbox 404 5567 1974 5644; baseline 0.006 -22"><span class='ocrx_word' id='word_1_746' title='bbox 404 5567 521 5623; x_wconf 86' lang='lat' dir='ltr'><strong>dies</strong></span> <span class='ocrx_word' id='word_1_747' title='bbox 550 5569 862 5641; x_wconf 85' lang='lat' dir='ltr'><strong>quindecim</strong></span> <span class='ocrx_word' id='word_1_748' title='bbox 893 5576 1210 5644; x_wconf 74' lang='lat' dir='ltr'><strong>exspectat?</strong></span> <span class='ocrx_word' id='word_1_749' title='bbox 1237 5575 1347 5632; x_wconf 78' lang='lat' dir='ltr'><strong>Nec</strong></span> <span class='ocrx_word' id='word_1_750' title='bbox 1381 5577 1528 5633; x_wconf 91' lang='lat' dir='ltr'><strong>istud</strong></span> <span class='ocrx_word' id='word_1_751' title='bbox 1565 5578 1834 5633; x_wconf 88' lang='lat' dir='ltr'><strong>minorem</strong></span> <span class='ocrx_word' id='word_1_752' title='bbox 1871 5579 1974 5634; x_wconf 81' lang='lat' dir='ltr'><strong>ba-</strong></span> 
     </span>
    </p>
   </div>
   <div class='ocr_carea' id='block_1_97' title="bbox 403 5661 1972 5741">
    <p class='ocr_par' dir='ltr' id='par_1_97' title="bbox 403 5661 1972 5741">
     <span class='ocr_line' id='line_1_97' title="bbox 403 5661 1972 5741; baseline 0.006 -25"><span class='ocrx_word' id='word_1_753' title='bbox 403 5661 494 5716; x_wconf 85' lang='lat' dir='ltr'><strong>bet</strong></span> <span class='ocrx_word' id='word_1_754' title='bbox 529 5663 962 5732; x_wconf 82' lang='lat' dir='ltr'><strong>admirationem,</strong></span> <span class='ocrx_word' id='word_1_755' title='bbox 1005 5683 1167 5737; x_wconf 87' lang='lat' dir='ltr'><strong>quam</strong></span> <span class='ocrx_word' id='word_1_756' title='bbox 1199 5684 1262 5723; x_wconf 90' lang='lat' dir='ltr'><strong>ea</strong></span> <span class='ocrx_word' id='word_1_757' title='bbox 1294 5685 1415 5739; x_wconf 64' lang='lat' dir='ltr'><strong>quae</strong></span> <span class='ocrx_word' id='word_1_758' title='bbox 1456 5669 1602 5724; x_wconf 89' lang='lat' dir='ltr'><strong>dicta</strong></span> <span class='ocrx_word' id='word_1_759' title='bbox 1634 5680 1795 5738; x_wconf 79' lang='lat' dir='ltr'><strong>sunt;</strong></span> <span class='ocrx_word' id='word_1_760' title='bbox 1827 5672 1972 5741; x_wconf 89' lang='lat' dir='ltr'><strong>quod</strong></span> 
     </span>
    </p>
   </div>
   <div class='ocr_carea' id='block_1_98' title="bbox 405 5755 1972 5830">
    <p class='ocr_par' dir='ltr' id='par_1_98' title="bbox 405 5755 1972 5830">
     <span class='ocr_line' id='line_1_98' title="bbox 405 5755 1972 5830; baseline 0.006 -23"><span class='ocrx_word' id='word_1_761' title='bbox 405 5768 684 5823; x_wconf 72' lang='lat' dir='ltr'><strong>tulitquam</strong></span> <span class='ocrx_word' id='word_1_762' title='bbox 717 5755 786 5811; x_wconf 85' lang='lat' dir='ltr'><strong>ab</strong></span> <span class='ocrx_word' id='word_1_763' title='bbox 826 5758 974 5812; x_wconf 89' lang='lat' dir='ltr'><strong>omni</strong></span> <span class='ocrx_word' id='word_1_764' title='bbox 1007 5767 1152 5814; x_wconf 91' lang='lat' dir='ltr'><strong>retro</strong></span> <span class='ocrx_word' id='word_1_765' title='bbox 1190 5759 1472 5830; x_wconf 86' lang='lat' dir='ltr'><strong>hominum</strong></span> <span class='ocrx_word' id='word_1_766' title='bbox 1521 5762 1784 5816; x_wconf 87' lang='lat' dir='ltr'><strong>memoria</strong></span> <span class='ocrx_word' id='word_1_767' title='bbox 1817 5772 1972 5817; x_wconf 78' lang='lat' dir='ltr'><strong>extra</strong></span> 
     </span>
    </p>
   </div>
   <div class='ocr_carea' id='block_1_99' title="bbox 403 5845 1972 5922">
    <p class='ocr_par' dir='ltr' id='par_1_99' title="bbox 403 5845 1972 5922">
     <span class='ocr_line' id='line_1_99' title="bbox 403 5845 1972 5922; baseline 0.006 -24"><span class='ocrx_word' id='word_1_768' title='bbox 403 5845 930 5917; x_wconf 88' lang='lat' dir='ltr'><strong>quintumdecimum</strong></span> <span class='ocrx_word' id='word_1_769' title='bbox 963 5848 1105 5905; x_wconf 90' lang='lat' dir='ltr'><strong>diem</strong></span> <span class='ocrx_word' id='word_1_770' title='bbox 1155 5851 1285 5905; x_wconf 89' lang='lat' dir='ltr'><strong>luna</strong></span> <span class='ocrx_word' id='word_1_771' title='bbox 1335 5853 1492 5922; x_wconf 91' lang='lat' dir='ltr'><strong>plena</strong></span> <span class='ocrx_word' id='word_1_772' title='bbox 1549 5853 1672 5908; x_wconf 81' lang='lat' dir='ltr'><strong>fuit.</strong></span> <span class='ocrx_word' id='word_1_773' title='bbox 1717 5853 1859 5920; x_wconf 85' lang='lat' dir='ltr'><strong>Quin</strong></span> <span class='ocrx_word' id='word_1_774' title='bbox 1903 5870 1972 5909; x_wconf 89' lang='lat' dir='ltr'><strong>ne</strong></span> 
     </span>
    </p>
   </div>
   <div class='ocr_carea' id='block_1_100' title="bbox 405 5936 1969 6012">
    <p class='ocr_par' dir='ltr' id='par_1_100' title="bbox 405 5936 1969 6012">
     <span class='ocr_line' id='line_1_100' title="bbox 405 5936 1969 6012; baseline 0.006 -19"><span class='ocrx_word' id='word_1_775' title='bbox 405 5936 598 5993; x_wconf 85' lang='lat' dir='ltr'><strong>diluvii</strong></span> <span class='ocrx_word' id='word_1_776' title='bbox 642 5937 860 6010; x_wconf 89' lang='lat' dir='ltr'><strong>quidem</strong></span> <span class='ocrx_word' id='word_1_777' title='bbox 889 5947 1130 6012; x_wconf 87' lang='lat' dir='ltr'><strong>tempore</strong></span> <span class='ocrx_word' id='word_1_778' title='bbox 1160 5941 1262 5997; x_wconf 89' lang='lat' dir='ltr'><strong>sub</strong></span> <span class='ocrx_word' id='word_1_779' title='bbox 1305 5940 1654 6011; x_wconf 87' lang='lat' dir='ltr'><strong>Deucalione,</strong></span> <span class='ocrx_word' id='word_1_780' title='bbox 1689 5945 1969 6012; x_wconf 69' lang='lat' dir='ltr'><strong>magisque</strong></span> 
     </span>
    </p>
   </div>
   <div class='ocr_carea' id='block_1_101' title="bbox 2079 4840 3651 4914">
    <p class='ocr_par' dir='ltr' id='par_1_101' title="bbox 2079 4840 3651 4914">
     <span class='ocr_line' id='line_1_101' title="bbox 2079 4840 3651 4914; baseline 0.001 -22"><span class='ocrx_word' id='word_1_781' title='bbox 2079 4841 2365 4911; x_wconf 80' lang='grc' dir='ltr'>προτέρων</span> <span class='ocrx_word' id='word_1_782' title='bbox 2405 4841 2614 4912; x_wconf 71' lang='grc' dir='ltr'>ψυχῶν,</span> <span class='ocrx_word' id='word_1_783' title='bbox 2648 4840 2900 4913; x_wconf 81' lang='grc' dir='ltr'>καθάπερ</span> <span class='ocrx_word' id='word_1_784' title='bbox 2939 4841 3092 4907; x_wconf 88' lang='grc' dir='ltr'>πόλις</span> <span class='ocrx_word' id='word_1_785' title='bbox 3135 4842 3358 4914; x_wconf 78' lang='grc' dir='ltr'>ἔρημος,</span> <span class='ocrx_word' id='word_1_786' title='bbox 3395 4841 3651 4913; x_wconf 81' lang='grc' dir='ltr'>δευτέραν</span> 
     </span>
    </p>
   </div>
   <div class='ocr_carea' id='block_1_102' title="bbox 2080 4933 3650 5007">
    <p class='ocr_par' dir='ltr' id='par_1_102' title="bbox 2080 4933 3650 5007">
     <span class='ocr_line' id='line_1_102' title="bbox 2080 4933 3650 5007; baseline 0.003 -23"><span class='ocrx_word' id='word_1_787' title='bbox 2080 4933 2241 4988; x_wconf 76' lang='grc' dir='ltr'>πάλιν</span> <span class='ocrx_word' id='word_1_788' title='bbox 2275 4933 2491 5004; x_wconf 80' lang='grc' dir='ltr'>δέξηται</span> <span class='ocrx_word' id='word_1_789' title='bbox 2519 4934 2809 5001; x_wconf 88' lang='grc' dir='ltr'>ἀποικίαν;</span> <span class='ocrx_word' id='word_1_790' title='bbox 2867 4936 3064 5007; x_wconf 81' lang='grc' dir='ltr'>Ἐχρῆν</span> <span class='ocrx_word' id='word_1_791' title='bbox 3092 4935 3200 5007; x_wconf 88' lang='grc' dir='ltr'><strong>γάρ</strong></span> <span class='ocrx_word' id='word_1_792' title='bbox 3229 4934 3533 5005; x_wconf 76' lang='grc' dir='ltr'>ἀφωρίσθαι</span> <span class='ocrx_word' id='word_1_793' title='bbox 3559 4935 3650 4989; x_wconf 81' lang='grc' dir='ltr'>καὶ</span> 
     </span>
    </p>
   </div>
   <div class='ocr_carea' id='block_1_103' title="bbox 2079 5025 3648 5099">
    <p class='ocr_par' dir='ltr' id='par_1_103' title="bbox 2079 5025 3648 5099">
     <span class='ocr_line' id='line_1_103' title="bbox 2079 5025 3648 5099; baseline 0 -21"><span class='ocrx_word' id='word_1_794' title='bbox 2079 5025 2348 5096; x_wconf 81' lang='grc' dir='ltr'>θησαυρόν</span> <span class='ocrx_word' id='word_1_795' title='bbox 2381 5043 2500 5080; x_wconf 86' lang='grc' dir='ltr'>τινα</span> <span class='ocrx_word' id='word_1_796' title='bbox 2535 5025 2591 5077; x_wconf 82' lang='grc' dir='ltr'>ἔν</span> <span class='ocrx_word' id='word_1_797' title='bbox 2611 5043 2716 5080; x_wconf 86' lang='grc' dir='ltr'>τινι</span> <span class='ocrx_word' id='word_1_798' title='bbox 2743 5027 2896 5099; x_wconf 87' lang='grc' dir='ltr'>μέρει</span> <span class='ocrx_word' id='word_1_799' title='bbox 2923 5027 3022 5098; x_wconf 85' lang='grc' dir='ltr'>τῆς</span> <span class='ocrx_word' id='word_1_800' title='bbox 3045 5027 3165 5097; x_wconf 84' lang='grc' dir='ltr'>γῆς,</span> <span class='ocrx_word' id='word_1_801' title='bbox 3197 5025 3232 5096; x_wconf 85' lang='grc' dir='ltr'>ἢ</span> <span class='ocrx_word' id='word_1_802' title='bbox 3263 5026 3369 5078; x_wconf 89' lang='grc' dir='ltr'><strong>τῶν</strong></span> <span class='ocrx_word' id='word_1_803' title='bbox 3391 5025 3648 5095; x_wconf 81' lang='grc' dir='ltr'>νεφελῶν,</span> 
     </span>
    </p>
   </div>
   <div class='ocr_carea' id='block_1_104' title="bbox 2077 5113 3647 5187">
    <p class='ocr_par' dir='ltr' id='par_1_104' title="bbox 2077 5113 3647 5187">
     <span class='ocr_line' id='line_1_104' title="bbox 2077 5113 3647 5187; baseline -0.001 -20"><span class='ocrx_word' id='word_1_804' title='bbox 2077 5117 2109 5187; x_wconf 76' lang='grc' dir='ltr'>ἦ</span> <span class='ocrx_word' id='word_1_805' title='bbox 2140 5114 2325 5186; x_wconf 80' lang='grc' dir='ltr'>ἑτέρου</span> <span class='ocrx_word' id='word_1_806' title='bbox 2357 5115 2522 5167; x_wconf 88' lang='grc' dir='ltr'>τόπου</span> <span class='ocrx_word' id='word_1_807' title='bbox 2551 5113 2713 5179; x_wconf 81' lang='grc' dir='ltr'>τινὸς,</span> <span class='ocrx_word' id='word_1_808' title='bbox 2753 5114 2879 5168; x_wconf 76' lang='grc' dir='ltr'>ἔνθα</span> <span class='ocrx_word' id='word_1_809' title='bbox 2901 5117 2954 5167; x_wconf 82' lang='grc' dir='ltr'>αἱ</span> <span class='ocrx_word' id='word_1_810' title='bbox 2979 5114 3146 5184; x_wconf 78' lang='grc' dir='ltr'>ψυχαὶ</span> <span class='ocrx_word' id='word_1_811' title='bbox 3173 5114 3647 5184; x_wconf 85' lang='grc' dir='ltr'>συναγειρόμεναι,</span> 
     </span>
    </p>
   </div>
   <div class='ocr_carea' id='block_1_105' title="bbox 2075 5205 3649 5279">
    <p class='ocr_par' dir='ltr' id='par_1_105' title="bbox 2075 5205 3649 5279">
     <span class='ocr_line' id='line_1_105' title="bbox 2075 5205 3649 5279; baseline -0.003 -18"><span class='ocrx_word' id='word_1_812' title='bbox 2075 5209 2290 5279; x_wconf 70' lang='grc' dir='ltr'>ἕτοιμαι</span> <span class='ocrx_word' id='word_1_813' title='bbox 2320 5208 2597 5278; x_wconf 87' lang='grc' dir='ltr'>γίγνονται</span> <span class='ocrx_word' id='word_1_814' title='bbox 2633 5206 2770 5278; x_wconf 86' lang='grc' dir='ltr'>πρὸς</span> <span class='ocrx_word' id='word_1_815' title='bbox 2796 5207 2896 5277; x_wconf 82' lang='grc' dir='ltr'>τὴν</span> <span class='ocrx_word' id='word_1_816' title='bbox 2935 5205 3226 5277; x_wconf 83' lang='grc' dir='ltr'>ἐπιδημίαν</span> <span class='ocrx_word' id='word_1_817' title='bbox 3251 5205 3350 5275; x_wconf 81' lang='grc' dir='ltr'><strong>τὴν</strong></span> <span class='ocrx_word' id='word_1_818' title='bbox 3386 5205 3524 5275; x_wconf 84' lang='grc' dir='ltr'>πρὸς</span> <span class='ocrx_word' id='word_1_819' title='bbox 3564 5221 3649 5257; x_wconf 88' lang='grc' dir='ltr'>σε-</span> 
     </span>
    </p>
   </div>
   <div class='ocr_carea' id='block_1_106' title="bbox 2075 5298 2261 5372">
    <p class='ocr_par' dir='ltr' id='par_1_106' title="bbox 2075 5298 2261 5372">
     <span class='ocr_line' id='line_1_106' title="bbox 2075 5298 2261 5372; baseline 0.011 -19"><span class='ocrx_word' id='word_1_820' title='bbox 2075 5298 2261 5372; x_wconf 84' lang='grc' dir='ltr'>λήνην.</span> 
     </span>
    </p>
   </div>
   <div class='ocr_carea' id='block_1_107' title="bbox 2159 5387 3646 5466">
    <p class='ocr_par' dir='ltr' id='par_1_107' title="bbox 2159 5387 3646 5466">
     <span class='ocr_line' id='line_1_107' title="bbox 2159 5387 3646 5466; baseline -0.004 -20"><span class='ocrx_word' id='word_1_821' title='bbox 2159 5392 2319 5446; x_wconf 79' lang='grc' dir='ltr'>Ἀλλά</span> <span class='ocrx_word' id='word_1_822' title='bbox 2349 5394 2509 5447; x_wconf 87' lang='grc' dir='ltr'>πάλιν</span> <span class='ocrx_word' id='word_1_823' title='bbox 2538 5393 2740 5466; x_wconf 87' lang='grc' dir='ltr'>ἀπορία</span> <span class='ocrx_word' id='word_1_824' title='bbox 2779 5390 2957 5462; x_wconf 73' lang='grc' dir='ltr'>ἑτέρα.</span> <span class='ocrx_word' id='word_1_825' title='bbox 3003 5389 3102 5455; x_wconf 84' lang='grc' dir='ltr'>Διά</span> <span class='ocrx_word' id='word_1_826' title='bbox 3131 5391 3183 5442; x_wconf 89' lang='grc' dir='ltr'><strong>τί</strong></span> <span class='ocrx_word' id='word_1_827' title='bbox 3215 5389 3391 5442; x_wconf 89' lang='grc' dir='ltr'>τοίνυν</span> <span class='ocrx_word' id='word_1_828' title='bbox 3424 5388 3524 5441; x_wconf 81' lang='grc' dir='ltr'>οὐκ</span> <span class='ocrx_word' id='word_1_829' title='bbox 3555 5387 3646 5440; x_wconf 70' lang='grc' dir='ltr'>εὐο-</span> 
     </span>
    </p>
   </div>
   <div class='ocr_carea' id='block_1_108' title="bbox 2076 5480 3644 5556">
    <p class='ocr_par' dir='ltr' id='par_1_108' title="bbox 2076 5480 3644 5556">
     <span class='ocr_line' id='line_1_108' title="bbox 2076 5480 3644 5556; baseline -0.003 -18"><span class='ocrx_word' id='word_1_830' title='bbox 2076 5484 2172 5549; x_wconf 75' lang='grc' dir='ltr'><strong>θὺς</strong></span> <span class='ocrx_word' id='word_1_831' title='bbox 2217 5484 2552 5556; x_wconf 86' lang='grc' dir='ltr'>πληροῦται;</span> <span class='ocrx_word' id='word_1_832' title='bbox 2594 5485 2628 5556; x_wconf 84' lang='grc' dir='ltr'>ἢ</span> <span class='ocrx_word' id='word_1_833' title='bbox 2672 5483 2758 5537; x_wconf 86' lang='grc' dir='ltr'><strong>διὰ</strong></span> <span class='ocrx_word' id='word_1_834' title='bbox 2798 5484 2851 5536; x_wconf 86' lang='grc' dir='ltr'><strong>τί</strong></span> <span class='ocrx_word' id='word_1_835' title='bbox 2900 5483 3059 5536; x_wconf 76' lang='grc' dir='ltr'>πάλιν</span> <span class='ocrx_word' id='word_1_836' title='bbox 3103 5480 3202 5544; x_wconf 79' lang='grc' dir='ltr'>τὰς</span> <span class='ocrx_word' id='word_1_837' title='bbox 3256 5480 3644 5534; x_wconf 83' lang='grc' dir='ltr'>πεντεκαίδεκα</span> 
     </span>
    </p>
   </div>
   <div class='ocr_carea' id='block_1_109' title="bbox 2073 5572 3645 5650">
    <p class='ocr_par' dir='ltr' id='par_1_109' title="bbox 2073 5572 3645 5650">
     <span class='ocr_line' id='line_1_109' title="bbox 2073 5572 3645 5650; baseline -0.003 -20"><span class='ocrx_word' id='word_1_838' title='bbox 2073 5579 2289 5650; x_wconf 77' lang='grc' dir='ltr'>ἡμέρας</span> <span class='ocrx_word' id='word_1_839' title='bbox 2333 5579 2642 5648; x_wconf 86' lang='grc' dir='ltr'>περιμένει;</span> <span class='ocrx_word' id='word_1_840' title='bbox 2685 5578 2800 5631; x_wconf 83' lang='grc' dir='ltr'><strong>Οὐκ</strong></span> <span class='ocrx_word' id='word_1_841' title='bbox 2834 5576 3050 5629; x_wconf 79' lang='grc' dir='ltr'>ἔλαττον</span> <span class='ocrx_word' id='word_1_842' title='bbox 3097 5575 3152 5628; x_wconf 83' lang='grc' dir='ltr'>δὲ</span> <span class='ocrx_word' id='word_1_843' title='bbox 3184 5574 3292 5627; x_wconf 86' lang='grc' dir='ltr'><strong>τῶν</strong></span> <span class='ocrx_word' id='word_1_844' title='bbox 3341 5572 3645 5645; x_wconf 75' lang='grc' dir='ltr'>εἰρημένων</span> 
     </span>
    </p>
   </div>
   <div class='ocr_carea' id='block_1_110' title="bbox 2074 5661 3642 5742">
    <p class='ocr_par' dir='ltr' id='par_1_110' title="bbox 2074 5661 3642 5742">
     <span class='ocr_line' id='line_1_110' title="bbox 2074 5661 3642 5742; baseline -0.004 -18"><span class='ocrx_word' id='word_1_845' title='bbox 2074 5670 2382 5742; x_wconf 81' lang='grc' dir='ltr'>θαυμαστὸν</span> <span class='ocrx_word' id='word_1_846' title='bbox 2403 5672 2497 5723; x_wconf 80' lang='grc' dir='ltr'><strong>καὶ</strong></span> <span class='ocrx_word' id='word_1_847' title='bbox 2525 5669 2702 5733; x_wconf 88' lang='grc' dir='ltr'>τοῦτο,</span> <span class='ocrx_word' id='word_1_848' title='bbox 2731 5669 2791 5722; x_wconf 83' lang='grc' dir='ltr'>τὺ</span> <span class='ocrx_word' id='word_1_849' title='bbox 2821 5668 3107 5740; x_wconf 75' lang='grc' dir='ltr'>μηδέποτε,</span> <span class='ocrx_word' id='word_1_850' title='bbox 3136 5667 3228 5736; x_wconf 82' lang='grc' dir='ltr'>ἀφ’</span> <span class='ocrx_word' id='word_1_851' title='bbox 3257 5661 3316 5720; x_wconf 76' lang='grc' dir='ltr'><strong>οῦ</strong></span> <span class='ocrx_word' id='word_1_852' title='bbox 3342 5666 3642 5737; x_wconf 81' lang='grc' dir='ltr'>μέμνηνται</span> 
     </span>
    </p>
   </div>
   <div class='ocr_carea' id='block_1_111' title="bbox 2072 5758 3642 5834">
    <p class='ocr_par' dir='ltr' id='par_1_111' title="bbox 2072 5758 3642 5834">
     <span class='ocr_line' id='line_1_111' title="bbox 2072 5758 3642 5834; baseline -0.006 -17"><span class='ocrx_word' id='word_1_853' title='bbox 2072 5765 2122 5817; x_wconf 83' lang='grc' dir='ltr'>οἱ</span> <span class='ocrx_word' id='word_1_854' title='bbox 2156 5764 2449 5834; x_wconf 81' lang='grc' dir='ltr'>ἄνθρωποι,</span> <span class='ocrx_word' id='word_1_855' title='bbox 2478 5762 2576 5834; x_wconf 79' lang='grc' dir='ltr'><strong>τήν</strong></span> <span class='ocrx_word' id='word_1_856' title='bbox 2606 5762 2835 5833; x_wconf 75' lang='grc' dir='ltr'>σελήνην</span> <span class='ocrx_word' id='word_1_857' title='bbox 2868 5761 3023 5823; x_wconf 74' lang='grc' dir='ltr'>ἐκτὸς</span> <span class='ocrx_word' id='word_1_858' title='bbox 3071 5759 3462 5813; x_wconf 84' lang='grc' dir='ltr'>πεντεκαίδεκα</span> <span class='ocrx_word' id='word_1_859' title='bbox 3505 5758 3642 5827; x_wconf 79' lang='grc' dir='ltr'>ήμε-</span> 
     </span>
    </p>
   </div>
   <div class='ocr_carea' id='block_1_112' title="bbox 2075 5846 3643 5926">
    <p class='ocr_par' dir='ltr' id='par_1_112' title="bbox 2075 5846 3643 5926">
     <span class='ocr_line' id='line_1_112' title="bbox 2075 5846 3643 5926; baseline -0.004 -19"><span class='ocrx_word' id='word_1_860' title='bbox 2075 5854 2184 5926; x_wconf 86' lang='grc' dir='ltr'><strong>ρῶν</strong></span> <span class='ocrx_word' id='word_1_861' title='bbox 2214 5853 2624 5926; x_wconf 86' lang='grc' dir='ltr'>πεπληρῶσθαι.</span> <span class='ocrx_word' id='word_1_862' title='bbox 2668 5852 2828 5908; x_wconf 79' lang='grc' dir='ltr'>Ἀλλά</span> <span class='ocrx_word' id='word_1_863' title='bbox 2852 5853 2925 5924; x_wconf 87' lang='grc' dir='ltr'>μὴ</span> <span class='ocrx_word' id='word_1_864' title='bbox 2950 5853 2992 5906; x_wconf 78' lang='grc' dir='ltr'>δ’</span> <span class='ocrx_word' id='word_1_865' title='bbox 3019 5853 3110 5905; x_wconf 73' lang='grc' dir='ltr'><strong>ἐπὶ</strong></span> <span class='ocrx_word' id='word_1_866' title='bbox 3136 5851 3229 5905; x_wconf 90' lang='grc' dir='ltr'><strong>τοῦ</strong></span> <span class='ocrx_word' id='word_1_867' title='bbox 3260 5846 3643 5918; x_wconf 80' lang='grc' dir='ltr'>κατακλυσμοῦ</span> 
     </span>
    </p>
   </div>
   <div class='ocr_carea' id='block_1_113' title="bbox 2073 5938 3643 6008">
    <p class='ocr_par' dir='ltr' id='par_1_113' title="bbox 2073 5938 3643 6008">
     <span class='ocr_line' id='line_1_113' title="bbox 2073 5938 3643 6008; baseline -0.005 -8"><span class='ocrx_word' id='word_1_868' title='bbox 2073 5945 2167 6000; x_wconf 89' lang='grc' dir='ltr'><strong>τοῦ</strong></span> <span class='ocrx_word' id='word_1_869' title='bbox 2201 5946 2294 6000; x_wconf 72' lang='grc' dir='ltr'><strong>ἐπὶ</strong></span> <span class='ocrx_word' id='word_1_870' title='bbox 2325 5944 2690 6008; x_wconf 70' lang='grc' dir='ltr'>Δευκαλίωνος</span> <span class='ocrx_word' id='word_1_871' title='bbox 2711 5962 2723 5975; x_wconf 91' lang='grc'><strong>·</strong></span> <span class='ocrx_word' id='word_1_872' title='bbox 2757 5944 2851 5999; x_wconf 71' lang='grc' dir='ltr'>καὶ</span> <span class='ocrx_word' id='word_1_873' title='bbox 2877 5944 2956 5998; x_wconf 78' lang='grc' dir='ltr'><strong>ἔτι</strong></span> <span class='ocrx_word' id='word_1_874' title='bbox 2991 5944 3187 5999; x_wconf 76' lang='grc' dir='ltr'>μᾶλλον</span> <span class='ocrx_word' id='word_1_875' title='bbox 3220 5943 3310 5997; x_wconf 65' lang='grc' dir='ltr'>ἐπὶ</span> <span class='ocrx_word' id='word_1_876' title='bbox 3333 5938 3643 6002; x_wconf 82' lang='grc' dir='ltr'>Φοοωνέως·</span> 
     </span>
    </p>
   </div>
  </div>
