4110 6468
423 504 517 555 Mi
1302 489 1721 547 TRACTATUS
1761 489 1848 542 DE
1885 485 2200 542 PLACITIS
2237 483 2790 542 MANICH/EORUM.
3547 473 3656 527 442

423 621 507 674 ὅτε
538 618 734 682 πάντα,
765 618 840 681 ὼς
869 619 1060 680 εἰπεῖν,
1089 615 1156 668 τὰ
1177 615 1268 667 ἐπὶ
1288 615 1392 684 γῆς
1425 613 1711 685 διεφθάρη,
1743 613 1835 666 καὶ
1859 612 1981 665 πολ-

2094 609 2276 664 adhuc
2323 609 2428 664 sub
2468 607 2774 670 Phoroneo,
2823 600 3040 673 quando
3069 613 3132 655 ea
3165 611 3285 668 quae
3310 599 3464 650 erant
3496 609 3660 664 super

424 711 516 783 λὴν
548 710 646 782 τὴν
668 709 892 780 δύναμιν
922 707 1116 776 συνέϐη
1149 705 1522 776 διακεκρίσθαι
1551 706 1649 774 τῆς
1682 705 1830 776 ὕλης.
1866 705 1981 757 Χω-

2092 709 2317 766 terram,
2349 707 2410 754 ut
2453 699 2533 755 sic
2577 699 2779 758 dicam,
2822 694 3007 750 omnia
3053 690 3400 752 interierunt,
3439 687 3658 755 vimque

424 775 506 874 ρὶς
549 775 615 853 δὲ⁷
645 775 849 851 τούτων
891 799 985 850 καὶ
1026 775 1195 866 φορὰς
1237 775 1438 864 γενεῶν
1479 794 1573 848 καὶ
1618 775 1848 864 ἀφορίας
1894 795 1981 846 καὶ

2093 807 2342 863 magnam
2383 790 2604 845 virtutis
2651 787 2880 858 contigit
2908 799 2938 838 a
2985 781 3212 837 materia
3250 777 3543 849 segregari.
3574 775 3658 828 Ad

424 893 631 964 φθορὰν
670 891 870 962 ὁμοίως
906 891 1125 942 σκοπεῖν
1166 876 1473 958 προσῆκενο
1508 879 1582 942 ὦν
1613 884 1872 947 ὡσαύτως
1914 883 1981 955 μὴ

2086 882 2203 937 haec
2245 896 2376 937 vero
2401 881 2564 936 etiam
2594 879 3006 951 generationum
3033 877 3329 944 proventus
3361 881 3659 936 earumque

422 985 720 1058 γινομένων
746 983 885 1038 κατὰ
910 982 1082 1049 τάξιν,
1117 982 1222 1055 χρὴ
1254 982 1386 1053 μηδὲ
1412 980 1509 1052 τὴν
1541 979 1691 1043 τάξιν
1720 980 1828 1034 τῶν
1860 997 1981 1041 παν-

2089 971 2335 1026 delectus
2382 987 2446 1025 ac
2481 968 2789 1031 frustratio,
2839 964 3198 1033 similiterque
3244 959 3656 1028 corruptionum

423 1077 676 1148 σελήνων,
707 1075 842 1147 μηδὲ
869 1072 976 1127 τῶν
1007 1072 1280 1146 μειώσεων
1307 1071 1449 1127 οὕτω
1477 1070 1777 1142 τηρεῖσθαι.

2088 1062 2415 1116 attendenda
2444 1071 2632 1128 erant;
2665 1075 2785 1130 qum
2809 1072 2936 1112 cum
2962 1053 3154 1116 eodem
3191 1051 3354 1109 modo
3383 1057 3438 1104 et
3466 1048 3658 1103 ordine

2087 1168 2198 1217 non
2231 1154 2504 1217 eveniant,
2543 1167 2643 1207 nec
2679 1149 3106 1222 pleniluniorum
3148 1143 3307 1208 ordo,
3344 1155 3447 1196 nec
3469 1139 3658 1194 decre—
3717 1179 3726 1236 ὲ

2088 1245 2296 1301 scentis
2319 1245 2461 1299 lunae
2484 1253 2730 1314 tempora
2760 1240 2842 1297 sic
2872 1236 3217 1303 observanda
3241 1239 3420 1291 erant.

418 1380 553 1436 CAP.
590 1375 780 1434 XXIII.
816 1378 1000 1452 Imago
1031 1379 1277 1455 Materia:
1301 1381 1356 1434 in
1392 1380 1522 1455 so_i_e,
1553 1379 1622 1434 ad
1641 1397 1800 1455 quam
1818 1381 1971 1437 homo
1994 1399 2014 1438 :
2040 1400 2190 1455 nugae
2225 1403 2286 1445 ac
2313 1385 2580 1440 delirium.
2614 1383 2876 1438 Delirium
2906 1383 3052 1455 item,
3081 1378 3343 1441 hominem
3367 1391 3400 1428 a
3432 1372 3660 1427 materia

979 1468 1089 1506 esse
1110 1451 1397 1507 conditum.
1431 1450 1629 1516 Homo,
1655 1450 1744 1516 vel
1773 1450 2143 1524 compositum,
2175 1457 2254 1510 vel
2279 1457 2479 1520 anima,
2516 1455 2594 1509 vel
2622 1470 2764 1509 mens
2793 1463 2840 1507 et
2866 1454 3097 1505 animus.

489 1571 566 1625 Οὑ
601 1570 894 1643 παρέργως
918 1569 976 1622 δὲ
1016 1571 1138 1624 οὑδὲ
1178 1571 1351 1644 τούτῳ
1395 1573 1746 1644 προσεκτέον.
1793 1572 1916 1626 Ὀτι
1941 1574 1981 1626 ei

2163 1571 2243 1628 Ac
2267 1587 2370 1628 nec
2399 1571 2546 1626 istud
2578 1569 2674 1626 def
2675 1569 2922 1625 unctorie
2947 1567 3160 1637 levique
3189 1575 3355 1634 opera
3379 1558 3659 1615 attenden-

424 1663 523 1735 μὲν
554 1663 779 1736 ἄπειρός
821 1667 966 1718 ὲστιν
1000 1665 1034 1735 ἡ
1078 1663 1474 1735 ὲναποκειμένη
1514 1667 1580 1736 τῇ
1624 1663 1725 1738 ὕλῃ
1762 1664 1981 1735 δύναμις

2093 1662 2243 1716 dum.
2273 1660 2477 1732 Nempe
2515 1661 2562 1718 si
2594 1660 2805 1714 inﬁnita
2843 1668 2928 1714 est
2961 1656 3145 1713 divina
3178 1653 3357 1709 virtus
3387 1665 3510 1722 quae
3544 1665 3659 1704 ma-

420 1755 558 1821 θεία,
591 1755 730 1826 πρὸς
753 1756 815 1809 τὸ
843 1754 1124 1826 μειοῦσθαι
1165 1755 1334 1827 αὑτὴν
1353 1756 1505 1810 οὐδὲν
1533 1741 1775 1821 δύναται,
1811 1754 1847 1809 ἃ
1871 1755 1981 1823 δια-

2091 1754 2242 1817 teriae
2284 1752 2458 1808 indita
2502 1759 2606 1818 est,
2638 1751 2707 1807 ad
2737 1765 2858 1806 eam
2903 1745 3253 1804 minuendam
3290 1744 3430 1798 nihil
3459 1741 3659 1805 valent,

417 1846 892 1917 πραγματεύονται
911 1847 1061 1917 ἥλιος
1083 1847 1178 1902 καὶ
1199 1848 1414 1918 σελήνη.
1438 1847 1510 1900 Τὸ
1537 1847 1646 1918 γὰρ
1669 1847 1981 1918 λειπόμενον

2089 1853 2513 1916 quantacunque
2554 1845 2637 1900 sol
2683 1851 2738 1899 et
2781 1844 2909 1898 luna
2955 1840 3272 1896 moliantur.
3319 1835 3474 1902 Quod
3512 1835 3660 1889 enim

417 1935 579 1989 πάλιν
621 1937 846 2008 ἄπειρον
891 1937 996 1990 ἀπὸ
1044 1938 1459 2009 πεπερασμένου
1520 1938 1615 1992 τοῦ
1665 1936 1981 2009 ληφθέντος.

2087 1937 2357 2009 reliquum
2387 1945 2492 2001 est,
2534 1937 2601 1991 ab
2632 1936 2724 1990 illo
2755 1934 2907 1989 ﬁnito
2939 1932 3086 2004 quod
3125 1937 3402 2000 sumptum
3434 1933 3541 1991 est,
3576 1926 3661 1979 in-

417 2027 482 2080 Et
510 2027 567 2098 δέ
599 2003 1200 2101 ἐστιν-πεπερασμένη,
1240 2003 1405 2102 ὲχνρῆν
1451 2029 1701 2102 αἴσθησιν
1720 2003 1981 2098 ’γενέσθαι

2089 2003 2301 2104 ﬁnitum
2329 2039 2430 2086 est.
2456 2028 2612 2096 Quod
2646 2029 2693 2084 si
2718 2036 2803 2084 est
2835 2003 3009 2092 ﬁnita,
3045 2039 3212 2081 sensu
3245 2019 3658 2093 percipiendum

416 2119 475 2172 ὲν
501 2118 737 2189 τοσούτῳ
765 2120 941 2191 χρόνῳ
979 2120 1146 2173 πόσον
1175 2121 1306 2173 ποτὲ
1335 2122 1434 2192 τῆς
1464 2120 1747 2191 δυνάμεως
1779 2119 1983 2192 ταύτης

415 2210 480 2264 ἑκ
507 2209 602 2265 τοῦ
629 2211 836 2283 κόσμου
865 2211 1126 2284 Aeginan.
1168 2211 1330 2266 Ἀλλὰ
1358 2213 1536 2266 πάντα
1563 2213 1768 2283 ὁμοίως
1809 2212 1979 2283 μένει.

415 2302 579 2368 Τίνας
615 2302 673 2358 δὲ
723 2302 927 2375 θυμοὺς
974 2304 1070 2376 οὑχ
1119 2304 1463 2375 ὑπερϐέϐηκε
1504 2303 1584 2376 τῷ
1616 2304 1864 2376 ἀπιθάνῳ
1889 2303 1982 2359 καὶ⁸

415 2393 606 2457 ταῦτα,
635 2394 725 2447 ὅτε
770 2393 911 2448 κατὰ
948 2395 1044 2465 τὴν
1085 2394 1342 2466 ὀφθεῖσαν
1373 2395 1431 2448 ὲν
1473 2395 1607 2466 ἡλίῳ
1653 2394 1836 2448 εἰκόνα
1884 2394 1984 2465 τῆς

415 2486 546 2559 ὕλης
573 2487 666 2541 τὸν
693 2487 973 2558 ἄνθρωπον
1011 2487 1398 2562 δημιούργημα
1436 2483 1576 2542 εἶναι
1604 2488 1842 2556 λέγωσι;
1873 2488 1984 2542 Καὶ

414 2578 522 2648 γὰρ
551 2576 757 2640 είκόνες
786 2577 978 2631 εἴδωλα
1018 2579 1122 2634 εἰσὶ
1149 2578 1258 2634 τῶν
1301 2577 1642 2651 ἀρχετύπων.
1679 2579 1743 2632 Ei
1769 2578 1814 2631 δ’
1847 2578 1982 2650 ἡλίῳ

413 2653 508 2744 τὴν
540 2671 724 2724 εἰκόνα
745 2669 1145 2736 καταλείπουσι,
1208 2671 1311 2726 ποῦ
1341 2672 1401 2724 τὸ
1445 2671 1812 2742 παράδειγμα,
1846 2671 1984 2742 πρὸς

412 2761 549 2834 ὅπερ
584 2762 619 2835 ἡ
651 2760 813 2816 εἰκὼν
845 2762 1028 2824 αὑτοῖς
1058 2763 1504 2829 ἀναπέπλασται;
1541 2764 1615 2830 Oi)
1646 2763 1756 2835 γὰρ
1790 2763 1854 2834 δὴ
1884 2762 1982 2816 αὑ-

415 2853 506 2906 τόν
535 2871 600 2923 γε
643 2853 737 2908 τὸν
766 2852 1049 2926 ἄνθρωπον
1081 2856 1311 2926 φήσουσι
1355 2854 1445 2908 τὸν
1483 2855 1652 2918 ὅντως
1696 2853 1982 2925 ἄνθρωπον

413 2939 580 3000 εἶναι’
614 2945 737 3019 οὑδὲ
771 2945 870 3016 τὴν
903 2945 1128 3018 δύναμιν
1155 2946 1253 3018 τὴν
1283 2946 1452 3001 θείαν.
1490 2946 1704 3019 Ταύτην
1741 2949 1839 3019 μὲν
1872 2947 1982 3018 γὰρ

413 3034 551 3107 πρὸς
598 3035 698 3108 τὴν
743 3036 874 3109 ὕλην
924 3037 1272 3110 μιγνύουσιν·
1321 3041 1380 3092 ἐν
1408 3039 1543 3112 ἡλίῳ
1574 3038 1632 3092 δὲ
1669 3039 1766 3112 τὴν
1796 3040 1981 3094 εἰκόνα

412 3113 686 3200 ἑωρᾶσθαι
719 3127 986 3198 λέγουσιν,
1011 3129 1070 3192 ὃς
1095 3130 1310 3199 ἐγένετο
1352 3129 1472 3184 κατ’
1503 3130 1700 3194 αὐτοὺς
1737 3131 1845 3185 ἀπὸ
1881 3129 1983 3204 τῆς

413 3218 551 3291 πρὸς
587 3220 690 3292 τὴν
728 3218 862 3292 ὕλην
910 3219 1135 3292 ὕστερον
1175 3219 1517 3292 διακρίσεως.
1568 3219 1706 3273 Ἀλλ’
1735 3220 1856 3274 οὑδὲ
1883 3220 1981 3293 τὴν

409 3309 808 3384 δημιουργικὴν
851 3311 1058 3366 αἰτίανο
1094 3310 1296 3382 ταύτην
1327 3310 1433 3386 γὰρ
1465 3311 1558 3364 ἐπὶ
1594 3313 1838 3384 σωτηρίᾳ
1881 3312 1982 3382 τῆς

393 3403 560 3465 ,θείας
586 3401 864 3473 δυνάμεως
889 3401 1348 3476 καταπεπέμφθαι
1374 3401 1523 3472 φασίο
1549 3402 1643 3455 καὶ
1671 3401 1806 3473 πρὸς
1827 3400 1979 3471 ἡλίου

412 3493 534 3546 κατ’
568 3492 767 3555 αὑτοὺς
796 3491 1014 3556 πάντως
1047 3510 1110 3562 γε
1138 3492 1344 3564 ταύτην
1373 3491 1618 3546 τακτέον·
1663 3490 1978 3562 ἐπειδήπερ,

413 3583 721 3655 ἀφιγμένης
739 3582 927 3655 αὑτῆς,
945 3584 1036 3638 τὸν
1058 3583 1206 3655 ἥλιον
1228 3585 1322 3642 καὶ
1344 3583 1442 3656 τὴν
1468 3582 1697 3654 σελήνην
1725 3580 1825 3653 τῆς
1850 3581 1982 3653 ὕλης

413 3673 809 3746 ἀποκεκρίσθαι
845 3673 1209 3746 συμϐέϐηκεν.

494 3941 581 3996 Ἐν
604 3942 741 4013 ἡλίῳ
772 3941 829 3996 δὲ
857 3941 954 4014 τὴν
976 3943 1156 4004 εἰκόνα
1191 3943 1465 4016 ἑωρᾶσθαι
1504 3943 1738 4014 λέγουσι’
1755 3944 1983 4016 πεποίη-

410 4052 505 4089 κεν
562 4035 674 4107 δὲή
713 4034 834 4107 ὕλη,
866 4036 1021 4105 φασὶ,
1041 4035 1131 4090 τὸν
1154 4035 1456 4107 ἄνθρωπον.
1489 4035 1607 4100 Τίνι
1645 4019 1776 4089 ποτὲ
1798 4037 1983 4108 τρόπῳ

410 4125 444 4197 ἢ
477 4125 632 4192 πῶς;
660 4127 796 4180 υὺδὲ
827 4127 934 4199 γὰρ
967 4127 1272 4182 πλάσασθαι
1294 4145 1359 4196 γε
1388 4127 1545 4181 τοῦτο
1569 4127 1815 4185 δυνατόν.
1839 4128 1983 4201 Πρὸς

409 4214 519 4286 γὰρ
552 4214 628 4286 τῷ
660 4215 875 4270 εἴδωλον
901 4215 1121 4269 εἰδώλου
1154 4214 1245 4268 τὸν
1289 4214 1574 4284 ἄνθρωπον
1605 4216 1875 4287 ὑπάρχειν
1901 4213 1984 4267 οὕ-

411 4324 519 4370 τως
551 4324 614 4376 γε
643 4308 762 4361 κατ’
788 4308 1005 4373 αὑτοὺς,
1037 4307 1132 4360 καὶ
1166 4306 1435 4381 μηδεμίαν
1488 4306 1630 4377 ἔχειν
1661 4307 1980 4372 ὑπόστασιν,

413 4398 493 4450 ἐτι
524 4399 644 4452 οὐδὲ
674 4400 753 4463 εἰς
777 4398 980 4454 ἔννοιάν
1015 4402 1158 4452 ἐστιν
1201 4399 1357 4468 ἥκειν
1383 4398 1678 4468 δυνάμενα,
1721 4399 1836 4462 πῶς
1886 4399 1985 4470 τῆς

415 4485 546 4558 ὕλης
601 4489 759 4560 ἔργον
812 4489 958 4543 ἐστὶν
990 4493 1019 4544 ὁ
1063 4489 1362 4560 ἄνθρωπος.
1415 4490 1490 4542 Τὸ
1541 4489 1648 4560 γὰρ
1677 4488 1985 4557 λογίζεσθαι

413 4582 506 4634 καὶ
532 4581 815 4634 αἰσθέσθαι
843 4582 962 4634 οὑδὲ
987 4582 1084 4654 τῆς
1139 4583 1258 4635 κατ’
1288 4582 1484 4647 αὑτοὺς
1514 4581 1646 4652 ὕλης
1695 4582 1859 4636 ἐστίν.
1888 4581 1984 4645 Τίς

2003 3360 2050 3419 C

2088 2129 2258 2186 esset,
2283 2136 2380 2191 per
2418 2127 2570 2174 tanta
2620 2119 2928 2185 intervalla,
2976 2123 3239 2187 quantum
3273 2112 3491 2175 tandem
3540 2110 3661 2179 ejus

2087 2213 2328 2279 virtutis,
2356 2231 2386 2268 e
2409 2211 2612 2282 mundo
2638 2212 2909 2267 minutum
2943 2215 3110 2266 esset.
3141 2208 3209 2261 At
3242 2206 3424 2264 omnia
3461 2203 3658 2261 simili-

2087 2313 2173 2361 ter
2195 2311 2570 2378 perseverant.
2615 2302 2764 2370 Quos
2794 2318 2925 2358 vero
2955 2302 3168 2356 animos
3203 2313 3508 2368 sensusque
3542 2295 3660 2359 haec

2088 2413 2311 2469 quoque
2340 2413 2451 2452 non
2482 2411 2768 2452 excessere
2819 2402 2880 2449 ut
2929 2394 3087 2448 ﬁdem
3138 2392 3374 2461 aliquam
3412 2401 3660 2443 merean-

2088 2499 2198 2554 tur,
2235 2504 2360 2546 cum
2404 2495 2651 2549 creatum
2698 2486 2885 2541 dicant
2932 2485 3211 2540 hominem
3258 2491 3421 2551 atque
3459 2477 3660 2532 formac

2087 2595 2202 2638 tum
2233 2583 2302 2641 ad
2339 2582 2581 2646 materiae
2621 2582 2916 2653 imaginem
2946 2581 3002 2634 in
3053 2579 3170 2634 sole
3196 2575 3408 2633 visam?
3446 2571 3661 2651 Quippe

2088 2676 2351 2748 imagines
2398 2675 2693 2743 simulacra
2737 2679 2868 2728 sunt
2902 2671 3172 2741 nudaeque
3219 2663 3661 2738 reprmsentatioc

2088 2782 2188 2823 nes
2234 2767 2541 2838 principum
2588 2764 2913 2830 formarum.
2963 2762 3123 2830 Quod
3169 2762 3214 2818 si
3269 2759 3561 2830 imaginem
3602 2756 3659 2810 in

2088 2860 2202 2916 sole
2228 2858 2535 2922 includunt,
2572 2857 2797 2922 ubinam
2843 2855 3121 2925 exemplar
3151 2852 3217 2908 ad
3245 2852 3392 2923 quod
3423 2849 3505 2906 eis
3548 2847 3658 2904 eﬁi-

2087 2959 2177 3006 cta
2214 2959 2299 3007 est
2323 2951 2534 3022 imago?
2562 2949 2721 3005 Haud
2750 2965 2882 3007 sane
2935 2949 3080 3004 enim
3123 2945 3408 3000 hominem
3455 2943 3658 3016 ipsum,

2086 3057 2214 3098 vere
2238 3042 2536 3107 hominem,
2569 3041 2770 3096 dicturi
2802 3050 2962 3109 sunt;
3002 3053 3180 3108 neque
3209 3036 3452 3091 divinam
3485 3034 3653 3089 virtu-

2087 3143 2397 3189 temznam
2454 3133 2598 3186 hanc
2649 3130 2868 3202 quidem
2923 3144 3048 3186 cum
3105 3127 3338 3183 materia
3393 3125 3661 3190 miscent;

2085 3220 2379 3293 imaginem
2408 3236 2542 3276 vero
2587 3220 2642 3274 in
2680 3221 2795 3277 sole
2839 3219 3015 3275 visam
3061 3218 3292 3284 docent;
3331 3215 3447 3286 qui,
3479 3223 3543 3269 ut
3584 3212 3662 3268 illi

2086 3312 2402 3383 opinantur,
2440 3318 2631 3379 postea
2671 3308 2924 3362 conditus
2947 3315 3115 3362 estex
3154 3305 3461 3372 secretione
3494 3312 3663 3359 mate-

2083 3405 2196 3458 rim.
2226 3400 2335 3457 Sed
2363 3416 2543 3472 neque
2568 3414 2792 3455 causam
2823 3413 3008 3454 rerum
3029 3397 3279 3468 opiﬁcem
3305 3397 3482 3451 :hanc
3517 3396 3662 3450 enim

2081 3495 2310 3550 missam
2339 3493 2511 3549 fuisse
2537 3492 2690 3547 aiunt
2719 3490 2789 3546 ad
2817 3491 3048 3547 salutem
3074 3490 3272 3545 divinae
3298 3488 3488 3546 virtuti
3520 3502 3662 3556 pra:-

2084 3585 2338 3642 standam
2371 3604 2386 3640 :
2418 3584 2643 3640 omnino
2688 3599 2796 3654 quo
2831 3584 3048 3637 illorum
3093 3581 3363 3637 sententia
3407 3580 3522 3639 haec
3558 3578 3662 3633 soli

2085 3676 2412 3732 ascribenda
2465 3675 2570 3742 sit;
2618 3656 2826 3730 idcirco
2867 3674 3149 3738 nimirum,
3198 3672 3344 3742 quod
3388 3671 3508 3740 ejus
3559 3670 3660 3724 ad-

2082 3775 2246 3824 ventu
2293 3783 2358 3831 ac
2406 3768 2695 3837 praesentia
2737 3765 2988 3838 contigit,
3032 3765 3310 3836 segregari
3359 3779 3392 3817 a
3429 3763 3660 3817 materia

2081 3858 2254 3917 solem
2289 3865 2344 3912 et
2375 3858 2578 3912 lunam.

2151 3945 2324 4002 Porro
2357 3947 2412 4001 in
2440 3948 2554 4003 sole
2579 3947 2767 4002 dicunt
2799 3947 2972 4004 visam
3007 3962 3131 4003 esse
3175 3947 3503 4018 imaginem;
3539 3962 3662 4002 ma-

2082 4038 2279 4092 teriam
2322 4053 2452 4094 vero
2490 4037 2682 4102 dicunt
2714 4037 3026 4094 condidisse
3072 4039 3368 4094 hominem.
3410 4037 3660 4104 Quonam

2084 4129 2308 4185 tandem
2337 4131 2523 4195 modo,
2551 4146 2727 4202 quave
2753 4131 3004 4186 ratione?
3023 4129 3210 4200 Neque
3234 4131 3379 4186 enim
3400 4131 3505 4186 hoc
3536 4131 3660 4188 sani

2083 4222 2278 4293 capitis
2322 4237 2446 4279 esse
2472 4225 2648 4292 possit
2697 4231 3087 4278 commentum.
3118 4222 3486 4292 Praeterquam
3513 4222 3661 4293 quod

2083 4315 2249 4379 enim,
2289 4314 2436 4385 quod
2481 4316 2556 4370 ita
2587 4315 2847 4378 sentiant,
2877 4315 3039 4369 homo
3086 4314 3249 4369 inane
3299 4313 3660 4369 simulacrum

2084 4406 2262 4474 inanis
2293 4405 2574 4462 simulacri
2623 4405 2841 4461 futurus
2877 4406 2968 4470 sit,
3013 4419 3076 4459 ac
3105 4404 3200 4474 qui
3245 4403 3451 4458 nullam
3472 4402 3657 4458 veram

2085 4496 2281 4559 haheat
2323 4490 2724 4562 exsistentiam,
2751 4497 2930 4551 adhuc
2959 4511 3060 4552 nec
3096 4496 3149 4550 in
3193 4503 3430 4551 mentem
3469 4495 3659 4550 venire

2087 4596 2286 4660 potest,
2317 4605 2553 4661 quonam
2588 4589 2750 4644 modo
2783 4589 2946 4644 homo
2967 4589 3208 4644 materia:
3237 4601 3376 4658 opus
3406 4587 3655 4643 exsistat.

411 4671 469 4728 δὲ
498 4673 617 4738 κατ’
643 4672 839 4734 αὐτοὺς
871 4674 900 4725 ὁ
926 4673 1209 4746 ἄνθρωπος
1232 4690 1247 4740 ;
1268 4670 1414 4746 τΑρά
1442 4690 1507 4743 γε
1553 4674 1614 4727 τὺ
1660 4675 1723 4728 ἐκ
1757 4675 1854 4745 τῆς
1877 4674 1981 4743 ψυ-

2086 4679 2296 4736 Etenim
2327 4683 2539 4738 ratione
2572 4696 2846 4751 sensuque
2877 4681 2978 4746 uti,
3005 4695 3117 4735 non
3145 4681 3265 4749 ejus
3296 4679 3534 4734 materiae
3551 4683 3656 4742 est,

413 4762 514 4842 χῆς
539 4764 632 4816 καὶ
661 4762 911 4836 σώματος
942 4766 1156 4836 ninia;
1185 4766 1218 4836 ἦ
1244 4766 1307 4819 τὸ
1328 4766 1536 4838 ἓτερον,
1573 4766 1606 4834 ἢ
1648 4767 1710 4819 τὸ
1739 4766 1865 4836 ὅλης
1888 4765 1982 4836 qm-

409 4851 515 4926 χῆς
535 4855 810 4927 ἀνωτέρω,
840 4856 996 4921 νοῦς;
1039 4856 1176 4910 Ἀλλ’
1193 4856 1303 4910 εἴτε
1327 4855 1448 4921 νοῦς
1471 4857 1608 4920 ἐστι,
1635 4857 1751 4922 πῶς
1778 4858 1838 4911 τὸ
1859 4858 1982 4912 κάλ-

410 4941 523 4998 λιον
551 4944 745 5012 γένοιτ’
778 4945 844 4999 ἂν
872 4944 965 4999 τοῦ
998 4946 1238 5018 χείρονος
1269 4946 1460 5022 ἔργον;
1486 4945 1596 4999 εἴτε
1623 4946 1787 5018 ψυχὴ·
1825 4946 1979 5020 (ταύ-

409 5052 510 5104 την
537 5033 596 5087 δὲ
622 5033 720 5106 τὴν
751 5036 899 5091 θείαν
918 5037 1143 5108 δύναμιν
1174 5033 1313 5090 εἷναι
1357 5037 1574 5106 λέγουσι
1600 5037 1620 5108 )
1653 5037 1790 5101 πῶς,
1825 5039 1981 5107 ἀφαι-

415 5123 667 5196 ρούμενοι
722 5125 811 5181 τὸν
842 5126 976 5180 Θεὸν
1016 5128 1114 5199 τὴν
1147 5127 1295 5181 θείαν
1327 5127 1580 5199 δύναμιν,
1626 5128 1830 5201 ταύτην
1873 5129 1980 5183 ὑπὸ

411 5213 510 5287 τὴν
554 5215 658 5286 τῆς
705 5216 835 5289 ὕλης
891 5218 1248 5290 δημιουργίαν
1294 5219 1755 5284 κατατάττουσιν;
1802 5221 1864 5274 Εἰ
1921 5220 1978 5272 δὲ

410 5307 474 5362 τὺ
515 5307 675 5382 σῶμα
729 5310 886 5381 μόνον
935 5311 1374 5376 καταλείπουσιν,
1415 5313 1980 5384 ἀναμιμνησκέτωσαν

411 5399 594 5466 πάλιν,
622 5402 703 5456 ὅτι
727 5400 883 5458 τοῦτο
909 5403 1029 5458 καθ’
1057 5403 1216 5458 ἑαυτὸ
1248 5403 1308 5457 ὃν
1337 5405 1611 5474 ἀκίνητον,
1645 5405 1744 5476 τῆς
1767 5405 1823 5458 δὲ
1849 5404 1980 5476 ὕλης

411 5495 510 5567 τὴν
550 5494 735 5550 οὐσίαν
783 5497 993 5562 κίνησιν
1029 5491 1166 5550 εἷναι
1201 5496 1383 5566 φασίν.
1422 5496 1582 5550 Ἀλλά
1638 5497 1743 5570 μὴν
1769 5495 1891 5551 οὕτε
1917 5517 1980 5568 γε

411 5585 561 5640 οῦδὲν
588 5586 710 5642 καθ’
737 5587 896 5640 ἑαυτὸ
929 5589 1022 5642 ἐπὶ
1069 5590 1165 5660 τὴν
1196 5588 1326 5661 ὕλην
1348 5589 1572 5658 ἄγεσθαι
1601 5589 1818 5648 οἴονται.
1848 5590 1982 5644 Οὐδὲ

410 5677 469 5729 τὸ
490 5679 555 5730 ὲκ
575 5677 776 5733 τούτων
824 5681 1089 5745 συνεστὼς
1131 5681 1347 5750 εὕλογον
1395 5681 1597 5753 ταύτης
1636 5681 1797 5753 ἔργον
1840 5677 1981 5735 εἶναι

413 5763 834 5841 ύπολαμϐᾴνειν.
890 5771 1001 5825 Καὶ
1031 5772 1134 5844 μὴν
1175 5774 1236 5826 τὸ
1286 5774 1572 5844 γενόμενον
1624 5775 1730 5828 ὑπό
1759 5793 1873 5839 του,
1898 5777 1980 5850 ὃτι

415 5859 627 5925 πάντως
659 5864 839 5933 χεῖρον
861 5863 1068 5916 ἐκείνου
1093 5905 1106 5926 ,
1143 5867 1618 5938 ἀναμφισϐήτητον
1647 5863 1785 5923 εἷναι
1811 5868 1977 5922 δοκεῖ.

413 5951 567 6017 Οὕτω
597 5954 704 6026 γὰρ
737 5956 767 6010 ὁ
793 5955 994 6023 κόσμος
1019 5956 1111 6011 τοῦ
1137 5959 1478 6028 Δημιουργοῦ
1503 5963 1700 6028 χεῖρον·
1733 5961 1826 6015 καὶ
1875 5961 1980 6015 τῶν

2081 4787 2244 4844 quam
2285 4774 2390 4845 ipsi
2430 4781 2693 4829 statuunt.
2724 4771 2898 4838 Quem
2932 4787 3062 4827 vero
3088 4771 3361 4827 hominem
3390 4768 3656 4834 sentiunt,

2080 4852 2334 4935 quisnam
2363 4865 2481 4920 est?
2510 4863 2652 4920 Num
2681 4864 2828 4935 quod
2854 4880 2919 4919 ex
2957 4863 3140 4918 anima
3169 4877 3233 4917 ac
3274 4876 3505 4932 corpore
3546 4858 3653 4914 mi-

2081 4965 2225 5010 stum
2255 4956 2377 5011 est?
2397 4971 2467 5010 an
2496 4955 2747 5018 alterum,
2780 4954 2866 5008 vel
2887 4953 3032 5023 quod
3057 4960 3167 5010 tota
3197 4953 3377 5006 anima
3394 4948 3648 5021 superius

2081 5053 2186 5107 est,
2229 5061 2386 5100 mens
2425 5045 2636 5100 scilicet
2676 5051 2840 5114 atque
2883 5043 3137 5098 animus?
3181 5040 3309 5106 Sed,
3340 5041 3454 5096 sive
3499 5053 3655 5094 mens

2079 5143 2183 5202 est,
2208 5151 2444 5206 quonam
2486 5135 2647 5197 modo
2681 5135 2828 5205 quod
2879 5133 3175 5206 perfectius
3221 5140 3306 5188 est
3337 5139 3503 5202 atque
3541 5145 3652 5184 me-

2081 5226 2209 5292 lius,
2248 5226 2538 5290 deterioris
2587 5243 2726 5297 opus
2759 5226 3067 5282 exstiterit?
3105 5226 3220 5280 sive
3263 5224 3445 5278 anima
3490 5221 3652 5292 (hanc

2079 5337 2212 5376 vero
2240 5321 2481 5375 divinam
2527 5320 2782 5375 virtutem
2826 5317 3036 5386 dicunt)
3090 5315 3362 5386 quomodo
3415 5313 3650 5369 ablatam

2082 5411 2194 5468 Deo
2243 5411 2484 5467 divinam
2527 5410 2672 5465 hanc
2710 5409 2990 5474 virtutem,
3037 5406 3277 5462 materiae
3315 5405 3535 5475 opiﬁcio
3587 5417 3650 5458 ac

2081 5502 2346 5558 creationi
2393 5515 2512 5556 eam
2560 5498 2896 5567 subjiciunt?
2941 5497 3095 5564 Quod
3135 5497 3182 5550 si
3225 5497 3400 5551 solum
3448 5507 3649 5564 corpus

2079 5596 2414 5664 relinquunt,
2453 5592 2798 5656 meminerint
2823 5605 3015 5648 rursus
3043 5590 3221 5660 ipsum
3251 5603 3347 5658 per
3379 5602 3437 5642 se
3467 5586 3648 5657 ipsum

2080 5688 2355 5744 immobile
2396 5701 2538 5753 esse,
2582 5683 2931 5754 materiaeque
2977 5682 3272 5738 essentiam
3318 5688 3524 5734 motum
3562 5677 3649 5733 di-

2081 5794 2226 5834 cere.
2258 5778 2324 5832 At
2352 5789 2529 5845 neque
2557 5789 2675 5830 rem
2702 5774 2868 5840 ullam
2890 5775 3062 5844 ipsam
3091 5787 3189 5842 per
3210 5786 3268 5826 se
3287 5784 3462 5840 exque
3487 5767 3647 5840 genio

2083 5870 2148 5925 ad
2173 5868 2452 5924 materiam
2478 5869 2622 5923 trahi
2653 5868 2984 5925 existimant.
3014 5864 3123 5920 Nec
3149 5863 3293 5935 quod
3313 5879 3379 5918 ex
3410 5862 3496 5918 his
3522 5876 3647 5914 con-

2080 5962 2265 6018 ﬂatum
2321 5967 2421 6022 est.
2471 5969 2529 6015 ut
2585 5963 2701 6033 ejus
2751 5975 2886 6020 onus
2943 5958 3279 6016 existimetur
3317 5953 3646 6010 conveniens
