4110 6402
521 402 625 457 με

1508 413 1902 470 ALEXANDRI
1942 417 2250 476 EPISCOPI
2286 421 2786 480 LYCOPOLITANI

3646 435 3753 493 444

519 521 622 567 εει.
652 512 794 569 Sane
825 517 970 585 quod
1001 519 1069 574 ab
1114 520 1301 592 aliquo
1332 522 1611 583 conditum
1634 535 1739 594 est,
1780 528 1833 582 id
1862 530 1955 586 illo
1990 530 2062 587 de

2187 537 2478 607 τεχνητῶν,
2503 539 2602 591 ὅσα
2622 539 2826 593 τούτων
2858 539 3012 612 ἔργα.
3053 543 3116 595 ΕΞ
3135 539 3227 598 οὖν
3256 544 3355 615 τῆς
3382 544 3511 617 ῦλης
3537 547 3695 619 ἔργον
3721 554 3750 606 6

517 605 688 659 terius
731 621 854 662 esse
905 616 964 662 ut
1018 612 1391 680 existimetur,
1446 625 1600 672 extra
1653 624 2079 677 controversiam

516 700 618 748 est.
660 693 753 749 Sic
779 697 923 750 enim
965 701 1204 758 mundus
1236 705 1497 764 Creatore
1539 711 1800 775 deterius,
1832 728 1925 767 seu
1955 711 2081 783 Opi-

515 782 643 851 ﬁce;
675 792 732 841 et
769 788 1093 857 artiﬁcibus,
1137 811 1476 869 quaecunque
1525 802 1657 857 artis
1688 818 1855 872 opera
1904 782 2073 859 sunt:

2186 624 2488 695 ἄνθρωπος,
2513 628 2729 691 πάντως
2762 646 2864 681 που
2902 630 3104 702 ταύτης
3139 635 3334 704 χεῖρον.
3372 636 3541 707 ’Ὕλης
3569 638 3624 690 δὲ
3659 641 3747 694 κά-

2186 727 2301 763 κιον
2324 713 2371 763 οἱ
2396 712 2583 783 ἄνδρες
2602 714 2750 767 ούδὲν
2774 717 3170 771 καταλείπουσι·
3192 722 3283 773 καὶ
3311 724 3409 781 οὐκ
3427 723 3538 779 ἴσον
3565 730 3628 797 τῇ
3650 727 3745 802 ῦλῃ

2188 802 2477 881 μίγνυσθαι
2517 805 2615 875 τὴν
2644 805 2792 861 θείαν
2818 806 3044 879 δύναμιν
3069 812 3160 863 καὶ
3186 812 3263 883 τῷ
3299 814 3499 886 ταύτης
3524 818 3725 889 χείρονι

513 876 656 945 quod
694 886 875 933 autem
916 884 1141 938 materia
1180 886 1419 946 deterius
1453 892 1558 957 sit,
1593 892 1729 947 nihil
1768 894 1843 947 illi
1886 896 2077 951 volunt
2103 878 2373 964 reliquum
2418 910 2561 950 esse.
2593 894 2700 950 Nec
2753 912 2853 967 par
2895 907 2979 955 est
3042 903 3257 957 misceri
3294 909 3561 977 materiae,
3606 916 3660 964 et
3697 912 3749 974 ei

512 969 654 1037 quod
680 972 910 1027 materia
937 976 1177 1035 deterius
1205 983 1298 1036 sit.

582 1061 715 1129 Quae
737 1082 867 1123 vero
908 1072 1065 1140 quasi
1103 1074 1441 1146 indulgentia
1489 1095 1554 1135 ac
1583 1082 1958 1154 dispensanda
1995 1085 2082 1145 di-

508 1161 660 1222 cunt,
687 1156 802 1213 haec
829 1175 931 1216 nec
948 1162 1245 1237 intelligere
1270 1169 1540 1229 videntur.
1560 1174 1701 1240 Quid
1733 1176 1877 1231 enim
1901 1191 2082 1241 causa:

509 1254 613 1312 est,
644 1263 746 1303 cur
783 1249 880 1308 Dei
908 1254 1199 1328 imaginem
1228 1262 1283 1316 in
1308 1264 1669 1322 substantiam
1703 1269 1943 1325 hominis
1966 1285 2081 1323 ma-

508 1337 702 1392 teriam
727 1342 980 1414 ailigasse
1007 1350 1367 1410 existiment?
1391 1356 1499 1419 Aut
1539 1374 1639 1416 cur
1664 1374 1774 1414 non
1814 1361 1932 1431 ipsa
1963 1360 2079 1417 suf-

509 1427 698 1523 ﬁciens
734 1434 936 1507 imago,
969 1440 1115 1497 velut
1155 1445 1212 1498 in
1261 1450 1520 1517 speculis,
1553 1459 1614 1505 ut
1647 1451 1809 1507 homo
1836 1427 2076 1523 appare-

2266 1081 2336 1132 Ἀ
2365 1078 2422 1132 δὲ
2452 1077 2889 1150 οἰκονομούμενοι
2924 1081 3161 1149 λέγουσι,
3196 1085 3366 1140 ταῦτα
3396 1088 3504 1142 ούδ*
3534 1091 3749 1165 ἐπινοῆ-

2188 1187 2278 1224 σαι
2308 1170 2533 1224 οἴονται.
2560 1170 2658 1224 Διά
2706 1172 2759 1223 τί
2806 1171 2913 1245 γὰρ
2946 1174 3045 1244 τῆς
3082 1176 3384 1245 κρείττονος
3435 1182 3638 1248 εἰκόνος
3667 1189 3746 1252 είς

2184 1261 2283 1333 τὴν
2313 1260 2407 1315 τοῦ
2428 1259 2712 1333 ἀνθρώπου
2739 1262 3032 1316 ὑπόστασιν
3060 1265 3158 1335 τὴν
3180 1265 3309 1337 ὕλην
3331 1268 3574 1326 δεδέσθαι
3603 1278 3750 1347 νομί-

2185 1351 2404 1418 ζουσιν;
2431 1353 2504 1404 Ἥ
2521 1351 2609 1405 διὰ
2628 1353 2679 1404 τί
2712 1353 2811 1405 οὑκ
2839 1353 3116 1425 αὐτάρκης
3145 1357 3177 1425 ὴ
3210 1355 3392 1422 εἰκὼν,
3417 1359 3493 1424 ὠς
3517 1362 3609 1415 ἐπὶ
3636 1364 3748 1422 τῶν

2180 1443 2521 1515 κατόπτρων,
2563 1444 2698 1516 πρὸς
2754 1444 2816 1497 τὸ
2862 1446 3157 1517 πεφηνέναι
3204 1448 3293 1500 τὸν
3331 1448 3644 1521 ἄνθρωπον;
3673 1458 3748 1510 Ἥ

507 1518 629 1573 ret?
655 1519 763 1576 Aut
789 1525 935 1582 sicut
972 1529 1090 1600 ipse
1122 1536 1225 1600 sol,
1259 1538 1327 1592 ad
1363 1541 1608 1595 omnium
1630 1557 1751 1613 quae
1777 1518 2062 1613 procrean-

2174 1534 2428 1605 καθάπερ
2458 1535 2620 1598 αὐτὸς
2650 1538 2679 1588 6
2703 1534 2854 1605 ἣλιος
2892 1536 3027 1605 πρὸς
3063 1536 3276 1604 γένεσιν
3324 1518 3576 1596 ἁπάντων
3632 1518 3746 1599 τῶν

505 1614 614 1677 tur,
644 1623 825 1671 ortum
847 1632 911 1675 ac
928 1620 1210 1681 interitum
1239 1629 1515 1689 suﬂiciens
1535 1641 1639 1699 est,
1664 1649 1884 1705 suaeque
1902 1635 2062 1706 ipsius

2173 1623 2472 1694 γινομένων
2508 1624 2604 1677 καὶ
2656 1624 2860 1695 φθορὰν
2893 1624 3187 1696 αὐτάρκης·
3215 1628 3519 1697 ἐμιμήσατο
3542 1631 3599 1683 δὲ
3646 1633 3746 1705 τὴν

503 1704 798 1791 creationis
843 1711 1158 1785 imaginem,
1209 1736 1309 1791 pro
1354 1725 1579 1779 creandi
1614 1741 1840 1782 munere
1885 1742 1949 1783 ac
1986 1728 2071 1783 fa-

2172 1714 2358 1767 εἰκόνα
2414 1712 2556 1766 κατά
2603 1713 2704 1785 τὴν
2748 1713 2963 1784 ποίησιν
2990 1715 3087 1785 τῆς
3147 1717 3412 1788 σφετέρας
3455 1720 3624 1792 αὐτῆς
3645 1723 3743 1796 δη-

501 1789 1000 1894 εἰειιάἰΔαὲῃυιοιυε
1033 1814 1139 1864 est.
1169 1789 1417 1876 Quonam
1455 1815 1671 1871 tandem
1696 1818 1913 1872 illorum
1949 1834 2062 1890 qua:

2177 1802 2482 1874 μιουργίας.
2509 1804 2627 1857 Τίνι
2656 1804 2784 1856 mre
2815 1796 2890 1858 ὧν
2916 1800 3095 1874 εἷχεν;
3127 1802 3273 1878 ΤΑρά
3294 1825 3357 1876 γε
3386 1812 3451 1881 τῇ
3491 1789 3745 1888 μιχθείστι

500 1879 707 1979 habet?
740 1886 884 1960 Ergo
918 1893 1103 1951 divina
1135 1901 1314 1959 virtus
1345 1904 1428 1959 sic
1460 1916 1723 1975 spectata,
1759 1879 2078 1979 organi.ra-

499 1972 708 2030 tionem
754 1991 1009 2052 respectu
1072 1992 1315 2047 materia:
1358 1972 1560 2049 habet?
1608 1995 1714 2051 Sed
1764 1972 2076 2055 inordinato

499 2070 673 2132 motu,
704 2083 814 2138 quo
854 2073 934 2128 sic
978 2073 1154 2131 forma
1189 2084 1473 2137 materiam
1507 2085 1748 2140 imbuat?
1776 2086 1976 2143 Verum
1999 2091 2077 2147 si-

498 2154 651 2250 milia
681 2160 887 2250 omnia,
935 2168 1212 2238 exquisito
1255 2172 1445 2230 ordine
1493 2175 1849 2248 diligentique
1882 2196 2070 2250 opera,

495 2241 762 2304 imitando
790 2251 954 2309 ﬁnem
1001 2270 1394 2330 assequuntur.
1429 2263 1617 2336 Neque
1654 2272 1799 2323 enim
1847 2270 2068 2326 domum

498 2340 592 2388 aut
625 2341 829 2408 navim,
862 2346 947 2401 vel
968 2349 1100 2417 quid
1134 2352 1284 2408 aliud
1314 2357 1637 2413 artel‘actum
1661 2360 2069 2419 inordinatione

497 2441 740 2523 unquam
801 2438 1051 2503 praestari
1099 2444 1521 2518 arbitrabimur;
1573 2468 1752 2522 neque
1802 2463 2062 2523 statuam,

495 2518 654 2660 fujus
692 2535 783 2578 ars
824 2525 1089 2587 fabricam
1138 2536 1205 2590 ad
1239 2537 1479 2597 hominis
1534 2544 1894 2602 imitationem
1940 2562 2063 2601 mo-

516 2606 591 2660 ita
614 2619 716 2660 est-

516 2606 591 2663 ita
614 2619 716 2668 est.

2175 1892 2311 1965 πρὸς
2343 1893 2513 1964 αὐτὴν
2545 1894 2663 1965 θείᾳ
2695 1894 2942 1965 δυνάμει,
2977 1896 3170 1951 οὐκοῦν
3215 1899 3271 1950 ὲν
3312 1899 3543 1971 ὀργάνου
3598 1902 3745 1977 λόγῳ

2174 1981 2298 2036 θεία
2319 1981 2569 2054 δύναμις,
2601 1984 2745 2038 οῦτω
2782 2002 2845 2053 γε
2889 1986 3024 2056 πρὸς
3071 1987 3168 2058 τὴν
3224 1989 3394 2061 ῦλην;
3458 1992 3619 2046 ’Κλλά
3661 1998 3727 2068 τῇ

2173 2073 2394 2145 ἀτάκτῳ
2421 2076 2654 2146 κινήσει,
2681 2075 2852 2140 οὕτως
2884 2077 3222 2151 είδοποιούσῃ
3247 2082 3348 2151 τὴν
3370 2081 3535 2154 ῦληνς
3582 2085 3747 2141 Ἀλλά

2174 2172 2354 2228 πάντα
2377 2190 2440 2242 γε
2468 2172 2538 2225 τὰ
2562 2175 2723 2243 ὃμοια
2756 2176 2814 2227 ὲν
2836 2174 3021 2240 τάξεσι
3078 2179 3173 2228 καὶ
3204 2177 3509 2247 ἀκριϐείαις
3540 2182 3627 2235 διὰ
3660 2201 3743 2255 μι-

2178 2266 2393 2336 μήσεων
2443 2266 2749 2335 ἀφικνεῖται
2800 2268 2880 2331 είς
2927 2268 3098 2333 τέλος.
3148 2271 3281 2325 Οὐδὲ
3338 2273 3445 2344 γὰρ
3487 2276 3662 2329 οίκίαν
3704 2278 3745 2349 ἦ

2174 2357 2374 2421 πλοῖον,
2402 2358 2436 2428 ἦ
2458 2375 2510 2409 τι
2541 2358 2724 2427 ἕτερον
2784 2359 2892 2411 τῶν
2924 2362 3180 2431 τεχνιτῶν
3215 2362 3279 2415 δι’
3297 2365 3521 2429 ἀταξίας
3545 2368 3741 2422 ἀπαιο-

2169 2444 2375 2498 λεῖσθαι
2401 2446 2619 2500 οῖον-ταν
2656 2447 2774 2501 οὐδὲ
2818 2449 3126 2521 ἀνδριάντα,
3163 2454 3300 2524 ὅπερ
3348 2456 3381 2524 ἡ
3409 2455 3572 2527 τέχνη
3596 2457 3737 2530 πρὸς

2171 2533 2454 2606 ἀνθρώπου
2493 2537 2719 2607 μίμησιν
2751 2540 3147 2614 ἐμηχανήσατο.

494 2698 627 2759 CAP.
658 2705 847 2770 XXIV.
874 2714 1121 2776 Christus
1146 2738 1324 2821 mens‘.’
1345 2726 1694 2821 Munichaice.
1902 2735 2285 2821 ecclesiastica?
2316 2735 2745 2821 inconvenientia
2774 2741 2837 2795 de
2877 2742 3109 2799 Christo.
3145 2743 3374 2801 Passum
3416 2748 3735 2821 umbratica,

1264 2795 1683 2855 Manichworum
1714 2795 1984 2859 dclirium.
2016 2804 2167 2858 Nihil
2209 2805 2372 2860 Verbo
2409 2823 2500 2876 per
2520 2810 2784 2878 ﬁctionem
2808 2795 3008 2882 apium.

559 2889 841 2951 Christum
886 2916 1016 2958 vero
1054 2920 1179 2962 cum
1226 2926 1329 2967 nec
1375 2926 1730 2985 cognoscant,
1779 2918 2060 2975 Christum

491 2986 675 3038 tamen
706 2988 886 3057 ipsum
910 2997 1268 3067 appeHantes,
1300 3021 1423 3059 cum
1452 3009 1625 3065 altero
1653 3011 1918 3068 sumendo
1950 3013 2060 3068 ele-

2235 2921 2339 2975 Τὸν
2368 2921 2425 2975 δὲ
2478 2922 2713 2995 Χριστὸν
2765 2926 2885 2980 οὐδὲ
2914 2928 3288 2999 γινώσκοντες,
3336 2933 3471 2989 άλλά
3496 2935 3739 3007 Χριστὸν

2167 3011 2331 3066 αὐτὸν
2360 3015 2852 3085 προσαγορεύοντες
2875 3021 2940 3089 τῇ
2977 3019 3113 3091 πρὸς
3142 3020 3206 3074 τὸ
3248 3022 3310 3087 β’
3341 3027 3599 3103 στοιχεῖον
3636 3042 3737 3096 με-

492 3087 696 3180 mento,
734 3081 994 3155 aliudque
1036 3089 1425 3163 signiﬁcatum,
1467 3116 1630 3171 quam
1664 3118 1772 3173 quo
1810 3104 1902 3159 ille
1937 3118 2062 3174 pro-

2166 3081 2418 3175 ταλήψει,
2444 3081 2629 3179 ἕτερον
2660 3081 3053 3179 σημαινόμενον
3086 3081 3204 3164 ἀντὶ
3241 3081 3334 3166 τοῦ
3373 3081 3575 3185 κυρίως

492 3168 611 3260 prie
640 3173 926 3243 accipitur,
957 3178 1291 3252 inducenda,
1322 3188 1501 3260 ipsum
1543 3202 1778 3249 mentem
1809 3212 1931 3252 esse
1955 3205 2066 3251 tra-

489 3256 644 3315 dunt.
678 3260 984 3358 Siquidem
1025 3282 1205 3331 autem
1246 3277 1301 3333 id
1337 3256 1483 3350 quod
1523 3284 1772 3339 noscitur
1818 3300 1882 3340 ac
1914 3288 2063 3358 quod

488 3355 794 3447 cognoscit,
822 3363 1259 3438 sapientiamque
1289 3371 1469 3442 ipsum
1500 3390 1607 3430 una
1640 3392 1772 3433 voce
1791 3355 2060 3447 dicentes,

487 3438 557 3541 iis
593 3458 717 3513 quae
762 3448 867 3541 viri
910 3455 1269 3514 ecclesiastici
1310 3438 1394 3517 ide
1442 3463 1537 3520 illo
1588 3466 1907 3537 loquuntur,
1964 3438 2063 3541 per

486 3531 637 3589 hunc
685 3539 908 3597 modum
964 3552 1277 3608 consentire
1346 3531 2060 3636 deprehendunturpquid

485 3633 671 3717 causa:
699 3635 807 3696 est,
842 3646 943 3688 cur
968 3653 1207 3706 omnem,
1254 3660 1418 3715 quam
1450 3640 1679 3717 vocant,‘
1704 3633 2060 3712 veterem—hi.

485 3716 717 3772 storiam
742 3730 1049 3793 respuant?
1077 3730 1135 3785 Si
1179 3750 1333 3801 vero,
1376 3745 1439 3793 ut
1465 3745 1831 3810 quorumdam
1871 3748 2059 3819 opinio

485 3810 596 3870 est,
642 3808 1005 3872 adventitium
1049 3820 1226 3891 ipsum
1268 3808 1601 3901 novumque,
1641 3841 1694 3889 et
1726 3838 1821 3906 qui
1851 3808 2060 3894 estrin-

482 3907 649 3987 secus
673 3915 915 3974 casuque
948 3908 1251 3980 intraverit,
1284 3926 1552 3987 statuunt,
1594 3925 1898 3983 videamus.
1938 3928 2057 3985 Hu-

606 3990 752 4045 enim
782 3997 1058 4065 opinionis
1091 4004 1385 4076 antistites,
1421 4015 1566 4082 quod
1595 4018 1831 4083 maxime
1873 4023 2055 4078 suasi-

485 4075 594 4134 bile
629 4081 902 4155 videatur,
951 4092 1100 4147 circa
1149 4111 1353 4153 annum
1398 4105 1692 4174 septimum
1734 4108 1946 4177 dicunt,
1991 4127 2057 4167 ea

482 4182 607 4239 qua!
649 4187 817 4269 sensu
865 4184 1094 4250 praedita
1143 4197 1256 4254 est,
1300 4192 1504 4251 virtute
1562 4200 1781 4269 organis
1819 4199 2054 4258 formata

460 4267 648 4357 atque
685 4267 974 4340 distineta,
1012 4276 1191 4347 ipsum
1247 4282 1551 4355 ingressum
1602 4267 1747 4346 esse.
1794 4290 1950 4357 Quod
2004 4294 2051 4351 si

481 4351 734 4445 Christus
758 4376 914 4419 mens
941 4374 1044 4435 εει,
1075 4378 1135 4423 ιιι
1162 4373 1237 4428 illi
1266 4351 1583 4445 opinantur,
1641 4382 1723 4436 sic
1753 4351 1916 4439 simul
1945 4387 2051 4441 erit

480 4441 735 4504 Christus
759 4457 815 4505 et
843 4468 953 4509 non
985 4459 1111 4514 erit.
1144 4460 1451 4536 Antequam
1479 4469 1626 4524 enim
1653 4486 1808 4527 mens
1828 4489 2051 4532 sensus-
2082 4437 2126 4493 Β

479 4548 587 4635 que
607 4537 963 4635 ingrediatur,
998 4565 1069 4605 ne
1105 4553 1323 4622 quidem
1360 4564 1465 4614 εει.
1490 4559 1655 4626 Quod
1701 4562 1749 4618 si
1774 4562 2049 4635 Christus,

479 4629 541 4678 ut
561 4625 668 4696 ipsi
691 4632 900 4701 volunt,
929 4651 1084 4696 mens
1115 4649 1217 4706 est,
1243 4644 1300 4698 in
1332 4647 1508 4717 ipsum
1542 4664 1673 4704 vero
1696 4653 2052 4711 exsistentem

477 4729 635 4772 mens
658 4719 982 4795 ingreditur,
1012 4733 1094 4786 sic
1132 4749 1326 4791 rursus
1350 4738 1565 4794 illorum
1594 4745 1865 4798 sententia
1896 4761 2050 4805 mens

476 4806 600 4902 erit.
629 4807 728 4866 Est
761 4813 931 4885 igitur
966 4827 1022 4874 et
1044 4837 1156 4878 non
1178 4834 1264 4881 est
1287 4828 1479 4884 eodem
1510 4837 1755 4902 tempore
1772 4833 2046 4894 Christus.

476 4894 534 4953 Si
556 4910 756 4970 autem,
782 4923 902 4977 quae
926 4911 1143 4969 illorum
1164 4927 1311 4973 secta
1336 4894 1718 4991 probatissima
1737 4935 1841 4993 est,
1866 4943 2045 4995 mens,

474 4998 535 5045 ut
565 5001 620 5048 et
648 4996 754 5066 ipsi
781 5002 1117 5070 existimant,
1161 5011 1343 5064 omnia
1377 5019 1463 5067 est
1498 5030 1619 5084 qua:
1668 5025 1834 5085 sunt;
1865 5033 2042 5089 quan-

472 5082 763 5154 doquidem
788 5094 1069 5148 materiam
1096 5097 1393 5168 ingenitam
1418 5082 1762 5171 pro—ﬁtentur,
1787 5082 1841 5160 et
1861 5082 2047 5177 aequa-

473 5172 563 5239 lis,
588 5186 648 5233 ut
672 5179 753 5236 sic
783 5182 997 5252 loquar,
1030 5204 1155 5243 cum
1196 5188 1307 5245 Deo
1339 5195 1604 5262 temporis
1645 5197 1859 5267 ipsique
1897 5172 2041 5253 cote-

2168 3195 2330 3248 αὐτοῦ
2367 3196 2770 3268 ὑπειλημμένον
2816 3201 3143 3269 εἰσάγοντες,
3193 3202 3336 3257 Νοῦν
3368 3199 3508 3259 εἶναι
3543 3208 3723 3275 φασίν.

2165 3286 2228 3339 Ei
2255 3285 2373 3357 μὲν,
2408 3287 2468 3340 τὸ
2500 3288 2737 3356 γνωστὸν
2762 3290 2857 3343 καὶ
2874 3291 2933 3344 τὸ
2955 3293 3256 3361 γιγνῶσκον
3294 3294 3388 3348 καὶ
3410 3296 3508 3367 τὴν
3538 3297 3733 3368 σοφίαν

2164 3377 2329 3431 αὐτοῦ
2362 3378 2608 3448 λέγοντες
2640 3381 2916 3451 ὁμόφωνα,
2959 3384 3131 3451 οὕτως
3167 3390 3279 3451 τοῖς
3333 3389 3455 3443 ἀπὸ
3487 3390 3597 3444 τῶν
3637 3393 3731 3445 ὲκ-

2163 3468 2400 3541 κλησιῶν
2423 3472 2551 3544 περὶ
2578 3472 2742 3526 αὐτοῦ
2798 3474 3014 3545 λέγουσι
3044 3477 3464 3551 διαταττόμενοι,
3504 3481 3645 3536 οὕτω
3664 3499 3731 3552 γε

2163 3560 2478 3617 ἁλώσονται·
2515 3563 2631 3627 πῶς
2650 3560 2741 3619 οῦν
2764 3567 2863 3638 τὴν
2908 3568 3204 3643 λεγομένην
3252 3572 3486 3627 παλαιὰν
3512 3572 3735 3631 ἅπασαν

2163 3653 2402 3725 ἱστορίαν
2432 3654 2817 3723 ὲκϐάλλουσιν;
2872 3659 2936 3711 Et
2978 3661 3035 3714 δὲ
3067 3663 3384 3733 ὲπιγενητδν
3416 3665 3555 3718 κατά
3578 3682 3731 3730 τινας

2161 3744 2375 3812 λέγουσι
2399 3746 2493 3798 καὶ
2539 3745 2647 3801 τῶν
2674 3746 2872 3813 ἔξωθεν
2904 3752 3254 3807 ἐπεισιόντων
3287 3754 3381 3807 καὶ
3408 3755 3731 3826 συμϐαινόν-

2157 3850 2287 3899 των,
2319 3834 2703 3904 σκοπήσωμεν.
2754 3836 2817 3889 Οἱ
2867 3837 2974 3910 γὰρ
3014 3839 3077 3909 δὴ
3106 3841 3305 3913 ταύτης
3342 3844 3732 3914 προϊστάμενοι

2157 3924 2256 3995 τῆς
2289 3922 2445 3994 δόξης
2472 3924 2695 3979 πιθανὸν
2736 3926 2969 3997 μάλιστα
3019 3929 3237 3997 λέγουσι
3296 3934 3423 4004 περὶ
3471 3933 3539 3987 τά
3590 3935 3729 3989 ἑπτὰ

2158 4012 2253 4083 ἔτη
2280 4015 2378 4085 τῆς
2402 4014 2723 4087 αἰσθητικῆς
2764 4016 3041 4087 δυνάμεως
3088 4018 3512 4093 διαρθρωθείσης
3565 4022 3729 4076 αὐτὸν

2157 4104 2591 4176 ἐπεισέρχεσθαι.
2632 4108 2695 4159 Εἰ
2720 4107 2783 4179 δὴ
2811 4108 2935 4172 νοῦς
2980 4110 3127 4162 ἐστιν
3156 4111 3185 4161 6
3207 4110 3437 4180 Χριστὸς
3485 4113 3607 4164 κατ’
3635 4113 3721 4166 αὺ-

2155 4197 2301 4261 τοὺς,
2335 4196 2476 4249 οὕτω
2503 4214 2565 4266 γε
2599 4196 2749 4251 ἔσται
2773 4215 2833 4250 τε
2859 4198 2974 4272 ἅμα
3002 4200 3097 4254 καὶ
3136 4202 3237 4254 οὐκ
3261 4199 3431 4254 ἔσται·
3464 4202 3593 4274 πρὶν
3623 4202 3725 4273 μὲν

2155 4287 2260 4358 γὰρ
2292 4286 2623 4341 ἐπεισελθεῖν
2649 4288 2740 4342 τὸν
2760 4289 2904 4347 νοῦν.
2938 4290 3146 4344 οὐδέπω
3192 4292 3358 4346 ἐστίν.
3393 4293 3460 4346 Εἴ
3502 4310 3565 4363 γε
3598 4294 3723 4358 νοῦς

2154 4379 2269 4433 ἐστι
2291 4379 2410 4433 κατ’
2442 4381 2640 4445 αὐτοὺς
2663 4382 2693 4433 6
2717 4381 2967 4453 Χριστὸς,
3003 4381 3138 4436 ἀλλά
3187 4383 3293 4455 μὴν
3331 4385 3445 4439 ὄντι
3484 4402 3548 4453 γε
3576 4386 3723 4457 αὐτῷ

2155 4472 2532 4542 ἐπεισέρχεται
2576 4473 2605 4525 6
2647 4472 2790 4539 νοῦς,
2820 4472 2991 4537 οὕτως
3039 4468 3132 4528 οῦν
3173 4475 3334 4533 πάλιν
3380 4479 3499 4530 κατ’
3528 4476 3721 4543 αὐτοὺς

2155 4562 2308 4615 ἔσται
2337 4564 2365 4616 6
2400 4563 2544 4627 νοῦς.
2601 4564 2757 4617 Ἔστι
2803 4581 2868 4634 γε
2900 4566 2993 4618 καὶ
3026 4565 3128 4619 οὐκ
3182 4566 3326 4623 ἐστιν
3354 4570 3412 4621 ὲν
3462 4566 3541 4638 τῷ
3574 4569 3719 4640 αὐτῷ

2155 4656 2331 4729 χρόνῳ
2363 4657 2391 4708 6
2427 4656 2679 4729 Χριστός.
2730 4656 2796 4709 Εἰ
2836 4655 2892 4709 δὲ
2919 4659 3040 4710 κατ’
3070 4657 3249 4712 αὐτῶν
3292 4658 3389 4734 τὴν
3432 4660 3718 4731 καλλίστην

2154 4746 2362 4818 αἵρεσιν
2389 4747 2417 4799 6
2448 4746 2574 4810 νοῦς
2603 4749 2726 4801 κατ’
2755 4748 2953 4812 αὐτούς
2987 4750 3101 4802 ἐστι
3126 4748 3195 4803 τὰ
3222 4749 3351 4804 ὄντα
3377 4753 3571 4806 πάντω
3599 4753 3722 4805 ἐπεὶ

2152 4836 2250 4908 τὴν
2274 4835 2405 4907 ὓλην
2438 4836 2698 4906 ἀγένητον
2739 4839 3083 4893 ὑποτίθενται
3125 4839 3219 4893 καὶ
3245 4840 3510 4913 ἰσόχρονον
3537 4840 3612 4903 ὡς
3644 4842 3727 4894 εί-

2156 4931 2277 4981 πεῖν
2304 4927 2382 4999 τῷ
2409 4928 2548 4999 Θεῷ,
2583 4929 2677 4983 καὶ
2708 4929 2833 4982 νοῦν
2871 4931 2962 4982 καὶ
3003 4929 3134 5001 ῦλην
3164 4930 3349 4984 τοῦτον
3381 4931 3471 4983 τὸν
3505 4932 3714 5003 πρῶτον

2153 5019 2242 5072 τὸν
2276 5021 2506 5091 Χριστὸν
2533 5019 2875 5073 ὑποτίθενται
2919 5016 3078 5087 εἶναι,
3100 5019 3155 5072 εῐ
3189 5037 3252 5087 γε
3302 5020 3369 5073 τὰ
3396 5021 3574 5075 πάντα
3598 5026 3714 5075 κατ’

2152 5110 2347 5174 αὐτούς
2370 5113 2517 5165 ἐστιν
2539 5112 2567 5164 6
2602 5111 2838 5183 Χριστὸς
2862 5110 2986 5174 νοῦς
3023 5109 3117 5176 ὢν,
3152 5112 3212 5174 ὃς
3244 5112 3388 5163 ἐστιν
3416 5111 3486 5165 τά
3516 5111 3712 5169 πάντα·

2148 5202 2293 5273 καὶὴ
2320 5201 2418 5273 ὕλη
2442 5202 2498 5256 ἓν
2524 5201 2631 5255 τῶν
2657 5200 2845 5262 ὄντων,
2875 5202 2968 5255 καὶ
2988 5200 3123 5271 αὐτὴ
3150 5201 3408 5272 ἀγένητος
3437 5199 3591 5258 οὖσα.

471 5280 620 5335 vam,
676 5273 922 5342 primum
974 5277 1120 5333 hunc
1169 5279 1449 5337 Christum
1495 5295 1551 5339 et
1595 5299 1827 5343 mentem
1866 5297 1921 5343 et
1969 5291 2251 5346 materiam
2309 5300 2579 5357 statuunt,
2610 5294 2657 5348 si
2693 5293 2913 5364 quidem
2944 5292 3205 5348 Christus
3237 5308 3389 5350 mens
3440 5303 3546 5365 est,
3595 5313 3715 5367 qua:

471 5361 653 5418 omnia
681 5371 799 5433 est;
834 5382 1113 5439 unumque
1138 5387 1325 5427 eorum
1358 5391 1479 5445 quae
1504 5386 1652 5445 sunt,
1678 5381 1904 5433 materia
1929 5388 2033 5447 est,
2064 5397 2183 5452 qua:
2213 5384 2333 5454 ipsa
2376 5384 2617 5455 ingenita
2643 5392 2749 5439 est.

537 5457 622 5512 Ad
667 5461 943 5529 specimen
991 5481 1119 5520 vero
1166 5482 1231 5522 ac
1271 5458 1720 5537 ostentationem,
1762 5491 1858 5544 per
1912 5490 2035 5528 cum

469 5548 693 5602 modum
727 5550 966 5608 divinam
993 5571 1210 5626 quoque
1244 5561 1497 5615 virtutem
1530 5564 1584 5617 in
1626 5567 1851 5620 materia
1886 5565 2037 5619 cruci

470 5634 682 5689 afﬁxam
714 5653 857 5704 esse,
894 5643 1181 5716 ipsumque
1230 5650 1556 5719 supplicium
1588 5652 1693 5708 hoc
1744 5654 1898 5706 aiunt
1929 5668 2038 5707 non

477 5725 789 5793 pertulisse,
821 5732 976 5799 quasi
1010 5736 1218 5793 scilicet
1246 5740 1585 5809 impossibile
1611 5744 1682 5799 sit
1709 5743 1885 5814 ipsum
1935 5744 2037 5800 hoc

551 5835 629 5909 (⁸7)
656 5839 865 5897 Ποίεῖν.
898 5845 976 5901 An
1006 5848 1211 5916 παθεῖν,
1250 5855 1397 5921 pali?

2214 5478 2305 5541 Εἰς
2332 5479 2623 5550 ἐπίδειγμα
2647 5479 2726 5535 δὲ.
2766 5476 2955 5531 τοῦτον
2975 5476 3066 5531 τὸν
3093 5477 3291 5549 τρόπον
3320 5481 3411 5533 καὶ⁸
3439 5481 3537 5552 τὴν
3564 5482 3718 5536 θείαν

2142 5567 2371 5640 δύναμιν
2397 5572 2829 5643 ἐνεσταυρῶσθαι
2874 5578 2936 5645 τῇ
2970 5573 3090 5646 ὕλῃ,
3123 5573 3216 5626 καὶ
3242 5572 3403 5628 αὐτὸν
3429 5574 3717 5644 ὑπομεμε-

2147 5659 2366 5727 νηκέναι
2402 5660 2461 5712 τὸ
2485 5660 2714 5731 πάθημα
2741 5661 2898 5715 τοῦτο
2937 5662 3204 5731 λέγουσιν,
3236 5661 3424 5733 ὥσπερ
3453 5662 3714 5717 ἀδυνάτου

2148 5747 2296 5819 ὄντος
2324 5751 2529 5805 ἐκείνου
2563 5751 2721 5806 τοῦτο
2752 5756 2923 5806 ποιεῖν
2956 5753 3055 5827 (7)°
3089 5756 3227 5825 ὅπερ
3268 5754 3430 5817 αὐτὸς
3455 5756 3483 5807 6
3537 5755 3714 5808 Μανι-⁸
