4110 6472
352 436 466 492 MS

1258 440 1677 502 TRACTATUS
1709 447 1798 502 DE
1835 449 2148 507 PLACITIS
2181 449 2737 508 MANICHJEOBUM.

3491 451 3600 508 “6

353 551 515 618 χαῖος
540 550 933 622 διαπράττεται
957 552 1100 626 λόγῳ
1129 555 1254 626 περὶ
1293 557 1482 612 τούτου
1503 557 1785 618 διδάσκων·
1818 565 1917 616 Ὄτ

2043 567 2255 622 facere:
2288 565 2435 636 quod
2464 565 2581 635 ipse
2603 563 2932 620 Manichacus
2952 563 3093 618 libro
3115 563 3182 619 de
3209 579 3273 619 ea
3301 579 3360 619 re
3392 565 3601 634 scripto

353 643 388 711 ή
424 640 556 695 θεία
577 641 802 713 δύναμις
847 646 925 708 εἰς
966 644 1095 715 ὕλην
1144 649 1569 723 κατακέκληται,
1629 655 1723 705 καὶ
1772 654 1932 708 πάλιν

352 733 666 804 ἀποχωρεῖ.
703 735 911 804 Τρόπον
945 737 1098 790 αὐτοὶ
1119 739 1539 796 ἀναπλάττουσι.
1578 743 1650 796 Τὸ
1687 745 1784 814 μὲν
1824 746 1931 818 γὰρ

352 821 506 874 κατά
526 823 615 875 τὸν
636 823 1083 895 ἐκκλησιαστικὸν
1111 829 1266 896 λόγον
1292 833 1462 885 εἰπεῖν
1487 834 1565 896 εἰς
1592 833 1742 889 λύσιν
1764 837 1934 907 ἁμαρε

353 914 490 966 τιῶν
520 916 710 968 ἑαυτὸν
742 917 1144 985 ἐπιδεδωκέναι,
1173 921 1285 992 ἕχει
1311 924 1488 975 πίστιν
1504 924 1625 978 τινὰ
1645 927 1776 997 πρὸς
1799 927 1929 980 πολ-

353 1007 488 1068 Αοὺς
518 1007 628 1059 κάκ
659 1007 767 1060 τῶν
802 1009 1048 1080 ἱστοριῶν
1101 1012 1206 1065 τῶν
1261 1014 1380 1066 καθ’
1419 1015 1702 1084 Ἕλληνας,
1755 1019 1831 1071 ὅτ’
1862 1019 1929 1072 ἄν

351 1116 519 1168 φασι,
551 1101 721 1168 Τινὰς
748 1102 896 1172 ὑπὲρ
926 1107 1219 1173 σωτηρίας
1249 1107 1481 1159 πόλεων
1518 1108 1767 1173 ἑαυτοὺς
1802 1109 1932 1162 ἐπι-

349 1190 707 1248 δεδωκέναι.
743 1195 854 1248 Καὶ
882 1196 1230 1267 παράδειγμα
1279 1197 1375 1250 τοῦ
1425 1198 1585 1267 λόγου
1633 1199 1746 1270 ἔχει
1777 1200 1928 1272 καλή

323 1343 326 1346 ,
361 1283 643 1338 Ἰουδαίων
669 1287 893 1358 ἱστορία,
915 1289 1006 1342 τὸν
1041 1289 1135 1343 τοῦ
1175 1291 1423 1361 Ἀϐραὰμ
1450 1293 1613 1354 παῖδα
1638 1275 1717 1356 είς
1743 1291 1932 1352 θυσίαν

345 1373 429 1443 τῷ
456 1374 583 1446 Θεῷ
615 1379 1124 1457 παρασκευάζουσα.
1160 1381 1232 1433 Τὸ
1263 1381 1320 1435 δὲ
1353 1383 1432 1446 είς
1461 1383 1782 1453 πράγματος
1809 1383 1934 1442 ἐπί-

344 1464 525 1533 δειξιν
570 1469 648 1540 τῷ
704 1471 984 1548 παθήματι
1036 1475 1264 1542 ὑπάγειν
1310 1475 1400 1528 τὸν
1451 1475 1684 1548 Χριστὸν
1734 1474 1935 1548 πολλῆς

345 1557 507 1620 ἐστιν
543 1560 801 1631 ἀμαθίας,
846 1566 926 1628 είς
957 1564 1299 1622 διδασκαλίαν
1344 1568 1437 1632 καὶ
1480 1567 1681 1636 γνῶσιν
1710 1565 1819 1620 τῶν
1841 1564 1931 1630 δν-

345 1663 460 1701 των
490 1649 590 1702 τοῦ
618 1650 790 1721 Λόγου
823 1652 973 1718 ὄντος
1010 1655 1276 1728 ὑπάρχου.

2041 654 2279 707 instituit
2321 653 2558 720 docere;
2607 652 2754 723 quod
2795 651 3053 706 nimirum
3101 652 3284 706 divina
3324 653 3498 706 virtus
3542 653 3600 707 in

2039 747 2319 801 materiam
2362 746 2583 816 delapsa
2621 746 2714 811 sit,
2756 760 2821 799 ac
2855 761 3048 800 rursus
3096 745 3332 800 recedat.
3381 743 3598 798 Modum

2038 838 2116 891 illi
2149 838 2656 892 comminiscuntur.
2682 835 2827 891 Sane
2853 837 3068 906 quidem
3110 844 3171 888 ut
3204 835 3416 888 dicatur
3441 835 3598 904 juxta

2040 927 2296 984 Ecclesiae
2339 927 2642 983 doctrinam
2680 936 2850 983 semet
2889 928 3066 997 ipsum
3108 927 3396 980 tradidisse
3417 924 3481 979 ad
3514 925 3599 978 di-

2038 1015 2236 1071 luenda
2283 1024 2526 1086 peccata,
2560 1017 2718 1071 ﬁdem
2749 1017 3038 1086 quamdam
3076 1017 3235 1086 vulgo
3273 1016 3500 1077 obtinet,
3530 1030 3598 1068 ex

2037 1105 2173 1174 ipsis
2204 1122 2415 1177 quoque
2438 1105 2747 1160 ercorum
2778 1105 3042 1167 historiis,
3071 1121 3194 1160 cum
3227 1105 3398 1169 aiunt,
3441 1102 3599 1158 Non-

2036 1197 2207 1250 nullos
2240 1214 2292 1251 se
2321 1199 2459 1266 ipsos
2502 1196 2763 1251 dedidisse
2796 1206 2854 1248 ut
2885 1197 3118 1250 civitates
3150 1196 3434 1250 incolumes
3461 1211 3602 1264 pra:-

2035 1299 2253 1344 starent.
2293 1289 2535 1359 Ejusque
2579 1289 2842 1344 doctrinae
2880 1289 3185 1358 exemplum
3223 1289 3386 1343 habet
3425 1295 3476 1340 et
3502 1285 3600 1340 Ju-

2034 1376 2271 1432 daaorum
2297 1378 2522 1432 historia
2539 1379 2577 1443 ¹,
2602 1393 2723 1448 quae
2749 1377 2977 1432 Abrahae
2999 1377 3242 1433 ﬁliumin
3269 1377 3598 1431 sacrilicium

2035 1467 2146 1524 Deo
2159 1476 2424 1539 praeparet
2449 1476 2721 1538 aptetque.
2739 1466 2838 1522 Rei
2866 1476 3044 1522 autem
3067 1467 3403 1523 ostentandae
3425 1467 3599 1537 gratia

2032 1566 2086 1614 et
2111 1545 2176 1612 ad
2208 1560 2481 1627 specimen
2514 1558 2789 1614 Christum
2812 1558 3053 1629 passioni
3077 1558 3366 1628 subjicere,
3390 1572 3602 1628 magna:

2036 1648 2268 1707 inscitiae
2297 1655 2400 1716 est,
2429 1663 2551 1703 cum
2589 1649 2828 1704 Verbum
2869 1649 2936 1704 ad
2968 1665 3150 1704 rerum
3186 1650 3489 1704 doctrinam
3533 1664 3597 1703 ac

2033 1739 2320 1795 seientiam
2352 1755 2553 1810 praeses
2583 1754 2646 1795 ac
2675 1741 2882 1811 legatus
2911 1740 3001 1796 sit.

343 1845 488 1908 CAP.
524 1846 696 1907 XXV.
733 1848 1153 1908 Manichworum
1183 1852 1503 1909 abstinentia
1531 1871 1564 1908 a
1591 1851 1900 1922 viventibus,
1932 1847 2180 1922 ridicula.
2198 1847 2366 1922 Quod
2392 1849 2673 1922 abhorrent
2702 1865 2736 1903 a
2762 1850 2981 1918 nuptiis,
3004 1849 3286 1906 dementia.
3312 1849 3599 1922 Gigantum

1408 1924 1748 1995 mythologia.
1778 1921 1956 1975 Nimis
1991 1918 2274 1988 allegorica
2304 1921 2582 1988 expositio.

433 2029 763 2105 ’Δπέχονται
782 2035 840 2088 δὲ
865 2035 1141 2107 ἐμψύχων.
1187 2037 1251 2090 Εἰ
1286 2039 1383 2109 μὲν
1412 2037 1520 2108 γὰρ
1569 2038 1756 2109 ἐτέρου
1785 2037 1923 2100 τινὸς

2102 2032 2392 2088 Abstinent
2441 2042 2621 2092 autem
2674 2032 2743 2086 ab
2798 2031 3072 2087 animatis.
3116 2029 3171 2085 Si
3214 2032 3430 2102 quidem
3475 2031 3597 2102 ejus

342 2125 542 2198 χάριν,
578 2128 639 2180 οὐ
686 2129 1127 2199 περιεργαστέον·
1179 2129 1228 2180 εἰ
1277 2129 1336 2182 δὲ
1380 2129 1512 2183 διότι
1559 2132 1594 2200 ἡ
1641 2129 1926 2200 δύναμιςή

343 2215 472 2270 θεία
499 2215 709 2274 τούτων
755 2219 963 2288 ἀπέστη
997 2219 1194 2289 μᾶλλον
1222 2218 1254 2288 ἧ
1284 2219 1575 2290 ἐνυπάρχει
1605 2219 1804 2286 πλεῖον,
1838 2235 1930 2287 γε-

340 2305 495 2362 λοῖον
521 2308 660 2380 αὐτὴ
685 2309 863 2362 αὐτῶν
890 2312 923 2381 ή
969 2310 1286 2382 προαίρεσις
1325 2309 1488 2380 αὕτη.
1546 2312 1672 2364 Είτε
1727 2312 1836 2384 γὰρ
1859 2309 1926 2364 τὰ

341 2399 494 2468 φυτὰ
529 2399 689 2460 ἔνυλα
721 2401 938 2472 μᾶλλον,
971 2404 1050 2466 εἰς
1073 2404 1275 2475 τροφὴν
1319 2405 1414 2457 καὶ
1461 2404 1666 2456 δίαιταν
1692 2405 1926 2476 χρῆσθαι

338 2490 425 2564 τῷ
456 2492 663 2564 χείρονι
688 2493 806 2557 πῶς
828 2493 1046 2564 εὕλογον
1068 2511 1082 2561 ;
1108 2495 1216 2549 εἴτε
1244 2497 1403 2550 πλέον
1449 2499 1507 2551 ὲν
1531 2497 1738 2561 τούτοις
1761 2501 1794 2569 ἡ
1838 2497 1929 2559 δύ-

339 2599 516 2654 ναμις
541 2587 573 2655 ὴ
612 2583 750 2650 θεία,
774 2587 892 2639 ἐστὶ
924 2588 1058 2659 πρὸς
1083 2589 1182 2660 τὴν
1201 2589 1407 2661 τροφὴν
1443 2589 1510 2643 τὰ
1545 2590 1768 2644 τοιαῦτα
1793 2591 1928 2662 χρή-

343 2691 514 2745 σιμα,
547 2673 644 2728 τοῦ
671 2675 965 2746 θρεπτικοῦ
1007 2680 1101 2732 καὶ
1126 2680 1418 2753 αὐξητικοῦ
1460 2682 1657 2755 μέρους
1694 2664 1926 2753 τῆςψυ-

341 2765 450 2839 χῆς
478 2765 638 2829 Barca;
661 2769 1138 2840 σωματικωτέρου.

416 3037 497 3091 Τὸ
523 3037 578 3095 δὲ
607 3036 903 3107 ἀπέχεσθαι
936 3037 1115 3110 γάμου
1153 3039 1247 3093 καὶ
1293 3038 1638 3110 ἀφροδισίων,
1658 3038 1927 3102 δεδειότας

343 3126 448 3199 μὴ,
478 3127 618 3187 κατὰ
646 3129 742 3200 τὴν
769 3128 864 3182 τοῦ
888 3129 1075 3198 γένους
1095 3129 1362 3201 διαδοχὴν,
1381 3133 1472 3184 ἐπὶ
1493 3131 1652 3184 πλέον
1672 3131 1849 3202 ἐνοική
1859 3147 1923 3208 σῃ

337 3222 408 3291 τῇ
434 3220 841 3292 ὖλῃήδύναμις
901 3223 934 3292 ὴ
984 3220 1121 3286 θεία,
1156 3221 1418 3291 θαυμάζω
1477 3222 1594 3285 πῶς
1633 3224 1729 3276 καὶ
1772 3224 1926 3277 αὐτοὶ

338 3311 580 3374 ἑαυτοὺς
612 3311 987 3381 ἀποδέχονται.
1015 3313 1077 3366 El
1112 3312 1220 3385 γὰρ
1251 3313 1326 3383 μὴ
1351 3311 1573 3383 ἐξαρκεῖ
1596 3315 1627 3383 ἡ
1659 3313 1751 3366 τοῦ
1786 3312 1920 3366 Θεοῦ

2032 2125 2377 2180 abstinentia:
2423 2125 2527 2177 alia
2568 2123 2709 2180 ratio
2748 2124 2840 2188 sit,
2873 2123 3018 2178 haud
3061 2124 3332 2179 curiosius
3371 2125 3598 2180 investi-

2032 2215 2287 2286 gandum.
2321 2213 2418 2268 Sin
2444 2222 2626 2269 autem
2656 2229 2720 2268 ea
2755 2215 2989 2279 ratione,
3023 2216 3168 2285 quod
3205 2215 3388 2269 divina
3420 2217 3596 2271 virtus

2028 2308 2138 2363 illis
2166 2307 2339 2379 magis
2379 2306 2553 2371 abest,
2595 2314 2690 2360 aut
2723 2306 2957 2380 amplius
2989 2307 3161 2370 inest;
3193 2305 3463 2360 ridiculus
3507 2306 3598 2360 hic

2029 2399 2248 2454 illorum
2279 2399 2497 2454 animus
2521 2413 2584 2452 ac
2612 2413 2808 2453 sensus
2837 2405 2939 2452 est.
2977 2397 3104 2452 Sive
3141 2397 3286 2451 enim
3319 2397 3516 2466 stirpes
3544 2406 3600 2452 et

2030 2490 2228 2558 plantae
2253 2490 2428 2566 magis
2451 2489 2762 2543 materiales
2793 2493 2940 2550 sunt,
2969 2488 3240 2557 quomodo
3267 2488 3598 2542 conveniens

2028 2594 2203 2650 exque
2227 2581 2461 2644 ratione,
2509 2585 2571 2633 ut
2607 2594 2674 2634 eo
2713 2578 2859 2649 quod
2893 2578 3134 2634 deterius
3168 2588 3270 2644 est,
3313 2580 3370 2633 in
3414 2579 3597 2632 cibum

2027 2670 2340 2742 victumque
2371 2671 2625 2725 utamur?
2646 2671 2760 2726 sive
2785 2671 2962 2740 major
2985 2671 3038 2725 in
3061 2672 3142 2727 eis
3164 2681 3250 2728 est
3281 2671 3463 2726 divina
3487 2670 3600 2725 vir-

2027 2768 2138 2824 tus,
2181 2769 2310 2817 sunt
2348 2763 2658 2817 istiusmodi
2706 2764 2762 2817 in
2800 2764 2984 2818 cibum
3029 2763 3200 2826 utilia,
3241 2778 3363 2817 cum
3407 2762 3600 2816 anima:

2026 2851 2261 2908 facultas
2290 2854 2565 2909 nutriendi
2594 2863 2756 2924 atque
2782 2862 3130 2926 augmentum
3163 2851 3396 2907 faciendi
3424 2850 3598 2921 magis

2026 2960 2288 3015 corporea
2321 2960 2385 3000 ac
2430 2947 2668 3002 crassior
2701 2946 2790 3001 sit.

2099 3035 2255 3106 Quod
2295 3044 2476 3090 autem
2517 3051 2547 3090 a
2595 3036 2803 3106 nuptiis
2850 3046 3022 3115 reque
3051 3048 3283 3090 venerea
3330 3049 3389 3090 se
3429 3032 3600 3088 absti-

2026 3135 2211 3194 neant,
2242 3136 2551 3183 metuentes
2592 3145 2661 3182 ne
2700 3145 2796 3199 per
2826 3129 3043 3198 generis
3075 3129 3477 3184 successionem
3509 3127 3597 3181 di-

2025 3219 2154 3272 vina
2185 3219 2361 3274 virtus
2389 3220 2444 3274 in
2475 3221 2703 3274 materia
2733 3220 2908 3288 magis
2934 3220 3222 3284 inhabitet,
3269 3220 3441 3274 miror
3463 3234 3600 3288 quo-

2027 3310 2189 3366 modo
2226 3310 2311 3366 vel
2348 3311 2454 3382 ipsi
2486 3327 2545 3366 se
2587 3311 2760 3382 ipsos,
2807 3311 2954 3380 quod
2990 3312 3064 3363 ita
3103 3311 3368 3374 sentiunt,
3401 3309 3600 3364 admito

337 3401 600 3473 πρόνοια,
629 3401 770 3454 ὥστε
791 3403 885 3455 καὶ
909 3401 995 3456 διὰ
1019 3402 1308 3470 γενέσεων,
1339 3405 1432 3456 καὶ
1473 3402 1560 3456 διὰ
1587 3403 1693 3456 τῶν
1721 3403 1805 3456 ἀεὶ
1830 3405 1922 3457 καὶ

2025 3410 2163 3458 tant.
2197 3401 2255 3456 Si
2293 3403 2437 3458 enim
2484 3417 2584 3458 nec
2631 3402 2728 3457 Dei
2759 3401 3101 3472 providentia
3145 3401 3362 3465 suﬂicit,
3393 3410 3452 3455 ut
3481 3411 3598 3456 tum

333 3488 608 3552 ὡσαύτως
653 3489 885 3559 ἐχόντων
940 3489 1476 3561 ἀποικονομήσασθαι
1532 3491 1628 3561 τῆς
1662 3490 1792 3561 ὕλης
1827 3491 1924 3562 τὴν

339 3581 503 3636 θείαν
530 3579 776 3650 δύναμιν,
819 3581 902 3644 τίς
957 3583 990 3653 ή
1038 3581 1129 3634 τοῦ
1170 3582 1469 3651 Μανιχαίου
1527 3567 1736 3640 ἐπίνοια
1785 3581 1924 3658 ὑπὲρ

337 3672 544 3726 τούτου
569 3673 1075 3744 διαμηχανήσασθαι
1102 3673 1321 3727 δύναται
1344 3691 1359 3739 ;
1387 3674 1461 3727 Ού
1505 3675 1613 3744 γὰρ
1646 3674 1817 3746 δήπου
1841 3691 1926 3743 γι-

338 3764 589 3841 γανταίῳ
637 3764 882 3836 λήμματι
935 3766 1012 3829 ὡς
1061 3765 1274 3836 ἀληθῶς
1297 3784 1429 3838 φησι
1477 3766 1554 3836 τῷ
1581 3766 1698 3836 Θεῷ
1731 3765 1923 3837 βοηθὸς

338 3855 486 3928 πρὸς
521 3855 680 3908 τοῦτο
733 3856 1032 3925 γεγονέναι,
1073 3858 1181 3920 ἵνα,
1237 3855 1337 3920 τὰς
1391 3858 1632 3926 γενέσεις
1663 3858 1919 3930 ἀναιρῶν,

341 3950 614 4020 σύντομον
645 3949 846 4021 ποιήσῃ
904 3938 1002 4022 τὴν
1051 3951 1149 4022 τῆς
1181 3949 1330 4013 θείας
1358 3950 1641 4021 δυνάμεως
1691 3950 1799 4004 ἀπὸ
1821 3952 1922 4022 τῆς

339 4038 480 4111 ὕλης
504 4039 877 4118 ἀναχώρησινς

327 4181 330 4184 .
416 4133 490 4184 Ἀ
517 4131 575 4184 δὲ
603 4131 816 4200 λέγεται
847 4131 950 4185 ὑπὸ
977 4131 1087 4186 τῶν
1139 4133 1408 4204 ποιήσεων
1447 4133 1575 4204 περὶ
1600 4132 1710 4186 τῶν
1733 4135 1922 4203 γιγάν-

337 4239 472 4286 των,
497 4223 754 4294 άντικρυς
783 4223 948 4294 μῦθός
975 4225 1142 4278 ἐστιν.
1191 4225 1253 4277 Ol
1304 4225 1402 4295 μὲν
1431 4224 1538 4297 γὰρ
1565 4226 1693 4297 περὶ
1719 4227 1920 4282 τούτων

337 4312 715 4378 διατάττοντες
743 4317 798 4368 ὲν
831 4315 1175 4387 ἀλληγορίαις
1193 4316 1262 4370 τὰ
1285 4317 1508 4370 τοιαῦτα
1533 4319 1915 4390 προφέρονται,

2026 3507 2122 3564 per
2153 3493 2551 3564 generationes,
2599 3499 2714 3546 tum
2746 3507 2842 3562 per
2873 3507 2937 3546 ea
2975 3508 3094 3562 quae
3135 3507 3347 3561 semper
3372 3491 3596 3546 eodem-

2025 3601 2132 3658 que
2160 3585 2322 3639 modo
2366 3599 2425 3639 se
2457 3584 2680 3650 habent,
2729 3583 2969 3639 divinam
3011 3566 3331 3638 virtutem'a
3369 3582 3596 3636 materia

2022 3677 2261 3740 eximat;
2288 3676 2417 3745 quid
2455 3675 2736 3730 Manichaei
2769 3676 2990 3730 solertia
3015 3683 3068 3729 et
3098 3674 3372 3730 subtilitas
3399 3689 3519 3728 eam
3539 3674 3596 3727 in

2022 3785 2138 3825 rem
2183 3769 2487 3824 machinari
2539 3767 2753 3838 potest?
2791 3767 2933 3821 Num
2987 3768 3266 3823 enimvero
3349 3765 3594 3834 giganteo

2020 3879 2245 3922 munere
2277 3879 2406 3919 vere
2444 3860 2556 3919 Deo
2595 3861 2650 3915 in
2681 3861 2786 3915 hoc
2816 3860 2948 3916 dicit
2978 3859 3195 3929 adjutor
3224 3861 3506 3925 exsistere,
3533 3865 3595 3913 ut

2021 3955 2254 4011 sublatis
2279 3953 2726 4026 generationibus
2752 3953 2996 4008 divinam
3021 3954 3282 4008 virtutem
3314 3966 3344 4009 a
3363 3951 3592 4006 materia

2018 4045 2167 4101 brevi
2193 4054 2410 4118 praestet
2443 4047 2731 4102 recedere?

2096 4137 2228 4203 Quae
2269 4151 2398 4193 vero
2443 4145 2620 4207 poetae
2659 4138 2726 4192 de
2769 4134 3080 4208 gigantibus
3121 4132 3366 4194 tradunt,
3411 4131 3590 4200 palam

2018 4228 2204 4284 fabula
2245 4235 2350 4283 est.
2395 4226 2498 4293 Qui
2538 4228 2684 4281 enim
2727 4226 2795 4282 de
2836 4227 2921 4281 his
2960 4229 3232 4284 statuum,
3266 4220 3374 4272 alio
3425 4233 3590 4288 quam

2017 4321 2183 4376 verba
2214 4327 2430 4382 sonent,
2465 4334 2660 4383 sensu,
2692 4319 2823 4372 talia
2844 4317 3150 4388 proferunt,
3185 4310 3381 4369 fabula:
3411 4308 3591 4377 specie

338 4403 403 4456 τὸ
428 4405 624 4476 σεμνὸν
675 4405 769 4463 τοῦ
802 4406 959 4475 λόγου
1004 4407 1446 4478 ἀποκρύπτοντες
1477 4412 1542 4480 τῇ
1591 4409 1684 4463 τοῦ
1746 4412 1915 4482 μύθου

2024 4411 2290 4468 sermonis
2339 4412 2569 4482 gratiam
2611 4418 2984 4480 contegentes,
3025 4417 3088 4463 ut
3126 4422 3249 4462 cum
3291 4405 3458 4460 refert
3491 4398 3592 4457 Ju~

342 4495 480 4566 ἰδέᾳ·
511 4490 621 4549 οἷον
653 4496 781 4549 ὅταν
828 4496 1001 4568 ἡτῶν
1046 4497 1314 4550 Ἰουδαίων
1365 4499 1573 4569 ἱστορία
1618 4503 1712 4571 φῇ,
1772 4502 1917 4568 Τοὺς

2024 4504 2259 4560 denorum
2288 4504 2557 4558 historia”
2585 4523 2598 4557 :
2637 4502 2848 4557 Venisse
2882 4501 3092 4572 angelos
3124 4509 3183 4554 ut
3217 4515 3332 4553 cum
3374 4495 3588 4567 ﬁliabus

339 4585 641 4656 ἀγγέλους
702 4587 830 4653 ταῖς
881 4588 1208 4657 θυγατράσι
1266 4589 1385 4642 τῶν
1455 4591 1781 4659 ἀνθρώπων
1829 4596 1918 4660 είς

2024 4595 2284 4650 hominum
2312 4595 2806 4658 commiscerentur;
2840 4609 3034 4664 nempe
3061 4590 3209 4664 quod
3229 4593 3303 4645 ita
3337 4590 3588 4660 loquitur

339 4677 710 4746 ἀφροδισίων
761 4680 1240 4746 συνεληλυθέναι
1290 4680 1476 4750 μίξιν·
1513 4684 1613 4747 τὰς
1658 4684 1765 4756 γὰρ
1791 4685 1915 4757 θρε-

339 4769 544 4834 πτικὰς
565 4769 820 4840 δυνάμεις
841 4769 942 4840 τῆς
970 4770 1144 4842 ψυχῆς
1167 4771 1275 4824 ἀπὸ
1301 4773 1408 4826 τῶν
1441 4775 1551 4828 ἄνω
1582 4776 1673 4828 ἐπὶ
1697 4777 1766 4830 τὰ
1784 4776 1909 4847 τῇδε

340 4861 378 4933 ἡ
405 4861 627 4931 τοιαύτη
660 4862 909 4935 προφορὰ
957 4862 1052 4914 τοῦ
1085 4863 1243 4930 λόγου
1289 4865 1562 4935 σημαίνει.
1593 4868 1654 4920 Οἱ
1688 4868 1910 4939 ποιηταὶ

331 4951 389 5005 δὲ
409 4995 423 5016 ,
456 4954 525 5007 ἐκ
569 4953 681 5023 γῆς
710 4954 1011 5018 ἐνόπλους
1043 4952 1336 5020 ἀνασχεῖν
1363 4952 1608 5022 λέγοντες
1644 4949 1911 5018 τούτους,

332 5039 437 5096 εἶτ’
471 5044 652 5110 εὐθὺς
683 5042 834 5110 πρὸς
860 5041 1034 5108 θεοὺς
1061 5041 1400 5110 ἐπάραντας
1425 5039 1820 5109 ἀπολωλέναι,
1855 5042 1918 5096 τὸ

335 5135 469 5204 ταχὺ
501 5135 595 5187 καὶ
627 5133 893 5205 ἐπίκηρον
911 5131 1020 5187 τῶν
1050 5133 1316 5203 σωμάτων
1346 5133 1750 5205 ὑποδηλοῦντες,
1774 5132 1916 5186 οὕτω

334 5226 436 5298 τὴν
480 5225 697 5298 ποίησιν
747 5228 828 5289 εἰς
879 5225 1238 5294 ψυχαγωγίαν
1288 5223 1366 5295 τῶ
1413 5223 1650 5296 θαύματι
1684 5241 1916 5280 κατακο-

339 5315 586 5388 σμοῦσιν.
611 5318 673 5370 Οἱ
701 5317 778 5384 δὲ,
805 5317 956 5369 οὐδὲν
985 5317 1187 5380 εἰδότες
1219 5316 1441 5382 τούτων,
1478 5316 1604 5371 ἔνθα
1629 5317 1675 5370 δ’
1704 5317 1770 5370 ἂν
1804 5334 1913 5370 πα-

345 5407 673 5480 ραλογισμοῦ
701 5425 842 5472 τινος
873 5408 1174 5479 εὐπορῆσαι
1203 5407 1484 5473 δύνωνται,
1506 5406 1698 5460 ὁπόθεν
1721 5407 1917 5476 δήποτε

340 5503 517 5556 ἐκεῖνο
556 5503 782 5573 έρμαῖον
831 5499 1038 5554 ἑαυτῶν
1076 5498 1376 5565 ποιοῦνται,
1405 5501 1542 5570 ὅπερ
1570 5499 1917 5571 διαπραγμα-

340 5594 618 5666 τευόμενοι
644 5593 704 5646 τὸ
733 5591 933 5664 ἀληθὲς
961 5591 1112 5666 πάσῃ
1140 5591 1302 5664 τέχνῃ
1328 5590 1809 5662 καταγωνίζονται.

461 5827 475 5860 ¹
511 5824 640 5878 Gen.
682 5837 820 5887 χιιι,
854 5822 906 5876 1.
1018 5825 1039 5857 ³
1068 5824 1196 5880 Gen.
1228 5841 1301 5888 vi,
1331 5826 1387 5880 2.

2018 4686 2125 4742 hoc
2164 4687 2502 4757 signiﬁcans,
2539 4687 2686 4742 vires
2735 4687 2932 4740 animae
2974 4701 3096 4756 qua:
3140 4683 3446 4740 inserviunt
3484 4696 3590 4735 nu-

2015 4779 2246 4843 tritioni,
2290 4795 2320 4832 a
2365 4778 2621 4849 supernis
2661 4777 2730 4831 ad
2781 4784 2997 4833 terrena
3048 4776 3368 4832 descivisse.
3408 4772 3590 4828 Poetae

2017 4875 2196 4924 autem
2232 4869 2325 4938 qui
2369 4869 2577 4932 dicant,
2627 4866 2756 4931 Eos,
2792 4883 2909 4920 cum
2945 4866 3140 4920 armati
3167 4882 3194 4918 e
3229 4873 3370 4917 terra
3416 4875 3584 4915 emer-

2015 4961 2232 5026 sissent,
2282 4970 2428 5014 mota
2483 4961 2667 5013 statim
2721 4961 2776 5013 in
2824 4959 2946 5013 deos
3004 4957 3278 5011 rebellione
3327 4953 3586 5022 periisse;

2015 5057 2074 5104 ut
2096 5050 2360 5105 caducam
2392 5051 2696 5122 celerisque
2725 5051 2984 5106 interitus
3019 5062 3312 5119 corporum
3345 5044 3584 5099 indolem

2007 5141 2374 5206 insinuarent,
2407 5142 2462 5196 in
2502 5143 2649 5197 hunc
2678 5142 2900 5197 modum
2929 5139 3352 5196 recreandorum
3393 5151 3460 5191 ex
3501 5134 3581 5189 rei

2009 5231 2275 5286 miraculo
2323 5233 2629 5287 animorum
2678 5249 2846 5289 causa
2912 5233 3105 5302 poesin
3172 5234 3462 5284 exornant.
3512 5224 3580 5279 Hi

2007 5337 2158 5384 vero,
2184 5337 2308 5376 cum
2337 5323 2474 5376 nihil
2503 5325 2698 5378 horum
2730 5323 3055 5391 intelligant,
3093 5321 3189 5374 ubi
3219 5318 3386 5373 ullius
3416 5331 3578 5389 para-

2005 5411 2224 5483 logismi
2278 5428 2466 5468 ansam
2512 5415 2758 5469 nancisci
2789 5412 3025 5475 licuerit,
3060 5409 3422 5478 undecunque
3455 5415 3578 5462 tan-

2009 5504 2133 5560 dem
2184 5504 2289 5560 sibi
2337 5505 2614 5560 inventum
2665 5503 2820 5558 avide
2863 5502 3154 5572 arripiunt,
3198 5509 3252 5556 et
3305 5499 3373 5554 ad
3424 5514 3577 5554 ever-

2007 5595 2228 5649 tendam
2260 5609 2480 5666 quoquo
2514 5602 2673 5666 pacto
2700 5593 2984 5650 veritatem
3012 5591 3160 5646 omni
3207 5597 3322 5644 arte
3346 5601 3575 5644 consur-

2009 5693 2159 5756 gunL
