4110 6450
506 429 615 488 ιη

1321 429 1721 499 ALEXANDRl
1759 431 2259 493 LYCOPOLITANJ
2286 432 2374 487 DE
2414 432 2678 490 PLACIT.
2702 431 2984 487 MANlCH.

3654 434 3759 492 “8

1150 563 1279 623 CAP.
1308 566 1497 622 XXVI.
1535 566 1680 639 Ignis
1708 567 2074 623 Manichaicus
2108 577 2346 623 vexatus.
2380 567 2530 638 Ignis
2563 568 2674 634 ille,
2702 569 2819 637 ipsa
2851 569 3097 622 materia.

574 685 721 761 Ignis
764 699 946 746 autem
998 689 1122 754 ille,
1182 688 1376 745 urendi
1424 688 1646 759 quidem
1694 687 1749 744 vi
1791 688 2074 761 praeditus,

2251 687 2323 741 Τὸ
2356 686 2412 740 δὲ
2452 688 2563 758 πῦρ
2591 686 2772 749 αὐτοῖς
2799 686 2860 739 τὸ
2903 684 3195 740 καυστικδν
3245 686 3364 755 μὲν,
3415 686 3652 755 ἀφεγγὲς
3675 687 3751 752 δὲ,

504 780 645 837 nihil
682 785 867 836 tamen
899 781 1039 845 lucis
1080 781 1312 846 habens,
1357 782 1448 852 qui
1488 782 1561 838 sit
1596 789 1750 837 extra
1788 780 2075 847 mundum,

504 886 744 943 quonam
764 872 845 928 eis
867 872 988 927 loco
1009 872 1292 936 consistit?
1321 871 1454 927 Nam
1483 874 1529 929 si
1549 873 1767 943 quidem
1790 873 1844 928 in
1876 876 2079 929 mundo

503 970 611 1029 est,
656 978 755 1019 cur
802 965 1041 1022 mundus
1082 964 1349 1021 hactenus
1400 965 1691 1021 incolumis
1730 967 2080 1036 perseverat?

504 1053 641 1109 Nam
684 1054 731 1111 si
776 1056 1071 1127 aliquando
1121 1057 1323 1128 ipsum,
1374 1055 1425 1113 ei
1465 1058 1905 1129 propinquando,
1957 1073 2081 1112 cor-

505 1156 742 1218 rumpet,
773 1163 920 1204 nunc
946 1164 1162 1220 quoque
1212 1147 1317 1219 ipsi
1369 1148 1703 1219 conjunctus
1735 1157 1841 1205 est.
1886 1149 1943 1204 Si
1980 1165 2078 1205 au-

504 1245 613 1293 tem
640 1253 889 1295 seorsum
913 1248 1020 1304 est,
1052 1241 1200 1299 velut
1234 1242 1289 1296 in
1320 1241 1545 1313 propria
1578 1241 1709 1297 sede
1736 1257 1802 1296 ac
1832 1242 1952 1297 loco
1988 1259 2080 1299 su-

503 1326 711 1389 blimis,
740 1327 871 1398 quid
897 1340 1089 1399 postea
1117 1338 1180 1384 ut
1207 1329 1262 1388 in
1293 1330 1558 1384 mundum
1589 1328 1874 1385 delabatur
1905 1329 1957 1385 ei
1984 1344 2079 1385 ac-

504 1415 690 1473 cidet?
742 1419 854 1481 Aut
908 1434 1018 1490 quo
1063 1420 1228 1476 modo
1270 1436 1303 1476 e
1346 1421 1468 1476 loco
1517 1434 1619 1476 suo
1662 1421 1917 1486 excedet,
1968 1437 2077 1491 qua

503 1511 853 1580 necessitate,
899 1512 1130 1583 cujusve
1172 1529 1443 1571 excussus
1488 1514 1781 1570 violentia?
1816 1515 2073 1581 Quaenam

503 1617 636 1658 vero
665 1604 829 1665 etiam
856 1604 1001 1676 ignis
1031 1606 1338 1663 substantia
1373 1608 1549 1679 possit
1577 1607 1803 1678 intelligi
1829 1609 1948 1665 sine
1972 1624 2075 1680 pa-

500 1693 667 1751 bulo!
716 1694 827 1751 Aut
862 1698 1138 1767 quomodo
1184 1699 1471 1755 humidum
1518 1700 1597 1755 illi
1645 1701 1903 1772 pabulum
1950 1703 2077 1757 est?

499 1784 607 1841 nisi
642 1786 790 1857 quod
826 1803 946 1858 quae
976 1789 1044 1845 de
1073 1789 1167 1845 illo
1198 1804 1267 1845 ex
1310 1800 1520 1845 naturae
1554 1791 1731 1863 magis
1767 1793 2075 1850 rationibus

497 1872 783 1940 dicuntur,
822 1891 933 1931 non
962 1886 1045 1933 est
1074 1877 1241 1947 hujus
1271 1885 1538 1937 tractatus
1579 1879 1904 1952 disquirere.
1935 1883 2076 1939 Illud

496 1971 679 2023 autem
715 1981 783 2022 ex
828 1967 913 2023 his
942 1984 1064 2040 qua:
1095 1970 1241 2033 dicta
1270 1979 1419 2035 sunt,
1455 1987 1687 2042 prorsus
1720 1973 2072 2033 manifestum

495 2061 600 2110 est.
630 2054 777 2127 Ignis
814 2058 959 2113 enim
1003 2068 1158 2113 extra
1183 2060 1448 2127 mundum
1476 2063 1812 2131 consistens,
1847 2066 2073 2122 omnino

493 2154 581 2202 est
604 2163 767 2223 quam
796 2148 901 2220 ipsi
931 2158 1130 2207 vocant
1160 2154 1444 2217 materiam
1469 2173 1482 2209 :
1514 2156 1958 2227 quandoquidem
1989 2159 2073 2217 sol

492 2249 549 2296 et
581 2242 735 2329 luna,
760 2245 893 2315 puri
925 2260 1190 2316 purorum
1230 2245 1414 2301 divina
1450 2248 1656 2304 virtute
1691 2249 1762 2305 ab
1796 2249 1901 2306 hoc
1947 2251 2075 2322 igne

491 2335 730 2408 sejuncti
768 2344 918 2401 sunt,
964 2339 1115 2394 nulla
1152 2352 1375 2396 suarum
1413 2341 1653 2410 partium
1697 2341 1752 2395 in
1794 2342 1900 2397 hoc
1946 2344 2073 2416 igne

491 2427 706 2493 relicta.
739 2427 872 2485 Erat
902 2428 993 2484 hic
1013 2428 1155 2502 ignis
1189 2430 1307 2501 ipsa
1336 2445 1434 2501 per
1463 2446 1522 2486 se
1543 2432 1794 2497 materia,
1825 2432 1894 2488 ab
1920 2434 2070 2492 Omni

492 2533 621 2587 cum
672 2520 858 2577 divina
901 2521 1105 2577 virtute
1149 2536 1378 2592 prorsus
1434 2531 1678 2579 semotus
1715 2526 2067 2581 commercio.

491 2610 857 2683 Quamobrem
901 2615 995 2671 ubi
1042 2614 1277 2672 mundus
1321 2615 1473 2670 omni
1514 2614 1699 2670 divina
1746 2617 1950 2673 virtute
1989 2619 2068 2675 illi

491 2703 819 2762 adversante
856 2698 1251 2774 evacuabitur,’
1279 2704 1550 2776 ejusmodi
1586 2723 1781 2763 rursus
1809 2708 1953 2780 ignis
1982 2725 2070 2766 re-

491 2794 797 2867 linquetur;
829 2811 1068 2868 quonam
1113 2797 1282 2868 igitur
1327 2796 1490 2852 modo
1540 2797 1682 2868 ignis
1718 2805 1813 2853 aut
1857 2798 2064 2871 aliquid

490 2897 823 2960 corrumpet,
874 2897 969 2944 aut
1008 2890 1078 2951 ab
1121 2904 1187 2945 eo
1219 2890 1650 2960 corrumpetur?
1680 2890 1765 2946 Ab
1813 2905 1880 2945 eo
1915 2890 2065 2950 enim

486 2978 637 3048 quod
665 2979 843 3035 simile
880 2986 986 3044 est,
1034 2994 1143 3041 non
1171 2978 1331 3035 video
1366 2995 1475 3051 qua
1525 2981 1737 3043 ratione
1768 2980 1840 3036 sit
1882 2980 2065 3035 futura

488 3071 792 3143 corruptio.
827 3071 984 3138 Quod
1032 3072 1181 3128 enim
1218 3071 1309 3128 ﬁet
1358 3072 1619 3136 materia,
1671 3072 1860 3137 divina
1901 3073 1971 3128 ab
1998 3088 2064 3129 ea

489 3163 693 3219 virtute
720 3163 993 3234 sejuncta,
1033 3163 1139 3220 hoc
1164 3171 1282 3220 erat
1326 3164 1647 3236 priusquam
1673 3164 1856 3229 divina
1888 3167 2063 3224 virtus

488 3268 612 3309 cum
642 3270 708 3309 ea
751 3255 1216 3319 commisceretur.
1256 3256 1314 3312 Si
1343 3257 1562 3328 quidem
1613 3256 1778 3327 igitur
1809 3256 2058 3323 materia,

486 3344 672 3400 divina
702 3345 964 3404 destituta
992 3348 1198 3404 virtute
1228 3350 1470 3420 peritura
1504 3356 1609 3416 est,
1642 3348 1834 3420 quidni
1875 3348 2056 3419 periit,
2087 3384 2130 3447 α

485 3441 780 3507 antequam
815 3436 980 3494 etiam
1015 3437 1257 3495 divinam
1296 3439 1555 3499 virtutem
1592 3440 1834 3499 ullumve
1859 3457 2062 3498 munus

483 3530 781 3586 creationis
811 3539 1275 3603 consequeretur;
1303 3540 1365 3588 ut
1401 3533 1664 3605 deinceps
1704 3533 1935 3590 materia
1966 3550 2063 3606 pec

483 3630 624 3687 teat,
658 3630 714 3679 et
756 3622 815 3678 in
858 3623 1133 3680 infinitum
1174 3625 1229 3680 id
1274 3624 1472 3693 faciat?
1516 3625 1585 3680 Et
1626 3626 1761 3697 quid
1799 3628 2064 3698 prodest?

486 3711 645 3782 Quod
676 3713 823 3778 enim
855 3730 920 3770 ex
957 3715 1134 3785 prima
1163 3716 1442 3772 voluntate
1482 3715 1689 3773 factum
1712 3734 1825 3773 non
1856 3726 1961 3785 est,
1994 3735 2060 3774 ex

484 3806 742 3876 sequenti
770 3806 1049 3878 quomodo
1083 3807 1213 3864 ﬁet?
1245 3816 1340 3862 aut
1371 3824 1620 3880 quaenam
1649 3808 1760 3865 Deo
1802 3804 1964 3876 ratio,
2000 3819 2062 3865 ut

484 3901 704 3971 negotia
757 3899 994 3965 diﬂ'erat,
1032 3916 1153 3971 quae
1191 3917 1262 3957 ne
1304 3902 1362 3956 in
1405 3902 1526 3957 viro
1572 3903 1792 3973 quidem
1836 3918 1895 3959 se
1926 3903 2063 3960 bene

484 3990 693 4047 habere
733 3992 905 4047 videri
935 4001 1177 4064 queant;
1214 3992 1325 4048 illis
1356 3993 1503 4049 enim
1532 3994 1689 4064 quod
1723 3994 2062 4066 impossibile

486 4086 561 4142 sit
592 4085 900 4143 deliberare
928 4086 1171 4159 proclive
1222 4086 1440 4142 dicatur
1469 4096 1798 4159 competere,
1834 4088 1929 4160 qui
1977 4084 2060 4145 fa-

483 4175 661 4244 ciunt,
693 4184 757 4233 ut
797 4194 899 4234 nec
926 4185 1062 4234 tunc
1089 4178 1258 4233 velint
1301 4192 1427 4232 cum
1456 4179 1721 4250 possibile
1747 4187 1851 4238 est.
1888 4178 2061 4245 (Σπιθ-

483 4283 630 4336 rum,
660 4269 764 4326 nisi
785 4270 915 4342 quid
932 4270 1102 4337 aliud,
1125 4270 1293 4325 Deum
1313 4283 1479 4340 supra
1501 4270 1795 4334 essentiam
1825 4278 1880 4327 et
1896 4286 2059 4343 quem

482 4360 693 4433 dicunt,
714 4363 864 4418 velut
892 4378 1090 4441 novam
1119 4364 1412 4435 quamdam
1434 4363 1717 4419 materiam
1752 4363 2019 4418 inducunt
2043 4379 2055 4414 :

481 4469 585 4510 nec
613 4468 735 4509 eam
765 4454 1009 4525 quidem,
1038 4470 1205 4525 quam
1225 4454 1328 4510 viri
1360 4456 1657 4527 prudentes
1689 4456 1915 4511 omnino
1933 4470 2061 4511 con-

480 4545 729 4618 iunctam
770 4547 1120 4613 existimant,
1170 4555 1265 4603 aut
1306 4564 1430 4618 quae
1468 4549 1712 4604 omnium
1754 4556 2057 4605 extremum

480 4644 588 4704 est,
621 4635 820 4708 vixque
850 4637 905 4692 in
928 4645 1163 4694 mentem
1194 4646 1255 4694 ut
1287 4655 1407 4696 eam
1438 4641 1603 4696 homo
1641 4640 1929 4712 intelligat,
1959 4655 2055 4696 ve-

2178 776 2240 830 τδ
2265 776 2421 840 ἐκτὸς
2439 776 2534 829 τοῦ
2575 776 2801 847 κόσμου,
2847 774 2950 828 ποῦ
3005 775 3250 845 ἵδρυταις
3285 776 3349 827 Ei
3384 776 3481 846 μὲν
3516 775 3625 848 γὰρ
3662 776 3750 829 ἐπὶ

2179 868 2270 922 τὸν
2290 869 2514 940 κόσμον,
2542 870 2597 923 τί
2632 868 2694 921 τὸ
2732 868 2902 924 αἴτιον
2940 867 3035 921 τοῦ
3064 868 3247 939 ἀπαθῆ
3281 863 3417 922 εἶναι
3463 868 3623 940 μέχρι
3659 868 3750 923 τοῦ

2180 961 2443 1033 παρόντος
2470 960 2561 1014 τὸν
2586 960 2788 1032 κόσμον
2813 977 2827 1027 ς
2872 961 2937 1014 Εἰ
2985 960 3093 1033 γάρ
3118 960 3397 1032 διαφθερεῖ
3428 978 3555 1014 ποτε
3592 960 3751 1014 αὐτὸν

2179 1052 2505 1124 πλησιάσαν,
2536 1053 2631 1106 καὶ
2661 1052 2755 1107 νῦν
2784 1051 2921 1123 πρὸς
2951 1050 3112 1105 αὑτὸν
3141 1051 3431 1121 συνῆπται.
3467 1051 3531 1107 Εἰ
3555 1050 3613 1104 δὲ
3641 1068 3753 1121 χωνο

2179 1143 2267 1216 ρίς
2305 1146 2473 1209 ἐστιν,
2502 1140 2614 1197 οἷον
2631 1143 2706 1208 ὼς
2728 1144 2784 1196 ὲν
2813 1143 2928 1212 ἰδίῳ
2964 1143 3113 1214 τόπῳ
3162 1144 3451 1216 μετέωρον,
3482 1145 3535 1209 τί
3580 1144 3751 1199 παθὸν

2180 1237 2405 1309 ὕστερον
2437 1236 2762 1291 ὲπιπέσεται
2799 1236 2877 1308 τῷ
2919 1237 3144 1308 κόσμῳ;
3193 1239 3263 1291 Ἦ
3311 1238 3427 1302 πῶς
3469 1237 3563 1291 τοῦ
3620 1237 3750 1292 ἰδίου

2177 1329 2344 1383 τόπου
2378 1328 2700 1401 ὲκστήσεται
2731 1328 2833 1383 ὑπό
2854 1347 2998 1392 τινος
3020 1330 3262 1401 ἀνάγκης
3285 1330 3380 1383 καί
3412 1328 3565 1400 βίας;
3616 1330 3751 1384 Τίνα

2177 1418 2235 1473 δὲ
2260 1420 2354 1474 καὶ
2374 1418 2507 1491 ὕλης
2536 1421 2704 1492 χωρὶς
2730 1421 2931 1473 ἐννοεῖν
2958 1418 3054 1472 τοῦ
3087 1419 3261 1491 πυρὸς
3296 1418 3623 1485 ὐπόστασιν;
3675 1420 3750 1472 Ἢ

2178 1510 2297 1573 πῶς
2324 1509 2387 1563 τὸ
2424 1510 2590 1582 ὑγρὸν
2613 1509 2789 1580 τούτῳ
2814 1509 2961 1563 ἐστὶν
2989 1512 3163 1581 τροφῇ
3184 1525 3199 1575 ;
3224 1509 3258 1580 ἢ
3283 1509 3381 1562 ὅσα
3404 1508 3623 1576 λέγεται
3651 1522 3750 1576 φυ-

2179 1600 2496 1674 σικώτερον,
2530 1603 2590 1670 οὐ
2614 1600 2709 1655 τοῦ
2738 1602 3000 1673 παρόντος
3036 1600 3195 1670 λόγου
3234 1599 3401 1669 εστίν.
3442 1599 3648 1653 Ἐκεῖνο
3691 1596 3749 1651 δὲ

2178 1694 2396 1760 πάντως
2422 1712 2525 1749 που
2580 1695 2810 1766 φανερὸν
2869 1695 2934 1748 ὲκ
2991 1693 3104 1747 τῶν
3151 1692 3475 1773 εἰρημένων.
3526 1690 3602 1744 Τὸ
3641 1688 3750 1762 γὰρ

2177 1787 2289 1858 πῦρ
2314 1787 2409 1841 τοῦ
2439 1788 2641 1859 κόσμου
2663 1788 2818 1852 ἐκτὸς
2845 1787 3086 1859 ἀκριϐῶς
3122 1788 3270 1840 ἐστιν
3297 1788 3331 1858 ὴ
3359 1784 3623 1856 λεγομένη
3655 1784 3749 1838 ὑπ’

2175 1881 2358 1936 αὐτῶν
2382 1881 2503 1955 ὕλη·
2537 1881 2833 1953 ἐπειδήπερ
2859 1883 2888 1935 ό
2912 1881 3061 1951 ἥλιος
3107 1880 3200 1934 καὶ
3230 1880 3264 1951 ἡ
3298 1878 3495 1950 σελήνη
3518 1876 3749 1947 καθαροὶ

2175 1975 2431 2048 καθαρῶν
2459 1974 2612 2040 ὄντες
2641 1974 2728 2028 διά
2775 1975 2874 2045 τῆς
2915 1973 3067 2036 θείας
3113 1972 3393 2042 δυνάμεως
3412 1968 3749 2041 ἀπεζεύχθη-

2102 2046 2148 2103 B
2175 2082 2276 2120 σαν
2302 2066 2397 2121 τοῦ
2432 2066 2603 2139 πυρὸς
2634 2066 2845 2131 τούτου,
2874 2064 3024 2119 οὐδὲν
3048 2061 3254 2121 ἑαυτῶν
3280 2063 3339 2116 ἐν
3369 2060 3448 2133 τῷ
3468 2061 3598 2132 πυρὶ
3621 2059 3748 2113 τού-

2171 2175 2250 2229 τῳ
2278 2158 2664 2228 ὕπολείψαντες
2687 2157 2869 2231 μέρος.
2902 2155 3073 2210 Τοῦτο
3092 2151 3160 2226 ἦν
3183 2157 3216 2225 ἡ
3250 2152 3350 2223 ῦλη
3381 2153 3501 2207 καθ’
3527 2151 3746 2223 ἑαυτὴν,

2172 2252 2233 2306 τὸ
2255 2248 2499 2324 ἀκριϐῶς
2526 2251 2757 2321 ἄμικτον
2787 2249 2924 2321 πρὸς
2950 2248 3048 2320 τὴν
3094 2248 3242 2301 θείαν
3266 2246 3515 2317 δύναμιν.
3562 2244 3745 2307 Ὥστε,

2170 2346 2237 2399 ἀν
2256 2342 2465 2414 κενωθῇ
2494 2342 2697 2414 κόσμος
2736 2342 2837 2411 τῆς
2893 2342 3015 2395 κατ’
3042 2337 3205 2393 αὐτοῦ
3243 2338 3523 2410 δυνάμεως
3575 2335 3744 2402 θείας,

2171 2436 2335 2490 πάλιν
2406 2435 2651 2489 τοιοῦτον
2697 2434 3153 2505 ὑπολειφθήσεται
3211 2430 3345 2503 πῦρ,
3397 2430 3516 2494 πῶς
3562 2423 3658 2487 οὖν
3684 2426 3746 2482 τὸ

2171 2531 2282 2599 πῦρ
2311 2526 2648 2598 ἢδιαφθερεῖ
2675 2543 2751 2590 τι,
2797 2525 2831 2596 ἢ
2881 2525 2972 2578 ὑπ’
3005 2524 3164 2579 ἄλλου
3197 2522 3567 2594 φθαρήσεται;
3599 2518 3744 2591 Πρὸς

2168 2617 2278 2689 γὰρ
2308 2617 2403 2671 τοῦ
2429 2617 2615 2689 ὁμοίου
2648 2617 2746 2687 οὐχ
2774 2616 2887 2689 ὁρῶ
2914 2616 3032 2680 πῶς
3063 2617 3345 2686 γενήσεται
3387 2614 3419 2684 ἡ
3449 2610 3645 2683 φθορά.
3673 2610 3742 2663 Ὃ

2168 2709 2277 2782 γὰρ
2298 2711 2585 2782 γενήσεται
2616 2711 2650 2781 ἡ
2672 2708 2794 2781 ὕλη,
2850 2712 2949 2780 τῆς
2998 2707 3148 2771 θείας
3191 2706 3472 2776 δυνάμεως
3501 2702 3738 2768 ἀποζευ-

2167 2802 2379 2873 χθεῖσα,
2408 2800 2552 2855 τοῦτ’
2571 2798 2639 2873 ἦν
2665 2802 2794 2874 πρὶν
2826 2802 2921 2857 καὶ
2948 2800 3212 2872 μεμίχθαι
3256 2798 3395 2871 πρὸς
3422 2796 3591 2868 αὐτὴν
3639 2797 3743 2869 τὴν

2167 2893 2318 2949 θείαν
2347 2894 2597 2966 δύναμιν.
2627 2894 2693 2948 Εἰ
2739 2894 2919 2948 τοίνυν
2947 2892 3228 2947 ἀπολεῖται
3270 2889 3620 2963 ἐρημωθεῖσα
3639 2887 3742 2958 τῆς

2166 2985 2316 3052 θείας
2339 2987 2638 3059 δυνάμεως,
2661 2985 2749 3039 διὰ
2770 2986 2824 3039 τί
2847 2985 2920 3058 μὴ
2944 2985 3038 3039 καὶ⁸
3057 2983 3305 3038 ἀπώλετο
3329 2983 3458 3054 πρὶν
3473 2981 3565 3034 καὶ⁵
3591 2980 3742 3034 θείαν

2162 3078 2392 3151 δύναμιν
2419 3077 2672 3148 γενέσθαι
2692 3077 2727 3149 ἦ
2751 3077 2916 3148 ἀλλην
2945 3075 3324 3147 δημιουργίαν,
3361 3075 3447 3127 ἵνα
3467 3072 3738 3144 ἀπόληται

2162 3171 2198 3242 η
2229 3169 2352 3240 ὕλη,
2375 3170 2471 3223 καὶ
2502 3167 2659 3222 τοῦτο
2681 3168 2882 3239 ποιήσῃ
2923 3167 3115 3238 μέχρις
3144 3165 3409 3235 ἀπείρους
3439 3162 3557 3217 Καὶ
3596 3161 3649 3215 τί
3679 3161 3742 3215 τὸ

2162 3259 2380 3329 δφελος;
2414 3261 2479 3312 Ὃ
2506 3259 2614 3330 γὰρ
2648 3257 2722 3330 μὴ
2745 3258 2959 3326 ἐγένετο
2989 3258 3055 3310 ὲκ
3080 3255 3175 3309 τοῦ
3218 3252 3432 3326 πρώτου
3464 3252 3624 3325 βουλή
3634 3270 3739 3322 μα-

2162 3371 2273 3418 τος,
2294 3353 2412 3417 πῶς
2445 3354 2509 3406 ὲκ
2540 3351 2633 3406 τοῦ
2665 3351 2917 3423 δευτέρου
2950 3350 3271 3420 γενήσεταις
3326 3347 3361 3419 ἢ
3400 3348 3483 3411 τίς
3534 3349 3563 3400 ὁ
3585 3347 3741 3415 λόγος

2164 3444 2306 3516 Θεῷ,
2336 3444 2611 3499 ἀναθεῖναι
2637 3443 2961 3515 πράγματα,
2993 3441 3029 3495 ἃ.
3060 3442 3168 3496 οὐδ’
3204 3443 3291 3495 ἐπ’
3329 3439 3613 3512 ἀνθρώπου
3641 3457 3743 3495 xa—

2163 3539 2269 3603 λῶς
2295 3538 2440 3610 ἔχειν
2470 3538 2715 3591 ὑπονοεῖν
2739 3555 2753 3602 ;
2783 3536 2857 3589 Τὸ
2903 3535 3012 3607 γὰρ
3062 3534 3320 3590 ἀδύνατον
3374 3533 3630 3606 πρόσεστι
3660 3530 3741 3604 τῷ

2166 3627 2514 3700 βουλεύεσθαι
2551 3628 2646 3681 ἐπὶ
2693 3625 2803 3681 τῶν
2864 3626 3161 3691 ποιούντων
3213 3624 3351 3697 πρὸς
3396 3623 3474 3694 τῷ
3523 3621 3657 3694 μηδὲ
3678 3620 3740 3675 τδ

2164 3721 2467 3792 βούλεσθαι,
2500 3720 2605 3774 κᾶν
2632 3720 2855 3773 δυνατὸν
2886 3715 2944 3794 ᾗ,
2975 3718 3281 3791 προχείρως
3305 3718 3502 3789 χρῆναι
3533 3715 3735 3784 λέγειν.

2162 3812 2311 3884 Πλὴν
2344 3813 2392 3865 εί
2429 3813 2503 3883 μή
2533 3829 2584 3865 τι
2611 3811 2817 3883 ἕτερον,
2841 3810 2975 3865 Θεὸν
3009 3810 3104 3863 καὶ
3135 3809 3227 3863 τὸν
3266 3808 3522 3862 ἐπέκεινα
3548 3806 3738 3872 οὐσίας

2161 3895 2429 3973 λέγουσιν,
2456 3902 2646 3975 ὥσπερ
2689 3903 2882 3975 καινήν
2924 3918 3049 3955 τινα
3088 3901 3400 3970 εἰσάγουσιν
3444 3898 3598 3969 ὓλην·
3642 3899 3738 3952 καὶ

2163 3998 2283 4068 οὐχὶ
2314 3996 2412 4068 τὴν
2438 3997 2834 4069 ὑπερημμένην
2862 3994 3015 4067 παρά
3064 3997 3176 4059 τοῖς
3202 3994 3327 4048 νοῦν
3350 3994 3582 4065 ἔχουσιν·
3609 3992 3677 4063 ἣν
3699 3991 3735 4062 ἦ

2167 4088 2241 4161 μὴ
2269 4089 2613 4144 παντάπασιν
2636 4086 2801 4144 οὖσαν
2840 4092 2868 4142 ό
2896 4088 3051 4156 λόγος
3080 4087 3342 4159 εὑρίσκει,
3368 4086 3401 4156 ἢ
3428 4084 3489 4139 τὸ
3516 4085 3736 4138 πάντων

2160 4181 2383 4252 ἔσχατον
2400 4183 2491 4236 καὶ
2515 4182 2672 4255 μόγις
2691 4183 2771 4246 εἰς
2799 4180 3004 4236 ἔννοιαν
3024 4177 3367 4251 ἀνθρωπίνην
3393 4172 3734 4246 ἀφικνεῖσθαι

2159 4272 2473 4344 δυνάμενον.
2542 4273 2701 4329 Ἀλλά
2731 4273 2839 4346 γὰρ
2888 4272 2949 4326 τὸ
2979 4271 3090 4344 πῦρ
3136 4269 3195 4325 τδ
3240 4268 3500 4339 ἀφεγγὲς,
3532 4262 3642 4339 ἆρά
3669 4283 3739 4335 γε

2161 4363 2322 4417 πλέον
2349 4365 2496 4419 ἐστὶν
2517 4365 2617 4437 τῆς
2653 4363 2953 4436 μελλούσης
2983 4359 3440 4436 ὲρημωθήσεσθαι
3472 4357 3604 4430 ὕλης
3626 4356 3735 4410 ἀπὸ

2159 4456 2257 4526 τῆς
2276 4454 2426 4521 θείας
2445 4456 2747 4528 δυνάμεως,
2778 4456 2811 4528 ἢ
2834 4455 3084 4521 ἔλαττονς
3121 4453 3259 4507 Ἀλλ’
3289 4454 3338 4506 εί
3373 4454 3470 4523 μὲν
3496 4450 3732 4513 ἔλαττον,

2161 4549 2277 4613 πῶς
2300 4552 2719 4619 καταγωνιεῖται
2747 4548 2808 4602 τὺ
2833 4548 3022 4613 πλέον;
3053 4549 3100 4600 εἰ
3139 4546 3196 4600 δὲ
3221 4545 3401 4609 πλέον,
3439 4542 3733 4610 ἐπανάγειν

2162 4639 2261 4711 μὲν
2288 4639 2420 4693 αὐτὸ
2441 4639 2761 4711 δυνήσεται,
2815 4637 2916 4709 τῆς
2966 4637 3135 4709 αὐτῆς
3172 4635 3232 4690 ὃν
3277 4634 3509 4705 φύσεως·
3534 4631 3594 4685 οὐ
3629 4628 3733 4701 μὴν

480 4730 602 4785 nire
622 4729 816 4800 possit.
842 4728 1135 4785 Enimvero
1166 4730 1306 4802 ignis
1335 4732 1428 4787 ille
1471 4731 1818 4796 tenebrosus,
1854 4732 2052 4801 plusne
2082 4736 2090 4792 l

2167 4731 2452 4807 ἲιαφθείρει
2475 4749 2539 4801 γε
2564 4732 2715 4787 αὐτόο
2738 4732 2927 4804 ὥσπερ
2948 4729 3071 4785 οὐδὲ
3101 4731 3129 4783 ὁ
3152 4727 3343 4791 Νεῖλος
3375 4727 3501 4790 τοὺς
3522 4723 3614 4778 ἀπ’
3637 4723 3734 4775 αὐ-

480 4820 623 4875 valet
657 4834 821 4890 quam
855 4820 1105 4887 materia,
1149 4836 1270 4892 quae
1296 4822 1480 4878 divina
1520 4821 1818 4878 desolanda
1847 4822 2050 4879 virtute

2167 4823 2248 4877 τοῦ
2277 4823 2748 4897 ἀποτεμνομένους
2774 4825 3027 4887 κόλπους.

478 4918 586 4980 est,
616 4926 688 4968 an
718 4912 939 4975 minus?
968 4913 1049 4970 Ac
1071 4914 1118 4970 si
1151 4915 1373 4986 quidem
1425 4914 1632 4984 minus,
1689 4917 1964 4986 quomodo
2005 4917 2337 4987 expugnabit
2378 4917 2526 4989 quod
2564 4924 2649 4973 est
2689 4915 2905 4987 majus?
2955 4913 3051 4970 Sin
3091 4920 3273 4969 autem
3331 4915 3486 4982 plus,
3548 4905 3614 4961 ad
3672 4918 3734 4959 86

480 5007 698 5078 quidem
737 5008 1002 5066 reducere
1030 5012 1249 5082 poterit,
1277 5026 1404 5068 cum
1429 5011 1501 5069 sit
1531 5010 1776 5084 ejusdem
1816 5021 2027 5073 natura:
2059 5027 2071 5063 :
2107 5012 2254 5068 haud
2302 5021 2485 5071 tamen
2515 5018 2850 5085 corrumpet,
2864 5018 2927 5069 ut
2965 5024 3141 5082 neque
3169 5006 3344 5074 Nilus,
3383 5002 3479 5076 qui
3516 5001 3586 5056 ab
3637 4997 3733 5053 illo

480 5099 875 5161 Ihscinduntur
899 5105 1074 5162 sinus.
