4110 6548
389 504 3623 552 W

1817 537 1846 544 ς

1725 688 1864 728 ANNO
1902 689 2084 729 DOMINI
2117 687 2269 728 CCCX]
2279 715 2293 728 .

1301 857 1508 1068 S.
1682 856 2714 1074 PETBUS

930 1207 1958 1343 ALEXANDBIN
1967 1210 2160 1347 US
2238 1215 3082 1351 EPISCOPUS

1569 1472 1752 1585 ET
1842 1469 2447 1588 MARTYR

1977 1720 2048 1736 κ

985 1846 1495 1942 NOTITIA
1565 1842 3012 1942 HISTORICO-LITTERARIA

1367 2039 1635 2102 (ϐείω.
1663 2037 1774 2088 Vet.
1805 2037 1944 2086 Patr.
1967 2034 2194 2088 Biblioth.
2219 2035 2302 2098 IV,
2327 2037 2545 2103 Proleg.,
2571 2039 2646 2104 ι.)

377 2310 420 2365 1.
456 2309 975 2384 Petri_Ale:candrini
1006 2307 1264 2384 an_tis_titis
1297 2306 1486 2361 merita
1515 2305 1581 2384 ab
1602 2321 1706 2384 uno
1740 2303 1968 2360 Eusebio
1998 2305 2282 2362 celebrata.
2322 2306 2546 2364 Theonaz
2568 2325 2854 2366 successor.
2892 2315 3106 2384 Tempus
3128 2331 3242 2382 e;us
3264 2317 3402 2373 sedis
3423 2321 3618 2374 statui.

452 2393 556 2438 tur.
591 2381 1039 2436 Desinenteanno
1062 2379 1160 2432 ’511
1199 2387 1403 2448 martyr
1434 2375 1694 2431 occubuit.

377 2477 444 2533 11.
488 2477 736 2549 Tempore
772 2475 1144 2549 persecutionis
1182 2472 1433 2549 Capones
1464 2469 1880 2549 poenitentiales
1905 2469 2507 2549 scripsil._llttjusmodi
2529 2471 2775 2549 Cir-"tones
2816 2475 3025 2544 aliaque
3054 2478 3226 2530 sancti
3250 2476 3434 2533 Patris
3460 2496 3620 2549 opera

449 2539 663 2616 plurimi
696 2539 892 2598 ducunt
916 2546 1198 2616 scriptores
1228 2539 1548 2616 Orientales.
1583 2539 1965 2616 Neque__aliter

2045 2543 2187 2594 rtcci.
2229 2541 2568 2597 Balsamonis
2601 2553 2650 2596 et
2680 2542 2908 2600 Zonaras
2940 2541 3340 2602 commentariis
3371 2541 3619 2605 instructi

451 2609 608 2672 iidem
639 2617 877 2672 Canones
903 2615 986 2669 hic
1019 2609 1268 2676 exhibiti;
1309 2627 1530 2682 quorum
1560 2609 1803 2664 nonnulli
1822 2617 2074 2676 praeterea
2106 2628 2223 2664 cum
2252 2611 2426 2667 codice
2450 2629 2548 2667 ms.
2573 2613 2774 2669 collati.

375 2711 464 2767 111.
500 2711 583 2765 Ea:
610 2710 728 2763 aliis
756 2708 1046 2762 beatissimi
1085 2702 1712 2778 antistitismouumcntis
1744 2701 2041 2771 fragmenta
2070 2701 2312 2757 collecta.
2335 2705 2436 2761 His
2480 2706 2682 2760 intexta
2717 2707 2831 2776 ejus
2858 2708 3081 2776 epistola
3121 2725 3154 2762 a
3186 2707 3404 2778 Maﬁ'eio
3449 2711 3612 2766 edita.

446 2783 560 2847 Quo
586 2792 810 2850 tempore
838 2787 1012 2832 ortum
1033 2777 1258 2832 schisma
1290 2774 1653 2828 Meletianum.

445 2918 486 2974 1.
528 2921 748 2975 Petrum
770 2920 1085 2991 episcopum
1116 2917 1543 2974 Alexandrinum
1563 2917 1792 2972 summis
1825 2917 1944 2970 lau-
1971 2919 2016 2977 Α
2115 2913 2180 2970 ll.
2223 2916 2457 2989 Scripsit
2485 2927 2710 2976 sanctus
2741 2917 2905 2976 Pater
2938 2934 3081 2975 anno
3109 2920 3508 2991 persecutionis
3540 2937 3615 2989 iv,

371 3012 536 3068 dibus
587 3014 827 3069 celebrat
873 3029 940 3068 ex
993 3012 1396 3083 antiquioribus
1452 3026 1597 3066 unus
1652 3009 1943 3064 Eusebius.

372 3101 498 3156 Fuit
533 3103 642 3167 ille,
679 3103 856 3174 inquit
891 3103 1028 3177 (a),«
1062 3103 1304 3157 divinum
1341 3100 1724 3171 episcoporum
1754 3099 1944 3163 decus,

372 3209 498 3248 cum
531 3196 601 3250 ob
624 3195 793 3251 totius
820 3195 946 3250 vitae
976 3195 1413 3258 sanctimoniam,
1449 3201 1561 3246 tum
1603 3192 1672 3246 ob
1703 3191 1946 3246 studium

374 3300 439 3338 ac
462 3287 710 3356 peritiam
741 3302 1021 3343 sacrarum
1045 3286 1345 3341 litterarum
1372 3303 1384 3340 :
1417 3303 1436 3337 ι
1465 3284 1606 3338 θεῖον
1633 3283 1946 3336 ἐπισκόπων

369 3378 579 3449 χρῆμα,
619 3378 732 3448 βίου
761 3396 821 3431 τε
854 3371 1174 3450 καϊάρετῆς
1200 3377 1361 3431 ἓνεκα
1393 3377 1485 3430 καὶ
1514 3376 1612 3447 τῆς
1643 3374 1752 3430 τῶν
1785 3373 1946 3444 ἱερῶν

371 3466 547 3536 λόγων
569 3469 967 3540 συνασκήσεως.
997 3467 1062 3521 Et
1091 3468 1218 3522 alibi
1241 3465 1316 3539 (b)
1340 3481 1463 3521 eum
1492 3464 1725 3535 appellat
1753 3481 1771 3513 ‹
1797 3463 1947 3518 Chri-

371 3559 877 3630 stianaatreligionis
903 3561 1182 3616 doctorem
1204 3560 1466 3616 eximium
1489 3578 1500 3612 :
1523 3558 1591 3629 (c)
1611 3557 1701 3628 qui
1726 3555 1945 3626 quidem

372 3656 485 3704 toto
516 3650 810 3705 sacerdotii
850 3651 935 3706 sui
965 3657 1208 3720 tempore
1235 3648 1378 3719 quod
1419 3649 1578 3704 annis
1608 3645 1779 3718 gessit
1808 3644 1946 3699 duo-

369 3742 568 3804 decim,
602 3743 894 3797 maximam
939 3757 1156 3813 quoque
1200 3741 1426 3812 gloriam
1471 3746 1556 3796 est
1591 3745 1942 3794 consecutus.

370 3831 505 3888 Post
541 3833 817 3889 Theonam
858 3835 1232 3905 episc0patum
1262 3832 1688 3888 Alexandrinum
1718 3831 1944 3886 sortitus

371 3936 475 3980 est.
499 3925 564 3979 Et
594 3934 720 3981 ante
746 3926 1179 3996 persecutionem
1209 3925 1426 3995 quidem
1455 3924 1632 3980 tribus
1662 3922 1831 3977 ferme
1853 3936 1947 3975 an-

372 4017 460 4072 nis
505 4016 804 4072 Ecclesiam
846 4017 1024 4072 rexit:
1061 4015 1175 4087 Πρὺ
1207 4013 1301 4068 τοῦ
1343 4011 1581 4085 διωγμοῦ
1621 4011 1796 4082 τρισὶν
1835 4010 1943 4064 οὐδ’

370 4108 512 4170 ὅλοις
544 4109 891 4178 ἡγησάμενος
927 4106 1026 4178 τῆς
1073 4104 1398 4174 Ἐκκλησίας
1425 4123 1437 4158 :
1463 4103 1731 4174 reliquum
1763 4109 1942 4156 autem

370 4200 550 4256 anatis
581 4207 815 4269 tempus,
857 4197 1092 4251 arctiore
1135 4194 1424 4264 disciplina
1466 4208 1525 4248 se
1562 4193 1741 4264 ipsum
1785 4207 1944 4247 exer-

2051 3004 2270 3065 Christo
2295 3011 2420 3078 306,
2463 3012 2704 3068 Canones
2737 3013 3116 3082 pwnitentiales
3151 3020 3372 3084 propter
3399 3029 3494 3069 eos
3526 3016 3620 3085 qui

2051 3103 2108 3158 in
2153 3106 2409 3174 praedicta
2456 3105 2833 3176 persecutione
2882 3107 3019 3177 lapsi
3065 3116 3268 3162 essent.
3310 3105 3621 3162 Occurrunt

2052 3204 2230 3250 autem
2281 3199 2338 3251 in
2386 3198 2640 3254 omnibus
2687 3197 2968 3254 Canonum
3029 3199 3472 3256 collectionibus-
3508 3199 3620 3256 Nos

2051 3302 2180 3341 vero
2209 3286 2330 3343 illos
2361 3288 2764 3358 desumpsimus
2791 3303 2856 3343 ex
2888 3288 3125 3343 editione
3157 3289 3337 3360 magni
3367 3288 3620 3360 Synodici

2051 3377 2370 3446 Oxoniensi,
2411 3394 2575 3450 quam
2627 3381 2838 3434 curavit
2898 3375 3218 3435 Guillelmus
3270 3379 3618 3452 Beveregius,

2049 3483 2280 3539 eamque
2307 3468 2640 3524 contulimus
2669 3483 2781 3522 non
2812 3468 2988 3523 solum
3024 3482 3147 3521 cum
3179 3466 3471 3524 Frontonis
3506 3469 3620 3524 Du-

2050 3561 2145 3614 casi
2180 3558 2418 3614 editione
2449 3557 2767 3622 Parisiensi,
2797 3556 2892 3613 sed
2938 3557 3103 3612 etiam
3132 3571 3256 3611 cum
3289 3572 3393 3612 ms.
3429 3558 3620 3616 codice

2050 3653 2380 3724 bombycino
2436 3651 2760 3722 amplissimi
2814 3652 3087 3708 senatoris
3142 3650 3402 3706 Bernardi
3455 3649 3615 3713 Nani,

2052 3744 2275 3799 scholiis
2314 3751 2574 3814 praeterea
2615 3741 2890 3797 Theodori
2936 3740 3274 3796 Balsamonis
3306 3747 3361 3795 et
3388 3739 3617 3795 Joannis

2051 3835 2276 3890 Zonaras
2301 3836 2541 3891 intextis.
2580 3834 2655 3890 De
2689 3835 2774 3890 his
2803 3843 2984 3889 autem
3013 3833 3326 3890 Canonibus
3357 3833 3618 3903 paeniten-

2048 3928 2272 3982 tialibus
2296 3925 2702 3982 Tillemontium
2731 3925 2988 3980 consulas
3011 3925 3172 3980 velim
3197 3925 3291 3995 (g).
3326 3921 3618 3979 Porrobu-

2044 4019 2286 4088 jusmodi
2328 4017 2611 4072 Canonum
2654 4017 3005 4080 testimoniis,
3056 4024 3116 4070 ut
3160 4014 3327 4071 refert
3365 4016 3616 4074 laudatus

2049 4110 2421 4165 Renaudouus
2444 4107 2541 4179 (It),
2567 4114 2796 4162 utuntur
2816 4105 3234 4173 Ecbmimensis,
3257 4103 3614 4172 Ebnassalus,

2048 4201 2433 4271 Abull‘aragius
2471 4207 2524 4252 et
2565 4197 2656 4251 alii
2703 4197 3080 4266 cujuscunque
3116 4207 3276 4251 seem
3312 4195 3615 4251 Orientales

371 4307 525 4357 cens,
559 4289 864 4360 ίτθηεεεῖιε
897 4303 997 4343 nec
1044 4288 1224 4342 minus
1264 4287 1480 4342 ίῐιῑθνῖῐη
1527 4283 1803 4340 communi
1841 4282 1944 4338 ΕΟ·
1975 4288 2017 4343 Β
2046 4293 2341 4350 Christiani
2375 4311 2386 4346 :
2416 4288 2557 4362 apud
2606 4305 2744 4359 quos
2788 4288 2951 4343 etiam
2987 4288 3042 4342 in
3086 4286 3153 4342 iis
3196 4286 3614 4342 collectionibus

372 4383 666 4438 clesiarum
715 4378 937 4432 utilitati
968 4375 1256 4447 magniﬁce
1306 4374 1607 4445 prospexit.
1656 4373 1829 4440 Quam
1869 4373 1939 4428 ob

369 4489 593 4529 causam
625 4486 769 4526 anno
807 4469 1206 4540 persecutionis
1246 4483 1392 4523 nono
1421 4469 1600 4538 capite
1631 4475 1937 4532 truncatus,

367 4562 618 4634 martyrii
650 4577 908 4618 coronam
932 4561 1252 4632 promeruit.
1283 4580 1301 4612 ι
1332 4559 1606 4615 Hactenus
1629 4557 1897 4614 Eusebius
1923 4576 1935 4613 :

370 4669 532 4723 quem
573 4661 830 4707 accurate
858 4651 1004 4707 Petri
1037 4649 1386 4720 episcopatus
1418 4664 1592 4704 annos
1624 4647 1938 4719 digessisse,

369 4745 621 4813 pluribus
673 4742 983 4797 Dodwellus
1027 4743 1229 4797 evincit
1257 4742 1353 4812 (ά).
1394 4741 1530 4795 Cum
1562 4742 1724 4811 igitur
1749 4739 1942 4795 Petrus

369 4835 661 4890 duodecim
708 4849 881 4888 annos
930 4832 986 4887 in
1027 4834 1343 4904 episcopatu
1386 4833 1729 4904 transegerit,
1782 4842 1943 4901 atque

371 4944 517 4982 anno
537 4929 606 4984 ab
625 4935 744 4983 orta
762 4926 1136 4998 persecutione
1159 4940 1324 4989 nono,
1352 4926 1607 4980 szcviente
1630 4926 1684 4979 in
1705 4924 1941 4979 Alexan-

370 5022 584 5076 drinam
615 5020 915 5076 Ecclesiam
941 5018 1255 5082 Maximino,
1297 5018 1473 5086 capite
1505 5024 1791 5072 truncatus
1825 5016 1944 5070 lue-

370 5113 476 5182 rit;
546 5115 664 5185 ejus
732 5112 962 5186 proinde
1017 5112 1340 5182 martyrium
1396 5108 1586 5162 incidit
1636 5108 1690 5162 in
1737 5123 1942 5164 annum

371 5205 578 5260 Christi
617 5207 742 5269 511,
786 5204 932 5276 quod
963 5202 1205 5273 Egyptii
1243 5202 1491 5256 recolunt
1523 5200 1612 5254 die
1638 5200 1708 5253 9.9
1738 5200 1942 5256 mensis

371 5299 564 5369 Athyr,
597 5300 689 5369 qui
721 5297 1012 5367 respondet
1039 5295 1109 5349 25
1137 5293 1457 5348 Novembris
1487 5299 1546 5346 ut
1576 5302 1695 5361 post
1719 5289 1940 5346 Renau-

371 5388 578 5443 dotium
605 5390 671 5464 (ε)
705 5391 957 5444 observat
984 5384 1312 5457 Lequienius
1337 5385 1430 5455 (f).

447 5545 522 5616 (α)
556 5545 754 5602 Euseb.
793 5545 1081 5600 llist.eccl.
1115 5544 1211 5597 lib.
1234 5559 1322 5616 is,
1357 5556 1478 5610 cap.
1512 5540 1564 5594 6.

440 5615 515 5688 (b)
547 5617 622 5670 Μ.
658 5619 786 5674 ibid.
813 5620 906 5673 lib.
928 5632 1048 5682 vm,
1073 5631 1191 5683 cap.
1224 5615 1308 5688 l5_.

442 5683 512 5757 (c)
552 5689 625 5744 ιιι.
660 5689 791 5742 ibid.
825 5690 918 5742 lib.
951 5704 1051 5750 vn,
1085 5702 1205 5756 cap.
1235 5683 1435 5757 ’ὀὶ-,ειιῦ
1467 5683 1557 5736 lin.

442 5751 741 5883 (ιη-Βοῶν.
777 5759 998 5813 Disscrt.
1031 5751 1170 5828 siith
1197 5755 1263 5809 ad
1301 5751 1510 5820 I’ears.,
1548 5768 1667 5822 cap.
1701 5752 1755 5816 6,
1787 5751 1814 5824 §
1851 5753 1940 5816 21,

442 5848 494 5883 ιε.
532 5849 547 5883 t
593 5871 606 5883 .

370 5842 494 5898 pag.
524 5833 606 5885 74.

2043 4385 2327 4457 anonymis
2361 4398 2482 4454 quze
2528 4390 2726 4437 vocant
2756 4379 3039 4449 Responsa,
3083 4378 3327 4448 quasdam
3380 4393 3445 4432 ex
3491 4378 3614 4433 aliis

2041 4479 2161 4549 ejus
2206 4476 2464 4546 operibus
2519 4473 2821 4544 fragmenta
2879 4478 3115 4526 exstant.
3168 4468 3440 4523 Nonnulla
3484 4468 3613 4522 item

2041 4568 2333 4623 laudantur
2364 4582 2393 4620 a
2423 4564 2686 4620 Jacobitis
2716 4564 2771 4617 in
2805 4576 2966 4632 opere
3003 4559 3149 4631 quod
3182 4557 3370 4611 Fidem
3401 4567 3614 4627 patrum

2042 4660 2333 4730 appellant.
2379 4657 2438 4712 1n
2485 4657 2592 4710 alio
2626 4663 2843 4726 quoque
2875 4668 3058 4724 opere,
3093 4651 3195 4706 cui
3237 4650 3431 4705 titulus
3479 4648 3613 4703 Unio

2041 4752 2322 4820 pretiosus,
2351 4750 2471 4818 ejus
2493 4748 2769 4803 homiliam
2797 4746 2860 4802 de
2893 4745 3150 4816 baptismo
3176 4741 3378 4799 Christi
3404 4753 3613 4796 memo-

2043 4851 2216 4898 ratam
2244 4843 2450 4898 videas.

2113 4933 2201 4989 lll.
2244 4935 2374 5000 Quae
2422 4949 2551 4987 vero
2604 4932 2746 5001 apud
2785 4931 3004 4986 Graecos
3051 4943 3120 4984 ex
3175 4926 3384 4983 caeteris
3438 4924 3612 4981 sancti

2045 5027 2301 5096 martyris
2346 5025 2566 5094 scriptis
2614 5025 2918 5093 fragmenta
2963 5028 3273 5083 servantur,
3321 5031 3384 5073 ea
3431 5015 3614 5071 omnia

2044 5117 2272 5172 collecta
2308 5115 2427 5184 ejus
2459 5115 2776 5170 Canonibus
2807 5112 3054 5181 subjecta
3081 5110 3420 5166 exhibemus.
3445 5107 3618 5160 Nimi-

2045 5224 2186 5270 rum,
2229 5209 2278 5260 l.
2311 5215 2624 5276 excerptum
2665 5221 2728 5260 ex
2774 5205 2895 5274 ejus
2939 5203 3082 5258 libro
3111 5201 3188 5256 De
3220 5201 3434 5264 deitate,
3469 5199 3616 5270 quod

2044 5307 2222 5353 exstat
2266 5299 2318 5350 in
2363 5298 2500 5351 actis
2543 5295 2900 5351 conciliorum
2944 5291 3206 5364 Ephesin-i
3236 5300 3286 5346 et
3316 5287 3616 5346 Chalcedo-

2045 5392 2252 5453 nensis,
2305 5405 2428 5444 cum
2473 5387 2627 5442 Marii
2671 5385 2988 5441 Mercatoris
3016 5383 3265 5453 apposita
3294 5382 3614 5451 interpreta—

2118 5545 2187 5613 (ε)
2225 5543 2468 5599 Renaud.
2494 5543 2637 5596 Hist.
2657 5538 2961 5613 patriarch.
2993 5537 3171 5613 Alcen,
3203 5533 3446 5613 pag;

2121 5557 2187 5613 (ε)
2226 5557 2961 5665 uenauu.mst.cpa1rtarcn.
2993 5557 3171 5599 Αιεπη
3203 5557 3324 5604 pag.
3359 5557 3429 5587 ou

2121 5617 2201 5686 (ι’)
2229 5613 2607 5686 l.equien.__0r.
2684 5611 3030 5686 ltrist.,__tom.
3068 5607 3287 5686 l|,__pag.
3311 5604 3434 5660 597.

2229 5676 2443 5741 Τῐιὶθηι.
2478 5683 2660 5749 Mcm.,
2695 5693 2826 5734 tom.
2851 5678 2916 5755 Χ,
2949 5693 3071 5748 pag.
3104 5676 3225 5731 450.

2125 5749 2199 5828 (lt)
2235 5756 2478 5812 Renaud.
2513 5757 2549 5808 Ι.
2579 5772 2648 5817 6.,
2689 5766 2811 5822 pag.
2843 5749 2906 5804 61
2940 5764 3056 5818 seq.
