4110 6474
459 342 564 397 451

1489 337 1543 391 S.
1589 334 1794 390 PETRI
1833 331 2298 390 ALEXANDRINI
2335 329 2642 388 EPISCOPI

3597 328 3704 380 452

456 461 634 525 tione;
669 457 722 514 9..
759 455 904 509 aliud
937 457 1063 510 item
1091 453 1450 524 fragmentum
1477 470 1542 508 ex
1574 453 1796 507 homilia
1826 451 1903 505 De
1926 450 2019 506 adv
2051 457 2098 512 Α
2127 467 2349 513 σκοπονφ
2383 448 2566 502 multis
2615 442 2925 499 criminibus
2971 441 3287 505 convictum,
3337 442 3392 493 in
3439 442 3707 494 communi

457 561 609 605 ventu
641 547 956 611 Saluatoris,
1000 546 1146 614 quod
1181 547 1372 599 recitat
1407 543 1666 598 Leontius
1701 543 2030 613 Byzantinus

457 640 551 694 lib.
585 648 813 691 tcontra
851 635 1160 690 Nestorium
1195 646 1242 688 et
1280 634 1580 704 Eutychen;
1635 635 1685 687 3.
1734 633 2032 701 adjecimus

456 731 712 798 deinceps
743 729 989 798 ejusdem
1019 727 1320 782 beatissimi
1356 727 1617 780 antiststis
1641 726 1926 794 epistolam
1963 726 2032 780 ad

456 821 755 875 Ecclesiam
811 819 1256 882 Alexandrinam,
1308 833 1499 873 recens
1553 818 1857 886 evulgatam
1906 832 2031 869 cum

455 913 580 966 aliis
610 912 838 966 vetustis
866 910 1122 964 Ecclesia:
1145 909 1512 964 monumentis
1543 924 1571 961 a
1602 907 1664 964 γ.
1687 909 1746 962 C.
1777 907 2032 978 Scipione

457 1002 669 1056 Maﬂ'eio
702 1002 799 1072 (i);
831 1016 992 1070 quam
1020 1008 1241 1054 sanctus
1267 999 1463 1068 praesul
1490 1000 1884 1069 conscripsisse
1911 1016 2033 1070 per-

457 1095 679 1150 hibetur
708 1101 832 1164 post
863 1093 1147 1163 epistolam
1179 1093 1244 1146 ad
1282 1092 1552 1146 Meletium
1583 1093 1897 1162 episcopum
1932 1091 2033 1163 Ly-

455 1183 847 1253 c0politanum,
895 1198 925 1236 a
969 1184 1139 1238 beatis
1169 1181 1578 1238 confessoribus
1602 1181 1893 1254 Hesycbio,
1930 1181 2033 1236 Pa-

455 1274 697 1337 ehomio,
751 1273 1036 1328 Theodoro
1087 1282 1140 1327 et
1183 1272 1372 1327 Philca
1417 1280 1696 1327 exaratam
1731 1273 1824 1343 (ᾗ.
1865 1271 1922 1325 1η
1967 1288 2032 1328 ea

457 1378 622 1432 porro
656 1364 882 1434 epistola
913 1371 1137 1418 sanctus
1183 1361 1403 1430 Petrus,
1445 1362 1832 1418 Alexandrinis
1864 1363 2034 1417 inter-

457 1455 603 1509 dicta
630 1471 753 1509 cum
778 1456 988 1510 Meletio
1011 1455 1414 1520 communione,
1444 1456 1634 1510 scribit
1663 1470 1722 1510 se
1749 1456 1830 1508 illi
1852 1472 2033 1509 occur-

456 1562 649 1607 surum,
690 1565 808 1602 cum
851 1548 1173 1617 sapientibus
1219 1549 1366 1611 viris,
1419 1558 1467 1602 et
1505 1549 1737 1601 visurum
1767 1563 1883 1618 qua:
1912 1557 2033 1602 sunt

455 1653 573 1710 qua:
601 1640 690 1694 ille
723 1641 990 1711 cogitavit.
1023 1641 1258 1696 innuens
1298 1639 1548 1694 videlicet
1583 1638 1849 1710 synodum
1885 1638 2036 1692 illam

456 1730 903 1794 Alexandrinam,
938 1732 991 1784 in
1025 1747 1131 1802 qua
1171 1731 1519 1802 postmodum
1551 1730 1821 1785 celebrata
1853 1743 2034 1784 sacer-

2131 543 2490 611 episcoporum
2525 539 2724 610 synodo
2757 534 3014 604 deposuit.
3065 533 3331 586 Caeterum
3362 531 3428 586 de
3461 541 3707 603 tempore

2131 647 2240 701 quo
2267 631 2431 701 coepit
2465 630 2739 684 funestum
2785 627 3026 681 schisma
3076 624 3441 690 Meletianum,
3484 623 3707 680 Baronii

2134 724 2459 778 sententiam
2499 723 2560 793 (ι)
2609 721 2744 776 illud
2792 718 3056 789 illigantis
3099 732 3241 770 anno
3271 716 3374 770 506
3402 715 3708 788 propugnat

2133 815 2396 868 adversus
2429 814 2648 883 Pagium
2675 821 2727 866 et
2757 810 3215 865 Montl‘auconium
3249 808 3500 864 laudatus
3528 808 3711 864 Malle—

2134 908 2219 962 ius
2243 908 2359 975 (nt),
2391 914 2504 958 tum
2530 921 2597 960 ex
2622 905 2721 958 hac
2754 891 2899 958 Petri
2931 900 3284 956 Alexandrini
3310 901 3562 970 epistola,
3593 908 3708 954 tum

2131 1014 2260 1052 vero
2285 999 2339 1051 in
2359 998 2549 1067 primis
2579 1012 2643 1050 ex
2673 996 2841 1050 altera
2863 1001 3097 1064 quatuor
3119 991 3522 1063 episcoporum,
3549 991 3709 1060 cujus

2134 1091 2188 1144 in
2218 1106 2318 1146 sua
2341 1088 2588 1144 meminit
2615 1087 2755 1141 idem
2786 1093 3008 1142 sanctus
3032 1083 3211 1150 Pater,
3239 1099 3510 1153 quamque
3531 1099 3559 1136 a
3582 1082 3712 1136 Phi-

2133 1183 2215 1238 lea
2253 1182 2526 1236 Thmueos
2547 1179 2804 1250 episcopo
2847 1176 3018 1232 fuisse
3058 1175 3422 1244 conscriptam
3457 1174 3712 1250 superius

2133 1275 2528 1331 edisseruimus
2553 1248 2665 1341 (n);
2696 1272 2749 1324 4.
2783 1270 2999 1324 demum
3035 1268 3156 1322 loco
3193 1248 3492 1338 fragmenta
3528 1266 3716 1336 profe-

2133 1371 2308 1423 rimus
2337 1383 2401 1422 ex
2430 1365 2784 1435 disputatione
2809 1362 2872 1414 de
2907 1360 3188 1421 Pasrhate,
3219 1373 3340 1428 quae
3369 1359 3423 1411 in
3464 1357 3714 1412 Chronici

2135 1459 2416 1515 Paschalis
2451 1459 2634 1512 limine
2669 1464 2987 1516 occurrunt,
3024 1453 3090 1506 de
3125 1466 3356 1521 quorum
3395 1449 3713 1504 sinceritate

2135 1553 2262 1606 alibi
2309 1566 2410 1605 nos
2455 1550 2766 1620 diSputasse
2806 1543 3171 1604 meminimus,
3207 1541 3295 1597 ubi
3341 1541 3407 1596 de
3445 1541 3503 1594 S.
3552 1539 3714 1594 Clau-

2135 1645 2227 1700 dio
2249 1642 2544 1712 Apollinari
2576 1641 2740 1695 verba
2773 1638 3001 1692 fecimus
3031 1637 3127 1705 (ο).
3165 1634 3281 1689 llue
3317 1649 3446 1688 vero
3481 1641 3535 1688 et
3578 1633 3710 1688 illud

2136 1732 2348 1788 accedit
2375 1731 2442 1785 ad
2473 1730 2632 1785 ﬁdem
2662 1727 2901 1782 auctoris
2925 1726 3179 1781 Chronici
3208 1725 3452 1795 ejusdem
3475 1723 3713 1779 Pascha-

384 5248 392 5253 .
460 5201 772 5254 accuratius
797 5201 1110 5268 conscripta
1137 5209 1460 5265 noscuntur,
1485 5201 1797 5268 Anastasio,
1822 5201 1947 5258 mea
1989 5207 2258 5258 sententia
2286 5244 2299 5266 ,

457 1818 607 1874 dotio
653 1820 756 1874 fuit
805 1821 1052 1890 dejectus
1095 1821 1237 1875 idem
1279 1821 1544 1874 Meletius.
1578 1819 1653 1874 De
1682 1835 1788 1890 qua
1811 1819 2029 1890 quidem
2061 1807 2104 1866 Β
2134 1825 2201 1878 lis
2243 1821 2698 1886 conﬁrmandam,
2738 1817 2882 1889 quod
2919 1816 3277 1871 Casaubonus
3314 1832 3379 1870 ex
3409 1815 3577 1870 veteri
3619 1831 3714 1870 co-

457 1912 666 1982 synodo
693 1912 809 1967 haec
847 1913 1009 1968 liabet
1056 1923 1280 1968 sanctus
1329 1913 1665 1967 Athanasius
1696 1913 1767 1983 (k)
1797 1932 1810 1966 :
1843 1911 2035 1966 Petrus
2133 1915 2254 1970 dice
2295 1930 2398 1969 ms.
2431 1915 2541 1968 duo
2583 1915 2703 1967 loca
2733 1911 2940 1982 profert
2970 1910 3044 1980 (p)
3078 1909 3143 1963 ad
3179 1909 3426 1963 eamdem
3461 1909 3711 1978 disputa—

459 2002 598 2070 apud
632 2020 725 2056 nos
757 2013 878 2057 ante
903 2006 1311 2072 persecutionem
1337 2005 1628 2072 episcopus,
1672 2013 1720 2057 et
1766 2008 1820 2057 in
1865 2021 2039 2073 perse—
2133 2008 2336 2061 tionem
2371 2007 2697 2076 spectantia,
2735 2020 2856 2073 qua:
2889 2003 3031 2072 apud
3070 2002 3223 2055 illum
3261 2009 3542 2056 auctorem
3581 2017 3715 2055 ano-

458 2097 664 2150 cutione
712 2107 939 2167 martyr,
973 2097 1244 2151 Meletium
1285 2100 1374 2168 qui
1403 2099 1466 2153 ab
1498 2099 1730 2170 Egypto
1765 2100 2035 2168 episcopus
2136 2115 2355 2170 nymum
2386 2097 2579 2152 iisdem
2610 2097 2789 2149 verbis
2821 2095 3098 2166 descripta
3123 2094 3332 2160 videas,
3367 2105 3430 2148 ut
3471 2094 3527 2148 in
3568 2095 3714 2149 notis

457 2185 673 2251 dicitur,
712 2189 973 2242 Μελέτιον
1007 2189 1114 2242 ἀπὸ
1141 2190 1240 2260 τῆς
1268 2191 1542 2260 Αἰγύπτου
1585 2191 1876 2262 λεγόμενον
1917 2191 2032 2243 ἐπί-

2137 2191 2399 2261 subjectis
2428 2191 2726 2244 innuimus.

636 2319 1054 2401 Maﬁeipsserv.
1081 2321 1287 2401 _letter.,
1320 2331 1458 2401 tom;
1485 2321 1576 2384 ill,
1615 2338 1744 2401 pag.
1769 2321 1852 2376 l7.

531 2389 774 2462 (jty‘ide
791 2390 1138 2462 _Patrologt'a'
1177 2403 1380 2447 nostra:
1421 2389 1836 2446 GraecoLLatiIia:
1879 2401 1917 2447 t.
1962 2391 2030 2458 X,

461 2460 564 2514 col.
597 2460 754 2513 1565.
789 2459 948 2514 Eon.

2211 2326 2287 2391 (η)
2321 2317 2453 2377 Vide
2477 2333 2681 2376 tomum
2719 2337 2884 2390 supra
2912 2321 3158 2391 citatum,
3187 2322 3292 2375 col.
3330 2317 3488 2391 l559.

2208 2384 2281 2465 (ο)
2315 2393 2449 2447 Vide
2466 2384 2928 2465 Patrologiaftoin.
2951 2384 3010 2444 V.
3031 2421 3101 2465 —_-_-
3122 2391 3345 2465 Accedit
3365 2391 3420 2444 S.
3437 2389 3715 2465 Petriser-

2135 2461 2225 2535 mo
2245 2461 2469 2535 Syriace
2496 2471 2550 2518 et
2580 2461 2772 2518 Latine
2793 2464 2860 2516 ab
2884 2467 3021 2532 Ang.
3047 2461 3188 2516 Maio
3215 2463 3519 2532 evulgatus.
3553 2461 3710 2515 Eorr.

531 2529 838 2602 (MAtban.
871 2531 1023 2599 Apol.
1047 2541 1214 2587 contr.
1237 2533 1452 2596 Arian.,
1492 2531 1518 2602 θ
1545 2525 1636 2595 '59,
1671 2529 1806 2600 Opp.
1834 2539 1967 2586 tom.
1991 2531 2030 2596 Ι,
2137 2525 2309 2589 Pun:

461 2599 735 2674 933.137.
919 2671 930 2674 _
1285 2671 1300 2674 _
1344 2671 1390 2674 η
1495 2599 1512 2602 ⁷
1722 2599 1733 2600 ί

2207 2608 2279 2674 (ρ)
2310 2604 2546 2660 Casaub.
2573 2602 2807 2658 Exercit.
2841 2618 2927 2656 xu
2957 2605 3024 2656 ad
3056 2603 3252 2656 Annal.
3287 2601 3439 2665 cccl.,
3473 2599 3533 2672 §§
3565 2600 3630 2653 12
3659 2609 3714 2654 et

531 2669 828 2742 (l)_B_aron.
866 2671 931 2742 ad
961 2686 1090 2725 ann.
1122 2672 1246 2732 506,
1279 2671 1421 2742 §H.
2135 2669 2257 2731 165.

529 2739 627 2810 (m)
657 2739 829 2796 Μείῐεὶ
853 2741 890 2794 ι.
916 2758 987 2805 c.,
1020 2757 1142 2812 pag.
1167 2743 1256 2797 24.

463 2889 722 2911 ..ι-..-

753 2889 3672 2914 Μ

978 3050 1360 3232 ACTA
1436 3048 2054 3164 SINCERA
2145 3046 2664 3162 SANCTI
2757 3046 3186 3160 PETRI

1472 3284 1756 3333 EPISCOPI
1787 3285 2227 3331 ALEXANDRINI
2262 3287 2343 3329 ΕΤ
2373 3280 2692 3332 MABTYBIS

1203 3437 1659 3501 ANASTASIO
1692 3432 2389 3497 BIBLIOTHECARIO
2425 3433 2964 3495 INTERPRETE.

1410 3602 1589 3676 (Apud
1619 3599 1842 3666 Maium,
1872 3599 2141 3669 Spicilegii
2169 3605 2318 3654 tomo
2346 3598 2434 3667 lll,
2459 3613 2582 3672 pag.
2611 3598 2762 3670 671.)

1605 3903 1872 3993 MAII
1952 3901 2574 3996 MONITUM.

2073 4099 2146 4118 ἀ

532 4219 878 4275 Anastasium
909 4217 1388 4274 Bibliothecarium
1419 4219 1767 4275 transtulisse
1797 4236 1828 4275 e
1857 4219 2045 4277 Graeco
2073 4221 2385 4292 passionem
2421 4219 2595 4275 sancti
2626 4217 2770 4276 Petri
2807 4216 3148 4275 Alexandriae
3177 4216 3450 4292 episcopi,
3479 4216 3714 4276 aﬁirmat

463 4293 696 4361 primum
729 4292 955 4360 ipsemet
984 4291 1310 4362 Anastasius
1351 4292 1406 4344 in
1435 4291 1658 4362 prologo
1686 4308 1786 4346 suo
1812 4292 1878 4344 ad
1924 4290 2236 4362 passionem
2289 4301 2592 4362 martyrum
2635 4305 2948 4345 uccccuxx
2975 4328 2991 4354 ,
3044 4305 3206 4361 quem
3255 4290 3600 4362 Mabillonius
3653 4293 3712 4347 in

462 4359 642 4418 Museo
672 4359 864 4417 Italico
887 4369 1018 4414 tom.
1043 4359 1060 4413 Ι
1083 4401 1097 4423 ,
1129 4368 1270 4431 part.
1301 4377 1372 4425 ιι,
1405 4359 1457 4429 ρί.
1487 4362 1576 4424 80,
1597 4359 1884 4430 ’νιιιετινίιε
1921 4359 2035 4430 post
2065 4363 2388 4416 translatam
2425 4359 2456 4414 ἀ
2490 4378 2570 4414 me
2604 4363 2674 4414 ad
2702 4363 3004 4428 petitionem
3036 4359 3336 4415 sanctitatis
3369 4370 3472 4412 tum
3506 4361 3713 4431 (loqui-
3745 4359 3757 4369 ’

462 4442 552 4485 tur
578 4447 700 4502 eum
730 4433 1176 4502 ljetroiepiscopo
1209 4431 1542 4499 Gavinensi)
1595 4436 1891 4502 passionem
1919 4434 2186 4502 praecipui
2236 4433 2476 4486 doctoris
2519 4447 2569 4485 et
2616 4433 2876 4502 martyris
2905 4431 3073 4502 Retri,
3125 4431 3504 4502 Alcatandrince
3560 4433 3712 4502 urbis

459 4501 710 4574 episcopi.
744 4500 1281 4574 Deinde’anonymus
1306 4501 1636 4574 biographus
1653 4501 1883 4574 ioannis
1917 4501 2026 4574 Vill
2058 4500 2162 4557 P7P.
2199 4502 2342 4574 apud
2384 4500 2837 4574 Muraloriumjﬂ.
2862 4500 2901 4555 Ι.
2923 4500 3153 4574 5.]οῐη.
3191 4500 3366 4574 lll,_p.
3405 4517 3455 4574 I,
3498 4517 3550 4570 p.
3579 4501 3708 4562 269,
3739 4555 3743 4574 ἵ

462 4517 710 4570 episcopi.
744 4516 946 4555 ueniae
975 4517 1281 4572 anonymus
1306 4516 1636 4570 mugrapnus
1656 4516 1883 4557 Joannis
1925 4516 2026 4555 VIII
2058 4516 2162 4557 PP.
2199 4516 2342 4574 apud
2384 4516 2739 4557 muralorium
2771 4516 2837 4555 ﬂ.
2862 4516 2901 4555 I.
2929 4516 2986 4555 δ.
3023 4516 3153 4554 tom.
3191 4516 3252 4552 III
3273 4516 3366 4623 ,ἐκ
3405 4517 3455 4565 I,
3498 4517 3550 4570 p.
3579 4516 3708 4562 του.
3739 4555 3743 4562 ,

462 4571 514 4624 id
540 4573 714 4639 ipsum
743 4571 1030 4624 conﬁrmat
1065 4589 1076 4624 :
1111 4573 1430 4624 Anastasius
1462 4570 1614 4625 Rom.
1645 4570 1892 4625 Ecclesia:
1924 4573 2352 4628 bibliotltecarius
2391 4573 2664 4625 transtulit
2697 4572 2858 4625 etiam
2897 4573 2960 4626 de
2991 4570 3173 4625 Gra’co
3201 4572 3255 4624 in
3339 4573 3545 4623 atinum
3583 4587 3710 4638 pas-
3737 4569 3744 4639 ξ

461 4637 662 4694 sionem
692 4642 862 4692 sancti
894 4639 1040 4693 Petri
1071 4640 1423 4694 Alexandrini
1447 4642 1840 4710 archiepiscopi.
1888 4641 2274 4699 Verumtamen
2307 4659 2372 4698 ex
2403 4644 2634 4697 diversis
2668 4658 2788 4710 qua:
2818 4643 3085 4696 habentur
3111 4642 3285 4696 sancti
3319 4640 3465 4694 Petri
3497 4637 3712 4710 paSsio—
3738 4637 3744 4658 ‘

462 4711 998 4783 nibus,q_uamnam
1048 4711 1783 4783 Anastasiustranstulerit,
1817 4714 2133 4781 conjectura
2173 4713 2608 4783 cognoscendum
2645 4720 2748 4768 est.
2806 4712 3015 4766 Etenim
3071 4711 3266 4765 Surins
3316 4710 3384 4763 ad
3442 4710 3584 4783 diem
3639 4711 3711 4764 26

461 4780 783 4853 Novembris
813 4781 1058 4848 quaedam
1088 4782 1339 4853 breviora
1367 4782 1499 4833 Acta
1535 4782 1731 4835 recitat
1757 4823 1770 4843 ,
1805 4780 1979 4853 eaque
2011 4786 2078 4838 ab
2099 4780 2392 4838 Anastasio
2412 4798 2534 4836 esse
2561 4783 2859 4836 arbitratus
2894 4792 3010 4853 est,
3042 4788 3328 4853 propterea
3353 4780 3709 4853 quodinco-

461 4851 675 4924 dicibus
709 4851 910 4924 legerat
945 4852 1226 4924 prologum
1259 4850 1659 4924 ad‘martyrum
1691 4850 2001 4907 uccccuxxx
2029 4855 2338 4924 passionem
2367 4893 2382 4916 ,
2437 4853 2604 4924 cujus
2627 4868 2789 4924 supra
2836 4851 3221 4924 meminimus;
3281 4852 3461 4924 itaque
3515 4850 3709 4924 iisdem

463 4918 851 4995 verbjsutitnr
875 4920 1070 4995 Suritis
1099 4918 1653 4995 quibusAnastasiiis
1688 4925 1741 4976 in
1767 4925 1913 4979 dicto
1946 4918 2192 4995 prologo,
2224 4937 2422 4995 nempe
2447 4918 2708 4995 praecipui
2723 4921 2955 4995 doctoris
3008 4932 3057 4975 et
3091 4918 3534 4995 niai'tyris_;l’_etri
3560 4923 3710 4995 .Aleg

458 4990 738 5042 xandrintr
769 4991 912 5043 urbis
954 4987 1182 5059 episcopi
1219 4989 1324 5057 (vel
1353 4991 1699 5058 patriarchae,
1747 5003 1804 5048 ut
1840 4987 2033 5049 Surius
2065 4987 2132 5049 cf
2167 4993 2336 5048 codex
2357 4987 2503 5048 'Vat.
2534 4987 2735 5060 reginae
2768 4991 3070 5046 Succorum
3096 4987 3295 5056 542,12
3333 4991 3398 5043 72
3423 4992 3498 5058 b).
3558 4987 3707 5044 Surii

461 5068 641 5113 tamen
682 5062 982 5120 sententiae,
1023 5062 1155 5113 nulli
1185 5067 1334 5113 certo
1353 5073 1674 5128 argumento
1717 5063 1914 5118 innixa:
1957 5081 2064 5119 non
2099 5065 2369 5128 acquievit
2395 5063 2662 5116 Baronius
2700 5063 2753 5115 in
2789 5062 3236 5116 adnotationibus
3268 5060 3334 5114 ad
3383 5061 3709 5128 Martyrolo-

459 5131 604 5198 gium
639 5131 780 5202 dicta
817 5129 905 5183 die
959 5129 1051 5202 Sic
1079 5131 1220 5183 enim
1256 5131 1330 5181 ait
1358 5148 1371 5183 :
1406 5148 1424 5179 ‹
1464 5131 1736 5187 Habemus
1768 5137 1873 5188 alia
1906 5135 2148 5202 ejusdem
2174 5129 2316 5188 Petri
2345 5134 2478 5187 Acta
2511 5133 2752 5202 pleniora
2778 5132 2833 5185 in
2864 5141 2970 5186 vet.
2994 5132 3115 5185 cod.
3141 5148 3270 5202 ms,
3299 5147 3420 5202 quae
3446 5133 3706 5199 quoniam

2331 5201 2519 5272 potius
2538 5203 2823 5255 tribuenda
2855 5203 3129 5272 videntur.
3177 5201 3272 5255 Est
3294 5201 3510 5254 illorum
3539 5215 3704 5254 exor-

459 5268 608 5321 dium
639 5286 652 5322 :
687 5269 760 5342 Si
784 5283 959 5342 omnes
992 5271 1092 5322 mei
1123 5286 1338 5342 sensus.
1368 5271 1440 5342 )_4(
1465 5273 1664 5326 labitur
1699 5278 1958 5327 memoria
1988 5275 2256 5327 Baronius
2285 5268 2376 5342 qui
2419 5274 2659 5327 scribere
2705 5273 2928 5332 debuit,
2977 5269 3034 5323 Si
3080 5287 3258 5326 omnes
3311 5273 3416 5342 mei
3467 5271 3704 5342 corporis

459 5348 610 5412 artus
635 5378 650 5401 ,
687 5341 764 5412 uti
799 5341 999 5412 legitur
1030 5339 1170 5412 apud
1202 5338 1347 5410 nos.)
1372 5336 1636 5412 _Eamdem
1664 5345 1730 5397 de
1755 5345 1873 5398 istis
1898 5345 2048 5398 Actis
2071 5336 2394 5398 sententiam
2426 5359 2534 5412 prae
2562 5358 2619 5395 se
2641 5342 2842 5395 tulerat
2877 5342 3143 5394 Baronius
3194 5336 3485 5412 iIrAnnat.
3514 5336 3580 5412 ad
3610 5356 3703 5395 an.

459 5408 585 5469 510.
619 5409 712 5476 qui
747 5417 800 5463 et
828 5411 962 5477 ipsis
991 5408 1058 5461 ad
1083 5408 1474 5462 contexendam
1507 5411 1650 5466 Petri
1685 5415 1977 5467 llistoriam
2010 5415 2223 5466 naviter
2256 5429 2388 5468 usus
2421 5408 2524 5467 est.
2560 5417 2670 5480 lngo
2699 5412 2864 5479 igitur
2905 5412 3230 5465 auctoritate
3260 5411 3475 5465 Baronii
3505 5410 3702 5472 fretus,

460 5486 829 5554 pmtereaque
862 5480 1101 5554 bonitate
1126 5487 1316 5554 captus
1350 5482 1609 5536 Actorum
1645 5484 1861 5547 borum,
1891 5501 2012 5554 qua:
2043 5485 2098 5536 in
2125 5492 2440 5551 pervetusto
2463 5481 2652 5537 codice
2699 5483 2878 5552 reperi
2906 5480 3171 5536 Vaticano
3195 5482 3301 5537 602
3325 5522 3340 5546 ,
3388 5481 3703 5550 passionem

459 5549 601 5622 hanc
639 5549 976 5622 celeberrimi
1009 5550 1388 5622 Alexandrina:
1412 5554 1560 5606 urbis
1583 5554 1825 5622 episcopi
1851 5549 2190 5622 et'martyris
2213 5555 2462 5607 exhibeo.

532 5617 734 5691 Praeter
764 5619 876 5691 haec
909 5619 1123 5672 sincera
1158 5628 1211 5674 et
1242 5617 1632 5686 Anastasiana;
1661 5624 1728 5677 de
1763 5617 1964 5691 quibus
1995 5617 2263 5677 hactenus
2293 5624 2427 5689 dixi,
2458 5624 2591 5678 Acta
2614 5662 2628 5683 ,
2656 5619 2849 5678 Latina
2873 5622 2977 5676 alia
3009 5621 3250 5690 legebam
3279 5621 3331 5674 in
3362 5621 3551 5674 codice
3576 5618 3701 5673 Vat.

459 5686 805 5763 62‘2_,A:eque
856 5688 1023 5763 ferme
1073 5692 1335 5763 antiquo;
1372 5692 1488 5763 [nec
1538 5702 1718 5746 tamen
1760 5686 1848 5746 illa
1879 5695 1995 5763 ipsa
2027 5702 2155 5746 sunt
2197 5709 2317 5762 quin
2359 5686 2722 5763 Gombeﬁsins
2755 5693 2807 5746 in
2837 5694 2994 5763 lectis
3024 5686 3338 5759 Triumpbis
3366 5702 3664 5763 martyrum
3689 5730 3704 5755 ,

461 5771 515 5825 p.
554 5756 655 5812 189
680 5772 857 5826 scqq.,
885 5755 1068 5812 Graece
1100 5755 1267 5814 edidit
1294 5767 1346 5813 et
1378 5759 1671 5817 Latinitate
1704 5779 1841 5817 nova
1872 5755 2124 5822 donavit.
2157 5755 2283 5834 quia
2313 5771 2548 5820 veterem
2599 5762 2807 5818 codicis
2853 5762 3101 5815 Vaticani
3149 5755 3355 5816 lcitum
3397 5755 3706 5827 ignorabat.
