4110 6418
513 334 619 390 455

1531 327 1588 383 S.
1623 323 1824 382 PETRI
1859 321 2325 380 ALEXANDRINI
2366 322 2672 380 EPISCOP!

3633 326 3742 380 458

513 455 727 500 omnem
758 440 1048 498 sacerdotii
1079 455 1266 496 curam
1301 441 1494 496 diebus
1528 456 1593 496 ac
1644 441 1898 496 noctibus
1929 441 2072 511 vigi-
2104 452 2150 501 Α
2178 439 2373 504 illuxit,
2399 446 2786 509 coeperuntque
2816 436 3000 492 ﬁdeles
3029 436 3098 490 ad
3131 444 3426 507 martyrum
3451 439 3742 497 memorias

515 536 691 590 lanter
713 533 1035 588 desudabat.

584 625 689 680 Sed
720 624 847 694 quia
875 639 1090 694 semper
1113 623 1231 678 zelo
1267 622 1574 693 percutitur
1601 622 1809 688 virtus,
1842 621 2074 676 feriunt-

509 731 613 785 que
641 729 885 771 summos
909 713 1125 784 fulgura
1152 720 1396 777 montes,
1428 712 1746 766 :emulorum
1774 711 1904 765 hinc
1949 711 2075 766 inde

508 804 839 859 multifarios
877 803 1185 874 patiebatur
1216 800 1522 857 conﬂictus.
1545 797 1686 870 Quid
1705 800 1903 871 plura?
1936 814 2072 868 pene

506 894 655 948 omni
678 904 919 964 tempore
945 894 1070 948 vitae
1119 907 1230 946 suae
1259 893 1314 946 in
1345 891 1725 962 persecutione
1755 891 1919 960 degit.
1971 889 2073 946 Or-

505 983 713 1039 dinavit
750 985 955 1040 interea
983 984 1377 1055 quinquaginta
1413 989 1466 1036 et
1495 981 1734 1051 quinque
1761 981 2068 1050 episcopos.

505 1075 754 1130 Meletius
807 1076 1038 1146 denique
1061 1115 1075 1140 ,
1129 1075 1349 1129 nomine
1386 1082 1441 1128 et
1474 1081 1655 1127 mente
1697 1072 2025 1144 nigerrimus
2052 1112 2068 1139 ,

504 1167 650 1237 apud
681 1167 1119 1239 Lycopolitanam
1145 1166 1334 1221 urbem
1365 1165 1750 1220 schismaticus
1782 1163 1958 1219 factus
1987 1173 2073 1220 est

504 1258 735 1328 praesul;
764 1258 931 1310 multa
964 1257 1180 1326 quidem
1211 1263 1402 1310 contra
1428 1270 1696 1309 canonum
1724 1269 1888 1324 agens
1912 1270 2072 1324 regu-

502 1349 634 1416 lam,
671 1363 1048 1418 superansque
1078 1348 1241 1401 etiam
1278 1355 1633 1402 cruentorum
1664 1347 1898 1401 militum
1940 1346 2071 1401 feri-

501 1445 690 1503 tatem,
707 1439 800 1508 qui
824 1437 880 1492 in
899 1437 1107 1493 Domini
1137 1440 1392 1509 passione
1410 1441 1566 1494 veriti
1585 1449 1712 1494 sunt
1730 1439 2067 1494 Dominicam

499 1530 749 1587 scindere
771 1529 1045 1596 tunicam;
1094 1532 1228 1586 adeo
1272 1533 1470 1588 laxatis
1503 1533 1728 1586 insania:
1751 1531 2069 1601 raptabatur

499 1620 748 1687 habenis,
765 1629 824 1674 ut
842 1623 1168 1676 catholicam
1191 1623 1451 1680 scindens
1477 1623 1780 1679 Ecclesiam
1797 1663 1811 1686 ,
1844 1638 1956 1677 non
1977 1637 2070 1677 so-

499 1711 607 1767 lum
634 1728 730 1782 per
757 1714 1003 1768 civitates
1028 1713 1268 1784 IEgypti,
1301 1715 1397 1771 sed
1426 1715 1589 1770 etiam
1618 1731 1715 1786 per
1739 1715 1900 1770 villas
1921 1714 2063 1783 ejus,

2177 532 2495 586 catervatim
2551 545 2792 594 currere,
2827 538 2881 582 et
2919 528 2986 582 ad
3042 527 3248 583 Christi
3280 528 3490 582 laudem
3537 537 3738 586 coetum

2175 637 2533 694 congregare;
2559 638 2696 691 quos
2734 620 2930 675 divinae
2959 619 3094 690 legis
3131 620 3361 675 antistes
3391 621 3576 676 divino
3615 637 3741 676 ora-

2174 713 2298 766 culo
2333 709 2660 774 vivificabat,
2692 710 2933 779 erigebat
2965 716 3127 778 atque
3157 709 3474 774 roborabat,
3532 725 3742 766 cresce-

2171 802 2372 871 batque
2419 801 2619 870 iugiter
2649 801 2704 854 in
2738 800 2980 854 Ecclesia
3038 799 3330 854 multitudo
3379 801 3736 859 credentium.

2175 891 2282 946 Sed
2313 893 2426 946 haec
2472 907 2581 945 non
2633 891 2802 961 aequis
2831 891 3005 945 oculis
3039 891 3128 945 ille
3161 891 3416 960 antiquus
3465 891 3738 960 aspiciens

2169 984 2421 1039 humanae
2446 982 2638 1037 salutis
2664 981 2838 1037 hostis
2864 981 3006 1034 haud
3032 982 3085 1035 in
3110 982 3325 1052 longum
3355 983 3580 1052 quievit.
3600 982 3735 1038 Nam

2171 1077 2354 1133 subito
2401 1075 2728 1145 paganitatis
2779 1074 2941 1129 turbo
2983 1089 3049 1129 ex
3093 1075 3321 1132 adverso
3377 1077 3646 1142 intonuit,
3683 1084 3740 1134 et

2170 1180 2322 1221 more
2355 1165 2654 1219 hibernalis
2677 1164 2864 1219 imbris
2892 1162 3150 1220 Ecclesiae
3170 1163 3516 1221 serenitatem
3540 1181 3739 1236 percu-

2171 1257 2252 1321 lit,
2281 1273 2510 1327 eamque
2537 1257 2724 1326 procul
2753 1256 2979 1328 fugavit.
3012 1255 3118 1311 Sed
3152 1257 3254 1311 hoc
3309 1265 3367 1312 ut
3392 1257 3737 1317 manifestius

2170 1346 2394 1416 intelligi
2423 1348 2612 1416 possit,
2636 1349 2944 1403 necessario
2975 1348 3040 1403 ad
3064 1349 3369 1417 impiissimi
3408 1357 3461 1403 et
3506 1348 3616 1403 Deo
3644 1365 3736 1405 re-

2169 1435 2326 1490 bellis
2353 1434 2676 1489 Diocletiani
2699 1436 3060 1500 atrocitatem,
3076 1437 3389 1506 pariterque
3415 1435 3733 1492 Maximiani

2169 1525 2371 1582 Galerii
2402 1526 2732 1582 reﬂectimus
2760 1527 3070 1594 articulum,
3117 1528 3209 1597 qui
3241 1543 3305 1583 eo
3333 1535 3576 1600 tempore
3604 1543 3731 1585 cum

2171 1618 2280 1674 lilio
2309 1633 2412 1674 suo
2441 1618 2734 1674 Maximino
2782 1619 3069 1690 tyrannica
3095 1619 3377 1676 dominatu
3426 1619 3733 1678 Orientales

2169 1709 2397 1763 vexabat
2413 1709 2680 1778 regiones.

497 1821 627 1860 suos
655 1820 916 1876 sequaces
937 1775 1217 1863 ordinaret
1247 1809 1538 1879 episcopos
1557 1845 1572 1876 ,
1597 1775 1652 1863 et
1689 1808 1820 1862 nihil
1850 1809 1899 1863 ei
1924 1822 2070 1862 cura:
2099 1775 2141 1830 Β
2239 1797 2413 1870 Hujus
2443 1815 2676 1870 namque
2723 1802 3058 1873 temporibus
3087 1800 3144 1855 in
3165 1807 3376 1854 tantum
3409 1798 3732 1857 Christiana!

496 1894 565 1952 de
594 1895 757 1951 Petro
780 1905 917 1961 erat,
939 1899 1048 1953 imo
1079 1914 1179 1953 nec
1208 1899 1276 1955 de
1296 1898 1518 1956 Christo
1539 1900 1633 1970 qui
1655 1907 1774 1954 erat
1800 1899 1856 1953 in
1881 1897 2064 1954 Petro.

500 1990 637 2047 Huic
663 1993 920 2064 praefatus
947 1992 1110 2048 Arius
1144 1992 1323 2048 adhuc
1357 1993 1529 2047 laicus
1552 1990 1893 2056 adhzerebat,
1937 2005 2069 2044 nec-

497 2083 628 2138 dum
664 2084 903 2140 clericali
935 2092 1163 2140 tonsura
1190 2091 1411 2140 notatus
1431 2125 1446 2149 ,
1477 2094 1702 2154 eratque
1730 2082 1807 2137 illi
1837 2081 2068 2152 ejusque

496 2175 683 2230 domui
709 2177 997 2232 admodum
1027 2179 1264 2244 charus;
1296 2192 1397 2233 nec
1427 2177 1736 2231 immerito:
1763 2190 1924 2229 omne
1949 2173 2066 2228 ani-

496 2268 629 2332 mal,
665 2274 724 2321 ut
755 2269 829 2322 ait
861 2267 1166 2338 Scriptura,
1195 2269 1374 2322 simile
1405 2266 1508 2322 sibi
1531 2266 1726 2337 diligit.
1759 2265 1856 2321 His
1881 2274 2065 2321 autem

493 2359 730 2430 cognitis
755 2397 770 2424 ,
810 2359 895 2414 vir
925 2359 1138 2414 Domini
1166 2368 1398 2414 moerere
1437 2357 1722 2413 confectus
1763 2358 1905 2411 hanc
1939 2371 2065 2428 per-

494 2451 834 2507 secutionem
883 2451 1062 2506 aiebat
1114 2451 1354 2521 pejor-em
1394 2466 1518 2505 esse
1572 2449 1773 2519 priore.
1826 2448 1892 2503 Et
1939 2449 2065 2505 licet

492 2543 818 2615 quibusdam
852 2543 1079 2598 latebris
1108 2546 1410 2598 absconsus
1431 2583 1445 2607 ,
1481 2549 1664 2596 tamen
1712 2555 1812 2609 pro
1854 2540 2062 2596 viribus

493 2636 897 2691 exhortatorios
927 2635 1128 2706 ubique
1152 2634 1393 2704 dirigens
1423 2633 1626 2703 apices,
1652 2631 2062 2702 praedicansque

492 2725 752 2783 Ecclesiae
786 2728 1050 2782 unitatem
1075 2765 1088 2790 ,
1116 2725 1404 2794 vegetabat
1433 2739 1527 2778 eos
1553 2723 1814 2780 adversus
1839 2724 2062 2794 imperi.

490 2819 626 2877 tiam
659 2827 714 2875 et
736 2817 1002 2874 nefariam
1036 2816 1238 2872 Meletii
1268 2815 1651 2870 temeritatem.
1674 2813 1829 2871 Unde
1853 2815 2060 2871 factum

493 2920 576 2968 est
609 2920 799 2966 utnon
834 2911 996 2981 pauci
1024 2909 1144 2978 ejus
1175 2908 1511 2964 salutaribus
1541 2907 1762 2964 monitis
1800 2908 2021 2962 animati
2041 2943 2058 2974 ,

494 3015 528 3058 ο
561 3001 848 3057 Meletiana
881 3000 1226 3056 discederent
1256 3000 1551 3069 impietate.

563 3094 668 3151 Per
691 3094 830 3150 idem
857 3094 969 3149 fere
997 3102 1210 3162 tempus
1236 3091 1419 3157 Arius,
1439 3092 1653 3162 viperea
1676 3099 1917 3146 armatus
1944 3105 2060 3145 ver—
2085 3125 2126 3181 ο

497 3189 660 3254 sutia,
711 3187 869 3256 quasi
913 3185 1170 3242 deserens
1218 3185 1532 3240 Meletianos
1561 3182 1809 3252 confugit
1855 3181 1922 3236 ad
1957 3180 2059 3238 Pe-

491 3291 673 3346 trum,
726 3279 821 3350 qui
866 3287 1088 3350 rogatus
1137 3279 1208 3332 ab
1255 3277 1527 3348 episcopis
1580 3275 1892 3332 sublimavit
1934 3292 2059 3330 eum

490 3371 724 3427 diaconii
757 3372 980 3438 honore,
1010 3370 1261 3426 nesciens
1286 3369 1487 3440 quippe
1516 3375 1722 3424 tantam
1745 3370 1864 3438 ejus
1889 3370 2060 3441 hypo-

487 3462 676 3517 (msin.
711 3459 840 3515 Erat
862 3466 1042 3514 autem
1069 3467 1243 3514 tnstar
1270 3457 1480 3513 colubri
1505 3457 1765 3528 pestifero
1799 3458 2059 3514 suffectus

487 3563 718 3603 veneno.
768 3546 955 3618 Neque
1009 3548 1155 3602 enim
1189 3546 1501 3616 hujusmodi
1555 3561 1750 3602 manus
1782 3546 2058 3617 impositio

488 3638 615 3694 huic
637 3647 830 3693 sancto
855 3639 911 3692 in
947 3639 1154 3692 crimen
1175 3638 1421 3707 deputari
1444 3638 1640 3708 potuit,
1674 3637 1816 3692 sicut
1840 3653 1941 3692 nec
1972 3636 2059 3691 Si-

488 3727 667 3781 monis
717 3727 927 3796 magica
985 3742 1074 3781 ars
1125 3727 1380 3783 simulata
1434 3727 1727 3782 ascribitur
1785 3725 2053 3799 Philippo.

489 3817 901 3873 Meletianorum
937 3817 1141 3872 interea
1187 3817 1503 3873 detestabile
1529 3817 1685 3873 nefas
1730 3833 1893 3887 supra
1941 3833 2058 3872 mo-

487 3911 619 3964 dum
648 3908 951 3972 crescebat,
1003 3923 1318 3978 pavensque
1363 3908 1715 3964 beatissimus
1763 3907 1956 3963 Petrus
1990 3925 2057 3965 ne

489 3999 740 4055 haeretica
771 3998 942 4070 pestis
974 4007 1148 4054 totum
1201 3999 1304 4053 sibi
1336 3998 1600 4054 creditum
1633 3999 1911 4056 invaderet
1933 4015 2057 4070 grc-

485 4106 627 4162 gem,
658 4091 926 4160 simulque
957 4091 1137 4146 sciens
1165 4091 1310 4161 quod
1362 4091 1509 4145 nulla
1543 4091 1774 4147 societas
1815 4102 1898 4147 est
1947 4094 2053 4146 luci

484 4197 610 4235 cum
644 4181 902 4245 tenebris,
933 4182 1192 4252 nullaque
1216 4181 1509 4238 concordia
1536 4181 1754 4238 Christo
1782 4192 1834 4238 et
1860 4182 2050 4249 Belial,

485 4269 802 4326 Meletianos
832 4270 900 4325 ab
926 4269 1167 4327 Ecclesia
1217 4287 1312 4343 per
1361 4273 1571 4328 litteras
1611 4275 1932 4345 segregavit.
1987 4274 2052 4328 Et

483 4361 611 4431 quia
647 4361 784 4414 mala
812 4361 1061 4416 voluntas
1097 4362 1189 4416 diu
1244 4362 1508 4416 occultari
1554 4378 1663 4419 non
1712 4365 1871 4430 valet,
1903 4365 2050 4420 illico

2167 1891 2562 1961 persecutionis
2586 1894 2849 1948 aestuabat
2879 1891 3212 1956 incendium,
3240 1897 3300 1944 ut
3329 1905 3437 1945 non
3464 1891 3640 1946 solum
3672 1891 3731 1946 in

2167 1998 2278 2038 uno
2308 1984 2493 2039 mundi
2517 1985 2752 2052 climate,
2779 1985 2872 2041 sed
2894 1986 3056 2040 etiam
3084 1998 3179 2054 per
3204 1982 3517 2037 universum
3540 1981 3731 2037 orbem

2169 2086 2314 2130 terra
2341 2077 2586 2146 marique
2616 2077 2910 2148 impietatis
2959 2075 3195 2145 procella
3246 2081 3474 2128 tonaret.
3504 2073 3732 2128 Discur-

2165 2168 2410 2223 rentibus
2459 2168 2642 2239 itaque
2703 2169 2830 2223 hinc
2884 2167 3011 2223 inde
3068 2169 3440 2238 imperialibus
3503 2166 3731 2237 syllabis

2165 2266 2328 2330 atque
2358 2261 2755 2316 crudelissimis
2803 2260 3059 2324 decretis,
3093 2259 3431 2316 Christicolae
3459 2273 3605 2312 nunc
3633 2271 3732 2328 pa-

2165 2350 2272 2404 lam
2297 2366 2443 2406 nunc
2466 2351 2819 2407 clandestinis
2843 2351 3233 2422 jugulabantur
3261 2351 3507 2417 insidiis;
3543 2350 3729 2404 nullus

2163 2442 2308 2497 enim
2363 2442 2483 2498 dies
2525 2443 2787 2514 nullaque
2831 2459 2940 2498 nox
2994 2445 3064 2500 ab
3119 2443 3380 2499 effusione
3430 2442 3729 2498 Christiani

2164 2534 2377 2591 cruoris
2407 2537 2671 2592 transibat
2701 2537 2977 2592 immunis.
3009 2536 3118 2592 Nec
3141 2547 3299 2608 typus
3328 2534 3725 2591 interl‘ectionis

2163 2622 2418 2679 horrebat
2442 2625 2704 2696 simplex;
2738 2627 2830 2681 alii
2855 2627 3072 2698 quidem
3093 2628 3325 2683 diversis
3355 2635 3406 2683 et
3438 2627 3726 2684 acerrimis

2161 2715 2496 2770 necabantur
2527 2719 2840 2788 suppliciis;
2875 2719 2966 2773 alii
2991 2734 3137 2784 vero,
3160 2726 3219 2773 ut
3241 2721 3401 2774 etiam
3438 2730 3723 2790 parentum

2161 2804 2499 2863 humanitate
2546 2809 2833 2880 patriaque
2877 2817 3126 2864 carerent
3171 2811 3469 2880 sepultura,
3510 2809 3576 2864 ad
3619 2810 3725 2863 alia

2160 2897 2631 2955 transferebantur
2677 2901 2814 2968 loca,
2857 2902 3014 2958 novis
3059 2902 3386 2973 quibusdam
3435 2910 3488 2959 et
3526 2903 3725 2958 saeculo

2159 2987 2421 3044 inauditis
2471 3005 2755 3059 poenarum
2809 2994 3304 3051 machinationibus
3363 2994 3431 3049 ad
3476 2995 3725 3066 martyrii

2159 3081 2622 3150 compellebantur
2647 3090 2866 3139 metam.
2902 3083 3046 3138 Proh
3069 3085 3249 3140 nefas!
3288 3095 3436 3140 tanta
3461 3094 3578 3141 erat
3602 3087 3725 3141 illo-

2160 3184 2280 3223 rum
2311 3170 2592 3240 impietas,
2632 3181 2693 3226 ut
2722 3176 2885 3228 etiam
2920 3175 3086 3230 divini
3118 3177 3299 3231 cultus
3347 3178 3655 3232 sanctuaria
3688 3191 3722 3231 a

2157 3258 2526 3316 fundamentis
2552 3271 2878 3332 everterent,
2910 3275 3236 3337 sanctosque
3257 3268 3426 3324 libros
3454 3268 3566 3340 igni
3602 3282 3727 3324 cre-

2156 3359 2386 3408 marent.
2457 3352 2724 3410 Defuncto
2790 3356 2972 3428 itaque
3024 3360 3376 3415 exsecrabilis
3443 3359 3721 3415 memoriae

2157 3439 2511 3511 Diocletiano,
2539 3443 2930 3502 Constantinus
2967 3445 3140 3517 Major
3169 3448 3236 3502 ad
3265 3449 3417 3519 regni
3448 3449 3724 3518 guberna-

2156 3533 2279 3588 cula
2308 3535 2513 3593 electus
2541 3545 2644 3601 est,
2675 3550 2728 3592 et
2772 3537 3025 3610 Occiduis
3081 3540 3330 3608 partibus
3380 3542 3722 3611 principatus

2156 3623 2242 3679 sui
2274 3626 2726 3694 coepitmoderari
2768 3627 3028 3684 habenas.

2224 3715 2319 3770 His
2366 3716 2606 3786 profecto
2638 3717 2830 3773 diebus
2873 3717 3165 3775 Maximino
3195 3719 3271 3791 (α)
3311 3735 3342 3773 a
3389 3720 3719 3791 quibusdam

2154 3807 2222 3862 de
2264 3808 2488 3877 praefato
2541 3810 2952 3882 archiepiscopo
3016 3812 3246 3866 relatum
3309 3821 3414 3876 est,
3467 3813 3722 3868 videlicet

2154 3902 2298 3971 quod
2341 3902 2456 3971 ipse
2486 3900 2910 3958 Christianitatis
2937 3902 3047 3958 dux
3073 3910 3234 3974 atque
3267 3904 3492 3976 signifer
3528 3912 3716 3970 esset;

2154 3991 2248 4062 qui
2288 3992 2448 4047 solita
2493 3990 2861 4046 inflammatus
2912 3993 3190 4060 nequitia,
3219 4008 3250 4048 e
3279 3993 3508 4062 vestigio
3551 3991 3720 4060 jussit

2153 4083 2537 4153 comprehendi
2568 4081 2787 4137 Petrum
2815 4092 2870 4137 et
2897 4083 2950 4136 in
2980 4099 3252 4138 carcerem
3282 4083 3508 4138 retrudi.
3542 4083 3715 4146 Quam

2151 4175 2224 4231 ob
2253 4190 2366 4230 rem
2393 4176 2635 4246 quinque
2661 4175 2910 4230 tribunos
2932 4176 3164 4246 stipatos
3198 4175 3431 4228 militum
3479 4173 3717 4229 catervis

2149 4266 2532 4323 Alexandriam
2566 4268 2894 4335 destinavit;
2947 4269 3040 4339 qui
3069 4268 3349 4323 venientes
3385 4267 3541 4336 juxta
3569 4265 3716 4336 quod

2151 4360 2255 4416 sibi
2282 4361 2456 4418 fuerat
2465 4363 2826 4442 'imperatum.
2860 4362 3038 4418 subito
3065 4362 3336 4432 rapientes
3357 4359 3558 4414 Christi
3581 4373 3718 4428 pon-

483 4451 908 4507 nefandissimus
936 4453 1118 4518 Arius,
1149 4462 1430 4523 propterea
1459 4454 1604 4524 quod
1635 4470 1764 4511 suos
1811 4455 2050 4515 fautores
2084 4475 2127 4533 D
2151 4453 2351 4508 tilicem
2382 4454 2619 4508 carceris
2648 4454 2908 4508 custodiae
2957 4452 3355 4521 manciparunt.
3415 4449 3550 4504 Mira
3581 4449 3716 4505 fide-

481 4540 552 4593 ab
602 4538 856 4595 Ecclesiae
906 4539 1166 4610 dignitate
1213 4552 1460 4597 cerneret
1513 4544 1752 4608 divisos,
1820 4545 2051 4600 tristitia:

482 4629 824 4700 mancipatus
886 4633 1152 4701 gemebat.
1210 4632 1366 4698 Quod
1416 4635 1824 4688 sanctissimum
1870 4636 2047 4690 virum

482 4718 707 4774 minime
743 4719 922 4774 latuit.
971 4721 1252 4776 Denudata
1299 4739 1531 4795 namque
1576 4725 1695 4795 ejus
1747 4727 2043 4797 hypocrisi,

484 4813 732 4881 protinus
788 4815 1097 4884 evangelico
1143 4822 1300 4869 utens
1345 4815 1524 4880 ferro,
1578 4817 1639 4870 Si
1692 4820 1872 4872 oculus
1925 4829 2044 4873 tuus

480 4899 661 4954 dexter
714 4900 1044 4955 scandalizat
1080 4912 1146 4965 te,
1193 4918 1313 4956 erue
1349 4919 1467 4956 eum
1512 4915 1560 4958 et
1596 4907 1790 4976 projice
1838 4907 1931 4963 abs
1975 4918 2042 4975 te,

479 4992 671 5048 Arium
723 4994 791 5048 ab
854 4993 1108 5049 Ecclesiae
1171 5010 1462 5066 compage,
1519 5005 1705 5065 utpote
1769 5000 2044 5068 putridum

481 5085 784 5140 membrum
822 5087 1184 5152 detruncans,
1228 5088 1375 5143 foras
1413 5089 1620 5158 expulit
1667 5096 1722 5144 et
1748 5106 1778 5143 a
1807 5089 2044 5145 fidelium

479 5179 860 5230 communione
892 5187 1158 5233 extorrem
1181 5192 1305 5231 esse
1327 5177 1620 5234 mandavit.

554 5264 647 5321 llis
676 5270 747 5321 ita
801 5271 987 5338 gestis,
1025 5269 1205 5325 subito
1240 5269 1528 5324 admodum
1581 5272 1756 5325 ablata
1787 5287 2044 5342 persecu-

477 5357 644 5413 tionis
671 5361 925 5428 procella,
957 5377 1093 5430 pax,
1152 5362 1278 5414 licet
1326 5361 1540 5430 exigua,
1595 5362 1825 5416 refulsit.
1889 5361 2043 5415 Tunc

479 5448 914 5517 elegantissimus
938 5450 1149 5504 Domini
1194 5448 1432 5504 pontifex
1488 5452 1685 5519 populo
1720 5451 2041 5506 manifestus

551 5601 1002 5674 (a)__Rectissime
1071 5617 1254 5660 noster
1315 5606 1466 5673 ponit
1524 5603 1666 5658 Petri
1732 5607 2038 5674 passionem

482 5673 583 5744 sub
617 5671 943 5730 Maximum.
975 5690 1078 5727 non
1137 5679 1238 5729 sub
1283 5671 1618 5728 Diocletiano
1645 5719 1657 5734 .
1712 5671 1855 5744 dum]
1911 5678 2041 5730 facit

479 5739 699 5796 Graccus
751 5744 840 5797 ille
899 5744 1227 5807 biograultus
1281 5762 1310 5798 ει
1370 5745 1694 5800 Combclisio
1731 5739 2036 5804 'vulaatus.

2152 4544 2280 4598 lium
2311 4543 2558 4598 devotio!
2594 4544 2694 4600 Ubi
2733 4552 3070 4614 compertum
3111 4549 3193 4598 est
3236 4544 3384 4613 quod
3424 4551 3604 4597 tantus
3633 4542 3718 4595 vir

2150 4634 2520 4689 carceralibus
2551 4635 2896 4690 clauderetur
2924 4634 3233 4704 ergastulis,
3266 4635 3509 4688 cucurrit
3549 4649 3714 4702 supra

2150 4726 2372 4780 modum
2401 4727 2737 4781 incredibilis
2763 4726 3084 4791 multitudo,
3118 4726 3387 4795 praecipue
3416 4726 3715 4778 monacho-

2148 4833 2269 4872 rum
2309 4833 2371 4873 ac
2401 4819 2670 4888 virginum
2700 4821 2920 4883 chorus,
2971 4828 3024 4874 et
3059 4835 3169 4873 non
3223 4818 3595 4874 materialibus
3626 4834 3716 4870 ar-

2149 4913 2274 4976 mis,
2307 4911 2402 4966 sed
2452 4911 2810 4982 lacrymarum
2845 4912 3036 4966 rivulis
3070 4920 3123 4966 et
3149 4911 3250 4980 piae
3282 4913 3478 4966 mentis
3517 4910 3712 4965 affectu

2147 5003 2623 5057 circumdederunt
2684 5005 2922 5059 carceris
2983 5004 3284 5067 ambitum,
3343 5012 3397 5057 et
3453 5012 3709 5072 tanquam

2145 5093 2274 5148 boni
2301 5094 2395 5147 lilii
2423 5109 2549 5164 erga
2577 5095 2778 5149 bonum
2809 5103 3038 5164 patrem,
3070 5095 3178 5148 imo
3203 5093 3509 5148 Christiana
3540 5110 3712 5148 mem-

2144 5185 2243 5239 bra
2287 5185 2756 5241 Christianissimo
2808 5186 3010 5255 capiti,
3078 5187 3204 5240 totis
3266 5186 3709 5254 compassionum

2144 5277 2443 5330 visceribus
2476 5276 2837 5336 adhaerebant.
2873 5282 3133 5344 erantque
3166 5276 3241 5328 illi
3275 5291 3483 5338 murus,
3517 5275 3708 5329 obser‘

2148 5376 2334 5422 vantes
2364 5383 2431 5422 ne
2454 5368 2576 5437 quis
2609 5382 2941 5436 paganorum
2976 5367 3040 5420 ad
3074 5380 3196 5419 eum
3238 5365 3574 5435 ingrediendi
3614 5380 3708 5418 co-

2143 5459 2287 5527 piam
2328 5461 2568 5514 haberet.
2632 5458 2750 5513 Una
2811 5459 3064 5512 nimirum
3107 5457 3348 5512 omnium
3381 5464 3523 5520 vota,
3573 5472 3703 5510 con-

2144 5632 2250 5686 quo
2306 5616 2426 5696 loco
2483 5616 2674 5671 doctus
2732 5615 2908 5672 editor
2972 5631 3023 5684 p.
3085 5613 3191 5666 222
3254 5627 3494 5669 errorem
3561 5614 3706 5667 hunc

2143 5694 2407 5757 coarguit.
