4110 6478
423 388 524 444 457

1765 385 1946 449 ACTA
1986 385 2269 448 SINCERA
2283 427 2296 449 -.

3551 384 3654 448 458

423 517 556 558 sona
587 511 711 566 vox,
742 503 1039 574 eademque
1077 505 1407 577 compassio,
1438 507 1576 562 mori
1603 507 1786 577 potius
1829 522 1990 577 quam
2021 513 2067 570 Α
2091 525 2186 565 eos
2219 529 2231 565 :
2267 509 2440 565 Nolite
2472 525 2580 575 me,
2630 511 2847 576 fratres,
2878 512 3136 581 tanquam
3187 503 3540 566 inhumanum
3594 528 3658 566 at:

423 601 674 649 sanctum
713 595 990 666 quidpiam
1026 597 1152 649 mali
1205 599 1412 668 perpeti
1471 600 1717 656 viderent
1761 603 1860 668 (a).
1897 599 1992 656 Vir

422 693 604 739 autem
629 684 842 740 Domini
879 701 1002 741 cum
1032 702 1235 756 paucos
1265 690 1381 746 dies
1418 690 1607 746 eodem
1639 708 1808 748 nervo
1841 700 1992 748 tene-

420 784 571 834 retur
592 785 862 846 retrosus,
899 783 1099 837 tribuni
1157 783 1402 838 fecerunt
1449 785 1516 840 de
1569 784 1687 856 ipso
1715 785 1827 856 regi
1859 799 1990 856 sug-

417 870 748 942 gestionem;
771 872 862 928 ille
905 881 1084 930 autem
1112 875 1268 944 juxta
1305 891 1510 930 morem
1545 892 1657 932 suae
1689 875 1989 934 ferocitatis

416 962 713 1017 destinavit
738 965 1084 1030 sententiam,
1129 973 1189 1019 ut
1222 966 1598 1022 beatissimum
1623 969 1987 1038 patriarcham

414 1054 636 1123 Capitali
690 1055 946 1124 punirent
978 1057 1313 1113 discrimine.
1367 1058 1538 1114 Porro
1581 1059 1709 1113 dum
1747 1061 1850 1115 hoc
1890 1076 1990 1131 per

415 1159 576 1200 aures
626 1144 1066 1202 Christianorum
1127 1158 1405 1220 serperet,
1464 1159 1751 1221 cmperunt
1797 1167 1987 1208 omnes

416 1237 748 1290 unanimiter
789 1239 1029 1294 carceris
1074 1239 1279 1294 aditum
1332 1256 1457 1295 cum
1491 1242 1635 1296 luctu
1681 1252 1736 1297 et
1785 1244 1987 1312 gemitu

415 1319 719 1392 custodire,
769 1339 821 1382 et
847 1329 1180 1386 obsistentes
1214 1334 1482 1387 neminem
1513 1335 1794 1404 gentilium
1834 1336 1986 1390 illum

412 1415 622 1486 ingredi
679 1419 1086 1487 permittebant.
1124 1420 1350 1475 Tribuni
1403 1438 1532 1478 vero
1585 1435 1710 1477 cum
1760 1425 1827 1479 ad
1861 1441 1986 1480 eum

407 1508 767 1580 jugulandum
819 1511 1130 1567 nullatenus
1177 1514 1436 1569 haberent
1488 1515 1831 1586 ingressum,
1883 1516 1984 1569 ha-

409 1600 523 1656 bito
553 1603 782 1658 consilio
829 1611 1142 1659 statuerunt
1193 1613 1252 1658 ut
1303 1607 1484 1661 cuncti
1525 1607 1722 1663 milites
1767 1606 1986 1663 nudatis

411 1694 764 1749 mucronibus
822 1695 1139 1765 popularem
1199 1698 1560 1767 irrumperent
1624 1698 1878 1762 turbam,
1930 1703 1985 1752 et

419 1784 500 1837 sic
537 1799 663 1839 eum
703 1787 967 1840 duntaxat
1006 1788 1074 1842 ad
1113 1788 1490 1843 decollandum
1536 1789 1682 1844 foras
1731 1790 1984 1844 extrahea

405 1881 570 1941 rent;
601 1891 728 1930 mox
759 1892 890 1933 vero
917 1878 962 1933 si
994 1880 1118 1949 quis
1145 1881 1414 1938 obsistere
1451 1883 1645 1950 vellet,
1679 1882 1858 1953 gladio
1896 1883 1981 1936 itt-

409 1967 616 2023 teriret.

478 2059 641 2116 Arius
665 2062 872 2118 interea
901 2064 1078 2119 adhuc
1112 2063 1330 2121 levitico
1366 2071 1574 2119 tantum
1600 2065 1807 2120 honore
1831 2063 1980 2120 colo-

417 2161 568 2208 ratus
602 2153 702 2226 (b),
735 2164 981 2212 metuens
1011 2173 1080 2213 ne
1109 2165 1231 2228 post
1264 2158 1470 2213 exitum
1503 2157 1638 2212 tanti
1671 2149 1858 2212 Patris,
1895 2173 1981 2212 re-

408 2245 689 2300 conciliari
736 2249 1048 2304 nullatenus
1076 2250 1308 2313 valeret,
1343 2251 1475 2304 adiit
1521 2265 1615 2304 eos
1661 2250 1757 2319 qui
1809 2249 1978 2303 nobi-

409 2336 572 2392 liores
619 2345 777 2391 erant
807 2339 862 2392 in
899 2340 1065 2402 clero,
1095 2349 1149 2394 et
1179 2341 1428 2394 luctuoso
1462 2340 1711 2410 precario
1740 2339 1981 2394 blando-

389 2433 511 2498 que
554 2444 803 2484 sermone
859 2437 1044 2500 utpote
1105 2432 1389 2486 simulator
1432 2431 1732 2486 conabatur
1787 2439 1978 2487 sancto

405 2523 634 2578 suadere
686 2523 1129 2594 archiepiscopo,
1189 2532 1248 2577 ut
1281 2525 1356 2578 illi
1392 2523 1767 2579 misericordia
1801 2524 1979 2578 indul-

401 2623 568 2683 geret,
601 2630 836 2686 eumque
882 2617 950 2670 ab
980 2617 1293 2687 bujusmodi
1341 2617 1575 2672 solveret
1626 2616 1972 2686 obligatione.

405 2696 604 2760 Verum
637 2708 769 2777 quid
802 2709 1056 2764 simulato
1083 2709 1248 2765 corde
1291 2708 1576 2764 fallacius?
1599 2708 1740 2775 Quid
1787 2717 1976 2764 sancta

401 2800 797 2870 compositione
863 2801 1213 2871 simplicius?
1269 2802 1424 2856 Haud
1485 2816 1686 2869 mora;
1744 2802 1976 2874 ingressi

403 2900 530 2944 sunt
567 2893 662 2962 qui
698 2894 872 2964 rogati
905 2893 1122 2949 fuerant
1162 2895 1229 2950 ad
1278 2894 1481 2951 Christi
1533 2893 1875 2965 pontiﬁcem,
1921 2901 1977 2950 et

400 2990 524 3051 post
577 2994 895 3040 consuetam
947 2986 1270 3052 orationem,
1323 2988 1659 3043 consternati
1687 2986 1809 3043 solo
1847 3001 1974 3041 cum

398 3077 600 3146 gemitu
627 3085 681 3130 et
709 3079 965 3150 lacrymis
992 3094 1179 3136 sacras
1201 3080 1319 3149 ejus
1340 3081 1721 3136 deosculantes
1754 3093 1968 3144 manus,

398 3165 716 3238 ﬂagitabant
763 3185 887 3224 eum
940 3170 1180 3226 dicentes
1213 3191 1226 3226 :
1261 3170 1337 3226 Te
1371 3171 1588 3241 quidem
1609 3211 1624 3234 ,
1658 3170 1969 3227 beatissime

398 3248 586 3325 Pater,
647 3260 948 3314 secundum
1009 3260 1134 3314 fidei
1192 3261 1511 3331 dignitatem
1573 3260 1835 3316 Dominus
1901 3259 1967 3314 ad

346 3399 348 3401 ,
396 3353 642 3423 martyrii
674 3367 931 3408 coronam
954 3353 1370 3423 vocavit,quam
1393 3361 1443 3408 te
1471 3354 1704 3408 celerius
1721 3351 1970 3422 accipere

394 3455 737 3513 nequaquam
767 3443 1111 3512 ambigimus.
1143 3444 1351 3500 Idcirco
1378 3445 1589 3515 justum
1619 3453 1875 3514 putamus
1909 3451 1970 3498 ut

396 3533 560 3586 solita
609 3534 810 3603 pietate
842 3534 1126 3606 indulgeas
1160 3535 1328 3602 Ario,
1361 3535 1592 3607 ejusque
1633 3534 1847 3591 ﬂetibus
1879 3552 1970 3590 ve-

393 3623 538 3678 niam
565 3625 803 3682 tribuas.

463 3713 676 3780 Quibus
739 3716 940 3772 auditis
1002 3717 1084 3771 vir
1133 3717 1346 3773 Domini
1411 3731 1535 3772 cum
1590 3715 1967 3788 indignatione

394 3806 668 3861 submovit
701 3822 817 3870 eos,
850 3815 905 3862 et
957 3809 1184 3863 elevatis
1226 3821 1443 3863 sursum
1491 3797 1746 3863 manibus
1773 3808 1968 3863 excla-

393 3911 573 3960 mans,
595 3899 762 3955 dixit:
787 3897 892 3955 Pro
918 3901 1047 3956 Ario
1078 3917 1164 3956 me
1195 3901 1404 3956 audetis
1433 3901 1776 3971 supplicare?
1803 3901 1966 3956 Arius

392 3996 448 4041 et
478 3988 566 4042 hic
593 4001 647 4044 et
679 3991 734 4044 in
766 3990 951 4047 futuro
1003 3993 1204 4048 saeculo
1252 4007 1282 4046 a
1331 3993 1502 4063 gloria
1535 3991 1658 4045 Filii
1707 3989 1803 4047 Dei
1832 3990 1965 4047 Jesu

393 4079 600 4135 Christi
637 4081 852 4136 Domini
888 4085 1060 4139 nostri
1092 4098 1308 4152 semper
1334 4085 1436 4140 erit
1472 4092 1788 4154 segregatus
1827 4099 1968 4138 sem-

393 4183 596 4240 perque
625 4172 864 4227 mancbit
908 4174 1141 4228 extorris
1173 4174 1265 4244 (ε).
1297 4172 1422 4228 Haec
1467 4175 1560 4229 illo
1601 4181 1961 4244 protestante,

390 4276 584 4317 omnes
609 4263 704 4331 qui
732 4264 978 4328 aderant,
1012 4265 1208 4321 timore
1237 4265 1510 4334 perculsi,
1537 4276 1794 4335 tanquam
1829 4265 1964 4319 muti

393 4355 712 4412 reticebant.
745 4355 916 4411 Porro
959 4359 1220 4428 suspicati
1261 4367 1388 4413 sunt
1432 4375 1554 4414 eum
1585 4375 1694 4415 non
1731 4359 1849 4413 sine
1887 4357 1968 4411 di-

388 4447 519 4502 vino
567 4459 703 4505 nutu
755 4451 919 4505 talem
967 4452 1024 4504 in
1079 4450 1268 4505 Arium
1320 4449 1566 4521 proferre
1615 4451 1960 4506 sententiam.

2042 607 2056 622 '
2093 600 2326 671 rigidum
2363 602 2636 672 accipere;
2679 617 2868 656 revera
2914 601 3057 656 enim
3093 608 3148 656 et
3199 617 3300 672 ego
3343 601 3506 657 homo
3535 611 3656 657 sam

2091 693 2195 747 sub
2218 693 2333 763 lege
2361 693 2567 762 peccati
2598 691 2825 762 degens;
2863 692 2958 746 sed
2992 691 3195 746 credite
3228 693 3364 746 meis
3398 693 3660 757 sermonis

2089 782 2212 838 bus.
2241 781 2438 838 Latens
2467 783 2582 838 Arii
2604 784 2761 838 dolus
2793 799 3006 839 omnem
3045 791 3263 853 superat
3290 783 3654 854 iniquitatem,

2088 885 2414 940 omnemque
2445 871 2854 943 supergreditur
2885 873 3212 941 impietatem
3247 890 3261 939 ;
3324 881 3377 928 et
3409 873 3516 928 hoc
3547 889 3654 929 non

2089 975 2120 1014 a
2148 963 2469 1032 memetipso
2503 977 2776 1027 asserens,
2801 963 2922 1031 ejus
2953 963 3160 1016 sancivi
3203 963 3650 1033 segregationent.

2088 1051 2202 1108 Hac
2232 1055 2432 1109 etenim
2467 1063 2628 1112 nocte
2661 1055 2789 1110 dum
2829 1055 3144 1110 solemniter
3164 1068 3352 1124 preces
3387 1053 3453 1106 ad
3485 1053 3652 1108 Deum

2087 1144 2390 1208 funderem,
2416 1146 2589 1200 astitit
2610 1145 2740 1198 mihi
2775 1144 2996 1215 quidam
3019 1157 3154 1213 puer
3175 1142 3334 1212 quasi
3365 1143 3651 1197 duodecim

2086 1251 2378 1300 annorum,
2412 1238 2571 1307 cujus
2633 1235 2790 1291 faciei
2821 1236 3121 1290 claritatem
3186 1233 3329 1289 ferre
3371 1249 3480 1289 non
3509 1237 3655 1305 pote-

2085 1342 2223 1394 ram,
2257 1343 2380 1382 nam
2413 1338 2524 1382 tota
2556 1328 2670 1382 haac
2724 1326 2861 1382 cella
2893 1327 2948 1380 in
2987 1342 3093 1396 qua
3126 1333 3335 1382 stamus
3383 1327 3652 1383 immenso

2084 1419 2290 1474 lumine
2318 1420 2586 1476 radiabat.
2610 1421 2729 1490 Ipse
2764 1427 2944 1474 autem
2987 1421 3324 1474 linostimum
3355 1427 3473 1475 erat
3500 1419 3653 1474 indue

2086 1518 2174 1567 tus
2199 1513 2494 1576 colobium,
2543 1517 2775 1569 scissum
2815 1514 2871 1567 in
2921 1521 3103 1584 partes
3141 1521 3401 1585 utrasque
3445 1529 3476 1568 a
3507 1515 3651 1570 collo

2083 1620 2258 1674 usque
2291 1605 2359 1659 ad
2400 1607 2586 1676 pedes,
2631 1617 2931 1675 tenensque
2964 1605 3179 1676 gemina
3229 1616 3393 1659 manu
3449 1603 3648 1662 colobii

2083 1695 2380 1759 scissuras,
2431 1695 2735 1766 applicabat
2795 1711 2888 1751 eas
2933 1695 3140 1765 pectori
3195 1711 3316 1757 suo,
3382 1703 3650 1767 quatenus

2085 1787 2362 1858 propriam
2396 1795 2603 1858 tegeret
2633 1789 2952 1844 nuditatem.
2986 1789 3066 1842 Ad
3103 1789 3242 1842 hanc
3264 1789 3463 1858 quippe
3486 1790 3650 1843 visio.

2012 1867 2056 1922 Β
2081 1893 2206 1932 nem
2242 1895 2340 1949 ego
2372 1880 2601 1936 miratus
2639 1881 2916 1952 obstupui.
2949 1877 3071 1937 Mox
3098 1882 3188 1936 ubi
3223 1881 3347 1935 data
3384 1890 3468 1936 est
3515 1881 3647 1935 mihi

2081 1969 2338 2040 loquendi
2395 1970 2614 2036 fiducia,
2669 1974 2985 2029 exclamans
3027 1973 3138 2028 dixi
3173 1993 3185 2028 :
3224 1973 3482 2038 Domine,
3523 1973 3648 2044 quis

2080 2063 2181 2116 tibi
2227 2063 2332 2118 hoc
2388 2063 2548 2118 scidit
2607 2065 3020 2121 indumentum?
3067 2066 3129 2122 Et
3164 2067 3254 2121 ille
3291 2084 3306 2121 :
3355 2065 3520 2122 Arius
3561 2075 3648 2120 me

2079 2153 2264 2227 scidit,
2296 2154 2391 2208 sed
2425 2170 2669 2226 praecave
2712 2159 2936 2214 omnino
2959 2175 3029 2214 ne
3061 2175 3181 2214 eum
3215 2161 3268 2213 in
3297 2159 3648 2214 communio-

2083 2261 2209 2300 nem
2240 2246 2508 2317 recipias;
2539 2264 2668 2304 ecce
2696 2251 2840 2303 enim
2870 2251 3110 2306 crastina
3141 2251 3228 2306 die
3256 2250 3471 2306 venturi
3517 2257 3649 2306 sunt

2077 2339 2170 2408 qui
2206 2346 2258 2393 te
2288 2355 2387 2408 pro
2433 2356 2498 2395 eo
2543 2342 2917 2411 postulabunt.
2948 2342 3084 2400 Vide
3139 2360 3269 2415 ergo
3319 2360 3388 2398 ne
3449 2354 3646 2400 suasus

2077 2431 2400 2499 acquiescas
2444 2431 2552 2492 illis
2587 2452 2600 2487 :
2632 2434 2763 2502 quin
2793 2435 2974 2505 potius
3018 2435 3208 2504 jubeto
3239 2435 3464 2490 Achilla:
3505 2435 3646 2506 pari-

2080 2525 2269 2587 terque
2287 2518 2595 2575 Alexandro
2617 2523 2972 2594 presbyteris,
3007 2524 3102 2594 qui
3140 2533 3261 2594 post
3291 2531 3444 2578 tuum
3464 2532 3647 2579 trans:

2076 2607 2209 2662 itum
2249 2613 2447 2665 recturi
2494 2622 2621 2668 sunt
2652 2613 2950 2670 Ecclesiam
2979 2631 3177 2682 meam,
3205 2632 3274 2672 ne
3304 2617 3645 2688 aliquatenus

2075 2700 2228 2755 illum
2280 2704 2569 2774 recipiant.
2635 2703 2714 2759 Tu
2777 2716 2956 2762 autem
3014 2706 3229 2765 futurus
3279 2723 3340 2764 es
3401 2708 3648 2780 martyrii

2074 2798 2278 2846 sortem
2339 2795 2583 2849 velocius
2640 2795 2878 2864 explere.
2943 2795 3116 2868 lluju‘s
3180 2806 3359 2853 autem
3416 2799 3646 2855 visionis

2075 2896 2243 2939 causa
2295 2885 2372 2938 nil
2410 2886 2644 2955 amplius
2689 2886 2810 2942 fuit.
2861 2887 3000 2943 Ecce
3052 2887 3290 2944 satisfeci
3346 2889 3537 2955 vobis,
3587 2892 3646 2944 et

2073 2988 2194 3043 qua:
2222 2974 2378 3042 jussa
2406 2983 2534 3031 sunt
2562 2991 2789 3046 prorsus
2820 2978 3159 3032 annuntiavi.
3207 2978 3473 3034 Caeterum
3513 2974 3644 3049 quid

2072 3082 2138 3124 ex
2177 3067 2263 3123 his
2296 3067 2540 3134 facietis,
2578 3087 2677 3127 vos
2716 3070 2982 3127 videritis.
3024 3070 3090 3124 Et
3135 3070 3201 3126 de
3253 3071 3382 3125 Ario
3424 3070 3643 3141 quidem

2073 3163 2208 3218 haec.

2141 3253 2326 3312 Nostis
2348 3263 2627 3326 praeterea,
2659 3257 2992 3319 charisslmi,
3021 3265 3073 3312 et
3102 3257 3240 3312 bene
3281 3257 3478 3323 nostis,
3508 3263 3646 3328 qua:

2072 3343 2198 3398 liter
2245 3344 2353 3400 huc
2381 3359 2555 3414 usque
2579 3344 2858 3399 vobiscum
2889 3350 3240 3398 conversatus
3275 3357 3416 3406 sum,
3467 3357 3643 3412 quan-

2071 3442 2264 3504 tasque
2295 3434 2728 3490 eonﬂietationes
2758 3435 2826 3489 ab
2857 3434 3160 3490 idololatris
3191 3433 3428 3489 sustinui
3469 3434 3643 3505 gentis

2071 3527 2235 3590 libus,
2272 3528 2366 3597 qui
2395 3527 2680 3584 Dominum
2712 3525 3048 3581 Salvatorem
3075 3526 3408 3597 ignorantes,
3457 3523 3640 3578 multia

2071 3615 2313 3671 tudinem
2367 3615 2591 3672 deorum
2640 3616 2735 3686 qui
2782 3631 2892 3670 non
2936 3624 3084 3683 sunt,
3119 3616 3455 3671 insanientes
3488 3614 3643 3670 diffa‘

2069 3721 2222 3761 mare
2250 3723 2360 3762 non
2394 3716 2635 3763 cessant.
2678 3707 2840 3762 Scitis
2887 3707 3130 3778 profecto
3161 3710 3433 3779 quomodo
3455 3722 3638 3779 perae-1

2068 3808 2319 3854 cutorum
2349 3801 2678 3856 declinando
2707 3799 2935 3869 rabiem,
2961 3799 3028 3856 de
3063 3801 3184 3856 loco
3216 3801 3282 3856 ad
3311 3801 3486 3856 locum
3515 3815 3642 3872 [πνοι

2068 3899 2228 3970 fugus
2276 3899 2443 3953 ibam.
2497 3897 2796 3952 Plurimum
2856 3912 3091 3966 namque
3142 3897 3194 3952 in
3257 3896 3640 3966 Mesopotamia

2066 3992 2289 4046 latitans
2341 3991 2485 4062 degi,
2543 4005 2606 4044 ac
2636 3990 2861 4061 perinde
2895 3991 3037 4060 apud
3091 3988 3302 4061 Syriam
3365 3987 3640 4046 Phoenicis

2065 4085 2276 4150 delitui,
2310 4085 2363 4138 in
2399 4091 2632 4154 utraque
2688 4085 2850 4138 etiam
2904 4081 3196 4137 Palaestina
3241 4082 3446 4137 diutius
3485 4093 3639 4152 pere:

2063 4178 2425 4250 grinationent
2468 4176 2739 4243 sustinui;
2800 4183 2854 4231 et
2883 4175 3101 4238 exinde,
3138 4180 3196 4243 ut
3240 4179 3312 4228 ita
3349 4173 3548 4241 dicam,
3582 4176 3635 4230 in

2064 4272 2173 4326 alio
2193 4271 2484 4334 elemento,
2505 4269 2608 4324 hoc
2637 4269 2802 4324 estin
2836 4268 3031 4322 insulis
3060 4283 3166 4320 non
3201 4280 3368 4336 parvo
3395 4272 3638 4335 tempore

2065 4371 2307 4418 moratus
2338 4377 2479 4416 sum.
2507 4359 2571 4413 Et
2621 4360 2674 4413 in
2711 4361 2796 4415 bis
2830 4359 3089 4414 omnibus
3117 4357 3318 4426 degens
3353 4357 3634 4411 calamita-

2065 4457 2212 4511 tibus
2246 4453 2528 4510 Dominico
2555 4451 2704 4523 gregi
2737 4452 2829 4522 qui
2861 4466 2993 4504 mem
3027 4449 3278 4519 parvitati
3309 4449 3636 4504 commissus

389 4538 539 4606 Quos
568 4542 696 4596 dum
713 4543 1174 4600 clementissimus
1197 4542 1358 4599 Pater
1375 4545 1559 4600 cordis
1587 4543 1963 4613 compunctio-
1993 4559 2038 4615 υ
2066 4555 2172 4607 est,
2206 4547 2294 4601 die
2323 4552 2596 4611 noctuque
2624 4542 2864 4597 scribere
2913 4556 3019 4596 non
3049 4539 3362 4594 desinebam
3384 4573 3399 4600 ,
3435 4539 3636 4592 contira

388 4647 457 4688 ne
507 4635 730 4690 silentes
770 4650 835 4688 ac
885 4645 1109 4692 maestos
1158 4638 1446 4703 aspiceret,
1473 4636 1654 4692 noluit
1711 4646 1961 4692 austeros

390 4735 742 4794 permanere,
793 4727 882 4782 vel
928 4743 1025 4785 eos
1085 4728 1243 4798 quasi
1292 4715 1654 4784 contemnens
1713 4727 1832 4782 sine
1880 4743 1964 4782 sa-

393 4816 699 4874 tisfactione
743 4819 1081 4888 relinquere;
1134 4815 1557 4876 sed'assumens
1591 4818 1860 4872 Achillam
1908 4825 1962 4872 et

390 4907 797 4974 Alexandrum,
867 4910 960 4979 qui
1025 4911 1081 4964 in
1147 4910 1527 4966 sacerdotibus
1585 4910 1831 4966 seniores
1897 4925 1962 4964 ac

389 5003 695 5058 sanctiores
715 5018 838 5058 esse
864 5001 1211 5065 videbantur.
1248 5018 1412 5057 unum
1442 5018 1507 5058 ex
1537 5003 1618 5056 eis
1653 5001 1860 5057 habens
1892 5001 1958 5056 ad

386 5096 684 5164 dexteram,
711 5097 944 5152 alterum
977 5109 1194 5164 quoque
1217 5093 1286 5148 ad
1323 5094 1531 5158 laevam,
1564 5093 1841 5162 paululum
1865 5108 1961 5149 eos

387 5188 692 5260 segregavit
746 5204 776 5243 a
823 5189 1053 5253 caeteris,
1085 5193 1140 5241 et
1196 5187 1383 5242 clauso
1418 5199 1668 5241 sermone
1718 5184 1857 5238 dixit
1890 5185 1958 5238 ad

455 5347 532 5416 (a)
594 5346 685 5402 Sic
741 5326 968 5420 prorsus
1031 5349 1337 5404 excubabat
1393 5345 1826 5420 Mediolanensis
1873 5343 1955 5414 pia

384 5415 536 5489 plebs
560 5420 703 5472 circa
727 5415 1074 5475 Ambrosium
1102 5422 1420 5489 episcopum
1466 5431 1648 5489 suum,
1683 5416 1768 5468 cui
1805 5415 1958 5467 furor

380 5487 608 5542 Iustinae
634 5489 847 5544 Arianae
877 5487 1242 5559 imperatricis
1277 5487 1623 5559 tinminebat,
1662 5492 1797 5539 teste
1826 5501 1958 5540 ocu-

382 5560 806 5629 lariAngustino
845 5546 1084 5629 Con'fess.
1123 5561 1216 5614 lib.
1241 5575 1314 5622 tx,
1339 5572 1460 5629 cap.
1501 5546 1550 5608 7.

453 5628 526 5695 (b)
551 5622 718 5682 lfecte
748 5630 850 5684 hoc
875 5622 1094 5690 dicitur,
1126 5646 1285 5684 secus
1319 5643 1381 5681 ac
1408 5622 1597 5680 Graeca
1636 5627 1776 5695 Acta
1796 5622 1956 5680 Coma

382 5697 556 5752 belisii
605 5708 658 5753 et
705 5699 829 5753 cod.
865 5699 986 5754 Vat.
1020 5699 1146 5761 629.,
1203 5701 1260 5754 in
1317 5697 1517 5768 quibus
1569 5697 1708 5751 falso
1751 5694 1956 5750 dicitur

381 5769 661 5838 presbyter
685 5769 848 5822 Arius
866 5771 970 5824 sub
993 5768 1177 5824 Petro.

450 5843 519 5908 (ε)
547 5832 768 5892 Ἀᾱάιιηι
827 5839 915 5892 hic
947 5841 1080 5892 Acta
1129 5837 1527 5894 Combelisiatta
1555 5876 1571 5904 ,
1611 5832 1941 5907 quemadmo-

697 5931 968 5990 Ρλτιιοι..
1011 5932 1130 5993 Gn.
1177 5931 1407 5993 XVIII.

2065 4647 2222 4688 mans
2261 4647 2356 4686 eos
2391 4632 2448 4686 in
2493 4629 2698 4684 Christi
2748 4630 2977 4684 unitate.
3032 4627 3233 4681 Horum
3277 4628 3421 4681 enim
3473 4627 3633 4680 anxia

2064 4723 2376 4781 sollicitudo
2430 4739 2529 4780 cor
2589 4737 2769 4778 meum
2829 4721 3016 4777 sedule
3074 4719 3404 4790 instigabat,
3446 4726 3500 4774 et
3547 4734 3634 4774 me

2063 4819 2345 4888 quiescere
2367 4831 2474 4871 non
2501 4815 2745 4880 sinebat;
2781 4812 3124 4868 solummodo
3146 4813 3317 4866 levius
3335 4827 3418 4867 me
3437 4811 3635 4866 habere

2063 4911 2322 4983 putabam
2380 4907 2600 4981 quando
2631 4922 2725 4964 eos
2775 4917 3024 4976 superna:
3069 4905 3324 4975 potestati
3368 4905 3634 4958 commit—rs

2062 5003 2262 5056 tebam.

2129 5091 2248 5146 Iam
2292 5104 2419 5144 vero
2460 5096 2683 5159 propter
2710 5087 3017 5142 fortunatos
3049 5082 3358 5156 pontiﬁces,
3387 5078 3628 5136 Philettm

2059 5186 2202 5249 dico,
2236 5181 2564 5253 Hesychium
2593 5179 2670 5248 (ά)
2707 5188 2867 5249 atque
2891 5177 3260 5239 Theodorum,
3287 5175 3377 5245 qui
3406 5174 3566 5243 digne
3599 5188 3628 5226 a

2057 5337 2186 5392 dum
2213 5337 2303 5389 ille
2337 5335 2435 5388 Dei
2465 5331 2663 5386 Filium
2698 5348 2731 5384 a
2756 5340 2979 5400 paterna
3032 5329 3205 5400 gloria
3250 5339 3297 5382 et
3329 5327 3632 5400 substantia

2057 5407 2421 5478 sequestravit.
2449 5403 2606 5468 Male,
2629 5398 2766 5478 quia
2793 5398 3046 5478 nondum
3067 5400 3232 5478 Arius
3261 5411 3415 5478 suam
3447 5398 3633 5478 hiare-ﬂ

2059 5465 2158 5533 sint
2182 5478 2534 5546 patefecerat,
2552 5465 2662 5526 sed'
2678 5471 2749 5525 ob
2779 5471 3017 5546 schisnta
3051 5465 3426 5546 tantummodo
3455 5465 3633 5546 hieIe-e

2056 5537 2301 5606 tianum,
2350 5555 2404 5599 et
2455 5549 2765 5610 suspectam
2818 5539 3011 5611 agendi
3048 5540 3316 5611 rationem
3372 5537 3632 5611 exclusus

2056 5618 2255 5673 fuerat.
2290 5615 2404 5669 Hoc
2439 5605 2878 5666 addi'tamentunt'
2907 5625 2974 5663 ne
3012 5609 3149 5662 alter
3190 5607 3407 5677 quidem
3459 5605 3630 5661 codex

2057 5684 2182 5743 Vat.
2220 5686 2325 5741 6‘22
2364 5684 2628 5754 agnoscit.

2127 5758 2204 5829 (ιι)
2235 5760 2372 5829 Acta
2399 5744 2814 5810 "Combefisiana
2851 5759 2905 5804 et
2944 5747 3068 5804 cod.
3107 5745 3231 5800 \‘at.
3280 5744 3386 5800 623
3427 5745 3635 5801 addunt

2061 5828 2426 5885 Pachomium.
3289 5905 3314 5973 1
3348 5906 3352 5910 ι

3325 5934 3352 5972 u

3325 5911 3364 5972 iit
