4110 6418
503 330 609 388 λιὲθ

1531 333 1591 390 S.
1633 331 1834 388 PETRI
1874 332 2340 390 ALEXANDRINI
2378 336 2688 396 EPISCOPI

3656 346 3761 401 “i0

503 454 688 512 divina
715 456 885 527 gratia
917 461 1046 509 sunt
1090 454 1290 519 vocati,
1321 470 1485 525 quam
1535 456 1719 527 gravis
1770 471 1857 512 me
1895 456 2086 513 tribu-
2111 460 2157 516 A
2184 459 2511 518 bulationes.
2539 461 2728 534 Neque
2751 463 2895 519 enim
2936 464 3193 521 meliores
3227 480 3420 522 sumus
3470 480 3638 538 quam
3664 483 3762 538 pa-

506 552 635 607 latio
667 550 975 620 quatiebat!
1011 547 1079 603 Hi
1114 550 1282 618 enim,
1311 557 1372 604 ut
1400 550 1501 622 ipsi
1534 550 1716 617 scitis,
1754 550 1829 607 ob
1871 550 2078 607 Christi
2116 552 2133 571 '

505 643 663 696 fidem
685 657 808 697 cum
843 642 1071 713 reliquis
1101 640 1512 699 confessoribus
1556 639 1791 699 diversis
1819 657 2083 699 macera-

500 734 700 788 bantur
727 734 1032 805 suppliciis.
1064 733 1131 789 Et
1173 734 1302 805 quia
1327 734 1382 788 in
1426 734 1522 789 tali
1552 749 1724 806 agone
1752 750 1863 791 non
1899 736 2081 791 solum

498 824 847 888 clericorum,
880 825 974 880 sed
1008 827 1171 880 etiam
1204 824 1469 880 laicorum
1495 825 1598 895 ipsi
1639 834 1796 881 erant
1830 825 2077 897 signiferi

498 926 553 971 et
592 926 974 989 praeceptores,
1004 926 1292 989 pr0pterca
1329 918 1487 974 valde
1513 918 1764 983 verebar,
1803 934 1871 975 ne
1902 919 2077 990 longis

500 1010 796 1066 deﬁcerent
850 1012 1220 1076 cruciatibus,
1272 1018 1325 1066 et
1376 1026 1565 1066 eorum
1625 1010 1879 1078 defectio,
1929 1011 2076 1081 quod

497 1101 648 1159 dictu
686 1119 850 1174 grave
882 1113 987 1168 est,
1036 1103 1288 1174 plurimis
1320 1103 1554 1175 negandi
1590 1100 1729 1159 foret
1764 1102 2079 1159 offendicu-

498 1194 648 1262 lum;
674 1203 832 1251 erant
851 1197 994 1251 enim
1026 1196 1168 1250 ultra
1193 1204 1481 1252 sexcentos
1509 1195 1814 1266 sexaginta,
1839 1195 2073 1265 quicum

500 1286 582 1340 eis
611 1287 979 1343 carceralibus
1010 1287 1365 1342 arctabantur
1399 1286 1713 1356 ergastulis.
1742 1283 1898 1339 Unde
1954 1298 2074 1338 ma-

496 1393 603 1449 gno
641 1378 829 1434 labore
868 1394 1175 1450 magnoque
1201 1388 1455 1449 satagens
1484 1377 1705 1441 sudore,
1737 1392 1848 1432 non
1874 1390 2075 1431 cessa-

494 1472 619 1526 bam
681 1470 748 1526 de
804 1470 1081 1541 praedictis
1132 1470 1268 1526 locis
1325 1470 1568 1526 scribere
1622 1469 1877 1525 omnibus
1928 1468 2069 1536 illis,

490 1562 789 1618 exhortans
828 1577 922 1618 eos
973 1563 1042 1617 ad
1075 1562 1322 1634 martyrii
1356 1562 1591 1633 palmam
1641 1560 1960 1632 magisterio
1990 1558 2074 1613 di-

492 1654 605 1707 vini
632 1653 850 1710 affatus.
882 1652 1109 1720 Quando
1154 1669 1283 1709 vero
1324 1653 1571 1708 omnium
1599 1667 1787 1708 eorum
1819 1651 2070 1723 magnifi-

488 1762 612 1800 cam
642 1747 824 1802 audivi
876 1747 1335 1817 perseverautiam
1370 1755 1425 1801 et
1457 1745 1733 1816 passionis
1771 1745 2066 1816 gloriosum

490 1839 675 1902 finem,
709 1839 912 1895 cadens
939 1839 997 1894 in
1037 1849 1241 1895 terram
1272 1838 1495 1894 adoravi
1548 1836 1758 1893 Christi
1796 1836 2071 1906 majesta-

486 1940 621 1998 tem,
652 1932 744 2003 qui
785 1932 1053 1988 eosinter
1098 1931 1346 2004 martyrii
1400 1938 1650 1988 catervas
1707 1944 2071 1987 annumerare

487 2020 742 2090 dignatus
764 2031 863 2077 est.

555 2111 698 2180 Quid
749 2114 915 2170 etiam
947 2114 1104 2171 vobis
1146 2113 1214 2169 de
1276 2113 1490 2170 Meletio
1545 2113 1937 2187 Lycopolitano
1989 2113 2066 2187 (a)

485 2206 953 2261 commemorem?
992 2206 1085 2276 qui
1138 2213 1376 2276 quantas
1412 2207 1844 2276 persecutiones,
1876 2221 2070 2277 quan-

484 2306 681 2367 tosque
700 2296 856 2353 dolos
875 2297 1008 2351 mihi
1039 2297 1108 2352 sit
1129 2297 1429 2365 jaculatus,
1453 2312 1553 2353 vos
1580 2296 1898 2352 omnimodo
1923 2296 2068 2354 scire

484 2389 796 2443 nullatenus
831 2388 1069 2459 ambigo.
1121 2388 1269 2444 Proh
1323 2387 1509 2444 nefas!
1567 2388 1819 2445 scindere
1866 2405 2070 2446 sacro-

484 2487 733 2537 sanctam
784 2478 1084 2536 Ecclesiam
1130 2496 1240 2536 non
1289 2481 1505 2539 metuit.
1537 2496 1700 2552 quam
1754 2482 1848 2537 Dei
1892 2481 2065 2540 Filius

483 2574 723 2642 pretioso
765 2572 1030 2643 sanguine
1081 2572 1333 2638 redemit,
1379 2587 1610 2643 eamque
1655 2582 1715 2627 ut
1751 2573 1818 2629 de
1859 2574 2064 2630 diaboli

482 2664 771 2736 tyrannide
795 2664 1074 2729 liberaret,
1116 2663 1355 2718 animam
1408 2680 1612 2735 ponere
1639 2681 1750 2721 non
1789 2667 2061 2722 titubavit.

482 2757 656 2823 Hanc,
691 2765 750 2811 ut
778 2756 961 2812 dicere
987 2756 1153 2827 ccepi,
1188 2755 1564 2827 nequissimus
1596 2755 1848 2813 Meletius
1901 2759 2065 2814 scin-

480 2853 639 2915 dens,
667 2849 834 2905 etiam
883 2856 1107 2905 sanctos
1145 2849 1456 2919 episcopos,
1490 2849 1586 2919 qui
1619 2857 1748 2905 ante
1779 2850 2061 2920 paululum

478 2959 577 3015 per
631 2942 951 3013 martyrium
1011 2941 1182 2998 caelos
1238 2948 1641 3011 penetrarunt,
1705 2940 1760 2995 in
1821 2940 2062 2997 carceris

478 3036 730 3090 custodia
761 3049 1077 3105 expugnare
1103 3040 1267 3105 atque
1295 3032 1536 3105 aliligere
1586 3048 1699 3089 non
1748 3034 2056 3090 desinebat.

2181 559 2294 607 tres
2325 554 2528 609 nostri.
2554 562 2639 608 An
2696 555 2959 627 ignoratis
2986 565 3192 626 quanta
3228 571 3261 611 a
3291 557 3588 627 gentilibus
3632 574 3761 630 per-

2180 657 2375 715 pessus
2415 654 2501 700 est
2531 652 2685 716 pater
2714 661 2901 710 meus,
2934 647 3027 717 qui
3060 662 3148 702 me
3195 648 3442 715 nutrivit,
3475 651 3755 706 sanctissi-

2179 751 2304 791 mus
2334 734 2587 795 Theonas
2625 738 2941 810 episcopus,
2966 740 3126 810 cujus
3167 739 3535 811 pontiﬁcalem
3567 743 3757 799 cathe-

2178 827 2333 882 dram
2382 844 2572 901 regere
2601 833 2864 902 suscepi?
2916 832 2962 887 Ο
3003 832 3211 888 utinam
3248 840 3303 888 et
3353 834 3573 890 mores!
3614 833 3756 901 Quid

2176 920 2340 975 etiam
2370 920 2438 977 de
2466 937 2664 993 magno
2696 921 2956 996 Dionysio
3000 925 3244 994 ejusdem
3293 939 3627 996 praecessorc
3664 943 3754 982 re-

2177 1009 2393 1066 feram?
2423 1012 2517 1082 qui
2545 1012 2811 1085 profugus
2840 1015 2909 1071 de
2941 1015 3064 1070 loco
3111 1015 3167 1069 in
3215 1015 3392 1070 locum
3429 1017 3631 1073 multas
3661 1031 3757 1071 ca-

2175 1100 2449 1160 lamitates
2502 1104 2571 1160 ab
2616 1105 2811 1162 insano
2852 1107 3116 1163 sustinuit
3166 1105 3448 1165 Sabellio?
3496 1107 3609 1165 Nec
3656 1126 3757 1166 vos

2175 1202 2492 1266 praeteream
2533 1196 2631 1269 (ὁ),
2668 1198 3006 1255 sanctissimi
3033 1198 3224 1257 Patres
3257 1215 3322 1255 ac
3368 1200 3568 1257 divinae
3617 1202 3756 1273 legis

2174 1287 2469 1351 antistites,
2526 1286 2739 1344 Heracli
2785 1298 2950 1360 atque
2982 1289 3245 1356 Demetri,
3271 1295 3474 1361 quibus
3513 1291 3758 1347 fabrica-

2172 1387 2260 1436 tor
2291 1382 2539 1452 perversi
2584 1382 2855 1454 dogmatis
2904 1382 3168 1452 Origenes
3214 1382 3546 1440 multifarias
3576 1391 3758 1439 tenta-

2173 1475 2351 1529 tiones
2388 1473 2650 1540 incussit;
2684 1474 2779 1544 qui
2832 1474 3070 1542 conjecit
3103 1475 3158 1527 in
3185 1472 3485 1529 Ecclesiam
3517 1473 3754 1530 detesta-

2170 1562 2281 1617 bile
2304 1562 2566 1627 schisma,
2600 1561 2746 1632 quod
2778 1577 2951 1633 usque
2979 1562 3142 1618 hodie
3171 1562 3460 1618 confundit
3485 1561 3756 1626 eam.Sed_

2172 1655 2346 1726 gratia
2379 1653 2497 1719 Dei,
2525 1669 2647 1725 quze
2681 1654 2805 1710 illos
2857 1663 2987 1709 tunc
3018 1654 3372 1725 protegebat,
3406 1654 3572 1710 credo
3601 1656 3751 1710 enim

2171 1746 2318 1818 quod
2341 1752 2395 1801 et
2424 1762 2523 1801 vos
2555 1752 2821 1817 proteget.
2860 1743 2966 1801 Sed
2993 1746 3123 1816 quid
3156 1763 3249 1803 vos
3286 1748 3428 1802 ultra
3472 1748 3749 1813 demoror,

2170 1836 2479 1893 charissimi
2510 1836 2730 1902 fratres,
2764 1836 2960 1906 prolixi
3004 1838 3275 1894 sermonis
3318 1836 3520 1893 aifatu?
3552 1836 3752 1910 Super-

2169 1935 2336 1987 estut
2368 1928 2559 1983 ultima
2600 1928 2834 1999 apostoli
2886 1929 3134 1985 oratione
3184 1944 3284 1985 vos
3324 1944 3631 2000 prosequar
3674 1931 3750 1984 ita

2169 2022 2445 2094 precantis
2479 2041 2493 2077 :
2529 2030 2585 2077 et
2634 2036 2782 2076 nunc
2831 2020 3158 2077 commendo
3212 2038 3309 2078 vos
3340 2020 3452 2079 Deo
3481 2030 3536 2079 et
3583 2024 3750 2079 verbo

2169 2115 2359 2185 gratiae
2405 2113 2548 2183 ejus,
2580 2115 2677 2184 qui
2726 2121 2921 2183 potens
2965 2121 3051 2169 est
3088 2114 3396 2184 gubernare
3440 2120 3496 2169 et
3548 2129 3647 2169 vos
3693 2124 3751 2170 et

2167 2204 2311 2260 ovile
2339 2218 2521 2260 suum.
2570 2201 2697 2258 Haec
2748 2202 2841 2258 ubi
2886 2203 3036 2258 dicta
3082 2203 3253 2268 dedit,
3289 2205 3488 2274 positis
3516 2204 3748 2276 genibus

2167 2295 2346 2352 oravit
2382 2311 2507 2351 cum
2529 2296 2629 2351 eis.
2662 2294 2884 2363 Expleta
2911 2296 3097 2365 itaque
3123 2297 3403 2364 oratione,
3431 2298 3748 2353 osculantes

2165 2405 2363 2445 manus
2418 2389 2542 2458 ejus
2588 2404 2654 2442 ac
2709 2388 2875 2459 pedes
2918 2389 3160 2445 Achillas
3212 2397 3376 2460 atque
3437 2390 3749 2446 Alexander

2167 2478 2422 2535 conversi
2471 2479 2529 2533 in
2578 2479 2849 2550 lacrymas
2882 2479 3126 2551 singultu
3162 2481 3505 2537 amarissimo
3535 2483 3749 2551 quatie-

2166 2572 2389 2636 bantur,
2414 2572 2649 2630 maxime
2679 2573 2809 2643 quia
2835 2573 3121 2628 audierant
3140 2589 3263 2628 eum
3299 2573 3478 2629 dicere
3508 2575 3653 2646 quod
3675 2590 3747 2631 ex

2165 2674 2298 2722 tunc
2340 2668 2694 2738 temporalem
2749 2665 2872 2737 ejus
2926 2667 3097 2722 vitam
3157 2667 3391 2737 amplius
3419 2669 3594 2723 visuri
3631 2684 3744 2724 non

2163 2767 2368 2815 essent.
2399 2758 2611 2814 Dehinc
2654 2759 2849 2815 doctor
2878 2758 3234 2816 dulcissimus
3270 2761 3495 2816 veniens
3529 2761 3597 2816 ad
3652 2775 3745 2816 re-

2163 2851 2345 2921 liquos
2390 2851 2741 2915 clericorum,
2794 2850 2911 2922 qui,
2970 2860 3029 2907 ut
3087 2845 3431 2924 praemissum
3484 2860 3595 2914 est,
3645 2868 3746 2925 pro

2161 2940 2292 2997 Ario
2322 2942 2554 3013 ingressi
2586 2940 2822 3008 fuerant,
2858 2942 3075 2998 locutus
3123 2942 3203 2997 eis
3243 2945 3408 2998 verba
3441 2945 3745 2999 novissima

2162 3042 2327 3107 atque
2347 3034 2718 3089 consolatoria
2741 3041 2795 3090 et
2813 3050 2936 3105 qua:
2955 3035 3268 3090 necessaria
3296 3043 3492 3103 erant;
3523 3035 3741 3102 deinde,

477 3130 678 3185 Cavete
705 3129 871 3199 igitur
905 3128 973 3183 ab
1002 3128 1123 3197 ejus
1155 3126 1393 3184 insidiis.
1441 3126 1555 3199 Ego
1599 3127 1747 3182 enim
1771 3168 1787 3194 ,
1837 3136 1899 3182 ut
1953 3127 2058 3199 ipsi
2084 3167 2129 3228 ο
2163 3124 2302 3182 fusis
2332 3124 2401 3180 ad
2433 3124 2602 3182 Deum
2644 3128 2909 3198 precibus
2949 3128 3070 3185 vale
3098 3127 3311 3186 faciens
3364 3130 3497 3196 illis,
3532 3129 3744 3186 dimisit

476 3222 696 3287 videtis,
728 3221 984 3290 alligatus
1018 3219 1205 3275 divina
1247 3220 1518 3276 charitate
1567 3219 1907 3290 proﬁciscor,
1944 3234 2058 3273 νο-
2092 3219 2129 3228 “
2159 3233 2352 3273 omnes
2389 3219 2445 3272 iu
2474 3234 2629 3289 pace.

475 3315 742 3370 luntatem
800 3312 897 3368 Dei
960 3313 1218 3369 omnibus
1274 3321 1634 3384 anteponens.
1685 3310 1813 3368 Scio
1861 3326 2057 3381 nempe

471 3407 600 3477 quia
630 3406 833 3461 tribuni
856 3405 924 3460 de
949 3421 1069 3463 mea
1097 3421 1232 3462 nece
1253 3406 1593 3476 trepidantes
1622 3403 1934 3468 mussitant,
1958 3403 2056 3459 sed

470 3501 680 3557 nullum
708 3516 777 3556 ex
816 3500 923 3555 hoc
963 3499 1044 3556 eis
1079 3514 1389 3555 sermonem
1421 3498 1674 3563 inferam,
1700 3513 1876 3567 neque
1905 3499 2053 3553 enim

470 3592 709 3646 animam
740 3606 917 3646 meam
946 3590 1325 3661 pretiosiorem
1370 3605 1459 3646 me
1504 3589 1625 3660 ipso
1651 3587 1870 3644 faciam.
1906 3587 2053 3655 Quin

466 3684 581 3738 imo
608 3690 833 3753 paratus
860 3697 980 3737 sum
1020 3682 1284 3752 perlicere
1309 3697 1534 3738 cursum
1579 3697 1741 3750 quem
1787 3682 1921 3735 mihi
1948 3681 2054 3737 Do-

466 3776 653 3829 minus
683 3787 838 3828 meus
866 3770 1025 3828 Jesus
1067 3772 1322 3830 Christus
1367 3774 1613 3845 polliceri
1655 3773 1913 3845 dignatus
1943 3784 2048 3841 est,

469 3875 533 3920 et
553 3865 920 3921 ministerium
946 3865 1093 3936 quod
1126 3866 1197 3921 ab
1225 3868 1347 3937 ipso
1378 3865 1584 3937 accepi,
1615 3865 1666 3922 ei
1701 3865 1933 3921 fideliter
1957 3881 2050 3922 as-

468 3961 709 4031 signare.
739 3958 904 4015 Orate
931 3975 1029 4031 pro
1057 3973 1166 4026 me,
1204 3958 1405 4015 fratres
1430 3976 1445 4027 ;
1478 3959 1710 4014 ulterius
1739 3974 1825 4014 me
1860 3959 1918 4013 in
1945 3959 2050 4013 hac

468 4053 577 4107 vita
602 4054 887 4110 vobiscum
917 4053 1102 4108 vivere
1126 4052 1240 4123 jam
1264 4068 1377 4107 non
1407 4051 1685 4108 videbitis.
1704 4050 2049 4122 Quapropter

464 4145 733 4203 testificor
758 4161 942 4201 coram
977 4145 1091 4201 Deo
1134 4153 1190 4202 et
1229 4155 1415 4202 vestra
1474 4145 1853 4210 fraternitate,
1900 4143 2047 4215 quod

464 4240 722 4297 omnibus
755 4241 912 4297 vobis
950 4238 1212 4294 mundam
1244 4238 1455 4295 servavi
1487 4239 1900 4294 conscientiam.
1924 4235 2047 4292 Non

460 4334 607 4388 enim
635 4333 939 4404 subterfugi
957 4332 1452 4389 annuntiarevobis
1472 4347 1595 4403 quae
1610 4331 1743 4387 mihi
1760 4348 1789 4386 a
1813 4331 2046 4389 Domino

461 4430 592 4478 sunt
638 4424 905 4494 injuncta,
938 4432 992 4479 et
1040 4439 1164 4495 quae
1201 4423 1463 4494 deinceps
1515 4423 1829 4481 necessaria
1881 4434 2044 4480 erunt

459 4514 701 4586 pandere
725 4516 951 4570 minime
973 4517 1243 4571 recusavi.

530 4607 803 4673 Quocirca
855 4608 1121 4664 attendite
1158 4607 1317 4664 vobis
1372 4619 1427 4662 et
1456 4606 1714 4662 universo
1760 4608 1934 4679 gregi,
1986 4608 2043 4663 in

456 4716 568 4769 quo
597 4717 695 4758 vos
724 4700 963 4772 Spiritus
993 4710 1220 4758 sanctus
1248 4701 1492 4757 seriatim
1522 4702 1810 4772 episcopos
1832 4701 2037 4773 posuit.

456 4789 534 4846 Te
581 4792 802 4865 quidem
849 4792 1117 4849 Achillam
1163 4794 1425 4863 primum,
1488 4791 1857 4848 Alexandrum
1907 4808 2040 4848 vero

457 4885 782 4940 secundum.
817 4884 895 4938 En
941 4886 1098 4941 vobis
1129 4886 1255 4940 viva
1287 4900 1420 4940 voce
1444 4892 1739 4956 protestor,
1775 4885 2038 4956 quoniam

453 4983 579 5047 post
615 4992 799 5034 meum
832 4978 1123 5032 transitum
1168 4976 1454 5048 insurgent
1482 4976 1705 5048 quidam
1736 4975 1805 5031 de
1844 4974 2036 5032 Eccle-

453 5069 536 5125 sia
571 5070 859 5141 loquentes
896 5085 1175 5141 perversa,
1200 5084 1503 5140 rursusque
1531 5070 1778 5126 divident
1806 5085 1951 5134 eam,
1977 5075 2039 5122 ut

451 5159 722 5232 Meletius,
754 5162 1039 5218 trahentes
1072 5162 1333 5233 populum
1390 5170 1514 5233 post
1542 5179 1700 5219 suam
1728 5163 2033 5219 vesaniam.

452 5252 590 5307 Ecce
617 5253 845 5323 praedixi
874 5251 1051 5308 vobis.
1086 5250 1216 5313 Sed,
1252 5250 1516 5323 deprecor
1543 5268 1641 5308 vos
1664 5293 1680 5318 ,
1737 5267 1771 5306 ο
1819 5251 2035 5307 viscera

453 5358 595 5412 mea,
626 5345 843 5415 vigilate
875 5361 889 5400 :
917 5351 1133 5415 oportet
1156 5344 1304 5399 enim
1330 5359 1424 5399 vos
1464 5346 1664 5401 multas
1701 5344 1886 5400 subire
1919 5342 2036 5398 tri-

520 5520 603 5593 (a),
623 5519 838 5593 Optime
867 5530 1082 5590 noster;
1116 5531 1236 5578 erat
1287 5526 1435 5579 enim
1474 5521 1723 5577 Meletius
1772 5521 2033 5592 Lycopo—

450 5590 649 5663 lieo‘s'in
674 5590 955 5663 Thebaide
990 5596 1303 5663 episcopus.
1349 5594 1594 5649 Pessime
1622 5596 1759 5647 Acta
1783 5590 2033 5648 Combe-

450 5662 644 5716 fisiana
695 5663 751 5715 in
783 5661 1076 5732 Lycaonio.
1112 5661 1235 5728 Jain
1277 5680 1364 5721 res
1395 5663 1593 5718 Meletii
1628 5665 1735 5718 late
1773 5665 2028 5719 scribun-

445 5736 540 5784 tur
574 5745 603 5783 a
630 5732 832 5801 priscis
884 5733 1164 5791 historicis
1194 5745 1248 5790 et
1296 5751 1327 5790 a
1358 5733 1592 5791 Baronio
1638 5732 1707 5789 ad
1737 5748 1867 5791 ann.
1900 5735 2025 5801 506,

446 5818 504 5857 ιι.
537 5801 607 5858 45
636 5817 790 5875 seqq.

2229 3308 2327 3365 His
2368 3310 2443 3364 ita
2474 3311 2735 3382 peractis,
2771 3313 2933 3386 longe
2982 3314 3201 3385 lateque
3233 3314 3435 3385 ubique
3462 3316 3741 3387 vulgatum

2157 3411 2241 3457 est
2272 3403 2418 3473 quod
2471 3403 2637 3459 Arius
2685 3420 2718 3459 a
2762 3406 3031 3462 catholica
3068 3408 3279 3462 unitate
3311 3407 3517 3478 absque
3547 3408 3742 3463 deifico

2158 3503 2291 3548 nutu
2312 3509 2422 3548 non
2447 3495 2519 3567 sit
2544 3495 2818 3552 abscisus.
2851 3495 2947 3553 llle
2989 3506 3173 3554 autem
3198 3496 3423 3554 fallendi
3455 3498 3655 3555 artifex
3684 3507 3740 3554 et

2154 3586 2326 3643 totius
2364 3588 2624 3658 nequitiae
2654 3588 2978 3653 seminator,
3020 3590 3077 3646 in
3110 3590 3196 3647 sui
3228 3591 3469 3661 pectoris
3498 3591 3741 3664 labyrin-

2153 3676 2250 3733 tho
2281 3678 2563 3748 vipereum
2593 3679 2742 3735 virus
2771 3679 3055 3736 occultare
3086 3696 3203 3736 non
3252 3680 3570 3747 desinebat,
3614 3697 3738 3752 spe—

2152 3785 2285 3825 rans
2309 3785 2370 3826 se
2394 3771 2466 3825 ab
2490 3771 2704 3827 Achilla
2734 3773 2820 3829 vel
2872 3772 3184 3831 Alexandro
3218 3775 3584 3831 reconciliari.
3638 3774 3737 3829 llic

2151 3872 2237 3920 est
2267 3863 2359 3919 ille
2389 3864 2555 3921 Arius
2578 3864 2993 3933 haeresiarches,
3018 3868 3510 3924 consubstantialis
3554 3878 3610 3926 et
3655 3870 3739 3925 in-

2150 3956 2386 4012 dividua:
2417 3954 2705 4013 Trinitatis
2738 3958 2968 4015 divisor.
3022 3958 3123 4015 Hic
3170 3967 3256 4016 est
3289 3961 3384 4032 qui
3436 3976 3531 4018 ore
3568 3970 3737 4018 teme-

2150 4049 2299 4104 rario
2323 4047 2614 4105 Dominum
2654 4047 2995 4105 Salvatorem
3028 4067 3194 4122 super
3219 4068 3412 4110 omnes
3448 4053 3735 4110 haereticos

2150 4142 2532 4213 blasphemare
2561 4157 2671 4198 non
2712 4145 2929 4211 metuit,
2962 4142 3252 4200 Dominum
3274 4186 3290 4212 ,
3336 4146 3580 4217 inquam,
3613 4147 3732 4202 Sal-

2148 4241 2412 4299 vatorem,
2461 4236 2555 4306 qui
2607 4235 2876 4292 humanos
2936 4237 3229 4294 miseratus
3276 4254 3511 4305 errores,
3542 4241 3733 4295 morti-

2148 4324 2279 4380 ferae
2328 4324 2698 4383 damnationis
2748 4326 2978 4382 interitu
3006 4329 3309 4385 condolens
3337 4330 3515 4400 perire
3564 4345 3734 4386 saecu-

2148 4419 2282 4483 lum,
2312 4434 2412 4490 pro
2460 4420 2718 4475 omnibus
2762 4420 2922 4476 nobis
2976 4435 3143 4477 carne
3194 4426 3307 4493 pati
3336 4421 3595 4493 dignatus
3620 4430 3726 4481 est.

2073 4513 2121 4571 Ι)
2149 4510 2335 4582 Neque
2363 4512 2509 4568 enim
2535 4511 2795 4569 divinitas
2813 4552 2829 4577 ,
2865 4527 2991 4582 quae
3028 4514 3217 4585 utique
3247 4515 3601 4585 impassibilis
3623 4522 3731 4579 est,

2149 4603 2463 4674 passionem
2523 4603 2826 4660 incurrisse
2895 4604 3170 4660 credenda
3234 4615 3341 4662 est.
3416 4605 3524 4661 Sed
3602 4608 3729 4676 quia

2148 4697 2386 4767 theologi
2436 4694 2629 4753 Patres
2689 4697 3002 4765 huiusmodi
3045 4697 3414 4769 blasphemias
3461 4713 3495 4752 a
3526 4696 3729 4752 catho—

2146 4788 2269 4843 licis
2308 4787 2535 4843 auribus
2569 4788 2781 4843 meliori
2836 4791 2977 4860 stylo
3016 4792 3208 4861 procul
3244 4805 3500 4847 amovere
3552 4804 3727 4844 cura-

2148 4886 2304 4945 runt,
2345 4886 2400 4935 et
2437 4879 2596 4936 nobis
2633 4880 2780 4936 aliud
2822 4882 3101 4948 imminet,
3146 4882 3437 4939 redeamus
3476 4883 3545 4938 ad
3584 4896 3728 4954 pro-

2146 4972 2403 5042 positum.

2217 5062 2619 5133 Sagacissimns
2689 5063 2855 5134 igitur
2922 5064 3167 5133 pontifex
3194 5105 3211 5130 ,
3284 5063 3726 5121 animadvertens

2142 5156 2583 5213 cruentissimam
2610 5157 2958 5213 tribunorum
2996 5159 3299 5230 stropham,
3336 5158 3482 5228 quod
3505 5157 3577 5211 ob
3604 5158 3725 5225 ejus

2142 5247 2564 5319 perpetrandam
2620 5261 2849 5308 necem.
2891 5265 3109 5304 omnem
3144 5249 3583 5305 Christianorum
3628 5247 3724 5318 qui

2141 5349 2274 5396 tunc
2321 5341 2550 5397 aderant
2604 5341 3015 5398 multitudinem
3049 5342 3232 5413 gladio
3264 5342 3580 5398 interimam
3616 5339 3725 5397 velo

2212 5524 2286 5593 (ιν)
2321 5522 2537 5579 Rursus
2593 5531 2740 5579 recte
2784 5533 2973 5580 noster
3026 5524 3159 5577 vitat
3207 5539 3449 5579 errorem
3494 5521 3723 5593 biogra-

2139 5595 2229 5667 phi
2288 5593 2466 5667 Graeci
2518 5594 2946 5667 Cgmbelisiani,
2983 5596 3097 5667 ‘qui
3158 5593 3471 5667 lleraclium
3518 5608 3582 5667 ac
3619 5593 3725 5646 De-

2138 5663 2390 5738 metrium
2415 5672 2538 5735 post
2567 5663 2863 5722 Sabellium
2890 5680 2954 5721 ac
2983 5663 3296 5738 Dionysium
3316 5665 3488 5721 fuisse
3516 5664 3724 5720 diserte

2136 5735 2292 5793 dicit.
