4110 6440
385 355 482 417 Mil

1728 347 1910 412 ACTA
1953 346 2266 412 SINCERA.

3539 351 3645 414 462

383 483 517 546 lent,
544 479 721 538 noluit
753 501 849 542 eos
879 486 1085 557 pariter
1129 493 1318 542 secum
1357 486 1543 542 subire
1579 483 1774 539 mortis
1817 497 1964 538 acer-
1989 486 2040 543 Α
2065 483 2184 552 ejus
2236 481 2498 538 liberator
2547 482 2789 537 omnium
2841 481 3096 536 Christus
3143 481 3326 552 e13git,
3383 481 3480 536 tibi
3519 481 3643 538 ﬁdel

383 573 609 629 bitatem
635 593 651 644 ;
680 576 777 632 sed
812 577 985 633 ﬁdelis
1020 595 1212 634 servus
1253 577 1476 632 imitans
1523 575 1814 632 Dominum
1850 572 1964 628 Sal-

385 676 654 734 vatorem,
680 672 771 740 qui
802 671 940 724 dixit
971 679 1025 726 et
1059 671 1223 736 fecit,
1281 669 1475 724 Pastor
1519 667 1685 722 bonus
1729 667 1963 720 animam

382 774 536 813 suam
570 761 718 826 ponit
756 775 850 828 pro
879 763 1058 817 ovibus
1095 762 1244 826 suis,
1289 776 1355 816 ex
1382 763 1600 832 pietatis
1639 767 1962 830 argumento

384 857 600 902 vocavrt
631 866 802 904 unum
833 852 1104 906 seniorem
1137 868 1200 906 ex
1229 851 1315 906 his
1355 851 1448 922 qui
1482 850 1683 905 ibidem
1733 864 1964 920 respon—

385 940 460 994 sis
493 940 615 1009 ejus
646 941 1006 1007 inhterebant,
1041 950 1095 997 et
1122 943 1260 997 dixit
1284 943 1336 998 ei
1370 961 1384 998 :
1419 942 1567 998 Vade
1611 943 1678 997 ad
1708 943 1961 997 tribunos

382 1031 476 1101 qui
524 1046 611 1086 me
649 1033 957 1088 interﬁcere
985 1041 1260 1104 quaerunt,
1291 1044 1347 1088 et
1400 1033 1568 1089 dicito
1614 1035 1695 1089 eis
1726 1052 1740 1088 :
1771 1032 1963 1087 Cesset

381 1124 564 1176 omnis
595 1123 865 1186 anxietas,
897 1139 1022 1179 ecce
1052 1131 1339 1194 promptus
1361 1140 1482 1180 sum
1514 1128 1822 1180 ultroneum
1874 1138 1962 1178 me

383 1213 488 1268 illis
520 1215 789 1284 ingerere.
843 1213 957 1269 Hac
988 1215 1187 1270 etenim
1220 1224 1380 1271 nocte
1429 1215 1649 1270 veniant
1688 1223 1812 1284 post
1846 1221 1960 1268 ter-

379 1319 506 1371 gum
567 1306 765 1362 domus
819 1308 1058 1363 carceris
1109 1308 1295 1378 hujus,
1326 1314 1382 1363 et
1436 1309 1491 1362 in
1523 1323 1632 1378 quo
1685 1308 1808 1363 loco
1863 1321 1962 1360 au-

381 1397 583 1454 dierint
619 1398 835 1469 signum
863 1400 916 1454 in
951 1401 1154 1470 pariete
1184 1400 1254 1455 ab
1287 1399 1684 1464 intnsfactum,
1721 1398 1795 1453 ibi
1832 1397 1964 1454 eﬁ‘o-

380 1492 595 1549 dientes
624 1494 902 1564 excipiant
937 1510 1022 1549 me
1044 1535 1057 1559 ,
1105 1494 1497 1565 perﬁciantque
1543 1492 1690 1564 quod
1738 1491 1842 1548 sibi
1877 1498 1963 1548 est

381 1582 728 1652 imperatum.
764 1581 961 1637 Senior
987 1599 1142 1650 vero,
1177 1584 1565 1653 obtemperans
1612 1580 1962 1652 jussionibus

379 1675 722 1731 sanctissimi
753 1675 858 1730 viri
903 1675 1105 1747 (neque
1133 1677 1277 1732 enim
1314 1684 1465 1731 tanto
1503 1676 1651 1730 Patri
1686 1673 1962 1730 contradi-

378 1780 507 1821 cere
535 1767 794 1840 poterat),
829 1769 962 1822 abiit
1021 1770 1088 1823 ad
1140 1769 1392 1826 tribUnos
1449 1776 1504 1825 et
1557 1767 1833 1822 intimavit
1881 1766 1963 1822 eis

2070 574 2399 644 praeconium
2427 589 2523 644 per
2545 583 2712 630 totam
2745 573 3039 646 Egyptum
3066 581 3122 630 et
3151 574 3356 630 circum
3381 577 3645 634 terminos

2070 667 2191 737 ejus
2224 669 2484 724 insonare
2514 667 2809 723 commisit.
2846 666 2950 731 Tu,
3003 668 3249 738 inquam,
3280 670 3642 725 ministerium

2070 759 2323 815 humanae
2359 761 2576 823 salutis,
2627 760 2774 830 quod
2825 762 2922 816 tibi
2959 761 3225 816 creditum
3275 761 3472 824 fuerat,
3511 753 3648 834 vigi-

2069 854 2248 908 lanter
2277 853 2537 924 explesti;
2598 853 2761 922 hujus
2812 853 3071 908 nimirum
3105 852 3310 908 laboris
3339 853 3645 909 mercedem

2071 945 2317 1016 martyrii
2372 945 2608 1014 palmam
2664 944 2944 1012 percipere
3006 943 3272 996 meruisti.
3322 929 3479 998 Unde
3535 957 3645 998 non

2070 1035 2345 1089 immerito
2371 1035 2571 1105 dignus
2600 1049 2660 1088 es
2687 1033 3019 1104 evangelista
3053 1032 3216 1089 simul
3255 1041 3309 1088 et
3352 1033 3646 1103 episcopus

2068 1129 2374 1199 praedicari.
2405 1127 2507 1182 Tui
2550 1142 2746 1196 nempe
2801 1141 3090 1182 successor
3147 1125 3250 1180 fuit
3282 1126 3561 1192 Anianus,
3591 1126 3646 1182 et

2069 1220 2266 1288 reliqui
2300 1218 2376 1290 (a)
2412 1233 2510 1289 per
2546 1217 2864 1273 succiduam
2903 1217 3098 1271 seriem
3142 1231 3316 1286 uSque
3345 1216 3411 1270 ad
3443 1215 3648 1272 beatis‘

2069 1312 2267 1366 simum
2296 1309 2576 1365 Theonam
2612 1310 2706 1378 qui
2733 1324 2866 1364 mere
2906 1307 3150 1364 infantia:
3178 1299 3439 1380 colaphos
3491 1307 3644 1374 dare,

2067 1415 2122 1460 et
2153 1419 2327 1459 meam
2355 1404 2590 1458 indolem
2622 1404 2834 1458 nutrire
2863 1402 3120 1473 dignatus
3178 1406 3282 1459 est.
3335 1397 3435 1458 Cui
3481 1401 3645 1457 etiam

2067 1512 2170 1566 ego
2198 1506 2454 1566 peccator
2486 1503 2541 1548 ct
2567 1494 2824 1564 indignus
2859 1494 3000 1549 ultra
3030 1493 3282 1549 meritum
3302 1484 3646 1548 haereditario

2069 1587 2239 1660 gradu
2272 1602 2564 1643 successor
2588 1586 2814 1643 eﬁectus
2851 1602 2994 1640 sum.
3029 1586 3096 1640 Et
3128 1576 3275 1656 quod
3300 1586 3644 1656 potissimum

2067 1686 2173 1746 est,-
2219 1695 2348 1734 ecce
2395 1679 2686 1735 Dominicae
2738 1679 2956 1748 pietatis
2997 1679 3214 1749 largitio
3261 1694 3348 1734 me
3393 1678 3647 1749 pretiosae

2068 1773 2252 1828 erucis
2282 1787 2347 1828 ac
2378 1772 2584 1828 festivae
2611 1772 2888 1828 anastasis
2937 1778 3232 1842 martyrem
3266 1772 3382 1826 fieri
3440 1771 3647 1826 condo-

377 1860 527 1930 quod
571 1860 675 1914 sibi
724 1860 900 1917 fuerat
945 1859 1275 1932 iniunctum.
1330 1860 1487 1929 Quod
1550 1860 1629 1915 illi
1681 1858 1966 1914 audientes
1997 1855 2038 1910 Β
2067 1866 2238 1931 navit,
2268 1866 2518 1920 tribuens
2550 1879 2684 1920 mea:
2717 1864 2990 1920 devotioni
3017 1881 3129 1920 sua:
3151 1865 3424 1935 passionis
3443 1865 3645 1933 jucuné

376 1953 536 2009 Valde
588 1953 760 2024 gavisi
813 1963 976 2019 sunt,
1037 1965 1087 2010 et
1145 1964 1490 2011 assumentes
1531 1955 1765 2010 latomos
1813 1953 1960 2007 circa

377 2045 557 2100 noctis
606 2046 770 2114 hujus
795 2047 1122 2100 matutinum
1156 2055 1370 2117 tempus
1405 2053 1674 2102 venerunt
1702 2045 1960 2124 sine'mi-

377 2138 567 2194 litibus
605 2139 672 2193 ad
712 2140 892 2194 locum
929 2140 1022 2210 qui
1055 2140 1160 2195 sibi
1191 2139 1369 2195 fuerat
1410 2146 1688 2195 ostensus.
1725 2137 1824 2192 Vir
1862 2152 1962 2191 au-

376 2241 486 2284 tem
548 2228 766 2285 Domini
823 2231 952 2302 vigil
1009 2232 1067 2286 in
1133 2233 1385 2287 oratione
1425 2238 1479 2286 et
1530 2231 1732 2302 vigiliis
1785 2237 1959 2286 totam

376 2327 592 2377 noctem
629 2321 936 2378 insomnem
968 2322 1225 2378 duxerat.
1256 2323 1326 2376 At
1355 2323 1448 2378 ubi
1478 2335 1668 2378 eorum
1706 2305 1961 2392 cognovit

377 2415 690 2479 adventum,
726 2416 943 2471 cunctis
973 2417 1066 2487 qui
1100 2431 1286 2470 secum
1316 2417 1543 2471 aderant
1576 2428 1772 2486 sopore
1805 2415 1961 2484 quie—

376 2508 680 2572 scentibus,
706 2509 852 2564 lento
883 2506 1054 2579 gradu
1104 2509 1388 2580 ingressus
1427 2515 1512 2563 est
1557 2509 1611 2562 in
1643 2506 1958 2562 interiorem

375 2599 618 2654 carceris
666 2608 898 2669 partem.
949 2607 1000 2654 et
1032 2598 1190 2668 jUxta
1241 2599 1549 2655 condictam
1606 2599 1957 2670 sponsionem

374 2703 574 2746 sonum
633 2690 868 2746 faciebat
917 2692 970 2745 in
1027 2692 1266 2761 pariete;
1315 2707 1478 2762 quem
1525 2691 1604 2746 illi
1649 2690 1959 2746 forinsecus

373 2785 700 2851 audientes,
775 2785 920 2842 facto
986 2785 1254 2840 foramine
1321 2793 1686 2856 susceperunt
1751 2785 1956 2840 Christi

375 2876 635 2931 athletam
695 2893 806 2933 non
836 2891 976 2932 aerea
1007 2877 1217 2941 lorica,
1267 2877 1362 2933 sed
1411 2878 1616 2932 virtute
1661 2875 1959 2932 Dominicae

373 2969 557 3025 crucis
586 2968 827 3041 undique
857 2974 1126 3027 munitum
1150 3015 1164 3039 ,
1202 2978 1561 3041 paratumque
1611 2968 1836 3039 implere
1869 2966 1950 3022 di-

373 3060 558 3114 vinum
591 3077 896 3117 sermonem
932 3065 1025 3134 qui
1072 3064 1204 3118 dicit
1238 3081 1252 3119 :
1291 3061 1473 3116 Nolite
1519 3062 1701 3114 timere
1750 3077 1837 3115 eos
1867 3061 1958 3130 qui

373 3171 561 3224 corpus
601 3155 867 3222 occidunt,
926 3159 1161 3212 animam
1211 3166 1386 3211 autem
1426 3171 1529 3209 non
1571 3163 1790 3223 possunt
1815 3154 1956 3207 occi-

371 3249 535 3314 dere;
560 3250 650 3305 sed
675 3253 851 3321 potius
881 3269 1000 3306 eum
1042 3252 1220 3305 timete
1251 3251 1341 3321 qui
1367 3257 1537 3318 potest
1564 3257 1615 3302 et
1645 3249 1881 3301 animam
1904 3257 1956 3302 et

378 3357 561 3412 :orpus
591 3343 807 3412 perdere
839 3344 893 3396 in
923 3343 1233 3414 gehennam.
1262 3341 1397 3394 Mira
1434 3341 1553 3396 res!
1582 3338 1715 3393 Tam
1741 3341 1955 3397 validus

370 3433 629 3488 imbrium
662 3435 823 3492 turbo
848 3428 1273 3504 collisionesque
1302 3443 1593 3488 ventorum
1649 3433 1702 3486 in
1759 3433 1952 3487 eadem

369 3535 654 3597 Strepuere
703 3535 887 3592 nocte,
919 3537 982 3580 ut
1025 3540 1184 3581 nemo
1216 3533 1405 3581 eorum
1450 3525 1545 3594 qui
1587 3525 1956 3579 observabant

367 3619 618 3674 Carceris
659 3619 836 3683 fores,
893 3627 1080 3688 posset
1129 3618 1318 3672 audire
1376 3616 1667 3674 effodiendi
1731 3633 1949 3672 sonum.

368 3711 859 3769 Constantissimus
902 3720 1084 3767 autem
1133 3721 1340 3784 martyr
1369 3714 1599 3783 urgebat
1653 3710 1953 3766 homicidas

368 3798 538 3861 illos:
582 3805 790 3871 Facite,
846 3805 1121 3875 inquiens,
1159 3805 1306 3876 quod
1359 3804 1560 3858 facturi
1609 3805 1764 3867 estis,
1798 3803 1952 3873 prius

365 3916 530 3971 quam
557 3901 661 3956 hoc
692 3901 932 3956 sentiant
957 3894 1048 3970 qui
1073 3915 1159 3956 me
1185 3901 1593 3956 custodiebant.

435 3995 506 4048 At
538 3994 615 4048 illi
642 3995 897 4050 tollentes
928 4010 1052 4050 eum
1091 3991 1369 4048 duxerunt
1404 3994 1458 4046 in
1501 3994 1682 4048 locum
1714 3995 1808 4063 qui
1863 3993 1948 4048 di-

363 4085 508 4140 citur
539 4085 796 4152 Bucolia,
830 4085 925 4140 ubi
979 4085 1034 4140 et
1087 4092 1316 4139 sancttIs
1371 4080 1590 4155 Marcus
1624 4085 1948 4155 martyrium

361 4192 463 4248 pro
497 4177 716 4232 Christo
749 4149 1012 4249 suscepit.
1039 4172 1322 4248 Stupenda
1361 4149 1679 4232 saiictorUm
1730 4149 1942 4231 virtus!

359 4267 500 4325 Cum
548 4285 673 4324 eum
707 4270 991 4335 ducerent,
1043 4277 1098 4325 et
1142 4276 1348 4324 tantam
1381 4262 1528 4324 illius
1581 4268 1944 4322 conSlantiam

358 4363 507 4418 circa
548 4363 805 4420 funereos
833 4379 996 4418 casus
1019 4370 1343 4433 tantumque
1378 4362 1545 4416 animi
1569 4360 1738 4414 robur
1768 4360 1948 4430 inspi-

357 4463 549 4510 cerent
571 4497 586 4519 ,
637 4457 818 4512 subito
851 4457 1111 4512 horridus
1142 4471 1312 4527 pavor
1348 4455 1684 4524 timidusque
1739 4462 1947 4507 tremor

2063 1955 2192 2010 dum
2215 1955 2460 2019 odorem,
2502 1963 2562 2009 ut
2590 1963 2644 2010 et
2679 1970 2780 2023 ego
2815 1955 3049 2010 hostiam
3084 1956 3188 2009 mei
3221 1955 3434 2010 cruoris
3473 1956 3645 2010 libare

2063 2046 2142 2101 illi
2187 2047 2384 2119 dignus
2431 2047 2654 2102 eﬁiciar.
2705 2047 2772 2100 Et
2824 2047 2952 2118 quia
2998 2047 3312 2102 istiusmodi
3365 2049 3644 2103 libationis

2062 2149 2218 2210 urget
2248 2140 2534 2204 articulus,
2571 2155 2667 2193 ora
2722 2155 2820 2209 pro
2872 2155 2959 2195 me
2992 2146 3085 2203 ut,
3121 2139 3302 2194 divina
3343 2141 3646 2212 Opitulapte

2061 2231 2285 2295 virtute,
2307 2230 2542 2285 stadium
2579 2229 2741 2299 hujus
2770 2229 2961 2300 agonis
2993 2228 3157 2284 corde
3189 2229 3417 2284 robusto
3451 2244 3515 2283 ac
3540 2228 3646 2284 ﬁde

2061 2322 2473 2394 promptissima
2508 2320 2771 2391 perﬁcere
2815 2335 3048 2374 merear.
3104 2319 3447 2374 Commendo
3479 2320 3642 2375 etiam

2063 2425 2168 2470 tuae
2194 2413 2447 2484 gloriosae
2497 2412 2814 2483 paternitati
2840 2411 3230 2466 Christicolum
3264 2426 3515 2482 gregem,
3549 2411 3644 2482 qui

2062 2509 2196 2562 mihi
2247 2506 2509 2578 pastorali
2552 2505 2820 2576 regimine
2853 2504 3183 2560 commissus
3224 2512 3346 2571 est;
3383 2505 3504 2569 tibi,
3561 2507 3646 2558 in-

2063 2615 2250 2671 quam,
2289 2615 2414 2655 cum
2465 2599 2788 2670 suppliciter
2837 2598 3190 2665 commendo,
3244 2597 3339 2668 qui
3397 2597 3642 2652 onmium

2061 2693 2484 2764 praecedentium
2531 2709 2596 2748 ac
2634 2692 3088 2762 subsequentium
3119 2693 3177 2746 in
3207 2691 3312 2747 hoc
3343 2691 3643 2762 pontiﬁcali

2063 2787 2260 2842 throno
2294 2794 2490 2842 auctor
2527 2793 2692 2855 atque
2739 2793 2887 2840 tutor
2939 2799 3063 2840 esse
3113 2783 3396 2855 probaris,
3437 2783 3644 2854 quique

2060 2879 2224 2948 huius
2269 2879 2563 2949 primatum
2596 2877 2826 2944 habens,
2881 2893 2990 2932 non
3042 2875 3302 2940 hominis,
3337 2875 3431 2931 sed
3462 2874 3556 2930 Dei
3589 2882 3646 2931 εἱ

2059 2971 2300 3027 hominis
2321 2969 2452 3028 Jesu
2478 2970 2706 3034 Christi,
2727 2984 3020 3027 successor
3046 2969 3288 3024 exsistis.
3316 2967 3382 3021 Et
3407 2968 3522 3022 haec
3557 2967 3645 3020 dio

2059 3079 2212 3129 cens,
2251 3063 2399 3118 haud
2429 3064 2590 3134 longe
2634 3079 2665 3118 a
2713 3078 2873 3118 sacro
2907 3063 3118 3116 tumulo
3147 3061 3371 3117 remotis
3399 3062 3642 3132 vestigiis

2058 3157 2425 3225 manibusque
2455 3155 2511 3209 in
2543 3156 2742 3210 coelum
2772 3154 3038 3217 extensis,
3065 3170 3197 3209 voce
3229 3169 3424 3225 magna
3458 3169 3645 3224 preca-s

2056 3255 2147 3302 tus
2182 3266 2196 3302 :
2234 3247 2542 3318 Unigenite,
2570 3247 2770 3317 inquit,
2800 3245 3037 3302 Verbum
3069 3247 3257 3301 aeterni
3297 3246 3478 3301 Patris
3511 3245 3643 3302 Jesu

2057 3339 2296 3403 Christe,
2311 3340 2510 3395 exaudi
2529 3355 2616 3396 me
2633 3347 2781 3393 tuam
2803 3339 3238 3409 interpellantem
3259 3339 3638 3405 clementiam;

2057 3433 2305 3504 pacifica,
2355 3449 2562 3502 quzeso,
2617 3439 2998 3502 tempestatem
3049 3429 3310 3486 Ecclesiae
3345 3443 3469 3495 tute,
3505 3430 3644 3485 eﬁu-

2057 3527 2213 3582 sione
2242 3526 2526 3596 sanguinis
2555 3525 2662 3579 mei
2693 3525 2837 3580 servi
2877 3524 2956 3578 tui
3003 3523 3273 3579 conclude
3304 3523 3642 3593 persecutio-n

2055 3633 2177 3673 nem
2219 3617 2406 3688 populi
2456 3617 2558 3670 tui.
2594 3615 2751 3671 Tunc
2802 3616 3052 3687 quaedam
3092 3615 3247 3685 virgo
3291 3615 3402 3670 Deo
3434 3615 3637 3679 dicata,

2053 3726 2176 3781 quae
2245 3711 2629 3766 asceteriolum
2685 3709 2851 3780 hujus
2918 3709 3268 3780 evangelislze
3323 3710 3638 3765 cmmelerio

2053 3804 2455 3867 conterminum
2491 3801 2751 3866 habebat,
2796 3810 3127 3874 pernoctans
3157 3802 3214 3855 in
3261 3803 3508 3857 oratione
3534 3819 3635 3856 aud

2052 3897 2189 3952 divit
2241 3911 2428 3952 vocem
2484 3896 2552 3952 de
2613 3897 2753 3952 coelo
2805 3896 3076 3952 dicentem
3122 3893 3369 3950 :Petrus
3420 3895 3635 3948 initium

2052 3990 2448 4061 apostolorum,
2485 3989 2682 4047 Petrus
2717 3990 2841 4046 ﬁnis
2893 3997 3197 4062 martyrum
3252 3989 3636 4060 epiSCOporum

2048 4083 2414 4139 Alexandria.

2121 4176 2402 4248 Completa
2461 4178 2713 4235 oratione
2774 4177 3104 4235 deosculans
3173 4176 3420 4232 tumbam
3487 4176 3634 4232 beati

2049 4271 2394 4339 evangelista:
2420 4278 2474 4325 et
2507 4271 2843 4341 reliquorum
2885 4270 3202 4342 pontiﬁcum
3245 4270 3338 4340 qui
3377 4269 3514 4323 inibi
3547 4277 3636 4322 tua

2048 4359 2238 4412 mulati
2265 4368 2442 4424 erant,
2471 4360 2638 4415 exivit
2676 4361 2744 4416 ad
2770 4362 3044 4416 tribunos.
3079 4361 3149 4414 At
3172 4361 3248 4414 illi
3279 4361 3524 4416 videntes
3551 4360 3634 4413 fa-

2049 4449 2187 4503 ciem
2212 4451 2333 4520 ejus
2359 4460 2616 4523 tanquam
2651 4436 2844 4507 faciem
2887 4454 3088 4524 angeli,
3122 4461 3332 4508 terrore
3366 4453 3628 4523 perculsi,

355 4561 454 4604 eos
485 4549 686 4602 invasit
717 4548 771 4601 in
802 4557 1015 4601 tantmn
1065 4557 1126 4603 ut
1168 4549 1352 4603 nullus
1406 4563 1474 4602 ex
1517 4547 1599 4602 eis
1652 4545 1707 4599 in
1745 4543 1938 4599 faciem
1973 4551 2018 4604 1)
2047 4541 2380 4595 verebantur
2425 4544 2475 4598 ei
2506 4543 2710 4609 aliquid
2745 4544 2812 4599 de
2847 4544 3075 4600 instanti
3117 4560 3291 4615 agone
3323 4544 3492 4614 loqui.
3532 4543 3632 4598 νεά

355 4641 478 4709 ejus
525 4639 810 4694 intendere
851 4640 1102 4695 auderet.
1141 4631 1392 4711 Rogabat
1441 4647 1702 4710 praeterea
1735 4644 1942 4705 martyr

355 4728 709 4786 beatissimus
741 4738 800 4783 ut
836 4731 1081 4785 sinerent
1112 4745 1234 4785 eum
1264 4729 1332 4784 ad
1367 4729 1543 4784 sancti
1569 4724 1735 4784 Marci
1776 4744 1943 4785 evan-

357 4823 564 4894 gelis'tae
593 4822 913 4878 memoriam
958 4821 1068 4888 ire;
1103 4821 1357 4891 cupiebat
1399 4814 1544 4876 enim
1579 4821 1700 4890 ejus
1732 4832 1791 4875 se
1843 4833 1942 4892 pa-

354 4916 604 4970 trociniis
647 4906 1053 4971 commendare.
1106 4913 1176 4967 At
1211 4913 1290 4966 illi
1323 4923 1435 4983 pra:
1476 4911 1707 4983 pudoris
1747 4912 1941 4967 confu-

354 5008 510 5064 sione
534 5015 734 5062 terram
763 5006 1171 5076 despectantes,
1199 4994 1411 5068 Facito,
1459 5004 1735 5073 inquiunt,
1789 5003 1935 5074 quod

351 5099 458 5163 vis,
490 5107 702 5154 tantum
732 5099 998 5154 velocius.
1051 5097 1338 5152 Accedens
1388 5091 1572 5166 itaque
1615 5097 1936 5167 complexus

351 5200 437 5248 est
463 5191 894 5247 sacratissimum
933 5190 1282 5261 evangelista:
1308 5188 1710 5253 cmmeterium,
1745 5196 1798 5243 et
1824 5189 1940 5242 vel-

350 5288 427 5340 uti
480 5287 536 5340 in
577 5301 746 5341 carne
781 5285 984 5340 viventi
1022 5289 1186 5355 atque
1240 5277 1483 5338 audienti
1531 5283 1794 5352 loquens,
1831 5280 1937 5334 hoc

348 5377 513 5431 modo
547 5376 874 5446 precabatur
907 5395 920 5429 :
958 5372 1120 5430 Pater
1152 5375 1563 5434 honestissime.
1615 5381 1669 5427 tu
1699 5387 1936 5441 evange-

348 5469 475 5524 lista
498 5467 758 5540 nnigeniti
785 5466 1105 5533 Salvatoris,
1137 5472 1195 5522 tu
1221 5467 1380 5523 testis
1413 5466 1732 5537 paSSiOMm
1764 5463 1934 5546 illius,

352 5569 403 5613 te
449 5561 686 5630 primum
741 5559 1053 5630 pontiﬁcem
1103 5569 1158 5616 et
1217 5558 1619 5614 ﬁrmamentum
1662 5554 1938 5611 cathedra:

2046 4641 2356 4689 rttmtamen
2379 4635 2508 4705 quia
2536 4633 2680 4692 Deus
2722 4653 2831 4691 non
2885 4637 3090 4693 deserit
3139 4645 3425 4706 sperantes
3459 4637 3514 4690 in
3548 4652 3627 4697 se,

2046 4716 2223 4778 noluit
2261 4734 2557 4798 martyrem
2588 4744 2747 4783 suum
2779 4728 2832 4782 in
2865 4729 3100 4784 articulo
3131 4731 3267 4782 tanti
3292 4727 3629 4783 discriminis

2046 4817 2253 4888 absque
2288 4819 2487 4874 solatio
2533 4821 2862 4892 relinquere.
2893 4821 3037 4876 Ecce
3089 4822 3311 4892 quidam
3367 4832 3534 4877 senex
3574 4827 3631 4874 et

2045 4909 2294 4979 quaedam
2327 4911 2482 4982 virgo
2522 4914 2698 4968 vetula
2733 4916 3014 4970 venientes
3053 4930 3123 4969 ex
3173 4913 3389 4985 oppidis
3423 4927 3633 4984 prope—-

2046 5003 2240 5057 rabant
2267 5003 2322 5058 in
2356 5005 2655 5069 civitatem,
2691 5023 2922 5077 quorum
2968 5024 3111 5063 unus
3142 5018 3376 5078 quatuor
3409 5006 3632 5061 venali-

2046 5085 2162 5148 cias
2194 5086 2474 5152 deferebat
2509 5099 2700 5167 pelles,
2753 5096 2920 5154 altera
2973 5111 3191 5170 quoque
3221 5101 3465 5169 geminas
3499 5099 3632 5154 sin—

2045 5187 2237 5244 dones.
2270 5181 2516 5245 Cernens
2546 5206 2642 5247 eos
2673 5193 2865 5248 beatus
2915 5195 3145 5248 antistes
3165 5236 3180 5258 ,
3215 5192 3470 5263 cognovit
3499 5208 3632 5263 erga

2047 5295 2107 5335 se
2136 5280 2377 5337 divinam
2419 5284 2903 5354 dispensationem.
2951 5286 3104 5342 Illico
3145 5294 3498 5356 percontatus
3545 5301 3631 5342 ρει

2047 5372 2238 5429 dicens
2269 5394 2282 5428 :
2313 5375 2614 5432 Christiani
2646 5379 2823 5434 estis?
2854 5379 2948 5449 qui
2989 5379 3246 5434 dixerunt
3282 5398 3295 5433 :
3330 5377 3528 5437 Etiam,
3565 5375 3628 5432 Et

2043 5465 2142 5528 ait,
2171 5479 2280 5537 quo
2310 5469 2578 5540 pergitis?
2609 5470 2675 5524 Et
2707 5471 2783 5524 illi
2826 5489 2840 5526 :
2885 5471 2964 5525 Ad
3002 5471 3300 5536 nundinas,
3349 5469 3627 5541 inquiunt,

2046 5555 2200 5611 urbis
2229 5567 2289 5612 ut
2315 5561 2691 5616 venundemus
2724 5561 2842 5617 haec
2871 5577 2992 5633 quae
3013 5561 3333 5618 deferimus.
3361 5561 3632 5616 Clemena-

421 5741 497 5812 (a)
530 5742 675 5798 Bene
729 5750 942 5812 nostcr_
971 5750 1070 5812 per
1099 5741 1243 5812 hanc
1300 5736 1641 5795 reticentiam
1705 5736 1836 5792 vitat
1879 5736 2161 5801 nominum
2196 5735 2662 5807 perturbationem
2689 5748 2810 5802 qua:
2834 5732 3080 5790 occurrit
3110 5732 3167 5786 in
3203 5729 3354 5786 Actis
3390 5729 3630 5786 Combe:

351 5809 558 5872 ﬁsranis
577 5823 631 5871 et
653 5813 708 5868 in
737 5813 861 5868 cod.
902 5809 1022 5865 Vat.
1051 5811 1174 5866 623.
