4110 6446
513 329 620 383 465

1531 323 1586 378 S.
1627 322 1829 378 PETRI
1871 323 2335 379 ALEXANDBINI
2377 323 2681 379 EPISCOPI

3635 327 3740 386 464

517 463 763 521 tissimus
790 467 968 514 autem
995 458 1156 513 Pater
1193 459 1475 528 subjunxit
1510 477 1524 512 ι
1560 456 1740 512 Filioli
1795 459 1896 512 mei
1935 459 2079 513 ﬁde-
2110 466 2153 520 Α
2250 461 2560 517 Cunvolans
2593 462 2794 516 interea
2845 476 2909 516 ex
2949 461 3212 532 populosa
3259 461 3394 517 urbe
3445 463 3740 532 promiscui

516 555 616 618 les,
653 553 793 608 Deus
831 567 926 606 vos
961 549 1287 615 destinavit,
1318 556 1657 620 perseverate
1705 564 1938 603 meeum.
1972 549 2076 616 Qui

516 647 765 720 protinus
793 659 916 700 eum
949 652 1327 714 agnoscentes,
1359 639 1619 696 dixerunt
1667 659 1682 694 :
1727 639 1794 694 Ut
1836 642 2075 711 jussisti,

515 738 750 793 domine.
806 735 871 790 Et
901 749 1198 790 conversus
1232 734 1296 788 ad
1329 733 1579 787 tribunos
1608 752 1621 787 :
1657 731 1752 785 Eia
1787 734 1948 803 agite,
1981 734 2078 788 in-

513 831 650 899 quit,
683 829 826 900 quod
859 828 1033 883 acturi
1069 827 1222 890 estis,
1258 827 1593 896 complentes
1625 825 1827 895 regiam
1859 825 2079 894 jussio—

512 938 669 984 nem,
723 921 979 991 quoniam
1019 919 1135 974 dies
1187 919 1300 988 jam
1361 919 1680 972 illucescere
1732 919 1920 986 cmpit.
1970 917 2074 988 Ipsi

512 1021 690 1067 autent
723 1013 795 1067 ob
818 1011 1022 1066 nefaria
1057 1011 1316 1080 principis
1347 1010 1561 1064 decreta
1617 1009 1774 1078 quasi
1806 1009 1912 1062 vim
1965 1024 2077 1079 pa-

510 1105 730 1166 tientes,
758 1104 1001 1158 tulerunt
1030 1118 1152 1158 eum
1195 1117 1226 1157 e
1254 1101 1474 1172 regione
1507 1101 1802 1156 sanctuarii
1830 1116 2078 1171 evange-

511 1195 647 1251 listte
679 1195 733 1249 in
760 1195 951 1249 vallem
977 1194 1131 1262 juxta
1163 1193 1432 1263 sepulcra.
1462 1191 1528 1246 Et
1564 1200 1818 1249 sanctus:
1846 1192 2075 1264 Expan-

511 1286 643 1348 dite,
678 1285 872 1354 inquit,
895 1300 927 1340 ο
957 1300 1135 1348 senes,
1169 1283 1336 1354 pelles
1365 1299 1502 1352 quas
1535 1283 1854 1346 advectatis,
1887 1284 2075 1340 simul-

509 1393 616 1446 que
650 1385 735 1438 tu,
775 1376 984 1437 vetula,
1047 1373 1323 1429 sindones.
1369 1373 1580 1439 Quibus
1617 1376 1905 1445 expansis,
1971 1389 2074 1428 ro-

508 1468 859 1524 bustissimus
915 1475 1122 1537 martyr
1187 1467 1423 1536 desuper
1477 1465 1815 1530 ascendens,
1867 1467 2074 1536 palmas

507 1567 766 1628 utrasque
818 1573 1037 1613 sursum
1093 1558 1376 1618 extendit,
1431 1571 1494 1610 ac
1561 1557 1791 1626 proinde
1842 1559 2073 1628 poplites

507 1649 656 1703 humi
700 1647 860 1710 ﬁxus,
893 1647 1131 1701 animum
1183 1661 1398 1716 quoque
1444 1646 1584 1700 cmlo
1628 1646 1890 1707 intentus,
1935 1661 2073 1716 gra-

503 1740 702 1793 tiarum
734 1739 976 1793 actiones
1006 1737 1362 1806 omnipotenti
1413 1737 1751 1806 agonothetaa
1787 1738 2067 1808 persolvit,

503 1832 861 1900 muniensque
895 1845 954 1886 se
995 1829 1174 1884 crucis
1207 1830 1490 1899 signaculo
1532 1828 1689 1894 dixit,
1716 1827 1907 1883 Amen.
1937 1829 2068 1884 Dein
2100 1803 2142 1865 Β

501 1922 880 1992 omophorium
911 1922 1164 1976 relaxans
1197 1935 1227 1974 a
1258 1921 1400 1974 collo
1421 1959 1435 1984 ,
1485 1920 1756 1975 cervicem
1796 1921 2022 1975 tetendit
2051 1939 2066 1977 :

500 2013 653 2079 Quod
685 2012 860 2075 vobis,
897 2012 1171 2082 inquiens,
1221 2012 1437 2082 jussum
1469 2019 1574 2074 est,
1621 2013 1888 2068 maturius
1919 2011 2071 2068 deli-

497 2102 624 2159 hera
632 2114 702 2158 te.

568 2193 938 2267 Obriguerunt
986 2195 1192 2250 interea
1241 2194 1587 2249 tribunorum
1639 2209 1867 2260 manus,
1907 2204 2069 2266 atque

498 2287 728 2342 invicem
785 2302 844 2342 se
889 2293 1234 2356 aspectantes
1274 2285 1343 2339 ad
1391 2285 1495 2339 hoc
1553 2283 1765 2342 facinus
1804 2299 2068 2354 provoca-

496 2378 658 2443 bant;
685 2377 779 2432 sed
827 2392 1020 2432 omnes
1065 2373 1356 2430 formidine
1387 2374 1534 2444 capti
1567 2373 1878 2442 stupebant.
1910 2373 2069 2428 Tan—

497 2469 617 2523 dem
648 2484 714 2522 ex
743 2483 1011 2523 consensu
1039 2467 1246 2536 placuit
1277 2471 1336 2518 ut
1357 2465 1425 2520 de
1453 2465 1727 2520 communi
1761 2480 1869 2520 aere
1901 2466 2068 2520 inter-

497 2559 749 2614 fectionis
800 2558 1080 2629 praemium
1109 2562 1494 2627 apponeretur,
1532 2566 1586 2610 et
1617 2557 1662 2610 si
1696 2555 1822 2626 quis
1873 2556 2064 2611 istius—

495 2651 640 2706 modi
676 2651 858 2706 scelus
883 2657 1195 2720 perpetrare
1223 2665 1392 2703 ausus
1422 2655 1588 2711 esset,
1638 2647 1753 2717 ipse
1783 2647 2064 2702 homicidii

495 2742 802 2796 lucraretur
865 2749 1155 2811 qumstum.
1216 2737 1370 2793 Haud
1425 2754 1621 2804 mora;
1687 2738 2063 2808 unusquisque

492 2848 680 2887 eorum
708 2835 948 2903 quinque
978 2832 1206 2903 protulit
1238 2830 1464 2887 solidos.
1491 2828 1717 2897 Verum,
1747 2839 1806 2884 ut
1844 2831 2063 2902 gentilis

492 2923 569 2976 ait
597 2931 755 2994 poeta
782 2942 795 2978 :

792 3027 932 3094 Quid
971 3042 1074 3080 non
1103 3026 1353 3081 mortalia
1378 3034 1588 3097 pectora
1615 3027 1780 3097 cogis,

668 3099 803 3152 Auri
833 3113 987 3152 sacra
1013 3098 1179 3166 [antes
1205 3097 1226 3150 .'

492 3219 635 3257 unus
669 3219 733 3259 ex
765 3204 846 3259 eis
869 3204 977 3257 ritu
1011 3201 1310 3274 proditoris
1353 3201 1526 3266 Judae,
1557 3200 1803 3272 pecuniae
1832 3200 2058 3270 cupidi-

489 3304 600 3351 tate
617 3297 791 3352 audax
808 3296 1055 3360 eﬂ‘ectus,
1077 3304 1295 3350 exserto
1317 3295 1495 3365 gladio
1515 3294 1718 3350 Christi
1748 3295 2053 3363 pontiﬁcem

488 3387 664 3457 capite
698 3385 1045 3442 obtruncavit
1073 3385 1177 3440 sub
1213 3384 1303 3439 die
1339 3384 1550 3439 scilicet
1579 3399 1654 3438 vn
1690 3382 2053 3436 Kalendarum

489 3478 864 3533 Decembrium
892 3477 991 3548 (a),
1023 3491 1146 3532 cum
1205 3475 1430 3530 haberet
1479 3475 1532 3528 in
1569 3473 1889 3544 pontificatu
1944 3487 2057 3526 an-

486 3583 588 3624 nos
621 3584 719 3630 xn,
753 3579 983 3637 quorum
1015 3578 1126 3621 tres
1158 3575 1282 3621 ante
1311 3566 1771 3636 persecutionem,
1812 3565 2054 3634 reliquos

487 3674 615 3714 vero
649 3675 840 3713 novem
895 3660 953 3714 in
1002 3657 1236 3713 diversis
1269 3657 1710 3728 persecutionum
1759 3657 2053 3726 generibus

486 3750 689 3818 exegit.
731 3748 940 3804 Exinde
990 3750 1208 3804 sublato
1267 3749 1335 3802 ab
1385 3748 1716 3818 spiculatore
1771 3748 2052 3818 sanguinis

486 3839 682 3907 pretio,
711 3838 838 3891 mali
882 3846 1158 3907 emptores
1185 3840 1271 3892 vel
1306 3839 1484 3908 potius
1516 3839 1728 3893 cruenti
1768 3837 2052 3893 homicidae

485 3929 597 3982 cito
643 3929 804 3984 citius
861 3937 1244 3993 recesserunt,
1299 3929 1614 3984 metuebant
1663 3930 1807 3984 enim
1865 3931 2051 4000 pepuli

485 4018 908 4082 multitudinem,
943 4034 1219 4088 quoniam,
1253 4020 1330 4073 uti
1376 4020 1654 4090 praelatum
1689 4027 1793 4085 est,
1844 4021 2050 4089 absque

484 4108 702 4164 militari
758 4111 1012 4180 praesidio
1051 4119 1226 4165 erant.
1259 4111 1472 4181 Corpus
1521 4119 1700 4166 autem
1744 4112 2044 4168 beatissimi

481 4198 759 4270 martyris,
813 4199 1269 4270 quemadmodum
1333 4209 1514 4270 patres
1567 4199 1906 4255 afﬁrmabant
1951 4203 2046 4273 qui

481 4288 610 4343 illuc
635 4289 795 4359 primi
825 4299 1211 4357 convenerant,
1235 4290 1534 4361 permansit
1566 4301 1756 4346 astans
1784 4298 2041 4362 tanquam

478 4380 711 4435 orationi
774 4382 1116 4445 incumbens,
1151 4382 1326 4438 donec
1382 4382 1600 4451 plurimi
1653 4392 2043 4438 concurrentes

2181 566 2345 606 sexus
2375 553 2766 607 innumerabile
2794 553 3008 622 vulgus,
3042 552 3263 622 plorans
3284 560 3336 607 et
3364 553 3578 622 ejulans
3608 555 3743 608 invi-

2178 656 2294 696 cem
2326 657 2385 696 se
2409 643 2793 697 sciscitabatur
2821 643 3079 713 ignorans
3109 644 3342 713 qualiter
3391 645 3494 700 hoc
3533 647 3744 701 evenis-

2179 737 2279 785 set.
2316 729 2521 786 Revera
2574 733 2717 786 enim
2767 747 2798 786 a
2839 734 3064 788 minimo
3111 749 3282 804 usque
3333 735 3398 790 ad
3445 738 3740 792 maximum

2179 824 2482 880 acerrimus
2527 825 2683 880 ﬂetus
2713 843 2903 881 onmes
2949 827 3178 898 rigabat.
3210 828 3462 884 Primarii
3509 845 3745 902 namque

2177 915 2415 972 civitatis
2443 931 2566 972 cum
2589 927 2876 973 cernerent
2907 921 3269 976 multitudinis
3302 921 3624 978 laudabilem
3646 925 3744 978 im-

2178 1007 2588 1076 portunitatem,
2614 1009 2707 1078 qui
2744 1024 2934 1065 sacras
2985 1010 3105 1080 ejus
3137 1011 3361 1066 exuvias
3405 1013 3742 1082 lipsanorum

2175 1098 2348 1167 gratia
2397 1099 2646 1154 scindere
2677 1100 3018 1171 satagebant,
3061 1102 3395 1158 involventes
3426 1118 3550 1157 eum
3591 1105 3743 1174 pelli-

2177 1189 2280 1245 bus
2335 1199 2499 1262 atque
2542 1192 2865 1249 sindonibus
2909 1193 3018 1251 illis
3057 1195 3228 1250 tutius
3281 1197 3738 1266 perstrinxerunt.

2177 1281 2404 1353 Semper
2436 1283 2580 1338 enim
2610 1284 2995 1340 sanctissimus
3024 1285 3118 1341 Dei
3161 1287 3407 1342 minister
3435 1295 3616 1344 vestes
3654 1303 3742 1343 sa-

2175 1374 2476 1429 cerdotales
2507 1374 2614 1428 albi
2649 1374 2849 1430 coloris
2875 1385 2993 1430 erat
3041 1376 3295 1441 amictus,
3333 1377 3437 1433 hoc
3484 1388 3567 1434 est
3597 1379 3744 1434 tuni-

2174 1480 2294 1518 cam
2318 1472 2370 1518 et
2398 1465 2670 1520 colobium
2699 1481 2911 1520 necnon
2949 1475 3001 1520 et
3035 1467 3438 1536 omophorium.
3467 1468 3596 1524 Post
3626 1470 3740 1525 hzec

2174 1557 2339 1627 igitur
2371 1564 2493 1610 orta
2522 1566 2605 1612 est
2637 1557 2779 1611 inter
2802 1572 2898 1613 eos
2934 1573 3040 1612 non
3077 1572 3241 1628 parva
3276 1561 3587 1629 contentio;
3621 1564 3741 1632 qui-

2173 1645 2297 1700 dam
2329 1647 2474 1701 enim
2523 1647 2926 1702 sacratissimos
2965 1656 3118 1704 artus
3159 1648 3216 1703 in
3259 1651 3546 1706 ecclesiam
3575 1667 3740 1722 quam

2177 1739 2294 1809 ipse
2319 1737 2699 1802 aediﬁcaverat,
2722 1737 2813 1792 ubi
2842 1747 2896 1794 et
2931 1754 3077 1793 nunc
3103 1740 3418 1810 requiescit,
3453 1742 3742 1798 advectar‘e

2171 1831 2517 1902 satagebant;
2549 1830 2641 1884 alii
2667 1839 2848 1885 autem
2874 1831 2941 1885 ad
2972 1833 3342 1887 sanctuarium
3364 1835 3732 1905 evangelista,

2170 1919 2262 1974 ubi
2293 1927 2347 1974 et
2376 1920 2622 1990 martyrii
2669 1928 2866 1974 metam
2895 1923 3202 1992 complevit,
3242 1923 3452 1980 deferre
3482 1926 3736 1980 niteban-

2169 2017 2259 2064 tur
2287 2027 2300 2064 :
2328 2017 2382 2065 et
2412 2009 2541 2064 dum
2572 2018 2766 2065 neutra
2796 2026 2926 2081 pars
2955 2012 3111 2067 alteri
3156 2015 3430 2078 cederent,
3456 2016 3739 2086 religionis

2167 2102 2490 2172 obsequium
2538 2109 2750 2157 vertere
2801 2113 3085 2174 cmperunt
3132 2106 3187 2160 in
3239 2122 3432 2178 pugnae
3482 2109 3734 2179 litigium.

2167 2193 2539 2261 Quorumdam
2587 2195 2793 2249 interea
2841 2205 3156 2252 senatorum
3191 2199 3434 2254 animosa
3474 2200 3732 2270 phalanx,

2165 2303 2232 2343 ex
2268 2289 2354 2343 bis
2375 2288 2466 2357 qui
2507 2302 2706 2342 cursus
2737 2287 2814 2358 (ά)
2850 2298 3133 2354 vocantur,
3164 2291 3408 2346 videntes
3442 2307 3562 2362 quae
3591 2295 3737 2349 acci-

2165 2381 2378 2444 derant,
2429 2395 2555 2434 nam
2605 2395 2762 2434 secus
2815 2397 2963 2436 mare
3012 2389 3203 2448 erant,
3238 2392 3566 2453 paraverunt
3612 2400 3733 2440 sca-

2165 2471 2351 2541 pham,
2386 2473 2678 2543 subitoque
2727 2472 3055 2542 arripientes
3086 2482 3304 2529 sanctas
3342 2475 3602 2545 reliquias
3630 2477 3735 2530 imo

2165 2571 2464 2634 posuerunt
2494 2565 2778 2631 naviculae,
2817 2571 2872 2619 et
2898 2565 3255 2622 ascendentes
3285 2575 3429 2622 retro
3469 2565 3730 2632 Pharum,

2164 2670 2260 2724 per
2290 2655 2466 2709 locum
2517 2656 2604 2711 cui
2663 2656 2916 2712 Leucade
2947 2657 3268 2712 vocabulum
3317 2665 3433 2722 est,
3465 2668 3733 2714 venerunt

2162 2743 2218 2798 in
2260 2745 2545 2801 ecclesiam
2591 2746 2919 2802 beatissima
2961 2745 3051 2801 Dei
3082 2746 3372 2803 Genitricis
3409 2763 3733 2818 semperque

2163 2833 2389 2904 virginis
2429 2833 2631 2898 Maria},
2661 2850 2846 2906 quam,
2885 2843 2945 2889 ut
2991 2834 3174 2890 dicere
3219 2849 3582 2905 ceperamus,
3616 2835 3734 2906 ipse

2161 2927 2232 2982 ob
2269 2934 2572 2998 martyrum
2622 2927 2934 2983 coemeteria
2975 2927 3043 2982 ad
3091 2925 3486 2982 occidentalem
3523 2935 3732 2999 partem

2160 3023 2217 3076 in
2246 3021 2480 3091 quodam
2515 3021 2758 3091 prosatio
2788 3018 2858 3090 (e)
2880 3027 3281 3074 construxerat.
3313 3020 3468 3075 Tunc
3497 3023 3734 3092 populo-

2161 3129 2280 3168 rum
2312 3113 2527 3183 agmina
2557 3126 2657 3167 ceu
2706 3121 2864 3182 rapto
2897 3112 3001 3166 sibi
3047 3111 3255 3166 ccelesti
3310 3111 3598 3179 thesauro,
3636 3113 3731 3169 alii

2161 3219 2257 3273 per
2288 3203 2506 3264 itinera,
2551 3201 2643 3255 alii
2696 3216 2792 3270 per
2824 3199 2979 3254 devia
3007 3215 3237 3270 quazque
3267 3202 3514 3270 properis
3552 3203 3734 3257 cursiv

2158 3295 2261 3348 bus
2296 3293 2679 3362 insequuntur.
2738 3291 2840 3356 Qui
2881 3291 3098 3345 tandem
3135 3292 3417 3348 venientes
3455 3307 3564 3347 non
3613 3294 3728 3364 jam

2157 3386 2247 3440 ubi
2279 3393 2573 3454 poneretur
2621 3384 3046 3444 altercabantur,
3083 3384 3176 3438 sed
3221 3384 3498 3438 communi
3529 3391 3583 3439 et
3618 3399 3729 3441 non

2158 3475 2517 3546 improbando
2561 3475 2822 3539 consilio,
2896 3475 3051 3544 prius
3088 3490 3212 3528 eum
3255 3474 3618 3530 decreverunt
3671 3476 3728 3530 in

2155 3581 2255 3622 sua
2309 3566 2566 3622 cathedra
2618 3579 2850 3636 ponere,
2921 3573 2975 3620 et
3030 3565 3108 3620 sic
3163 3565 3380 3620 demum
3435 3568 3730 3637 sepultura:

2155 3660 2388 3714 tradere.

2226 3753 2291 3805 Et
2316 3753 2437 3814 hoc,
2464 3751 2888 3823 prudentissime
2914 3751 3106 3818 lector,
3142 3753 3268 3806 nolo
3296 3760 3556 3824 tanquam
3583 3757 3727 3811 otio-

2154 3860 2274 3900 sum
2311 3844 2728 3899 deliramentum
2781 3844 3064 3910 attendas;
3107 3845 3364 3914 quoniam
3417 3847 3460 3899 si
3501 3863 3726 3909 causam

2154 3935 2384 4002 hujusce
2416 3932 2675 3988 novitatis
2697 3929 2974 3995 didiceris,
3008 3931 3216 3984 mirans
3239 3931 3561 3985 laudabilem
3612 3947 3730 4002 po—

2150 4028 2262 4098 puli
2297 4025 2469 4081 zelum
2503 4023 2817 4092 factumque
2861 4021 3139 4092 probabis.
3192 4019 3291 4075 Hic
3339 4021 3482 4074 enim
3531 4021 3728 4078 beatus

2151 4117 2380 4171 antistes
2428 4115 2647 4185 quando
2679 4114 2848 4168 divini
2889 4111 3131 4182 mysterii
3171 4117 3510 4165 sacramenta
3564 4111 3726 4166 cele-

2148 4208 2365 4272 brabat,
2425 4222 2558 4269 non,
2621 4207 2766 4260 sicut
2812 4203 3221 4259 ecclesiasﬁcus
3273 4216 3391 4256 mos
3441 4201 3623 4269 habet,
3665 4201 3721 4258 in

2149 4297 2450 4370 pontiﬁcali
2479 4297 2696 4356 throno.
2731 4294 2827 4350 sed
2854 4294 2908 4347 in
2938 4293 3059 4362 ejus
3091 4290 3438 4362 subpedaneo
3479 4293 3723 4348 scabello

2147 4391 2450 4457 residebat;
2504 4388 2649 4458 quod
2702 4386 2885 4457 populi
2933 4384 3295 4454 aspicientes,
3357 4398 3500 4454 aagre
3561 4383 3723 4438 acci-

478 4471 782 4526 invenirent
824 4472 957 4526 illud
995 4473 1184 4528 eodem
1212 4474 1374 4528 modo
1407 4474 1748 4542 consistens;
1784 4475 2041 4529 nimirum
2080 4499 2121 4554 D
2149 4483 2389 4554 piebant,
2423 4492 2476 4535 et
2508 4485 2908 4548 conquerentes
2935 4475 3304 4530 acclamabant
3339 4492 3352 4528 :
3395 4474 3640 4544 Oportet,
3685 4490 3722 4529 0

477 4562 622 4631 quod
659 4563 849 4618 vivens
880 4566 1078 4634 Saepius
1131 4573 1336 4634 egerat,
1405 4580 1535 4620 caro
1566 4565 1729 4621 etiam
1775 4567 2045 4622 exanimis

477 4653 799 4708 testabatur.
836 4655 1028 4709 Senem
1065 4670 1279 4725 quoque
1299 4665 1461 4726 atque
1495 4672 1658 4711 anum
1697 4657 1842 4710 illam
1879 4671 2047 4726 repe-

475 4751 667 4798 rerunt
698 4746 1056 4802 observantes
1087 4763 1210 4803 cum
1243 4750 1392 4803 luctu
1426 4757 1479 4802 et
1513 4748 1716 4817 gemiltt
1749 4747 2044 4816 pretiosis—

475 4835 676 4891 simum
733 4835 991 4892 Ecclesia:
1057 4840 1276 4895 monile.
1341 4837 1676 4893 Re'dinantcs
1728 4837 1801 4906 (υ)
1860 4838 2043 4906 itaque

473 4924 798 4994 triumphale
842 4924 1004 4982 funus
1025 4965 1040 4989 ,
1090 4941 1418 4995 sacrumque
1450 4935 1613 4994 caput
1644 4923 1842 4977 cervici
1876 4937 2044 4991 oppo-

473 5027 702 5079 nentes,
762 5026 1162 5086 conparuerunt
1218 5016 1579 5082 sindonihus;
1651 5029 1869 5069 sacrum
1911 5027 2040 5066 vero

470 5123 723 5162 cruorem
767 5109 860 5178 qui
891 5123 1050 5164 secus
1101 5107 1403 5170 aﬁluxerat,
1432 5106 1682 5176 peniculo
1731 5111 2042 5158 reverenter

471 5201 809 5272 collegerunt
837 5199 909 5270 (c)

538 5428 614 5495 (α)
654 5425 790 5495 God.
845 5431 969 5495 vat._
999 5423 1330 5495 622,‘nona_
1357 5431 1406 5475 et
1457 5423 1700 5495 vicesima
1738 5419 1852 5495 _die_
1869 5417 2037 5495 Athyr

466 5488 875 5550 mehéiszcta
934 5491 1214 5557 Combef.,
1265 5492 1521 5563 πέμπτην
1569 5493 1660 5545 ἐπὶ
1704 5489 1894 5544 εἰκάδα
1941 5488 2032 5540 τοῦ

463 5565 768 5638 Νοξμᾷριου
792 5564 978 5634 μηνός.
1055 5632 1066 5638 _
1129 5586 1164 5638 _-

555 5632 606 5689 b'l
636 5632 893 5689 Notemus
917 5632 1262 5687 vocabulum.

555 5635 590 5685 θ’
636 5635 893 5689 Notemus
917 5635 1262 5687 vocabulum.

534 5635 607 5772 ir;
639 5702 717 5758 En
743 5717 942 5772 novum
981 5702 1353 5772 testimonium
1385 5700 1452 5755 de
1479 5707 1720 5754 veterum
1765 5697 2031 5752 Christia-

462 5771 660 5829 norum
689 5787 819 5826 cura
871 5771 1062 5824 devota
1109 5771 1426 5839 sanguinem
1465 5777 1761 5837 martyrum
1810 5783 2030 5822 conser-

2147 4573 2328 4636 Pater,
2373 4573 2428 4625 in
2458 4578 2551 4624 tua
2575 4578 2629 4624 te
2654 4569 2844 4625 sedere
2880 4566 3168 4634 cathedra;
3199 4575 3252 4620 et
3287 4580 3412 4620 cum
3441 4567 3637 4620 crebro
3664 4565 3721 4622 id

2146 4666 2324 4735 ipsum
2357 4668 2698 4732 repeterent,
2741 4673 2970 4729 surgens
3019 4657 3234 4712 Domini
3273 4657 3523 4712 minister
3571 4657 3720 4727 ejus-

2145 4757 2291 4813 modi
2351 4753 2602 4825 querelas
2650 4750 2944 4820 tranquilla
2974 4763 3106 4804 voce
3135 4749 3388 4811 sedabat,
3419 4755 3474 4802 et
3518 4748 3717 4802 iterum

2143 4850 2200 4905 in
2244 4846 2434 4903 eodem
2466 4843 2704 4899 scabello
2726 4841 3023 4897 residebat.
3062 4838 3287 4894 Cunctis
3326 4847 3505 4893 autem
3542 4839 3719 4892 humi-

2144 4941 2312 4995 litatis
2359 4937 2533 5008 gratia
2591 4936 2694 4989 hoc
2744 4935 2828 5004 agi
2889 4931 3194 4987 videbatur.
3243 4929 3487 4996 Quodam
3530 4939 3714 4984 autem

2143 5045 2351 5100 magna:
2384 5028 2690 5083 festivitatis
2723 5025 2811 5080 die
2844 5039 2969 5078 cum
3009 5037 3166 5078 sacra
3192 5022 3481 5077 missarum
3516 5019 3718 5075 solem-

2141 5125 2230 5178 nia
2265 5131 2472 5193 ageret,
2516 5127 2570 5174 et
2601 5119 2707 5172 tale
2753 5116 2882 5186 quid
2944 5116 3122 5169 facere
3147 5113 3330 5176 vellet,
3391 5127 3502 5166 non
3532 5112 3712 5166 solum

2139 5216 2394 5287 populus,
2423 5212 2519 5269 sed
2544 5211 2709 5266 etiam
2738 5209 2918 5262 clerus
2950 5218 3192 5260 consona
3226 5219 3359 5259 voce
3395 5203 3716 5257 inclaman-

2136 5420 2319 5486 vandi,
2355 5418 2423 5473 de
2464 5429 2570 5486 qua
2600 5428 2658 5466 re
2681 5409 2773 5463 diu
2801 5408 3078 5462 Boldettus
3105 5406 3158 5459 in
3200 5403 3517 5460 Cwmeteriis
3565 5399 3707 5457 ΜΗ.

2135 5493 2227 5547 lib.
2267 5485 2439 5557 1,031)
2471 5485 2563 5558 27
2597 5497 2749 5552 εεψι-
2902 5547 2914 5558 .
2938 5546 2972 5558 ..
3191 5547 3203 5558 .
3231 5547 3241 5558 .

2205 5543 2549 5631 (ά)ἰιιιὲιιίεθ
2580 5543 2800 5608 cursum
2828 5546 3102 5618 publicum
3128 5546 3487 5604 velticularem
3512 5543 3595 5599 vel
3613 5553 3714 5597 na-

2133 5632 2448 5686 vicularem.

2203 5707 2270 5771 (ε)
2301 5697 2650 5758 Graecismus,
2681 5705 2778 5761 pro
2813 5688 3082 5743 suburbia.
