4110 6402
371 366 478 423 665

1720 363 1900 420 ACTA
1935 361 2249 418 SINCERA.

3504 355 3606 411 86⁸⁵

374 497 460 545 tes
487 486 741 541 dixerunt
773 505 784 539 :
838 484 976 542 Sede
1019 487 1075 540 in
1112 487 1241 543 sede
1293 493 1386 540 tua
1408 525 1422 548 ,
1458 499 1491 540 ο
1535 485 1810 555 episcope.
1845 484 1938 540 Ille
1967 495 2012 545 Α
2041 482 2271 536 virtutes
2303 479 2412 535 fieri
2473 495 2582 535 non
2611 478 2890 535 deficiunt.
2917 478 3014 531 Pia
3067 476 3265 534 etenim
3311 487 3438 533 vota
3467 479 3608 534 felici

374 590 579 643 autem,
629 579 913 649 cujusdam
965 578 1209 650 mysterii
1266 579 1550 643 conscius,
1604 578 1707 633 hoc
1752 575 1941 631 audire

375 673 784 739 dissimulavit;
850 672 1088 743 datoque
1143 671 1405 727 reticendi
1461 671 1662 726 indicio
1692 710 1707 734 ,
1767 685 1943 740 neque

374 769 520 823 enim
566 768 614 822 ei
646 767 936 837 quisquam
990 765 1256 822 obsistere
1297 763 1632 834 pertinacius
1687 761 1941 827 audebat,

377 860 538 916 silere
573 873 765 914 omnes
811 857 976 922 fecit,
1026 865 1082 912 et
1113 857 1468 912 nihilominus
1509 855 1752 925 ejusdem
1799 854 1943 910 sedis

377 949 612 1005 scabello
637 948 911 1014 subsedit;
935 947 1330 1018 celebratisque
1366 963 1433 1003 ex
1459 961 1612 1002 more
1654 945 1942 1001 missarum

377 1042 696 1108 solemniis,
735 1041 1115 1111 unusquisque
1154 1038 1392 1095 fidelium
1429 1039 1496 1093 ad
1532 1039 1750 1110 propria
1778 1052 1946 1107 repe-

373 1131 544 1187 dav".
1296 1150 1302 1156 ‘

447 1221 544 1276 Vir
597 1231 778 1278 autem
828 1220 1067 1286 Domini,
1119 1221 1335 1278 clericis
1386 1219 1693 1284 accersitis,
1752 1219 1945 1273 intima

377 1314 670 1369 serenitate
693 1314 1042 1384 tranquillus,
1067 1328 1302 1384 arguens
1322 1327 1416 1368 eos
1443 1311 1792 1368 temeritatis:
1813 1311 1944 1374 Cur,

376 1405 576 1475 inquit,
602 1405 872 1460 laicorum
897 1404 1124 1459 vocibus
1153 1403 1373 1458 admisti
1400 1418 1484 1459 me
1512 1402 1803 1472 objurgare
1837 1414 1946 1454 non

375 1493 988 1548 erubuistis?Attamen
1027 1491 1156 1563 quia
1200 1493 1323 1548 talis
1365 1493 1672 1564 objurgatio
1721 1506 1830 1545 non
1881 1489 1949 1546 de

373 1587 653 1658 jactantiae
685 1602 910 1643 caenoso
936 1594 1200 1653 torrente,
1235 1588 1330 1646 sed
1365 1589 1431 1644 de
1459 1588 1754 1660 purissimo
1800 1586 1949 1643 fonte

377 1677 693 1733 dilectionis
723 1678 982 1744 manavit,
1017 1679 1257 1748 aperiam
1288 1678 1444 1733 vobis
1489 1678 1654 1747 hujus
1703 1661 1949 1749 mysterii

379 1777 673 1825 secretum.
705 1768 1035 1841 Plerumque
1057 1771 1202 1826 enim
1232 1787 1355 1826 cum
1401 1771 1598 1826 throno
1626 1772 1702 1826 illi
1736 1786 1950 1843 appro-

2041 573 2384 629 exauditione
2407 573 2678 636 laetantur,
2706 569 3098 627 inﬁrmantium
3128 569 3388 625 sanitates
3408 579 3612 626 restau-

2043 671 2252 726 rantur,
2276 663 2624 734 expulsiones
2669 660 3072 718 Immundorum
3121 662 3433 732 spirituum,
3465 678 3611 717 mar-

2043 756 2179 828 tyris
2229 757 2480 810 meritum
2537 753 2917 810 testificantur.
2953 751 3078 806 Haec
3108 767 3354 817 munera,
3387 754 3614 809 Domine

2041 846 2206 912 Jesu,
2257 857 2345 902 tua
2386 857 2549 912 sunt,
2612 847 2699 901 cui
2757 846 3165 903 consuetudinis
3210 854 3294 901 est
3348 854 3612 918 martyres

2043 949 2168 996 tuos
2217 947 2342 1012 post
2393 939 2582 995 mortis
2611 939 2834 994 exitium
2868 940 2946 994 sic
2978 938 3322 1010 magnificare
3363 937 3608 1006 felicius;

2044 1031 2136 1102 qui
2187 1046 2313 1087 cum
2355 1030 2515 1086 Patre
2558 1037 2613 1086 et
2662 1031 3110 1086 consubstantiali
3159 1036 3349 1086 sancto
3409 1029 3612 1100 Spiritu

2045 1123 2184 1178 vivis
2231 1131 2287 1178 et
2347 1137 2544 1193 regnas
2591 1135 2688 1192 per
2745 1121 2956 1177 infinita
3009 1122 3208 1178 saecula
3267 1122 3609 1179 seculorum.

2045 1216 2214 1270 Amen
2238 1213 2334 1286 (ι).

2119 1307 2250 1364 Post
2304 1307 2418 1363 haec
2451 1306 2685 1377 qualiter
2727 1305 2835 1361 doli
2890 1307 3082 1363 artifex
3142 1308 3334 1378 lupus,
3383 1306 3486 1362 hoc
3532 1313 3616 1362 est

2046 1399 2246 1466 Arius,
2312 1399 2472 1456 ovina
2535 1397 2672 1468 pelle
2716 1405 3022 1464 contectus,
3083 1397 3424 1453 Dominicum
3477 1399 3618 1454 ovile

2048 1491 2310 1546 dilaniare
2350 1491 2652 1551 intraverit,
2689 1490 2770 1543 vel
2799 1507 2907 1559 quo
2943 1499 3103 1560 pacto
3123 1491 3412 1547 sacerdotii
3441 1489 3618 1561 digni-

2049 1590 2214 1638 tatem
2237 1597 2500 1653 usurpare
2527 1583 2775 1646 valuerit,
2801 1583 2950 1639 brevi
2986 1583 3160 1637 relatu
3194 1583 3474 1638 insinuare
3506 1591 3619 1636 sat-

2051 1691 2292 1747 agemus.
2327 1674 2393 1728 Et
2438 1675 2541 1730 hoc
2569 1691 2678 1731 non
2709 1677 2772 1730 ad
2808 1689 2996 1730 eorum
3047 1675 3478 1745 suggillationem
3524 1675 3616 1744 qui

2050 1769 2236 1823 lolium
2267 1767 2580 1839 apostaticze
2603 1768 2944 1842 contagionis
2981 1768 3189 1823 caelesti
3222 1767 3518 1823 ventilabro
3551 1765 3621 1821 ab

378 1864 586 1917 ximare
627 1864 769 1928 volo,
803 1863 962 1917 video
989 1864 1281 1934 quamdam
1328 1863 1382 1918 in
1433 1881 1498 1920 eo
1533 1865 1722 1922 sedere
1763 1867 1952 1922 virtu—
1981 1864 2022 1918 Β
2054 1860 2295 1916 Ecclesia
2321 1861 2619 1932 projectum
2651 1860 2718 1914 ad
2753 1876 2936 1916 aream
2965 1861 3259 1916 Dominicae
3295 1860 3490 1915 messis
3536 1873 3619 1912 re-

379 1963 486 2009 tem
517 1955 616 2025 (α),
647 1954 853 2025 fulgore
882 1955 1104 2012 luminis
1135 1957 1424 2013 admodum
1472 1959 1792 2014 radiantem.
1827 1960 1950 2016 Mox

377 2060 510 2114 ergo
533 2044 675 2098 inter
705 2046 963 2116 gaudium
995 2053 1049 2100 et
1071 2063 1326 2117 pavorem
1359 2065 1659 2118 suspensus
1678 2091 1692 2115 ,
1717 2067 1951 2122 agnosco

381 2151 468 2189 me
522 2143 686 2190 tanta:
745 2137 1010 2192 sessionis
1065 2155 1292 2209 prorsus
1358 2141 1672 2212 indignum;
1727 2153 1780 2198 et
1842 2145 1950 2200 nisi

382 2222 628 2277 scandali
682 2225 1037 2281 seminarium
1102 2229 1305 2299 populo
1352 2229 1554 2287 inferre
1607 2233 1949 2299 titubassem,

378 2313 524 2369 haud
546 2315 770 2369 dubium
822 2317 951 2386 quin
981 2334 1082 2374 nec
1117 2319 1218 2389 ipsi
1247 2321 1485 2378 scabello
1513 2323 1754 2378 assidere
1786 2339 1952 2380 ausus

381 2406 626 2464 fuissem.
683 2407 812 2463 lude
841 2417 945 2473 est,
997 2397 1455 2478 charissimililii,
1511 2415 1655 2485 quod
1698 2416 1854 2470 vobis
1897 2415 1953 2470 in

382 2499 482 2553 hoc
506 2499 867 2568 pontificalem
897 2502 1140 2572 regulam
1172 2503 1434 2558 excedere
1464 2505 1671 2560 videor.
1713 2507 1956 2562 Verum-

384 2600 562 2648 tamen
610 2593 890 2648 multoties
935 2594 1156 2664 quando
1201 2609 1323 2650 cam
1375 2606 1657 2652 vacantem
1721 2601 1951 2670 aspicio,

383 2685 526 2742 sicut
572 2687 676 2756 ipsi
709 2696 876 2744 testes
903 2689 1140 2755 adestis,
1174 2707 1327 2747 more
1357 2692 1520 2747 solito
1550 2693 1737 2750 sedere
1768 2696 1821 2749 in
1864 2696 1953 2750 illa

383 2795 491 2834 non
521 2779 724 2835 abnuo.
758 2779 1103 2852 Quapropter
1155 2783 1468 2853 hujusmodi
1525 2787 1758 2842 scientes
1799 2801 1956 2842 arcae

385 2888 542 2935 num,
574 2880 629 2928 et
656 2889 756 2944 pro
783 2884 934 2928 certo
961 2883 1243 2944 expertum
1277 2876 1560 2940 habentes,
1590 2879 1718 2948 quia
1749 2879 1794 2934 si
1823 2880 1955 2935 mihi

386 2958 548 3014 fuerit
576 2961 867 3025 indultum,
907 2963 1107 3018 sedebo
1138 2980 1302 3034 super
1329 2981 1448 3020 eam
1470 3008 1485 3030 ,
1532 2984 1640 3023 non
1671 2970 1958 3040 parvipen-

382 3048 520 3106 dens
551 3051 759 3108 ordinis
789 3053 1129 3124 dignitateni,
1165 3055 1402 3112 omittite
1442 3057 1554 3126 jam
1605 3060 1957 3129 p0pularibus

385 3141 613 3197 ulterius
643 3141 825 3200 favere
842 3146 1339 3204 inclamationibus.
1371 3147 1495 3203 llaec
1519 3151 1772 3206 nimirum
1795 3151 1958 3208 Pater

2053 1967 2248 2008 vocare
2291 1962 2419 2008 sunt
2448 1953 2608 2020 ausi;
2655 1953 2708 2006 hi
2741 1953 2885 2007 enim
2913 1954 3202 2008 sanctitate
3241 1952 3428 2022 procul
3456 1950 3621 2006 dubio

2054 2047 2295 2116 insignes
2347 2045 2633 2107 habentur,
2675 2042 2770 2099 sed
2825 2052 3003 2101 tamen
3048 2053 3202 2099 tanto
3239 2043 3355 2098 viro
3401 2043 3624 2099 credere

2054 2135 2544 2207 parvipendentes,
2579 2135 2778 2191 divina:
2818 2135 3084 2205 jussionis
3132 2135 3416 2190 interdicta
3444 2141 3618 2190 trans-

2053 2232 2224 2302 gressi
2260 2239 2408 2288 sunt.
2445 2231 2582 2298 Quid
2605 2233 2772 2304 ergo?
2822 2231 3271 2303 reprehendimus
3329 2231 3464 2286 eos?
3519 2232 3618 2285 mi-

2054 2325 2217 2379 nime.
2243 2323 2496 2390 Quandiu
2517 2323 2662 2380 enim
2693 2339 2794 2380 nos
2837 2325 2940 2379 hoc
2964 2323 3320 2393 corruptibile
3369 2329 3624 2392 aggravat

2054 2431 2255 2486 corpus
2309 2422 2363 2472 et
2423 2416 2678 2486 deprimit
2740 2425 2954 2471 terrena
3020 2416 3339 2472 inhabitatio
3406 2431 3622 2471 sensum

2054 2517 2256 2564 nostra:
2284 2508 2653 2572 infirmitatis,
2708 2509 2866 2564 multi
2913 2509 3213 2579 cogitantes
3273 2507 3493 2562 facilius
3529 2507 3628 2561 fal-

2053 2601 2262 2665 luntur,
2304 2606 2558 2670 putantes
2615 2599 2820 2670 justum
2876 2615 2999 2655 esse
3030 2599 3176 2670 quod
3229 2606 3312 2654 est
3358 2599 3624 2669 iniquum,

2056 2698 2264 2750 castum
2295 2693 2440 2762 quod
2475 2699 2558 2747 est
2587 2691 2876 2747 incestum.
2907 2691 3220 2746 Gabaonita:
3253 2691 3460 2746 caelesti
3483 2706 3632 2744 com-

2057 2784 2351 2840 minatione
2380 2783 2596 2854 penitus
2646 2783 2882 2851 delendi,
2932 2797 3055 2836 cum
3111 2781 3256 2837 aliud
3287 2782 3544 2837 haberent
3575 2779 3632 2836 in

2057 2885 2221 2941 voto,
2283 2885 2337 2931 et
2389 2874 2538 2930 aliud
2592 2875 2648 2929 in
2694 2890 2829 2930 voce
2881 2873 3178 2944 habituque
3213 2871 3627 2942 praetenderent,

2055 2967 2239 3024 Jesum
2275 2967 2717 3038 repromissionis
2751 2977 2910 3022 terra.
2936 2963 3302 3038 justissimum
3342 2962 3632 3018 divisorem

2058 3061 2291 3116 celerius
2323 3061 2508 3117 fallere
2529 3068 2845 3132 potuerunt.
2882 3059 3050 3114 David
3084 3073 3300 3130 quoque
3332 3057 3633 3136 praphctali

2060 3149 2278 3209 flamine
2315 3154 2508 3223 plenus
2549 3167 2672 3209 cum
2708 3153 2869 3208 verba
2903 3152 3214 3208 mentientis
3244 3152 3397 3222 pueri
3431 3149 3500 3223 (c)
3534 3166 3634 3205 au-

385 3235 766 3292 sanctissimus
799 3237 926 3292 dum
959 3237 1137 3293 adhuc
1159 3239 1362 3296 viveret
1397 3242 1465 3296 ad
1505 3258 1721 3299 sacrum
1758 3246 1963 3300 clerum
1990 3223 2036 3286 (ἶ
2067 3243 2270 3309 dissct;
2301 3244 2428 3298 licet
2460 3243 2821 3312 investigabili
2863 3243 3121 3313 justoque
3163 3241 3253 3298 Dei
3274 3241 3502 3311 judicio,
3553 3248 3634 3294 ta-

383 3334 607 3380 coactus
634 3327 905 3397 exposuit.

459 3413 664 3468 Horum
696 3431 823 3485 ergo
856 3416 1060 3473 Christi
1095 3417 1280 3475 fideles
1323 3421 1413 3490 pia
1460 3419 1746 3478 devotione
1801 3424 1967 3479 remi-

384 3504 685 3571 niscentes,
713 3507 958 3562 tulerunt
985 3509 1104 3578 ejus
1143 3511 1592 3567 sacratissimum
1629 3529 1859 3584 corpus,
1913 3525 1967 3570 et

385 3597 680 3667 episcOpali
718 3597 856 3653 solio
894 3599 1252 3668 supersedere
1285 3600 1548 3657 fecerunt.
1593 3603 1764 3659 Tanta
1812 3605 1968 3661 deni—

387 3702 495 3757 que
525 3686 710 3742 lzetitia
747 3696 1008 3761 tantaque
1039 3693 1334 3748 exsultatio
1367 3694 1586 3750 coalitus
1619 3697 1818 3766 populo
1853 3698 1967 3754 col-

389 3776 498 3830 lata
529 3786 634 3842 est,
665 3792 729 3832 ac
762 3779 808 3833 si
835 3795 957 3834 eum
997 3781 1294 3835 animatum
1328 3797 1392 3837 ac
1428 3783 1699 3839 viventem
1727 3788 1971 3842 attende-

391 3876 533 3924 rent.
570 3867 770 3924 Deinde
813 3870 1103 3928 odoriferis
1149 3874 1466 3931 condientes
1498 3878 1834 3933 aromatibus
1882 3879 1968 3933 in-

391 3956 628 4012 duerunt
688 3958 838 4013 illum
897 3961 1092 4018 sericis
1149 3962 1529 4033 indumentis;
1598 3968 1972 4037 unusquisque

391 4048 538 4103 enim
593 4047 740 4119 quod
799 4051 1102 4120 anticipare
1156 4051 1378 4108 ferendo
1411 4063 1654 4124 poterat,
1711 4055 1814 4111 hoc
1868 4056 1972 4112 sibi

391 4139 688 4196 maximum
738 4143 947 4198 lucrum
987 4144 1298 4216 deputabat.
1331 4145 1468 4202 Tum
1519 4148 1765 4204 victricia
1820 4149 1972 4222 signa

392 4233 601 4302 palmas
633 4243 903 4304 gerentes,
955 4237 1362 4296 ﬂammantibus
1393 4241 1603 4306 cereis,
1640 4257 1974 4313 concrepan-

395 4323 543 4381 tibus
577 4325 813 4399 hymnis,
845 4329 1307 4404 ﬂagrantibusque
1359 4334 1823 4406 thymiamatibus,
1863 4349 1975 4392 cm—

397 4417 550 4473 lestis
584 4419 824 4476 victoria:
847 4421 1182 4493 triumphum
1213 4427 1574 4492 celebrantes,
1604 4407 1985 4500 deposuerunt.

2066 3350 2189 3389 men
2234 3335 2392 3405 longe
2444 3334 2589 3388 aliud
2622 3337 2731 3404 egit
2763 3348 2923 3403 quam
2951 3349 3071 3389 esse
3103 3349 3192 3388 res
3234 3333 3441 3388 habuit.
3499 3333 3636 3399 Quid

2065 3427 2229 3481 etiam
2265 3428 2526 3496 apostolis
2576 3426 2885 3489 sublimius,
2931 3426 3020 3496 qui
3057 3443 3116 3480 se
3167 3441 3196 3478 a
3247 3435 3432 3479 nostra
3465 3425 3636 3479 inme-

2067 3514 2290 3570 cillitate
2318 3522 2667 3586 sequestrare
2714 3513 3080 3569 nutaverant?
3115 3511 3248 3566 Nam
3277 3527 3421 3567 unus
3449 3526 3638 3568 eorum

2067 3605 2328 3660 describit
2381 3624 2396 3660 :
2447 3604 2514 3660 In
2556 3604 2738 3658 multis
2789 3603 3100 3674 o/j‘endimus
3159 3618 3333 3657 omnes
3393 3603 3432 3655 ⁸.
3491 3601 3639 3676 Alter

2069 3711 2320 3766 quoque:
2354 3696 2414 3752 Si
2457 3698 2770 3762 dixerimus,
2815 3696 3011 3768 inquit,
3057 3695 3184 3767 quia
3222 3703 3488 3764 peccatum
3538 3689 3641 3749 nou

2069 3789 2340 3855 habemus,
2374 3791 2474 3860 ipsi
2503 3806 2597 3844 nos
2629 3787 2926 3844 seducimus
2976 3797 3025 3842 et
3057 3788 3247 3842 veritas
3275 3787 3328 3841 in
3355 3786 3504 3842 nobis
3539 3804 3642 3840 non

2070 3881 2219 3934 est’.
2258 3877 2363 3933 Sed
2404 3894 2528 3933 cum
2561 3879 2754 3933 horum
2787 3893 2888 3934 nos
2926 3875 3172 3948 poenitet,
3224 3883 3378 3931 tanto
3429 3875 3643 3931 facilius

2073 3972 2285 4026 veniam
2339 3987 2734 4042 promeremur,
2787 3969 3006 4042 quando
3054 3985 3164 4026 non
3214 3969 3491 4024 voluntate
3549 3968 3644 4024 sed

2074 4065 2381 4137 ignorantia
2409 4066 2492 4120 vel
2533 4064 2826 4135 fragilitate
2862 4064 3229 4135 peccavimus.
3262 4062 3328 4117 Et
3356 4071 3504 4117 certe
3546 4062 3645 4115 hu-

2070 4159 2310 4230 jusmodi
2338 4157 2543 4214 offensa
2572 4175 2678 4214 non
2701 4159 2767 4213 de
2793 4156 3254 4228 pmvaricationis
3284 4155 3475 4209 affectu
3496 4195 3510 4218 ,
3551 4153 3646 4210 sed

2073 4252 2141 4308 de
2171 4251 2566 4320 compassionis
2590 4250 2920 4320 indulgentia
2945 4249 3227 4318 processit.
3259 4245 3523 4301 Caeterum
3553 4261 3648 4299 su-

2075 4358 2172 4414 per
2228 4343 2314 4398 his
2370 4343 2762 4413 apologeticum
2829 4340 3137 4396 describere
3196 4339 3319 4394 aliis
3387 4336 3650 4406 relinqui-

2075 4451 2199 4490 mus
2223 4434 2330 4506 (d);
2373 4451 2473 4490 nos
2497 4444 2674 4489 autem
2703 4435 2848 4504 quod
2883 4433 3049 4488 instat
3076 4447 3320 4503 agamus.
3353 4427 3647 4500 Postquam

397 4518 619 4618 sancltas
657 4513 937 4585 reliquias,
968 4524 1022 4571 et
1048 4518 1376 4588 sepelierunt
1421 4536 1516 4577 eas
1545 4523 1600 4576 in
1636 4524 1970 4590 cmmeterin,
2003 4563 2048 4618 υ
2079 4525 2245 4596 igitur
2278 4525 2601 4596 magnificus
2654 4533 3022 4597 propugnator
3047 4521 3264 4587 Petrus,
3300 4519 3516 4576 nomine
3549 4533 3650 4573 suo

396 4600 542 4670 quod
584 4602 790 4658 dudum
841 4606 911 4660 ab
955 4623 1019 4662 eo
1066 4607 1241 4664 fuerat
1287 4619 1694 4678 constructum,
1756 4614 1847 4670 ubi
1902 4630 1970 4670 ex

399 4700 530 4750 tunc
576 4704 630 4750 et
665 4711 840 4767 usque
894 4698 948 4753 in
1004 4700 1326 4756 hodiernum
1388 4702 1531 4760 diem
1586 4706 1973 4762 miraculorum

472 4853 551 4931 (ᾳ)
583 4852 826 4931 [ηιειιίεθ
848 4855 933 4910 vel
964 4856 1148 4931 ipsum
1172 4857 1341 4931 Deum
1373 4861 1760 4931 velangelum.

471 4923 545 4994 (b)
582 4923 712 4991 Quae
766 4923 1069 4996 sequuntur
1119 4929 1186 4983 de
1223 4929 1354 4984 Ario
1398 4923 1688 4986 infeliciter
1739 4928 1980 5001 adpre»

403 4993 738 5068 sbyteratum
774 4993 1060 5068 assumpto
1105 5012 1134 5050 a
1178 5012 1497 5054 successore
1551 5001 1694 5055 Petri
1746 4993 1976 5068 Achilla,

403 5063 862 5188 asturgﬁomnino
911 5063 984 5121 ab
1019 5068 1172 5122 Actis
1207 5069 1620 5126 Combeflsianis
1675 5081 1728 5126 et
1781 5085 1810 5125 a
1853 5063 1974 5127 cod.

479 5206 554 5274 (c)
581 5201 720 5260 Puto
749 5207 832 5262 vel
862 5207 1214 5264 Absalomum
1243 5208 1327 5264 vel
1360 5207 1566 5275 Siham,
1601 5207 1646 5264 ll
1688 5208 1818 5279 Reg.
1866 5227 1980 5277 xlv,

477 5359 494 5390 ¹
529 5357 651 5416 Jac.
679 5361 834 5428 "1,3.
909 5364 930 5394 ³
969 5361 996 5417 I
1029 5361 1189 5420 Joan.
1225 5381 1263 5432 ι,
1289 5366 1341 5420 8.

2075 4615 2293 4688 dignus,
2323 4631 2414 4687 per
2435 4616 2680 4687 martyrii
2703 4614 3127 4686 triumphum....

2536 4706 2759 4779 Reliqua
2809 4705 3196 4762 desiderantur.

2078 4862 2176 4927 35;
2203 4879 2312 4925 xw,
2339 4865 2392 4918 5.

2151 4925 3009 5008 ('d)“Pulchra_sane_defensio;
3037 4947 3100 4987 ex
3133 4945 3238 5000 qua
3281 4929 3443 5008 etiam
3481 4925 3654 5008 00033;

2080 4996 2188 5063 cio,
2213 4996 2461 5073 Graecum
2501 5003 2647 5057 Petri
2695 4996 3055 5073 biographu‘m
3083 4996 3270 5073 prope
3299 4997 3541 5073 abfuisse
3585 4996 3654 5050 ab

2082 5071 2328 5148 ejusdem
2360 5073 2717 5148 temporibus,
2747 5069 3187 5148 quandoquidem
3208 5069 3405 5139 ipsius
3435 5080 3656 5148 succes-

2085 5135 2220 5207 sori,
2252 5141 2411 5212 quasi
2435 5135 2613 5197 adhuc
2655 5135 2889 5200 recentis
2926 5135 3219 5206 memoriae,
3253 5135 3376 5192 'tam
3411 5135 3656 5193 studiose

2085 5213 2480 5283 patrocinatur.
