4110 6414
500 366 600 422 ιδ’]

1531 367 1587 422 S.
1625 365 1826 421 PETRI
1867 367 2332 424 ALEXANDRINI
2364 371 2669 428 EPISCOPI

3631 368 3733 425 ιοδ

1351 779 2126 967 SANCTI
2213 791 2865 970 PETRI

927 1121 1472 1223 EPISCOPI
1546 1123 2386 1215 ALEXANDRINI
2463 1125 2616 1218 ET
2685 1124 3308 1222 MARTYRIS

1226 1299 1231 1302 ’
1353 1358 2051 1480 EPISTOLA
2145 1360 2929 1510 CANONICA,

947 1603 1259 1666 Theodori
1313 1603 1711 1667 Balsamom's
1745 1613 1802 1666 et
1843 1605 2111 1675 Joannis
2144 1607 2408 1667 Zonarw
2437 1608 2900 1669 commentariis
2932 1607 3281 1670 illustrata.

556 1767 646 1841 (8.
669 1766 814 1817 Petri
835 1766 1158 1818 Alexandrini
1181 1767 1886 1844 Canonesqpost‘Gallandiumr
1901 1767 2059 1844 edidit
2084 1767 2562 1844 ‘Ang.'Mai._Spicil.
2599 1773 2735 1844 130m.
2769 1783 2853 1844 In,
2888 1771 3003 1844 ιιι,
3022 1799 3083 1808 -
3104 1772 3178 1823 Ex
3204 1776 3351 1826 variis
3379 1774 3682 1828 lectionibus

1263 1829 1484 1890 potiores
1505 1830 1811 1891 admisimus;
1840 1829 2060 1891 reliquas
2084 1832 2243 1885 textui
2268 1829 2580 1893 subjecimos.
2610 1834 2743 1883 Eutr.
2770 1832 3008 1896 ΡΔηοι..)

494 2127 722 2194 BEATI
792 2127 1016 2184 PETRI
1079 2128 1671 2186 ARCHIEPISCOPI
1734 2129 2067 2184 ALEXAN-

2174 2133 2296 2186 ΊὈΥ
2347 2133 2720 2186 ΜΑΚΑΡῙΟΥ
2765 2136 3369 2190 ΑΡΧΙΕΠΙΣΚΟΠΟΥ
3419 2137 3745 2192 ΑΛΕΞΑΝ-

563 2197 784 2267 ρηιΝι
859 2199 952 2254 ΕΤ
1021 2199 1399 2255 HARTYRIS
1468 2199 1863 2259 CANONES.
1931 2201 2064 2267 QUI

569 2265 966 2324 FERUNTUR
1012 2270 1097 2326 IN
1136 2271 1503 2332 SERMONE
1553 2270 1733 2333 EJUS
1776 2271 1870 2324 DE
1909 2265 2070 2326 PIE-

563 2339 962 2404 ΝΙΤΕΝΤΙΑ.

1128 2525 1359 2585 CANON
1383 2527 1425 2582 1.

567 2638 586 2671 ι
632 2618 902 2690 Quoniam
934 2627 1116 2675 autem
1161 2629 1419 2690 quartum
1475 2620 1684 2679 Pascha
1729 2623 2068 2700 persecutio-

495 2727 514 2763 ι
562 2726 684 2766 nem
709 2712 822 2781 jam
851 2711 1228 2782 apprehendit,
1267 2712 1400 2768 satis
1431 2721 1515 2768 est
1567 2715 1623 2768 in
1668 2715 1735 2769 iis
1779 2714 1874 2786 qui
1900 2712 2065 2768 delati

495 2821 514 2854 ¢
563 2803 782 2872 quidem
815 2813 941 2859 sunt
963 2803 1018 2865 in
1037 2804 1454 2875 custodiamque
1485 2807 1739 2876 conjecti,
1767 2813 2067 2861 tormenta-

496 2912 516 2945 ι
562 2909 668 2963 que
727 2910 837 2948 non
869 2895 1196 2962 sull'erenda,
1229 2905 1283 2952 et
1329 2897 1688 2954 intolerabilia
1751 2898 1959 2972 ﬂagella
2011 2909 2067 2953 et

496 3002 514 3034 ι
564 2985 762 3039 multas
807 2987 944 3042 alias
997 3003 1192 3057 graves
1244 2990 1601 3046 necessitates
1658 2992 2062 3057 sustinuerunt,

495 3095 514 3128 ι
564 3087 750 3146 postea
779 3087 959 3134 autem
993 3089 1120 3134 sunt
1151 3095 1182 3135 a
1220 3082 1404 3137 carnis
1436 3081 1808 3144 imbecillitate
1840 3083 2061 3154 proditi,

494 3187 517 3230 ι
558 3171 778 3227 etiamsi
812 3187 921 3226 non
950 3173 1017 3226 ab
1046 3173 1201 3227 initio
1231 3174 1472 3244 suscepti
1523 3183 1650 3230 sunt
1697 3185 1920 3252 propter
1942 3191 2066 3246 gra-

491 3279 516 3318 l
559 3278 678 3320 vem
713 3263 924 3334 lapsum
983 3275 1338 3320 consecutum
1375 3284 1386 3318 :
1417 3273 1599 3321 tamen
1647 3267 1775 3337 quia
1832 3268 2062 3323 multum

497 3372 518 3408 ι
565 3353 916 3410 decertarunt
938 3362 991 3409 et
1025 3355 1116 3410 diu
1147 3356 1467 3411 restiterunt
1495 3377 1508 3411 :
1543 3374 1652 3412 non
1692 3358 1838 3414 enim
1872 3368 2065 3432 sponte

496 3463 516 3501 ι
564 3445 630 3500 ad
664 3461 726 3500 ea
748 3445 1106 3511 devenerunt,
1143 3447 1236 3502 sed
1267 3463 1297 3501 a
1324 3449 1506 3503 carnis
1537 3449 1912 3510 imbecillitate
1937 3467 2065 3520 pro-

494 3556 512 3592 ι
556 3538 695 3593 diti:
723 3553 850 3592 nam
905 3547 959 3594 et
1001 3540 1258 3609 stigmata
1297 3537 1426 3596 Iesu
1476 3541 1530 3594 in
1582 3542 1699 3598 suis
1741 3544 2065 3613 corporibus

491 3647 510 3686 ι
557 3639 850 3692 ostentant,
883 3639 936 3686 et
984 3633 1231 3700 nonnulli
1280 3648 1424 3687 anno
1463 3633 1578 3702 jam
1622 3634 1785 3689 tertio
1815 3634 2009 3689 deﬂent
2047 3655 2061 3690 :

491 3738 511 3772 ι
560 3723 640 3776 eis
665 3721 735 3775 ab
771 3722 1009 3777 adventu
1038 3740 1135 3795 per
1187 3726 1591 3780 revocationem
1639 3728 1695 3780 in
1743 3729 2062 3782 memoriam

493 3830 514 3866 ι
563 3813 654 3866 alii
687 3815 1050 3886 quadraginta
1081 3817 1198 3882 dies
1232 3818 1611 3890 injungantur,
1645 3835 1784 3889 quos
1813 3837 1936 3874 cum
1971 3822 2058 3890 je-

490 3921 511 3968 ς
553 3906 803 3974 jnnasset
828 3906 1090 3971 Dominus
1120 3916 1174 3964 et
1204 3908 1465 3967 Servator
1494 3919 1682 3966 noster
1711 3911 1872 3968 Jesus
1901 3913 2062 3974 Chri-

489 4016 510 4048 (
558 4005 697 4062 stus,
723 4006 1010 4069 postquam
1043 4001 1353 4071 baptizatus
1393 4003 1592 4068 fuerat,
1629 4013 1873 4059 tentatus
1904 4013 1988 4060 est
2028 4021 2058 4058 a

491 4109 510 4142 ι
557 4088 794 4146 diabolo.
829 4091 886 4145 In
921 4093 1122 4161 quibus
1151 4103 1204 4149 et
1252 4095 1353 4164 ipsi
1403 4111 1529 4158 cum
1576 4095 1734 4151 valde
1775 4096 2060 4151 exercitati

489 4198 508 4236 Ι
559 4178 778 4242 fuerint,
813 4190 868 4236 et
900 4185 1244 4240 constantius
1262 4186 1634 4255 jejunaverint
1663 4207 1674 4241 :
1705 4187 1963 4256 deinceps
2001 4189 2056 4241 in

487 4286 506 4326 ς
551 4271 892 4326 orationibus
928 4274 1603 4344 vigilabuntzmeditantes
1654 4279 1799 4356 quod
1850 4278 2056 4333 dictum

485 4377 504 4413 ι
549 4371 632 4416 est
659 4377 689 4415 a
714 4361 945 4419 Domino
973 4366 1039 4418 ad
1072 4382 1195 4421 eum
1238 4369 1331 4438 qui
1366 4370 1514 4423 illum
1539 4379 1727 4435 tentat,
1760 4361 1820 4424 ut
1877 4371 2057 4440 ipsum

484 4469 505 4512 ς
550 4454 780 4522 adoret;
809 4455 908 4508 Abi
968 4473 1117 4524 pone.
1164 4459 1368 4514 Satana
1407 4476 1427 4516 :
1465 4463 1719 4530 scriptum
1765 4472 1841 4515 est
1891 4463 2063 4519 enim:

485 4563 504 4594 ι
553 4544 835 4600 Dominum
871 4559 1016 4602 tuum
1049 4550 1321 4618 adorabis,
1359 4563 1406 4608 et
1440 4554 1524 4606 illi
1545 4554 1648 4608 δοιί
1673 4555 1860 4616 servies
1898 4567 1944 4608 ιι.
1996 4574 2014 4607 ι

2238 2205 2506 2258 ΔΡΕΙΑΣ
2527 2205 2816 2262 ΠΕΤΡΟΥ.
2831 2207 2964 2260 ΚΑΙ
2983 2209 3388 2267 ΜΑΡΤΥΡΟΣ,
3407 2210 3749 2263 ΚΑΝΟΝΕΣ

2229 2275 2764 2330 ΕΜΦΕΡΟΜΕΝΟΙ
2808 2277 2908 2330 ΕΝ
2958 2277 3042 2345 Τῼ
3093 2280 3272 2330 ΠΕΡΙ
3317 2275 3748 2338 ΜΕΤΑΝΟΙΑΣ

2235 2347 2280 2398 Α
2297 2346 2428 2397 rro
2443 2346 2486 2399 Υ
2520 2347 2736 2416 ΛΟΓῼ.

2797 2525 3036 2582 ΚΑΝΩΝ
3066 2528 3144 2579 A'.

2241 2636 2258 2667 ι
2292 2617 2427 2669 Επεὶ
2459 2617 2638 2676 τοίνυν
2674 2616 2934 2690 τέταρτον
2976 2618 3076 2690 ἤδη
3129 2618 3320 2687 Πάσχα
3359 2617 3749 2688 ἐπικατείληφε

2170 2726 2190 2760 ι
2228 2709 2318 2762 τὸν
2337 2708 2596 2780 διωγμὸν,
2617 2710 2902 2786 αὐτάρκως
2919 2691 3030 2780 ἔχει
3049 2713 3163 2778 τοῖς
3192 2709 3288 2782 μέν
3315 2708 3745 2782 προσενεχθεῖσι,

2169 2820 2189 2854 ι
2231 2802 2326 2857 καὶ
2361 2802 2759 2873 φυλακισθεῖσι,
2795 2804 3059 2875 βασάνους
3089 2821 3146 2865 τε
3188 2804 3544 2866 ἁνυποίστους
3568 2803 3583 2832 ¹
3615 2803 3750 2854 ὑπο-

2171 2913 2189 2946 ι
2237 2894 2590 2966 μεμενηκόσι,
2628 2897 2722 2949 καὶ
2751 2898 3058 2974 ἀφορήτους
3091 2897 3382 2966 μάστιγας,
3417 2894 3512 2952 καὶ
3547 2893 3748 2957 πολλὰς

2170 3006 2189 3038 ι
2226 2988 2412 3059 ἐτέρας
2443 2989 2690 3056 ἀνάγκας
2721 2987 2920 3053 δεινὰς,
2949 2988 3174 3059 ὕστερον
3196 2989 3252 3041 δὲ
3279 2987 3687 3058 προδεδομένοις
3707 2987 3747 3017 ¹’

2171 3099 2189 3132 ι
2231 3079 2336 3132 ὑπὸ
2377 3080 2476 3151 τῆς
2513 3080 2796 3142 ἀσθενείας
2838 3081 2938 3151 τῆς
2971 3080 3192 3148 σαρκὸς,
3237 3081 3285 3131 εἰ
3329 3079 3524 3150 καὶμὴ
3558 3077 3750 3150 ἐξαρ-

2171 3191 2189 3223 t
2229 3173 2331 3243 χῆς
2366 3172 2776 3244 παρεδέχθησαν
2807 3173 2894 3226 διὰ
2943 3173 3039 3248 τὴν
3061 3171 3616 3246 παρακολουθήσασαν
3649 3189 3749 3242 με-

2170 3278 2189 3310 (
2231 3261 2421 3329 γίστην
2477 3261 2703 3324 πτῶσιν,
2762 3262 2912 3333 ὅμως
2942 3262 3030 3315 διὰ
3070 3262 3130 3314 τὸ
3156 3261 3324 3314 πολλά
3360 3263 3557 3325 αὐτοὺς
3584 3261 3751 3332 ἠθλη-

2172 3371 2189 3403 ι
2232 3353 2384 3406 κέναι
2413 3353 2505 3406 καὶ
2533 3355 2626 3406 ἐπὶ
2649 3354 2783 3408 πολὺ
2811 3355 3276 3425 ἀντιμαχέσασθαι
3306 3358 3326 3386 ¹
3362 3355 3442 3425 (ού
3472 3355 3580 3426 γὰρ
3608 3355 3748 3410 κατὰ

2173 3464 2191 3496 ι
2235 3445 2550 3526 προαίρεσιν
2591 3447 2648 3499 ἐν
2697 3446 2869 3517 τούτῳ
2914 3446 3256 3517 ἐληλύθασιν,
3303 3445 3438 3500 ἀλλὰ
3467 3463 3745 3519 καταπρο-

2171 3556 2188 3593 t
2226 3537 2466 3600 δοθέντες
2497 3537 2603 3590 ὑπὸ
2620 3539 2716 3610 τῆς
2745 3537 3030 3601 ἀσθενείας
3054 3539 3150 3609 τῆς
3177 3537 3420 3608 σαρκὸς),
3444 3537 3629 3607 ἐπειδὴ
3654 3539 3748 3594 καὶ⁴

2168 3649 2186 3683 ι
2232 3629 2504 3702 στίγματα
2532 3629 2624 3683 τοῦ
2670 3629 2845 3702 Ἰησοῦ
2882 3630 3239 3683 ἐνδείκνυνται
3269 3633 3322 3683 ἐν
3367 3633 3478 3693 τοῖς
3502 3629 3749 3700 σώμασιν

2168 3742 2185 3775 ι
2225 3721 2431 3784 ἑαυτῶν
2453 3723 2517 3790 ’⁵,
2539 3723 2633 3776 καὶ
2655 3722 2754 3793 ήδη
2771 3722 2916 3785 τινὲς
2931 3721 3110 3793 τρίτον
3131 3721 3248 3784 ἔτος
3272 3721 3452 3791 ἔχουσι
3478 3736 3750 3775 καταπεν-

2167 3835 2186 3866 ι
2226 3815 2441 3881 θοῦντες
2463 3833 2476 3844 ·
2530 3814 3058 3886 προσεπιτιμηθῆναι
3089 3815 3269 3876 αὐτοῖς
3303 3813 3410 3866 ἀπὸ
3448 3813 3549 3882 τῆς
3585 3828 3751 3884 προσ·

2167 3926 2185 3959 ι
2223 3906 2487 3970 ἐλεύσεως
2544 3907 2664 3969 καθ’
2729 3906 3035 3978 ὑπόμνησιν
3105 3906 3270 3968 ἄλλας
3339 3904 3748 3976 τεσσαράκοντα

2167 4021 2186 4052 ι
2228 4001 2458 4074 ἡμέρας,
2489 4000 2575 4064 ἃς,
2601 4001 2801 4072 καίπερ
2825 3998 3126 4071 νηστεύσας
3155 4002 3184 4052 ὁ
3212 4000 3416 4072 Κύριος
3440 3999 3532 4050 καὶ
3558 3996 3749 4070 Σωτὴρ

2167 4111 2184 4142 ι
2227 4092 2384 4163 ἡμῶν
2442 4089 2651 4161 Ἰησοῦς
2704 4089 2967 4162 Χριστὸς,
3033 4088 3180 4162 μετὰ
3228 4089 3288 4140 τὸ
3345 4084 3746 4157 βαπτισθῆναι,

2168 4204 2186 4235 ι
2225 4183 2525 4255 ἐπειράσθη
2574 4181 2678 4235 ὑπὸ
2727 4181 2820 4234 τοῦ
2868 4179 3112 4233 διαϐόλου
3140 4196 3153 4208 ·
3220 4181 3298 4241 εἰς
3339 4179 3405 4241 ἃς
3457 4178 3551 4230 καὶ
3591 4175 3746 4229 αὐτοὶ

2168 4298 2186 4329 ι
2225 4277 2364 4331 κατὰ
2390 4276 2450 4328 τὸ
2480 4259 2733 4346 περισσὸν
2761 4273 3269 4344 διαγυμνασθέντες,
3293 4270 3651 4340 εύτονώτερόν
3680 4270 3747 4298 ¹·⁶

2170 4391 2188 4422 ι
2228 4388 2287 4422 τε
2339 4369 2630 4439 νήψαντες,
2671 4369 3111 4438 γρηγορήσουσιν
3173 4367 3252 4428 είς
3304 4363 3611 4436 προσευχὰς
3652 4359 3746 4413 τοῦ

2168 4482 2188 4516 ι
2225 4460 2435 4523 λοιποῦ,
2460 4457 2937 4530 καταμελετῶντες
2966 4457 3028 4512 τὸ
3054 4456 3376 4527 λελεγμένον
3403 4457 3490 4486 "“
3520 4454 3623 4508 ὑπὸ
3652 4452 3747 4508 τοῦ

2170 4572 2188 4604 ι
2227 4551 2430 4621 Κυρίου
2460 4550 2594 4619 πρὸς
2617 4549 2706 4601 τὸν
2727 4545 3055 4616 πειράζοντα
3081 4547 3261 4608 αὑτὸν,
3287 4547 3371 4599 ἵνα
3393 4547 3745 4616 προσκυνήσῃ

483 4657 504 4698 ι
538 4641 719 4712 αὐτῷ’
763 4643 980 4714 Ὕπαγε
1022 4649 1214 4712 ὀπίσω
1261 4668 1404 4718 μου,
1434 4648 1698 4703 Σατανᾶ·
1745 4649 2064 4720 γέγραπται
2121 4649 2252 4719 τὰρ,
2296 4647 2517 4714 Κύριον
2585 4645 2690 4696 τὸν
2735 4643 2883 4696 Θεόν
2937 4659 3052 4696 σου
3111 4640 3579 4709 προσκυνήσεις,
3648 4640 3746 4692 xal

484 4754 503 4790 ι
545 4735 705 4801 αὐτῲ
728 4739 894 4806 μόνῳ
920 4744 1294 4810 λατρεύσεις.
1333 4764 1352 4795 ι

551 4831 711 4890 Βλιε.
737 4833 1044 4896 Ρι-εεεεηιεε
1074 4856 1317 4896 canones
1339 4850 1577 4897 tractant
1607 4843 1673 4898 de
1703 4843 1770 4900 iis
1805 4844 1896 4914 qni
1927 4859 2054 4913 pro-
2081 4853 2091 4899 4

2227 4837 2424 4892 ΒΑΛΣ.
2459 4836 2521 4890 Οἱ
2553 4837 2819 4906 παρόντες
2852 4835 3074 4898 κανόνες
3106 4835 3236 4906 ’περὶ⁸
3267 4833 3374 4886 τῶν
3405 4833 3462 4885 ἐν
3487 4832 3746 4902 διωγμοῖς

476 4923 655 4998 priam
689 4925 847 4982 fidem
881 4929 934 4982 in
962 4933 1440 4999 persecutionibus
1476 4944 1834 5005 negaverunt,
1859 4943 1912 4989 et
1934 4949 2056 5004 pce-

479 5014 762 5080 nitentiam
787 5032 1038 5089 egerunt,
1072 5022 1137 5076 Et
1168 5024 1322 5093 jubet
1361 5026 1581 5095 quidem
1613 5027 1825 5096 primus
1855 5043 2054 5090 canon,

475 5107 558 5168 eis
603 5110 698 5178 qui
744 5120 868 5180 post
913 5115 1085 5169 multa
1121 5127 1388 5172 tormenta
1417 5119 1821 5178 sacriﬁcarunt.
1854 5127 1913 5172 ut
1962 5120 2055 5188 qui

479 5209 700 5270 propter
738 5203 1166 5262 imbecillitatem
1217 5225 1568 5279 perseverare
1607 5230 1716 5268 non
1757 5214 2054 5284 potuerint.

479 5298 530 5343 et
555 5291 608 5344 in
634 5294 955 5361 paenitentia
991 5307 1100 5352 tres
1131 5315 1306 5355 annos
1337 5306 1726 5374 transegerint,
1755 5307 1892 5359 alios
1920 5322 2056 5375 quo-

480 5398 584 5451 que
611 5385 973 5456 quadraginta
1023 5389 1140 5450 dies
1185 5391 1416 5464 injungi,
1449 5403 1502 5456 et
1525 5396 1606 5450 sic
1649 5397 1882 5452 admitti.
1918 5396 2054 5450 Nota

482 5486 776 5550 prtesentes
800 5494 1064 5547 canones,
1109 5485 1203 5555 qui
1238 5486 1386 5541 varia
1422 5489 1669 5557 quaedam
1701 5497 1755 5547 et
1783 5488 1935 5542 utilia
1963 5489 2058 5544 dc-

587 5645 612 5672 ι
637 5631 830 5692 Matth.
860 5650 934 5701 tv,
972 5636 1060 5692 10.

2161 4929 2555 5004 ἀρνησαμένων
2609 4929 2713 4998 τὴν
2751 4926 2960 4981 οἰκείαν
3009 4927 3210 4990 πίστιν,
3241 4927 3334 4979 καὶ
3384 4923 3744 4996 μετανοησάνς

2159 5041 2288 5087 των,
2340 5021 2784 5093 διαλαμϐάνουσι.
2839 5021 2952 5074 Kal.
3014 5019 3212 5078 αὐτίκα
3245 5021 3273 5072 ὁ
3301 5017 3514 5089 πρῶτος
3564 5013 3744 5069 κανὼν

2160 5116 2554 5179 διακελεύεται,
2585 5114 2710 5176 τοὺς
2745 5112 3012 5174 θύσαντας
3044 5111 3180 5182 μετὰ
3231 5111 3492 5179 βασάνους
3525 5108 3744 5171 πολλὰς,

2162 5209 2237 5272 ὡς
2300 5209 2374 5279 μὴ
2411 5205 2737 5277 δυνηθέντας
2763 5204 2850 5257 διὰ
2882 5203 3165 5256 ἀσθένειαν
3205 5201 3629 5272 ἐγκαρτερῆσαι,
3651 5201 3740 5252 καὶ

2160 5302 2582 5365 διαϐιϐάσαντας
2624 5302 2751 5373 τρία
2795 5300 2888 5370 έτη
2915 5300 2972 5350 ἐν
3002 5299 3068 5376 τῇ
3117 5295 3396 5375 μετανοίᾳ,
3429 5309 3738 5366 προσεπιτιο

2166 5395 2404 5469 μηθῆναι.
2436 5395 2527 5446 καὶ
2552 5393 2744 5466 ἐτέρας
2784 5389 3194 5460 τεσσαράκοντα
3219 5387 3449 5457 ἡμέρας,
3484 5385 3576 5437 καὶ
3601 5383 3745 5436 οὓτω

2165 5487 2437 5558 δεχθῆναι.
2468 5487 2541 5557 Ση
2552 5503 2616 5556 με
2627 5487 2782 5539 ίωσαι
2808 5483 2932 5546 τοὺς
2965 5480 3237 5552 παρόντας
3260 5479 3491 5542 κανόνας
3517 5473 3743 5556 διοριζὼ

1768 5751 2006 5810 VARle
2042 5751 2446 5810 LECTIONES.

585 5877 604 5914 ⁸
637 5877 989 5947 ἀνηκέστους.
1072 5886 1111 5915 ¹·
1149 5884 1574 5959 προδιδομένοις.
1649 5890 1670 5921 ’
1695 5889 2109 5960 ᾁντιμάχεσθαι.
2187 5892 2227 5923 ’⁸
2259 5889 2456 5952 αὐτῶν.
2536 5890 2599 5922 ’⁸⁸
2636 5884 3008 5956 ἐντονώτερον.
3079 5887 3168 5919 ν’·
3202 5884 3512 5955 λεγόμενον.
