4110 6450
365 375 470 434 469

1586 375 1925 433 EPISTOLA
1964 346 2335 432 CANONICA.

3512 376 3618 434 «170

370 488 564 565 μένους
609 487 842 559 διάφορά
874 504 996 543 τινα
1023 489 1116 542 καὶ
1137 489 1429 557 ἀναγκαῖα,
1453 488 1612 559 χάριν
1644 487 1753 542 τῶν
1778 489 1941 561 ἀρνη-

2054 486 2250 542 ﬁniunt
2274 487 2331 540 in
2360 485 2590 557 gratiam
2613 500 2805 542 eorum
2840 484 2935 557 qui
2981 483 3155 541 Deum
3184 486 3544 558 abnegarunt,
3563 499 3619 545 et

371 582 562 637 σιθέων
587 578 893 653 ζητούντων
940 580 1249 651 μετάνοιαν,
1286 580 1381 633 καὶ
1420 582 1548 651 περὶ
1577 579 1683 634 τῶν
1713 581 1944 652 αὐτομο-

367 673 647 744 λησάντων
692 674 775 736 εἰς
827 671 889 725 τὸ
924 671 1220 746 μαρτύριον
1247 673 1343 725 καὶ
1375 673 1827 735 ἐκπεπτωκότων,
1852 673 1947 726 καὶ

367 764 525 821 πάλιν
575 763 1026 836 ὁμολογησάντων
1080 763 1180 835 τὴν
1229 763 1431 829 πίστιν,
1470 763 1566 817 καὶ
1600 765 1729 836 περὶ
1771 764 1944 819 ἄλλων

363 854 525 907 τινῶν
584 851 863 906 τοιούτων.
916 853 1079 921 Ζήτει
1110 852 1425 921 ἀναγκαίως
1451 853 1544 907 καὶ
1576 855 1700 917 τοὺς
1729 853 1945 917 πλείους

362 946 594 1012 κανόνας
619 946 722 1016 τῆς
745 948 804 999 ὲν
849 945 1094 1018 Ἀγκύρᾳ
1122 945 1363 1001 συνόδου.

422 1039 680 1094 ΖΩΝΑΡ.
725 1038 1030 1110 Διαιρέσεις
1070 1041 1304 1093 ποιεῖται
1330 1041 1359 1092 ό
1395 1040 1551 1109 ἆγιος
1585 1032 1739 1105 οὗτος
1757 1039 1946 1111 Πατὴρ

360 1133 468 1187 τῶν
499 1134 558 1187 ὲν
615 1131 897 1203 διωγμοῖς,
921 1132 1318 1204 ἀρνησαμένων
1368 1132 1469 1204 τὴν
1518 1133 1701 1188 πίστιν
1729 1136 1828 1204 τὴν
1867 1135 1945 1185 οἰ-

362 1223 537 1289 κείαν,
570 1223 666 1278 καί
711 1240 895 1294 φησιν,
925 1225 1006 1278 ὅτι
1049 1228 1162 1289 τοῖς
1193 1223 1405 1295 ἀχθεῖσι
1443 1224 1581 1296 πρὸς
1601 1226 1726 1288 τοὺς
1747 1226 1944 1297 τυράν-

359 1335 505 1383 νους,
535 1319 631 1372 καὶ
652 1319 732 1382 είς
757 1317 1004 1390 φυλακὴν
1034 1318 1372 1390 ὲμὸληθεῖσι,
1392 1317 1653 1390 βασάνους
1676 1336 1734 1372 τε
1755 1318 1947 1389 ἀνηκέ-

363 1424 520 1473 στους
540 1408 1004 1481 ὑπομεμενηκόσι,
1028 1410 1128 1463 καὶ
1155 1410 1495 1481 ἀφρονήτους
1519 1408 1583 1480 (Ῑ.
1617 1409 1944 1481 ἀφορήτους)

358 1501 655 1573 μάστιγας,
671 1500 765 1553 καὶ
789 1500 971 1571 σχεδὸν
990 1500 1241 1564 ἀνιάτους
1264 1502 1359 1555 καὶ
1372 1500 1774 1574 ἀθεραπεύτους
1796 1500 1945 1570 (ἄκος

359 1591 470 1665 γὰρ
497 1593 531 1664 ἡ
554 1591 818 1664 θεραπεία
843 1592 980 1654 ἐστὶ,
1005 1591 1100 1645 καὶ
1126 1593 1421 1661 ἀνήκεστον
1439 1593 1501 1646 τὸ
1531 1591 1943 1665 ἀθεράπευτον),

356 1688 455 1742 καὶ
471 1685 637 1749 ἄλλας
656 1685 919 1754 ἀνάγκας,
936 1684 1033 1738 καὶ
1056 1683 1195 1756 μετά
1220 1685 1389 1740 ταῦτα
1417 1683 1726 1755 ὑποκύψασι
1747 1685 1840 1739 καὶ
1860 1684 1948 1738 θύ-

360 1795 540 1841 σασιν,
565 1777 641 1841 ὡς
676 1777 781 1831 ὑπὸ
811 1776 909 1849 τῆς
936 1775 1217 1840 ἀσθενείας
1240 1776 1341 1848 τῆς
1369 1777 1569 1849 σαρκὸς
1614 1776 1941 1851 προδοθεῖσι,

2045 579 2421 649 paenitentiam
2442 585 2656 650 petunt,
2686 587 2741 635 et
2763 580 2829 635 de
2860 581 2928 635 iis
2960 581 3053 652 qui
3082 579 3154 635 ad
3183 581 3501 652 martyrium
3537 585 3620 637 ul-

2047 682 2132 729 tro
2163 673 2512 741 advolarunt,
2545 682 2599 730 et
2628 675 2770 745 lapsi
2808 683 2959 743 sunt,
2991 683 3045 732 et
3074 690 3269 732 rursus
3298 677 3458 734 ﬁdem
3489 688 3620 733 sunt

2045 763 2384 830 confessi,et
2417 766 2486 821 de
2536 765 2660 821 aliis
2710 767 3035 841 quibusdam
3082 767 3375 837 ejusmodi.
3428 768 3621 835 Quaere

2045 859 2210 913 etiam
2239 874 2352 914 non
2392 860 2600 930 absque
2629 857 2811 915 fructu
2841 859 3108 931 plurimos
3141 875 3380 918 canones
3423 864 3621 934 synodi

2046 949 2373 1023 Ancyranze.

2119 1042 2320 1099 Zomn.
2357 1043 2506 1099 Inter
2527 1059 2622 1100 eos
2640 1045 2733 1115 qui
2760 1044 3092 1100 turbulentis
3118 1044 3457 1116 temporibus
3492 1061 3622 1116 pro-

2045 1136 2221 1206 priam
2255 1134 2410 1191 ﬁdem
2442 1136 2803 1205 abnegarunt,
2821 1134 3116 1191 discrimen
3141 1143 3366 1193 sanctus
3391 1137 3482 1192 hic
3516 1136 3623 1192 Pa-

2045 1237 2130 1284 ter
2170 1228 2384 1291 statuit,
2429 1228 2634 1298 aitque,
2665 1228 2760 1298 qui
2792 1227 2860 1282 ad
2890 1236 3154 1301 tyrannos
3194 1229 3275 1284 rei
3318 1229 3426 1284 acti
3468 1241 3617 1297 sunt,

2046 1336 2111 1375 ac
2134 1321 2192 1376 in
2220 1320 2441 1375 vincula
2475 1320 2732 1389 conjecti,
2769 1327 3148 1392 tormentaque
3181 1321 3503 1393 gravissima
3523 1323 3620 1378 ﬁa-

2047 1414 2295 1484 gellaque
2330 1413 2476 1467 haud
2506 1413 2836 1478 tolerabilia,
2870 1429 3099 1484 quaeque
3134 1415 3282 1469 nulla
3328 1432 3619 1488 propemo-

2046 1503 2175 1557 dum
2205 1517 2360 1568 cura,
2394 1511 2488 1557 aut
2514 1501 2786 1559 medicina
2818 1502 2999 1557 sanari
3034 1510 3259 1573 possent
3289 1501 3440 1574 (ἄκος
3465 1520 3624 1559 name

2045 1611 2153 1667 que
2193 1595 2537 1650 curationem.
2561 1593 2869 1665 signiﬁcat,
2914 1601 3107 1665 estque
3144 1595 3441 1666 ἀνήκεστον
3476 1597 3618 1652 idem

2045 1686 2191 1758 quod
2212 1683 2643 1754 immedicabile),
2674 1685 2919 1755 aliasque
2950 1687 3310 1743 necessitates
3343 1688 3621 1744 sustinue-

2047 1785 2214 1843 runt;
2252 1790 2314 1831 ac
2342 1781 2533 1846 postea
2560 1776 2984 1832 succumbentes
3018 1776 3393 1841 immolarunt,
3428 1779 3621 1833 veluta

361 1871 438 1943 μὴ
488 1869 810 1942 δυνηθείσης
856 1870 1018 1941 μέχρι
1059 1868 1245 1933 τέλους
1273 1870 1677 1943 ἐγκαρτερῆσαι
1701 1875 1812 1937 τοῖς
1845 1871 1941 1926 ἀλ·-

2045 1869 2227 1925 carnis
2267 1868 2641 1924 imbecillitate
2683 1867 2909 1940 proditi,
2956 1884 3076 1939 quae
3114 1869 3182 1924 ad
3236 1869 3397 1925 ﬁnem
3447 1886 3621 1941 usque

357 1964 576 2031 γεινοῖς,
610 1962 815 2034 ἀρκεῑό
847 1961 1130 2032 παρελθὼν
1161 1961 1352 2034 χρόνος
1373 1963 1452 2026 εἰς
1478 1963 1818 2035 ἐπιτίμησιν.
1843 1963 1944 2016 Τέ-

356 2069 557 2124 ταρτον
584 2052 693 2125 γάρ
715 2069 878 2124 φησιν
907 2052 1010 2123 ἤδη
1057 2052 1248 2123 Πάσχα
1275 2054 1699 2125 ὲπικατείληφεν
1716 2095 1731 2120 ,
1754 2056 1937 2122 ἐξότου

358 2143 681 2200 πεπτώκασι
722 2144 821 2217 τὴν
876 2145 1135 2217 μεγίστην
1187 2144 1414 2201 πτῶσιν.
1452 2148 1560 2201 Καὶ
1588 2150 1636 2201 εἰ
1677 2149 1820 2219 τάχα
1848 2149 1943 2203 καὶ

357 2234 421 2300 ἐξ
442 2235 639 2307 ἀρχῆς,
670 2236 761 2289 ὅτε
787 2233 1090 2306 προσῆλθον
1121 2234 1570 2306 μεταμελόμενοι,
1589 2236 1690 2289 οὐκ
1715 2235 1943 2306 ἐδέχθη-

359 2344 491 2392 σαν,
521 2329 671 2400 ὅμως
705 2330 787 2383 ὅτι
815 2330 876 2382 ού
911 2329 1053 2384 κατὰ
1110 2330 1429 2403 προαίρεσιν
1451 2324 1617 2400 ἦλθον
1649 2329 1731 2392 είς
1756 2328 1821 2381 τὸ
1849 2327 1944 2381 θῦ-

359 2431 476 2482 σαι,
510 2419 604 2473 καὶ
632 2418 968 2489 ἀντέστησαν
992 2419 1246 2484 ἐπιπολὺ,
1277 2420 1372 2474 καὶ
1406 2418 1681 2488 στίγματα
1712 2417 1805 2473 τοῦ
1841 2419 1943 2491 Ἰη-

359 2507 481 2573 σοῦ,
508 2510 672 2581 ἧγουν
710 2508 984 2581 μώλωπας
1009 2510 1118 2565 τῶν
1140 2510 1493 2583 τραυμάτων,
1527 2504 1602 2563 ὧν
1631 2510 1942 2581 ὑπέστησαν

357 2604 502 2677 ὑπὲρ
529 2603 622 2659 τοῦ
649 2605 908 2676 Χριστοῦ,
939 2605 1144 2677 ἔχουσι,
1180 2607 1276 2660 καὶ
1308 2607 1407 2679 ἤδη
1435 2606 1618 2679 τρίτον
1648 2606 1768 2671 ἔτος
1796 2625 1941 2680 παρ-

355 2695 526 2767 ἦλθεν
553 2695 893 2751 πενθούντων
926 2698 1103 2752 αὐτῶν
1135 2698 1223 2752 διὰ
1245 2698 1342 2770 τὴν
1373 2698 1600 2763 πτῶσιν,
1620 2716 1941 2771 προσεπιτι-

360 2787 602 2859 μηθῆναι
647 2788 865 2860 ὥρισεν,
901 2788 1022 2843 ἀντὶ⁵
1046 2790 1163 2854 τοῦ,
1209 2792 1302 2844 ἐπὶ
1341 2790 1501 2845 πλέον
1528 2791 1938 2863 ὲπιτιμηθῆναι,

353 2879 526 2945 ἄλλας
595 2879 1006 2953 τεσσαράκοντα
1076 2882 1290 2954 ἡμέρας
1378 2881 1561 2947 ἐξότου
1634 2882 1940 2954 προσῆλθον

353 2969 651 3043 ζητοῦντες
705 2972 998 3045 δεχθῆναι·
1040 2975 1098 3027 ὲν
1144 2969 1233 3039 αἷς
1291 2975 1384 3029 ἐπὶ
1432 2974 1593 3031 πλέον
1632 2976 1939 3046 γυμνασίαν

353 3062 745 3131 ἐπιδείξαντες,
769 3068 863 3120 καὶ
888 3065 1247 3138 εὐτονώτερον
1267 3066 1554 3138 νήψαντες,
1577 3068 1745 3136 ἦγουν
1776 3084 1941 3120 σπου-

350 3154 635 3228 δαιόπρον
688 3159 1018 3230 προσχόντες
1078 3159 1312 3224 ἑαυτοῖς,
1368 3161 1809 3230 γρηγορήσουσιν
1856 3161 1937 3222 είς

350 3248 667 3320 προσευχὰς
691 3290 706 3312 ,
756 3251 1232 3322 καταμελετῶντες
1251 3292 1267 3318 ,
1332 3250 1498 3323 ἤγουν
1580 3251 1820 3322 συνεχῶς
1876 3253 1933 3305 ἐν

348 3339 597 3410 φροντίδι
645 3340 978 3412 ποιούμενοι,
1010 3343 1107 3396 καὶ
1147 3341 1413 3408 λέγοντες,
1440 3342 1476 3397 ἀ
1500 3345 1529 3396 ό
1562 3342 1765 3415 Κύριος
1798 3344 1934 3414 πρὸς

345 3429 447 3483 τὸν
470 3431 796 3505 πειράζοντα
832 3427 1004 3486 εἶπεν
1037 3433 1255 3503 Ὕπαγε
1276 3434 1469 3489 ὀπίσω
1490 3452 1630 3503 μου,
1658 3434 1892 3489 Σατανᾶ
1915 3452 1929 3467 ·

347 3516 675 3590 γέγραπται
700 3520 812 3591 γάρ
828 3537 845 3553 ο
885 3524 1102 3591 Κύριον
1129 3525 1236 3577 τὸν
1266 3527 1416 3578 Θεόν
1446 3541 1562 3579 σου
1598 3523 1938 3595 προσκυνή-

345 3626 512 3678 σεις,
539 3611 637 3666 καὶ
664 3611 824 3678 αὐτῷ
848 3614 1016 3682 μόνῳ
1043 3615 1412 3684 λατρεύσεις.

967 3800 1207 3854 ΚΑΝΩΝ
1234 3801 1328 3854 Βν.

433 3906 452 3940 ι
498 3889 623 3956 Τοῖς
646 3891 704 3945 δὲ
733 3891 870 3963 μετὰ
899 3892 960 3946 τὸ
992 3894 1388 3965 φυλακισθῆναι
1433 3895 1593 3961 μόνον
1626 3896 1646 3928 ³
1671 3897 1765 3951 καὶ
1798 3896 1932 3950 ὑπο·-

355 3998 383 4032 ‹
418 3983 782 4055 μεμενηκέναι
822 3984 923 4048 τὰς
947 3986 1005 4039 ἐν
1036 3985 1115 4058 τῷ
1147 3986 1525 4060 δεσμωτηρίῳ,
1558 3988 1634 4052 ὡς
1657 3987 1723 4041 ἂν
1753 3990 1810 4042 ἐν
1836 4007 1933 4043 πο-

355 4087 379 4123 ι
417 4070 655 4145 λιορκίᾳ,
724 4073 932 4144 θλίψεις
986 4094 1044 4130 τε
1100 4078 1194 4132 καὶ
1249 4078 1539 4144 δυσωδίας,
1599 4079 1825 4153 ὕστερον
1876 4081 1934 4136 δὲ

353 4181 376 4215 e
419 4164 592 4237 χωρὶς
610 4165 847 4238 πολέμου
876 4167 1123 4238 βασάνων
1141 4171 1454 4242 γενομένοις
1474 4173 1516 4205 ν
1543 4174 1931 4245 αἰχμαλώτοις,
1950 4175 1957 4182 ’

355 4273 375 4307 σ
416 4255 559 4312 κατὰ
610 4259 807 4332 πολλὴν
862 4264 1132 4334 πτωχείαν
1170 4263 1471 4335 δυνάμεως,
1503 4267 1596 4319 καὶ
1632 4268 1776 4322 κατά
1816 4286 1934 4322 τινα

354 4365 377 4399 ι
417 4347 726 4420 τυφλότητα
800 4352 1256 4425 τεθραυσμένοις,
1325 4357 1620 4429 ἐπαρκέσει
1689 4360 1935 4425 ἐνιαυτὸς

352 4457 374 4491 ι
418 4439 556 4509 πρὸς
602 4440 680 4512 τῷ
722 4442 893 4515 ἑτέρῳ
924 4445 1130 4517 χρόνῳθ
1174 4446 1296 4499 ἐπεὶ
1333 4447 1469 4511 ὅλως
1506 4449 1600 4502 καὶ
1630 4450 1783 4503 αὐτοὶ
1813 4451 1933 4503 ἐπι-

354 4549 375 4585 r
410 4529 707 4632 δεδώκασιν
763 4536 990 4602 ἑαυτοὺς
1039 4539 1181 4611 ὑπὲρ
1205 4537 1299 4592 τοῦ
1358 4540 1622 4613 ὀνόματος
1658 4541 1753 4595 τοῦ
1795 4544 1934 4614 Χρι-
1967 4574 2013 4632 D

354 4642 376 4676 ε
414 4624 544 4679 στοῦ
571 4625 595 4659 ⁸
619 4625 896 4697 θλιϐἧναι·
943 4631 992 4683 εί
1034 4631 1130 4685 καὶ
1166 4630 1478 4686 ἀπέλαυσαν
1528 4633 1588 4685 ὲν
1626 4633 1704 4706 τῷ
1726 4634 1936 4706 δεσμω-

355 4735 375 4768 σ
409 4718 585 4789 τηρίῳ
622 4720 723 4788 τῆς
772 4720 924 4791 παρά
979 4722 1088 4775 τῶν
1140 4723 1383 4792 ἀδελφῶν
1437 4724 1645 4796 πολλῆς
1689 4726 1938 4782 ἀναπαύ-

356 4828 376 4863 ‹
413 4826 572 4876 σεως.
601 4813 780 4884 Ἀπερ
812 4813 1251 4870 πολλαπλασίονα
1293 4817 1667 4886 ἀποδώσουσι,
1710 4820 1938 4875 ποθοῦν-

360 4920 379 4953 ι
418 4919 510 4968 τες
559 4903 901 4978 λυτρωθῆναι
949 4906 1058 4960 ἀπὸ
1108 4908 1210 4979 τῆς
1263 4910 1599 4983 πικροτάτης
1654 4913 1933 4983 αἰχμαλω-

356 5012 377 5048 t
417 4995 541 5062 σίας
563 4997 658 5051 τοῦ
684 4996 951 5062 διαὸόλου,
995 5003 1330 5072 μεμνημένοι
1367 5004 1602 5075 μάλιστα
1627 5005 1720 5059 τοῦ
1744 5007 1931 5075 λέγον-

354 5105 376 5143 t
413 5103 528 5156 τοςο
550 5091 795 5163 Πνεῦμα
824 5092 932 5147 τοῦ
955 5092 999 5125 δ’
1025 5094 1249 5163 Κυρίου
1271 5096 1364 5150 ἐπ’
1389 5097 1514 5167 ἐμὲ,
1541 5092 1616 5155 οὗ
1639 5097 1846 5153 ἕνεκεν
1866 5104 1932 5130 ⁵⁸·

1962 3223 2005 3280 C

2045 1960 2317 2015 obdurare
2360 1959 2416 2013 in
2466 1958 2750 2014 doloribus
2802 1958 2949 2012 haud
2998 1959 3259 2029 potuerit,
3294 1959 3362 2017 iis
3404 1961 3621 2016 mulcta:

2044 2052 2267 2107 nomine
2313 2050 2608 2107 decursum
2655 2051 2772 2122 jam
2804 2060 3022 2121 tempus
3058 2051 3324 2108 suﬁioere.
3352 2050 3619 2118 Quartum

2045 2145 2339 2216 siquidem,
2374 2145 2574 2215 inquit,
2610 2144 2820 2200 Pascha
2849 2143 2963 2213 jam
2994 2151 3247 2201 exactum
3294 2154 3398 2210 est,
3421 2160 3487 2199 ex
3511 2160 3621 2215 quo

2044 2238 2102 2293 in
2125 2239 2510 2310 gravissimum
2547 2238 2693 2292 hunc
2746 2237 2988 2293 incidere
3040 2252 3252 2293 casum.
3292 2235 3370 2292 Ac
3405 2237 3621 2293 etiamsi

2043 2329 2186 2386 forte
2217 2329 2375 2384 initio
2409 2345 2533 2383 cum
2565 2328 2890 2398 pmniteutia
2920 2327 3069 2382 ducti
3105 2335 3480 2393 accesserunt,
3510 2343 3622 2382 non

2044 2430 2173 2479 sunt
2202 2421 2469 2493 suscepti,
2502 2427 2687 2476 tamen
2721 2419 2852 2491 quia
2898 2435 3010 2473 non
3062 2426 3259 2489 sponte
3302 2432 3623 2489 processere

2043 2510 2113 2567 ad
2156 2511 2551 2568 immolandum
2582 2511 2787 2581 diuque
2832 2519 3223 2580 repugnarunt,
3268 2525 3333 2565 ac
3366 2510 3621 2581 stigmata
3709 2523 3716 2531 '

2041 2607 2192 2670 Jesu,
2221 2606 2512 2662 vulnerum
2535 2620 2731 2676 nempe
2770 2619 2891 2674 qua:
2920 2619 3020 2675 pro
3054 2602 3273 2659 Christo
3304 2604 3619 2661 sustinuere

2041 2697 2328 2754 cicatrices
2358 2704 2553 2767 gerunt
2579 2715 2591 2749 :
2626 2695 2931 2766 tertiusque
2954 2694 3067 2766 jam
3099 2693 3305 2750 ellluxit
3336 2710 3512 2751 annus
3550 2712 3620 2751 ex

2040 2806 2150 2862 quo
2177 2790 2364 2860 lugent
2394 2789 2613 2860 lapsum
2641 2788 2815 2852 illum,
2838 2787 3061 2858 insuper
3083 2787 3360 2853 mulctari,
3387 2788 3490 2842 hoc
3514 2798 3621 2852 est,

2041 2881 2179 2938 alios
2196 2881 2377 2937 adhuc
2403 2878 2765 2951 quadraginta
2797 2877 2915 2934 dies
2947 2893 3013 2934 ex
3041 2892 3149 2949 quo
3179 2877 3247 2933 ad
3278 2877 3620 2931 communio-

2039 2988 2166 3029 nem
2202 2972 2415 3027 admitti
2463 2972 2808 3042 postulantes
2851 2976 3236 3035 accesserunt,
3267 2968 3485 3023 mulctae
3513 2982 3617 3022 no-

2040 3064 2188 3119 mine
2218 3063 2589 3134 injungendos
2609 3078 2731 3119 esse
2752 3061 3019 3119 decernit.
3042 3060 3100 3116 In
3130 3061 3331 3133 quibus
3353 3060 3618 3131 majorem

2042 3155 2220 3210 adhuc
2263 3153 2618 3211 ostendentes
2667 3153 2996 3225 pmnitentim
3035 3152 3505 3218 exercitationem,
3564 3156 3621 3203 et

2039 3246 2328 3313 intentius,
2363 3245 2469 3302 hoc
2511 3253 2616 3310 est,
2655 3245 2946 3301 attentiore
2988 3259 3122 3299 cura
3168 3243 3504 3313 jejunantes,
3531 3250 3617 3295 ειν

2041 3337 2326 3395 tendentes
2358 3336 2738 3407 sibimetipsis,
2758 3336 2983 3406 vigilent
3018 3334 3075 3388 in
3105 3330 3470 3399 orationibus,
3502 3347 3621 3385 me-

2038 3433 2298 3499 ditantes,
2331 3430 2438 3487 boc
2488 3436 2573 3486 est
2606 3428 2790 3483 animo
2827 3436 3088 3498 perpetuo
3117 3435 3424 3489 versantes,
3455 3439 3618 3481 voce-

2038 3541 2146 3597 que
2169 3532 2504 3593 usurpantes
2537 3535 2660 3592 quaa
2690 3519 2958 3574 Dominus
2988 3516 3057 3572 ad
3088 3524 3411 3571 tentatorem
3438 3514 3571 3571 dixit
3597 3535 3614 3572 :

2037 3618 2139 3674 Abi
2169 3633 2301 3688 pone
2330 3631 2431 3680 me,
2474 3614 2682 3670 Satana
2705 3627 2726 3679 ;
2762 3611 3014 3679 scriptum
3039 3618 3116 3664 est
3145 3609 3314 3663 enim:
3331 3607 3621 3665 Daminum

2038 3710 2209 3768 Deum
2239 3720 2387 3764 tuum
2409 3706 2684 3772 adorabis,
2711 3714 2762 3758 et
2786 3704 2871 3758 illi
2895 3703 2997 3759 soli
3027 3701 3239 3757 servies.

2653 3795 2886 3854 CANON
2924 3793 2991 3852 Il.

2032 3894 2033 3899 “
2115 3913 2136 3947 ι
2176 3892 2248 3951 lis
2276 3905 2456 3948 autem
2501 3891 2597 3963 qui
2642 3899 2934 3961 postquam
2982 3889 3041 3943 in
3078 3887 3386 3945 custodiam
3435 3885 3618 3940 traditi

2044 4006 2063 4039 ι
2113 3997 2263 4055 sunt,
2291 3994 2346 4042 et
2379 3986 2436 4041 in
2468 4000 2711 4049 carcere,
2761 3991 3023 4054 tanquam
3074 3983 3131 4038 in
3182 3981 3489 4045 obsidione,
3535 3978 3620 4033 af-

2045 4096 2066 4130 ι
2112 4077 2384 4132 ﬁictiones
2414 4089 2720 4147 gravesque
2763 4073 2964 4130 fetores
3013 4073 3162 4145 passi
3218 4080 3377 4139 sunt;
3428 4079 3619 4142 postea

2044 4188 2064 4222 ι
2111 4177 2297 4225 autem
2326 4167 2451 4237 ,sine
2482 4167 2625 4223 bello
2651 4173 3051 4222 tormentorum
3084 4163 3288 4234 captivi
3312 4163 3442 4218 facti
3465 4169 3617 4227 sunt,

2044 4282 2065 4316 ι
2108 4262 2277 4318 nimia
2300 4261 2499 4316 virium
2521 4260 2704 4331 inopia
2726 4270 2780 4314 et
2803 4258 3040 4330 quadam
3061 4259 3309 4314 caecitate
3326 4255 3616 4325 confracti,

2044 4373 2063 4408 ι
2110 4369 2291 4410 annus
2319 4353 2388 4408 ad
2430 4353 2576 4409 aliud
2619 4360 2838 4422 tempus
2868 4350 3150 4422 injunctus
3186 4348 3416 4405 sulliciet
3449 4368 3460 4404 :
3491 4365 3618 4403 nam

2045 4466 2064 4499 ‹
2113 4448 2220 4519 ipsi
2242 4461 2462 4518 quoque
2490 4461 2551 4502 se
2587 4446 2813 4502 omnino
2839 4459 2940 4516 pro
2972 4442 3195 4498 nomine
3247 4441 3453 4496 Christi
3482 4441 3620 4496 allii-

2046 4556 2064 4589 ι
2107 4536 2315 4609 gendos
2353 4535 2595 4592 dedere:
2642 4537 2688 4593 si
2720 4536 2887 4591 etiam
2918 4550 2949 4589 a
2996 4534 3260 4590 fratribus
3301 4534 3358 4588 in
3398 4547 3622 4588 carcere

2044 4648 2065 4683 ‹
2111 4630 2337 4684 multam
2361 4627 2791 4685 consolationem
2837 4626 3077 4684 assecuti
3129 4632 3277 4682 sunt.
3332 4624 3464 4692 Quae
3497 4624 3621 4695 qui—

2045 4742 2065 4776 ι
2113 4724 2236 4780 dem
2269 4722 2634 4794 multiplicata
2670 4721 2935 4786 reddent,
2969 4720 3193 4776 liberari
3239 4720 3524 4790 cupientes
3550 4717 3621 4773 ab

2045 4836 2063 4869 ι
2110 4814 2471 4873 acerbissima
2493 4815 2813 4887 captivitate
2839 4814 3066 4880 diaboli,
3101 4814 3223 4884 ejus
3264 4814 3500 4868 maxime
3534 4826 3620 4865 re-

2046 4927 2067 4961 ι
2111 4907 2407 4964 cordantes
2437 4910 2533 4978 qui
2567 4907 2703 4963 dicit
2734 4925 2747 4960 :
2787 4905 3022 4975 Spiritus
3067 4904 3285 4961 Domini
3325 4918 3481 4972 super
3512 4916 3615 4965 me,

2043 5017 2062 5050 ι
2108 5015 2269 5069 quam
2314 4997 2378 5052 ob
2409 5013 2630 5055 causam
2659 4999 2815 5051 unxit
2858 5013 2941 5050 me
2971 5011 2990 5049 :
3018 5005 3079 5050 ut
3108 4993 3427 5066 pauperibus
3455 5010 3618 5047 evan-

2042 5108 2062 5142 c
2108 5091 2394 5162 gelizarem
2422 5090 2566 5144 misit
2600 5105 2702 5154 me,
2735 5096 2786 5142 et
2824 5088 3199 5141 annuntiarem
3235 5086 3456 5157 captivis
3490 5085 3620 5141 iibe-

358 5198 377 5231 σ
414 5179 627 5252 ἕχρισέ
641 5200 718 5252 με
740 5199 755 5213 ο
782 5185 1289 5255 εὐαγγελίσασθαι
1304 5188 1564 5257 πτωχοῖς
1588 5189 1934 5245 ἀπέσταλκε

2043 5202 2062 5237 ο
2111 5182 2391 5248 rationem,
2426 5192 2477 5237 et
2506 5182 2660 5237 circis
2688 5182 2831 5236 visus
2868 5180 3338 5251 recuperationem,
3369 5187 3420 5233 et
3444 5178 3619 5235 mitte-

355 5288 378 5322 ‹
410 5288 508 5340 με,
540 5272 796 5341 κηρύξαι
835 5272 1234 5344 αἰχμαλώτοις
1273 5276 1514 5346 ἄφεσιν,
1550 5279 1649 5336 καὶ
1681 5280 1934 5350 τυφλοῖς

2045 5295 2066 5328 ο
2107 5292 2218 5331 rem
2271 5275 2473 5345 fractos
2529 5274 2587 5328 in
2637 5273 3023 5338 remissionem,
3077 5271 3368 5338 pradicare
3419 5286 3617 5329 annum

355 5375 378 5412 ε
415 5358 772 5431 ἀνάϐλεψιν,
799 5363 1153 5420 ἀποστεῖλαι
1183 5368 1664 5438 τεθραυσμένους
1690 5369 1762 5423 ἐν
1788 5370 1933 5439 ἀφέ-

2045 5390 2065 5423 ι
2113 5369 2331 5425 Domini
2363 5366 2760 5436 acceptabilem,
2783 5374 2834 5421 et
2855 5365 2994 5422 diem
3029 5366 3392 5422 retributionis
3413 5379 3462 5422 ι.
3496 5383 3517 5422 ι

356 5467 376 5503 ι
412 5468 528 5519 σει,
564 5456 818 5523 κηρύξαι
843 5458 1122 5514 ἐνιαυτὸν
1149 5463 1370 5531 Κυρίου
1399 5463 1633 5529 δεκτόν,
1667 5467 1767 5521 καὶ
1796 5465 2027 5537 ἡμέραν
2041 5465 2523 5530 ἀνταποδόσεως.
2551 5482 2572 5516 ι

422 5621 448 5650 ι
478 5608 597 5668 Isa.
629 5628 744 5679 ut,
780 5616 831 5685 l,
853 5615 919 5684 ες
946 5614 1076 5671 Luc.
1108 5634 1182 5683 tv,
1222 5619 1312 5685 i8,
1347 5621 1434 5675 l9.

1563 5748 1568 5753 ‘
1605 5733 1838 5790 VARIIE
1876 5730 2280 5790 LECTIONES.

455 5867 478 5899 ³
502 5869 659 5936 μόνον
684 5886 791 5927 om.
866 5872 907 5905 ³⁶
941 5874 1267 5945 γενομνων.
1346 5876 1368 5911 ⁸
1398 5876 1489 5931 τοῦ
1522 5874 1758 5946 Χριστοῦ
1786 5892 1898 5934 om.
1974 5874 2018 5908 ι’
2050 5875 2144 5929 τοῦ
2177 5889 2286 5931 om.
2363 5864 2433 5899 ⁸⁸*
2456 5874 2684 5931 εἵνεκεν.
