4110 6432
491 375 591 441 δτι

1520 369 1578 426 S.
1612 369 1816 426 PETRI
1857 369 2326 426 ALEXANDRINI
2368 369 2675 426 EPISCOPI

3611 368 3717 423 ΗΞ

561 488 723 551 ﬂans.
750 485 849 540 Hic
873 499 1048 539 canon
1080 484 1273 540 statuit
1302 492 1361 538 ut
1388 485 1482 555 qui
1509 484 1565 538 in
1596 484 1844 540 custodia
1878 484 2038 538 solun

2227 484 2419 537 ΒΔΛΣ.
2452 477 2620 547 Οὗτος
2647 487 2675 538 ὁ
2695 482 2873 540 κανὼν
2896 481 3253 553 διαλαμϐάνει
3281 483 3406 546 τοὺς
3440 483 3598 553 μόνον
3618 502 3720 539 κα-

488 580 629 644 ntale
656 577 832 637 aﬂ‘ecti
863 584 1013 644 sunt,
1047 588 1100 633 et
1121 578 1242 633 sine
1263 576 1552 632 tormentis
1577 576 1716 646 lapsi
1747 584 1893 643 sunt,
1930 588 2038 647 post

2156 573 2569 645 κοπαθήσαντας
2600 575 2657 626 ἐν
2687 575 2752 644 τῇ
2791 571 3001 643 φυλακῇ
3029 573 3123 625 καὶ
3141 573 3308 643 χωρὶς
3335 572 3583 642 βασάνων
3612 590 3720 628 πα-

487 668 777 731 triennium
814 667 954 727 alius
985 680 1203 736 quoque
1240 664 1368 720 anui
1423 679 1583 735 paena
1644 665 1961 734 puniantur.
1993 662 2034 719 S

2155 661 2600 733 ραπεπτωκότας,
2647 660 2999 731 ἐπιτιμᾶσθαι
3034 659 3171 730 μετὰ
3195 659 3288 712 τὸν
3320 660 3504 731 τριετῆ
3528 660 3720 731 χρόνον

485 760 626 819 forte
653 758 821 820 enim,
839 756 1037 827 inquit.
1063 754 1490 814 consolationem
1522 754 1761 809 assecuti
1793 762 1942 819 sunt,
1964 762 2053 810 ut-

482 854 610 921 pote
638 846 915 917 aliquibus
950 845 1195 906 ﬁdelibus
1222 845 1348 900 vita
1370 844 1619 900 subsidia
1658 845 2054 916 suppeditanti-

481 940 605 1002 bus,
635 939 672 993 ii
705 953 921 1008 quoque
954 938 1154 994 debent
1184 938 1399 997 veniam
1426 935 1692 1001 obtinere,
1725 944 1785 991 ut
1807 937 1898 1013 qui
1927 953 2054 1009 gra-

481 1030 567 1093 via
591 1046 692 1108 pro
724 1030 829 1091 lide
855 1031 1003 1100 passi
1037 1037 1184 1087 sunt.

552 1233 758 1296 Zama.
801 1232 859 1288 ln
895 1231 1138 1293 secundo
1171 1232 1365 1288 ordine
1396 1246 1492 1287 eos
1513 1231 1658 1287 locat
1681 1231 1775 1303 qui
1808 1239 2049 1286 tantum-

479 1326 644 1383 modo
675 1326 730 1380 in
761 1326 978 1380 vincula
1013 1323 1448 1395 conjecti,atque
1477 1326 1531 1379 in
1556 1339 1779 1380 carcere
1801 1325 1943 1379 male
1975 1322 2051 1379 al-

481 1415 609 1480 iecti
646 1423 794 1481 sunt,
828 1426 941 1470 tum
976 1416 1142 1469 nullis
1168 1416 1350 1471 vexati
1391 1414 1727 1470 cruciatibus
1780 1429 2045 1485 peccave-

482 1517 643 1569 runt:
672 1509 873 1578 quibus
913 1515 1109 1579 praeter
1138 1506 1433 1563 decursum
1469 1513 1706 1579 tempus,
1750 1505 2045 1561 triennium

479 1599 733 1661 videlicet
778 1598 845 1654 de
885 1614 993 1670 quo
1044 1613 1211 1669 supra
1260 1597 1464 1656 dictum
1515 1607 1621 1662 est,
1661 1599 1790 1658 anni
1830 1613 2048 1669 quoque

480 1698 740 1767 praeterea
769 1690 934 1746 unius
965 1691 1223 1745 mulctam
1259 1690 1488 1761 irrogari
1516 1692 1711 1761 placet.
1775 1688 2044 1756 Quoniam

476 1791 531 1845 et
561 1783 686 1856 ipsi,
720 1781 917 1852 inquit,
950 1796 1048 1852 pro
1080 1781 1283 1838 Christi
1330 1783 1551 1837 nomine
1594 1782 1831 1840 divexati
1882 1787 2042 1849 sunt;

2152 754 2243 807 καὶ
2274 753 2366 806 ἐπὶ
2389 753 2573 823 ἕτερον
2593 752 2854 806 ἐνιαυτόν.
2890 753 2953 804 Εί
2987 751 3128 822 τάχα
3145 750 3434 823 γάρνφησὶ,
3474 752 3568 805 καὶ
3613 753 3723 806 ἀπ-

2151 845 2382 901 έλαυσαν
2428 846 2823 919 παρακλήσεως
2845 885 2860 909 ,
2895 844 2970 909 ὥς
2995 863 3156 899 τινων
3188 844 3395 899 πιστῶν
3420 846 3718 919 χορηγούν-

2149 954 2258 990 των
2289 938 2471 1002 αὑτοίς
2512 939 2581 993 τά
2616 939 2751 1010 πρὸς
2776 939 3063 1011 διοίκησιν,
3109 938 3244 997 ἀλλὰ
3279 938 3373 992 καὶ
3399 931 3542 992 οὗτοι
3565 939 3719 1009 ὀφεί-

2150 1029 2299 1084 λουσι
2332 1028 2660 1101 συγγνώμης
2689 1030 2968 1097 ἀξιοῦσθαι
2994 1031 3071 1094 ὡς
3092 1030 3230 1104 ὑπὲρ
3252 1030 3351 1101 τῆς
3364 1029 3599 1095 πίστεως
3616 1047 3719 1084 διας

2149 1118 2576 1191 κοπαθήσαντες.

2219 1213 2459 1272 ΖΩΝΔΡ.
2500 1213 2590 1265 Ἐν
2626 1210 2857 1283 δευτέρα
2900 1209 3052 1277 τάξει
3084 1209 3265 1281 τίθησι
3283 1210 3410 1273 τοὺς
3435 1208 3595 1282 μάνον
3616 1226 3720 1279 φυ-

2146 1302 2517 1367 λακισθέντας,
2547 1303 2641 1357 καὶ
2685 1301 3172 1374 κακοπαθήσαντας
3193 1303 3250 1355 ὲν
3271 1304 3338 1373 τῇ
3360 1301 3595 1373 φυλακῇ,
3623 1303 3719 1359 καὶ

2146 1397 2314 1469 χωρὶς
2343 1395 2588 1466 βασάνων
2621 1393 3141 1465 παραπεπτωκότας
3163 1387 3243 1457 οἷς
3262 1393 3507 1453 ἐνιαυτὸν
3523 1393 3719 1459 ἔταξαν

2147 1487 2208 1557 (Ῑ,
2240 1486 2448 1557 ἔταξεν)
2466 1488 2546 1550 είς
2570 1488 2842 1558 ἐπιτίμιον
2870 1486 3009 1558 μετά
3034 1486 3124 1539 τὸν
3146 1484 3484 1555 παρελθόντα
3503 1486 3716 1558 χρόνον,

2146 1580 2311 1650 ῆγουν
2341 1579 2438 1651 τὴν
2472 1578 2713 1651 τριετίαν
2735 1580 2803 1649 ῆν
2829 1579 3050 1651 sip!)st
3078 1579 3206 1637 ἀνω.
3237 1579 3381 1632 Διότι
3407 1578 3503 1632 καὶ
3536 1578 3715 1643 αὐτοὶ,

2145 1654 2327 1741 φησιν,
2344 1671 2482 1741 ὑπὲρ
2498 1670 2589 1730 τοῦ
2606 1673 2861 1741 ὀνόματος
2875 1670 3059 1741 ὲθλίὸη
3067 1687 3165 1726 σαν
3180 1669 3270 1724 τοῦ
3284 1669 3540 1742 Χριστοῦ,
3555 1672 3604 1723 εί
3617 1671 3719 1727 καὶ

2144 1763 2284 1831 τάχα
2308 1761 2617 1819 ἀπέλαυσαν
2652 1762 2712 1815 ὲν
2738 1761 2817 1833 τῷ
2850 1760 3204 1834 δεσμωτηρίῳ
3231 1762 3623 1834 παρακλήσεως
3648 1764 3718 1821 ὲκ

476 1849 687 1937 etiamsi
715 1849 856 1934 forte
885 1849 1066 1928 solatii
1094 1873 1373 1949 quidpiam
1404 1873 1459 1928 in
1481 1888 1701 1928 carcere
1727 1888 1757 1927 a
1784 1872 2038 1929 fratribus

2145 1854 2252 1909 τῶν
2283 1855 2543 1923 ἀδελφῶν,
2579 1856 2666 1919 Ὠς
2687 1854 2829 1908 ἔοικε
2861 1855 2990 1925 γὰρ,
3023 1856 3072 1907 oi
3103 1856 3303 1917 πιστοὶ,
3336 1856 3449 1908 ὅσοι
3486 1856 3550 1908 οὐ
3583 1871 3715 1908 συνη

475 1974 754 2026 consecuti
784 1974 932 2029 sunt,
969 1963 1258 2024 Probabile
1294 1968 1439 2021 enim
1462 1977 1545 2021 est
1576 1966 1782 2034 ﬁdeles,
1806 1967 2041 2037 quicun-

476 2074 583 2129 que
613 2057 764 2116 nulla
785 2057 1035 2112 custodia
1071 2056 1479 2123 detinebantur,
1512 2059 1566 2113 in
1610 2058 1829 2117 vincula
1856 2059 2046 2128 conje.

475 2148 580 2209 etis
602 2148 730 2210 vitat
762 2148 1005 2208 subsidia
1051 2148 1428 2215 ministrasse,
1466 2149 1642 2219 iisque
1690 2148 1916 2219 proinde
1969 2149 2045 2203 le-

475 2239 711 2297 vationis
736 2238 938 2309 aliquid
964 2240 1236 2299 attulisse.
1260 2238 1391 2307 Quae
1417 2238 1637 2310 quidem
1680 2238 2044 2309 multiplicata

475 2332 726 2394 reddent,
765 2345 865 2401 pro
891 2331 962 2385 iis
996 2330 1257 2385 nimirum
1293 2331 1494 2401 quibus
1528 2331 1582 2384 in
1611 2318 1859 2385 custodia
1894 2330 2044 2385 oble-

376 2470 384 2479 .
476 2425 607 2484 etati
632 2431 779 2485 sunt,
808 2421 1186 2494 paenitentiam
1221 2430 1443 2497 agentes
1475 2422 1753 2477 vetabunt
1779 2436 1838 2477 se
1869 2421 2041 2492 ipsos,

478 2528 544 2577 ac
595 2514 784 2569 multis
816 2513 995 2570 modis
1021 2513 1384 2580 alliictabunt;
1420 2516 1468 2570 si
1500 2530 1564 2570 ex
1596 2529 1662 2569 eo
1690 2514 1838 2585 quod
1878 2513 2042 2569 Chri-

477 2616 620 2662 stum
650 2607 1023 2677 abnegarunt,
1054 2621 1084 2659 a
1113 2604 1315 2665 diaboli
1346 2606 1659 2677 captivitate
1696 2606 1918 2661 liberari
1948 2621 2041 2660 ve-

478 2697 598 2761 lint,
631 2696 779 2753 illius
807 2696 1009 2767 captivi
1048 2704 1103 2752 et
1137 2697 1282 2753 servi
1316 2696 1468 2752 lacti.
1509 2694 1745 2767 Subjicit
1768 2710 1893 2750 mox
1914 2710 2044 2766 pro-

476 2788 649 2868 pheta
678 2789 864 2852 verba,
896 2803 1017 2858 quae
1045 2799 1251 2845 suntex
1280 2789 1421 2843 Isaia
1452 2790 1789 2867 deprompta,
1810 2801 2041 2859 quorum

476 2879 793 2941 meminisse
818 2888 1071 2955 Oportere
1092 2880 1242 2950 ipsos
1276 2878 1529 2937 aﬂirmat.

1083 2969 1313 3026 CANON
1352 2970 1442 3026 Ill.

552 3079 571 3113 ι
617 3060 690 3118 lis
729 3068 909 3116 autem
951 3062 1044 3132 qui
1090 3062 1225 3116 nihil
1257 3062 1525 3132 ejusmodi
1572 3066 1720 3135 passi
1761 3075 1909 3134 sunt,
1940 3082 2042 3124 nec

481 3170 501 3207 ι
547 3150 665 3208 ﬁdei
708 3152 946 3209 fructum
992 3154 1384 3219 ostenderunt,
1414 3157 1509 3211 sed
1541 3156 1608 3211 ad
1649 3159 1841 3216 vitium
1898 3161 2041 3215 ultro

475 3259 502 3307 ι
545 3241 977 3315 transfugerunt,
1011 3259 1041 3298 a
1067 3254 1209 3299 metu
1241 3254 1295 3299 et
1317 3244 1607 3303 timiditate
1638 3248 2038 3317 proditi;nunc

480 3355 499 3391 ι
546 3343 726 3392 autem
762 3336 987 3392 veniunt
1031 3335 1099 3390 ad
1135 3337 1537 3407 pmnitentiam,
1572 3353 1800 3396 necesse
1853 3347 1938 3396 est
1983 3347 2039 3396 et

476 3447 497 3490 ι
540 3430 870 3494 conveniens
900 3427 1234 3499 infrugilerae
1284 3428 1420 3487 ﬁcus
1469 3431 1782 3499 parabolam
1832 3448 2037 3505 propo-

477 3541 496 3575 ι
541 3538 692 3587 nere,
746 3528 808 3575 ut
856 3519 1118 3577 Dominus
1168 3519 1303 3579 dicit
1354 3539 1367 3574 :
1426 3520 1667 3577 Habebat
1721 3524 1835 3593 quia
1877 3525 2037 3592 ﬁcum

475 3633 493 3665 ι
538 3615 838 3683 ρίοιιιαιαηι
864 3614 921 3666 in
949 3630 1046 3668 suo
1076 3613 1247 3668 vineta
1277 3630 1296 3669 :
1327 3624 1377 3669 et
1419 3616 1553 3671 venit
1595 3632 1834 3687 quarens
1880 3618 1935 3672 in
1975 3634 2039 3673 ea

476 3726 495 3761 ι
541 3707 793 3776 fructum,
839 3713 890 3761 et
931 3721 1036 3760 non
1086 3707 1303 3765 invenit.
1352 3707 1499 3769 Dixit
1553 3719 1727 3763 autem
1771 3711 1985 3765 vinitori
2015 3726 2036 3766 ε

478 3816 497 3851 ι
541 3795 676 3850 Ecce
700 3807 803 3857 tres
834 3813 1021 3859 annos,
1067 3813 1132 3857 ea:
1168 3815 1269 3869 quo
1321 3816 1413 3871 ego
1470 3802 1618 3859 venio
1651 3817 1887 3870 quazrem
1917 3802 2036 3872 [ru-

477 3907 497 3944 ι
547 3897 687 3945 ctum
718 3889 770 3942 in
797 3888 895 3942 hac
936 3889 1063 3958 ﬁcu,
1103 3897 1153 3944 et
1185 3908 1287 3945 non
1326 3893 1564 3956 invenio;
1594 3893 1838 3948 exscinde
1871 3910 1988 3953 eam
2017 3911 2036 3948 ε

476 3999 495 4033 ι
541 3996 636 4043 cur
668 3991 863 4035 terram
884 3982 1116 4037 inaniter
1137 3994 1354 4053 occupat
1374 3987 1401 4041 1
1430 3984 1532 4040 Ille
1562 4002 1677 4042 vero
1716 3987 2034 4055 respondeas

477 4094 495 4131 ι
535 4075 661 4136 dicit
685 4075 809 4132 illi:
850 4076 1085 4143 Domine,
1110 4077 1316 4133 dimitte
1341 4077 1491 4133 illam
1520 4079 1615 4134 hoc
1639 4096 1841 4151 quoque
1872 4097 2032 4150 anno,

474 4186 495 4224 ι
536 4167 698 4224 donec
733 4169 877 4227 circa
922 4186 1040 4225 eam
1068 4169 1271 4241 (odero,
1314 4181 1364 4226 ct
1405 4172 1648 4227 laetamen
1691 4170 1957 4247 injecero,‘
1989 4176 2036 4229 si

474 4278 493 4312 ι
538 4260 746 4332 quidem
774 4260 1008 4332 fructum
1042 4263 1258 4333 fecerit;
1297 4265 1382 4320 sin
1425 4266 1623 4329 minus,
1657 4281 1774 4322 eam
1807 4269 1862 4323 in
1887 4266 2036 4336 futu-

471 4372 493 4415 ι
537 4370 655 4413 rum
683 4356 952 4411 exscindes
984 4370 1010 4398 ι
1037 4377 1050 4413 :
1082 4373 1190 4428 qua
1220 4365 1348 4412 ante
1367 4360 1561 4413 oculos
1587 4367 1831 4430 accepta,
1858 4367 1912 4414 et
1938 4374 2031 4416 os-

471 4463 492 4501 ι
538 4453 695 4502 tenso
720 4447 884 4517 digno
911 4448 1091 4504 fructu
1121 4449 1477 4520 poenitentiae,
1503 4450 1561 4505 in
1599 4458 1751 4511 tanto
1771 4453 2032 4527 temporis

470 4555 491 4598 ι
535 4537 823 4599 intervallo
850 4539 1397 4616 magisjuvabuntur.
1444 4559 1465 4595 ι

533 4790 695 4846 ΒΑιε.
740 4791 847 4845 Eos
874 4792 965 4861 qui
994 4799 1216 4861 propter
1244 4792 1421 4846 solum
1453 4799 1657 4847 metum
1686 4801 1740 4845 et
1770 4793 2034 4851 timidita-

462 4894 572 4945 tem
598 4880 1035 4953 transfugerunt,
1070 4882 1135 4938 ad
1166 4883 1542 4955 paenitentiam
1573 4893 1752 4941 autem
1780 4901 2030 4956 respexe-

462 4984 612 5041 runt,
638 4975 875 5033 triennio
906 4974 1062 5045 punit
1090 4989 1268 5031 canon
1293 4976 1595 5031 secundum
1624 4977 1939 5046 parabolam
1973 4978 2033 5034 li-

462 5081 563 5120 cus
587 5080 707 5136 quae
741 5074 827 5123 est
859 5067 915 5121 in
951 5065 1284 5136 Evangeliis.
1315 5066 1578 5123 Dominus
1623 5069 1769 5123 enim
1799 5068 1978 5140 inquit
2009 5088 2025 5128 :

459 5155 585 5212 lam
617 5157 785 5212 tribus
816 5158 970 5217 annis
994 5157 1063 5212 ad
1095 5158 1230 5215 hanc
1263 5159 1410 5217 venio
1441 5175 1677 5229 quarens
1707 5159 1959 5228 fructum,
1982 5170 2029 5216 et

463 5265 567 5308 non
594 5250 816 5304 invenio.
857 5248 1072 5309 Vinitor
1094 5257 1300 5314 autem,
1341 5249 1559 5309 Dimitte
1600 5251 1776 5315 illam,
1828 5253 2026 5321 inquit,

459 5352 504 5395 et
534 5340 630 5395 hoc
658 5358 816 5398 anno.

533 5431 739 5495 Zama,
779 5432 1101 5503 Quicunque
1146 5448 1298 5497 vero,
1351 5434 1551 5505 inquit,
1601 5436 1733 5495 nihil
1785 5434 2028 5507 perpessi

461 5522 741 5587 acerbum,
769 5523 839 5577 ob
861 5531 1065 5577 metum
1104 5523 1278 5578 solum
1307 5537 1371 5577 ac
1403 5525 1747 5580 timiditatem
1782 5525 2027 5580 translu-

461 5620 804 5685 gerunt,pm
834 5628 900 5668 eo
927 5613 1074 5689 quod
1125 5614 1229 5683 ipsi
1285 5622 1483 5684 sponte
1531 5618 1850 5686 pravitatem
1899 5626 2026 5672 sunt

463 5703 796 5769 consectati;
822 5717 947 5758 mox
966 5703 1208 5762 animum
1238 5704 1306 5759 ad
1346 5708 1722 5779 paenitentiam
1750 5707 2019 5779 adiecere,

530 5850 557 5885 ι
608 5835 737 5897 Luc.
762 5853 884 5906 xm,
920 5835 1028 5897 6-9.

2066 3190 2112 3254 C

2063 4562 2111 4618 Β

2144 1946 2463 2025 εσχέθησαν,
2488 1948 2601 2009 τοῖς
2629 1945 3039 2017 κατειργμένοις
3069 1946 3367 2018 ἐχορήγουν
3389 1945 3458 2000 τά
3488 1947 3567 2009 είς
3585 1946 3719 1999 Stet.

2143 2053 2324 2107 κησιν,
2365 2035 2457 2089 καὶ
2493 2034 2764 2095 ἀνέπαυον
2813 2033 3030 2103 αὐτούς.
3065 2034 3244 2103 “Amp
3281 2032 3716 2087 πολλαπλασίονα

2144 2128 2530 2193 ἀποδώσουσιν,
2558 2128 2679 2187 ἀντὶ
2697 2127 2813 2191 τοῦ,
2833 2126 2947 2180 ἀνθ’
2969 2120 3046 2180 ὧν
3079 2124 3396 2195 ἀπήλαυσαν
3427 2126 3486 2178 ὲν
3512 2125 3581 2195 τῇ
3613 2142 3717 2194 φυ-

2143 2218 2280 2290 λακῇ
2336 2218 2719 2289 μετανοοῦντες
2769 2217 3041 2287 θλίψουσιν
3101 2216 3327 2279 ἑαυτοὺς
3379 2215 3474 2269 καὶ
3528 2214 3716 2269 κακώσ-

2145 2326 2296 2362 σουσι
2320 2308 2750 2372 πολλαπλασίως,
2785 2309 2832 2361 εί
2872 2307 3083 2368 θέλουσι
3105 2306 3444 2378 λυτρωθῆναι
3479 2305 3589 2360 ἀπὸ
3611 2305 3715 2377 τῆς

2144 2402 2515 2472 αἰχμαλωσίας
2561 2399 2656 2454 τοῦ
2702 2400 2970 2465 διαϐόλου,
3026 2399 3358 2478 αίχμάλωτοι
3397 2397 3494 2453 καὶ
3536 2396 3715 2453 δοῦλοι

2142 2494 2424 2563 γεγονότες
2456 2492 2605 2563 αὐτῷ
2653 2492 2742 2553 διὰ
2779 2493 2878 2564 τὴν
2906 2493 3133 2567 ἄρνησιν
3161 2490 3254 2545 τοῦ
3293 2487 3547 2562 Χριστοῦ.
3579 2483 3715 2540 Εἶτα

2141 2587 2338 2656 ὲπάγει
2361 2587 2430 2640 τά
2464 2585 2774 2658 προφητικά
2823 2586 3062 2656 ῥήματα,
3099 2584 3241 2655 ἅπερ
3268 2584 3332 2641 ὲκ
3362 2579 3457 2636 τοῦ
3489 2576 3713 2636 Ἡσαΐου

2142 2679 2270 2746 sict,
2301 2677 2472 2748 λέγων
2497 2678 2607 2735 δεῖν
2627 2675 2933 2749 μεμνῆσθαι
2966 2674 3181 2739 αὐτούς.

2748 2946 2987 3003 ΚΑΝΩΝ
3014 2944 3067 2997 Γ¹

2217 3057 2236 3091 ι
2277 3040 2401 3102 Τοῖς
2439 3037 2497 3092 δὲ
2538 3038 2659 3110 μηδ’
2691 3038 2827 3101 ὅλως
2859 3035 3025 3109 μηδέν
3046 3052 3098 3089 τι
3133 3032 3371 3091 τοιοῦτον
3399 3029 3716 3103 πεπονθόσι,

2149 3152 2167 3185 ι
2211 3133 2344 3204 μηδὲ
2381 3130 2773 3202 ἐνδειξαμένοις
2811 3127 3019 3199 καρπὸν
3050 3125 3305 3188 πίστεως,
3339 3122 3451 3178 ἀλλ’
3480 3124 3715 3194 αὐτομος

2147 3245 2166 3278 ι
2202 3225 2400 3296 λήσασι
2442 3223 2577 3294 πρὸς
2617 3222 2715 3293 τὴν
2766 3220 2984 3285 κακίαν,
3040 3214 3444 3293 προδεδομένους
3479 3214 3582 3268 ὑπὸ
3611 3214 3715 3267 δειο

2145 3336 2164 3370 ι
2198 3317 2319 3381 λίας
2337 3316 2430 3374 καὶ
2445 3315 2629 3385 φόϐου,
2648 3314 2742 3368 νῦν
2757 3313 2815 3373 δὲ
2831 3314 2910 3376 είς
2929 3312 3213 3383 μετάνοιαν
3232 3308 3563 3382 ἐρχομένοις,
3580 3307 3714 3360 ἀναη

2144 3428 2164 3464 ι
2203 3409 2392 3480 γκαῖόν
2408 3411 2521 3462 ἐστι
2537 3408 2629 3461 καὶ
2642 3405 2878 3477 ἁρμόζον
2910 3404 3009 3479 τὴν
3034 3404 3131 3474 τῆς
3145 3401 3391 3475 ἀκάρπου
3420 3400 3589 3470 συκῆς
3602 3415 3712 3451 πα-

2144 3522 2164 3555 ι
2204 3502 2435 3577 ραὸολὴν
2474 3499 2837 3572 παραθέσθαι,
2876 3498 2951 3561 ὡς
2978 3499 3008 3550 ὁ
3036 3495 3238 3569 Κύριος
3274 3494 3446 3562 λέγει·
3503 3489 3715 3559 Συκῆν

2144 3613 2161 3646 ι
2196 3590 2324 3663 εἶχέ
2348 3611 2438 3660 τις
2479 3588 2934 3661 πεφυτευμένην
2961 3588 3032 3642 ἐν
3062 3586 3142 3652 τῷ
3173 3584 3476 3657 ἀμπελῶνι
3498 3583 3708 3639 αὐτοῦ·

2144 3704 2163 3741 t
2206 3684 2302 3739 καί
2339 3680 2487 3755 ἦλθέ
2501 3682 2686 3750 ζητῶν
2714 3679 2948 3749 καρπὸν
2972 3680 3042 3732 ἐν
3058 3675 3235 3745 αὐτῇ,
3258 3677 3353 3730 καὶ
3378 3677 3490 3747 οὐχ
3504 3670 3703 3741 εὗρεν.

2144 3795 2162 3829 ι
2198 3776 2346 3830 Eine
2356 3775 2423 3831 δὲ
2438 3775 2586 3842 πρὸς
2603 3772 2708 3827 τὸν
2721 3769 3154 3841 ἀμπελουργόν·
3182 3768 3324 3822 Ἰδοὺ
3342 3768 3472 3835 τρία
3487 3766 3590 3832 ἐτη
3606 3764 3710 3832 ἀφ’

2142 3888 2161 3921 ι
2194 3864 2265 3923 οὗ
2293 3868 2537 3936 ἔρχομαι
2556 3863 2738 3933 (nt/(Iw
2757 3861 2988 3932 καρπὸν
3007 3861 3076 3915 ἐν
3103 3858 3177 3929 τῇ
3196 3858 3356 3927 συκῇ
3378 3859 3583 3926 ταύτῃ,
3604 3857 3704 3910 καί

2142 3980 2161 4013 ι
2202 3962 2313 4029 οὐχ
2345 3959 2636 4027 εὑρίσκω·
2692 3956 2959 4030 ἔκκοψον
2995 3952 3218 4018 αὐτήν·
3270 3951 3424 4004 irati
3460 3949 3558 4004 καί
3592 3947 3711 4016 τήν

2141 4073 2161 4107 ι
2193 4053 2309 4123 γῆν
2352 4050 2661 4120 καταργεῖ;
2696 4050 2749 4101 '0
2795 4047 2864 4104 δὲ
2910 4044 3253 4113 ἀποκριθεὶς
3309 4042 3471 4113 λέγει
3509 4038 3706 4107 αὐτῷ’

2141 4166 2160 4201 ι
2199 4148 2396 4214 Κύριε,
2418 4143 2566 4214 ἄφες
2589 4141 2782 4211 αὐτὴν
2820 4138 2919 4194 καί
2951 4136 3127 4190 τοῦτο
3155 4135 3217 4188 τὸ
3245 4135 3399 4200 ἔτος,
3419 4133 3531 4199 ἕως
3567 4132 3711 4186 ὅτου

2140 4258 2160 4292 ι
2201 4236 2418 4305 σκάψω
2467 4234 2539 4288 τὰ
2575 4234 2707 4302 περὶ
2737 4229 2950 4298 αὐτὴν,
2982 4227 3080 4281 καί
3116 4225 3288 4291 ,ϐάλω
3312 4225 3556 4293 κόπρια*
3591 4221 3712 4277 κᾶν

2140 4348 2159 4383 ι
2192 4328 2310 4399 μὲν
2336 4323 2562 4392 ποιήσῃ
2593 4322 2827 4392 καρπόν
2846 4338 2859 4350 ·
2884 4322 2935 4373 εί
2966 4318 3033 4371 δὲ
3056 4316 3140 4388 μή
3165 4334 3255 4386 τε,
3280 4317 3367 4381 εὶς
3396 4314 3459 4368 τὸ
3474 4312 3711 4382 pellor

2139 4442 2160 4476 ι
2196 4421 2475 4491 ἐκκόψεις
2500 4417 2690 4483 αὐτήν
2713 4433 2726 4446 ·
2760 4416 2827 4492 ἢν
2856 4413 2962 4485 πρὸ
2998 4409 3290 4481 ὀφθαλμῶν
3328 4408 3602 4469 λαϐόντες,
3624 4406 3710 4459 ὲν-

2141 4532 2160 4566 (
2193 4510 2495 4582 δειξάμενοί
2526 4526 2585 4562 τε
2639 4507 2847 4578 καρπὸν
2879 4504 3027 4569 ἀξιον
3066 4502 3161 4573 τῆς
3204 4499 3512 4574 μετανοίας,
3549 4500 3606 4551 ὲν
3630 4496 3711 4570 τῷ

2143 4627 2164 4660 ι
2199 4606 2524 4677 διαστήματι
2576 4601 2670 4656 τοῦ
2712 4599 2968 4654 τοσούτου
3007 4596 3196 4669 χρόνου
3237 4593 3438 4665 μᾶλλον
3490 4591 3708 4665 ὠφελη-

2142 4717 2161 4751 ι
2199 4697 2471 4769 θήσονται.
2506 4715 2525 4747 ι

2205 4789 2400 4842 ΒΔΛΣ.
2423 4789 2560 4852 Τοὺς
2589 4786 2770 4859 μέντοι
2794 4784 2883 4839 διὰ
2905 4782 3067 4853 φόὸον
3090 4781 3249 4851 μόνον
3271 4778 3363 4833 καὶ
3384 4774 3581 4830 δειλίαν
3608 4773 3707 4831 αὐ.

2134 4882 2558 4954 τομολήσαντας,
2616 4876 2734 4932 εἶτα
2778 4879 2858 4940 εἰς
2913 4874 3197 4947 μετάνοιαν
3252 4868 3560 4931 ἀπιδόντας,
3617 4865 3708 4920 διὰ

2133 4975 2376 5053 τριετίας
2415 4973 2642 5042 ἐπιτιμᾷ
2673 4973 2701 5025 ὁ
2738 4968 2941 5033 κανὼν,
2972 4975 3112 5020 κατά
3136 4966 3236 5035 τὴν
3264 4965 3321 5018 ὲν
3357 4956 3705 5053 Εὐαγγελίοις

2136 5049 2448 5141 παραϐολὴν
2467 5065 2565 5136 τῆς
2583 5064 2772 5133 συκῆς.
2792 5062 2849 5114 ’0
2878 5059 2985 5131 γὰρ
3007 5057 3230 5126 Κύριος,
3266 5054 3403 5124 Τρία
3414 5052 3543 5119 ἐτη,
3568 5049 3706 5122 ἐφη-

2129 5176 2244 5221 σεν,
2293 5158 2539 5226 ἔρχομαι
2569 5153 2719 5223 πρὸς
2743 5151 2939 5220 αὐτὴν
2970 5147 3153 5215 ζητῶν
3185 5145 3435 5214 καρπὸν,
3461 5142 3557 5196 καί
3590 5143 3704 5207 οὐχ

2125 5251 2415 5319 εὑρίσκω-
2458 5250 2488 5302 ὀ
2522 5247 2580 5300 δὲ
2605 5243 3005 5318 ἀμπελουργὸς,
3055 5242 3248 5309 Ἄφες,
3281 5232 3454 5299 εἷπεν,
3487 5234 3704 5302 αὐτὴν,

2126 5344 2322 5410 Κύριε,
2351 5340 2452 5394 καί
2487 5339 2664 5394 τοῦτο
2688 5338 2756 5391 τὸ
2783 5338 2938 5403 ἔτος.

2196 5434 2438 5491 ΖΩΝΑΡ.
2495 5432 2669 5493 Ὅσοι,
2711 5428 2790 5495 δὲ,
2848 5425 3001 5497 φησὶ,
3041 5423 3114 5495 μή
3151 5439 3206 5474 τι
3242 5420 3574 5482 ὑποστάντες
3609 5417 3707 5470 ἀλ-

2127 5524 2326 5593 γεινὸν,
2386 5521 2473 5575 διὰ
2523 5519 2687 5589 φόϐον
2732 5517 2889 5588 μόνον
2935 5516 3030 5569 καὶ
3068 5511 3271 5565 δειλίαν
3300 5509 3702 5593 ηὐτομόλησαν,

2126 5592 2247 5667 ἀντὶ
2291 5610 2407 5674 τοῦ,
2438 5609 2592 5664 αὐτοὶ
2643 5607 2858 5669 ἑκόντες
2898 5601 3199 5674 προσῆλθον
3244 5603 3309 5671 τῇ
3351 5597 3539 5670 κακίᾳ,
3583 5592 3705 5651 εἶτα

2125 5705 2205 5767 είς
2255 5702 2540 5777 μετάνοιαν
2598 5697 2836 5761 ἀπεῖδον,
2887 5697 2997 5760 τοῖς
3036 5692 3355 5764 τοιούτοιςη
3397 5691 3494 5763 τῆς
3534 5689 3705 5762 συκῆς
