4110 6412
319 393 424 450 ι’ῖὸ

1556 361 1893 421 EPISTOLA
1930 353 2298 417 CANONICA.

3464 325 3573 385 ξ.Ἱῶ

320 507 555 584 ἁρμόσει
606 496 889 572 παραϐολὴ
945 492 1085 551 κατά
1122 491 1183 544 τὸ
1211 486 1571 558 Εὐαγγέλιονυ
1603 485 1672 556 ἢν
1712 481 1904 536 λαϐόν-

2031 492 2062 530 n
2088 488 2185 530 eos
2214 468 2470 542 parabola
2511 461 2823 534 evangelica
2864 456 3001 512 ﬁcus
3041 451 3329 525 quadrabit
3359 466 3374 506 :
3408 463 3573 521 quam

2031 580 2112 584 πμ
2152 560 2321 584 --ηιμ
2356 559 2618 584 tum--.“
2675 552 2898 584 λιι-...ιη-
2952 543 3287 584 ηωηίῖρηιίιιι
3334 541 3573 584 laborem

471 593 585 667 πρὸ
619 587 933 660 ὀφθαλμῶν,
967 585 1133 638 κόπον
1164 581 1311 645 ἄξιον
1353 576 1639 650 μετανοίας
1671 575 1763 628 ἐπὶ
1813 590 1905 626 το-

331 687 513 745 σοῦτον
547 686 736 756 χρόνον
794 680 974 742 δόντες
1003 674 1467 746 ὠφεληθήσονται,
1496 671 1663 740 ἧγουν
1698 668 1790 723 ἐπὶ
1813 682 1906 718 τε-

331 778 602 856 τραετίαν.
651 773 711 829 '0
735 772 844 844 γὰρ
876 769 1101 842 Κύριος,
1159 766 1294 835 Τρία
1326 765 1451 832 ἐτη,
1493 762 1711 833 ἔφησεν,
1747 760 1910 828 ἐρχο-

328 852 434 947 μαι
466 869 616 938 πρὸς
639 860 1044 933 αὐτὴν-,ζητῶν
1062 857 1295 928 καρπὸν
1312 898 1327 923 ,
1353 854 1453 909 καὶ
1479 856 1592 922 οὐχ
1627 852 1907 920 εὑρίσκω·

332 940 440 1023 illis
472 957 874 1034 ἀμπελουργὸς,
913 958 1089 1024 Ἄφες
1127 950 1344 1020 αὐτὴν,
1376 944 1549 1011 εἶπεν,
1583 946 1777 1013 Κύριε,
1807 940 1911 997 καὶ

335 1056 508 1113 τοῦτο
537 1052 604 1106 τὸ
642 1050 799 1116 ἔτος.

935 1132 1177 1195 ΚΑΝΩΝ
1206 1132 1280 1186 Δ’.

408 1253 428 1289 ι
468 1234 593 1297 Τοῖς
609 1231 718 1303 γὰρ
739 1227 1081 1285 παντάπασιν
1101 1218 1541 1291 ἀπεγνωσμένοις
1559 1214 1653 1272 καὶ
1667 1215 1688 1247 ⁸
1705 1214 1914 1284 ἀμετα-

340 1346 361 1382 t
399 1328 631 1398 νοήτοις,
653 1323 829 1395 δέρμα
861 1337 921 1373 τε
955 1315 1205 1378 Αἰθίοπος
1228 1311 1602 1383 ἀμετάϐλητον
1635 1303 1913 1379 κεκτημέ-

342 1441 360 1472 ι
396 1396 528 1485 νοις,
551 1417 645 1471 καὶ
669 1413 1001 1484 ποικίλματα
1027 1406 1363 1479 παρδάλεως,
1392 1401 1709 1473 λεχθήσεται
1734 1397 1796 1451 τὸ
1811 1396 1915 1468 τῆς

343 1529 361 1563 ι
394 1510 586 1582 ἑτέρας
651 1505 853 1575 συκῆςο
903 1498 1125 1567 Μηκέτι
1168 1497 1236 1550 ἐκ
1271 1491 1388 1549 σοῦ
1422 1490 1651 1559 καρπὸς
1672 1488 1914 1559 γένηται

342 1622 362 1655 ι
396 1580 498 1668 :qu
533 1599 641 1653 τὸν
692 1595 910 1651 αὶῶναι
947 1590 1028 1649 διὸ
1068 1588 1165 1644 καὶ
1188 1585 1530 1658 παραχρῆμα
1573 1580 1910 1668 ξηραίνεται.

343 1714 360 1745 ι
410 1667 851 1762 ’Ᾱποπληροῦται
905 1686 1036 1756 γοῦν
1074 1683 1162 1739 ἐπ’
1187 1681 1369 1741 αὐτοῖς
1414 1677 1509 1731 καὶ⁵
1553 1674 1616 1728 τὸ
1664 1672 1770 1727 ὑπὸ
1819 1667 1919 1725 τοῦ

344 1803 362 1835 ι
406 1777 835 1851 Ἐκκλησιαστοῧ
866 1774 1182 1849 εἰρημένον·
1215 1764 1692 1837 Ᾰιεστριιμμένον
1719 1765 1791 1819 οὐ
1820 1762 1917 1821 δύ-

343 1894 361 1928 t
396 1837 572 1928 ναται
598 1837 623 1906 δ
647 1837 1142 1940 ἐπικοσμηθῖίῖναι,
1166 1866 1266 1921 καὶ
1305 1860 1614 1929 ὑστέρημα
1644 1860 1716 1913 οὐ
1741 1854 1919 1922 ὄυνή-
1945 1837 1990 1893 Β

343 1984 364 2017 s
406 1969 580 2019 σεται
617 1959 1034 2031 ἀριθμηθῆναι.
1070 1957 1133 2011 El
1181 1954 1255 2027 μὴ
1297 1953 1407 2025 γὰρ
1444 1950 1710 2024 πρότερον
1750 1946 1812 1999 τὸ
1842 1946 1919 1999 δι-

342 2073 362 2107 ι
399 2052 777 2125 εστραμμένον
804 2048 1092 2123 διορθωθῇ,
1120 2044 1375 2101 ἀδύνατόν
1411 2044 1527 2096 ἐστι
1568 2041 1701 2095 αὐτὸ
1730 2043 1918 2094 ἐπικο-

342 2164 362 2198 ι
398 2145 712 2218 σμηθῆναι·
755 2144 850 2200 καὶ
877 2145 926 2196 εί
963 2141 1037 2213 μὴ
1086 2138 1352 2210 πρότερον
1383 2136 1446 2189 τὸ
1476 2133 1759 2206 ὑστέρημα
1790 2135 1922 2187 ἀνα-

344 2256 362 2290 ι
401 2236 690 2311 πληρωθῇ,
713 2232 975 2290 ἀδύνατόν
1000 2235 1149 2286 ἐστιν
1180 2229 1310 2284 αὐτὸ
1342 2226 1732 2301 ἀριθμηθῆναι.
1759 2223 1919 2278 Ὅθεν

344 2348 363 2381 ι
396 2330 491 2388 καὶ
522 2331 616 2382 ἐπὶ
659 2327 847 2390 τέλους
894 2324 1233 2395 συμϐήσεται
1281 2321 1464 2382 αὐτοῖς
1491 2318 1554 2372 τὸ
1582 2316 1872 2387 λεγόμενον
1898 2315 1919 2351 ⁷

345 2440 364 2475 ι
400 2421 508 2476 ὑπὸ
539 2416 633 2475 τοῦ
687 2419 963 2491 προφήτου
1022 2415 1274 2471 Ἡσαΐου·
1322 2412 1433 2467 Καὶ
1471 2410 1722 2480 ὄψονται
1741 2403 1852 2471 γὰρ
1875 2409 1918 2471 ³,

347 2533 364 2564 ι
402 2514 561 2585 φησι,
583 2514 657 2566 τὰ
688 2510 853 2567 κῶλα
893 2507 1012 2563 τῶν
1042 2506 1369 2577 ἀνθρώπαν
1388 2502 1509 2558 τῶν
1525 2502 1925 2572 παραϐεϐηκόο

346 2624 365 2658 ι
397 2624 518 2661 των
539 2606 611 2660 ἐν
633 2605 763 2675 ἐμοί
786 2623 799 2637 ⁸
841 2607 873 2660 ὀ
903 2601 1013 2673 γὰρ
1035 2599 1284 2666 σκώληξ
1306 2594 1504 2653 αὐτῶν
1528 2598 1601 2652 οὐ
1645 2594 1924 2663 τελευτή-

348 2717 367 2749 ι
405 2716 528 2763 σει,
568 2697 667 2751 καὶ
707 2696 773 2751 τὸ
818 2695 939 2762 πῦρ
990 2691 1192 2748 αὐτῶν
1233 2691 1306 2745 οὐ
1349 2689 1772 2754 σϐεσθήσεται,
1825 2687 1926 2742 καί

347 2807 367 2841 ι
407 2789 657 2844 ἔσονται
694 2789 782 2852 εις
820 2765 1034 2854 ὄράσιν
1074 2780 1240 2850 πάσῃ
1288 2779 1473 2847 σαρκί
1490 2795 1504 2812 ο
1558 2779 1678 2831 ἐπεὶ
1719 2779 1812 2832 καὶ
1850 2776 1927 2840 ὡς

348 2899 369 2935 ι
399 2879 758 2953 προλὲλεκται
789 2879 879 2931 ὑπ’
905 2875 1094 2932 αὐτοῦ’
1113 2877 1179 2929 Ol
1203 2873 1271 2927 δὲ
1299 2872 1511 2936 ἄδικοι,
1541 2871 1620 2936 ὡς
1648 2869 1931 2924 θάλασσα

2006 580 2117 636 prae
2147 541 2325 618 oculis
2356 559 2641 619 habentes,
2674 552 2898 636 dignum
2952 543 3287 636 paenitentiae
3334 541 3574 636 laborent

2004 625 2200 720 aequali
2231 654 2474 716 tempore
2509 640 2852 701 exhibentes,
2877 633 3236 705 juvabuntur,
3269 628 3374 683 hoc
3400 634 3485 683 est
3506 625 3576 680 ad

2005 751 2259 815 quartum
2288 751 2466 809 usque
2492 747 2718 789 annum.
2746 728 3010 785 Dominus
3036 738 3294 795 namque,
3323 720 3450 776 Tres
3478 736 3578 773 an-

2007 851 2126 899 nos,
2167 830 2368 902 inquit,
2412 827 2558 884 uenio
2588 823 2657 879 ad
2687 825 2880 893 ipsam,
2923 834 3160 890 quarens
3191 816 3455 886 fructum,
3483 828 3579 867 nec

2006 925 2232 982 moenia.
2258 921 2514 993 Agricola
2540 932 2692 981 vero,
2724 914 2967 977 Dimitte,
2998 911 3096 977 ait,
3139 908 3315 973 illam,
3344 903 3578 971 domine,

2007 1028 2058 1074 et
2084 1020 2180 1072 hoc
2211 1030 2369 1072 anno.

2610 1097 2839 1157 CANON
2878 1095 2973 1153 IV.

2085 1239 2106 1274 ι
2154 1221 2228 1277 lis
2256 1216 2406 1275 enim
2432 1216 2527 1288 qui
2568 1223 2697 1269 sunt
2740 1211 2965 1267 omnino
2991 1206 3287 1279 desperati,
3318 1212 3373 1260 et
3401 1203 3582 1276 paeni-

2015 1333 2035 1367 ι
2082 1311 2309 1368 tentiam
2340 1324 2450 1364 non
2477 1313 2664 1379 agunt,
2694 1312 2745 1359 et
2777 1303 2972 1374 pellem
3019 1298 3295 1369 Ethiopis
3326 1298 3591 1351 immutau

2018 1424 2038 1458 ι
2083 1406 2244 1461 bilem
2283 1402 2565 1474 possident
2588 1407 2644 1455 et
2668 1397 2820 1469 pardi
2845 1394 3164 1459 varietates,
3185 1391 3422 1456 dicetur,
3439 1388 3591 1461 quod

2017 1516 2037 1551 ι
2083 1496 2174 1551 alii
2205 1495 2333 1550 [icui
2365 1482 2571 1548 dictum
2602 1498 2733 1547 est:
2783 1488 3132 1561 Nequaquam
3180 1501 3244 1541 ea:
3293 1494 3340 1539 te
3382 1484 3590 1555 fruetus

2020 1607 2038 1641 ι
2084 1589 2184 1659 ﬁat
2216 1588 2271 1641 in
2301 1594 2556 1641 internum
2581 1594 2634 1644 ι,
2664 1588 2720 1637 et
2747 1580 2869 1635 ideo
2913 1577 3099 1634 statim
3132 1590 3350 1646 quoque
3398 1586 3593 1629 exare-

2020 1697 2042 1733 ι
2089 1679 2214 1735 scit.
2262 1676 2321 1731 In
2372 1676 2441 1732 iis
2494 1675 2642 1731 enim
2696 1674 2954 1744 impletur
2978 1670 3122 1742 quod
3156 1669 3227 1724 ab
3258 1667 3593 1723 Ecclesiaste

2024 1789 2043 1824 ι
2087 1771 2293 1826 dictum
2328 1775 2414 1824 est
2447 1786 2461 1822 :
2492 1765 2646 1833 Quod
2672 1779 2968 1835 perversum
2992 1774 3093 1825 est,
3141 1777 3244 1814 non
3272 1759 3464 1827 poterit
3498 1772 3595 1813 3.1:-

2026 1881 2045 1914 ι
2092 1862 2298 1929 ornari,
2345 1869 2395 1915 et
2449 1859 2681 1928 defectus
2707 1854 2979 1911 numerari
3029 1869 3135 1908 non
3167 1851 3357 1922 poterit
3390 1851 3441 1904 ι’.
3473 1847 3594 1903 Nisi

2028 1972 2047 2007 ‹
2088 1952 2237 2009 enim
2267 1950 2410 2022 quod
2441 1963 2760 2021 perversum
2811 1954 2897 2001 est
2946 1946 3099 2015 prius
3148 1951 3358 1998 rectum
3409 1939 3593 2004 fuerit,

2029 2063 2049 2098 ι
2096 2043 2213 2099 ﬁeri
2242 2058 2350 2097 non
2376 2047 2556 2112 potest
2588 2045 2649 2093 ut
2680 2038 2735 2092 id
2754 2044 3084 2103 exornetur;
3119 2041 3175 2088 et
3195 2032 3301 2088 nisi
3327 2031 3479 2103 prior
3501 2029 3599 2085 de-

2030 2153 2050 2188 ι
2097 2134 2275 2191 fectus
2304 2132 2554 2203 expletus
2589 2130 2767 2193 fuerit,
2823 2128 2939 2183 ﬁeri
2979 2141 3088 2181 non
3125 2132 3305 2197 potest
3326 2124 3466 2198 uttis
3495 2139 3600 2178 nu-

2031 2244 2050 2278 ι
2095 2232 2355 2282 meretur.
2383 2220 2540 2277 Unde
2568 2232 2623 2276 et
2662 2222 2719 2276 in
2755 2220 2861 2275 ﬁne
2887 2219 2970 2275 eis
2993 2217 3206 2273 eveniet
3231 2216 3378 2287 quod
3407 2230 3438 2268 a
3466 2230 3598 2286 pro-

2031 2337 2050 2370 ι
2091 2317 2252 2388 pheta
2283 2318 2421 2372 lsaia
2449 2315 2651 2370 dicitur
2685 2335 2696 2368 :
2733 2311 2800 2366 Et
2839 2309 3177 2376 videbuntur,
3209 2307 3407 2378 inquit,
3438 2322 3602 2360 mem-

2032 2427 2053 2460 ι
2097 2406 2194 2461 bra
2235 2422 2417 2461 eorum
2460 2404 2551 2476 qui
2591 2405 2912 2472 transgressi
2963 2407 3087 2453 sunt
3135 2397 3211 2449 in»
3240 2410 3342 2449 me.
3398 2392 3601 2447 Verulis

2036 2516 2055 2550 ι
2101 2497 2240 2552 enim
2286 2497 2524 2566 ipsorum
2573 2510 2675 2549 non
2722 2492 3000 2555 morietur,
3035 2496 3085 2543 et
3111 2486 3250 2558 ignis
3281 2501 3463 2541 eorum
3498 2499 3604 2538 non

2037 2611 2059 2645 ι
2101 2592 2460 2662 exstinguetur
2486 2605 2504 2643 :
2532 2598 2581 2644 et
2604 2586 2827 2643 eruntin
2851 2591 3117 2654 aspectum
3145 2579 3318 2636 omnis
3348 2578 3526 2632 carnis
3551 2586 3602 2632 °.

2035 2700 2056 2735 ι
2101 2680 2573 2751 Quandoquidem,
2631 2684 2692 2731 ut
2740 2682 2796 2730 et
2830 2674 2900 2729 ab
2941 2673 3060 2743 ipso
3095 2668 3411 2741 praedictum
3459 2671 3545 2720 est
3588 2682 3603 2720 :

2039 2794 2059 2828 ι
2108 2774 2309 2845 Injusti
2336 2784 2509 2828 autem
2531 2772 2609 2826 sic
2638 2767 2997 2841 fluctuabant,
3056 2773 3105 2818 et
3153 2762 3471 2832 requiescere
3503 2772 3608 2812 non

2041 2886 2061 2920 ι
2106 2874 2372 2937 poterunt.
2404 2863 2528 2919 Non
2556 2870 2633 2918 est
2664 2859 2890 2934 gaudere
2918 2858 3119 2928 impiis,
3150 2855 3280 2908 dicit
3314 2852 3454 2907 Deus
3481 2848 3533 2904 (ι.
3582 2865 3605 2901 ι

351 2994 372 3029 s
410 2944 903 3044 ἀναδεδρασμένη
938 2972 1008 3035 ν,
1037 2970 1191 3025 οὕτω
1216 2965 1832 3032 κλυδωνισθήσονται,
1860 2965 1959 3020 καὶ
1992 2964 2458 3020 ἀναπαύσασθαι
2479 2961 2552 3015 οὐ
2580 2958 2667 3029 μὴ
2699 2954 3069 3024 δυνήσονται
3092 2954 3115 2985 ⁸
3137 2951 3202 3023 (Ῑ.
3230 2944 3606 3021 δυνήσωνται).

351 3089 373 3130 t
401 3075 525 3126 Οὐκ
552 3070 685 3125 ἐστι
716 3069 944 3138 χαίρειν
963 3066 1090 3133 τοῖς
1112 3067 1418 3130 ἀσεϐέσιν,
1449 3059 1622 3117 εἶπεν
1644 3065 1678 3117 ὀ
1705 3063 1867 3129 Θεός.
1905 3083 1923 3115 ι

418 3164 617 3218 ΒΑΛΣ.
655 3165 722 3215 Ἀ
750 3163 846 3233 μὲν
876 3160 1202 3234 προείρηται
1233 3160 1363 3231 περὶ
1406 3159 1516 3212 τῶν
1544 3158 1930 3219 πεπτωκότων,

2110 3159 2268 3218 Βιιε.
2310 3158 2443 3225 Qure
2473 3157 2627 3228 prius
2659 3152 2880 3225 quidem
2910 3149 3055 3205 dicta
3088 3152 3218 3202 sunt
3241 3143 3309 3199 de
3334 3140 3523 3212 lapsis,
3544 3138 3616 3195 de

262 3254 277 3263 “’
349 3250 570 3324 ιῖρηται
598 3250 695 3304 καὶ
729 3251 857 3321 περὶ
888 3246 1373 3320 μεταμελομένωνο
1410 3247 1554 3302 κατά
1580 3247 1637 3301 δὲ
1663 3248 1772 3301 τῶν
1804 3248 1937 3318 ἀμε-

348 3343 628 3414 τανοήτων
668 3340 768 3410 τὴν
822 3341 1071 3411 κατάραν
1114 3340 1216 3410 τῆς
1259 3341 1454 3411 ἑτέρας
1488 3340 1660 3411 συκῆς
1717 3340 1933 3408 ὲπάγει,

354 3435 494 3508 πρὸς
514 3434 583 3504 ἣν
616 3434 645 3486 ὁ
695 3431 901 3503 Κύριος
930 3431 1036 3503 ἔφη
1064 3431 1153 3485 διὰ
1199 3431 1260 3484 τὸ
1294 3430 1542 3504 ἄκαρπον
1566 3448 1581 3461 θ
1618 3430 1840 3498 Μηκέτι
1866 3432 1936 3485 ἐκ

350 3528 472 3583 σοῦ
498 3524 731 3596 καρπὸς
754 3525 1019 3596 γένηται.

360 3708 367 3717 ‘
424 3701 672 3756 ΖΩΝΑΡ.
695 3702 762 3755 ’Δ
780 3700 880 3772 μὲν
894 3700 1213 3775 προείρηται
1233 3702 1360 3773 περὶ
1381 3698 1488 3755 τῶν
1505 3703 1940 3773 παραπεπτωκό-

230 3852 237 3860 ,
352 3810 486 3859 των,
509 3792 723 3866 εἴρηται
748 3795 843 3847 καὶ
863 3793 992 3866 [add
1006 3834 1020 3848 .
1039 3792 1189 3865 περὶ]
1210 3792 1681 3864 μεταμελομένων.
1704 3795 1862 3850 Κατὰ
1883 3796 1941 3850 δὲ

350 3884 468 3938 τῶν
488 3886 874 3958 ἀμετανοήτων
904 3884 963 3951 ἐξ
984 3882 1343 3954 ἀπογνώσεως
1365 3884 1398 3954 ἢ
1430 3887 1674 3956 πονηρᾶς
1695 3885 1939 3959 γνώμης,

352 3979 455 4033 καὶ
469 3979 530 4033 τὸ
559 3978 621 4045 ἐξ
651 3978 927 4051 ἁμαρτίας
952 3976 1249 4050 μελάνωμα
1267 3974 1643 4049 ἀμετάϐλητον
1670 3979 1765 4030 καὶ⁵
1792 3979 1946 4032 ἀνέκ-

355 4072 560 4126 πλυτον
588 4073 842 4143 ἑχόντων,
881 4070 958 4135 ὡς
999 4070 1049 4123 oi
1081 4069 1337 4134 Αἰθίοπες
1368 4070 1431 4124 τὸ
1459 4069 1687 4140 ζοφερὸν
1727 4069 1821 4125 τοῦ
1857 4070 1945 4124 δέ-

358 4177 591 4234 ρματος,
618 4163 714 4215 καὶ
741 4163 776 4234 ἠ
809 4160 1074 4232 πάρδαλις
1101 4163 1171 4214 τὰ
1197 4160 1548 4231 ποικίλματα,
1576 4161 1677 4232 τὴν
1696 4161 1943 4236 κατάραν

352 4256 464 4327 τῆς
518 4253 712 4326 ἑτέρας
759 4253 930 4325 συκῆς
980 4254 1205 4322 ἐπάγει·
1243 4252 1381 4325 πρὸς
1430 4254 1496 4324 ἢν
1536 4254 1567 4305 ὁ
1609 4253 1813 4327 Κύριος
1842 4254 1945 4325 ἔφη

357 4349 455 4403 διὰ
484 4349 546 4403 τδ
571 4349 852 4421 ἄκαρπον·
886 4345 1111 4415 Μηκέτι
1143 4347 1213 4400 ἐκ
1244 4346 1362 4401 σοῦ
1394 4347 1625 4415 καρπὸς
1662 4347 1905 4418 γένηται
1930 4365 1943 4378 ’

358 4439 460 4494 καὶ
488 4436 825 4509 πληροῦσθαί
863 4451 1029 4507 φησιν
1059 4433 1148 4488 ἐπ’
1176 4433 1360 4498 αὐτοῖς
1382 4435 1452 4488 τὰ
1494 4433 1589 4487 τοῦ
1623 4435 1946 4506 Ἐκκλησια-

2036 3249 2493 3322 resipiscentibus
2519 3246 2682 3302 etiam
2715 3244 2861 3298 dicta
2900 3248 3049 3297 sunt.
3077 3238 3356 3292 Adversus
3380 3248 3474 3289 eos
3508 3247 3613 3286 auo

2035 3352 2144 3397 tem
2175 3341 2270 3412 qui
2300 3339 2451 3395 nulla
2488 3333 2807 3408 paenitentia
2861 3332 3160 3392 ducuntur,
3214 3326 3441 3380 alterius
3476 3322 3615 3378 licus

2036 3433 2472 3489 exsecrationem
2527 3425 2758 3489 inducit,
2821 3422 2887 3477 ad
2936 3435 3101 3490 quam
3167 3416 3430 3471 Dominus
3481 3412 3616 3467 dicit

2038 3532 2261 3595 propter
2292 3518 2686 3576 infertilitatem
2717 3533 2732 3570 :
2796 3512 3032 3567 Fructus
3065 3506 3295 3577 amplius
3334 3520 3398 3559 ea:
3427 3512 3473 3558 te
3512 3518 3617 3557 non

2040 3616 2156 3685 ﬁat.

2110 3705 2317 3761 Zomn.
2352 3703 2485 3770 Quae
2529 3701 2682 3773 prius
2710 3698 2928 3771 quidem
2977 3694 3045 3749 de
3093 3690 3263 3762 lapsis
3288 3688 3433 3743 dicta
3466 3693 3617 3749 sunt,

2041 3800 2190 3855 dicta
2222 3802 2354 3853 sunt
2389 3795 2557 3850 etiam
2608 3791 2676 3847 de
2715 3784 3192 3861 resipiscentibus.
3240 3779 3443 3834 Contra
3495 3775 3620 3830 illos

2041 3908 2172 3950 vero
2220 3891 2313 3962 qui
2356 3904 2423 3945 ex
2471 3882 2852 3959 desperatione
2901 3879 2986 3934 vel
3028 3877 3322 3946 depravata
3363 3869 3624 3940 opinione

2002 4012 2003 4015 η
2044 3960 2425 4056 paenitentiam
2468 3990 2578 4032 non
2610 3979 2802 4045 agunt,
2835 3984 2900 4024 ac
2946 3971 3214 4041 perpetuo
3265 3960 3621 4017 inhaerentem

2045 4050 2110 4130 ac
2140 4071 2483 4130 indelebilem
2511 4066 2722 4140 peccati
2750 4062 3028 4132 nigrorem
3057 4062 3296 4127 gestant,
3314 4060 3374 4108 ut
3407 4050 3625 4107 Ethio-

2047 4182 2143 4239 pes
2168 4166 2379 4222 fuscam
2408 4162 2630 4233 pellem,
2669 4154 2982 4228 pardusque
3011 4149 3341 4209 varietates;
3392 4142 3625 4201 alterius

2048 4232 2650 4315 iicusexsecrationem
2679 4246 2913 4304 inducit.
2962 4240 3045 4296 Ad
3067 4252 3232 4311 quam
3261 4235 3527 4290 Dominus
3552 4232 3627 4288 ob

2049 4350 2415 4410 sterilitatem,
2460 4343 2542 4398 Ne
2572 4342 2798 4413 fructus,
2831 4336 3031 4406 inquit,
3079 4330 3309 4400 amplius
3352 4341 3417 4380 ex
3446 4333 3496 4379 te
3530 4341 3627 4377 ua-

2050 4451 2253 4499 scatur.
2287 4438 2737 4511 lmplendumque
2770 4433 2847 4486 ait
2890 4430 2945 4482 in
2991 4427 3128 4498 ipsis
3165 4420 3301 4477 illud
3347 4416 3627 4511 Ecclesia-

360 4547 495 4584 στου
526 4530 589 4594 ",
617 4528 867 4597 λέγοντος
885 4544 901 4558 ο
950 4524 1429 4594 Διεστραμμένον
1492 4528 1565 4581 οὐ
1618 4524 1930 4591 δυνήσεται

2051 4542 2184 4599 stes,
2234 4529 2468 4588 dicentis
2500 4546 2516 4583 :
2554 4526 2706 4595 Quod
2730 4536 3026 4593 perversum
3044 4526 3240 4572 estnon
3266 4510 3456 4585 poterit
3472 4522 3629 4563 mr-

360 4616 866 4689 ἐπικοσμηθῆναι,
900 4615 999 4671 καί
1038 4614 1347 4684 ὑστέρημα
1364 4615 1438 4668 οὐ
1469 4612 1798 4680 δυνήσεται
1817 4614 1945 4683 ἀρι-

363 4709 663 4782 θμηθῆναι
687 4725 702 4741 ο
733 4704 851 4762 εἶτα
897 4705 1200 4777 σαφηνίσας
1226 4705 1297 4761 τὰ
1329 4703 1472 4777 ῥητὰ
1504 4703 1698 4773 ταῦτα,
1729 4706 1951 4778 προστί-

365 4797 497 4871 θησι
521 4798 616 4852 καὶ
642 4795 712 4850 τά
738 4791 832 4850 τοῦ
874 4795 1121 4849 Ἠσαίου.

976 4885 1218 4940 ΚΔΝΩΝ
1248 4885 1326 4941 E‘.

445 5000 465 5034 s
501 4982 627 5046 Τοῖς
656 4981 716 5035 δὲ
745 4978 1301 5049 καθυποκριναμένοις
1334 4976 1476 5033 κατά
1503 4977 1596 5032 τὸν
1625 4976 1952 5047 ὲπιληπτευ-

375 5093 395 5127 ι
433 5072 664 5145 σάμενον
684 5071 871 5137 Δαὸὶδ,
900 5071 987 5125 ἵνα
1033 5069 1108 5141 μὴ
1161 5069 1428 5156 ἀποθάνῃ,
1456 5069 1557 5122 οὐκ
1584 5068 1716 5123 ὄντα
1760 5067 1951 5140 ἐπίλη-

377 5184 399 5218 s
436 5182 596 5221 πτον·
632 5165 727 5219 καὶ
782 5164 856 5235 μὴ
912 5160 1135 5233 γυμνῶς
1179 5160 1663 5233 ἀπογραψαμένοις
1698 5157 1770 5212 τά
1813 5156 1952 5229 πρὸς

2053 4625 2202 4689 nari,
2227 4634 2277 4679 et
2300 4621 2534 4691 defectus
2566 4614 2838 4674 numerari
2872 4629 2975 4667 non
2994 4608 3188 4680 poterit
3219 4622 3236 4660 :
3272 4604 3477 4676 quibus
3504 4613 3631 4655 mox

2052 4716 2362 4789 explicatis,
2388 4710 2545 4770 Isaias
2571 4725 2793 4780 quoque
2825 4706 2991 4761 verba
3013 4698 3311 4771 subiungit.

2675 4864 2904 4923 CANON
2944 4862 3010 4919 ν.

2133 4983 2153 5018 s
2200 4964 2271 5020 lis
2294 4971 2475 5019 autem
2508 4960 2604 5033 qui
2632 4958 2963 5015 simularunt
2993 4962 3136 5011 sicut
3164 4960 3220 5009 et
3250 4949 3422 5006 David
3455 4959 3506 5012 ε,
3537 4947 3631 5017 qui

2067 5076 2085 5110 (
2131 5072 2191 5112 se
2223 5055 2571 5127 epilepticum
2610 5050 2871 5120 ﬁngebat,
2905 5062 2975 5102 ne
3004 5051 3332 5106 moreretur,
3384 5038 3635 5111 quamvis

1988 5150 1991 5159 '
2065 5168 2084 5201 ι
2129 5165 2188 5204 re
2213 5162 2341 5203 vera
2361 5144 2687 5216 epilcpticus
2710 5156 2821 5196 non
2842 5145 3024 5205 esset;
3052 5144 3109 5192 et
3147 5149 3256 5189 non
3284 5131 3431 5187 unde
3466 5146 3633 5202 nega-

379 5274 399 5307 s
434 5255 684 5327 ἄρνησιν,
899 5224 1214 5317 έιαπαίξασι
1446 5224 1645 5321 πολλὴν
1690 5224 1930 5320 στενογω

2066 5262 2085 5294 ι
2133 5242 2332 5297 tionem
2360 5238 2780 5308 inscripserunt,
2808 5232 2903 5290 sed
2923 5233 2978 5286 in
3000 5228 3186 5284 multis
3206 5224 3495 5297 angustiis,
3522 5232 3636 5278 tan-

379 5365 400 5399 s
443 5347 586 5420 ρίαν,
613 5346 690 5409 ὡς
716 5345 782 5399 ἂν
807 5344 995 5399 παιδία
1023 5341 1342 5414 βουλευτικά
1374 5341 1621 5415 ἔμφρονα
1643 5345 1701 5397 ὲν
1724 5341 1955 5404 παιδίοις

380 5452 401 5487 s
437 5435 658 5506 ἄφροσι.
687 5434 785 5498 τὰς
829 5434 938 5487 τῶν
986 5432 1197 5504 ἐχθρῶν
1226 5428 1536 5497 ἐπιϐουλὰς,
1584 5431 1702 5502 ἦτοι
1726 5429 1960 5494 ὡςδιελ-

445 5568 473 5597 ι
501 5553 689 5608 Matth.
721 5568 836 5622 ιιι,
869 5553 951 5635 i9.
1024 5554 1053 5594 ιι
1084 5551 1310 5617 Eccle.t,
1332 5551 1422 5607 15.
1499 5563 1523 5592 ε
1551 5550 1666 5608 Isa.
1694 5567 1844 5617 Lm,
1874 5551 1965 5605 24.

2067 5352 2088 5385 ι
2131 5346 2296 5403 quam
2326 5330 2481 5400 pueri
2516 5325 2751 5383 consilio
2794 5329 2850 5378 et
2894 5317 3183 5391 prudentia
3231 5313 3444 5385 praediti
3492 5314 3636 5368 inter

2069 5445 2088 5477 ι
2135 5439 2339 5496 pueros
2367 5421 2707 5491 insipientes,
2740 5412 3087 5470 inimicorum
3113 5407 3344 5465 insidias
3373 5403 3636 5462 ludiﬁcati

2039 5548 2068 5589 (ι
2104 5547 2217 5603 ιω.
2250 5559 2385 5611 LVII,
2413 5543 2506 5608 (ὶο,
2532 5539 2626 5595 21.
2706 5548 2730 5577 ο
2764 5533 2791 5589 Ι
2820 5532 2945 5604 Reg.
2992 5545 3106 5594 ut,
3162 5528 3247 5583 15.

1637 5667 1871 5724 VARUS
1931 5663 2331 5721 LECTlONES.

451 5766 472 5797 '
502 5765 594 5819 καί
621 5775 732 5817 om.
809 5760 829 5791 °
862 5759 1235 5831 δυνηθήσεται.
1323 5758 1343 5789 '
1376 5758 1718 5831 λελεγμένον.
1784 5762 1806 5793 ⁸
1839 5759 1989 5817 deest
2021 5760 2146 5830 γάρ.
2217 5758 2258 5789 ⁸⁸
2291 5754 2365 5819 ὡς
2396 5752 2637 5807 θάλασσα
2678 5737 3127 5812 ἀνσόεὗρασμένη
3161 5749 3269 5790 om.
3344 5733 3365 5765 ’
3389 5729 3481 5787 καί
3507 5729 3630 5790 add.

383 5830 428 5863 ⁵⁵
467 5828 968 5904 Ἐκκλησιαστικοῦ.
