4110 6408
460 331 568 390 475

1528 331 1586 389 S.
1629 332 1835 388 PETRI
1876 331 2348 388 ALEXANDRINI
2389 333 2694 391 EPISCOPI

3613 339 3644 392 4
3655 339 3720 391 7ίί

465 470 488 501 ι
531 455 681 509 sunt,
719 445 802 498 vel
835 451 892 499 ut
924 445 1016 514 qui
1053 444 1247 498 altaria
1277 446 1640 515 pervaserint,
1663 449 1746 502 vel
1779 457 2039 517 tanquam

2149 467 2166 497 ι
2204 447 2387 510 θόντες
2420 449 2461 479 ¹⁰
2498 448 2731 520 βωμοὺς,
2766 451 2882 521 ἦτοι
2916 454 2992 513 ὡς
3025 450 3577 522 χειρογραφήσαντες,
3602 454 3718 526 ἦτοι

466 557 487 589 ι
534 539 627 607 qui
661 537 1085 607 chirographum
1117 537 1389 602 dederint,
1432 539 1519 592 vel
1572 547 1632 593 ut
1686 539 1779 610 qui
1836 554 1933 608 pro
1980 555 2040 594 se

468 650 485 679 ι
532 630 784 685 ethnicos
841 628 1205 694 immiserint;
1240 629 1405 682 etiam
1453 629 1503 683 si
1552 630 1800 683 nonnulli
1845 645 2036 686 eorum

468 743 488 776 ι
530 725 623 793 qui
664 721 904 777 confessi
957 732 1108 786 sunt,
1159 731 1216 776 ut
1275 722 1479 786 audivi,
1531 723 1806 793 aliquibus
1847 739 2036 778 eorum

467 833 487 866 ι
535 815 883 886 ignoverunt,
930 815 1191 885 quoniam
1224 815 1461 868 maxima
1489 817 1744 871 cautione
1772 816 2035 882 vitarunt,

469 929 486 960 ι
531 924 598 963 ne
629 908 734 978 ipsi
769 909 887 962 suis
919 909 1171 962 manibus
1193 909 1371 978 ignem
1395 907 1658 971 facerent,
1683 917 1738 962 et
1762 908 2040 964 daemonas

469 1018 486 1048 ι
535 998 781 1068 impuros
815 997 1061 1052 sufﬁrent
1094 1015 1106 1050 :
1143 998 1268 1050 licet
1323 1012 1453 1051 vero
1513 1013 1579 1052 ex
1629 999 1842 1067 agentis
1885 998 2040 1067 igno-

469 1110 486 1140 ι
535 1091 710 1144 rantia
764 1105 859 1144 eos
909 1089 1088 1156 latuit,
1145 1091 1427 1144 semestris
1473 1097 1654 1144 tamen
1706 1090 2040 1159 paenitentia:

471 1203 488 1234 ι
532 1199 693 1254 poena
723 1183 833 1238 illis
855 1185 1185 1254 imponetur.
1219 1182 1311 1237 Sic
1352 1185 1497 1238 enim
1531 1183 1632 1253 ipsi
1661 1197 1878 1252 quoque
1923 1195 2041 1234 ma-

471 1296 490 1328 ι
535 1279 619 1347 gis
645 1277 1014 1348 juvabuntur,
1058 1279 1336 1348 prophetae
1363 1279 1566 1332 dictum
1599 1277 1951 1340 meditantes,
1986 1284 2042 1331 et

471 1387 489 1416 ι
535 1368 780 1422 dicentes
813 1387 825 1421 :
863 1367 1078 1421 Puellus
1099 1368 1305 1437 genitus
1335 1377 1412 1421 est
1436 1367 1608 1428 nobis,
1630 1368 1778 1436 ﬁlius
1807 1375 1856 1420 et
1881 1365 2040 1419 datus

471 1480 488 1511 ι
535 1469 615 1514 est
641 1459 812 1524 nobis,
844 1460 996 1521 cuius
1034 1460 1366 1528 principatus
1397 1460 1554 1512 estin
1589 1457 1805 1512 humero
1849 1474 1966 1522 suo,
1989 1468 2038 1511 et

471 1573 490 1602 ι
536 1562 752 1607 vocatur
774 1568 959 1605 nomen
981 1551 1118 1620 ejus,
1141 1551 1320 1621 magni
1352 1551 1562 1604 consilii
1584 1551 1812 1620 Angelus
1837 1562 1884 1601 ιι.
1911 1548 2037 1615 Qui,

471 1660 492 1695 ι
536 1649 597 1696 ιιι
625 1642 800 1705 scitis,
826 1643 880 1696 in
904 1649 1059 1696 sexto
1096 1656 1283 1695 mense
1310 1640 1710 1710 conceptionis,
1744 1655 1866 1694 cum
1898 1641 2038 1695 alius

472 1755 491 1788 ι
537 1735 721 1790 infans
769 1733 1122 1805 praedicasset
1163 1743 1286 1787 ante
1313 1731 1592 1786 adventum
1630 1733 1743 1802 ejus
1786 1734 2038 1802 pceniten-

470 1846 488 1879 ι
537 1828 668 1881 tiam
692 1827 745 1880 in
772 1825 1135 1879 remissionem
1187 1835 1519 1892 peccatorum
1544 1825 1594 1889 ι),
1625 1831 1922 1894 conceptus
1953 1832 2039 1881 est
2070 1797 2113 1856 Β

471 1939 488 1968 ι
535 1927 590 1974 et
643 1921 762 1988 ipse
818 1916 886 1970 ad
939 1916 1348 1987 praedicandam
1391 1915 1788 1984 paenitentiam.
1827 1916 2036 1971 Etenim

471 2032 489 2062 ι
538 2020 804 2082 utrosque
834 2009 1086 2066 audimus
1117 2010 1170 2063 in
1207 2008 1398 2079 primis
1422 2008 1778 2078 praedicantes
1811 2024 1918 2062 non
1949 2023 2040 2064 so-

471 2122 489 2155 ι
538 2104 650 2157 lum
683 2103 750 2159 de
783 2101 1132 2172 paenitentia,
1164 2099 1260 2155 sed
1302 2110 1354 2155 et
1408 2098 1476 2154 de
1522 2116 1689 2171 regno
1721 2101 1982 2156 malorum
2023 2120 2035 2154 :

471 2217 488 2246 ι
534 2195 682 2266 quod
715 2195 958 2266 quidem,
993 2201 1054 2248 ut
1087 2193 1401 2260 didicimus,
1433 2195 1577 2247 intra
1607 2211 1700 2246 nos
1725 2201 1870 2258 este,
1895 2193 2046 2264 quod

470 2307 489 2338 ι
541 2303 700 2359 prope
723 2304 818 2342 nos
841 2288 909 2340 sit
935 2285 1148 2340 verbum
1181 2285 1331 2356 quod
1363 2286 1640 2340 credimus
1670 2287 1722 2339 in
1745 2303 1833 2340 ore
1858 2297 2038 2340 nostra

470 2400 489 2432 ι
537 2392 594 2437 et
622 2381 787 2436 corde
834 2388 1048 2443 nostro,
1083 2379 1230 2448 quod
1268 2378 1428 2434 Jesus
1457 2387 1540 2433 est
1569 2379 1826 2435 Christus
1865 2400 1878 2435 :
1927 2399 2040 2436 cre-

471 2492 492 2526 s
537 2474 718 2528 dentes
738 2474 793 2526 in
823 2472 978 2527 corde
1001 2481 1204 2535 nostra,
1233 2471 1372 2541 quod
1405 2471 1541 2524 Deus
1569 2471 1741 2540 ipsum
1769 2474 2040 2528 suscitavit

469 2585 489 2618 ι
537 2582 603 2620 ea:
632 2567 896 2620 mortuis:
927 2572 988 2620 ut
1015 2564 1108 2634 qui
1150 2564 1377 2618 audiant
1429 2563 1572 2633 quod
1625 2565 1783 2618 corde
1833 2566 2040 2634 quidem

469 2675 490 2710 ι
537 2655 775 2711 creditur
807 2655 876 2710 ad
899 2655 1196 2725 justitiam,
1223 2670 1313 2707 ore
1362 2661 1537 2706 autem
1586 2654 1847 2723 confessio
1875 2657 1937 2724 ﬁt
1968 2655 2038 2710 ad

465 2765 489 2800 s
531 2749 758 2804 salutem
780 2747 828 2804 ἀ.
879 2769 900 2802 ι

2147 557 2164 590 ι
2200 540 2277 604 ὡς
2336 541 2450 594 ἀνθ’
2506 542 2715 594 ἑαυτῶν
2751 543 3002 613 βαλόντες
3053 542 3319 605 ἑθνικοὺς,
3355 544 3402 596 εί
3449 545 3543 598 καί
3578 562 3718 598 τισιν

2146 650 2163 681 ι
2204 632 2383 685 αὑτῶν
2423 632 2804 704 συνεχώρησάν
2837 652 2980 698 τινες
3014 634 3124 688 τῶν
3155 633 3604 706 ὁμολογησάντων
3630 638 3716 697 ⁸⁸⁸.

2145 739 2163 770 t
2205 721 2280 784 ὡς
2303 723 2510 791 ἤκουσα
2545 725 2689 792 (ἐπεὶ
2719 725 2951 794 μάλιστα
3010 727 3151 780 κατὰ
3191 725 3391 798 πολλὴν
3437 725 3718 780 εὐλάϐειαν

2146 831 2164 863 ι
2204 812 2465 882 ἐξέφυγον
2508 816 2820 886 αὐτόχειρες
2862 816 3115 883 γενέσθαι
3143 818 3237 871 τού
3272 818 3442 889 πυρὸς
3481 819 3573 870 καὶ
3620 819 3717 889 τῆς

2146 923 2166 957 t
2204 906 2615 978 ἀναθυμιάσεως
2641 908 2748 962 τῶν
2782 910 3102 981 ἀκαθάρτων
3123 911 3432 982 δαιμόνων)’
3464 912 3586 964 ἐπεὶ
3612 911 3721 963 τοι-

2145 1014 2163 1047 (
2206 1014 2298 1048 νυν
2325 996 2512 1049 ἔλαθεν
2545 999 2739 1060 αὑτοὺς
2768 998 2923 1068 ἀνοία
2944 999 3100 1052 τοῦτο
3136 997 3446 1070 πράξαντας
3476 1000 3541 1060 ιι,
3570 998 3718 1068 ὅμως

2146 1107 2164 1138 t
2203 1086 2468 1159 ἑξάμηνος
2498 1090 2680 1152 αὑτοῖς
2709 1089 3085 1160 ἑπιτεθήσεται
3109 1090 3206 1160 τῆς
3233 1092 3291 1142 ὲν
3317 1089 3576 1160 μετανοίᾳ
3599 1090 3718 1140 ἑπι-

2145 1198 2163 1230 ι
2201 1181 2457 1252 στροφῆς.
2491 1180 2646 1234 Οὑτω
2670 1181 2776 1253 γάρ
2809 1182 3007 1251 μᾶλλον
3037 1182 3131 1234 καὶ
3165 1181 3318 1234 αὑτοὶ
3338 1179 3719 1251 ὠφεληθήσονο

2145 1292 2163 1325 ι
2198 1291 2310 1337 ται,
2373 1273 2851 1343 καταμελετῶντες
2899 1273 2960 1325 τὸ
3015 1272 3350 1346 προφητικὸν
3405 1271 3589 1342 ῥητὸν,
3623 1270 3717 1321 καὶ

2145 1389 2162 1418 s
2197 1367 2476 1434 λέγοντες·
2509 1365 2757 1420 Παιδίον
2787 1363 3077 1433 ἐγεννήθη
3137 1363 3280 1433 ἡμῖν
3322 1362 3472 1428 υίὸς,
3533 1363 3630 1414 καὶ
3652 1361 3714 1390 "'

2146 1479 2165 1512 ι
2203 1460 2380 1527 ἐδόθη
2412 1459 2575 1529 ἡμῖν,
2597 1456 2669 1514 οὗ
2702 1461 2740 1526 ἡ
2764 1457 2920 1527 ἁρχὴ
2949 1458 3044 1511 ἐπὶ
3078 1455 3185 1510 τοῦ
3209 1455 3372 1526 ὤμου
3393 1453 3718 1516 annumin

2147 1576 2165 1608 ι
2207 1555 2470 1610 καλεῖται
2497 1553 2562 1607 τὸ
2596 1554 2781 1623 ὄνομα
2807 1551 2994 1606 αὑτοῦ
3017 1550 3286 1620 μεγάλης
3312 1547 3554 1615 ,βουλῆς
3591 1549 3719 1616 Ἄτ-

2147 1668 2166 1701 α
2204 1652 2397 1719 γελος.
2439 1648 2616 1718 Ὅπερ
2647 1649 2756 1709 “",
2787 1646 2863 1709 ὡς
2901 1646 3034 1708 ίστε,
3067 1645 3125 1698 ἑν
3156 1643 3233 1714 τῷ
3271 1643 3415 1711 ἕκτῳ
3450 1642 3581 1712 μηνὶ
3619 1641 3716 1710 τῆς

2147 1761 2166 1794 ι
2205 1740 2519 1810 συλλήψεως
2551 1738 2645 1792 τοῦ
2678 1738 2864 1810 ἑτέρου
2889 1737 3124 1802 παιδίου,
3158 1735 3250 1788 τοῦ
3275 1732 3718 1806 προκηρύξαντος

2147 1853 2166 1885 ι
2210 1833 2323 1900 πρὸ
2349 1829 2672 1900 προσώπου
2692 1828 2797 1897 τῆς
2817 1829 3058 1883 εἰσόδου
3079 1827 3265 1882 αὐτοῦ
3284 1825 3607 1896 μετάνοιαν
3629 1827 3717 1888 εὶς

2149 1945 2168 1976 ι
2203 1925 2423 1994 ἄρσεσιν
2461 1923 2777 1992 ἁμαρτιῶν,
2812 1921 3114 1992 συνελήφθη
3144 1921 3236 1974 καὶ
3266 1919 3397 1973 αὑτὸ
3423 1921 3534 1950 ¹¹⁶⁶⁹
3556 1919 3720 1989 κηρύ-

2149 2036 2168 2069 t
2212 2018 2300 2084 ξαι
2327 2017 2630 2087 μετάνοιαν.
2664 2015 2775 2068 Καὶ
2804 2014 2912 2087 γάρ
2937 2016 3029 2068 καὶ
3050 2013 3156 2067 τῶν
3181 2012 3504 2083 ἀμφοτέρων
3523 2010 3718 2063 ἀκούο-

2151 2131 2168 2162 ι
2206 2128 2305 2182 μεν
2349 2113 2406 2164 ἑν
2444 2108 2680 2180 πρώτοις
2712 2108 3086 2180 κηρυττόντων
3117 2107 3158 2139 ¹²
3187 2108 3248 2160 οὑ
3284 2105 3441 2176 μόνον
3465 2104 3592 2174 περὶ
3624 2119 3721 2172 με·

2153 2222 2172 2256 s
2207 2204 2445 2266 τανοίας,
2496 2202 2631 2256 ἀλλά
2663 2203 2757 2255 καὶ
2804 2203 2932 2272 περὶ
2965 2202 3236 2272 βασιλείας
3267 2197 3534 2270 οὑρανῶν,
3573 2197 3715 2266 ἥτις,

2153 2314 2171 2347 ι
2207 2294 2389 2360 καθὼς
2421 2295 2838 2366 μεμαθήκαμεν,
2861 2293 3034 2360 ἐντὸς
3053 2293 3220 2362 ἡμῶν
3245 2293 3402 2354 ἐστι,
3441 2289 3518 2361 τῷ
3542 2289 3719 2358 ἐγγὺς

2154 2406 2172 2438 ε
2207 2387 2375 2456 ἡμῶν
2391 2385 2542 2444 εἶναι
2572 2389 2638 2442 τὸ
2655 2387 2818 2458 ῥῆμα
2852 2387 2880 2439 ὃ
2918 2386 3244 2456 πιστεύομεν
3277 2386 3347 2438 ἐν
3366 2383 3447 2449 τῷ
3470 2384 3720 2452 στόματι

2153 2496 2172 2529 ι
2206 2475 2434 2531 ἑαυτῶν
2481 2477 2575 2530 καὶ
2630 2480 2688 2530 ὲν
2718 2481 2782 2548 τῇ
2829 2477 3021 2549 καρδίᾳ.
3059 2475 3303 2528 ἑαυτῶν
3340 2474 3463 2545 περὶ
3510 2468 3576 2543 ἦς
3626 2474 3720 2525 καὶ

2151 2588 2169 2620 ι
2211 2569 2363 2621 αὑτοὶ
2390 2569 2848 2640 ὑπομνησθέντες,
2878 2569 3211 2640 μαθήσονται
3239 2567 3518 2637 ὁμολογεῖν
3546 2568 3604 2618 ἑν
3639 2565 3717 2635 τῷ

2153 2683 2172 2714 ι
2215 2664 2443 2733 στόματι
2473 2662 2679 2716 ἑαυτῶν
2726 2663 2790 2727 ³³,
2837 2665 2918 2716 ὅτι
2965 2661 3171 2733 Ἰησοῦς
3223 2660 3454 2732 Χριστός
3487 2660 3592 2728 (4)·
3626 2675 3719 2710 πι-

2155 2772 2172 2804 c
2213 2756 2533 2820 στεύοιοτες
2559 2755 2628 2807 ἐν
2661 2753 2734 2822 τῇ
2757 2755 2966 2821 καρδίᾳ
2986 2751 3234 2816 ἑαυτῶν,
3265 2751 3351 2804 ὅτι
3381 2755 3413 2804 ὁ
3442 2751 3585 2816 Θεὸς
3617 2753 3721 2803 αὺ-

469 2861 490 2893 ‹
528 2841 635 2895 τὸν
655 2841 892 2912 ἤγειρεν
916 2841 985 2894 ἐκ
1018 2838 1260 2906 νεκρῶν
1295 2836 1388 2891 ἅτε
1421 2836 1484 2908 δὴ
1555 2830 1599 2864 ’⁸
1642 2838 1950 2906 ἀκούοντες,
1977 2843 2059 2896 ὅτι
2085 2845 2297 2915 καρδίᾳ
2321 2846 2438 2916 μὲν
2469 2849 2806 2902 πιστεύεται
2840 2848 2884 2878 ¹⁸
2915 2849 3002 2911 εὶς
3026 2844 3440 2911 δικαιοσύνην,
3471 2843 3720 2911 στόματι

470 2953 492 2987 s
528 2935 597 2988 δὲ
625 2932 995 3004 ὁμολογεῖται
1019 2935 1106 2998 εὶς
1127 2931 1445 2998 σωτηρίαν.
1487 2951 1506 2982 ›

534 3028 696 3083 Βλιε.
741 3025 797 3080 Si
829 3027 920 3096 qui
955 3034 1132 3079 autem
1164 3025 1492 3079 simularunt
1542 3040 1600 3078 se
1653 3024 1720 3078 ad
1761 3039 1885 3080 aras
1911 3025 2032 3096 qui-

2211 3027 2407 3083 ΒΑΛΣ.
2452 3029 2515 3082 Et
2571 3027 2627 3082 δέ
2685 3045 2828 3092 τινες
2863 3029 3240 3102 ὑπεκρίθησαν
3289 3032 3390 3101 μὲν
3433 3032 3719 3103 προσιέναι

463 3123 589 3179 dem
614 3121 896 3187 accedere,
931 3120 1014 3174 vel
1041 3119 1282 3174 scribere
1295 3118 1438 3188 quod
1475 3116 1632 3173 fidem
1665 3125 1897 3188 negant;
1923 3134 2033 3172 non

2146 3120 2254 3180 τοῖς
2289 3119 2511 3190 βωμοῖς,
2541 3120 2660 3189 ἢτοι
2684 3120 2915 3190 γράψαι,
2949 3121 3031 3172 ὅτι
3063 3120 3350 3192 ἀρνοῦνται
3383 3121 3482 3192 τὴν
3513 3122 3716 3183 πίστιν,

465 3215 610 3270 nude
644 3221 824 3268 autem
854 3219 908 3266 et
939 3220 1123 3281 aperte
1156 3211 1257 3264 hoc
1285 3208 1556 3274 fecerunt,
1583 3209 1674 3264 sed
1700 3217 1817 3264 arte
1849 3210 2032 3279 aliqua

464 3323 562 3363 eos
592 3306 685 3376 qui
718 3304 825 3360 vim
849 3302 1172 3364 afferebant,
1206 3301 1528 3366 illuserunt;
1567 3299 1710 3354 sicut
1745 3298 1913 3354 David
1943 3301 2037 3370 qui

466 3416 526 3456 se
553 3397 815 3469 epilcpsia
843 3403 1158 3465 correptum
1190 3393 1470 3448 simulavit
1495 3407 1616 3446 cum
1643 3391 1853 3461 fugeret
1900 3391 2040 3445 Sau-

465 3493 594 3559 lem,
623 3498 677 3547 et
703 3498 850 3546 esset
871 3488 1013 3558 apud
1044 3487 1415 3556 alienigenas;
1440 3492 1496 3539 et
1524 3485 1597 3538 ita
1643 3490 1870 3538 mortem
1913 3498 2040 3538 eva-

465 3583 538 3637 sit
567 3601 581 3637 :
612 3581 900 3635 illuserunt
934 3585 1116 3632 autem
1144 3577 1491 3630 inimicorum
1517 3574 1768 3641 insidias,
1799 3583 1860 3628 ut
1876 3573 2039 3644 puelli

463 3674 702 3730 consilio
754 3671 1154 3744 prudentiaque
1213 3667 1424 3739 praediti
1471 3683 1674 3738 pueros
1720 3666 2041 3736 insipientes

463 3766 695 3823 eludunt
727 3783 739 3819 :
778 3763 975 3832 impios
997 3761 1141 3816 enim
1171 3759 1496 3822 fefellerunt,
1532 3758 1678 3829 quod
1728 3757 2042 3813 sacrificare

465 3856 686 3926 quidem
728 3852 833 3907 visi
885 3859 1032 3914 sunt,
1066 3865 1174 3904 non
1216 3859 1394 3904 tamen
1425 3850 1850 3905 sacrificarunt:
1901 3847 2042 3902 forte

467 3948 612 4002 enim
651 3961 748 4017 pro
789 3961 847 4000 se
879 3943 1126 3998 ethnicos
1167 3943 1250 3996 vel
1281 3941 1524 3996 infideles
1558 3940 1954 4000 submiserunt,
1986 3946 2040 3993 et

470 4054 567 4110 per
619 4039 743 4093 illos
788 4035 1100 4093 sacrificare
1144 4035 1292 4106 ipsos
1324 4034 1712 4110 existimarunt
1749 4051 1762 4086 :
1797 4033 1898 4094 eis,
1956 4032 2040 4086 in-

469 4108 610 4204 quit,
656 4139 922 4188 semestre
969 4137 1182 4198 tempus
1224 4126 1452 4183 suffit-iet
1505 4108 1580 4180 ad
1637 4125 2038 4196 pmnitcntiam.

470 4225 587 4280 Etsi
611 4225 754 4280 enim
786 4239 894 4277 non
925 4221 1318 4280 sacrificarunt,
1354 4218 1482 4288 quia
1515 4225 1698 4271 tamen
1729 4217 2043 4270 sacrificare

470 4317 697 4388 polliciti
748 4322 898 4377 sunt,
937 4314 1022 4367 vel
1072 4313 1209 4368 alios
1265 4310 1661 4372 submiserunt,
1722 4307 2041 4378 paenitentia

471 4404 718 4476 indigere
750 4412 878 4458 sunt
911 4403 1243 4469 existimati;
1277 4400 1495 4454 etiamsi
1538 4399 1818 4454 nonnullis
1849 4413 2037 4452 eorum

415 4559 418 4561 ,
470 4501 794 4569 ignoverunt
847 4497 1091 4566 quidam,
1134 4495 1226 4565 qui
1273 4511 1372 4566 pro
1403 4495 1505 4549 fide
1545 4490 1919 4546 testimonium
1949 4491 2042 4543 tle-

469 4592 625 4645 dere.
649 4586 757 4643 Eos
784 4596 961 4642 autem
999 4587 1185 4657 pueris
1215 4586 1433 4657 quidem
1463 4581 1696 4644 confert,
1733 4590 1792 4635 ut
1811 4583 1903 4650 qui
1932 4596 2040 4634 non

466 4684 697 4740 viriliter
724 4681 1027 4736 idololatris
1054 4681 1409 4744 restiterunt;
1432 4675 1793 4747 prudentibus
1820 4681 2044 4742 vero,ut

469 4776 562 4846 qui
598 4771 828 4827 artificio
853 4771 1122 4826 sacrificia
1145 4770 1512 4825 declinarunt.

543 4865 747 4920 Zama.
790 4861 848 4917 Si
891 4863 983 4934 qui
1034 4877 1164 4916 vero
1194 4861 1262 4915 ad
1293 4875 1418 4914 aras
1448 4859 1668 4929 quidem
1697 4874 1756 4914 se
1783 4856 2042 4912 accedere

471 4958 823 5022 simularunt,
849 4964 944 5009 aut
969 4954 1210 5009 scribere
1234 4951 1378 5024 quod
1401 4952 1561 5006 fidem
1594 4961 1814 5022 negant,
1846 4965 2038 5006 verum

2145 3209 2206 3261 οὑ
2233 3209 2452 3279 γυμνῶς
2472 3209 2528 3262 δὲ
2569 3209 2662 3263 καὶ
2696 3210 2944 3282 φανερῶς
2971 3211 3130 3264 τοῦτο
3159 3212 3442 3283 ἐποίησαν,
3473 3213 3608 3266 ἀλλά
3631 3213 3722 3266 διά

2144 3317 2289 3363 τινος
2339 3301 2558 3371 μεθόδου
2585 3300 2862 3368 διέπαιξαν
2908 3304 3033 3366 τοὺς
3081 3303 3364 3372 βιάζοντας
3401 3305 3616 3368 αὑτοὺς,
3644 3306 3720 3368 ὡς

2144 3391 2172 3442 ὁ
2208 3390 2371 3443 Δαϐὶδ
2403 3392 2491 3444 ὅτε
2531 3392 2618 3446 τὸν
2647 3393 2944 3464 ἐπίληπτον
2999 3395 3290 3466 ὑπεκρίθη,
3343 3396 3558 3464 φεύγων
3631 3397 3720 3450 τὸν

2144 3483 2336 3545 Σαοὺλ,
2371 3485 2466 3537 καὶ⁸
2509 3484 2645 3556 πρὸς
2687 3487 2812 3548 τοὺς
2875 3485 3202 3556 ἀλλοφύλους
3254 3488 3574 3556 γενόμενος,
3629 3488 3722 3541 καὶΙ

2142 3574 2284 3628 οὕτω
2311 3575 2401 3628 τὸν
2430 3575 2657 3629 θάνατον
2690 3577 3017 3646 διαπέφευγε
3039 3595 3051 3608 ·
3085 3579 3368 3644 διέπαιξαν
3398 3578 3454 3631 δὲ
3486 3579 3585 3642 τὰς
3612 3579 3721 3632 τῶν

2143 3666 2351 3738 ἐχθρῶν
2395 3667 2705 3731 ἑπιεουλάς,
2757 3667 2831 3732 ὡς
2884 3668 3068 3721 παιδία
3119 3668 3439 3739 βουλευτικά
3478 3669 3721 3740 ἔμφρονα

2142 3757 2512 3822 διαπαίζουσιν
2565 3758 2804 3830 ἄφρονας
2863 3758 3089 3821 παῖδας·
3119 3760 3409 3828 ἠπάτησαν
3453 3758 3563 3829 γὰρ
3596 3759 3723 3821 τοὺς

2143 3850 2380 3914 ἀσεϐεῖς,
2429 3849 2518 3908 διὰ
2556 3851 2615 3904 τὸ
2659 3851 2808 3917 δόξαι
2868 3851 2966 3921 μὲν
2996 3852 3166 3914 θύειν,
3205 3851 3278 3922 μὴ
3313 3850 3470 3905 θῦσαι
3500 3851 3556 3904 δέ
3580 3867 3594 3880 ⁸
3629 3867 3723 3904 τυ-

2143 3941 2237 4010 χὸν
2269 3942 2379 4013 γὰρ
2406 3942 2522 3996 ἀνθ’
2573 3943 2782 3995 ἑαυτῶν
2805 3943 3071 3998 ὑπέϐαλον
3100 3942 3342 4007 ἑθνικοὺς
3376 3943 3409 4014 ἦ
3438 3943 3719 4008 ἀπίστους,

2145 4034 2239 4086 καὶ
2265 4033 2331 4085 δι’
2366 4033 2587 4090 ἐκείνων
2636 4035 2892 4105 ἐνόμισαν
2939 4034 3256 4088 τεθυκέναι·
3292 4037 3404 4096 τοῖς
3440 4033 3724 4099 τοιούτοις,

2144 4125 2334 4193 φησὶν,
2395 4122 2663 4195 ἑξάμηνος
2708 4125 2898 4196 καιρὸς
2925 4125 3133 4197 ἀρκέσῃ
3157 4125 3235 4188 είς
3264 4124 3572 4195 μετάνοιαν.
3605 4125 3724 4178 Κᾶν

2143 4217 2251 4287 γάρ
2281 4217 2380 4269 οὑκ
2405 4216 2621 4288 ἔθυσαν,
2659 4216 2771 4268 ἀλλ’
2805 4218 2887 4272 ὅτι
2921 4216 3200 4271 συνέθεντο
3244 4217 3402 4271 θῦσαι
3435 4219 3470 4290 ἢ
3505 4217 3725 4288 ἑτέρους
3759 4221 3765 4226 ’

2145 4311 2432 4372 ὑπέϐαλον,
2461 4309 2817 4380 ἐλογίσθησαν
2833 4310 3039 4367 δεῖσθαι
3066 4311 3373 4380 μετανοίας,
3400 4312 3447 4363 εί
3471 4310 3562 4362 καί
3582 4327 3724 4362 τισιν

2145 4402 2321 4455 αὑτῶν
2371 4400 2754 4472 συνεχώρησάν
2789 4417 2935 4465 τινες
2964 4402 3072 4454 τῶν
3101 4403 3564 4473 μαρτυρησάντων
3586 4401 3724 4472 ὑπὲρ

2147 4497 2244 4566 τῆς
2304 4496 2558 4558 πίστεως.
2629 4495 2941 4558 Ἀπεικάζει
2992 4495 3048 4547 δὲ
3093 4495 3310 4558 τούτους
3337 4495 3491 4548 παισὶ
3519 4495 3614 4563 μὲν
3649 4493 3725 4554 ὼς

2151 4588 2224 4659 μὴ
2267 4587 2534 4658 ἀνδρικῶς
2592 4587 3091 4651 ἀντικαταστάντας
3133 4591 3244 4651 τοῖς
3293 4586 3724 4656 εἰδωλολάτραις,

2146 4678 2380 4749 ἕμφροσι
2441 4679 2496 4731 δὲ
2542 4679 2618 4743 ὡς
2655 4679 2960 4750 εύμεθὸδως
3007 4681 3104 4751 τὴν
3138 4680 3327 4734 θυσίαν
3353 4681 3724 4740 ἐκκλίναντας.

2217 4858 2462 4910 ΖΩΝΑΡ.
2487 4859 2548 4911 Εἰ
2601 4859 2657 4912 δέ
2711 4878 2854 4924 τινες
2893 4860 3270 4932 ὑπεκρίθησαν
3309 4859 3405 4929 μὲν
3445 4858 3728 4929 προσιέναι

2147 4954 2259 5014 τοῖς
2287 4949 2508 5022 βωμοῖς,
2536 4953 2653 5023 ἦτοι
2692 4953 2921 5024 γράψαι,
2959 4955 3041 5006 ὅτι
3075 4952 3360 5023 ἀρνοῦνται
3394 4950 3489 5022 τὴν
3521 4951 3730 5016 πίστιν,

543 5127 572 5158 ι
597 5112 709 5171 ιω.
744 5129 821 5178 ιι,
846 5111 900 5166 6.
978 5111 1006 5149 δ
1034 5108 1164 5164 Luc.
1193 5125 1232 5173 ι,
1275 5107 1363 5172 76,
1400 5106 1484 5162 77.
1567 5118 1588 5146 ε
1616 5105 1744 5160 Luc.
1779 5104 2024 5168 xvu,‘:ll.

2159 5104 2308 5160 Rom.
2335 5123 2390 5171 χ,
2421 5107 2573 5162 8-10.

1741 5247 1977 5303 VARLE
2017 5247 2415 5306 LECTIONES.

570 5396 615 5428 ¹⁶
649 5392 1022 5457 διελθόντας...
1089 5392 1696 5462 χειρογραφήσαεπας...
1753 5388 2032 5458 βαλόντας.

470 5469 622 5539 ᾑμῐν,
657 5463 926 5539 υἱὸςλκαίζ
989 5461 1291 5539 ’νξίὸσπερ
1367 5461 1482 5539 1"“
1513 5461 1695 5539 accde.

2135 5387 2198 5421 ¹⁶⁶
2239 5391 2588 5462 ὁμολογητῶν
2599 5432 2611 5444 .

1775 5462 1818 5532 _"
1857 5457 2286 5532 κηρυσσόντων.⁷
2335 5457 2516 5532 ιδπερι
2539 5457 2605 5531 ἧς
2633 5463 2722 5515 καὶ
2749 5463 2899 5515 αὑτοὶ
2931 5457 3365 5531 ὑπομνησθέντες
3399 5457 3732 5530 μαθήσονται

2724 5394 2738 5423 ¹
2749 5395 2762 5422 ⁸
2815 5390 2906 5445 τοῦ
2961 5390 3283 5461 πράξαντος.

3402 5390 3463 5420 ¹¹⁹
3489 5389 3733 5460 ἐγενήθη

469 5513 831 5609 dicio-{stitit
859 5533 938 5606 τῷ
969 5534 1195 5604 στόματι
1227 5513 1434 5584 ἑαυτῶν
1471 5547 1582 5586 om.
1655 5513 1698 5562 ⁵⁵
1727 5528 1804 5585 δέ.
1885 5513 2304 5587 ¹έ’πιστεύετε...
2341 5513 2666 5604 ὁμολογεῖτε.

537 5675 616 5746 (Ι)
647 5675 765 5727 Ὅτι
797 5675 1032 5746 ,Ἰησοῦς
1065 5675 1338 5746 Χριστός.
1369 5673 1679 5746 Harduinus
1700 5675 1751 5746 in
1787 5686 1885 5746 sua
1911 5671 2048 5746 {Jon-

466 5725 984 5813 axz-amentem
1003 5725 1269 5813 ’ems.‘
1291 5725 1466 5812 aegis
1488 5725 1675 5805 ‘*2oss;
1701 5725 1807 5796 Vari
1827 5725 2048 5813 Κύριος

480 5815 810 5883 Ὶησοῦς.5ἱε
840 5812 1064 5880 Ποπλι,
1095 5814 1145 5870 9.
1180 5810 1324 5869 Idem
1356 5810 1516 5882 paulo
1543 5823 1683 5883 post,
1714 5815 1804 5865 ἃτε
1840 5810 2044 5883 δηζΙίίρ

2153 5684 2330 5730 autem
2384 5673 2535 5728 locus
2579 5685 2742 5741 paqu
2792 5669 2946 5724 aliter
2988 5668 3210 5725 effertur
3258 5669 3311 5725 in
3372 5669 3502 5724 edit.
3555 5666 3732 5724 Paris.

2155 5745 2378 5802 Zonarm
2406 5753 2459 5800 et
2486 5741 2844 5800 Balsamonis.
