4110 6408
341 366 444 426 ι-ἾἹ

1578 353 1912 410 EPISTOLA
1952 349 2322 408 CANONICA.

3485 339 3590 394 478

343 484 400 538 οὐ
444 481 664 563 γυμνῶς
713 480 768 531 δὲ
807 479 863 531 τὰ
886 475 1020 549 πρδς
1059 477 1288 546 ἄρνησιν
1325 473 1591 545 ἔγραψαν,
1645 473 1767 526 ἀντὶ
1818 471 1912 523 τοῦ
1943 527 1946 535 η

2047 486 2137 541 [uae
2161 469 2230 524 ad
2269 464 2684 538 abnegationem
2730 467 2981 534 spectant
3011 475 3123 514 non
3156 458 3299 512 nude
3353 456 3592 524 scripse-

343 575 440 631 οὐκ
485 568 998 644 ἀπαρακαλύπτως,
1034 566 1092 620 οὐ
1147 567 1416 639 φανερῶς,
1466 564 1601 620 ἀλλά
1643 565 1733 618 διά
1779 573 1925 618 τινος

347 659 565 734 μεθόδου
595 655 872 724 διέπαιξαν
903 659 1028 720 τοὺς
1072 655 1356 726 βιάζοντας
1386 655 1601 720 αὐτοὺς,
1639 655 1715 717 ὼς
1751 656 1780 707 ό
1816 655 1922 705 Δα-

347 750 431 805 ϐὶδ
471 750 558 803 ὅτε
585 749 676 801 τὸν
702 748 996 820 ἐπίληπτον
1043 745 1307 817 ύπεκρίθη
1362 745 1579 814 φεύγων
1607 744 1700 797 τὸν
1732 744 1923 806 Σαοὺλ,

347 843 440 897 καὶ
468 841 606 912 πρὸς
644 842 772 904 τοὺς
822 839 1152 910 ἀλλοφύλους
1179 837 1491 908 γενόμενος,
1525 836 1619 889 καὶ
1660 835 1803 888 οὕτω
1835 835 1926 888 τὸν

347 934 573 990 θάνατον
624 933 984 1001 διαπέφευγεο
1043 930 1328 997 διέπαιξαν
1381 929 1460 993 δὲ,
1497 929 1650 1000 φησὶ,
1686 927 1782 992 τὰς
1818 926 1926 980 τῶν

347 1025 554 1098 ἐχθρῶν
597 1024 908 1089 ἐπιϐουλὰς,
953 1025 1027 1090 ὼς
1055 1023 1244 1078 παιδία
1283 1021 1623 1093 βουλευτικὰ,
1657 1021 1924 1090 ἔμφρονα,

350 1119 604 1191 φρόνιμα,
625 1118 717 1171 καὶ
743 1115 978 1179 συνετῶς
995 1115 1196 1186 δηλαδὴ
1221 1113 1599 1185 βουλευόμενα,
1625 1109 1930 1176 διαπαίζου-

349 1228 432 1265 σιν
449 1213 505 1264 ἐν
521 1209 717 1282 ἄφροσι
734 1208 1060 1271 παιδίοις.Ἐ
1069 1225 1270 1279 μφροσι
1282 1207 1339 1260 δὲ
1354 1204 1641 1270 ἀπεικάζει
1655 1206 1781 1267 τοὺς
1793 1204 1932 1256 ἀπα-

347 1307 619 1374 τήσαντας
634 1303 761 1367 τοὺς
777 1302 1011 1366 ἀσεϐεῖς,
1036 1303 1128 1355 καὶ
1143 1301 1401 1368 δόξαντας
1423 1300 1521 1371 μὲν
1539 1298 1708 1361 θύειν,
1738 1297 1812 1367 μὴ
1838 1295 1931 1349 θύ-

351 1412 547 1458 σαντας
565 1395 642 1448 δέ’
675 1394 948 1466 ἔμφρονας
969 1395 1064 1466 μὲν
1079 1394 1154 1458 ὡς
1174 1393 1270 1464 τὴν
1291 1393 1480 1446 θυσίαν
1496 1391 1632 1453 τέως
1653 1388 1932 1442 ἐκκλίναν-

347 1505 447 1551 τας
463 1487 526 1518 ¹⁸“
547 1504 562 1516 ⁸
590 1487 862 1550 παιδείους
879 1487 956 1549 δὲ,
977 1488 1053 1550 ὡς
1075 1486 1148 1558 μὴ
1167 1486 1368 1538 τέλειον
1387 1485 1478 1538 καὶ
1488 1482 1752 1554 ἀνδρῶδες
1765 1482 1931 1536 ἐνδει-

352 1581 415 1652 ξα
422 1580 614 1651 μένους
632 1579 904 1651 φρόνημα,
928 1579 1022 1632 καλ⁸
1037 1578 1298 1647 γενναίως
1311 1576 1808 1638 ἀντικαταστάντας
1823 1577 1934 1638 τοῖς

351 1672 784 1744 εἰδωλολάτραις,
821 1672 933 1725 ἀλλ’
959 1672 1107 1742 ὅμως
1153 1670 1516 1742 συνθεμένους
1546 1669 1730 1734 θῦσαι,
1764 1669 1812 1721 εί
1841 1667 1934 1721 καί

349 1783 496 1830 τινες
520 1767 608 1798 ¹³⁶⁴
640 1765 756 1819 ἀνθ’
785 1764 994 1819 ἑαυτῶν
1017 1763 1284 1817 ὑπέϐαλον
1311 1762 1577 1826 ἐθνικοὺς,
1609 1763 1776 1838 ἠγουν
1804 1760 1933 1815 ἀπί-

2029 569 2177 620 runt.
2205 561 2307 615 hoc
2339 567 2424 615 est
2447 574 2556 614 non
2579 556 2888 618 manifeste,
2916 568 3024 608 non
3051 558 3267 623 aperte;
3303 550 3396 604 sed
3425 548 3596 602 artiﬁ-

2027 653 2114 708 cio
2141 651 2379 722 quodam
2407 665 2502 704 eos
2531 649 2626 719 qui
2653 647 2759 701 vim
2794 645 3104 700 inferebant
3135 639 3400 696 ludiﬁcati
3420 645 3550 694 sunt
3576 655 3592 692 :

2027 757 2086 804 ut
2115 745 2306 811 David,
2339 745 2431 814 qui
2461 745 2587 799 dum
2619 741 2838 796 Saulem
2867 740 3095 810 fugeret,
3133 751 3196 790 ac
3240 734 3308 788 ad
3350 733 3600 803 alienige-

2027 858 2127 896 nas
2158 839 2488 899 devenisset,
2540 851 2599 891 se
2649 833 2997 905 epilepticum
3033 829 3208 894 ﬁnxit,
3237 841 3410 898 eoque
3441 832 3600 896 pacto

2027 941 2258 987 mortem
2287 929 2528 986 evitavit.
2557 926 2847 981 Luditicati
2875 938 3037 995 porro
3068 930 3218 985 sunt,
3253 920 3451 990 inquit,
3489 918 3598 972 ini-

2027 1023 2297 1077 micorum
2327 1020 2594 1084 insidias;
2621 1016 2790 1071 veluti
2823 1013 2976 1084 pueri
3012 1012 3332 1083 prudentes,
3366 1009 3600 1064 consilio

2029 1110 2288 1164 nimirum
2319 1125 2382 1164 ac
2406 1107 2694 1180 prudentia
2730 1105 2966 1176 praediti,
3003 1102 3207 1172 quique
3257 1100 3468 1156 scilicet
3512 1114 3604 1154 so-

2028 1203 2196 1258 lerter
2226 1205 2518 1258 consilium
2553 1201 2855 1270 capientes,
2892 1196 3212 1266 insipientes
3237 1209 3438 1264 pueros
3477 1193 3605 1246 illu-

2030 1295 2189 1349 dunt.
2221 1294 2590 1349 Prudentibus
2637 1297 2818 1345 autem
2867 1295 3148 1357 comparat
3182 1302 3278 1341 eos
3327 1299 3357 1338 a
3405 1284 3605 1354 quibus

2031 1387 2244 1458 decepti
2279 1396 2405 1442 sunt
2428 1385 2604 1456 impii,
2628 1386 2834 1455 quique
2857 1399 2982 1438 cum
3010 1397 3119 1436 non
3150 1377 3604 1438 sacriﬁcaverint,

2035 1477 2351 1534 sacriﬁcare
2377 1475 2740 1530 nihilominus
2766 1473 2870 1529 visi
2918 1479 3084 1538 sunt;
3140 1469 3439 1541 prudentes
3485 1465 3608 1535 qui-

2034 1571 2182 1631 dem,
2216 1574 2276 1620 ut
2296 1567 2386 1637 qui
2419 1564 2755 1622 sacriﬁcium
2787 1577 3032 1632 eousque
3073 1558 3392 1613 evitaverint
3427 1575 3441 1611 :
3475 1570 3609 1626 pue-

2035 1678 2128 1718 ros
2162 1670 2363 1724 autem,
2398 1658 2546 1729 quod
2579 1656 2882 1728 perfectum
2911 1669 2976 1709 ac
3009 1653 3224 1707 virilem
3253 1664 3474 1706 sensum
3507 1649 3610 1700 mi-

2035 1755 2183 1809 nime
2207 1751 2504 1815 induerint,
2545 1765 2648 1806 nec
2679 1760 2942 1820 generose
2986 1743 3258 1798 idolorum
3304 1739 3611 1796 cultoribus

352 1875 546 1922 στους,
599 1857 694 1910 καὶ
759 1855 981 1910 ἐκείνων
1049 1855 1326 1909 θυσάντων
1379 1854 1739 1924 ἐνομίσθησαν
1787 1853 1940 1906 αὐτοὶ

2047 1843 2435 1915 repugnarint;
2469 1855 2658 1897 verum
2709 1855 2768 1895 se
2803 1835 3213 1894 sacriﬁeaturos
3267 1839 3396 1888 sunt
3442 1831 3609 1902 pacti,

350 1950 657 2005 τεθυκέναι.
723 1950 849 2012 Τοῖς
881 1949 1161 2013 τοιούτοις,
1223 1949 1407 2021 φησὶν,
1439 1948 1709 2018 ἑξάμηνος
1747 1946 1937 2016 καιρὸς

352 2041 641 2114 ἐξαρκέσει
673 2043 754 2104 είς
807 2041 1114 2112 μετάνοιαν.
1159 2041 1278 2093 Κᾶν
1307 2040 1416 2112 γὰρ
1453 2040 1553 2093 οὐκ
1578 2039 1796 2102 ἔθυσαν,
1822 2038 1936 2090 ἀλλ’

350 2137 430 2190 ὅτι
486 2134 769 2188 συνέθεντο
821 2134 1001 2198 θῦσαι,
1046 2135 1080 2206 ἦ
1143 2136 1224 2188 ὅτι
1263 2135 1482 2206 ἐτέρους
1530 2131 1940 2197 ὐπέϐαλον,καὶ

349 2225 541 2293 ἔδοξαν
574 2226 728 2279 αὐτοὶ
764 2223 944 2290 θῦσαι,
985 2223 1340 2295 ἐλογίσθησαν
1377 2223 1585 2277 δεῖσθαι
1630 2223 1938 2295 μετανοίας,

352 2318 399 2368 εί
425 2314 528 2368 καί
552 2331 694 2368 τισιν
733 2314 913 2367 αὐτῶν
944 2313 1327 2387 συνεχώρησάν
1354 2331 1498 2378 τινες
1532 2312 1640 2366 τῶν
1673 2312 1942 2383 ὁμολογηο

354 2407 589 2461 σάντων.
622 2405 778 2470 Τινὲς
803 2406 911 2482 γὰρ
928 2405 1036 2460 τῶν
1064 2407 1527 2479 μαρτυρησάντων
1548 2406 1642 2458 καὶ
1663 2404 1942 2460 παθόντων

353 2499 503 2570 ὑπὲρ
530 2499 630 2567 τῆς
682 2499 920 2562 πίστεως
961 2498 1346 2578 συνεχώρησαν
1388 2501 1500 2563 τοῖς
1543 2497 1631 2552 διὰ
1683 2497 1942 2569 μεθόδων,

349 2590 427 2654 ὡς
481 2590 716 2662 εἴρηται,
768 2591 842 2662 μὴ
874 2589 1089 2654 θύσασι,
1130 2591 1224 2644 καὶ
1257 2589 1504 2657 ἐδέξαντο
1550 2591 1745 2654 αὐτοὺς
1808 2587 1946 2660 μετὰ

353 2682 470 2741 τῶν
522 2682 750 2748 πιστῶν,
802 2685 884 2735 ὅτι
923 2683 1186 2758 ἐξέφυγον
1217 2683 1572 2755 πολυτρόπως
1598 2683 1659 2736 τὸ
1691 2683 1945 2736 θυσιάσαι

353 2775 475 2837 τοῖς
503 2772 740 2842 δαίμοσι.
770 2771 866 2826 Διά
894 2772 951 2824 δὲ
970 2771 1068 2842 τὴν
1111 2771 1379 2843 ἑξάμηνον
1417 2770 1757 2843 προθεσμίαν
1779 2770 1948 2840 ἐμνή-

358 2866 468 2936 σθη
520 2864 612 2918 τοῦ
677 2864 763 2918 διὰ
813 2864 1052 2936 Γαϐριὴλ
1099 2866 1432 2936 μηνύματος,
1474 2863 1568 2916 τοῦ
1603 2861 1762 2932 ἐντῷ
1805 2861 1948 2932 ἕκτῳ

359 2960 500 3036 μηνλ⁸
556 2959 657 3030 τῆς
713 2957 1024 3029 συλλήψεως
1068 2957 1162 3010 τοῦ
1209 2956 1556 3029 Προδρόμου,
1626 2957 1682 3009 ἐν
1730 2949 1775 3023 ᾧ
1823 2971 1948 3007 συν-

356 3052 576 3124 ελήφθη
631 3055 660 3106 ὁ
710 3050 933 3123 Κύριος.
995 3049 1274 3122 Ἐπιφέρει
1322 3049 1378 3102 δὲ
1421 3049 1514 3102 καὶ
1557 3049 1780 3120 ῥήματα
1806 3047 1948 3100 ἀπο-

363 3143 610 3197 στολικάο

2038 1939 2200 1993 etiam
2219 1939 2262 1992 si
2283 1935 2545 2007 quosdam
2582 1947 2681 2004 pro
2724 1946 2784 1988 se
2814 1927 3192 1993 submiserint,
3215 1925 3487 1988 ethnicos,
3506 1922 3611 1976 hoc

2040 2035 2146 2094 est,
2196 2027 2466 2091 inﬁdeles,
2529 2025 2710 2096 iisque
2758 2020 3223 2081 sacriﬁcantibus,
3269 2017 3371 2088 ipsi
3405 2016 3614 2072 sacriﬁ-

2040 2136 2199 2176 casse
2221 2118 2518 2175 existimati
2557 2125 2707 2175 sunt.
2739 2114 3045 2186 Ejusmodi,
3078 2112 3272 2182 inquit,
3299 2107 3615 2163 hominibus

2042 2219 2308 2267 semestre
2337 2219 2553 2279 tempus
2579 2208 2646 2262 ad
2669 2206 3044 2278 pmnitentiam
3081 2202 3330 2258 suﬁiciet.
3354 2198 3488 2253 Nam
3511 2199 3615 2253 etsi

2042 2303 2267 2357 minime
2295 2301 2684 2366 immolarunt;
2729 2307 2908 2352 tamen
2957 2295 3085 2364 quia
3132 2308 3191 2348 se
3239 2291 3616 2345 immolaturos

2043 2402 2172 2453 sunt
2199 2394 2367 2465 pacti,
2401 2393 2481 2447 vel
2530 2391 2678 2462 quod
2734 2390 2873 2444 alios
2923 2386 3248 2449 submisere,
3281 2383 3496 2456 ipsique
3523 2380 3620 2433 im-

2045 2486 2282 2541 molasse
2337 2491 2466 2539 sunt
2526 2481 2651 2544 visi,
2709 2479 3030 2552 paenitentia
3083 2474 3327 2544 indigere
3387 2467 3620 2540 iudicati

2046 2585 2177 2635 sunt
2213 2596 2227 2632 ε
2263 2577 2369 2632 etsi
2401 2575 2730 2647 quibusdam
2765 2588 2832 2628 ex
2874 2571 3010 2642 ipsis
3059 2565 3310 2622 nonnulli
3337 2562 3622 2620 confesso-

2047 2687 2168 2727 rum
2197 2673 2476 2742 ignovere.
2507 2667 2710 2723 Eorum
2742 2680 2935 2736 nempe
2974 2660 3198 2736 quidam
3247 2659 3342 2728 qui
3393 2671 3453 2711 se
3497 2652 3621 2707 ﬁdei

2047 2775 2216 2821 testes
2249 2765 2617 2820 exhibuerunt
2663 2775 2727 2814 ac
2760 2773 2858 2830 pro
2895 2757 3000 2811 ﬁde
3045 2760 3173 2810 sunt
3204 2752 3374 2820 passi,
3429 2748 3497 2803 iis
3527 2747 3620 2816 qui

2049 2857 2284 2912 artiﬁcio
2314 2855 2578 2928 quodam,
2602 2859 2663 2907 ut
2698 2852 2904 2906 dictum
2935 2854 3039 2911 est,
3070 2861 3181 2900 non
3211 2840 3619 2900 sacriﬁcarunt,

2048 2949 2334 3020 ignovere,
2366 2961 2430 3000 ac
2460 2945 2585 2998 illos
2618 2956 2744 2997 eum
2796 2938 3048 2994 ﬁdelibus
3078 2934 3146 2989 ad
3179 2930 3622 2987 communionem

2052 3040 2345 3102 admisere,
2403 3034 2552 3106 quod
2601 3048 2670 3088 ne
2721 3028 3062 3085 daemonibus
3116 3023 3460 3080 immolarent
3509 3027 3625 3073 stu-

2053 3135 2207 3202 diose
2228 3133 2560 3188 vitaverunt.
2591 3125 2762 3179 Porro
2784 3121 2950 3192 hujus
2982 3117 3261 3175 semestris
3291 3111 3510 3170 termini
3531 3125 3626 3164 oc-

361 3235 614 3298 casione,
651 3233 1101 3289 Annuntiationis
1135 3249 1233 3303 per
1259 3232 1568 3288 Gabrielem
1628 3231 1785 3286 facta:
1828 3227 2096 3291 meminit,
2134 3231 2292 3281 sexto
2322 3235 2510 3278 mense
2538 3213 2917 3284 coneeptionis
2947 3207 3332 3271 Praecursoris,
3362 3219 3470 3274 quo
3491 3217 3625 3257 con-

363 3336 562 3402 ceptus
590 3339 673 3385 est
695 3328 978 3384 Dominus.
1013 3328 1151 3382 Tum
1190 3327 1489 3397 apostolica
1514 3327 1678 3382 verba
1702 3323 2020 3396 subjungit:

519 3487 524 3494 _
981 3420 1218 3472 ΚΑΝΩΝ
1258 3421 1349 3485 ς’.

448 3531 470 3564 ‹
503 3513 631 3574 Τοῖς
674 3510 731 3563 δὲ
760 3511 978 3576 δούλους
1021 3511 1380 3584 Χριστιανοὺς
1419 3508 1534 3562 ἀνθ’
1571 3508 1780 3563 ἑαυτῶν
1825 3509 1958 3561 ὑπο-

374 3625 396 3664 σ
433 3602 777 3673 ϐεϐληκόσιν,
815 3604 865 3656 οἱ
901 3603 997 3674 μὲν
1018 3601 1215 3663 δοῦλοι,
1250 3601 1326 3665 ὡς
1350 3601 1416 3654 ἂν
1440 3599 1743 3671 ὑποχείριοι
1777 3599 1950 3665 ὅντες,

376 3718 397 3752 ι
435 3699 530 3752 καὶ
548 3698 748 3769 τρόπον
763 3694 884 3751 τινὰ
902 3697 994 3754 καὶ
1015 3696 1168 3756 αὐτοὶ
1183 3694 1606 3764 φυλακισθέντες
1629 3695 1732 3748 ὑπὸ
1748 3693 1856 3747 τῶν
1877 3693 1957 3748 δε-

377 3813 395 3844 (
427 3790 662 3854 σποτῶν,
677 3788 1166 3859 καταπειληθέντες
1181 3788 1451 3841 τε¹⁸⁶“ύπ’
1466 3787 1643 3840 αὐτῶν
1659 3788 1754 3840 καὶ
1767 3786 1853 3840 διὰ
1869 3786 1958 3840 τὸν

378 3905 397 3937 ι
439 3884 602 3953 φόϐον
626 3882 804 3942 αὐτῶν
824 3883 904 3945 εἰς
924 3879 1080 3933 τοῦτο
1104 3879 1418 3952 ἐληλυθότες
1442 3880 1537 3938 καὶ
1555 3879 1956 3950 όλισθήσαντες,

377 3995 395 4027 ι
434 3977 494 4032 ἐν
529 3974 665 4005 ¹¹”“
695 3970 926 4042 ἐνιαυτῷ
953 3971 1021 4024 τὰ
1053 3970 1152 4040 τῆς
1205 3970 1489 4041 μετανοίας
1521 3967 1660 4048 ἔργα
1704 3967 1958 4030 δείξουσι,

378 4085 398 4117 ι
443 4065 805 4140 μανθάνοντες
825 4063 920 4117 τοῦ
935 4061 1145 4126 λοιποῦ,
1165 4062 1236 4125 ὡς
1260 4060 1434 4119 δοῦλοι
1451 4060 1688 4133 Χριστοῦ
1711 4063 1881 4113 ποιεῖν
1899 4061 1960 4112 τὸ

379 4181 399 4212 ι
442 4159 658 4229 θέλημα
692 4155 787 4217 τοῦ
821 4154 1057 4227 Χριστοῦ
1089 4153 1270 4218 ""“',
1305 4155 1400 4209 καὶ
1445 4153 1726 4223 φοϐεῖσθαι
1761 4153 1956 4206 αὐτόν·

378 4269 398 4302 ι
437 4247 726 4311 ἀκούοντες
765 4247 1018 4317 μάλιστα,
1049 4246 1128 4298 ὅτι
1161 4243 1418 4308 ἕκαστος
1443 4241 1553 4296 ἐάν
1600 4241 1662 4313 [1.
1708 4241 1737 4294 ὃ
1770 4240 1859 4314 ἄν]
1906 4258 1962 4293 τι

378 4361 398 4394 ι
437 4340 667 4416 ποιήσῃ
698 4337 942 4406 ἀγαθὸν,
978 4336 1152 4395 τοῦτο
1179 4335 1484 4404 κομίσεται
1521 4333 1679 4402 παρὰ
1718 4335 1959 4402 Κυρίου,

379 4452 399 4483 ς
440 4432 564 4485 εἴτε
595 4429 815 4494 δοῦλος
841 4428 959 4481 εἴτε
990 4427 1304 4494 ἐλεύθερός
1328 4427 1462 4479 ἐστι
1505 4427 1569 4485 εδ.
1609 4445 1627 4476 ι

447 4523 647 4576 ΒΑΛΣ.
677 4521 816 4583 Τοὺς
858 4519 1000 4573 κατὰ
1029 4520 1275 4578 κέλευσιν
1324 4521 1417 4572 καὶ
1458 4518 1686 4589 ἀπειλὴν
1729 4517 1837 4572 τῶν
1878 4518 1964 4571 δε-

375 4613 597 4678 σποτῶν
645 4611 910 4675 θύσαντας
952 4611 1172 4674 δούλους
1217 4612 1309 4664 ἐπὶ
1362 4610 1604 4664 ἐνιαυτὸν
1657 4611 1887 4681 ἐπιτιμᾷ
1935 4611 1964 4662 ὁ

375 4707 572 4785 Πατὴρ
606 4699 794 4769 οὗτος·
829 4705 905 4768 ὡς
947 4705 1042 4774 μὲν
1070 4703 1178 4776 γὰρ
1211 4704 1476 4757 πεισθεῖσι
1524 4707 1639 4767 τοῖς
1677 4703 1962 4766 δεσπόταις

2665 3397 2898 3455 CANON
2922 3396 3015 3453 Vl.

2135 3522 2154 3556 ι
2192 3501 2231 3558 Ii
2255 3508 2436 3556 autem
2470 3498 2564 3569 qui
2611 3509 2800 3551 servos
2826 3488 3170 3548 Christianos
3221 3498 3321 3554 pro
3343 3497 3403 3538 se
3429 3480 3631 3537 submi-

2065 3617 2084 3650 (
2118 3601 2328 3660 serunt,
2360 3591 2503 3648 servi
2556 3587 2802 3660 quidem,
2861 3592 2921 3640 ut
2951 3581 3044 3652 qui
3068 3579 3172 3650 ipsi
3213 3577 3315 3632 sub
3346 3589 3509 3629 manu
3542 3589 3632 3628 es-

2065 3710 2083 3742 ι
2117 3696 2258 3750 sent,
2287 3694 2342 3740 et
2371 3677 2774 3753 quodammodo
2798 3675 2902 3746 ipsi
2937 3686 3158 3743 quoque
3186 3671 3241 3723 in
3285 3666 3631 3722 dominorum

2065 3802 2084 3834 ι
2124 3776 2376 3835 custodia
2397 3779 2603 3836 essent,
2635 3769 2907 3838 minisque
2939 3765 3011 3819 ab
3046 3763 3182 3833 ipsis
3203 3759 3400 3820 territi,
3423 3764 3477 3812 et
3507 3770 3634 3826 pro-

2067 3890 2086 3924 ‹
2121 3882 2241 3942 pter
2266 3880 2459 3924 eorum
2510 3869 2716 3918 metum
2769 3874 2833 3915 eo
2879 3854 3147 3926 compulsi
3183 3859 3237 3908 et
3288 3849 3448 3921 lapsi,
3489 3861 3634 3900 anno

2067 3983 2086 4016 ‹
2121 3941 2286 4033 opera
2316 3955 2652 4030 paenitentiae
2694 3951 3002 4014 ostendent,
3033 3958 3087 4003 et
3129 3946 3388 4015 deinceps
3419 3941 3635 3997 discen-

2067 4076 2086 4108 ε
2118 4065 2222 4122 tes,
2246 4059 2306 4107 ut
2338 4049 2480 4106 servi
2504 4035 2734 4109 Christi,
2768 4043 2947 4099 facere
2975 4039 3182 4096 Christi
3218 4038 3554 4092 voluntatem
3578 4038 3634 4087 et

2069 4165 2088 4200 ι
2123 4160 2247 4201 eum
2283 4143 2475 4197 timere
2509 4157 2521 4192 :
2553 4137 2838 4192 audientes
2895 4132 3151 4193 maxime,
3174 4127 3317 4198 quod
3354 4123 3637 4192 unusquis-

2069 4257 2087 4290 ι
2129 4252 2248 4306 que,
2291 4232 2494 4306 siquid
2545 4228 2664 4282 boni
2698 4227 2902 4295 fecerit,
2953 4223 3050 4276 hoc
3105 4221 3235 4295 feret
3283 4234 3318 4271 α
3385 4215 3633 4278 Domino,

2069 4347 2089 4380 ι
2124 4327 2229 4383 sive
2250 4339 2428 4378 servus
2454 4321 2561 4374 sive
2593 4318 2724 4372 liber
2756 4318 2827 4370 sit
2852 4327 2902 4370 α.
2937 4332 2958 4367 ι

2135 4506 2297 4560 ΒΑιε.
2327 4501 2526 4558 Servos
2548 4498 2639 4569 qui
2675 4496 3017 4552 dominorum
3049 4492 3208 4562 jussu
3237 4504 3300 4544 ac
3353 4487 3518 4542 minis
3542 4500 3636 4542 sa-

2065 4601 2404 4664 criﬁcarunt,
2430 4608 2574 4649 anno
2598 4589 2755 4664 punit
2783 4589 2872 4643 hic
2900 4585 3063 4640 Pater
3098 4602 3112 4637 :
3150 4589 3208 4636 ut
3245 4579 3338 4651 qui
3363 4579 3508 4635 enim
3533 4577 3637 4632 do-

2065 4693 2216 4748 mlno
2244 4686 2549 4765 paruerint,
2582 4681 2838 4753 ignoscit,
2885 4689 2939 4734 et
2983 4691 3148 4748 grave
3171 4674 3500 4745 supplicium
3529 4687 3639 4725 non

524 4763 555 4785 It
714 4763 756 4769 --
885 4763 900 4768 ν
947 4763 958 4774 ι
1083 4763 1094 4772 -
1147 4763 1159 4776 ι
1620 4763 1631 4767 -
1944 4763 1946 4765 .

376 4799 778 4868 συγγνωμονεῖ,
801 4796 895 4850 καὶ
926 4795 1145 4866 βαρεῖαν
1182 4796 1283 4848 οὐκ
1303 4796 1498 4863 ἐπάγει
1522 4795 1739 4848 κόλασιν
1760 4811 1773 4824 ⁸
1804 4795 1879 4857 ὡς
1907 4793 1946 4847 δὲ

2069 4763 2262 4854 inﬁigit
2293 4801 2308 4837 :
2342 4788 2402 4836 ut
2435 4779 2526 4847 qui
2559 4783 2740 4830 autem
2785 4772 2898 4828 sint
2919 4772 3092 4840 magis
3126 4765 3334 4821 Christi
3387 4763 3552 4825 servi,
3585 4770 3640 4815 et

375 4891 587 4953 δούλοις
603 4888 836 4963 Χριστοῦ
858 4887 1055 4958 μᾶλλον
1074 4883 1211 4952 οὖσι,
1230 4888 1479 4941 κάκεῖνον
1501 4887 1662 4940 πλέον
1681 4885 1958 4956 φοϐεῖσθαι

376 4982 676 5053 ὀφείλουσι,
693 4981 927 5054 μετρίως
942 4981 1086 5032 ἐπιτι
1094 4980 1188 5050 μᾷ.
1206 4981 1499 5045 ’Ἕκαστος
1514 4979 1645 5048 γὰρ,
1665 4978 1798 5048 φησὶ
1819 4977 1960 5031 κατὰ

377 5077 474 5131 τὸν
498 5075 669 5147 μέγαν
696 5073 927 5137 Παῦλον,
963 5073 994 5127 ὃ
1019 5072 1129 5125 ἐὰν
1153 5071 1378 5146 ποιήσῃ
1404 5071 1647 5135 ἀγαθὸν,
1679 5069 1962 5138 κομιεῖται

379 5169 560 5228 τοῦτο
589 5171 748 5236 παρά
781 5167 1022 5234 Κυρίου,
1049 5165 1169 5218 εἴτε
1203 5163 1423 5230 δοῦλος
1458 5164 1579 5217 εἴτε
1625 5163 1960 5236 ἐλεύθερος.

457 5233 702 5314 ΖΩΝΑῙί.
742 5233 896 5323 Τινὲς
928 5258 1146 5321 δούλους
1177 5258 1410 5320 οἰκείους
1440 5233 1818 5325 ,Χριστιανοὺς⁸
1846 5251 1964 5307 ἀνθ’

382 5351 594 5408 ἑαυτῶν
620 5354 714 5406 καὶ
741 5352 981 5406 ἀκόντων
999 5351 1063 5424 [1⁵.
1078 5348 1330 5422 ἄκοντας]
1345 5348 1613 5404 ὑπέϐαλον
1639 5346 1805 5401 θύειν.
1830 5345 1968 5415 Τοὺς

457 5519 486 5547 ι
516 5506 706 5578 Ephes.
731 5523 808 5573 v1,
837 5507 891 5563 8.

1731 5629 1966 5689 VARIIE

499 5807 566 5840 η’
600 5807 962 5873 ἐκκλίνοντας.
1042 5808 1129 5840 ί⁸¹¹
1159 5807 1192 5875 ἢ
1221 5807 1314 5862 καὶ
1345 5805 1397 5863 εἴ
1417 5819 1576 5870 τινες.
1654 5799 1761 5838 ⁸³“·⁴
1790 5819 1847 5858 τε
1876 5815 1985 5858 om.

2067 4893 2192 4933 eum
2215 4876 2417 4932 debent
2441 4871 2617 4941 magis
2644 4877 2909 4929 metuere,
2933 4862 3262 4919 mediocrem
3292 4870 3509 4929 poenam
3544 4855 3642 4908 im-

2060 4969 2232 5041 ponit.
2271 4965 2634 5034 Unusquisque
2647 4960 2808 5022 enim,
2832 4955 3033 5027 inquit,
3062 4952 3362 5010 secundum
3385 4961 3639 5018 magnum

2064 5060 2316 5122 Paulum,
2345 5055 2480 5128 quod
2508 5054 2685 5122 fecerit
2713 5051 2905 5105 bonum
2931 5065 2966 5103 a
2994 5047 3220 5101 Domino
3272 5042 3504 5110 recipiet,
3535 5041 3642 5115 sive

2067 5170 2244 5210 servus
2262 5153 2366 5206 sive
2392 5149 2542 5204 liber.

2140 5246 2348 5300 Zama.
2373 5239 2633 5298 Nonnulli
2667 5250 2857 5294 servos
2890 5247 3022 5290 suos
3061 5227 3431 5290 Christianos,
3461 5238 3562 5294 pro
3584 5238 3644 5278 se

2071 5340 2244 5414 ipsis,
2298 5337 2460 5393 etiam
2510 5332 2709 5388 invitos
2755 5328 2825 5383 ad
2882 5321 3272 5382 immolandum
3317 5317 3644 5375 submisere.

2018 5624 2423 5686 LECTIONES.

2089 5798 2220 5831 μη..
2251 5797 2310 5850 ἐν
2341 5808 2451 5852 om.
2532 5791 2686 5824 mm-
2717 5786 2872 5843 θεοῦ,
2949 5783 2993 5819 ιθ
3023 5782 3175 5841 deest
3202 5779 3338 5837 ἐστί.
