4132 6414
474 345 585 403 ιτς)

1501 343 1561 402 S.
1601 344 1806 401 PETRI
1838 343 2305 402 ALEXANDle
2343 340 2655 399 EPISCOPI

476 435 655 493 Hasce
679 434 847 508 igitur
880 449 1093 500 servos,
1116 436 1373 504 quamvis
1427 436 1774 494 domuos-um
1801 436 2054 509 iussione

2161 433 2396 498 δούλους,
2435 434 2484 487 εἰ
2511 436 2606 489 καὶ
2636 432 2882 488 κελεύσει
2916 429 3023 485 τῶν
3050 427 3320 483 δεσποτῶν
3359 425 3578 492 ἔθυσαν,
3606 428 3726 497 βια-

473 528 676 593 coacti,
703 542 812 583 non
849 534 1031 582 autem
1091 541 1192 583 sua
1236 527 1537 593 voluntate,
1599 529 2051 595 sacriﬁcaverint,

474 634 675 676 annum
703 618 758 674 in
790 619 1110 689 pmnitentia
1150 618 1348 688 degere
1380 619 1467 675 hic
1513 618 1675 676 Pater
1698 619 1852 691 jubet
1885 639 1901 676 :
1933 635 2050 677 me-

473 709 809 779 minisseque
842 722 904 762 se
937 721 1061 762 cum
1087 708 1198 764 sint
1224 707 1429 773 ﬁdeles,
1452 723 1576 766 esse
1603 708 1814 765 Christi
1840 724 2052 775 servos,

474 810 715 867 eumque
746 796 924 866 magis
949 796 1141 852 timere
1162 804 1416 866 oportere
1453 815 1468 852 :
1522 813 1587 852 ac
1616 814 2052 870 unumquemque,

475 894 534 941 ut
563 902 796 959 magnus
823 887 902 941 ait
932 886 1249 958 Apostolus,
1285 890 1390 946 sive
1413 906 1644 958 seruum,
1672 890 1777 946 sive
1807 890 2052 959 liberum,

472 994 590 1050 qua
621 979 803 1050 fecerit
828 989 1242 1051 reportaturum.

1079 1070 1310 1129 CANON
1338 1071 1451 1129 Vll.

553 1179 575 1213 ι
615 1159 798 1217 Liberi
833 1170 1019 1218 autem
1061 1164 1238 1220 tribus
1269 1165 1435 1222 annis
1484 1164 1539 1219 in
1589 1166 1910 1237 poenitentia
1930 1183 2056 1224 exa-

483 1269 503 1303 ι
548 1250 907 1305 minabuntur
937 1292 953 1319 ,
1009 1258 1123 1306 tum
1186 1256 1334 1324 quod
1381 1253 1885 1318 dissimulaverint,
1937 1264 2055 1314 tum

484 1360 503 1393 ι
541 1341 687 1413 quod
716 1341 995 1400 eﬁ‘ecerint
1028 1350 1087 1397 ut
1121 1346 1373 1401 conservi
1437 1348 1830 1412 sacriﬁcarent,
1872 1357 1936 1403 ut
1960 1349 2055 1419 qui

483 1452 504 1486 ι
538 1434 800 1505 Apostolo
830 1449 942 1490 non
978 1435 1312 1502 obetlierint,
1343 1438 1437 1509 qui
1477 1438 1592 1493 vult
1622 1450 1650 1480 ι
1691 1438 1931 1495 dominos
1962 1457 2055 1495 ea-

484 1545 504 1578 ι
545 1524 662 1582 dem
689 1526 859 1595 facere
881 1545 999 1600 quae
1017 1532 1175 1595 servi,
1214 1533 1536 1587 remittentes
1561 1534 1756 1589 minas.
1796 1532 2053 1602 Scientes,

485 1637 505 1670 ι
546 1619 743 1689 inquit,
771 1619 911 1690 quod
935 1630 1113 1676 noster
1137 1639 1341 1694 quoque
1364 1634 1415 1679 et
1432 1625 1668 1694 ipsorum
1692 1624 1951 1681 Dominus
1975 1635 2055 1682 est

484 1723 503 1760 ι
540 1708 598 1761 in
630 1708 798 1773 catis,
829 1718 880 1764 et
904 1726 1010 1765 non
1040 1720 1119 1765 est
1154 1711 1296 1782 apud
1355 1729 1473 1768 eum
1506 1729 1854 1784 personan
1900 1732 2054 1771 acce-

2155 522 2407 589 σθέντες,
2454 525 2567 578 ἀλλ’
2607 524 2709 579 οὐκ
2750 521 2811 589 ἐξ
2850 520 3065 591 οἰκείου,
3098 518 3431 590 θελήματος,
3481 517 3726 571 ἐνιαυτὸν

2153 616 2211 669 ἐν
2232 612 2489 686 μετανοίᾳ
2514 611 2965 684 διάγεινΜΙατὴρ
2990 605 3143 672 οὗτος
3169 606 3476 679 διορίζεται,
3503 606 3599 660 καὶ
3623 624 3727 677 μα·-

2153 705 2287 771 θεῖν,
2313 707 2414 771 ὅτι,
2448 707 2631 760 πιστοὶ
2659 705 2831 769 ὄντες,
2859 701 3095 776 Χριστοῦ
3117 699 3291 756 δοῦλοί
3324 701 3453 765 εἰσι,
3478 701 3728 754 κάκεῖνον

2157 797 2358 868 μᾶλλον
2387 796 2670 868 φοϐεῖσθαι
2703 795 3005 866 ὀφείλουσι·
3035 794 3130 848 καὶ
3168 793 3250 846 ὅτι
3288 790 3561 858 ἕκαστος,
3589 793 3729 846 κατὰ

2151 887 2243 941 τὸν
2267 888 2438 959 μέγαν
2480 888 2821 950 Ἀπόστολον,
2839 886 2870 940 ὃ
2899 886 3007 940 ἐὰν
3029 883 3253 952 ποιήσῃ
3279 882 3582 953 κομιεῖται,
3610 883 3729 937 εἴτε

2153 978 2374 1048 δοῦλος
2406 981 2527 1036 οἵτε
2557 981 2892 1047 ἐλεύθερος.

2764 1070 3003 1126 ΚΑΝΩΝ
3042 1070 3114 1123 Z'.

2230 1179 2248 1213 ι
2287 1161 2349 1214 Οἰ
2389 1160 2446 1215 δὲ
2475 1160 2748 1234 ἐλεύθεροι
2783 1162 2842 1215 ἐν
2866 1160 3041 1232 τρισὶν
3074 1158 3250 1211 ἔτεσιν
3282 1153 3731 1227 ἐξετασθήσονται

2159 1270 2179 1304 ι
2218 1253 2279 1307 ἐν
2303 1252 2581 1326 μετανοίᾳ,
2604 1255 2698 1308 καὶ
2718 1254 2794 1318 ὡς
2814 1252 3240 1324 ὑποκρινάμενοι
3259 1249 3345 1314 ¹⁶⁶,
3365 1249 3459 1302 καὶ
3471 1246 3546 1312 ὡς
3564 1265 3734 1300 κατα-

2160 1360 2180 1394 ι
2213 1343 2586 1412 ναγκάσαντες
2609 1345 2736 1408 τοὺς
2763 1342 3084 1415 ὁμοδούλους
3107 1340 3286 1404 θῦσαι,
3312 1339 3408 1395 ἆτε
3432 1339 3519 1370 η’·
3544 1338 3608 1410 δή
3631 1356 3735 1390 πω-

2160 1454 2178 1487 ι
2222 1436 2586 1507 ρακούσαντες
2630 1435 2724 1490 τοῦ
2780 1434 3101 1488 Ἀποστόλου
3155 1432 3227 1487 τὰ
3284 1433 3436 1485 αὐτὰ
3484 1429 3731 1491 θέλοντος

2159 1547 2179 1581 ι
2215 1527 2408 1584 ποιεῖν
2451 1527 2593 1594 τοὺς
2637 1525 2937 1592 δεσπότας
2987 1523 3111 1590 τοῖς
3151 1521 3412 1587 δούλοις,
3457 1520 3733 1587 ἀνιέντας

2160 1638 2180 1674 ι
2220 1622 2332 1689 τὴν
2362 1617 2656 1685 ἀπειλήν·
2704 1617 2931 1683 εἰδότες
2970 1616 3032 1681 ¹⁷,
3077 1614 3262 1684 φησὶν,
3308 1613 3396 1666 ὅτι
3432 1611 3534 1665 καί
3565 1609 3737 1682 ἡμῶν

2160 1729 2179 1760 ι
2221 1709 2320 1763 καί
2350 1707 2548 1763 αὐτῶν
2578 1708 2643 1739 ¹⁷θ
2664 1710 2697 1762 ό
2719 1707 2934 1775 Κύριός
2957 1705 3127 1758 ἐστιν
3151 1703 3194 1734 ⁸⁸
3218 1703 3286 1756 ἐν
3311 1700 3607 1770 οὐρανοῖς,
3635 1701 3731 1754 καί

3608 336 3717 393 680
3818 402 3823 405 _

484 1816 504 1850 ι
537 1799 669 1869 ptio.
700 1798 758 1855 Si
784 1816 955 1857 unum
978 1812 1162 1858 autem
1221 1820 1414 1861 omnes
1439 1806 1708 1863 habemus
1737 1807 2052 1875 Dominum,

2161 1821 2180 1854 ι
2219 1801 2703 1871 προσωποληψία
2734 1798 2869 1868 παρ’
2901 1794 3061 1863 αὐτῷ
3089 1798 3199 1850 οὐκ
3230 1796 3419 1850 ἔστιν.
3458 1794 3521 1847 Εἰ
3558 1794 3613 1847 δὲ
3638 1793 3737 1845 ἔνα

484 1906 504 1942 ι
539 1890 679 1959 apud
727 1907 881 1963 quens
909 1910 1014 1948 non
1063 1903 1143 1949 est
1180 1911 1528 1965 personarum
1560 1899 1792 1967 acceptio
1825 1899 1886 1967 ιδ;
1918 1915 2056 1971 quo-

2163 1917 2180 1949 ι
2224 1896 2424 1969 Κύριον
2474 1894 2686 1966 ἔχωμεν
2716 1893 2759 1925 ⁸³
2789 1894 2838 1947 οἱ
2873 1892 3093 1955 πάντες,
3138 1889 3735 1956 ἀπροσωπόληπτον,

484 1997 504 2032 ι
542 1982 690 2037 niam
712 1993 761 2039 et
792 1985 994 2050 omnia,
1026 1996 1077 2041 et
1105 1988 1160 2042 in
1185 1987 1426 2043 omnibus
1450 1998 1529 2045 est
1551 1989 1817 2058 Christus,
1841 1993 1897 2048 in
1927 1992 2058 2049 Bar-

2164 2009 2181 2041 ι
2222 1990 2342 2042 ἐπεὶ
2370 1988 2467 2042 καί
2503 1985 2701 2040 πάντα
2738 1984 2838 2039 καὶ
2890 1983 2961 2037 ἐν
2986 1981 3177 2036 πᾶσιν
3203 1980 3373 2033 ἐστιν
3395 1981 3428 2033 ό
3460 1978 3734 2047 Χριστὸς,

486 2090 506 2126 ι
547 2072 693 2130 boris
730 2084 781 2131 et
810 2075 1045 2150 Scythis,
1077 2080 1240 2135 servis
1273 2091 1323 2135 et
1354 2080 1530 2137 liberis
1570 2094 1592 2122 ο
1629 2103 1644 2139 :
1694 2083 1895 2141 debent
1920 2101 2056 2141 cou-

2163 2100 2182 2132 ι
2219 2081 2290 2135 ἐν
2342 2098 2408 2135 τε
2449 2076 2779 2147 βαρϐάροις
2830 2075 2928 2129 καί
2987 2075 3278 2138 Σκύθαις,
3334 2070 3577 2137 δούλοις
3638 2071 3734 2125 καὶ

487 2183 509 2218 ι
549 2166 796 2225 siderare
850 2170 997 2241 quod
1027 2170 1299 2237 fecerunt.
1328 2173 1573 2231 volentes
1625 2191 1783 2232 suam
1809 2177 2053 2249 ipsorum

2161 2190 2181 2225 ι
2220 2169 2589 2241 ἐλευθέροις,
2631 2171 2854 2222 σκοπεῖν
2904 2165 3207 2237 ὀφείλουσιν
3237 2164 3265 2216 ὃ
3312 2163 3737 2234 κατειργάσαντο

486 2278 505 2310 ι
544 2262 786 2317 animam
837 2276 1093 2334 servare;
1128 2267 1222 2337 qui
1279 2282 1576 2326 conservos
1614 2281 1836 2328 nostros
1873 2280 2056 2330 traxe-

488 2368 511 2404 ι
540 2361 670 2409 runt
690 2354 760 2409 ad
789 2355 1285 2428 idololatriam,qui
1310 2366 1562 2429 poterant
1583 2372 1639 2417 et
1660 2362 1763 2433 ipsi
1794 2363 2051 2436 eﬁ‘ugerc.

488 2459 508 2492 ι
538 2442 586 2498 si
612 2442 705 2513 jus
734 2451 789 2499 et
812 2445 1178 2516 mqualitatem
1202 2447 1338 2518 ipsis
1357 2448 1720 2519 praebuissent
1760 2456 1823 2506 ut
1858 2466 2055 2508 rursus

486 2550 507 2585 ι
542 2533 676 2590 dicit
695 2534 1011 2607 Apostolus.
1050 2556 1069 2589 s

552 2706 715 2765 BALS.
762 2706 979 2769 Liberis
1010 2719 1194 2768 autem
1227 2729 1324 2770 seu
1367 2714 1604 2773 dominis
1643 2733 1928 2774 servorum
1961 2733 2053 2776 sa-

482 2800 734 2856 criﬁcare
756 2813 1098 2869 coactorum,
1131 2806 1356 2862 triennii
1378 2822 1596 2879 ptenam
1625 2809 1883 2880 injungit,
1908 2811 2055 2882 quod

483 2899 538 2947 et
568 2892 881 2950 sacriﬁcare
930 2895 1282 2966 simularunt,
1337 2909 1390 2956 et
1426 2902 1650 2956 omnino
1683 2917 1926 2958 annuere
1953 2903 2055 2959 visi

485 2991 638 3047 sunt,
673 2993 729 3041 et
776 2987 923 3058 quod
956 3004 1251 3048 conservos
1281 2992 1594 3049 sacriﬁcare
1640 3002 1960 3065 coegerunt,
2001 3004 2058 3053 et

486 3074 636 3146 quod
664 3075 929 3147 Apostolo
952 3097 1063 3137 non
1108 3095 1408 3154 paruerunt
1430 3083 1647 3154 jubenti
1690 3087 1854 3142 servis
1884 3089 2055 3144 minus

485 3168 782 3235 remittere;
813 3181 1003 3244 utpote
1034 3190 1159 3230 cum
1190 3177 1296 3248 ipsi
1325 3192 1543 3248 quoque
1571 3177 1780 3233 domini
1819 3179 1914 3236 Dei
1942 3196 2060 3237 ser-

486 3257 538 3311 vi
562 3258 694 3323 sint,
729 3269 784 3315 et
816 3260 1144 3319 famulorum
1178 3266 1451 3321 conservi.
1486 3265 1665 3337 Atque
1694 3267 1798 3338 ipsi
1839 3268 2059 3339 quidem

483 3345 813 3406 festinarunt
842 3368 998 3409 suam
1021 3371 1240 3414 servare
1272 3357 1530 3421 animam,
1559 3373 1856 3415 conservos
1877 3368 2059 3417 autem

484 3460 615 3503 suos
644 3444 715 3503 ad
732 3446 1097 3506 idololatriam
1110 3454 1623 3524 compulerunt,qui
1653 3462 1906 3526 poterant
1925 3455 2064 3519 eﬁ‘u-

481 3551 627 3611 gere.

554 3628 760 3686 Zomn.
791 3629 1007 3689 Liberis
1029 3644 1229 3700 autem,
1260 3634 1367 3691 hoc
1401 3645 1486 3692 est
1511 3636 1748 3694 dominis
1778 3654 2061 3696 servorum

486 3722 584 3792 qui
617 3723 932 3780 sacriﬁcare
965 3734 1096 3782 sunt
1144 3727 1345 3792 coacti,
1376 3728 1601 3784 triennii
1626 3744 1843 3801 poenam
1877 3732 2065 3802 injun-

483 3812 563 3885 git
595 3831 609 3867 :
645 3820 763 3868 tum
795 3815 926 3885 quia
984 3816 1296 3873 sacriﬁcare
1341 3834 1402 3876 se
1444 3821 1796 3887 simularunt,
1833 3837 1898 3878 ac
1935 3836 2062 3878 suc-

484 3906 745 3962 cumbere
796 3907 1022 3964 omnino
1054 3908 1155 3965 visi
1204 3918 1379 3967 sunt:
1415 3919 1530 3966 tum
1588 3914 1718 3984 quia
1763 3930 2062 3971 conservos

483 4006 780 4068 coegerunt
802 4007 862 4055 ut
891 4000 1263 4071 immolarent;
1290 4019 1391 4060 nec
1450 4005 1894 4076 obtemperarunt
1923 4008 2066 4078 Apo-

485 4090 627 4144 stolo
646 4089 861 4160 jubenti
891 4094 1059 4149 servis
1106 4096 1278 4152 minas
1302 4098 1599 4161 remittere;
1631 4112 1757 4153 cum
1792 4099 1896 4168 ipsi
1928 4115 2066 4169 quo-

489 4197 597 4252 que
614 4182 823 4240 domini
876 4187 989 4242 sint
1015 4186 1108 4244 Dei
1132 4189 1296 4256 servi,
1331 4198 1386 4245 et
1416 4188 1745 4245 famulorum
1784 4192 2060 4250 consenvi.

485 4273 569 4328 Ac
592 4274 694 4345 ipsi
726 4276 946 4348 quidem
986 4279 1317 4337 festinarunt
1366 4297 1522 4338 suam
1555 4297 1777 4339 servare
1798 4281 2060 4347 animam,

484 4378 780 4423 conservos
802 4381 1007 4434 autem,
1053 4371 1147 4442 qui
1170 4370 1408 4445 effugere
1430 4380 1681 4444 poterant
1728 4371 1798 4427 ad
1830 4373 2061 4429 idolola-

486 4456 647 4529 triam
680 4460 1085 4532 compulerunt.

1079 4550 1307 4608 CANON
1345 4552 1483 4609 VIII.

566 4659 584 4692 ι
624 4641 696 4695 iis
720 4649 900 4696 autem
925 4641 1017 4713 qui
1042 4642 1239 4714 proditi
1272 4652 1419 4712 sunt,
1449 4653 1503 4702 et
1524 4644 1865 4711 exciderunt.
1893 4650 1986 4708 qui
2013 4659 2067 4706 et

490 4753 510 4787 ι
547 4734 648 4806 ipsi
673 4734 742 4792 ad
783 4744 1057 4792 certamen
1088 4747 1460 4804 accesserunt,
1489 4754 1549 4795 se
1579 4755 1701 4795 esse
1726 4738 2067 4800 Christianos

492 4845 511 4879 ι
547 4827 889 4892 conﬁtentes,
907 4836 963 4883 et
984 4827 1038 4883 in
1062 4829 1362 4885 custodiam
1386 4845 1511 4885 cum
1535 4832 1819 4889 tormentis
1834 4834 2062 4905 conjecti

492 4938 511 4971 ι
541 4928 704 4976 sunt:
746 4935 963 4990 aequum
1003 4929 1090 4977 est
1125 4922 1179 4977 in
1211 4924 1572 4982 exsultatione
1600 4926 1784 4984 cordis
1809 4929 1950 4986 vires
1983 4930 2061 4987 si-

491 5031 512 5066 ι
543 5013 656 5069 mul
678 5014 898 5081 addere,
926 5024 982 5072 et
1001 5015 1082 5073 eis
1105 5017 1161 5071 in
1189 5018 1445 5075 omnibus
1468 5022 1888 5089 communicare,
1921 5035 1976 5081 et
2006 5027 2060 5081 in

496 5121 514 5153 ι
544 5103 908 5170 orationibus,
942 5118 996 5161 et
1044 5105 1099 5160 in
1130 5107 1540 5178 participatione
1576 5112 1822 5181 corporis
1855 5123 1909 5168 et
1936 5130 2063 5169 san«

496 5212 514 5246 ι
545 5194 728 5264 guinis
776 5194 977 5251 Clu-isti
1005 5236 1020 5260 ,
1072 5206 1126 5253 et
1180 5198 1448 5255 sermonis
1498 5200 1875 5259 adhortatione
1933 5219 1947 5257 :
2004 5214 2064 5259 ut

563 5345 589 5373 ⁸
619 5331 811 5433 Ephes.
846 5354 921 5407 Vt,
956 5340 1012 5399 9.
1088 5341 1117 5384 ι’
1140 5341 1292 5399 Rom.
1318 5360 1380 5413 tt,
1418 5345 1504 5402 ll.
1582 5359 1605 5388 ε
1632 5346 1840 5403 Coloss.
1870 5363 1956 5415 ut,
1988 5348 2076 5403 Η.

2164 2283 2181 2316 ι
2220 2263 2543 2335 θελήσαντες
2574 2261 2672 2334 τὴν
2699 2259 2876 2331 ψυχὴν
2903 2258 3109 2312 ἑαυτῶν
3141 2256 3312 2310 σῶσαι
3334 2253 3402 2318 ⁸ο,
3427 2258 3550 2321 τοὺς
3589 2255 3648 2308 δὲ
3666 2256 3734 2287 ²⁰”

2162 2375 2180 2408 ι
2220 2354 2536 2418 συνδούλους
2553 2352 2758 2409 ἑαυτῶν
2770 2353 2812 2384 ¹¹
2827 2350 3151 2413 ἑλκύσαντες
3167 2349 3259 2403 ἐπὶ
3276 2346 3735 2417 εἰδωλολατρείαν,

2164 2465 2181 2498 ι
2221 2445 2555 2517 δυναμένους
2582 2444 2676 2498 καὶ
2703 2442 2898 2507 αὐτοὺς
2925 2442 3208 2511 ἐκφυγεῖν,
3238 2441 3286 2492 εἰ
3320 2436 3378 2491 τὸ
3403 2437 3607 2491 δίκαιον
3642 2437 3735 2489 καὶ

2164 2554 2182 2586 ι
2224 2535 2322 2607 τὴν
2360 2535 2582 2604 ἰσότητα
2611 2530 2752 2605 ἦσαν
2798 2533 2981 2597 αὐτοῖς
3014 2528 3389 2604 παρασχόντες
3412 2566 3427 2593 ,
3467 2529 3544 2591 ὡς
3577 2526 3738 2580 πάλιν

2164 2647 2183 2681 ι
2222 2630 2251 2682 ὁ
2284 2625 2605 2690 Ἀπόστολος
2634 2626 2804 2695 λέγει.
2837 2644 2855 2678 ι

2229 2721 2425 2774 ΒΑΔΣ.
2458 2721 2583 2782 Τοῖς
2614 2718 2669 2772 δὲ
2699 2717 3024 2790 ἐλευθέροις,
3043 2717 3161 2787 ήτοι
3182 2718 3293 2778 τοῖς
3318 2712 3603 2775 δεσπόταις
3630 2710 3739 2764 τῶν

2160 2814 2492 2884 βιασθέντων
2519 2811 2679 2867 θῦσαι
2706 2811 2926 2875 δούλων,
2960 2811 3053 2864 ἐπὶ
3085 2808 3324 2881 τριετίαν
3363 2806 3589 2877 ἐπιτιμᾷ
3609 2821 3620 2834 ·
3653 2805 3736 2860 ὅτι

2156 2920 2220 2956 τε
2254 2903 2628 2974 ὑπεκρίθησαν
2657 2901 2840 2965 θῦσαι,
2875 2901 2970 2955 καὶ
2997 2900 3133 2963 ὅλως
3166 2897 3349 2965 ἔδοξαν
3383 2895 3735 2958 κατανεῦσαι,

2160 2996 2256 3053 καὶ
2284 2997 2367 3050 ὅτι
2398 2998 2524 3060 τοὺς
2571 2994 2890 3058 συνδούλους
2941 2992 3256 3064 ἠνάγκασαν
3286 2989 3480 3052 θῦσαι,
3516 2987 3611 3042 καὶ
3654 2988 3738 3041 ὃτι

2163 3088 2518 3160 παρήκουσαν
2545 3091 2639 3142 τοῦ
2673 3086 2995 3141 Ἀποστόλου
3022 3082 3334 3147 κελεύοντος
3358 3080 3588 3137 ἀνιέναι
3616 3079 3738 3146 τοῖς

2164 3178 2407 3247 δούλοις
2435 3180 2550 3248 τὴν
2581 3180 2861 3249 ἀπειλὴν,
2912 3178 2987 3242 ὡς
3032 3179 3127 3232 καὶ
3170 3175 3278 3230 τῶν
3314 3174 3586 3229 δεσποτῶν
3621 3172 3743 3228 δού-

2164 3269 2271 3324 λων
2318 3269 2485 3325 δντων
2518 3270 2596 3343 τῷ
2630 3272 2839 3343 Κυρίῳ,
2877 3270 2971 3325 καὶ
3001 3272 3116 3333 τοῖς
3142 3268 3379 3334 οἰκέταις
3419 3268 3734 3324 συνδούλων.

2164 3364 2274 3418 Καὶ
2316 3365 2469 3418 αύτοί
2508 3365 2606 3435 μὲν
2647 3363 2917 3417 ἔσπευσαν
2946 3362 3044 3434 τὴν
3080 3359 3287 3414 οἰκείαν
3320 3360 3490 3414 σῶσαι
3525 3359 3737 3431 ψυχὴν,

2162 3455 2290 3521 τοὺς
2320 3456 2377 3511 δὲ
2411 3455 2728 3520 συνδούλους
2771 3456 2863 3509 ἐπὶ
2896 3452 3338 3526 εἰδωλολατρείαν
3384 3453 3738 3525 κατήτπιγον,

2163 3546 2493 3618 δυναμένους
2520 3548 2798 3615 ἐκφυγεῖν.

2234 3640 2475 3692 ΖΩΝΔΡ.
2529 3638 2654 3703 Τοῖς
2693 3638 2748 3691 δὲ
2792 3636 3115 3710 ἐλευθέροις,
3163 3636 3281 3708 ήτοι
3309 3639 3420 3701 τοῖς
3458 3636 3741 3700 δεσπόταις

2163 3731 2272 3787 τῶν
2290 3731 2620 3804 βιασθέντων
2643 3729 2802 3784 θῦσαι
2831 3728 3053 3793 δούλων,
3087 3729 3181 3782 ἐπὶ
3206 3729 3446 3800 τριετίαν
3474 3729 3702 3798 ἐπιτιμᾷ
3723 3745 3738 3759 ·

2163 3825 2246 3878 ὅτι
2271 3843 2331 3878 τε
2353 3823 2723 3897 ὑπεκρίθησαν
2745 3822 2925 3889 θῦσαι,
2953 3824 3050 3877 καὶ
3074 3821 3210 3886 ὅλως
3231 3822 3415 3889 ἔδοξαν
3445 3822 3738 3892 ὑποκύψαι,

2164 3921 2263 3977 καὶ
2294 3919 2376 3972 ὅτι
2414 3917 2509 3971 καὶ
2553 3917 2682 3980 τοὺς
2725 3914 3039 3979 συνδούλους
3085 3914 3402 3985 ἠνάγκασαν
3435 3912 3615 3976 θῦσαι,
3649 3913 3744 3965 καὶ

2164 4013 2247 4066 ὅτι
2276 4012 2631 4081 παρήκουσαν
2658 4005 2753 4059 τοῦ
2800 4006 3122 4059 ’Λποστὸλου
3163 4004 3475 4068 κελεύοντος
3513 4003 3742 4059 ἀνιέναι

2166 4101 2289 4169 τοῖς
2325 4101 2567 4167 δούλοις
2597 4098 2712 4168 τὴν
2759 4095 3048 4165 ἀπειλὴν,
3083 4097 3159 4171 ὡς
3197 4097 3293 4151 καὶ
3330 4095 3438 4150 τῶν
3469 4094 3743 4148 δεσποτῶν

2166 4194 2368 4249 δούλων
2408 4192 2577 4246 ὄντων
2616 4189 2829 4264 Κυρίῳ,
2866 4191 3098 4253 καὶτοῖς
3146 4190 3385 4253 οἰκέταις
3422 4186 3739 4241 συνδούλων.

2166 4283 2277 4337 Καὶ
2303 4280 2457 4335 αὐτοὶ
2498 4279 2596 4352 μὲν
2636 4278 2906 4332 ἔσπευσαν
2954 4279 3053 4351 τὴν
3086 4279 3290 4333 οἰκείαν
3325 4278 3493 4332 σῶσαι
3541 4276 3740 4349 ψυχὴν,

2164 4374 2292 4437 τοὺς
2337 4373 2395 4426 δὲ
2428 4371 2743 4436 συνδούλους
2772 4372 2865 4425 ἐπὶ⁵
2912 4370 3352 4442 εἰδωλολατρείαν
3392 4367 3742 4436 κατέπειξαν,

2095 4493 2139 4549 D
2166 4466 2498 4538 δυναμένους
2520 4465 2797 4535 ἐκφυγεῖν.

2764 4555 3005 4609 KANQN
3057 4554 3142 4610 H'.

2238 4671 2258 4703 ι
2296 4651 2419 4714 Τοῖς
2438 4648 2497 4702 δέ
2529 4647 2981 4721 παραδεδομένους
3010 4649 3104 4702 καὶ
3125 4650 3169 4679 ²¹
3194 4647 3595 4713 ἐκπεπτωκόσι,
3630 4650 3741 4712 τοῖς

2167 4760 2186 4792 ι
2220 4757 2281 4794 τε
2304 4740 2483 4803 αὐτοῖς
2506 4738 2551 4771 ⁸³
2575 4737 3030 4811 προσεληλυθόσιν
3058 4738 3139 4803 εἰς
3165 4739 3256 4792 τὸν
3285 4738 3471 4809 ἀγῶνα
3492 4740 3586 4793 καὶ
3615 4743 3745 4811 δμο-

2166 4849 2184 4880 ι
2224 4825 2473 4897 λογοῦσιν
2497 4821 2637 4881 εἶναι
2667 4827 3029 4898 Χριστιανοῖς,
3058 4825 3484 4897 ἐμϐεὸλημὲνοις
3507 4842 3566 4879 τε
3593 4826 3650 4878 ὲν
3672 4827 3738 4897 τῇ

2166 4940 2185 4971 ι
2227 4919 2438 4991 φυλακῇ
2467 4918 2604 4989 μετὰ
2635 4918 2903 4989 βασάνων,
2932 4917 3150 4987 εύλογὸν
3172 4919 3318 4971 ἐστιν
3345 4920 3403 4972 ἐν
3424 4915 3742 4986 ἀγαλλιάσει

2167 5033 2184 5062 ι
2227 5012 2447 5084 καρδίας
2476 5012 2852 5085 συνεπισχύειν
2884 5015 2978 5066 κα)⁴
3004 5014 3280 5066 κοινωνεῖν
3310 5011 3367 5065 ἐν
3390 5011 3575 5074 πᾶσιν,
3602 5010 3659 5063 ἐν
3680 5026 3740 5063 τε

2165 5124 2182 5155 ι
2222 5109 2339 5170 ταῖς
2365 5109 2697 5179 προσευχαῖς
2724 5106 2820 5160 καὶ
2848 5107 2912 5176 τῇ
2942 5103 3238 5177 μεταλήψει
3258 5102 3352 5157 τοῦ
3374 5101 3622 5173 σώματος
3646 5101 3741 5154 καὶ

2164 5216 2181 5248 ι
2225 5197 2318 5250 τοῦ
2342 5199 2567 5270 αἵματος
2597 5197 2693 5251 τοῦ
2728 5199 2963 5269 Χριστοῦ
2987 5196 3054 5263 ’⁸,
3076 5197 3171 5250 καὶ
3194 5197 3259 5267 τῇ
3282 5193 3620 5265 παρακλήσει
3645 5192 3739 5248 τοῦ

1728 5500 1965 5558 VARIE
1999 5500 2403 5559 LECTIONES.

1188 5658 1276 5690 ““
1301 5660 1403 5713 ὅτι.

1206 5731 1249 5761 ’¹
1278 5729 1369 5795 καί
1398 5745 1505 5784 om.

564 5650 1091 5728 ’ξ’-ὑποκρινόμενοι.
1188 5658 1403 5713 ¹⁶⁶⁶ὃτι.
1518 5662 1559 5691 ¹⁷
1589 5659 1814 5726 εἰδότας.
1935 5661 2058 5713 ¹⁷⁰ύ

1518 5662 1559 5691 ¹⁷
1589 5659 1814 5726 εἰδότας.

492 5721 560 5752 ⁹⁶⁴
586 5723 642 5777 δέ
669 5739 779 5780 om.
807 5721 820 5728 ’
890 5721 934 5759 ¹¹’
959 5729 1130 5799 ήμῶν.

2069 5661 2182 5732 μῶν
2211 5660 2409 5732 αὐτῶν.

1585 5731 1630 5763 ³³
1660 5733 1889 5797 ἑαυτοῖς.
1958 5733 2003 5765 ’δ
2028 5733 2119 5787 τοῦ
2157 5731 2391 5803 Χριστοῦ
2426 5746 2534 5789 om.

2528 5662 2568 5693 ”‘
2593 5659 2741 5720 dces:
2785 5663 2951 5716 ἐστιν.
3056 5663 3097 5694 ¹⁹
3132 5657 3344 5734 ἔχομεν.
3430 5656 3475 5692 ⁸⁸
3505 5653 3631 5711 add.
3668 5651 3742 5714 εἰ.
