4132 6472
449 383 547 441 481

1685 391 2020 449 EPISTOLA
2058 393 2402 450 CANONICA
2414 435 2426 448 .

3594 411 3700 466 £83

454 515 472 548 ι
514 496 691 565 λόγουο
720 497 805 550 ἵνα
827 497 1184 570 εὐτονώτερον
1211 499 1626 575 ἀγωνισάμενοι,
1651 508 2014 572 καταξιωθῶσι

2135 526 2154 558 ι
2197 509 2291 578 qui
2319 510 2664 568 constantius
2705 511 3126 578 decertaverint,
3158 516 3263 587 ipsi
3290 533 3507 588 quoque
3526 537 3700 589 super.

451 605 472 640 ι
512 587 607 642 καὶ
644 589 795 642 αὐτοὶ
831 590 935 645 τοῦ
961 593 1246 660 βραϐείου
1280 593 1392 662 τῆς
1419 595 1540 649 ἅνω
1580 598 1875 666 κλήσεως.
1915 603 2023 656 Καὶ

452 699 472 733 ι
509 681 620 753 γὰρ
652 680 916 744 ἑπτάκις.
951 684 1102 754 φησι,
1136 686 1403 740 πεσεῖται
1433 691 1466 741 d
1492 688 1720 756 δίκαιος
1745 692 1843 745 καὶ
1880 695 2022 746 ἁνα-

451 791 472 826 ι
510 775 834 839 στήσεται*
880 775 1017 846 ὅπερ
1054 777 1102 828 εἰ
1136 777 1231 829 καὶ
1274 777 1474 843 πάντες
1515 780 1565 832 οἱ
1608 782 2024 848 ἐκπεπτωκότες

450 885 470 919 ι
510 867 902 936 πεποιήκεσαν,
932 868 1275 940 τελειοτάτην
1308 869 1456 943 [add.
1486 869 1575 944 ἂν]
1599 874 1693 926 καὶ
1716 874 2024 947 ὁλοκάρδιον

448 979 468 1012 ι
513 961 799 1031 μετάνοιαν
830 961 1181 1026 ἐνεδείξαντο.
1221 981 1237 1014 t

515 1052 708 1104 ΒΑΛΣ.
752 1052 907 1118 Τινὲς
960 1054 1444 1127 προσηγγέλθησαν
1503 1057 1596 1110 καὶ
1652 1060 2022 1133 παρεδόθησαν

439 1143 552 1205 τοῖς
581 1143 880 1216 τυράννοις,
914 1145 946 1216 ἢ
980 1145 1074 1198 καὶ
1099 1147 1362 1210 ἑκουσίως
1391 1148 1576 1211 αὐτοῖς
1615 1151 1840 1215 ἑαυτοὺς
1888 1170 2024 1224 παρ-

444 1234 671 1299 έδωκαν,
699 1236 1022 1308 ἡττηθέντες
1051 1237 1108 1290 δέ
1133 1238 1236 1291 ὑπὸ
1267 1237 1376 1291 τῶν
1402 1239 1699 1305 κολάσεων,
1733 1244 2021 1298 ἐκπεπτώ-

443 1344 569 1380 κασι
598 1326 696 1397 τῆς
730 1328 1063 1400 μαρτυρίας·
1109 1324 1227 1383 εἶτα
1273 1331 1738 1402 μεταμεληθέντες
1771 1335 1865 1387 καὶ
1905 1338 2024 1390 ἐπι-

440 1418 660 1488 γνόντες
695 1418 754 1472 τὸ
798 1417 1034 1488 ἀγαθὸν,
1078 1421 1434 1494 ὡμολόγησαν
1483 1419 1621 1478 εἶναι
1671 1427 2018 1497 Χριστιανοὶ,

441 1507 580 1562 ὥστε
615 1510 706 1563 καὶ
728 1511 807 1574 είς
838 1510 1080 1580 φυλακὰς
1110 1511 1442 1582 ἐμϐληθῆναι
1473 1514 1565 1565 καὶ
1599 1513 1861 1583 βασάνους
1891 1517 2022 1570 ὑπο-

443 1603 651 1673 στῆναι.
690 1604 829 1666 Τοὺς
865 1603 1138 1667 τοιούτους
1179 1601 1270 1658 οὖν
1310 1604 1532 1674 εύλογον
1577 1607 1753 1679 κρίνει
1804 1609 1832 1660 ὁ
1866 1609 2021 1678 ἆγιος

445 1695 580 1764 μετὰ
614 1694 878 1767 θυμηδίας
911 1696 1161 1766 δέχεσθαι
1194 1697 1288 1750 καὶ
1327 1697 1716 1770 ἐπιρῤωννύειν
1755 1697 1893 1770 πρὸς
1921 1701 2019 1772 τὴν

439 1790 715 1864 ὀρθόδοξον
747 1792 946 1860 πίστιν,
980 1793 1074 1846 καὶ
1114 1798 1388 1847 κοινωνεῖν
1430 1795 1614 1858 αὐτοῖς
1657 1794 1714 1847 ἐν
1749 1812 1810 1847 τε
1850 1813 2018 1868 προσ-

441 1885 624 1952 ευχαῖς
656 1883 749 1935 καὶ
789 1885 852 1954 τῇ
889 1883 1190 1955 μεταλήψει
1235 1884 1340 1937 τῶν
1374 1883 1748 1954 άγιασμάτων,
1785 1886 1879 1937 καὶ
1928 1885 2013 1938 διὰ

439 1972 596 2042 λόγου
629 1975 995 2046 παρακαλεῖν,
1029 1976 1114 2029 ἵνα
1157 1976 1292 2048 πρὸς
1326 1977 1417 2031 τὸν
1448 1975 1634 2044 ἀγῶνα
1667 1976 2014 2050 εὐτονώτεροι

437 2064 740 2133 γένωνται,
787 2066 880 2120 καὶ
923 2066 1299 2132 καταξιωθῶσι
1343 2068 1442 2137 τῆς
1492 2068 1814 2138 ἐπουρανίου
1860 2068 2014 2138 βασι-

438 2157 606 2221 λείας.
638 2159 755 2212 ⁶Ὶνα
782 2159 838 2212 δέ
870 2158 964 2231 μὴ,
995 2159 1127 2212 διότι
1157 2159 1497 2224 πεπτώκασι,
1525 2160 1849 2231 νομίζωνταί
1876 2176 2016 2214 τισιν

437 2249 670 2314 ἄδεκτοι,
707 2249 900 2317 ἐπάγει
931 2250 1024 2302 καὶ
1065 2249 1369 2320 μαρτυρίαν
1397 2250 1504 2303 ἀπὸ
1531 2251 1630 2321 τῆς
1665 2251 1905 2323 Γραφῆς,
1932 2249 2011 2303 τό·

448 2338 744 2406 Ἑπτᾰκις,
772 2340 892 2394 ἀντὶ
929 2341 1047 2405 τοῦ,
1082 2339 1359 2405 πολλάκις,
1394 2343 1660 2396 πεσεῖται
1695 2346 1728 2396 ὁ
1764 2342 2012 2407 δίκαιος,

439 2431 538 2485 καὶ
575 2431 1003 2497 ἀναστήσεται.
1033 2431 1204 2485 Τοῦτο
1234 2431 1321 2495 δὲ,
1370 2433 1532 2503 φησὶν
1551 2473 1565 2498 ,
1596 2435 1645 2487 εί
1694 2435 1788 2488 καὶ
1815 2433 2017 2498 πάντες

437 2525 487 2576 οἱ
515 2525 612 2596 τῆς
639 2523 927 2594 ὁμολογίας
961 2525 1376 2590 ἐκπεπτωκότες
1401 2527 1684 2598 ἐποίησαν,
1714 2527 1774 2580 τὸ
1803 2527 2015 2580 ἀναπαι-

437 2615 618 2670 λαῖσαι
642 2617 740 2687 τὴν
773 2616 999 2681 πτῶσιν,
1032 2617 1124 2669 καὶ
1152 2615 1380 2671 ἐνώπιον
1423 2617 1532 2670 τῶν
1568 2619 1852 2690 τυράννων
1883 2620 2018 2690 Χρι-

440 2709 685 2772 στιανοὺς
715 2708 1046 2780 ὁμολογῆσαι
1079 2708 1322 2775 ἑαυτοὺς,
1367 2689 1695 2776 ἐνεδείξαντο
1722 2709 1788 2763 ἂν
1811 2708 2014 2763 τελειο-

437 2801 606 2872 τάτην
636 2802 940 2872 μετάνοιαν.
975 2802 1216 2875 Διαφορὰ
1245 2801 1375 2871 γοῦν
1399 2804 1514 2855 ἐστι
1544 2801 1653 2854 τῶν
1677 2803 1735 2854 ἐν
1761 2799 1839 2872 τῷ
1871 2819 2014 2874 παρ-

435 2895 547 2948 όντι
600 2895 787 2949 κανόνι
844 2895 1239 2967 διειλημμένων
1292 2895 1386 2949 καὶ
1431 2894 1540 2948 τῶν
1585 2896 1642 2949 ἐν
1684 2893 1760 2965 τῷ
1815 2893 2015 2966 πρώτῳ

438 2990 621 3043 κανόνι
655 2989 1060 3062 περιεχομένων
1103 2988 1240 3060 αὕτη
1263 3030 1276 3054 ,
1319 2989 1399 3042 ὅτι
1432 2989 1548 3041 ἐκεῖ
1573 2987 1669 3058 μὲν
1709 2989 1756 3040 οἱ
1798 2987 1884 3041 διὰ
1916 2988 2014 3051 τὰς

440 3079 703 3150 βασάνους
749 3077 1166 3142 ἐκπεπτωκότες
1211 3078 1271 3131 οὐ
1308 3079 1758 3149 μετεστράφησαν
1787 3077 2016 3131 ἐνώπιον

2140 617 2159 650 ι
2197 615 2279 652 me
2339 602 2628 655 vocationis
2684 602 2869 656 brabio
2940 615 2966 644 ι
3021 605 3333 675 dignentur.
3391 605 3603 665 Etenim
3626 628 3701 666 sc-

2129 708 2150 741 (
2185 692 2342 759 pties,
2375 692 2572 761 inquit,
2600 693 2751 747 cadet
2771 694 2952 763 justus
2968 704 3016 750 et
3048 707 3282 768 resurget
3315 699 3371 767 l9;
3409 700 3556 770 quod
3583 719 3701 774 qut-

2129 798 2147 831 ι
2189 782 2312 836 dem
2345 783 2391 837 si
2414 799 2604 838 omnes
2637 800 2855 855 quoque
2887 786 3026 855 lapsi
3054 785 3335 853 fecissent,
3364 792 3699 859 perfectissi-

2128 890 2147 922 ι
2181 887 2322 926 mam
2349 883 2404 929 et
2431 882 2544 929 toto
2573 875 2739 931 corde
2763 883 3072 947 susceptam
3101 881 3476 948 pmnitentiam
3506 891 3695 941 osten-

2128 981 2146 1014 ι
2189 963 2421 1019 dissent.
2464 983 2482 1017 ι

2197 1057 2354 1111 BALS.
2387 1055 2618 1122 Quidam
2642 1059 2893 1128 tyrannis
2923 1059 3089 1115 delati
3139 1070 3193 1116 et
3223 1063 3425 1132 proditi
3457 1063 3694 1132 fuerant,

2121 1149 2206 1203 vel
2263 1150 2426 1204 etiam
2474 1149 2577 1220 ipsi
2609 1165 2668 1204 se
2693 1151 2848 1220 ipsos
2907 1153 3016 1208 illis
3068 1163 3264 1224 sponte
3311 1156 3696 1214 tradiderant:

2121 1239 2248 1293 victi
2273 1248 2452 1294 autem
2479 1240 2769 1294 tormentis
2787 1241 3106 1298 testimonio
3136 1243 3457 1299 exciderunt
3489 1263 3502 1300 :
3547 1245 3700 1302 dein-

2123 1330 2189 1384 de
2219 1345 2344 1384 cum
2403 1330 2726 1400 pmnitentia
2760 1333 2907 1386 ducti
2952 1341 3155 1397 essent,
3213 1343 3267 1389 et
3319 1335 3464 1407 quod
3496 1337 3696 1392 bonum

2118 1429 2225 1485 est,
2255 1423 2626 1492 agnovissent,
2656 1439 2713 1477 se
2735 1439 2857 1478 esse
2885 1425 3233 1482 Christianos
3255 1428 3497 1484 confessi
3531 1436 3694 1495 sunt;

2123 1513 2258 1568 adeo
2288 1523 2345 1567 ut
2399 1515 2453 1567 in
2484 1514 2791 1568 custodiam
2851 1516 3113 1586 conjecti,
3177 1527 3448 1575 tormenta
3481 1537 3698 1591 quoque

2122 1603 2505 1660 sustinuerint.
2532 1603 2639 1660 Eos
2675 1621 2806 1675 ergo
2841 1622 3059 1676 aequum
3104 1618 3293 1664 censet
3333 1619 3558 1666 sanrtus
3601 1611 3694 1666 lae-

2121 1695 2260 1749 tanti
2295 1696 2477 1749 animo
2528 1695 2830 1765 suscipere,
2890 1707 2945 1752 et
3006 1698 3073 1753 ad
3124 1699 3283 1755 ﬁdem
3335 1701 3695 1757 orthodoxam

2121 1785 2467 1850 conﬁrmare,
2503 1794 2557 1841 et
2590 1789 2670 1842 eis
2733 1790 3144 1845 communicare
3174 1798 3228 1845 et
3272 1791 3328 1844 in
3353 1792 3697 1849 orationibus

2049 1869 2089 1923 Β
2124 1885 2177 1930 et
2208 1886 2679 1933 sacramentorum
2705 1878 3144 1949 participatione,
3185 1879 3474 1950 verbisque
3503 1880 3697 1936 adhor-

2124 1969 2226 2023 tari
2261 1978 2321 2024 ut
2351 1970 2462 2025 sint
2503 1972 2572 2025 ad
2606 1982 2883 2026 certamen
2927 1974 3350 2040 constantiores,
3402 1980 3454 2028 et
3485 1972 3693 2028 caelesti

2120 2076 2290 2131 regno
2347 2061 2498 2132 digni
2544 2063 2874 2119 habeantur.
2933 2063 3011 2119 Ne
3067 2073 3248 2119 autem
3280 2079 3347 2120 eo
3378 2063 3524 2134 quod
3559 2064 3696 2134 lapsi

2121 2160 2284 2217 sunt,
2331 2155 2557 2210 minime
2588 2156 2930 2228 suscipiendi
2973 2155 3282 2220 videantur,
3326 2156 3694 2210 testimonium

2120 2262 2340 2316 quoque
2371 2263 2438 2301 ex
2472 2245 2755 2317 Scriptura
2785 2249 3018 2312 inducit,
3049 2240 3196 2318 quod
3239 2259 3341 2315 est,
3376 2248 3599 2318 Septies,
3640 2248 3696 2304 id

2119 2344 2203 2391 est
2235 2351 2398 2407 saape,
2439 2338 2589 2392 cadet
2620 2339 2795 2400 justus
2835 2347 2884 2393 et
2935 2349 3190 2410 resurget.
3249 2337 3363 2395 Hoc
3419 2348 3624 2404 autem,
3647 2338 3694 2393 si

2118 2428 2308 2492 etiam,
2342 2428 2542 2499 inquit,
2573 2446 2766 2485 omnes
2793 2431 2888 2500 qui
2917 2447 2947 2484 a
2973 2430 3318 2486 confessione
3344 2429 3689 2489 exciderunt,

2121 2519 2400 2584 fecissent,
2431 2528 2492 2575 ut
2513 2522 2726 2576 scilicet
2781 2521 2919 2592 lapsi
2961 2522 3384 2585 reluctarentur,
3421 2529 3475 2575 et
3506 2535 3566 2576 se
3595 2534 3690 2574 co—

2118 2624 2236 2664 ram
2285 2612 2536 2681 tyrannis
2588 2611 2934 2668 Christianos
2973 2612 3297 2677 faterentur,
3354 2609 3697 2682 perfectissi-

2117 2718 2262 2756 mam
2289 2704 2664 2772 paenitentiam
2693 2705 3085 2760 ostendissent.
3113 2703 3380 2758 Difl‘erunt
3421 2719 3551 2776 ergo
3574 2720 3696 2776 qua:

2116 2791 2173 2845 in
2225 2791 2330 2846 hoc
2382 2808 2593 2848 canone
2634 2794 3032 2864 comprehensa
3088 2800 3239 2856 sunt,
3290 2795 3360 2850 ab
3398 2795 3466 2850 iis
3493 2797 3695 2866 qua-in

2118 2883 2293 2952 primo
2347 2898 2560 2940 canone
2587 2885 2959 2950 continentur,
3005 2886 3151 2955 quod
3195 2886 3307 2940 illic
3331 2887 3550 2956 quidem
3599 2891 3692 2958 qui

2113 2979 2334 3042 propter
2363 2982 2630 3029 tormenta
2665 2975 2801 3045 lapsi
2835 2987 2982 3042 sunt,
3021 2975 3090 3030 ad
3118 2975 3478 3032 conﬁtendam
3509 2992 3693 3032 coram

2116 3065 2364 3135 tyrannis
2409 3066 2568 3121 fidem
2599 3082 2945 3137 nequaquam
2975 3068 3226 3124 conversi
3276 3075 3444 3123 sunt:
3479 3069 3568 3124 hic
3596 3083 3697 3124 au-

435 3173 545 3226 τῶν
579 3174 856 3245 τυράννων
903 3174 982 3236 είς
1018 3172 1113 3243 τὴν
1147 3171 1435 3241 ὁμολογίαν
1485 3169 1586 3240 τῆς
1618 3171 1887 3232 πίστεως·
1926 3172 2013 3224 ἐν-

2117 3164 2225 3210 tem
2252 3158 2345 3226 qui
2374 3165 2594 3227 propter
2653 3165 2924 3212 tormenta
2972 3159 3108 3230 lapsi
3145 3170 3294 3225 sunt,
3318 3177 3386 3215 ex
3412 3161 3554 3215 bona
3577 3175 3697 3232 pe-

436 3264 611 3319 ταῦθα
642 3265 698 3318 δέ
736 3267 784 3318 οἱ
831 3263 1245 3327 ἐκπεπτωκότες
1286 3262 1374 3316 διὰ
1404 3261 1688 3332 βασάνους,
1720 3261 1780 3328 ἐξ
1807 3261 2011 3330 ἀγαθοῦ

440 3357 744 3430 μεταμέλου
791 3357 885 3409 ἐπὶ
915 3356 1022 3410 τῶν
1055 3357 1330 3426 τυράννων
1372 3356 1463 3408 τὸν
1495 3353 1699 3426 Κύριον
1735 3354 2016 3427 ὡμολόγη-

439 3466 558 3512 σαν,
587 3449 682 3502 καὶ
711 3449 798 3501 διὰ
824 3447 981 3501 τοῦτο
1015 3448 1133 3500 οὐδέ
1171 3446 1478 3516 λογίζονται
1508 3448 1784 3500 ἐκπεσεῖν.

510 3562 749 3616 ΖΩΝΑΡ.
790 3561 856 3614 Εἴ
894 3578 1037 3625 τινες
1067 3562 1143 3626 δέ,
1185 3561 1338 3632 φησι,
1386 3559 1873 3632 προσηγγέλθησαν
1921 3557 2014 3612 καὶ

436 3651 810 3726 παρεδόθησαν
833 3655 948 3716 τοῖς
981 3649 1354 3724 τυραννοῦσιν,
1380 3651 1595 3722 ἢαύτοὶ
1624 3651 1849 3712 ἐαυτοὺς
1872 3665 2013 3720 παρ-

436 3746 642 3800 έδωκαν
662 3784 677 3809 ,
731 3743 826 3798 καὶ
855 3742 1240 3797 ἐκπεπτώκασι
1270 3744 1366 3814 τῆς
1401 3741 1722 3814 μαρτυρίας,
1756 3739 2016 3812 ἡττηθέν-

434 3855 525 3902 τες
562 3837 669 3892 τῶν
727 3837 1038 3902 κολάσεων,
1097 3837 1190 3889 καὶ
1239 3835 1314 3907 μὴ
1341 3837 1598 3907 φέροντες
1646 3833 1744 3897 τὰς
1789 3834 1848 3886 ἐν
1897 3828 2015 3897 ταῖς

436 3930 703 4002 φυλακαῖς
744 3929 1041 3998 κακουχίας
1080 3929 1174 3982 καὶ⁵
1214 3927 1314 3991 τὰς
1345 3927 1632 3998 βασάνους,
1661 3921 1778 3978 εἶτα
1810 3924 2014 3977 ἀνεπά-

433 4022 625 4078 λαισαν
651 4023 749 4095 τὴν
786 4021 1011 4086 πτῶσιν,
1051 4020 1145 4073 καὶ
1185 4019 1544 4090 ὡμολόγησαν
1590 4015 1728 4070 εἶναι
1758 4017 2016 4087 Χριστια-

432 4117 533 4180 vol,
577 4115 717 4168 ὥστε
751 4114 843 4168 xui.
871 4115 949 4176 εἰς
980 4111 1226 4182 φυλακὰς
1257 4109 1593 4181 ἐμϐληθῆναι
1623 4111 1716 4163 καὶ
1752 4108 2016 4179 βασάνους

433 4207 758 4269 ὑποστῆναι’
810 4207 936 4270 τοὺς
992 4204 1266 4267 τοιούτους
1315 4201 1535 4270 εὔλογον
1587 4201 1820 4274 κρίνειὸ
1863 4202 2015 4270 ἆγιος

436 4296 576 4367 μετὰ
617 4295 879 4367 θυμηδίας
923 4294 1206 4364 δέχεσθαι,
1257 4293 1350 4346 καὶ
1383 4291 1694 4362 ἐπισχύειν,
1746 4291 1866 4344 ἀντὶ
1895 4290 2011 4358 τοῦ,

431 4388 843 4460 ἐπιρρωννύειν,
879 4386 1208 4458 ἐνδυναμοῦν
1256 4385 1351 4438 καὶ
1396 4384 1839 4458 παραθαρρύνειν
1879 4385 2014 4457 πρὸς

430 4479 529 4551 τὴν
555 4479 842 4551 ὁμολογίαν
861 4495 873 4507 '
916 4478 1011 4532 καὶ
1040 4479 1315 4531 κοινωνεῖν
1355 4478 1538 4540 αὐτοῖς
1563 4479 1620 4530 ἐν
1651 4479 1834 4542 πᾶσιν,
1869 4477 1924 4532 ἕν
1953 4495 2012 4531 τε

2118 3247 2346 3300 nitentia
2371 3249 2474 3302 sub
2504 3249 2751 3319 tyrannis
2779 3249 3067 3304 Dominum
3091 3249 3329 3305 confessi
3357 3257 3525 3318 sunt;
3561 3265 3693 3322 prc-

2115 3347 2298 3408 pterea
2328 3355 2506 3410 neque
2560 3342 2828 3396 cecidisse
2851 3341 3188 3412 iudicantur.

2186 3544 2390 3598 Zousn.
2426 3543 2485 3599 Si
2518 3545 2610 3614 qui
2645 3557 2795 3609 Veto,
2854 3545 3052 3615 inquit,
3101 3546 3166 3600 ad
3228 3555 3491 3618 tyrannos
3525 3545 3694 3602 delati

2114 3651 2178 3691 ac
2204 3637 2401 3707 proditi
2435 3645 2584 3700 sunt,
2619 3638 2702 3691 vel
2729 3637 2833 3705 ipsi
2865 3653 2986 3693 sese
3020 3639 3158 3708 ipsis
3220 3639 3568 3704 dediderunt,
3595 3654 3693 3694 e1-

2117 3728 2475 3798 cideruntque
2508 3743 2538 3782 a
2569 3729 2886 3784 testimonio
2913 3730 2965 3783 vi
2996 3739 3397 3786 tormentorum
3423 3731 3690 3802 superati,

2114 3837 2217 3876 nec
2246 3835 2519 3877 mrumnas
2543 3823 2744 3892 quibus
2784 3820 2838 3874 in
2889 3836 3112 3876 carcere
3137 3822 3536 3878 afﬂictabantur
3569 3822 3692 3879 crit-

2114 3918 2403 3985 ciatusque
2432 3914 2802 3985 perferentes;
2842 3929 2969 3969 mox
3017 3926 3273 3971 revocato
3302 3917 3603 3972 certamine
3631 3932 3692 3972 se

2114 4007 2454 4064 Christianos
2486 4022 2610 4063 esse
2644 4005 2884 4062 confessi
2916 4013 3151 4070 sunt,ex
3179 4023 3288 4077 quo
3310 4013 3365 4061 et
3391 4007 3445 4060 in
3476 4007 3692 4062 vincula

2115 4101 2373 4170 conjecti,
2406 4107 2459 4154 et
2491 4099 2831 4155 cruciatibus
2865 4107 2995 4155 sunt
3022 4098 3199 4154 aﬁ'ecti
3233 4116 3248 4151 :
3282 4098 3552 4167 ejusmodi
3586 4099 3691 4153 ho-

2115 4195 2292 4248 mines
2315 4209 2440 4247 cum
2499 4192 2866 4248 exsultatione
2906 4192 3082 4260 excipi
3128 4200 3354 4247 sanctus
3379 4190 3466 4244 hic
3492 4191 3690 4244 rationi

2114 4293 2543 4339 censentaneum
2564 4284 2776 4354 judicat
2802 4302 2814 4336 :
2839 4291 2956 4339 tum
2984 4283 3246 4336 roborare
3268 4283 3439 4350 ipsos,
3461 4281 3563 4335 hoc
3579 4289 3688 4345 est,

2118 4377 2286 4439 vires,
2313 4377 2546 4439 animos,
2575 4376 2934 4444 ﬁduciamque
2956 4373 3155 4428 addere
3169 4387 3278 4442 quo
3307 4371 3692 4441 proﬁterentur

2117 4465 2310 4531 fidem;
2339 4480 2402 4519 ac
2420 4466 2627 4520 eisdem
2659 4467 2713 4519 in
2737 4463 2994 4518 omnibus
3019 4461 3448 4524 communicare,
3486 4465 3600 4512 tum
3634 4460 3690 4514 in

433 4575 758 4644 προσευχαῖς
789 4570 882 4624 καὶ
916 4573 982 4641 τῇ
1029 4569 1327 4640 μεταλήψει
1354 4568 1462 4623 τῶν
1496 4569 1870 4640 ἁγιασμάτων,
1919 4570 2012 4622 καὶ

2119 4557 2548 4628 precationibus,
2569 4568 2683 4612 tum
2709 4557 2763 4612 in
2795 4554 3146 4627 perceptione
3179 4561 3649 4608 sacramentorum
3671 4571 3688 4618 ς

336 4720 338 4723 τ
431 4662 521 4717 διὰ
571 4661 730 4730 λόγου
784 4658 1155 4731 παρακαλεῖν,
1198 4659 1317 4729 ἦτοι
1366 4658 1650 4730 διεγείρειν
1689 4659 1886 4722 αὐτοὺς
1933 4659 2012 4721 εἰς

402 4757 529 4828 ,τὴν
573 4753 876 4826 μαρτυρίαν
901 4791 915 4815 ,
969 4750 1056 4802 ἴνα
1109 4750 1246 4821 πρὸς
1290 4748 1382 4802 τὸν
1429 4749 1616 4817 ἀγῶνα
1664 4750 2012 4821 εὐτονώτεροι

431 4847 717 4915 γένωνται,
753 4840 847 4895 καὶ
888 4840 986 4909 τῆς
1017 4839 1343 4909 ἐπουρανίου
1380 4837 1654 4907 βασιλείας
1683 4836 2003 4901 ὰξιωθῶσιν.

434 4940 553 4993 Ἵνα
585 4937 642 4990 δέ
681 4935 776 5006 μὴ,
808 4933 939 4986 διότι
989 4928 1310 4983 πεπτώκασι
1360 4927 1620 4991 θύσαντες
1641 4969 1654 4992 ,
1683 4928 2009 5000 νομίζωνται

431 5049 570 5086 τισιν
599 5029 830 5090 άδεκτοι,
863 5025 1057 5093 ἐπάγει
1085 5025 1179 5076 καὶ
1213 5022 1517 5094 μαρτυρίαν
1547 5023 1610 5074 ἐκ
1635 5021 1735 5090 τῆς
1761 5022 2006 5093 Γραφῆς,

431 5121 510 5178 ‘t-S'
539 5118 830 5185 Ἐπτάκις,
852 5117 970 5170 ἀντὶ
996 5113 1110 5175 τοῦ,
1127 5113 1408 5178 πολλάκις,
1426 5112 1692 5166 πεσεῖται
1714 5116 1747 5167 ό
1758 5112 2006 5180 δίκαιος,

432 5213 531 5267 καὶ
567 5209 992 5276 ἀναστήσεται.
1027 5205 1198 5259 Τοῦτο
1236 5205 1315 5267 δέ,
1356 5204 1549 5275 φησιν,
1583 5205 1633 5256 εί
1683 5205 1776 5256 και¹
1808 5204 2008 5268 πάντες

431 5308 480 5359 οἱ
513 5304 611 5375 τῆς
638 5301 923 5374 ὁμολογίας
951 5297 1366 5360 ἐκπεπτωκότες
1393 5295 1676 5366 ἐποίησαν,
1707 5295 1768 5348 τὸ
1799 5297 2007 5349 ἀναπα-

431 5397 615 5451 λαῖσαι
647 5394 743 5465 τὴν
777 5393 1005 5456 πτῶσιν,
1045 5391 1138 5444 καὶ
1163 5387 1393 5443 ἐνώπιον
1421 5388 1528 5439 τῶν
1554 5387 1832 5456 τυράννων
1871 5384 2007 5459 Χρι-

435 5486 682 5549 στιανοὺς
719 5482 1050 5554 ὁμολογῆσαι
1084 5480 1333 5541 ἑαυτοὺς,
1369 5475 1706 5540 άνεδείξαντο
1743 5476 1808 5548 [Γ.
1842 5477 2007 5549 ἐνεδ-]

435 5581 500 5634 ἂν
527 5575 868 5646 τελειοτάτην
905 5574 1212 5645 μετάνοιαν.

539 5813 563 5839 ⁸
591 5813 816 5879 Philipp.
848 5826 932 5879 iu,
968 5813 1053 5866 ιι.
1132 5811 1159 5853 δ
1197 5810 1352 5867 Prov.
1386 5825 1530 5874 xxiv,
1564 5809 1651 5866 16.

2123 4649 2414 4718 verbisque
2443 4649 2743 4714 adhortari,
2778 4649 2882 4702 hoc
2910 4653 3014 4709 est,
3057 4646 3208 4715 ipsos
3232 4645 3299 4698 ad
3320 4643 3686 4699 exhibendum

2120 4741 2242 4795 ﬁdei
2272 4740 2646 4795 testimonium
2676 4741 2936 4804 excitare,
2968 4745 3026 4792 ut
3061 4738 3466 4793 constantiores
3490 4737 3603 4790 sint
3630 4734 3688 4789 in

2113 4834 2433 4898 certamine,
2467 4845 2530 4886 ac
2552 4832 2764 4886 cmlesti
2796 4845 2962 4902 regno
2994 4831 3142 4902 digni
3157 4825 3684 4884 habeanturNerum

2113 4939 2184 4979 ne
2214 4939 2278 4978 ex
2319 4939 2384 4978 eo
2416 4923 2560 4993 quod
2586 4923 2724 4993 lapsi
2748 4931 2878 4978 sunt
2915 4939 3002 4978 δτι(
3016 4924 3312 4982 rilicantes.
3345 4919 3494 4973 nullo
3525 4919 3686 4974 mod.)

2116 5015 2432 5071 admittendi
2457 5017 2526 5070 ab
2559 5016 2834 5086 aliquibus
2867 5016 3268 5080 existimentur,
3313 5009 3685 5067 testimonium

2116 5124 2335 5180 quoque
2363 5109 2495 5163 illud
2521 5123 2587 5163 ex
2616 5108 2791 5164 sacris
2821 5107 3020 5162 litteris
3049 5107 3256 5178 profert
3282 5123 3294 5158 :
3323 5103 3546 5172 Septies,
3583 5101 3686 5154 hoc

2117 5209 2200 5256 est
2235 5202 2455 5270 saepius,
2487 5201 2637 5254 cadet
2656 5200 2859 5268 justus,
2896 5216 2958 5253 ac
2994 5208 3245 5268 resurget.
3271 5196 3384 5250 Hoc
3409 5209 3558 5258 vero,
3605 5193 3686 5246 in-

2117 5293 2258 5363 quit,
2313 5293 2360 5348 si
2417 5291 2508 5344 alii
2557 5306 2750 5346 omnes
2797 5290 2957 5360 quia
2987 5288 3336 5344 confessione
3365 5286 3688 5344 exciderunt

2117 5384 2398 5446 fecissent,
2437 5391 2496 5436 ut
2526 5391 2648 5452 post
2699 5382 2910 5451 lapsum
2946 5387 3226 5434 certamen
3269 5383 3592 5449 repeterent,
3624 5390 3688 5429 ac

2118 5493 2176 5532 se
2210 5478 2358 5546 ipsos
2388 5491 2571 5530 coram
2595 5472 2842 5546 tyrannis
2896 5472 3236 5529 Christianos
3283 5469 3691 5541 proﬁterentur,

2119 5569 2428 5624 absolutam
2464 5567 2840 5640 penitentiam
2874 5562 3287 5620 indicavisscnt.
