4132 6412
499 311 611 371 485

1105 432 1337 490 CANON
1377 432 1462 488 IX.

573 544 594 579 ι
637 523 709 580 lis
733 540 950 596 quoque
973 528 1069 597 qui
1106 536 1365 598 tanquam
1400 545 1464 582 ex
1493 544 1687 584 somno
1719 528 1821 598 ipsi
1853 527 1919 582 ad
1951 544 2070 583 cer-

498 638 520 671 ‹
567 629 748 672 tamen
779 621 1114 689 parturiens,
1134 628 1189 675 et
1210 621 1424 674 trahere
1453 620 1735 680 differens.
1764 620 2071 690 prosiliunt,

498 731 518 764 ‹
566 711 670 768 sibi
697 721 877 767 autem
910 728 1104 782 pugnae
1149 714 1474 776 maritimae,
1516 721 1570 767 et
1602 713 1788 767 multa:
1823 712 2070 766 fluxuum

497 824 516 856 ι
563 805 937 860 inundationis
990 806 1352 860 tentationem
1405 807 1722 870 attrahunt,
1763 807 1846 860 vel
1890 807 2072 878 potius

499 915 517 946 ι
566 895 830 951 fratribus
861 906 1207 966 peccatorum
1236 898 1530 952 carbonem
1577 898 1904 962 accendunt,
1937 899 2070 968 ipsis

497 1007 516 1039 ι
567 1004 786 1059 quoque
834 989 1349 1043 communicandum
1382 997 1486 1055 est,
1533 998 1593 1044 ut
1625 991 1716 1059 qui
1748 992 1803 1044 in
1851 991 2070 1047 nomine

501 1099 519 1130 ς
567 1080 775 1135 Christi
814 1081 881 1133 ad
923 1080 971 1133 id
1008 1081 1230 1136 veniant
1260 1099 1272 1134 :
1307 1081 1410 1136 etsi
1439 1083 1606 1135 verba
1637 1083 1758 1151 ejus
1788 1098 1896 1137 non
1948 1085 2070 1138 ani-

496 1188 514 1221 ι
563 1170 911 1225 madvertant
947 1209 960 1233 ,
994 1171 1088 1240 qui
1119 1170 1280 1225 docet
1335 1185 1488 1225 orare
1515 1187 1577 1224 ne
1624 1171 1985 1242 ingrediantur
2013 1173 2068 1226 in

492 1282 511 1314 ‹
561 1266 896 1318 tentationem
927 1275 952 1304 α
992 1304 1006 1327 ,
1059 1272 1111 1318 et
1149 1278 1273 1318 eum
1303 1279 1499 1319 rursus
1532 1265 1587 1317 in
1614 1264 1862 1319 oratione
1919 1265 2066 1318 Patri

491 1374 511 1406 ι
556 1356 761 1421 dicere,
782 1355 849 1409 Et
869 1374 930 1410 ne
957 1373 1050 1410 nos
1080 1356 1302 1410 inducas
1330 1358 1384 1410 in
1414 1357 1876 1420 tentationem,sed
1904 1357 2069 1412 libera

493 1468 512 1500 α
559 1465 652 1503 nos
675 1467 707 1503 a
735 1450 878 1503 malo
905 1449 954 1502 ι).
983 1446 1143 1504 Forte
1163 1459 1344 1503 autem
1364 1449 1528 1503 etiam
1555 1450 1806 1520 ignorant
1830 1458 2068 1520 patrem-

491 1561 509 1594 ι
558 1541 792 1597 familias
816 1550 870 1596 et
902 1541 1189 1595 Dominum
1227 1549 1498 1605 nostrum,
1556 1558 1700 1612 saepe
1746 1544 1816 1597 ab
1861 1543 1930 1598 iis
1971 1543 2066 1612 qui

489 1652 509 1686 ι
553 1633 630 1687 illi
656 1633 901 1688 insidiari
933 1633 1209 1695 volebant,
1241 1632 1630 1695 secessisse,et
1651 1633 1796 1703 quod
1817 1633 2064 1704 quando-

485 1744 504 1777 ι
549 1740 655 1795 que
691 1726 852 1780 etiam
887 1725 1054 1780 libere
1075 1723 1217 1793 apud
1237 1738 1333 1778 eos
1370 1739 1479 1778 non
1506 1722 1815 1788 incedebat,
1839 1731 1894 1778 et
1918 1723 2065 1794 quod

1526 315 1583 375 S.
1628 316 1834 375 PETRI
1870 315 2342 376 ALEXANDRINI
2374 317 2682 378 EPISCOPl

3657 330 3763 387 484

2797 434 3036 490 ΚΑΝΩΝ
3073 436 3152 492 Θν.

2253 544 2270 577 ι
2313 527 2423 580 Καὶ
2443 529 2557 591 τοῖς
2589 527 2642 580 δὲ
2673 528 2822 582 ὡσὰν
2859 529 2920 594 ἐξ
2957 529 3124 583 ὕπνου
3166 531 3390 594 ἑαυτοὺς
3415 530 3461 562 ’³
3499 545 3760 604 παραπη-

2180 635 2198 666 σ
2235 617 2400 672 δῶσιν
2425 621 2502 682 είς
2531 620 2621 672 τὸν
2649 621 2836 689 ἀγῶνα
2877 621 3134 675 ὠδίνοντα
3169 623 3264 676 καὶ
3293 622 3556 693 μέλλοντα
3596 619 3758 679 ὲλκῦ-

2179 728 2197 759 ι
2239 727 2347 773 σαι,
2386 712 2598 775 ἑαυτοῖς
2621 712 2678 765 δὲ
2713 714 3017 784 πειρασμὸν
3058 715 3526 785 ὲπισπασαμένοις
3559 715 3760 771 θαλαιι⁹

2179 819 2197 852 σ
2236 803 2504 872 τομαχίας
2534 805 2629 856 καὶ
2658 803 2858 873 πολλῆς
2898 804 3288 876 κυματώσεως,
3320 805 3518 876 μᾶλλον
3555 806 3613 859 δὲ
3663 799 3760 862 καὶ

2177 909 2196 941 ι
2232 895 2345 955 τοῖς
2375 893 2625 962 ἀδελφοῖς
2673 896 3130 965 προσεκκαίουσιν
3150 895 3396 967 ἄνθρακα
3419 897 3464 927 ⁸⁸
3498 898 3760 968 ἁμαρτω-

2177 996 2196 1028 (
2237 980 2344 1033 λῶν
2363 998 2376 1010 ·
2408 981 2502 1033 καὶ
2527 983 2708 1046 αὐτοῖς
2739 985 3112 1055 κοινωνητέον,
3145 986 3239 1038 ἆτε
3268 985 3330 1056 δὴ
3354 986 3420 1017 ³⁸·
3450 987 3508 1039 ὲν
3533 987 3759 1057 ὀνόματι

2175 1085 2194 1118 ι
2233 1070 2468 1139 Χριστοῦ
2491 1073 2920 1143 παρερχομένοις
2939 1076 3017 1138 είς
3033 1074 3273 1139 τοῦτο,ει
3305 1077 3398 1128 καὶ
3425 1075 3500 1148 μὴ
3517 1078 3604 1108 ’⁸’⁸
3630 1094 3763 1148 προ-

2179 1175 2196 1208 ι
2237 1162 2482 1230 σέχουσιν
2505 1162 2668 1215 αὑτοῦ
2693 1165 2804 1227 τοῖς
2837 1163 3032 1233 λόγοις,
3055 1165 3395 1230 διδάσκοντος
3429 1170 3758 1237 προσεύχεε

2175 1269 2193 1302 ι
2236 1257 2373 1306 σθαι
2402 1253 2482 1322 μὴ
2509 1255 2806 1309 εἰσελθεῖν
2828 1260 2914 1323 εἰς
2940 1259 3272 1327 πειρασμὸν
3299 1260 3433 1326 ²⁶’·⁶,
3466 1260 3558 1314 καὶ
3592 1261 3756 1314 πάλιν

2174 1365 2192 1398 ι
2235 1349 2294 1400 ὲν
2318 1350 2448 1419 εὐχῇ
2468 1349 2644 1417 λέγειν
2670 1350 2748 1420 τῷ
2768 1349 2960 1421 Πατρίο
2990 1351 3097 1404 Καὶ
3115 1350 3202 1419 μὴ
3228 1351 3576 1422 εἰσενέγκῃς
3596 1351 3758 1422 ἡμᾶς

2174 1457 2192 1489 ι
2229 1442 2316 1505 εὶς
2337 1441 2690 1511 πειρασμὸν,
2717 1442 2878 1496 ἀλλὰ
2895 1442 3081 1509 ῥῦσαι
3112 1440 3268 1511 ἡμᾶς
3297 1443 3413 1496 ἀπὸ
3446 1443 3551 1496 τοῦ
3575 1461 3756 1512 πονη-

2173 1549 2192 1580 ι
2225 1530 2362 1598 ροῦ.
2398 1533 2557 1594 Ἴσως
2589 1528 2645 1584 δὲ
2670 1533 2764 1584 καὶ
2796 1529 3048 1599 ἀγνοοῦσι
3085 1531 3184 1594 τὰς
3218 1530 3478 1595 πολλάκις
3531 1531 3752 1603 γινομέο

2173 1638 2191 1671 ι
2231 1639 2326 1684 νας
2340 1622 2477 1652 ²⁶⁶⁶“⁹
2493 1621 2557 1674 ἀν
2569 1628 2872 1694 αχωρήσεις
2890 1620 2983 1674 τοῦ
3001 1621 3376 1674 οἰκοδεσπότου
3393 1622 3486 1674 καὶ
3499 1621 3751 1675 διδασκά-

2173 1731 2192 1764 ι
2232 1713 2322 1766 λου
2348 1715 2506 1785 ἡμῶν
2545 1715 2652 1767 ἀπὸ
2679 1714 2787 1767 τῶν
2816 1714 3076 1768 θελόντων
3105 1714 3497 1779 ἐπιϐουλεύειν,
3526 1715 3619 1768 καὶ
3665 1716 3750 1768 ὅτι

485 1838 506 1868 ‹
546 1818 708 1873 etiam
760 1816 978 1887 quando
1021 1817 1297 1886 passionis
1331 1823 1548 1886 tempus
1583 1817 2049 1889 appropinquavit.

2170 1825 2188 1857 ι
2228 1806 2337 1859 ἔσθ’
2368 1807 2458 1859 ὅτε
2481 1807 2599 1860 ουδὲ
2634 1808 2675 1838 ⁸⁷
2722 1807 3004 1878 παρρησίᾳ
3049 1807 3372 1878 περιεπάτει
3414 1808 3482 1860 δι’
3527 1809 3744 1872 αὐτοὺς,

484 1929 502 1962 ι
551 1926 660 1966 non
695 1924 754 1965 se
791 1912 970 1980 ipsum
1007 1908 1249 1972 tradidit,
1275 1907 1369 1963 sed
1409 1909 1744 1978 exspectavit
1785 1909 1958 1963 donec
1995 1908 2064 1962 ad

483 2023 502 2054 ι
549 2019 673 2059 eum
703 2005 953 2058 venirent
981 2018 1104 2056 eum
1130 2000 1326 2072 gladiis
1377 2009 1434 2055 et
1473 2001 1730 2056 fustibus.
1757 2000 1902 2055 Dicit
1929 2017 2062 2072 ergo

483 2114 502 2146 ι
549 2096 667 2150 eis:
703 2093 977 2164 Tanquam
1016 2091 1084 2146 ad
1110 2092 1371 2146 latronem
1393 2092 1600 2146 exiistis
1628 2107 1747 2145 cum
1779 2092 1974 2162 gladiis
2010 2101 2060 2146 et

479 2205 501 2240 ι
542 2185 770 2256 fustibus
828 2184 896 2236 ad
942 2199 1023 2237 me
1065 2180 1607 2251 comprehendendum
1646 2191 1693 2236 ε.
1745 2181 1848 2247 Qui
1895 2191 2058 2236 etiam

480 2296 498 2328 ι
548 2276 881 2330 tradiderunt
912 2275 1104 2344 ipsum,
1139 2273 1338 2343 inquit,
1361 2271 1542 2325 Pilato
1575 2270 1626 2326 δ.
1667 2270 1749 2325 Ad
1777 2273 1898 2340 ejus
1916 2286 2056 2341 quo-

479 2389 496 2419 ι
544 2385 650 2440 que
679 2367 1088 2422 similitudinem
1123 2368 1190 2422 iis
1224 2367 1445 2427 accidit,
1497 2365 1593 2435 qui
1648 2362 1772 2432 ejus
1828 2378 2056 2432 scopum

479 2479 496 2508 ι
547 2460 650 2514 sibi
682 2466 1044 2529 pr0poueutes
1095 2458 1380 2522 incedunt,
1417 2457 1731 2511 divinorum
1784 2455 1905 2524 ejus
1931 2469 2057 2509 ver-

479 2570 497 2604 I
544 2551 736 2604 horum
769 2549 1062 2617 recordati,
1098 2551 1300 2621 quibus
1333 2564 1435 2604 nos
1465 2547 1822 2604 conﬁrmans.
1853 2546 1920 2600 de
1937 2561 2056 2614 per-

477 2659 497 2691 c
543 2642 916 2697 secutionibus
957 2641 1138 2696 dicit:
1200 2639 1468 2694 Attendite
1496 2639 1638 2693 vobis
1681 2639 1814 2707 ipsis
1845 2651 1865 2690 :
1940 2647 2054 2688 tra-

476 2750 496 2782 c
540 2730 666 2785 dent
688 2734 824 2786 enim
851 2750 941 2787 vos
971 2733 1023 2785 in
1045 2731 1291 2794 concilia,
1316 2740 1365 2784 et
1407 2731 1462 2784 in
1503 2731 1613 2784 suis
1653 2729 1934 2799 synagogis
1961 2744 2049 2780 vos

476 2841 494 2875 ι
541 2823 884 2892 ﬂagellabant
922 2834 968 2878 ε.
1008 2822 1240 2877 Tradent
1282 2830 1502 2887 autem,
1561 2821 1722 2884 dixit,
1769 2837 1901 2887 non,
1949 2835 2047 2874 vos

473 2933 493 2963 ι
543 2915 690 2982 ipsos
721 2913 988 2967 tradetis:
1025 2923 1072 2966 et
1101 2912 1169 2965 ad
1217 2913 1476 2980 principes
1519 2919 1570 2966 et
1614 2927 1757 2979 reges
1782 2909 2046 2964 ducemini

473 3026 492 3057 α
538 3017 750 3076 propter
778 3022 964 3060 nomen
995 3022 1166 3059 meum
1201 3005 1248 3067 τ,
1282 3020 1412 3068 non,
1461 3019 1560 3059 vos
1608 3003 1758 3072 ipsos
1807 3002 2041 3057 ducetis.

472 3117 492 3148 ι
537 3096 672 3151 Nam
700 3112 800 3152 nos
837 3111 1054 3168 quoque
1085 3096 1252 3150 vulta
1285 3097 1403 3150 loco
1436 3097 1489 3149 in
1525 3095 1706 3148 locum
1743 3093 2039 3157 transilire,

2171 1917 2188 1949 ι
2228 1899 2321 1952 καὶ
2344 1900 2426 1951 ὅτι
2458 1899 2552 1952 κα)⁵
2575 1899 2621 1930 ’⁸
2649 1900 2738 1952 ὅτε
2759 1901 2788 1951 ὁ
2820 1898 3010 1970 καιρὸς
3034 1899 3126 1952 τοῦ
3159 1900 3361 1964 πάθους
3387 1902 3549 1955 αὐτοῦ
3576 1920 3748 1972 προσδ

2169 2008 2186 2040 ι
2228 1991 2476 2061 ήτγισεν,
2507 1991 2605 2061 οὐχ
2648 1989 2840 2044 ἑαυτὸν
2879 1991 3216 2062 παρέδωκεν,
3243 1992 3357 2045 ἀλλ’
3393 1993 3607 2057 ἐδέξατο
3639 1994 3746 2058 ἓως

2169 2100 2188 2133 ι
2225 2079 2388 2154 ἦλθον
2421 2084 2506 2135 ἐπ’
2538 2083 2702 2136 αὐτὸν
2738 2084 2874 2154 μετὰ
2914 2085 3198 2157 μαχαιρῶν
3223 2085 3315 2138 καὶ
3345 2085 3536 2150 ξύλων.
3581 2086 3745 2152 Λέγει

2165 2189 2184 2221 ι
2223 2171 2352 2239 γοῦν
2377 2172 2445 2203 ¹⁸’
2479 2173 2615 2244 πρὸς
2642 2174 2837 2238 αὐτούς
2857 2191 2869 2204 ·
2924 2171 3015 2242 Ὡς
3045 2176 3142 2228 ἐπὶ
3181 2175 3424 2244 λῃστὴν
3457 2175 3745 2241 ἐξήλθετε

2164 2281 2182 2314 ι
2215 2265 2367 2332 μετὰ
2393 2265 2704 2333 μαχαιρῶν
2731 2265 2830 2318 καὶ
2860 2266 3061 2330 ξύλων
3091 2267 3427 2321 συλλαϐεῖν
3445 2267 3620 2336 με.οἳ
3647 2265 3744 2319 καὶ

2163 2373 2181 2405 ι
2222 2357 2572 2424 παρέδωκαν
2603 2357 2825 2421 αὐτὸν,
2862 2359 3016 2430 φησὶ,
3059 2355 3317 2426 mattqu
3370 2360 3508 2413 Καθ’
3560 2359 3742 2430 ὁμοιόδ

2161 2463 2179 2496 ι
2215 2463 2354 2517 τητα
2372 2446 2501 2515 γοῦν
2523 2447 2710 2511 αὑτοῦ,
2725 2450 2817 2502 καὶ
2836 2450 2884 2501 οἱ
2904 2449 3044 2502 κατὰ
3067 2449 3266 2504 σκοπὸν
3284 2450 3447 2504 αὑτοῦ
3467 2451 3739 2521 βαίνοντες

2160 2556 2178 2590 ι
2216 2539 2537 2605 πεπόνθασι,
2575 2542 2909 2612 μεμνημένοι
2956 2543 3066 2596 τῶν
3113 2541 3273 2598 θείων
3319 2543 3482 2598 αὑτοῦ
3523 2545 3695 2614 λόγων
3719 2584 3736 2604 ,

2158 2648 2177 2680 ι
2217 2629 2283 2683 δι’
2315 2624 2388 2683 ὧν
2417 2633 2780 2703 ἐπιστηρίζων
2801 2636 2947 2704 ἡμᾶς
2977 2636 3107 2706 περὶ
3135 2630 3242 2688 τῶν
3271 2636 3524 2707 διωγμῶν
3553 2637 3697 2706 λέγει
3715 2653 3731 2669 ·

2157 2739 2175 2773 ι
2216 2722 2554 2791 Προσέχετε
2590 2725 2634 2755 ”
2676 2725 2910 2793 ἑαυτοῖς
2932 2743 2945 2756 ο
2981 2725 3406 2795 παραδώσουσι
3440 2728 3549 2798 γὰρ
3578 2729 3734 2799 ὑμᾶς

2156 2833 2173 2865 ι
2212 2818 2298 2881 είς
2317 2816 2624 2884 συνέδρια,
2649 2819 2746 2870 καὶ
2771 2819 2842 2870 ἐν
2870 2819 2999 2885 ταῖς
3019 2820 3395 2889 συναγωγαῖς
3412 2820 3609 2875 αὐτῶν
3621 2839 3734 2892 μα-

2155 2925 2173 2958 ι
2211 2907 2620 2979 στινὼσουσιν
2657 2909 2831 2979 ὑμᾶς.
2858 2911 3291 2980 Παραδὼσουσι
3313 2912 3389 2976 δὲ,
3421 2909 3594 2977 εἶπεν,
3617 2914 3730 2968 ἀλλ’

2153 3017 2172 3048 ι
2213 2999 2336 3069 ούχὶ
2360 3001 2426 3030 ⁸³⁸
2455 3001 2682 3063 ἑαυτοὺς
2711 3000 3082 3071 παραδώσετε·
3109 3003 3205 3056 καὶ
3228 3003 3326 3056 ἐπὶ
3349 3005 3647 3073 ἡγεμόνας
3664 3005 3735 3058 δὲ

2152 3113 2170 3144 ι
2213 3094 2308 3147 καὶ
2333 3094 2616 3161 ,ϐασιλεῖς
2636 3097 2980 3164 ἀχθήσεσθε
3018 3098 3116 3153 διὰ
3145 3099 3208 3152 τὸ
3241 3100 3426 3170 ὄνομά
3446 3119 3583 3170 μου,
3614 3102 3727 3155 ἀλλ’

471 3208 490 3240 ‹
537 3190 664 3244 dum
710 3199 838 3244 sunt
872 3191 963 3260 qui
1013 3206 1113 3244 nos
1153 3197 1558 3259 persequuntur
1586 3194 1808 3257 propter
1839 3201 2038 3240 nomen

2157 3204 2166 3234 l
2209 3185 2328 3255 οὐχὶ
2353 3187 2464 3250 ”“,
2492 3186 2718 3251 ἑαυτοὺς
2744 3188 2900 3254 ἄξετε
2920 3206 2933 3219 ο
2972 3184 3093 3242 ἐπεὶ
3126 3190 3217 3243 καὶ
3242 3193 3554 3263 μεταπηδᾷν
3582 3195 3732 3264 ἡμᾶς

471 3296 489 3328 ι
535 3278 672 3346 ejus.
713 3277 868 3332 Sicut
921 3295 1112 3334 rursus
1142 3294 1266 3332 eum
1299 3278 1568 3332 dicentem
1610 3277 1903 3332 audimus:
1971 3275 2041 3328 Et

469 3391 487 3422 ι
527 3371 735 3442 quando
765 3388 852 3426 vos
884 3371 948 3424 ab
980 3371 1078 3424 hac
1099 3371 1312 3425 civitate
1341 3371 1606 3431 persecuti
1623 3369 1844 3439 fuerint,
1872 3369 2041 3439 fugite

467 3483 485 3514 ι
533 3466 586 3517 in
621 3463 786 3518 aliaat
823 3466 869 3518 ε.
897 3463 1014 3518 Non
1046 3464 1155 3518 vult
1181 3463 1326 3518 enim
1365 3477 1466 3518 nos
1515 3459 1584 3515 ad
1623 3459 1829 3515 diaboli
1865 3460 2039 3530 stipa—

467 3576 485 3607 ι
531 3564 676 3611 tores
728 3558 1096 3628 satellitesque
1147 3556 1478 3626 confugere,
1553 3569 1621 3608 ne
1649 3551 1786 3622 ipsis
1816 3566 2036 3622 quoque

465 3668 484 3697 ε
533 3648 843 3704 multifaria
872 3648 1068 3703 mortis
1100 3662 1269 3702 causa
1304 3646 1500 3706 simus,
1531 3653 1593 3699 ut
1615 3645 1708 3714 qui
1771 3644 1950 3714 ipsos,
1983 3655 2038 3699 et

465 3759 484 3792 ‹
532 3741 840 3811 asperiores
867 3755 991 3795 esse
1019 3754 1308 3810 cogamus,
1339 3745 1394 3792 et
1425 3752 1585 3807 opera
1604 3735 1882 3790 mortifera
1913 3751 2038 3805 per-

467 3850 485 3882 c
533 3845 695 3901 agere
725 3849 738 3885 :
795 3831 885 3885 sed
938 3839 1280 3900 exspectare,
1317 3837 1370 3882 et
1402 3829 1561 3883 nobis
1593 3842 1810 3894 cavere,
1847 3827 2036 3897 vigila-

465 3942 484 3973 ι
536 3937 690 3991 reque
717 3931 767 3974 et
797 3937 972 3983 orare,
1023 3936 1086 3974 ne
1137 3921 1392 3973 intremus
1421 3919 1475 3970 in
1503 3919 1845 3972 tentationem
1871 3915 1921 3972 δ.
1958 3918 2036 3971 lta

464 4031 484 4066 ‹
535 4013 846 4086 Stephanus
871 4013 1102 4084 primus,
1134 4011 1255 4080 ejus
1286 4011 1533 4081 vestigiis
1564 4013 1848 4075 insistens,
1888 4024 2034 4064 mar-

462 4126 480 4157 ε
525 4107 726 4179 tyrium
757 4121 973 4176 passus,
990 4103 1383 4174 Hierosolymis
1405 4103 1474 4156 ab
1499 4102 1700 4173 iniquis
1723 4111 2032 4172 correptus,

463 4221 482 4254 ο
530 4213 583 4256 et
616 4201 671 4255 in
697 4200 991 4255 concilium
1020 4197 1240 4261 ductus,
1275 4197 1548 4268 lapidibus
1576 4197 1828 4256 obrutus.
1856 4196 1911 4250 in
1943 4211 2034 4251 no-

461 4307 479 4339 ι
526 4287 672 4342 mine
709 4287 913 4341 Christi
945 4285 1283 4356 glorificatus
1304 4293 1410 4350 est,
1455 4301 1678 4356 rogans,
1713 4294 1765 4340 et
1791 4284 1980 4340 dicens
2013 4303 2028 4338 :

457 4399 476 4430 ι
528 4379 766 4444 Domine,
791 4396 853 4433 ne
875 4388 1082 4433 statuas
1112 4377 1222 4431 illis
1250 4377 1345 4432 hoc
1376 4388 1648 4446 peccatum
1693 4379 1736 4432 ί.
1771 4375 1850 4430 Ita
1877 4375 2033 4430 Jaco-

458 4495 476 4527 ι
525 4475 629 4531 bus
655 4473 934 4529 secundus
987 4473 1056 4527 ab
1087 4471 1304 4527 Herode
1335 4471 1790 4540 comprehensus,
1848 4469 2030 4539 gladio

2151 3295 2170 3328 ι
2211 3275 2458 3346 βούλεται
2501 3280 2609 3332 ἀπὸ
2649 3279 2828 3337 τόπου.
2853 3282 2932 3344 εἰς
2975 3279 3137 3334 τόπον
3161 3282 3203 3312 ⁸⁰
3245 3282 3604 3353 διωκομένους
3638 3284 3730 3339 διὰ

2148 3387 2167 3421 ι
2205 3365 2264 3422 τὸ
2293 3371 2464 3442 ὄνομα
2490 3371 2656 3425 αὑτοῦ
2683 3391 2692 3403 ·
2724 3373 2798 3437 ὡς
2842 3375 3002 3428 πάλιν
3031 3373 3300 3444 ἀκούομεν
3334 3375 3498 3428 αὑτοῦ
3541 3376 3727 3445 λέγον-

2148 3478 2166 3510 ‹
2205 3477 2295 3524 τος
2314 3476 2328 3490 ⁶
2367 3461 2480 3514 Καὶ
2507 3461 2646 3516 ὅθεν
2676 3463 2751 3533 (εὶ)
2773 3462 3063 3517 διώκωσιν
3084 3463 3234 3533 ὑμᾶς
3266 3465 3333 3517 ἐκ
3364 3463 3473 3534 τῆς
3491 3468 3724 3535 πόλεως

2147 3571 2166 3605 ι
2206 3553 2424 3621 ταύτης
2445 3556 2511 3620 ³¹,
2547 3557 2794 3626 φεύγετε
2821 3559 2908 3622 εις
2934 3556 3049 3624 τὴν
3069 3555 3278 3624 ἑτέραν
3296 3575 3310 3588 ·
3347 3559 3408 3612 οὐ
3441 3558 3550 3630 γὰρ
3583 3559 3724 3613 θέλει

2146 3663 2164 3696 ι
2203 3646 2522 3717 αὐτομολεῖν
2558 3645 2705 3718 ἡμᾶς
2737 3643 2875 3718 πρὸς
2927 3650 3053 3712 τοὺς
3080 3647 3175 3701 τοῦ
3207 3649 3454 3704 διαϐόλου
3486 3653 3723 3706 ὑπασπι-

2146 3753 2165 3787 ι
2207 3735 2338 3800 στὰς
2365 3738 2457 3790 καὶ
2485 3737 2836 3809 δορυφόρους,
2867 3739 3016 3801 ὅπως
3051 3738 3124 3810 μὴ
3156 3741 3249 3792 καὶ
3273 3741 3532 3795 πλειόνων
3560 3743 3722 3796 θανά-

2145 3847 2163 3878 ι
2204 3846 2312 3882 των
2345 3830 2506 3883 αἴτιοι
2533 3828 2718 3894 αὐτοῖς
2745 3829 3021 3902 γινώμεθα
3053 3833 3142 3895 ³⁸⁸,
3173 3833 3246 3898 ὡς
3276 3833 3340 3886 ἂν
3375 3837 3722 3902 καταναγκά·

2143 3939 2161 3971 ‹
2202 3918 2383 3986 ζοντες
2411 3923 2607 3984 αὐτοὺς
2647 3922 2844 3993 μᾶλλον
2887 3924 3395 3995 κατατραχύνεσθαι
3433 3925 3528 3980 καὶ
3569 3926 3717 3979 τελε-

2142 4029 2161 4063 (
2205 4017 2476 4083 σιουργεῖν
2523 4013 2592 4066 τὰ
2633 4014 2982 4087 θανατηφόρα
3027 4015 3195 4087 ἔργα·
3248 4016 3360 4068 ἀλλ’
3408 4016 3718 4087 ἐκδέχεσθαι

2142 4123 2161 4154 ι
2202 4106 2297 4159 καὶ
2327 4104 2613 4177 προσέχειν
2652 4103 2895 4170 ἑαυτοῖς,
2929 4107 3238 4175 πρηγορεῐν
3276 4125 3339 4161 τε
3388 4108 3482 4160 καὶ
3529 4121 3718 4176 προσ--

2141 4216 2160 4250 ι
2199 4199 2502 4267 εὐχεσθαι,
2537 4199 2638 4252 ἵνα
2676 4197 2762 4266 μὴ
2807 4195 3169 4266 εἰσέλθωμεν
3213 4200 3300 4263 εἰς
3361 4199 3714 4268 πειρασμόν.

2139 4307 2158 4339 ι
2199 4285 2356 4342 Οὕτω
2373 4290 2640 4358 Στέφανος
2662 4291 2895 4361 πρῶτος,
2915 4292 3033 4342 κατ’
3065 4290 3208 4359 ἴχνος
3231 4289 3395 4343 αὑτοῦ
3419 4290 3715 4362 μαρτύριον

2139 4399 2158 4432 ι
2199 4380 2612 4451 ἀναδεξάμενος,
2642 4383 2699 4434 ἐν
2747 4375 3138 4452 Ἰεροσολύμοις
3177 4382 3575 4454 συναρπασθεὶς
3609 4382 3716 4435 ὑπὸ

2139 4492 2157 4524 ι
2197 4473 2302 4526 τῶν
2333 4470 2696 4545 παρανόμων,
2729 4473 2824 4526 καὶ
2863 4470 3048 4544 ἀχθεὶς
3077 4475 3134 4526 ὲν
3166 4473 3242 4544 τῷ
3264 4473 3542 4546 συνεδρίῳ,
3572 4473 3714 4526 λιθο-

457 4587 475 4620 ι
523 4567 701 4638 capite
731 4573 1021 4621 truncatus
1047 4573 1147 4620 est.
1182 4565 1260 4619 Ita.
1291 4563 1488 4619 Petrus
1509 4563 1884 4633 apostolorum
1909 4563 2024 4632 pri-

2195 4543 2516 4635 ϐολούμενος
2557 4567 2613 4617 ὲν
2643 4562 2867 4636 ὀνόματι
2902 4543 3146 4637 Χριστοῦ
3195 4543 3504 4636 gavisam,
3530 4583 3709 4637 παρα-

455 4679 476 4709 (
522 4674 664 4720 mus,
701 4673 843 4729 saepe
882 4657 1347 4727 comprehensus,
1391 4663 1444 4710 et
1469 4654 1736 4710 custodite
1765 4652 2020 4714 traditus,

452 4767 471 4798 ι
516 4749 924 4819 ignominiaque
979 4748 1226 4810 allectus,
1259 4755 1539 4818 postremo
1569 4745 1754 4798 Romae
1801 4742 2022 4798 cruciﬁ-

452 4863 470 4894 ι
522 4860 625 4900 xus
651 4852 758 4899 est.
794 4842 1057 4898 Similiter
1093 4851 1148 4898 et
1193 4845 1432 4914 inclytus
1466 4840 1694 4906 Paulus,
1726 4855 1868 4910 saepe
1911 4850 2024 4894 tra-

465 4955 484 4987 ι
533 4937 702 5000 ditus,
735 4944 789 4990 ct
817 4935 884 4989 ad
919 4944 1152 4990 mortem
1175 4949 1350 5004 usque
1410 4934 1464 4987 in
1505 4931 1812 5001 periculum
1849 4930 2020 4984 addu-

452 5050 470 5082 ι
518 5039 660 5094 ctus,
679 5030 847 5083 multa
879 5031 1022 5083 mala
1044 5044 1360 5100 perpessus,
1383 5037 1437 5081 et
1459 5027 1513 5081 in
1541 5025 1728 5080 multis
1764 5041 2020 5095 persecu-

2138 4675 2156 4708 ι
2198 4657 2376 4710 καλῶν
2426 4657 2520 4711 καὶ
2567 4656 2770 4727 λέγων’
2825 4661 3034 4726 Κύριε,
3080 4659 3166 4728 μὴ
3225 4660 3463 4728 στήσῃς
3509 4658 3712 4724 αὐτοῖς

2137 4765 2156 4796 ι
2195 4749 2420 4814 ταύτην
2448 4746 2539 4777 ³¹“
2569 4747 2683 4815 τὴν
2703 4748 3016 4816 ἁμαρτίαν.
3035 4745 3221 4810 Οὕτως
3248 4747 3501 4810 Ἰάκωόος
3532 4745 3714 4799 δεῦτεσι

2136 4858 2154 4890 ι
2200 4857 2288 4911 ρος
2313 4838 2634 4910 συλληφθεὶς
2656 4840 2760 4893 ὑπὸ
2789 4839 3048 4910 Ἡρώδου,
3082 4841 3325 4911 μαχαίρᾳ
3349 4839 3446 4910 τὴν
3469 4837 3710 4907 κεφαλὴν

2135 4951 2153 4982 ι
2196 4931 2506 5004 ἀπετμήθη.
2535 4932 2721 4993 Οὕτως
2745 4935 2774 4985 ὁ
2803 4933 3094 5004 πρόκριτος
3121 4933 3230 4985 τῶν
3264 4931 3576 4986 ἀποστόλων
3604 4929 3711 4981 Πέέ

2136 5042 2154 5074 ι
2195 5041 2320 5095 τρος
2347 5064 2362 5087 ,
2409 5024 2666 5088 πολλάκις
2701 5021 3022 5097 συλληφθεὶς
3078 5023 3172 5078 καὶ
3216 5023 3562 5094 φυλακισθεὶς
3614 5021 3704 5074 καὶ

516 5160 539 5188 ι
567 5145 762 5202 Matth.
796 5161 945 5211 xxvt,
971 5147 1058 5200 ll.
1137 5146 1165 5186 ι)
1199 5145 1392 5200 Matth.
1427 5159 1504 5206 vI,
1540 5145 1623 5198 15.
1670 5156 1692 5184 ο
1730 5143 1926 5198 Matth.
1963 5159 2115 5206 xxvr,
2152 5143 2239 5198 55.
2308 5143 2332 5182 δ
2367 5143 2562 5198 Matth.
2595 5159 2770 5212 xxv",
2791 5143 2848 5200 9.
2893 5156 2916 5182 ε
2942 5143 3134 5198 Matth.
3161 5160 3214 5207 ι,
3245 5144 3332 5198 Π.
3396 5143 3414 5181 ί
3449 5142 3580 5196 ibid.
3616 5140 3704 5196 l8.-

441 5227 469 5264 κ
503 5217 695 5272 Matth.
723 5234 779 5282 Χ,
809 5219 901 5274 25.
979 5219 1007 5258 ιι
1042 5215 1238 5270 Matth.
1286 5231 1435 5277 XXVI,
1463 5215 1551 5268 i7.
1633 5215 1651 5252 ί
1685 5216 1805 5268 Act.
1868 5230 1961 5276 vn,
2008 5214 2098 5268 59.

1776 5335 2011 5391 VARle
2058 5334 2351 5391 LECTION
2357 5334 2460 5390 ES.

509 5451 821 5522 "_¢aUTOt¢.
899 5451 946 5482 ’⁸
975 5448 1440 5522 προσεκκαίοντες
1469 5445 1790 5522 ἄνθρακαςη
1856 5451 1925 5482 “‘

445 5520 706 5593 εῖσελθεῖν
732 5524 814 5584 εἰς
839 5520 1145 5593 πειρασμόν
1166 5521 1330 5593 deest.

444 5590 510 5623 “‘
545 5593 663 5660 οὐχ.
742 5593 835 5623 ³³η
861 5590 979 5662 οὐχ.

510 5706 588 5776 (2)
618 5709 728 5760 Kal
768 5707 925 5779 ὅθεν.
981 5707 1038 5762 In
1068 5709 1334 5779 ms.4cod.
1386 5709 1714 5779 bombycino
1748 5708 2022 5779 amplissi-

437 5777 513 5835 mi
550 5778 820 5835 senatoris
866 5777 1128 5833 Bernardi
1182 5777 1340 5849 Nani,
1399 5779 1492 5834 fol.
1530 5777 1655 5846 208,
1684 5780 1773 5834 ubi
1805 5777 2025 5836 eistant

1427 5521 1564 5551 ειη-ο
1578 5519 1894 5590 ’γενομένας
1911 5519 2192 5583 πολλάκις.

1054 5593 1098 5622 ³⁰
1123 5591 1303 5644 τόπων
1335 5594 1414 5654 εἰς
1446 5590 1687 5654 τόπους,
1742 5592 1782 5621 ³¹
1817 5592 2011 5644 ὅταν...
2050 5593 2107 5643 ὲν
2137 5593 2202 5662 τῇ
2234 5591 2386 5643 πόλει
2412 5591 2608 5662 ταῦτῃ.

2141 5449 2229 5481 ²⁶⁹⁶
2267 5451 2342 5552 μή
2375 5449 2551 5505 deest.
2655 5451 2768 5482 "‘“
2796 5451 3138 5512 διδάσκοντος
3181 5448 3579 5521 προσεύχεσθαι
3627 5445 3706 5521 μὴ

2147 5537 2172 5552 ρ
2291 5521 2310 5551 1
2339 5519 2458 5552 ,τωρ
2561 5521 2604 5552 ιιι
2627 5520 2775 5552 AM...
2812 5523 2905 5552 ,ηε
2994 5522 3062 5552 ις.
3086 5515 3179 5552 “rm
3279 5521 3322 5552 η
3355 5519 3675 5552 ηλληέαηω

2291 5515 2515 5592 Ῐόὓτεε
2561 5521 2604 5558 ³⁸
2627 5520 2780 5592 deest
2812 5523 2925 5592 καί.
2994 5522 3062 5553 ’θ’
3086 5515 3198 5580 οὖν.
3225 5515 3236 5521 ’
3279 5521 3322 5552 ²⁹
3355 5515 3700 5592 προσέχεταιξ

2688 5591 2754 5622 ³¹⁶
2787 5591 3092 5662 γενώμεθα.
3169 5593 3259 5622 ’ν’
3285 5590 3493 5660 ταύτην
3519 5605 3627 5644 om.

2132 5724 2373 5782 canones
2421 5709 2609 5782 9,}0.
2655 5710 2744 5771 ιε,
2781 5710 2992 5782 15,⁴14,
3041 5709 3132 5765 hic
3182 5710 3380 5782 legitur
3427 5709 3520 5765 uati
3547 5707 3707 5775 ὅταν,

2133 5789 2190 5834 ut
2221 5781 2275 5835 in
2308 5788 2458 5836 textu
2495 5779 2685 5835 Matth.
2719 5798 2773 5850 ι,
2798 5781 2887 5837 ‘25.
