4132 6414
377 359 483 416 ιεες

1596 341 1930 401 EPISTULA
1971 339 2339 396 CANUNICA.

3509 323 3613 380 486

379 498 405 536 ι
441 479 783 552 ἀτιμασθεὶς,
809 477 1031 547 ὕστερον
1059 473 1118 528 ὲν
1144 470 1329 542 Ῥώμῃ
1345 465 1661 541 ἐσταυρώθη
1683 464 1832 536 (5)."
1846 463 1955 518 Καὶ

2070 478 2082 511 ι
2131 458 2374 515 tionibus
2423 453 2921 521 amictionibusque
2976 444 3260 519 gloriatus,
3318 443 3374 498 in
3430 439 3619 499 eadem

380 592 405 630 ε
437 575 467 628 ό
511 570 833 644 περιϐόητος
864 566 1075 629 Παῦλος
1096 605 1111 630 ,
1156 561 1442 626 πλεονάκις
1482 557 1805 631 παραδοθεὶς
1854 556 1949 609 καὶ

382 684 408 722 ε
442 665 550 730 ἕως
596 664 826 719 θανάτου
852 658 1229 721 κινδυνεύσας,
1259 656 1429 711 πολλά
1466 672 1526 708 τε
1568 653 1809 724 ἀθλήσας
1856 651 1949 704 καὶ

383 776 409 812 α
443 753 860 827 καυχησάμενος
900 752 957 803 ὲν
998 748 1210 811 πολλοῖς
1251 746 1508 815 διωγμοῖς
1553 741 1647 796 καὶ⁸
1679 738 1947 808 θλίψεσιν,

384 867 407 904 ι
445 851 503 903 ὲν
530 852 598 920 τῇ
632 848 768 917 αὐτῇ
808 844 961 897 πόλει
997 842 1090 895 καὶ
1127 839 1288 901 αὐτὸς
1318 835 1560 907 μαχαίρᾳ
1584 832 1680 904 τὴν
1709 828 1950 899 κεφαλὴν

386 956 407 990 ι
445 919 756 1010 ἀπετμήθη⁸
785 932 844 996 ὃς
867 933 925 984 ὲν
962 924 1042 992 οἷς
1069 927 1431 997 ἐκαυχήσατο,
1464 921 1723 992 mang
1752 920 1839 952 “‘-
1869 919 1950 971 ὅτι

386 1048 404 1079 ι
448 1029 542 1081 καὶ
570 1002 663 1060 ’λδ
686 1002 744 1079 ὲν
763 1020 1037 1095 Δαμασκῷ
1061 1020 1277 1090 σπυρίδι
1298 1016 1569 1089 ὲχαλάσθη
1608 1002 1697 1068 διὰ
1720 1012 1813 1067 τοῦ
1845 1011 1951 1063 τεί-

388 1140 407 1173 ι
444 1135 569 1191 χους
590 1117 803 1179 νυκτὸς,
836 1114 931 1168 καὶ
956 1113 1184 1181 ἐξέφυγε
1209 1108 1309 1173 τάς
1342 1110 1530 1179 χεῖρας
1548 1103 1641 1159 τοῦ
1665 1100 1950 1175 ζητοῦντος

386 1231 409 1267 ι
444 1212 607 1266 αὐτὸν
663 1211 873 1264 πιάσαι.
909 1207 983 1260 Τὸ
1029 1206 1138 1278 γὰρ
1175 1203 1533 1275 προκείμενον
1556 1196 1623 1271 ἦν
1656 1198 1857 1259 αὐτοῖς,
1893 1196 1950 1248 ἐν

387 1323 407 1356 ι
444 1302 680 1376 πρώτοις
703 1297 1146 1370 εὐαγγελίζεσθαι
1170 1297 1265 1351 καὶ
1291 1295 1559 1350 διδάσκειν
1580 1291 1653 1363 (4)
1682 1291 1771 1343 τὸν
1795 1288 1950 1356 λόγον

388 1417 407 1449 ‹
447 1396 541 1450 τοῦ
571 1394 728 1461 Θεοῦ,
757 1396 816 1447 ὲν
852 1388 935 1456 οἷς
958 1387 1437 1456 ἐπιστηρίζοντες
1473 1383 1613 1448 τοὺς
1650 1377 1952 1447 ἀδελφοὺς

388 1508 410 1543 ι
443 1489 722 1559 ἐμμένειν
749 1488 820 1541 ἐν
848 1484 924 1555 τῇ
957 1485 1178 1543 πίστει,
1201 1480 1294 1534 καὶ
1318 1478 1477 1531 τοῦτο
1503 1475 1707 1543 ἔλεγον,
1740 1471 1831 1525 ὅτι
1856 1468 1953 1523 διὰ

389 1600 409 1634 ι
446 1579 694 1636 πολλῶν
733 1580 996 1647 θλίψεων
1024 1574 1120 1628 δεῖ
1152 1569 1445 1626 εἰσελθεῖν
1491 1570 1578 1632 εὶς
1622 1563 1740 1631 τὴν
1769 1561 1952 1627 βασι·

390 1693 411 1728 ι
447 1675 622 1729 λείαν
652 1672 756 1726 τοῦ
786 1669 953 1725 Θεοῦ.
991 1666 1243 1735 Ἐζήτουν
1267 1662 1376 1732 γὰρ
1402 1661 1463 1713 οὐ
1490 1658 1551 1711 τὺ
1586 1654 1789 1710 ἑαυτῶν
1816 1670 1953 1723 συμ-

390 1786 412 1822 «
451 1768 635 1839 φέρον,
664 1763 800 1818 ἀλλά
827 1763 890 1816 τὸ
931 1760 1038 1814 τῶν
1082 1756 1319 1820 πολλῶν,
1352 1754 1439 1807 ἵνα
1472 1750 1720 1814 σωθῶσι,
1750 1748 1845 1802 καὶ⁸
1884 1743 1953 1819 ἦν

2062 572 2081 605 ‹
2128 552 2264 607 urbe
2293 551 2413 619 ipse
2438 561 2657 620 quoque
2684 542 2868 615 gladio
2899 540 3078 611 capite
3101 537 3364 593 multatus
3384 541 3468 591 est
3496 530 3623 602 ;qui

2061 665 2079 697 ι
2130 645 2183 699 in
2217 643 2418 713 quibus
2472 639 2738 711 gloriatus
2769 642 2876 698 est,
2910 634 3026 705 ipse
3068 634 3123 687 in
3155 631 3224 687 iis
3246 629 3412 683 vitam
3444 624 3620 690 ﬁniit;

2061 756 2079 789 ι
2124 743 2179 791 et
2210 732 2356 804 quod
2384 729 2631 785 Damasci
2661 729 2717 782 in
2744 732 2933 795 sporta
2966 730 3132 777 noctu
3158 737 3255 792 per
3281 732 3497 774 murum
3524 714 3623 770 de-

2059 846 2080 879 ι
2127 826 2330 881 missus
2351 832 2455 887 est,
2488 831 2541 877 et
2571 818 2760 891 eﬂ‘ugit
2789 817 2911 886 ejus
2938 829 3135 870 manus
3164 813 3257 883 qui
3297 826 3421 866 eum
3451 823 3618 863 cona-

2060 939 2081 972 ι
2128 919 2290 973 batur
2319 916 2646 987 opprimere.
2678 912 2808 965 Erat
2833 907 2978 963 enim
3007 906 3090 960 eis
3124 904 3178 957 in
3209 902 3400 972 primis
3423 914 3623 970 propo-

2061 1029 2081 1062 ι
2130 1009 2296 1065 situm
2327 985 2723 1074 evangelizare,
2754 1004 2810 1052 et
2860 994 3087 1049 verbum
3130 989 3227 1045 Dei
3276 991 3516 1043 docere:
3564 985 3623 1040 in

2067 1120 2087 1153 ι
2136 1099 2340 1170 quibus
2370 1097 2567 1164 fratres
2584 1091 2957 1160 conﬁrmanles
2986 1094 3044 1138 ut
3065 1088 3330 1137 manerent
3357 1080 3414 1133 in
3438 1077 3540 1147 ﬁde
3571 1088 3623 1140 ι,

2062 1213 2081 1245 ι
2127 1169 2479 1261 hoc-quoque
2510 1185 2786 1245 dicebant,
2842 1178 2978 1249 quod
3007 1193 3099 1246 per
3126 1173 3321 1229 multas
3377 1169 3627 1239 afﬂictio-

2062 1304 2081 1337 ι
2134 1301 2222 1338 nes
2240 1290 2441 1353 oportet
2465 1279 2519 1331 in
2542 1289 2758 1345 regnum
2777 1269 2875 1324 Dei
2897 1266 3119 1338 ingredi.
3138 1263 3465 1331 Quaerebam
3481 1258 3627 1314 enim

2062 1397 2081 1429 ι
2130 1392 2238 1432 non
2264 1352 2413 1444 quod
2448 1369 2551 1425 sibi
2577 1372 2696 1422 erat
2720 1361 2872 1424 utile,
2899 1358 2996 1414 sed
3026 1356 3173 1427 quod
3206 1352 3413 1413 multis,
3430 1356 3490 1404 ut
3519 1363 3629 1404 ser-

2063 1489 2081 1521 ι
2130 1439 2410 1528 varentur,
2437 1472 2491 1517 et
2519 1458 2688 1514 multa
2724 1453 2860 1525 ipsis
2906 1452 3094 1505 liceret
3127 1446 3193 1501 ad
3224 1446 3340 1500 haec
3374 1439 3628 1496 facientia

2063 1576 2081 1608 ι
2127 1556 2344 1616 dicere,
2407 1556 2468 1605 ut
2523 1547 2690 1602 verbo
2750 1542 2843 1597 Dei
2902 1537 3288 1595 convenienter
3342 1531 3624 1587 facerent:

2063 1668 2082 1702 ι
2134 1647 2276 1709 Nisi,
2295 1652 2354 1698 ut
2389 1641 2523 1698 dicit
2540 1636 2852 1709 Apostolus,
2883 1648 2976 1686 nos
3005 1640 3206 1698 tempus
3247 1630 3524 1678 narrantes
3540 1622 3634 1676 de-

2062 1761 2082 1794 ι
2127 1742 2301 1812 ﬁceret
2317 1737 2368 1791 ι’.
2392 1753 2413 1787 ι

391 1881 413 1916 ι
452 1804 635 1916 ξιοῖλδί
648 1861 825 1928 λέγειν
850 1858 1032 1919 αὐτοῖς
1056 1856 1135 1917 εἰς
1162 1804 1336 1905 ταῦτά
1362 1847 1498 1920 πρὸς
1533 1845 1597 1901 τὸ
1638 1804 1780 1899 κατὰ
1807 1804 1963 1912 λόγον
2001 1804 2287 1912 πράσσειν,
2309 1834 2359 1887 εἰ
2376 1826 2579 1898 μὴ,ὡς
2599 1825 2747 1894 λέγει
2770 1825 2800 1877 ὁ
2827 1817 3169 1882 ’Δπόστολος,
3185 1813 3451 1869 ἐπιλίποι
3467 1806 3516 1840 ⁸³
3574 1804 3628 1859 δ’

391 1975 412 2008 ι
449 1954 527 2010 ἂν
550 1952 707 2025 ἡμᾶς
739 1950 1168 2021 διηγουμένους
1197 1949 1230 2000 ό
1256 1944 1494 2014 χρόνος.
1523 1960 1542 1993 ι

458 2071 655 2125 ΒΑΛΣ.
690 2069 754 2123 Οἱ
784 2067 908 2139 ἄρτι
931 2062 1026 2118 τοῦ
1062 2061 1228 2115 ὕπνου
1256 2057 1682 2127 ἐξανιστάμενοι,
1705 2054 1799 2108 καὶ
1830 2050 1964 2123 μᾶλ-

2132 2041 2296 2097 Βιιε.
2333 2035 2438 2104 Qui
2460 2050 2492 2089 e
2516 2045 2710 2089 somno
2766 2027 2928 2083 modo
2959 2028 3280 2093 exsurgunt,
3314 2026 3369 2075 et
3393 2015 3632 2071 maxime

2089 2136 2101 2139 -
2251 2131 2266 2139 ·
2440 2126 2461 2139 τ
2550 2124 2566 2139 ι
2694 2138 2703 2139 κ
2747 2133 2929 2139 “Au-
2957 2115 3351 2139 __-...-L-..-....
3398 2123 3508 2139 ..ηη
3531 2107 3630 2139 ι...Δ

386 2166 477 2219 λον
514 2167 563 2218 εἰ
597 2163 875 2233 ώμόῦπνοι
906 2153 1036 2220 εἷεν,
1068 2154 1128 2208 οὐ
1164 2149 1537 2221 καθεστηκότα
1576 2148 1666 2202 τὸν
1702 2143 1959 2215 λογισμὸν

389 2257 623 2329 ἔχουσιν,
657 2251 793 2308 ἀλλά
839 2246 1242 2322 τεταραγμένον
1281 2244 1376 2298 καὶ
1413 2241 1814 2296 ἀκατάστατονο
1849 2254 1960 2292 τοι·

389 2326 566 2413 οῦτοις
613 2345 947 2418 παρείκασεν
972 2343 1001 2395 ό
1049 2339 1376 2410 ἱερομάρτυς
1415 2326 1569 2398 οὗτος
1613 2334 1733 2397 τοὺς
1780 2345 1961 2402 παρα-

392 2442 675 2515 πηδῶντας
701 2440 782 2501 εἰς
826 2436 916 2489 τὸν
959 2432 1173 2503 ἀγῶνα,
1201 2432 1365 2502 ήγουν
1408 2427 1535 2491 τοὺς
1583 2425 1657 2497 μὴ
1688 2423 1963 2486 εὐτάκτως

395 2514 527 2590 ἀλλά
549 2533 793 2606 θρασέως
812 2529 905 2583 καὶ
927 2523 1342 2599 ἀπερισκέπτως
1361 2516 1717 2579 εἰσωθοῦντας
1742 2514 1963 2577 ἑαυτοὺς

394 2629 474 2693 εἰς
499 2626 589 2681 τὸν
617 2623 832 2693 ἀγῶνα,
863 2620 1118 2673 ὠδίνοντα
1146 2614 1240 2669 καὶ
1277 2612 1534 2685 μέλλοντα
1565 2607 1810 2672 ὲλκῦσαι,
1844 2605 1965 2660 ἀντὶ

394 2718 514 2785 τοῦ,
542 2720 704 2789 μήπω
720 2716 800 2777 εἰς
828 2709 1057 2782 φανερὸν
1086 2700 1565 2779 ἐκραγῆναι,νάλλά
1593 2697 1964 2772 μελετώμενον

396 2810 491 2864 καὶ
515 2788 793 2880 μέλλοντα,
818 2802 935 2873 ήτοι
973 2798 1297 2872 βραδύνοντα
1340 2791 1561 2848 έλκῦσαι
1594 2791 1719 2854 τούς
1763 2788 1966 2856 ἀγωνι-

398 2897 672 2970 ζομένους,
734 2894 927 2957 οἵτινες
968 2890 1178 2953 ἑαυτοῖς
1234 2884 1536 2958 πειρασμὸν
1587 2880 1926 2936 ἐπισπῶνται
1949 2916 1965 2940 ,

398 2968 564 3061 ἦγουν
590 2989 668 3052 εἰς
700 2984 926 3047 ἑαυτοὺς
948 2981 1167 3035 ἕλκουσι
1200 2976 1522 3049 πειρασμόν.
1550 2973 1768 3028 Μᾶλλον
1793 2970 1851 3025 δὲ
1873 2968 1968 3024 καὶ⁵

399 3084 577 3146 ἄλλοις
605 3082 814 3142 πιστοῖς
842 3075 1168 3131 ἀνάπτουσιν
1190 3070 1465 3142 ἄνθρακας
1491 3061 1847 3138 ἁμαρτωλῶν,
1871 3063 1970 3126 τὰς

402 3179 467 3231 ἐκ
515 3173 623 3228 τῶν
668 3170 947 3243 τυράννων
997 3163 1235 3238 δηλονότι
1289 3160 1558 3223 κολάσεις.
1596 3157 1738 3210 Ἀλλ’
1788 3157 1836 3209 εἱ
1876 3154 1971 3208 καὶ

403 3266 641 3321 αἰτιᾶται
670 3263 797 3325 τοὺς
828 3258 970 3314 οὕτω
993 3248 1298 3318 ποιοῦντας,
1327 3252 1600 3306 κοινωνεῖν
1626 3246 1763 3311 τέως
1793 3247 1973 3309 αὐτοῖς

404 3358 529 3421 τοὺς
551 3356 772 3416 πιστοὺς
798 3352 1157 3414 διατάττεται,
1190 3348 1273 3401 ὅτι
1303 3344 1389 3400 διὰ
1420 3345 1510 3398 τὸν
1525 3339 1759 3413 Χριστὸν
1785 3340 1975 3392 ὐπεισ-

403 3452 568 3523 ἦλθον

406 3521 656 3603 σκαλίαν,
685 3536 1026 3596 διδάσκοντος
1054 3533 1225 3585 αἰτεῖν
1256 3527 1331 3601 μὴ
1358 3524 1742 3599 πειρασθῆναι,
1773 3522 1867 3575 καὶ
1892 3521 1975 3573 δτι

406 3633 525 3690 οὐδὲ
576 3629 765 3685 ἑαυτὸν
818 3623 1130 3696 παρέδωκεν
1153 3662 1168 3686 ,
1218 3618 1352 3675 ἀλλά
1398 3615 1668 3689 παρεδόθη
1688 3631 1701 3645 ·
1748 3612 1848 3666 καὶ
1902 3608 1977 3681 μὴ

407 3721 724 3795 αὐτομολεῖν
752 3716 888 3790 πρὸς
913 3716 1041 3778 τοὺς
1076 3709 1362 3774 κολαστὰς,
1391 3710 1478 3762 ἵνα
1509 3707 1582 3779 μὴ
1611 3704 1771 3760 αἴτιοι
1795 3703 1976 3763 αὐτοῖς

407 3816 639 3887 γίνοιντο
669 3809 928 3863 πλειόνων
966 3804 1141 3875 φόνων
1165 3843 1179 3867 ,
1213 3799 1401 3871 ῶσπερ
1438 3796 1847 3869 παραθήγοντες
1878 3792 1978 3846 αὐ-

407 3885 534 3974 τοὺς
558 3911 638 3971 εἰς
665 3906 765 3970 τὰς
812 3901 954 3958 κατά
989 3898 1099 3953 τῶν
1141 3893 1379 3950 εὐσεϐῶν
1416 3891 1703 3963 τιμωρίας.
1755 3885 1981 3955 Ἐπάγει

410 4004 468 4058 δὲ
501 4003 596 4057 καὶ
625 4000 857 4069 διάφορα
886 3989 1303 4066 παραδείγματα
1332 3983 1586 4058 Γραφικά
1612 3984 1641 4035 ὁ
1669 3977 1873 4035 κανών.

485 4094 727 4149 ΖΩΝΑΡ.
775 4090 841 4146 Οἱ
887 4085 1011 4160 άρτι
1055 4083 1151 4139 τοῦ
1194 4082 1361 4136 ὕπνου
1409 4073 1848 4144 ἐξανιστάμενοι,
1890 4069 1985 4123 καὶ

418 4187 613 4261 μᾶλλον
660 4186 708 4237 εἰ
749 4159 1026 4251 ὠμόῢπνοι
1072 4170 1210 4237 εἷεν,
1257 4171 1317 4224 οὐ
1352 4165 1726 4236 καθεστηκότα
1761 4160 1851 4216 τὸν
1894 4159 1985 4214 λο-

415 4252 611 4349 γισμὸν
647 4274 877 4344 ἔχουσιν,
911 4267 1045 4324 ἀλλά
1083 4260 1509 4336 τεταραγμένον,
1541 4257 1636 4310 καὶ
1676 4252 1986 4308 ἀκατάστα-

560 4341 836 4428 Τοιούτοις
877 4360 1208 4431 παρείκασεν
1235 4356 1264 4408 ό
1302 4351 1627 4426 ἱερομάρτυς
1666 4341 1819 4410 οὗτος
1862 4344 1988 4407 τοὺς

418 4457 854 4535 παραπηδῶντας
898 4455 976 4516 εις
1004 4451 1131 4513 τοὺς
1161 4445 1399 4516 ἀγῶνας,
1429 4443 1594 4515 ήγουν
1618 4439 1746 4502 τούς
1789 4435 1861 4508 μὴ
1896 4436 1987 4488 εὐ-

420 4528 647 4616 τάκτως*
660 4550 794 4605 ἀλλὰ
819 4546 1063 4619 θρασέως
1082 4544 1176 4597 καὶ
1196 4538 1614 4612 ἀπερισκέπτως
1630 4528 1988 4590 εἰσωθοῦντας

422 4644 648 4709 ἑαυτοὺς
676 4644 754 4706 εἰς
782 4616 874 4693 τὸν
892 4636 1097 4707 ἀγῶνα,
1130 4632 1385 4687 ὠδίνοντα
1415 4628 1508 4681 καὶ
1542 4624 1803 4698 μέλλοντα
1836 4616 1992 4672 ὲλκῦ-

427 4757 535 4801 σαι,
576 4707 698 4791 ἀντὶ
742 4730 835 4786 τοῦ
887 4730 1049 4801 μήπω
1092 4726 1172 4788 εἰς
1220 4718 1451 4793 φανερὸν
1491 4715 1820 4789 ἐκραγέντα,
1855 4707 1989 4764 ἀλλά

427 4798 797 4901 μελετώμενον
840 4798 1240 4888 καὶνμέλλοντα,
1266 4812 1383 4881 ήτοι
1414 4806 1740 4880 βραδύνοντα
1768 4798 1990 4855 ὲλκῦσαι

425 4891 551 4983 τούς
572 4891 1003 4985 ἀγωνιζομένους
1024 4922 1039 4936 °
1070 4904 1263 4966 οἵτινες
1302 4895 1607 4970 πειρασμὸν
1632 4891 1989 4952 ἐπισπῶνται,

427 4980 592 5084 ήγούν
621 4980 703 5071 εἰς
736 4980 958 5063 ἑαυτοὺς
989 4996 1205 5051 ἕλκουσι
1237 4988 1559 5062 πειρασμὸν,
1587 4984 1781 5057 μᾶλλον
1807 4982 1863 5034 δὲ
1900 4980 1995 5034 καὶ

427 5072 606 5166 ἀλλοις
657 5099 867 5160 πιστοῖς
917 5091 1245 5147 ἀνάπτουσιν
1299 5081 1573 5155 ἄνθρακας
1623 5072 1957 5148 ἁμαρτωλῶν
1979 5109 1995 5132 ,

537 5269 566 5299 ι
589 5256 706 5310 Act.
731 5266 844 5316 11v,
870 5249 962 5303 2i.
1034 5244 1065 5286 δ
1100 5237 1354 5301 Ηειυπι,
1375 5233 1464 5290 52.

2059 2136 2107 2192 si
2133 2131 2305 2189 crudo
2333 2124 2715 2200 profundoque
2741 2133 2935 2177 somno
2957 2115 3370 2188 premebantur,
3398 2123 3510 2165 non
3531 2107 3630 2163 ha-

2057 2227 2188 2282 bent
2223 2199 2567 2278 conStantem
2596 2214 2886 2275 rationem,
2931 2208 3026 2266 sed
3058 2205 3428 2277 perturbatam
3455 2209 3510 2257 et
3536 2199 3624 2254 in—

2062 2315 2313 2375 stabilem
2351 2330 2365 2366 :
2397 2309 2598 2365 talibus
2631 2303 2902 2361 assimilat
2947 2304 3336 2355 sacrosanctus
3368 2294 3458 2348 hic
3486 2307 3632 2347 mar-

2062 2419 2149 2481 tyr
2175 2422 2271 2463 eos
2311 2404 2403 2475 qui
2435 2416 2541 2457 non
2594 2397 2866 2459 ordinate,
2901 2391 2998 2448 sed
3030 2386 3321 2445 temerarie
3354 2391 3408 2439 et
3442 2383 3633 2439 incon-

2063 2500 2301 2558 siderate
2333 2511 2393 2552 se
2421 2495 2477 2549 in
2505 2499 2782 2549 certamen
2827 2483 3117 2540 intrudunt
3152 2497 3168 2546 ;
3216 2475 3552 2548 parturiens,
3579 2480 3633 2528 et

2063 2592 2285 2648 trahere
2312 2585 2590 2649 differens,
2621 2596 2721 2653 pro
2753 2594 2819 2635 eo
2849 2576 2993 2648 quod
3022 2572 3267 2628 nondum
3299 2570 3356 2622 in
3389 2574 3635 2637 apertum

2064 2682 2266 2753 erupit,
2312 2677 2409 2736 sed
2441 2675 2737 2731 meditatur
2767 2676 2822 2725 et
2847 2665 3049 2729 diliert,
3083 2678 3181 2718 seu
3227 2664 3520 2715 cunctatur
3541 2653 3638 2709 de-

2067 2749 2340 2831 certantes
2364 2770 2604 2831 trahere,
2624 2765 2718 2837 qui
2733 2762 2951 2819 sibimet
2980 2749 3635 2813 tentationem-alliciunt,

2069 2869 2184 2924 sive
2216 2867 2272 2922 in
2300 2880 2359 2920 se
2395 2863 2544 2933 ipsos
2594 2857 2954 2914 tentationem
3001 2849 3244 2904 trahunt.
3278 2843 3511 2899 Maxime
3540 2855 3632 2894 au-

2069 2968 2198 3022 tem,
2229 2964 2284 3011 et
2307 2953 2429 3008 aliis
2455 2949 2704 3006 ﬁdelibus
2748 2948 3097 3018 peccatorum
3127 2935 3395 2992 carbOues
3447 2945 3644 2985 accen-

2070 3050 2230 3113 dunt,
2262 3062 2293 3102 a
2323 3043 2566 3118 tyrannis
2618 3038 2829 3096 scilicet
2878 3033 3211 3105 punitiones.
3260 3025 3366 3082 Sed
3408 3024 3512 3081 etsi
3544 3037 3641 3079 eos

2072 3141 2167 3211 qui
2194 3139 2276 3196 sic
2304 3114 2533 3199 faciunt,
2583 3127 2978 3200 reprehendit;
3014 3123 3173 3193 jubet
3222 3126 3405 3173 tamen
3456 3114 3643 3170 ﬁdeles

2072 3233 2155 3288 eis
2188 3229 2359 3284 nihilo
2386 3225 2565 3281 secius
2603 3217 3041 3278 communicare,
3071 3211 3201 3282 quia
3233 3218 3456 3281 propter
3477 3205 3639 3261 Chri-

2077 3331 2223 3378 stum
2247 3326 2523 3375 certamen
2543 3313 2851 3372 subierunt,
2879 3304 3133 3377 quamvis
3164 3303 3312 3355 illius
3333 3298 3643 3353 doctrinam

616 3389 770 3416 υιυυς
798 3389 1136 3406 manu...”
1192 3389 1273 3401 ν..
1306 3389 1389 3400 ...-
1431 3389 1749 3413 .-.--Γ--,-.
1904 3389 1937 3390 η

612 3448 699 3501 τὸν
733 3442 920 3514 ἀγῶνα
938 3483 953 3506 ,
1003 3440 1106 3495 κάν
1143 3389 1426 3510 ’ἠγνόησαν
1462 3434 1561 3506 τὴν
1589 3432 1797 3485 ἐκείνου
1833 3428 1968 3481 διδα-

2077 3416 2399 3487 ignorarunt
2429 3426 2443 3463 :
2477 3405 2570 3477 qui
2604 3405 2762 3459 docet
2792 3409 2973 3470 petere
3000 3412 3072 3463 ne
3092 3401 3389 3455 tentemur,
3412 3397 3469 3445 et
3497 3389 3645 3459 quod

2259 3504 2272 3514 -
2547 3499 2559 3511 ο
2584 3497 2680 3514 ιη--
2740 3491 2963 3514 .__.n:.n:.
3020 3486 3112 3514 ..-Α
3150 3485 3386 3514 ...ωηο-ι.
3432 3488 3514 3514 ,ει
3541 3497 3554 3512 .
3590 3488 3641 3514 ο.

2075 3485 2145 3564 ne
2170 3520 2230 3561 se
2259 3504 2437 3573 ipsum
2470 3497 2689 3570 quidem
2740 3491 2987 3554 tradidit,
3020 3486 3115 3544 sed
3150 3485 3389 3540 traditus
3432 3488 3556 3547 est;
3590 3488 3646 3536 et

2075 3613 2187 3653 non
2216 3610 2339 3651 esse
2387 3592 2454 3646 ad
2512 3600 2749 3643 tortores
2797 3579 3254 3653 confugiendum,
3288 3591 3359 3631 ne
3391 3574 3643 3645 pluribus

2077 3706 2138 3746 se
2187 3685 2428 3742 caedibus
2474 3675 2887 3736 contaminandi
2951 3672 3090 3744 ipsis
3150 3681 3332 3723 causae
3385 3665 3539 3729 sint;
3584 3670 3645 3717 ut

2078 3780 2172 3853 qui
2222 3793 2318 3834 eos
2368 3773 2596 3830 incitent
2659 3769 2725 3825 ad
2784 3763 3049 3824 sumenda
3095 3760 3162 3816 de
3200 3759 3304 3830 piis
3354 3754 3642 3827 supplicia.

2078 3843 2247 3928 Infert
2276 3875 2457 3923 autem
2487 3871 2541 3921 et
2581 3862 2797 3918 diversa
2827 3871 3000 3915 sacrae
3052 3852 3352 3923 Scriptura:
3399 3843 3648 3917 exempla

2082 4208 2503 4307 haudquaquam
2523 4228 2732 4290 sedata,
2748 4223 2841 4278 sed
2859 4217 3180 4292 perturbata
3208 4208 3652 4278 inconstantique

2083 4302 2334 4386 utuntur.
2362 4302 2651 4394 Ejusmodi
2699 4313 3013 4371 hominibus
3066 4314 3294 4362 sanctus
3326 4302 3415 4357 hic
3444 4306 3652 4370 martyr

2086 4423 2292 4480 similes
2316 4432 2411 4485 eos
2450 4411 2651 4470 asserit
2683 4409 2776 4479 qui
2826 4405 2885 4459 in
2917 4409 3192 4458 certamen
3221 4400 3515 4467 proruunt,
3551 4391 3654 4445 hoc

2085 4520 2192 4576 est,
2249 4526 2359 4566 non
2388 4506 2636 4563 ordinate
2665 4499 2761 4555 sed
2788 4494 2981 4551 audaci
3035 4507 3098 4545 ac
3125 4486 3419 4545 temerario
3448 4484 3653 4552 impetu

2089 4621 2148 4662 se
2176 4605 2327 4675 ipsos
2360 4597 2649 4654 intrudunt
2678 4594 2732 4647 in
2754 4596 3032 4646 certamen
3058 4600 3074 4651 ;
3098 4579 3429 4653 parturiens,
3464 4590 3529 4629 ac
3550 4582 3658 4627 tra-

2092 4670 2219 4751 here
2251 4693 2531 4751 diﬂ‘erens,
2579 4701 2679 4759 pro
2726 4697 2795 4739 eo
2832 4678 2976 4750 quod
3034 4674 3276 4730 nondum
3311 4670 3367 4724 in
3408 4672 3656 4737 apertum

2023 4791 2069 4846 Ι)
2093 4787 2292 4859 erupit,
2328 4784 2425 4840 sed
2453 4755 2765 4844 meditatur,
2795 4782 2850 4830 et
2874 4770 3055 4827 diﬂ‘ert
3084 4768 3199 4824 sive
3244 4768 3537 4818 cunctatur
3564 4755 3661 4810 de-

2098 4857 2373 4937 certantes
2404 4874 2660 4930 trahere:
2704 4867 2798 4939 qui
2832 4863 3049 4936 quidem
3090 4857 3445 4915 testationem
3476 4862 3664 4905 accer-

2101 4981 2250 5038 sunt,
2275 4971 2380 5024 hoc
2411 4973 2515 5029 est,
2547 4964 2614 5018 ad
2664 4978 2724 5018 se
2769 4960 2918 5029 ipsos
2970 4951 3323 5009 tentationem
3360 4940 3662 5015 pelliciunt,

2103 5036 2246 5137 quin
2264 5060 2446 5134 potius
2466 5056 2592 5111 aliis
2621 5051 2873 5107 ﬁdelibus
2908 5042 3218 5101 accendunt
3247 5036 3515 5094 carbones
3540 5045 3665 5102 pec-

1686 5363 1724 5420 Ὗ
1736 5358 1920 5419 ABUE
1964 5348 2371 5412 LECTIONES.

505 5542 552 5577 ⁸¹
584 5539 784 5613 ὁμοίως
811 5535 935 5591 add.
1012 5534 1079 5566 ³²’
1108 5523 1413 5590 κατέλεξεν.
1486 5519 1577 5552 ⁸²⁴⁹
1614 5514 1708 5569 καὶ
1736 5513 1837 5566 ὅτι.
1930 5506 1975 5539 ³³
2005 5502 2275 5576 ὲπιλείψῃ.

510 5681 588 5750 (‘5)
620 5683 897 5750 Ἑστιιυρ.
935 5670 1176 5750 Kai._!d_.
1224 5668 1395 5722 codex
1444 5660 1612 5750 Plan},
1660 5649 1980 5750 έσταυρὼθη

451 5730 678 5829 οοὶἱᾷίωξ
689 5730 827 5829 Ege;
836 5730 972 5801 esid:
1000 5741 1257 5829 πολλάκις
1278 5752 1377 5808 pro
1393 5730 1710 5829 Ἴπλεονάκιςς

1006 5794 1294 5872 iditum...
1319 5805 1628 5873 φυλάττειν.
1669 5794 1841 5852 Paulo
1882 5795 2004 5861 post

2107 5644 2365 5715 ἐμμένειν
2389 5638 2454 5709 τῇ
2490 5633 2691 5689 πίστει,
2727 5622 2935 5679 omissa
2984 5613 3387 5745 preposition.
3437 5606 3559 5664 Mox
3591 5603 3675 5663 δεῖ

2108 5715 2253 5745 sus,
2284 5712 2367 5745 ειη
2443 5716 2495 5745 ιιι
2537 5703 2591 5745 in
2626 5703 2777 5745 textu
2803 5696 2924 5745 Act.
2955 5708 3064 5745 xw.
3139 5692 3184 5743 i.

2108 5692 2409 5786 ἧῖλὲξέιση
2429 5692 2502 5762 uut
2537 5703 2593 5758 in
2626 5703 2777 5753 textu
2803 5696 2924 5750 Act.
2955 5708 3064 5760 xw,
3095 5692 3184 5745 2t.
