  <div class='ocr_page' id='page_1' title='image "/cluster/home/n/w/nwhite01/storage/ocr_20150623/18/coo.31924054872985/257.png"; bbox 0 0 4132 6436; ppageno 0'>
   <div class='ocr_carea' id='block_1_1' title="bbox 490 327 594 383">
    <p class='ocr_par' dir='ltr' id='par_1_1' title="bbox 490 327 594 383">
     <span class='ocr_line' id='line_1_1' title="bbox 490 327 594 383; baseline -0.019 -2"><span class='ocrx_word' id='word_1_1' title='bbox 490 327 594 383; x_wconf 64' lang='grc' dir='ltr'><em>ιεῖ</em></span> 
     </span>
    </p>
   </div>
   <div class='ocr_carea' id='block_1_2' title="bbox 1513 330 2674 392">
    <p class='ocr_par' dir='ltr' id='par_1_2' title="bbox 1513 330 2674 392">
     <span class='ocr_line' id='line_1_2' title="bbox 1513 330 2674 392; baseline 0.004 -6"><span class='ocrx_word' id='word_1_2' title='bbox 1513 333 1569 386; x_wconf 91' lang='lat' dir='ltr'><strong>S.</strong></span> <span class='ocrx_word' id='word_1_3' title='bbox 1609 330 1814 388; x_wconf 75' lang='lat' dir='ltr'><strong>PETRI</strong></span> <span class='ocrx_word' id='word_1_4' title='bbox 1859 330 2327 388; x_wconf 73' lang='lat' dir='ltr'><strong>ALEXANDRINI</strong></span> <span class='ocrx_word' id='word_1_5' title='bbox 2365 330 2674 392; x_wconf 81' lang='lat' dir='ltr'><strong>EPISCOPI</strong></span> 
     </span>
    </p>
   </div>
   <div class='ocr_carea' id='block_1_3' title="bbox 3627 337 3733 393">
    <p class='ocr_par' dir='ltr' id='par_1_3' title="bbox 3627 337 3733 393">
     <span class='ocr_line' id='line_1_3' title="bbox 3627 337 3733 393; baseline -0.009 -1"><span class='ocrx_word' id='word_1_6' title='bbox 3627 337 3733 393; x_wconf 75' lang='grc'><strong>488</strong></span> 
     </span>
    </p>
   </div>
   <div class='ocr_carea' id='block_1_4' title="bbox 490 445 2066 525">
    <p class='ocr_par' dir='ltr' id='par_1_4' title="bbox 490 447 2064 521">
     <span class='ocr_line' id='line_1_4' title="bbox 490 447 2064 521; baseline -0.001 -16"><span class='ocrx_word' id='word_1_7' title='bbox 490 459 761 514; x_wconf 87' lang='lat' dir='ltr'><strong>calorum,</strong></span> <span class='ocrx_word' id='word_1_8' title='bbox 783 456 1052 503; x_wconf 88' lang='lat' dir='ltr'><strong>tormenta</strong></span> <span class='ocrx_word' id='word_1_9' title='bbox 1075 447 1330 502; x_wconf 82' lang='lat' dir='ltr'><strong>nimirum</strong></span> <span class='ocrx_word' id='word_1_10' title='bbox 1353 465 1475 520; x_wconf 70' lang='lat' dir='ltr'><strong>qua:</strong></span> <span class='ocrx_word' id='word_1_11' title='bbox 1500 465 1528 502; x_wconf 91' lang='lat' dir='ltr'><strong>a</strong></span> <span class='ocrx_word' id='word_1_12' title='bbox 1546 451 1793 521; x_wconf 87' lang='lat' dir='ltr'><strong>tyrannis</strong></span> <span class='ocrx_word' id='word_1_13' title='bbox 1821 450 2064 505; x_wconf 82' lang='lat' dir='ltr'><strong>inferun-</strong></span> 
     </span>
    </p>
   </div>
   <div class='ocr_carea' id='block_1_5' title="bbox 2172 445 3735 525">
    <p class='ocr_par' dir='ltr' id='par_1_5' title="bbox 2172 445 3735 525">
     <span class='ocr_line' id='line_1_5' title="bbox 2172 445 3735 525; baseline 0.003 -23"><span class='ocrx_word' id='word_1_14' title='bbox 2172 452 2258 515; x_wconf 80' lang='grc' dir='ltr'><strong>τὰς</strong></span> <span class='ocrx_word' id='word_1_15' title='bbox 2290 452 2353 505; x_wconf 84' lang='grc' dir='ltr'>ὲκ</span> <span class='ocrx_word' id='word_1_16' title='bbox 2379 451 2487 505; x_wconf 86' lang='grc' dir='ltr'>τῶν</span> <span class='ocrx_word' id='word_1_17' title='bbox 2508 453 2779 525; x_wconf 81' lang='grc' dir='ltr'>τυράννων</span> <span class='ocrx_word' id='word_1_18' title='bbox 2815 452 3056 524; x_wconf 78' lang='grc' dir='ltr'>δηλονότι</span> <span class='ocrx_word' id='word_1_19' title='bbox 3085 452 3354 516; x_wconf 74' lang='grc' dir='ltr'><strong>κολάσεις.</strong></span> <span class='ocrx_word' id='word_1_20' title='bbox 3395 445 3533 504; x_wconf 80' lang='grc' dir='ltr'>Ἀλλ’</span> <span class='ocrx_word' id='word_1_21' title='bbox 3565 455 3614 506; x_wconf 78' lang='grc' dir='ltr'><strong>ει</strong></span> <span class='ocrx_word' id='word_1_22' title='bbox 3640 457 3735 507; x_wconf 78' lang='grc' dir='ltr'>και</span> 
     </span>
    </p>
   </div>
   <div class='ocr_carea' id='block_1_6' title="bbox 490 542 2060 612">
    <p class='ocr_par' dir='ltr' id='par_1_6' title="bbox 490 542 2060 612">
     <span class='ocr_line' id='line_1_6' title="bbox 490 542 2060 612; baseline -0.001 -15"><span class='ocrx_word' id='word_1_23' title='bbox 490 553 602 598; x_wconf 85' lang='lat' dir='ltr'><strong>tur.</strong></span> <span class='ocrx_word' id='word_1_24' title='bbox 635 542 738 597; x_wconf 89' lang='lat' dir='ltr'><strong>Sed</strong></span> <span class='ocrx_word' id='word_1_25' title='bbox 761 542 1012 612; x_wconf 87' lang='lat' dir='ltr'><strong>quamvis</strong></span> <span class='ocrx_word' id='word_1_26' title='bbox 1037 553 1262 596; x_wconf 85' lang='lat' dir='ltr'><strong>accuset</strong></span> <span class='ocrx_word' id='word_1_27' title='bbox 1294 557 1389 596; x_wconf 92' lang='lat' dir='ltr'><strong>eos</strong></span> <span class='ocrx_word' id='word_1_28' title='bbox 1421 543 1514 611; x_wconf 88' lang='lat' dir='ltr'><strong>qui</strong></span> <span class='ocrx_word' id='word_1_29' title='bbox 1552 543 1653 596; x_wconf 86' lang='lat' dir='ltr'><strong>hoc</strong></span> <span class='ocrx_word' id='word_1_30' title='bbox 1686 542 1846 596; x_wconf 91' lang='lat' dir='ltr'><strong>modo</strong></span> <span class='ocrx_word' id='word_1_31' title='bbox 1877 559 1935 597; x_wconf 88' lang='lat' dir='ltr'><strong>se</strong></span> <span class='ocrx_word' id='word_1_32' title='bbox 1967 557 2060 612; x_wconf 39' lang='lat' dir='ltr'><strong>ges</strong></span> 
     </span>
    </p>
   </div>
   <div class='ocr_carea' id='block_1_7' title="bbox 492 633 2062 704">
    <p class='ocr_par' dir='ltr' id='par_1_7' title="bbox 492 633 2062 704">
     <span class='ocr_line' id='line_1_7' title="bbox 492 633 2062 704; baseline -0.001 -15"><span class='ocrx_word' id='word_1_33' title='bbox 492 641 640 697; x_wconf 87' lang='lat' dir='ltr'><strong>runt,</strong></span> <span class='ocrx_word' id='word_1_34' title='bbox 673 634 808 704; x_wconf 81' lang='lat' dir='ltr'><strong>ipsis</strong></span> <span class='ocrx_word' id='word_1_35' title='bbox 829 640 1013 689; x_wconf 90' lang='lat' dir='ltr'><strong>tamen</strong></span> <span class='ocrx_word' id='word_1_36' title='bbox 1037 648 1067 687; x_wconf 91' lang='lat' dir='ltr'><strong>a</strong></span> <span class='ocrx_word' id='word_1_37' title='bbox 1100 633 1352 689; x_wconf 90' lang='lat' dir='ltr'><strong>ﬁdelibus</strong></span> <span class='ocrx_word' id='word_1_38' title='bbox 1383 633 1904 688; x_wconf 81' lang='lat' dir='ltr'><strong>communicandum</strong></span> <span class='ocrx_word' id='word_1_39' title='bbox 1938 649 2062 688; x_wconf 83' lang='lat' dir='ltr'><strong>esse</strong></span> 
     </span>
    </p>
   </div>
   <div class='ocr_carea' id='block_1_8' title="bbox 488 723 2056 795">
    <p class='ocr_par' dir='ltr' id='par_1_8' title="bbox 488 723 2056 795">
     <span class='ocr_line' id='line_1_8' title="bbox 488 723 2056 795; baseline -0.002 -14"><span class='ocrx_word' id='word_1_40' title='bbox 488 725 752 788; x_wconf 80' lang='lat' dir='ltr'><strong>decernit,</strong></span> <span class='ocrx_word' id='word_1_41' title='bbox 784 725 930 795; x_wconf 93' lang='lat' dir='ltr'><strong>quod</strong></span> <span class='ocrx_word' id='word_1_42' title='bbox 965 725 1020 779; x_wconf 88' lang='lat' dir='ltr'><strong>in</strong></span> <span class='ocrx_word' id='word_1_43' title='bbox 1053 726 1273 779; x_wconf 90' lang='lat' dir='ltr'><strong>nomine</strong></span> <span class='ocrx_word' id='word_1_44' title='bbox 1304 724 1505 779; x_wconf 75' lang='lat' dir='ltr'><strong>Christi</strong></span> <span class='ocrx_word' id='word_1_45' title='bbox 1526 725 1593 778; x_wconf 86' lang='lat' dir='ltr'><strong>ad</strong></span> <span class='ocrx_word' id='word_1_46' title='bbox 1619 725 1722 778; x_wconf 92' lang='lat' dir='ltr'><strong>hoc</strong></span> <span class='ocrx_word' id='word_1_47' title='bbox 1747 723 2056 794; x_wconf 83' lang='lat' dir='ltr'><strong>prodeunt:</strong></span> 
     </span>
    </p>
   </div>
   <div class='ocr_carea' id='block_1_9' title="bbox 489 813 2060 883">
    <p class='ocr_par' dir='ltr' id='par_1_9' title="bbox 489 813 2060 883">
     <span class='ocr_line' id='line_1_9' title="bbox 489 813 2060 883; baseline -0.003 -13"><span class='ocrx_word' id='word_1_48' title='bbox 489 815 718 870; x_wconf 83' lang='lat' dir='ltr'><strong>ﬁdentes</strong></span> <span class='ocrx_word' id='word_1_49' title='bbox 747 815 997 870; x_wconf 84' lang='lat' dir='ltr'><strong>videlicet</strong></span> <span class='ocrx_word' id='word_1_50' title='bbox 1033 815 1276 880; x_wconf 88' lang='lat' dir='ltr'><strong>Christo,</strong></span> <span class='ocrx_word' id='word_1_51' title='bbox 1313 823 1407 868; x_wconf 94' lang='lat' dir='ltr'><strong>aut</strong></span> <span class='ocrx_word' id='word_1_52' title='bbox 1443 815 1498 869; x_wconf 91' lang='lat' dir='ltr'><strong>in</strong></span> <span class='ocrx_word' id='word_1_53' title='bbox 1527 815 1649 883; x_wconf 84' lang='lat' dir='ltr'><strong>ejus</strong></span> <span class='ocrx_word' id='word_1_54' title='bbox 1695 813 1917 868; x_wconf 87' lang='lat' dir='ltr'><strong>nomine</strong></span> <span class='ocrx_word' id='word_1_55' title='bbox 1955 813 2060 869; x_wconf 85' lang='lat' dir='ltr'><strong>sibi</strong></span> 
     </span>
    </p>
   </div>
   <div class='ocr_carea' id='block_1_10' title="bbox 488 905 2060 978">
    <p class='ocr_par' dir='ltr' id='par_1_10' title="bbox 488 905 2060 978">
     <span class='ocr_line' id='line_1_10' title="bbox 488 905 2060 978; baseline -0.003 -16"><span class='ocrx_word' id='word_1_56' title='bbox 488 914 766 962; x_wconf 85' lang='lat' dir='ltr'><strong>certamen</strong></span> <span class='ocrx_word' id='word_1_57' title='bbox 793 907 1155 978; x_wconf 88' lang='lat' dir='ltr'><strong>deposcentes</strong></span> <span class='ocrx_word' id='word_1_58' title='bbox 1188 925 1203 974; x_wconf 89' lang='lat'><strong>;</strong></span> <span class='ocrx_word' id='word_1_59' title='bbox 1251 906 1467 964; x_wconf 89' lang='lat' dir='ltr'><strong>etiamsi</strong></span> <span class='ocrx_word' id='word_1_60' title='bbox 1501 905 1640 960; x_wconf 76' lang='lat' dir='ltr'><strong>forte</strong></span> <span class='ocrx_word' id='word_1_61' title='bbox 1679 906 1824 959; x_wconf 91' lang='lat' dir='ltr'><strong>illius</strong></span> <span class='ocrx_word' id='word_1_62' title='bbox 1856 920 2060 974; x_wconf 86' lang='lat' dir='ltr'><strong>praece-</strong></span> 
     </span>
    </p>
   </div>
   <div class='ocr_carea' id='block_1_11' title="bbox 487 999 2063 1071">
    <p class='ocr_par' dir='ltr' id='par_1_11' title="bbox 487 999 2063 1071">
     <span class='ocr_line' id='line_1_11' title="bbox 487 999 2063 1071; baseline -0.003 -18"><span class='ocrx_word' id='word_1_63' title='bbox 487 999 665 1071; x_wconf 87' lang='lat' dir='ltr'><strong>ptioni</strong></span> <span class='ocrx_word' id='word_1_64' title='bbox 688 999 870 1055; x_wconf 88' lang='lat' dir='ltr'><strong>minus</strong></span> <span class='ocrx_word' id='word_1_65' title='bbox 903 1001 1296 1069; x_wconf 88' lang='lat' dir='ltr'><strong>obtemperent,</strong></span> <span class='ocrx_word' id='word_1_66' title='bbox 1319 999 1570 1052; x_wconf 89' lang='lat' dir='ltr'><strong>docentis</strong></span> <span class='ocrx_word' id='word_1_67' title='bbox 1588 1004 1768 1066; x_wconf 90' lang='lat' dir='ltr'><strong>petere</strong></span> <span class='ocrx_word' id='word_1_68' title='bbox 1799 1013 1865 1051; x_wconf 91' lang='lat' dir='ltr'><strong>ne</strong></span> <span class='ocrx_word' id='word_1_69' title='bbox 1886 1003 2063 1049; x_wconf 91' lang='lat' dir='ltr'><strong>tente-</strong></span> 
     </span>
    </p>
   </div>
   <div class='ocr_carea' id='block_1_12' title="bbox 488 1087 2061 1161">
    <p class='ocr_par' dir='ltr' id='par_1_12' title="bbox 488 1087 2061 1161">
     <span class='ocr_line' id='line_1_12' title="bbox 488 1087 2061 1161; baseline -0.002 -17"><span class='ocrx_word' id='word_1_70' title='bbox 488 1105 631 1154; x_wconf 90' lang='lat' dir='ltr'><strong>mur,</strong></span> <span class='ocrx_word' id='word_1_71' title='bbox 672 1091 755 1145; x_wconf 85' lang='lat' dir='ltr'><strong>vel</strong></span> <span class='ocrx_word' id='word_1_72' title='bbox 785 1090 946 1145; x_wconf 87' lang='lat' dir='ltr'><strong>etiam</strong></span> <span class='ocrx_word' id='word_1_73' title='bbox 973 1091 1224 1161; x_wconf 82' lang='lat' dir='ltr'><strong>ignorent</strong></span> <span class='ocrx_word' id='word_1_74' title='bbox 1246 1089 1535 1144; x_wconf 89' lang='lat' dir='ltr'><strong>Dominum</strong></span> <span class='ocrx_word' id='word_1_75' title='bbox 1568 1087 1866 1144; x_wconf 85' lang='lat' dir='ltr'><strong>secessisse</strong></span> <span class='ocrx_word' id='word_1_76' title='bbox 1885 1088 1954 1142; x_wconf 86' lang='lat' dir='ltr'><strong>ab</strong></span> <span class='ocrx_word' id='word_1_77' title='bbox 1977 1088 2061 1141; x_wconf 94' lang='lat' dir='ltr'><strong>in-</strong></span> 
     </span>
    </p>
   </div>
   <div class='ocr_carea' id='block_1_13' title="bbox 487 1181 2062 1252">
    <p class='ocr_par' dir='ltr' id='par_1_13' title="bbox 487 1181 2062 1252">
     <span class='ocr_line' id='line_1_13' title="bbox 487 1181 2062 1252; baseline -0.004 -12"><span class='ocrx_word' id='word_1_78' title='bbox 487 1185 843 1240; x_wconf 88' lang='lat' dir='ltr'><strong>sidiatoribus</strong></span> <span class='ocrx_word' id='word_1_79' title='bbox 867 1183 1002 1249; x_wconf 90' lang='lat' dir='ltr'><strong>suis,</strong></span> <span class='ocrx_word' id='word_1_80' title='bbox 1036 1184 1366 1252; x_wconf 79' lang='lat' dir='ltr'><strong>solitumque</strong></span> <span class='ocrx_word' id='word_1_81' title='bbox 1419 1182 1714 1252; x_wconf 84' lang='lat' dir='ltr'><strong>aliquando</strong></span> <span class='ocrx_word' id='word_1_82' title='bbox 1744 1196 1850 1234; x_wconf 92' lang='lat' dir='ltr'><strong>non</strong></span> <span class='ocrx_word' id='word_1_83' title='bbox 1881 1181 2062 1251; x_wconf 85' lang='lat' dir='ltr'><strong>palam</strong></span> 
     </span>
    </p>
   </div>
   <div class='ocr_carea' id='block_1_14' title="bbox 487 1273 2062 1344">
    <p class='ocr_par' dir='ltr' id='par_1_14' title="bbox 487 1273 2062 1344">
     <span class='ocr_line' id='line_1_14' title="bbox 487 1273 2062 1344; baseline -0.004 -14"><span class='ocrx_word' id='word_1_84' title='bbox 487 1275 860 1342; x_wconf 87' lang='lat' dir='ltr'><strong>deambulare,</strong></span> <span class='ocrx_word' id='word_1_85' title='bbox 893 1289 992 1330; x_wconf 92' lang='lat' dir='ltr'><strong>nec</strong></span> <span class='ocrx_word' id='word_1_86' title='bbox 1030 1291 1089 1330; x_wconf 92' lang='lat' dir='ltr'><strong>se</strong></span> <span class='ocrx_word' id='word_1_87' title='bbox 1129 1275 1305 1344; x_wconf 89' lang='lat' dir='ltr'><strong>ipsum</strong></span> <span class='ocrx_word' id='word_1_88' title='bbox 1330 1273 1638 1344; x_wconf 87' lang='lat' dir='ltr'><strong>prodidisse</strong></span> <span class='ocrx_word' id='word_1_89' title='bbox 1675 1282 1732 1327; x_wconf 94' lang='lat' dir='ltr'><strong>ut</strong></span> <span class='ocrx_word' id='word_1_90' title='bbox 1762 1280 2062 1342; x_wconf 88' lang='lat' dir='ltr'><strong>pateretur,</strong></span> 
     </span>
    </p>
   </div>
   <div class='ocr_carea' id='block_1_15' title="bbox 486 1365 2058 1438">
    <p class='ocr_par' dir='ltr' id='par_1_15' title="bbox 486 1365 2058 1438">
     <span class='ocr_line' id='line_1_15' title="bbox 486 1365 2058 1438; baseline -0.003 -14"><span class='ocrx_word' id='word_1_91' title='bbox 486 1383 676 1424; x_wconf 83' lang='lat' dir='ltr'><strong>verum</strong></span> <span class='ocrx_word' id='word_1_92' title='bbox 703 1369 771 1422; x_wconf 90' lang='lat' dir='ltr'><strong>ab</strong></span> <span class='ocrx_word' id='word_1_93' title='bbox 794 1368 917 1422; x_wconf 88' lang='lat' dir='ltr'><strong>aliis</strong></span> <span class='ocrx_word' id='word_1_94' title='bbox 942 1369 1218 1438; x_wconf 89' lang='lat' dir='ltr'><strong>proditum</strong></span> <span class='ocrx_word' id='word_1_95' title='bbox 1247 1385 1261 1434; x_wconf 91' lang='lat'><strong>;</strong></span> <span class='ocrx_word' id='word_1_96' title='bbox 1298 1367 1730 1437; x_wconf 65' lang='lat' dir='ltr'><strong>praecepisseque</strong></span> <span class='ocrx_word' id='word_1_97' title='bbox 1756 1365 2058 1436; x_wconf 87' lang='lat' dir='ltr'><strong>discipulis,</strong></span> 
     </span>
    </p>
   </div>
   <div class='ocr_carea' id='block_1_16' title="bbox 488 1456 2064 1531">
    <p class='ocr_par' dir='ltr' id='par_1_16' title="bbox 488 1456 2064 1531">
     <span class='ocr_line' id='line_1_16' title="bbox 488 1456 2064 1531; baseline -0.003 -17"><span class='ocrx_word' id='word_1_98' title='bbox 488 1467 550 1514; x_wconf 89' lang='lat' dir='ltr'><strong>ut</strong></span> <span class='ocrx_word' id='word_1_99' title='bbox 576 1475 685 1531; x_wconf 92' lang='lat' dir='ltr'><strong>quo</strong></span> <span class='ocrx_word' id='word_1_100' title='bbox 719 1466 962 1529; x_wconf 90' lang='lat' dir='ltr'><strong>tempore</strong></span> <span class='ocrx_word' id='word_1_101' title='bbox 1017 1459 1142 1512; x_wconf 88' lang='lat' dir='ltr'><strong>illos</strong></span> <span class='ocrx_word' id='word_1_102' title='bbox 1189 1457 1396 1511; x_wconf 90' lang='lat' dir='ltr'><strong>inimici</strong></span> <span class='ocrx_word' id='word_1_103' title='bbox 1449 1459 1879 1519; x_wconf 88' lang='lat' dir='ltr'><strong>insectarentur,</strong></span> <span class='ocrx_word' id='word_1_104' title='bbox 1912 1456 2064 1526; x_wconf 86' lang='lat' dir='ltr'><strong>fuge-</strong></span> 
     </span>
    </p>
   </div>
   <div class='ocr_carea' id='block_1_17' title="bbox 487 1548 2064 1617">
    <p class='ocr_par' dir='ltr' id='par_1_17' title="bbox 487 1548 2064 1617">
     <span class='ocr_line' id='line_1_17' title="bbox 487 1548 2064 1617; baseline -0.004 -11"><span class='ocrx_word' id='word_1_105' title='bbox 487 1559 610 1606; x_wconf 88' lang='lat' dir='ltr'><strong>rent</strong></span> <span class='ocrx_word' id='word_1_106' title='bbox 636 1565 666 1605; x_wconf 91' lang='lat' dir='ltr'><strong>e</strong></span> <span class='ocrx_word' id='word_1_107' title='bbox 693 1549 916 1604; x_wconf 85' lang='lat' dir='ltr'><strong>civitate</strong></span> <span class='ocrx_word' id='word_1_108' title='bbox 951 1549 1005 1602; x_wconf 91' lang='lat' dir='ltr'><strong>in</strong></span> <span class='ocrx_word' id='word_1_109' title='bbox 1030 1549 1447 1610; x_wconf 85' lang='lat' dir='ltr'><strong>civitatem,nec</strong></span> <span class='ocrx_word' id='word_1_110' title='bbox 1465 1563 1523 1602; x_wconf 83' lang='lat' dir='ltr'><strong>se</strong></span> <span class='ocrx_word' id='word_1_111' title='bbox 1551 1548 1700 1617; x_wconf 87' lang='lat' dir='ltr'><strong>ipsos</strong></span> <span class='ocrx_word' id='word_1_112' title='bbox 1727 1548 1870 1600; x_wconf 91' lang='lat' dir='ltr'><strong>ultro</strong></span> <span class='ocrx_word' id='word_1_113' title='bbox 1891 1554 2064 1600; x_wconf 82' lang='lat' dir='ltr'><strong>torto-</strong></span> 
     </span>
    </p>
   </div>
   <div class='ocr_carea' id='block_1_18' title="bbox 487 1634 2064 1706">
    <p class='ocr_par' dir='ltr' id='par_1_18' title="bbox 487 1634 2064 1706">
     <span class='ocr_line' id='line_1_18' title="bbox 487 1634 2064 1706; baseline -0.003 -14"><span class='ocrx_word' id='word_1_114' title='bbox 487 1639 641 1693; x_wconf 88' lang='lat' dir='ltr'><strong>ribus</strong></span> <span class='ocrx_word' id='word_1_115' title='bbox 683 1637 982 1698; x_wconf 87' lang='lat' dir='ltr'><strong>traderent,</strong></span> <span class='ocrx_word' id='word_1_116' title='bbox 1040 1652 1110 1692; x_wconf 93' lang='lat' dir='ltr'><strong>ne</strong></span> <span class='ocrx_word' id='word_1_117' title='bbox 1161 1635 1410 1706; x_wconf 87' lang='lat' dir='ltr'><strong>pluribus</strong></span> <span class='ocrx_word' id='word_1_118' title='bbox 1441 1651 1501 1690; x_wconf 88' lang='lat' dir='ltr'><strong>se</strong></span> <span class='ocrx_word' id='word_1_119' title='bbox 1527 1634 1769 1688; x_wconf 69' lang='lat' dir='ltr'><strong>caedibus</strong></span> <span class='ocrx_word' id='word_1_120' title='bbox 1797 1634 2064 1688; x_wconf 80' lang='lat' dir='ltr'><strong>contami-</strong></span> 
     </span>
    </p>
   </div>
   <div class='ocr_carea' id='block_1_19' title="bbox 487 1726 2063 1799">
    <p class='ocr_par' dir='ltr' id='par_1_19' title="bbox 487 1726 2063 1799">
     <span class='ocr_line' id='line_1_19' title="bbox 487 1726 2063 1799; baseline -0.003 -14"><span class='ocrx_word' id='word_1_121' title='bbox 487 1729 654 1785; x_wconf 89' lang='lat' dir='ltr'><strong>nandi</strong></span> <span class='ocrx_word' id='word_1_122' title='bbox 682 1744 904 1785; x_wconf 84' lang='lat' dir='ltr'><strong>causam</strong></span> <span class='ocrx_word' id='word_1_123' title='bbox 932 1728 1069 1799; x_wconf 89' lang='lat' dir='ltr'><strong>ipsis</strong></span> <span class='ocrx_word' id='word_1_124' title='bbox 1128 1727 1455 1798; x_wconf 70' lang='lat' dir='ltr'><strong>praeberent,</strong></span> <span class='ocrx_word' id='word_1_125' title='bbox 1487 1742 1582 1782; x_wconf 93' lang='lat' dir='ltr'><strong>eos</strong></span> <span class='ocrx_word' id='word_1_126' title='bbox 1610 1727 1755 1781; x_wconf 91' lang='lat' dir='ltr'><strong>velut</strong></span> <span class='ocrx_word' id='word_1_127' title='bbox 1785 1726 2063 1781; x_wconf 89' lang='lat' dir='ltr'><strong>irritantes</strong></span> 
     </span>
    </p>
   </div>
   <div class='ocr_carea' id='block_1_20' title="bbox 2166 544 3734 608">
    <p class='ocr_par' dir='ltr' id='par_1_20' title="bbox 2166 544 3734 608">
     <span class='ocr_line' id='line_1_20' title="bbox 2166 544 3734 608; baseline 0.001 -13"><span class='ocrx_word' id='word_1_128' title='bbox 2166 544 2405 597; x_wconf 78' lang='grc' dir='ltr'>αἰτιᾶται</span> <span class='ocrx_word' id='word_1_129' title='bbox 2427 546 2551 608; x_wconf 80' lang='grc' dir='ltr'>τοὺς</span> <span class='ocrx_word' id='word_1_130' title='bbox 2571 545 2742 608; x_wconf 72' lang='grc' dir='ltr'>οὕτως</span> <span class='ocrx_word' id='word_1_131' title='bbox 2769 545 3070 608; x_wconf 79' lang='grc' dir='ltr'><strong>ποιοῦντας,</strong></span> <span class='ocrx_word' id='word_1_132' title='bbox 3091 547 3362 597; x_wconf 79' lang='grc' dir='ltr'><strong>κοινωνεῖν</strong></span> <span class='ocrx_word' id='word_1_133' title='bbox 3386 545 3522 608; x_wconf 88' lang='grc' dir='ltr'>τέως</span> <span class='ocrx_word' id='word_1_134' title='bbox 3551 545 3734 608; x_wconf 76' lang='grc' dir='ltr'>αὐτοῖς</span> 
     </span>
    </p>
   </div>
   <div class='ocr_carea' id='block_1_21' title="bbox 2163 635 3733 707">
    <p class='ocr_par' dir='ltr' id='par_1_21' title="bbox 2163 635 3733 707">
     <span class='ocr_line' id='line_1_21' title="bbox 2163 635 3733 707; baseline 0 -19"><span class='ocrx_word' id='word_1_135' title='bbox 2163 635 2290 699; x_wconf 82' lang='grc' dir='ltr'>τοὺς</span> <span class='ocrx_word' id='word_1_136' title='bbox 2317 638 2540 700; x_wconf 80' lang='grc' dir='ltr'>πιστοὺς</span> <span class='ocrx_word' id='word_1_137' title='bbox 2567 637 2926 699; x_wconf 76' lang='grc' dir='ltr'><strong>διατάττεται,</strong></span> <span class='ocrx_word' id='word_1_138' title='bbox 2949 638 3032 691; x_wconf 81' lang='grc' dir='ltr'><strong>ὅτι</strong></span> <span class='ocrx_word' id='word_1_139' title='bbox 3060 639 3116 688; x_wconf 83' lang='grc' dir='ltr'>ἐν</span> <span class='ocrx_word' id='word_1_140' title='bbox 3139 636 3360 706; x_wconf 85' lang='grc' dir='ltr'>ὀνόματι</span> <span class='ocrx_word' id='word_1_141' title='bbox 3378 635 3470 688; x_wconf 92' lang='grc' dir='ltr'><strong>τοῦ</strong></span> <span class='ocrx_word' id='word_1_142' title='bbox 3500 638 3733 707; x_wconf 85' lang='grc' dir='ltr'>Χριστου</span> 
     </span>
    </p>
   </div>
   <div class='ocr_carea' id='block_1_22' title="bbox 2166 727 3738 800">
    <p class='ocr_par' dir='ltr' id='par_1_22' title="bbox 2166 727 3738 800">
     <span class='ocr_line' id='line_1_22' title="bbox 2166 727 3738 800; baseline 0.001 -22"><span class='ocrx_word' id='word_1_143' title='bbox 2166 727 2530 798; x_wconf 77' lang='grc' dir='ltr'><strong>παρέρχονται</strong></span> <span class='ocrx_word' id='word_1_144' title='bbox 2565 732 2643 791; x_wconf 80' lang='grc' dir='ltr'><strong>είς</strong></span> <span class='ocrx_word' id='word_1_145' title='bbox 2675 732 2832 786; x_wconf 84' lang='grc' dir='ltr'>τοῦτο</span> <span class='ocrx_word' id='word_1_146' title='bbox 2852 769 2865 793; x_wconf 89' lang='grc'><strong>,</strong></span> <span class='ocrx_word' id='word_1_147' title='bbox 2898 729 3226 800; x_wconf 77' lang='grc' dir='ltr'>θαρροῦντες</span> <span class='ocrx_word' id='word_1_148' title='bbox 3255 727 3454 797; x_wconf 81' lang='grc' dir='ltr'>δηλαδὴ</span> <span class='ocrx_word' id='word_1_149' title='bbox 3487 727 3566 797; x_wconf 84' lang='grc' dir='ltr'>τῷ</span> <span class='ocrx_word' id='word_1_150' title='bbox 3604 730 3738 798; x_wconf 76' lang='grc' dir='ltr'><strong>Χρι-³</strong></span> 
     </span>
    </p>
   </div>
   <div class='ocr_carea' id='block_1_23' title="bbox 2165 817 3736 890">
    <p class='ocr_par' dir='ltr' id='par_1_23' title="bbox 2165 817 3736 890">
     <span class='ocr_line' id='line_1_23' title="bbox 2165 817 3736 890; baseline 0 -20"><span class='ocrx_word' id='word_1_151' title='bbox 2165 818 2295 888; x_wconf 80' lang='grc' dir='ltr'>στῷ,</span> <span class='ocrx_word' id='word_1_152' title='bbox 2327 820 2360 889; x_wconf 82' lang='grc' dir='ltr'>ἦ</span> <span class='ocrx_word' id='word_1_153' title='bbox 2391 819 2528 889; x_wconf 84' lang='grc' dir='ltr'>ὑπὲρ</span> <span class='ocrx_word' id='word_1_154' title='bbox 2567 817 2662 872; x_wconf 87' lang='grc' dir='ltr'><strong>τοῦ</strong></span> <span class='ocrx_word' id='word_1_155' title='bbox 2705 820 2966 889; x_wconf 88' lang='grc' dir='ltr'>ὀνόματος</span> <span class='ocrx_word' id='word_1_156' title='bbox 3003 818 3096 871; x_wconf 89' lang='grc' dir='ltr'><strong>τοῦ</strong></span> <span class='ocrx_word' id='word_1_157' title='bbox 3147 817 3382 890; x_wconf 78' lang='grc' dir='ltr'><strong>Χριστοῦ</strong></span> <span class='ocrx_word' id='word_1_158' title='bbox 3425 817 3736 888; x_wconf 80' lang='grc' dir='ltr'><strong>αἱρούμενοι</strong></span> 
     </span>
    </p>
   </div>
   <div class='ocr_carea' id='block_1_24' title="bbox 2163 909 3735 981">
    <p class='ocr_par' dir='ltr' id='par_1_24' title="bbox 2163 909 3735 981">
     <span class='ocr_line' id='line_1_24' title="bbox 2163 909 3735 981; baseline 0.001 -19"><span class='ocrx_word' id='word_1_159' title='bbox 2163 909 2256 962; x_wconf 82' lang='grc' dir='ltr'>τὸν</span> <span class='ocrx_word' id='word_1_160' title='bbox 2288 909 2506 977; x_wconf 87' lang='grc' dir='ltr'>ἀγῶνα,</span> <span class='ocrx_word' id='word_1_161' title='bbox 2538 911 2586 962; x_wconf 81' lang='grc' dir='ltr'><strong>εί</strong></span> <span class='ocrx_word' id='word_1_162' title='bbox 2614 910 2754 980; x_wconf 82' lang='grc' dir='ltr'><strong>τάχα</strong></span> <span class='ocrx_word' id='word_1_163' title='bbox 2781 909 2877 962; x_wconf 74' lang='grc' dir='ltr'><strong>καὶ</strong></span> <span class='ocrx_word' id='word_1_164' title='bbox 2903 911 2962 962; x_wconf 93' lang='grc' dir='ltr'><strong>οὐ</strong></span> <span class='ocrx_word' id='word_1_165' title='bbox 2989 910 3129 963; x_wconf 87' lang='grc' dir='ltr'><strong>κατά</strong></span> <span class='ocrx_word' id='word_1_166' title='bbox 3160 910 3257 981; x_wconf 83' lang='grc' dir='ltr'><strong>τὴν</strong></span> <span class='ocrx_word' id='word_1_167' title='bbox 3279 911 3489 962; x_wconf 84' lang='grc' dir='ltr'>ἐκείνου</span> <span class='ocrx_word' id='word_1_168' title='bbox 3521 910 3735 964; x_wconf 78' lang='grc' dir='ltr'>ποιοῦσι</span> 
     </span>
    </p>
   </div>
   <div class='ocr_carea' id='block_1_25' title="bbox 2161 1001 3732 1075">
    <p class='ocr_par' dir='ltr' id='par_1_25' title="bbox 2161 1001 3732 1075">
     <span class='ocr_line' id='line_1_25' title="bbox 2161 1001 3732 1075; baseline 0.001 -21"><span class='ocrx_word' id='word_1_169' title='bbox 2161 1001 2528 1066; x_wconf 81' lang='grc' dir='ltr'><strong>διδασκαλίαν,</strong></span> <span class='ocrx_word' id='word_1_170' title='bbox 2576 1001 2918 1066; x_wconf 80' lang='grc' dir='ltr'><strong>διδάσκοντος</strong></span> <span class='ocrx_word' id='word_1_171' title='bbox 2964 1004 3134 1055; x_wconf 69' lang='grc' dir='ltr'>αἰτεῖν</span> <span class='ocrx_word' id='word_1_172' title='bbox 3176 1003 3249 1073; x_wconf 84' lang='grc' dir='ltr'>μὴ</span> <span class='ocrx_word' id='word_1_173' title='bbox 3292 1002 3732 1075; x_wconf 83' lang='grc' dir='ltr'>πειρασθῆναι,ἢ</span> 
     </span>
    </p>
   </div>
   <div class='ocr_carea' id='block_1_26' title="bbox 2164 1090 3733 1165">
    <p class='ocr_par' dir='ltr' id='par_1_26' title="bbox 2164 1090 3733 1165">
     <span class='ocr_line' id='line_1_26' title="bbox 2164 1090 3733 1165; baseline -0.001 -20"><span class='ocrx_word' id='word_1_174' title='bbox 2164 1093 2258 1145; x_wconf 80' lang='grc' dir='ltr'><strong>καὶ</strong></span> <span class='ocrx_word' id='word_1_175' title='bbox 2289 1092 2597 1161; x_wconf 81' lang='grc' dir='ltr'>ἀγνοοῦσιν,</span> <span class='ocrx_word' id='word_1_176' title='bbox 2627 1094 2756 1147; x_wconf 86' lang='grc' dir='ltr'><strong>ὃτιό</strong></span> <span class='ocrx_word' id='word_1_177' title='bbox 2776 1090 2977 1165; x_wconf 83' lang='grc' dir='ltr'>Κύριος</span> <span class='ocrx_word' id='word_1_178' title='bbox 3009 1093 3280 1164; x_wconf 79' lang='grc' dir='ltr'>ὑπεχώρει</span> <span class='ocrx_word' id='word_1_179' title='bbox 3320 1091 3428 1145; x_wconf 77' lang='grc' dir='ltr'>ἀπὸ</span> <span class='ocrx_word' id='word_1_180' title='bbox 3473 1093 3581 1146; x_wconf 91' lang='grc' dir='ltr'><strong>τῶν</strong></span> <span class='ocrx_word' id='word_1_181' title='bbox 3611 1093 3733 1145; x_wconf 81' lang='grc' dir='ltr'><strong>ἐπι-</strong></span> 
     </span>
    </p>
   </div>
   <div class='ocr_carea' id='block_1_27' title="bbox 2163 1180 3736 1254">
    <p class='ocr_par' dir='ltr' id='par_1_27' title="bbox 2163 1180 3736 1254">
     <span class='ocr_line' id='line_1_27' title="bbox 2163 1180 3736 1254; baseline -0.002 -16"><span class='ocrx_word' id='word_1_182' title='bbox 2163 1185 2525 1238; x_wconf 78' lang='grc' dir='ltr'>ϐουλευόντων</span> <span class='ocrx_word' id='word_1_183' title='bbox 2561 1183 2746 1254; x_wconf 77' lang='grc' dir='ltr'>αὐτῷ,</span> <span class='ocrx_word' id='word_1_184' title='bbox 2794 1184 2890 1238; x_wconf 77' lang='grc' dir='ltr'><strong>καὶ</strong></span> <span class='ocrx_word' id='word_1_185' title='bbox 2932 1184 3078 1236; x_wconf 76' lang='grc' dir='ltr'>ἔστιν</span> <span class='ocrx_word' id='word_1_186' title='bbox 3115 1186 3203 1236; x_wconf 87' lang='grc' dir='ltr'><strong>ὅτε</strong></span> <span class='ocrx_word' id='word_1_187' title='bbox 3247 1180 3340 1237; x_wconf 67' lang='grc' dir='ltr'>καὶ</span> <span class='ocrx_word' id='word_1_188' title='bbox 3374 1184 3435 1236; x_wconf 87' lang='grc' dir='ltr'><strong>οὐ</strong></span> <span class='ocrx_word' id='word_1_189' title='bbox 3487 1183 3736 1254; x_wconf 76' lang='grc' dir='ltr'>φανερῶς</span> 
     </span>
    </p>
   </div>
   <div class='ocr_carea' id='block_1_28' title="bbox 2164 1271 3733 1351">
    <p class='ocr_par' dir='ltr' id='par_1_28' title="bbox 2164 1271 3733 1351">
     <span class='ocr_line' id='line_1_28' title="bbox 2164 1271 3733 1351; baseline -0.001 -21"><span class='ocrx_word' id='word_1_190' title='bbox 2164 1280 2506 1351; x_wconf 81' lang='grc' dir='ltr'>περιεπάτει,</span> <span class='ocrx_word' id='word_1_191' title='bbox 2550 1280 2644 1330; x_wconf 71' lang='grc' dir='ltr'>καὶ</span> <span class='ocrx_word' id='word_1_192' title='bbox 2677 1279 2760 1331; x_wconf 82' lang='grc' dir='ltr'>ὅτι</span> <span class='ocrx_word' id='word_1_193' title='bbox 2797 1271 2918 1330; x_wconf 76' lang='grc' dir='ltr'>οὐδὲ</span> <span class='ocrx_word' id='word_1_194' title='bbox 2964 1277 3153 1331; x_wconf 78' lang='grc' dir='ltr'>ἑαυτὸν</span> <span class='ocrx_word' id='word_1_195' title='bbox 3199 1278 3480 1349; x_wconf 81' lang='grc' dir='ltr'>παρέδωκε</span> <span class='ocrx_word' id='word_1_196' title='bbox 3519 1276 3733 1341; x_wconf 80' lang='grc' dir='ltr'><strong>παθεῖν,</strong></span> 
     </span>
    </p>
   </div>
   <div class='ocr_carea' id='block_1_29' title="bbox 2163 1366 3737 1443">
    <p class='ocr_par' dir='ltr' id='par_1_29' title="bbox 2163 1366 3737 1443">
     <span class='ocr_line' id='line_1_29' title="bbox 2163 1366 3737 1443; baseline -0.003 -18"><span class='ocrx_word' id='word_1_197' title='bbox 2163 1372 2299 1425; x_wconf 85' lang='grc' dir='ltr'><strong>ἀλλά</strong></span> <span class='ocrx_word' id='word_1_198' title='bbox 2328 1370 2596 1443; x_wconf 82' lang='grc' dir='ltr'><strong>παρεδόθη</strong></span> <span class='ocrx_word' id='word_1_199' title='bbox 2617 1387 2630 1400; x_wconf 91' lang='grc'><strong>·</strong></span> <span class='ocrx_word' id='word_1_200' title='bbox 2670 1366 2760 1424; x_wconf 66' lang='grc' dir='ltr'><strong>καὶ</strong></span> <span class='ocrx_word' id='word_1_201' title='bbox 2803 1372 2860 1424; x_wconf 85' lang='grc' dir='ltr'><strong>ὲν</strong></span> <span class='ocrx_word' id='word_1_202' title='bbox 2891 1369 2970 1440; x_wconf 83' lang='grc' dir='ltr'>τῷ</span> <span class='ocrx_word' id='word_1_203' title='bbox 3000 1369 3292 1423; x_wconf 86' lang='grc' dir='ltr'>διώκεσθαι</span> <span class='ocrx_word' id='word_1_204' title='bbox 3333 1371 3459 1432; x_wconf 76' lang='grc' dir='ltr'>τοὺς</span> <span class='ocrx_word' id='word_1_205' title='bbox 3491 1369 3737 1439; x_wconf 86' lang='grc' dir='ltr'>μαθητὰς</span> 
     </span>
    </p>
   </div>
   <div class='ocr_carea' id='block_1_30' title="bbox 2163 1459 3737 1530">
    <p class='ocr_par' dir='ltr' id='par_1_30' title="bbox 2163 1459 3737 1530">
     <span class='ocr_line' id='line_1_30' title="bbox 2163 1459 3737 1530; baseline -0.003 -12"><span class='ocrx_word' id='word_1_206' title='bbox 2163 1463 2350 1528; x_wconf 89' lang='grc' dir='ltr'>αὐτοῦ,</span> <span class='ocrx_word' id='word_1_207' title='bbox 2384 1463 2663 1529; x_wconf 80' lang='grc' dir='ltr'>διετάξατο</span> <span class='ocrx_word' id='word_1_208' title='bbox 2713 1462 2932 1530; x_wconf 77' lang='grc' dir='ltr'>φεύγειν</span> <span class='ocrx_word' id='word_1_209' title='bbox 2979 1462 3057 1525; x_wconf 87' lang='grc' dir='ltr'><strong>είς</strong></span> <span class='ocrx_word' id='word_1_210' title='bbox 3109 1459 3260 1514; x_wconf 83' lang='grc' dir='ltr'>πόλιν</span> <span class='ocrx_word' id='word_1_211' title='bbox 3287 1464 3351 1514; x_wconf 83' lang='grc' dir='ltr'>ὲκ</span> <span class='ocrx_word' id='word_1_212' title='bbox 3389 1462 3616 1525; x_wconf 77' lang='grc' dir='ltr'>πόλεως,</span> <span class='ocrx_word' id='word_1_213' title='bbox 3645 1462 3737 1516; x_wconf 74' lang='grc' dir='ltr'><strong>καὶ</strong></span> 
     </span>
    </p>
   </div>
   <div class='ocr_carea' id='block_1_31' title="bbox 2169 1548 3737 1628">
    <p class='ocr_par' dir='ltr' id='par_1_31' title="bbox 2169 1548 3737 1628">
     <span class='ocr_line' id='line_1_31' title="bbox 2169 1548 3737 1628; baseline -0.004 -17"><span class='ocrx_word' id='word_1_214' title='bbox 2169 1556 2242 1628; x_wconf 86' lang='grc' dir='ltr'><strong>μὴ</strong></span> <span class='ocrx_word' id='word_1_215' title='bbox 2273 1555 2590 1625; x_wconf 81' lang='grc' dir='ltr'>αὐτομολεῖν</span> <span class='ocrx_word' id='word_1_216' title='bbox 2636 1548 2769 1625; x_wconf 76' lang='grc' dir='ltr'>πρὸς</span> <span class='ocrx_word' id='word_1_217' title='bbox 2814 1555 2940 1616; x_wconf 80' lang='grc' dir='ltr'>τοὺς</span> <span class='ocrx_word' id='word_1_218' title='bbox 2981 1551 3269 1615; x_wconf 82' lang='grc' dir='ltr'>κολαστὰς,</span> <span class='ocrx_word' id='word_1_219' title='bbox 3319 1553 3404 1604; x_wconf 84' lang='grc' dir='ltr'><strong>ἵνα</strong></span> <span class='ocrx_word' id='word_1_220' title='bbox 3457 1551 3529 1622; x_wconf 79' lang='grc' dir='ltr'>μὴ</span> <span class='ocrx_word' id='word_1_221' title='bbox 3575 1553 3737 1604; x_wconf 73' lang='grc' dir='ltr'>αἴτιοι</span> 
     </span>
    </p>
   </div>
   <div class='ocr_carea' id='block_1_32' title="bbox 2163 1643 3734 1717">
    <p class='ocr_par' dir='ltr' id='par_1_32' title="bbox 2163 1643 3734 1717">
     <span class='ocr_line' id='line_1_32' title="bbox 2163 1643 3734 1717; baseline -0.005 -14"><span class='ocrx_word' id='word_1_222' title='bbox 2163 1649 2345 1711; x_wconf 88' lang='grc' dir='ltr'>αὐτοῖς</span> <span class='ocrx_word' id='word_1_223' title='bbox 2393 1648 2628 1716; x_wconf 82' lang='grc' dir='ltr'>γίνοιντο</span> <span class='ocrx_word' id='word_1_224' title='bbox 2681 1645 2938 1699; x_wconf 89' lang='grc' dir='ltr'>πλειόνων</span> <span class='ocrx_word' id='word_1_225' title='bbox 2991 1645 3201 1714; x_wconf 88' lang='grc' dir='ltr'>φόνων,</span> <span class='ocrx_word' id='word_1_226' title='bbox 3245 1643 3430 1717; x_wconf 85' lang='grc' dir='ltr'>ὥσπερ</span> <span class='ocrx_word' id='word_1_227' title='bbox 3484 1643 3734 1715; x_wconf 82' lang='grc' dir='ltr'>παραθή-</span> 
     </span>
    </p>
   </div>
   <div class='ocr_carea' id='block_1_33' title="bbox 2162 1733 3733 1812">
    <p class='ocr_par' dir='ltr' id='par_1_33' title="bbox 2162 1733 3733 1812">
     <span class='ocr_line' id='line_1_33' title="bbox 2162 1733 3733 1812; baseline -0.006 -17"><span class='ocrx_word' id='word_1_228' title='bbox 2162 1758 2349 1812; x_wconf 88' lang='grc' dir='ltr'>γοντες</span> <span class='ocrx_word' id='word_1_229' title='bbox 2377 1740 2574 1802; x_wconf 77' lang='grc' dir='ltr'>αὐτοὺς</span> <span class='ocrx_word' id='word_1_230' title='bbox 2603 1741 2682 1801; x_wconf 86' lang='grc' dir='ltr'>εἰς</span> <span class='ocrx_word' id='word_1_231' title='bbox 2717 1737 2814 1801; x_wconf 86' lang='grc' dir='ltr'><strong>τάς</strong></span> <span class='ocrx_word' id='word_1_232' title='bbox 2861 1735 3002 1789; x_wconf 85' lang='grc' dir='ltr'><strong>κατά</strong></span> <span class='ocrx_word' id='word_1_233' title='bbox 3027 1735 3134 1788; x_wconf 89' lang='grc' dir='ltr'><strong>τῶν</strong></span> <span class='ocrx_word' id='word_1_234' title='bbox 3175 1735 3414 1788; x_wconf 75' lang='grc' dir='ltr'>εὐσεϐῶν</span> <span class='ocrx_word' id='word_1_235' title='bbox 3447 1733 3733 1804; x_wconf 82' lang='grc' dir='ltr'>τιμωρίας.</span> 
     </span>
    </p>
   </div>
   <div class='ocr_carea' id='block_1_34' title="bbox 487 1815 2066 1899">
    <p class='ocr_par' dir='ltr' id='par_1_34' title="bbox 487 1815 2064 1891">
     <span class='ocr_line' id='line_1_34' title="bbox 487 1815 2064 1891; baseline -0.002 -17"><span class='ocrx_word' id='word_1_236' title='bbox 487 1820 556 1874; x_wconf 91' lang='lat' dir='ltr'><strong>ad</strong></span> <span class='ocrx_word' id='word_1_237' title='bbox 587 1820 856 1891; x_wconf 88' lang='lat' dir='ltr'><strong>supplicia</strong></span> <span class='ocrx_word' id='word_1_238' title='bbox 886 1819 994 1888; x_wconf 89' lang='lat' dir='ltr'><strong>piis</strong></span> <span class='ocrx_word' id='word_1_239' title='bbox 1045 1817 1362 1873; x_wconf 89' lang='lat' dir='ltr'><strong>hominibus</strong></span> <span class='ocrx_word' id='word_1_240' title='bbox 1421 1817 1734 1887; x_wconf 87' lang='lat' dir='ltr'><strong>irroganda.</strong></span> <span class='ocrx_word' id='word_1_241' title='bbox 1787 1815 2064 1886; x_wconf 78' lang='lat' dir='ltr'><strong>Allertque</strong></span> 
     </span>
    </p>
   </div>
   <div class='ocr_carea' id='block_1_35' title="bbox 2172 1815 3737 1899">
    <p class='ocr_par' dir='ltr' id='par_1_35' title="bbox 2172 1822 3737 1899">
     <span class='ocr_line' id='line_1_35' title="bbox 2172 1822 3737 1899; baseline -0.008 -11"><span class='ocrx_word' id='word_1_242' title='bbox 2172 1837 2275 1890; x_wconf 79' lang='lat' dir='ltr'><strong>Kal.</strong></span> <span class='ocrx_word' id='word_1_243' title='bbox 2302 1835 2426 1896; x_wconf 83' lang='grc' dir='ltr'>τοὺς</span> <span class='ocrx_word' id='word_1_244' title='bbox 2469 1830 2799 1892; x_wconf 80' lang='grc' dir='ltr'><strong>ἀποστόλους</strong></span> <span class='ocrx_word' id='word_1_245' title='bbox 2850 1828 3086 1899; x_wconf 82' lang='grc' dir='ltr'>παράγει</span> <span class='ocrx_word' id='word_1_246' title='bbox 3138 1822 3214 1891; x_wconf 84' lang='grc' dir='ltr'><strong>είς</strong></span> <span class='ocrx_word' id='word_1_247' title='bbox 3269 1826 3606 1896; x_wconf 85' lang='grc' dir='ltr'>ὑπόδειγμα,</span> <span class='ocrx_word' id='word_1_248' title='bbox 3644 1824 3737 1877; x_wconf 76' lang='grc' dir='ltr'>τὸν</span> 
     </span>
    </p>
   </div>
   <div class='ocr_carea' id='block_1_36' title="bbox 488 1909 2062 1984">
    <p class='ocr_par' dir='ltr' id='par_1_36' title="bbox 488 1909 2062 1984">
     <span class='ocr_line' id='line_1_36' title="bbox 488 1909 2062 1984; baseline -0.001 -18"><span class='ocrx_word' id='word_1_249' title='bbox 488 1914 860 1984; x_wconf 81' lang='lat' dir='ltr'><strong>apostolorum</strong></span> <span class='ocrx_word' id='word_1_250' title='bbox 920 1913 1252 1981; x_wconf 80' lang='lat' dir='ltr'><strong>exemplum,</strong></span> <span class='ocrx_word' id='word_1_251' title='bbox 1286 1909 1570 1980; x_wconf 90' lang='lat' dir='ltr'><strong>Stephani,</strong></span> <span class='ocrx_word' id='word_1_252' title='bbox 1609 1909 1822 1976; x_wconf 86' lang='lat' dir='ltr'><strong>Jacobi,</strong></span> <span class='ocrx_word' id='word_1_253' title='bbox 1869 1924 1936 1964; x_wconf 92' lang='lat' dir='ltr'><strong>ac</strong></span> <span class='ocrx_word' id='word_1_254' title='bbox 1965 1925 2062 1965; x_wconf 87' lang='lat' dir='ltr'><strong>su-</strong></span> 
     </span>
    </p>
   </div>
   <div class='ocr_carea' id='block_1_37' title="bbox 489 1999 1927 2076">
    <p class='ocr_par' dir='ltr' id='par_1_37' title="bbox 489 1999 1927 2076">
     <span class='ocr_line' id='line_1_37' title="bbox 489 1999 1927 2076; baseline -0.003 -15"><span class='ocrx_word' id='word_1_255' title='bbox 489 2021 798 2076; x_wconf 84' lang='lat' dir='ltr'><strong>premorum</strong></span> <span class='ocrx_word' id='word_1_256' title='bbox 826 2004 1036 2059; x_wconf 87' lang='lat' dir='ltr'><strong>ordinis</strong></span> <span class='ocrx_word' id='word_1_257' title='bbox 1068 2004 1150 2058; x_wconf 88' lang='lat' dir='ltr'><strong>sui</strong></span> <span class='ocrx_word' id='word_1_258' title='bbox 1187 2018 1474 2072; x_wconf 86' lang='lat' dir='ltr'><strong>procerum</strong></span> <span class='ocrx_word' id='word_1_259' title='bbox 1501 2001 1650 2057; x_wconf 88' lang='lat' dir='ltr'><strong>Petri</strong></span> <span class='ocrx_word' id='word_1_260' title='bbox 1678 2009 1733 2056; x_wconf 92' lang='lat' dir='ltr'><strong>et</strong></span> <span class='ocrx_word' id='word_1_261' title='bbox 1752 1999 1927 2056; x_wconf 88' lang='lat' dir='ltr'><strong>Pauli.</strong></span> 
     </span>
    </p>
   </div>
   <div class='ocr_carea' id='block_1_38' title="bbox 1107 2093 1445 2151">
    <p class='ocr_par' dir='ltr' id='par_1_38' title="bbox 1107 2093 1445 2151">
     <span class='ocr_line' id='line_1_38' title="bbox 1107 2093 1445 2151; baseline -0.012 0"><span class='ocrx_word' id='word_1_262' title='bbox 1107 2093 1336 2151; x_wconf 77' lang='lat' dir='ltr'><strong>CANON</strong></span> <span class='ocrx_word' id='word_1_263' title='bbox 1377 2093 1445 2148; x_wconf 81' lang='grc' dir='ltr'>Χ.</span> 
     </span>
    </p>
   </div>
   <div class='ocr_carea' id='block_1_39' title="bbox 564 2185 2064 2257">
    <p class='ocr_par' dir='ltr' id='par_1_39' title="bbox 564 2185 2064 2257">
     <span class='ocr_line' id='line_1_39' title="bbox 564 2185 2064 2257; baseline -0.001 -16"><span class='ocrx_word' id='word_1_264' title='bbox 564 2205 583 2240; x_wconf 84' lang='grc' dir='ltr'>ι</span> <span class='ocrx_word' id='word_1_265' title='bbox 626 2185 781 2242; x_wconf 88' lang='lat' dir='ltr'><strong>Unde</strong></span> <span class='ocrx_word' id='word_1_266' title='bbox 813 2203 920 2243; x_wconf 88' lang='lat' dir='ltr'><strong>non</strong></span> <span class='ocrx_word' id='word_1_267' title='bbox 967 2196 1050 2242; x_wconf 87' lang='lat' dir='ltr'><strong>est</strong></span> <span class='ocrx_word' id='word_1_268' title='bbox 1106 2201 1357 2257; x_wconf 58' lang='lat' dir='ltr'><strong>aequum,</strong></span> <span class='ocrx_word' id='word_1_269' title='bbox 1399 2193 1459 2240; x_wconf 96' lang='lat' dir='ltr'><strong>ut</strong></span> <span class='ocrx_word' id='word_1_270' title='bbox 1492 2186 1577 2242; x_wconf 86' lang='lat' dir='ltr'><strong>vel</strong></span> <span class='ocrx_word' id='word_1_271' title='bbox 1622 2185 1805 2240; x_wconf 89' lang='lat' dir='ltr'><strong>clerici</strong></span> <span class='ocrx_word' id='word_1_272' title='bbox 1834 2185 1927 2256; x_wconf 86' lang='lat' dir='ltr'><strong>qui</strong></span> <span class='ocrx_word' id='word_1_273' title='bbox 1963 2200 2064 2240; x_wconf 86' lang='lat' dir='ltr'><strong>sua</strong></span> 
     </span>
    </p>
   </div>
   <div class='ocr_carea' id='block_1_40' title="bbox 494 2279 2062 2350">
    <p class='ocr_par' dir='ltr' id='par_1_40' title="bbox 494 2279 2062 2350">
     <span class='ocr_line' id='line_1_40' title="bbox 494 2279 2062 2350; baseline 0 -18"><span class='ocrx_word' id='word_1_274' title='bbox 494 2299 512 2332; x_wconf 82' lang='grc' dir='ltr'>ι</span> <span class='ocrx_word' id='word_1_275' title='bbox 564 2287 759 2350; x_wconf 88' lang='lat' dir='ltr'><strong>sponte</strong></span> <span class='ocrx_word' id='word_1_276' title='bbox 781 2279 1131 2349; x_wconf 75' lang='lat' dir='ltr'><strong>aufugerunt,</strong></span> <span class='ocrx_word' id='word_1_277' title='bbox 1167 2279 1304 2348; x_wconf 89' lang='lat' dir='ltr'><strong>lapsi</strong></span> <span class='ocrx_word' id='word_1_278' title='bbox 1330 2286 1510 2333; x_wconf 88' lang='lat' dir='ltr'><strong>autem</strong></span> <span class='ocrx_word' id='word_1_279' title='bbox 1543 2286 1597 2334; x_wconf 92' lang='lat' dir='ltr'><strong>et</strong></span> <span class='ocrx_word' id='word_1_280' title='bbox 1635 2279 1883 2333; x_wconf 90' lang='lat' dir='ltr'><strong>reluctati</strong></span> <span class='ocrx_word' id='word_1_281' title='bbox 1913 2285 2062 2344; x_wconf 85' lang='lat' dir='ltr'><strong>sunt,</strong></span> 
     </span>
    </p>
   </div>
   <div class='ocr_carea' id='block_1_41' title="bbox 495 2368 2066 2441">
    <p class='ocr_par' dir='ltr' id='par_1_41' title="bbox 495 2368 2066 2441">
     <span class='ocr_line' id='line_1_41' title="bbox 495 2368 2066 2441; baseline 0.001 -19"><span class='ocrx_word' id='word_1_282' title='bbox 495 2391 513 2422; x_wconf 80' lang='grc' dir='ltr'>ι</span> <span class='ocrx_word' id='word_1_283' title='bbox 561 2371 798 2441; x_wconf 86' lang='lat' dir='ltr'><strong>amplius</strong></span> <span class='ocrx_word' id='word_1_284' title='bbox 822 2371 875 2425; x_wconf 92' lang='lat' dir='ltr'><strong>in</strong></span> <span class='ocrx_word' id='word_1_285' title='bbox 905 2386 1066 2426; x_wconf 84' lang='lat' dir='ltr'><strong>sacro</strong></span> <span class='ocrx_word' id='word_1_286' title='bbox 1105 2370 1408 2424; x_wconf 87' lang='lat' dir='ltr'><strong>ministerio</strong></span> <span class='ocrx_word' id='word_1_287' title='bbox 1443 2377 1719 2436; x_wconf 88' lang='lat' dir='ltr'><strong>maneant,</strong></span> <span class='ocrx_word' id='word_1_288' title='bbox 1757 2370 1930 2438; x_wconf 87' lang='lat' dir='ltr'><strong>utqui</strong></span> <span class='ocrx_word' id='word_1_289' title='bbox 1959 2368 2066 2423; x_wconf 83' lang='lat' dir='ltr'><strong>Do-</strong></span> 
     </span>
    </p>
   </div>
   <div class='ocr_carea' id='block_1_42' title="bbox 498 2461 2066 2534">
    <p class='ocr_par' dir='ltr' id='par_1_42' title="bbox 498 2461 2066 2534">
     <span class='ocr_line' id='line_1_42' title="bbox 498 2461 2066 2534; baseline 0 -20"><span class='ocrx_word' id='word_1_290' title='bbox 498 2483 517 2514; x_wconf 79' lang='grc' dir='ltr'>ι</span> <span class='ocrx_word' id='word_1_291' title='bbox 569 2463 705 2517; x_wconf 90' lang='lat' dir='ltr'><strong>mini</strong></span> <span class='ocrx_word' id='word_1_292' title='bbox 757 2478 972 2534; x_wconf 82' lang='lat' dir='ltr'><strong>gregem</strong></span> <span class='ocrx_word' id='word_1_293' title='bbox 1005 2462 1348 2532; x_wconf 91' lang='lat' dir='ltr'><strong>reliquerint,</strong></span> <span class='ocrx_word' id='word_1_294' title='bbox 1372 2469 1425 2516; x_wconf 93' lang='lat' dir='ltr'><strong>et</strong></span> <span class='ocrx_word' id='word_1_295' title='bbox 1452 2477 1509 2516; x_wconf 91' lang='lat' dir='ltr'><strong>se</strong></span> <span class='ocrx_word' id='word_1_296' title='bbox 1535 2461 1684 2530; x_wconf 85' lang='lat' dir='ltr'><strong>ipsos</strong></span> <span class='ocrx_word' id='word_1_297' title='bbox 1723 2462 2066 2531; x_wconf 84' lang='lat' dir='ltr'><strong>vituperave-</strong></span> 
     </span>
    </p>
   </div>
   <div class='ocr_carea' id='block_1_43' title="bbox 497 2553 2062 2626">
    <p class='ocr_par' dir='ltr' id='par_1_43' title="bbox 497 2553 2062 2626">
     <span class='ocr_line' id='line_1_43' title="bbox 497 2553 2062 2626; baseline -0.003 -16"><span class='ocrx_word' id='word_1_298' title='bbox 497 2576 518 2610; x_wconf 82' lang='grc' dir='ltr'>ι</span> <span class='ocrx_word' id='word_1_299' title='bbox 561 2557 706 2611; x_wconf 88' lang='lat' dir='ltr'><strong>rint:</strong></span> <span class='ocrx_word' id='word_1_300' title='bbox 736 2556 880 2626; x_wconf 90' lang='lat' dir='ltr'><strong>quod</strong></span> <span class='ocrx_word' id='word_1_301' title='bbox 909 2555 1094 2610; x_wconf 90' lang='lat' dir='ltr'><strong>nullus</strong></span> <span class='ocrx_word' id='word_1_302' title='bbox 1123 2555 1250 2610; x_wconf 90' lang='lat' dir='ltr'><strong>fecit</strong></span> <span class='ocrx_word' id='word_1_303' title='bbox 1278 2571 1346 2609; x_wconf 74' lang='lat' dir='ltr'><strong>ex</strong></span> <span class='ocrx_word' id='word_1_304' title='bbox 1377 2555 1664 2625; x_wconf 83' lang='lat' dir='ltr'><strong>apostolis.</strong></span> <span class='ocrx_word' id='word_1_305' title='bbox 1704 2553 1918 2608; x_wconf 88' lang='lat' dir='ltr'><strong>Etenim</strong></span> <span class='ocrx_word' id='word_1_306' title='bbox 1939 2567 2062 2607; x_wconf 87' lang='lat' dir='ltr'><strong>cum</strong></span> 
     </span>
    </p>
   </div>
   <div class='ocr_carea' id='block_1_44' title="bbox 496 2647 2066 2718">
    <p class='ocr_par' dir='ltr' id='par_1_44' title="bbox 496 2647 2066 2718">
     <span class='ocr_line' id='line_1_44' title="bbox 496 2647 2066 2718; baseline -0.002 -16"><span class='ocrx_word' id='word_1_307' title='bbox 496 2667 518 2702; x_wconf 83' lang='grc' dir='ltr'>ι</span> <span class='ocrx_word' id='word_1_308' title='bbox 561 2651 764 2705; x_wconf 89' lang='lat' dir='ltr'><strong>multas</strong></span> <span class='ocrx_word' id='word_1_309' title='bbox 814 2648 1224 2718; x_wconf 86' lang='lat' dir='ltr'><strong>persecutiones</strong></span> <span class='ocrx_word' id='word_1_310' title='bbox 1279 2647 1529 2711; x_wconf 88' lang='lat' dir='ltr'><strong>obiisset,</strong></span> <span class='ocrx_word' id='word_1_311' title='bbox 1563 2657 1617 2703; x_wconf 90' lang='lat' dir='ltr'><strong>et</strong></span> <span class='ocrx_word' id='word_1_312' title='bbox 1661 2648 1835 2702; x_wconf 89' lang='lat' dir='ltr'><strong>multa</strong></span> <span class='ocrx_word' id='word_1_313' title='bbox 1889 2653 2066 2701; x_wconf 47' lang='lat' dir='ltr'><strong>certa‘</strong></span> 
     </span>
    </p>
   </div>
   <div class='ocr_carea' id='block_1_45' title="bbox 498 2737 2065 2810">
    <p class='ocr_par' dir='ltr' id='par_1_45' title="bbox 498 2737 2065 2810">
     <span class='ocr_line' id='line_1_45' title="bbox 498 2737 2065 2810; baseline -0.001 -17"><span class='ocrx_word' id='word_1_314' title='bbox 498 2760 518 2793; x_wconf 80' lang='grc' dir='ltr'>ι</span> <span class='ocrx_word' id='word_1_315' title='bbox 563 2739 772 2796; x_wconf 89' lang='lat' dir='ltr'><strong>minum</strong></span> <span class='ocrx_word' id='word_1_316' title='bbox 797 2739 1018 2810; x_wconf 72' lang='lat' dir='ltr'><strong>praemia</strong></span> <span class='ocrx_word' id='word_1_317' title='bbox 1038 2739 1376 2794; x_wconf 86' lang='lat' dir='ltr'><strong>ostendisset</strong></span> <span class='ocrx_word' id='word_1_318' title='bbox 1404 2739 1598 2794; x_wconf 89' lang='lat' dir='ltr'><strong>beatus</strong></span> <span class='ocrx_word' id='word_1_319' title='bbox 1624 2739 1904 2809; x_wconf 85' lang='lat' dir='ltr'><strong>apostolus</strong></span> <span class='ocrx_word' id='word_1_320' title='bbox 1922 2737 2065 2792; x_wconf 74' lang='lat' dir='ltr'><strong>Pau-</strong></span> 
     </span>
    </p>
   </div>
   <div class='ocr_carea' id='block_1_46' title="bbox 498 2831 2066 2902">
    <p class='ocr_par' dir='ltr' id='par_1_46' title="bbox 498 2831 2066 2902">
     <span class='ocr_line' id='line_1_46' title="bbox 498 2831 2066 2902; baseline -0.001 -19"><span class='ocrx_word' id='word_1_321' title='bbox 498 2851 516 2883; x_wconf 82' lang='grc' dir='ltr'><strong>ι</strong></span> <span class='ocrx_word' id='word_1_322' title='bbox 565 2833 670 2896; x_wconf 90' lang='lat' dir='ltr'><strong>lus,</strong></span> <span class='ocrx_word' id='word_1_323' title='bbox 705 2832 886 2887; x_wconf 84' lang='lat' dir='ltr'><strong>sciens</strong></span> <span class='ocrx_word' id='word_1_324' title='bbox 919 2846 1043 2886; x_wconf 89' lang='lat' dir='ltr'><strong>esse</strong></span> <span class='ocrx_word' id='word_1_325' title='bbox 1065 2831 1221 2902; x_wconf 87' lang='lat' dir='ltr'><strong>longe</strong></span> <span class='ocrx_word' id='word_1_326' title='bbox 1242 2831 1438 2886; x_wconf 88' lang='lat' dir='ltr'><strong>melius</strong></span> <span class='ocrx_word' id='word_1_327' title='bbox 1492 2831 1709 2885; x_wconf 68' lang='lat' dir='ltr'><strong>dissolvi</strong></span> <span class='ocrx_word' id='word_1_328' title='bbox 1737 2841 1921 2884; x_wconf 79' lang='lat' dir='ltr'><strong>etesse</strong></span> <span class='ocrx_word' id='word_1_329' title='bbox 1948 2845 2066 2882; x_wconf 88' lang='lat' dir='ltr'><strong>cum</strong></span> 
     </span>
    </p>
   </div>
   <div class='ocr_carea' id='block_1_47' title="bbox 497 2922 2066 2990">
    <p class='ocr_par' dir='ltr' id='par_1_47' title="bbox 497 2922 2066 2990">
     <span class='ocr_line' id='line_1_47' title="bbox 497 2922 2066 2990; baseline 0.001 -14"><span class='ocrx_word' id='word_1_330' title='bbox 497 2945 516 2976; x_wconf 75' lang='grc' dir='ltr'>ι</span> <span class='ocrx_word' id='word_1_331' title='bbox 565 2923 781 2981; x_wconf 82' lang='lat' dir='ltr'><strong>Christo</strong></span> <span class='ocrx_word' id='word_1_332' title='bbox 830 2937 881 2990; x_wconf 81' lang='grc' dir='ltr'>ι,</span> <span class='ocrx_word' id='word_1_333' title='bbox 914 2923 1080 2978; x_wconf 87' lang='lat' dir='ltr'><strong>infert</strong></span> <span class='ocrx_word' id='word_1_334' title='bbox 1114 2932 1168 2978; x_wconf 88' lang='lat' dir='ltr'><strong>et</strong></span> <span class='ocrx_word' id='word_1_335' title='bbox 1209 2923 1385 2978; x_wconf 89' lang='lat' dir='ltr'><strong>dicit:</strong></span> <span class='ocrx_word' id='word_1_336' title='bbox 1425 2922 1493 2978; x_wconf 84' lang='lat' dir='ltr'><strong>In</strong></span> <span class='ocrx_word' id='word_1_337' title='bbox 1519 2940 1677 2978; x_wconf 79' lang='lat' dir='ltr'><strong>carne</strong></span> <span class='ocrx_word' id='word_1_338' title='bbox 1729 2933 1905 2977; x_wconf 83' lang='lat' dir='ltr'><strong>autem</strong></span> <span class='ocrx_word' id='word_1_339' title='bbox 1951 2939 2066 2977; x_wconf 88' lang='lat' dir='ltr'><strong>ma-</strong></span> 
     </span>
    </p>
   </div>
   <div class='ocr_carea' id='block_1_48' title="bbox 474 3017 2066 3088">
    <p class='ocr_par' dir='ltr' id='par_1_48' title="bbox 474 3017 2066 3088">
     <span class='ocr_line' id='line_1_48' title="bbox 474 3017 2066 3088; baseline 0.006 -21"><span class='ocrx_word' id='word_1_340' title='bbox 474 3035 518 3068; x_wconf 70' lang='lat' dir='ltr'><strong>.c</strong></span> <span class='ocrx_word' id='word_1_341' title='bbox 565 3034 704 3080; x_wconf 81' lang='lat' dir='ltr'><strong>nere,</strong></span> <span class='ocrx_word' id='word_1_342' title='bbox 741 3017 909 3088; x_wconf 84' lang='lat' dir='ltr'><strong>magis</strong></span> <span class='ocrx_word' id='word_1_343' title='bbox 939 3017 1291 3071; x_wconf 82' lang='lat' dir='ltr'><strong>necessarium</strong></span> <span class='ocrx_word' id='word_1_344' title='bbox 1311 3026 1526 3086; x_wconf 82' lang='lat' dir='ltr'><strong>propter</strong></span> <span class='ocrx_word' id='word_1_345' title='bbox 1546 3033 1656 3072; x_wconf 79' lang='lat' dir='ltr'><strong>vos.</strong></span> <span class='ocrx_word' id='word_1_346' title='bbox 1693 3017 2066 3076; x_wconf 88' lang='lat' dir='ltr'><strong>Considerans</strong></span> 
     </span>
    </p>
   </div>
   <div class='ocr_carea' id='block_1_49' title="bbox 499 3107 2068 3176">
    <p class='ocr_par' dir='ltr' id='par_1_49' title="bbox 499 3107 2068 3176">
     <span class='ocr_line' id='line_1_49' title="bbox 499 3107 2068 3176; baseline 0.006 -19"><span class='ocrx_word' id='word_1_347' title='bbox 499 3125 519 3157; x_wconf 75' lang='grc' dir='ltr'>ι</span> <span class='ocrx_word' id='word_1_348' title='bbox 560 3109 705 3162; x_wconf 90' lang='lat' dir='ltr'><strong>enim</strong></span> <span class='ocrx_word' id='word_1_349' title='bbox 735 3122 843 3162; x_wconf 90' lang='lat' dir='ltr'><strong>non</strong></span> <span class='ocrx_word' id='word_1_350' title='bbox 873 3123 1050 3173; x_wconf 86' lang='lat' dir='ltr'><strong>suam,</strong></span> <span class='ocrx_word' id='word_1_351' title='bbox 1087 3107 1180 3166; x_wconf 77' lang='lat' dir='ltr'><strong>sed</strong></span> <span class='ocrx_word' id='word_1_352' title='bbox 1207 3108 1500 3162; x_wconf 91' lang='lat' dir='ltr'><strong>multorum</strong></span> <span class='ocrx_word' id='word_1_353' title='bbox 1532 3109 1845 3176; x_wconf 87' lang='lat' dir='ltr'><strong>utilitatem,</strong></span> <span class='ocrx_word' id='word_1_354' title='bbox 1873 3118 1931 3166; x_wconf 79' lang='lat' dir='ltr'><strong>ut</strong></span> <span class='ocrx_word' id='word_1_355' title='bbox 1951 3128 2068 3166; x_wconf 89' lang='lat' dir='ltr'><strong>ser-</strong></span> 
     </span>
    </p>
   </div>
   <div class='ocr_carea' id='block_1_50' title="bbox 2164 1916 3737 1995">
    <p class='ocr_par' dir='ltr' id='par_1_50' title="bbox 2164 1916 3737 1995">
     <span class='ocr_line' id='line_1_50' title="bbox 2164 1916 3737 1995; baseline -0.006 -14"><span class='ocrx_word' id='word_1_356' title='bbox 2164 1928 2434 1995; x_wconf 83' lang='grc' dir='ltr'>Στέφανον</span> <span class='ocrx_word' id='word_1_357' title='bbox 2455 1966 2471 1990; x_wconf 94' lang='grc'><strong>,</strong></span> <span class='ocrx_word' id='word_1_358' title='bbox 2517 1924 2608 1976; x_wconf 82' lang='grc' dir='ltr'>τὸν</span> <span class='ocrx_word' id='word_1_359' title='bbox 2649 1921 2937 1984; x_wconf 75' lang='grc' dir='ltr'>Ἰάκωϐον,</span> <span class='ocrx_word' id='word_1_360' title='bbox 2971 1922 3066 1975; x_wconf 76' lang='grc' dir='ltr'>καὶ</span> <span class='ocrx_word' id='word_1_361' title='bbox 3105 1921 3232 1983; x_wconf 80' lang='grc' dir='ltr'>τοὺς</span> <span class='ocrx_word' id='word_1_362' title='bbox 3280 1916 3737 1990; x_wconf 75' lang='grc' dir='ltr'>κορυφαιοτάτους</span> 
     </span>
    </p>
   </div>
   <div class='ocr_carea' id='block_1_51' title="bbox 2163 2015 2748 2092">
    <p class='ocr_par' dir='ltr' id='par_1_51' title="bbox 2163 2015 2748 2092">
     <span class='ocr_line' id='line_1_51' title="bbox 2163 2015 2748 2092; baseline -0.01 -19"><span class='ocrx_word' id='word_1_363' title='bbox 2163 2020 2371 2092; x_wconf 84' lang='grc' dir='ltr'>Πέτρον</span> <span class='ocrx_word' id='word_1_364' title='bbox 2399 2019 2493 2072; x_wconf 75' lang='grc' dir='ltr'>καὶ</span> <span class='ocrx_word' id='word_1_365' title='bbox 2517 2015 2748 2069; x_wconf 82' lang='grc' dir='ltr'><strong>Παῦλον.</strong></span> 
     </span>
    </p>
   </div>
   <div class='ocr_carea' id='block_1_52' title="bbox 2783 2105 3118 2159">
    <p class='ocr_par' dir='ltr' id='par_1_52' title="bbox 2783 2105 3118 2159">
     <span class='ocr_line' id='line_1_52' title="bbox 2783 2105 3118 2159; baseline 0 -1"><span class='ocrx_word' id='word_1_366' title='bbox 2783 2105 3024 2159; x_wconf 80' lang='grc' dir='ltr'><strong>ΚΑΝΩΝ</strong></span> <span class='ocrx_word' id='word_1_367' title='bbox 3061 2107 3118 2159; x_wconf 81' lang='lat' dir='ltr'><strong>I&#39;.</strong></span> 
     </span>
    </p>
   </div>
   <div class='ocr_carea' id='block_1_53' title="bbox 2239 2194 3734 2273">
    <p class='ocr_par' dir='ltr' id='par_1_53' title="bbox 2239 2194 3734 2273">
     <span class='ocr_line' id='line_1_53' title="bbox 2239 2194 3734 2273; baseline -0.005 -17"><span class='ocrx_word' id='word_1_368' title='bbox 2239 2221 2258 2256; x_wconf 84' lang='grc' dir='ltr'>ι</span> <span class='ocrx_word' id='word_1_369' title='bbox 2295 2202 2454 2257; x_wconf 86' lang='grc' dir='ltr'>Ὅθεν</span> <span class='ocrx_word' id='word_1_370' title='bbox 2478 2201 2554 2273; x_wconf 83' lang='grc'><strong>(5)</strong></span> <span class='ocrx_word' id='word_1_371' title='bbox 2580 2203 2680 2256; x_wconf 86' lang='grc' dir='ltr'><strong>οὐκ</strong></span> <span class='ocrx_word' id='word_1_372' title='bbox 2701 2200 2847 2254; x_wconf 73' lang='grc' dir='ltr'>ἐστιν</span> <span class='ocrx_word' id='word_1_373' title='bbox 2876 2198 3092 2266; x_wconf 84' lang='grc' dir='ltr'>εῦλογον</span> <span class='ocrx_word' id='word_1_374' title='bbox 3121 2197 3242 2250; x_wconf 79' lang='grc' dir='ltr'>οὐδὲ</span> <span class='ocrx_word' id='word_1_375' title='bbox 3263 2196 3386 2260; x_wconf 79' lang='grc' dir='ltr'>τοὺς</span> <span class='ocrx_word' id='word_1_376' title='bbox 3406 2194 3514 2249; x_wconf 80' lang='grc' dir='ltr'>ἀπὸ</span> <span class='ocrx_word' id='word_1_377' title='bbox 3536 2194 3734 2266; x_wconf 85' lang='grc' dir='ltr'>κλήρου</span> 
     </span>
    </p>
   </div>
   <div class='ocr_carea' id='block_1_54' title="bbox 2171 2286 3737 2364">
    <p class='ocr_par' dir='ltr' id='par_1_54' title="bbox 2171 2286 3737 2364">
     <span class='ocr_line' id='line_1_54' title="bbox 2171 2286 3737 2364; baseline -0.004 -19"><span class='ocrx_word' id='word_1_378' title='bbox 2171 2313 2188 2345; x_wconf 89' lang='grc' dir='ltr'>ι</span> <span class='ocrx_word' id='word_1_379' title='bbox 2226 2293 2718 2364; x_wconf 75' lang='grc' dir='ltr'>αὐτομολήσαντας,</span> <span class='ocrx_word' id='word_1_380' title='bbox 2765 2290 3186 2352; x_wconf 75' lang='grc' dir='ltr'>ἐκπεπτωκότας</span> <span class='ocrx_word' id='word_1_381' title='bbox 3216 2306 3273 2342; x_wconf 89' lang='grc' dir='ltr'>τε</span> <span class='ocrx_word' id='word_1_382' title='bbox 3313 2289 3407 2342; x_wconf 73' lang='grc' dir='ltr'>καὶ</span> <span class='ocrx_word' id='word_1_383' title='bbox 3439 2286 3737 2341; x_wconf 82' lang='grc' dir='ltr'>ἀναπαλαί-</span> 
     </span>
    </p>
   </div>
   <div class='ocr_carea' id='block_1_55' title="bbox 2169 2377 3736 2454">
    <p class='ocr_par' dir='ltr' id='par_1_55' title="bbox 2169 2377 3736 2454">
     <span class='ocr_line' id='line_1_55' title="bbox 2169 2377 3736 2454; baseline -0.004 -16"><span class='ocrx_word' id='word_1_384' title='bbox 2169 2403 2189 2438; x_wconf 81' lang='grc' dir='ltr'>ι</span> <span class='ocrx_word' id='word_1_385' title='bbox 2231 2402 2450 2449; x_wconf 85' lang='grc' dir='ltr'>σαντας,</span> <span class='ocrx_word' id='word_1_386' title='bbox 2479 2385 2558 2438; x_wconf 74' lang='grc' dir='ltr'>ἔτι</span> <span class='ocrx_word' id='word_1_387' title='bbox 2596 2386 2653 2438; x_wconf 81' lang='grc' dir='ltr'>ἐν</span> <span class='ocrx_word' id='word_1_388' title='bbox 2686 2387 2751 2454; x_wconf 82' lang='grc' dir='ltr'><strong>τῇ</strong></span> <span class='ocrx_word' id='word_1_389' title='bbox 2795 2381 3105 2453; x_wconf 80' lang='grc' dir='ltr'>λειτουργίᾳ</span> <span class='ocrx_word' id='word_1_390' title='bbox 3140 2377 3309 2443; x_wconf 76' lang='grc' dir='ltr'>εἶναι,</span> <span class='ocrx_word' id='word_1_391' title='bbox 3345 2381 3440 2434; x_wconf 83' lang='grc' dir='ltr'><strong>ἀτε</strong></span> <span class='ocrx_word' id='word_1_392' title='bbox 3471 2379 3536 2450; x_wconf 86' lang='grc' dir='ltr'><strong>δὴ</strong></span> <span class='ocrx_word' id='word_1_393' title='bbox 3568 2396 3736 2432; x_wconf 80' lang='grc' dir='ltr'>κατα-</span> 
     </span>
    </p>
   </div>
   <div class='ocr_carea' id='block_1_56' title="bbox 2170 2472 3737 2546">
    <p class='ocr_par' dir='ltr' id='par_1_56' title="bbox 2170 2472 3737 2546">
     <span class='ocr_line' id='line_1_56' title="bbox 2170 2472 3737 2546; baseline -0.004 -18"><span class='ocrx_word' id='word_1_394' title='bbox 2170 2496 2189 2528; x_wconf 83' lang='grc' dir='ltr'>ι</span> <span class='ocrx_word' id='word_1_395' title='bbox 2227 2475 2520 2546; x_wconf 76' lang='grc' dir='ltr'>λείψαντας</span> <span class='ocrx_word' id='word_1_396' title='bbox 2552 2475 2612 2528; x_wconf 82' lang='grc' dir='ltr'>τὸ</span> <span class='ocrx_word' id='word_1_397' title='bbox 2640 2475 2888 2546; x_wconf 84' lang='grc' dir='ltr'>ποίμνιον</span> <span class='ocrx_word' id='word_1_398' title='bbox 2922 2473 3128 2544; x_wconf 83' lang='grc' dir='ltr'>Κυρίου</span> <span class='ocrx_word' id='word_1_399' title='bbox 3163 2473 3257 2525; x_wconf 75' lang='grc' dir='ltr'>καὶ</span> <span class='ocrx_word' id='word_1_400' title='bbox 3303 2472 3737 2543; x_wconf 76' lang='grc' dir='ltr'>μωμησαμένους</span> 
     </span>
    </p>
   </div>
   <div class='ocr_carea' id='block_1_57' title="bbox 2171 2562 3737 2652">
    <p class='ocr_par' dir='ltr' id='par_1_57' title="bbox 2171 2562 3737 2652">
     <span class='ocr_line' id='line_1_57' title="bbox 2171 2562 3737 2652; baseline -0.003 -33"><span class='ocrx_word' id='word_1_401' title='bbox 2171 2579 2195 2619; x_wconf 79' lang='grc' dir='ltr'><strong>ι·</strong></span> <span class='ocrx_word' id='word_1_402' title='bbox 2228 2569 2450 2631; x_wconf 80' lang='grc' dir='ltr'>ἑαυτούς</span> <span class='ocrx_word' id='word_1_403' title='bbox 2468 2580 2482 2598; x_wconf 81' lang='grc'><strong><em>⁸</em></strong></span> <span class='ocrx_word' id='word_1_404' title='bbox 2507 2569 2642 2652; x_wconf 64' lang='grc' dir='ltr'>ὅπερ</span> <span class='ocrx_word' id='word_1_405' title='bbox 2661 2562 2832 2630; x_wconf 78' lang='grc' dir='ltr'>οὐδεὶς</span> <span class='ocrx_word' id='word_1_406' title='bbox 2854 2565 2960 2618; x_wconf 89' lang='grc' dir='ltr'><strong>τῶν</strong></span> <span class='ocrx_word' id='word_1_407' title='bbox 2983 2563 3289 2619; x_wconf 86' lang='grc' dir='ltr'>ἀποστόλων</span> <span class='ocrx_word' id='word_1_408' title='bbox 3319 2563 3604 2634; x_wconf 76' lang='grc' dir='ltr'>πεποίηκε.</span> <span class='ocrx_word' id='word_1_409' title='bbox 3627 2562 3737 2615; x_wconf 67' lang='grc' dir='ltr'><strong>Καὶ</strong></span> 
     </span>
    </p>
   </div>
   <div class='ocr_carea' id='block_1_58' title="bbox 2174 2651 3734 2730">
    <p class='ocr_par' dir='ltr' id='par_1_58' title="bbox 2174 2651 3734 2730">
     <span class='ocr_line' id='line_1_58' title="bbox 2174 2651 3734 2730; baseline -0.004 -22"><span class='ocrx_word' id='word_1_410' title='bbox 2174 2677 2190 2708; x_wconf 80' lang='grc' dir='ltr'><strong>ι</strong></span> <span class='ocrx_word' id='word_1_411' title='bbox 2232 2657 2341 2730; x_wconf 72' lang='grc' dir='ltr'>γὰρ</span> <span class='ocrx_word' id='word_1_412' title='bbox 2371 2660 2399 2711; x_wconf 87' lang='grc' dir='ltr'>ὁ</span> <span class='ocrx_word' id='word_1_413' title='bbox 2429 2651 2654 2720; x_wconf 80' lang='grc' dir='ltr'>πολλοὺς</span> <span class='ocrx_word' id='word_1_414' title='bbox 2693 2656 2966 2726; x_wconf 84' lang='grc' dir='ltr'>διωγμοὺς</span> <span class='ocrx_word' id='word_1_415' title='bbox 3003 2654 3264 2721; x_wconf 74' lang='grc' dir='ltr'>ἐξανύσας</span> <span class='ocrx_word' id='word_1_416' title='bbox 3308 2653 3405 2723; x_wconf 85' lang='grc'><strong>(6),</strong></span> <span class='ocrx_word' id='word_1_417' title='bbox 3459 2651 3627 2706; x_wconf 85' lang='grc' dir='ltr'>πολλά</span> <span class='ocrx_word' id='word_1_418' title='bbox 3677 2660 3734 2703; x_wconf 84' lang='grc' dir='ltr'>τε</span> 
     </span>
    </p>
   </div>
   <div class='ocr_carea' id='block_1_59' title="bbox 2174 2744 3736 2820">
    <p class='ocr_par' dir='ltr' id='par_1_59' title="bbox 2174 2744 3736 2820">
     <span class='ocr_line' id='line_1_59' title="bbox 2174 2744 3736 2820; baseline -0.002 -21"><span class='ocrx_word' id='word_1_419' title='bbox 2174 2768 2190 2799; x_wconf 85' lang='grc' dir='ltr'><strong>ι</strong></span> <span class='ocrx_word' id='word_1_420' title='bbox 2233 2745 2368 2802; x_wconf 84' lang='grc' dir='ltr'>ἆθλα</span> <span class='ocrx_word' id='word_1_421' title='bbox 2395 2749 2787 2820; x_wconf 82' lang='grc' dir='ltr'>ἀγωνισμάτων</span> <span class='ocrx_word' id='word_1_422' title='bbox 2817 2747 3205 2819; x_wconf 70' lang='grc' dir='ltr'>ἐνδειξάμενος,</span> <span class='ocrx_word' id='word_1_423' title='bbox 3243 2749 3271 2800; x_wconf 86' lang='grc' dir='ltr'><strong>ό</strong></span> <span class='ocrx_word' id='word_1_424' title='bbox 3303 2745 3571 2817; x_wconf 85' lang='grc' dir='ltr'>μακάριος</span> <span class='ocrx_word' id='word_1_425' title='bbox 3601 2744 3736 2798; x_wconf 77' lang='grc' dir='ltr'>ἀπό-</span> 
     </span>
    </p>
   </div>
   <div class='ocr_carea' id='block_1_60' title="bbox 2173 2837 3738 2911">
    <p class='ocr_par' dir='ltr' id='par_1_60' title="bbox 2173 2837 3738 2911">
     <span class='ocr_line' id='line_1_60' title="bbox 2173 2837 3738 2911; baseline -0.005 -16"><span class='ocrx_word' id='word_1_426' title='bbox 2173 2864 2190 2895; x_wconf 77' lang='grc'><strong>(</strong></span> <span class='ocrx_word' id='word_1_427' title='bbox 2229 2841 2480 2906; x_wconf 78' lang='grc' dir='ltr'>στολος³¹⁵</span> <span class='ocrx_word' id='word_1_428' title='bbox 2519 2842 2761 2906; x_wconf 78' lang='grc' dir='ltr'>Παῦλος,</span> <span class='ocrx_word' id='word_1_429' title='bbox 2806 2839 3059 2911; x_wconf 79' lang='grc' dir='ltr'>ἐγνωκώς</span> <span class='ocrx_word' id='word_1_430' title='bbox 3091 2858 3148 2893; x_wconf 88' lang='grc' dir='ltr'><strong>τε</strong></span> <span class='ocrx_word' id='word_1_431' title='bbox 3195 2840 3275 2892; x_wconf 83' lang='grc' dir='ltr'><strong>ὅτι</strong></span> <span class='ocrx_word' id='word_1_432' title='bbox 3324 2837 3539 2890; x_wconf 83' lang='grc' dir='ltr'>κάλλιόν</span> <span class='ocrx_word' id='word_1_433' title='bbox 3592 2837 3738 2888; x_wconf 76' lang='grc' dir='ltr'>ἔστιν</span> 
     </span>
    </p>
   </div>
   <div class='ocr_carea' id='block_1_61' title="bbox 2172 2923 3738 3000">
    <p class='ocr_par' dir='ltr' id='par_1_61' title="bbox 2172 2923 3738 3000">
     <span class='ocr_line' id='line_1_61' title="bbox 2172 2923 3738 3000; baseline -0.007 -14"><span class='ocrx_word' id='word_1_434' title='bbox 2172 2953 2192 2986; x_wconf 75' lang='grc' dir='ltr'>ι</span> <span class='ocrx_word' id='word_1_435' title='bbox 2230 2933 2530 2988; x_wconf 76' lang='grc' dir='ltr'><strong>ἀναλῦσαι</strong></span> <span class='ocrx_word' id='word_1_436' title='bbox 2575 2933 2668 2985; x_wconf 76' lang='grc' dir='ltr'>καὶ</span> <span class='ocrx_word' id='word_1_437' title='bbox 2706 2928 2828 2986; x_wconf 82' lang='grc' dir='ltr'><strong>σὺν</strong></span> <span class='ocrx_word' id='word_1_438' title='bbox 2870 2930 3099 3000; x_wconf 81' lang='grc' dir='ltr'>Χριστῷ</span> <span class='ocrx_word' id='word_1_439' title='bbox 3131 2927 3306 2992; x_wconf 72' lang='grc' dir='ltr'>εἶναι,</span> <span class='ocrx_word' id='word_1_440' title='bbox 3349 2927 3597 2997; x_wconf 77' lang='grc' dir='ltr'>ἐπιφέρει</span> <span class='ocrx_word' id='word_1_441' title='bbox 3643 2923 3738 2976; x_wconf 80' lang='grc' dir='ltr'>καὶ</span> 
     </span>
    </p>
   </div>
   <div class='ocr_carea' id='block_1_62' title="bbox 2175 3021 3739 3095">
    <p class='ocr_par' dir='ltr' id='par_1_62' title="bbox 2175 3021 3739 3095">
     <span class='ocr_line' id='line_1_62' title="bbox 2175 3021 3739 3095; baseline -0.008 -15"><span class='ocrx_word' id='word_1_442' title='bbox 2175 3047 2192 3079; x_wconf 85' lang='grc' dir='ltr'>ι</span> <span class='ocrx_word' id='word_1_443' title='bbox 2229 3027 2402 3095; x_wconf 83' lang='grc' dir='ltr'>λέγει·</span> <span class='ocrx_word' id='word_1_444' title='bbox 2436 3026 2506 3080; x_wconf 84' lang='grc' dir='ltr'><strong>Τὸ</strong></span> <span class='ocrx_word' id='word_1_445' title='bbox 2533 3025 2600 3078; x_wconf 82' lang='grc' dir='ltr'><strong>δὲ</strong></span> <span class='ocrx_word' id='word_1_446' title='bbox 2628 3022 2918 3095; x_wconf 72' lang='grc' dir='ltr'>ἐπιμεῖναι</span> <span class='ocrx_word' id='word_1_447' title='bbox 2955 3023 3027 3092; x_wconf 77' lang='grc' dir='ltr'><strong>τῇ</strong></span> <span class='ocrx_word' id='word_1_448' title='bbox 3051 3021 3250 3090; x_wconf 77' lang='grc' dir='ltr'>σαρκὶ,</span> <span class='ocrx_word' id='word_1_449' title='bbox 3279 3021 3739 3090; x_wconf 76' lang='grc' dir='ltr'>ἀναγκαιότερον</span> 
     </span>
    </p>
   </div>
   <div class='ocr_carea' id='block_1_63' title="bbox 2175 3109 3735 3190">
    <p class='ocr_par' dir='ltr' id='par_1_63' title="bbox 2175 3109 3735 3190">
     <span class='ocr_line' id='line_1_63' title="bbox 2175 3109 3735 3190; baseline -0.008 -20"><span class='ocrx_word' id='word_1_450' title='bbox 2175 3140 2193 3170; x_wconf 76' lang='grc' dir='ltr'><strong>ι</strong></span> <span class='ocrx_word' id='word_1_451' title='bbox 2232 3121 2305 3172; x_wconf 74' lang='grc' dir='ltr'><strong>δι’</strong></span> <span class='ocrx_word' id='word_1_452' title='bbox 2338 3119 2510 3189; x_wconf 80' lang='grc' dir='ltr'>ὑμᾶς.</span> <span class='ocrx_word' id='word_1_453' title='bbox 2562 3117 2785 3170; x_wconf 88' lang='grc' dir='ltr'>Σκοπῶν</span> <span class='ocrx_word' id='word_1_454' title='bbox 2817 3117 2924 3190; x_wconf 86' lang='grc' dir='ltr'><strong>γάρ</strong></span> <span class='ocrx_word' id='word_1_455' title='bbox 2973 3118 3033 3170; x_wconf 89' lang='grc' dir='ltr'><strong>οὐ</strong></span> <span class='ocrx_word' id='word_1_456' title='bbox 3087 3115 3146 3168; x_wconf 80' lang='grc' dir='ltr'>τὸ</span> <span class='ocrx_word' id='word_1_457' title='bbox 3191 3111 3382 3168; x_wconf 79' lang='grc' dir='ltr'>ἑαυτοῦ</span> <span class='ocrx_word' id='word_1_458' title='bbox 3423 3109 3735 3180; x_wconf 77' lang='grc' dir='ltr'>συμφέρον,</span> 
     </span>
    </p>
   </div>
   <div class='ocr_carea' id='block_1_64' title="bbox 498 3192 2066 3270">
    <p class='ocr_par' dir='ltr' id='par_1_64' title="bbox 498 3199 2064 3270">
     <span class='ocr_line' id='line_1_64' title="bbox 498 3199 2064 3270; baseline 0.007 -24"><span class='ocrx_word' id='word_1_459' title='bbox 498 3216 517 3246; x_wconf 77' lang='grc' dir='ltr'>ι</span> <span class='ocrx_word' id='word_1_460' title='bbox 561 3205 780 3261; x_wconf 86' lang='lat' dir='ltr'><strong>ventur,</strong></span> <span class='ocrx_word' id='word_1_461' title='bbox 813 3199 988 3269; x_wconf 90' lang='lat' dir='ltr'><strong>magis</strong></span> <span class='ocrx_word' id='word_1_462' title='bbox 1016 3214 1182 3268; x_wconf 90' lang='lat' dir='ltr'><strong>quam</strong></span> <span class='ocrx_word' id='word_1_463' title='bbox 1207 3213 1362 3253; x_wconf 90' lang='lat' dir='ltr'><strong>suam</strong></span> <span class='ocrx_word' id='word_1_464' title='bbox 1394 3200 1656 3270; x_wconf 89' lang='lat' dir='ltr'><strong>quietem,</strong></span> <span class='ocrx_word' id='word_1_465' title='bbox 1687 3206 2064 3257; x_wconf 88' lang='lat' dir='ltr'><strong>necessarium</strong></span> 
     </span>
    </p>
   </div>
   <div class='ocr_carea' id='block_1_65' title="bbox 2172 3192 3736 3270">
    <p class='ocr_par' dir='ltr' id='par_1_65' title="bbox 2175 3199 3736 3269">
     <span class='ocr_line' id='line_1_65' title="bbox 2175 3199 3736 3269; baseline -0.009 -7"><span class='ocrx_word' id='word_1_466' title='bbox 2175 3229 2193 3262; x_wconf 83' lang='grc' dir='ltr'>ι</span> <span class='ocrx_word' id='word_1_467' title='bbox 2234 3209 2368 3262; x_wconf 86' lang='grc' dir='ltr'><strong>ἀλλά</strong></span> <span class='ocrx_word' id='word_1_468' title='bbox 2403 3210 2464 3263; x_wconf 83' lang='grc' dir='ltr'>τὸ</span> <span class='ocrx_word' id='word_1_469' title='bbox 2493 3209 2599 3262; x_wconf 87' lang='grc' dir='ltr'><strong>τῶν</strong></span> <span class='ocrx_word' id='word_1_470' title='bbox 2639 3207 2848 3260; x_wconf 84' lang='grc' dir='ltr'>πολλῶν</span> <span class='ocrx_word' id='word_1_471' title='bbox 2895 3207 2980 3260; x_wconf 81' lang='grc' dir='ltr'>ἵνα</span> <span class='ocrx_word' id='word_1_472' title='bbox 3012 3204 3254 3258; x_wconf 81' lang='grc' dir='ltr'>σωθῶσιν</span> <span class='ocrx_word' id='word_1_473' title='bbox 3273 3244 3288 3268; x_wconf 90' lang='grc'><strong>,</strong></span> <span class='ocrx_word' id='word_1_474' title='bbox 3319 3199 3736 3269; x_wconf 82' lang='grc' dir='ltr'>ἀναγκαιότερον</span> 
     </span>
    </p>
   </div>
   <div class='ocr_carea' id='block_1_66' title="bbox 500 3289 2067 3360">
    <p class='ocr_par' dir='ltr' id='par_1_66' title="bbox 500 3289 2067 3360">
     <span class='ocr_line' id='line_1_66' title="bbox 500 3289 2067 3360; baseline 0.006 -20"><span class='ocrx_word' id='word_1_475' title='bbox 500 3307 518 3340; x_wconf 81' lang='grc' dir='ltr'>ι</span> <span class='ocrx_word' id='word_1_476' title='bbox 566 3289 919 3355; x_wconf 82' lang='lat' dir='ltr'><strong>existimavit,</strong></span> <span class='ocrx_word' id='word_1_477' title='bbox 952 3291 1094 3360; x_wconf 90' lang='lat' dir='ltr'><strong>apud</strong></span> <span class='ocrx_word' id='word_1_478' title='bbox 1123 3290 1322 3347; x_wconf 82' lang='lat' dir='ltr'><strong>fratres</strong></span> <span class='ocrx_word' id='word_1_479' title='bbox 1381 3307 1621 3355; x_wconf 89' lang='lat' dir='ltr'><strong>manere,</strong></span> <span class='ocrx_word' id='word_1_480' title='bbox 1664 3301 1718 3346; x_wconf 91' lang='lat' dir='ltr'><strong>et</strong></span> <span class='ocrx_word' id='word_1_481' title='bbox 1751 3309 1940 3348; x_wconf 91' lang='lat' dir='ltr'><strong>eorum</strong></span> <span class='ocrx_word' id='word_1_482' title='bbox 1969 3312 2067 3350; x_wconf 85' lang='lat' dir='ltr'><strong>cu-</strong></span> 
     </span>
    </p>
   </div>
   <div class='ocr_carea' id='block_1_67' title="bbox 498 3382 2069 3455">
    <p class='ocr_par' dir='ltr' id='par_1_67' title="bbox 498 3382 2069 3455">
     <span class='ocr_line' id='line_1_67' title="bbox 498 3382 2069 3455; baseline 0.007 -23"><span class='ocrx_word' id='word_1_483' title='bbox 498 3401 517 3432; x_wconf 79' lang='grc' dir='ltr'>ι</span> <span class='ocrx_word' id='word_1_484' title='bbox 565 3397 679 3436; x_wconf 89' lang='lat' dir='ltr'><strong>ram</strong></span> <span class='ocrx_word' id='word_1_485' title='bbox 710 3398 917 3454; x_wconf 89' lang='lat' dir='ltr'><strong>gerere.</strong></span> <span class='ocrx_word' id='word_1_486' title='bbox 944 3382 1046 3450; x_wconf 87' lang='lat' dir='ltr'><strong>Qui</strong></span> <span class='ocrx_word' id='word_1_487' title='bbox 1086 3384 1249 3439; x_wconf 88' lang='lat' dir='ltr'><strong>etiam</strong></span> <span class='ocrx_word' id='word_1_488' title='bbox 1277 3384 1394 3438; x_wconf 89' lang='lat' dir='ltr'><strong>vult</strong></span> <span class='ocrx_word' id='word_1_489' title='bbox 1443 3399 1566 3438; x_wconf 91' lang='lat' dir='ltr'><strong>eum</strong></span> <span class='ocrx_word' id='word_1_490' title='bbox 1598 3387 1691 3455; x_wconf 89' lang='lat' dir='ltr'><strong>qui</strong></span> <span class='ocrx_word' id='word_1_491' title='bbox 1715 3385 1893 3452; x_wconf 89' lang='lat' dir='ltr'><strong>docet,</strong></span> <span class='ocrx_word' id='word_1_492' title='bbox 1945 3401 2069 3443; x_wconf 83' lang='lat' dir='ltr'><strong>esse</strong></span> 
     </span>
    </p>
   </div>
   <div class='ocr_carea' id='block_1_68' title="bbox 501 3474 2068 3548">
    <p class='ocr_par' dir='ltr' id='par_1_68' title="bbox 501 3474 2068 3548">
     <span class='ocr_line' id='line_1_68' title="bbox 501 3474 2068 3548; baseline 0.004 -23"><span class='ocrx_word' id='word_1_493' title='bbox 501 3493 520 3525; x_wconf 80' lang='grc' dir='ltr'>ι</span> <span class='ocrx_word' id='word_1_494' title='bbox 568 3475 625 3529; x_wconf 84' lang='lat' dir='ltr'><strong>in</strong></span> <span class='ocrx_word' id='word_1_495' title='bbox 656 3474 900 3529; x_wconf 85' lang='lat' dir='ltr'><strong>doctrina</strong></span> <span class='ocrx_word' id='word_1_496' title='bbox 946 3475 1242 3544; x_wconf 76' lang='lat' dir='ltr'><strong>exemplum</strong></span> <span class='ocrx_word' id='word_1_497' title='bbox 1275 3475 1304 3515; x_wconf 70' lang='grc' dir='ltr'>δ</span> <span class='ocrx_word' id='word_1_498' title='bbox 1339 3476 1608 3531; x_wconf 85' lang='lat' dir='ltr'><strong>fidelibus.</strong></span> <span class='ocrx_word' id='word_1_499' title='bbox 1658 3475 1814 3532; x_wconf 88' lang='lat' dir='ltr'><strong>Unde</strong></span> <span class='ocrx_word' id='word_1_500' title='bbox 1865 3481 1959 3548; x_wconf 90' lang='lat' dir='ltr'><strong>qui</strong></span> <span class='ocrx_word' id='word_1_501' title='bbox 2010 3478 2068 3532; x_wconf 91' lang='lat' dir='ltr'><strong>in</strong></span> 
     </span>
    </p>
   </div>
   <div class='ocr_carea' id='block_1_69' title="bbox 499 3567 2070 3632">
    <p class='ocr_par' dir='ltr' id='par_1_69' title="bbox 499 3567 2070 3632">
     <span class='ocr_line' id='line_1_69' title="bbox 499 3567 2070 3632; baseline 0.003 -14"><span class='ocrx_word' id='word_1_502' title='bbox 499 3585 520 3618; x_wconf 77' lang='grc' dir='ltr'>ι</span> <span class='ocrx_word' id='word_1_503' title='bbox 569 3581 792 3622; x_wconf 87' lang='lat' dir='ltr'><strong>carcere</strong></span> <span class='ocrx_word' id='word_1_504' title='bbox 815 3567 1231 3632; x_wconf 88' lang='lat' dir='ltr'><strong>contendentes,</strong></span> <span class='ocrx_word' id='word_1_505' title='bbox 1254 3582 1287 3620; x_wconf 91' lang='lat' dir='ltr'><strong>a</strong></span> <span class='ocrx_word' id='word_1_506' title='bbox 1313 3567 1622 3623; x_wconf 88' lang='lat' dir='ltr'><strong>ministerio</strong></span> <span class='ocrx_word' id='word_1_507' title='bbox 1644 3569 1985 3631; x_wconf 83' lang='lat' dir='ltr'><strong>exciderunt,</strong></span> <span class='ocrx_word' id='word_1_508' title='bbox 2015 3577 2070 3625; x_wconf 91' lang='lat' dir='ltr'><strong>et</strong></span> 
     </span>
    </p>
   </div>
   <div class='ocr_carea' id='block_1_70' title="bbox 497 3661 2071 3732">
    <p class='ocr_par' dir='ltr' id='par_1_70' title="bbox 497 3661 2071 3732">
     <span class='ocr_line' id='line_1_70' title="bbox 497 3661 2071 3732; baseline 0.003 -19"><span class='ocrx_word' id='word_1_509' title='bbox 497 3680 519 3713; x_wconf 74' lang='grc' dir='ltr'><strong>ι</strong></span> <span class='ocrx_word' id='word_1_510' title='bbox 564 3661 809 3717; x_wconf 81' lang='lat' dir='ltr'><strong>reluctati</strong></span> <span class='ocrx_word' id='word_1_511' title='bbox 841 3670 988 3727; x_wconf 90' lang='lat' dir='ltr'><strong>sunt,</strong></span> <span class='ocrx_word' id='word_1_512' title='bbox 1018 3677 1217 3718; x_wconf 87' lang='lat' dir='ltr'><strong>sensus</strong></span> <span class='ocrx_word' id='word_1_513' title='bbox 1248 3661 1408 3731; x_wconf 87' lang='lat' dir='ltr'><strong>plane</strong></span> <span class='ocrx_word' id='word_1_514' title='bbox 1441 3669 1568 3716; x_wconf 88' lang='lat' dir='ltr'><strong>sunt</strong></span> <span class='ocrx_word' id='word_1_515' title='bbox 1618 3670 1892 3732; x_wconf 77' lang='lat' dir='ltr'><strong>expertes.</strong></span> <span class='ocrx_word' id='word_1_516' title='bbox 1922 3662 2071 3728; x_wconf 75' lang='lat' dir='ltr'><strong>Quo-</strong></span> 
     </span>
    </p>
   </div>
   <div class='ocr_carea' id='block_1_71' title="bbox 501 3749 2069 3820">
    <p class='ocr_par' dir='ltr' id='par_1_71' title="bbox 501 3749 2069 3820">
     <span class='ocr_line' id='line_1_71' title="bbox 501 3749 2069 3820; baseline 0.001 -15"><span class='ocrx_word' id='word_1_517' title='bbox 501 3769 522 3804; x_wconf 84' lang='grc' dir='ltr'>ι</span> <span class='ocrx_word' id='word_1_518' title='bbox 567 3750 730 3805; x_wconf 90' lang='lat' dir='ltr'><strong>modo</strong></span> <span class='ocrx_word' id='word_1_519' title='bbox 753 3749 898 3804; x_wconf 91' lang='lat' dir='ltr'><strong>enim</strong></span> <span class='ocrx_word' id='word_1_520' title='bbox 934 3757 1122 3818; x_wconf 88' lang='lat' dir='ltr'><strong>petunt</strong></span> <span class='ocrx_word' id='word_1_521' title='bbox 1175 3749 1321 3820; x_wconf 90' lang='lat' dir='ltr'><strong>quod</strong></span> <span class='ocrx_word' id='word_1_522' title='bbox 1367 3749 1723 3820; x_wconf 87' lang='lat' dir='ltr'><strong>reliquerunt,</strong></span> <span class='ocrx_word' id='word_1_523' title='bbox 1763 3766 1888 3806; x_wconf 91' lang='lat' dir='ltr'><strong>cum</strong></span> <span class='ocrx_word' id='word_1_524' title='bbox 1923 3753 1976 3806; x_wconf 91' lang='lat' dir='ltr'><strong>in</strong></span> <span class='ocrx_word' id='word_1_525' title='bbox 2007 3768 2069 3807; x_wconf 93' lang='lat' dir='ltr'><strong>ea</strong></span> 
     </span>
    </p>
   </div>
   <div class='ocr_carea' id='block_1_72' title="bbox 502 3838 2073 3912">
    <p class='ocr_par' dir='ltr' id='par_1_72' title="bbox 502 3838 2073 3912">
     <span class='ocr_line' id='line_1_72' title="bbox 502 3838 2073 3912; baseline 0.002 -18"><span class='ocrx_word' id='word_1_526' title='bbox 502 3860 523 3894; x_wconf 82' lang='grc' dir='ltr'>ι</span> <span class='ocrx_word' id='word_1_527' title='bbox 571 3848 892 3912; x_wconf 89' lang='lat' dir='ltr'><strong>tempestate</strong></span> <span class='ocrx_word' id='word_1_528' title='bbox 940 3855 1063 3895; x_wconf 86' lang='lat' dir='ltr'><strong>esse</strong></span> <span class='ocrx_word' id='word_1_529' title='bbox 1110 3848 1335 3910; x_wconf 89' lang='lat' dir='ltr'><strong>possent</strong></span> <span class='ocrx_word' id='word_1_530' title='bbox 1383 3838 1646 3896; x_wconf 85' lang='lat' dir='ltr'><strong>fratribus</strong></span> <span class='ocrx_word' id='word_1_531' title='bbox 1699 3841 1814 3897; x_wconf 89' lang='lat' dir='ltr'><strong>suis</strong></span> <span class='ocrx_word' id='word_1_532' title='bbox 1857 3843 2073 3898; x_wconf 82' lang='lat' dir='ltr'><strong>utiles?</strong></span> 
     </span>
    </p>
   </div>
   <div class='ocr_carea' id='block_1_73' title="bbox 505 3927 2072 3998">
    <p class='ocr_par' dir='ltr' id='par_1_73' title="bbox 505 3927 2072 3998">
     <span class='ocr_line' id='line_1_73' title="bbox 505 3927 2072 3998; baseline 0.003 -17"><span class='ocrx_word' id='word_1_533' title='bbox 505 3948 524 3981; x_wconf 82' lang='grc' dir='ltr'><strong>ι</strong></span> <span class='ocrx_word' id='word_1_534' title='bbox 570 3927 824 3997; x_wconf 87' lang='lat' dir='ltr'><strong>Quandiu</strong></span> <span class='ocrx_word' id='word_1_535' title='bbox 851 3928 1034 3998; x_wconf 88' lang='lat' dir='ltr'><strong>itaque</strong></span> <span class='ocrx_word' id='word_1_536' title='bbox 1059 3928 1199 3982; x_wconf 86' lang='lat' dir='ltr'><strong>ﬁrmi</strong></span> <span class='ocrx_word' id='word_1_537' title='bbox 1235 3929 1570 3998; x_wconf 88' lang='lat' dir='ltr'><strong>stabilesque</strong></span> <span class='ocrx_word' id='word_1_538' title='bbox 1596 3929 2072 3997; x_wconf 87' lang='lat' dir='ltr'><strong>manserunt,ejus</strong></span> 
     </span>
    </p>
   </div>
   <div class='ocr_carea' id='block_1_74' title="bbox 505 4020 2069 4094">
    <p class='ocr_par' dir='ltr' id='par_1_74' title="bbox 505 4020 2069 4094">
     <span class='ocr_line' id='line_1_74' title="bbox 505 4020 2069 4094; baseline 0.001 -19"><span class='ocrx_word' id='word_1_539' title='bbox 505 4041 525 4075; x_wconf 78' lang='grc' dir='ltr'>ι</span> <span class='ocrx_word' id='word_1_540' title='bbox 573 4022 721 4094; x_wconf 88' lang='lat' dir='ltr'><strong>quod</strong></span> <span class='ocrx_word' id='word_1_541' title='bbox 746 4029 940 4093; x_wconf 74' lang='lat' dir='ltr'><strong>praeter</strong></span> <span class='ocrx_word' id='word_1_542' title='bbox 963 4021 1234 4075; x_wconf 87' lang='lat' dir='ltr'><strong>rationem</strong></span> <span class='ocrx_word' id='word_1_543' title='bbox 1266 4020 1530 4080; x_wconf 84' lang='lat' dir='ltr'><strong>fecerant.</strong></span> <span class='ocrx_word' id='word_1_544' title='bbox 1550 4021 1630 4076; x_wconf 91' lang='lat' dir='ltr'><strong>eis</strong></span> <span class='ocrx_word' id='word_1_545' title='bbox 1642 4021 1799 4076; x_wconf 89' lang='lat' dir='ltr'><strong>venia</strong></span> <span class='ocrx_word' id='word_1_546' title='bbox 1818 4023 2069 4078; x_wconf 84' lang='lat' dir='ltr'><strong>dabatur.</strong></span> 
     </span>
    </p>
   </div>
   <div class='ocr_carea' id='block_1_75' title="bbox 505 4112 2073 4185">
    <p class='ocr_par' dir='ltr' id='par_1_75' title="bbox 505 4112 2073 4185">
     <span class='ocr_line' id='line_1_75' title="bbox 505 4112 2073 4185; baseline 0.002 -17"><span class='ocrx_word' id='word_1_547' title='bbox 505 4134 524 4168; x_wconf 78' lang='grc' dir='ltr'>ι</span> <span class='ocrx_word' id='word_1_548' title='bbox 572 4113 806 4183; x_wconf 84' lang='lat' dir='ltr'><strong>Quando</strong></span> <span class='ocrx_word' id='word_1_549' title='bbox 849 4121 1032 4168; x_wconf 90' lang='lat' dir='ltr'><strong>autem</strong></span> <span class='ocrx_word' id='word_1_550' title='bbox 1083 4112 1222 4182; x_wconf 85' lang='lat' dir='ltr'><strong>lapsi</strong></span> <span class='ocrx_word' id='word_1_551' title='bbox 1262 4122 1412 4178; x_wconf 90' lang='lat' dir='ltr'><strong>sunt,</strong></span> <span class='ocrx_word' id='word_1_552' title='bbox 1447 4121 1509 4167; x_wconf 91' lang='lat' dir='ltr'><strong>ut</strong></span> <span class='ocrx_word' id='word_1_553' title='bbox 1537 4115 1630 4184; x_wconf 88' lang='lat' dir='ltr'><strong>qui</strong></span> <span class='ocrx_word' id='word_1_554' title='bbox 1681 4129 1966 4185; x_wconf 87' lang='lat' dir='ltr'><strong>perperam</strong></span> <span class='ocrx_word' id='word_1_555' title='bbox 2013 4131 2073 4171; x_wconf 91' lang='lat' dir='ltr'><strong>se</strong></span> 
     </span>
    </p>
   </div>
   <div class='ocr_carea' id='block_1_76' title="bbox 505 4204 2073 4278">
    <p class='ocr_par' dir='ltr' id='par_1_76' title="bbox 505 4204 2073 4278">
     <span class='ocr_line' id='line_1_76' title="bbox 505 4204 2073 4278; baseline 0.003 -20"><span class='ocrx_word' id='word_1_556' title='bbox 505 4227 524 4258; x_wconf 74' lang='grc' dir='ltr'><strong>ι</strong></span> <span class='ocrx_word' id='word_1_557' title='bbox 575 4212 866 4277; x_wconf 81' lang='lat' dir='ltr'><strong>gesserunt</strong></span> <span class='ocrx_word' id='word_1_558' title='bbox 888 4211 941 4260; x_wconf 90' lang='lat' dir='ltr'><strong>et</strong></span> <span class='ocrx_word' id='word_1_559' title='bbox 965 4219 1024 4259; x_wconf 90' lang='lat' dir='ltr'><strong>se</strong></span> <span class='ocrx_word' id='word_1_560' title='bbox 1045 4205 1194 4274; x_wconf 89' lang='lat' dir='ltr'><strong>ipsos</strong></span> <span class='ocrx_word' id='word_1_561' title='bbox 1216 4204 1686 4275; x_wconf 86' lang='lat' dir='ltr'><strong>vituperaverunt,</strong></span> <span class='ocrx_word' id='word_1_562' title='bbox 1717 4222 1824 4260; x_wconf 92' lang='lat' dir='ltr'><strong>non</strong></span> <span class='ocrx_word' id='word_1_563' title='bbox 1841 4217 2073 4278; x_wconf 89' lang='lat' dir='ltr'><strong>possunt</strong></span> 
     </span>
    </p>
   </div>
   <div class='ocr_carea' id='block_1_77' title="bbox 506 4297 2075 4369">
    <p class='ocr_par' dir='ltr' id='par_1_77' title="bbox 506 4297 2075 4369">
     <span class='ocr_line' id='line_1_77' title="bbox 506 4297 2075 4369; baseline 0.001 -18"><span class='ocrx_word' id='word_1_564' title='bbox 506 4318 524 4351; x_wconf 85' lang='grc' dir='ltr'>ι</span> <span class='ocrx_word' id='word_1_565' title='bbox 570 4298 806 4369; x_wconf 86' lang='lat' dir='ltr'><strong>amplius</strong></span> <span class='ocrx_word' id='word_1_566' title='bbox 827 4311 983 4352; x_wconf 90' lang='lat' dir='ltr'><strong>sacra</strong></span> <span class='ocrx_word' id='word_1_567' title='bbox 1007 4297 1313 4352; x_wconf 86' lang='lat' dir='ltr'><strong>ministeria</strong></span> <span class='ocrx_word' id='word_1_568' title='bbox 1341 4297 1514 4354; x_wconf 92' lang='lat' dir='ltr'><strong>obire.</strong></span> <span class='ocrx_word' id='word_1_569' title='bbox 1550 4297 1611 4352; x_wconf 87' lang='lat' dir='ltr'><strong>Et</strong></span> <span class='ocrx_word' id='word_1_570' title='bbox 1632 4297 1756 4353; x_wconf 88' lang='lat' dir='ltr'><strong>ideo</strong></span> <span class='ocrx_word' id='word_1_571' title='bbox 1779 4300 1952 4368; x_wconf 81' lang='lat' dir='ltr'><strong>magis</strong></span> <span class='ocrx_word' id='word_1_572' title='bbox 1978 4315 2075 4354; x_wconf 90' lang='lat' dir='ltr'><strong>cu-</strong></span> 
     </span>
    </p>
   </div>
   <div class='ocr_carea' id='block_1_78' title="bbox 505 4387 2075 4459">
    <p class='ocr_par' dir='ltr' id='par_1_78' title="bbox 505 4387 2075 4459">
     <span class='ocr_line' id='line_1_78' title="bbox 505 4387 2075 4459; baseline 0.003 -18"><span class='ocrx_word' id='word_1_573' title='bbox 505 4406 526 4441; x_wconf 78' lang='grc' dir='ltr'>ι</span> <span class='ocrx_word' id='word_1_574' title='bbox 573 4403 691 4446; x_wconf 90' lang='lat' dir='ltr'><strong>ram</strong></span> <span class='ocrx_word' id='word_1_575' title='bbox 723 4394 932 4458; x_wconf 80' lang='lat' dir='ltr'><strong>gerant,</strong></span> <span class='ocrx_word' id='word_1_576' title='bbox 966 4387 1238 4457; x_wconf 89' lang='lat' dir='ltr'><strong>quomodo</strong></span> <span class='ocrx_word' id='word_1_577' title='bbox 1270 4387 1325 4441; x_wconf 95' lang='lat' dir='ltr'><strong>in</strong></span> <span class='ocrx_word' id='word_1_578' title='bbox 1353 4387 1663 4444; x_wconf 88' lang='lat' dir='ltr'><strong>humilitate</strong></span> <span class='ocrx_word' id='word_1_579' title='bbox 1709 4389 1875 4444; x_wconf 89' lang='lat' dir='ltr'><strong>vitam</strong></span> <span class='ocrx_word' id='word_1_580' title='bbox 1916 4405 2075 4459; x_wconf 86' lang='lat' dir='ltr'><strong>pera-</strong></span> 
     </span>
    </p>
   </div>
   <div class='ocr_carea' id='block_1_79' title="bbox 505 4481 2068 4552">
    <p class='ocr_par' dir='ltr' id='par_1_79' title="bbox 505 4481 2068 4552">
     <span class='ocr_line' id='line_1_79' title="bbox 505 4481 2068 4552; baseline 0.003 -18"><span class='ocrx_word' id='word_1_581' title='bbox 505 4500 526 4534; x_wconf 81' lang='grc' dir='ltr'><strong>ι</strong></span> <span class='ocrx_word' id='word_1_582' title='bbox 571 4488 704 4552; x_wconf 85' lang='lat' dir='ltr'><strong>gant</strong></span> <span class='ocrx_word' id='word_1_583' title='bbox 731 4495 762 4534; x_wconf 90' lang='lat' dir='ltr'><strong>a</strong></span> <span class='ocrx_word' id='word_1_584' title='bbox 791 4494 932 4534; x_wconf 85' lang='lat' dir='ltr'><strong>vana</strong></span> <span class='ocrx_word' id='word_1_585' title='bbox 965 4481 1139 4550; x_wconf 89' lang='lat' dir='ltr'><strong>gloria</strong></span> <span class='ocrx_word' id='word_1_586' title='bbox 1197 4489 1500 4537; x_wconf 86' lang='lat' dir='ltr'><strong>cessantes.</strong></span> <span class='ocrx_word' id='word_1_587' title='bbox 1543 4483 1637 4536; x_wconf 90' lang='lat' dir='ltr'><strong>Eis</strong></span> <span class='ocrx_word' id='word_1_588' title='bbox 1684 4483 1830 4538; x_wconf 87' lang='lat' dir='ltr'><strong>enim</strong></span> <span class='ocrx_word' id='word_1_589' title='bbox 1870 4483 2068 4538; x_wconf 85' lang='lat' dir='ltr'><strong>suﬁicit</strong></span> 
     </span>
    </p>
   </div>
   <div class='ocr_carea' id='block_1_80' title="bbox 508 4571 2072 4644">
    <p class='ocr_par' dir='ltr' id='par_1_80' title="bbox 508 4571 2072 4644">
     <span class='ocr_line' id='line_1_80' title="bbox 508 4571 2072 4644; baseline 0.002 -16"><span class='ocrx_word' id='word_1_590' title='bbox 508 4593 528 4628; x_wconf 78' lang='grc' dir='ltr'>ι</span> <span class='ocrx_word' id='word_1_591' title='bbox 571 4573 905 4637; x_wconf 90' lang='lat' dir='ltr'><strong>communio,</strong></span> <span class='ocrx_word' id='word_1_592' title='bbox 923 4587 1044 4644; x_wconf 83' lang='lat' dir='ltr'><strong>quae</strong></span> <span class='ocrx_word' id='word_1_593' title='bbox 1075 4571 1368 4642; x_wconf 87' lang='lat' dir='ltr'><strong>diligenter</strong></span> <span class='ocrx_word' id='word_1_594' title='bbox 1396 4583 1451 4629; x_wconf 90' lang='lat' dir='ltr'><strong>et</strong></span> <span class='ocrx_word' id='word_1_595' title='bbox 1479 4582 1733 4629; x_wconf 89' lang='lat' dir='ltr'><strong>accurate</strong></span> <span class='ocrx_word' id='word_1_596' title='bbox 1767 4573 1824 4628; x_wconf 91' lang='lat' dir='ltr'><strong>ﬁt</strong></span> <span class='ocrx_word' id='word_1_597' title='bbox 1857 4574 2072 4631; x_wconf 90' lang='lat' dir='ltr'><strong>duabus</strong></span> 
     </span>
    </p>
   </div>
   <div class='ocr_carea' id='block_1_81' title="bbox 507 4664 2074 4732">
    <p class='ocr_par' dir='ltr' id='par_1_81' title="bbox 507 4664 2074 4732">
     <span class='ocr_line' id='line_1_81' title="bbox 507 4664 2074 4732; baseline 0.001 -12"><span class='ocrx_word' id='word_1_598' title='bbox 507 4684 528 4720; x_wconf 79' lang='grc' dir='ltr'>ι</span> <span class='ocrx_word' id='word_1_599' title='bbox 576 4667 644 4722; x_wconf 92' lang='lat' dir='ltr'><strong>de</strong></span> <span class='ocrx_word' id='word_1_600' title='bbox 665 4667 850 4720; x_wconf 83' lang='lat' dir='ltr'><strong>causis</strong></span> <span class='ocrx_word' id='word_1_601' title='bbox 870 4705 885 4732; x_wconf 89' lang='lat'><strong>,</strong></span> <span class='ocrx_word' id='word_1_602' title='bbox 933 4672 1049 4719; x_wconf 89' lang='lat' dir='ltr'><strong>tum</strong></span> <span class='ocrx_word' id='word_1_603' title='bbox 1073 4679 1141 4719; x_wconf 92' lang='lat' dir='ltr'><strong>ne</strong></span> <span class='ocrx_word' id='word_1_604' title='bbox 1170 4664 1460 4719; x_wconf 85' lang='lat' dir='ltr'><strong>videantur</strong></span> <span class='ocrx_word' id='word_1_605' title='bbox 1482 4664 1730 4719; x_wconf 88' lang='lat' dir='ltr'><strong>molestia</strong></span> <span class='ocrx_word' id='word_1_606' title='bbox 1755 4664 1915 4730; x_wconf 80' lang='lat' dir='ltr'><strong>aﬁici,</strong></span> <span class='ocrx_word' id='word_1_607' title='bbox 1947 4667 2074 4722; x_wconf 91' lang='lat' dir='ltr'><strong>hinc</strong></span> 
     </span>
    </p>
   </div>
   <div class='ocr_carea' id='block_1_82' title="bbox 510 4757 2074 4830">
    <p class='ocr_par' dir='ltr' id='par_1_82' title="bbox 510 4757 2074 4830">
     <span class='ocr_line' id='line_1_82' title="bbox 510 4757 2074 4830; baseline 0.003 -20"><span class='ocrx_word' id='word_1_608' title='bbox 510 4779 528 4810; x_wconf 77' lang='grc' dir='ltr'><strong>ι</strong></span> <span class='ocrx_word' id='word_1_609' title='bbox 577 4759 996 4815; x_wconf 88' lang='lat' dir='ltr'><strong>dissolutionem</strong></span> <span class='ocrx_word' id='word_1_610' title='bbox 1017 4758 1070 4814; x_wconf 93' lang='lat' dir='ltr'><strong>vi</strong></span> <span class='ocrx_word' id='word_1_611' title='bbox 1102 4757 1430 4828; x_wconf 89' lang='lat' dir='ltr'><strong>arripientes</strong></span> <span class='ocrx_word' id='word_1_612' title='bbox 1456 4776 1468 4811; x_wconf 93' lang='lat'><strong>:</strong></span> <span class='ocrx_word' id='word_1_613' title='bbox 1505 4763 1620 4811; x_wconf 90' lang='lat' dir='ltr'><strong>tum</strong></span> <span class='ocrx_word' id='word_1_614' title='bbox 1648 4773 1718 4812; x_wconf 92' lang='lat' dir='ltr'><strong>ne</strong></span> <span class='ocrx_word' id='word_1_615' title='bbox 1741 4757 1880 4829; x_wconf 89' lang='lat' dir='ltr'><strong>lapsi</strong></span> <span class='ocrx_word' id='word_1_616' title='bbox 1907 4761 2074 4830; x_wconf 89' lang='lat' dir='ltr'><strong>aliqui</strong></span> 
     </span>
    </p>
   </div>
   <div class='ocr_carea' id='block_1_83' title="bbox 509 4848 2078 4920">
    <p class='ocr_par' dir='ltr' id='par_1_83' title="bbox 509 4848 2078 4920">
     <span class='ocr_line' id='line_1_83' title="bbox 509 4848 2078 4920; baseline 0.003 -16"><span class='ocrx_word' id='word_1_617' title='bbox 509 4869 532 4904; x_wconf 85' lang='grc' dir='ltr'>ι</span> <span class='ocrx_word' id='word_1_618' title='bbox 575 4858 872 4906; x_wconf 86' lang='lat' dir='ltr'><strong>causentur</strong></span> <span class='ocrx_word' id='word_1_619' title='bbox 887 4865 946 4905; x_wconf 90' lang='lat' dir='ltr'><strong>se</strong></span> <span class='ocrx_word' id='word_1_620' title='bbox 970 4857 1193 4920; x_wconf 90' lang='lat' dir='ltr'><strong>propter</strong></span> <span class='ocrx_word' id='word_1_621' title='bbox 1219 4863 1394 4918; x_wconf 73' lang='lat' dir='ltr'><strong>poema</strong></span> <span class='ocrx_word' id='word_1_622' title='bbox 1423 4848 1770 4904; x_wconf 82' lang='lat' dir='ltr'><strong>occasionem</strong></span> <span class='ocrx_word' id='word_1_623' title='bbox 1801 4850 1970 4908; x_wconf 87' lang='lat' dir='ltr'><strong>fuisse</strong></span> <span class='ocrx_word' id='word_1_624' title='bbox 1996 4868 2078 4908; x_wconf 88' lang='lat' dir='ltr'><strong>re-</strong></span> 
     </span>
    </p>
   </div>
   <div class='ocr_carea' id='block_1_84' title="bbox 507 4941 2075 5014">
    <p class='ocr_par' dir='ltr' id='par_1_84' title="bbox 507 4941 2075 5014">
     <span class='ocr_line' id='line_1_84' title="bbox 507 4941 2075 5014; baseline -0.001 -12"><span class='ocrx_word' id='word_1_625' title='bbox 507 4963 534 5002; x_wconf 75' lang='lat' dir='ltr'><strong>s</strong></span> <span class='ocrx_word' id='word_1_626' title='bbox 571 4945 810 5001; x_wconf 87' lang='lat' dir='ltr'><strong>missos:</strong></span> <span class='ocrx_word' id='word_1_627' title='bbox 845 4941 950 5010; x_wconf 85' lang='lat' dir='ltr'><strong>Qui</strong></span> <span class='ocrx_word' id='word_1_628' title='bbox 994 4942 1212 5014; x_wconf 90' lang='lat' dir='ltr'><strong>quidem</strong></span> <span class='ocrx_word' id='word_1_629' title='bbox 1246 4941 1535 5013; x_wconf 86' lang='lat' dir='ltr'><strong>plusquam</strong></span> <span class='ocrx_word' id='word_1_630' title='bbox 1567 4955 1758 4998; x_wconf 88' lang='lat' dir='ltr'><strong>omnes</strong></span> <span class='ocrx_word' id='word_1_631' title='bbox 1813 4945 2075 5014; x_wconf 89' lang='lat' dir='ltr'><strong>probrum</strong></span> 
     </span>
    </p>
   </div>
   <div class='ocr_carea' id='block_1_85' title="bbox 575 5096 1621 5171">
    <p class='ocr_par' dir='ltr' id='par_1_85' title="bbox 575 5096 1621 5171">
     <span class='ocr_line' id='line_1_85' title="bbox 575 5096 1621 5171; baseline -0.01 -12"><span class='ocrx_word' id='word_1_632' title='bbox 575 5114 604 5145; x_wconf 78' lang='grc' dir='ltr'>ι</span> <span class='ocrx_word' id='word_1_633' title='bbox 634 5099 871 5171; x_wconf 79' lang='lat' dir='ltr'><strong>Philipp.</strong></span> <span class='ocrx_word' id='word_1_634' title='bbox 912 5115 953 5166; x_wconf 88' lang='grc' dir='ltr'><strong>ι,</strong></span> <span class='ocrx_word' id='word_1_635' title='bbox 986 5098 1078 5166; x_wconf 67' lang='grc'><strong>25,</strong></span> <span class='ocrx_word' id='word_1_636' title='bbox 1110 5097 1199 5154; x_wconf 66' lang='grc' dir='ltr'><strong>ει.</strong></span> <span class='ocrx_word' id='word_1_637' title='bbox 1277 5097 1306 5138; x_wconf 69' lang='grc' dir='ltr'>δ</span> <span class='ocrx_word' id='word_1_638' title='bbox 1335 5096 1445 5152; x_wconf 84' lang='lat' dir='ltr'><strong>Tit.</strong></span> <span class='ocrx_word' id='word_1_639' title='bbox 1472 5112 1534 5163; x_wconf 88' lang='grc' dir='ltr'>ιι,</span> <span class='ocrx_word' id='word_1_640' title='bbox 1569 5096 1621 5150; x_wconf 82' lang='grc'>7.</span> 
     </span>
    </p>
   </div>
   <div class='ocr_carea' id='block_1_86' title="bbox 2174 3287 3738 3372">
    <p class='ocr_par' dir='ltr' id='par_1_86' title="bbox 2174 3287 3738 3372">
     <span class='ocr_line' id='line_1_86' title="bbox 2174 3287 3738 3372; baseline -0.008 -19"><span class='ocrx_word' id='word_1_641' title='bbox 2174 3319 2192 3353; x_wconf 85' lang='grc' dir='ltr'>ι</span> <span class='ocrx_word' id='word_1_642' title='bbox 2231 3301 2329 3372; x_wconf 84' lang='grc' dir='ltr'><strong>τῆς</strong></span> <span class='ocrx_word' id='word_1_643' title='bbox 2377 3299 2567 3354; x_wconf 79' lang='grc' dir='ltr'>ἑαυτοῦ</span> <span class='ocrx_word' id='word_1_644' title='bbox 2620 3297 2976 3358; x_wconf 81' lang='grc' dir='ltr'>ἀναπαύσεως</span> <span class='ocrx_word' id='word_1_645' title='bbox 3023 3296 3264 3367; x_wconf 78' lang='grc' dir='ltr'>ἡγήσατο</span> <span class='ocrx_word' id='word_1_646' title='bbox 3301 3287 3360 3346; x_wconf 83' lang='grc' dir='ltr'>τδ</span> <span class='ocrx_word' id='word_1_647' title='bbox 3405 3289 3738 3363; x_wconf 88' lang='grc' dir='ltr'>παραμένειν</span> 
     </span>
    </p>
   </div>
   <div class='ocr_carea' id='block_1_87' title="bbox 2174 3381 3736 3461">
    <p class='ocr_par' dir='ltr' id='par_1_87' title="bbox 2174 3381 3736 3461">
     <span class='ocr_line' id='line_1_87' title="bbox 2174 3381 3736 3461; baseline -0.008 -17"><span class='ocrx_word' id='word_1_648' title='bbox 2174 3409 2193 3444; x_wconf 81' lang='grc' dir='ltr'>ι</span> <span class='ocrx_word' id='word_1_649' title='bbox 2232 3394 2346 3456; x_wconf 87' lang='grc' dir='ltr'>τοῖς</span> <span class='ocrx_word' id='word_1_650' title='bbox 2372 3391 2618 3461; x_wconf 80' lang='grc' dir='ltr'>ἀδελφοῖς</span> <span class='ocrx_word' id='word_1_651' title='bbox 2645 3392 2738 3446; x_wconf 75' lang='grc' dir='ltr'><strong>καὶ</strong></span> <span class='ocrx_word' id='word_1_652' title='bbox 2770 3387 3142 3460; x_wconf 73' lang='grc' dir='ltr'>ἐπιμελεῖσθαι</span> <span class='ocrx_word' id='word_1_653' title='bbox 3169 3385 3365 3440; x_wconf 87' lang='grc' dir='ltr'>αὐτῶν.</span> <span class='ocrx_word' id='word_1_654' title='bbox 3405 3385 3500 3447; x_wconf 90' lang='grc' dir='ltr'>Ὃς</span> <span class='ocrx_word' id='word_1_655' title='bbox 3532 3381 3736 3436; x_wconf 72' lang='grc' dir='ltr'>καὶτὸν</span> 
     </span>
    </p>
   </div>
   <div class='ocr_carea' id='block_1_88' title="bbox 2174 3475 3738 3550">
    <p class='ocr_par' dir='ltr' id='par_1_88' title="bbox 2174 3475 3738 3550">
     <span class='ocr_line' id='line_1_88' title="bbox 2174 3475 3738 3550; baseline -0.004 -15"><span class='ocrx_word' id='word_1_656' title='bbox 2174 3503 2192 3535; x_wconf 82' lang='grc' dir='ltr'>ι</span> <span class='ocrx_word' id='word_1_657' title='bbox 2228 3484 2544 3538; x_wconf 90' lang='grc' dir='ltr'>διδάσκοντα</span> <span class='ocrx_word' id='word_1_658' title='bbox 2590 3483 2729 3537; x_wconf 86' lang='grc' dir='ltr'>θέλει</span> <span class='ocrx_word' id='word_1_659' title='bbox 2763 3479 2898 3536; x_wconf 76' lang='grc' dir='ltr'>εἶναι</span> <span class='ocrx_word' id='word_1_660' title='bbox 2943 3483 3014 3535; x_wconf 81' lang='grc' dir='ltr'><strong>ἐν</strong></span> <span class='ocrx_word' id='word_1_661' title='bbox 3053 3475 3124 3550; x_wconf 75' lang='grc' dir='ltr'><strong>τῇ</strong></span> <span class='ocrx_word' id='word_1_662' title='bbox 3158 3479 3516 3545; x_wconf 62' lang='grc' dir='ltr'>διδασκαλίᾳ</span> <span class='ocrx_word' id='word_1_663' title='bbox 3549 3478 3738 3530; x_wconf 80' lang='grc' dir='ltr'>τύπον</span> 
     </span>
    </p>
   </div>
   <div class='ocr_carea' id='block_1_89' title="bbox 2175 3566 3738 3647">
    <p class='ocr_par' dir='ltr' id='par_1_89' title="bbox 2175 3566 3738 3647">
     <span class='ocr_line' id='line_1_89' title="bbox 2175 3566 3738 3647; baseline -0.004 -21"><span class='ocrx_word' id='word_1_664' title='bbox 2175 3596 2192 3626; x_wconf 82' lang='grc' dir='ltr'>ι</span> <span class='ocrx_word' id='word_1_665' title='bbox 2231 3577 2512 3647; x_wconf 88' lang='grc' dir='ltr'>γινόμενον</span> <span class='ocrx_word' id='word_1_666' title='bbox 2537 3576 2644 3630; x_wconf 89' lang='grc' dir='ltr'>τῶν</span> <span class='ocrx_word' id='word_1_667' title='bbox 2675 3575 2896 3629; x_wconf 88' lang='grc' dir='ltr'>πιστῶν.</span> <span class='ocrx_word' id='word_1_668' title='bbox 2925 3574 3088 3628; x_wconf 83' lang='grc' dir='ltr'>Ὅθεν</span> <span class='ocrx_word' id='word_1_669' title='bbox 3126 3573 3172 3626; x_wconf 84' lang='lat' dir='ltr'><strong>oi</strong></span> <span class='ocrx_word' id='word_1_670' title='bbox 3208 3574 3266 3625; x_wconf 84' lang='grc' dir='ltr'><strong>ὲν</strong></span> <span class='ocrx_word' id='word_1_671' title='bbox 3294 3575 3362 3642; x_wconf 80' lang='grc' dir='ltr'>τῇ</span> <span class='ocrx_word' id='word_1_672' title='bbox 3403 3566 3592 3642; x_wconf 77' lang='grc' dir='ltr'>εἱρκτῇ</span> <span class='ocrx_word' id='word_1_673' title='bbox 3622 3570 3738 3621; x_wconf 68' lang='grc' dir='ltr'>ἑπιι</span> 
     </span>
    </p>
   </div>
   <div class='ocr_carea' id='block_1_90' title="bbox 2176 3658 3739 3739">
    <p class='ocr_par' dir='ltr' id='par_1_90' title="bbox 2176 3658 3739 3739">
     <span class='ocr_line' id='line_1_90' title="bbox 2176 3658 3739 3739; baseline -0.006 -18"><span class='ocrx_word' id='word_1_674' title='bbox 2176 3687 2193 3720; x_wconf 87' lang='grc' dir='ltr'>ι</span> <span class='ocrx_word' id='word_1_675' title='bbox 2233 3666 2574 3739; x_wconf 79' lang='grc' dir='ltr'>δικαζόμενοι</span> <span class='ocrx_word' id='word_1_676' title='bbox 2620 3667 2720 3736; x_wconf 83' lang='grc' dir='ltr'><strong>τῆς</strong></span> <span class='ocrx_word' id='word_1_677' title='bbox 2766 3666 3106 3738; x_wconf 87' lang='grc' dir='ltr'>λειτουργίας</span> <span class='ocrx_word' id='word_1_678' title='bbox 3156 3658 3598 3724; x_wconf 74' lang='grc' dir='ltr'>ἐκπεπτωκότες,</span> <span class='ocrx_word' id='word_1_679' title='bbox 3647 3660 3739 3712; x_wconf 77' lang='grc' dir='ltr'><strong>καὶ</strong></span> 
     </span>
    </p>
   </div>
   <div class='ocr_carea' id='block_1_91' title="bbox 2177 3753 3741 3828">
    <p class='ocr_par' dir='ltr' id='par_1_91' title="bbox 2177 3753 3741 3828">
     <span class='ocr_line' id='line_1_91' title="bbox 2177 3753 3741 3828; baseline -0.006 -16"><span class='ocrx_word' id='word_1_680' title='bbox 2177 3781 2195 3812; x_wconf 84' lang='grc' dir='ltr'><strong>ι</strong></span> <span class='ocrx_word' id='word_1_681' title='bbox 2237 3759 2742 3824; x_wconf 80' lang='grc' dir='ltr'>ἀναπαλαίσαντες,</span> <span class='ocrx_word' id='word_1_682' title='bbox 2799 3759 2940 3812; x_wconf 85' lang='grc' dir='ltr'>πάνυ</span> <span class='ocrx_word' id='word_1_683' title='bbox 2999 3755 3398 3828; x_wconf 77' lang='grc' dir='ltr'>ἀναισθητοῦσι.</span> <span class='ocrx_word' id='word_1_684' title='bbox 3462 3753 3588 3817; x_wconf 92' lang='grc' dir='ltr'><strong>Πῶς</strong></span> <span class='ocrx_word' id='word_1_685' title='bbox 3632 3754 3741 3824; x_wconf 83' lang='grc' dir='ltr'><strong>γὰρ</strong></span> 
     </span>
    </p>
   </div>
   <div class='ocr_carea' id='block_1_92' title="bbox 2178 3845 3739 3921">
    <p class='ocr_par' dir='ltr' id='par_1_92' title="bbox 2178 3845 3739 3921">
     <span class='ocr_line' id='line_1_92' title="bbox 2178 3845 3739 3921; baseline -0.006 -15"><span class='ocrx_word' id='word_1_686' title='bbox 2178 3873 2196 3906; x_wconf 80' lang='grc' dir='ltr'>ι</span> <span class='ocrx_word' id='word_1_687' title='bbox 2232 3853 2470 3908; x_wconf 76' lang='grc' dir='ltr'>αἰτοῦσιν</span> <span class='ocrx_word' id='word_1_688' title='bbox 2515 3852 2542 3906; x_wconf 85' lang='grc' dir='ltr'>δ</span> <span class='ocrx_word' id='word_1_689' title='bbox 2594 3851 2951 3921; x_wconf 72' lang='grc' dir='ltr'>κατέλειψαν,</span> <span class='ocrx_word' id='word_1_690' title='bbox 2998 3851 3283 3920; x_wconf 86' lang='grc' dir='ltr'>δυνάμενοι</span> <span class='ocrx_word' id='word_1_691' title='bbox 3325 3850 3438 3912; x_wconf 86' lang='grc' dir='ltr'>τοῖς</span> <span class='ocrx_word' id='word_1_692' title='bbox 3496 3845 3739 3917; x_wconf 85' lang='grc' dir='ltr'>ἀδελφοῖς</span> 
     </span>
    </p>
   </div>
   <div class='ocr_carea' id='block_1_93' title="bbox 2177 3932 3740 4017">
    <p class='ocr_par' dir='ltr' id='par_1_93' title="bbox 2177 3932 3740 4017">
     <span class='ocr_line' id='line_1_93' title="bbox 2177 3932 3740 4017; baseline -0.004 -21"><span class='ocrx_word' id='word_1_693' title='bbox 2177 3964 2195 3996; x_wconf 80' lang='grc' dir='ltr'>ι</span> <span class='ocrx_word' id='word_1_694' title='bbox 2234 3945 2519 4017; x_wconf 84' lang='grc' dir='ltr'>εὐχρηστοι</span> <span class='ocrx_word' id='word_1_695' title='bbox 2553 3941 2688 3998; x_wconf 77' lang='grc' dir='ltr'>εἶναι</span> <span class='ocrx_word' id='word_1_696' title='bbox 2739 3947 2796 3997; x_wconf 82' lang='grc' dir='ltr'>ὲν</span> <span class='ocrx_word' id='word_1_697' title='bbox 2840 3943 3017 4015; x_wconf 77' lang='grc' dir='ltr'>καιρῷ</span> <span class='ocrx_word' id='word_1_698' title='bbox 3054 3935 3307 4012; x_wconf 72' lang='grc' dir='ltr'>τοιούτῳς</span> <span class='ocrx_word' id='word_1_699' title='bbox 3344 3941 3485 4002; x_wconf 85' lang='grc' dir='ltr'>Ἕως</span> <span class='ocrx_word' id='word_1_700' title='bbox 3521 3937 3618 4008; x_wconf 84' lang='grc' dir='ltr'>μὲν</span> <span class='ocrx_word' id='word_1_701' title='bbox 3648 3932 3740 3991; x_wconf 83' lang='grc' dir='ltr'><strong>οῦν</strong></span> 
     </span>
    </p>
   </div>
   <div class='ocr_carea' id='block_1_94' title="bbox 2179 4026 3740 4104">
    <p class='ocr_par' dir='ltr' id='par_1_94' title="bbox 2179 4026 3740 4104">
     <span class='ocr_line' id='line_1_94' title="bbox 2179 4026 3740 4104; baseline -0.001 -20"><span class='ocrx_word' id='word_1_702' title='bbox 2179 4052 2197 4084; x_wconf 84' lang='grc' dir='ltr'>ι</span> <span class='ocrx_word' id='word_1_703' title='bbox 2235 4033 2522 4088; x_wconf 78' lang='grc' dir='ltr'>ἀπταιστοι</span> <span class='ocrx_word' id='word_1_704' title='bbox 2546 4029 2713 4104; x_wconf 80' lang='grc' dir='ltr'>ἦσαν,</span> <span class='ocrx_word' id='word_1_705' title='bbox 2763 4032 3088 4102; x_wconf 82' lang='grc' dir='ltr'>συγγνώμην</span> <span class='ocrx_word' id='word_1_706' title='bbox 3129 4026 3270 4101; x_wconf 76' lang='grc' dir='ltr'>εἶχον</span> <span class='ocrx_word' id='word_1_707' title='bbox 3316 4028 3408 4082; x_wconf 68' lang='grc' dir='ltr'><strong>ἐπὶ</strong></span> <span class='ocrx_word' id='word_1_708' title='bbox 3455 4031 3521 4100; x_wconf 81' lang='grc' dir='ltr'><strong>τῇ</strong></span> <span class='ocrx_word' id='word_1_709' title='bbox 3565 4043 3740 4098; x_wconf 84' lang='grc' dir='ltr'>παρα-</span> 
     </span>
    </p>
   </div>
   <div class='ocr_carea' id='block_1_95' title="bbox 2179 4118 3742 4196">
    <p class='ocr_par' dir='ltr' id='par_1_95' title="bbox 2179 4118 3742 4196">
     <span class='ocr_line' id='line_1_95' title="bbox 2179 4118 3742 4196; baseline -0.005 -19"><span class='ocrx_word' id='word_1_710' title='bbox 2179 4145 2197 4177; x_wconf 83' lang='grc' dir='ltr'>ι</span> <span class='ocrx_word' id='word_1_711' title='bbox 2234 4123 2378 4196; x_wconf 86' lang='grc' dir='ltr'>λόγῳ</span> <span class='ocrx_word' id='word_1_712' title='bbox 2412 4125 2455 4156; x_wconf 85' lang='grc'><strong><em>³⁵</em></strong></span> <span class='ocrx_word' id='word_1_713' title='bbox 2489 4125 2667 4179; x_wconf 85' lang='grc' dir='ltr'>αὐτῶν</span> <span class='ocrx_word' id='word_1_714' title='bbox 2717 4124 2945 4196; x_wconf 74' lang='grc' dir='ltr'>πράξειο</span> <span class='ocrx_word' id='word_1_715' title='bbox 3003 4124 3092 4176; x_wconf 82' lang='grc' dir='ltr'><strong>ὅτε</strong></span> <span class='ocrx_word' id='word_1_716' title='bbox 3131 4123 3186 4174; x_wconf 83' lang='grc' dir='ltr'><strong>δὲ</strong></span> <span class='ocrx_word' id='word_1_717' title='bbox 3229 4121 3527 4183; x_wconf 74' lang='grc' dir='ltr'>ἔπταισαν,</span> <span class='ocrx_word' id='word_1_718' title='bbox 3555 4120 3630 4182; x_wconf 85' lang='grc' dir='ltr'>ὡς</span> <span class='ocrx_word' id='word_1_719' title='bbox 3675 4118 3742 4172; x_wconf 84' lang='grc' dir='ltr'>ἂν</span> 
     </span>
    </p>
   </div>
   <div class='ocr_carea' id='block_1_96' title="bbox 2179 4210 3741 4288">
    <p class='ocr_par' dir='ltr' id='par_1_96' title="bbox 2179 4210 3741 4288">
     <span class='ocr_line' id='line_1_96' title="bbox 2179 4210 3741 4288; baseline -0.005 -20"><span class='ocrx_word' id='word_1_720' title='bbox 2179 4235 2197 4268; x_wconf 85' lang='grc' dir='ltr'>ι</span> <span class='ocrx_word' id='word_1_721' title='bbox 2237 4216 2736 4288; x_wconf 83' lang='grc' dir='ltr'>περπερευσάμενοι</span> <span class='ocrx_word' id='word_1_722' title='bbox 2758 4216 2849 4267; x_wconf 74' lang='grc' dir='ltr'><strong>καὶ</strong></span> <span class='ocrx_word' id='word_1_723' title='bbox 2873 4216 3096 4276; x_wconf 74' lang='grc' dir='ltr'>ἑαυτοὺς</span> <span class='ocrx_word' id='word_1_724' title='bbox 3120 4213 3530 4284; x_wconf 80' lang='grc' dir='ltr'>μωμησάμενοι,</span> <span class='ocrx_word' id='word_1_725' title='bbox 3559 4210 3741 4262; x_wconf 88' lang='grc' dir='ltr'>οὐκέτι</span> 
     </span>
    </p>
   </div>
   <div class='ocr_carea' id='block_1_97' title="bbox 2180 4299 3741 4378">
    <p class='ocr_par' dir='ltr' id='par_1_97' title="bbox 2180 4299 3741 4378">
     <span class='ocr_line' id='line_1_97' title="bbox 2180 4299 3741 4378; baseline -0.004 -20"><span class='ocrx_word' id='word_1_726' title='bbox 2180 4325 2198 4358; x_wconf 81' lang='grc' dir='ltr'>ι</span> <span class='ocrx_word' id='word_1_727' title='bbox 2237 4306 2488 4360; x_wconf 89' lang='grc' dir='ltr'>δύνανται</span> <span class='ocrx_word' id='word_1_728' title='bbox 2533 4307 2881 4378; x_wconf 84' lang='grc' dir='ltr'>λειτουργεῖν.</span> <span class='ocrx_word' id='word_1_729' title='bbox 2936 4301 3024 4358; x_wconf 82' lang='grc' dir='ltr'><strong>Διὸ</strong></span> <span class='ocrx_word' id='word_1_730' title='bbox 3064 4303 3492 4374; x_wconf 80' lang='grc' dir='ltr'>φροντιζέτωσαν</span> <span class='ocrx_word' id='word_1_731' title='bbox 3543 4299 3741 4371; x_wconf 81' lang='grc' dir='ltr'>μᾶλλον</span> 
     </span>
    </p>
   </div>
   <div class='ocr_carea' id='block_1_98' title="bbox 2180 4389 3741 4468">
    <p class='ocr_par' dir='ltr' id='par_1_98' title="bbox 2180 4389 3741 4468">
     <span class='ocr_line' id='line_1_98' title="bbox 2180 4389 3741 4468; baseline -0.004 -20"><span class='ocrx_word' id='word_1_732' title='bbox 2180 4415 2199 4448; x_wconf 79' lang='grc' dir='ltr'>ι</span> <span class='ocrx_word' id='word_1_733' title='bbox 2241 4399 2297 4451; x_wconf 78' lang='grc' dir='ltr'>ὲν</span> <span class='ocrx_word' id='word_1_734' title='bbox 2338 4397 2822 4468; x_wconf 76' lang='grc' dir='ltr'>ταπεινοφροσύνῃ,</span> <span class='ocrx_word' id='word_1_735' title='bbox 2855 4395 2970 4458; x_wconf 88' lang='grc' dir='ltr'><strong>πῶς</strong></span> <span class='ocrx_word' id='word_1_736' title='bbox 3011 4389 3349 4448; x_wconf 84' lang='grc' dir='ltr'>ἐκτελέσουσι</span> <span class='ocrx_word' id='word_1_737' title='bbox 3406 4391 3741 4460; x_wconf 84' lang='grc' dir='ltr'>παυσάμενοι</span> 
     </span>
    </p>
   </div>
   <div class='ocr_carea' id='block_1_99' title="bbox 2183 4482 3742 4560">
    <p class='ocr_par' dir='ltr' id='par_1_99' title="bbox 2183 4482 3742 4560">
     <span class='ocr_line' id='line_1_99' title="bbox 2183 4482 3742 4560; baseline -0.003 -21"><span class='ocrx_word' id='word_1_738' title='bbox 2183 4509 2200 4539; x_wconf 77' lang='grc' dir='ltr'><strong>ι</strong></span> <span class='ocrx_word' id='word_1_739' title='bbox 2240 4490 2338 4559; x_wconf 87' lang='grc' dir='ltr'>τῆς</span> <span class='ocrx_word' id='word_1_740' title='bbox 2397 4489 2718 4555; x_wconf 81' lang='grc' dir='ltr'>κενοδοξίας.</span> <span class='ocrx_word' id='word_1_741' title='bbox 2774 4490 2957 4560; x_wconf 82' lang='grc' dir='ltr'>Ἀρκεῖ</span> <span class='ocrx_word' id='word_1_742' title='bbox 3016 4487 3123 4558; x_wconf 81' lang='grc' dir='ltr'><strong>γὰρ</strong></span> <span class='ocrx_word' id='word_1_743' title='bbox 3171 4485 3351 4546; x_wconf 87' lang='grc' dir='ltr'>αὐτοῖς</span> <span class='ocrx_word' id='word_1_744' title='bbox 3412 4484 3444 4554; x_wconf 79' lang='grc' dir='ltr'>ἡ</span> <span class='ocrx_word' id='word_1_745' title='bbox 3493 4482 3742 4537; x_wconf 80' lang='grc' dir='ltr'>κοινωνία</span> 
     </span>
    </p>
   </div>
   <div class='ocr_carea' id='block_1_100' title="bbox 2183 4573 3741 4653">
    <p class='ocr_par' dir='ltr' id='par_1_100' title="bbox 2183 4573 3741 4653">
     <span class='ocr_line' id='line_1_100' title="bbox 2183 4573 3741 4653; baseline -0.004 -21"><span class='ocrx_word' id='word_1_746' title='bbox 2183 4600 2200 4632; x_wconf 88' lang='grc' dir='ltr'>ι</span> <span class='ocrx_word' id='word_1_747' title='bbox 2245 4582 2362 4653; x_wconf 79' lang='grc' dir='ltr'>μετ’</span> <span class='ocrx_word' id='word_1_748' title='bbox 2383 4581 2719 4644; x_wconf 77' lang='grc' dir='ltr'>ἐπιστάσεως</span> <span class='ocrx_word' id='word_1_749' title='bbox 2742 4581 2786 4612; x_wconf 79' lang='grc'><strong>³⁸</strong></span> <span class='ocrx_word' id='word_1_750' title='bbox 2804 4581 2894 4633; x_wconf 74' lang='grc' dir='ltr'><strong>καὶ</strong></span> <span class='ocrx_word' id='word_1_751' title='bbox 2913 4577 3193 4650; x_wconf 79' lang='grc' dir='ltr'>ἀκριϐείας</span> <span class='ocrx_word' id='word_1_752' title='bbox 3212 4573 3346 4649; x_wconf 82' lang='grc' dir='ltr'>πρὸς</span> <span class='ocrx_word' id='word_1_753' title='bbox 3370 4577 3652 4646; x_wconf 77' lang='grc' dir='ltr'>ἀμφότερα</span> <span class='ocrx_word' id='word_1_754' title='bbox 3677 4575 3741 4606; x_wconf 81' lang='grc'><strong>³⁶⁹</strong></span> 
     </span>
    </p>
   </div>
   <div class='ocr_carea' id='block_1_101' title="bbox 2181 4664 3743 4744">
    <p class='ocr_par' dir='ltr' id='par_1_101' title="bbox 2181 4664 3743 4744">
     <span class='ocr_line' id='line_1_101' title="bbox 2181 4664 3743 4744; baseline -0.006 -19"><span class='ocrx_word' id='word_1_755' title='bbox 2181 4690 2201 4725; x_wconf 80' lang='grc' dir='ltr'>ι</span> <span class='ocrx_word' id='word_1_756' title='bbox 2241 4673 2518 4743; x_wconf 82' lang='grc' dir='ltr'>γινομένη,</span> <span class='ocrx_word' id='word_1_757' title='bbox 2553 4672 2646 4724; x_wconf 75' lang='grc' dir='ltr'><strong>καὶ</strong></span> <span class='ocrx_word' id='word_1_758' title='bbox 2692 4673 2780 4726; x_wconf 81' lang='grc' dir='ltr'><strong>ἵνα</strong></span> <span class='ocrx_word' id='word_1_759' title='bbox 2812 4671 2885 4744; x_wconf 75' lang='grc' dir='ltr'>μὴ</span> <span class='ocrx_word' id='word_1_760' title='bbox 2924 4669 3116 4736; x_wconf 78' lang='grc' dir='ltr'>δόξωσι</span> <span class='ocrx_word' id='word_1_761' title='bbox 3144 4667 3426 4721; x_wconf 87' lang='grc' dir='ltr'>λυπεῖσθαι</span> <span class='ocrx_word' id='word_1_762' title='bbox 3458 4667 3593 4737; x_wconf 86' lang='grc' dir='ltr'><strong>μετά</strong></span> <span class='ocrx_word' id='word_1_763' title='bbox 3628 4664 3743 4734; x_wconf 83' lang='grc' dir='ltr'>βίας</span> 
     </span>
    </p>
   </div>
   <div class='ocr_carea' id='block_1_102' title="bbox 2183 4757 3745 4838">
    <p class='ocr_par' dir='ltr' id='par_1_102' title="bbox 2183 4757 3745 4838">
     <span class='ocr_line' id='line_1_102' title="bbox 2183 4757 3745 4838; baseline -0.006 -19"><span class='ocrx_word' id='word_1_764' title='bbox 2183 4785 2201 4818; x_wconf 86' lang='grc' dir='ltr'>ι</span> <span class='ocrx_word' id='word_1_765' title='bbox 2239 4765 2721 4838; x_wconf 87' lang='grc' dir='ltr'>περιδρασσόμενοι</span> <span class='ocrx_word' id='word_1_766' title='bbox 2754 4764 2854 4834; x_wconf 83' lang='grc' dir='ltr'>τῆς</span> <span class='ocrx_word' id='word_1_767' title='bbox 2901 4763 3150 4818; x_wconf 78' lang='grc' dir='ltr'>ἐντεῦθεν</span> <span class='ocrx_word' id='word_1_768' title='bbox 3183 4761 3493 4821; x_wconf 87' lang='grc' dir='ltr'>ἀναλύσεως</span> <span class='ocrx_word' id='word_1_769' title='bbox 3523 4758 3618 4825; x_wconf 87' lang='lat'><strong>(7),</strong></span> <span class='ocrx_word' id='word_1_770' title='bbox 3655 4757 3745 4810; x_wconf 79' lang='grc' dir='ltr'>καὶ</span> 
     </span>
    </p>
   </div>
   <div class='ocr_carea' id='block_1_103' title="bbox 2185 4850 3746 4928">
    <p class='ocr_par' dir='ltr' id='par_1_103' title="bbox 2185 4850 3746 4928">
     <span class='ocr_line' id='line_1_103' title="bbox 2185 4850 3746 4928; baseline -0.003 -22"><span class='ocrx_word' id='word_1_771' title='bbox 2185 4875 2202 4906; x_wconf 79' lang='grc' dir='ltr'>ι</span> <span class='ocrx_word' id='word_1_772' title='bbox 2245 4857 2330 4910; x_wconf 81' lang='grc' dir='ltr'><strong>ἵνα</strong></span> <span class='ocrx_word' id='word_1_773' title='bbox 2357 4857 2430 4928; x_wconf 80' lang='grc' dir='ltr'>μή</span> <span class='ocrx_word' id='word_1_774' title='bbox 2457 4873 2601 4919; x_wconf 86' lang='grc' dir='ltr'>τινες</span> <span class='ocrx_word' id='word_1_775' title='bbox 2636 4855 2976 4919; x_wconf 81' lang='grc' dir='ltr'>ἐκπεσόντες,</span> <span class='ocrx_word' id='word_1_776' title='bbox 3009 4854 3446 4927; x_wconf 75' lang='grc' dir='ltr'>προφασίζωνται</span> <span class='ocrx_word' id='word_1_777' title='bbox 3467 4852 3509 4884; x_wconf 85' lang='grc'>³⁷</span> <span class='ocrx_word' id='word_1_778' title='bbox 3531 4850 3680 4903; x_wconf 81' lang='grc' dir='ltr'>ὼσάν</span> <span class='ocrx_word' id='word_1_779' title='bbox 3705 4850 3746 4881; x_wconf 83' lang='grc'>³⁸</span> 
     </span>
    </p>
   </div>
   <div class='ocr_carea' id='block_1_104' title="bbox 2184 4942 3743 5021">
    <p class='ocr_par' dir='ltr' id='par_1_104' title="bbox 2184 4942 3743 5021">
     <span class='ocr_line' id='line_1_104' title="bbox 2184 4942 3743 5021; baseline -0.004 -20"><span class='ocrx_word' id='word_1_780' title='bbox 2184 4968 2202 5000; x_wconf 82' lang='grc' dir='ltr'>ι</span> <span class='ocrx_word' id='word_1_781' title='bbox 2239 4949 2328 5002; x_wconf 84' lang='grc' dir='ltr'><strong>διὰ</strong></span> <span class='ocrx_word' id='word_1_782' title='bbox 2378 4950 2475 5020; x_wconf 86' lang='grc' dir='ltr'><strong>τὴν</strong></span> <span class='ocrx_word' id='word_1_783' title='bbox 2521 4949 2774 5021; x_wconf 82' lang='grc' dir='ltr'>ἀφορμὴν</span> <span class='ocrx_word' id='word_1_784' title='bbox 2817 4951 2916 5020; x_wconf 83' lang='grc' dir='ltr'>τῆς</span> <span class='ocrx_word' id='word_1_785' title='bbox 2963 4949 3241 5020; x_wconf 72' lang='grc' dir='ltr'>ἐπιτιμίας</span> <span class='ocrx_word' id='word_1_786' title='bbox 3286 4942 3743 5018; x_wconf 83' lang='grc' dir='ltr'>ὑπεκλελυμένοι⁴</span> 
     </span>
    </p>
   </div>
   <div class='ocr_carea' id='block_1_105' title="bbox 1804 5224 2469 5288">
    <p class='ocr_par' dir='ltr' id='par_1_105' title="bbox 1804 5224 2469 5288">
     <span class='ocr_line' id='line_1_105' title="bbox 1804 5224 2469 5288; baseline 0.003 -2"><span class='ocrx_word' id='word_1_787' title='bbox 1804 5227 2036 5287; x_wconf 72' lang='lat' dir='ltr'><strong>VARUE</strong></span> <span class='ocrx_word' id='word_1_788' title='bbox 2070 5224 2469 5288; x_wconf 79' lang='lat' dir='ltr'><strong>LECTIONES.</strong></span> 
     </span>
    </p>
   </div>
   <div class='ocr_carea' id='block_1_106' title="bbox 579 5366 3416 5445">
    <p class='ocr_par' dir='ltr' id='par_1_106' title="bbox 579 5366 3416 5445">
     <span class='ocr_line' id='line_1_106' title="bbox 579 5366 3416 5445; baseline -0.008 -18"><span class='ocrx_word' id='word_1_789' title='bbox 579 5373 624 5407; x_wconf 72' lang='lat'><strong>“</strong></span> <span class='ocrx_word' id='word_1_790' title='bbox 645 5371 794 5429; x_wconf 82' lang='lat' dir='ltr'><strong>deest</strong></span> <span class='ocrx_word' id='word_1_791' title='bbox 819 5371 1131 5435; x_wconf 89' lang='grc' dir='ltr'>ἀπόστολος.</span> <span class='ocrx_word' id='word_1_792' title='bbox 1165 5370 1210 5403; x_wconf 83' lang='grc'><strong>⁸⁸</strong></span> <span class='ocrx_word' id='word_1_793' title='bbox 1240 5368 1392 5440; x_wconf 80' lang='grc' dir='ltr'>παρὰ</span> <span class='ocrx_word' id='word_1_794' title='bbox 1411 5366 1589 5437; x_wconf 82' lang='grc' dir='ltr'>λόγον.</span> <span class='ocrx_word' id='word_1_795' title='bbox 1665 5367 1710 5399; x_wconf 71' lang='grc'><strong>³“</strong></span> <span class='ocrx_word' id='word_1_796' title='bbox 1744 5367 2067 5432; x_wconf 74' lang='grc' dir='ltr'>ὲπιτάσεωςι</span> <span class='ocrx_word' id='word_1_797' title='bbox 2141 5368 2209 5400; x_wconf 75' lang='grc'>³⁸³</span> <span class='ocrx_word' id='word_1_798' title='bbox 2237 5370 2566 5443; x_wconf 79' lang='grc' dir='ltr'>ἀμφότερον,</span> <span class='ocrx_word' id='word_1_799' title='bbox 2646 5368 2689 5404; x_wconf 69' lang='grc'><strong>⁸⁷</strong></span> <span class='ocrx_word' id='word_1_800' title='bbox 2718 5375 3180 5445; x_wconf 58' lang='grc' dir='ltr'><strong>προφασίσρυνται.</strong></span> <span class='ocrx_word' id='word_1_801' title='bbox 3254 5375 3297 5406; x_wconf 77' lang='grc' dir='ltr'>ιο</span> <span class='ocrx_word' id='word_1_802' title='bbox 3324 5375 3416 5437; x_wconf 52' lang='grc' dir='ltr'><strong>ὡς,</strong></span> 
     </span>
    </p>
   </div>
   <div class='ocr_carea' id='block_1_107' title="bbox 579 5556 2076 5646">
    <p class='ocr_par' dir='ltr' id='par_1_107' title="bbox 579 5556 2076 5646">
     <span class='ocr_line' id='line_1_107' title="bbox 579 5556 2076 5646; baseline -0.007 -29"><span class='ocrx_word' id='word_1_803' title='bbox 689 5563 879 5646; x_wconf 55' lang='grc' dir='ltr'>Ὅςζειί,</span> <span class='ocrx_word' id='word_1_804' title='bbox 908 5574 1043 5646; x_wconf 44' lang='grc' dir='ltr'><strong>κέ.τέ</strong></span> <span class='ocrx_word' id='word_1_805' title='bbox 1166 5556 1667 5646; x_wconf 27' lang='lat' dir='ltr'><strong>Qenl‘iermcumﬂhis</strong></span> <span class='ocrx_word' id='word_1_806' title='bbox 1708 5562 2076 5646; x_wconf 40' lang='lat' dir='ltr'><strong>narrationem</strong></span> 
     </span>
    </p>
   </div>
   <div class='ocr_carea' id='block_1_108' title="bbox 513 5624 2077 5705">
    <p class='ocr_par' dir='ltr' id='par_1_108' title="bbox 513 5624 2077 5705">
     <span class='ocr_line' id='line_1_108' title="bbox 513 5624 2077 5705; baseline -0.004 -19"><span class='ocrx_word' id='word_1_807' title='bbox 513 5624 796 5705; x_wconf 73' lang='lat' dir='ltr'><strong>Epiphanii</strong></span> <span class='ocrx_word' id='word_1_808' title='bbox 825 5631 893 5686; x_wconf 92' lang='lat' dir='ltr'><strong>de</strong></span> <span class='ocrx_word' id='word_1_809' title='bbox 936 5630 1254 5693; x_wconf 83' lang='lat' dir='ltr'><strong>Meletianis,</strong></span> <span class='ocrx_word' id='word_1_810' title='bbox 1315 5629 1446 5684; x_wconf 84' lang='lat' dir='ltr'><strong>haer.</strong></span> <span class='ocrx_word' id='word_1_811' title='bbox 1503 5641 1692 5690; x_wconf 74' lang='lat' dir='ltr'><strong>vam,</strong></span> <span class='ocrx_word' id='word_1_812' title='bbox 1743 5642 1796 5678; x_wconf 88' lang='grc' dir='ltr'><strong>ιι.</strong></span> <span class='ocrx_word' id='word_1_813' title='bbox 1862 5624 1898 5677; x_wconf 77' lang='lat'><strong>‘2</strong></span> <span class='ocrx_word' id='word_1_814' title='bbox 1943 5634 1996 5681; x_wconf 94' lang='lat' dir='ltr'><strong>et</strong></span> <span class='ocrx_word' id='word_1_815' title='bbox 2023 5624 2077 5680; x_wconf 82' lang='grc'>5.</span> 
     </span>
    </p>
   </div>
   <div class='ocr_carea' id='block_1_109' title="bbox 463 5701 1890 5835">
    <p class='ocr_par' dir='ltr' id='par_1_109' title="bbox 463 5701 1890 5835">
     <span class='ocr_line' id='line_1_109' title="bbox 463 5701 779 5766; baseline -0.006 -9"><span class='ocrx_word' id='word_1_816' title='bbox 463 5763 466 5766; x_wconf 5' lang='grc' dir='ltr'><strong>ς</strong></span> <span class='ocrx_word' id='word_1_817' title='bbox 513 5701 779 5759; x_wconf 56' lang='lat' dir='ltr'><strong>&quot;annum.</strong></span> 
     </span>
     <span class='ocr_line' id='line_1_110' title="bbox 589 5765 1890 5835; baseline -0.006 -7"><span class='ocrx_word' id='word_1_818' title='bbox 589 5773 665 5834; x_wconf 72' lang='grc' dir='ltr'>ιθ)</span> <span class='ocrx_word' id='word_1_819' title='bbox 701 5771 1057 5835; x_wconf 78' lang='grc' dir='ltr'>Ἐεανύσας.</span> <span class='ocrx_word' id='word_1_820' title='bbox 1090 5767 1190 5824; x_wconf 81' lang='lat' dir='ltr'><strong>Ms.</strong></span> <span class='ocrx_word' id='word_1_821' title='bbox 1222 5768 1344 5823; x_wconf 91' lang='lat' dir='ltr'><strong>cod.</strong></span> <span class='ocrx_word' id='word_1_822' title='bbox 1375 5765 1513 5824; x_wconf 79' lang='lat' dir='ltr'><strong>Nan.</strong></span> <span class='ocrx_word' id='word_1_823' title='bbox 1544 5766 1890 5833; x_wconf 79' lang='grc' dir='ltr'>ὲξαντλήσας.</span> 
     </span>
    </p>
   </div>
   <div class='ocr_carea' id='block_1_110' title="bbox 2257 5551 3755 5627">
    <p class='ocr_par' dir='ltr' id='par_1_110' title="bbox 2257 5551 3755 5627">
     <span class='ocr_line' id='line_1_111' title="bbox 2257 5551 3755 5627; baseline -0.005 -16"><span class='ocrx_word' id='word_1_824' title='bbox 2257 5556 2332 5627; x_wconf 90' lang='lat'><strong>(7)</strong></span> <span class='ocrx_word' id='word_1_825' title='bbox 2394 5557 2507 5626; x_wconf 77' lang='grc' dir='ltr'><strong>Τῆς</strong></span> <span class='ocrx_word' id='word_1_826' title='bbox 2532 5558 2812 5613; x_wconf 76' lang='grc' dir='ltr'>ἐντεῦθεν</span> <span class='ocrx_word' id='word_1_827' title='bbox 2845 5554 3020 5612; x_wconf 66' lang='lat' dir='ltr'><strong>(ii-a1.</strong></span> <span class='ocrx_word' id='word_1_828' title='bbox 3076 5553 3316 5610; x_wconf 83' lang='lat' dir='ltr'><strong>Zonaras</strong></span> <span class='ocrx_word' id='word_1_829' title='bbox 3364 5563 3419 5607; x_wconf 90' lang='lat' dir='ltr'><strong>et</strong></span> <span class='ocrx_word' id='word_1_830' title='bbox 3464 5551 3755 5627; x_wconf 59' lang='lat' dir='ltr'><strong>Balsama»</strong></span> 
     </span>
    </p>
   </div>
   <div class='ocr_carea' id='block_1_111' title="bbox 2185 5620 3757 5697">
    <p class='ocr_par' dir='ltr' id='par_1_111' title="bbox 2185 5620 3757 5697">
     <span class='ocr_line' id='line_1_112' title="bbox 2185 5620 3757 5697; baseline -0.003 -18"><span class='ocrx_word' id='word_1_831' title='bbox 2185 5620 2608 5683; x_wconf 47' lang='lat' dir='ltr'><strong>videntur‘hunc</strong></span> <span class='ocrx_word' id='word_1_832' title='bbox 2635 5629 2810 5684; x_wconf 89' lang='lat' dir='ltr'><strong>locum</strong></span> <span class='ocrx_word' id='word_1_833' title='bbox 2838 5643 3118 5697; x_wconf 85' lang='lat' dir='ltr'><strong>perperam</strong></span> <span class='ocrx_word' id='word_1_834' title='bbox 3154 5625 3523 5697; x_wconf 70' lang='lat' dir='ltr'><strong>interpretari,</strong></span> <span class='ocrx_word' id='word_1_835' title='bbox 3573 5628 3628 5675; x_wconf 83' lang='lat' dir='ltr'><strong>et</strong></span> <span class='ocrx_word' id='word_1_836' title='bbox 3655 5620 3757 5692; x_wconf 76' lang='grc' dir='ltr'><strong>τὴν</strong></span> 
     </span>
    </p>
   </div>
   <div class='ocr_carea' id='block_1_112' title="bbox 2186 5693 3588 5766">
    <p class='ocr_par' dir='ltr' id='par_1_112' title="bbox 2186 5693 3588 5766">
     <span class='ocr_line' id='line_1_113' title="bbox 2186 5693 3588 5766; baseline -0.005 -16"><span class='ocrx_word' id='word_1_837' title='bbox 2186 5698 2432 5752; x_wconf 68' lang='grc' dir='ltr'>ἐντεῦθεν</span> <span class='ocrx_word' id='word_1_838' title='bbox 2457 5700 2714 5754; x_wconf 81' lang='grc' dir='ltr'>ἀνάλυσιν</span> <span class='ocrx_word' id='word_1_839' title='bbox 2739 5700 2806 5755; x_wconf 92' lang='lat' dir='ltr'><strong>de</strong></span> <span class='ocrx_word' id='word_1_840' title='bbox 2837 5693 3008 5753; x_wconf 79' lang='lat' dir='ltr'><strong>morte</strong></span> <span class='ocrx_word' id='word_1_841' title='bbox 3034 5699 3298 5766; x_wconf 85' lang='lat' dir='ltr'><strong>accipere.</strong></span> <span class='ocrx_word' id='word_1_842' title='bbox 3321 5693 3588 5748; x_wconf 64' lang='lat' dir='ltr'><strong>&quot;sanum.</strong></span> 
     </span>
    </p>
   </div>
  </div>
