4132 6430
308 260 480 349 ’489

1606 294 1707 346 [ιη
1719 290 1940 348 STOLA
1981 293 2352 351 CANONICA.-

3506 305 3609 360 490

377 423 396 456 ι
437 404 631 468 οἵτινες
656 404 814 459 πλέον
842 405 1096 460 ἁπάντων
1114 405 1378 476 αἰσχύνην
1402 408 1494 459 καὶ
1523 405 1719 469 ﬁve-.60;
1739 406 1938 472 ἕξουσι,

2050 422 2069 457 ι
2113 414 2166 461 et
2190 404 2544 477 ignominiam
2563 392 3137 473 hahebuutzsicutille
3169 414 3264 483 qui
3290 401 3611 470 fuud’amené

378 514 396 544 ι
435 496 556 548 κατ’
589 496 795 549 ἐκεῖνον
827 497 919 551 τὸν
951 497 1231 552 τεθεικότα
1257 496 1524 568 θεμέλιον,
1551 498 1644 550 καὶ
1688 497 1762 569 μὴ
1793 498 1942 569 ἰσχύ-

377 606 396 639 ι
436 605 605 644 σαντα
649 590 950 645 ἐκτελέει-αι’
984 590 1452 679 Ἀρξονταιδγὰρ,
1494 592 1688 663 φησὶν,
1723 592 1944 659 πάντες

379 701 396 732 ι
435 683 488 735 οἱ
519 687 1067 753 παραπορευόμενοι
1096 684 1396 755 ἐμπαίζειν
1413 688 1615 753 αὐτὸν,
1641 686 1939 757 λέγοντεςο

293 770 301 775 ’
378 790 398 823 ι
439 769 682 838 Οὗτοςὸ
706 775 1014 843 ἅνθρωπος
1062 776 1339 847 θεμέλιον
1380 778 1558 847 ἔθηκε
1596 779 1662 845 ⁸³,
1704 780 1799 833 καὶ
1832 781 1943 833 οὐκ

380 881 400 916 ι
440 865 701 933 ἴσχυσεν
728 867 1059 922 ἐκτελέσαιε
1094 887 1112 920 ι

445 954 640 1008 ΒΔΛΣ.
682 957 818 1027 Περὶ
864 960 1347 1032 αὐτομολησάντων
1379 965 1458 1028 εἰς
1495 965 1584 1018 τὸν
1617 964 1709 1017 τοῦ
1743 981 1946 1035 μαρτυ-

377 1046 494 1119 ρίου
522 1048 708 1116 ἀγῶνα
734 1049 1033 1122 διαλεχθεὶς
1063 1056 1091 1106 ὁ
1120 1055 1332 1126 Πατὴρ,
1368 1056 1463 1111 νῦν
1502 1058 1595 1111 καὶ
1638 1058 1765 1130 περὶ
1812 1058 1944 1130 κλη-

378 1140 544 1210 ρικῶν
571 1140 825 1194 τοιούτων
852 1143 942 1195 τὸν
968 1143 1124 1213 λόγον
1151 1151 1408 1201 ποιεῖται·
1441 1149 1536 1202 καί
1565 1167 1748 1222 φησιν,
1773 1152 1867 1216 ώς,
1898 1155 1944 1204 εἰ

375 1229 634 1301 κληρικδς
652 1232 1044 1306 ηὐτομόλησεν,
1077 1233 1193 1293 εἶτα
1219 1240 1293 1312 μὴ
1321 1240 1526 1309 στέγων
1552 1242 1651 1306 τὰς
1680 1245 1947 1316 τιμωρίας

375 1320 719 1386 ὲκπέπτωκε,
750 1324 844 1376 καὶ
875 1322 1031 1389 αὖθις
1071 1328 1148 1392 είς
1185 1329 1376 1383 ἑαυτὸν
1400 1332 1708 1402 γενόμενος,
1742 1334 1946 1387 ἀνεπά-

374 1411 528 1464 λαισε
575 1413 673 1484 τὴν
718 1414 924 1469 οἰκείαν
957 1416 1161 1470 πτῶσιν
1182 1460 1197 1485 ,
1248 1420 1342 1473 καὶ
1384 1421 1710 1492 Χριστιανὸν
1758 1423 1947 1476 ἑαυτὸν

373 1501 719 1574 ὡμολόγησεν
743 1505 972 1560 ἐνώπιον
998 1507 1104 1561 τῶν
1134 1509 1430 1581 τυράννων,
1457 1514 1485 1565 ὁ
1506 1513 1744 1577 τοιοῦτος
1765 1514 1947 1568 οὐκέτι

375 1595 434 1649 ἐν
457 1596 522 1665 τῇ
554 1594 862 1668 λειτουργίᾳ
886 1597 1058 1660 ἔσται,
1082 1600 1218 1654 διότι
1240 1602 1593 1657 καταλέλοιπε
1616 1606 1676 1658 τὸ
1699 1606 1947 1676 ποίμνιον

375 1686 469 1740 τοῦ
498 1686 735 1760 Κυρίου⁴
773 1690 867 1744 καὶ
889 1691 980 1744 διά
1008 1692 1068 1745 τὸ
1096 1694 1466 1765 αὐτομολῆσαι
1512 1699 1603 1751 καὶ
1644 1699 1717 1769 μὴ
1747 1716 1942 1770 καρτε-

2052 516 2069 548 ι
2117 508 2228 552 tum
2260 498 2481 568 posuit,
2528 507 2582 552 et
2615 515 2721 554 non
2763 503 2938 571 potuit
2982 503 3241 574 perficere
3275 526 3289 562 :
3350 505 3609 576 Incipient

2052 609 2071 642 ι
2108 589 2492 659 enim,inquit,
2525 606 2702 645 omnes
2733 594 3348 666 quipmtergredienlur,
3375 615 3491 652 eum
3541 601 3609 652 il:

2050 698 2068 733 ι
2118 680 2312 746 ludere,
2342 680 2567 735 dicentes
2586 698 2604 734 :
2634 681 2737 736 Hic
2753 685 2904 739 homo
2925 688 3098 755 posuit
3122 688 3541 756 fundamentum,
3559 700 3610 745 et

2051 790 2069 822 ι
2115 789 2221 827 non
2240 772 2409 843 potuit
2434 774 2682 843 perﬁcere
2717 785 2765 828 α.
2810 794 2829 825 ι

2116 946 2276 1004 ΒΑιε.
2324 948 2397 1004 De
2426 949 2496 1004 iis
2524 949 2619 1019 qui
2656 965 2748 1006 sua
2796 959 2989 1019 sponte
3028 949 3097 1003 ad
3146 946 3391 1021 martyrii
3432 956 3611 1006 certa‘~

2047 1058 2169 1097 men
2195 1057 2298 1097 con
2307 1041 2538 1113 fugiunt,
2561 1043 2781 1100 locutus
2796 1040 2977 1110 Pater,
2993 1057 3143 1098 nunc
3157 1042 3223 1100 de
3241 1041 3456 1099 clericis
3472 1057 3611 1114 quo-

2046 1151 2152 1206 que
2179 1137 2272 1205 qui
2309 1142 2439 1191 sunt
2469 1134 2741 1205 ejusmodi
2788 1134 3032 1206 loquitur
3068 1154 3083 1192 :
3137 1143 3192 1191 et
3221 1135 3356 1190 dicit
3385 1136 3531 1206 quod
3564 1136 3610 1191 si

2047 1226 2280 1283 clericus
2322 1227 2388 1282 ad
2421 1235 2695 1281 certamen
2744 1242 2842 1282 sua
2878 1234 3074 1296 sponte
3121 1226 3386 1300 profugit,
3418 1226 3613 1283 deinde

2048 1333 2170 1371 cum
2204 1332 2310 1372 non
2335 1327 2515 1389 posset
2546 1317 2689 1372 ferre
2702 1324 2996 1383 tormenta,
3018 1318 3243 1387 excidit,
3263 1327 3317 1375 et
3343 1331 3468 1374 cum
3491 1333 3614 1373 rur—

2048 1425 2143 1464 sus
2173 1410 2238 1465 ad
2270 1427 2330 1467 se
2356 1410 2634 1474 rediisset,
2683 1410 2893 1479 lapsum
2927 1425 3086 1466 suum
3138 1413 3436 1478 revocavit,
3469 1417 3524 1468 et
3554 1424 3615 1467 se

2048 1517 2233 1555 coram
2270 1503 2519 1572 tyrannis
2548 1501 2927 1556 Christianum
2959 1502 3249 1560 confessus
3281 1513 3395 1572 est;
3426 1505 3475 1560 is
3503 1518 3615 1560 non

2046 1591 2281 1661 amplius
2308 1607 2466 1647 sacra
2479 1592 2780 1647 ministeria
2803 1592 2994 1656 obibit,
3021 1607 3086 1647 eo
3101 1592 3246 1663 quod
3277 1608 3492 1664 gregem
3507 1593 3618 1647 Do-

2047 1683 2181 1737 mini
2209 1683 2533 1753 reliquerit;
2565 1691 2619 1739 et
2645 1699 2711 1739 eo
2738 1683 2885 1754 quod
2910 1699 3034 1739 cum
3066 1700 3166 1740 sua
3187 1686 3408 1756 quidem
3421 1689 3623 1756 sponte‘

382 1779 541 1851 ρῆσαι
570 1781 669 1843 τάς
695 1780 980 1851 βασάνους,
1017 1784 1204 1856 μῶμον
1244 1790 1612 1860 προσήνεγκεν
1650 1768 1849 1862 ἐαυτῷ.
1877 1790 1946 1846 Τὸ

2049 1768 2373 1839 confugerit,
2403 1780 2457 1825 et
2479 1778 2750 1827 tormenta
2780 1771 3010 1827 sufferre
3053 1789 3161 1828 non
3197 1775 3460 1844 potuerit,
3511 1776 3621 1831 sibi

375 1872 434 1925 δὲ
462 1872 873 1944 καταφρονῆσαι
903 1876 1003 1946 τῆς
1033 1876 1381 1944 διδασκαλίας
1413 1881 1507 1935 τοῦ
1537 1881 1665 1936 λαοῦ
1695 1885 1788 1938 καὶ
1815 1902 1950 1956 προ·

374 1964 711 2036 τιμήσασθαι
759 1968 820 2021 τὸ
859 1967 1036 2039 ἑαυτῷ
1063 1971 1372 2042 συμφέρον,
1423 1974 1543 2027 οὐδὲ
1577 1979 1623 2029 οἱ
1664 1977 1948 2032 ἀπόστολοι

276 2078 288 2099 ι
376 2058 756 2128 πεποιήκασιν.
792 2059 852 2113 '0
884 2059 993 2131 γὰρ
1021 2061 1193 2131 μέγας
1226 2062 1455 2130 Παῦλος,
1485 2067 1622 2136 μετά
1662 2068 1723 2120 τὸ
1751 2069 1949 2134 πολλὰς

378 2144 646 2216 βασάνους
686 2151 996 2222 ὑπομεῖναι,
1023 2155 1366 2226 κατανοήσας
1394 2161 1644 2231 κρεῖττον
1676 2156 1813 2217 εἶναι
1858 2163 1948 2216 τὸν

378 2234 493 2306 βίον
524 2239 809 2295 ἀπολιπεῖν
830 2280 846 2305 ,
882 2247 1284 2318 προετιμήσατο
1316 2244 1414 2320 ζῇν
1445 2249 1538 2303 καὶ¹
1570 2248 1948 2320 βασανίζεσθαι

375 2325 465 2381 διὰ
494 2328 593 2401 τὴν
625 2333 897 2403 σωτηρίαν
927 2337 1020 2389 καὶ
1055 2335 1400 2394 διδασκαλίαν
1427 2339 1520 2394 τοῦ
1568 2341 1720 2398 λαοῦ.
1772 2343 1949 2398 Ἀναί-

381 2417 566 2490 σθητοι
601 2421 732 2490 γοῦν
767 2426 902 2479 εἰσιν
935 2427 984 2478 οἱ
1021 2427 1298 2493 αἰτοῦντες
1342 2430 1439 2503 τὴν
1481 2431 1839 2504 λειτουργίαν,
1881 2429 1950 2506 ἧς

378 2508 654 2567 ἔθελονταὶ
698 2516 1105 2572 ὲκπεπτώκασι.
1141 2520 1267 2584 Πῶς
1307 2521 1417 2594 γὰρ
1455 2523 1695 2576 αἰτοῦσιν
1749 2523 1778 2576 ὃ
1815 2540 1949 2578 κατ-

376 2599 597 2667 έλιπον,
628 2603 914 2677 δυνάμενοι
959 2612 1071 2674 τοῖς
1110 2610 1354 2681 ἀδελφοῖς
1387 2611 1675 2683 εῦχρηστοι
1702 2610 1840 2670 εῖναι
1890 2617 1948 2671 ὲν

382 2691 559 2763 καιρῷ
605 2694 864 2767 τοιούτῳ,
915 2696 1152 2769 διωγμοῦ
1210 2700 1446 2773 δηλαδή;
1485 2703 1550 2756 Ei
1601 2704 1698 2774 μὲν
1746 2701 1839 2759 οὖν
1886 2705 1948 2760 οὐ

380 2782 719 2848 πεπτώκασι,
756 2789 940 2859 φησὶν,
974 2785 1119 2861 εἶχον
1147 2789 1213 2845 ἂν
1249 2790 1579 2864 συγγνώμην
1611 2795 1704 2847 ἐπὶ
1734 2798 1800 2867 τῇ
1839 2814 1947 2850 πασ-

383 2873 596 2946 ραλόγῳ
624 2877 802 2931 αὐτῶν
845 2879 1057 2951 πράξει,
1087 2883 1186 2953 τῆς
1210 2883 1624 2956 αὐτομολήσεως
1654 2887 1874 2960 δηλαδὴ,
1911 2879 1946 2960 ἢ

380 2965 480 3036 τῆς
523 2969 650 3039 περὶ
686 2971 747 3024 τὸ
773 2970 1042 3026 διδάσκειν
1077 2972 1171 3027 καὶ
1212 2973 1487 3048 στηρίζειν
1530 2977 1655 3042 τοὺς
1687 2980 1948 3051 ἀδελφοὺς

384 3058 686 3130 ῥᾳθυμίαςδ
724 3063 773 3115 εί
825 3062 882 3115 δὲ
936 3064 1286 3123 πεπτώκασιν
1334 3071 1399 3123 ἐκ
1444 3072 1794 3143 περπερείας,
1829 3072 1947 3144 ήτοι

380 3147 715 3218 ἀλαζονείας,
747 3151 1008 3224 [τοιοῦτον
1029 3156 1136 3229 γάρ
1155 3160 1271 3212 ὲστι
1297 3159 1358 3213 τὸ
1379 3162 1786 3234 ητατολμῆσαι
1816 3179 1951 3235 προ-

380 3241 559 3306 πετῶς
588 3242 695 3296 τῶν
724 3244 972 3314 βασάνων
1004 3248 1098 3300 καὶ
1133 3248 1206 3319 μὴ
1237 3251 1515 3320 ἐμμεῖναι,
1552 3252 1646 3304 καὶ
1672 3251 1760 3306 διὰ
1792 3251 1952 3305 τοῦτο

380 3332 912 3410 ἑθριαμὸεὐθησανθ]
943 3340 1123 3393 οὐκέτι
1166 3340 1418 3397 δύνανται
1463 3344 1813 3415 λειτουργεῖν.
1858 3345 1948 3399 Διὸ

380 3426 809 3500 φροντιζέτωσαν
850 3431 1046 3501 μᾶλλον
1086 3433 1202 3497 πῶς
1246 3436 1585 3491 ὲκτελέσουσι
1628 3439 1725 3510 τὴν
1757 3438 1947 3509 ὁμολο-

375 3519 506 3586 γίαν
545 3520 602 3572 ὲν
645 3523 1129 3595 ταπεινοφροσύνῃ,
1185 3527 1521 3598 παυσάμενοι
1552 3530 1652 3598 τῆς
1698 3530 1806 3584 ἀπὸ
1853 3530 1946 3583 τοῦ

376 3607 563 3679 ζητεῖν
587 3609 686 3682 τὴν
714 3610 1053 3683 λειτουργίαν
1080 3615 1413 3681 κενοδοξίας·
1447 3620 1608 3689 ἀρκεῖ
1630 3619 1738 3692 γὰρ
1767 3622 1949 3685 αὐτοῖς

375 3702 413 3772 ή
447 3700 585 3772 μετά
609 3701 716 3755 τῶν
754 3704 957 3759 πιστῶν
990 3708 1242 3762 κοινωνία
1271 3709 1361 3764 διὰ
1399 3709 1492 3764 δύο
1534 3713 1792 3783 γινομένη
1827 3715 1948 3768 τινὰ

381 3792 519 3865 μετά
559 3795 877 3861 ἐπιστασίας
922 3799 1181 3869 ἀκριϐοῦς
1216 3803 1310 3856 καί⁵
1355 3802 1684 3875 οἰκονομίας.
1730 3805 1792 3859 Et
1839 3806 1948 3879 γὰρ

377 3883 619 3969 εῑταυμεν
647 3887 720 3959 μὴ
766 3886 910 3958 ἔχειν
955 3889 1150 3955 αὐτοὺς
1193 3896 1575 3959 κοινωνικούς,
1622 3896 1842 3961 τούτους
1886 3915 1948 3951 τε

376 3975 710 4060 λυπήσομεν,
739 3979 816 4043 ὡς
838 3980 1261 4054 ἀποφαινόμενοι
1292 3985 1430 4056 μετά
1462 3986 1603 4057 βίας,
1631 3990 1797 4060 ἤγουν
1830 3992 1949 4044 επι-

372 4058 771 4141 τετιμημένονς
795 4112 811 4135 ,
865 4073 1112 4129 ἐντεῦθεν
1178 4077 1440 4132 ἀναλῦσαι
1496 4058 1693 4143 αὐτούς
1717 4120 1732 4144 ,
1779 4083 1946 4152 ῆγουν

377 4160 667 4216 ἀποθανεῖν
689 4180 704 4193 ·
740 4164 833 4217 καὶ
861 4166 987 4230 τοὺς
1014 4166 1205 4232 ἄλλους
1237 4168 1294 4222 δὲ
1327 4171 1659 4236 ἐκπεσόντας
1696 4173 1825 4238 ἴσως
1856 4177 1949 4229 καὶ

380 4252 732 4325 βουλομένους
753 4257 1089 4330 ὑποστρέψαι
1120 4262 1202 4325 είς
1223 4262 1284 4315 τὸ
1305 4262 1532 4332 ἀγαθὸν,
1563 4264 1949 4338 ἐκλελυμένους

378 4345 517 4417 πρὸς
542 4346 701 4400 τοῦτο
727 4348 820 4401 καὶ
848 4350 1070 4420 ἀμελεῖς
1094 4354 1412 4425 ποιήσομεν,
1450 4357 1947 4428 προφασιζομένους

2052 1862 2155 1933 ipsi
2184 1862 2359 1917 labem
2399 1863 2600 1918 attulit.
2635 1863 2706 1919 Ut
2734 1873 2914 1920 autem
2970 1866 3153 1936 populi
3186 1867 3490 1923 doctrinam
3519 1884 3619 1923 nc-

2049 1952 2337 2022 gligerent,
2366 1961 2422 2007 et
2444 1968 2599 2008 suam
2636 1954 2925 2011 utilitatem
2960 1956 3301 2025 praeferrent,
3352 1971 3455 2013 nec
3487 1968 3625 2029 apoJ

2051 2046 2177 2102 stoli
2200 2046 2462 2103 fecerunt.
2486 2046 2714 2118 Magnus
2728 2049 2873 2104 enim
2888 2047 3112 2115 Paulus,
3137 2057 3425 2122 postquam
3447 2052 3620 2107 multa

2051 2145 2320 2193 tormenta
2368 2138 2650 2204 subiisset,
2707 2138 3021 2210 intelligens
3049 2140 3224 2197 multo
3247 2154 3371 2198 esse
3422 2141 3625 2197 melius

2049 2231 2216 2285 vitam
2246 2232 2577 2303 relinquere,
2602 2232 2797 2289 maluit
2814 2232 2999 2289 vivere
3028 2241 3083 2288 et
3113 2235 3355 2304 torqueri
3394 2238 3625 2305 propter

2050 2320 2282 2376 salutem
2312 2328 2366 2377 et
2395 2322 2696 2377 doctrinam
2722 2323 2929 2395 populi.
2988 2320 3165 2378 Seusu
3215 2339 3348 2395 ergo
3394 2324 3626 2378 omnino

2050 2416 2263 2477 carent,
2283 2413 2377 2483 qui
2408 2423 2599 2483 petunt
2630 2429 2851 2470 sacrum
2889 2414 3282 2478 ministerium,
3321 2428 3351 2468 a
3381 2430 3492 2486 quo
3517 2430 3623 2471 sua

2050 2513 2246 2574 sPonte
2275 2505 2611 2562 exciderunt.
2642 2505 2931 2575 Quomodo“
2956 2509 3103 2564 enim
3149 2509 3340 2578 petunt
3364 2506 3510 2579 quod
3534 2511 3624 2562 re:

2051 2595 2349 2665 liquerunt,
2382 2613 2507 2653 cum
2538 2599 2753 2669 possint
2777 2600 2833 2654 in
2855 2600 2960 2654 hac
2984 2605 3329 2669 tempestate,
3357 2613 3617 2670 persecu-

2050 2688 2215 2745 tionis
2243 2690 2472 2754 scilicet,
2507 2688 2771 2747 fratribus
2800 2707 2928 2748 esse
2949 2691 3159 2748 utiles?
3191 2689 3250 2746 Si
3275 2691 3462 2763 itaque
3505 2695 3623 2746 non’

2050 2781 2396 2849 cecidissent,
2432 2783 2631 2854 inquit,
2666 2784 2788 2855 ejus
2822 2784 2968 2854 quod
2996 2791 3197 2851 praeter
3241 2783 3506 2839 rationem
3534 2783 3606 2839 fe-

2050 2876 2276 2940 cissent,
2307 2875 2390 2933 eis
2422 2876 2648 2934 daretur
2663 2878 2847 2945 venia,
2873 2887 3189 2947 Spontaneze
3228 2874 3438 2930 scilicet
3453 2873 3620 2943 fugin}

2049 2967 2135 3021 vel
2166 2965 2224 3022 in
2251 2964 2516 3025 fratribus
2538 2966 2802 3023 docendis
2828 2975 2881 3022 et
2910 2964 3302 3021 conﬁrmandis
3331 2964 3614 3021 socordiae;

2052 3058 2149 3113 Sin
2177 3067 2355 3115 autem
2380 3065 2603 3130 propter
2618 3073 2774 3115 suam
2805 3059 3151 3116 insolentiam
3177 3067 3230 3114 et
3250 3058 3623 3131 arrogantiam

2052 3151 2194 3222 lapsi
2225 3160 2353 3207 sunt
2378 3152 2397 3221 (
2426 3153 2533 3207 tale
2570 3153 2716 3208 enim
2730 3161 2823 3208 est
2850 3168 2911 3208 sc
2942 3160 3145 3209 temere
3172 3153 3457 3209 tormentis
3481 3151 3622 3222 objis

2049 3258 2176 3301 cere
2197 3242 2417 3308 audere,
2447 3258 2550 3298 nec
2579 3258 2741 3314 posse
2759 3244 3016 3309 tolerare,
3042 3254 3097 3298 et
3125 3252 3411 3315 propterea
3439 3243 3508 3300 de
3535 3245 3626 3299 eis

2049 3334 2362 3404 triumphus
2390 3345 2546 3391 actus
2595 3332 2724 3405 est),
2768 3349 2878 3388 non
2933 3345 3165 3405 possunt
3200 3336 3436 3405 amplius
3459 3348 3617 3390 sacra

2049 3425 2353 3480 ministeria
2369 3425 2543 3482 obire.
2558 3424 2922 3493 Quamobrem
2945 3427 3118 3497 magis
3135 3437 3329 3483 curent
3345 3427 3627 3498 quomodo‘

2049 3516 2452 3572 confessionem
2480 3515 2533 3570 in
2570 3515 2878 3570 humilitate
2934 3524 3215 3587 peragant,
3277 3524 3559 3573 cessantes
3587 3526 3623 3571 a‘

2050 3623 2189 3663 vana
2217 3608 2390 3679 gloria
2433 3622 2649 3663 sacrum
2680 3607 3048 3663 ministerium
3102 3608 3321 3678 petendi
3355 3628 3369 3664 :
3424 3606 3623 3664 sufﬁcit

2048 3701 2195 3756 enim
2236 3701 2317 3756 eis
2350 3714 2475 3754 cum
2506 3698 2761 3754 fidelibus
2783 3699 3120 3763 communio,
3152 3715 3274 3770 quae
3307 3698 3368 3754 fit
3400 3707 3621 3771 propter

2049 3794 2180 3858 duo,
2211 3791 2458 3863 diligenti
2486 3791 2741 3846 cautione
2771 3802 3032 3862 rectoque
3057 3791 3312 3847 consilio.
3367 3789 3423 3846 Si
3475 3793 3625 3846 enim

2049 3886 2348 3942 dixerimus
2398 3901 2499 3941 nos
2547 3902 2643 3941 eos
2677 3900 2786 3940 non
2811 3885 3013 3941 habere
3036 3900 3137 3956 pro
3168 3884 3623 3939 communicanti-

2048 3980 2173 4045 bus,
2203 3987 2258 4034 et
2281 3993 2379 4033 eos
2405 3978 2657 4034 molestia
2686 3977 2986 4034 alliciemus
3007 3985 3265 4050 tanquam
3295 3977 3621 4033 sententiam

2052 4073 2311 4142 ferentes,
2340 4088 2458 4139 eos,
2495 4075 2567 4140 vi,
2607 4088 2704 4128 seu
2731 4073 3047 4137 mulctatos,
3077 4072 3208 4127 hinc
3245 4072 3490 4138 dissolvi,
3525 4088 3623 4128 seu

2050 4165 2225 4233 mori;
2255 4174 2310 4220 et
2338 4165 2477 4220 alios
2512 4178 2732 4236 quoque
2762 4164 2856 4234 qui
2915 4163 3150 4220 fortasse
3192 4164 3330 4234 lapsi
3380 4170 3536 4228 sunt,
3568 4160 3624 4218 et

2049 4258 2238 4314 volunt
2266 4256 2335 4312 ad
2365 4257 2512 4327 quod
2544 4257 2747 4311 bonum
2775 4266 2859 4311 est
2890 4254 3093 4320 redire,
3128 4255 3392 4311 remissos
3420 4252 3488 4310 ad
3518 4255 3623 4311 hoc

2048 4357 2103 4405 et
2122 4349 2456 4420 negligentes
2483 4346 2802 4414 efficiemus,
2837 4354 3129 4404 causantes
3150 4362 3210 4404 se
3239 4345 3488 4403 ﬁdelibus
3510 4361 3621 4402 non

375 4437 439 4491 τὸ
470 4438 544 4510 μὴ
572 4439 785 4509 μέλλειν
807 4439 1003 4506 αὐτοὺς
1030 4439 1175 4498 εἶναι
1202 4450 1550 4512 κοινωνικοὺς
1575 4451 1688 4513 τοῖς
1715 4454 1945 4516 πιστοῖς,

2051 4456 2175 4498 esse
2203 4439 2710 4496 communicaturos
2735 4478 2751 4502 ,
2796 4439 3013 4495 etiamsi
3061 4448 3186 4510 post
3215 4438 3427 4511 lapsum
3459 4438 3621 4496 ﬁdem

376 4527 480 4582 κᾶν
525 4529 897 4601 ὁμολογήσωσι
943 4534 1044 4606 τὴν
1092 4537 1274 4592 πίστιν
1318 4538 1454 4609 μετά
1501 4542 1602 4611 τὴν
1636 4541 1941 4597 ἔκπτωσιν·

374 4619 589 4685 οἵτινες,
622 4620 696 4692 μὴ
725 4613 1165 4694 δπιστρέφοντες,
1206 4628 1369 4683 πλέον
1396 4632 1653 4687 ἁπάντων
1692 4633 1778 4687 ἴνα
1808 4636 1948 4688 ὀνει-

374 4710 595 4766 δισθῶσι
613 4714 708 4766 καὶ
727 4713 1086 4785 αἱσχυνθῶσιι
1110 4719 1254 4775 καθὰ
1274 4720 1337 4792 (f.
1358 4721 1519 4793 κατὰ)
1532 4710 1622 4777 τδν
1643 4726 1944 4798 ποιήσαντα

377 4802 477 4872 μὲν
500 4801 752 4874 θεμέλιον
768 4844 781 4867 ,
814 4804 889 4878 μὴ
922 4805 1283 4880 πληρώσαντα
1307 4809 1602 4883 δὲοῖκημα.
1625 4813 1811 4886 Τούτῳ
1838 4815 1945 4887 γὰρ

373 4893 612 4978 ἐοίκασιν
647 4896 697 4948 oi
739 4896 874 4968 πρὸς
908 4897 1171 4969 βασάνους
1201 4902 1667 4975 αὐτομολήσαντες
1715 4909 1814 4978 μὲν
1857 4908 1942 4964 διὰ

374 4976 608 5056 Χριστὸν
648 4986 744 5040 καὶ
782 4987 945 5041 οἱονεὶ
977 4988 1140 5043 καλὸν
1189 4988 1405 5062 θέμενοι
1434 4976 1726 5063 θεμέλιον,
1745 4994 1820 5066 μὴ
1850 4995 1942 5048 δυ-

372 5076 625 5148 νηθέντες
652 5077 709 5131 δὲ
750 5078 1035 5134 τελειῶσαι
1064 5080 1123 5135 τὸ
1166 5081 1331 5137 καλὸν
1377 5084 1463 5139 διὰ
1511 5086 1610 5158 τὴν
1649 5085 1945 5140 ἔκπτωσιν,

373 5166 683 5240 Σημείωσαι
733 5166 861 5237 οὖν,
888 5173 971 5225 ὅτι
1013 5173 1133 5227 οὐδὲ
1180 5177 1219 5246 ή
1265 5174 1354 5229 διὰ
1409 5177 1642 5245 Χριστὸν
1685 5163 1950 5249 ὁμολογίαι

373 5258 712 5332 ἀποκαθιστᾷ
740 5262 833 5318 τὸν
872 5264 1019 5329 ἅπαξ
1062 5268 1128 5319 ἐκ
1169 5265 1264 5319 τοῦ
1298 5266 1501 5339 κλήρου
1537 5267 1951 5336 ἀποξενωθένται

372 5349 461 5406 διὰ
489 5353 588 5425 τὴν
616 5353 908 5410 ἔκπτωσιν.

446 5519 471 5547 ⁸
503 5506 635 5563 Luc.
668 5508 885 5576 nv,29,
918 5510 1011 5566 50.1

2049 4531 2290 4591 confessi
2319 4533 2558 4589 fuerint:
2587 4534 2681 4605 qui
2713 4534 2758 4589 si
2783 4548 2893 4588 non
2922 4537 3330 4598 convertantur,
3354 4530 3477 4602 plus
3494 4545 3622 4603 pro-

2048 4627 2137 4683 bri
2167 4636 2223 4684 et
2253 4626 2568 4699 ignominia
2589 4638 2754 4696 quam
2767 4633 2962 4681 omnes
2975 4624 3341 4696 susceperint,
3356 4621 3619 4696 quemad-

2049 4719 2273 4777 modum
2299 4727 2355 4775 et
2382 4719 2475 4789 qui
2503 4716 2634 4775 fecit
2662 4716 3102 4781 fundamentum,
3162 4715 3385 4770 domum
3437 4723 3618 4771 autem

2050 4827 2160 4867 non
2186 4810 2429 4882 perfecit.
2451 4807 2513 4864 Ei
2535 4808 2683 4866 enim
2715 4812 2848 4864 sunt
2872 4807 3101 4872 similes,
3129 4806 3226 4878 Qui
3247 4806 3313 4861 ad
3349 4813 3621 4862 termenta

2048 4903 2271 4973 quidem
2313 4911 2535 4971 propter
2587 4894 2868 4956 Christum
2921 4897 3306 4968 confugerunt,
3355 4904 3410 4952 et
3452 4897 3620 4953 veluti

2051 4993 2278 5063 pulchro
2301 4992 2450 5062 ja‘cto
2498 4990 2875 5056 fundamento,
2911 4989 2965 5044 id
2992 4987 3138 5060 quod
3189 4987 3478 5043 honestum
3512 4996 3616 5046 est.

2050 5083 2311 5154 perﬁcere
2332 5088 2555 5154 propter
2582 5083 2796 5152 lapsum
2821 5087 2931 5134 non
2964 5086 3282 5151 potuerunt.
3309 5077 3445 5134 Nota
3464 5089 3616 5147 ergo,

2050 5172 2199 5244 quod
2234 5186 2305 5228 ne
2348 5169 2625 5227 confessio
2658 5169 2876 5242 quidem
2901 5175 3124 5241 propter
3149 5169 3429 5226 Christum
3460 5170 3620 5225 resti-

2051 5272 2155 5320 tuit
2180 5278 2326 5331 eum,
2350 5263 2446 5336 qui
2469 5261 2644 5319 semel
2671 5272 2707 5317 α
2742 5261 2891 5317 eiero
2924 5260 3264 5319 abalienata:
3292 5267 3375 5320 est
3396 5266 3620 5332 propter

2048 5360 2291 5430 lapsum;

1678 5626 1906 5686 VARHE
1941 5620 2343 5686 LECTIONES.

478 5742 523 5773 ”
557 5741 803 5799 τέθεικεί»

738 5840 1011 5901 Parum.
1055 5841 1169 5907 Gn.
1223 5827 1454 5901 Xl’lll.

3176 5835 3253 5899 16
