4132 6436
481 338 577 393 491

1477 339 1534 396 S.
1577 341 1782 398 PETRI
1823 341 2296 401 ALEXANDR'NI
2336 345 2644 402 EPISCOP!

3627 354 3736 410 49⁸1

549 454 754 512 Zona.
789 455 862 511 De
893 455 962 510 iis
986 457 1079 526 qui
1113 473 1172 512 se
1199 457 1342 513 ultro
1361 459 1610 530 martyrii
1635 460 1926 516 certamini
1953 463 2031 517 ob

2226 463 2468 518 ΖΩΝΑΡ.
2510 465 2648 537 Περὶ
2689 465 3172 538 αὐτομολησάντων
3215 468 3296 532 είς
3340 467 3434 521 τὸν
3465 467 3558 522 τοῦ
3594 485 3737 542 μαρ-

474 549 723 620 iecerunt
751 549 967 603 locutus
993 547 1176 615 Pater,
1229 566 1378 605 nunc
1422 551 1489 606 de
1521 553 1742 608 clericis
1788 554 1882 624 qui
1911 554 2052 609 idem

477 640 722 696 fecerunt
742 640 1043 696 oralionem
1063 641 1302 696 instituit
1328 663 1342 698 :
1375 651 1538 714 atque
1569 645 1828 700 clericum
1860 645 1906 700 si
1927 647 2053 716 quis

474 750 534 790 se
562 734 708 788 ultro
760 733 989 799 dedidit,
1038 750 1162 790 mox
1207 735 1319 788 vim
1370 743 1773 792 tormentorum
1829 739 2054 793 minime

472 825 754 896 perferens
780 826 969 896 lapsus
1003 834 1108 888 est,
1143 841 1206 881 ac
1237 843 1459 881 rursum
1479 844 1538 884 se
1572 829 1752 898 ipsum
1785 828 2050 900 colligens

473 918 653 974 denuo
683 933 744 972 se
768 917 835 971 ad
868 926 1146 974 certamen
1171 919 1366 982 erexit,
1389 934 1454 974 ac
1483 936 1543 974 se
1557 919 1930 976 Christianum
1957 935 2054 976 co-

472 1028 592 1068 ram
615 1009 864 1083 tyrannis
895 1017 980 1066 est
1003 1009 1304 1081 professus,
1339 1025 1446 1064 non
1479 1026 1602 1066 esse
1636 1011 1906 1082 ejusmodi
1954 1011 2053 1066 bo-

472 1104 674 1158 minem
715 1101 782 1156 ad
815 1116 972 1156 sacra
1005 1101 1308 1157 ministeria
1339 1101 1576 1172 amplius
1627 1100 2045 1157 admittendum.

471 1198 816 1266 Causamque
839 1195 1122 1264 subjungit
1152 1214 1165 1250 :
1220 1193 1346 1264 quia
1380 1194 1642 1248 nimirum
1679 1193 1894 1249 Domini
1926 1210 2050 1266 gre-

469 1306 589 1359 gem
615 1290 874 1354 deseruit,
907 1305 969 1343 ac
1000 1305 1066 1344 ex
1107 1305 1171 1344 eo
1200 1289 1346 1358 quod
1396 1295 1594 1359 sponte
1629 1303 1689 1344 se
1719 1287 1922 1357 obiecit
1952 1287 2050 1342 bo-

470 1382 670 1448 stibus,
707 1397 884 1452 neque
933 1387 1254 1436 constanter
1300 1387 1574 1436 tormenta
1603 1379 1852 1450 pertulit,
1893 1379 2050 1451 igno-

468 1473 694 1529 miniam
725 1473 826 1528 sibi
850 1472 952 1542 ipsi
978 1472 1308 1528 conciliavit.
1350 1471 1419 1526 Ut
1444 1479 1626 1527 autem
1651 1473 1838 1544 populi
1883 1472 2046 1528 insti-

469 1566 734 1621 tutionem
755 1571 1191 1631 contemnerent,
1226 1565 1802 1634 suamqueutilitatem
1831 1565 2046 1620 caeteris

467 1659 723 1715 omnibus
751 1656 1108 1721 anteferrent,
1140 1671 1211 1712 ne
1244 1657 1477 1728 apostoli
1505 1657 1724 1727 quidem
1776 1655 2040 1714 fecerunt.

466 1755 696 1826 Magnus
743 1767 978 1822 namque
1027 1749 1254 1818 Paulus,
1313 1766 1438 1806 cum
1489 1751 1692 1807 nmltos
1728 1753 2043 1822 pertulisset

2154 556 2340 626 τυρίου
2393 555 2578 626 ἀγῶνα
2598 598 2612 621 ,
2665 557 2962 628 διαλεχθεὶς
2991 560 3020 611 ὁ
3073 559 3296 632 Πατὴρ,
3339 559 3433 615 νῦν
3479 560 3736 634 καὶπερὶ

2156 646 2433 718 κληρικῶν
2482 647 2738 701 τοιούτων
2770 648 2860 701 τὸν
2906 649 3063 718 λόγον
3097 653 3330 704 ποιεῖται
3351 667 3364 681 °
3405 651 3500 705 καί
3545 667 3732 722 φησιν,

2153 735 2250 800 ὡς,
2287 739 2334 790 εἰ
2374 736 2632 810 κληρικδς
2671 739 3061 810 ηὐτομόλησεν,
3113 737 3232 794 εἶτα
3271 741 3345 812 μὴ
3395 742 3603 811 στέγων
3634 741 3734 806 τὰς

2152 826 2424 897 τιμωρίας
2451 827 2796 892 ἑκπέπτωκε,
2823 829 2917 882 καὶ
2945 825 3098 893 αὖθις
3126 831 3207 893 είς
3230 831 3422 884 ἑαυτὸν
3445 831 3733 904 γενόμενος

2153 917 2483 971 ἁνεπάλαισε
2498 918 2596 989 τὴν
2622 919 2829 973 οἰκείαν
2847 919 3074 984 πτῶσιν,
3093 920 3188 973 καὶ
3204 921 3526 990 Χριστιανὸν
3541 920 3733 974 ἑαυτὸν

2151 1009 2500 1082 ὡμολόγησεν
2520 1010 2750 1064 ἐνώπιον
2770 1010 2878 1064 τῶν
2905 1012 3204 1083 τυράννων.
3227 1015 3256 1066 ὁ
3281 1011 3524 1076 τοιοῦτος
3549 1013 3735 1067 οὐκέτι

2151 1102 2208 1154 ἐν
2236 1105 2300 1173 τῇ
2328 1101 2639 1175 λειτουργίᾳ
2676 1102 2848 1158 ἔσται.
2876 1105 2986 1158 Καὶ
3027 1105 3126 1176 τὴν
3156 1104 3334 1158 αἰτίαν
3361 1105 3558 1173 ἐπάγει
3577 1121 3592 1136 °
3637 1105 3732 1177 ῆδε

2150 1193 2297 1248 ἐστίν
2316 1211 2330 1225 ο
2361 1195 2443 1249 ὄτι
2471 1196 2731 1249 κατέλιπε
2762 1197 2823 1250 τὸ
2853 1197 3102 1268 ποίμνιον
3137 1197 3231 1251 τοῦ
3261 1199 3487 1270 Κυρίου,
3526 1199 3621 1252 καὶ
3643 1199 3738 1252 διὰ.

2148 1287 2210 1342 τὸ
2241 1288 2613 1360 αὐτομολῆσαι
2653 1290 2748 1344 καὶ
2784 1290 2858 1362 μὴ
2911 1291 3248 1362 καρτερῆσαι
3299 1289 3397 1354 τὰς
3428 1289 3730 1361 βασάνους,

2151 1379 2344 1451 μῶμον
2378 1383 2749 1454 προσήνεγκεν
2775 1381 2968 1453 ἑαυτῷ.
3000 1381 3072 1435 Τὸ
3107 1382 3163 1436 δὲ
3193 1383 3604 1454 καταφρονῆσαι
3631 1383 3732 1454 τῆς

2146 1471 2496 1540 διδασκαλίας
2521 1475 2616 1528 τοῦ
2649 1475 2798 1541 λαοῦ,
2835 1477 2930 1530 καὶ
2961 1475 3398 1548 προτιμήσασθαι
3424 1475 3486 1528 τὸ
3518 1477 3733 1540 ἑαυτοῖς

2149 1566 2447 1638 συμφέρον,
2495 1567 2614 1621 οὐδὲ
2663 1569 2714 1620 οἱ
2766 1567 3050 1621 ἀπόστολοι
3094 1569 3480 1640 πεποιήκασιν.
3515 1568 3575 1620 'U
3622 1567 3732 1640 γὰρ

2150 1657 2322 1727 μέγας
2355 1657 2589 1722 Παῦλος,
2621 1659 2856 1735 μετὰτὺ
2885 1659 3085 1723 πολλὰς
3115 1659 3380 1730 βασάνους
3420 1662 3729 1732 ὑπομεῖναι,

2147 1751 2492 1821 κατανοήσας
2521 1755 2765 1824 κρεῖττον
2799 1749 2938 1806 εἶναι
2966 1754 3056 1806 τὸν
3093 1753 3206 1824 βίον
3237 1752 3547 1819 ἀπολιπεῖν,
3597 1770 3731 1826 προ-

463 1845 764 1909 cruciatus,
791 1843 1128 1912 sentiretque
1154 1842 1348 1898 utilius
1381 1857 1505 1898 esse
1535 1842 1641 1897 sibi
1675 1843 1842 1898 vitam
1874 1843 2031 1900 relin-

2149 1845 2447 1916 ετιμήσατο
2477 1845 2575 1916 ζῇν
2620 1847 2712 1900 καὶ
2761 1845 3148 1916 βασανίζεσθαι
3179 1844 3268 1899 διὰ
3311 1844 3408 1917 τὴν
3457 1845 3730 1917 σωτηρίαν

463 1954 654 2011 quere,
683 1945 744 1992 ut
769 1937 954 2008 populi
987 1935 1150 1990 saluti
1204 1950 1268 1990 ae
1321 1935 1656 1991 institutioni
1709 1937 2042 2002 consuleret,

414 2029 428 2043 '
459 2031 626 2087 vitam
680 2029 784 2085 sibi
825 2043 889 2102 ac
930 2034 1200 2084 tormenta
1241 2027 1455 2098 potiora
1490 2026 1669 2082 duxit.
1721 2025 1960 2083 Promde
1990 2036 2047 2084 et

462 2120 894 2179 sensusomnino
924 2127 1285 2190 experteseos
1313 2119 1675 2184 demonstrat,
1699 2120 1793 2190 qui
1821 2135 2042 2176 sacrum

463 2211 568 2269 sibi
597 2209 968 2266 ministerium
996 2207 1321 2278 deposcunt,
1350 2223 1381 2262 a
1414 2223 1525 2278 quo
1549 2210 1796 2265 volentes
1826 2209 2045 2280 ipsimet

460 2304 800 2362 exciderunt.
834 2300 972 2355 Nam
1004 2315 1114 2370 quo
1146 2301 1329 2364 modo,
1387 2300 1604 2372 inquit,
1652 2301 1705 2356 id
1739 2303 2038 2372 postulant,

459 2397 606 2470 quod
663 2395 957 2466 reliquere,
983 2409 1108 2449 cum
1127 2391 1397 2463 ejusmodi
1423 2401 1686 2464 tempore,
1703 2394 2043 2450 excitaueri-

459 2490 654 2546 :lelicet
669 2487 1085 2559 persecutionis,
1099 2500 1296 2558 magno
1312 2485 1572 2542 fratribus
1588 2485 1672 2556 adj
1683 2494 1903 2542 umento
1916 2500 2041 2543 esse

459 2583 726 2656 possent?
753 2581 1008 2649 Quandiu
1041 2582 1206 2654 igitur
1232 2595 1262 2635 a
1293 2581 1449 2653 lapsu
1480 2581 1754 2638 immunes
1779 2581 2036 2646 fuissent,

456 2676 668 2732 veniam
693 2675 1060 2732 obtinuissent
1089 2673 1324 2729 actionis
1377 2681 1584 2729 temere
1631 2682 1923 2744 susceptae,
1975 2689 2036 2731 se

455 2769 712 2823 nimirum
739 2765 1072 2823 adversariis
1085 2765 1231 2820 ultro
1261 2763 1548 2828 oﬂerendi,
1581 2765 1668 2820 vel
1699 2764 1754 2819 in
1771 2764 2034 2820 erudien—

453 2862 538 2918 dis
572 2861 836 2917 fratribus
854 2858 1138 2916 socordiae.
1157 2857 1294 2912 Cum
1326 2870 1458 2912 vero
1485 2855 1805 2921 ceciderint,
1831 2857 2034 2927 quippe

453 2953 548 3024 qui
572 2967 855 3024 perperam
871 2950 1098 3022 egerint,
1131 2962 1290 3004 sacra
1305 2946 1610 3002 ministeria
1627 2946 1780 3002 obire
1796 2947 2032 3017 amplius

451 3045 597 3103 haud
654 3044 1066 3118 permittuntur.
1105 3041 1164 3098 Si
1201 3055 1352 3112 ergo,
1392 3039 1590 3111 inquit,
1626 3038 1851 3094 minime
1885 3037 2031 3093 ceci-

2148 1935 2242 1988 καὶ
2281 1935 2628 1990 διδασκαλίαν
2671 1936 2764 1989 τοῦ
2799 1937 2946 1990 λαοῦ.
2985 1935 3092 2000 Οὓς
3139 1935 3234 1990 καὶ
3280 1935 3422 1990 πάνυ
3469 1934 3730 2008 ἀναισθη-

2145 2045 2273 2092 τους
2326 2029 2682 2098 ἀποφαίνεται
2708 2068 2722 2090 ,
2762 2028 3048 2094 αἰτοῦντας
3091 2027 3190 2100 τὴν
3237 2027 3610 2100 λειτουργίαν,
3659 2025 3728 2102 ἦς

2145 2119 2421 2174 ἐθελονταὶ
2449 2121 2864 2176 ἐκπεπτώκασι.
2901 2121 3027 2185 Πῶς
3051 2121 3178 2192 γὰρ,
3209 2122 3396 2192 φησὶν,
3427 2121 3670 2175 αἰτοῦσιν
3697 2121 3728 2174 ὃ

2144 2212 2454 2276 κατέλιπον,
2501 2213 2790 2284 δυνάμενοι
2817 2216 2928 2278 τοῖς
2965 2212 3211 2283 ἀδελφοῖς
3252 2211 3540 2284 εῦχρηστοι
3586 2209 3727 2268 εἶναι

2141 2305 2200 2356 ἑν
2232 2303 2408 2375 καιρῷ
2447 2304 2700 2376 τοιούτῳ,
2747 2303 2986 2376 διωγμοῦ
3031 2305 3270 2376 δηλαδής
3303 2306 3449 2368 Ἕως
3492 2308 3589 2376 μὲν
3632 2302 3728 2361 οὖν

2141 2395 2428 2450 ἄπταιστοι
2461 2391 2622 2468 ἦσαν,
2657 2395 2986 2468 συγγνώμην
3019 2395 3162 2470 εἶχον
3195 2399 3293 2452 ἐπὶ
3320 2401 3383 2470 τῇ
3430 2397 3730 2470 παραλόγῳ

2140 2488 2321 2542 αὐτῶν
2365 2489 2583 2560 πράξει,
2627 2492 2694 2560 τῇ
2732 2490 3090 2562 αὐτομολήσει
3135 2489 3353 2562 δηλαδὴ,
3397 2492 3430 2563 ἢ
3476 2494 3540 2562 τῇ
3595 2495 3725 2561 περὶ

2137 2579 2199 2634 τὸ
2235 2581 2504 2636 διδάσκειν
2541 2581 2671 2645 τοὺς
2703 2581 2964 2652 ἀδελφοὺς
2998 2583 3272 2655 ρᾳθυμίᾳο
3318 2582 3408 2635 ὅτε
3434 2582 3490 2634 δὲ
3536 2581 3727 2635 ἔπται-

2139 2691 2260 2738 σαν,
2299 2673 2374 2738 ὠς
2407 2674 2472 2728 ἂν
2521 2678 3054 2748 περπερευσάμενοι,
3095 2675 3278 2730 οὐκέτι
3319 2674 3575 2728 δύνανται
3617 2674 3726 2727 λει-

2137 2769 2404 2838 τουργεῖν.
2449 2769 2512 2821 Εί
2549 2756 2647 2840 μὲν
2686 2766 2785 2823 οὖν
2819 2770 2880 2822 οὐ
2929 2767 3278 2832 πεπτώκασι,
3333 2767 3531 2838 φησιν,
3577 2761 3724 2837 εἶχεν

2136 2859 2204 2914 ἂν
2257 2859 2586 2931 συγγνώμην
2645 2862 2738 2914 ἐπὶ
2781 2863 2846 2932 τῇ
2900 2860 3220 2933 παραλόγως
3257 2859 3440 2913 αὐτῶν
3487 2857 3716 2932 πράξειν

2137 2951 2444 3023 παράλογον
2479 2952 2678 3025 πρᾶξιν
2723 2953 2783 3006 ού
2813 2952 2875 3006 τὸ
2912 2953 3278 3024 αὐτομολῆσαι
3315 2953 3474 3023 μόνον
3516 2951 3716 3016 καλῶν,

2135 3046 2271 3100 ἀλλὰ
2310 3045 2508 3118 μᾶλλον
2540 3047 2602 3100 τὸ
2633 3047 2951 3100 καταλιπεῖν
2981 3047 3043 3100 τὸ
3081 3047 3330 3118 ποίμνιον
3355 3045 3450 3100 τοῦ
3486 3046 3716 3119 Κυρίου,

451 3141 684 3204 dissent,
716 3137 930 3193 veniam
956 3137 1343 3206 impetrassent
1368 3134 1443 3188 'ob
1471 3135 1720 3204 ipsorum
1755 3145 1785 3185 a
1818 3132 2031 3186 ratione

2136 3139 2230 3192 καὶ
2257 3137 2332 3210 μὴ
2377 3139 2719 3210 παραμένειν
2755 3139 2902 3210 αὐτῷ
2937 3141 3030 3193 καὶ
3081 3139 3355 3210 στηρίζειν
3399 3139 3524 3202 τοὺς
3563 3137 3720 3192 ἀδελ-

447 3233 681 3288 alienam
715 3230 981 3285 actionem
1007 3246 1023 3296 ;
1069 3227 1340 3284 actionem
1371 3241 1402 3280 a
1432 3226 1644 3280 ratione
1673 3223 1904 3278 alienam
1935 3238 2030 3279 vo-

445 3344 601 3394 cans,
635 3342 748 3383 nou
782 3325 958 3381 solum
990 3321 1135 3394 quod
1167 3337 1228 3378 se
1256 3319 1512 3376 hostibus
1541 3317 1874 3382 dediderint,
1933 3316 2028 3373 sed

443 3421 626 3492 potius
653 3416 801 3492 quod
829 3416 1172 3473 deseruerint
1199 3427 1420 3486 gregem
1443 3411 1681 3473 Domini,
1719 3424 1823 3466 nec
1846 3409 2024 3480 ipsum

445 3512 824 3579 eustodierint,
857 3525 921 3566 ac
957 3509 1156 3565 fratres
1183 3508 1277 3579 qui
1326 3505 1728 3576 persecutionis
1781 3513 2028 3572 tempore

448 3607 786 3663 vexabantur
805 3603 1206 3660 confirmarint.
1245 3599 1304 3656 Si
1333 3616 1464 3656 vero
1495 3599 1817 3655 ceciderunt
1851 3613 1918 3652 ex
1961 3611 2028 3652 eo

442 3701 586 3774 quod
610 3719 668 3758 se
699 3717 983 3773 perperam
1022 3699 1316 3770 gesserint,
1360 3697 1674 3769 superbiam
1705 3696 1818 3761 hic,
1852 3702 1906 3752 et
1937 3711 2024 3750 ar-

441 3795 782 3866 rogantiam;
832 3793 930 3864 τὴν
961 3791 1296 3862 περπερείαν
1347 3804 1573 3855 vocans,
1600 3787 1744 3859 quod
1773 3803 1836 3842 ex
1871 3801 2026 3840 arro—

441 3887 628 3960 gantia
660 3885 912 3940 ﬁduciam
939 3885 992 3939 in
1028 3900 1087 3940 se
1125 3885 1262 3954 ipsis
1297 3898 1526 3953 posuere
1551 3923 1565 3947 ,
1621 3881 2022 3938 dissolverunt-

440 3995 548 4051 que
579 3986 878 4044 certamen,
909 3993 978 4032 ac
1008 3993 1068 4032 se
1120 3977 1272 4046 ipsos
1303 3976 1684 4046 vituperarunt
1715 3991 1732 4041 ;
1781 3973 1887 4027 hoc
1913 3979 2020 4034 est,

441 4073 548 4130 sibi
571 4071 704 4142 ipsis
740 4071 1008 4126 maculam
1041 4071 1114 4125 ob
1141 4071 1354 4142 lapsum
1395 4071 1743 4131 inusserunt,
1775 4067 1828 4121 in
1863 4080 2022 4122 sacro

440 4164 747 4222 ministerio
780 4161 986 4220 versari
1033 4162 1166 4232 ipsis
1217 4160 1452 4231 amplius
1503 4158 1648 4214 haud
1697 4159 1843 4214 licet.
1879 4156 2020 4212 Pro-

440 4266 623 4330 pterea
648 4257 924 4323 studeant,
951 4255 1148 4324 inquit,
1175 4253 1358 4324 potius
1382 4253 1437 4308 in
1467 4252 1774 4308 humilitate
1800 4250 2018 4306 confes-

437 4349 646 4403 sionem
673 4359 954 4416 peragere,
975 4351 1258 4400 cessantes
1279 4343 1533 4399 videlicet
1555 4343 1623 4398 al)
1645 4344 1792 4398 inani
1816 4342 2016 4413 gloria.

435 4437 592 4505 Quod
637 4437 783 4492 enim
835 4449 994 4492 sacro
1036 4434 1343 4490 ministerio
1389 4432 1591 4489 ascribi
1631 4435 1931 4506 postulent,
1985 4446 2017 4486 a

2133 3232 2267 3300 φοὺς
2308 3231 2695 3303 κλονουμένους
2723 3234 2780 3286 ἑν
2807 3231 2887 3302 τῷ
2918 3231 3098 3304 καιρῷ
3128 3230 3222 3285 τοῦ
3261 3231 3520 3302 διωγμοῦ.
3561 3231 3625 3284 Εἰ
3655 3230 3716 3286 δὲ

2133 3324 2484 3379 πεπτώκασιν
2513 3327 2577 3379 ἐκ
2613 3325 2948 3398 περπερείας
2971 3363 2985 3389 ,
3023 3325 3354 3397 περπερείαν
3396 3323 3440 3376 δ’
3481 3322 3716 3377 ἐνταῦθα

2128 3419 2226 3490 τὴν
2273 3417 2448 3489 οἴησιν
2500 3419 2594 3472 καὶ
2647 3417 2744 3489 τὴν
2791 3416 3106 3482 ἀλαζονείαν
3148 3416 3336 3470 καλεῖ·
3370 3416 3451 3470 ὅτι
3491 3414 3550 3481 ἑξ
3583 3414 3716 3467 ἀλα-

2129 3510 2339 3576 ζονείας
2372 3511 2683 3583 ἐθάρρησαν
2709 3511 2939 3574 ἑαυτοῖς,
2973 3510 3066 3562 καὶ
3096 3509 3187 3562 τὸν
3221 3509 3406 3576 ἀγῶνα
3438 3507 3714 3562 ύπέλυσαν

2128 3603 2221 3656 καὶ
2252 3604 2478 3666 ἑαυτοὺς
2503 3603 2885 3675 ἑμωμήσαντο,
2927 3602 3046 3654 ἀντὶ
3085 3599 3202 3664 τοῦ,
3245 3599 3333 3654 διὰ
3364 3599 3464 3671 τὴν
3506 3597 3714 3653 πτῶσιν

2131 3696 2321 3768 μῶμον
2350 3699 2656 3768 ἐπήνεγκαν
2686 3697 2929 3759 ἑαυτοῖς,
2963 3694 3146 3747 οὐκέτι
3183 3693 3439 3747 δύνανται
3469 3693 3712 3764 λειτουρ-

2125 3793 2262 3858 γεῖν.
2297 3790 2389 3844 Διὸ
2431 3786 2884 3861 φροντιζέτωσαν,
2920 3787 3088 3856 λέγει,
3135 3785 3332 3858 μᾶλλον
3367 3786 3424 3837 ἑν
3455 3801 3718 3838 ταπεινο-⁵

2126 3881 2365 3955 φροσύνῃ
2388 3922 2403 3948 ,
2457 3881 2574 3946 πῶς
2615 3881 2957 3936 ὲκτελέσουσι
3004 3879 3104 3950 τὴν
3135 3876 3455 3948 ὁμολογίαν,
3507 3875 3707 3948 δηλαδὴ

2125 3973 2460 4043 παυσάμενοι
2514 3972 2612 4043 τῆς
2681 3968 3004 4035 κενοδοξίας.
3063 3969 3137 4022 Τὸ
3205 3966 3312 4039 γὰρ
3361 3965 3707 4037 λειτουργίαν

2123 4064 2326 4137 ζητεῖν,
2379 4063 2465 4118 διὰ
2510 4063 2845 4130 κενοδοξίαν,
2901 4062 3067 4132 φησὶ,
3102 4061 3328 4130 γίνεται.
3367 4061 3550 4130 Ἀρκεί
3595 4057 3706 4130 γὰρ

2122 4155 2305 4220 αὐτοῖς
2344 4156 2376 4226 ἡ
2421 4153 2675 4208 κοινωνία
2702 4193 2716 4216 ,
2767 4154 2932 4221 ἤγουν
2978 4151 3040 4205 τὸ
3095 4151 3475 4220 συγκοινωνεῖν
3520 4149 3705 4211 αὐτοῖς

2119 4247 2247 4311 τοὺς
2280 4247 2538 4310 πιστοὺς,
2579 4246 2698 4315 ἦτοι
2745 4243 3132 4315 συνεύχεσθαι,
3179 4244 3212 4314 ἢ
3249 4244 3341 4296 καὶ
3381 4241 3489 4295 τῶν
3541 4241 3705 4294 Θείων

2123 4339 2438 4411 μυστηρίων
2492 4336 2810 4409 μετάληψις.
2859 4333 3192 4389 Καὶ-ταῦτα
3226 4333 3341 4404 μετ’
3382 4331 3704 4394 ἐπιστασίας

2121 4432 2215 4485 καὶ
2235 4429 2518 4502 ἀκριϐείας
2540 4429 2824 4500 γενόμενα,
2847 4428 2945 4481 καὶ
2964 4427 3050 4480 ἵνα
3176 4426 3366 4492 δόξωσι
3389 4422 3700 4484 λυπεῖσθαι,

432 4531 619 4590 studio
643 4529 957 4585 ambitionis
989 4526 1378 4598 proﬁciscitur.
1405 4519 2016 4591 Sulﬁcitnamqueipsis

2135 4522 2262 4591 αετά
2289 4523 2411 4593 βίας
2441 4522 2925 4594 περιδρασσόμενοι
2952 4521 3051 4590 τῆς
3093 4518 3340 4572 ἐντεῦθεν
3367 4517 3699 4578 ἀναλύσεως,

431 4622 770 4689 communio,
793 4629 851 4676 ut
884 4636 1006 4676 cum
1030 4619 1166 4690 ipsis
1190 4617 1454 4674 nimirum
1485 4616 1672 4672 fideles
1705 4617 2014 4669 communi-

431 4724 578 4784 cent,
609 4730 675 4772 ac
703 4731 808 4770 una
837 4720 1127 4786 precentur
1146 4752 1161 4778 ,
1211 4711 1299 4768 vel
1315 4719 1599 4764 sacrorum
1625 4704 2009 4775 mysteriorum

432 4809 731 4882 perceptio.
763 4811 944 4878 Atque
975 4807 1090 4860 haec
1117 4805 1337 4876 quidem
1390 4810 1545 4860 certo
1575 4802 1812 4860 consilio
1840 4802 2009 4857 sedu-

433 4905 593 4975 laque
621 4899 1101 4957 administratione
1129 4898 1265 4952 fiunt
1285 4939 1299 4963 ,
1331 4903 1447 4951 tum
1477 4912 1546 4952 ne
1572 4895 1863 4951 videantur
1890 4910 2010 4949 mo-

433 4995 586 5052 lestia
641 4991 812 5054 allici,
852 4990 978 5044 hinc
1023 4989 1440 5044 dissolutionem
1481 4989 1605 5044 vita:
1641 4989 2008 5058 arripientes,

429 5100 499 5140 ne
526 5083 736 5139 scilicet
767 5079 1041 5144 molestia,
1072 5079 1269 5148 inquit,
1322 5077 1498 5134 allecti
1522 5119 1536 5143 ,
1571 5077 1840 5133 decedant
1893 5077 2009 5131 sol-

429 5187 638 5242 Ventes,
670 5191 699 5231 a
722 5189 954 5247 corpore
973 5171 1225 5228 videlicet
1259 5171 1638 5232 abscedentes.
1677 5170 1748 5225 ob
1774 5169 1881 5224 vim
1899 5179 2012 5224 tor-

428 5281 760 5334 mentorum,
815 5266 1339 5335 amictationumqne
1375 5279 1513 5334 quas
1562 5263 1616 5317 in
1667 5276 1887 5318 carcere
1912 5276 2008 5330 pa-

427 5361 666 5427 tiuntur;
719 5373 784 5414 ac
809 5373 878 5412 ne
903 5358 996 5428 qui
1025 5357 1438 5413 excusationem
1464 5352 1758 5425 prmfcrant
1789 5353 2008 5407 mulctze

2120 4617 2213 4669 καὶ
2255 4615 2341 4668 ἵνα
2371 4613 2444 4687 μὴ
2478 4613 2836 4684 λυπούμενοι,
2885 4612 3047 4683 φησὶν
3069 4652 3083 4675 ,
3114 4609 3422 4664 ἀπέλθωσιν
3451 4605 3702 4660 ἐντεῦθεν

2119 4709 2460 4774 ἀναλύοντες,
2490 4708 2709 4762 ἀπὸτοῦ
2745 4707 2994 4778 σώματος
3039 4703 3278 4776 δηλονότι
3329 4701 3700 4772 ἐξερχόμενοι,

2121 4802 2260 4874 μετὰ
2307 4803 2428 4874 βίας
2459 4803 2559 4874 τῆς
2607 4803 2671 4856 ἐκ
2712 4801 2817 4854 τῶν
2863 4799 3138 4854 κολάσεων
3189 4799 3282 4852 καὶ
3319 4797 3418 4864 τῆς
3468 4797 3524 4848 ὲν
3578 4797 3700 4855 ταῖς

2116 4899 2359 4967 εἱρκταῖς
2409 4895 2808 4960 κακοπαθείαςο
2855 4895 2949 4948 καὶ
2991 4895 3078 4948 ἵνα
3127 4894 3202 4964 μή
3235 4907 3378 4952 τινες
3425 4887 3700 4960 πρόφασιν

2117 4988 2286 5060 σχῶσι
2310 4988 2404 5042 τοῦ
2433 4987 2720 5059 ἐκλυθῆναι
2753 4987 2848 5042 καὶ
2873 4985 3214 5059 χαυνωθῆναι
3241 4983 3374 5056 πρὸς
3393 4981 3483 5034 τὸν
3508 4977 3699 5047 ἀγῶνα

2112 5081 2213 5151 τῆς
2236 5081 2555 5152 ὁμολογίας,
2597 5081 2689 5133 καὶ
2735 5077 2823 5132 διὰ
2859 5077 3017 5131 τοῦτο
3047 5077 3300 5130 ἑκπεσεῖν
3323 5113 3336 5136 ,
3374 5071 3472 5142 τὴν
3523 5068 3694 5122 ὲπιτί-

2117 5189 2300 5245 μησιν.
2339 5173 2548 5236 Οίτινες
2603 5171 2802 5241 μᾶλλον
2845 5169 3314 5240 αἱσχυνθήσονται,
3359 5161 3498 5218 κατὰ
3543 5160 3604 5214 τὸ
3635 5161 3699 5213 ἑν

2112 5265 2467 5335 Εὑαγγελίοις
2498 5265 2816 5336 εἰρημένον·
2853 5267 2958 5330 Ὃς
2983 5261 3260 5332 θεμέλιον
3289 5260 3401 5313 οὐκ
3431 5256 3724 5325 ἴσχυσεν·

2110 5355 2445 5411 ἐκτελέσαι.

422 5460 612 5528 hujus,
643 5456 714 5512 ob
735 5472 898 5527 quam
929 5456 983 5510 in
1013 5453 1386 5510 confessionis
1419 5451 1724 5506 certamine
1765 5448 2071 5505 dissolutos
2095 5467 2159 5507 ae
2201 5455 2428 5524 ignavos
2481 5470 2541 5511 se
2597 5461 2908 5526 gesserunt,
2959 5460 3122 5524 atque
3173 5451 3296 5507 ideo
3352 5446 3690 5506 ceciderunt.

421 5549 523 5618 Qui
581 5548 764 5619 potius
815 5548 1014 5604 rubore
1052 5546 1456 5612 suﬂ‘undentur,
1503 5543 1660 5614 juxta
1693 5541 1824 5600 illud
1860 5542 2004 5614 quod
2043 5545 2096 5598 in
2130 5545 2422 5619 Evangelio
2453 5549 2654 5604 dicitur
2701 5567 2715 5606 :

417 5644 570 5716 per/ir
582 5657 688 5696 ere.

2771 5548 2876 5616 Qui
2920 5546 3318 5618 fundamentum
3366 5559 3470 5600 non
3521 5539 3698 5612 potuit
