4110 6416
443 381 547 434 493

1674 378 2009 436 EPISTOLA
2049 377 2420 434 CANONICA.
2509 342 2516 349 ’

3579 381 3683 438 ιί94

455 497 851 570 Ἐπεξήγησις
899 502 1189 585 φερομέςη
1249 502 1399 556 κατὰ
1463 503 1570 556 τοῦ
1628 501 2013 568 Μουζάλωνος

2119 497 2386 567 D’igressio
2421 512 2537 566 qua:
2565 506 2674 548 tota
2717 495 2965 550 adversus
3005 495 3340 550 Muzalonem
3372 499 3680 560 intenditur.

1107 573 1332 627 ἅπασα.

525 679 1000 752 Ἐπιστησάτωσαν
1025 681 1084 734 δὲ
1117 681 1207 734 τὸν
1239 681 1362 734 νοῦν
1400 685 1509 744 τοῖς
1539 681 1688 754 παρά
1719 683 1813 736 τοῦ
1851 683 2016 754 μεγά-

442 771 532 824 λου
571 773 723 826 τοῦδε
763 775 975 844 Πατρὸς
1009 775 1100 827 καὶ
1151 774 1541 846 ἱερομάρτυρος
1585 777 1890 846 εἰρημένοις
1927 776 2014 828 ὲν-

441 862 613 918 ταῦθα
653 866 702 917 oi
748 865 994 934 λέγοντες
1029 866 1284 920 δύνασθαι
1329 866 1454 930 τοὺς
1499 868 1772 939 ἀρχιερεῖς
1816 885 2016 940 παραιο

439 953 646 1008 τεϊσθαι
691 955 788 1021 τὰς
816 956 1108 1027 ἐκκλησίας
1149 957 1347 1020 αὐτῶν,
1392 961 1484 1013 καὶ
1521 963 1892 1030 παρακρατεῖν
1918 959 2014 1030 τὴν

443 1046 756 1118 ἱερωσύνην.
791 1048 851 1100 Ei
880 1047 987 1119 γὰρ
1019 1050 1065 1101 οἱ
1107 1049 1240 1120 πρὸς
1265 1051 1548 1121 ὁμολογίας
1579 1051 1762 1120 ἀγῶνα
1800 1053 2016 1116 ἑκόντες

439 1139 775 1210 ὁρμήσαντες
830 1139 1100 1212 κληρικοὶ,
1137 1141 1230 1194 καὶ
1275 1143 1621 1207 κολασθέντες
1661 1147 1754 1198 καὶ
1791 1146 1864 1216 μὴ
1903 1149 2015 1200 ἐπι-

441 1232 738 1302 μείναντες,
770 1232 902 1286 ἀλλά
929 1234 1185 1298 ἐνδόντες,
1223 1233 1340 1288 εἶτα
1368 1238 1828 1300 ἀναπαλαίσαντες
1863 1239 2014 1308 μόλις

437 1323 710 1390 ἀξιοῦνται
741 1323 1086 1397 συγγνώμης,
1115 1329 1193 1390 είς
1229 1327 1290 1380 τὸ
1324 1329 1422 1399 τὴν
1445 1328 1782 1400 λειτουργίαν
1811 1330 2014 1384 ἀναϐα-

437 1416 566 1469 λεῖν’
597 1415 738 1470 κατά
767 1417 856 1470 τὸν
893 1417 1032 1470 θεῖον
1058 1419 1246 1472 τοῦτον
1279 1421 1516 1492 Πατέρα,
1543 1420 1694 1473 οὐδὲν
1721 1421 1906 1491 ἓτερον
1931 1424 2015 1489 ἐγ-

439 1507 776 1578 καλούμενοι,
817 1509 848 1579 ἢ
886 1509 944 1560 τὸ
993 1509 1310 1564 καταλιπεῖν
1353 1510 1478 1574 τοὺς
1533 1511 1814 1580 ἀδελφοὺς,
1857 1512 2014 1565 δυνά-

439 1609 588 1667 μενοι
619 1596 800 1662 αὐτοῖς
841 1601 900 1653 ἐν
935 1600 1109 1671 καιρῷ
1153 1601 1522 1671 περιστάσεως
1561 1602 1846 1672 εὔχρηστοι
1875 1597 2013 1655 εἶναι

435 1693 514 1754 είς
543 1684 606 1745 τδ
636 1691 907 1763 στηρίζειν
937 1693 1152 1756 αὐτοὺς,
1182 1693 1276 1748 καλ⁵
1301 1692 1471 1747 ταῦτα
1507 1695 1808 1765 μαρτυρίας
1847 1693 2013 1758 ἀξιω·

437 1783 635 1849 θέντες,
661 1785 751 1836 καὶ
775 1781 842 1838 τὰ
864 1785 1131 1855 στίγματα
1157 1787 1248 1840 τοῦ
1282 1785 1516 1858 Χριστοῦ
1542 1789 1600 1838 ὲν
1625 1789 1689 1857 τῇ
1721 1787 1883 1857 σαρκὶ
1914 1787 2012 1839 αὐ·-

435 1874 540 1928 τῶν
589 1877 1006 1947 περιφέροντεςο
1058 1877 1176 1942 πῶς
1226 1879 1514 1950 ἀρχιερεὺς
1553 1879 1645 1932 καὶ
1693 1878 1912 1950 ποιμὴν,
1954 1877 2012 1940 ὃς

433 1962 633 2030 ὀφείλει
658 1965 860 2020 τιθέναι
883 1965 980 2037 τὴν
1009 1966 1184 2039 ψυχὴν
1214 1969 1352 2040 ὑπὲρ
1377 1968 1483 2022 τῶν
1518 1966 1822 2037 προϐάτων,
1845 1983 2012 2020 κατα-

433 2053 604 2110 λίπὼν
630 2056 726 2127 τὴν
757 2058 1208 2128 ἐμπιστευθεῖσαν
1235 2060 1467 2131 ποίμνην
1499 2058 1666 2129 αὐτῷ,
1696 2051 1789 2112 καίι
1811 2075 2011 2131 παραι-

433 2147 735 2219 κτησάμενος
772 2150 872 2220 τὴν
915 2152 1084 2222 αὐτῆς
1123 2153 1377 2224 φροντίδα
1419 2153 1513 2206 καὶ
1551 2151 1886 2222 ἐπιμέλειαν,
1915 2148 2012 2204 καὶ

432 2242 554 2294 ὅσον
603 2240 663 2294 τὸ
712 2243 831 2294 κατ’
873 2243 1033 2298 αὐτὸν
1076 2249 1187 2308 τοῖς
1230 2245 1414 2310 λύκοις
1444 2245 1645 2318 ταύτην
1679 2239 2006 2305 ἐκδεδωκὼς,

433 2331 751 2402 ἀντέχεσθαι
906 2333 1240 2406 λειτουργίας
1265 2335 1472 2400 δίκαιος
1493 2333 1893 2407 λογισθήσεται,
1918 2331 2011 2384 καὶ

432 2422 492 2474 ού
531 2417 728 2492 μᾶλλον
783 2424 1096 2496 βαρυτάτων
1141 2427 1428 2497 ἐπιτιμίων
1473 2426 1791 2498 κριθήσεται
1841 2421 2008 2488 ἄξιος,

431 2519 518 2572 διὰ
552 2521 648 2593 τὴν
691 2517 783 2574 τοῦ
829 2519 1176 2582 ἀνατεθέντος
1221 2520 1368 2589 αὐτῷ
1416 2510 1544 2574 λαοῦ
1599 2509 2008 2592 ὲγκατὲάλειῲιη

446 2611 602 2664 Ἀλλά
629 2613 722 2666 καὶ
747 2610 912 2682 γέρας
942 2611 1080 2682 ὑπὲρ
1124 2609 1326 2681 ταύτης
1353 2613 1584 2682 αἰτήσει,
1613 2614 1645 2684 ἢ
1685 2613 1882 2684 μᾶλλον
1915 2615 2012 2666 αὐ-

432 2701 524 2764 τὸς
549 2702 724 2772 ἑαυτῷ
757 2703 1013 2774 παρέξει⁴
1055 2701 1116 2754 τὸ
1167 2701 1264 2773 μὲν
1310 2703 1476 2757 κόπον
1529 2703 1820 2776 προξενοῦν
1863 2704 2010 2776 αύτῷ

435 2795 882 2866 παραιτούμενος,
915 2795 1015 2864 τὴν
1042 2794 1386 2849 διδασκαλίαν
1429 2796 1570 2866 φημὶ
1619 2798 1712 2850 καὶ
1759 2797 1856 2868 τὴν
1900 2797 2010 2850 τῶν

435 2889 814 2960 σφαλλομένων
843 2889 1144 2962 διόρθωσιν,
1169 2889 1229 2942 τὸ
1265 2889 1320 2942 δὲ
1355 2889 1506 2954 δόξαν
1543 2890 1635 2944 καί
1665 2893 1828 2963 τιμὴν
1853 2909 2011 2964 περι-

434 2983 619 3038 ποιοῦν
667 2983 1076 3055 παρακατέχων,
1125 2983 1219 3034 καὶ
1263 2981 1650 3052 οἰκειούμενος,
1701 2983 1795 3036 καὶ
1823 2983 2010 3037 τούτου

433 3077 598 3150 ἀπρὶξ
631 3077 903 3148 ἐχόμενος,
929 3075 1022 3129 καὶ
1059 3075 1222 3146 μηδὲν
1255 3075 1664 3145 μεθιστάμενος.
1695 3077 1758 3129 Εἰ
1787 3077 1894 3148 γάρ
1920 3077 2012 3130 ἐπὶ

431 3169 705 3242 κληρικῶν
760 3167 1064 3239 παράλογος
1108 3165 1399 3236 ὠνομάσθη
1441 3165 1658 3236 πρᾶξις,
1695 3167 1755 3219 τὺ
1797 3167 2011 3224 καταλι-
2037 3207 2080 3262 c

431 3265 552 3315 πεῖν
575 3261 664 3315 τὸν
709 3260 853 3322 λαδν,
887 3262 982 3312 καὶ
1022 3257 1158 3328 πρὸς
1189 3256 1279 3310 τὸν
1308 3256 1448 3328 ὑπὲρ
1469 3256 1747 3320 εὐσεϐείας
1783 3257 2012 3328 αὐτομο-

429 3353 588 3423 λῆσαι
618 3351 802 3420 ἀγῶνα
821 3368 833 3380 ·
863 3351 1013 3420 πόσῳ
1041 3348 1200 3401 πλέον
1227 3346 1678 3419 παραλογώτερον
1705 3349 1770 3402 ἂν
1798 3347 2008 3420 κριθείη

431 3444 526 3495 ἐπὶ
574 3443 871 3496 ἐπισκόπου
915 3440 1302 3503 καταλιπόντος
1358 3439 1450 3492 τὸν
1493 3441 1690 3493 οἰκεῖον
1721 3439 1869 3503 λαὸν,
1915 3440 2011 3494 καὶ

430 3533 492 3586 ού
525 3532 662 3602 πρὸς
705 3530 891 3600 ἀγῶνα
942 3529 1262 3600 χωροῦντος,
1319 3528 1453 3601 πρὸς
1495 3527 1775 3600 ῥᾳστώνην
1818 3529 1872 3582 δὲ
1919 3529 2013 3582 καὶ

431 3623 752 3687 ἀνάπαυσιν,
771 3623 864 3677 καὶ
884 3620 1180 3693 φροντίδων
1207 3620 1344 3692 ὑπὲρ
1365 3619 1630 3690 ὡφελείας
1657 3620 1844 3691 ψυχῶν
1878 3621 2012 3674 ἀπό-

431 3708 578 3768 θέσιν
606 3716 700 3768 καὶ
725 3714 1054 3784 ἀπόδρασιν;
1083 3713 1192 3766 Καὶ
1223 3715 1252 3766 6
1277 3718 1351 3777 ις’
1378 3712 1433 3765 δὲ
1459 3711 1638 3766 κανὼν
1657 3713 1756 3783 τῆς
1777 3712 2010 3784 ἑϐδόμης

431 3810 811 3880 οἱκουμενικῆς
858 3807 1072 3860 συνόδου
1117 3806 1314 3878 πολλὴν
1347 3806 1673 3878 ἀϐελτηρίαν
1721 3809 2014 3877 κατηγορεῖ

430 3898 538 3952 τῶν
569 3898 949 3970 ψηφιζομένων
972 3897 1228 3951 δύνασθαι
1279 3898 1404 3960 τοὺς
1455 3899 1732 3968 ἀρχιερεῖς
1771 3899 1866 3961 τὰς
1902 3899 2014 3950 ἐπι-

433 3993 639 4058 σκοπάς
663 3991 1060 4063 παραιτεῖσθαι,
1085 3991 1184 4062 τὴν
1207 3991 1263 4045 δὲ
1293 3991 1592 4062 ἱερωσύνην
1617 3995 2006 4063 παρακρατεῖν.

432 4087 494 4140 Ei
519 4087 626 4160 γὰρ
648 4087 788 4142 κατά
813 4087 904 4141 τὸν
929 4088 1214 4159 εἰρημένον
1242 4088 1441 4142 κανόνα
1469 4091 1498 4142 6
1519 4089 1834 4155 ἐπίσκοπος,
1871 4090 2011 4163 ὑπὲρ

431 4178 491 4230 τὸ
522 4178 784 4249 ἑξάμηνον
819 4179 916 4248 τῆς
948 4177 1155 4242 οἰκείας
1192 4178 1548 4251 ἀποδημήσας
1590 4181 1894 4251 ἐπισκοπῆς
1923 4179 2010 4251 [ἀν

436 4259 533 4342 μῆ]
571 4273 697 4342 μιᾶς
733 4270 838 4323 τῶν
877 4271 1346 4342 ἀπηριθμημένων
1385 4273 1442 4325 ὲν
1481 4271 1629 4343 αὐτῷ
1677 4273 1884 4338 αἰτιῶν,
1917 4275 2012 4327 καὶ

430 4364 528 4433 τῆς
559 4365 858 4436 ἐπισκοπῆς
890 4365 984 4419 καὶ
1017 4367 1113 4436 τῆς
1157 4366 1566 4438 ἀρχιερωσύνης
1611 4367 1886 4433 ἐκπίπτει,
1919 4368 2012 4420 καὶ

432 4454 632 4523 ἀμφοῖν
657 4453 1008 4526 ἠλλοτρίωται
1026 4472 1039 4484 ·
1069 4455 1185 4518 πῶς
1208 4456 1237 4508 ὁ
1261 4456 1734 4527 παραιτησάμενος
1761 4455 1862 4527 τὴν
1894 4457 2014 4510 ἐπι-

435 4546 660 4616 σκοπὴν,
685 4546 778 4600 καὶ
803 4546 1184 4616 ἀπαγορεύσας
1217 4547 1410 4617 μηκέτι
1442 4545 1746 4616 ποιμαίνειν
1771 4545 1830 4598 τὸ
1849 4547 2010 4616 ἐμπι-

433 4637 652 4693 στευθὲν
707 4637 853 4708 αὐτῷ
909 4639 1175 4708 ποίμνιον,
1208 4641 1302 4692 καὶ
1351 4637 1449 4708 τῆς
1495 4636 1683 4690 τούτου
1735 4636 2010 4708 φροντίδος

432 4729 521 4784 διὰ
553 4728 668 4800 βίου
703 4730 1138 4800 καταφρονήσας,
1168 4729 1252 4800 εἴη
1296 4729 1362 4783 ἂν
1402 4729 1722 4800 ἀρχιερεύς;
1760 4730 1822 4782 Et
1849 4727 1957 4800 γὰρ
1983 4731 2012 4782 6

431 4819 494 4873 τὸ
519 4815 679 4894 ἦττον
705 4819 1051 4890 ἁμαρτάνων,
1083 4819 1143 4872 τὸ
1175 4821 1266 4872 ἐπὶ
1304 4819 1464 4873 πλέον
1500 4819 1850 4890 ὲξαμηνιαίου
1892 4836 2012 4872 και-

437 4911 530 4984 ροῦ
571 4911 886 4966 καταλιπεῖν
933 4911 1023 4964 τὸν
1077 4912 1167 4964 ὑπ’
1203 4911 1364 4964 αὑτὸν
1410 4909 1538 4964 λαὸν
1581 4909 1910 4980 ἀποίμαντόν
1953 4927 2011 4962 τε

435 5005 527 5058 καὶ
540 5004 898 5076 ἀτημέλητον,
918 5001 1187 5056 ὲκπτώσει
1233 5004 1326 5056 καὶ
1351 5003 1448 5072 τῆς
1474 5001 1778 5072 ἐπισκοπῆς
1808 5001 1901 5055 καὶ
1914 5001 2026 5071 τῆς.

437 5096 732 5169 ἱερωσύνης
757 5097 1044 5166 ἀφίσταται
1082 5114 1095 5126 ο
1124 5099 1153 5150 ὁ
1181 5097 1242 5150 τὸ
1267 5094 1461 5167 μᾶλλον
1491 5095 1584 5148 καὶ
1625 5095 1685 5148 τὸ
1710 5093 2015 5147 πολλαπλά-

435 5189 548 5240 σιον
587 5187 941 5258 πλημμελῶν,
991 5187 1050 5240 τὸ
1093 5187 1159 5240 δι’
1189 5187 1309 5240 ὅλου
1343 5184 1660 5240 καταλιπεῖν
1703 5183 1772 5236 τὰ
1809 5183 2010 5255 πλήθη,

435 5277 579 5348 ειπερ
612 5276 760 5348 αύτῷ
785 5279 1099 5331 ἐπισκοπεῖν
1127 5295 1186 5330 τε
1210 5278 1302 5332 καὶ
1327 5279 1458 5348 ὁρᾷν
1483 5279 1516 5348 ἡ
1544 5275 1638 5329 τοῦ
1667 5275 1810 5329 θείου
1839 5275 2017 5330 Πνεύ-

439 5389 607 5442 ματος
651 5370 809 5442 χάρις
855 5370 1092 5436 ἀνέθετο,
1149 5368 1346 5441 μᾶλλον
1379 5367 1444 5422 ἂν
1494 5367 1579 5437 εἴη
1625 5367 1833 5430 δίκαιος
1882 5379 2014 5434 σφο-

435 5459 683 5532 δρότερον
714 5458 1161 5528 κολασθήσεσθαι,
1195 5457 1288 5510 καὶ
1338 5453 1558 5526 μείζονα
1607 5451 1872 5523 τιμωρίαν
1910 5451 2013 5520 ὐφ-

437 5549 579 5616 έξειν
598 5550 696 5619 τῆς
714 5553 837 5604 ὅσον
866 5549 952 5621 ἐπ’
975 5548 1166 5618 ἐκείνῳ
1193 5546 1464 5608 ἀπωλείας
1495 5543 1767 5614 ποιμνίου,
1801 5537 1862 5596 οῦ
1890 5558 2016 5613 προ-

437 5643 710 5714 εχειρίσθη
742 5640 940 5712 ποιμὴν
966 5640 1114 5712 παρὰ
1136 5639 1228 5693 τοῦ
1275 5637 1490 5710 πρώτου
1515 5637 1610 5690 καὶ
1643 5633 1875 5706 μεγάλου
1911 5635 2014 5705 ἀρ-

437 5734 661 5809 χιερέω.
684 5734 778 5788 καὶ
808 5733 1209 5805 ἀρχιποιμένος.
1235 5733 1298 5784 Οἱ
1327 5731 1384 5784 δὲ
1414 5730 1508 5784 καὶ
1534 5729 1702 5800 γέρας
1737 5727 1884 5798 αύτῷ
1920 5726 2015 5780 καὶ

446 5829 682 5901 ἀμοιὸὴν
697 5825 794 5896 τῆς
825 5825 1204 5896 παραιτήσεως
1237 5821 1689 5892 ὲπιῂφιζὸμενοι
1729 5818 1828 5888 τὴν
1861 5819 2016 5890 ἱερω-

2183 677 2456 744 Adjiciant
2487 690 2650 745 porro
2692 675 2932 728 animum
2981 675 3050 731 iis
3078 690 3198 746 qua:
3237 678 3306 731 ab
3354 677 3458 733 hoc
3488 694 3685 751 magno

2115 765 2296 830 Patre,
2329 781 2392 820 ac
2423 775 2611 821 sancto
2647 772 2883 836 martyre
2915 765 3020 819 hoc
3050 766 3172 820 loco
3199 768 3362 820 allata
3394 778 3546 833 sunt,
3587 772 3681 840 qui

2115 860 2303 914 dicunt
2332 859 2606 930 episcopis
2638 859 2802 913 licere
2844 857 3106 914 ecclesias
3137 875 3266 916 suas
3295 860 3592 928 dimittere,
3617 877 3682 916 ac

2114 951 2403 1005 sacerdotii
2435 949 2752 1020 dignitatem
2803 949 3061 1004 retinere.
3117 949 3330 1005 Etenim
3382 953 3427 1008 si
3469 954 3684 1009 clericis

2114 1043 2206 1112 qui
2232 1049 2424 1114 sponte
2455 1057 2514 1096 se
2546 1040 2832 1096 certamini
2859 1039 3226 1098 confessionis
3259 1044 3592 1116 objecerant,
3619 1063 3684 1100 ac

2114 1133 2398 1188 tormentis
2429 1131 2610 1186 aﬂ‘ecti
2645 1131 2826 1186 minus
2859 1139 3178 1187 constanter
3206 1135 3553 1203 obstiterant,
3589 1139 3682 1193 sed

2115 1230 2400 1294 postquam
2448 1230 2750 1287 cesserant,
2785 1223 2840 1278 in
2887 1230 3162 1278 certamen
3201 1225 3555 1285 redeuntibus
3593 1229 3682 1284 vix

2113 1315 2434 1368 conceditur
2462 1315 2638 1379 venia,
2663 1314 2809 1384 quod
2860 1329 3077 1370 sacrum
3125 1316 3488 1372 ministerium
3531 1321 3684 1376 obire

2113 1405 2490 1473 distulissent;
2539 1421 2641 1460 nec
2669 1422 2734 1460 ex
2783 1406 2948 1475 hujus
2992 1406 3162 1462 divini
3195 1405 3374 1464 Patris
3409 1413 3682 1467 sententia

2113 1497 2409 1568 quidquam
2438 1497 2584 1550 aliud
2614 1498 2746 1567 ipsis
2778 1499 3058 1567 objicitur,
3096 1516 3258 1570 quam
3297 1501 3443 1571 quod
3483 1503 3682 1560 fratres

2113 1589 2504 1654 deseruissent,
2538 1605 2661 1642 cum
2692 1589 2935 1646 adversis
2961 1606 3024 1645 ac
3064 1593 3396 1649 turbulentis
3425 1598 3686 1668 tempori-

2115 1681 2217 1736 bus
2247 1694 2471 1751 possent
2502 1682 2632 1752 ipsis
2669 1683 2722 1736 in
2771 1681 2874 1737 [ide
2903 1683 3291 1740 confirmandis
3332 1702 3456 1742 esse
3485 1689 3680 1756 utiles;

2114 1769 2278 1840 idque
2309 1785 2430 1825 cum
2487 1780 2539 1825 et
2567 1771 2714 1840 digni
2754 1770 2924 1825 habiti
2976 1782 3160 1828 essent
3189 1776 3278 1842 qui
3313 1777 3682 1834 testimonium

2042 1866 2083 1923 Β
2115 1862 2462 1931 perhiberent
2491 1861 2635 1926 ﬁdei,
2667 1870 2718 1917 et
2752 1861 3007 1933 stigmata
3055 1863 3260 1922 Christi
3289 1867 3342 1921 in
3385 1884 3484 1924 sua
3515 1885 3684 1926 carne

2112 1951 2527 2007 circumferrem
2557 1972 2569 2007 :
2603 1969 2839 2023 quonam
2875 1953 3036 2009 modo
3067 1965 3317 2013 sommus
3349 1961 3608 2016 sacerdos
3629 1973 3684 2018 ct

2111 2055 2318 2116 pastor,
2351 2046 2442 2116 qui
2491 2061 2590 2116 pro
2631 2049 2825 2103 ovibus
2860 2047 3020 2102 debet
3050 2051 3286 2105 animam
3321 2067 3546 2122 ponere,
3587 2056 3683 2110 de-

2113 2147 2259 2191 serto
2291 2153 2452 2208 grege
2491 2139 2594 2193 sibi
2635 2143 2952 2209 commisso,
2989 2145 3217 2215 ejusque
3259 2160 3390 2200 cura
3419 2156 3476 2202 et
3505 2147 3685 2203 admi-

2111 2229 2438 2286 nistratione
2481 2233 2786 2301 repudiata,
2823 2245 2877 2289 et
2909 2241 3172 2305 quantum
3214 2237 3434 2306 quidem
3475 2240 3529 2294 in
3562 2242 3684 2314 ipso

2110 2331 2195 2376 est
2221 2337 2288 2378 eo
2311 2323 2454 2392 lupis
2480 2324 2717 2392 prodito,
2754 2326 2948 2397 dignus
2974 2329 3253 2397 putabitur
3279 2330 3371 2400 qui
3403 2333 3549 2386 sacri
3579 2334 3683 2387 mi-

2111 2415 2326 2469 nisterii
2381 2414 2700 2486 dignitatem
2761 2417 3028 2485 retineat,
3078 2435 3142 2474 ac
3179 2438 3290 2476 non
3340 2424 3684 2493 gravissimis

2112 2507 2295 2577 potius
2325 2509 2502 2577 pmnis
2531 2509 2676 2577 quod
2709 2509 2812 2564 sibi
2835 2512 3273 2568 commendatum
3302 2517 3562 2586 populum
3588 2517 3683 2572 de-

2113 2598 2370 2664 seruerit,
2404 2599 2752 2656 mulctandus
2783 2616 2906 2656 esse
2927 2602 3302 2670 judicabitur?
3332 2605 3476 2672 Quin
3500 2609 3684 2678 potius

2111 2691 2182 2743 ob
2213 2707 2352 2747 eam
2378 2706 2494 2745 rem
2531 2697 2815 2763 praemium
2858 2695 3138 2766 deposcet,
3172 2699 3281 2752 imo
3314 2699 3417 2753 sibi
3445 2698 3685 2770 ipsemet

2113 2781 2516 2851 suppeditabit;
2559 2785 2704 2854 quod
2729 2786 2946 2856 quidem
2991 2787 3230 2844 laborem
3261 2789 3367 2859 ipsi
3397 2789 3553 2845 ail‘ert
3595 2807 3684 2845 re-

2113 2887 2338 2939 cusans,
2393 2873 2622 2930 docendi
2670 2877 2924 2932 videlicet
2975 2893 3176 2934 munus
3219 2879 3462 2951 vitiaque
3507 2883 3686 2936 corri-

2113 2963 2310 3032 gendi;
2359 2965 2507 3035 quod
2531 2979 2664 3020 vero
2695 2967 2926 3036 gloriam
2967 2983 3032 3024 ac
3063 2969 3232 3024 decus
3265 2970 3524 3024 conciliat
3567 2985 3686 3024 am-

2114 3058 2378 3126 plectens,
2411 3057 2627 3128 sibique
2676 3059 2974 3124 ascisceus,
3023 3061 3410 3132 mordicusque
3455 3061 3511 3118 id
3555 3065 3687 3118 reti-

2115 3163 2272 3214 nens,
2320 3163 2500 3218 neque
2529 3150 2612 3204 vel
2641 3151 2914 3206 tantillum
2965 3153 3272 3210 remittens.
3311 3153 3368 3208 Si
3401 3155 3547 3210 enim
3595 3155 3686 3210 ubi

2113 3239 2180 3295 de
2211 3240 2429 3294 clericis
2468 3247 2552 3296 est
2599 3257 2800 3306 sermo,
2839 3243 2985 3298 actio
3031 3245 3232 3302 rationi
3270 3247 3476 3302 absona
3510 3249 3688 3302 nomi-

2111 3336 2238 3383 nata
2268 3329 2338 3384 sit
2363 3329 2614 3384 deserere
2654 3331 2934 3401 populum,
2969 3340 3133 3403 atque
3161 3333 3228 3387 ad
3262 3343 3538 3390 certamen
3569 3339 3688 3406 pie-

2110 3419 2241 3473 tatis
2272 3433 2439 3472 causa
2485 3421 2904 3489 transmigrare;
2947 3430 3154 3491 quanto
3199 3422 3251 3476 id
3295 3423 3468 3493 magis
3513 3443 3544 3479 ιι
3597 3441 3686 3480 ra-

2111 3509 2260 3564 tione
2292 3509 2530 3564 alienum
2575 3512 2633 3565 in
2668 3513 2927 3582 episcopo
2960 3513 3318 3582 judicabitur,
3366 3515 3457 3584 qui
3512 3531 3686 3587 popu-

2113 3602 2224 3656 lum
2252 3618 2411 3658 suum
2453 3603 2677 3670 deserit,
2708 3619 2819 3658 non
2852 3614 2915 3658 ut
2946 3605 3013 3659 ad
3041 3613 3316 3662 certamen
3347 3606 3556 3672 tendat,
3590 3611 3684 3664 sed

2113 3700 2173 3744 ut
2201 3693 2369 3763 quieti
2394 3708 2452 3748 se
2489 3708 2554 3748 ac
2593 3695 2902 3748 remissioni
2934 3695 3138 3757 tradat,
3170 3709 3444 3768 curasque
3469 3713 3568 3768 pro
3597 3714 3686 3753 sa-

2115 3788 2229 3843 lute
2257 3787 2562 3842 animarum
2593 3787 2829 3856 deponat
2852 3802 2916 3841 ac
2944 3786 3187 3858 eﬂ'ugiat.
3214 3786 3469 3844 Decimus
3496 3801 3685 3846 sextus

2113 3895 2332 3951 quoque
2363 3895 2538 3934 canon
2587 3879 2831 3948 septimae
2865 3879 3218 3934 mcumenirae
3257 3880 3472 3952 synodi,
3505 3881 3688 3936 stulti-

2117 3974 2208 4028 tia‘.
2231 3971 2469 4043 graviter
2501 3979 2722 4026 accusat
2745 3986 2841 4026 eos
2870 3970 2963 4041 qui
2997 3971 3064 4025 ab
3087 3971 3368 4042 episcopo,
3400 3973 3688 4043 repudiato

2104 4055 2458 4134 episcopatu,
2483 4062 2626 4118 sacri
2645 4061 2934 4116 ministerii
2956 4061 3274 4132 dignitatem
3292 4063 3514 4119 retineri
3527 4081 3690 4135 posse

2113 4157 2433 4212 decernunt.
2472 4153 2530 4208 Si
2567 4169 2804 4224 namque
2836 4169 2904 4207 ex
2933 4153 3161 4208 canonis
3207 4153 3357 4207 allati
3388 4156 3684 4221 sententia,

2113 4249 2404 4318 episcopus
2432 4247 2527 4318 qui
2557 4247 2696 4299 ultra
2731 4253 2994 4300 semestre
3025 4251 3242 4316 tempus
3281 4260 3310 4299 a
3344 4260 3444 4300 suo
3469 4245 3688 4317 episco-

2113 4349 2240 4412 patu
2277 4341 2534 4403 abfuerit,
2570 4339 2674 4394 nisi
2711 4352 2820 4392 una
2867 4337 3050 4408 aliqua
3079 4353 3148 4392 ex
3189 4337 3260 4394 iis
3295 4353 3415 4409 qum
3461 4338 3535 4393 ibi
3581 4354 3687 4392 nu-

2114 4441 2417 4496 merantur,
2472 4446 2639 4486 causa
2697 4430 3100 4496 intercesserit,
3151 4437 3205 4485 et
3263 4432 3584 4501 episcopatu
3631 4439 3686 4485 et

2042 4520 2312 4602 D'summi
2337 4520 2632 4576 sacerdotii
2663 4519 2928 4591 dignitate
2958 4519 3184 4583 excidit,
3225 4535 3290 4574 ac
3318 4528 3551 4592 utroque
3572 4521 3688 4590 pri-

2115 4625 2312 4668 vatur:
2339 4629 2574 4684 quonam
2607 4616 2768 4670 modo
2801 4617 2893 4686 qui
2935 4613 3243 4684 repudiavit
3286 4613 3686 4684 episcopatum,

2114 4707 2489 4778 creditumque
2518 4708 2621 4763 sibi
2647 4725 2865 4780 gregem
2895 4707 3074 4763 adhuc
3095 4721 3319 4778 pascere
3339 4709 3561 4762 omnino
3589 4705 3689 4760 ab-

2114 4802 2254 4867 nuit,
2285 4800 2515 4869 ejusque
2543 4817 2730 4856 curam
2764 4801 2958 4857 inertis
2982 4801 3104 4856 vita:
3139 4800 3322 4856 studio
3361 4800 3682 4864 contemnit,

2115 4893 2294 4948 adhuc
2331 4895 2387 4948 in
2422 4897 2805 4964 episcoporum
2843 4908 3077 4948 numero
3116 4892 3442 4948 habebitur?
3468 4890 3683 4946 Etenim

2115 4985 2161 5038 si
2195 4984 2289 5053 qui
2327 4985 2510 5040 minus
2551 4984 2840 5054 delinquit,
2883 4993 2944 5038 ut
2992 4985 3134 5038 ultra
3165 4990 3428 5038 semestre
3470 4987 3687 5050 tempus

2115 5077 2418 5142 subiectum
2470 5077 2574 5132 sibi
2617 5077 2874 5146 populum
2917 5075 3150 5144 pastoris
3195 5089 3327 5128 cura
3359 5082 3414 5128 et
3453 5071 3687 5126 admini—

2117 5169 2379 5223 stratione
2409 5167 2732 5222 destitutum
2776 5167 3070 5236 relinquat,
3106 5167 3458 5236 episcopatus
3503 5170 3558 5218 et
3597 5179 3687 5217 sa-

2114 5276 2224 5315 crae
2249 5259 2532 5330 dignitatis
2560 5258 2916 5328 privationem
2943 5257 3207 5323 incurrit;
3239 5257 3331 5327 qui
3361 5255 3416 5310 in
3453 5270 3518 5308 eo
3537 5255 3683 5324 quod

2115 5353 2294 5421 majus
2335 5359 2388 5406 et
2427 5351 2614 5406 multis
2659 5350 2907 5421 partibus
2955 5349 3178 5419 gravius
3223 5354 3328 5410 est,
3369 5353 3578 5416 peccat,
3626 5353 3688 5400 ut

2117 5445 2520 5501 multitudinem
2545 5459 2710 5515 quam
2730 5446 2832 5514 ipsi
2863 5441 3160 5499 curandam
3192 5450 3246 5495 et
3266 5438 3683 5496 custodiendam

2117 5537 2292 5592 sancti
2335 5533 2570 5606 Spiritus
2611 5534 2786 5605 gratia
2831 5530 3128 5592 commisit,
3173 5529 3399 5584 omnino
3437 5527 3685 5591 deserat;

2117 5629 2312 5683 merito
2341 5629 2500 5699 plane
2539 5627 2797 5697 punietur
2822 5621 3223 5683 vehementius,
3272 5619 3688 5690 graviorcmque

2115 5736 2333 5791 paruam
2363 5720 2658 5792 persolvet,
2683 5717 2900 5789 perditi,
2933 5713 3077 5787 quod
3107 5715 3162 5768 in
3197 5713 3317 5784 ipse
3345 5717 3452 5775 est,
3483 5723 3684 5780 gregis.

2117 5815 2275 5885 cujus
2302 5815 2416 5884 ipse
2443 5823 2630 5884 pastor
2651 5827 2680 5865 a
2707 5811 2974 5883 primario
3008 5809 3101 5863 illo
3125 5821 3189 5862 ac
3217 5818 3476 5877 supremo
3501 5814 3689 5858 sacer-
