4110 6448
384 332 490 388 £96

1371 332 1429 389 S.
1472 332 1677 388 ΡΕΤιιι
1714 330 2179 389 ΑιΕΧΑΝυιιιΝι
2216 335 2526 394 EPISCOPI

3533 335 3640 393 ωδ

384 454 512 509 dote
559 460 613 508 et
644 450 869 507 Pastore
918 460 1138 507 creatus
1186 458 1293 507 est.
1336 452 1440 519 Qui
1490 467 1620 508 vero
1668 452 1773 522 ipsi
1820 467 1949 523 prte-

2058 452 2242 524 σύνην,
2269 450 2440 526 οἶμαι,
2474 452 2569 508 καὶ
2601 454 2825 518 ἑαυτοὺς
2854 452 3101 508 κάκεῖνον
3127 451 3455 518 ὑπευθύνους
3488 456 3644 525 ποιή-

384 544 553 598 mium
597 543 821 611 insuper
858 556 921 595 ac
958 540 1246 597 detrectati
1282 543 1527 598 muneris
1570 542 1948 607 honorarium,

2062 561 2212 598 σουσι
2245 544 2323 615 τῷ
2351 546 2577 617 κρίματι
2602 544 2696 599 τοῦ
2725 543 2880 598 Θεοῦ.

384 636 672 692 sacerdOtii
725 636 1046 708 dignitatem
1096 636 1429 699 decernunt;
1483 648 1538 693 et
1588 638 1740 693 illum
1796 647 1852 694 et
1895 656 1952 695 se
1983 642 2155 711 ipsos,
2211 657 2330 697 mea
2385 641 2604 712 quidem
2641 642 2935 706 sententia,
2978 640 3072 697 Dei
3119 640 3327 711 judicio
3374 638 3644 694 obnoxios

384 724 742 783 constituent.

987 818 1223 874 CANON
1262 818 1355 873 XI.

456 932 474 963 ι
518 911 621 979 Qui
646 911 792 967 enim
824 911 1061 982 primum
1087 912 1142 965 in
1165 910 1565 983 persecutionis
1593 910 1808 969 fervore
1829 928 1957 984 pro-

384 1025 402 1056 ι
452 1005 707 1060 silierunt
729 1003 997 1073 judicium
1025 1004 1474 1068 circumstantes,
1493 1011 1548 1058 et
1573 1012 1794 1060 sanctos
1812 1020 1975 1064 mar-.

383 1119 402 1150 ‹
453 1107 602 1169 tyres
636 1097 732 1168 qui
768 1095 837 1149 ad
870 1096 1111 1150 brabium
1153 1113 1393 1166 superate
1426 1098 1716 1153 vocationis
1743 1110 1766 1139 ⁸
1802 1096 1958 1153 festi-

385 1209 401 1239 ι
452 1190 681 1251 nabant,
741 1189 1089 1260 aspicientes,
1149 1188 1378 1244 honesta
1422 1190 1769 1245 aemulatione
1818 1192 1956 1245 inci-

384 1302 403 1333 ι
450 1282 571 1349 tati,
604 1298 663 1338 se
689 1281 840 1354 ipsos
867 1282 934 1336 ad
963 1282 1067 1336 hoc
1095 1279 1460 1344 tradiderunt,
1486 1296 1682 1352 magna
1707 1282 1956 1337 libertate

383 1391 406 1425 ‹
455 1381 694 1438 utentes,
740 1372 977 1427 maxime
1005 1371 1252 1426 videntes
1291 1387 1386 1428 eos
1421 1371 1514 1441 qui
1558 1371 1958 1427 subtraheban-

383 1483 401 1516 s
448 1474 561 1529 tur,
594 1463 723 1527 labi,
764 1469 989 1533 pr0pter
1017 1475 1159 1531 quos
1192 1460 1431 1515 interius
1461 1460 1705 1525 excitati,
1736 1466 1791 1515 et
1820 1475 1957 1529 quo-

381 1575 400 1606 ι
446 1556 570 1611 dam
597 1554 765 1609 veluti
808 1568 943 1607 sono
974 1552 1197 1622 impulsi
1237 1551 1305 1606 ad
1330 1551 1713 1607 debellandum
1746 1567 1804 1607 se
1827 1551 1958 1607 elle-

2667 819 2906 872 ΚΑΝΩΝ
2937 819 3039 872 IA‘.

2138 935 2156 966 ‹
2196 917 2259 968 Ui
2289 917 2398 988 γάρ
2441 915 2646 987 πρῶτοι
2681 912 2756 983 (8)
2787 911 3275 983 παραπηδήσαντες
3301 911 3360 964 ὲν
3395 910 3473 983 τῷ
3513 912 3641 985 βράν

2067 1029 2086 1059 ο
2129 1026 2291 1079 σματι
2335 1008 2428 1062 τοῦ
2476 1006 2735 1077 διωγμοῦ,
2768 1004 3126 1076 περιεστῶτες
3155 1005 3237 1068 εἰς
3281 1005 3342 1059 τὺ
3386 1004 3645 1079 δικαστή-

2066 1121 2082 1152 ι
2135 1117 2266 1171 ριον,
2294 1102 2385 1154 καὶ
2416 1099 2746 1172 θεωροῦντες
2782 1099 2908 1162 τοὺς
2950 1097 3138 1165 ἁγίους
3169 1097 3451 1169 μάρτυρας
3481 1098 3620 1153 σπεύ

2065 1213 2080 1245 ι
2124 1194 2309 1257 δοντας
2361 1193 2459 1247 ἐπὶ
2511 1191 2576 1245 τὸ
2612 1190 2897 1260 βραϐεῖον
2934 1189 3045 1259 τῆς
3087 1188 3209 1243 ἅνω
3253 1189 3549 1257 κλήσεως,
3587 1192 3649 1245 ὲν

2065 1302 2084 1334 s
2127 1284 2274 1356 καλῷ
2324 1284 2402 1355 τῷ
2439 1283 2586 1355 ζήλῳ
2628 1281 3064 1355 προθυμούμενοι
3097 1279 3373 1335 ἐπεδίδουν
3419 1282 3646 1347 ἑαυτοὺς

2065 1394 2081 1425 ι
2123 1376 2202 1437 είς
2238 1372 2414 1439 τοῦτο,
2453 1373 2621 1444 πολλῇ
2654 1374 2720 1443 τῇ
2761 1371 3041 1443 παρρησία
3086 1370 3378 1442 χρώμενοι,
3423 1371 3648 1443 βλέπον-

2066 1485 2083 1517 ι
2125 1483 2213 1530 τες
2242 1465 2287 1498 ⁸ο
2321 1466 2553 1537 μάλιστα
2581 1465 2705 1527 τοὺς
2749 1462 3184 1533 ὑποσυρομένους
3216 1464 3311 1517 καὶ
3351 1465 3643 1518 ἐκπίπτον-

2066 1577 2084 1609 s
2124 1576 2242 1622 τας,
2272 1557 2336 1610 δι’
2368 1555 2462 1620 οὓς
2490 1555 3010 1626 ὑποθερμαινόμενοι
3054 1553 3254 1608 ἔσωθεν
3287 1555 3381 1610 καὶ
3414 1556 3644 1628 ἐνηχοῦ-

381 1666 399 1698 ι
449 1652 659 1700 rcntem
693 1650 747 1698 et
779 1642 1177 1711 adversarium,
1220 1640 1288 1697 ad
1321 1641 1375 1696 id
1421 1643 1848 1708 contendebant,
1885 1658 1949 1698 ne

2061 1671 2077 1700 ι
2124 1665 2271 1721 μενοι
2302 1645 2755 1717 καταπολεμῆσαι
2783 1646 2873 1699 τὸν
2910 1644 3339 1715 ὑπεραιρόμενον
3373 1642 3465 1698 καὶ
3494 1645 3644 1698 ἀντι-

380 1757 397 1788 ι
446 1736 586 1806 apud
618 1751 673 1790 se
719 1733 948 1805 prudens
978 1750 1090 1788 esse
1114 1734 1141 1774 ι’
1174 1733 1473 1800 videretur,
1521 1735 1593 1789 ob
1636 1750 1702 1790 ea
1735 1734 1791 1788 in
1832 1734 1954 1804 qui-

379 1850 396 1880 .
443 1829 545 1885 bus
601 1827 721 1898 ejus
772 1825 1070 1881 calliditate
1132 1824 1425 1882 inferiores
1472 1842 1596 1882 esse
1644 1825 1748 1880 visi
1802 1835 1951 1888 sunt,

378 1941 395 1972 ι
445 1919 658 1975 etiamsi
704 1934 765 1976 se
817 1919 997 1988 ipsum
1040 1918 1188 1972 vinci
1238 1918 1306 1972 ab
1339 1918 1427 1983 iis,
1463 1919 1559 1990 qui
1615 1919 1951 1974 scuticarum

379 2033 396 2063 ι
442 2011 888 2082 ﬂagellorumque
940 2015 1252 2075 tormenta,
1309 2016 1365 2063 et
1411 2008 1577 2080 gladii
1635 2008 1844 2073 aciem,
1900 2016 1953 2064 et

378 2128 395 2158 s
446 2106 586 2179 ignis
641 2104 1060 2169 ustulationcm,
1125 2112 1179 2158 et
1233 2117 1502 2173 aquarum
1568 2103 1952 2160 immersiones

378 2219 393 2246 α
444 2203 765 2253 constanter
796 2195 1063 2260 tulerunt,
1097 2208 1222 2249 cum
1254 2194 1412 2249 latuit
1445 2213 1459 2248 :
1494 2193 1564 2251 iis
1592 2209 1812 2265 quoque
1833 2194 1949 2265 qui,

375 2312 393 2341 ι
444 2299 502 2344 ιιι
531 2306 597 2345 ex
631 2287 737 2342 ﬁde
772 2302 963 2357 preces
1012 2294 1067 2339 et
1096 2286 1376 2341 orationes
1419 2285 1572 2351 ﬁant,
1609 2302 1953 2358 persequun-

377 2404 394 2434 ι
445 2392 557 2449 tur,
582 2379 667 2434 vel
697 2392 796 2450 pro
823 2378 892 2433 iis
921 2376 1016 2447 qui
1047 2378 1104 2432 in
1147 2377 1397 2436 custodia
1428 2377 1608 2450 puniti
1655 2385 1806 2447 sunt,
1840 2388 1894 2435 et
1919 2392 1951 2433 a

383 2498 398 2523 ι
453 2475 594 2529 fame
626 2480 682 2528 et
729 2470 821 2527 siti
867 2470 1057 2524 traditi
1112 2479 1262 2535 sunt,
1304 2470 1389 2526 vel
1418 2486 1517 2540 pro
1544 2471 1613 2527 iis
1651 2471 1747 2541 qui
1796 2480 1952 2528 extra

381 2589 393 2616 ι
441 2564 750 2621 custodiam
805 2561 1031 2618 scuticis
1081 2571 1135 2617 et
1185 2563 1413 2634 ﬂagellis
1463 2563 1516 2618 in
1564 2562 1775 2633 judicio
1818 2564 1948 2620 torti

377 2680 393 2707 ι
446 2665 596 2724 sunt,
626 2662 816 2727 postea
864 2660 1043 2707 autem
1090 2668 1122 2708 a
1156 2656 1338 2711 carnis
1392 2656 1769 2712 imbecillitate
1817 2656 1948 2712 victi

379 2773 395 2802 ι
438 2752 611 2819 fuere,
637 2768 854 2823 aequum
880 2759 965 2807 est
998 2765 1264 2805 annuere.
1296 2747 1434 2804 Cum
1466 2749 1534 2804 iis
1561 2750 1707 2804 enim
1744 2749 1838 2820 qui
1861 2750 1949 2805 lu-

378 2865 395 2896 ι
441 2854 569 2917 gent
616 2854 671 2902 et
702 2852 957 2911 moerent,
992 2858 1093 2915 pro
1124 2843 1194 2898 iis
1246 2841 1341 2913 qui
1386 2842 1444 2896 in
1491 2841 1791 2898 certamine
1818 2842 1949 2897 victi

376 2953 395 2986 ι
445 2943 575 2991 sunt
606 2950 637 2990 a
680 2937 895 3007 magnis
933 2933 1157 3005 maligni
1198 2930 1405 2987 diaboli
1440 2930 1672 2997 viribus,
1707 2931 1824 2987 sive
1849 2947 1949 3003 pro

2061 1760 2080 1790 ι
2123 1740 2373 1810 κείμενον
2407 1738 2475 1802 “,
2516 1737 2776 1791 ἔσπευδον
2823 1739 2904 1799 είς
2951 1734 3141 1798 τοῦτο,
3198 1734 3286 1788 ἵνα
3342 1733 3418 1805 μὴ
3465 1736 3557 1789 καὶ
3593 1733 3641 1768 ⁸⁸

2060 1851 2079 1881 ι
2117 1832 2245 1903 δοκῇ
2295 1833 2431 1899 παρ’
2479 1829 2671 1895 ἐαυτῷ
2716 1832 3001 1898 φρόνιμος
3041 1824 3194 1880 εἶναι
3245 1826 3329 1897 ἐφ’
3379 1820 3459 1890 οἷς
3503 1825 3642 1881 κατά

2061 1944 2078 1974 ι
2118 1924 2454 1995 πανουργίαν
2488 1922 2664 1989 ἔδοξεν
2693 1923 2881 1993 ὴττᾷν,
2916 1922 2964 1973 εί
3012 1920 3106 1974 καὶ
3138 1918 3425 1973 ἐλάνθανεν
3452 1918 3642 1973 ἑαυτὸν

2060 2034 2076 2065 ι
2117 2015 2413 2086 νικώμενον
2440 2014 2662 2068 ὑπδτῶν
2684 2010 3160 2084 ἐγκαρτερούντων
3192 2010 3288 2072 τὰς
3313 2011 3420 2063 τῶν
3452 2008 3647 2082 ξυστήο

2058 2128 2076 2160 ι
2122 2127 2229 2182 ρων
2256 2112 2350 2163 καὶ
2381 2108 2660 2180 μαστίγων
2705 2106 2988 2177 βασάνους,
3016 2106 3115 2175 τήν
3158 2119 3215 2157 τε
3262 2101 3497 2174 ὀξύτητα
3543 2101 3643 2174 τῆς

2059 2217 2076 2248 s
2123 2196 2417 2268 μαχαίρας,
2451 2195 2546 2249 καὶ
2582 2194 2679 2258 τάς
2701 2189 3058 2263 καταφλέξεις
3087 2191 3181 2245 τοῦ
3203 2190 3393 2262 πυρὸς,
3426 2192 3521 2245 καὶ
3547 2190 3643 2255 τὰς

2059 2307 2076 2340 ι
2119 2289 2225 2342 τῶν
2256 2288 2460 2343 ὑδάτων
2490 2284 2932 2349 καταποντώσεις
2952 2299 2966 2313 °
3013 2283 3106 2336 καὶ
3135 2285 3247 2348 τοῖς
3289 2280 3429 2337 κατὰ
3462 2282 3643 2337 πίστιν

2057 2400 2076 2431 ι
2117 2381 2525 2449 ὑπεξουσιοῦσιν
2555 2380 2717 2451 εὐχὰς
2747 2380 2793 2411 ⁸³
2821 2380 2918 2433 καὶ
2942 2380 3154 2451 δεήσεις
3178 2378 3424 2447 γίνεσθαι
3450 2379 3495 2411 ⁸⁸
3523 2381 3641 2451 ἦτοι

2059 2492 2077 2524 ι
2119 2474 2259 2546 ὑπὲρ
2285 2473 2394 2526 τῶν
2433 2476 2490 2526 ὲν
2528 2472 2743 2544 φυλακῇ
2785 2470 3346 2543 κατατιμωρηθέντων
3383 2472 3475 2526 καὶ
3506 2487 3642 2543 προ-

2056 2581 2075 2614 ι
2116 2562 2417 2634 δεδομένων
2434 2562 2503 2594 ⁸⁵·
2532 2562 2637 2615 ὑπὸ
2668 2562 2826 2633 λιμοῦ
2850 2565 2943 2617 καὶ
2961 2564 3117 2635 δίψης
3138 2564 3206 2627 ⁸⁸,
3231 2564 3349 2635 ἦτοι
3372 2562 3509 2633 ὑπὲρ
3523 2560 3635 2613 τῶν

2058 2672 2075 2704 ι
2119 2651 2314 2717 ἔξωθεν
2342 2653 2443 2723 τῆς
2469 2653 2715 2725 φυλακῆς
2747 2654 2840 2707 ἐπὶ
2877 2653 2970 2707 τοῦ
3010 2652 3360 2725 δικαστηρίου
3394 2650 3637 2706 καταδα-

2057 2763 2076 2795 s
2118 2743 2479 2797 σανισθὲντων
2508 2743 2598 2798 διὰ
2624 2743 2904 2816 ξυστήρων
2938 2745 3030 2799 καὶ
3071 2746 3370 2816 μαστίγων,
3414 2744 3641 2816 ὕστερον

2057 2854 2074 2887 ι
2118 2836 2175 2889 δὲ
2227 2836 2569 2909 ἡττηθέντων
2624 2838 2729 2891 ὑπὸ
2778 2838 2875 2909 τῆς
2929 2837 3213 2902 ἀσθενείας
3262 2838 3361 2908 τῆς
3414 2835 3639 2908 σαρκὸς,

2058 2946 2077 2978 s
2116 2927 2263 2993 ἄξιόν
2308 2928 2456 2982 ἐστιν
2501 2929 2801 2983 ἐπινεῦσαι.
2850 2930 3195 3000 Συμπάσχειν
3231 2928 3337 3001 γὰρ
3374 2928 3471 2983 καὶ
3513 2944 3642 2982 συν-

377 3044 396 3075 s
442 2994 804 3094 parentibus:
836 3023 922 3079 vel
976 2994 1263 3086 fratribus,
1318 3019 1404 3077 vel
1439 2994 1668 3085 liberis,
1695 3036 1804 3075 una
1849 2994 1949 3076 do-

2062 3038 2079 3069 s
2122 3018 2306 3088 αλγείν
2330 3022 2440 3083 τοῖς
2471 3019 2814 3090 ὀδυρομένοις
2846 2994 2941 3073 καί
2983 2994 3328 3085 στενάζουσιν
3362 3019 3502 3091 ὑπὲρ
3531 3017 3644 3072 τῶν

376 3134 395 3167 ι
443 3116 578 3183 lere,
614 3123 670 3173 et
707 3115 933 3173 tristitia
979 3113 1119 3170 allici
1154 3114 1424 3169 neminem
1457 3111 1756 3184 quidquam
1789 3111 1945 3183 peni-

376 3228 395 3258 ι
443 3218 533 3266 tus
578 3209 743 3265 lmdit.
797 3207 1017 3265 Scimus
1065 3207 1211 3264 enim
1240 3207 1404 3263 etiam
1453 3215 1677 3280 propter
1715 3206 1946 3261 aliorum

376 3322 393 3351 ι
443 3300 623 3377 ﬁdem,
647 3300 916 3373 quosdam
949 3316 1072 3357 esse
1105 3298 1200 3354 Dei
1223 3298 1523 3354 bonitatem
1552 3307 1857 3362 assecutos,
1894 3307 1947 3352 et

375 3411 393 3443 ‹
440 3393 493 3447 in
527 3401 882 3465 peccatorum
914 3390 1278 3463 _remissionc,
1309 3396 1364 3445 et
1395 3389 1645 3459 corporis
1686 3388 1943 3453 sanitate,

374 3505 392 3535 ι
436 3494 489 3539 et
543 3492 888 3540 mortuorum
944 3480 1372 3538 resurrectione.
1430 3479 1699 3536 Memores
1757 3480 1944 3550 itaque

374 3599 390 3627 ι
439 3577 735 3632 multorum
794 3576 1042 3632 laborum
1098 3583 1153 3630 et
1208 3573 1594 3640 miseriarum,
1647 3585 1785 3643 quas
1844 3585 1944 3642 pro

376 3688 393 3719 ι
441 3666 648 3721 Christi
709 3667 931 3721 nomine
982 3664 1383 3728 sustinuerunt,
1439 3677 1565 3717 cum
1616 3660 1721 3732 ipsi
1778 3661 1942 3716 etiam

376 3779 392 3810 ι
441 3757 816 3828 ρωηὶιειιιίιιω
848 3755 1079 3827 egerint,
1116 3765 1171 3810 et
1200 3753 1346 3824 quod
1373 3768 1404 3807 a
1432 3768 1493 3809 se
1517 3752 1721 3808 factum
1738 3759 1822 3807 est
1845 3766 1941 3822 per

376 3867 398 3899 ι
442 3847 801 3917 proditionem
820 3845 875 3900 in
892 3845 1139 3917 corporis
1160 3844 1424 3916 languore
1443 3850 1498 3898 et
1523 3841 1944 3897 mortiﬁcatione

382 3958 401 3990 ι
453 3936 793 4000 deﬂeverint,
821 3944 875 3994 et
905 3952 965 3993 se
996 3945 1257 4007 prarterea
1294 3943 1583 4000 testentur,
1616 3936 1673 3990 in
1700 3936 1809 3991 vita
1842 3950 1942 3990 sua

377 4050 395 4081 ι
444 4030 614 4086 fuisse
637 4045 667 4085 a
690 4030 910 4086 civitate
929 4031 1161 4097 alienos,
1194 4029 1359 4086 simul
1394 4042 1640 4090 oremus,
1671 4033 1727 4081 et
1749 4033 1944 4096 postu-

376 4142 393 4173 ι
443 4124 619 4179 lcmus
663 4137 761 4193 pro
799 4136 989 4178 eorum
1031 4119 1480 4178 reconciliatione
1516 4133 1640 4173 cum
1670 4118 1793 4173 aliis
1823 4131 1944 4188 quae

374 4231 394 4264 s
444 4214 599 4269 decet
620 4229 718 4285 per
753 4230 877 4270 eum
908 4214 1003 4287 qui
1034 4221 1120 4270 est
1150 4212 1310 4269 nobis
1340 4210 1628 4267 advocatus
1670 4209 1811 4277 apud
1834 4209 1944 4264 Pa—

372 4321 393 4355 ι
442 4314 593 4370 trem,
627 4321 686 4361 se
726 4306 934 4363 nostris
971 4307 1213 4378 peccatis
1240 4304 1537 4377 propitium
1570 4302 1938 4359 exhibentem.

374 4415 394 4449 ι
442 4396 513 4452 Et
540 4399 586 4453 si
608 4401 745 4471 quis,
778 4399 977 4471 inquit,
1009 4401 1318 4468 peccaverit,
1351 4397 1600 4452 habemus
1628 4395 1943 4451 advocatum

373 4508 395 4543 ι
438 4491 578 4559 apud
611 4490 828 4546 Patrem
858 4490 1045 4545 Iesum
1088 4490 1360 4545 Christum
1402 4489 1614 4559 justum
1648 4496 1733 4543 :et
1782 4490 1827 4544 is
1865 4499 1942 4544 est

372 4599 392 4633 s
437 4582 741 4651 propitiatio
770 4598 864 4652 pro
887 4582 1113 4648 peccatis
1138 4583 1334 4637 nostris
1357 4591 1405 4637 ο.
1459 4602 1478 4635 s

2060 3136 2079 3167 ‹
2120 3119 2176 3171 ἐν
2227 3117 2401 3187 ἀγῶνι
2441 3118 2781 3188 ἡττηθέντων
2833 3118 2938 3171 ὑπὸ
2980 3117 3079 3187 τῆς
3132 3114 3333 3185 πολλῆς
3381 3114 3502 3185 βίας
3543 3112 3638 3167 τοῦ

2060 3228 2079 3261 ι
2120 3210 2503 3281 κακομηχάνου
2551 3210 2822 3276 διαϐόλου,
2852 3210 2971 3281 ἦτοι
3020 3208 3158 3280 ὑπὲρ
3192 3207 3392 3276 γονέων
3423 3206 3455 3278 ἢ
3486 3204 3637 3259 ἀδελ-

2060 3321 2076 3352 ι
2121 3300 2235 3371 φῶν
2274 3301 2307 3373 ἢ
2350 3302 2573 3366 τέκνων,
2604 3300 2793 3355 οὐδένα
2839 3300 2989 3353 οὐδὲν
3037 3297 3428 3355 καταδλάπτει.
3456 3297 3635 3368 Ἰσμεν

2060 3414 2077 3442 ι
2119 3394 2226 3465 γὰρ
2256 3392 2352 3446 καὶ
2381 3392 2449 3445 δι’
2484 3392 2684 3462 ἑτέρων
2717 3392 2899 3445 πίστιν
2926 3389 3339 3455 ἀπολαύσαντας
3366 3406 3514 3455 τινας
3537 3389 3636 3461 τῆς

2059 3505 2076 3535 s
2119 3484 2212 3537 τοῦ
2242 3483 2378 3537 Θεοῦ
2410 3482 2763 3553 ἀγαθότητος,
2798 3482 2891 3536 ἐπί
2923 3499 2983 3535 τε
3013 3482 3204 3553 ἀφέσει
3234 3481 3516 3554 ἁμαρτιῶν
3543 3481 3637 3535 καὶ

2059 3593 2076 3625 ι
2118 3574 2273 3646 ὑγεία
2302 3572 2571 3645 σώματος,
2601 3574 2694 3626 καὶ
2720 3572 3012 3627 ἀναστάσει
3036 3570 3262 3644 νεκρῶν.
3285 3569 3636 3642 Μεμνημένοι

2058 3688 2075 3720 ι
2117 3668 2294 3723 τοίνυν
2336 3667 2444 3722 τῶν
2478 3667 2688 3721 πολλῶν
2735 3666 2915 3721 αὐτῶν
2959 3664 3250 3735 καμάτων,
3282 3656 3356 3716 ὧν
3386 3662 3636 3734 προῦπή-

2057 3780 2074 3811 ι
2119 3777 2318 3829 νεγκαν
2356 3764 2413 3814 ἐν
2446 3760 2669 3831 ὀνόματι
2696 3757 2787 3812 τοῦ
2825 3755 3081 3828 Χριστοῦ,
3115 3755 3208 3809 καὶ
3240 3754 3347 3809 τῶν
3378 3751 3634 3807 τανταλι-

2056 3871 2074 3903 ι
2120 3851 2272 3922 σμῶν
2306 3852 2373 3917 ⁸⁸,
2396 3851 2457 3905 οὐ
2491 3851 2597 3922 μὴν
2629 3849 2763 3903 ἀλλά
2797 3849 2890 3902 καὶ
2926 3847 3296 3920 μεταγνόντων
3329 3844 3505 3900 αὐτῶν
3539 3844 3633 3899 καὶ

2057 3962 2075 3994 s
2119 3942 2537 4015 ἀποδυρομένων
2568 3941 2628 3994 τὸ
2655 3940 3041 4012 πεπραγμένον
3084 3940 3265 4003 αὐτοῖς
3316 3938 3457 3991 κατά
3498 3952 3635 4008 προ-

2056 4055 2074 4086 ι
2112 4036 2292 4089 δοσίαν
2334 4036 2393 4088 ὲν
2434 4034 2621 4106 ἀτονία
2657 4035 2753 4088 καὶ
2784 4032 3066 4104 νεκρότητι
3110 4030 3204 4085 τοῦ
3247 4029 3515 4101 σώματος,
3549 4026 3630 4082 ἔτι

2055 4148 2073 4179 s
2117 4147 2173 4182 τε
2218 4127 2309 4181 καὶ
2360 4128 2816 4200 μαρτυρουμένων
2858 4123 3225 4181 ἀπολιτεύτων
3252 4122 3297 4154 ⁸⁷
3326 4120 3630 4193 γενομένων

2056 4236 2073 4266 ι
2116 4218 2173 4268 ὲν
2207 4216 2283 4288 τῷ
2328 4215 2428 4287 βίῳ
2472 4216 2669 4281 αὐτῶν,
2716 4215 3085 4288 συνευχόμεθα
3128 4215 3221 4267 καὶ
3268 4229 3631 4284 συμπαρακαο

2056 4329 2072 4361 ι
2113 4308 2310 4380 λοῦμεν
2340 4310 2480 4380 ὑπὲρ
2508 4309 2734 4379 ἱλασμοῦ
2752 4309 2929 4363 αὐτῶν
2964 4306 3100 4379 μετὰ
3119 4306 3224 4360 τῶν
3262 4305 3437 4360 ἄλλων
3455 4303 3628 4374 καθη-

2056 4421 2074 4454 ι
2115 4402 2337 4467 κόντων,
2367 4402 2557 4456 διάτοῦ
2583 4403 2876 4474 γενομένου
2908 4401 3128 4473 ⁸⁷’ὑπὲρ
3146 4401 3299 4473 ἡμῶν
3333 4396 3633 4469 παρακλή-

2055 4513 2074 4545 ι
2115 4512 2221 4548 του
2253 4496 2399 4564 πρὸς
2425 4495 2532 4548 τὸν
2555 4495 2787 4564 Πατέρα
2818 4495 3167 4565 ίλασκομένου
3195 4496 3311 4557 ταῖς
3338 4491 3632 4564 ἁμαρτίαις

2055 4605 2073 4636 ι
2114 4586 2289 4658 ἡμῶν.
2324 4588 2431 4641 Καὶ
2459 4587 2567 4641 ἐάν
2590 4605 2680 4653 τις
2700 4588 2831 4658 γὰρ,
2856 4590 3039 4659 φησὶν,
3062 4586 3311 4657 ἁμὶρτῃ,
3333 4583 3631 4653 παράκλη-

373 4697 391 4727 ι
433 4692 539 4729 τον
576 4676 793 4745 ἔχομεν
852 4675 1001 4745 πρὸς
1067 4676 1177 4730 τὸν
1215 4675 1471 4745 Πατέρα,
1524 4674 1758 4744 Ἰησοῦν
1799 4679 2057 4747 Χριστὸν
2110 4683 2364 4738 δίκαιον·
2411 4684 2511 4738 καί
2555 4683 2737 4748 αὐτὸς
2788 4685 3041 4753 ἱλασμός
3094 4684 3264 4737 ἐστιν
3309 4678 3461 4747 ὑπὲρ
3512 4677 3631 4731 τῶν

373 4788 390 4820 ι
428 4766 727 4837 ἁμαρτιῶν
754 4767 941 4836 ἡμῶν.
985 4786 1004 4819 ι

440 4863 602 4917 ΒΑιε.
639 4860 779 4917 Cum
828 4865 1081 4933 superius
1118 4863 1348 4921 dixisset
1382 4862 1634 4931 Sanctus,
1666 4864 1812 4936 quod
1845 4864 1937 4936 qui

370 4968 468 5008 sua
500 4964 694 5023 sponte
733 4952 1099 5025 confugerunt
1136 4965 1191 5011 et
1218 4956 1355 5027 lapsi
1382 4963 1530 5024 sunt,
1562 4955 1940 5027 paenitentiam

369 5053 551 5100 autem
582 5062 693 5102 non
722 5056 972 5118 egerunt,
1009 5064 1112 5103 nec
1143 5065 1302 5104 suum
1334 5050 1546 5121 lapsum
1588 5057 1937 5113 revocarunt,

368 5142 492 5208 plus
517 5137 801 5195 dedecoris
827 5140 1107 5206 subibunt,
1156 5149 1217 5194 ut
1250 5142 1344 5212 qui
1372 5157 1482 5197 non
1527 5157 1695 5213 supra
1745 5140 1943 5195 funda-

437 5303 463 5335 ι
499 5291 724 5360 Philipp.
758 5308 840 5358 tu,
877 5294 964 5349 14.
1043 5295 1247 5354 hRom.
1285 5312 1383 5363 xu,
1414 5296 1498 5353 16.
1568 5310 1590 5336 ε
1624 5295 1826 5350 IJoan.
1862 5311 1923 5359 ιι,
1960 5293 2010 5350 l.

2117 4862 2311 4916 ΒΛΛΣ.
2345 4861 2525 4916 Εἰπὼν
2558 4862 2814 4933 ἀνωτέρω
2839 4860 2868 4911 ό
2889 4859 3095 4930 Ἄγιος,
3125 4860 3204 4913 ὅτι
3241 4862 3291 4911 οἱ
3331 4861 3630 4933 αὐτομολήο

2049 4969 2239 5016 σαντες
2287 4951 2382 5005 καὶ
2432 4953 2754 5016 ἐκπεσόντες
2787 4951 2903 5021 μὲν,
2950 4949 3025 5023 μὴ
3059 4948 3521 5022 μεταμεληθέντες
3546 4951 3625 5019 δὲ,

2049 5048 2143 5100 καὶ
2177 5045 2275 5119 τὴν
2304 5046 2575 5101 ἔκπτωσιν
2615 5045 3099 5117 ἀνακαλεσάμενοι,
3131 5044 3222 5097 ἐπὶ
3251 5042 3412 5098 πλέον
3439 5045 3628 5118 αἰσχύ-

2045 5155 2145 5210 νην
2169 5138 2401 5219 ἕξουσιν,
2423 5139 2499 5204 ὡς
2523 5139 2598 5211 μὴ
2621 5140 2713 5193 ἐπὶ
2739 5140 2817 5211 τῷ
2844 5138 3078 5209 θεμελίῳ
3095 5138 3190 5191 καὶ
3218 5137 3415 5208 δροφον
3440 5155 3628 5213 smn-

1614 5415 1845 5471 VARLE
1884 5415 2286 5472 LECTIONES.

439 5548 482 5581 ⁸⁸
509 5547 892 5616 ἐμολέποντες.

366 5621 432 5651 ⁸⁸·
481 5618 899 5688 προδιδομένων.
990 5624 1036 5655 ⁴⁶
1057 5623 1258 5691 δίψους.

971 5553 1207 5626 θίγοι-ιη
1234 5555 1686 5626 καταπολεμῆσαι
1716 5573 1766 5608 τ.
1797 5556 1889 5607 ὑπ.
1914 5557 2006 5608 καὶ
2038 5556 2215 5610 ἀντικ.
2247 5572 2358 5609 om.

1341 5626 1387 5656 ⁸⁸⁵
1420 5627 1788 5693 ταλανισμῶν.
1867 5626 1909 5656 ⁸⁷
1946 5627 2455 5698 μεμαρτυρημένων
2484 5627 2899 5683 εὑπολιτεὺτων.
2956 5628 2998 5657 ⁸⁷
3032 5632 3049 5650 ·
3073 5626 3383 5701 γινομένου.

2442 5556 2488 5588 δ’
2519 5557 2611 5608 καί
2635 5572 2744 5609 om.
2835 5556 2883 5588 “
2906 5555 3235 5620 ὐπεξιοῦσιν.
3330 5554 3456 5610 δδδέ
3494 5555 3620 5613 add.

442 5775 518 5842 (8)
552 5779 616 5831 Ui
646 5778 750 5842 γὰρ
798 5776 1031 5842 πρῶτοι.
1068 5778 1291 5834 Scilicet
1330 5781 1366 5834 ii
1402 5780 1470 5835 de
1504 5782 1707 5848 quibus
1736 5781 1941 5836 dictum
1982 5788 2067 5837 est
2091 5797 2215 5838 can.
2237 5781 2291 5849 9,
2318 5783 2421 5840 hoc
2457 5789 2541 5840 est
2566 5782 2711 5841 laici.
2744 5780 3016 5838 Hnnurx.
