4110 6428
455 427 557 483 497

1681 424 2020 481 EPISTOLA
2052 424 2425 485 CANONICA.

3584 438 3688 494 498

452 542 691 611 νάμενοι,
726 541 842 612 ἦτοι
889 540 963 613 μὴ
1005 539 1386 603 τελειώσαντες
1435 537 1495 594 τδ
1545 538 1739 596 καλόν·
1792 536 2008 594 νῦνικα⁴

2126 547 2369 595 mentum
2400 546 2601 596 tectum
2622 556 2842 615 quoque
2866 543 3271 613 fabricaverint,
3288 553 3394 605 'seu
3415 550 3564 621 quod
3590 552 3690 610 bo-

449 632 790 705 ιιατασκευὴν
818 632 1006 687 τούτου
1032 650 1092 687 τε
1113 633 1207 689 ml
1230 632 1338 687 τῶν
1365 632 1567 687 λοιπῶν
1591 633 1803 701 ἐπάγει,
1829 631 2021 700 λέγων·

451 726 514 781 οἱ
542 726 651 798 γάρ
676 727 734 781 ἐν
766 726 844 798 τῷ
874 728 1164 800 βράσματι,
1195 728 1363 799 ἤγουν
1408 729 1464 784 ἐν
1508 730 1573 799 τῇ
1606 729 1755 799 ἀκμῇ
1784 725 1879 780 τοῦ
1904 728 2028 782 διω-

451 817 594 890 γμοῦ
619 820 911 889 ἱστάμενοι,
934 820 1028 874 καὶ
1055 820 1285 892 ὁρῶντες
1308 819 1375 874 τά
1405 820 1679 892 μαρτύρια
1700 819 1808 874 τῶν
1834 819 2022 890 ἁγίων,

451 909 548 964 καὶ
602 909 751 975 ὅπως
809 912 1095 966 σπεύδουσι
1146 911 1271 977 τοῦς
1325 912 1385 978 ἐξ
1440 913 1680 985 οὐρανῶν
1734 915 2025 985 στεφάνους

449 1000 633 1055 λαϐεῖν
678 1003 818 1057 κατά
844 1002 1008 1073 ζῆλον
1056 1004 1218 1068 θεῖον,
1271 1004 1544 1057 ἐπεδίδουν
1593 1004 1818 1070 ἑαυτοὺς
1849 1008 1927 1069 είς
1964 1006 2023 1061 τὺ

453 1093 750 1165 μαρτύρων
801 1094 938 1166 μετά
979 1095 1288 1167 παρρησίας
1350 1095 1586 1166 πολλῆς,
1647 1096 1743 1151 καλ⁸
1792 1097 2024 1168 μάλιστα

447 1180 531 1236 δτι
553 1181 777 1238 ἔϐλεπόν
790 1201 942 1249 τινας
963 1185 1419 1257 ὑποσυρομένους,
1442 1185 1562 1240 ἀντὶ
1588 1185 1704 1255 τοῦ,
1729 1186 2024 1258 κλεπτομέ-

449 1290 572 1338 νους
598 1275 691 1328 καὶ
733 1275 1123 1347 ἀπατωμένους
1155 1277 1258 1331 ὑπὸ
1300 1277 1393 1332 τοῦ
1438 1277 1705 1343 διαϐόλου,
1742 1281 1835 1334 καὶ
1864 1281 2020 1334 ἐκπί-

450 1383 699 1432 πτοντας,
735 1369 851 1440 ἤτοι
885 1369 1246 1442 ἀρνουμένους
1279 1370 1377 1443 τὴν
1411 1369 1721 1425 εὐσέϐειαν·
1750 1364 1825 1425 ὧν
1863 1371 2020 1444 χάριν

447 1459 967 1533 ὐποθερμαινόμενοι
988 1461 1207 1529 ἔσωθεν,
1233 1462 1350 1534 ἦτοι
1369 1462 1467 1534 τὴν
1492 1463 1715 1535 καρδίαν
1742 1463 2018 1535 πυρούμε-

448 1568 547 1614 νοι,
572 1549 648 1613 ὡς
687 1552 780 1605 καὶ
820 1553 1106 1618 ἀκούοντες
1147 1554 1753 1627 καταπολεμῆσαι,ήτοι
1799 1557 2018 1627 νικῆσαι

444 1639 532 1696 διὰ
559 1640 751 1696 τούτου
796 1642 885 1697 τὸν
936 1643 1167 1709 ἀλαζόνα
1210 1647 1304 1699 καὶ
1342 1645 1715 1717 ἀντικείμενον
1752 1646 2015 1713 διάϐολον,

446 1730 779 1787 ἐσπούδασαν
811 1733 1067 1788 ὑποδῦναι
1098 1735 1158 1788 τὸ
1186 1735 1503 1807 μαρτύριον,
1529 1736 1615 1790 ἴνα
1644 1735 1717 1808 μὴ
1741 1738 2019 1812 καυχήση-

445 1839 530 1876 ται
557 1825 587 1877 ό
624 1822 866 1890 διάϐολος
917 1826 1012 1880 καὶ
1058 1826 1183 1899 δόξῃ
1230 1828 1405 1899 ἐαυτῷ
1449 1828 1709 1900 φρόνιμος
1754 1825 1910 1895 εἶναι,
1941 1831 2017 1896 ὡς

2125 645 2254 684 num
2288 638 2373 687 est
2420 648 2531 688 non
2574 633 3120 703 perfecerintznunc
3153 637 3320 709 hujus
3365 652 3419 696 et
3446 641 3688 713 reliquo-

2124 734 2247 773 rum
2277 718 2746 777 confirmationem
2785 723 3013 791 inducit,
3051 726 3239 784 dicens
3266 745 3280 781 :
3304 726 3408 796 Qui
3447 729 3595 785 enim
3630 730 3688 788 in

2124 809 2522 880 persecutionis
2564 811 2798 880 fervore,
2848 830 2944 872 seu
2978 815 3321 873 vehementia
3362 826 3592 885 stantes,
3635 828 3691 876 et

2122 899 2367 956 videntes
2396 910 2708 959 sanctorum
2735 906 3017 978 martyria,
3052 914 3107 963 et
3135 909 3409 979 quomodo
3436 912 3689 969 cmlestes

2123 1005 2353 1048 coronas
2383 992 2567 1049 divino
2599 996 2715 1051 zelo
2757 999 3003 1068 accipere
3050 1002 3400 1068 contendant,
3446 1018 3506 1059 se
3538 1003 3689 1075 ipsos

2124 1079 2329 1136 dabant
2381 1083 2644 1157 martyrio
2672 1102 2799 1143 cum
2848 1088 3017 1144 multa
3058 1089 3330 1153 libertate.
3362 1102 3418 1148 et
3454 1095 3690 1150 maxime

2122 1174 2250 1243 quia
2274 1175 2528 1231 videbant
2558 1178 2824 1248 quosdam
2852 1182 3182 1248 subtractos,
3214 1183 3317 1239 hoc
3345 1192 3431 1240 est
3459 1184 3688 1243 eductos

2121 1273 2176 1321 et
2207 1264 2465 1338 deceptos
2494 1283 2526 1323 a
2570 1268 2812 1337 diabolo,
2843 1279 2899 1327 et
2929 1273 3114 1344 lapsos
3153 1290 3252 1331 seu
3281 1285 3542 1348 negantes
3571 1278 3691 1349 pie-

2121 1363 2287 1413 tatem
2314 1378 2330 1415 :
2364 1361 2714 1432 quamobrem
2747 1364 2978 1422 interius
3020 1369 3238 1427 accensi
3268 1386 3362 1426 seu
3402 1373 3567 1429 corde
3597 1374 3687 1428 in-

2120 1445 2401 1516 ﬂammati,
2428 1459 2489 1507 ut
2514 1453 2607 1524 qui
2646 1454 2897 1511 audirent
2930 1473 2989 1514 se
3013 1474 3110 1529 per
3146 1459 3251 1515 hoc
3291 1460 3595 1521 debellasse
3621 1480 3688 1520 ac

2118 1540 2315 1596 vicisse
2365 1545 2661 1615 superbum
2705 1546 3080 1605 adversarium
3118 1550 3415 1617 diabolum,
3455 1555 3685 1613 studue-

2119 1641 2248 1688 runt
2278 1634 2463 1692 subire
2484 1639 2825 1710 martyrium,
2860 1658 2927 1696 ne
2949 1643 3212 1714 glorietur
3232 1643 3481 1702 diabolus
3505 1653 3559 1703 et
3582 1648 3687 1704 sibi

2119 1724 2361 1796 prudens
2392 1742 2514 1785 esse
2542 1730 2813 1797 videatur,
2844 1742 2905 1788 ut
2927 1733 3019 1804 qui
3045 1734 3345 1792 calliditate
3375 1752 3476 1792 sua
3495 1745 3548 1793 et
3569 1755 3687 1794 ma-

2118 1817 2233 1873 litia
2260 1833 2354 1875 eos
2382 1820 2577 1878 vicerit
2608 1824 2701 1894 qui
2742 1839 2841 1879 sua
2865 1832 3061 1896 sponte
3098 1826 3168 1881 ad
3206 1830 3529 1902 martyrium
3551 1844 3685 1886 con-

443 1917 669 1987 νικήσας
683 1914 823 1970 κατὰ
838 1919 1171 1991 πανουργίαν
1191 1919 1315 1983 τούς
1335 1921 1809 1993 αὐτομολήσαντας
1824 1940 1836 1953 ·
1856 1925 1903 1976 εἱ
1924 1924 2008 1977 καὶ

2116 1908 2414 1981 fugerunt:
2450 1913 2614 1969 etiam
2664 1914 2711 1971 si
2739 1931 2861 1972 eum
2909 1917 3066 1973 latuit
3106 1933 3165 1975 se
3211 1896 3384 1991 magis
3428 1919 3575 1976 vinci
3615 1922 3685 1977 ab

441 2005 696 2063 ἐλάνθανε
719 2009 916 2081 μᾶλλον
942 2012 1193 2066 νικᾶσθαι
1222 2012 1325 2066 ὑπὸ
1354 2012 1460 2067 τῶν
1495 2013 1740 2085 ἀθλητῶν
1760 2014 1865 2069 τῶν
1890 2033 2016 2087 καρ-

442 2100 782 2172 τερησάντων
823 2103 920 2168 τάς
968 2104 1248 2175 βασάνους.
1293 2106 1417 2170 Τοῖς
1464 2104 1592 2175 γοῦν
1623 2110 1833 2172 πιστοῖς
1868 2108 2016 2175 ἄξιόν

439 2192 608 2258 ἑστιν,
642 2193 955 2265 εὐχομένοις
973 2194 1113 2269 ὑπὲρ
1142 2196 1320 2249 αὐτῶν
1344 2196 1452 2251 τῶν
1477 2198 1894 2271 τιμωρηθέντων
1920 2200 2015 2254 καὶ

437 2282 798 2355 ἡττηθέντων,
826 2288 1113 2353 ἐπινεύειν,
1146 2290 1263 2360 ἦτοι
1295 2288 1623 2361 συντρέχειν,
1655 2290 1684 2344 ὃ
1719 2308 1771 2345 τι
1811 2292 1904 2345 καὶ
1926 2292 2013 2346 δέ-

437 2372 643 2441 δοκται,
673 2376 767 2431 καὶ
798 2379 939 2432 κατά
974 2396 1026 2432 τι
1064 2379 1123 2432 οὐ
1154 2380 1379 2451 βλάπτει
1429 2382 1772 2453 συμπάσχειν
1803 2383 1899 2437 καὶ
1926 2382 2018 2437 λυ-

441 2463 657 2520 πεῖσθαι
686 2466 826 2539 μετά
855 2469 964 2523 τῶν
985 2472 1182 2540 γονέων
1206 2471 1238 2543 ἢ
1264 2471 1370 2526 τῶν
1399 2472 1571 2536 ἄλλως
1600 2474 2015 2545 προσῳκειωμέ-

440 2573 544 2610 νων
577 2556 717 2629 ὑπὲρ
764 2560 873 2614 τῶν
905 2562 1395 2635 μαρτυρησάντων,
1438 2566 1533 2621 καὶ
1578 2566 2013 2620 ἐκπεπτωκότων

440 2644 547 2701 ἀπὸ
576 2649 828 2721 μηχανῆς
854 2650 947 2705 τοῦ
967 2651 1232 2708 διαϐόλου.
1264 2652 1605 2725 Γινώσκομεν
1628 2653 1756 2725 γάρ,
1788 2654 1862 2719 ὡς
1888 2654 2013 2708 πολ-

438 2736 521 2792 λοὶ
553 2741 872 2813 ἀπήλαυσαν
916 2744 1008 2799 τοῦ
1043 2745 1223 2810 ἐλέους
1268 2746 1491 2818 καὶτῆς
1539 2746 1872 2818 ἀγαθότητος
1917 2746 2011 2802 τοῦ

439 2829 572 2885 Θεοῦ
602 2831 691 2887 διά
719 2835 883 2907 εὐχῆς
928 2836 1150 2910 ἐτέρων.
1182 2837 1280 2891 Διά
1307 2856 1386 2892 τοι
1418 2837 1574 2892 τοῦτο
1617 2840 1801 2902 αὐτοῖς
1830 2856 1892 2893 τε
1922 2839 2012 2894 δο-

439 2920 593 2993 θῆναι
629 2922 821 2993 ἄφεσιν
866 2927 1016 2999 παρά
1058 2926 1150 2980 τοῦ
1200 2927 1336 2981 Θεοῦ
1367 2927 1743 3000 ἐξαιτήσομεν,
1770 2931 1865 2984 καὶ
1899 2934 2012 2995 τοῖς

438 3012 617 3090 ἀλλοις
639 3018 752 3080 τοῖς
784 3017 1181 3084 ἐκπεπτωκόσι,
1212 3020 1302 3073 καὶ
1326 3020 1461 3091 μετά
1488 3021 1660 3075 ταῦτα
1686 3021 1783 3094 τὴν
1806 3021 2011 3094 πλάνην

437 3104 928 3178 ἀνακαλεσαμένοις
980 3108 1076 3163 καὶ
1130 3110 1495 3181 όμολογήσασι
1543 3113 1642 3184 τὴν
1695 3111 2010 3176 εὐσέϐειαν,

443 3199 972 3271 συγκοινωνήσομεν,
1019 3201 1353 3273 μεμνημένοι
1378 3201 1486 3256 τῶν
1530 3203 1636 3275 πρὸ
1684 3203 1782 3273 τῆς
1807 3201 2014 3256 ἐκπτώ-

436 3305 573 3352 σεως
623 3289 846 3358 ἀγώνων
877 3291 1075 3356 αὐτῶν,
1126 3285 1201 3346 ὧν
1234 3292 1548 3363 ὐπήνεγκαν
1588 3292 1679 3347 διὰ
1704 3294 1798 3348 τὸν
1847 3294 2007 3361 Θεὸν,

435 3376 571 3431 ἀλλά
597 3379 704 3450 μὴν
732 3380 826 3433 καὶ
857 3380 950 3434 τοῦ
979 3381 1120 3452 μετά
1144 3381 1313 3437 ταῦτα
1336 3383 1537 3451 ἀγαθοῦ
1563 3384 1866 3457 μεταμέλου
1896 3385 2013 3440 τούο

433 3482 560 3531 των,
594 3468 688 3521 καὶ
722 3469 804 3523 ὅτι
836 3471 1248 3543 μεμαρτύρηται
1292 3473 1672 3540 ἀπολιτεύτους
1701 3475 2008 3544 λογίζεσθαι

434 3557 657 3621 ἑαυτοὺς
688 3558 775 3614 διὰ
806 3561 1133 3634 ἁμάρτημαο
1174 3565 1354 3618 καἱού
1388 3565 1545 3636 μόνον
1581 3569 2009 3640 συγκοινωνήσο-

436 3665 539 3717 μεν
562 3649 765 3715 αὐτοῖς,
797 3650 932 3706 ἀλλά
960 3653 1055 3706 καὶ
1081 3652 1447 3726 συνευξόμεθα
1474 3656 1613 3728 ὑπὲρ
1649 3655 1877 3729 ἱλασμοῦ
1910 3660 2007 3711 αὐ-

434 3737 543 3793 τῶν
577 3741 714 3810 μετά
739 3742 845 3795 τῶν
888 3743 1062 3798 ἀλλων
1092 3744 1199 3799 τῶν
1241 3746 1621 3817 καθηκόντων,
1668 3749 1835 3820 ήγουν
1867 3750 2007 3821 μετά

433 3829 542 3885 τῶν
566 3832 891 3901 όφειλουσῶν
916 3834 1157 3905 γίνεσθαι
1177 3836 1431 3891 εὐποιιῶν
1464 3839 1591 3911 περὶ
1619 3839 1860 3907 τούτους,
1921 3860 2007 3914 νη-

434 3921 615 3993 στείας
644 3922 903 3994 δηλονότι,
950 3925 1315 3999 ὲλεημοσύνης
1344 3930 1438 3983 καὶ
1482 3930 1767 4001 μετανοίας
1790 3949 1803 3962 ·
1840 3931 1908 3985 δι’
1930 3926 2004 3987 ὧν

432 4013 462 4068 ό
493 4014 773 4086 γινόμενος
821 4018 1167 4091 παράκλητος
1211 4021 1351 4093 ὑπὲρ
1398 4022 1553 4093 ἡμῶν
1603 4022 2003 4095 ἐξευμενίζεται

434 4106 565 4177 ἡμῖν
598 4106 690 4161 τὸν
732 4108 966 4182 Πατέρα.
1011 4108 1146 4166 Εἶτα
1193 4111 1286 4165 καὶ
1331 4115 1525 4185 χρήσει
1561 4113 1825 4186 κέχρηται
1868 4131 2003 4187 γρα-

434 4199 589 4268 φικῇ.
636 4198 699 4251 Ἢ
736 4197 792 4252 δέ
824 4201 970 4254 ἐστιν
1015 4202 1078 4254 ἐκ
1121 4203 1220 4273 τῆς
1266 4201 1489 4274 πρώτης
1536 4203 1829 4275 ωθολικῆς
1885 4206 2004 4258 ἐπι-

434 4290 623 4364 στολῆς
649 4291 742 4346 τοῦ
773 4293 927 4363 ἁγίου
957 4294 1251 4349 ἀποστόλου
1280 4297 1374 4349 κα)⁸
1401 4296 1782 4364 εὐαγγελιστοῦ
1825 4298 2002 4352 Ἰωάν-

431 4398 544 4439 νου.

500 4477 742 4533 ΖΩΝΑΡ.
794 4478 851 4532 Ὀ
892 4479 1013 4543 νοῦς
1053 4478 1145 4533 τοῦ
1188 4479 1454 4551 παρόντος
1492 4481 1712 4545 κανόνος
1760 4478 1999 4544 τοιοῦτός

2116 1999 2356 2065 athletis,
2387 2002 2482 2073 qui
2515 2011 2785 2060 tormenta
2817 2004 3030 2064 fortiter
3063 2010 3307 2079 perpessi
3336 2015 3484 2067 sunt.
3525 2007 3687 2067 Fide-

2115 2090 2262 2145 libus
2294 2103 2424 2165 ergo
2447 2094 2732 2151 orantibus
2762 2111 2978 2168 aequum
3010 2106 3094 2155 est
3122 2114 3223 2170 pro
3252 2100 3386 2171 ipsis
3415 2101 3685 2172 supplicio

2115 2180 2322 2239 affectis
2342 2191 2395 2239 et
2422 2185 2652 2256 punitis,
2683 2201 2946 2255 annuere,
2983 2190 3098 2245 sive
3123 2191 3179 2245 in
3204 2189 3309 2247 hoc
3332 2207 3682 2259 concurrere,

2113 2272 2261 2343 quod
2286 2274 2454 2331 etiam
2482 2276 2659 2332 visum
2700 2285 2806 2343 est,
2851 2289 2906 2335 et
2937 2280 3122 2352 aliquo
3153 2282 3316 2338 modo
3347 2285 3485 2340 nihil
3514 2284 3681 2352 laedit,

2114 2378 2221 2418 una
2250 2379 2375 2420 cum
2403 2369 2723 2439 parentibus
2748 2369 2836 2426 vel
2861 2371 2986 2429 aliis
3015 2373 3421 2433 necessitudine
3452 2378 3685 2447 conjun-

2114 2457 2239 2522 ctis,
2268 2472 2369 2529 pro
2402 2457 2471 2515 iis
2499 2461 2594 2532 qui
2622 2460 2998 2520 testimonium
3036 2464 3303 2522 dederunt
3331 2469 3683 2541 martyrium-

2112 2563 2220 2617 que
2248 2550 2561 2619 subierunt,
2594 2554 2688 2612 sed
2730 2555 2871 2627 lapsi
2907 2567 3037 2613 sunt
3067 2558 3269 2615 diaboli
3299 2567 3417 2616 arte
3451 2572 3506 2618 et
3545 2562 3684 2619 iusi-

2113 2637 2238 2706 diis,
2286 2641 2470 2701 dolere
2512 2654 2566 2701 et
2617 2648 2842 2703 tristitia
2894 2648 3051 2705 allici.
3088 2648 3304 2708 Scimus
3347 2653 3493 2709 enim
3535 2657 3684 2727 quod

2112 2729 2270 2785 multi
2318 2732 2617 2792 bonitatem
2665 2743 2719 2793 et
2764 2739 3201 2798 misericordiam
3260 2741 3359 2800 Dci
3396 2745 3682 2801 consecuti

2113 2830 2242 2877 sunt
2269 2837 2371 2895 per
2397 2826 2630 2883 aliorum
2656 2831 2954 2888 orationes.
2991 2831 3224 2905 Ideoque
3249 2843 3303 2891 et
3332 2834 3467 2907 ipsis
3499 2835 3618 2892 dari
3647 2853 3681 2893 ιι

2111 2911 2222 2969 Deo
2248 2924 2600 2985 peccatorum
2629 2922 3006 2979 remissionem
3027 2926 3449 2995 postulabimus,
3478 2933 3533 2982 et
3554 2927 3678 2985 aliis

2111 3009 2205 3079 qui
2235 3009 2373 3081 lapsi
2414 3021 2562 3078 sunt,
2592 3020 2646 3070 et
2674 3022 2864 3085 postea
2895 3032 3140 3074 errorem
3185 3028 3581 3076 revocaverunt
3625 3027 3682 3077 et

2112 3098 2365 3167 pietatem
2399 3100 2641 3157 confessi
2675 3112 2824 3172 sunt,
2877 3106 3426 3176 communicabimus,
3467 3125 3678 3166 memo-

2112 3203 2201 3244 res
2228 3206 2418 3247 eorum
2454 3208 2573 3264 qum
2622 3202 2748 3252 ante
2784 3197 2996 3270 lapsum
3028 3207 3251 3271 propter
3284 3199 3456 3257 Deum
3506 3203 3678 3258 susti-

2110 3291 2349 3340 nuerunt
2383 3287 2762 3359 certaminum,
2792 3299 2846 3349 et
2872 3292 3035 3347 etiam
3072 3295 3225 3349 bonae
3253 3310 3441 3351 eorum
3485 3306 3678 3367 postea

2109 3375 2467 3445 paenitentiae,
2511 3387 2566 3435 et
2611 3381 2756 3452 quod
2779 3397 2838 3437 se
2880 3383 3029 3453 ipsos
3076 3385 3259 3440 testati
3308 3394 3438 3443 sunt
3479 3402 3603 3443 esse
3644 3404 3678 3444 a

2108 3467 2331 3524 civitate
2371 3470 2578 3527 alienos
2607 3479 2828 3543 propter
2859 3483 3138 3543 peccatum
3174 3494 3188 3530 :
3239 3484 3293 3531 et
3340 3492 3449 3532 non
3496 3477 3676 3534 solum

2108 3557 2243 3629 ipsis
2272 3564 2819 3631 communicabimus,
2865 3568 2959 3624 sed
2986 3580 3037 3624 et
3066 3583 3166 3639 pro
3195 3583 3382 3624 eorum
3421 3570 3674 3626 reconci-

2106 3649 2330 3708 liatione
2367 3655 2671 3722 orabimus,
2706 3673 2828 3712 cum
2883 3660 3003 3715 aliis
3032 3677 3153 3732 qua:
3181 3660 3358 3726 decet,
3403 3677 3500 3717 seu
3544 3676 3672 3716 cum

2106 3743 2266 3799 bonis
2310 3746 2568 3816 Operibus
2617 3763 2738 3817 quae
2776 3749 2975 3803 debent
3025 3749 3093 3804 ab
3134 3751 3268 3821 ipsis
3298 3749 3435 3815 ﬁeri,
3464 3749 3675 3822 jejunio

2107 3836 2337 3902 scilicet,
2388 3824 2732 3912 eleemosyna
2782 3849 2835 3896 et
2865 3840 3214 3911 paenitentia;
3254 3857 3351 3913 per
3391 3858 3531 3913 quae,
3578 3843 3674 3913 qui

2105 3941 2205 3997 pro
2248 3928 2406 3983 nobis
2439 3938 2525 3985 est
2557 3929 2873 3997 advocatus,
2907 3930 3122 3988 Patrem
3172 3933 3331 3989 nobis
3373 3933 3669 4004 propitium

2105 4017 2534 4092 benevolumque
2574 4020 2754 4079 eﬂicit.
2797 4022 3004 4081 Deinde
3048 4032 3101 4079 et
3144 4040 3315 4081 sacrae
3368 4022 3672 4097 Scriptura:

2105 4112 2373 4166 sententia
2410 4128 2543 4167 usus
2573 4121 2676 4169 est.
2716 4113 2791 4168 Ea
2821 4132 2951 4172 vero
2978 4124 3062 4173 est
3087 4132 3149 4171 ex
3181 4118 3357 4187 prima
3383 4118 3660 4175 catholica

2103 4202 2330 4272 epistola
2359 4205 2535 4259 sancti
2562 4206 2792 4276 apostoli
2825 4216 2878 4262 et
2900 4208 3245 4278 evangelista;
3271 4205 3525 4266 Joannis.

2173 4466 2373 4521 Zomn.
2412 4467 2864 4539 Hujus-canonis
2920 4474 3188 4529 sententia
3240 4472 3509 4545 ejusmodi
3561 4483 3668 4532 est.

430 4569 577 4621 ἐστιν
595 4584 609 4599 θ
636 4569 699 4623 Οἱ
727 4570 785 4621 ἐν
812 4568 888 4639 τῷ
920 4569 1214 4641 βράσματι,
1239 4572 1392 4643 φησι,
1414 4570 1509 4624 τοῦ
1538 4571 1802 4643 διωγμοῦ,
1828 4573 1994 4643 ἤγουν

2108 4556 2207 4623 Qui
2240 4557 2296 4612 in
2349 4557 2586 4628 fervore,
2629 4563 2827 4633 inquit,
2874 4566 3292 4635 persecutionis,
3323 4567 3428 4622 hoc
3477 4575 3562 4622 est
3611 4568 3668 4624 in

429 4660 488 4713 ἐν
518 4662 584 4731 τῇ
619 4660 810 4731 ἀκμῇ,
851 4663 918 4731 τῇ
962 4661 1107 4727 ζέσει
1152 4663 1465 4732 ἱστάμενοι,
1515 4663 1608 4716 καὶ
1647 4663 1882 4735 δρῶντες
1928 4664 1995 4718 τὰ

434 4749 705 4823 μαρτύρια
729 4751 838 4805 τῶν
866 4751 1072 4820 ἁγίων,
1116 4751 1210 4805 καὶ
1249 4753 1398 4817 ὅπως
1437 4753 1725 4808 σπεύδουσι
1775 4756 1901 4820 τούς
1935 4756 1995 4821 ἐξ

428 4842 657 4914 οὐρανοῦ
686 4842 980 4911 στεφάνους
1008 4841 1191 4896 λαϐεῖν
1214 4882 1230 4906 ,
1257 4843 1398 4897 κατά
1432 4843 1593 4915 ζῆλον
1641 4843 1782 4899 θεῖον
1814 4845 1996 4900 ἐπεδί-

426 4933 550 4988 δουν
582 4934 808 4998 ἑαυτοὺς
835 4935 913 4998 εἱς
932 4932 1001 4986 τὰ
1029 4933 1322 5006 μαρτύρια,
1358 4934 1497 5005 μετὰ
1525 4936 1835 5010 παρρησίας
1862 4937 1990 4991 πολ-

424 5022 525 5097 λῆς
569 5028 907 5100 ὁρμήσαντες
955 5027 1034 5088 εἱς
1077 5025 1169 5078 τὸν
1215 5025 1433 5094 ἀγῶνα,
1480 5024 1821 5097 ζηλώσαντες
1867 5030 1994 5093 τοὺς

393 5113 614 5190 ξάγίους
637 5115 944 5185 πάσχοντας
963 5156 977 5179 ,
1009 5115 1102 5168 καὶ⁵
1135 5114 1408 5179 ἐπιδόντες
1432 5117 1660 5180 ἑαυτοὺς
1696 5117 1992 5190 προθύμως

398 5182 491 5278 ’τῇ
546 5182 820 5279 μαρτυρίᾳ
842 5246 857 5271 ,
908 5208 1001 5260 καὶ
1034 5205 1264 5277 μάλιστα
1295 5206 1376 5259 ὅτι
1416 5205 1639 5261 ἓϐλεπόν
1667 5182 1820 5273 τινας

426 5298 783 5371 συρομένους,
831 5298 953 5352 ἀντὶ
983 5298 1098 5362 τοῦ,
1118 5297 1546 5368 κλεπτομένους,
1592 5300 1991 5371 ἀπατωμένους

423 5390 519 5443 καὶ
560 5389 925 5463 ἀρνουμένους
957 5390 1054 5461 τὴν
1083 5389 1360 5443 εὐσέϐειαν
1381 5429 1396 5453 ,
1428 5388 1948 5462 ὐποθερμαινόμενοι
1972 5435 1989 5461 ,

423 5482 541 5552 ἦτοι
585 5482 914 5553 πυρούμενοι
951 5482 1052 5553 τὴν
1098 5480 1359 5552 καρδίαν,
1389 5480 1648 5535 ἔσπευδον
1684 5483 1989 5537 καταπολε-

429 5573 600 5643 μῆσαι
623 5571 713 5626 τδν
744 5573 941 5637 αὐτοὺς
965 5572 1302 5643 ὑποσύροντα
1334 5574 1590 5644 πονηρὸν,
1619 5572 1708 5627 ἴνα
1742 5573 1817 5646 μὴ
1849 5591 1988 5627 καυ-

420 5666 613 5735 χᾶται,
646 5663 722 5729 ὡς
748 5665 924 5736 ήττῶν
972 5666 1099 5730 τοὺς
1145 5666 1391 5731 εὐσεϐεῖς
1415 5682 1429 5698 ·
1475 5668 1523 5719 εἱ
1557 5667 1653 5720 καὶ
1700 5666 1989 5721 ἐλάνθανεν

423 5755 611 5813 ἑαυτὸν
637 5757 846 5826 ἀγνοῶν
864 5797 880 5823 ,
918 5758 998 5812 ὅτι
1043 5758 1240 5830 μᾶλλον
1283 5759 1544 5829 ἡττᾶται,
1577 5757 1788 5811 πολλῶν
1826 5758 1986 5830 μέχρι

424 5845 654 5907 θανάτου
685 5848 783 5924 τήν
814 5849 952 5924 ὑπὲρ
998 5850 1095 5921 τῆς
1134 5850 1367 5916 πίστεως
1399 5847 2021 5942 ἔνστασιν-ἐνδειξαμέ-Ψ

2100 4661 2313 4703 summo
2349 4648 2497 4705 illius
2526 4650 2842 4709 discrimine
2878 4655 3466 4728 vebementissimaque
3506 4657 3670 4714 dimi-

2096 4739 2312 4794 catione
2360 4744 2665 4809 constituti,
2708 4760 2773 4799 ac
2803 4747 3062 4818 martyria
3103 4755 3416 4803 sanctorum
3448 4750 3667 4804 intuen-

2097 4837 2200 4895 tes,
2237 4841 2291 4886 et
2314 4848 2480 4904 quam
2533 4836 2880 4893 vehementer
2923 4838 2992 4893 ad
3020 4839 3369 4909 accipiendas
3409 4839 3663 4895 caelestes

2096 4937 2329 4980 coronas
2379 4925 2733 4992 festinarent,
2779 4928 2965 4983 divina
3014 4931 3359 4985 aemulatione
3408 4945 3468 4985 se
3515 4930 3667 5001 ipsos

2094 5017 2355 5087 martyrio
2382 5018 2673 5085 tradidere,
2691 5021 2861 5075 multa
2887 5035 3010 5076 cum
3031 5022 3279 5078 libertate
3307 5023 3363 5077 in
3384 5031 3660 5078 certamen

2094 5106 2427 5176 desilientes,
2459 5121 2770 5168 sanctorum
2810 5113 2903 5186 qui
2947 5113 3297 5185 patiebantur
3336 5116 3660 5182 imitatione,

2094 5214 2260 5271 seque
2283 5212 2566 5272 promptos
2595 5204 2662 5259 ad
2689 5205 2848 5261 fidem
2887 5206 3200 5263 testimonio
3230 5205 3659 5261 conﬁrmandam

2092 5295 2360 5360 obtulere,
2400 5304 2513 5351 tum
2544 5297 2616 5352 ob
2646 5297 2700 5352 id
2721 5298 2957 5354 maxime
2980 5298 3107 5369 quia
3138 5297 3343 5352 multos
3372 5306 3663 5353 cernerent

2092 5388 2186 5462 qui
2219 5387 2705 5456 subtrahebantur,
2736 5389 2841 5444 hoc
2890 5397 2975 5445 est
3028 5387 3474 5455 traducebantur,
3509 5389 3665 5446 deci-

2091 5481 2397 5552 piebantur,
2421 5482 2678 5553 pietatem
2724 5482 3014 5553 negabant,
3050 5480 3341 5546 ferventes,
3395 5483 3499 5537 hoc
3550 5489 3656 5546 est,

2091 5572 2365 5629 ﬂammato
2388 5575 2574 5642 corde,
2611 5574 2869 5630 infestum
2896 5572 3031 5644 ipsis
3062 5574 3433 5630 adversarium
3474 5573 3660 5630 debel-

2090 5665 2204 5721 lare
2231 5666 2579 5736 studuerunt,
2613 5682 2683 5723 ne
2720 5665 2884 5722 veluti
2926 5666 3140 5736 piorum
3180 5666 3357 5721 victor
3396 5663 3660 5738 gloriare»

2090 5767 2210 5827 tur;
2244 5761 2496 5832 quamvis
2552 5776 2676 5820 eum
2725 5762 2966 5827 latuerit,
2996 5760 3141 5817 vinci
3189 5774 3248 5817 se
3292 5759 3499 5831 potius,
3530 5774 3663 5815 cum

2094 5851 2250 5907 multi
2284 5850 2351 5907 ad
2380 5859 2609 5911 mortem
2637 5867 2811 5924 usque
2842 5867 2942 5926 pro
3000 5852 3106 5909 fide
3148 5850 3512 5908 constantiam
3546 5863 3661 5927 pra)
