4132 6432
402 357 508 416 499

1435 357 1495 412 S.
1537 355 1742 415 PETRI
1780 357 2251 418 ALEXANDRINI
2295 359 2606 421 EPISCOPI

3539 371 3644 431 500

406 493 467 534 se
500 479 747 534 tulerint.
773 475 1125 538 Festinarunt
1155 477 1515 548 ergo,inquit,
1550 489 1609 531 ut
1645 479 1698 533 id
1729 488 1970 550 agerem,

2092 497 2201 534 nov.
2231 482 2528 535 Ἐσπευδον
2559 484 2656 554 μὲν
2677 479 2790 550 οὖν,
2812 485 2996 555 φησιν,
3022 483 3194 549 οὕτως
3221 486 3460 557 ποιῆσαι,
3480 489 3667 560 ήττιγ,

405 568 649 638 superati
709 575 889 621 autem
927 569 979 621 vi
1017 575 1409 623 tormentorum
1439 567 1511 622 ob
1548 569 1974 625 imbecillitatem

408 661 612 719 carnis.
655 660 850 732 partim
905 659 961 713 in
1016 660 1281 715 custodiis
1329 660 1470 714 male
1520 661 1748 730 accepti,
1778 662 1976 732 partim

407 767 538 808 vero
565 751 619 804 in
645 750 866 821 judiciis
913 753 1092 822 poenis
1145 751 1340 817 allecti,
1373 766 1473 817 nec
1505 749 1738 806 ferentes
1771 752 1980 822 suppli-

406 844 514 900 cia.
549 843 741 913 Opera:
771 843 1006 914 pretium
1041 851 1126 898 est
1158 843 1324 912 igitur
1345 858 1467 896 cum
1503 842 1572 896 iis
1595 846 1687 912 qui
1736 843 1976 914 ipsorum

409 948 577 989 causa
602 935 810 1004 lugent,
844 932 1254 988 condolescere.
1311 932 1524 1002 Lugent
1557 950 1742 1004 porro,
1781 934 1975 1004 inquit,

410 1034 702 1094 parentum
744 1023 859 1084 alii,
893 1023 983 1075 alii
1018 1022 1271 1085 fratrum,
1299 1021 1388 1075 alii
1420 1024 1716 1078 liberorum
1740 1025 1975 1095 lapsum.

413 1115 552 1169 Cum
593 1114 662 1170 iis
692 1114 860 1186 igitur
890 1115 981 1184 qui
1017 1115 1199 1184 lapsos
1235 1115 1438 1184 lugent,
1477 1115 1639 1170 simul
1674 1117 1856 1188 lugere
1885 1134 1980 1172 ne—

413 1206 617 1261 minem
661 1205 824 1272 laedit,
855 1221 957 1260 nec
997 1220 1120 1258 cum
1179 1205 1246 1260 iis
1303 1220 1410 1259 una
1459 1208 1666 1276 precari
1710 1217 1764 1269 et
1798 1209 1980 1264 dolere

412 1296 508 1368 qui
540 1313 638 1367 pro
670 1297 803 1367 ipsis
838 1303 1049 1369 regant,
1083 1311 1206 1351 cum
1230 1299 1352 1362 aliis
1387 1314 1580 1370 nempe
1628 1299 1824 1353 rationi
1849 1315 1980 1354 con-

415 1389 731 1454 sentaneis;
764 1405 885 1445 cum
919 1404 983 1449 eo
1016 1389 1250 1456 scilicet,
1280 1397 1340 1443 ut
1385 1391 1478 1461 qui
1512 1392 1646 1462 lapsi
1685 1402 1830 1456 sunt,
1877 1393 1980 1448 alia

415 1498 636 1554 quoque
661 1487 939 1553 praestent,
967 1496 1088 1555 quae
1113 1490 1419 1552 congruunt
1455 1483 1822 1555 pcenitentim:
1856 1491 1982 1538 sunt

418 1577 532 1631 hmo
560 1590 722 1647 porro
745 1575 952 1645 jejunia
993 1584 1046 1630 et
1093 1577 1364 1646 lacrymae,
1414 1576 1640 1646 aliaeque
1682 1575 1982 1631 aﬂlictatio-

418 1682 536 1730 nes,
563 1667 886 1720 muletarum
911 1667 1320 1723 observationes
1348 1679 1494 1722 :tum
1526 1670 1572 1724 si
1607 1669 1838 1724 facultas
1861 1685 1986 1739 sup-

417 1762 585 1826 petat,
619 1755 973 1829 pecuniarum
1026 1757 1079 1811 in
1125 1772 1390 1828 pauperes
1424 1757 1693 1828 erogatio;
1722 1773 1858 1828 quas
1914 1759 1984 1811 ob

2077 573 2262 636 θέντες
2291 573 2348 625 δὲ
2380 574 2488 627 τῶν
2523 576 2770 644 βασάνων
2794 576 2860 630 δι’
2893 575 3176 630 ἀσθένειαν
3209 577 3307 648 τῆς
3331 578 3534 650 σαρκὸς
3553 618 3569 644 ,
3595 581 3646 632 οἱ

2081 665 2177 736 μὲν
2213 667 2270 718 ἐν
2297 669 2416 730 ταῖς
2446 666 2710 736 φυλακαῖς
2739 668 3175 734 κακοπαθοῦντες
3194 711 3209 730 ,
3244 670 3294 722 οἱ
3343 670 3402 724 δὲ
3441 672 3534 725 ἐπὶ
3565 671 3647 726 δι·-

2079 756 2374 826 καστηρίου
2404 756 2790 822 κολασθέντες,
2836 759 2934 811 καὶ
2975 757 3048 829 μὴ
3087 758 3405 826 ἐνεγκόντες
3445 761 3546 824 τὰς
3568 779 3648 814 τι-

2082 844 2309 916 μωρίας.
2353 845 2536 910 Ἂξιον
2567 843 2660 900 οὖν
2701 850 2816 904 ἐστι
2854 851 2968 913 τοῖς
3003 849 3144 920 ὑπὲρ
3177 849 3357 904 αὐτῶν
3392 851 3648 905 πενθοῦσι

2082 935 2438 1006 συμπάσχειν.
2468 937 2730 992 Πενθοῦσι
2749 939 2826 1003 δὲ,
2852 941 3034 1011 φησὶν,
3062 941 3111 993 οἱ
3140 940 3238 1010 μέν
3264 940 3402 1011 ὐπέρ
3423 941 3647 1011 γονέων,

2077 1029 2127 1079 οἱ
2154 1027 2209 1078 δὲ
2237 1029 2376 1098 ὑπὲρ
2418 1029 2523 1081 τῶν
2563 1029 2806 1099 ἀδελφῶν
2836 1071 2851 1094 ,
2882 1033 2928 1085 οἱ
2972 1031 3029 1084 δὲ
3075 1033 3214 1104 ὑπὲρ
3245 1033 3450 1086 τέκνων
3475 1052 3651 1106 παρα-

2081 1119 2468 1177 πεπτωκότων.
2503 1121 2576 1174 Τὸ
2614 1121 2744 1191 γοῦν
2787 1123 3114 1192 συμπενθεῖν
3152 1126 3265 1188 τοῖς
3309 1125 3437 1188 τοὺς
3469 1141 3650 1197 παρα-

2081 1209 2438 1274 πεπτωκότας
2486 1209 2773 1265 πενθοῦσιν
2810 1213 2996 1266 οὐδένα
3029 1213 3434 1281 καταδλάπτει,
3465 1215 3560 1268 καὶ
3590 1215 3652 1267 τὸ

2084 1301 2395 1356 συνδέεσθαι
2433 1303 2528 1356 καὶ
2552 1303 2832 1372 συναλγεῖν
2864 1307 2973 1368 τοῖς
2999 1305 3274 1376 δεομένοις
3301 1307 3440 1378 ὑπὲρ
3473 1305 3652 1366 αὐτῶν

2085 1393 2224 1464 μετὰ
2253 1393 2362 1447 τῶν
2396 1394 2570 1449 ἄλλων
2598 1395 2968 1467 καθηκόντων,
2995 1397 3160 1466 ἤγουν
3193 1397 3328 1468 μετὰ
3356 1397 3448 1450 τοῦ
3479 1401 3652 1451 ποιεῖν

2083 1485 2324 1550 ἐκείνους
2376 1487 2502 1551 τοὺς
2568 1487 3080 1559 παραπεπτωκότας
3147 1489 3237 1541 καὶ
3281 1487 3350 1542 τὰ
3398 1489 3532 1545 ἄλλα
3585 1489 3652 1547 τὰ

2083 1578 2362 1648 πρέποντα
2386 1581 2454 1650 τῇ
2484 1581 2772 1651 μετανοίᾳ·
2812 1581 2954 1652 άπερ
2996 1580 3102 1632 εἰσὶ
3139 1583 3380 1652 νηστεῖαι
3421 1581 3514 1634 καὶ
3551 1580 3650 1634 δά-

2084 1685 2244 1740 κρυα,
2277 1667 2433 1722 ἄλλαι
2457 1686 2517 1722 τε
2547 1671 2945 1735 κακοπάθειαι,
2983 1671 3272 1741 ἐπιτιμίων
3304 1670 3562 1740 φυλακαίο
3601 1673 3650 1723 εἰ

2083 1759 2128 1812 δ’
2159 1759 2224 1814 ἂν
2251 1761 2551 1832 εὐποροῖεν,
2585 1762 2678 1814 καὶ
2701 1761 2874 1826 δόσεις
2908 1765 3203 1834 χρημάτων
3233 1763 3367 1834 πρὸς
3393 1762 3650 1834 πένητας,

417 1860 506 1910 res
539 1845 633 1916 qui
659 1860 757 1914 pro
791 1845 950 1901 nobis
973 1846 1271 1903 advocatus
1307 1859 1390 1903 εει
1415 1848 1613 1912 factus,
1644 1847 1859 1904 Patrem
1884 1863 1982 1902 no-

2092 1851 2152 1904 δι⁹
2185 1844 2258 1904 ὧν
2287 1854 2316 1904 ό
2343 1852 2624 1922 γινόμενος
2659 1853 3006 1925 παράκλητος
3031 1854 3168 1925 ὑπὲρ
3193 1855 3350 1925 ἡμῶν
3377 1851 3657 1924 ἐξευμενίη

417 1934 504 1989 bis
555 1935 852 2006 pr0pitium
887 1936 1095 1992 reddet.
1147 1936 1380 1993 Adhibet
1429 1953 1553 1992 mox
1605 1938 1824 2006 petitam
1850 1954 1984 2008 quo—

419 2041 526 2094 que
555 2041 618 2081 ex
678 2029 853 2085 sacris
887 2027 1083 2084 litteris
1115 2030 1462 2094 sententiam,
1493 2045 1615 2100 quae
1655 2039 1828 2085 estex
1872 2031 1983 2101 pri-

419 2133 508 2172 ma
551 2117 796 2189 Epistola
835 2122 1010 2178 sancti
1061 2123 1294 2194 apostoli
1338 2133 1391 2179 et
1433 2123 1778 2195 evangelista:
1822 2120 1987 2176 Joan-

420 2224 454 2262 ΙΙ
461 2224 528 2267 IS.

1011 2306 1242 2364 CANON
1278 2307 1392 2365 XII.

493 2413 515 2446 ς
559 2394 631 2451 lis
653 2396 798 2452 enim
823 2397 916 2468 qui
945 2401 1231 2471 pecuniam
1257 2399 1546 2463 dederunt,
1583 2406 1641 2454 ut
1684 2399 1788 2469 ipsi
1841 2395 1984 2452 omni

427 2505 445 2536 ι
496 2501 565 2542 ex
595 2498 748 2560 parte
794 2491 864 2546 ab
893 2493 1042 2546 omni
1095 2493 1303 2547 malitia
1347 2492 1726 2564 imperturbati
1779 2497 1985 2552 essent,

427 2598 445 2629 ε
493 2580 702 2635 crimen
735 2581 940 2636 intendi
971 2597 1080 2638 non
1119 2592 1317 2654 potest.
1349 2583 1616 2638 Damnum
1649 2583 1792 2638 enim
1821 2589 1874 2637 et
1903 2581 1989 2650 ja-

427 2689 446 2721 ι
486 2678 700 2728 cturam
731 2676 1088 2746 pecuniarum
1125 2679 1528 2742 sustinuerunt,
1562 2691 1630 2731 ne
1664 2674 1766 2745 ipsi
1795 2673 1989 2728 animae

427 2782 444 2814 ι
491 2763 816 2822 detrimento
847 2766 1207 2834 adicerentur,
1241 2769 1323 2823 vel
1381 2770 1554 2839 ipsam
1587 2767 1750 2822 etiam
1797 2765 1988 2836 perde-

428 2875 446 2908 ‹
488 2864 633 2923 rent,
670 2858 816 2929 quod
851 2861 942 2914 alii
969 2869 1194 2931 propter
1237 2868 1396 2930 turpe
1443 2860 1651 2914 lucrum
1694 2874 1802 2913 non
1849 2857 1992 2912 fece-

428 2965 448 2998 r
493 2955 625 3003 runt
660 2951 946 3020 :quamvis
987 2950 1251 3006 Dominus
1298 2951 1486 3005 dicata
1514 2970 1527 3004 :
1556 2949 1696 3017 Quid
1729 2950 1867 3004 enim
1897 2947 1990 3000 Ito-

427 3056 451 3092 c
497 3040 688 3096 minem
729 3041 960 3112 juvabit,
1015 3044 1062 3098 si
1108 3045 1404 3102 universum
1446 3043 1697 3097 mundum
1754 3041 1988 3094 lucratus

429 3149 448 3180 ‹
493 3131 676 3201 fuerit,
723 3134 916 3190 anima:
961 3144 1136 3190 autem
1175 3134 1482 3194 detrimento
1525 3135 1686 3204 fuerit
1746 3132 1986 3202 affectus,

430 3244 447 3274 ‹
495 3226 574 3280 vel
595 3243 712 3280 eam
742 3226 904 3281 etiam
956 3229 1288 3295 perdiderit?
1319 3227 1382 3280 Ει
1413 3227 1650 3282 rursush
1688 3245 1700 3280 :
1749 3223 1870 3279 Non
1904 3239 1993 3294 po-

429 3335 444 3363 ε
497 3316 642 3370 testis
678 3315 787 3371 Deo
815 3318 1008 3374 servire
1027 3327 1075 3372 et
1101 3334 1412 3372 mammona:
1443 3333 1462 3370 :
1500 3317 1554 3370 in
1583 3316 1690 3370 illis
1717 3314 1862 3370 enim
1895 3329 1992 3384 ap-

431 3426 450 3454 ε
498 3415 796 3478 paruerunt
821 3411 916 3480 qui
943 3407 1052 3464 Deo
1081 3411 1371 3474 servirent,
1404 3405 1988 3475 exosis,coneulcatis,

429 3519 447 3548 ε
496 3501 932 3571 contemptisque
963 3502 1232 3572 pecuniis,
1268 3509 1324 3556 et
1362 3500 1418 3555 in
1464 3516 1530 3555 eo
1587 3499 1991 3569 compleverunt

429 3611 448 3642 σ
497 3591 642 3669 quod
673 3593 941 3662 scriptum
965 3601 1090 3648 estc
1133 3613 1143 3646 :
1191 3591 1430 3646 Pretium
1467 3589 1836 3660 redemptionis
1872 3589 1992 3643 ani-

429 3701 448 3732 ι
494 3697 592 3735 ma:
616 3680 864 3744 hominis,
900 3684 1130 3750 propria:
1165 3682 1382 3736 divitiae.
1416 3679 1556 3734 Nam
1586 3689 1640 3736 et
1679 3681 1734 3734 in
1763 3681 1992 3734 Actibus

430 3791 448 3822 ι
497 3785 714 3841 quoque
765 3771 1426 3848 apostolorumlegimus.
1457 3785 1552 3824 eos
1571 3769 1664 3840 qui
1698 3784 1796 3840 pro
1825 3767 1993 3822 Paulo

431 3882 451 3913 ι
499 3871 555 3916 et
589 3859 701 3915 Sila
721 3859 1125 3918 Thessalonica:
1148 3861 1215 3916 ad
1243 3864 1590 3934 magistratus
1618 3861 1992 3932 trahebantur,

431 3972 452 4006 ε
499 3969 623 4010 cum
663 3954 850 4010 multis
880 3953 1128 4031 pecuniis
1167 3953 1338 4011 fuisse
1373 3953 1651 4011 dimissos.
1699 3955 1993 4027 Postquam

431 4063 452 4096 ε
499 4046 644 4100 enim
680 4045 828 4115 ipsos
859 4057 1079 4115 propter
1127 4060 1325 4100 nomen
1372 4045 1600 4100 multum
1649 4057 1992 4112 onerassent,

433 4156 452 4188 ‹
499 4145 554 4194 et
589 4136 997 4194 multitudinem
1047 4138 1508 4208 magistratusque
1562 4139 1992 4210 perturbassent,

433 4247 454 4281 ι
499 4228 564 4282 ab
615 4228 835 4294 Iasone,
871 4229 1070 4299 inquit,
1131 4240 1179 4283 et
1239 4228 1452 4299 reliquis
1505 4229 1855 4284 satisdatione
1904 4248 1996 4285 ac-

434 4341 452 4373 ι
499 4331 666 4390 cepta,
692 4337 779 4376 eos
807 4320 1142 4376 dimiserunt.
1177 4320 1397 4375 Fratres
1430 4330 1606 4376 autem
1645 4331 1803 4376 noctu
1827 4325 1995 4392 proti-

435 4434 454 4467 ι
501 4431 600 4480 nus
623 4413 858 4481 Paulum
889 4424 939 4468 et
970 4414 1141 4470 Silam
1176 4417 1430 4468 miserunt
1455 4417 1510 4467 in
1538 4413 1866 4469 Berraeamd.
1900 4433 1920 4466 ι

497 4593 662 4648 Βλιε.
702 4592 997 4662 Postquam
1027 4590 1262 4648 Sanctus
1291 4592 1359 4648 de
1387 4593 1455 4648 iis
1479 4594 1573 4664 qui
1601 4608 1699 4648 sua
1720 4601 1912 4667 sponte
1933 4593 2001 4647 ad

431 4684 754 4756 martyrium
771 4683 1114 4754 confugiunt,
1137 4683 1476 4752 perfecisset,
1508 4685 1639 4740 dicit
1663 4701 1758 4740 eos
1787 4701 1894 4742 non
1915 4701 2003 4744 es-

431 4793 492 4834 se
529 4776 1030 4848 reprehendendos,
1060 4777 1153 4847 qui
1212 4793 1268 4832 se
1301 4778 1450 4846 ipsos
1495 4778 1640 4833 datis
1682 4778 1931 4848 pecuniis
1972 4793 2002 4831 a

433 4878 831 4934 tormentorum
851 4869 1141 4925 atilictione
1174 4870 1494 4925 liberarunt.
1525 4869 1830 4925 Maluerunt
1854 4870 2003 4926 enim

433 4975 658 5028 suarum
683 4962 1056 5032 pecuniarum,
1089 4979 1250 5033 quam
1277 4977 1388 5016 suae
1407 4964 1601 5016 animae
1627 4963 1894 5032 jacturam
1919 4959 2002 5016 fa-

434 5069 576 5120 cere.
610 5053 816 5112 Deinde
836 5055 940 5115 hoc
975 5056 1150 5126 ipsum
1184 5055 1470 5111 continuat
1497 5064 1550 5112 et
1595 5055 1750 5111 all‘ert
1781 5057 1997 5113 diversa

505 5204 532 5233 α
561 5190 754 5248 Matth.
787 5208 901 5258 XVI,
929 5192 1020 5248 26.
1099 5194 1127 5235 ι)
1154 5191 1348 5246 Mat-tit.
1377 5209 1449 5258 Vt,
1469 5194 1561 5248 24.

2088 1960 2236 1996 σεται
2279 1946 2410 2015 ἡμῖν
2437 1945 2528 1997 τὸν
2573 1946 2808 2017 Πατέρα.
2857 1941 2989 1998 Εἶτα
3032 1947 3125 1999 καὶ¹
3159 1947 3348 2017 χρήσει
3391 1945 3653 2017 κέχρηται

2084 2039 2324 2108 γραφικῇ
2347 2077 2362 2100 ,
2401 2037 2522 2108 ἥτις
2555 2037 2703 2091 ἐστὶν
2750 2041 2816 2092 ἐκ
2855 2039 2954 2108 τῆς
2986 2036 3208 2110 πρώτης
3239 2037 3526 2110 ἐπιστολῆς
3555 2034 3652 2090 τοῦ

2085 2127 2240 2198 ἁγίου
2273 2126 2568 2182 ἀποστόλου
2594 2129 2688 2182 καὶ
2717 2127 3105 2197 εὐαγγελιστοῦ
3138 2126 3408 2180 Ἰωάννου.

2683 2309 2919 2371 ΚΛΝΩΝ
2958 2307 3060 2363 ιδ’.

2162 2421 2180 2452 ‹
2225 2402 2346 2465 Τοῖς
2378 2400 2487 2472 γάρ
2520 2400 2757 2473 ἀργύρια
2789 2401 3046 2456 δεδωκόσι
3096 2399 3232 2472 πρὸς
3264 2397 3324 2452 τὸ
3366 2393 3656 2467 άνενοχλή-

2095 2517 2110 2543 ι
2157 2513 2282 2558 τους
2305 2496 2498 2558 αὐτοὺς
2516 2495 2559 2526 ⁸⁸
2577 2494 2884 2548 παντάπασι
2909 2493 3160 2563 γενέσθαι
3185 2491 3292 2547 ἀπὸ
3309 2495 3352 2530 δ’
3371 2491 3549 2562 πάσης
3577 2488 3655 2560 (9)

2097 2606 2113 2636 ‹
2162 2587 2378 2650 κακίας,
2425 2587 2523 2640 οὐκ
2547 2585 2692 2639 ἔστιν
2740 2586 2988 2658 ἔγκλημα
3030 2584 3401 2658 προσάγειν⁸⁰.
3445 2581 3656 2656 Ζημίαν

2095 2698 2112 2728 ι
2163 2677 2268 2748 γὰρ
2297 2678 2391 2730 καὶ
2436 2678 2708 2732 ἀπώλειαν
2742 2677 3036 2749 χρημάτων
3082 2677 3426 2747 ὐπήνεγκαν,
3458 2673 3546 2726 ἵνα
3581 2669 3658 2742 μὴ

2095 2791 2112 2821 ι
2155 2769 2253 2840 τὴν
2297 2768 2470 2841 ψυχὴν
2493 2770 2700 2823 ἑαυτῶν
2734 2771 2798 2802 ’θ’
2846 2767 3190 2841 ζημιωθῶσιν
3229 2764 3658 2838 ῆάπολέσωσιν,

2097 2883 2114 2912 ι
2161 2863 2296 2933 ὅπερ
2341 2862 2488 2916 ἄλλοι
2537 2863 2676 2916 κατὰ
2718 2859 3160 2933 αἰσχροκέρδειαν
3198 2860 3258 2911 οὐ
3292 2856 3677 2930 πεποιήκασιῇ

2098 2973 2116 3004 (
2163 2955 2416 3024 καίτοιγε
2449 2955 2544 3008 τοῦ
2580 2955 2784 3026 Κυρίου
2813 2953 3082 3022 λέγοντος·
3126 2951 3187 3004 Τί
3214 2950 3324 3022 γὰρ
3360 2943 3660 3017 ὠφελήσει

2098 3065 2117 3098 ι
2163 3045 2492 3114 ἅνθρωπος,
2519 3045 2626 3100 ἐὰν
2650 3047 2756 3100 τὸν
2787 3045 3020 3114 κόσμον
3043 3043 3192 3100 ὅλον
3215 3038 3482 3108 κερδήσῃ
3502 3077 3518 3101 ,
3547 3035 3662 3104 τὴν

2099 3157 2117 3189 ι
2163 3137 2232 3190 δὲ
2258 3135 2471 3206 ψυχὴν
2499 3136 2684 3191 αὐτοῦ
2723 3133 2995 3205 ζημιωθῇ,
3026 3133 3062 3204 ἢ
3085 3131 3394 3199 ἁπολέσῃ;
3437 3129 3527 3183 καὶ
3555 3129 3661 3192 ὃτι,

2105 3247 2123 3279 ι
2164 3229 2246 3280 Οὐ
2296 3226 2560 3280 δύνασθε
2624 3223 2744 3290 Θεῷ
2815 3209 3129 3277 δουλεύειν
3185 3221 3282 3274 καὶ
3347 3215 3658 3288 μαμμωνᾷ.

2100 3339 2118 3370 ι
2176 3319 2483 3390 Ἐφάνησαν
2533 3317 2642 3390 γὰρ
2698 3317 2826 3389 παρ’
2877 3315 3106 3378 ἐκείνοις
3153 3313 3330 3386 Θεῷ⁵¹
3373 3310 3483 3382 (10)
3535 3309 3662 3366 δου-

2098 3427 2117 3460 t
2161 3407 2594 3472 λεύοντες,τὰ⁵¹”
2620 3405 2856 3478 ἀργύρια
2881 3405 3208 3476 μισήσαντες
3226 3402 3319 3456 καὶ
3350 3399 3666 3472 καταπατή-

2100 3519 2118 3551 ‹
2168 3517 2380 3566 σαντες,
2412 3506 2458 3537 ⁸³
2507 3500 2600 3551 καὶ
2646 3497 3157 3568 καταφρονήσαντες
3191 3491 3399 3556 αὐτῶν,
3429 3488 3663 3560 ἀνεπλή-

2100 3608 2118 3642 ‹
2168 3592 2346 3662 ρωσάν
2370 3592 2438 3622 ⁵⁸⁵
2457 3591 2620 3643 τεκαὶ
2647 3591 2702 3642 ἐν
2730 3588 2901 3658 τούτῳ
2921 3587 2981 3640 τὸ
3007 3583 3402 3656 γεγραμμένον·
3434 3583 3668 3649 Λύτρον

2101 3701 2118 3730 ι
2165 3679 2386 3747 ἀνδρὸς
2431 3677 2656 3748 ψυχῆς,
2707 3681 2739 3730 ὀ
2787 3677 2936 3742 ἴδιος
2969 3673 3252 3739 πλοῦτος.
3295 3672 3448 3726 Ἐπεὶ
3467 3670 3561 3724 καὶ
3603 3670 3665 3721 ἐν

2102 3789 2119 3820 ι
2163 3773 2282 3833 ταῖς
2310 3768 2546 3840 Πράξεσι
2578 3767 2685 3820 τῶν
2714 3766 3025 3820 ἀποστόλων
3054 3765 3366 3834 ἀνέγνωμεν
3397 3762 3522 3824 τούς
3567 3776 3666 3812 συ-

2102 3882 2119 3914 ι
2167 3862 2358 3934 ρέντας
2385 3861 2504 3914 ἀντὶ
2546 3859 2757 3912 Παύλου
2805 3858 2896 3912 καὶ
2929 3855 3057 3909 Σίλα
3089 3857 3145 3908 ὲν
3175 3853 3542 3924 Θεσσαλονίκῃ
3573 3850 3666 3904 ἐπὶ

2102 3972 2120 4004 ι
2165 3951 2291 4016 τοὺς
2316 3950 2668 4020 πολιτάρχας,
2713 3947 2850 4018 μετὰ
2889 3948 2983 4000 καὶ
3028 3945 3343 4016 πλησμονῆς
3371 3940 3667 3996 ἀπολυθέν-

2102 4062 2121 4094 ί
2165 4060 2283 4106 τας.
2337 4041 2490 4094 Μετὰ
2521 4039 2630 4110 γὰρ
2659 4039 2720 4092 τὸ
2756 4037 3135 4108 καταϐαρῆσαι
3163 4036 3358 4098 αὐτοὺς
3384 4030 3554 4086 πολλὰ
3578 4031 3668 4085 διὰ

2101 4155 2120 4186 ι
2167 4133 2228 4196 τὸ
2251 4134 2440 4204 όνομα,
2462 4133 2556 4186 καὶ
2579 4130 2811 4202 ταράξαι
2835 4129 2924 4182 τὸν
2953 4127 3106 4198 ὄχλον
3138 4129 3231 4180 καὶ
3257 4127 3383 4188 τοὺς
3417 4122 3669 4194 πολιτάρ-

2103 4249 2122 4281 r
2168 4245 2269 4302 χας
2287 4267 2302 4291 ,
2329 4227 2626 4289 Λαϐόντες
2645 4263 2659 4286 ,
2684 4223 2816 4293 φησὶ
2835 4263 2849 4286 ,
2877 4220 2943 4274 τὸ
2975 4221 3188 4272 ἰκανὸν
3227 4216 3387 4286 παρὰ
3426 4215 3534 4269 τοῦ
3569 4210 3671 4267 Ἰάρ

2107 4342 2125 4372 ι
2171 4336 2356 4384 σονος
2389 4317 2486 4371 καὶ
2519 4315 2636 4369 τῶν
2672 4311 2930 4376 λοιπῶν,
2956 4311 3274 4364 ἀπέλυσαν
3321 4307 3568 4372 αὐτούς·
3613 4305 3671 4358 οὶ

2029 4431 2076 4486 ι)
2109 4432 2125 4462 ι
2171 4410 2240 4463 δὲ
2266 4407 2515 4476 ἀδελφοὶ
2553 4404 2772 4470 εὐθέως
2800 4403 2898 4456 διὰ
2929 4401 3150 4466 νυκτὸς
3187 4399 3534 4468 ἐξέπεμψαν
3563 4387 3678 4450 τόγ’

2104 4521 2123 4554 ε
2168 4517 2234 4554 τε
2262 4499 2506 4560 Παῦλον
2534 4497 2630 4549 καὶ
2663 4494 2770 4547 τὸν
2801 4494 2990 4546 Σίλαν
3020 4494 3108 4556 εις
3141 4491 3426 4560 Βέρῤοιαν
3470 4490 3581 4540 ⁵¹“.
3620 4502 3640 4534 ι

2169 4592 2367 4645 ΒΑΛΣ.
2409 4590 2711 4662 Πληρὼσας
2734 4591 2763 4642 ό
2785 4589 2972 4658 Ἄγιος
2996 4588 3063 4642 τά
3090 4603 3156 4638 πε
3167 4586 3219 4657 ρὶ
3243 4583 3350 4636 τῶν
3375 4578 3669 4650 αὐτομολτι⁴

2102 4685 2310 4740 σάντων
2341 4668 2420 4746 εἰς
2449 4683 2510 4736 τὸ
2545 4681 2872 4754 μαρτύριον,
2908 4679 3072 4749 φησὶν
3110 4675 3527 4736 ἀκαταιτιάτους
3587 4667 3665 4724 εἷ-

2101 4797 2190 4832 ναι
2215 4778 2339 4840 τούς
2368 4776 2458 4829 διὰ
2493 4775 2789 4848 χρημάτων
2820 4773 3018 4837 δόσεως
3061 4769 3445 4840 άνενοχλήτους
3478 4781 3676 4835 cnven-

2105 4872 2374 4942 ρήσαντας
2405 4868 2632 4930 ἑαυτοὺς
2657 4867 2765 4920 ἀπὸ
2795 4865 2892 4935 τῆς
2923 4860 3216 4926 κακώσεως
3245 4859 3353 4912 τῶν
3373 4855 3669 4910 κολάσεων.

2107 4961 2324 5014 Εῖλοντο
2354 4960 2463 5031 γάρ
2494 4959 2748 5029 χρήματα
2774 4954 3146 5028 ζημιωθῆναι,
3178 4951 3272 5006 καὶ
3313 4950 3387 5020 μὴ
3413 4947 3512 5011 τὰς
3540 4947 3673 4999 ἐαυ-

2103 5052 2212 5105 τῶν
2230 5051 2425 5122 ψυχάς.
2451 5048 2585 5102 Εἶτα
2607 5046 3031 5112 κατασκευάζων
3059 5045 3217 5101 τοῦτο
3241 5041 3390 5107 αὐτὸ,
3419 5037 3668 5108 ἐπιφέρει

1643 5205 1666 5233 ο
1693 5193 1849 5248 Prov.
1887 5207 2010 5258 xm,
2045 5195 2100 5250 8.
2176 5193 2205 5234 ά
2251 5193 2373 5250 Act.
2415 5206 2546 5256 xvn,
2595 5192 2650 5254 9,
2686 5193 2774 5246 10.

1694 5333 1926 5390 vanus
1966 5333 2364 5408 LECTIONES.

507 5453 552 5486 ’⁵⁸
577 5455 637 5507 τό
679 5451 806 5507 add.
883 5453 926 5486 ⁸³
953 5452 1077 5506 ὑπό.
1153 5453 1198 5485 ⁵ο
1236 5455 1621 5524 προσαγαγεῖν.
1715 5453 1782 5524 '°_‘
1807 5449 2008 5524 αὐτῶν.

438 5524 846 5596 ταπατήσαντες
871 5537 982 5578 om.
1033 5525 1100 5554 δ”
1137 5521 1562 5594 ἀπεπλήρωσαν.
1635 5524 1726 5554 ⁵³⁸⁸
1751 5521 1994 5592 Βέροιαν.

506 5636 582 5703 (9)
628 5636 761 5694 Ὑπὸ
793 5650 941 5689 πασ.
970 5633 1070 5690 Ms.
1104 5633 1268 5698 Nam,
1305 5636 1416 5688 ἀπὸ
1453 5651 1582 5688 πασ.

509 5699 791 5776 (Vitilﬂicrp'
835 5706 1084 5776 ἐκείνοις
1116 5704 1257 5776 Θεῷ.
1299 5703 1376 5756 Id.
1412 5705 1560 5776 eod.,
1601 5707 1730 5776 παρ’
1783 5699 2005 5776 ἐκείνων

443 5771 661 5849 τῷΘεῷ.
700 5771 844 5836 Mox,
875 5773 942 5826 τὰ
980 5774 1086 5844 γάρ
1121 5775 1380 5844 ἀργύρια.
1413 5773 1616 5830 Desunt
1648 5771 1829 5829 autem
1865 5771 1998 5827 ibid.

2103 5452 2146 5483 ⁸¹
2184 5454 2310 5524 παρ’
2343 5453 2548 5506 ἐκεῖνον
2571 5449 2647 5522 τῷ
2677 5447 2814 5520 Θεῷ.
2899 5449 2967 5480 ⁸⁸·
3004 5445 3128 5500 add.
3162 5446 3290 5516 γάρ.
3383 5440 3430 5473 ⁵⁸
3461 5439 3554 5493 καὶ
3579 5450 3678 5485 κα-

2111 5633 2423 5702 sequentia,
2478 5633 2573 5684 καὶ
2621 5629 3126 5702 καταπατήσαντες.
3187 5627 3251 5682 Et
3309 5625 3470 5698 paulo
3532 5629 3679 5694 post,

2113 5698 2249 5774 μετὰ
2278 5703 2612 5774 πλησμονῆς,
2637 5701 2842 5759 omisso
2879 5698 2990 5752 καί.
