  <div class='ocr_page' id='page_1' title='image "/cluster/home/n/w/nwhite01/storage/ocr_20150623/18/coo.31924054872985/264.png"; bbox 0 0 4132 6416; ppageno 0'>
   <div class='ocr_carea' id='block_1_1' title="bbox 405 365 504 423">
    <p class='ocr_par' dir='ltr' id='par_1_1' title="bbox 405 365 504 423">
     <span class='ocr_line' id='line_1_1' title="bbox 405 365 504 423; baseline -0.02 0"><span class='ocrx_word' id='word_1_1' title='bbox 405 365 504 423; x_wconf 76' lang='grc'><strong>501</strong></span> 
     </span>
    </p>
   </div>
   <div class='ocr_carea' id='block_1_2' title="bbox 1632 363 2368 424">
    <p class='ocr_par' dir='ltr' id='par_1_2' title="bbox 1632 363 2368 424">
     <span class='ocr_line' id='line_1_2' title="bbox 1632 363 2368 424; baseline -0.005 -1"><span class='ocrx_word' id='word_1_2' title='bbox 1632 367 1967 424; x_wconf 81' lang='lat' dir='ltr'><strong>EPISTOLA</strong></span> <span class='ocrx_word' id='word_1_3' title='bbox 1994 363 2368 423; x_wconf 76' lang='lat' dir='ltr'><strong>CANONICA.</strong></span> 
     </span>
    </p>
   </div>
   <div class='ocr_carea' id='block_1_3' title="bbox 3524 361 3634 419">
    <p class='ocr_par' dir='ltr' id='par_1_3' title="bbox 3524 361 3634 419">
     <span class='ocr_line' id='line_1_3' title="bbox 3524 361 3634 419; baseline 0 -3"><span class='ocrx_word' id='word_1_4' title='bbox 3524 361 3634 419; x_wconf 71' lang='lat'><strong>502</strong></span> 
     </span>
    </p>
   </div>
   <div class='ocr_carea' id='block_1_4' title="bbox 404 474 1960 554">
    <p class='ocr_par' dir='ltr' id='par_1_4' title="bbox 404 481 1960 554">
     <span class='ocr_line' id='line_1_4' title="bbox 404 481 1960 554; baseline -0.002 -16"><span class='ocrx_word' id='word_1_5' title='bbox 404 482 498 538; x_wconf 67' lang='lat' dir='ltr'><strong>ml</strong></span> <span class='ocrx_word' id='word_1_6' title='bbox 523 481 752 554; x_wconf 59' lang='grc' dir='ltr'>διάφορα</span> <span class='ocrx_word' id='word_1_7' title='bbox 771 482 1013 554; x_wconf 76' lang='grc' dir='ltr'>γραφικά</span> <span class='ocrx_word' id='word_1_8' title='bbox 1038 482 1132 536; x_wconf 73' lang='grc' dir='ltr'><strong>καὶ</strong></span> <span class='ocrx_word' id='word_1_9' title='bbox 1164 482 1576 553; x_wconf 87' lang='grc' dir='ltr'>παραδείγματα</span> <span class='ocrx_word' id='word_1_10' title='bbox 1604 483 1670 535; x_wconf 82' lang='grc' dir='ltr'><strong>ἐκ</strong></span> <span class='ocrx_word' id='word_1_11' title='bbox 1701 481 1808 535; x_wconf 81' lang='grc' dir='ltr'>τῶν</span> <span class='ocrx_word' id='word_1_12' title='bbox 1828 482 1960 535; x_wconf 86' lang='grc' dir='ltr'>ἁπο-</span> 
     </span>
    </p>
   </div>
   <div class='ocr_carea' id='block_1_5' title="bbox 2069 474 3635 554">
    <p class='ocr_par' dir='ltr' id='par_1_5' title="bbox 2070 474 3635 550">
     <span class='ocr_line' id='line_1_5' title="bbox 2070 474 3635 550; baseline -0.002 -15"><span class='ocrx_word' id='word_1_13' title='bbox 2070 479 2365 550; x_wconf 80' lang='lat' dir='ltr'><strong>Scripturae</strong></span> <span class='ocrx_word' id='word_1_14' title='bbox 2417 475 2663 546; x_wconf 79' lang='lat' dir='ltr'><strong>exempla</strong></span> <span class='ocrx_word' id='word_1_15' title='bbox 2717 490 2785 531; x_wconf 74' lang='lat' dir='ltr'><strong>ex</strong></span> <span class='ocrx_word' id='word_1_16' title='bbox 2844 474 3071 530; x_wconf 83' lang='lat' dir='ltr'><strong>Actibus</strong></span> <span class='ocrx_word' id='word_1_17' title='bbox 3129 474 3534 545; x_wconf 58' lang='lat' dir='ltr'><strong>apostolorum,</strong></span> <span class='ocrx_word' id='word_1_18' title='bbox 3569 476 3635 533; x_wconf 90' lang='lat' dir='ltr'><strong>de</strong></span> 
     </span>
    </p>
   </div>
   <div class='ocr_carea' id='block_1_6' title="bbox 404 572 1960 646">
    <p class='ocr_par' dir='ltr' id='par_1_6' title="bbox 404 572 1960 646">
     <span class='ocr_line' id='line_1_6' title="bbox 404 572 1960 646; baseline -0.001 -19"><span class='ocrx_word' id='word_1_19' title='bbox 404 572 662 627; x_wconf 73' lang='grc' dir='ltr'>πολικῶν</span> <span class='ocrx_word' id='word_1_20' title='bbox 704 574 960 644; x_wconf 82' lang='grc' dir='ltr'>Πράξεων</span> <span class='ocrx_word' id='word_1_21' title='bbox 1004 574 1130 646; x_wconf 77' lang='grc' dir='ltr'>περὶ</span> <span class='ocrx_word' id='word_1_22' title='bbox 1180 572 1272 627; x_wconf 80' lang='grc' dir='ltr'>τοῦ</span> <span class='ocrx_word' id='word_1_23' title='bbox 1326 572 1595 645; x_wconf 66' lang='grc' dir='ltr'>μακαρίοδ</span> <span class='ocrx_word' id='word_1_24' title='bbox 1665 572 1960 626; x_wconf 80' lang='grc' dir='ltr'><strong>ἀποστόλου</strong></span> 
     </span>
    </p>
   </div>
   <div class='ocr_carea' id='block_1_7' title="bbox 404 660 980 733">
    <p class='ocr_par' dir='ltr' id='par_1_7' title="bbox 404 660 980 733">
     <span class='ocr_line' id='line_1_7' title="bbox 404 660 980 733; baseline 0.005 -20"><span class='ocrx_word' id='word_1_25' title='bbox 404 660 617 714; x_wconf 79' lang='grc' dir='ltr'><strong>Παύλου</strong></span> <span class='ocrx_word' id='word_1_26' title='bbox 646 661 737 713; x_wconf 74' lang='grc' dir='ltr'><strong>καὶ</strong></span> <span class='ocrx_word' id='word_1_27' title='bbox 762 663 980 733; x_wconf 77' lang='grc' dir='ltr'>ἑτέρων.</span> 
     </span>
    </p>
   </div>
   <div class='ocr_carea' id='block_1_8' title="bbox 469 751 1962 828">
    <p class='ocr_par' dir='ltr' id='par_1_8' title="bbox 469 751 1962 828">
     <span class='ocr_line' id='line_1_8' title="bbox 469 751 1962 828; baseline 0.005 -25"><span class='ocrx_word' id='word_1_28' title='bbox 469 751 714 806; x_wconf 85' lang='grc' dir='ltr'><strong>ΖΩΝΑΡ.</strong></span> <span class='ocrx_word' id='word_1_29' title='bbox 774 754 835 805; x_wconf 87' lang='grc' dir='ltr'>Οί</span> <span class='ocrx_word' id='word_1_30' title='bbox 891 753 947 806; x_wconf 77' lang='grc' dir='ltr'>δὲ</span> <span class='ocrx_word' id='word_1_31' title='bbox 993 756 1281 826; x_wconf 85' lang='grc' dir='ltr'>χρήματα,</span> <span class='ocrx_word' id='word_1_32' title='bbox 1334 758 1500 828; x_wconf 67' lang='grc' dir='ltr'>φησι,</span> <span class='ocrx_word' id='word_1_33' title='bbox 1544 756 1834 820; x_wconf 80' lang='grc' dir='ltr'><strong>δεδωκότες</strong></span> <span class='ocrx_word' id='word_1_34' title='bbox 1869 756 1962 810; x_wconf 80' lang='grc' dir='ltr'><strong>καὶ</strong></span> 
     </span>
    </p>
   </div>
   <div class='ocr_carea' id='block_1_9' title="bbox 402 843 1959 921">
    <p class='ocr_par' dir='ltr' id='par_1_9' title="bbox 402 843 1959 921">
     <span class='ocr_line' id='line_1_9' title="bbox 402 843 1959 921; baseline 0.004 -26"><span class='ocrx_word' id='word_1_35' title='bbox 402 843 759 912; x_wconf 79' lang='grc' dir='ltr'><strong>ἐκφυγόντες,</strong></span> <span class='ocrx_word' id='word_1_36' title='bbox 800 845 894 897; x_wconf 79' lang='grc' dir='ltr'>καὶ</span> <span class='ocrx_word' id='word_1_37' title='bbox 925 846 1108 910; x_wconf 84' lang='grc' dir='ltr'>αὐτοῖς</span> <span class='ocrx_word' id='word_1_38' title='bbox 1138 849 1473 919; x_wconf 82' lang='grc' dir='ltr'><strong>τηρήσαντες</strong></span> <span class='ocrx_word' id='word_1_39' title='bbox 1521 849 1616 921; x_wconf 83' lang='grc' dir='ltr'>τὴν</span> <span class='ocrx_word' id='word_1_40' title='bbox 1646 849 1925 902; x_wconf 80' lang='grc' dir='ltr'>εὐσέϐειαν</span> <span class='ocrx_word' id='word_1_41' title='bbox 1945 888 1959 912; x_wconf 91' lang='grc'><strong>,</strong></span> 
     </span>
    </p>
   </div>
   <div class='ocr_carea' id='block_1_10' title="bbox 402 932 1963 1013">
    <p class='ocr_par' dir='ltr' id='par_1_10' title="bbox 402 932 1963 1013">
     <span class='ocr_line' id='line_1_10' title="bbox 402 932 1963 1013; baseline 0.007 -30"><span class='ocrx_word' id='word_1_42' title='bbox 402 932 499 985; x_wconf 88' lang='grc' dir='ltr'><strong>οὐκ</strong></span> <span class='ocrx_word' id='word_1_43' title='bbox 523 933 923 1006; x_wconf 81' lang='grc' dir='ltr'>αἰτιαθήσονται</span> <span class='ocrx_word' id='word_1_44' title='bbox 941 975 955 998; x_wconf 93' lang='grc'><strong>,</strong></span> <span class='ocrx_word' id='word_1_45' title='bbox 984 938 1102 990; x_wconf 83' lang='grc' dir='ltr'>οὐδὲ</span> <span class='ocrx_word' id='word_1_46' title='bbox 1130 936 1382 1010; x_wconf 82' lang='grc' dir='ltr'>ἔγκλημά</span> <span class='ocrx_word' id='word_1_47' title='bbox 1410 957 1493 1003; x_wconf 86' lang='grc' dir='ltr'><strong>τις</strong></span> <span class='ocrx_word' id='word_1_48' title='bbox 1522 940 1766 993; x_wconf 78' lang='grc' dir='ltr'>ἐντεῦθεν</span> <span class='ocrx_word' id='word_1_49' title='bbox 1797 958 1963 1013; x_wconf 81' lang='grc' dir='ltr'>προσ-</span> 
     </span>
    </p>
   </div>
   <div class='ocr_carea' id='block_1_11' title="bbox 400 1024 1961 1103">
    <p class='ocr_par' dir='ltr' id='par_1_11' title="bbox 400 1024 1961 1103">
     <span class='ocr_line' id='line_1_11' title="bbox 400 1024 1961 1103; baseline 0.006 -27"><span class='ocrx_word' id='word_1_50' title='bbox 400 1024 525 1094; x_wconf 65' lang='grc' dir='ltr'>άῴει</span> <span class='ocrx_word' id='word_1_51' title='bbox 557 1026 755 1090; x_wconf 83' lang='grc' dir='ltr'>αὐτοῖς.</span> <span class='ocrx_word' id='word_1_52' title='bbox 789 1029 1006 1082; x_wconf 78' lang='grc' dir='ltr'>Εἵλοντο</span> <span class='ocrx_word' id='word_1_53' title='bbox 1033 1031 1141 1102; x_wconf 81' lang='grc' dir='ltr'>γὰρ</span> <span class='ocrx_word' id='word_1_54' title='bbox 1172 1026 1427 1103; x_wconf 75' lang='grc' dir='ltr'>χρήματα</span> <span class='ocrx_word' id='word_1_55' title='bbox 1458 1027 1832 1103; x_wconf 78' lang='grc' dir='ltr'>ζημιωθῆναι,</span> <span class='ocrx_word' id='word_1_56' title='bbox 1868 1032 1961 1085; x_wconf 74' lang='grc' dir='ltr'><strong>καὶ</strong></span> 
     </span>
    </p>
   </div>
   <div class='ocr_carea' id='block_1_12' title="bbox 401 1115 1960 1195">
    <p class='ocr_par' dir='ltr' id='par_1_12' title="bbox 401 1115 1960 1195">
     <span class='ocr_line' id='line_1_12' title="bbox 401 1115 1960 1195; baseline 0.004 -26"><span class='ocrx_word' id='word_1_57' title='bbox 401 1115 478 1187; x_wconf 84' lang='grc' dir='ltr'>μὴ</span> <span class='ocrx_word' id='word_1_58' title='bbox 511 1116 608 1179; x_wconf 84' lang='grc' dir='ltr'>τὰς</span> <span class='ocrx_word' id='word_1_59' title='bbox 633 1117 838 1171; x_wconf 82' lang='grc' dir='ltr'>ἑαυτῶν</span> <span class='ocrx_word' id='word_1_60' title='bbox 862 1118 1057 1190; x_wconf 80' lang='grc' dir='ltr'>ψυχὰς,</span> <span class='ocrx_word' id='word_1_61' title='bbox 1107 1122 1200 1175; x_wconf 75' lang='grc' dir='ltr'>καὶ</span> <span class='ocrx_word' id='word_1_62' title='bbox 1248 1124 1521 1195; x_wconf 80' lang='grc' dir='ltr'>ἐφάνησαν</span> <span class='ocrx_word' id='word_1_63' title='bbox 1567 1123 1645 1194; x_wconf 78' lang='grc' dir='ltr'>τῷ</span> <span class='ocrx_word' id='word_1_64' title='bbox 1675 1121 1791 1193; x_wconf 84' lang='grc' dir='ltr'><strong>Θεῷ</strong></span> <span class='ocrx_word' id='word_1_65' title='bbox 1840 1125 1960 1176; x_wconf 90' lang='grc' dir='ltr'>δου-</span> 
     </span>
    </p>
   </div>
   <div class='ocr_carea' id='block_1_13' title="bbox 398 1207 1961 1285">
    <p class='ocr_par' dir='ltr' id='par_1_13' title="bbox 398 1207 1961 1285">
     <span class='ocr_line' id='line_1_13' title="bbox 398 1207 1961 1285; baseline 0.004 -24"><span class='ocrx_word' id='word_1_66' title='bbox 398 1207 576 1262; x_wconf 75' lang='grc' dir='ltr'>λεύειν</span> <span class='ocrx_word' id='word_1_67' title='bbox 612 1210 954 1283; x_wconf 81' lang='grc' dir='ltr'>βουλόμενοι,</span> <span class='ocrx_word' id='word_1_68' title='bbox 988 1214 1081 1265; x_wconf 78' lang='grc' dir='ltr'><strong>καὶ</strong></span> <span class='ocrx_word' id='word_1_69' title='bbox 1122 1213 1181 1267; x_wconf 86' lang='grc' dir='ltr'><strong>οὐ</strong></span> <span class='ocrx_word' id='word_1_70' title='bbox 1212 1214 1289 1283; x_wconf 81' lang='grc' dir='ltr'>τῷ</span> <span class='ocrx_word' id='word_1_71' title='bbox 1331 1217 1642 1285; x_wconf 86' lang='grc' dir='ltr'>μαμμωνᾷ,</span> <span class='ocrx_word' id='word_1_72' title='bbox 1689 1215 1806 1285; x_wconf 77' lang='grc' dir='ltr'>ἦτοι</span> <span class='ocrx_word' id='word_1_73' title='bbox 1852 1217 1961 1279; x_wconf 85' lang='grc' dir='ltr'>τοῖς</span> 
     </span>
    </p>
   </div>
   <div class='ocr_carea' id='block_1_14' title="bbox 399 1300 1962 1375">
    <p class='ocr_par' dir='ltr' id='par_1_14' title="bbox 399 1300 1962 1375">
     <span class='ocr_line' id='line_1_14' title="bbox 399 1300 1962 1375; baseline 0.005 -24"><span class='ocrx_word' id='word_1_74' title='bbox 399 1300 661 1370; x_wconf 79' lang='grc' dir='ltr'>χρήμασι.</span> <span class='ocrx_word' id='word_1_75' title='bbox 721 1301 999 1373; x_wconf 80' lang='grc' dir='ltr'>Ἐπιφέρει</span> <span class='ocrx_word' id='word_1_76' title='bbox 1045 1302 1101 1355; x_wconf 87' lang='grc' dir='ltr'><strong>δὲ</strong></span> <span class='ocrx_word' id='word_1_77' title='bbox 1147 1306 1240 1356; x_wconf 76' lang='grc' dir='ltr'><strong>καὶ</strong></span> <span class='ocrx_word' id='word_1_78' title='bbox 1285 1306 1502 1375; x_wconf 78' lang='grc' dir='ltr'>ῥήματα</span> <span class='ocrx_word' id='word_1_79' title='bbox 1546 1305 1826 1375; x_wconf 75' lang='grc' dir='ltr'>γραφικὰ,</span> <span class='ocrx_word' id='word_1_80' title='bbox 1868 1307 1962 1359; x_wconf 77' lang='grc' dir='ltr'><strong>καὶ</strong></span> 
     </span>
    </p>
   </div>
   <div class='ocr_carea' id='block_1_15' title="bbox 398 1390 1961 1466">
    <p class='ocr_par' dir='ltr' id='par_1_15' title="bbox 398 1390 1961 1466">
     <span class='ocr_line' id='line_1_15' title="bbox 398 1390 1961 1466; baseline 0.004 -24"><span class='ocrx_word' id='word_1_81' title='bbox 398 1390 748 1462; x_wconf 81' lang='grc' dir='ltr'>παράδειγμα</span> <span class='ocrx_word' id='word_1_82' title='bbox 796 1395 859 1446; x_wconf 83' lang='grc' dir='ltr'><strong>ἐκ</strong></span> <span class='ocrx_word' id='word_1_83' title='bbox 919 1393 1027 1447; x_wconf 82' lang='grc' dir='ltr'><strong>τῶν</strong></span> <span class='ocrx_word' id='word_1_84' title='bbox 1061 1393 1315 1466; x_wconf 80' lang='grc' dir='ltr'>Πράξεων</span> <span class='ocrx_word' id='word_1_85' title='bbox 1369 1396 1496 1466; x_wconf 72' lang='grc' dir='ltr'>περὶ</span> <span class='ocrx_word' id='word_1_86' title='bbox 1540 1396 1633 1449; x_wconf 77' lang='grc' dir='ltr'>τοῦ</span> <span class='ocrx_word' id='word_1_87' title='bbox 1692 1396 1961 1466; x_wconf 77' lang='grc' dir='ltr'>μακαρίου</span> 
     </span>
    </p>
   </div>
   <div class='ocr_carea' id='block_1_16' title="bbox 397 1481 1961 1560">
    <p class='ocr_par' dir='ltr' id='par_1_16' title="bbox 397 1481 1961 1560">
     <span class='ocr_line' id='line_1_16' title="bbox 397 1481 1961 1560; baseline 0.006 -27"><span class='ocrx_word' id='word_1_88' title='bbox 397 1481 693 1534; x_wconf 84' lang='grc' dir='ltr'>ἀποστόλου</span> <span class='ocrx_word' id='word_1_89' title='bbox 736 1484 948 1536; x_wconf 79' lang='grc' dir='ltr'>Παύλου</span> <span class='ocrx_word' id='word_1_90' title='bbox 1003 1485 1095 1539; x_wconf 72' lang='grc' dir='ltr'><strong>καὶ</strong></span> <span class='ocrx_word' id='word_1_91' title='bbox 1128 1486 1350 1558; x_wconf 80' lang='grc' dir='ltr'>ἐτέρων.</span> <span class='ocrx_word' id='word_1_92' title='bbox 1386 1488 1458 1540; x_wconf 84' lang='grc' dir='ltr'>Τὸ</span> <span class='ocrx_word' id='word_1_93' title='bbox 1486 1488 1542 1540; x_wconf 79' lang='grc' dir='ltr'><strong>δὲ</strong></span> <span class='ocrx_word' id='word_1_94' title='bbox 1575 1488 1961 1560; x_wconf 79' lang='grc' dir='ltr'>ἀνενοχλήτους</span> 
     </span>
    </p>
   </div>
   <div class='ocr_carea' id='block_1_17' title="bbox 397 1574 1962 1652">
    <p class='ocr_par' dir='ltr' id='par_1_17' title="bbox 397 1574 1962 1652">
     <span class='ocr_line' id='line_1_17' title="bbox 397 1574 1962 1652; baseline 0.006 -26"><span class='ocrx_word' id='word_1_95' title='bbox 397 1574 647 1642; x_wconf 87' lang='grc' dir='ltr'>γενέσθαι</span> <span class='ocrx_word' id='word_1_96' title='bbox 674 1575 784 1629; x_wconf 77' lang='grc' dir='ltr'><strong>ἀπὸ</strong></span> <span class='ocrx_word' id='word_1_97' title='bbox 809 1577 989 1647; x_wconf 82' lang='grc' dir='ltr'>πάσης</span> <span class='ocrx_word' id='word_1_98' title='bbox 1019 1580 1246 1643; x_wconf 83' lang='grc' dir='ltr'>κακίας,</span> <span class='ocrx_word' id='word_1_99' title='bbox 1289 1579 1320 1649; x_wconf 86' lang='grc' dir='ltr'>ἢ</span> <span class='ocrx_word' id='word_1_100' title='bbox 1354 1580 1413 1633; x_wconf 86' lang='grc' dir='ltr'><strong>τὸ</strong></span> <span class='ocrx_word' id='word_1_101' title='bbox 1456 1581 1530 1652; x_wconf 82' lang='grc' dir='ltr'>μὴ</span> <span class='ocrx_word' id='word_1_102' title='bbox 1555 1580 1846 1651; x_wconf 78' lang='grc' dir='ltr'>ὀχληθῆναι</span> <span class='ocrx_word' id='word_1_103' title='bbox 1881 1585 1962 1646; x_wconf 82' lang='grc' dir='ltr'>εἰς</span> 
     </span>
    </p>
   </div>
   <div class='ocr_carea' id='block_1_18' title="bbox 397 1664 1961 1743">
    <p class='ocr_par' dir='ltr' id='par_1_18' title="bbox 397 1664 1961 1743">
     <span class='ocr_line' id='line_1_18' title="bbox 397 1664 1961 1743; baseline 0.005 -25"><span class='ocrx_word' id='word_1_104' title='bbox 397 1664 624 1736; x_wconf 78' lang='grc' dir='ltr'>ἄρνησιν</span> <span class='ocrx_word' id='word_1_105' title='bbox 657 1667 755 1737; x_wconf 85' lang='grc' dir='ltr'>τῆς</span> <span class='ocrx_word' id='word_1_106' title='bbox 784 1666 1064 1732; x_wconf 79' lang='grc' dir='ltr'>εὐσεϐείας</span> <span class='ocrx_word' id='word_1_107' title='bbox 1116 1672 1300 1735; x_wconf 70' lang='grc' dir='ltr'>ἐστὶν,</span> <span class='ocrx_word' id='word_1_108' title='bbox 1352 1672 1496 1743; x_wconf 78' lang='grc' dir='ltr'>ἥπερ</span> <span class='ocrx_word' id='word_1_109' title='bbox 1543 1675 1721 1726; x_wconf 84' lang='grc' dir='ltr'>πᾶσαν</span> <span class='ocrx_word' id='word_1_110' title='bbox 1764 1673 1961 1727; x_wconf 81' lang='grc' dir='ltr'>κακίαν</span> 
     </span>
    </p>
   </div>
   <div class='ocr_carea' id='block_1_19' title="bbox 399 1755 1961 1833">
    <p class='ocr_par' dir='ltr' id='par_1_19' title="bbox 399 1755 1961 1833">
     <span class='ocr_line' id='line_1_19' title="bbox 399 1755 1961 1833; baseline 0.009 -29"><span class='ocrx_word' id='word_1_111' title='bbox 399 1755 557 1824; x_wconf 80' lang='grc' dir='ltr'>νικᾷ,</span> <span class='ocrx_word' id='word_1_112' title='bbox 603 1755 636 1826; x_wconf 83' lang='grc' dir='ltr'>ἢ</span> <span class='ocrx_word' id='word_1_113' title='bbox 672 1756 870 1821; x_wconf 82' lang='grc' dir='ltr'>κακίας</span> <span class='ocrx_word' id='word_1_114' title='bbox 900 1758 999 1824; x_wconf 87' lang='grc' dir='ltr'>τὰς</span> <span class='ocrx_word' id='word_1_115' title='bbox 1030 1760 1302 1826; x_wconf 84' lang='grc' dir='ltr'>κακώσεις</span> <span class='ocrx_word' id='word_1_116' title='bbox 1340 1761 1589 1833; x_wconf 85' lang='grc' dir='ltr'>ὠνόμασε</span> <span class='ocrx_word' id='word_1_117' title='bbox 1622 1763 1718 1827; x_wconf 84' lang='grc' dir='ltr'>τὰς</span> <span class='ocrx_word' id='word_1_118' title='bbox 1750 1764 1815 1817; x_wconf 77' lang='grc' dir='ltr'><strong>ἐκ</strong></span> <span class='ocrx_word' id='word_1_119' title='bbox 1854 1765 1961 1819; x_wconf 80' lang='grc' dir='ltr'><strong>τῶν</strong></span> 
     </span>
    </p>
   </div>
   <div class='ocr_carea' id='block_1_20' title="bbox 398 1843 691 1898">
    <p class='ocr_par' dir='ltr' id='par_1_20' title="bbox 398 1843 691 1898">
     <span class='ocr_line' id='line_1_20' title="bbox 398 1843 691 1898; baseline 0.007 -2"><span class='ocrx_word' id='word_1_120' title='bbox 398 1843 691 1898; x_wconf 85' lang='grc' dir='ltr'>κολάσεων.</span> 
     </span>
    </p>
   </div>
   <div class='ocr_carea' id='block_1_21' title="bbox 992 1944 1366 2000">
    <p class='ocr_par' dir='ltr' id='par_1_21' title="bbox 992 1944 1366 2000">
     <span class='ocr_line' id='line_1_21' title="bbox 992 1944 1366 2000; baseline 0.011 -5"><span class='ocrx_word' id='word_1_121' title='bbox 992 1944 1229 1998; x_wconf 86' lang='grc' dir='ltr'><strong>ΚΑΝΩΝ</strong></span> <span class='ocrx_word' id='word_1_122' title='bbox 1266 1945 1366 2000; x_wconf 81' lang='lat' dir='ltr'><strong>Il&quot;.</strong></span> 
     </span>
    </p>
   </div>
   <div class='ocr_carea' id='block_1_22' title="bbox 470 2027 1962 2111">
    <p class='ocr_par' dir='ltr' id='par_1_22' title="bbox 470 2027 1962 2111">
     <span class='ocr_line' id='line_1_22' title="bbox 470 2027 1962 2111; baseline 0.011 -32"><span class='ocrx_word' id='word_1_123' title='bbox 470 2044 489 2078; x_wconf 78' lang='grc' dir='ltr'><strong>ι</strong></span> <span class='ocrx_word' id='word_1_124' title='bbox 531 2027 697 2082; x_wconf 82' lang='grc' dir='ltr'>Ὅθεν</span> <span class='ocrx_word' id='word_1_125' title='bbox 722 2030 843 2085; x_wconf 77' lang='grc' dir='ltr'>οὐδὲ</span> <span class='ocrx_word' id='word_1_126' title='bbox 872 2035 986 2096; x_wconf 87' lang='grc' dir='ltr'>τοῖς</span> <span class='ocrx_word' id='word_1_127' title='bbox 1040 2036 1395 2106; x_wconf 79' lang='grc' dir='ltr'>καταλείψασι</span> <span class='ocrx_word' id='word_1_128' title='bbox 1422 2038 1595 2094; x_wconf 87' lang='grc' dir='ltr'>πάντα</span> <span class='ocrx_word' id='word_1_129' title='bbox 1626 2040 1712 2093; x_wconf 71' lang='grc' dir='ltr'><strong>διὲι</strong></span> <span class='ocrx_word' id='word_1_130' title='bbox 1741 2040 1840 2111; x_wconf 82' lang='grc' dir='ltr'>τὴν</span> <span class='ocrx_word' id='word_1_131' title='bbox 1863 2041 1962 2110; x_wconf 72' lang='grc' dir='ltr'>τῆς</span> 
     </span>
    </p>
   </div>
   <div class='ocr_carea' id='block_1_23' title="bbox 400 2116 1958 2200">
    <p class='ocr_par' dir='ltr' id='par_1_23' title="bbox 400 2116 1958 2200">
     <span class='ocr_line' id='line_1_23' title="bbox 400 2116 1958 2200; baseline 0.012 -33"><span class='ocrx_word' id='word_1_132' title='bbox 400 2133 421 2166; x_wconf 73' lang='grc' dir='ltr'><strong>σ</strong></span> <span class='ocrx_word' id='word_1_133' title='bbox 463 2116 640 2188; x_wconf 78' lang='grc' dir='ltr'>ψυχῆς</span> <span class='ocrx_word' id='word_1_134' title='bbox 666 2122 936 2193; x_wconf 81' lang='grc' dir='ltr'>σωτηρίαν</span> <span class='ocrx_word' id='word_1_135' title='bbox 957 2124 1048 2177; x_wconf 76' lang='grc' dir='ltr'><strong>καὶ</strong></span> <span class='ocrx_word' id='word_1_136' title='bbox 1074 2125 1486 2198; x_wconf 86' lang='grc' dir='ltr'>ὰναχωρήσασιν</span> <span class='ocrx_word' id='word_1_137' title='bbox 1511 2128 1657 2183; x_wconf 77' lang='grc' dir='ltr'>ἐστιν</span> <span class='ocrx_word' id='word_1_138' title='bbox 1688 2131 1958 2200; x_wconf 80' lang='grc' dir='ltr'>ἐγκαλεῖν,</span> 
     </span>
    </p>
   </div>
   <div class='ocr_carea' id='block_1_24' title="bbox 400 2206 1961 2298">
    <p class='ocr_par' dir='ltr' id='par_1_24' title="bbox 400 2206 1961 2298">
     <span class='ocr_line' id='line_1_24' title="bbox 400 2206 1961 2298; baseline 0.013 -39"><span class='ocrx_word' id='word_1_139' title='bbox 400 2226 419 2257; x_wconf 70' lang='grc' dir='ltr'><strong>ι</strong></span> <span class='ocrx_word' id='word_1_140' title='bbox 463 2206 539 2272; x_wconf 84' lang='grc' dir='ltr'>ὡς</span> <span class='ocrx_word' id='word_1_141' title='bbox 569 2208 635 2263; x_wconf 84' lang='grc' dir='ltr'>ἂν</span> <span class='ocrx_word' id='word_1_142' title='bbox 666 2211 865 2283; x_wconf 79' lang='grc' dir='ltr'>ἐτέρων</span> <span class='ocrx_word' id='word_1_143' title='bbox 907 2213 972 2267; x_wconf 83' lang='grc' dir='ltr'>δι’</span> <span class='ocrx_word' id='word_1_144' title='bbox 1001 2216 1195 2281; x_wconf 83' lang='grc' dir='ltr'>αὐτοὺς</span> <span class='ocrx_word' id='word_1_145' title='bbox 1225 2220 1685 2289; x_wconf 84' lang='grc' dir='ltr'>κατασχεθέντων.</span> <span class='ocrx_word' id='word_1_146' title='bbox 1719 2225 1827 2277; x_wconf 79' lang='grc' dir='ltr'>Καὶ</span> <span class='ocrx_word' id='word_1_147' title='bbox 1853 2226 1961 2298; x_wconf 82' lang='grc' dir='ltr'><strong>γὰρ</strong></span> 
     </span>
    </p>
   </div>
   <div class='ocr_carea' id='block_1_25' title="bbox 399 2300 1960 2387">
    <p class='ocr_par' dir='ltr' id='par_1_25' title="bbox 399 2300 1960 2387">
     <span class='ocr_line' id='line_1_25' title="bbox 399 2300 1960 2387; baseline 0.012 -36"><span class='ocrx_word' id='word_1_148' title='bbox 399 2318 419 2350; x_wconf 73' lang='grc' dir='ltr'><strong>ι</strong></span> <span class='ocrx_word' id='word_1_149' title='bbox 464 2300 558 2353; x_wconf 73' lang='grc' dir='ltr'><strong>καὶ</strong></span> <span class='ocrx_word' id='word_1_150' title='bbox 614 2303 672 2356; x_wconf 84' lang='grc' dir='ltr'>ὲν</span> <span class='ocrx_word' id='word_1_151' title='bbox 723 2305 789 2374; x_wconf 76' lang='grc' dir='ltr'>τῇ</span> <span class='ocrx_word' id='word_1_152' title='bbox 846 2305 1053 2379; x_wconf 77' lang='grc' dir='ltr'>Ἐφέσῳ</span> <span class='ocrx_word' id='word_1_153' title='bbox 1100 2309 1220 2362; x_wconf 79' lang='grc' dir='ltr'>ἀντὶ</span> <span class='ocrx_word' id='word_1_154' title='bbox 1285 2310 1497 2365; x_wconf 79' lang='grc' dir='ltr'>Παύλου</span> <span class='ocrx_word' id='word_1_155' title='bbox 1515 2314 1562 2345; x_wconf 78' lang='grc'>⁸³</span> <span class='ocrx_word' id='word_1_156' title='bbox 1614 2316 1960 2387; x_wconf 82' lang='grc' dir='ltr'>συνήρπασαν</span> 
     </span>
    </p>
   </div>
   <div class='ocr_carea' id='block_1_26' title="bbox 400 2390 1959 2479">
    <p class='ocr_par' dir='ltr' id='par_1_26' title="bbox 400 2390 1959 2479">
     <span class='ocr_line' id='line_1_26' title="bbox 400 2390 1959 2479; baseline 0.013 -37"><span class='ocrx_word' id='word_1_157' title='bbox 400 2408 419 2441; x_wconf 74' lang='grc' dir='ltr'><strong>ι</strong></span> <span class='ocrx_word' id='word_1_158' title='bbox 465 2390 627 2447; x_wconf 84' lang='grc' dir='ltr'>Γάϊον</span> <span class='ocrx_word' id='word_1_159' title='bbox 673 2396 753 2459; x_wconf 81' lang='grc' dir='ltr'><strong>είς</strong></span> <span class='ocrx_word' id='word_1_160' title='bbox 798 2396 859 2449; x_wconf 87' lang='grc' dir='ltr'><strong>τὸ</strong></span> <span class='ocrx_word' id='word_1_161' title='bbox 889 2396 1112 2468; x_wconf 88' lang='grc' dir='ltr'>θέατρον</span> <span class='ocrx_word' id='word_1_162' title='bbox 1145 2398 1240 2453; x_wconf 77' lang='grc' dir='ltr'><strong>καὶ</strong></span> <span class='ocrx_word' id='word_1_163' title='bbox 1278 2401 1664 2475; x_wconf 82' lang='grc' dir='ltr'>Ἀρίσταρχον,</span> <span class='ocrx_word' id='word_1_164' title='bbox 1701 2408 1959 2479; x_wconf 85' lang='grc' dir='ltr'>συνεκδή-</span> 
     </span>
    </p>
   </div>
   <div class='ocr_carea' id='block_1_27' title="bbox 400 2484 1956 2569">
    <p class='ocr_par' dir='ltr' id='par_1_27' title="bbox 400 2484 1956 2569">
     <span class='ocr_line' id='line_1_27' title="bbox 400 2484 1956 2569; baseline 0.012 -35"><span class='ocrx_word' id='word_1_165' title='bbox 400 2500 419 2533; x_wconf 83' lang='grc'><strong><em>‹</em></strong></span> <span class='ocrx_word' id='word_1_166' title='bbox 468 2501 599 2554; x_wconf 85' lang='grc' dir='ltr'>μους</span> <span class='ocrx_word' id='word_1_167' title='bbox 611 2484 844 2551; x_wconf 83' lang='grc' dir='ltr'>Παύλου,</span> <span class='ocrx_word' id='word_1_168' title='bbox 865 2486 1185 2559; x_wconf 84' lang='grc' dir='ltr'>βουλομένου</span> <span class='ocrx_word' id='word_1_169' title='bbox 1204 2490 1273 2522; x_wconf 80' lang='grc'><strong>⁵³⁶</strong></span> <span class='ocrx_word' id='word_1_170' title='bbox 1287 2492 1546 2548; x_wconf 78' lang='grc' dir='ltr'>είσελθεῖν</span> <span class='ocrx_word' id='word_1_171' title='bbox 1566 2497 1645 2559; x_wconf 78' lang='grc' dir='ltr'>εἰς</span> <span class='ocrx_word' id='word_1_172' title='bbox 1665 2495 1755 2551; x_wconf 83' lang='grc' dir='ltr'><strong>τὸν</strong></span> <span class='ocrx_word' id='word_1_173' title='bbox 1767 2496 1956 2569; x_wconf 74' lang='grc' dir='ltr'><strong>δῆμον⁸</strong></span> 
     </span>
    </p>
   </div>
   <div class='ocr_carea' id='block_1_28' title="bbox 399 2576 1961 2661">
    <p class='ocr_par' dir='ltr' id='par_1_28' title="bbox 399 2576 1961 2661">
     <span class='ocr_line' id='line_1_28' title="bbox 399 2576 1961 2661; baseline 0.013 -37"><span class='ocrx_word' id='word_1_174' title='bbox 399 2591 418 2624; x_wconf 78' lang='grc' dir='ltr'><strong>ι</strong></span> <span class='ocrx_word' id='word_1_175' title='bbox 463 2576 586 2629; x_wconf 75' lang='grc' dir='ltr'>ἐπεὶ</span> <span class='ocrx_word' id='word_1_176' title='bbox 616 2578 710 2631; x_wconf 74' lang='grc' dir='ltr'><strong>καὶ</strong></span> <span class='ocrx_word' id='word_1_177' title='bbox 732 2577 798 2631; x_wconf 84' lang='grc' dir='ltr'>δι’</span> <span class='ocrx_word' id='word_1_178' title='bbox 828 2580 988 2633; x_wconf 84' lang='grc' dir='ltr'>αὐτὸν</span> <span class='ocrx_word' id='word_1_179' title='bbox 1014 2580 1274 2637; x_wconf 84' lang='grc' dir='ltr'>πείσαντα</span> <span class='ocrx_word' id='word_1_180' title='bbox 1303 2585 1397 2638; x_wconf 82' lang='grc' dir='ltr'><strong>καὶ</strong></span> <span class='ocrx_word' id='word_1_181' title='bbox 1426 2590 1840 2661; x_wconf 81' lang='grc' dir='ltr'>μεταστήσαντα</span> <span class='ocrx_word' id='word_1_182' title='bbox 1864 2609 1961 2644; x_wconf 85' lang='grc' dir='ltr'>πο-</span> 
     </span>
    </p>
   </div>
   <div class='ocr_carea' id='block_1_29' title="bbox 398 2665 1963 2753">
    <p class='ocr_par' dir='ltr' id='par_1_29' title="bbox 398 2665 1963 2753">
     <span class='ocr_line' id='line_1_29' title="bbox 398 2665 1963 2753; baseline 0.011 -36"><span class='ocrx_word' id='word_1_183' title='bbox 398 2682 418 2716; x_wconf 74' lang='grc' dir='ltr'><strong>ι</strong></span> <span class='ocrx_word' id='word_1_184' title='bbox 460 2665 557 2721; x_wconf 83' lang='grc' dir='ltr'><strong>λὺν</strong></span> <span class='ocrx_word' id='word_1_185' title='bbox 602 2667 896 2739; x_wconf 72' lang='grc' dir='ltr'>ὅχλον¹ἐπὶ</span> <span class='ocrx_word' id='word_1_186' title='bbox 931 2673 1030 2746; x_wconf 83' lang='grc' dir='ltr'><strong>τὴν</strong></span> <span class='ocrx_word' id='word_1_187' title='bbox 1061 2672 1363 2731; x_wconf 79' lang='grc' dir='ltr'>Θεοσέϐειαν</span> <span class='ocrx_word' id='word_1_188' title='bbox 1417 2681 1450 2749; x_wconf 84' lang='grc' dir='ltr'>ἡ</span> <span class='ocrx_word' id='word_1_189' title='bbox 1488 2680 1674 2744; x_wconf 83' lang='grc' dir='ltr'>στάσις</span> <span class='ocrx_word' id='word_1_190' title='bbox 1704 2677 1770 2753; x_wconf 81' lang='grc' dir='ltr'>ἦν</span> <span class='ocrx_word' id='word_1_191' title='bbox 1814 2699 1963 2752; x_wconf 81' lang='grc' dir='ltr'>γενο-</span> 
     </span>
    </p>
   </div>
   <div class='ocr_carea' id='block_1_30' title="bbox 397 2756 1959 2843">
    <p class='ocr_par' dir='ltr' id='par_1_30' title="bbox 397 2756 1959 2843">
     <span class='ocr_line' id='line_1_30' title="bbox 397 2756 1959 2843; baseline 0.014 -37"><span class='ocrx_word' id='word_1_192' title='bbox 397 2774 419 2806; x_wconf 70' lang='grc' dir='ltr'><strong>ι</strong></span> <span class='ocrx_word' id='word_1_193' title='bbox 465 2756 600 2829; x_wconf 81' lang='grc' dir='ltr'>μένη</span> <span class='ocrx_word' id='word_1_194' title='bbox 616 2760 911 2817; x_wconf 67' lang='grc' dir='ltr'><strong>⁵³“.⁵⁵υῠκ</strong></span> <span class='ocrx_word' id='word_1_195' title='bbox 935 2765 1074 2819; x_wconf 78' lang='grc' dir='ltr'>εἴων</span> <span class='ocrx_word' id='word_1_196' title='bbox 1099 2768 1285 2822; x_wconf 82' lang='grc' dir='ltr'>αὐτὸν</span> <span class='ocrx_word' id='word_1_197' title='bbox 1301 2772 1355 2822; x_wconf 85' lang='grc' dir='ltr'><strong>οί</strong></span> <span class='ocrx_word' id='word_1_198' title='bbox 1365 2771 1642 2840; x_wconf 78' lang='grc' dir='ltr'>μαθηταὶ,</span> <span class='ocrx_word' id='word_1_199' title='bbox 1665 2773 1847 2843; x_wconf 80' lang='grc' dir='ltr'>φησιν.</span> <span class='ocrx_word' id='word_1_200' title='bbox 1884 2776 1959 2827; x_wconf 86' lang='grc' dir='ltr'>Οὐ</span> 
     </span>
    </p>
   </div>
   <div class='ocr_carea' id='block_1_31' title="bbox 398 2848 1960 2934">
    <p class='ocr_par' dir='ltr' id='par_1_31' title="bbox 398 2848 1960 2934">
     <span class='ocr_line' id='line_1_31' title="bbox 398 2848 1960 2934; baseline 0.013 -37"><span class='ocrx_word' id='word_1_201' title='bbox 398 2863 419 2897; x_wconf 72' lang='grc' dir='ltr'><strong>ι</strong></span> <span class='ocrx_word' id='word_1_202' title='bbox 466 2848 574 2920; x_wconf 81' lang='grc' dir='ltr'>μὴν</span> <span class='ocrx_word' id='word_1_203' title='bbox 609 2849 744 2903; x_wconf 83' lang='grc' dir='ltr'>ἀλλὰ</span> <span class='ocrx_word' id='word_1_204' title='bbox 774 2852 866 2906; x_wconf 87' lang='grc' dir='ltr'><strong>καί</strong></span> <span class='ocrx_word' id='word_1_205' title='bbox 898 2870 1040 2918; x_wconf 86' lang='grc' dir='ltr'>τινες</span> <span class='ocrx_word' id='word_1_206' title='bbox 1083 2856 1190 2911; x_wconf 85' lang='grc' dir='ltr'>τῶν</span> <span class='ocrx_word' id='word_1_207' title='bbox 1226 2858 1523 2932; x_wconf 85' lang='grc' dir='ltr'>Ἀσιαρχῶν</span> <span class='ocrx_word' id='word_1_208' title='bbox 1558 2860 1710 2926; x_wconf 77' lang='grc' dir='ltr'>ὄντες</span> <span class='ocrx_word' id='word_1_209' title='bbox 1755 2863 1960 2934; x_wconf 72' lang='grc' dir='ltr'>αὐτῷδδ</span> 
     </span>
    </p>
   </div>
   <div class='ocr_carea' id='block_1_32' title="bbox 398 2941 1954 3028">
    <p class='ocr_par' dir='ltr' id='par_1_32' title="bbox 398 2941 1954 3028">
     <span class='ocr_line' id='line_1_32' title="bbox 398 2941 1954 3028; baseline 0.013 -37"><span class='ocrx_word' id='word_1_210' title='bbox 398 2957 417 2989; x_wconf 74' lang='grc' dir='ltr'><strong>ι</strong></span> <span class='ocrx_word' id='word_1_211' title='bbox 466 2941 627 3010; x_wconf 84' lang='grc' dir='ltr'>φίλοι,</span> <span class='ocrx_word' id='word_1_212' title='bbox 655 2943 968 3016; x_wconf 76' lang='grc' dir='ltr'>πέμψαντες</span> <span class='ocrx_word' id='word_1_213' title='bbox 997 2949 1128 3020; x_wconf 85' lang='grc' dir='ltr'>πρὸς</span> <span class='ocrx_word' id='word_1_214' title='bbox 1157 2951 1339 3017; x_wconf 84' lang='grc' dir='ltr'>αὐτὸν,</span> <span class='ocrx_word' id='word_1_215' title='bbox 1376 2954 1716 3025; x_wconf 84' lang='grc' dir='ltr'>παρεκάλουν</span> <span class='ocrx_word' id='word_1_216' title='bbox 1739 2956 1813 3028; x_wconf 82' lang='grc' dir='ltr'><strong>μὴ</strong></span> <span class='ocrx_word' id='word_1_217' title='bbox 1837 2958 1954 3011; x_wconf 73' lang='grc' dir='ltr'>δοῦ·</span> 
     </span>
    </p>
   </div>
   <div class='ocr_carea' id='block_1_33' title="bbox 399 3033 1960 3115">
    <p class='ocr_par' dir='ltr' id='par_1_33' title="bbox 399 3033 1960 3115">
     <span class='ocr_line' id='line_1_33' title="bbox 399 3033 1960 3115; baseline 0.013 -34"><span class='ocrx_word' id='word_1_218' title='bbox 399 3048 419 3081; x_wconf 80' lang='grc' dir='ltr'><strong>ι</strong></span> <span class='ocrx_word' id='word_1_219' title='bbox 465 3047 551 3085; x_wconf 86' lang='grc' dir='ltr'><strong>ναι</strong></span> <span class='ocrx_word' id='word_1_220' title='bbox 583 3033 774 3089; x_wconf 77' lang='grc' dir='ltr'>ἑαυτὸν</span> <span class='ocrx_word' id='word_1_221' title='bbox 819 3039 899 3101; x_wconf 86' lang='grc' dir='ltr'><strong>είς</strong></span> <span class='ocrx_word' id='word_1_222' title='bbox 928 3039 988 3092; x_wconf 79' lang='grc' dir='ltr'><strong>τὸ</strong></span> <span class='ocrx_word' id='word_1_223' title='bbox 1029 3039 1273 3111; x_wconf 83' lang='grc' dir='ltr'>θέατρον.</span> <span class='ocrx_word' id='word_1_224' title='bbox 1311 3043 1375 3096; x_wconf 84' lang='grc' dir='ltr'><strong>Εἰ</strong></span> <span class='ocrx_word' id='word_1_225' title='bbox 1397 3043 1454 3096; x_wconf 76' lang='grc' dir='ltr'>δὲ</span> <span class='ocrx_word' id='word_1_226' title='bbox 1486 3045 1790 3115; x_wconf 82' lang='grc' dir='ltr'>ἐπιμένοιέν</span> <span class='ocrx_word' id='word_1_227' title='bbox 1819 3065 1960 3112; x_wconf 88' lang='grc' dir='ltr'>τινες</span> 
     </span>
    </p>
   </div>
   <div class='ocr_carea' id='block_1_34' title="bbox 2072 566 2948 643">
    <p class='ocr_par' dir='ltr' id='par_1_34' title="bbox 2072 566 2948 643">
     <span class='ocr_line' id='line_1_34' title="bbox 2072 566 2948 643; baseline -0.008 -18"><span class='ocrx_word' id='word_1_228' title='bbox 2072 573 2228 625; x_wconf 80' lang='lat' dir='ltr'><strong>beato</strong></span> <span class='ocrx_word' id='word_1_229' title='bbox 2254 568 2426 623; x_wconf 88' lang='lat' dir='ltr'><strong>Paulo</strong></span> <span class='ocrx_word' id='word_1_230' title='bbox 2455 567 2701 643; x_wconf 79' lang='lat' dir='ltr'><strong>apostolo</strong></span> <span class='ocrx_word' id='word_1_231' title='bbox 2727 575 2780 621; x_wconf 87' lang='lat' dir='ltr'><strong>et</strong></span> <span class='ocrx_word' id='word_1_232' title='bbox 2808 566 2948 622; x_wconf 90' lang='lat' dir='ltr'><strong>aliis.</strong></span> 
     </span>
    </p>
   </div>
   <div class='ocr_carea' id='block_1_35' title="bbox 2142 744 3633 817">
    <p class='ocr_par' dir='ltr' id='par_1_35' title="bbox 2142 744 3633 817">
     <span class='ocr_line' id='line_1_35' title="bbox 2142 744 3633 817; baseline 0 -15"><span class='ocrx_word' id='word_1_233' title='bbox 2142 748 2346 802; x_wconf 66' lang='lat' dir='ltr'><strong>Zama.</strong></span> <span class='ocrx_word' id='word_1_234' title='bbox 2385 745 2487 812; x_wconf 85' lang='lat' dir='ltr'><strong>Qui</strong></span> <span class='ocrx_word' id='word_1_235' title='bbox 2547 760 2699 809; x_wconf 74' lang='lat' dir='ltr'><strong>vero,</strong></span> <span class='ocrx_word' id='word_1_236' title='bbox 2727 744 2926 815; x_wconf 90' lang='lat' dir='ltr'><strong>inquit,</strong></span> <span class='ocrx_word' id='word_1_237' title='bbox 2981 746 3268 816; x_wconf 87' lang='lat' dir='ltr'><strong>pecuniam</strong></span> <span class='ocrx_word' id='word_1_238' title='bbox 3320 755 3633 817; x_wconf 79' lang='lat' dir='ltr'><strong>erogarunt,</strong></span> 
     </span>
    </p>
   </div>
   <div class='ocr_carea' id='block_1_36' title="bbox 2068 838 3635 912">
    <p class='ocr_par' dir='ltr' id='par_1_36' title="bbox 2068 838 3635 912">
     <span class='ocr_line' id='line_1_36' title="bbox 2068 838 3635 912; baseline -0.002 -15"><span class='ocrx_word' id='word_1_239' title='bbox 2068 857 2242 912; x_wconf 90' lang='lat' dir='ltr'><strong>eoque</strong></span> <span class='ocrx_word' id='word_1_240' title='bbox 2268 838 2467 908; x_wconf 74' lang='lat' dir='ltr'><strong>ell‘ugio</strong></span> <span class='ocrx_word' id='word_1_241' title='bbox 2501 838 2756 908; x_wconf 77' lang='lat' dir='ltr'><strong>pietatem</strong></span> <span class='ocrx_word' id='word_1_242' title='bbox 2792 843 3208 899; x_wconf 89' lang='lat' dir='ltr'><strong>conservarunt,</strong></span> <span class='ocrx_word' id='word_1_243' title='bbox 3243 851 3352 891; x_wconf 90' lang='lat' dir='ltr'><strong>non</strong></span> <span class='ocrx_word' id='word_1_244' title='bbox 3389 845 3520 894; x_wconf 91' lang='lat' dir='ltr'><strong>sunt</strong></span> <span class='ocrx_word' id='word_1_245' title='bbox 3543 853 3635 894; x_wconf 70' lang='lat' dir='ltr'><strong>rc~</strong></span> 
     </span>
    </p>
   </div>
   <div class='ocr_carea' id='block_1_37' title="bbox 2070 926 3635 1002">
    <p class='ocr_par' dir='ltr' id='par_1_37' title="bbox 2070 926 3635 1002">
     <span class='ocr_line' id='line_1_37' title="bbox 2070 926 3635 1002; baseline -0.001 -17"><span class='ocrx_word' id='word_1_246' title='bbox 2070 929 2459 1002; x_wconf 87' lang='lat' dir='ltr'><strong>prehendendi,</strong></span> <span class='ocrx_word' id='word_1_247' title='bbox 2498 943 2598 984; x_wconf 90' lang='lat' dir='ltr'><strong>nec</strong></span> <span class='ocrx_word' id='word_1_248' title='bbox 2629 929 2700 984; x_wconf 91' lang='lat' dir='ltr'><strong>ob</strong></span> <span class='ocrx_word' id='word_1_249' title='bbox 2727 943 2849 983; x_wconf 89' lang='lat' dir='ltr'><strong>eam</strong></span> <span class='ocrx_word' id='word_1_250' title='bbox 2883 943 2995 982; x_wconf 91' lang='lat' dir='ltr'><strong>rem</strong></span> <span class='ocrx_word' id='word_1_251' title='bbox 3026 926 3150 981; x_wconf 89' lang='lat' dir='ltr'><strong>illos</strong></span> <span class='ocrx_word' id='word_1_252' title='bbox 3178 927 3430 997; x_wconf 83' lang='lat' dir='ltr'><strong>quisnam</strong></span> <span class='ocrx_word' id='word_1_253' title='bbox 3473 943 3635 984; x_wconf 89' lang='lat' dir='ltr'><strong>accu-</strong></span> 
     </span>
    </p>
   </div>
   <div class='ocr_carea' id='block_1_38' title="bbox 2070 1019 3634 1091">
    <p class='ocr_par' dir='ltr' id='par_1_38' title="bbox 2070 1019 3634 1091">
     <span class='ocr_line' id='line_1_38' title="bbox 2070 1019 3634 1091; baseline -0.002 -12"><span class='ocrx_word' id='word_1_254' title='bbox 2070 1031 2173 1079; x_wconf 91' lang='lat' dir='ltr'><strong>set.</strong></span> <span class='ocrx_word' id='word_1_255' title='bbox 2229 1021 2541 1076; x_wconf 81' lang='lat' dir='ltr'><strong>Maluerunt</strong></span> <span class='ocrx_word' id='word_1_256' title='bbox 2588 1034 2823 1089; x_wconf 83' lang='lat' dir='ltr'><strong>namque</strong></span> <span class='ocrx_word' id='word_1_257' title='bbox 2870 1019 3151 1089; x_wconf 80' lang='lat' dir='ltr'><strong>pecunias,</strong></span> <span class='ocrx_word' id='word_1_258' title='bbox 3182 1035 3345 1090; x_wconf 89' lang='lat' dir='ltr'><strong>quam</strong></span> <span class='ocrx_word' id='word_1_259' title='bbox 3390 1021 3634 1091; x_wconf 90' lang='lat' dir='ltr'><strong>ipsorum</strong></span> 
     </span>
    </p>
   </div>
   <div class='ocr_carea' id='block_1_39' title="bbox 2069 1109 3635 1184">
    <p class='ocr_par' dir='ltr' id='par_1_39' title="bbox 2069 1109 3635 1184">
     <span class='ocr_line' id='line_1_39' title="bbox 2069 1109 3635 1184; baseline -0.001 -15"><span class='ocrx_word' id='word_1_260' title='bbox 2069 1115 2280 1169; x_wconf 91' lang='lat' dir='ltr'><strong>animas</strong></span> <span class='ocrx_word' id='word_1_261' title='bbox 2298 1114 2544 1184; x_wconf 82' lang='lat' dir='ltr'><strong>perdere,</strong></span> <span class='ocrx_word' id='word_1_262' title='bbox 2566 1111 3031 1181; x_wconf 89' lang='lat' dir='ltr'><strong>ostenderuntque</strong></span> <span class='ocrx_word' id='word_1_263' title='bbox 3066 1126 3124 1167; x_wconf 88' lang='lat' dir='ltr'><strong>se</strong></span> <span class='ocrx_word' id='word_1_264' title='bbox 3153 1109 3263 1166; x_wconf 89' lang='lat' dir='ltr'><strong>Deo</strong></span> <span class='ocrx_word' id='word_1_265' title='bbox 3293 1113 3496 1167; x_wconf 82' lang='lat' dir='ltr'><strong>servire</strong></span> <span class='ocrx_word' id='word_1_266' title='bbox 3518 1114 3635 1169; x_wconf 54' lang='lat' dir='ltr'><strong>vel-</strong></span> 
     </span>
    </p>
   </div>
   <div class='ocr_carea' id='block_1_40' title="bbox 2068 1200 3633 1272">
    <p class='ocr_par' dir='ltr' id='par_1_40' title="bbox 2068 1200 3633 1272">
     <span class='ocr_line' id='line_1_40' title="bbox 2068 1200 3633 1272; baseline -0.001 -11"><span class='ocrx_word' id='word_1_267' title='bbox 2068 1207 2137 1272; x_wconf 90' lang='lat' dir='ltr'><strong>le,</strong></span> <span class='ocrx_word' id='word_1_268' title='bbox 2169 1221 2282 1261; x_wconf 88' lang='lat' dir='ltr'><strong>non</strong></span> <span class='ocrx_word' id='word_1_269' title='bbox 2306 1219 2651 1268; x_wconf 67' lang='lat' dir='ltr'><strong>mammonae,</strong></span> <span class='ocrx_word' id='word_1_270' title='bbox 2685 1203 2787 1257; x_wconf 91' lang='lat' dir='ltr'><strong>hoc</strong></span> <span class='ocrx_word' id='word_1_271' title='bbox 2811 1209 2895 1257; x_wconf 88' lang='lat' dir='ltr'><strong>est</strong></span> <span class='ocrx_word' id='word_1_272' title='bbox 2924 1201 3149 1256; x_wconf 78' lang='lat' dir='ltr'><strong>divitiis.</strong></span> <span class='ocrx_word' id='word_1_273' title='bbox 3196 1200 3412 1259; x_wconf 76' lang='lat' dir='ltr'><strong>Profert</strong></span> <span class='ocrx_word' id='word_1_274' title='bbox 3454 1213 3633 1260; x_wconf 88' lang='lat' dir='ltr'><strong>autem</strong></span> 
     </span>
    </p>
   </div>
   <div class='ocr_carea' id='block_1_41' title="bbox 2067 1292 3631 1367">
    <p class='ocr_par' dir='ltr' id='par_1_41' title="bbox 2067 1292 3631 1367">
     <span class='ocr_line' id='line_1_41' title="bbox 2067 1292 3631 1367; baseline -0.002 -15"><span class='ocrx_word' id='word_1_275' title='bbox 2067 1305 2121 1352; x_wconf 91' lang='lat' dir='ltr'><strong>et</strong></span> <span class='ocrx_word' id='word_1_276' title='bbox 2173 1295 2471 1367; x_wconf 68' lang='lat' dir='ltr'><strong>Scriptura:</strong></span> <span class='ocrx_word' id='word_1_277' title='bbox 2503 1294 2690 1358; x_wconf 80' lang='lat' dir='ltr'><strong>verba,</strong></span> <span class='ocrx_word' id='word_1_278' title='bbox 2747 1299 2862 1347; x_wconf 92' lang='lat' dir='ltr'><strong>tum</strong></span> <span class='ocrx_word' id='word_1_279' title='bbox 2917 1308 2987 1346; x_wconf 79' lang='lat' dir='ltr'><strong>ex</strong></span> <span class='ocrx_word' id='word_1_280' title='bbox 3033 1292 3186 1347; x_wconf 89' lang='lat' dir='ltr'><strong>Actis</strong></span> <span class='ocrx_word' id='word_1_281' title='bbox 3239 1296 3631 1364; x_wconf 76' lang='lat' dir='ltr'><strong>apostolorum,</strong></span> 
     </span>
    </p>
   </div>
   <div class='ocr_carea' id='block_1_42' title="bbox 2068 1384 3629 1455">
    <p class='ocr_par' dir='ltr' id='par_1_42' title="bbox 2068 1384 3629 1455">
     <span class='ocr_line' id='line_1_42' title="bbox 2068 1384 3629 1455; baseline -0.001 -12"><span class='ocrx_word' id='word_1_282' title='bbox 2068 1389 2213 1443; x_wconf 85' lang='lat' dir='ltr'><strong>beati</strong></span> <span class='ocrx_word' id='word_1_283' title='bbox 2237 1387 2391 1441; x_wconf 88' lang='lat' dir='ltr'><strong>Pauli</strong></span> <span class='ocrx_word' id='word_1_284' title='bbox 2424 1396 2477 1443; x_wconf 90' lang='lat' dir='ltr'><strong>et</strong></span> <span class='ocrx_word' id='word_1_285' title='bbox 2505 1387 2737 1441; x_wconf 85' lang='lat' dir='ltr'><strong>aliorum</strong></span> <span class='ocrx_word' id='word_1_286' title='bbox 2772 1385 3037 1455; x_wconf 79' lang='lat' dir='ltr'><strong>exempla.</strong></span> <span class='ocrx_word' id='word_1_287' title='bbox 3069 1384 3225 1451; x_wconf 85' lang='lat' dir='ltr'><strong>Quod</strong></span> <span class='ocrx_word' id='word_1_288' title='bbox 3254 1402 3380 1442; x_wconf 82' lang='lat' dir='ltr'><strong>vero</strong></span> <span class='ocrx_word' id='word_1_289' title='bbox 3408 1387 3629 1453; x_wconf 90' lang='lat' dir='ltr'><strong>dicitur,</strong></span> 
     </span>
    </p>
   </div>
   <div class='ocr_carea' id='block_1_43' title="bbox 2067 1476 3635 1549">
    <p class='ocr_par' dir='ltr' id='par_1_43' title="bbox 2067 1476 3635 1549">
     <span class='ocr_line' id='line_1_43' title="bbox 2067 1476 3635 1549; baseline 0.001 -15"><span class='ocrx_word' id='word_1_290' title='bbox 2067 1479 2488 1549; x_wconf 85' lang='lat' dir='ltr'><strong>imperturbatos</strong></span> <span class='ocrx_word' id='word_1_291' title='bbox 2524 1478 2694 1534; x_wconf 82' lang='lat' dir='ltr'><strong>fuisse</strong></span> <span class='ocrx_word' id='word_1_292' title='bbox 2727 1478 2796 1532; x_wconf 88' lang='lat' dir='ltr'><strong>ab</strong></span> <span class='ocrx_word' id='word_1_293' title='bbox 2835 1476 2981 1531; x_wconf 89' lang='lat' dir='ltr'><strong>omni</strong></span> <span class='ocrx_word' id='word_1_294' title='bbox 3031 1478 3400 1545; x_wconf 84' lang='lat' dir='ltr'><strong>improbitate,</strong></span> <span class='ocrx_word' id='word_1_295' title='bbox 3432 1481 3512 1535; x_wconf 92' lang='lat' dir='ltr'><strong>sic</strong></span> <span class='ocrx_word' id='word_1_296' title='bbox 3542 1496 3635 1537; x_wconf 86' lang='lat' dir='ltr'><strong>ac-</strong></span> 
     </span>
    </p>
   </div>
   <div class='ocr_carea' id='block_1_44' title="bbox 2067 1561 3633 1644">
    <p class='ocr_par' dir='ltr' id='par_1_44' title="bbox 2067 1561 3633 1644">
     <span class='ocr_line' id='line_1_44' title="bbox 2067 1561 3633 1644; baseline -0.001 -15"><span class='ocrx_word' id='word_1_297' title='bbox 2067 1572 2379 1643; x_wconf 84' lang='lat' dir='ltr'><strong>cipiendum</strong></span> <span class='ocrx_word' id='word_1_298' title='bbox 2409 1578 2516 1636; x_wconf 86' lang='lat' dir='ltr'><strong>est,</strong></span> <span class='ocrx_word' id='word_1_299' title='bbox 2561 1579 2655 1626; x_wconf 89' lang='lat' dir='ltr'><strong>aut</strong></span> <span class='ocrx_word' id='word_1_300' title='bbox 2694 1571 3116 1641; x_wconf 88' lang='lat' dir='ltr'><strong>imperturbatos</strong></span> <span class='ocrx_word' id='word_1_301' title='bbox 3157 1561 3349 1640; x_wconf 79' lang='lat' dir='ltr'><strong>fuisse,</strong></span> <span class='ocrx_word' id='word_1_302' title='bbox 3386 1573 3531 1644; x_wconf 89' lang='lat' dir='ltr'><strong>quod</strong></span> <span class='ocrx_word' id='word_1_303' title='bbox 3565 1574 3633 1629; x_wconf 90' lang='lat' dir='ltr'><strong>ad</strong></span> 
     </span>
    </p>
   </div>
   <div class='ocr_carea' id='block_1_45' title="bbox 2067 1663 3635 1735">
    <p class='ocr_par' dir='ltr' id='par_1_45' title="bbox 2067 1663 3635 1735">
     <span class='ocr_line' id='line_1_45' title="bbox 2067 1663 3635 1735; baseline 0.001 -17"><span class='ocrx_word' id='word_1_304' title='bbox 2067 1666 2286 1735; x_wconf 89' lang='lat' dir='ltr'><strong>pietatis</strong></span> <span class='ocrx_word' id='word_1_305' title='bbox 2337 1665 2751 1735; x_wconf 79' lang='lat' dir='ltr'><strong>abnegationem</strong></span> <span class='ocrx_word' id='word_1_306' title='bbox 2799 1663 2992 1718; x_wconf 84' lang='lat' dir='ltr'><strong>attinet</strong></span> <span class='ocrx_word' id='word_1_307' title='bbox 3025 1680 3145 1734; x_wconf 70' lang='lat' dir='ltr'><strong>quae</strong></span> <span class='ocrx_word' id='word_1_308' title='bbox 3197 1666 3507 1721; x_wconf 85' lang='lat' dir='ltr'><strong>universam</strong></span> <span class='ocrx_word' id='word_1_309' title='bbox 3541 1682 3635 1722; x_wconf 87' lang='lat' dir='ltr'><strong>su-</strong></span> 
     </span>
    </p>
   </div>
   <div class='ocr_carea' id='block_1_46' title="bbox 2070 1756 3635 1828">
    <p class='ocr_par' dir='ltr' id='par_1_46' title="bbox 2070 1756 3635 1828">
     <span class='ocr_line' id='line_1_46' title="bbox 2070 1756 3635 1828; baseline 0.002 -16"><span class='ocrx_word' id='word_1_310' title='bbox 2070 1764 2223 1828; x_wconf 88' lang='lat' dir='ltr'><strong>perat</strong></span> <span class='ocrx_word' id='word_1_311' title='bbox 2253 1756 2676 1828; x_wconf 84' lang='lat' dir='ltr'><strong>improbitatem,</strong></span> <span class='ocrx_word' id='word_1_312' title='bbox 2717 1756 2800 1811; x_wconf 84' lang='lat' dir='ltr'><strong>vel</strong></span> <span class='ocrx_word' id='word_1_313' title='bbox 2831 1756 3030 1820; x_wconf 86' lang='grc' dir='ltr'>κακίας</span> <span class='ocrx_word' id='word_1_314' title='bbox 3054 1758 3367 1815; x_wconf 80' lang='lat' dir='ltr'><strong>vexationes</strong></span> <span class='ocrx_word' id='word_1_315' title='bbox 3394 1766 3635 1815; x_wconf 81' lang='lat' dir='ltr'><strong>tormen-</strong></span> 
     </span>
    </p>
   </div>
   <div class='ocr_carea' id='block_1_47' title="bbox 1997 1844 2600 1905">
    <p class='ocr_par' dir='ltr' id='par_1_47' title="bbox 1997 1844 2600 1905">
     <span class='ocr_line' id='line_1_47' title="bbox 1997 1844 2600 1905; baseline -0.008 0"><span class='ocrx_word' id='word_1_316' title='bbox 1997 1844 2043 1905; x_wconf 84' lang='grc' dir='ltr'><strong><em>Β</em></strong></span> <span class='ocrx_word' id='word_1_317' title='bbox 2070 1854 2246 1902; x_wconf 88' lang='lat' dir='ltr'><strong>lorum</strong></span> <span class='ocrx_word' id='word_1_318' title='bbox 2281 1848 2600 1902; x_wconf 82' lang='lat' dir='ltr'><strong>nominavit.</strong></span> 
     </span>
    </p>
   </div>
   <div class='ocr_carea' id='block_1_48' title="bbox 2645 1937 3051 1996">
    <p class='ocr_par' dir='ltr' id='par_1_48' title="bbox 2645 1937 3051 1996">
     <span class='ocr_line' id='line_1_48' title="bbox 2645 1937 3051 1996; baseline 0.007 -3"><span class='ocrx_word' id='word_1_319' title='bbox 2645 1937 2876 1994; x_wconf 81' lang='lat' dir='ltr'><strong>CANON</strong></span> <span class='ocrx_word' id='word_1_320' title='bbox 2915 1938 3051 1996; x_wconf 87' lang='lat' dir='ltr'>XIII.</span> 
     </span>
    </p>
   </div>
   <div class='ocr_carea' id='block_1_49' title="bbox 2141 2029 3631 2104">
    <p class='ocr_par' dir='ltr' id='par_1_49' title="bbox 2141 2029 3631 2104">
     <span class='ocr_line' id='line_1_49' title="bbox 2141 2029 3631 2104; baseline 0.004 -21"><span class='ocrx_word' id='word_1_321' title='bbox 2141 2050 2158 2083; x_wconf 73' lang='grc' dir='ltr'><strong>ι</strong></span> <span class='ocrx_word' id='word_1_322' title='bbox 2210 2029 2364 2085; x_wconf 87' lang='lat' dir='ltr'><strong>Unde</strong></span> <span class='ocrx_word' id='word_1_323' title='bbox 2410 2046 2511 2086; x_wconf 90' lang='lat' dir='ltr'><strong>nec</strong></span> <span class='ocrx_word' id='word_1_324' title='bbox 2557 2045 2653 2087; x_wconf 91' lang='lat' dir='ltr'><strong>eos</strong></span> <span class='ocrx_word' id='word_1_325' title='bbox 2695 2030 2788 2101; x_wconf 87' lang='lat' dir='ltr'><strong>qui</strong></span> <span class='ocrx_word' id='word_1_326' title='bbox 2839 2032 3022 2085; x_wconf 88' lang='lat' dir='ltr'><strong>omnia</strong></span> <span class='ocrx_word' id='word_1_327' title='bbox 3049 2032 3388 2104; x_wconf 88' lang='lat' dir='ltr'><strong>reliquerunt</strong></span> <span class='ocrx_word' id='word_1_328' title='bbox 3415 2043 3631 2104; x_wconf 83' lang='lat' dir='ltr'><strong>propter</strong></span> 
     </span>
    </p>
   </div>
   <div class='ocr_carea' id='block_1_50' title="bbox 2071 2124 3631 2189">
    <p class='ocr_par' dir='ltr' id='par_1_50' title="bbox 2071 2124 3631 2189">
     <span class='ocr_line' id='line_1_50' title="bbox 2071 2124 3631 2189; baseline 0.005 -15"><span class='ocrx_word' id='word_1_329' title='bbox 2071 2142 2088 2174; x_wconf 76' lang='grc' dir='ltr'><strong>ι</strong></span> <span class='ocrx_word' id='word_1_330' title='bbox 2136 2124 2367 2179; x_wconf 85' lang='lat' dir='ltr'><strong>salutem</strong></span> <span class='ocrx_word' id='word_1_331' title='bbox 2410 2124 2605 2177; x_wconf 69' lang='lat' dir='ltr'><strong>anima:</strong></span> <span class='ocrx_word' id='word_1_332' title='bbox 2662 2129 2717 2178; x_wconf 90' lang='lat' dir='ltr'><strong>et</strong></span> <span class='ocrx_word' id='word_1_333' title='bbox 2768 2134 3144 2189; x_wconf 89' lang='lat' dir='ltr'><strong>secesserunt,</strong></span> <span class='ocrx_word' id='word_1_334' title='bbox 3192 2125 3318 2179; x_wconf 93' lang='lat' dir='ltr'><strong>licet</strong></span> <span class='ocrx_word' id='word_1_335' title='bbox 3371 2140 3631 2182; x_wconf 85' lang='lat' dir='ltr'><strong>accusare</strong></span> 
     </span>
    </p>
   </div>
   <div class='ocr_carea' id='block_1_51' title="bbox 2071 2215 3629 2285">
    <p class='ocr_par' dir='ltr' id='par_1_51' title="bbox 2071 2215 3629 2285">
     <span class='ocr_line' id='line_1_51' title="bbox 2071 2215 3629 2285; baseline 0.004 -19"><span class='ocrx_word' id='word_1_336' title='bbox 2071 2234 2089 2266; x_wconf 79' lang='grc' dir='ltr'><strong>ι</strong></span> <span class='ocrx_word' id='word_1_337' title='bbox 2138 2223 2397 2285; x_wconf 86' lang='lat' dir='ltr'><strong>tanquam</strong></span> <span class='ocrx_word' id='word_1_338' title='bbox 2446 2216 2569 2269; x_wconf 90' lang='lat' dir='ltr'><strong>aliis</strong></span> <span class='ocrx_word' id='word_1_339' title='bbox 2613 2224 2834 2284; x_wconf 82' lang='lat' dir='ltr'><strong>prepter</strong></span> <span class='ocrx_word' id='word_1_340' title='bbox 2884 2215 3031 2285; x_wconf 90' lang='lat' dir='ltr'><strong>ipsos</strong></span> <span class='ocrx_word' id='word_1_341' title='bbox 3082 2216 3338 2272; x_wconf 87' lang='lat' dir='ltr'><strong>detentis.</strong></span> <span class='ocrx_word' id='word_1_342' title='bbox 3388 2216 3521 2270; x_wconf 86' lang='lat' dir='ltr'><strong>Nam</strong></span> <span class='ocrx_word' id='word_1_343' title='bbox 3575 2227 3629 2272; x_wconf 88' lang='lat' dir='ltr'><strong>et</strong></span> 
     </span>
    </p>
   </div>
   <div class='ocr_carea' id='block_1_52' title="bbox 2070 2305 3632 2377">
    <p class='ocr_par' dir='ltr' id='par_1_52' title="bbox 2070 2305 3632 2377">
     <span class='ocr_line' id='line_1_52' title="bbox 2070 2305 3632 2377; baseline 0.001 -18"><span class='ocrx_word' id='word_1_344' title='bbox 2070 2324 2089 2359; x_wconf 82' lang='grc' dir='ltr'><strong>ι</strong></span> <span class='ocrx_word' id='word_1_345' title='bbox 2136 2305 2332 2377; x_wconf 88' lang='lat' dir='ltr'><strong>Ephesi</strong></span> <span class='ocrx_word' id='word_1_346' title='bbox 2363 2321 2461 2376; x_wconf 89' lang='lat' dir='ltr'><strong>pro</strong></span> <span class='ocrx_word' id='word_1_347' title='bbox 2482 2305 2651 2361; x_wconf 89' lang='lat' dir='ltr'><strong>Paulo</strong></span> <span class='ocrx_word' id='word_1_348' title='bbox 2678 2305 2872 2376; x_wconf 87' lang='lat' dir='ltr'><strong>Gajum</strong></span> <span class='ocrx_word' id='word_1_349' title='bbox 2906 2314 2963 2362; x_wconf 91' lang='lat' dir='ltr'><strong>et</strong></span> <span class='ocrx_word' id='word_1_350' title='bbox 2992 2306 3368 2362; x_wconf 86' lang='lat' dir='ltr'><strong>Aristarchum</strong></span> <span class='ocrx_word' id='word_1_351' title='bbox 3395 2307 3452 2362; x_wconf 90' lang='lat' dir='ltr'><strong>in</strong></span> <span class='ocrx_word' id='word_1_352' title='bbox 3486 2308 3632 2362; x_wconf 88' lang='lat' dir='ltr'><strong>thea-</strong></span> 
     </span>
    </p>
   </div>
   <div class='ocr_carea' id='block_1_53' title="bbox 2069 2398 3632 2470">
    <p class='ocr_par' dir='ltr' id='par_1_53' title="bbox 2069 2398 3632 2470">
     <span class='ocr_line' id='line_1_53' title="bbox 2069 2398 3632 2470; baseline 0.003 -21"><span class='ocrx_word' id='word_1_353' title='bbox 2069 2417 2087 2449; x_wconf 77' lang='grc' dir='ltr'><strong>ι</strong></span> <span class='ocrx_word' id='word_1_354' title='bbox 2139 2406 2223 2453; x_wconf 88' lang='lat' dir='ltr'><strong>tro</strong></span> <span class='ocrx_word' id='word_1_355' title='bbox 2246 2398 2813 2467; x_wconf 85' lang='lat' dir='ltr'><strong>comprehenderunt,</strong></span> <span class='ocrx_word' id='word_1_356' title='bbox 2848 2413 2954 2453; x_wconf 88' lang='lat' dir='ltr'><strong>una</strong></span> <span class='ocrx_word' id='word_1_357' title='bbox 3002 2413 3127 2453; x_wconf 89' lang='lat' dir='ltr'><strong>cum</strong></span> <span class='ocrx_word' id='word_1_358' title='bbox 3178 2399 3347 2453; x_wconf 87' lang='lat' dir='ltr'><strong>Paulo</strong></span> <span class='ocrx_word' id='word_1_359' title='bbox 3390 2401 3632 2470; x_wconf 80' lang='lat' dir='ltr'><strong>peregri-</strong></span> 
     </span>
    </p>
   </div>
   <div class='ocr_carea' id='block_1_54' title="bbox 2068 2490 3628 2561">
    <p class='ocr_par' dir='ltr' id='par_1_54' title="bbox 2068 2490 3628 2561">
     <span class='ocr_line' id='line_1_54' title="bbox 2068 2490 3628 2561; baseline 0.001 -19"><span class='ocrx_word' id='word_1_360' title='bbox 2068 2509 2087 2542; x_wconf 72' lang='grc' dir='ltr'><strong>ι</strong></span> <span class='ocrx_word' id='word_1_361' title='bbox 2132 2498 2323 2545; x_wconf 90' lang='lat' dir='ltr'><strong>nantes</strong></span> <span class='ocrx_word' id='word_1_362' title='bbox 2340 2490 2499 2560; x_wconf 64' lang='lat' dir='ltr'><strong>a,qui</strong></span> <span class='ocrx_word' id='word_1_363' title='bbox 2530 2490 2740 2545; x_wconf 79' lang='lat' dir='ltr'><strong>volebat</strong></span> <span class='ocrx_word' id='word_1_364' title='bbox 2772 2491 2839 2544; x_wconf 90' lang='lat' dir='ltr'><strong>ad</strong></span> <span class='ocrx_word' id='word_1_365' title='bbox 2867 2491 3123 2560; x_wconf 87' lang='lat' dir='ltr'><strong>populum</strong></span> <span class='ocrx_word' id='word_1_366' title='bbox 3153 2491 3340 2545; x_wconf 90' lang='lat' dir='ltr'><strong>adire:</strong></span> <span class='ocrx_word' id='word_1_367' title='bbox 3371 2492 3628 2561; x_wconf 89' lang='lat' dir='ltr'><strong>quoniam</strong></span> 
     </span>
    </p>
   </div>
   <div class='ocr_carea' id='block_1_55' title="bbox 2069 2583 3628 2654">
    <p class='ocr_par' dir='ltr' id='par_1_55' title="bbox 2069 2583 3628 2654">
     <span class='ocr_line' id='line_1_55' title="bbox 2069 2583 3628 2654; baseline 0.001 -18"><span class='ocrx_word' id='word_1_368' title='bbox 2069 2601 2086 2631; x_wconf 76' lang='grc' dir='ltr'><strong>ι</strong></span> <span class='ocrx_word' id='word_1_369' title='bbox 2134 2592 2354 2653; x_wconf 88' lang='lat' dir='ltr'><strong>propter</strong></span> <span class='ocrx_word' id='word_1_370' title='bbox 2382 2584 2558 2654; x_wconf 91' lang='lat' dir='ltr'><strong>ipsum</strong></span> <span class='ocrx_word' id='word_1_371' title='bbox 2590 2583 2681 2653; x_wconf 88' lang='lat' dir='ltr'><strong>qui</strong></span> <span class='ocrx_word' id='word_1_372' title='bbox 2707 2590 3072 2653; x_wconf 89' lang='lat' dir='ltr'><strong>persuaserat,</strong></span> <span class='ocrx_word' id='word_1_373' title='bbox 3089 2591 3143 2638; x_wconf 92' lang='lat' dir='ltr'><strong>et</strong></span> <span class='ocrx_word' id='word_1_374' title='bbox 3170 2583 3394 2637; x_wconf 90' lang='lat' dir='ltr'><strong>multam</strong></span> <span class='ocrx_word' id='word_1_375' title='bbox 3416 2583 3628 2637; x_wconf 86' lang='lat' dir='ltr'><strong>turbam</strong></span> 
     </span>
    </p>
   </div>
   <div class='ocr_carea' id='block_1_56' title="bbox 2069 2673 3628 2743">
    <p class='ocr_par' dir='ltr' id='par_1_56' title="bbox 2069 2673 3628 2743">
     <span class='ocr_line' id='line_1_56' title="bbox 2069 2673 3628 2743; baseline 0.001 -16"><span class='ocrx_word' id='word_1_376' title='bbox 2069 2695 2087 2727; x_wconf 70' lang='lat' dir='ltr'><strong>c</strong></span> <span class='ocrx_word' id='word_1_377' title='bbox 2134 2676 2201 2731; x_wconf 90' lang='lat' dir='ltr'><strong>ad</strong></span> <span class='ocrx_word' id='word_1_378' title='bbox 2229 2675 2323 2731; x_wconf 91' lang='lat' dir='ltr'><strong>Dei</strong></span> <span class='ocrx_word' id='word_1_379' title='bbox 2361 2677 2569 2731; x_wconf 89' lang='lat' dir='ltr'><strong>cultum</strong></span> <span class='ocrx_word' id='word_1_380' title='bbox 2617 2675 2965 2743; x_wconf 79' lang='lat' dir='ltr'><strong>traduxerat,</strong></span> <span class='ocrx_word' id='word_1_381' title='bbox 2997 2674 3193 2731; x_wconf 85' lang='lat' dir='ltr'><strong>seditio</strong></span> <span class='ocrx_word' id='word_1_382' title='bbox 3240 2673 3383 2728; x_wconf 85' lang='lat' dir='ltr'><strong>facta</strong></span> <span class='ocrx_word' id='word_1_383' title='bbox 3429 2674 3628 2729; x_wconf 82' lang='lat' dir='ltr'><strong>fuerat.</strong></span> 
     </span>
    </p>
   </div>
   <div class='ocr_carea' id='block_1_57' title="bbox 2069 2766 3630 2838">
    <p class='ocr_par' dir='ltr' id='par_1_57' title="bbox 2069 2766 3630 2838">
     <span class='ocr_line' id='line_1_57' title="bbox 2069 2766 3630 2838; baseline -0.001 -18"><span class='ocrx_word' id='word_1_384' title='bbox 2069 2788 2087 2820; x_wconf 78' lang='grc' dir='ltr'><strong>ι</strong></span> <span class='ocrx_word' id='word_1_385' title='bbox 2133 2767 2255 2824; x_wconf 88' lang='lat' dir='ltr'><strong>Non</strong></span> <span class='ocrx_word' id='word_1_386' title='bbox 2283 2769 2543 2825; x_wconf 81' lang='lat' dir='ltr'><strong>sciverunt</strong></span> <span class='ocrx_word' id='word_1_387' title='bbox 2570 2784 2709 2834; x_wconf 90' lang='lat' dir='ltr'><strong>eum,</strong></span> <span class='ocrx_word' id='word_1_388' title='bbox 2762 2768 2961 2838; x_wconf 86' lang='lat' dir='ltr'><strong>inquit,</strong></span> <span class='ocrx_word' id='word_1_389' title='bbox 2994 2767 3258 2836; x_wconf 79' lang='lat' dir='ltr'><strong>discipuli.</strong></span> <span class='ocrx_word' id='word_1_390' title='bbox 3296 2766 3437 2833; x_wconf 85' lang='lat' dir='ltr'><strong>Quin</strong></span> <span class='ocrx_word' id='word_1_391' title='bbox 3466 2767 3630 2822; x_wconf 90' lang='lat' dir='ltr'><strong>etiam</strong></span> 
     </span>
    </p>
   </div>
   <div class='ocr_carea' id='block_1_58' title="bbox 2068 2860 3629 2931">
    <p class='ocr_par' dir='ltr' id='par_1_58' title="bbox 2068 2860 3629 2931">
     <span class='ocr_line' id='line_1_58' title="bbox 2068 2860 3629 2931; baseline 0.001 -18"><span class='ocrx_word' id='word_1_392' title='bbox 2068 2881 2086 2913; x_wconf 73' lang='grc' dir='ltr'><strong>ε</strong></span> <span class='ocrx_word' id='word_1_393' title='bbox 2133 2862 2382 2917; x_wconf 89' lang='lat' dir='ltr'><strong>nonnulli</strong></span> <span class='ocrx_word' id='word_1_394' title='bbox 2404 2877 2471 2917; x_wconf 81' lang='lat' dir='ltr'><strong>ex</strong></span> <span class='ocrx_word' id='word_1_395' title='bbox 2498 2860 2781 2917; x_wconf 82' lang='lat' dir='ltr'><strong>Asiarchis</strong></span> <span class='ocrx_word' id='word_1_396' title='bbox 2826 2861 2919 2931; x_wconf 92' lang='lat' dir='ltr'><strong>qui</strong></span> <span class='ocrx_word' id='word_1_397' title='bbox 2961 2860 3011 2915; x_wconf 89' lang='lat' dir='ltr'><strong>ei</strong></span> <span class='ocrx_word' id='word_1_398' title='bbox 3056 2865 3213 2915; x_wconf 84' lang='lat' dir='ltr'><strong>erant</strong></span> <span class='ocrx_word' id='word_1_399' title='bbox 3244 2861 3428 2924; x_wconf 90' lang='lat' dir='ltr'><strong>amici,</strong></span> <span class='ocrx_word' id='word_1_400' title='bbox 3466 2860 3629 2915; x_wconf 85' lang='lat' dir='ltr'><strong>mise-</strong></span> 
     </span>
    </p>
   </div>
   <div class='ocr_carea' id='block_1_59' title="bbox 2068 2951 3629 3017">
    <p class='ocr_par' dir='ltr' id='par_1_59' title="bbox 2068 2951 3629 3017">
     <span class='ocr_line' id='line_1_59' title="bbox 2068 2951 3629 3017; baseline 0.001 -12"><span class='ocrx_word' id='word_1_401' title='bbox 2068 2972 2086 3005; x_wconf 74' lang='grc' dir='ltr'><strong>ι</strong></span> <span class='ocrx_word' id='word_1_402' title='bbox 2126 2962 2259 3009; x_wconf 89' lang='lat' dir='ltr'><strong>runt</strong></span> <span class='ocrx_word' id='word_1_403' title='bbox 2288 2954 2355 3009; x_wconf 90' lang='lat' dir='ltr'><strong>ad</strong></span> <span class='ocrx_word' id='word_1_404' title='bbox 2384 2969 2507 3010; x_wconf 90' lang='lat' dir='ltr'><strong>eum</strong></span> <span class='ocrx_word' id='word_1_405' title='bbox 2532 2961 2586 3009; x_wconf 86' lang='lat' dir='ltr'><strong>et</strong></span> <span class='ocrx_word' id='word_1_406' title='bbox 2614 2960 2930 3017; x_wconf 90' lang='lat' dir='ltr'><strong>suaserunt,</strong></span> <span class='ocrx_word' id='word_1_407' title='bbox 2954 2968 3023 3008; x_wconf 91' lang='lat' dir='ltr'><strong>ne</strong></span> <span class='ocrx_word' id='word_1_408' title='bbox 3049 2968 3107 3008; x_wconf 89' lang='lat' dir='ltr'><strong>se</strong></span> <span class='ocrx_word' id='word_1_409' title='bbox 3127 2953 3341 3009; x_wconf 84' lang='lat' dir='ltr'><strong>theatro</strong></span> <span class='ocrx_word' id='word_1_410' title='bbox 3364 2952 3536 3007; x_wconf 87' lang='lat' dir='ltr'><strong>daret.</strong></span> <span class='ocrx_word' id='word_1_411' title='bbox 3569 2951 3629 3007; x_wconf 87' lang='lat' dir='ltr'><strong>Si</strong></span> 
     </span>
    </p>
   </div>
   <div class='ocr_carea' id='block_1_60' title="bbox 2067 3045 3630 3119">
    <p class='ocr_par' dir='ltr' id='par_1_60' title="bbox 2067 3045 3630 3119">
     <span class='ocr_line' id='line_1_60' title="bbox 2067 3045 3630 3119; baseline 0.003 -21"><span class='ocrx_word' id='word_1_412' title='bbox 2067 3066 2085 3098; x_wconf 75' lang='grc' dir='ltr'><strong>ι</strong></span> <span class='ocrx_word' id='word_1_413' title='bbox 2132 3049 2225 3119; x_wconf 89' lang='lat' dir='ltr'><strong>qui</strong></span> <span class='ocrx_word' id='word_1_414' title='bbox 2266 3057 2447 3102; x_wconf 83' lang='lat' dir='ltr'><strong>autem</strong></span> <span class='ocrx_word' id='word_1_415' title='bbox 2493 3061 2616 3100; x_wconf 93' lang='lat' dir='ltr'><strong>cum</strong></span> <span class='ocrx_word' id='word_1_416' title='bbox 2670 3048 2736 3103; x_wconf 90' lang='lat' dir='ltr'><strong>iis</strong></span> <span class='ocrx_word' id='word_1_417' title='bbox 2772 3046 3100 3103; x_wconf 84' lang='lat' dir='ltr'><strong>contendere</strong></span> <span class='ocrx_word' id='word_1_418' title='bbox 3130 3045 3492 3115; x_wconf 81' lang='lat' dir='ltr'><strong>perrexerint,</strong></span> <span class='ocrx_word' id='word_1_419' title='bbox 3534 3047 3630 3115; x_wconf 86' lang='lat' dir='ltr'><strong>qui</strong></span> 
     </span>
    </p>
   </div>
   <div class='ocr_carea' id='block_1_61' title="bbox 397 3124 1960 3238">
    <p class='ocr_par' dir='ltr' id='par_1_61' title="bbox 397 3124 1958 3209">
     <span class='ocr_line' id='line_1_61' title="bbox 397 3124 1958 3209; baseline 0.011 -34"><span class='ocrx_word' id='word_1_420' title='bbox 397 3140 419 3173; x_wconf 72' lang='lat'>1</span> <span class='ocrx_word' id='word_1_421' title='bbox 464 3124 876 3196; x_wconf 83' lang='grc' dir='ltr'>ἐρεσχελοῦντες</span> <span class='ocrx_word' id='word_1_422' title='bbox 904 3133 1016 3195; x_wconf 90' lang='grc' dir='ltr'>τοῖς</span> <span class='ocrx_word' id='word_1_423' title='bbox 1048 3131 1352 3204; x_wconf 76' lang='grc' dir='ltr'>εἰλικρινῶς</span> <span class='ocrx_word' id='word_1_424' title='bbox 1388 3135 1711 3206; x_wconf 81' lang='grc' dir='ltr'>προσέχουσι</span> <span class='ocrx_word' id='word_1_425' title='bbox 1752 3137 1830 3209; x_wconf 83' lang='grc' dir='ltr'>τῷ</span> <span class='ocrx_word' id='word_1_426' title='bbox 1870 3139 1958 3193; x_wconf 87' lang='grc' dir='ltr'>λέ-</span> 
     </span>
    </p>
   </div>
   <div class='ocr_carea' id='block_1_62' title="bbox 2069 3124 3634 3238">
    <p class='ocr_par' dir='ltr' id='par_1_62' title="bbox 2069 3139 3634 3210">
     <span class='ocr_line' id='line_1_62' title="bbox 2069 3139 3634 3210; baseline 0.001 -19"><span class='ocrx_word' id='word_1_427' title='bbox 2069 3158 2087 3190; x_wconf 76' lang='grc' dir='ltr'><strong>ι</strong></span> <span class='ocrx_word' id='word_1_428' title='bbox 2134 3139 2383 3194; x_wconf 87' lang='lat' dir='ltr'><strong>animum</strong></span> <span class='ocrx_word' id='word_1_429' title='bbox 2408 3141 2682 3197; x_wconf 85' lang='lat' dir='ltr'><strong>sincerum</strong></span> <span class='ocrx_word' id='word_1_430' title='bbox 2713 3140 2764 3195; x_wconf 91' lang='lat' dir='ltr'><strong>ei</strong></span> <span class='ocrx_word' id='word_1_431' title='bbox 2808 3139 3087 3201; x_wconf 86' lang='lat' dir='ltr'><strong>adhibent,</strong></span> <span class='ocrx_word' id='word_1_432' title='bbox 3115 3139 3207 3210; x_wconf 91' lang='lat' dir='ltr'><strong>qui</strong></span> <span class='ocrx_word' id='word_1_433' title='bbox 3226 3139 3357 3195; x_wconf 85' lang='lat' dir='ltr'><strong>dicit</strong></span> <span class='ocrx_word' id='word_1_434' title='bbox 3379 3139 3406 3181; x_wconf 74' lang='grc' dir='ltr'><strong>ι)</strong></span> <span class='ocrx_word' id='word_1_435' title='bbox 3441 3156 3457 3194; x_wconf 91' lang='lat'><strong>:</strong></span> <span class='ocrx_word' id='word_1_436' title='bbox 3491 3139 3634 3194; x_wconf 85' lang='lat' dir='ltr'><strong>Dili-</strong></span> 
     </span>
    </p>
   </div>
   <div class='ocr_carea' id='block_1_63' title="bbox 403 3217 1957 3299">
    <p class='ocr_par' dir='ltr' id='par_1_63' title="bbox 403 3217 1957 3299">
     <span class='ocr_line' id='line_1_63' title="bbox 403 3217 1957 3299; baseline 0.02 -42"><span class='ocrx_word' id='word_1_437' title='bbox 403 3230 421 3261; x_wconf 76' lang='grc' dir='ltr'><strong>ι</strong></span> <span class='ocrx_word' id='word_1_438' title='bbox 467 3217 676 3282; x_wconf 69' lang='grc' dir='ltr'>γοντιθθ</span> <span class='ocrx_word' id='word_1_439' title='bbox 701 3217 835 3289; x_wconf 81' lang='grc' dir='ltr'><strong>(Μ),</strong></span> <span class='ocrx_word' id='word_1_440' title='bbox 866 3219 1069 3281; x_wconf 79' lang='grc' dir='ltr'>Σώζων</span> <span class='ocrx_word' id='word_1_441' title='bbox 1096 3222 1245 3283; x_wconf 83' lang='grc' dir='ltr'>σῶζε</span> <span class='ocrx_word' id='word_1_442' title='bbox 1274 3222 1388 3293; x_wconf 73' lang='grc' dir='ltr'>τὴν</span> <span class='ocrx_word' id='word_1_443' title='bbox 1422 3227 1681 3281; x_wconf 86' lang='grc' dir='ltr'>σεαυτοῦ</span> <span class='ocrx_word' id='word_1_444' title='bbox 1724 3228 1957 3299; x_wconf 73' lang='grc' dir='ltr'>ψυχὴν,</span> 
     </span>
    </p>
   </div>
   <div class='ocr_carea' id='block_1_64' title="bbox 398 3308 1963 3386">
    <p class='ocr_par' dir='ltr' id='par_1_64' title="bbox 398 3308 1963 3386">
     <span class='ocr_line' id='line_1_64' title="bbox 398 3308 1963 3386; baseline 0.011 -29"><span class='ocrx_word' id='word_1_445' title='bbox 398 3322 420 3355; x_wconf 84' lang='grc'><strong>‹</strong></span> <span class='ocrx_word' id='word_1_446' title='bbox 468 3308 567 3361; x_wconf 79' lang='grc' dir='ltr'>καὶ</span> <span class='ocrx_word' id='word_1_447' title='bbox 598 3309 667 3341; x_wconf 68' lang='grc' dir='ltr'><strong>ἰδ’</strong></span> <span class='ocrx_word' id='word_1_448' title='bbox 695 3310 781 3379; x_wconf 84' lang='grc' dir='ltr'><em>μὴ</em></span> <span class='ocrx_word' id='word_1_449' title='bbox 820 3312 1185 3384; x_wconf 75' lang='grc' dir='ltr'>περιὸλέψῃς</span> <span class='ocrx_word' id='word_1_450' title='bbox 1219 3316 1308 3347; x_wconf 80' lang='grc'>⁸⁶“</span> <span class='ocrx_word' id='word_1_451' title='bbox 1337 3318 1423 3382; x_wconf 80' lang='grc' dir='ltr'>εἰς</span> <span class='ocrx_word' id='word_1_452' title='bbox 1453 3318 1525 3371; x_wconf 86' lang='grc' dir='ltr'>τὰ</span> <span class='ocrx_word' id='word_1_453' title='bbox 1560 3319 1772 3386; x_wconf 84' lang='grc' dir='ltr'>ὀπίσω,</span> <span class='ocrx_word' id='word_1_454' title='bbox 1831 3322 1963 3375; x_wconf 81' lang='grc' dir='ltr'>ὐπο-</span> 
     </span>
    </p>
   </div>
   <div class='ocr_carea' id='block_1_65' title="bbox 396 3398 1963 3480">
    <p class='ocr_par' dir='ltr' id='par_1_65' title="bbox 396 3398 1963 3480">
     <span class='ocr_line' id='line_1_65' title="bbox 396 3398 1963 3480; baseline 0.016 -32"><span class='ocrx_word' id='word_1_455' title='bbox 396 3414 420 3449; x_wconf 75' lang='lat' dir='ltr'><strong>c</strong></span> <span class='ocrx_word' id='word_1_456' title='bbox 464 3398 854 3471; x_wconf 80' lang='grc' dir='ltr'>μνησθήτωσαν</span> <span class='ocrx_word' id='word_1_457' title='bbox 871 3405 960 3457; x_wconf 75' lang='grc' dir='ltr'>καὶ</span> <span class='ocrx_word' id='word_1_458' title='bbox 972 3406 1099 3473; x_wconf 70' lang='grc' dir='ltr'>περὶ</span> <span class='ocrx_word' id='word_1_459' title='bbox 1111 3406 1205 3459; x_wconf 81' lang='grc' dir='ltr'>τοῦ</span> <span class='ocrx_word' id='word_1_460' title='bbox 1224 3406 1332 3478; x_wconf 76' lang='grc'>(12)</span> <span class='ocrx_word' id='word_1_461' title='bbox 1350 3409 1768 3480; x_wconf 83' lang='grc' dir='ltr'>προκρίτουτῶν</span> <span class='ocrx_word' id='word_1_462' title='bbox 1822 3415 1963 3473; x_wconf 86' lang='grc' dir='ltr'>ἀπο-</span> 
     </span>
    </p>
   </div>
   <div class='ocr_carea' id='block_1_66' title="bbox 404 3489 1960 3573">
    <p class='ocr_par' dir='ltr' id='par_1_66' title="bbox 404 3489 1960 3573">
     <span class='ocr_line' id='line_1_66' title="bbox 404 3489 1960 3573; baseline 0.015 -36"><span class='ocrx_word' id='word_1_463' title='bbox 404 3506 423 3537; x_wconf 76' lang='grc'><strong>(</strong></span> <span class='ocrx_word' id='word_1_464' title='bbox 470 3489 671 3545; x_wconf 85' lang='grc' dir='ltr'>στόλων</span> <span class='ocrx_word' id='word_1_465' title='bbox 683 3491 915 3567; x_wconf 86' lang='grc' dir='ltr'>Πέτρου,</span> <span class='ocrx_word' id='word_1_466' title='bbox 922 3495 1304 3568; x_wconf 77' lang='grc' dir='ltr'>,βεϐλημένου</span> <span class='ocrx_word' id='word_1_467' title='bbox 1320 3516 1386 3555; x_wconf 80' lang='grc' dir='ltr'><strong>τε</strong></span> <span class='ocrx_word' id='word_1_468' title='bbox 1406 3500 1522 3571; x_wconf 78' lang='grc' dir='ltr'>ἤδη</span> <span class='ocrx_word' id='word_1_469' title='bbox 1539 3505 1626 3568; x_wconf 82' lang='grc' dir='ltr'><strong>είς</strong></span> <span class='ocrx_word' id='word_1_470' title='bbox 1636 3503 1923 3573; x_wconf 75' lang='grc' dir='ltr'>φυλακὴν</span> <span class='ocrx_word' id='word_1_471' title='bbox 1945 3546 1960 3570; x_wconf 92' lang='grc'><strong>,</strong></span> 
     </span>
    </p>
   </div>
   <div class='ocr_carea' id='block_1_67' title="bbox 403 3581 1961 3668">
    <p class='ocr_par' dir='ltr' id='par_1_67' title="bbox 403 3581 1961 3668">
     <span class='ocr_line' id='line_1_67' title="bbox 403 3581 1961 3668; baseline 0.014 -35"><span class='ocrx_word' id='word_1_472' title='bbox 403 3598 423 3631; x_wconf 80' lang='grc' dir='ltr'><strong>ι</strong></span> <span class='ocrx_word' id='word_1_473' title='bbox 471 3581 571 3635; x_wconf 75' lang='grc' dir='ltr'><strong>καί</strong></span> <span class='ocrx_word' id='word_1_474' title='bbox 591 3587 1026 3656; x_wconf 78' lang='grc' dir='ltr'>παραδοθέντος</span> <span class='ocrx_word' id='word_1_475' title='bbox 1053 3590 1327 3663; x_wconf 88' lang='grc' dir='ltr'>τέτταρσι</span> <span class='ocrx_word' id='word_1_476' title='bbox 1354 3596 1680 3664; x_wconf 81' lang='grc' dir='ltr'>τετραδίοις</span> <span class='ocrx_word' id='word_1_477' title='bbox 1700 3600 1745 3631; x_wconf 85' lang='grc'><strong>⁵⁷</strong></span> <span class='ocrx_word' id='word_1_478' title='bbox 1780 3615 1961 3668; x_wconf 80' lang='grc' dir='ltr'>στρα-</span> 
     </span>
    </p>
   </div>
   <div class='ocr_carea' id='block_1_68' title="bbox 400 3674 1962 3759">
    <p class='ocr_par' dir='ltr' id='par_1_68' title="bbox 400 3674 1962 3759">
     <span class='ocr_line' id='line_1_68' title="bbox 400 3674 1962 3759; baseline 0.014 -37"><span class='ocrx_word' id='word_1_479' title='bbox 400 3690 419 3721; x_wconf 80' lang='grc'><strong><em>‹</em></strong></span> <span class='ocrx_word' id='word_1_480' title='bbox 468 3674 704 3741; x_wconf 78' lang='grc' dir='ltr'>τιωτῶν,</span> <span class='ocrx_word' id='word_1_481' title='bbox 739 3678 1081 3745; x_wconf 66' lang='grc' dir='ltr'>φυλάσσειν</span> <span class='ocrx_word' id='word_1_482' title='bbox 1105 3684 1310 3738; x_wconf 85' lang='grc' dir='ltr'>αὐτόν.</span> <span class='ocrx_word' id='word_1_483' title='bbox 1334 3678 1408 3737; x_wconf 76' lang='grc' dir='ltr'>Οὐ</span> <span class='ocrx_word' id='word_1_484' title='bbox 1431 3687 1489 3740; x_wconf 81' lang='grc' dir='ltr'>ἐν</span> <span class='ocrx_word' id='word_1_485' title='bbox 1521 3689 1676 3744; x_wconf 77' lang='grc' dir='ltr'>νυκτὶ</span> <span class='ocrx_word' id='word_1_486' title='bbox 1702 3690 1962 3759; x_wconf 77' lang='grc' dir='ltr'>φυγόντος</span> 
     </span>
    </p>
   </div>
   <div class='ocr_carea' id='block_1_69' title="bbox 400 3763 1963 3840">
    <p class='ocr_par' dir='ltr' id='par_1_69' title="bbox 400 3763 1963 3840">
     <span class='ocr_line' id='line_1_69' title="bbox 400 3763 1963 3840; baseline 0.015 -28"><span class='ocrx_word' id='word_1_487' title='bbox 400 3780 418 3812; x_wconf 76' lang='grc' dir='ltr'><strong>ι</strong></span> <span class='ocrx_word' id='word_1_488' title='bbox 464 3763 557 3815; x_wconf 75' lang='grc' dir='ltr'>καὶ</span> <span class='ocrx_word' id='word_1_489' title='bbox 589 3765 652 3818; x_wconf 84' lang='grc' dir='ltr'><strong>ὲκ</strong></span> <span class='ocrx_word' id='word_1_490' title='bbox 679 3769 858 3839; x_wconf 86' lang='grc' dir='ltr'>χειρὸς</span> <span class='ocrx_word' id='word_1_491' title='bbox 890 3772 1176 3840; x_wconf 79' lang='grc' dir='ltr'>ῥυσθέντος</span> <span class='ocrx_word' id='word_1_492' title='bbox 1213 3775 1319 3828; x_wconf 87' lang='grc' dir='ltr'><strong>τῶν</strong></span> <span class='ocrx_word' id='word_1_493' title='bbox 1363 3777 1626 3833; x_wconf 87' lang='grc' dir='ltr'>Ἰουδαίων</span> <span class='ocrx_word' id='word_1_494' title='bbox 1660 3782 1779 3834; x_wconf 84' lang='grc' dir='ltr'>κατ’</span> <span class='ocrx_word' id='word_1_495' title='bbox 1817 3782 1963 3835; x_wconf 73' lang='grc' dir='ltr'>ἐντο-</span> 
     </span>
    </p>
   </div>
   <div class='ocr_carea' id='block_1_70' title="bbox 401 3850 1961 3940">
    <p class='ocr_par' dir='ltr' id='par_1_70' title="bbox 401 3850 1961 3940">
     <span class='ocr_line' id='line_1_70' title="bbox 401 3850 1961 3940; baseline 0.015 -37"><span class='ocrx_word' id='word_1_496' title='bbox 401 3871 419 3902; x_wconf 77' lang='grc' dir='ltr'><strong>ι</strong></span> <span class='ocrx_word' id='word_1_497' title='bbox 464 3852 563 3940; x_wconf 79' lang='grc' dir='ltr'><strong>λὴν</strong></span> <span class='ocrx_word' id='word_1_498' title='bbox 594 3856 826 3925; x_wconf 83' lang='grc' dir='ltr'>ἀγγέλου</span> <span class='ocrx_word' id='word_1_499' title='bbox 850 3899 864 3923; x_wconf 90' lang='grc'><strong>,</strong></span> <span class='ocrx_word' id='word_1_500' title='bbox 900 3862 1031 3932; x_wconf 71' lang='grc' dir='ltr'>φησὶ</span> <span class='ocrx_word' id='word_1_501' title='bbox 1052 3903 1068 3927; x_wconf 93' lang='grc'><strong>,</strong></span> <span class='ocrx_word' id='word_1_502' title='bbox 1107 3865 1312 3935; x_wconf 83' lang='grc' dir='ltr'>Κυρίου</span> <span class='ocrx_word' id='word_1_503' title='bbox 1332 3906 1347 3929; x_wconf 90' lang='grc'><strong>,</strong></span> <span class='ocrx_word' id='word_1_504' title='bbox 1379 3850 1706 3938; x_wconf 76' lang='grc' dir='ltr'>γενομένης</span> <span class='ocrx_word' id='word_1_505' title='bbox 1738 3871 1961 3940; x_wconf 72' lang='grc' dir='ltr'>ἡμέρας</span> 
     </span>
    </p>
   </div>
   <div class='ocr_carea' id='block_1_71' title="bbox 403 3939 1964 4029">
    <p class='ocr_par' dir='ltr' id='par_1_71' title="bbox 403 3939 1964 4029">
     <span class='ocr_line' id='line_1_71' title="bbox 403 3939 1964 4029; baseline 0.013 -33"><span class='ocrx_word' id='word_1_506' title='bbox 403 3960 420 3991; x_wconf 77' lang='grc' dir='ltr'><strong>ι</strong></span> <span class='ocrx_word' id='word_1_507' title='bbox 466 3939 546 4014; x_wconf 86' lang='grc' dir='ltr'>ἦν</span> <span class='ocrx_word' id='word_1_508' title='bbox 569 3945 826 4015; x_wconf 81' lang='grc' dir='ltr'>τάραχος</span> <span class='ocrx_word' id='word_1_509' title='bbox 855 3952 966 4004; x_wconf 82' lang='grc' dir='ltr'><strong>οὐκ</strong></span> <span class='ocrx_word' id='word_1_510' title='bbox 992 3953 1195 4023; x_wconf 77' lang='grc' dir='ltr'>ὀλίγος</span> <span class='ocrx_word' id='word_1_511' title='bbox 1218 3957 1288 4009; x_wconf 81' lang='grc' dir='ltr'>ἐν</span> <span class='ocrx_word' id='word_1_512' title='bbox 1316 3958 1440 4024; x_wconf 82' lang='grc' dir='ltr'>τοῖς</span> <span class='ocrx_word' id='word_1_513' title='bbox 1466 3939 1872 4029; x_wconf 82' lang='grc' dir='ltr'>στρατιώταις,</span> <span class='ocrx_word' id='word_1_514' title='bbox 1905 3962 1964 4016; x_wconf 83' lang='grc' dir='ltr'><strong>τί</strong></span> 
     </span>
    </p>
   </div>
   <div class='ocr_carea' id='block_1_72' title="bbox 409 4033 1963 4120">
    <p class='ocr_par' dir='ltr' id='par_1_72' title="bbox 409 4033 1963 4120">
     <span class='ocr_line' id='line_1_72' title="bbox 409 4033 1963 4120; baseline 0.013 -34"><span class='ocrx_word' id='word_1_515' title='bbox 409 4052 427 4084; x_wconf 73' lang='grc' dir='ltr'><strong>ι</strong></span> <span class='ocrx_word' id='word_1_516' title='bbox 474 4033 589 4103; x_wconf 78' lang='grc' dir='ltr'>ἄρα</span> <span class='ocrx_word' id='word_1_517' title='bbox 614 4040 647 4091; x_wconf 85' lang='grc' dir='ltr'><strong><em>ό</em></strong></span> <span class='ocrx_word' id='word_1_518' title='bbox 672 4038 895 4108; x_wconf 87' lang='grc' dir='ltr'>Πέτρος</span> <span class='ocrx_word' id='word_1_519' title='bbox 925 4041 1179 4111; x_wconf 72' lang='grc' dir='ltr'>ἐγένετο.</span> <span class='ocrx_word' id='word_1_520' title='bbox 1217 4047 1468 4117; x_wconf 79' lang='grc' dir='ltr'>Ἡρώδης</span> <span class='ocrx_word' id='word_1_521' title='bbox 1491 4049 1579 4115; x_wconf 83' lang='grc' dir='ltr'>δὲ,</span> <span class='ocrx_word' id='word_1_522' title='bbox 1603 4049 1963 4120; x_wconf 75' lang='grc' dir='ltr'>ἐπιζητήσας</span> 
     </span>
    </p>
   </div>
   <div class='ocr_carea' id='block_1_73' title="bbox 405 4129 1959 4212">
    <p class='ocr_par' dir='ltr' id='par_1_73' title="bbox 405 4129 1959 4212">
     <span class='ocr_line' id='line_1_73' title="bbox 405 4129 1959 4212; baseline 0.014 -34"><span class='ocrx_word' id='word_1_523' title='bbox 405 4143 425 4177; x_wconf 76' lang='grc' dir='ltr'><strong>ι</strong></span> <span class='ocrx_word' id='word_1_524' title='bbox 470 4129 656 4183; x_wconf 85' lang='grc' dir='ltr'>αὐτὸν</span> <span class='ocrx_word' id='word_1_525' title='bbox 680 4133 777 4187; x_wconf 81' lang='grc' dir='ltr'>καὶ</span> <span class='ocrx_word' id='word_1_526' title='bbox 798 4132 884 4202; x_wconf 79' lang='grc' dir='ltr'><em>μὴ</em></span> <span class='ocrx_word' id='word_1_527' title='bbox 907 4137 1116 4203; x_wconf 62' lang='lat' dir='ltr'><strong>abde,</strong></span> <span class='ocrx_word' id='word_1_528' title='bbox 1143 4137 1469 4209; x_wconf 82' lang='grc' dir='ltr'>ἀνακρίνας</span> <span class='ocrx_word' id='word_1_529' title='bbox 1496 4141 1638 4209; x_wconf 87' lang='grc' dir='ltr'>τοὺς</span> <span class='ocrx_word' id='word_1_530' title='bbox 1662 4145 1959 4212; x_wconf 72' lang='grc' dir='ltr'>φύλακας,</span> 
     </span>
    </p>
   </div>
   <div class='ocr_carea' id='block_1_74' title="bbox 403 4222 1962 4310">
    <p class='ocr_par' dir='ltr' id='par_1_74' title="bbox 403 4222 1962 4310">
     <span class='ocr_line' id='line_1_74' title="bbox 403 4222 1962 4310; baseline 0.012 -36"><span class='ocrx_word' id='word_1_531' title='bbox 403 4241 419 4272; x_wconf 80' lang='grc' dir='ltr'><strong>ι</strong></span> <span class='ocrx_word' id='word_1_532' title='bbox 463 4222 788 4280; x_wconf 77' lang='grc' dir='ltr'>ἐκέλευσεν</span> <span class='ocrx_word' id='word_1_533' title='bbox 850 4229 1227 4301; x_wconf 78' lang='grc' dir='ltr'>ἁπαγχθῆναι</span> <span class='ocrx_word' id='word_1_534' title='bbox 1281 4234 1424 4306; x_wconf 75' lang='grc'><strong>(15),</strong></span> <span class='ocrx_word' id='word_1_535' title='bbox 1487 4235 1554 4288; x_wconf 93' lang='grc' dir='ltr'>δι’</span> <span class='ocrx_word' id='word_1_536' title='bbox 1601 4235 1695 4300; x_wconf 79' lang='grc' dir='ltr'><strong>οὓς</strong></span> <span class='ocrx_word' id='word_1_537' title='bbox 1734 4238 1962 4310; x_wconf 83' lang='grc' dir='ltr'>οὐδεμία</span> 
     </span>
    </p>
   </div>
   <div class='ocr_carea' id='block_1_75' title="bbox 404 4317 1963 4399">
    <p class='ocr_par' dir='ltr' id='par_1_75' title="bbox 404 4317 1963 4399">
     <span class='ocr_line' id='line_1_75' title="bbox 404 4317 1963 4399; baseline 0.011 -32"><span class='ocrx_word' id='word_1_538' title='bbox 404 4332 421 4366; x_wconf 77' lang='grc' dir='ltr'><strong>ι</strong></span> <span class='ocrx_word' id='word_1_539' title='bbox 467 4317 616 4370; x_wconf 78' lang='grc' dir='ltr'>αἰτία</span> <span class='ocrx_word' id='word_1_540' title='bbox 637 4318 715 4390; x_wconf 80' lang='grc' dir='ltr'>τῷ</span> <span class='ocrx_word' id='word_1_541' title='bbox 730 4318 922 4392; x_wconf 82' lang='grc' dir='ltr'>Πέτρῳ</span> <span class='ocrx_word' id='word_1_542' title='bbox 944 4324 1337 4394; x_wconf 86' lang='grc' dir='ltr'>προσάπτεται.</span> <span class='ocrx_word' id='word_1_543' title='bbox 1373 4326 1529 4397; x_wconf 81' lang='grc' dir='ltr'><strong>Ἐξῆν</strong></span> <span class='ocrx_word' id='word_1_544' title='bbox 1576 4327 1684 4399; x_wconf 86' lang='grc' dir='ltr'>γὰρ</span> <span class='ocrx_word' id='word_1_545' title='bbox 1704 4368 1719 4393; x_wconf 94' lang='grc'><strong>,</strong></span> <span class='ocrx_word' id='word_1_546' title='bbox 1755 4331 1848 4383; x_wconf 75' lang='grc' dir='ltr'><strong>καὶ</strong></span> <span class='ocrx_word' id='word_1_547' title='bbox 1872 4332 1963 4389; x_wconf 80' lang='grc' dir='ltr'>αὐ-</span> 
     </span>
    </p>
   </div>
   <div class='ocr_carea' id='block_1_76' title="bbox 399 4409 1964 4488">
    <p class='ocr_par' dir='ltr' id='par_1_76' title="bbox 399 4409 1964 4488">
     <span class='ocr_line' id='line_1_76' title="bbox 399 4409 1964 4488; baseline 0.009 -27"><span class='ocrx_word' id='word_1_548' title='bbox 399 4426 418 4455; x_wconf 73' lang='grc' dir='ltr'><strong>ι</strong></span> <span class='ocrx_word' id='word_1_549' title='bbox 464 4409 590 4472; x_wconf 81' lang='grc' dir='ltr'>τοὺς</span> <span class='ocrx_word' id='word_1_550' title='bbox 620 4410 929 4482; x_wconf 79' lang='grc' dir='ltr'>ἑωρακότας</span> <span class='ocrx_word' id='word_1_551' title='bbox 959 4414 1018 4467; x_wconf 88' lang='grc' dir='ltr'><strong>τὸ</strong></span> <span class='ocrx_word' id='word_1_552' title='bbox 1050 4416 1329 4487; x_wconf 87' lang='grc' dir='ltr'>γινόμενον</span> <span class='ocrx_word' id='word_1_553' title='bbox 1361 4418 1425 4479; x_wconf 80' lang='grc'><strong>⁸⁸,</strong></span> <span class='ocrx_word' id='word_1_554' title='bbox 1452 4421 1730 4488; x_wconf 78' lang='grc' dir='ltr'>ἐκφυγεῖν,</span> <span class='ocrx_word' id='word_1_555' title='bbox 1764 4420 1840 4485; x_wconf 85' lang='grc' dir='ltr'>ὡς</span> <span class='ocrx_word' id='word_1_556' title='bbox 1870 4422 1964 4477; x_wconf 72' lang='grc' dir='ltr'><strong>καὶ</strong></span> 
     </span>
    </p>
   </div>
   <div class='ocr_carea' id='block_1_77' title="bbox 2070 3233 3629 3301">
    <p class='ocr_par' dir='ltr' id='par_1_77' title="bbox 2070 3233 3629 3301">
     <span class='ocr_line' id='line_1_77' title="bbox 2070 3233 3629 3301; baseline 0.003 -16"><span class='ocrx_word' id='word_1_557' title='bbox 2070 3249 2089 3285; x_wconf 73' lang='grc' dir='ltr'><strong>ι</strong></span> <span class='ocrx_word' id='word_1_558' title='bbox 2130 3240 2309 3301; x_wconf 86' lang='lat' dir='ltr'><strong>genter</strong></span> <span class='ocrx_word' id='word_1_559' title='bbox 2345 3248 2493 3286; x_wconf 86' lang='lat' dir='ltr'><strong>serva</strong></span> <span class='ocrx_word' id='word_1_560' title='bbox 2516 3233 2749 3286; x_wconf 85' lang='lat' dir='ltr'><strong>animam</strong></span> <span class='ocrx_word' id='word_1_561' title='bbox 2789 3240 2957 3296; x_wconf 86' lang='lat' dir='ltr'><strong>tuam,</strong></span> <span class='ocrx_word' id='word_1_562' title='bbox 2980 3240 3029 3285; x_wconf 85' lang='lat' dir='ltr'><strong>et</strong></span> <span class='ocrx_word' id='word_1_563' title='bbox 3070 3248 3133 3285; x_wconf 83' lang='lat' dir='ltr'><strong>ne</strong></span> <span class='ocrx_word' id='word_1_564' title='bbox 3170 3241 3311 3287; x_wconf 89' lang='lat' dir='ltr'><strong>retro</strong></span> <span class='ocrx_word' id='word_1_565' title='bbox 3341 3234 3629 3301; x_wconf 74' lang='lat' dir='ltr'><strong>aspexeris.</strong></span> 
     </span>
    </p>
   </div>
   <div class='ocr_carea' id='block_1_78' title="bbox 2070 3319 3632 3392">
    <p class='ocr_par' dir='ltr' id='par_1_78' title="bbox 2070 3319 3632 3392">
     <span class='ocr_line' id='line_1_78' title="bbox 2070 3319 3632 3392; baseline 0.004 -21"><span class='ocrx_word' id='word_1_566' title='bbox 2070 3339 2088 3371; x_wconf 74' lang='grc' dir='ltr'><strong>ι</strong></span> <span class='ocrx_word' id='word_1_567' title='bbox 2136 3319 2331 3377; x_wconf 89' lang='lat' dir='ltr'><strong>Petrus</strong></span> <span class='ocrx_word' id='word_1_568' title='bbox 2354 3336 2570 3392; x_wconf 90' lang='lat' dir='ltr'><strong>quoque</strong></span> <span class='ocrx_word' id='word_1_569' title='bbox 2600 3321 2968 3392; x_wconf 88' lang='lat' dir='ltr'><strong>apostolorum</strong></span> <span class='ocrx_word' id='word_1_570' title='bbox 3004 3320 3258 3390; x_wconf 90' lang='lat' dir='ltr'><strong>princeps</strong></span> <span class='ocrx_word' id='word_1_571' title='bbox 3289 3322 3371 3377; x_wconf 83' lang='lat' dir='ltr'><strong>eis</strong></span> <span class='ocrx_word' id='word_1_572' title='bbox 3402 3322 3457 3376; x_wconf 92' lang='lat' dir='ltr'><strong>in</strong></span> <span class='ocrx_word' id='word_1_573' title='bbox 3479 3339 3632 3378; x_wconf 78' lang='lat' dir='ltr'><strong>men-</strong></span> 
     </span>
    </p>
   </div>
   <div class='ocr_carea' id='block_1_79' title="bbox 2071 3412 3627 3483">
    <p class='ocr_par' dir='ltr' id='par_1_79' title="bbox 2071 3412 3627 3483">
     <span class='ocr_line' id='line_1_79' title="bbox 2071 3412 3627 3483; baseline 0 -19"><span class='ocrx_word' id='word_1_574' title='bbox 2071 3430 2089 3464; x_wconf 77' lang='grc' dir='ltr'><strong>ι</strong></span> <span class='ocrx_word' id='word_1_575' title='bbox 2139 3418 2246 3468; x_wconf 88' lang='lat' dir='ltr'><strong>tem</strong></span> <span class='ocrx_word' id='word_1_576' title='bbox 2276 3420 2583 3477; x_wconf 82' lang='lat' dir='ltr'><strong>revocetur,</strong></span> <span class='ocrx_word' id='word_1_577' title='bbox 2623 3414 2717 3483; x_wconf 93' lang='lat' dir='ltr'><strong>qui</strong></span> <span class='ocrx_word' id='word_1_578' title='bbox 2752 3412 2871 3481; x_wconf 86' lang='lat' dir='ltr'><strong>jam</strong></span> <span class='ocrx_word' id='word_1_579' title='bbox 2901 3413 2953 3465; x_wconf 87' lang='lat' dir='ltr'><strong>in</strong></span> <span class='ocrx_word' id='word_1_580' title='bbox 2977 3412 3271 3465; x_wconf 79' lang='lat' dir='ltr'><strong>custodiam</strong></span> <span class='ocrx_word' id='word_1_581' title='bbox 3317 3420 3435 3467; x_wconf 89' lang='lat' dir='ltr'><strong>erat</strong></span> <span class='ocrx_word' id='word_1_582' title='bbox 3502 3426 3627 3464; x_wconf 89' lang='lat' dir='ltr'><strong>con-</strong></span> 
     </span>
    </p>
   </div>
   <div class='ocr_carea' id='block_1_80' title="bbox 2071 3501 3631 3574">
    <p class='ocr_par' dir='ltr' id='par_1_80' title="bbox 2071 3501 3631 3574">
     <span class='ocr_line' id='line_1_80' title="bbox 2071 3501 3631 3574; baseline 0.003 -21"><span class='ocrx_word' id='word_1_583' title='bbox 2071 3520 2090 3553; x_wconf 72' lang='lat' dir='ltr'><strong>c</strong></span> <span class='ocrx_word' id='word_1_584' title='bbox 2126 3502 2322 3572; x_wconf 72' lang='lat' dir='ltr'><strong>jactus,</strong></span> <span class='ocrx_word' id='word_1_585' title='bbox 2359 3511 2408 3556; x_wconf 90' lang='lat' dir='ltr'><strong>et</strong></span> <span class='ocrx_word' id='word_1_586' title='bbox 2435 3503 2664 3557; x_wconf 88' lang='lat' dir='ltr'><strong>traditus</strong></span> <span class='ocrx_word' id='word_1_587' title='bbox 2695 3513 2920 3574; x_wconf 85' lang='lat' dir='ltr'><strong>quatuor</strong></span> <span class='ocrx_word' id='word_1_588' title='bbox 2941 3501 3369 3572; x_wconf 84' lang='lat' dir='ltr'><strong>quaternionibus</strong></span> <span class='ocrx_word' id='word_1_589' title='bbox 3400 3502 3631 3557; x_wconf 78' lang='lat' dir='ltr'><strong>militum</strong></span> 
     </span>
    </p>
   </div>
   <div class='ocr_carea' id='block_1_81' title="bbox 2070 3592 3633 3665">
    <p class='ocr_par' dir='ltr' id='par_1_81' title="bbox 2070 3592 3633 3665">
     <span class='ocr_line' id='line_1_81' title="bbox 2070 3592 3633 3665; baseline 0.004 -21"><span class='ocrx_word' id='word_1_590' title='bbox 2070 3612 2087 3644; x_wconf 76' lang='grc' dir='ltr'><strong>ι</strong></span> <span class='ocrx_word' id='word_1_591' title='bbox 2136 3593 2205 3648; x_wconf 87' lang='lat' dir='ltr'><strong>ad</strong></span> <span class='ocrx_word' id='word_1_592' title='bbox 2231 3610 2351 3648; x_wconf 86' lang='lat' dir='ltr'><strong>eum</strong></span> <span class='ocrx_word' id='word_1_593' title='bbox 2378 3594 2690 3650; x_wconf 82' lang='lat' dir='ltr'><strong>seruandum</strong></span> <span class='ocrx_word' id='word_1_594' title='bbox 2720 3605 2743 3635; x_wconf 74' lang='grc' dir='ltr'><strong>ε</strong></span> <span class='ocrx_word' id='word_1_595' title='bbox 2771 3608 2784 3645; x_wconf 89' lang='lat'><strong>:</strong></span> <span class='ocrx_word' id='word_1_596' title='bbox 2823 3593 2918 3665; x_wconf 87' lang='lat' dir='ltr'><strong>qui</strong></span> <span class='ocrx_word' id='word_1_597' title='bbox 2948 3608 3071 3648; x_wconf 89' lang='lat' dir='ltr'><strong>cum</strong></span> <span class='ocrx_word' id='word_1_598' title='bbox 3104 3601 3267 3649; x_wconf 89' lang='lat' dir='ltr'><strong>noctu</strong></span> <span class='ocrx_word' id='word_1_599' title='bbox 3300 3592 3547 3664; x_wconf 79' lang='lat' dir='ltr'><strong>fugisset,</strong></span> <span class='ocrx_word' id='word_1_600' title='bbox 3578 3602 3633 3650; x_wconf 82' lang='lat' dir='ltr'><strong>et</strong></span> 
     </span>
    </p>
   </div>
   <div class='ocr_carea' id='block_1_82' title="bbox 2070 3684 3631 3756">
    <p class='ocr_par' dir='ltr' id='par_1_82' title="bbox 2070 3684 3631 3756">
     <span class='ocr_line' id='line_1_82' title="bbox 2070 3684 3631 3756; baseline 0.001 -18"><span class='ocrx_word' id='word_1_601' title='bbox 2070 3703 2089 3737; x_wconf 77' lang='grc' dir='ltr'><strong>ι</strong></span> <span class='ocrx_word' id='word_1_602' title='bbox 2134 3701 2201 3741; x_wconf 80' lang='lat' dir='ltr'><strong>ex</strong></span> <span class='ocrx_word' id='word_1_603' title='bbox 2236 3684 2548 3742; x_wconf 65' lang='lat' dir='ltr'><strong>Iudaeorum</strong></span> <span class='ocrx_word' id='word_1_604' title='bbox 2579 3701 2742 3741; x_wconf 88' lang='lat' dir='ltr'><strong>manu</strong></span> <span class='ocrx_word' id='word_1_605' title='bbox 2792 3694 3040 3741; x_wconf 84' lang='lat' dir='ltr'><strong>servatus</strong></span> <span class='ocrx_word' id='word_1_606' title='bbox 3068 3693 3235 3750; x_wconf 84' lang='lat' dir='ltr'><strong>esset,</strong></span> <span class='ocrx_word' id='word_1_607' title='bbox 3262 3685 3419 3756; x_wconf 85' lang='lat' dir='ltr'><strong>jussu</strong></span> <span class='ocrx_word' id='word_1_608' title='bbox 3453 3687 3631 3756; x_wconf 75' lang='lat' dir='ltr'><strong>angeli</strong></span> 
     </span>
    </p>
   </div>
   <div class='ocr_carea' id='block_1_83' title="bbox 2069 3772 3634 3846">
    <p class='ocr_par' dir='ltr' id='par_1_83' title="bbox 2069 3772 3634 3846">
     <span class='ocr_line' id='line_1_83' title="bbox 2069 3772 3634 3846; baseline 0.001 -20"><span class='ocrx_word' id='word_1_609' title='bbox 2069 3793 2088 3826; x_wconf 77' lang='grc' dir='ltr'><strong>ι</strong></span> <span class='ocrx_word' id='word_1_610' title='bbox 2128 3772 2385 3830; x_wconf 88' lang='lat' dir='ltr'><strong>Domini:</strong></span> <span class='ocrx_word' id='word_1_611' title='bbox 2422 3773 2610 3839; x_wconf 86' lang='lat' dir='ltr'><strong>Facto,</strong></span> <span class='ocrx_word' id='word_1_612' title='bbox 2649 3776 2844 3846; x_wconf 90' lang='lat' dir='ltr'><strong>inquit,</strong></span> <span class='ocrx_word' id='word_1_613' title='bbox 2888 3777 2974 3830; x_wconf 86' lang='lat' dir='ltr'><strong>die</strong></span> <span class='ocrx_word' id='word_1_614' title='bbox 3013 3786 3127 3831; x_wconf 87' lang='lat' dir='ltr'><strong>erat</strong></span> <span class='ocrx_word' id='word_1_615' title='bbox 3172 3791 3274 3828; x_wconf 85' lang='lat' dir='ltr'><strong>non</strong></span> <span class='ocrx_word' id='word_1_616' title='bbox 3315 3789 3506 3844; x_wconf 85' lang='lat' dir='ltr'><strong>parvus</strong></span> <span class='ocrx_word' id='word_1_617' title='bbox 3549 3784 3634 3828; x_wconf 66' lang='grc' dir='ltr'><strong>τας</strong></span> 
     </span>
    </p>
   </div>
   <div class='ocr_carea' id='block_1_84' title="bbox 2070 3866 3628 3938">
    <p class='ocr_par' dir='ltr' id='par_1_84' title="bbox 2070 3866 3628 3938">
     <span class='ocr_line' id='line_1_84' title="bbox 2070 3866 3628 3938; baseline 0.003 -21"><span class='ocrx_word' id='word_1_618' title='bbox 2070 3884 2088 3917; x_wconf 76' lang='grc' dir='ltr'><strong>ι</strong></span> <span class='ocrx_word' id='word_1_619' title='bbox 2136 3866 2336 3921; x_wconf 83' lang='lat' dir='ltr'><strong>multus</strong></span> <span class='ocrx_word' id='word_1_620' title='bbox 2368 3867 2503 3920; x_wconf 86' lang='lat' dir='ltr'><strong>inter</strong></span> <span class='ocrx_word' id='word_1_621' title='bbox 2528 3867 2741 3933; x_wconf 82' lang='lat' dir='ltr'><strong>milites,</strong></span> <span class='ocrx_word' id='word_1_622' title='bbox 2778 3867 3030 3938; x_wconf 84' lang='lat' dir='ltr'><strong>quidnam</strong></span> <span class='ocrx_word' id='word_1_623' title='bbox 3060 3867 3260 3936; x_wconf 75' lang='lat' dir='ltr'><strong>factum</strong></span> <span class='ocrx_word' id='word_1_624' title='bbox 3284 3876 3416 3921; x_wconf 83' lang='lat' dir='ltr'><strong>esset</strong></span> <span class='ocrx_word' id='word_1_625' title='bbox 3451 3866 3628 3922; x_wconf 88' lang='lat' dir='ltr'><strong>Petro.</strong></span> 
     </span>
    </p>
   </div>
   <div class='ocr_carea' id='block_1_85' title="bbox 2069 3955 3631 4027">
    <p class='ocr_par' dir='ltr' id='par_1_85' title="bbox 2069 3955 3631 4027">
     <span class='ocr_line' id='line_1_85' title="bbox 2069 3955 3631 4027; baseline 0.001 -18"><span class='ocrx_word' id='word_1_626' title='bbox 2069 3976 2087 4009; x_wconf 75' lang='grc' dir='ltr'><strong>ι</strong></span> <span class='ocrx_word' id='word_1_627' title='bbox 2135 3955 2370 4012; x_wconf 83' lang='lat' dir='ltr'><strong>Herodes</strong></span> <span class='ocrx_word' id='word_1_628' title='bbox 2404 3966 2580 4011; x_wconf 86' lang='lat' dir='ltr'><strong>autem</strong></span> <span class='ocrx_word' id='word_1_629' title='bbox 2600 3973 2718 4011; x_wconf 86' lang='lat' dir='ltr'><strong>cum</strong></span> <span class='ocrx_word' id='word_1_630' title='bbox 2749 3973 2866 4012; x_wconf 87' lang='lat' dir='ltr'><strong>eum</strong></span> <span class='ocrx_word' id='word_1_631' title='bbox 2899 3956 3248 4027; x_wconf 76' lang='lat' dir='ltr'><strong>quazsivisset,</strong></span> <span class='ocrx_word' id='word_1_632' title='bbox 3275 3965 3325 4011; x_wconf 87' lang='lat' dir='ltr'><strong>et</strong></span> <span class='ocrx_word' id='word_1_633' title='bbox 3361 3956 3631 4011; x_wconf 79' lang='lat' dir='ltr'><strong>noninve—</strong></span> 
     </span>
    </p>
   </div>
   <div class='ocr_carea' id='block_1_86' title="bbox 2068 4046 3634 4120">
    <p class='ocr_par' dir='ltr' id='par_1_86' title="bbox 2068 4046 3634 4120">
     <span class='ocr_line' id='line_1_86' title="bbox 2068 4046 3634 4120; baseline 0.001 -20"><span class='ocrx_word' id='word_1_634' title='bbox 2068 4068 2086 4100; x_wconf 72' lang='grc' dir='ltr'><strong>ι</strong></span> <span class='ocrx_word' id='word_1_635' title='bbox 2126 4051 2308 4116; x_wconf 79' lang='lat' dir='ltr'><strong>uisset,</strong></span> <span class='ocrx_word' id='word_1_636' title='bbox 2325 4051 2677 4120; x_wconf 85' lang='lat' dir='ltr'><strong>interrogatos</strong></span> <span class='ocrx_word' id='word_1_637' title='bbox 2702 4047 2943 4104; x_wconf 83' lang='lat' dir='ltr'><strong>custodes</strong></span> <span class='ocrx_word' id='word_1_638' title='bbox 2958 4048 3127 4118; x_wconf 82' lang='lat' dir='ltr'><strong>jussit</strong></span> <span class='ocrx_word' id='word_1_639' title='bbox 3151 4048 3405 4116; x_wconf 71' lang='lat' dir='ltr'><strong>suffocari</strong></span> <span class='ocrx_word' id='word_1_640' title='bbox 3427 4046 3480 4112; x_wconf 71' lang='grc' dir='ltr'>ἀ,</span> <span class='ocrx_word' id='word_1_641' title='bbox 3511 4061 3634 4117; x_wconf 85' lang='lat' dir='ltr'><strong>pro-</strong></span> 
     </span>
    </p>
   </div>
   <div class='ocr_carea' id='block_1_87' title="bbox 2068 4138 3632 4212">
    <p class='ocr_par' dir='ltr' id='par_1_87' title="bbox 2068 4138 3632 4212">
     <span class='ocr_line' id='line_1_87' title="bbox 2068 4138 3632 4212; baseline -0.001 -15"><span class='ocrx_word' id='word_1_642' title='bbox 2068 4160 2087 4191; x_wconf 83' lang='grc'><strong>«</strong></span> <span class='ocrx_word' id='word_1_643' title='bbox 2131 4150 2252 4212; x_wconf 89' lang='lat' dir='ltr'><strong>pter</strong></span> <span class='ocrx_word' id='word_1_644' title='bbox 2274 4157 2413 4212; x_wconf 92' lang='lat' dir='ltr'><strong>quos</strong></span> <span class='ocrx_word' id='word_1_645' title='bbox 2444 4143 2591 4195; x_wconf 87' lang='lat' dir='ltr'><strong>nulla</strong></span> <span class='ocrx_word' id='word_1_646' title='bbox 2615 4140 2776 4210; x_wconf 90' lang='lat' dir='ltr'><strong>culpa</strong></span> <span class='ocrx_word' id='word_1_647' title='bbox 2810 4141 2867 4196; x_wconf 91' lang='lat' dir='ltr'><strong>in</strong></span> <span class='ocrx_word' id='word_1_648' title='bbox 2897 4140 3115 4195; x_wconf 88' lang='lat' dir='ltr'><strong>Petrum</strong></span> <span class='ocrx_word' id='word_1_649' title='bbox 3140 4138 3421 4194; x_wconf 81' lang='lat' dir='ltr'><strong>confertur</strong></span> <span class='ocrx_word' id='word_1_650' title='bbox 3452 4157 3465 4194; x_wconf 91' lang='lat'><strong>:</strong></span> <span class='ocrx_word' id='word_1_651' title='bbox 3500 4140 3632 4195; x_wconf 86' lang='lat' dir='ltr'><strong>liee-</strong></span> 
     </span>
    </p>
   </div>
   <div class='ocr_carea' id='block_1_88' title="bbox 2068 4230 3631 4305">
    <p class='ocr_par' dir='ltr' id='par_1_88' title="bbox 2068 4230 3631 4305">
     <span class='ocr_line' id='line_1_88' title="bbox 2068 4230 3631 4305; baseline 0.001 -20"><span class='ocrx_word' id='word_1_652' title='bbox 2068 4252 2085 4285; x_wconf 77' lang='grc' dir='ltr'><strong>ι</strong></span> <span class='ocrx_word' id='word_1_653' title='bbox 2131 4235 2224 4290; x_wconf 90' lang='lat' dir='ltr'><strong>bat</strong></span> <span class='ocrx_word' id='word_1_654' title='bbox 2253 4234 2398 4305; x_wconf 70' lang='lat' dir='ltr'><strong>enim</strong></span> <span class='ocrx_word' id='word_1_655' title='bbox 2429 4235 2509 4304; x_wconf 88' lang='lat' dir='ltr'><strong>eis</strong></span> <span class='ocrx_word' id='word_1_656' title='bbox 2532 4235 2625 4288; x_wconf 92' lang='lat' dir='ltr'><strong>illo</strong></span> <span class='ocrx_word' id='word_1_657' title='bbox 2660 4234 2780 4288; x_wconf 83' lang='lat' dir='ltr'><strong>viso</strong></span> <span class='ocrx_word' id='word_1_658' title='bbox 2818 4233 2962 4303; x_wconf 89' lang='lat' dir='ltr'><strong>quod</strong></span> <span class='ocrx_word' id='word_1_659' title='bbox 2996 4231 3197 4286; x_wconf 86' lang='lat' dir='ltr'><strong>factum</strong></span> <span class='ocrx_word' id='word_1_660' title='bbox 3234 4230 3409 4286; x_wconf 76' lang='lat' dir='ltr'><strong>fuerat</strong></span> <span class='ocrx_word' id='word_1_661' title='bbox 3435 4231 3631 4302; x_wconf 78' lang='lat' dir='ltr'><strong>eﬂhge—</strong></span> 
     </span>
    </p>
   </div>
   <div class='ocr_carea' id='block_1_89' title="bbox 2068 4321 3630 4392">
    <p class='ocr_par' dir='ltr' id='par_1_89' title="bbox 2068 4321 3630 4392">
     <span class='ocr_line' id='line_1_89' title="bbox 2068 4321 3630 4392; baseline -0.001 -12"><span class='ocrx_word' id='word_1_662' title='bbox 2068 4344 2086 4376; x_wconf 77' lang='grc' dir='ltr'><strong>ι</strong></span> <span class='ocrx_word' id='word_1_663' title='bbox 2135 4342 2231 4390; x_wconf 84' lang='lat' dir='ltr'><strong>re;</strong></span> <span class='ocrx_word' id='word_1_664' title='bbox 2263 4325 2405 4382; x_wconf 87' lang='lat' dir='ltr'><strong>sicut</strong></span> <span class='ocrx_word' id='word_1_665' title='bbox 2434 4336 2488 4381; x_wconf 91' lang='lat' dir='ltr'><strong>et</strong></span> <span class='ocrx_word' id='word_1_666' title='bbox 2520 4324 2987 4380; x_wconf 12' lang='lat' dir='ltr'><strong>omnescinl‘antes</strong></span> <span class='ocrx_word' id='word_1_667' title='bbox 3017 4323 3108 4392; x_wconf 92' lang='lat' dir='ltr'><strong>qui</strong></span> <span class='ocrx_word' id='word_1_668' title='bbox 3139 4331 3296 4378; x_wconf 90' lang='lat' dir='ltr'><strong>erant</strong></span> <span class='ocrx_word' id='word_1_669' title='bbox 3325 4324 3378 4376; x_wconf 90' lang='lat' dir='ltr'><strong>in</strong></span> <span class='ocrx_word' id='word_1_670' title='bbox 3416 4321 3630 4378; x_wconf 89' lang='lat' dir='ltr'><strong>Bethle-</strong></span> 
     </span>
    </p>
   </div>
   <div class='ocr_carea' id='block_1_90' title="bbox 2069 4414 3631 4485">
    <p class='ocr_par' dir='ltr' id='par_1_90' title="bbox 2069 4414 3631 4485">
     <span class='ocr_line' id='line_1_90' title="bbox 2069 4414 3631 4485; baseline -0.001 -16"><span class='ocrx_word' id='word_1_671' title='bbox 2069 4436 2087 4469; x_wconf 75' lang='grc' dir='ltr'><strong>ι</strong></span> <span class='ocrx_word' id='word_1_672' title='bbox 2134 4418 2256 4473; x_wconf 86' lang='lat' dir='ltr'><strong>hem</strong></span> <span class='ocrx_word' id='word_1_673' title='bbox 2283 4429 2307 4457; x_wconf 82' lang='grc' dir='ltr'>θ</span> <span class='ocrx_word' id='word_1_674' title='bbox 2333 4428 2388 4473; x_wconf 83' lang='grc' dir='ltr'><strong>ει</strong></span> <span class='ocrx_word' id='word_1_675' title='bbox 2415 4418 2469 4472; x_wconf 91' lang='lat' dir='ltr'><strong>in</strong></span> <span class='ocrx_word' id='word_1_676' title='bbox 2514 4417 2770 4473; x_wconf 84' lang='lat' dir='ltr'><strong>omnibus</strong></span> <span class='ocrx_word' id='word_1_677' title='bbox 2821 4416 2942 4485; x_wconf 87' lang='lat' dir='ltr'><strong>ejus</strong></span> <span class='ocrx_word' id='word_1_678' title='bbox 2981 4414 3201 4481; x_wconf 86' lang='lat' dir='ltr'><strong>ﬁnibus,</strong></span> <span class='ocrx_word' id='word_1_679' title='bbox 3238 4415 3288 4470; x_wconf 91' lang='lat' dir='ltr'><strong>si</strong></span> <span class='ocrx_word' id='word_1_680' title='bbox 3340 4415 3631 4471; x_wconf 82' lang='lat' dir='ltr'><strong>scivissem</strong></span> 
     </span>
    </p>
   </div>
   <div class='ocr_carea' id='block_1_91' title="bbox 401 4499 1960 4604">
    <p class='ocr_par' dir='ltr' id='par_1_91' title="bbox 401 4499 1960 4579">
     <span class='ocr_line' id='line_1_91' title="bbox 401 4499 1960 4579; baseline 0.01 -31"><span class='ocrx_word' id='word_1_681' title='bbox 401 4518 420 4548; x_wconf 85' lang='grc'><strong><em>‹</em></strong></span> <span class='ocrx_word' id='word_1_682' title='bbox 468 4499 642 4554; x_wconf 85' lang='grc' dir='ltr'>πάντα</span> <span class='ocrx_word' id='word_1_683' title='bbox 672 4502 741 4557; x_wconf 83' lang='grc' dir='ltr'>τὰ</span> <span class='ocrx_word' id='word_1_684' title='bbox 776 4503 963 4558; x_wconf 86' lang='grc' dir='ltr'>παιδία</span> <span class='ocrx_word' id='word_1_685' title='bbox 994 4506 1061 4559; x_wconf 81' lang='grc' dir='ltr'>τὰ</span> <span class='ocrx_word' id='word_1_686' title='bbox 1100 4507 1157 4559; x_wconf 78' lang='grc' dir='ltr'>ἐν</span> <span class='ocrx_word' id='word_1_687' title='bbox 1195 4506 1443 4579; x_wconf 85' lang='grc' dir='ltr'>Βηθλεὲμ</span> <span class='ocrx_word' id='word_1_688' title='bbox 1475 4510 1568 4562; x_wconf 76' lang='grc' dir='ltr'><strong>καὶ</strong></span> <span class='ocrx_word' id='word_1_689' title='bbox 1597 4510 1656 4564; x_wconf 82' lang='grc' dir='ltr'>ὲν</span> <span class='ocrx_word' id='word_1_690' title='bbox 1684 4512 1819 4566; x_wconf 84' lang='grc' dir='ltr'>πᾶσι</span> <span class='ocrx_word' id='word_1_691' title='bbox 1853 4515 1960 4576; x_wconf 87' lang='grc' dir='ltr'>τοῖς</span> 
     </span>
    </p>
   </div>
   <div class='ocr_carea' id='block_1_92' title="bbox 2069 4499 3632 4604">
    <p class='ocr_par' dir='ltr' id='par_1_92' title="bbox 2072 4503 3632 4579">
     <span class='ocr_line' id='line_1_92' title="bbox 2072 4503 3632 4579; baseline -0.003 -18"><span class='ocrx_word' id='word_1_692' title='bbox 2072 4528 2090 4561; x_wconf 78' lang='grc' dir='ltr'><strong>ι</strong></span> <span class='ocrx_word' id='word_1_693' title='bbox 2135 4524 2324 4565; x_wconf 85' lang='lat' dir='ltr'><strong>eorum</strong></span> <span class='ocrx_word' id='word_1_694' title='bbox 2356 4518 2612 4579; x_wconf 85' lang='lat' dir='ltr'><strong>parentes</strong></span> <span class='ocrx_word' id='word_1_695' title='bbox 2656 4507 2801 4578; x_wconf 90' lang='lat' dir='ltr'><strong>quod</strong></span> <span class='ocrx_word' id='word_1_696' title='bbox 2831 4513 2948 4562; x_wconf 89' lang='lat' dir='ltr'><strong>erat</strong></span> <span class='ocrx_word' id='word_1_697' title='bbox 3003 4504 3242 4561; x_wconf 84' lang='lat' dir='ltr'><strong>futurum</strong></span> <span class='ocrx_word' id='word_1_698' title='bbox 3278 4524 3291 4560; x_wconf 92' lang='lat'><strong>:</strong></span> <span class='ocrx_word' id='word_1_699' title='bbox 3329 4503 3422 4574; x_wconf 86' lang='lat' dir='ltr'><strong>qui</strong></span> <span class='ocrx_word' id='word_1_700' title='bbox 3453 4518 3483 4558; x_wconf 91' lang='lat' dir='ltr'><strong>a</strong></span> <span class='ocrx_word' id='word_1_701' title='bbox 3512 4518 3632 4558; x_wconf 91' lang='lat' dir='ltr'><strong>cru-</strong></span> 
     </span>
    </p>
   </div>
   <div class='ocr_carea' id='block_1_93' title="bbox 402 4591 1961 4670">
    <p class='ocr_par' dir='ltr' id='par_1_93' title="bbox 402 4591 1961 4670">
     <span class='ocr_line' id='line_1_93' title="bbox 402 4591 1961 4670; baseline 0.01 -29"><span class='ocrx_word' id='word_1_702' title='bbox 402 4608 419 4639; x_wconf 75' lang='grc' dir='ltr'><strong>ι</strong></span> <span class='ocrx_word' id='word_1_703' title='bbox 463 4591 631 4662; x_wconf 83' lang='grc' dir='ltr'>ὁρίοις</span> <span class='ocrx_word' id='word_1_704' title='bbox 674 4594 876 4666; x_wconf 77' lang='grc' dir='ltr'>αὐτῆς,</span> <span class='ocrx_word' id='word_1_705' title='bbox 926 4598 974 4649; x_wconf 86' lang='grc' dir='ltr'><strong>εί</strong></span> <span class='ocrx_word' id='word_1_706' title='bbox 1010 4597 1339 4664; x_wconf 85' lang='grc' dir='ltr'>ὲγνώκεισαν</span> <span class='ocrx_word' id='word_1_707' title='bbox 1376 4600 1425 4653; x_wconf 84' lang='grc' dir='ltr'>οἱ</span> <span class='ocrx_word' id='word_1_708' title='bbox 1465 4605 1642 4670; x_wconf 79' lang='grc' dir='ltr'>γονεῖς</span> <span class='ocrx_word' id='word_1_709' title='bbox 1688 4603 1865 4657; x_wconf 81' lang='grc' dir='ltr'>αὐτῶν</span> <span class='ocrx_word' id='word_1_710' title='bbox 1900 4603 1961 4657; x_wconf 87' lang='grc' dir='ltr'><strong>τὸ</strong></span> 
     </span>
    </p>
   </div>
   <div class='ocr_carea' id='block_1_94' title="bbox 396 4681 1961 4763">
    <p class='ocr_par' dir='ltr' id='par_1_94' title="bbox 396 4681 1961 4763">
     <span class='ocr_line' id='line_1_94' title="bbox 396 4681 1961 4763; baseline 0.01 -31"><span class='ocrx_word' id='word_1_711' title='bbox 396 4698 419 4731; x_wconf 67' lang='grc' dir='ltr'><strong>ς</strong></span> <span class='ocrx_word' id='word_1_712' title='bbox 467 4681 656 4752; x_wconf 85' lang='grc' dir='ltr'>μέλλον</span> <span class='ocrx_word' id='word_1_713' title='bbox 688 4684 904 4740; x_wconf 77' lang='grc' dir='ltr'>ἔσεσθαι</span> <span class='ocrx_word' id='word_1_714' title='bbox 923 4704 936 4718; x_wconf 74' lang='grc' dir='ltr'><strong>ο</strong></span> <span class='ocrx_word' id='word_1_715' title='bbox 970 4688 1112 4762; x_wconf 86' lang='grc' dir='ltr'>ἆπερ</span> <span class='ocrx_word' id='word_1_716' title='bbox 1137 4689 1476 4761; x_wconf 78' lang='grc' dir='ltr'>ἀνῃρέθησαν</span> <span class='ocrx_word' id='word_1_717' title='bbox 1503 4693 1607 4747; x_wconf 86' lang='grc' dir='ltr'>ὑπὸ</span> <span class='ocrx_word' id='word_1_718' title='bbox 1624 4693 1716 4747; x_wconf 76' lang='grc' dir='ltr'>τοῦ</span> <span class='ocrx_word' id='word_1_719' title='bbox 1742 4695 1961 4763; x_wconf 65' lang='grc' dir='ltr'>μιαιφόο</span> 
     </span>
    </p>
   </div>
   <div class='ocr_carea' id='block_1_95' title="bbox 400 4771 1957 4850">
    <p class='ocr_par' dir='ltr' id='par_1_95' title="bbox 400 4771 1957 4850">
     <span class='ocr_line' id='line_1_95' title="bbox 400 4771 1957 4850; baseline 0.011 -30"><span class='ocrx_word' id='word_1_720' title='bbox 400 4789 416 4819; x_wconf 75' lang='grc' dir='ltr'><strong>ι</strong></span> <span class='ocrx_word' id='word_1_721' title='bbox 464 4787 555 4825; x_wconf 88' lang='grc' dir='ltr'><strong>νου</strong></span> <span class='ocrx_word' id='word_1_722' title='bbox 579 4771 813 4846; x_wconf 86' lang='grc' dir='ltr'>Ἡρώδου</span> <span class='ocrx_word' id='word_1_723' title='bbox 831 4774 993 4829; x_wconf 83' lang='grc' dir='ltr'>διὰτὸ</span> <span class='ocrx_word' id='word_1_724' title='bbox 1008 4777 1097 4829; x_wconf 85' lang='grc' dir='ltr'>ὐπ’</span> <span class='ocrx_word' id='word_1_725' title='bbox 1113 4778 1276 4832; x_wconf 77' lang='grc' dir='ltr'>αὐτοῦ</span> <span class='ocrx_word' id='word_1_726' title='bbox 1310 4778 1637 4850; x_wconf 78' lang='grc' dir='ltr'>ζητούμενον</span> <span class='ocrx_word' id='word_1_727' title='bbox 1664 4782 1957 4837; x_wconf 86' lang='grc' dir='ltr'>ἀπολέσθαι</span> 
     </span>
    </p>
   </div>
   <div class='ocr_carea' id='block_1_96' title="bbox 397 4862 1956 4944">
    <p class='ocr_par' dir='ltr' id='par_1_96' title="bbox 397 4862 1956 4944">
     <span class='ocr_line' id='line_1_96' title="bbox 397 4862 1956 4944; baseline 0.01 -31"><span class='ocrx_word' id='word_1_728' title='bbox 397 4879 417 4912; x_wconf 78' lang='grc' dir='ltr'><strong>ι</strong></span> <span class='ocrx_word' id='word_1_729' title='bbox 462 4862 522 4917; x_wconf 79' lang='grc' dir='ltr'>ἒν</span> <span class='ocrx_word' id='word_1_730' title='bbox 553 4866 780 4929; x_wconf 85' lang='grc' dir='ltr'>παιδίον,</span> <span class='ocrx_word' id='word_1_731' title='bbox 807 4869 942 4939; x_wconf 80' lang='grc' dir='ltr'>ὅπερ</span> <span class='ocrx_word' id='word_1_732' title='bbox 972 4868 1063 4921; x_wconf 75' lang='grc' dir='ltr'><strong>καὶ</strong></span> <span class='ocrx_word' id='word_1_733' title='bbox 1092 4870 1223 4923; x_wconf 84' lang='grc' dir='ltr'>αὐτὸ</span> <span class='ocrx_word' id='word_1_734' title='bbox 1246 4873 1363 4923; x_wconf 87' lang='grc' dir='ltr'>κατ’</span> <span class='ocrx_word' id='word_1_735' title='bbox 1388 4873 1606 4944; x_wconf 80' lang='grc' dir='ltr'>ἐντολὴν</span> <span class='ocrx_word' id='word_1_736' title='bbox 1634 4874 1863 4943; x_wconf 85' lang='grc' dir='ltr'>ἀγγέλου</span> <span class='ocrx_word' id='word_1_737' title='bbox 1886 4876 1956 4907; x_wconf 75' lang='grc'><strong>⁸⁸⁵</strong></span> 
     </span>
    </p>
   </div>
   <div class='ocr_carea' id='block_1_97' title="bbox 2071 4592 3631 4663">
    <p class='ocr_par' dir='ltr' id='par_1_97' title="bbox 2071 4592 3631 4663">
     <span class='ocr_line' id='line_1_97' title="bbox 2071 4592 3631 4663; baseline -0.003 -13"><span class='ocrx_word' id='word_1_738' title='bbox 2071 4617 2090 4650; x_wconf 77' lang='grc' dir='ltr'><strong>ι</strong></span> <span class='ocrx_word' id='word_1_739' title='bbox 2137 4599 2243 4654; x_wconf 92' lang='lat' dir='ltr'><strong>deli</strong></span> <span class='ocrx_word' id='word_1_740' title='bbox 2266 4598 2539 4654; x_wconf 90' lang='lat' dir='ltr'><strong>homicida</strong></span> <span class='ocrx_word' id='word_1_741' title='bbox 2571 4596 2781 4654; x_wconf 86' lang='lat' dir='ltr'><strong>Herode</strong></span> <span class='ocrx_word' id='word_1_742' title='bbox 2802 4597 3004 4654; x_wconf 88' lang='lat' dir='ltr'><strong>sublati</strong></span> <span class='ocrx_word' id='word_1_743' title='bbox 3028 4604 3174 4663; x_wconf 90' lang='lat' dir='ltr'><strong>sunt,</strong></span> <span class='ocrx_word' id='word_1_744' title='bbox 3202 4602 3262 4651; x_wconf 92' lang='lat' dir='ltr'><strong>ut</strong></span> <span class='ocrx_word' id='word_1_745' title='bbox 3279 4609 3421 4649; x_wconf 91' lang='lat' dir='ltr'><strong>unus</strong></span> <span class='ocrx_word' id='word_1_746' title='bbox 3445 4593 3539 4663; x_wconf 90' lang='lat' dir='ltr'><strong>qui</strong></span> <span class='ocrx_word' id='word_1_747' title='bbox 3562 4592 3631 4645; x_wconf 90' lang='lat' dir='ltr'><strong>ab</strong></span> 
     </span>
    </p>
   </div>
   <div class='ocr_carea' id='block_1_98' title="bbox 2070 4685 3630 4761">
    <p class='ocr_par' dir='ltr' id='par_1_98' title="bbox 2070 4685 3630 4761">
     <span class='ocr_line' id='line_1_98' title="bbox 2070 4685 3630 4761; baseline -0.003 -20"><span class='ocrx_word' id='word_1_748' title='bbox 2070 4709 2089 4741; x_wconf 72' lang='grc' dir='ltr'><strong>ι</strong></span> <span class='ocrx_word' id='word_1_749' title='bbox 2138 4705 2204 4746; x_wconf 93' lang='lat' dir='ltr'><strong>eo</strong></span> <span class='ocrx_word' id='word_1_750' title='bbox 2234 4692 2581 4761; x_wconf 59' lang='lat' dir='ltr'><strong>quaerebatur</strong></span> <span class='ocrx_word' id='word_1_751' title='bbox 2624 4690 2806 4746; x_wconf 85' lang='lat' dir='ltr'><strong>infans</strong></span> <span class='ocrx_word' id='word_1_752' title='bbox 2854 4690 3079 4761; x_wconf 90' lang='lat' dir='ltr'><strong>periret,</strong></span> <span class='ocrx_word' id='word_1_753' title='bbox 3106 4688 3278 4759; x_wconf 92' lang='lat' dir='ltr'><strong>quiet</strong></span> <span class='ocrx_word' id='word_1_754' title='bbox 3315 4687 3432 4758; x_wconf 90' lang='lat' dir='ltr'><strong>ipse</strong></span> <span class='ocrx_word' id='word_1_755' title='bbox 3469 4685 3630 4755; x_wconf 85' lang='lat' dir='ltr'><strong>jussu</strong></span> 
     </span>
    </p>
   </div>
   <div class='ocr_carea' id='block_1_99' title="bbox 2070 4781 3653 4855">
    <p class='ocr_par' dir='ltr' id='par_1_99' title="bbox 2070 4781 3653 4855">
     <span class='ocr_line' id='line_1_99' title="bbox 2070 4781 3653 4855; baseline 0 -21"><span class='ocrx_word' id='word_1_756' title='bbox 2070 4802 2088 4834; x_wconf 75' lang='grc' dir='ltr'><strong>ι</strong></span> <span class='ocrx_word' id='word_1_757' title='bbox 2136 4784 2311 4854; x_wconf 78' lang='lat' dir='ltr'><strong>angeli</strong></span> <span class='ocrx_word' id='word_1_758' title='bbox 2339 4782 2433 4839; x_wconf 86' lang='lat' dir='ltr'><strong>Dei</strong></span> <span class='ocrx_word' id='word_1_759' title='bbox 2468 4783 2673 4855; x_wconf 77' lang='lat' dir='ltr'><strong>ell‘ugit,</strong></span> <span class='ocrx_word' id='word_1_760' title='bbox 2704 4783 2796 4853; x_wconf 88' lang='lat' dir='ltr'><strong>qui</strong></span> <span class='ocrx_word' id='word_1_761' title='bbox 2825 4782 3075 4838; x_wconf 87' lang='lat' dir='ltr'><strong>celeriter</strong></span> <span class='ocrx_word' id='word_1_762' title='bbox 3092 4781 3203 4852; x_wconf 88' lang='lat' dir='ltr'><strong>jam</strong></span> <span class='ocrx_word' id='word_1_763' title='bbox 3235 4784 3478 4851; x_wconf 72' lang='lat' dir='ltr'><strong>cmperat</strong></span> <span class='ocrx_word' id='word_1_764' title='bbox 3502 4790 3653 4847; x_wconf 15' lang='lat' dir='ltr'><strong>spo-r</strong></span> 
     </span>
    </p>
   </div>
   <div class='ocr_carea' id='block_1_100' title="bbox 2072 4868 3628 4946">
    <p class='ocr_par' dir='ltr' id='par_1_100' title="bbox 2072 4868 3628 4946">
     <span class='ocr_line' id='line_1_100' title="bbox 2072 4868 3628 4946; baseline -0.003 -20"><span class='ocrx_word' id='word_1_765' title='bbox 2072 4892 2089 4925; x_wconf 80' lang='grc' dir='ltr'><strong>ι</strong></span> <span class='ocrx_word' id='word_1_766' title='bbox 2138 4875 2210 4927; x_wconf 90' lang='lat' dir='ltr'><strong>lia</strong></span> <span class='ocrx_word' id='word_1_767' title='bbox 2267 4876 2538 4944; x_wconf 88' lang='lat' dir='ltr'><strong>accipere,</strong></span> <span class='ocrx_word' id='word_1_768' title='bbox 2568 4882 2623 4930; x_wconf 91' lang='lat' dir='ltr'><strong>et</strong></span> <span class='ocrx_word' id='word_1_769' title='bbox 2666 4875 2866 4929; x_wconf 88' lang='lat' dir='ltr'><strong>acriter</strong></span> <span class='ocrx_word' id='word_1_770' title='bbox 2915 4889 3272 4946; x_wconf 61' lang='lat' dir='ltr'><strong>praepascere,</strong></span> <span class='ocrx_word' id='word_1_771' title='bbox 3326 4868 3628 4927; x_wconf 88' lang='lat' dir='ltr'><strong>secundum</strong></span> 
     </span>
    </p>
   </div>
   <div class='ocr_carea' id='block_1_101' title="bbox 463 4991 3180 5075">
    <p class='ocr_par' dir='ltr' id='par_1_101' title="bbox 463 4991 3180 5075">
     <span class='ocr_line' id='line_1_101' title="bbox 463 4991 3180 5075; baseline 0.004 -20"><span class='ocrx_word' id='word_1_772' title='bbox 463 5001 1008 5067; x_wconf 72' lang='lat' dir='ltr'><strong>aAcz.m.26.50.</strong></span> <span class='ocrx_word' id='word_1_773' title='bbox 1087 5002 1525 5071; x_wconf 74' lang='lat' dir='ltr'><strong>haen.x.x,t7.</strong></span> <span class='ocrx_word' id='word_1_774' title='bbox 1605 5009 1979 5073; x_wconf 73' lang='grc' dir='ltr'>εΑει.ιιι,ι.</span> <span class='ocrx_word' id='word_1_775' title='bbox 2055 5007 2480 5075; x_wconf 73' lang='lat' dir='ltr'><strong>dibid.18,19.</strong></span> <span class='ocrx_word' id='word_1_776' title='bbox 2556 4991 3180 5075; x_wconf 75' lang='lat' dir='ltr'><strong>eMauh.n,ts—i6.</strong></span> 
     </span>
    </p>
   </div>
   <div class='ocr_carea' id='block_1_102' title="bbox 1661 5122 2325 5182">
    <p class='ocr_par' dir='ltr' id='par_1_102' title="bbox 1661 5122 2325 5182">
     <span class='ocr_line' id='line_1_102' title="bbox 1661 5122 2325 5182; baseline 0.006 -4"><span class='ocrx_word' id='word_1_777' title='bbox 1661 5122 1894 5179; x_wconf 64' lang='grc' dir='ltr'><strong>ἼΔΒΙιίΕ</strong></span> <span class='ocrx_word' id='word_1_778' title='bbox 1924 5123 2325 5182; x_wconf 83' lang='lat' dir='ltr'><strong>LECTIONES.</strong></span> 
     </span>
    </p>
   </div>
   <div class='ocr_carea' id='block_1_103' title="bbox 461 5237 3342 5368">
    <p class='ocr_par' dir='ltr' id='par_1_103' title="bbox 461 5237 3342 5368">
     <span class='ocr_line' id='line_1_103' title="bbox 461 5237 3342 5324; baseline 0 -34"><span class='ocrx_word' id='word_1_779' title='bbox 461 5237 509 5269; x_wconf 84' lang='lat'><strong>&quot;</strong></span> <span class='ocrx_word' id='word_1_780' title='bbox 537 5238 698 5291; x_wconf 83' lang='grc' dir='ltr'>πάλιν</span> <span class='ocrx_word' id='word_1_781' title='bbox 745 5238 870 5292; x_wconf 83' lang='lat' dir='ltr'><strong>add.</strong></span> <span class='ocrx_word' id='word_1_782' title='bbox 947 5238 1017 5269; x_wconf 77' lang='grc'><strong>⁸³⁴</strong></span> <span class='ocrx_word' id='word_1_783' title='bbox 1050 5237 1258 5292; x_wconf 81' lang='grc' dir='ltr'>Παύλου</span> <span class='ocrx_word' id='word_1_784' title='bbox 1286 5241 1346 5293; x_wconf 90' lang='grc' dir='ltr'><strong>οὐ</strong></span> <span class='ocrx_word' id='word_1_785' title='bbox 1377 5239 1529 5324; x_wconf 76' lang='grc' dir='ltr'>βουλ.</span> <span class='ocrx_word' id='word_1_786' title='bbox 1592 5240 1682 5272; x_wconf 78' lang='grc'><strong>⁸³“</strong></span> <span class='ocrx_word' id='word_1_787' title='bbox 1712 5243 1990 5315; x_wconf 81' lang='grc' dir='ltr'>γινομένη.</span> <span class='ocrx_word' id='word_1_788' title='bbox 2062 5244 2108 5276; x_wconf 64' lang='grc'><strong>⁸⁵</strong></span> <span class='ocrx_word' id='word_1_789' title='bbox 2134 5245 2226 5299; x_wconf 84' lang='grc' dir='ltr'><strong>καί</strong></span> <span class='ocrx_word' id='word_1_790' title='bbox 2266 5245 2391 5298; x_wconf 76' lang='lat' dir='ltr'><strong>add.</strong></span> <span class='ocrx_word' id='word_1_791' title='bbox 2471 5245 2516 5277; x_wconf 80' lang='grc'><strong>⁸³</strong></span> <span class='ocrx_word' id='word_1_792' title='bbox 2549 5244 2731 5300; x_wconf 76' lang='grc' dir='ltr'>αὐτοῦ.</span> <span class='ocrx_word' id='word_1_793' title='bbox 2812 5244 2857 5274; x_wconf 79' lang='grc'><strong>⁵⁸</strong></span> <span class='ocrx_word' id='word_1_794' title='bbox 2885 5243 2962 5313; x_wconf 79' lang='grc' dir='ltr'>τῷ</span> <span class='ocrx_word' id='word_1_795' title='bbox 2999 5243 3207 5309; x_wconf 78' lang='grc' dir='ltr'>λέγοντι</span> <span class='ocrx_word' id='word_1_796' title='bbox 3234 5256 3342 5294; x_wconf 77' lang='lat' dir='ltr'><strong>om.</strong></span> 
     </span>
     <span class='ocr_line' id='line_1_104' title="bbox 461 5307 2548 5368; baseline 0.003 -7"><span class='ocrx_word' id='word_1_797' title='bbox 461 5323 505 5361; x_wconf 68' lang='grc' dir='ltr'>ι.</span> <span class='ocrx_word' id='word_1_798' title='bbox 587 5309 675 5338; x_wconf 78' lang='lat'><strong>“&quot;</strong></span> <span class='ocrx_word' id='word_1_799' title='bbox 709 5307 1030 5368; x_wconf 77' lang='grc' dir='ltr'>περιϐλέψῃ.</span> <span class='ocrx_word' id='word_1_800' title='bbox 1095 5310 1140 5341; x_wconf 82' lang='grc'><strong>⁸⁷</strong></span> <span class='ocrx_word' id='word_1_801' title='bbox 1168 5311 1493 5368; x_wconf 77' lang='grc' dir='ltr'>τετραδυυις.</span> <span class='ocrx_word' id='word_1_802' title='bbox 1575 5312 1620 5343; x_wconf 81' lang='grc'><strong>⁵⁸</strong></span> <span class='ocrx_word' id='word_1_803' title='bbox 1642 5312 1952 5368; x_wconf 77' lang='grc' dir='ltr'>γενόμενον.</span> <span class='ocrx_word' id='word_1_804' title='bbox 2018 5314 2086 5347; x_wconf 78' lang='grc'><strong>⁸⁸⁶</strong></span> <span class='ocrx_word' id='word_1_805' title='bbox 2121 5315 2349 5368; x_wconf 85' lang='grc' dir='ltr'>ἀγγέλου</span> <span class='ocrx_word' id='word_1_806' title='bbox 2383 5317 2548 5368; x_wconf 87' lang='lat' dir='ltr'><strong>deest.</strong></span> 
     </span>
    </p>
   </div>
   <div class='ocr_carea' id='block_1_104' title="bbox 1642 5312 2548 5384">
    <p class='ocr_par' dir='ltr' id='par_1_104' title="bbox 1642 5312 2548 5384">
     <span class='ocr_line' id='line_1_105' title="bbox 1642 5312 2548 5384; baseline 0.008 -21"><span class='ocrx_word' id='word_1_807' title='bbox 1642 5312 1968 5383; x_wconf 54' lang='grc' dir='ltr'>γενόμενον(</span> <span class='ocrx_word' id='word_1_808' title='bbox 2018 5314 2086 5347; x_wconf 78' lang='grc'><strong>⁸⁸”</strong></span> <span class='ocrx_word' id='word_1_809' title='bbox 2121 5315 2349 5384; x_wconf 86' lang='grc' dir='ltr'>ἀγγέλου</span> <span class='ocrx_word' id='word_1_810' title='bbox 2383 5317 2548 5370; x_wconf 87' lang='lat' dir='ltr'><strong>deest.</strong></span> 
     </span>
    </p>
   </div>
   <div class='ocr_carea' id='block_1_105' title="bbox 391 5307 1493 5382">
    <p class='ocr_par' dir='ltr' id='par_1_105' title="bbox 391 5307 1493 5382">
     <span class='ocr_line' id='line_1_106' title="bbox 391 5307 1493 5382; baseline 0.004 -21"><span class='ocrx_word' id='word_1_811' title='bbox 391 5321 505 5361; x_wconf 87' lang='lat' dir='ltr'><strong>om.</strong></span> <span class='ocrx_word' id='word_1_812' title='bbox 587 5309 675 5338; x_wconf 80' lang='lat'><strong>&quot;°&quot;</strong></span> <span class='ocrx_word' id='word_1_813' title='bbox 709 5307 1030 5382; x_wconf 74' lang='grc' dir='ltr'>περιϐλέψῃ.</span> <span class='ocrx_word' id='word_1_814' title='bbox 1095 5310 1140 5341; x_wconf 82' lang='grc'><strong>⁸⁷</strong></span> <span class='ocrx_word' id='word_1_815' title='bbox 1168 5307 1493 5382; x_wconf 86' lang='grc' dir='ltr'>τετραδύυις.</span> 
     </span>
    </p>
   </div>
   <div class='ocr_carea' id='block_1_106' title="bbox 465 5420 1956 5497">
    <p class='ocr_par' dir='ltr' id='par_1_106' title="bbox 465 5420 1956 5497">
     <span class='ocr_line' id='line_1_107' title="bbox 465 5420 1956 5497; baseline 0.005 -25"><span class='ocrx_word' id='word_1_816' title='bbox 465 5421 481 5489; x_wconf 88' lang='grc'><strong>(</strong></span> <span class='ocrx_word' id='word_1_817' title='bbox 496 5420 577 5492; x_wconf 86' lang='lat' dir='ltr'><strong>ll)</strong></span> <span class='ocrx_word' id='word_1_818' title='bbox 605 5421 978 5497; x_wconf 67' lang='grc' dir='ltr'>Προσᾴχουσι</span> <span class='ocrx_word' id='word_1_819' title='bbox 1002 5423 1083 5490; x_wconf 77' lang='grc' dir='ltr'>τῷ</span> <span class='ocrx_word' id='word_1_820' title='bbox 1103 5424 1359 5497; x_wconf 70' lang='grc' dir='ltr'>λέγοντι.</span> <span class='ocrx_word' id='word_1_821' title='bbox 1379 5424 1456 5480; x_wconf 90' lang='lat' dir='ltr'><strong>Id.</strong></span> <span class='ocrx_word' id='word_1_822' title='bbox 1478 5425 1599 5497; x_wconf 75' lang='lat' dir='ltr'><strong>cod.</strong></span> <span class='ocrx_word' id='word_1_823' title='bbox 1626 5440 1752 5490; x_wconf 91' lang='lat' dir='ltr'><strong>ms.,</strong></span> <span class='ocrx_word' id='word_1_824' title='bbox 1788 5443 1956 5497; x_wconf 89' lang='grc' dir='ltr'>προσ-</span> 
     </span>
    </p>
   </div>
   <div class='ocr_carea' id='block_1_107' title="bbox 393 5491 1951 5564">
    <p class='ocr_par' dir='ltr' id='par_1_107' title="bbox 393 5491 1951 5564">
     <span class='ocr_line' id='line_1_108' title="bbox 393 5491 1951 5564; baseline 0.006 -22"><span class='ocrx_word' id='word_1_825' title='bbox 393 5491 729 5564; x_wconf 35' lang='grc' dir='ltr'>έχουσιητῷ</span> <span class='ocrx_word' id='word_1_826' title='bbox 773 5491 978 5564; x_wconf 77' lang='grc' dir='ltr'>λέγοντι</span> <span class='ocrx_word' id='word_1_827' title='bbox 1031 5491 1433 5564; x_wconf 73' lang='grc' dir='ltr'>πεισθήτωσαν·</span> <span class='ocrx_word' id='word_1_828' title='bbox 1482 5495 1698 5560; x_wconf 77' lang='grc' dir='ltr'>Σώζων,</span> <span class='ocrx_word' id='word_1_829' title='bbox 1734 5513 1790 5550; x_wconf 91' lang='grc' dir='ltr'>κ.</span> <span class='ocrx_word' id='word_1_830' title='bbox 1823 5491 1873 5551; x_wconf 77' lang='grc' dir='ltr'>τ.</span> <span class='ocrx_word' id='word_1_831' title='bbox 1903 5497 1951 5552; x_wconf 89' lang='grc' dir='ltr'>λ.</span> 
     </span>
    </p>
   </div>
   <div class='ocr_carea' id='block_1_108' title="bbox 443 5559 1957 5634">
    <p class='ocr_par' dir='ltr' id='par_1_108' title="bbox 443 5559 1957 5634">
     <span class='ocr_line' id='line_1_109' title="bbox 443 5559 1957 5634; baseline 0.003 -18"><span class='ocrx_word' id='word_1_832' title='bbox 443 5559 580 5616; x_wconf 82' lang='lat' dir='ltr'><strong>ecte.</strong></span> <span class='ocrx_word' id='word_1_833' title='bbox 619 5559 711 5634; x_wconf 71' lang='lat' dir='ltr'><strong>Sic</strong></span> <span class='ocrx_word' id='word_1_834' title='bbox 742 5559 885 5616; x_wconf 84' lang='lat' dir='ltr'><strong>enim</strong></span> <span class='ocrx_word' id='word_1_835' title='bbox 915 5559 1590 5634; x_wconf 53' lang='lat' dir='ltr'><strong>legendum&#39;suadetmor</strong></span> <span class='ocrx_word' id='word_1_836' title='bbox 1615 5566 1957 5634; x_wconf 78' lang='lat' dir='ltr'><strong>subsequens</strong></span> 
     </span>
    </p>
   </div>
   <div class='ocr_carea' id='block_1_109' title="bbox 393 5632 1958 5705">
    <p class='ocr_par' dir='ltr' id='par_1_109' title="bbox 393 5632 1958 5705">
     <span class='ocr_line' id='line_1_110' title="bbox 393 5632 1958 5705; baseline 0.001 -18"><span class='ocrx_word' id='word_1_837' title='bbox 393 5632 907 5705; x_wconf 60' lang='grc' dir='ltr'><strong>νῖιπομςθησθήτωσσινξ</strong></span> <span class='ocrx_word' id='word_1_838' title='bbox 942 5632 1077 5705; x_wconf 78' lang='lat' dir='ltr'><strong>Huic</strong></span> <span class='ocrx_word' id='word_1_839' title='bbox 1117 5636 1363 5705; x_wconf 81' lang='lat' dir='ltr'><strong>geminus</strong></span> <span class='ocrx_word' id='word_1_840' title='bbox 1415 5635 1565 5691; x_wconf 89' lang='lat' dir='ltr'><strong>locus</strong></span> <span class='ocrx_word' id='word_1_841' title='bbox 1606 5632 1958 5690; x_wconf 48' lang='lat' dir='ltr'><strong>exstat&#39;inl‘ra</strong></span> 
     </span>
    </p>
   </div>
   <div class='ocr_carea' id='block_1_110' title="bbox 392 5701 1051 5757">
    <p class='ocr_par' dir='ltr' id='par_1_110' title="bbox 392 5701 1051 5757">
     <span class='ocr_line' id='line_1_111' title="bbox 392 5701 1051 5757; baseline 0.002 -1"><span class='ocrx_word' id='word_1_842' title='bbox 392 5704 494 5756; x_wconf 85' lang='lat' dir='ltr'><strong>sub</strong></span> <span class='ocrx_word' id='word_1_843' title='bbox 522 5701 679 5754; x_wconf 87' lang='lat' dir='ltr'><strong>linem</strong></span> <span class='ocrx_word' id='word_1_844' title='bbox 714 5703 940 5757; x_wconf 89' lang='lat' dir='ltr'><strong>canonis</strong></span> <span class='ocrx_word' id='word_1_845' title='bbox 966 5703 1051 5757; x_wconf 70' lang='grc' dir='ltr'><strong>Η.</strong></span> 
     </span>
    </p>
   </div>
   <div class='ocr_carea' id='block_1_111' title="bbox 467 5770 1958 5847">
    <p class='ocr_par' dir='ltr' id='par_1_111' title="bbox 467 5770 1958 5847">
     <span class='ocr_line' id='line_1_112' title="bbox 467 5770 1958 5847; baseline 0.005 -24"><span class='ocrx_word' id='word_1_846' title='bbox 467 5770 576 5841; x_wconf 74' lang='grc' dir='ltr'><strong>(ιὲ)</strong></span> <span class='ocrx_word' id='word_1_847' title='bbox 609 5771 715 5825; x_wconf 78' lang='lat' dir='ltr'><strong>Kal</strong></span> <span class='ocrx_word' id='word_1_848' title='bbox 748 5772 877 5840; x_wconf 77' lang='grc' dir='ltr'>περὶ</span> <span class='ocrx_word' id='word_1_849' title='bbox 918 5772 1039 5827; x_wconf 83' lang='grc' dir='ltr'>τοῦ.</span> <span class='ocrx_word' id='word_1_850' title='bbox 1096 5771 1255 5831; x_wconf 87' lang='lat' dir='ltr'><strong>Deest</strong></span> <span class='ocrx_word' id='word_1_851' title='bbox 1308 5773 1617 5847; x_wconf 81' lang='lat' dir='ltr'><strong>praepositio</strong></span> <span class='ocrx_word' id='word_1_852' title='bbox 1674 5776 1729 5832; x_wconf 89' lang='lat' dir='ltr'><strong>in</strong></span> <span class='ocrx_word' id='word_1_853' title='bbox 1771 5776 1958 5832; x_wconf 86' lang='lat' dir='ltr'><strong>eodem</strong></span> 
     </span>
    </p>
   </div>
   <div class='ocr_carea' id='block_1_112' title="bbox 3434 5240 3630 5295">
    <p class='ocr_par' dir='ltr' id='par_1_112' title="bbox 3434 5240 3630 5295">
     <span class='ocr_line' id='line_1_113' title="bbox 3434 5240 3630 5295; baseline 0.01 -2"><span class='ocrx_word' id='word_1_854' title='bbox 3434 5241 3506 5275; x_wconf 70' lang='grc'><strong>⁶⁶⁶</strong></span> <span class='ocrx_word' id='word_1_855' title='bbox 3535 5240 3630 5295; x_wconf 69' lang='grc' dir='ltr'><strong>καί</strong></span> 
     </span>
    </p>
   </div>
   <div class='ocr_carea' id='block_1_113' title="bbox 2063 5425 3629 5499">
    <p class='ocr_par' dir='ltr' id='par_1_113' title="bbox 2063 5425 3629 5499">
     <span class='ocr_line' id='line_1_114' title="bbox 2063 5425 3629 5499; baseline 0.001 -19"><span class='ocrx_word' id='word_1_856' title='bbox 2063 5442 2162 5499; x_wconf 82' lang='lat' dir='ltr'><strong>ms.</strong></span> <span class='ocrx_word' id='word_1_857' title='bbox 2201 5429 2300 5484; x_wconf 91' lang='lat' dir='ltr'><strong>Ubi</strong></span> <span class='ocrx_word' id='word_1_858' title='bbox 2337 5427 2495 5499; x_wconf 87' lang='lat' dir='ltr'><strong>paulo</strong></span> <span class='ocrx_word' id='word_1_859' title='bbox 2527 5436 2647 5499; x_wconf 80' lang='lat' dir='ltr'><strong>post</strong></span> <span class='ocrx_word' id='word_1_860' title='bbox 2678 5427 2894 5498; x_wconf 81' lang='lat' dir='ltr'><strong>legitur,</strong></span> <span class='ocrx_word' id='word_1_861' title='bbox 2927 5430 3019 5481; x_wconf 73' lang='grc' dir='ltr'><strong>καὶ</strong></span> <span class='ocrx_word' id='word_1_862' title='bbox 3049 5425 3629 5499; x_wconf 13' lang='grc' dir='ltr'>ῥυσθέντοςλὲκγχειρὸς</span> 
     </span>
    </p>
   </div>
   <div class='ocr_carea' id='block_1_114' title="bbox 2060 5494 3628 5570">
    <p class='ocr_par' dir='ltr' id='par_1_114' title="bbox 2060 5494 3628 5570">
     <span class='ocr_line' id='line_1_115' title="bbox 2060 5494 3628 5570; baseline 0.003 -21"><span class='ocrx_word' id='word_1_863' title='bbox 2060 5498 2152 5570; x_wconf 75' lang='grc' dir='ltr'><strong>τοῦ</strong></span> <span class='ocrx_word' id='word_1_864' title='bbox 2164 5566 2187 5570; x_wconf 35' lang='grc' dir='ltr'><strong>μ</strong></span> <span class='ocrx_word' id='word_1_865' title='bbox 2199 5494 2464 5568; x_wconf 80' lang='grc' dir='ltr'>φονώδους</span> <span class='ocrx_word' id='word_1_866' title='bbox 2500 5494 2852 5570; x_wconf 66' lang='grc' dir='ltr'>Ἡρὼδούκαὶ</span> <span class='ocrx_word' id='word_1_867' title='bbox 2870 5494 3166 5570; x_wconf 74' lang='grc' dir='ltr'>πάσηςτῆς</span> <span class='ocrx_word' id='word_1_868' title='bbox 3182 5494 3509 5570; x_wconf 71' lang='grc' dir='ltr'>προσδοκίας</span> <span class='ocrx_word' id='word_1_869' title='bbox 3534 5494 3628 5554; x_wconf 69' lang='grc' dir='ltr'><strong>τοῦ</strong></span> 
     </span>
    </p>
   </div>
   <div class='ocr_carea' id='block_1_115' title="bbox 2062 5566 3623 5630">
    <p class='ocr_par' dir='ltr' id='par_1_115' title="bbox 2062 5566 3623 5630">
     <span class='ocr_line' id='line_1_116' title="bbox 2062 5566 3623 5630; baseline 0.003 -14"><span class='ocrx_word' id='word_1_870' title='bbox 2062 5566 2189 5619; x_wconf 85' lang='grc' dir='ltr'>λαοῦ</span> <span class='ocrx_word' id='word_1_871' title='bbox 2212 5566 2320 5623; x_wconf 77' lang='grc' dir='ltr'><strong>τῶν</strong></span> <span class='ocrx_word' id='word_1_872' title='bbox 2363 5566 2647 5630; x_wconf 81' lang='grc' dir='ltr'>Ἰουδαίων,</span> <span class='ocrx_word' id='word_1_873' title='bbox 2677 5570 2793 5620; x_wconf 80' lang='grc' dir='ltr'>κατ’</span> <span class='ocrx_word' id='word_1_874' title='bbox 2821 5566 3019 5627; x_wconf 55' lang='lat' dir='ltr'><strong>sxto)&quot;,</strong></span> <span class='ocrx_word' id='word_1_875' title='bbox 3054 5566 3133 5620; x_wconf 45' lang='lat' dir='ltr'><strong>ut&#39;</strong></span> <span class='ocrx_word' id='word_1_876' title='bbox 3157 5566 3386 5619; x_wconf 82' lang='lat' dir='ltr'><strong>habetur</strong></span> <span class='ocrx_word' id='word_1_877' title='bbox 3416 5566 3470 5619; x_wconf 87' lang='lat' dir='ltr'><strong>in</strong></span> <span class='ocrx_word' id='word_1_878' title='bbox 3502 5573 3623 5624; x_wconf 77' lang='lat' dir='ltr'><strong>Act.</strong></span> 
     </span>
    </p>
   </div>
   <div class='ocr_carea' id='block_1_116' title="bbox 2064 5639 3629 5778">
    <p class='ocr_par' dir='ltr' id='par_1_116' title="bbox 2064 5639 3629 5778">
     <span class='ocr_line' id='line_1_117' title="bbox 2064 5639 3629 5778; baseline -0.003 -18"><span class='ocrx_word' id='word_1_879' title='bbox 2064 5639 2703 5778; x_wconf 31' lang='grc' dir='ltr'><strong>³ῗιϊιέἷ’Ἀπίιγχιίλῆναα</strong></span> <span class='ocrx_word' id='word_1_880' title='bbox 2760 5706 2835 5760; x_wconf 81' lang='lat' dir='ltr'><strong>Id.</strong></span> <span class='ocrx_word' id='word_1_881' title='bbox 2872 5726 2997 5773; x_wconf 78' lang='lat' dir='ltr'><strong>ms.,</strong></span> <span class='ocrx_word' id='word_1_882' title='bbox 3046 5709 3374 5762; x_wconf 76' lang='grc' dir='ltr'>ἀποκτεῖναι.</span> <span class='ocrx_word' id='word_1_883' title='bbox 3421 5707 3629 5770; x_wconf 65' lang='grc' dir='ltr'>Τοκιιις</span> 
     </span>
    </p>
   </div>
   <div class='ocr_carea' id='block_1_117' title="bbox 2063 5775 2802 5847">
    <p class='ocr_par' dir='ltr' id='par_1_117' title="bbox 2063 5775 2802 5847">
     <span class='ocr_line' id='line_1_118' title="bbox 2063 5775 2802 5847; baseline -0.003 -17"><span class='ocrx_word' id='word_1_884' title='bbox 2063 5775 2176 5832; x_wconf 66' lang='lat' dir='ltr'><strong>Art.</strong></span> <span class='ocrx_word' id='word_1_885' title='bbox 2218 5775 2310 5846; x_wconf 52' lang='lat' dir='ltr'><strong>in,</strong></span> <span class='ocrx_word' id='word_1_886' title='bbox 2351 5775 2450 5844; x_wconf 70' lang='grc'><strong>19,</strong></span> <span class='ocrx_word' id='word_1_887' title='bbox 2471 5775 2802 5847; x_wconf 65' lang='grc' dir='ltr'>ἀπαχθῆναι.</span> 
     </span>
    </p>
   </div>
  </div>
