4132 6482
449 408 557 472 503

1478 416 1542 469 S.
1581 412 1783 469 PETRI
1824 410 2287 482 ALEXANDRINI
2327 410 2630 468 EPISCOPI

3568 408 3671 463 εοι

454 548 479 582 ι
526 526 938 600 appellationem
970 527 1229 593 nominis,
1260 528 1714 601 quemadmodum
1743 530 2003 599 scriptum

2174 527 2375 599 Κυρίου
2415 526 2671 597 ἐξέφυγεν
2706 525 2838 600 (Ν),
2870 526 2968 597 ἤδη
3018 524 3314 598 ἀρξάμενον
3360 524 3566 595 ταχέως
3581 525 3667 557 η..

458 639 479 674 s
521 628 604 676 est
631 632 659 662 ι
695 639 708 674 :
747 618 889 672 Voca
921 635 1107 673 nomen
1135 620 1272 691 ejus,
1293 621 1530 675 celeriter
1550 620 1739 689 spolia,
1774 620 2013 676 velociter

457 731 475 761 ‹
522 710 858 780 depopulare,
884 726 946 769 eo
967 710 1103 781 quod
1129 713 1435 781 priusquam
1456 698 1637 781 infans
1660 712 1797 765 sciat
1830 726 2013 765 vocare

456 818 474 851 ι
518 810 722 871 patrem
769 812 816 854 et
849 811 1091 865 matrem,
1117 803 1284 871 capiet
1313 811 1624 871 potestatem
1675 801 1921 857 Damasci
1962 813 2010 856 et

398 911 405 917 ι
455 909 475 944 ι
520 891 694 960 spolia
753 889 1038 955 Samarite,
1077 909 1256 946 coram
1303 910 1418 963 rege
1458 892 1820 963 Assyriorum.
1872 891 2010 963 Magi

455 1001 476 1034 ι
523 997 654 1054 ergo
682 992 742 1037 ut
781 982 893 1052 jam
934 983 1149 1053 spoliati
1201 989 1255 1037 et
1300 983 1720 1052 praedationibus
1769 981 2011 1036 infcstati

454 1092 477 1126 ,ι
522 1074 789 1130 infantem
832 1073 1110 1129 humiliter
1145 1082 1200 1129 et
1241 1075 1559 1144 suppliciter
1607 1074 1861 1139 adorant,
1900 1074 2016 1130 the-

458 1182 476 1212 ι
525 1178 720 1219 sauros
749 1178 881 1218 suos
920 1166 1248 1234 aperientes,
1278 1173 1334 1220 et
1364 1167 1414 1220 ei
1454 1165 1746 1222 offerentes
1779 1167 2012 1220 maxime

458 1268 476 1307 ι
524 1264 828 1326 opportuna
853 1265 912 1312 et
943 1258 1227 1328 magniﬁca
1257 1258 1419 1320 dona,
1457 1272 1650 1314 aurum
1685 1266 1739 1315 et
1782 1258 1910 1314 thus
1959 1267 2014 1314 et

460 1367 478 1398 ι
528 1347 802 1419 myrrham
821 1349 872 1410 ιι,
904 1354 964 1402 ιιι
995 1348 1107 1418 regi
1149 1358 1201 1404 et
1245 1347 1354 1405 Deo
1387 1357 1443 1405 et
1473 1349 1677 1406 homini
1713 1349 1898 1406 :unde
1946 1348 2014 1405 ad

462 1456 480 1491 ι
521 1452 702 1511 regem
739 1438 1023 1509 Assyrium
1057 1454 1164 1494 non
1208 1440 1446 1509 amplius
1476 1440 1673 1497 reverti
1700 1442 2011 1504 voluerant,

459 1548 480 1572 ι
531 1543 560 1582 a
584 1528 925 1585 Providentia
955 1530 1127 1586 vetiti.
1163 1528 1426 1585 Divinitus
1450 1533 1597 1587 enim
1630 1533 1909 1598 admoniti,
1935 1535 2018 1589 in-

2118 639 2139 672 ι
2185 618 2463 689 σκυλεύειν
2498 621 2591 673 καὶ
2630 617 2793 683 ὀξέως
2825 616 3176 688 προνομεύειν
3200 656 3214 679 ,
3242 614 3383 669 κατὰ
3419 616 3517 685 τὴν
3554 616 3674 670 ἐπί-

2121 728 2137 759 ι
2185 708 2376 780 κλησιν
2403 708 2497 760 τοῦ
2529 708 2809 779 ὀνόματος,
2835 705 3013 769 καθὼς
3043 704 3375 776 γέγραπται·
3398 703 3674 759 Κάλεσον

2120 817 2139 848 ι
2184 796 2252 851 τὸ
2300 797 2486 867 ὄνομα
2529 796 2747 860 αὐτοῦ,
2790 793 3015 864 ταχέως
3070 796 3445 858 σκύλευσον,
3494 792 3674 860 ὀξέως

2117 910 2137 943 ι
2184 891 2615 960 προνόμευσον,
2629 889 2776 944 διότι
2788 891 2931 958 πρὶν
2946 890 2983 958 ἢ
2995 889 3107 920 ⁸⁸’·⁶
3126 887 3339 958 γνῶναι
3352 888 3417 940 τὸ
3441 886 3675 941 παιδίον

2120 1002 2139 1034 ι
2183 982 2392 1036 καλεῖν
2418 980 2639 1048 πατέρα
2663 981 2701 1049 ἢ
2731 982 2978 1050 μητέρα,
3008 978 3262 1047 λήψεται
3290 978 3541 1046 δύναμιν
3565 978 3673 1029 Δα-

2117 1094 2137 1127 ι
2173 1075 2437 1144 μασκοῦ,
2461 1076 2560 1127 καὶ
2593 1075 2664 1128 τὰ
2693 1074 2894 1128 σκῦλα
2919 1073 3246 1143 Σαμαρείας
3275 1073 3475 1125 ἔναντι
3497 1070 3676 1134 ,ϐασι-

2119 1183 2137 1218 ι
2181 1165 2332 1232 λέως
2378 1166 2718 1234 Ἀσσυρίων.
2754 1168 2817 1219 Οἱ
2847 1164 2975 1232 γοῦν
3006 1165 3189 1235 μάγοι,
3222 1163 3296 1226 ὡς
3322 1160 3423 1235 ἤδη
3455 1160 3677 1214 σκυλευ-

2120 1279 2139 1313 ι
2185 1258 2365 1323 θέντες
2398 1259 2491 1313 καὶ
2516 1256 2992 1330 προνομευθέντες,
3011 1254 3458 1325 ὑπο-τεταγμένως
3484 1253 3578 1307 καὶ
3605 1269 3678 1305 τι-

2120 1370 2138 1403 ι
2187 1351 2431 1422 μητικῶς
2482 1348 2845 1421 προσκυνοῦσι
2902 1347 2982 1419 τῷ
3026 1346 3222 1417 παιδίῳ
3245 1347 3313 1410 ⁸³,
3376 1345 3679 1414 ἀνοίγοντες

2120 1463 2139 1496 ι
2181 1444 2307 1505 τοὺς
2327 1442 2630 1512 θησαυροὺς
2661 1440 2839 1496 αὐτῶν
2861 1442 2954 1495 καὶ
2976 1440 3370 1513 προσφέροντες
3392 1436 3537 1508 αύτῷ
3557 1455 3679 1491 καιο

2122 1553 2140 1585 ι
2189 1534 2419 1606 ριώτατα
2444 1535 2537 1588 καὶ
2570 1533 2995 1604 πρεπωδέστατα
3015 1532 3058 1564 ⁸⁸
3082 1530 3252 1604 δῶρα,
3276 1529 3472 1602 χρυσὸν
3494 1530 3587 1584 καί¹
3608 1528 3683 1582 λίς

460 1636 479 1669 ι
526 1618 664 1687 quit,
695 1620 971 1674 insomnio
1008 1637 1074 1676 ne
1106 1631 1484 1677 reverterentur
1503 1622 1573 1678 ad
1609 1622 1891 1689 Herodem,
1927 1641 2017 1694 per

2133 1644 2142 1678 l
2187 1626 2345 1680 σανον
2374 1629 2469 1679 καὶ
2502 1626 2745 1697 σμύρναν
2768 1664 2782 1690 ,
2825 1625 2901 1689 ὼς
2936 1626 3143 1697 βασιλεῖ
3172 1623 3265 1677 καὶ
3309 1622 3426 1694 Θεῷ
3467 1623 3560 1677 καὶ
3596 1623 3683 1676 ἅν-

459 1729 479 1759 ι
525 1710 690 1765 aliam
710 1713 848 1766 viam
872 1716 1095 1783 regressi
1121 1725 1245 1770 sunt
1283 1718 1338 1770 in
1374 1716 1634 1787 regionem
1666 1734 1837 1773 suam.
1862 1717 2018 1775 Unde

2133 1737 2142 1770 l
2186 1718 2420 1791 θρώπῳο
2451 1718 2572 1772 ὅθεν
2600 1718 2783 1771 οὐκέτι
2829 1717 2965 1790 πρὸς
3012 1715 3102 1770 τὸν
3157 1714 3430 1787 Ἀσσύριον
3463 1713 3683 1785 βασιλέα

460 1820 479 1852 ι
525 1818 648 1857 cum
678 1804 906 1863 vidisset
935 1807 1387 1877 sanguinolentus
1422 1805 1663 1862 Herodes
1699 1823 1758 1863 se
1787 1823 1817 1862 a
1846 1810 2017 1881 magis

2133 1830 2144 1863 ι
2189 1809 2495 1881 ἠξιώθησαν
2544 1809 2915 1881 ὑποστρέψαι,
2961 1807 3380 1881 συνεργούμενοι
3430 1804 3536 1859 ὑπὸ
3585 1806 3683 1877 τῆς

458 1912 479 1949 ι
526 1894 766 1961 illusum,
793 1896 951 1952 valde
980 1896 1083 1952 fuit
1104 1907 1431 1954 commotus.
1460 1898 1529 1951 Et
1562 1902 1794 1963 mittens,
1818 1902 2015 1972 inquit,

2133 1922 2143 1954 l
2187 1903 2472 1974 Προνοίας·
2500 1902 3009 1971 Χρηματισθέντες
3028 1901 3168 1973 γάρ,
3196 1900 3328 1970 φησὶ
3345 1941 3360 1963 ,
3388 1899 3514 1952 κατ’
3540 1896 3685 1965 ὄναρ

462 2005 480 2035 ι
521 1986 783 2055 interfecit
808 2004 987 2043 omnes
1017 1988 1249 2059 infantes
1279 1990 1369 2060 qui
1388 2000 1537 2043 erant
1560 1992 1615 2045 in
1649 1991 1947 2047 Bethlehem
1969 2002 2018 2048 et

2133 2014 2145 2046 ι
2185 1995 2272 2064 μὴ
2311 1993 2660 2064 ἀνακάμψαι
2708 1993 2857 2064 πρὸς
2889 1992 3165 2063 Ἡρώδην,
3206 1992 3279 2045 δι’
3309 1990 3506 2058 ἄλλης
3543 1986 3687 2046 ὀδοῦ

461 2094 480 2127 ι
529 2077 585 2131 in
631 2079 775 2132 omni
813 2078 928 2148 ejus
973 2080 1224 2149 conﬁnio,
1265 2096 1298 2133 α
1333 2078 1534 2134 bimatu
1568 2090 1617 2134 et
1669 2083 1839 2153 infra,
1870 2084 2022 2145 iuxta

2133 2104 2145 2137 ι
2191 2085 2584 2156 ἀνεχώρησαν
2600 2088 2688 2153 είς
2713 2085 2825 2153 τὴν
2863 2086 3060 2156 χώραν
3087 2081 3301 2138 αὐτῶν.
3325 2081 3486 2136 Ὅθεν
3499 2082 3540 2112 ⁶¹
3566 2078 3688 2134 ίδὼν

460 2186 480 2219 ι
527 2177 729 2238 tempus
769 2169 906 2239 quod
938 2186 971 2223 a
1000 2168 1173 2239 Magis
1208 2167 1486 2242 diligenter
1512 2170 1776 2226 didicerat
1807 2183 1854 2225 ε.
1881 2173 2019 2229 Cum

2133 2196 2149 2228 ι
2194 2181 2222 2231 ὁ
2255 2179 2547 2251 αἱμοϐὀρος
2581 2177 2821 2249 Ἡρώδης
2854 2178 2935 2230 ὅτι
2970 2175 3266 2247 ἐνεπαίχθη
3306 2173 3409 2228 ὑπὸ
3443 2171 3551 2227 τῶν
3581 2170 3683 2244 μά-

460 2279 480 2311 ι
527 2261 748 2331 quibus,
781 2269 836 2315 et
859 2261 1023 2315 alium
1055 2262 1206 2331 prius
1246 2269 1431 2317 natum
1464 2262 1751 2327 infantem,
1787 2280 1912 2319 cum
1945 2267 2024 2320 in-

2133 2288 2147 2319 l
2196 2286 2341 2337 γων,
2391 2267 2646 2339 ἐθυμώθη
2689 2267 2832 2325 λίαν.
2891 2269 2999 2323 Kal
3048 2267 3451 2332 ἀποστείλας,
3494 2262 3688 2335 φησὶν,

462 2369 482 2404 ι
528 2351 857 2408 terfecturus
873 2353 1211 2423 quaesivisset
1240 2358 1296 2408 et
1324 2367 1435 2407 non
1471 2353 1790 2421 invenisset,
1812 2364 2022 2425 patrem

2133 2376 2147 2407 ι
2193 2358 2394 2411 ἀνεῖλε
2422 2356 2652 2424 πάντας
2677 2356 2819 2424 τοὺς
2859 2355 3075 2422 παῖδας
3108 2355 3250 2420 τοὺς
3281 2354 3351 2406 ἐν
3386 2349 3688 2419 Βηθλεὲμ,

464 2459 484 2492 ο
525 2442 647 2511 ejus
674 2437 997 2503 Zachariam
1026 2442 1300 2499 interfecit
1330 2443 1474 2499 inter
1499 2444 1762 2515 templum
1804 2453 1860 2500 et
1887 2446 2023 2500 alta-

2133 2467 2145 2499 ι
2192 2449 2287 2501 καί
2318 2448 2388 2501 ἐν
2410 2447 2557 2502 πᾶσι
2586 2448 2711 2515 τοῖς
2729 2450 2913 2517 ὁρίοις
2938 2444 3150 2515 αὐτῆς,
3184 2444 3299 2501 ἀπὸ
3327 2440 3558 2507 διετοῦς
3590 2438 3688 2492 καὶ

466 2552 484 2584 ι
528 2547 609 2599 re,
639 2547 766 2586 cum
794 2529 1074 2602 effugisset
1119 2530 1261 2586 filius
1316 2545 1440 2585 cum
1494 2541 1669 2586 matre
1720 2530 2019 2588 Elisabetb.

2133 2559 2150 2590 ι
2198 2539 2520 2607 κατωτέρω,
2548 2539 2698 2594 κατὰ
2721 2539 2827 2592 τὸν
2859 2540 3080 2609 χρόνον
3111 2536 3182 2591 ὃν
3214 2534 3508 2603 ἠκρίϐωσε
3534 2527 3690 2599 παρὰ

463 2641 483 2673 ‹
531 2620 685 2678 Unde
719 2637 820 2678 nec
854 2624 964 2677 ullo
994 2622 1157 2679 modo
1187 2622 1679 2693 reprehenduntur.
1728 2642 1747 2677 ι

2136 2648 2155 2681 ι
2200 2629 2318 2685 τῶν
2356 2631 2590 2700 Μάγων.
2647 2631 2781 2687 Μεθ’
2816 2626 2889 2684 ὧν
2924 2631 3015 2683 καὶ
3049 2629 3108 2682 τὸ
3155 2627 3261 2699 πρὸ
3294 2624 3456 2680 αὑτοῦ
3497 2631 3693 2694 γεννη-

464 2738 482 2770 ι
526 2718 618 2772 θέν
661 2718 849 2791 ἕτερον
891 2718 1101 2773 παιδίον
1148 2719 1383 2789 ζητήσας
1415 2718 1751 2785 ἀποκτεῖναι,
1795 2723 1889 2775 καὶ
1935 2721 2009 2795 μὴ
2046 2724 2257 2798 εὑρὼν,
2317 2728 2407 2780 τὸν
2465 2727 2676 2797 πατέρα
2703 2727 2865 2781 αὐτοῦ
2893 2723 3166 2796 Ζαχαρίαν
3204 2720 3458 2791 ἐφόνευσε
3492 2714 3691 2789 μεταξὺ

463 2833 481 2865 ι
526 2812 621 2883 τοῦ
649 2803 775 2869 ναοῦ
817 2814 910 2870 καὶ
949 2812 1044 2867 τοῦ
1075 2813 1457 2887 θυσιαστηρίου
1477 2855 1492 2879 ,
1522 2815 1849 2884 ἐκφυγόντος
1876 2818 1969 2871 τοῦ
2022 2821 2209 2886 παιδὸς
2240 2823 2307 2854 ⁶¹⁴
2333 2824 2466 2894 μετὰ
2498 2823 2597 2893 τῆς
2625 2822 2828 2894 μητρὸς
2867 2816 3144 2874 Ἐλισάϐετ
3164 2834 3176 2845 ·
3212 2815 3303 2883 ἀφ’
3334 2806 3409 2868 ὧν
3444 2809 3694 2882 οὐδεμίαν

464 2925 486 2971 ρ
530 2906 733 2979 μέμψιν
763 2907 978 2998 ἔχουσιν
994 2908 1039 2940 σί
1071 2907 1206 2979 (15).
1249 2927 1267 2960 ι

530 3004 690 3074 lists.
717 3000 779 3060 Si
809 3003 900 3073 qui
935 3009 1138 3067 autem,
1178 3003 1374 3074 inquit,
1431 3004 1640 3059 relictis
1671 3003 1787 3061 suis
1852 3001 2026 3058 facul-

460 3094 669 3149 tatibus
694 3101 1059 3158 secesserunt,
1093 3107 1163 3149 ne
1190 3090 1391 3149 detenti
1415 3094 1469 3149 in
1499 3095 1802 3165 periculum
1825 3110 2027 3151 vocen—

2202 3008 2397 3064 ΒΑΛΣ.
2437 3008 2500 3061 Εἰ
2544 3006 2601 3061 δέ
2647 3023 2820 3070 τινες,
2862 3003 3031 3075 φησι,
3075 3001 3362 3055 κατέλιπον
3405 2997 3503 3063 τὰς
3544 3015 3701 3070 περι-

2132 3100 2318 3165 ουσίας
2344 3099 2524 3154 αὐτῶν
2558 3099 2650 3153 καὶ
2683 3097 3056 3170 ἀνεχώρησαν,
3096 3094 3182 3148 ἵνα
3224 3093 3298 3166 μὴ
3336 3091 3697 3164 κατασχεθέν-

465 3196 574 3251 tur,
601 3194 659 3240 ut
686 3187 779 3258 qui
813 3186 953 3243 forte
975 3202 1083 3242 non
1105 3187 1319 3258 possint
1336 3186 1402 3241 ad
1426 3191 1586 3251 linem
1624 3203 1800 3258 usque
1817 3188 1872 3242 in
1897 3202 2027 3243 con-

2133 3208 2225 3256 τες
2252 3192 2667 3245 κινδυνεύσωσιν
2686 3231 2700 3254 ,
2734 3189 2865 3252 ἴσως
2898 3187 2974 3261 μὴ
3016 3186 3300 3256 δυνάμενοι
3330 3185 3489 3257 μέχρι
3515 3183 3702 3246 τέλους

466 3276 705 3335 fossione
733 3279 1044 3349 persistere,
1076 3289 1296 3350 propter
1320 3286 1586 3342 tortorum
1608 3280 1891 3343 smvitiam,
1919 3293 2027 3335 non

2133 3285 2388 3355 ἐμμεῖναι
2442 3285 2509 3354 τῇ
2555 3280 2814 3355 ὁμολογίᾳ
2854 3280 2943 3334 διὰ
2971 3278 3067 3351 τὴν
3095 3278 3202 3331 τῶν
3235 3276 3564 3342 κολαζόντων
3593 3275 3699 3328 άπ-

462 3368 847 3440 culpabuntur,
881 3370 1094 3426 etiamsi
1149 3370 1240 3435 alii
1287 3370 1494 3442 detenti
1546 3378 1674 3430 sunt
1708 3370 2031 3442 prepterip-

464 3477 575 3521 sos.
609 3463 673 3518 Et
700 3464 922 3521 adducit
947 3464 1001 3519 in
1030 3464 1335 3533 exemplum
1357 3464 1477 3534 ejus
1496 3464 1575 3519 rei
1604 3464 1801 3535 gratia,
1833 3462 2029 3533 Gaium

465 3559 517 3604 et
563 3551 967 3617 Aristarcbum,
1017 3552 1111 3622 qui
1172 3565 1271 3622 pro
1304 3551 1475 3606 Paulo
1511 3552 1715 3608 detenti
1764 3552 2027 3609 fuerunt:

466 3640 668 3701 milites
720 3642 814 3713 qui
868 3642 1088 3699 Petrum
1145 3642 1482 3700 servabant:
1540 3642 1778 3700 infantes
1839 3644 1934 3716 qui
1962 3644 2032 3699 ab

468 3730 679 3787 llerode
728 3733 999 3789 interfecti
1046 3741 1175 3789 sunt
1219 3742 1443 3803 propter
1492 3734 1820 3791 Christum:
1871 3745 1924 3791 et
1946 3752 2034 3791 ve-

468 3824 728 3881 nerabilis
789 3825 1078 3895 sanctique
1128 3824 1492 3895 Praecursoris
1543 3836 1752 3897 patrem
1823 3827 2033 3899 laena--

472 3930 631 3986 riam.

543 4005 748 4067 Zomn.
803 4007 862 4070 Si
894 4010 986 4081 qui
1037 4019 1239 4085 autem,
1276 4012 1475 4084 inquit,
1520 4029 1651 4071 suas
1699 4014 2036 4083 reliquerunt

473 4101 848 4171 possessiones
896 4117 961 4156 ac
996 4113 1363 4173 secesserunt,
1413 4120 1482 4173 ne
1528 4105 1732 4162 detenti
1768 4106 2040 4177 periclita-

478 4202 682 4255 rentur,
708 4196 832 4264 quia
865 4195 1003 4252 forte
1025 4197 1096 4253 ob
1128 4204 1396 4264 tortorum
1429 4199 1690 4265 saevitiam
1743 4199 1796 4252 in
1821 4197 2037 4253 confes-

477 4283 630 4340 sione
685 4285 752 4339 ad
811 4286 967 4343 finem
1022 4304 1195 4360 usque
1242 4290 1535 4360 persistere
1600 4289 1742 4346 haud
1802 4292 2034 4361 possint,

475 4374 689 4431 etiamsi
716 4376 958 4446 ipsorum
990 4394 1155 4437 causa
1186 4381 1277 4435 alii
1307 4382 1515 4438 detenti
1567 4397 1630 4437 ac
1662 4383 1840 4454 poenis
1861 4383 2038 4437 affecti

478 4464 697 4529 fuerint,
725 4470 947 4526 minime
968 4484 1095 4529 sunt
1125 4476 1439 4531 accusandi.
1492 4473 1840 4545 Rursumque
1860 4490 2041 4530 exem-

2133 3374 2341 3445 ήνειαν,
2359 3375 2458 3427 οὐκ
2488 3372 2936 3445 ἐγκληθήσονται,
2952 3370 3056 3425 κᾶν
3079 3371 3172 3425 καὶ
3192 3369 3366 3441 ἕτεροι
3382 3365 3703 3437 κατεσχέθη,

2137 3482 2237 3520 σαν
2268 3464 2335 3519 δι’
2364 3464 2577 3528 αὐτούς.
2614 3464 2723 3518 Καὶ
2750 3464 2986 3537 παράγει
3009 3462 3168 3535 χάριν
3199 3460 3387 3517 τούτου
3414 3463 3495 3525 εἰς
3525 3458 3704 3531 παρά-

2136 3557 2335 3627 δειγμα
2385 3557 2477 3609 τὸν
2517 3556 2675 3609 Γάϊον
2721 3556 2812 3608 καὶ
2854 3555 2944 3608 τὸν
2993 3554 3380 3627 Ἀρίσταρχον,
3425 3552 3553 3616 τοὺς
3584 3548 3705 3606 ἀντὶ

2138 3647 2350 3702 Παύλου
2371 3645 2800 3717 κατασχεθέντας
2819 3662 2834 3677 ο
2857 3646 2983 3710 τοὺς
3012 3642 3341 3715 στρατιώτας
3360 3642 3485 3706 τοὺς
3514 3638 3706 3710 φυλάτ·

2136 3756 2329 3804 τοντας
2352 3738 2445 3792 τὸν
2468 3738 2674 3811 Πέτρον
2696 3756 2710 3769 ·
2746 3738 2814 3793 τὰ
2845 3739 3015 3809 νήπια
3049 3738 3117 3790 τά
3148 3734 3298 3807 παρὰ
3325 3731 3424 3787 τοῦ
3465 3730 3704 3803 Ἡρώδου

2140 3830 2494 3903 ἀναιρεθέντα
2535 3830 2624 3884 διὰ
2662 3830 2753 3886 τὸν
2803 3829 3071 3901 Χριστόν·
3115 3826 3329 3882 καὶτὸν
3379 3822 3560 3895 τιμίου
3611 3823 3708 3877 καὶ

2140 3922 2292 3990 ἁγίου
2319 3920 2638 3996 Προδρόμου
2665 3921 2873 3993 πατέρα
2899 3923 3195 3993 Ζαχαρίαν.

2213 4014 2455 4067 ΖΩΝΑΡ.
2497 4014 2559 4068 Εἰ
2585 4014 2642 4067 δέ
2674 4031 2817 4078 τινες
2839 4054 2854 4078 ,
2893 4014 3061 4083 φησὶ,
3093 4011 3382 4066 κατέλιπον
3411 4008 3510 4072 τὰς
3554 4024 3707 4080 περι-

2141 4105 2329 4168 ουσίας
2359 4104 2539 4158 αὐτῶν
2564 4106 2658 4159 καὶ
2684 4104 3056 4177 ἀνεχώρησαν,
3073 4104 3160 4157 ἵνα
3191 4103 3265 4175 μὴ
3285 4100 3709 4171 κατασχεθέντες

2145 4196 2578 4260 κινδυνεύσωσιν,
2616 4195 2746 4259 ἴσως
2780 4194 2853 4266 μὴ
2885 4194 3172 4265 δυνάμενοι
3211 4194 3373 4266 μέχρι
3402 4191 3586 4252 τέλους
3610 4190 3711 4260 ἐμ-

2149 4292 2412 4362 μεῖναιτῇ
2435 4289 2693 4360 ὁμολογίᾳ
2712 4288 2797 4341 διὰ
2814 4289 2911 4357 τὴν
2937 4286 3043 4340 τῶν
3071 4285 3403 4350 κολαζόντων
3422 4282 3710 4352 ἀπήνειαν,

2146 4382 2247 4435 οὐκ
2281 4380 2743 4453 ἐγκληθήσονται,
2794 4381 2913 4434 οὐδὲ
2949 4381 2996 4432 εἰ
3033 4376 3101 4431 δι’
3148 4377 3345 4441 αὐτοὺς
3382 4376 3558 4444 ἐτεροι
3590 4390 3715 4427 κατ·

2146 4473 2448 4547 εσχέθησαν
2500 4474 2594 4527 καὶ
2640 4472 3029 4542 ἐκολάσθησαν.
3076 4470 3182 4523 Καὶ
3237 4467 3396 4522 πάλιν
3446 4467 3552 4520 άπὸ
3601 4464 3713 4517 τῶν

475 4558 622 4627 plum
671 4575 735 4629 ex
784 4564 1096 4631 apostolicis
1130 4565 1283 4624 Actis
1316 4567 1554 4629 adducit,
1601 4567 1792 4623 dicens
1842 4567 2027 4638 Eplics‘:

2149 4564 2409 4637 Ιῐράξεων
2452 4563 2647 4632 ἐπάγει
2705 4562 3055 4633 παράδειγμα
3117 4559 3323 4627 λέγων,
3382 4557 3464 4609 ὅτι
3518 4554 3610 4608 καὶ
3655 4555 3715 4605 ἐν

477 4664 694 4720 quoque
712 4630 1009 4719 PmPaulO
1054 4658 1478 4728 comprehensos
1540 4658 1708 4713 fuisse
1752 4630 1945 4729 Gajnin
1986 4665 2027 4712 et

2158 4630 2367 4726 Ἰέφέσῳ
2412 4655 2532 4708 ἀντὶ
2571 4630 2666 4708 τοῦ
2712 4630 2922 4707 Παύλου
2958 4630 3383 4722 συνηρπάγησαν
3422 4647 3581 4710 Γάϊος
3621 4644 3717 4698 καὶ

477 4741 893 4811 Aristarchum;
928 4761 1027 4801 nec
1066 4757 1246 4803 tamen
1299 4751 1369 4806 ob
1418 4751 1470 4804 id
1526 4756 1845 4805 accusatum
1895 4746 2040 4802 Pau-

479 4832 590 4887 lum
616 4848 632 4886 :
665 4845 843 4903 neque
863 4832 1083 4891 Petrum
1119 4839 1188 4907 ab
1208 4841 1399 4911 angelo
1427 4855 1458 4894 e
1480 4840 1731 4895 custodia
1760 4837 2038 4901 eductum,

478 4923 683 4981 cumis
721 4924 939 4993 quidem
973 4926 1159 5003 effugit
1209 4931 1546 5000 periculum;
1595 4930 1689 4999 qui
1737 4943 1867 4984 vero
1889 4928 2039 4984 illum

475 5015 856 5078 custodiebant
884 5019 1103 5085 milites,
1136 5023 1208 5083 ob
1229 5023 1378 5078 illum
1396 5021 1664 5092 supplicio
1688 5019 1862 5075 affecti
1890 5027 2037 5076 sunt.

479 5104 602 5171 Mox
630 5108 777 5163 aliud
803 5126 1017 5182 quoque
1044 5114 1346 5184 exemplum
1381 5129 1447 5168 ex
1471 5111 1763 5182 Evangelio
1800 5111 2039 5181 adhibet,

477 5210 666 5265 porum
695 5200 791 5272 qui
851 5201 920 5261 ab
974 5201 1184 5257 Herode
1223 5202 1495 5259 interfecti
1555 5211 1684 5257 sunt
1707 5215 2037 5273 puerorum;

554 5344 581 5395 Ρ
607 5330 719 5409 Ita,
757 5352 873 5407 vin,
909 5335 970 5407 ὃ,
1007 5338 1061 5412 4.
1137 5340 1165 5380 ι)
1191 5336 1384 5411 Matth,
1423 5353 1486 5411 ii,
1512 5338 1689 5391 H-l5.

1796 5347 1819 5387 ε
1848 5335 1976 5394 ibid.
2003 5337 2089 5392 16.

2159 4745 2545 4818 Ἀρίσταρχοςο
2582 4744 2697 4800 ἀλλ’
2725 4748 2754 4798 ὁ
2778 4743 2989 4807 Παῦλος
3022 4742 3110 4796 διὰ
3141 4740 3296 4794 τοῦτο
3333 4740 3430 4793 ούκ
3475 4735 3675 4810 ᾐτιάθη
3695 4751 3712 4766 ⁶

2145 4834 2269 4903 οὔτε
2298 4838 2326 4889 ὀ
2355 4836 2560 4908 Πέτρος
2595 4835 2700 4890 ὑπὸ
2728 4835 2962 4904 ἀγγέλου
2992 4834 3093 4897 τῆς
3124 4830 3369 4901 φυλσικῆς
3397 4827 3680 4899 ἐκβληθεὶς
3698 4863 3715 4891 ;

2145 4928 2235 4980 ὅτε
2267 4928 2474 4989 ἐκεῖνος
2503 4926 2601 4996 μὲν
2632 4924 2815 4997 διέδρα
2854 4926 2942 4978 τὸν
2967 4923 3227 4985 κίνδυνον,
3253 4923 3303 4975 οἱ
3334 4921 3392 4975 δέ
3420 4919 3719 4988 φυλάσσον-

2144 5036 2235 5081 τες
2280 5018 2444 5074 αὑτὸν
2495 5019 2825 5089 στρατιῶται
2858 5016 2923 5071 δι’
2956 5019 3160 5071 ἐκεῖνον
3187 5011 3576 5083 ἐκολάσθησαν.
3606 5010 3721 5063 Καὶ

2149 5110 2258 5163 ἀπὸ
2290 5110 2382 5163 τοῦ
2412 5110 2743 5179 Εὑαγγελίου
2772 5109 3128 5180 ὑποδείγματι
3181 5107 3441 5178 κέχρηται
3474 5104 3584 5167 τοῖς
3613 5098 3721 5155 ῧπδ

2145 5201 2238 5255 τοῦ
2291 5201 2527 5273 Ἡρώδου
2573 5202 2904 5275 άναιρεθεῑσι
2955 5201 3131 5255 παισί·
3175 5198 3242 5252 δι’
3274 5198 3330 5263 ἆ,
3378 5194 3572 5268 φησιν,
3620 5193 3721 5249 οὐκ

1761 5456 1991 5512 VARIAE
2019 5452 2416 5509 LECTIONES.

539 5569 632 5603 ιν*
654 5571 839 5638 ὀξέως.

483 5635 509 5708 ξ
515 5656 660 5714 σχον.

578 5757 666 5814 Mi
712 5756 1053 5826 Ἐξέεαυγεν.
1101 5758 1223 5827 Ms,
1267 5755 1521 5827 ἐξέφυγε·
1556 5745 1803 5827 μεθ’-ὦν
1840 5751 1935 5808 καὶ
1978 5750 2040 5806 τὸ

486 5823 1074 5908 πρδίαὐτρῦηγεννηθέν
1106 5823 1337 5908 ’παιδίονἶ
1361 5823 1413 5880 κ.
1442 5823 1494 5908 τἶ
1526 5823 1601 5908 λζ»
1628 5823 1733 5908 sub
1751 5826 1909 5908 ﬂuet?
1946 5836 2037 5876 ca-

487 5892 669 5973 nonis.
704 5892 931 5966 Reliqua
962 5892 1276 5951 intermedia
1307 5897 1501 5952 desunt
1534 5897 1586 5951 in
1616 5895 1820 5968 codice.
1852 5892 2036 5961 Neque

938 5572 1051 5612 ³⁵”“
1074 5571 1106 5642 ἦ
1133 5588 1241 5643 ομ).
1299 5573 1343 5605 δ’
1369 5572 1425 5628 τὸ
1455 5573 1687 5647 παιδίον,
1768 5571 1812 5603 ⁸⁸
1847 5567 2179 5643 καιριώτερα
2203 5570 2298 5626 καὶ
2327 5570 2769 5644 πρεπυκῖέστερα.
2839 5571 2881 5603 ⁸⁸
2904 5568 3075 5623 ἐνθεν.
3114 5562 3178 5594 ⁸⁸⁸
3198 5559 3429 5616 παιδίου.
3495 5560 3541 5592 ⁸³
3565 5554 3722 5628 ἐφ’...

2156 5768 2289 5810 sane
2322 5750 2609 5806 Balsamon
2639 5754 2691 5803 et
2716 5745 2958 5801 Zonaras
2981 5759 3043 5798 ca
3076 5743 3271 5813 legisse
3294 5737 3565 5813 videntur.

2217 5802 2349 5897 (iiii)?
2629 5802 2688 5873 .i.
2723 5816 2991 5885 ἔχουσιν.
3032 5802 3157 5877 Ms:
3185 5809 3266 5879 ἐφ’
3288 5802 3330 5893 ᾧ
3451 5806 3625 5877 ἔσχον.
