4132 6478
435 377 541 434 507

1464 370 1523 427 S.
1563 370 1770 427 PETRI
1800 371 2268 427 ALEXANDRINI
2310 368 2612 427 EPISCOPI

3574 372 3703 432 508-

433 494 567 559 bita,
603 492 660 547 in
691 491 1019 546 oraillorum
1048 489 1235 544 vinum
1266 486 1626 543 infundebant
1641 502 1708 543 ex
1732 488 2006 542 libat'ioni—

2122 489 2287 541 κὺτῶν
2316 488 2528 558 ἐνέχεον
2561 483 2701 540 οἶνον
2728 489 2792 539 ἐκ
2833 486 2940 540 τῶν
2972 488 3213 543 σπονδῶν
3232 529 3246 553 ,
3282 488 3315 559 ἢ
3350 489 3443 542 καὶ
3476 491 3540 544 ὲκ
3571 491 3679 546 τῶν

436 585 561 650 bus,
597 584 681 638 vel
716 582 884 636 etiam
900 596 966 636 ex
991 581 1136 635 idolo
1157 579 1408 635 mactatis
1434 578 1693 634 carnibus
1731 580 2005 649 quidpiam

438 674 654 727 illorum
696 671 778 725 ori
814 670 1151 737 inserebant,
1195 684 1259 723 ae
1288 670 1447 723 thura
1479 668 1722 738 ipsorum
1758 670 2009 724 manibus

438 764 769 833 injicientes,
819 763 968 832 ipsos
1026 763 1093 817 ad
1141 777 1290 815 aram
1335 761 1645 825 trahebant,
1672 768 1727 816 et
1781 777 1879 831 per
1902 763 2008 815 vim

436 855 850 925 comprehensis
873 855 1089 909 illorum
1110 854 1383 917 manibus,
1411 862 1502 907 aut
1530 854 1686 907 thura
1705 868 1810 908 ara?
1830 870 2012 924 super-

437 946 775 1012 fundebant;
807 952 902 998 aut
960 945 1126 1001 etiam
1158 946 1426 1000 carbones
1476 960 1600 998 cum
1648 945 1809 1000 thure
1841 947 2012 1016 impo-

437 1039 641 1094 nebant
690 1038 933 1107 ipsorum
996 1036 1287 1099 manibus,
1328 1042 1386 1088 ut
1436 1034 1649 1090 ardoris
1706 1036 2010 1089 cruciatum

438 1131 666 1186 minime
706 1130 961 1193 ferentes,
993 1129 1121 1185 thus
1142 1145 1268 1184 cum
1291 1130 1623 1185 carbonibus
1657 1131 1713 1183 in
1744 1145 1896 1184 aram
1928 1131 2013 1186 ef-

442 1223 764 1289 funderent;
823 1223 891 1278 ab
937 1222 1143 1278 eisdem
1184 1237 1378 1291 nempe
1416 1221 1823 1277 detinebantur.
1852 1221 2014 1292 Ejus-

444 1316 590 1371 modi
634 1316 689 1369 in
725 1329 885 1369 sacro
926 1313 1231 1369 ministerio
1285 1313 1500 1368 censeri
1554 1329 1716 1383 posse
1761 1312 2011 1379 aﬂirmat,

442 1407 528 1461 vel
556 1406 737 1475 potius
789 1404 845 1458 in
876 1401 1255 1459 confess-orum
1285 1402 1477 1456 ordine
1523 1403 1799 1459 collocari.
1827 1400 2015 1473 Neque

442 1498 587 1551 enim
619 1511 715 1551 sua
731 1503 923 1564 sponte
952 1495 1033 1549 vel
1057 1493 1417 1563 degustabant
1443 1494 1748 1561 libationes,
1773 1495 1857 1548 vel
1889 1495 2015 1552 thus

442 1589 792 1657 impellebant
848 1602 977 1651 arae,
1036 1586 1133 1641 sed
1185 1587 1236 1639 vi
1287 1587 1485 1648 coacti,
1536 1587 1749 1640 ratione
1793 1587 2013 1642 illorum

445 1679 645 1733 actioni
679 1678 903 1732 minime
948 1678 1323 1732 consentiente
1379 1695 1390 1731 :
1452 1677 1909 1747 quemadmodum
1964 1687 2018 1734 et

442 1769 646 1838 quibus
674 1774 1074 1823 tormentorum
1102 1770 1431 1822 necessitate
1450 1769 1724 1827 resolutus
1747 1768 2016 1824 fueratvi-

2110 579 2468 633 εἰδωλοθύτων
2530 578 2706 652 κρεῶν
2767 578 3016 631 ἐνέϐαλον
3044 582 3123 642 είς
3154 579 3215 632 τὸ
3260 580 3432 651 στόμα
3475 582 3676 647 αὐτῶν,

2111 673 2203 726 καὶ
2234 674 2354 734 ταῖς
2385 672 2570 742 χερσὶν
2605 669 2785 723 αὐτῶν
2808 669 3138 733 ἐπιτιθέντες
3167 669 3479 740 λιϐανωτὸν,
3500 668 3680 727 εἷλκον

2111 764 2305 826 αὐτοὺς
2336 763 2427 815 ἐπὶ
2464 762 2553 815 τὸν
2586 762 2766 833 βωμὸν
2790 800 2803 824 ,
2840 763 2932 814 καὶ
2975 762 3072 824 τὰς
3115 765 3298 833 χεῖρας
3329 764 3507 818 αὐτῶν
3552 783 3684 838 κρα.

2111 854 2327 917 τοῦντες
2361 853 2474 924 βίᾳ,
2501 853 2591 906 τὸν
2626 852 2921 906 λιϐανωτὸν
2949 853 3171 923 ἐπέχεον
3199 853 3278 925 τῷ
3309 854 3495 927 βωμῷ,
3523 856 3556 927 ἢ
3589 859 3680 910 καὶ

2113 943 2388 1015 ἄνθρακας
2449 942 2586 1013 μετὰ
2631 942 2926 996 λιϐανωτοῦ
2984 946 3105 1006 ταῖς
3168 943 3447 1015 παλάμαις
3503 946 3681 1001 αὐτῶν

2114 1036 2393 1091 ὲπετίθουν
2417 1080 2430 1103 ,
2474 1037 2560 1089 ἴνα
2603 1035 2676 1107 μὴ
2710 1036 2964 1107 φέροντες
3003 1036 3102 1106 τὴν
3139 1035 3328 1107 ὀδύνην
3358 1036 3456 1107 τὴν
3484 1040 3548 1091 ὲκ
3583 1038 3684 1109 τῆς

2114 1128 2358 1192 καύσεως
2381 1129 2638 1199 ὲπιχέωσι
2670 1127 2753 1181 τὸν
2785 1127 3078 1180 λιϐανωτὸν
3104 1128 3200 1181 σὺν
3225 1131 3334 1191 τοῖς
3362 1128 3584 1200 ἄνθραξι
3605 1131 3684 1201 τῷ

2118 1220 2312 1291 βωμῴ-
2350 1221 2661 1291 κατείχοντο
2694 1220 2803 1291 γὰρ
2837 1222 2965 1290 παρ’
2995 1218 3190 1273 αὐτῶν.
3229 1220 3367 1283 Τοὺς
3409 1221 3686 1287 τοιούτους

2116 1314 2246 1383 φησι
2299 1312 2557 1365 δύνασθαι
2598 1308 2737 1366 εἶναι
2772 1314 2829 1365 ὲν
2853 1313 2917 1381 τῇ
2941 1309 3269 1382 λειτουργίᾳ,
3297 1310 3330 1381 ἢ
3359 1313 3558 1381 μᾶλλον
3589 1314 3687 1368 καὶ

2116 1407 2175 1457 ἐν
2229 1407 2341 1468 τοῖς
2381 1404 2741 1475 όμολογηταῖς
2782 1404 3058 1473 τετάχθαι·
3110 1405 3170 1457 ού
3200 1405 3309 1477 γὰρ
3339 1406 3517 1476 οἰκείᾳ
3550 1423 3687 1477 προ-

2117 1495 2324 1567 αιρέσει
2365 1496 2397 1566 ἢ
2424 1496 2531 1548 τῶν
2561 1495 2802 1549 σπονδῶν
2829 1496 3119 1564 ἐγεύσαντο
3139 1537 3153 1561 ,
3200 1496 3233 1568 ἦ
3274 1498 3364 1551 τὸν
3393 1497 3686 1553 λιϐανωτὸν

2116 1584 2378 1638 ἐπέϐαλον
2406 1584 2483 1654 τῷ
2517 1584 2704 1656 βωμῷ,
2732 1585 2846 1639 ἀλλ’
2877 1587 2909 1657 ἢ
2944 1586 3052 1658 βίᾳ,
3098 1585 3193 1639 τοῦ
3218 1586 3475 1657 λογισμοῦ
3508 1587 3688 1642 αὐτῶν

2116 1681 2181 1748 τῇ
2228 1676 2422 1749 πράξει
2469 1677 2542 1748 μὴ
2588 1678 3136 1750 συγκατατιθεμένου.
3173 1678 3383 1750 Ὥσπερ
3416 1680 3510 1732 καὶ
3537 1680 3586 1732 oi
3617 1682 3684 1750 τῇ

2118 1770 2225 1822 τῶν
2271 1769 2519 1838 βασάνων
2559 1769 2769 1840 ἀνάγκῃ
2818 1769 3222 1841 παραλυθέντες
3266 1770 3355 1822 τὸν
3404 1770 3554 1824 τόνον
3591 1771 3687 1824 τοῦ

439 1875 541 1931 ger
583 1862 851 1930 corporis,
879 1867 939 1914 ut
976 1875 1075 1917 nec
1100 1860 1303 1915 moveri
1333 1875 1434 1914 nec
1475 1861 1619 1931 loqui
1647 1870 1890 1931 possent,
1916 1877 2016 1917 nec

2122 1834 2401 1931 σώματος,
2447 1861 2521 1923 ὡς
2567 1834 2701 1930 μήτε
2734 1834 3019 1931 κινηθῆναι
3043 1859 3319 1923 δύνασθαι,
3359 1861 3493 1931 μήτε
3525 1859 3690 1930 φθέγ-

446 1950 631 2004 vinum
663 1950 988 2005 libationum
1017 1951 1071 2002 in
1094 1963 1189 2002 ora
1224 1950 1467 2019 ipsorum
1494 1966 1592 2020 per
1622 1951 1729 2004 vim
1766 1951 2017 2021 injicien-

437 2042 592 2099 .l.ibus
621 2042 910 2105 obsistere,
943 2042 978 2095 ii
1020 2057 1236 2111 quoque
1270 2042 1447 2095 locum
1480 2041 1621 2095 inter
1670 2042 2017 2097 confe'ssores

442 2132 790 2188 obtinebunt.
826 2131 1057 2188 Disserit
1078 2140 1257 2187 autem
1284 2148 1407 2186 mox
1429 2131 1495 2187 de
1526 2132 1592 2187 iis
1616 2133 1710 2202 qui
1731 2134 2019 2188 conscien-

445 2223 535 2278 tias
558 2223 876 2293 martyrium
904 2231 1189 2294 peragunt,
1244 2239 1307 2277 ac
1329 2239 1423 2279 eos
1448 2239 1664 2294 quoque
1700 2224 1754 2278 in
1803 2224 2020 2281 confes-

445 2329 633 2370 sorum
666 2330 894 2371 numero
927 2316 1089 2370 locat.

1037 2406 1268 2463 CANON
1303 2405 1419 2461 XV.

521 2517 539 2550 ι
572 2497 691 2553 Non
734 2500 1096 2570 reprehendet
1149 2515 1249 2555 nos
1300 2498 1571 2569 quispiam
1599 2537 1614 2562 ,
1671 2506 1920 2570 quartam
1969 2508 2022 2557 et

450 2610 470 2641 ‹
515 2600 724 2646 sextam
754 2592 943 2646 feriam
975 2592 1355 2654 observantes,
1388 2592 1444 2645 in
1474 2591 1674 2661 quibus
1699 2591 1862 2645 nobis
1886 2591 2023 2661 jeju-

450 2702 470 2735 ι
513 2698 645 2738 nare
691 2683 992 2738 secundum
1026 2683 1374 2737 traditionem
1431 2697 1555 2737 cum
1586 2682 1797 2737 ratione
1822 2698 2023 2752 praece-

450 2794 470 2826 ι
506 2781 658 2844 ptum
715 2781 816 2829 est.
874 2773 1135 2840 Quartam
1188 2773 1404 2844 quidem
1463 2782 1684 2845 propter
1749 2774 1944 2828 initum
1993 2790 2023 2829 a

451 2887 469 2920 ι
507 2866 713 2923 Judaeis
748 2868 1043 2923 consilium
1071 2866 1139 2922 de
1178 2867 1489 2937 proditione
1515 2868 1730 2923 Domini
1767 2887 1780 2923 :
1809 2877 2021 2924 sextam

453 2979 471 3011 ι
514 2966 719 3024 autem,
755 2959 899 3029 quod
920 2959 1034 3028 ipse
1061 2974 1159 3029 pro
1181 2959 1338 3014 nobis
1364 2975 1562 3029 passus
1590 2962 1681 3016 sit.
1712 2960 1859 3015 Diem
1875 2961 2020 3015 enim

451 3066 471 3099 ι
517 3046 860 3101 Dominieum
894 3048 1095 3102 laetitia:
1121 3047 1263 3103 diem
1298 3050 1532 3118 agimus,
1566 3051 1709 3120 quod
1744 3051 1798 3104 in
1840 3067 1904 3105 eo
1937 3067 2023 3105 rev

2120 1951 2334 2016 ξασθαι,
2384 1952 2477 2004 καὶ
2505 1952 2819 2022 ἀντιστῆναι
2853 1954 2967 2013 τοῖς
2995 1951 3085 2022 βίᾳ
3121 1954 3199 2014 εἰς
3226 1950 3295 2004 τὰ
3324 1950 3563 2021 στόματα
3589 1953 3690 2005 αὑ-

2117 2041 2224 2093 τῶν
2259 2040 2479 2111 ἐκχέασι
2524 2042 2613 2095 τὸν
2644 2037 2787 2094 οἶνον
2830 2039 2938 2094 τῶν
2980 2041 3254 2104 σπονδῶν,
3300 2043 3538 2095 κάκεῖνοι
3576 2045 3694 2108 τοῖς

2119 2131 2477 2202 όμολογηταῖς
2511 2131 2991 2201 συνταχθήσονται.
3029 2130 3185 2200 Ἑξῆς
3211 2130 3269 2183 δὲ
3296 2131 3422 2201 περὶ
3449 2132 3557 2185 τῶν
3581 2132 3691 2187 δια-

2119 2224 2353 2276 νυόντων
2380 2222 2441 2275 τὸ
2473 2223 2572 2292 τῆς
2605 2221 2957 2293 συνειδήσεως
2990 2222 3287 2293 μαρτύριον
3313 2221 3479 2291 λέγει,
3510 2224 3694 2278 κακεί-

2119 2331 2241 2377 νους
2276 2316 2386 2376 τοῖς
2418 2311 2780 2382 ὁμολογηταίς
2810 2311 3180 2382 συναριθμῶν.

2598 2468 2605 2475 α
2653 2403 2891 2455 ΚΑΝΩΝ
2932 2404 3011 2455 ιε’
3042 2401 3172 2473 (l8).

2198 2517 2215 2549 ε
2262 2499 2376 2551 Οὐκ
2421 2497 2707 2567 ἐγκαλέσει
2749 2514 2832 2560 τις
2875 2498 3005 2567 ἡμῖν
3044 2496 3545 2568 παρατηρουμένοις
3604 2511 3694 2549 τεο

2127 2611 2144 2641 ι
2192 2590 2362 2661 τράδα
2393 2590 2487 2642 καὶ
2522 2591 2894 2660 παρασκευὴν,
2919 2591 2975 2641 ὲν
3004 2584 3089 2650 αἷς
3123 2589 3215 2640 καὶ
3246 2588 3522 2657 νηστεύειν
3557 2590 3691 2659 ἡμῖν

2127 2700 2145 2733 ‹
2192 2682 2331 2736 κατὰ
2366 2682 2662 2752 παράδοσιν
2708 2682 2946 2750 εὐλόγως
2997 2681 3415 2752 προσετέτακτο.
3451 2680 3560 2752 Τὴν
3592 2680 3695 2751 μὲν

2129 2795 2147 2826 ε
2191 2775 2299 2847 γὰρ
2326 2775 2559 2846 τετράδα
2587 2772 2699 2847 (19)
2725 2774 2814 2827 διά
2839 2775 2899 2827 τὸ
2924 2774 3211 2844 γενόμενον
3239 2773 3561 2843 συμϐούλων
3588 2773 3695 2826 ὑπὸ

2128 2885 2147 2916 ι
2192 2865 2301 2917 τῶν
2333 2864 2599 2918 Ἰουδαίων
2630 2865 2723 2918 ἐπὶ
2761 2868 2827 2936 τῇ
2872 2864 3128 2935 προδοσίᾳ
3172 2863 3265 2916 τοῦ
3308 2864 3545 2937 Κυρίου⁹
3593 2862 3694 2933 in:

2129 2976 2147 3008 ι
2191 2956 2249 3009 δὲ
2289 2957 2679 3027 παρασκευὴν.
2727 2956 2808 3008 ὅτι
2849 2956 3012 3018 αὐτὸς
3054 2956 3194 3026 ὑπὲρ
3241 2953 3398 3025 ἡμῶν
3441 2953 3607 3007 ἔπαθε
3624 2953 3691 3006 ⁸⁷.

2131 3066 2147 3096 ι
2195 3045 2477 3116 Κυριακὴν
2512 3045 2569 3098 δὲ
2611 3045 2961 3116 χαρμοσύνης
2992 3044 3204 3115 ἡμέραν
3249 3046 3452 3115 ἄγομεν
3487 3044 3575 3097 διὰ
3602 3042 3695 3095 τὸν

452 3156 472 3189 ι
506 3137 809 3194 surrexerit
843 3156 858 3194 :
885 3139 941 3193 in
972 3153 1080 3209 quo
1110 3154 1208 3193 nec
1229 3154 1404 3210 genua
1430 3141 1649 3210 quidem
1681 3138 1897 3196 ﬂectere
1932 3157 2020 3196 ac—

2133 3156 2150 3187 ‹
2197 3136 2504 3189 ἀναστάντα
2555 3136 2614 3188 ὲν
2657 3136 2829 3207 αὐτῇ,
2882 3138 2940 3189 ὲν
3071 3135 3192 3188 οὐδὲ
3245 3135 3446 3205 γόνατα
3497 3134 3696 3188 κλίνειν

453 3246 473 3282 Ι
510 3242 774 3297 cepimus.
812 3246 831 3279 ι

516 3319 681 3374 ΒΛιε.
729 3317 1146 3387 (Ionsequenter
1182 3320 1522 3390 sexagesimo
1571 3329 1768 3390 quarto
1823 3323 2021 3375 canoni

447 3409 772 3481 apostolico,
796 3409 890 3477 qui
924 3407 1169 3462 decernit
1200 3424 1310 3463 non
1336 3424 1459 3464 esse
1483 3409 1642 3464 nobis
1661 3408 2023 3479 jejunandum

450 3500 728 3567 Sabbatis,
761 3508 959 3572 praeter
1003 3516 1173 3555 unum
1205 3500 1524 3565 Sabbatum,
1583 3517 1840 3572 magnum
1875 3501 2026 3557 scili.

448 3605 564 3665 cet;
599 3604 654 3652 et
692 3596 1035 3666 sexagesimo
1091 3611 1235 3651 nono
1267 3596 1358 3665 qui
1411 3596 1568 3651 valde
1619 3596 1776 3666 punit
1805 3611 1901 3651 eos
1931 3595 2024 3666 qui

447 3703 607 3744 saera
634 3687 1064 3757 Quadragesima
1098 3688 1501 3756 nonjejunaut,
1540 3688 1798 3757 onmique
1830 3696 2025 3758 quarta

446 3789 504 3836 et
536 3787 692 3835 sexta
729 3779 885 3842 feria,
916 3795 1154 3849 praesens
1184 3794 1403 3850 quoque
1436 3780 1703 3835 decernit.

523 3870 730 3926 Zonan.
766 3871 1009 3939 Semper,
1045 3870 1241 3940 inquit,
1295 3879 1487 3939 quarta
1518 3880 1571 3925 et
1602 3878 1754 3927 sexta
1801 3871 2028 3940 cujusli-

453 3964 546 4017 bet
579 3962 935 4016 hebdomade:
966 3960 1100 4017 feria
1128 3962 1488 4032 jejunandum
1530 3981 1542 4016 :
1585 3978 1686 4017 nec
1736 3978 1837 4018 nos
1875 3963 2029 4033 quis—

455 4052 957 4123 quamjejunantes
989 4054 1348 4123 reprehendet
1383 4073 1396 4108 :
1442 4069 1749 4123 causasque
1794 4055 2028 4123 subjun-

454 4143 552 4215 git.
592 4143 871 4198 Dominica
902 4161 1031 4200 vero
1048 4146 1134 4201 die
1167 4161 1277 4200 non
1310 4154 1393 4201 est
1417 4145 1798 4216 jejunandum,
1831 4147 2030 4217 quippe

454 4250 576 4306 quae
609 4235 681 4289 sit
708 4237 889 4307 gaudii
922 4237 992 4292 ob
1040 4236 1254 4293 Domini
1306 4238 1785 4293 resurrectionem.
1846 4238 2031 4308 Neque

455 4342 608 4393 vero,
646 4327 844 4398 inquit,
897 4329 953 4383 in
1010 4345 1071 4385 ea
1105 4345 1279 4400 genua
1332 4329 1475 4384 ﬂecti
1510 4337 1765 4400 oportere
1817 4330 2029 4400 accepi-

460 4428 603 4467 mus.
630 4412 1041 4470 Observandum
1071 4417 1238 4488 igitur
1268 4419 1495 4473 verbum
1529 4419 1683 4484 illud,
1711 4421 2027 4488 accrpimus,

2134 3249 2150 3278 ι
2200 3227 2636 3298 παρειλήφαμεν.
2686 3246 2704 3278 ι

2190 3324 2725 3387 ΒΑΛΣ.Ἀκολούθως
2740 3323 2816 3393 τῷ
2835 3321 2905 3387 ξδ’
2926 3319 3266 3391 ἁποστολικῷ
3282 3318 3485 3383 κανόνι,
3513 3317 3593 3388 τῷ
3617 3319 3697 3371 δι-

2120 3418 2422 3491 οριζομένῳ
2455 3417 2529 3489 μὴ
2547 3415 2828 3487 νηστεύειν
2850 3416 2995 3486 ἡμᾶς
3017 3413 3158 3467 κατά
3178 3413 3243 3465 τὰ
3265 3410 3539 3475 Σάϐϐατα,
3559 3411 3694 3481 πλὴν
3748 3412 3753 3419 ’

2117 3508 2210 3562 τοῦ
2231 3509 2350 3571 ὲνὸς
2370 3506 2532 3577 μόνου
2554 3503 2855 3567 Σαϐϐάτου,
2875 3502 2971 3556 τοῦ
2992 3501 3226 3573 μεγάλου
3256 3500 3476 3572 δηλαδή·
3502 3499 3595 3551 καὶ
3617 3498 3696 3568 τῷ

2121 3602 2193 3665 ξθ⁹
2214 3599 2419 3665 κανόνι,
2435 3596 2511 3667 τῷ
2539 3596 2815 3659 κολάζοντι
2834 3593 3081 3664 μεγάλως
3098 3592 3224 3654 τοὺς
3247 3591 3321 3661 μὴ
3342 3588 3695 3660 νηστεύοντας

2118 3692 2216 3764 τὴν
2254 3690 2414 3760 ἁγίαν
2440 3686 2912 3760 Τεσσαρακοστὴν,
2955 3684 3049 3739 καὶ
3089 3683 3232 3737 κατὰ
3256 3683 3435 3736 πᾶσαν
3466 3680 3696 3753 τετράδα

2122 3783 2215 3839 καὶ
2238 3779 2610 3854 παρασκευὴν,
2638 3779 2731 3832 καὶ
2757 3780 2785 3831 ὁ
2810 3776 2999 3848 παρὼν
3024 3773 3202 3829 κανὼν
3223 3773 3587 3827 διατάττεται.

2198 3870 2443 3925 ΖΩΝΑΡ.
2482 3871 2591 3923 Ἀεί
2653 3887 2786 3941 φησι
2854 3869 2954 3933 τὰς
3002 3867 3265 3940 τετράδας
3291 3865 3504 3929 καὶτὰς
3532 3879 3701 3933 παρα-

2132 3964 2330 4028 σκευὰς
2354 3963 2591 4033 ἑκάστης
2618 3962 2907 4030 ἑϐδομάδος
2939 3959 3218 4030 νηστεύειν
3237 3976 3250 3988 ·
3283 3958 3378 4011 καὶ
3409 3957 3507 4009 οὐκ
3529 3955 3700 4007 αἰτιά-

2132 4056 2284 4109 σεταί
2308 4073 2392 4119 τις
2416 4056 2561 4126 ἡμᾶς
2590 4053 2981 4125 νηστεύοντας’
3017 4052 3112 4106 καὶ
3140 4051 3239 4114 τὰς
3268 4050 3446 4109 αἰτίας
3471 4047 3699 4119 προστί-

2134 4149 2310 4220 θησιν.
2362 4148 2471 4219 Τὴν
2508 4148 2565 4200 δὲ
2608 4146 2891 4218 Κυριακὴν
2925 4143 3207 4215 νηστεύειν
3251 4143 3311 4195 οὐ
3339 4142 3449 4205 δεῖ,
3498 4138 3704 4210 χαρμό-

2134 4259 2288 4296 συνον
2332 4236 2498 4294 οὖσαν
2539 4239 2625 4292 διὰ
2657 4240 2756 4308 τὴν
2798 4238 2890 4290 τοῦ
2943 4238 3150 4306 Κυρίου
3206 4236 3531 4289 ἀνάστασιν·
3575 4231 3702 4285 οὐδὲ

2132 4335 2258 4404 γόνυ
2287 4333 2487 4386 κλίνειν
2516 4333 2572 4384 ἐν
2603 4331 2760 4401 αὐτῇ,
2805 4331 2957 4399 φησὶ,
2993 4326 3424 4399 παρειλήφαμεν.
3456 4322 3703 4394 Σημειω-

2130 4426 2250 4478 τέον
2287 4418 2379 4475 οὖν
2437 4421 2498 4475 τὸ
2543 4420 3013 4489 παρειλήφαμεν,
3066 4418 3159 4471 καὶ
3199 4418 3258 4469 τὸ
3327 4416 3477 4469 κατά
3514 4413 3701 4482 παρά-

456 4509 512 4556 et
541 4504 696 4569 illud,
750 4506 897 4561 nobis
942 4524 1024 4578 ex.
1051 4508 1348 4564 traditione
1390 4520 1709 4581 prwccptum
1741 4520 1839 4565 est.
1893 4512 2020 4564 Nam

2133 4516 2308 4569 δοσιν
2349 4513 2493 4583 ἡμῖν
2538 4511 2989 4581 προστέτακται.
3042 4508 3352 4562 Κὰντεῦθεν
3385 4508 3492 4577 γὰρ
3524 4504 3704 4574 φαίνε-

457 4595 586 4652 hinc
638 4613 856 4668 quoque
894 4610 1121 4671 apparet
1178 4601 1539 4658 inveteratam
1580 4602 2020 4657 consuetudinem

2132 4625 2253 4671 ται,
2291 4608 2371 4659 ὅτι
2402 4606 2463 4659 τὸ
2507 4606 2599 4656 ἐπὶ
2634 4603 2842 4675 μακρὸν
2892 4602 3175 4673 κρατῆσαν
3215 4599 3335 4662 ἔθος
3368 4598 3489 4651 div-cl.
3536 4597 3701 4666 νόμου

457 4702 557 4757 pro
598 4688 720 4759 lege
760 4689 932 4747 fuisse
960 4699 1260 4762 acceptam.
1311 4692 1537 4764 Magnus
1596 4709 1760 4764 porro
1798 4692 2029 4749 Basilius

455 4794 653 4835 causas
687 4796 904 4852 quoque
930 4783 1189 4849 adnectit,
1218 4786 1289 4841 ob
1314 4802 1452 4856 quas
1480 4785 1763 4840 Dominica
1793 4787 1899 4851 die,
1931 4795 2029 4843 eta

456 4867 727 4927 Paschate
762 4874 829 4927 ad
866 4872 1238 4931 Pentecostem
1271 4893 1463 4947 usque,
1495 4892 1670 4950 genua
1694 4875 1911 4933 ﬂectere
1937 4895 2028 4932 ve-

456 4962 617 5017 titum
656 4971 762 5020 est.
793 4964 935 5038 Lege
992 4977 1047 5023 et
1069 4970 1472 5038 sexagesimum
1515 4977 1727 5024 sextum
1765 4971 2028 5038 apostoli-

453 5070 581 5113 cum
607 5072 872 5135 canonem
894 5067 946 5115 et
977 5064 1378 5131 sexagesimum
1410 5077 1635 5115 nonum.

2132 4698 2454 4766 λελόγισται.
2495 4697 2552 4748 Ὀ
2591 4696 2646 4748 δὲ
2699 4694 2872 4766 μέγας
2922 4692 3199 4756 Βασίλειος
3246 4692 3339 4744 καὶ
3384 4689 3481 4751 τὰς
3524 4688 3702 4749 αἰτίας

2135 4790 2472 4862 προστίθησι,
2494 4789 2560 4842 δι’
2586 4787 2652 4851 ἃς
2690 4786 3059 4858 ἀπηγόρευται
3099 4783 3298 4837 κλίνειν
3347 4784 3404 4835 ὲν
3449 4780 3701 4850 Κυριακῇ

2131 4883 2258 4950 γόνυ
2290 4882 2384 4934 καὶ
2429 4881 2534 4934 ἀπὸ
2578 4878 2671 4932 τοῦ
2719 4880 2908 4949 Πάσχα
2956 4876 3115 4947 μέχρι
3163 4873 3261 4945 τῆς
3306 4869 3699 4941 Πεντηκοστῆς.

2142 4973 2440 5041 Ἀνάγνωθι
2472 4973 2565 5027 καὶ
2590 4973 2678 5025 τὸν
2709 4970 2790 5036 Eg"
2821 4967 3176 5025 ἁποστολικὸν
3210 4966 3411 5019 κανόνα
3432 5003 3446 5028 ,
3483 4961 3577 5017 καὶ
3606 4960 3701 5027 ξθ’.

1748 5176 1978 5231 νΑῐὶΙίΕ
2014 5177 2413 5234 LECTIONES.

563 5264 609 5299 ⁸⁷
627 5266 715 5320 διὰ
738 5269 798 5320 τὸ
822 5269 1145 5323 πεπονθέναι
1184 5268 1346 5323 αὐτὸν
1377 5269 1516 5338 ὑπὲρ
1539 5267 1713 5337 ἡμῶν,

525 5378 638 5450 (l8)
674 5381 884 5435 Κανὼν
918 5389 999 5435 ιε’.
1043 5382 1099 5435 In
1130 5396 1231 5435 ms.
1266 5380 1588 5451 regi02058
1624 5380 1919 5451 praeﬁgitur
1947 5379 2035 5451 hic

455 5449 646 5505 titulus
681 5451 807 5505 huic
841 5453 1033 5505 canoni
1067 5472 1079 5506 :
1112 5451 1226 5505 Τοῦ
1261 5449 1447 5507 αὐτοῦ
1480 5452 1548 5504 ἐκ
1582 5449 1688 5504 τοῦ
1718 5453 1903 5519 ,λόγου
1930 5449 2035 5501 τοῦ

455 5523 537 5583 εἰς
574 5520 640 5574 τὸ
670 5521 906 5589 Πάσχα.
952 5523 1254 5576 ΙΙΑῐιοουιΝ.

529 5590 640 5661 (19)
681 5591 927 5663 Τὴνμὲν
949 5595 1055 5663 γὰρ
1081 5608 1230 5658 τετρ.
1256 5591 1561 5647 Cotclerius
1584 5593 1646 5645 ad
1673 5591 1853 5645 Const.
1870 5598 2040 5663 aposl.

459 5662 552 5714 lib.
599 5675 660 5731 tt,
692 5677 813 5730 cap.
860 5662 961 5723 59,
992 5665 1135 5716 hunc
1183 5677 1447 5717 canoncm
1492 5679 1557 5717 ex
1599 5662 1761 5731 regiis
1802 5676 1933 5714 mss.
1969 5662 2038 5731 ita

461 5730 697 5797 complet
724 5746 799 5803 acA
817 5735 1054 5803 restituit
1082 5752 1093 5784 τ
1128 5731 1238 5802 Τὴν
1276 5732 1644 5803 μὲνᾲτετράδα
1668 5730 1764 5784 διὰ
1795 5732 1854 5783 τὸ
1888 5730 2038 5803 γενό-

469 5764 697 5797 ιιυιιιγιῡι
724 5764 787 5783 αν
820 5764 1054 5786 ιῡῦιιιιιιι
1084 5776 1093 5784 Ι
1140 5764 1238 5802 II‘I
1276 5764 1373 5801 μῦῚ
1422 5764 1644 5803 διυμνοηυ.
1677 5764 1764 5784 υἱ*
1806 5764 1854 5783 νυ
1924 5764 2037 5781 ς1υ“

469 5816 626 5856 αενον
659 5799 977 5856 συμϐούλιον
1006 5803 1109 5856 ὑπὸ
1140 5804 1243 5856 τῶν
1278 5801 1543 5856 Ἰουδαίων
1570 5803 1661 5856 ἐπὶ
1687 5802 1750 5870 τῇ
1788 5764 2042 5869 προδοσίᾳ

2099 5415 2113 5428 .
2138 5379 2230 5432 τοῦ
2267 5379 2491 5465 Κυρίουο
2525 5375 2621 5446 τὴν
2666 5375 2720 5426 δὲ
2770 5372 3140 5465 παρασκευῇ),
3182 5370 3356 5465 sese
3389 5369 3713 5423 πεπονθέναι

2185 5452 2196 5463 ο
2247 5451 2258 5465 ι
2429 5449 2442 5465 ι
2533 5448 2545 5465 ρ
2619 5448 2638 5455 ν
2704 5462 2714 5465 -
2773 5446 2828 5465 -3.
2911 5462 2942 5465 __
2970 5462 3012 5465 Α-
3111 5459 3272 5465 ..--..--
3312 5460 3338 5465 -.
3365 5441 3711 5465 --_-.--_.',....‘

2140 5451 2301 5501 αὑτὸν
2351 5441 2489 5518 ὑπὲρ
2523 5441 2715 5518 ἡμὼνῇ
2768 5441 2870 5518 τὴν
2908 5441 3338 5518 γὰρμιζυριακὴν
3365 5441 3711 5518 χαρμοσύνης

2142 5521 2351 5590 ἡμέραν
2385 5502 2586 5590 άγὸμέν
2614 5515 2701 5570 διὰ
2733 5502 2836 5590 rev:
2850 5502 3157 5590 ἀναστάντα
3184 5515 3241 5565 ὲν
3262 5502 3419 5590 αύτῇ¹
3442 5502 3570 5590 ἕνῇ
3594 5502 3712 5563 οὐδὲ

2144 5580 2345 5657 γόνατα
2380 5580 2577 5640 κλίνέιν
2617 5585 3045 5657 παρειλήφαμεν.
3084 5586 3261 5657 Atque
3304 5580 3618 5657 ita’pariler
3647 5595 3711 5657 ex

2149 5631 2572 5730 inibit?)
2597 5631 2784 5712 codice
2824 5631 2967 5709 ἐῆὅὲ
2989 5662 3043 5709 et
3077 5631 3197 5709 alii's
3231 5631 3717 5720 locum‘supplcvit

2150 5730 2478 5786 llartluinus.
