4132 6490
402 404 510 465 509
1771 407 2207 469 FRAGMENTA.
3372 406 3379 411 ‘
3534 414 3641 494 διο

1614 729 1753 843 ε.
1831 731 2399 842 PETRI

1150 945 1539 1008 EPISTOLA
1580 946 1686 1006 AD
1715 945 2163 1008 ECCLESIAM
2199 943 2871 1007 ALEXANDRINAM.

1818 1108 1913 1164 (Ex
1936 1106 2228 1171 Gallandio.)

470 1390 666 1447 Petrus
703 1392 759 1446 in
792 1391 894 1449 lide
932 1392 1026 1448 Dei
1055 1392 1312 1448 stabilitis
1338 1392 1554 1449 dilectis
1593 1392 1859 1449 fratribus
1903 1394 1960 1448 in
2046 1394 2250 1465 quibus
2293 1397 2622 1466 permissum
2657 1404 2776 1452 erat
2803 1404 3022 1468 egentes
3047 1396 3271 1453 visitare
3294 1437 3309 1462 ,
3342 1406 3633 1454 conaretur

394 1483 624 1539 Domino
667 1485 917 1540 salutem.
955 1484 1223 1550 Quoniam
1252 1484 1481 1555 cognovi
1517 1483 1789 1539 Mcletium
1818 1485 1954 1539 nihil
2058 1501 2342 1556 separare;
2376 1494 2430 1542 et
2452 1488 2713 1543 indicium
2739 1504 2853 1545 suae
2876 1488 3193 1562 cupiditatis
3214 1490 3270 1544 in
3300 1490 3628 1562 principatu,

394 1590 492 1644 per
521 1574 811 1629 utilitatem
840 1573 951 1644 (20)
986 1574 1095 1644 (cui
1144 1591 1245 1630 nec
1277 1575 1720 1630 beatissimorum
1745 1577 1959 1646 episco-
2058 1579 2322 1648 quosdam
2375 1580 2479 1635 sibi
2538 1581 2825 1637 ordinasse
2881 1583 2937 1637 in
2983 1597 3249 1637 carcere:
3290 1583 3451 1637 modo
3496 1582 3637 1636 illud"

392 1680 588 1737 porum
621 1680 684 1720 ac
713 1673 1012 1738 martyrum
1038 1667 1267 1737 epistola
1304 1666 1554 1739 placuit),
1590 1667 1685 1723 sed
1736 1667 1958 1738 insuper
2058 1671 2379 1738 observate,
2421 1688 2488 1728 ne
2526 1673 2575 1727 ei
2618 1675 3068 1738 communicetis,
3127 1674 3301 1729 donec
3338 1688 3625 1729 occurram

393 1755 701 1827 ingressum
732 1764 973 1813 nostram
1005 1758 1321 1828 parceciam,
1346 1766 1553 1813 tantum
1589 1758 1692 1813 sibi
1714 1773 1961 1829 assump—
2061 1762 2137 1817 illi
2174 1777 2297 1817 cum
2332 1763 2673 1832 sapientibus
2694 1767 2850 1830 Viris,
2873 1772 2929 1821 et
2956 1765 3167 1821 videam
3198 1782 3320 1837 quae
3348 1776 3475 1821 sunt
3501 1780 3629 1837 quae

393 1847 554 1912 sisse,
588 1855 647 1901 ut
677 1847 838 1902 etiam
888 1863 953 1901 cx
994 1862 1112 1902 mea
1139 1847 1467 1903 auctoritate
1490 1849 1837 1919 presbyteros
1858 1892 1872 1916 ,
1904 1857 1959 1905 et
2063 1852 2339 1923 cogitavit.
2367 1852 2573 1910 Valete.

1706 2164 2301 2280 ΠΕΤΡΟΥ

968 2373 1105 2427 ΤΟΥ
1133 2373 1518 2429 ΔΓΙΩΤΑΤΟΥ
1556 2375 1951 2429 ΕΠΙΣΚΟΠΟΥ
1980 2375 2494 2432 ΔΛΕΞΛΝΔΡΕῘΑΣ
2527 2380 2646 2433 ΚΑΙ
2682 2379 3052 2436 ΜΔΡἸὙΡΟΣ

1903 2530 1996 2583 Ἐκ
2024 2531 2116 2584 τοῦ

1298 2696 1548 2781 ΠΕΡΙ
1621 2694 2213 2783 ΘΕΟΤΗΤΟΣ
2287 2699 2722 2788 ΒΙΒΛΙΟΥ

663 2968 1017 3059 PETRI
1097 2966 1841 3059 SANCTISSIMI
1916 2970 2730 3060 ALEXANDBUE
2810 2969 3363 3064 EPISCOPI

784 3146 788 3150 “
1693 3163 1796 3223 ΕΤ
1856 3162 2274 3223 MARTYRIS

1176 3327 1367 3440 EX
1440 3328 1860 3441 LIBRO
1936 3329 2116 3440 DE
2208 3329 2832 3443 DEITATE

391 3546 695 3612 (lnterprete
716 3547 866 3598 Mario
889 3547 1160 3598 Mercatore
1186 3546 1380 3611 (21).—-
1399 3547 1475 3598 Ex
1497 3546 2023 3670 actisiilgteiséb

1993 3548 2418 3671 asciuit?)me
2441 3545 2643 3671 )Concil.,
2663 3562 2711 3611 p.
2739 3547 2856 3598 1051
2884 3549 2965 3599 ed.
2992 3548 3169 3599 Venet.
3190 3549 3327 3611 1728,
3349 3555 3403 3601 et
3423 3555 3516 3602 act.
3544 3562 3624 3612 va,

472 3875 686 3947 Ἐπειδὴ
714 3875 808 3928 καὶ
829 3874 1042 3946 ἀληθῶς
1072 3874 1099 3945 ἡ
1131 3879 1286 3945 χάρις
1312 3877 1406 3927 καὶ
1431 3876 1464 3946 ἡ
1491 3873 1712 3944 ἀλήθεια
1735 3876 1821 3929 διὰ
1852 3878 1955 3946 Ἰη-
1985 3882 2028 3939 Α

1993 3882 2028 3939 Α
2125 3873 2392 3941 Quoniam
2432 3877 2577 3928 certe
2614 3871 2786 3941 gratia
2814 3878 2868 3925 et
2895 3868 3098 3925 veritas
3138 3885 3233 3940 per
3257 3868 3442 3925 Jesum
3467 3869 3625 3926 Ciui-

393 3971 486 4025 σοῦ
512 3966 746 4042 Χριστοῦ
767 3967 981 4036 ἐγένετο
1001 3984 1013 3996 ·
1045 3966 1164 4020 ὅθεν
1184 3967 1276 4019 καὶ
1295 3965 1474 4038 χάριτὶ
1496 3968 1660 4037 ἐσμεν
1683 3968 1956 4039 σεσωσμέ-

2063 3974 2205 4021 stum
2265 3964 2406 4018 facta
2438 3965 2572 4018 est1
2620 3981 2632 4017 :
2688 3962 2832 4016 unde
2883 3969 2936 4016 et
2964 3962 3138 4031 gratia
3176 3978 3365 4017 sumus
3411 3963 3625 4027 salvati,

389 4077 489 4123 νοι,
526 4056 665 4111 κατὰ
695 4056 756 4110 τὸ
791 4054 1140 4115 ἀποστολικὺν
1173 4055 1363 4126 ῥητόνο
1398 4054 1508 4108 Καὶ
1541 4056 1735 4117 τοῦτο.
1771 4058 1954 4129 φησὶν,

2057 4058 2211 4127 juxta
2247 4055 2605 4126 apostolicum
2660 4053 2863 4109 dictum
2892 4055 2913 4085 ¹
2951 4071 2965 4108 :
3016 4052 3083 4106 Et
3115 4055 3232 4115 hoc,
3276 4054 3472 4123 inquit,
3516 4071 3621 4108 non

389 4154 498 4205 οὐκ
528 4149 597 4215 ἐξ
623 4148 815 4219 ὑμῶν’
855 4148 1001 4202 Θεοῦ
1035 4147 1100 4200 τὸ
1133 4146 1324 4215 δῶρον
1349 4146 1479 4220 (22)·
1517 4151 1626 4202 οὐκ
1654 4148 1722 4214 ἐξ
1748 4149 1953 4219 ἔργων,

2061 4165 2124 4203 ea:
2152 4148 2314 4211 vobis,
2336 4164 2496 4218 neque
2526 4162 2589 4201 ex
2618 4145 2877 4215 operibus,
2921 4162 2984 4199 ne
3040 4147 3158 4214 quis
3208 4145 3477 4215 glorietur.
3516 4144 3621 4201 Vo-

390 4242 490 4297 ῖνα
515 4241 601 4313 μή
635 4260 723 4307 τις
758 4239 1151 4308 καυχήσηταιι
1190 4239 1452 4310 θελήματι
1479 4239 1611 4292 Θεοῦ
1647 4240 1756 4311 (25)
1799 4243 1828 4293 ό
1858 4241 1957 4292 A6-

2064 4241 2270 4294 luntate
2300 4237 2534 4294 Verbum
2571 4253 2699 4292 caro
2731 4236 2929 4291 factum
2956 4236 3105 4297 est”,
3135 4242 3189 4289 et
3218 4236 3405 4290 habitu
3432 4236 3622 4290 inveno

390 4347 485 4400 γος
513 4329 646 4404 σὰρξ
668 4330 975 4401 γενόμενος,
1008 4329 1102 4383 καὶ
1131 4330 1367 4400 σχήματι
1397 4329 1638 4400 εὑρεθεὶς
1656 4329 1731 4394 ὡς
1750 4328 1957 4402 ἄνθρω-

2062 4339 2174 4387 tum
2200 4338 2257 4384 ut
2282 4330 2444 4383 homo
2472 4328 2514 4383 ⁸.
2547 4326 2665 4382 Νοη
2696 4334 2779 4382 est
2806 4335 3027 4382 tamena
3046 4327 3246 4381 deitate
3275 4325 3617 4384 destitutum.

388 4443 508 4489 πος,
540 4425 600 4478 οὐ
628 4423 948 4494 κατελείφθη
984 4422 1095 4493 (24)
1128 4423 1225 4493 τῆς
1263 4422 1530 4494 θεότητος.
1570 4423 1704 4483 Οὐδὲ
1731 4423 1839 4495 γὰρ
1870 4424 1955 4477 ἵνα

2061 4422 2245 4492 Neque
2279 4420 2423 4475 enim
2460 4427 2518 4473 ut
2572 4434 2603 4472 a
2642 4433 2740 4473 sua
2770 4419 2939 4487 gloria
2987 4426 3039 4473 et
3071 4417 3272 4471 virtute
3311 4417 3618 4480 desisteret,

388 4517 484 4587 τῆς
529 4516 807 4586 δύναμεως
860 4513 1023 4567 αὐτοῦ
1078 4513 1111 4583 ἢ
1163 4513 1318 4583 δόξης
1345 4514 1525 4566 τέλεον
1550 4514 1780 4585 ἀποστῇ,
1818 4533 1959 4568 πτω-

2062 4529 2186 4567 cum
2239 4520 2383 4568 esset
2440 4511 2614 4575 dives,
2674 4525 2880 4580 pauper
2907 4515 2990 4564 est
3044 4508 3295 4576 factus“;
3351 4509 3447 4564 sed
3481 4517 3616 4564 etut

388 4607 585 4677 χεύσας
611 4605 862 4668 πλούσιος
886 4602 980 4668 ὢν,
1005 4603 1161 4656 τοῦτο
1184 4604 1426 4671 ἐγένετο·
1457 4603 1592 4656 ἀλλὰ
1631 4604 1718 4658 ἵνα
1746 4604 1837 4657 καὶ
1864 4604 1954 4658 τὸν

2064 4611 2293 4660 mortem
2323 4619 2421 4674 pro
2452 4604 2614 4659 nobis
2646 4601 3025 4673 peccatoribus
3055 4601 3169 4672 ipse
3191 4600 3614 4671 sustineret,ju«

388 4696 614 4755 θάνατον
644 4695 782 4766 ὑπὲρ
813 4693 968 4764 ἡμῶν
994 4691 1100 4745 τῶν
1129 4692 1467 4762 ἁμαρτωλῶν
1506 4692 1844 4765 ἀναδέξηται,
1878 4693 1957 4746 δί-

2059 4702 2178 4751 stus
2206 4711 2304 4765 pro
2336 4696 2574 4765 injustis,
2599 4704 2653 4750 et
2682 4704 2741 4750 ut
2779 4711 2880 4750 nos
2939 4694 3156 4749 oﬂ‘erret
3208 4694 3340 4757 Deo,
3375 4702 3620 4749 mortuus

389 4805 540 4852 καιος
568 4788 710 4858 ὑπὲρ
734 4785 953 4849 ἀδίκων,
988 4782 1136 4846 ὅπως
1166 4784 1313 4854 ἡμᾶς
1345 4784 1670 4856 προσαγάγῃ
1711 4784 1790 4855 τῷ
1817 4784 1955 4855 Θεῷ,

2059 4784 2278 4856 quidem
2311 4800 2496 4850 carne,
2537 4787 2839 4842 viviﬁcatus
2878 4792 3057 4839 autem
3089 4784 3285 4853 spiritu
3315 4782 3356 4836 °.
3401 4780 3463 4835 Et
3503 4791 3620 4850 post

388 4873 715 4937 θανατωθεὶς
743 4872 839 4943 μὲν
866 4868 1048 4941 σαρκὶ,
1077 4869 1427 4940 ζωοποιηθεὶς
1449 4871 1505 4923 δὲ
1534 4874 1819 4943 πνεύματι.
1848 4875 1958 4930 Καὶ

2061 4877 2171 4930 alia
2195 4875 2379 4931 :Unde
2404 4884 2457 4932 et
2479 4878 2807 4948 evangelista
2835 4878 3033 4934 asserit
3063 4875 3346 4930 veritatem
3384 4874 3572 4929 dicens
3602 4894 3615 4930 :

383 4967 511 5036 μεθ’
540 4963 900 5035 ἕτερα-Ὅθεν
937 4962 1033 5015 καὶ
1077 4962 1106 5013 ὁ
1152 4962 1544 5034 εὐαγγελιστὴς
1588 4964 1840 5036 ἀληθεύει
1871 4965 1960 5018 λέ-

2070 4964 2294 5020 Verbum
2328 4984 2451 5021 caro
2510 4969 2710 5036 factum
2752 4976 2850 5031 est,
2907 4978 2958 5020 et
2990 4964 3244 5020 habitavit
3297 4966 3352 5018 in
3402 4963 3549 5017 nobis
3574 4965 3616 5016 ".

377 5068 511 5121 γωνο
585 5059 638 5111 '0
674 5058 862 5127 Λόγος
901 5053 1056 5123 σὰρξ
1092 5053 1348 5124 ἐγένετο,
1383 5054 1481 5107 καὶ
1506 5055 1857 5121 ἐσκήνωσεν
1892 5057 1963 5110 ἐν

2067 5056 2285 5113 Scilicet
2314 5075 2380 5114 ex
2412 5075 2520 5130 quo
2543 5061 2767 5130 angelus
2794 5058 3072 5130 Virginem
3100 5057 3377 5120 salutavit,
3396 5055 3616 5112 dicens:

458 5213 476 5245 ¹
498 5211 661 5267 Joan.
694 5228 731 5266 ι.
764 5211 849 5265 Π.
880 5210 889 5219 ’
958 5213 979 5242 ²
1003 5209 1192 5280 Eplies.
1225 5222 1286 5271 II,
1321 5209 1376 5277 8,
1404 5209 1457 5263 9.
1507 5157 1529 5212 ἡ
1560 5210 1763 5266 διιοπη.
1799 5226 1836 5273 ι,
1872 5212 1956 5269 Η.

384 5287 406 5319 ⁷
433 5281 595 5337 Joan.
629 5298 666 5337 ι.
698 5282 781 5335 14.

2031 5213 2299 5283 ‘Philipp.
2333 5230 2393 5280 ιι,
2423 5215 2473 5270 7.
2549 5208 2648 5265 llII
2665 5209 2917 5277 Comm,
2946 5214 2998 5271 9.
3143 5212 3165 5241 ‘
3208 5210 3229 5244 ’
3270 5210 3406 5264 Pelr.
3437 5225 3498 5275 ιι,
3532 5209 3620 5265 18.

474 5300 595 5339 οαη.
629 5298 666 5346 ι,
698 5298 781 5335 ιο.

457 5396 567 5469 (29)
597 5394 909 5469 Qtilitatem.
940 5395 1319 5469 Suppl.agere.
1380 5464 1427 5469 η
2024 5395 2286 5469 .fortasse
2316 5396 2542 5469 deerant
2573 5398 2628 5452 in
2651 5414 2750 5453 suo
2771 5397 3086 5469 exemplari,
3117 5404 3178 5451 ut
3199 5395 3523 5466 conjicimus
3551 5412 3620 5452 ex

459 5464 573 5534 (21)
610 5466 731 5520 Haec
772 5464 1143 5535 interpretatio
1193 5464 1729 5520 MannrMsncnoms
1772 5473 1949 5520 exstat
2049 5466 2168 5535 ejus
2197 5467 2466 5521 versione.

386 5553 512 5609 pag.
545 5536 667 5616 17$,
696 5536 826 5616 edit.
854 5534 1037 5618 Iialuz.
1061 5537 1282 5618 integer
1311 5536 1614 5618 autem'hio
1635 5537 1786 5590 locus
1809 5538 1943 5589 reci-

2082 5534 2231 5618 19.5)
2266 5536 2556 5618 θελήματι
2580 5539 2657 5618 .9.-
2682 5537 3187 5618 ιξέπειέεειυοηιὲεξ
3222 5534 3456 5618 (Ξςξιδίυε
3491 5535 3617 5618 ML"

349 5650 353 5653 .
386 5603 532 5661 tatur
575 5607 734 5661 etiam
770 5606 823 5657 in
861 5604 1029 5658 Couc.
1057 5603 1245 5659 Chalc.
1280 5613 1394 5675 act.
1426 5621 1461 5658 I.
1498 5603 1691 5659 Latine
1736 5615 1943 5658 tantum
2047 5614 2182 5663 strat
2213 5603 2267 5659 in
2296 5603 2494 5660 Annot.
2527 5607 2594 5663 ad
2618 5605 2680 5660 Ο.
2717 5606 2850 5659 Bulli
2877 5603 3083 5675 Defens.
3114 5606 3207 5675 ﬁd.
3241 5605 3362 5660 Nic.
3394 5622 3447 5675 p.
3488 5604 3609 5675 172.

386 5694 452 5732 ex
483 5677 587 5747 alia
615 5683 795 5747 vetere
818 5675 1088 5747 versione,
1104 5683 1253 5747 _t_om.
1283 5673 1369 5738 IV,
1402 5689 1456 5747 p_.
1492 5675 1645 5729 “58.
1715 5744 1743 5747 _
1831 5743 1861 5747 Α

2118 5676 2347 5747 (24)01)
2392 5677 2763 5745 κατελείφθη.
2822 5679 2877 5730 In
2930 5673 3030 5730 ms.
3087 5673 3459 5747 Seguieriauo.
3510 5674 3618 5732 οὐκ

457 5746 569 5818 (22)
601 5743 747 5818 8301:)
770 5742 835 5797 τὸ
862 5743 1068 5812 δῶρον.
1102 5743 1225 5798 Haec
1267 5742 1490 5818 sanein
1533 5751 1680 5798 textu
1715 5743 1941 5818 P_au_lino
2045 5748 2089 5801 ἀί

730 5742 835 5818 in)
862 5743 1068 5812 δῶρον.
1102 5743 1225 5798 Haec
1267 5742 1490 5818 sanein
1533 5751 1680 5798 textu
1715 5743 1941 5818 P_au_lino
2045 5742 2362 5818 ἀπελείφθη.

393 5815 577 5884 Ephes.
619 5830 679 5882 ιι,
712 5813 765 5880 8,
799 5828 918 5884 quae
961 5821 1140 5870 tamen
1183 5814 1363 5869 omisit
1407 5815 1689 5884 interpres.
1736 5813 1839 5868 Sed
1877 5829 1940 5867 ca
