4132 6482
491 414 592 470 5”
1561 407 1618 464 S.
1660 407 1865 464 PETRI
1903 408 2370 464 ALEXANDRINI
2411 408 2720 464 EPISCOPI
3637 414 3739 469 δη

492 539 620 602 Ave,
653 533 826 606 gratia
853 531 1028 600 plena,
1051 529 1310 584 Dominus
1345 538 1512 582 tecum
1543 528 1585 583 ⁸.
1609 525 1865 580 Dominus
1891 536 2068 582 autem
2100 530 2124 584 Α

2114 530 2141 584 Α
2173 522 2316 592 ἡμῖν
2334 540 2347 553 ·
2385 523 2506 576 τότε
2532 521 2596 593 δὴ
2629 523 2748 576 τότε
2781 520 2914 592 (245),
2947 521 3039 591 ἀφ’
3067 515 3127 575 οὗ
3155 523 3184 575 ὁ
3211 521 3440 592 ἅγγελος
3465 523 3746 594 ἠσπάσατο

495 637 684 689 tecum,
715 623 855 678 dixit
877 620 1118 684 Gabriel,
1156 635 1255 689 pro
1277 635 1342 674 eo
1373 617 1518 688 quod
1550 627 1632 672 est
1660 615 1800 671 Deus
1844 615 2068 670 Verbum

2175 617 2272 688 τὴν
2305 614 2578 687 Παρθένον
2616 613 2783 668 είπὼν
2820 613 2928 685 (27)
2951 632 2962 642 ·
3014 613 3188 682 Χαῖρε
3228 615 3687 686 κεχαριτωμένη,
3715 622 3749 674 ό

495 727 686 771 tecum.
719 713 1068 769 Demonstrat
1125 711 1272 765 enim
1299 709 1355 764 id
1385 709 1538 764 nasci
1579 709 1634 764 in
1665 709 1826 762 vulva
1857 715 1912 762 et
1941 722 2070 763 car-

2175 710 2391 777 Κύριος
2422 707 2572 777 μετὰ
2599 706 2736 760 σοῦ.
2762 706 2834 759 Τὸ
2861 707 2988 777 γὰρ,
3025 709 3058 760 ὁ
3087 707 3301 774 Κύριος
3322 706 3470 776 μετὰ
3495 708 3633 774 σοῦ,
3656 708 3749 764 νῦν

493 821 617 863 nem
647 802 915 867 futurum,
943 803 1099 872 juxta
1129 801 1275 872 quod
1327 800 1591 869 scriptum
1619 811 1703 852 εει
1731 797 1751 828 ⁹
1783 815 1796 851 :
1840 794 2068 865 Spiritus

2177 805 2322 856 ἐστιν
2353 801 2581 856 ἀκοῦσαι
2612 799 2704 855 τοῦ
2738 801 2996 873 Γαϐριὴλ,
3027 801 3144 854 ἀντὶ
3176 801 3290 866 τοῦ,
3309 803 3360 855 '0
3385 803 3527 870 Θεὸς
3561 803 3751 872 Λόγος

493 906 711 952 sanctus
746 896 1069 964 superveniet
1099 896 1154 948 in
1189 903 1254 955 te,
1287 902 1338 947 et
1368 895 1534 947 uirtus
1577 891 1844 945 Altissimi
1889 891 2072 943 obum-

2171 895 2322 965 μετά
2368 895 2505 951 σοῦ.
2561 894 2822 965 Σημαίνει
2867 893 2976 966 γὰρ
3019 895 3200 960 αὑτὸν,
3233 895 3518 967 γενόμενον
3549 897 3660 968 (9.8)
3693 897 3750 951 ὲν

496 984 668 1042 brabit
702 987 799 1040 tibi
825 1002 843 1038 :
868 986 1082 1055 ideoque
1118 986 1255 1054 quod
1287 992 1532 1038 nascetur
1576 993 1837 1042 sanctum,
1865 981 2074 1034 uocabi-

2183 989 2386 1058 μήτρᾳ,
2439 987 2532 1040 καὶ
2584 986 2760 1058 σάρκα
2809 988 3121 1056 γενόμενον,
3175 986 3357 1050 καθὼς
3399 987 3791 1058 γέγραπταιο.

497 1087 584 1132 tur
605 1075 778 1132 Filius
812 1077 923 1132 Dei.
955 1076 1017 1130 Et
1039 1093 1195 1144 porro
1217 1084 1333 1145 post
1381 1076 1492 1129 alia
1515 1091 1533 1128 .·
1553 1075 1695 1130 Deus
1725 1082 1904 1129 autem
1941 1073 2073 1128 Ver—

2177 1078 2420 1148 Πνεῦμα
2463 1078 2631 1148 ἅγιον
2663 1079 3053 1132 ἐπελεύσεται
3098 1079 3196 1132 ἐπὶ
3239 1078 3334 1142 σὲ,
3365 1080 3461 1132 καί
3502 1079 3753 1150 δύναμις

498 1170 650 1236 bum,
675 1170 794 1225 viro
818 1171 1062 1235 absente,
1111 1171 1392 1225 voluntate
1423 1167 1522 1237 Dei
1552 1169 1646 1238 qui
1696 1169 1878 1223 omnia
1910 1167 2070 1223 facile

2190 1172 2470 1239 Ὑψίστου
2503 1164 2839 1222 ἐπιό-κιάσει
2868 1185 2996 1222 σοι·
3030 1168 3122 1222 διὸ
3163 1170 3258 1222 καί
3288 1169 3352 1222 τὸ
3380 1170 3751 1238 γεννώμενον

498 1271 781 1332 operatur,
841 1261 1047 1317 factum
1091 1271 1177 1318 est
1235 1264 1287 1315 in
1317 1261 1476 1315 vulva
1528 1261 1759 1332 virginis
1780 1275 1928 1324 caro,
1962 1277 2070 1314 non

2178 1263 2367 1334 ἅγιον,
2401 1261 2766 1329 κληθήσεται
2794 1261 2924 1327 Υἱὸς
2941 1261 3105 1316 Θεοῦ.
3138 1263 3246 1316 Καὶ
3275 1261 3460 1315 πάλιν
3480 1265 3608 1331 μεθ’
3630 1262 3752 1317 ἓτε-

498 1369 664 1424 egens
689 1355 788 1408 viri
815 1354 1132 1425 operatione
1162 1362 1255 1407 aut
1307 1353 1615 1424 praesentia.
1676 1351 1806 1407 Viro
1829 1353 1971 1407 enim
1999 1352 2076 1408 ef-

2171 1356 2346 1423 pa°'0
2379 1355 2436 1409 δὲ
2467 1354 2598 1418 Θεὸς
2626 1354 2794 1423 Λόγος
2814 1354 2964 1424 παρὰ
2997 1354 3093 1425 τὴν
3118 1354 3306 1426 ἀνδρὸς
3336 1355 3619 1418 ἀπουσίαν,
3649 1371 3749 1408 κα-

497 1445 724 1501 ﬁcacior
753 1445 855 1499 fuit
910 1445 1004 1501 Dei
1033 1447 1211 1501 virtus
1245 1447 1570 1501 inumbrans
1622 1445 1840 1516 virgini,
1881 1459 2073 1515 super-

2179 1444 2248 1497 τὰ
2293 1443 2544 1515 βούλησιν
2592 1442 2686 1496 τοῦ
2733 1444 2913 1497 πάντα
2961 1443 3258 1514 δυναμένου
3312 1445 3754 1517 κατεργάσασθαι

499 1537 752 1592 veniente
789 1538 953 1592 etiam
982 1539 1143 1593 simul
1177 1537 1383 1608 Spiritu
1409 1547 1623 1593 sancto.

2179 1538 2336 1602 Θεοῦ,
2371 1537 2592 1607 γέγονεν
2637 1539 2693 1589 ἐν
2729 1538 2912 1609 μήτρᾳ
2956 1538 3056 1608 τῆς
3101 1537 3376 1610 Παρθένου
3423 1536 3578 1609 σὰρξ,
3617 1537 3755 1608 μήτε

500 1627 713 1698 δεηθεὶς
762 1628 862 1697 τῆς
906 1628 1099 1702 ἀνδρὸς
1127 1629 1464 1700 ἐνεργείαςῆ
1501 1628 2252 1701 παρουσίας.Ἐνεργέστερον
2296 1629 2402 1701 γὰρ
2442 1629 2534 1683 τοῦ
2572 1627 2764 1701 ἀνδρὸς
2789 1629 3103 1701 ἐνεποίησεν
3166 1632 3200 1701 ὴ
3247 1629 3339 1684 τοῦ
3394 1628 3531 1686 Θεοῦ
3596 1627 3756 1683 δύνα-

505 1736 618 1791 μις,
653 1719 1018 1773 ἐπισκιάσασα
1069 1722 1134 1791 τῇ
1193 1720 1453 1792 Παρθένῳ
1496 1721 1593 1773 σὺν
1637 1718 1714 1789 τῷ
1743 1718 2090 1790 ὲπεληλυθότι
2123 1720 2260 1790 ἁγίῳ
2291 1719 2585 1790 Πνεῦματι.

509 1876 936 1889 ___

1183 2007 1245 2065 S.
1278 2005 1515 2066 PETRI
1561 2002 1919 2064 EPISCOPI
1959 2002 2512 2063 ALEXANDRUE
2546 2004 2646 2064 ET
2679 2003 3098 2066 MARTYRIS

1393 2170 1486 2229 Ex
1518 2166 1783 2231 homilia
1812 2168 1904 2230 De
1940 2167 2226 2229 adventu
2255 2167 2598 2232 Salvatoris
2634 2169 2860 2233 nostri.

631 2448 796 2512 (Apud
819 2449 1080 2498 Leontium
1108 2448 1441 2508 Byzantinum,
1477 2445 1560 2494 lib.
1592 2458 1605 2490 I
1629 2452 1796 2495 contra
1814 2449 2005 2495 Nestor.
2035 2455 2081 2496 et
2107 2448 2328 2515 Eutych,
2355 2459 2472 2501 tom.
2505 2452 2523 2500 l
2570 2451 2714 2503 Thes.
2741 2452 2925 2513 Canis.,
2945 2467 3053 2518 pag.
3083 2453 3193 2506 550.
3215 2479 3275 2490 -
3297 2453 3370 2504 Ex
3395 2451 3640 2517 Gslland.)

579 2553 656 2626 (Ι)
701 2554 765 2609 Ει
795 2553 947 2608 Judze
984 2553 1120 2609 dixit
1151 2555 1191 2587 ιο
1228 2574 1240 2609 :
1283 2552 1478 2610 Oscula
1533 2551 1734 2607 Filium
1783 2549 1880 2605 DEI
1920 2555 2130 2612 tradis?
2181 2557 2305 2614 llaec
2333 2568 2387 2616 et
2417 2560 2503 2615 his
2552 2559 2788 2625 similia,
2837 2569 2893 2618 et
2932 2565 3086 2634 signa
3139 2562 3321 2618 omnia
3360 2577 3480 2633 quae
3528 2559 3653 2616 fecit
3704 2569 3762 2617 et

508 2651 740 2706 virtutes
763 2649 1140 2704 demonstrant
1168 2662 1290 2702 esse
1313 2663 1438 2702 eum
1473 2645 1641 2702 Deum
1706 2645 1910 2701 factum
1964 2647 2259 2706 hominem.
2307 2650 2548 2726 Utraque
2576 2655 2758 2728 itaque
2812 2656 3293 2721 demonstrantur,
3359 2662 3415 2710 et
3464 2652 3612 2726 quod
3645 2663 3766 2708 erat

511 2744 655 2802 Deus
687 2752 903 2809 natura,
933 2751 986 2797 et
1021 2741 1164 2812 quod
1198 2739 1299 2794 fuit
1323 2741 1485 2796 homo
1514 2747 1732 2796 natura.

647 3108 922 3162 ΠΕΤΡΟΥ
961 3110 1333 3164 ΜΑΡΤΥΡΟΣ
1368 3110 1559 3163 ΠΑΠΑ
1580 3108 2096 3165 ΑΛΕΞΑΝΔΡΕΙΔΣ
2122 3109 2214 3163 ΕΚ
2237 3111 2373 3164 ΤΟΥ
2396 3110 2554 3163 ΠΕΡΙ
2589 3108 2725 3162 ΤΗΣ
2758 3108 3136 3163 ΕΠΙΔΗΜΙΑΣ
3173 3108 3308 3162 ΤΟΥ
3347 3107 3658 3163 ΧΡΙΣΤΟΥ.

941 3268 1033 3332 (Ex
1064 3266 1241 3318 Leonti
1269 3269 1734 3330 llierosolymitano,
1784 3273 1958 3322 Contra
1986 3266 2363 3332 Monophysitas.
2397 3283 2474 3330 ap.
2506 3267 2618 3328 MM,
2645 3265 2829 3331 Script.
2857 3272 2948 3317 vet.
2976 3273 3011 3316 t.
3047 3265 3149 3327 Vll,
3177 3279 3225 3328 p.
3255 3264 3362 3314 13‘.

578 3399 653 3456 Τδ
679 3401 1088 3474 συναμφότερον
1126 3403 1302 3456 τοίνυν
1341 3403 1634 3466 δείκνυται,
1657 3406 1738 3458 ὃτι
1778 3404 1910 3468 Θεὸς
1946 3399 2015 3474 ἦν
2039 3401 2218 3471 φύσει,
2247 3403 2338 3458 καὶ
2366 3403 2586 3471 γέγονεν
2626 3401 2910 3474 ἄνθρωπος
2950 3403 3128 3472 φύσει.

523 3596 3762 3626 Mm

1103 3720 1550 3807 ΠΕΤΡΟΥ
1614 3720 2285 3808 ΕΠΙΣΚΟΠΟΥ
2349 3713 3178 3810 ΑΛΕΞΑΝΔΡΕΙΑΣ

1869 3902 1993 3956 ΚΑΙ
2047 3901 2438 3957 ΜΑΡΤΥΡΟΣ.

593 4059 723 4116 Ὅτι
750 4059 1034 4128 ἀπλανῶς
1060 4057 1350 4127 ἔταξαν.οὶ
1379 4058 1621 4126 Ἑϐραῖοι
1653 4058 1767 4126 τὴν
1792 4058 1860 4112 ιδ’
1881 4059 1987 4113 τοῦ
2007 4066 2063 4184 αὶ
2078 4058 2271 4146 ⁸μηνὸς
2292 4059 2402 4128 τῆς
2426 4059 2696 4130 σελήνης
2725 4061 2835 4127 ἕως
2858 4058 2967 4128 τῆς
2993 4061 3274 4128 ἁλώσεως
3303 4059 3420 4114 τῶν
3454 4061 3706 4129 Ἰεροσο-

2067 4146 2254 4184 υαων.

2067 4146 2254 4198 υμων.

1053 4375 1215 4464 ΕΧ
1288 4371 1682 4466 PETRO
1757 4373 2582 4465 ALEXANDBIAB
2653 4374 3246 4469 EPISCOPO

1904 4566 1991 4622 ΕΤ
2032 4567 2223 4623 MART
2232 4558 2389 4623 YRE.

591 4721 750 4785 Deeo
792 4721 929 4794 quod
950 4721 1210 4777 decimam
1256 4733 1506 4796 quartam
1532 4725 1694 4793 primi
1721 4728 1912 4780 mensis
1949 4727 2087 4851 (anile
2118 4746 2280 4851 zsqite
2315 4731 2383 4783 ad
2413 4728 2900 4796 Hierosolymorum
2943 4727 3204 4780 excidium
3238 4735 3373 4780 recte
3416 4721 3698 4781 statuerint

2087 4815 2113 4851 e
2152 4817 2263 4851 ra-i.
2300 4823 2310 4830 -

2087 4815 2263 4854 eorm.
2300 4823 2310 4830 ‘

1935 4953 2099 5019 (Apud
2123 4954 2369 5016 Galland.)
2467 4988 2474 4995 .

1351 5175 1431 5229 Ea:
1459 5175 1734 5231 Chronico
1763 5173 2015 5234 Paschal.
2038 5193 2162 5249 pag.
2201 5180 2223 5233 1
2261 5193 2400 5248 seqq.
2424 5175 2551 5230 edit.
2597 5173 2773 5228 Venet.
2800 5171 2961 5226 i729.

598 5297 641 5352 I.
671 5295 1126 5366 Quandoquidem
1158 5309 1353 5364 magna
1383 5302 1468 5350 est
1512 5294 1713 5364 ubique
1749 5292 1842 5348 Dei
1883 5295 2100 5350 miseri—
2131 5309 2174 5364 Β

2150 5310 2174 5363 3
2273 5297 2314 5350 Ι.
2369 5296 2456 5358 Ὠς
2498 5335 2510 5348 .
2538 5335 2549 5346 .
2577 5334 2590 5347 .
2628 5292 2770 5363 μέγα
2802 5290 2948 5353 ἕλεος
2971 5285 3063 5342 τοῦ
3090 5288 3224 5342 Θεοῦ
3253 5291 3310 5342 ὲν
3339 5306 3447 5342 παν
3485 5328 3498 5342 .
3525 5328 3541 5344 .
3567 5327 3582 5344 .
3615 5290 3782 5360 εὐχα-

528 5388 736 5453 cordia,
764 5389 912 5443 hunc
943 5387 1354 5451 benedicamus,
1385 5395 1439 5443 et
1485 5388 1632 5457 quod
1663 5388 1924 5460 Spiritum
1961 5391 2102 5444 veri-

2213 5385 2394 5460 ριστοῦ
2403 5402 2500 5456 μεν
2518 5383 2685 5455 αὐτῷ,
2709 5384 2803 5437 καὶ
2832 5383 2913 5434 ὅτι
2937 5381 2998 5433 τὸ
3024 5379 3239 5450 πνεῦμα
3255 5379 3355 5448 τῆς
3371 5377 3624 5449 ἀληθείας
3645 5395 3782 5434 κατ-

532 5479 661 5533 tatis
689 5480 846 5534 nobis
874 5478 1118 5543 miserit,
1159 5477 1434 5532 deducens
1464 5492 1564 5532 nos
1594 5477 1649 5531 in
1696 5492 1912 5532 omnem
1950 5480 2094 5534 veri-

2205 5479 2448 5551 ἐπεμψεν
2503 5479 2652 5549 ἡμῖν,
2684 5477 2954 5548 ὁδηγήσας
2983 5475 3128 5546 ἡμᾶς
3163 5475 3240 5536 εἰς
3267 5470 3364 5543 τὴν
3391 5470 3648 5544 ἀλήθειαν
3675 5473 3788 5530 πᾶς

602 5593 623 5623 ⁸
656 5592 784 5647 Luc.
819 5610 858 5662 ι,
883 5592 975 5648 28.
1048 5590 1069 5620 ⁹
1099 5591 1226 5645 ibid.
1267 5592 1355 5646 55.
1407 5589 1761 5657 '°Luc.xxn,
1799 5592 1889 5648 48.

608 5718 864 5796 (25_l_Vid.
895 5719 1152 5796 Gralgum
1178 5718 1232 5771 in
1263 5717 1505 5772 adnotat.
1541 5718 1609 5771 ad
1633 5716 1698 5773 G.
1726 5716 1862 5772 Bulli
1889 5717 2100 5787 Defens.
2215 5721 2515 5796 timente-Il.
2571 5781 2583 5796 Ι
2689 5781 2732 5796 η
2776 5778 2788 5794 .
2857 5775 2878 5796 τ

539 5781 948 5862 fid._Nic._pag.
984 5789 1107 5862 17‘2_.
1239 5857 1257 5862 _
1301 5856 1315 5862 _
1409 5858 1418 5862 Α
1628 5859 1637 5862 _
1790 5859 1840 5862 Η
1969 5781 2013 5862 Ἀ

1969 5781 2013 5862 ⁷,
2286 5785 2398 5862 ea
2435 5781 2654 5862 ειπῴνο
2689 5781 2800 5833 Καὶ
3170 5844 3185 5862 .
3447 5847 3499 5862 ,.

611 5859 724 5930 (26)
760 5844 840 5929 Mi
885 5844 1032 5915 ἷότε.
1075 5857 1199 5930 Log.
1236 5856 1496 5928 δηλονότι,
1533 5863 1591 5914 ut
1627 5859 1680 5915 in
1722 5859 1968 5931 subjecto
1992 5859 2099 5916 fra-

2021 5874 2099 5916 ra-
2279 5844 2391 5924 ("285
2427 5853 2782 5924 Γενόμενον.
2823 5846 2999 5906 Scrib.
3027 5844 3382 5921 γεννώμενον,
3407 5855 3465 5903 ut
3488 5845 3653 5904 intra.

2170 5960 2208 5967 ο-
