4132 6424
340 297 446 356 513

1790 304 2234 358 FRAGMENTA.

3490 312 3593 364 6M

336 423 455 461 σαν.
501 407 601 462 Διὰ
643 412 754 482 γὰρ
786 408 942 463 τοῦτο
979 410 1072 463 καὶ
1100 409 1128 462 6
1154 410 1641 483 νενομοθετημένος
1674 412 1780 485 μὴν
1808 413 1912 468 τῶν

2021 420 2206 467 tatem.
2240 412 2364 467 ideo
2385 414 2585 483 quippe
2611 414 2816 470 mensis
2839 428 3107 470 novorum
3132 430 3163 471 a
3186 416 3303 488 lege
3331 417 3592 477 inductus

336 499 471 555 νέων
498 500 638 573 ἀρχὴ
672 501 877 571 μηνῶν,
920 502 1013 556 καὶ⁸
1041 501 1255 573 πρῶτος
1285 505 1343 556 ὲν
1369 505 1482 566 τοῖς
1519 504 1652 575 μησὶ
1678 502 1771 557 τοῦ
1803 506 1910 557 ὲνι-

335 590 499 647 αυτοῦ
547 592 851 666 ἐγνωρίσθη
884 595 1013 665 ἡμῖν
1033 610 1046 625 ’
1078 595 1173 648 καὶ
1207 593 1311 647 ὑπὸ
1354 593 1462 648 τῶν
1504 594 1747 649 παλαιῶν
1781 612 1912 665 συγ-
1950 619 1954 623 <

337 686 592 756 γραφέων
623 687 732 740 τῶν
752 688 857 760 πρὸ
880 689 978 759 τῆς
1000 686 1253 752 ἁλώσεως
1284 688 1383 759 τῆς
1426 689 1800 762 Ἰερουσαλὴμ,
1821 691 1912 743 καὶ

335 775 441 828 ὑπὸ
471 774 580 830 τῶν
611 776 749 830 νέων
792 776 902 831 τῶν
950 777 1086 848 μετά
1108 777 1207 850 τὴν
1238 778 1435 831 ἅλωσιν
1475 778 1688 851 ἐδείχθη
1727 780 1912 852 ὁροθε-

336 869 458 923 σίαν
487 870 632 939 ἔχειν
659 869 1140 941 εἰλικρινεστάτην,
1176 871 1271 923 καὶ
1299 873 1804 945 καταφανεστάτην,
1827 873 1913 927 διὰ

331 960 395 1013 τὸ
426 959 661 1031 μάλιστα
700 960 811 1014 ἐσθ’
844 963 932 1015 ὅτε
977 962 1074 1033 μὲν
1104 961 1173 1015 τὰ
1214 962 1309 1016 νέα
1341 962 1398 1016 ἐν
1428 980 1537 1016 τισι
1564 965 1748 1028 τόποις
1776 983 1911 1037 προ-

336 1050 635 1123 λαμϐάνειν
653 1091 668 1115 ,
695 1051 803 1105 ἔσθ’
836 1053 923 1106 ὅτε
944 1052 999 1106 δὲ
1031 1054 1275 1125 ὑστερεῖν
1300 1054 1361 1107 τὸ
1392 1056 1521 1108 ποτὲ
1553 1054 1794 1127 πρώϊμα,
1818 1074 1913 1110 πο-

334 1144 392 1197 τὲ
442 1143 613 1215 δψιμα
659 1143 944 1213 γενέσθαι·
1002 1144 1285 1217 ὡσπεροῦν
1330 1147 1423 1200 καὶ
1467 1148 1583 1201 κατ’
1615 1147 1780 1219 αὐτὴν
1815 1148 1912 1219 τὴν

334 1236 510 1308 ἀρχὴν
529 1237 630 1307 τῆς
653 1237 759 1308 πρὸ
785 1237 879 1291 τοῦ
907 1238 1100 1309 Πάσχα
1127 1238 1448 1310 νομοθεσίας
1475 1240 1701 1309 ἐγίνετο,
1730 1240 1912 1305 καθὼς

334 1328 642 1398 γέγραπται
660 1346 673 1358 ·
708 1329 761 1382 Ὁ
790 1328 858 1383 δὲ
884 1328 1074 1397 πυρὸς
1101 1330 1200 1383 καὶ
1232 1332 1270 1399 ἠ
1301 1330 1491 1399 ὅλυρα
1518 1333 1628 1385 οὐκ
1653 1331 1909 1402 ἐπλήγη,

334 1420 522 1490 ὄψιμα
552 1420 660 1490 γὰρ
702 1417 968 1491 ἧν.”Οθεν
994 1410 1173 1486 καλῶς
1205 1423 1622 1495 νενομοθέτηται
1661 1423 1769 1477 ἀπὸ
1816 1425 1912 1495 τῆς

333 1512 555 1584 ἐαρινῆς
583 1512 887 1585 ἰσημερίας,
915 1515 994 1578 είς
1021 1513 1212 1568 ὁποίαν
1242 1515 1286 1567 δ’
1312 1516 1377 1568 ἂν
1400 1515 1670 1587 ἑϐδομάδα
1697 1517 1912 1590 ἐμπέσῃ

336 1605 371 1673 ἡ
398 1603 1018 1675 τεσσαρεσκαιδεκαταία
1056 1603 1148 1657 τοῦ
1190 1603 1406 1675 πρώτου
1442 1605 1628 1676 μηνὸς,
1661 1607 1719 1659 ὲν
1776 1606 1911 1679 αὐτῇ

336 1695 603 1749 ἔπιτεὶεῖν
630 1695 695 1749 τὸ
725 1695 936 1768 Πάσχα,
971 1697 1107 1768 μετὰ
1140 1696 1233 1751 τοῦ
1279 1699 1371 1751 καὶ
1410 1697 1661 1769 ἐγκώμια
1695 1716 1915 1770 πρεπωο

2016 505 2284 559 mensium
2310 505 2632 570 exordium,
2668 520 2731 559 ac
2775 506 2985 576 primus
3012 507 3156 561 inter
3200 507 3330 562 anni
3375 525 3592 567 menses

2016 594 2175 651 nobis
2202 603 2369 650 notus
2399 594 2577 651 iactus
2603 602 2688 651 est
2715 614 2727 648 :
2760 604 2813 651 et
2847 597 2916 650 ab
2955 597 3196 668 antiquis
3231 598 3593 669 scriptoribus

2015 685 2108 755 qui
2138 692 2284 748 ante,
2310 693 2363 740 et
2392 700 2422 739 a
2452 685 2849 756 posterioribus
2890 687 2982 757 qui
3014 697 3135 756 post
3172 676 3589 761 Hierosolymo-

2014 792 2136 830 rum
2160 775 2432 832 excidium
2466 777 2650 832 vixere
2672 818 2686 843 ,
2722 778 3160 834 sincerissimum
3196 794 3259 834 ac
3289 779 3591 835 evidentis-

2014 868 2212 922 simum
2242 868 2445 923 habere
2478 869 2770 923 terminum
2805 869 3237 925 demonstratum
3280 878 3365 927 est
3398 890 3412 926 :
3445 886 3589 941 pra:-

2013 958 2236 1023 sertim,
2280 959 2424 1029 quod
2454 975 2594 1014 nova
2636 960 2909 1015 interdum
2957 962 3285 1031 quibusdam
3335 962 3391 1017 in
3452 963 3591 1019 locis

2013 1051 2263 1123 praeverti
2315 1070 2328 1107 :
2383 1053 2659 1107 interdum
2692 1053 2859 1108 etiam
2910 1053 3094 1117 reﬁci,
3147 1056 3229 1110 vel
3262 1056 3441 1111 serius
3472 1056 3589 1110 ﬂeri

2011 1142 2279 1213 praecocia
2321 1146 2641 1216 contingat,
2692 1146 2966 1215 quomodo
3011 1154 3128 1201 erat
3171 1147 3226 1201 in
3284 1148 3405 1219 ipso
3462 1156 3590 1203 ante

2012 1234 2223 1291 Pascha
2274 1236 2637 1305 legislationis
2696 1237 2855 1292 initio
2892 1257 2903 1292 :
2935 1238 3092 1308 juxta
3137 1240 3280 1310 quod
3318 1240 3589 1311 scriptum

2013 1334 2096 1381 est
2121 1327 2178 1382 ἐ
2216 1326 2476 1382 Triticum
2519 1339 2694 1382 autent
2736 1338 2785 1382 et
2820 1329 2908 1398 far
2940 1347 3044 1385 non
3094 1328 3224 1385 sunt
3255 1332 3415 1394 (rasa,
3464 1333 3592 1403 quia

2013 1420 2243 1474 serotina
2280 1430 2452 1474 erant.
2512 1420 2670 1477 Unde
2700 1429 2847 1476 recte
2871 1437 2901 1476 a
2934 1424 3048 1494 lege
3081 1427 3459 1495 prmscriptum
3480 1434 3587 1489 est,

2015 1520 2121 1563 uta
2144 1526 2311 1565 verno
2327 1513 2676 1581 mquinoctio,
2702 1516 2755 1569 in
2783 1530 3166 1585 quamcunque
3194 1516 3588 1572 hebdomadcm

2015 1600 2222 1656 incidat
2272 1602 2682 1675 decimaquarta
2716 1607 2879 1677 primi
2915 1608 3141 1671 mensis,
3175 1609 3232 1663 in
3263 1609 3353 1662 illa
3380 1607 3590 1666 Pascha

2017 1700 2230 1763 agatur,
2262 1697 2495 1765 sumptis
2522 1697 2678 1767 prius
2712 1697 2781 1753 ad
2812 1698 2946 1754 illud
2971 1700 3357 1757 celebrandum
3389 1702 3590 1758 decen-

333 1786 563 1842 δέστατα
590 1790 682 1842 καὶ
707 1788 1156 1861 ἁρμοστικώτατα
1201 1791 1281 1854 είς
1310 1790 1468 1844 τοῦτο
1502 1790 1912 1863 παρειληφέναι.

2020 1784 2164 1840 tibus
2198 1800 2263 1840 ac
2293 1788 2677 1843 consentaneis
2701 1790 2986 1845 encomiis.
3035 1789 3245 1846 Primus
3274 1793 3414 1846 enim
3441 1832 3456 1857 ,
3497 1793 3589 1849 in-

331 1878 570 1945 Πρῶτος
609 1878 740 1950 γὰρ,
771 1881 955 1953 φησὶν,
983 1877 1160 1948 οὗτος
1179 1881 1306 1952 μὴν
1333 1882 1476 1952 ὑμῖν
1506 1922 1519 1936 .
1546 1922 1560 1935 .
1589 1922 1602 1936 .
1638 1884 1736 1936 καὶ
1758 1882 1912 1953 ἀρχὴ

327 1971 539 2042 μηνῶν
557 1972 628 2026 ἐν
656 1973 781 2040 τοῖς
794 1974 989 2044 μησὶν
1006 1974 1112 2029 τοῦ
1132 1974 1410 2030 ἐνιαυτοῦ
1433 1973 1755 2045 τέτραπται
1774 1993 1786 2006 ·
1825 1977 1913 2029 ὅτε

331 2065 363 2118 6
398 2064 496 2135 μὲν
525 2065 675 2135 ἥλιος
706 2067 763 2118 ἐν
797 2066 942 2138 θέρει
975 2067 1263 2138 γενόμενος
1290 2066 1360 2121 τὰ
1387 2066 1541 2138 φῶτα
1575 2067 1792 2121 πλείονα
1821 2070 1914 2122 καὶ

332 2149 687 2225 λαμπρότερα
709 2154 1032 2208 ἀποδίδωσιν
1051 2172 1065 2185 ·
1099 2157 1133 2227 ἡ
1156 2156 1213 2210 δὲ
1257 2157 1436 2230 ἡμέρα
1471 2159 1909 2230 ὲπεκτεινομένη,

337 2244 712 2315 μεγεθύνεται,
741 2245 843 2316 τῆς
871 2246 1063 2311 νυκτὸς
1103 2247 1573 2320 ὑποστελλομένης
1600 2249 1694 2302 καὶ
1734 2266 1913 2319 μειου-

337 2333 537 2406 μένης⁸
567 2335 638 2388 τὰ
660 2334 717 2388 δὲ
744 2335 839 2387 νέα
872 2335 1163 2407 σπέρματα
1210 2336 1591 2408 ὲπανθήσαντα
1633 2336 1912 2391 διακαθαί-

2015 1876 2135 1946 quit
2173 1879 2216 1940 ³,
2267 1876 2352 1931 hic
2408 1880 2611 1951 mensis
2660 1878 2805 1935 vobis
2854 1882 3170 1952 principium
3228 1885 3486 1939 mensium
3533 1886 3590 1939 in

2010 1966 2280 2023 mensibus
2310 1969 2438 2023 anni
2463 1970 2690 2038 scriptus
2728 1978 2850 2025 est:
2886 1987 3010 2026 cum
3042 1973 3123 2028 sol
3147 1974 3357 2030 scilicet
3397 1975 3590 2030 aestivo

2015 2067 2260 2131 tempore
2307 2061 2464 2130 plura
2508 2061 2667 2133 longe
2698 2063 2903 2119 lumina
2949 2074 3003 2120 et
3050 2066 3282 2121 clariora
3333 2067 3585 2122 emittit:

2014 2153 2132 2207 dies
2161 2168 2291 2208 vero
2320 2154 2664 2224 producitur,
2701 2155 2871 2226 ﬁtque
2900 2157 3097 2225 major,
3150 2158 3279 2213 dum
3312 2174 3421 2214 nox
3454 2175 3590 2214 con-

2015 2246 2253 2300 trahitur
2274 2260 2339 2300 ac
2368 2247 2636 2301 minuitur
2668 2266 2682 2302 :
2717 2263 2859 2303 nova
2889 2263 3055 2319 porro
3087 2252 3297 2305 semina
3331 2266 3455 2305 cum
3491 2251 3590 2308 llo-

2013 2338 2254 2401 ruerint,
2322 2345 2760 2409 perpurgantur,
2814 2347 2870 2395 et
2922 2340 2989 2394 ad
3028 2355 3188 2397 areas
3242 2340 3583 2398 deferuntur.

337 2443 488 2498 ρεται
524 2427 604 2490 είς
647 2425 744 2490 τὰς
787 2426 998 2492 ἅλωνας
1039 2428 1496 2500 συγκομιζόμενα.
1527 2429 1601 2482 Οὐ
1634 2429 1742 2501 μὴν
1776 2429 1912 2483 ἀλλὰ

2013 2426 2194 2499 Neque
2222 2437 2405 2483 tamen
2439 2429 2543 2483 ista
2591 2427 2876 2494 duntaxat,
2904 2428 2998 2482 sed
3028 2438 3081 2483 et
3121 2432 3372 2486 universa
3409 2433 3590 2501 pullu-

333 2519 426 2570 καὶ
458 2515 635 2570 πάντα
670 2515 741 2570 τὰ
786 2517 1059 2592 ἀκρόδρυα
1101 2518 1387 2589 βλαστάνει
1421 2521 1513 2572 καὶ
1540 2519 1909 2573 ἐπανθείιέπι-

335 2607 522 2679 χωρῆσ
555 2648 568 2661 .
596 2648 611 2661 .
636 2647 650 2661 .
683 2609 1015 2680 ὲπαγόμενα.
1042 2610 1262 2674 Εὐθέως
1288 2609 1419 2680 γοῦν
1465 2610 1911 2683 ἐπικαταλαμϐά-

334 2715 513 2754 νονται
563 2698 621 2753 ὲν
654 2699 974 2771 παραλλαγῇ
1012 2701 1281 2772 διαφόρων
1329 2700 1425 2755 καὶ
1471 2702 1729 2756 ποικίλων
1771 2720 1909 2776 καρ-

333 2792 450 2846 πῶν
469 2808 482 2823 ’
517 2792 593 2857 ώς
634 2794 728 2846 καὶ
771 2795 1044 2865 σταφυλήν
1071 2811 1198 2848 ποτε
1225 2795 1570 2866 εὑρίσκεσθαι
1599 2799 1720 2850 κατ’
1749 2797 1909 2851 αὐτὸν

329 2883 422 2935 τὸν
463 2884 673 2955 καιρὸν,
710 2882 893 2947 καθὼς
937 2884 1029 2938 καὶ
1073 2886 1101 2937 6
1147 2885 1443 2959 νομοθέτης
1490 2888 1657 2958 φησὶ,
1703 2888 1814 2942 Καὶ
1849 2891 1908 2943 αἱ

331 2975 547 3045 ἡμέραι
594 2975 791 3044 ἔαρος,
839 2978 1161 3048 πρόδρομοι
1203 2978 1544 3049 σταφυλῆς,
1597 2980 1761 3051 ἡνίκα
1801 2982 1906 3034 ἁπ-

338 3067 545 3120 έστειλε
576 3068 702 3132 τοὺς
730 3068 1268 3135 κατασκοπεύσοντας
1297 3070 1395 3143 τὴν
1411 3071 1532 3142 γῆν,
1548 3073 1784 3144 ἤνεγκαν
1817 3073 1907 3127 τὸν

334 3157 507 3231 μέγαν
542 3157 733 3232 βότρυν
772 3163 829 3217 ἐν
865 3161 1214 3235 ἀναφορεῠσι,
1249 3142 1485 3218 καὶίάπὸ
1512 3142 1621 3218 τῶν
1651 3165 1790 3237 ῥοῶν
1817 3166 1910 3220 καὶ
1937 3142 1978 3198 C

331 3248 442 3302 ἀπὸ
482 3249 589 3304 τῶν
636 3250 832 3307 συκῶν.
862 3252 994 3307 Τότε
1032 3252 1162 3325 γάρ,
1191 3252 1266 3317 ὥς
1306 3270 1459 3322 φασι,
1487 3254 1582 3307 καὶ
1621 3256 1650 3308 6
1688 3255 1911 3325 κτίστης

331 3343 427 3396 καὶ
469 3344 497 3396 6
542 3343 870 3415 δημιουργὸς
898 3344 1007 3398 τῶν
1048 3345 1303 3399 ἁπάντων
1327 3347 1461 3408 Θεὸς
1485 3344 1640 3415 ήμῶν
1673 3344 1907 3410 αἰώνιος,

329 3433 401 3489 τὰ
435 3435 610 3489 πάντα
644 3437 1029 3507 συνεστήσατο,
1060 3439 1140 3501 εἰς
1168 3436 1310 3510 ἅπερ
1338 3437 1614 3503 κατέλεξε·
1642 3441 1910 3507 Βλαστη-

328 3525 494 3580 σὰτω
520 3527 557 3594 ἡ
586 3525 663 3597 γῆ
683 3526 958 3597 βοτάνην
984 3528 1222 3597 χόρτου,
1262 3529 1513 3598 σπεῖρον
1538 3531 1776 3600 σπέρμα
1801 3549 1908 3585 κα-

327 3615 406 3670 τὰ
429 3616 603 3685 γένος
640 3615 740 3669 καί
766 3616 894 3670 καθ’
918 3618 1253 3686 ὁμοιότητα,
1277 3619 1372 3671 καί
1402 3619 1593 3683 ξύλον
1618 3619 1912 3689 κάρπιμον

331 3705 547 3759 ποιοῦν
571 3705 821 3775 καρπὸν,
848 3702 920 3763 οὗ
963 3706 1029 3761 τὸ
1072 3709 1309 3777 σπέρμα
1346 3709 1531 3763 αὐτοῦ
1558 3711 1710 3765 κατὰ
1740 3709 1911 3781 γένος

329 3797 428 3851 ἐπὶ
454 3796 565 3867 τῆς
584 3795 717 3867 τῆς.
762 3798 873 3853 Καὶ
898 3799 1221 3870 ἐπήνεγκεν,
1251 3800 1352 3864 ὅτι,
1387 3801 1497 3854 Καὶ
1536 3800 1773 3871 ἐγένετο
1813 3801 1913 3855 οὔ·

329 3907 429 3947 τω.
458 3890 569 3945 Καὶ
604 3890 750 3961 μάλα
786 3889 965 3956 καλῶς
997 3888 1091 3946 καὶ
1131 3890 1355 3955 δικαίως
1389 3890 1616 3962 ὲξέφανε
1657 3891 1747 3944 τὸν
1782 3894 1911 3963 παρ’

343 3982 613 4055 Ἑϐραίοις
649 3983 1080 4055 νομοθετηθέντα
1113 3982 1330 4054 πρῶτον
1363 3984 1508 4055 μῆνα
1531 4002 1544 4014 ο
1574 3985 1632 4038 ὃν
1666 3984 1911 4055 ἔγνωμεν

332 4073 744 4145 πεφυλαγμένον
795 4074 946 4147 παρὰ
995 4074 1264 4140 Ἰουδαίοις
1309 4076 1472 4148 μέχρι
1515 4077 1614 4147 τῆς
1659 4077 1911 4140 ἁλώσεως

343 4165 713 4238 Ἰερουσαλὴμ,
744 4166 833 4222 διὰ
878 4168 939 4222 τὸ
987 4167 1220 4238 μάλιστα
1260 4166 1529 4236 Ἑϐραίοις
1553 4167 1693 4221 οὕτω
1734 4186 1913 4241 παρα-

331 4256 649 4311 δεδωκέναιο
701 4257 840 4329 μετὰ
891 4259 948 4312 δὲ
994 4261 1090 4331 τὴν
1127 4260 1325 4314 ἅλωσιν
1363 4260 1729 4333 λεληρημένον
1770 4261 1912 4315 κατά

329 4364 452 4403 τινα
490 4348 582 4402 καὶ
613 4350 670 4401 ἐν
705 4349 880 4422 τούτῳ
906 4347 1160 4421 πώρωσιν
1181 4367 1194 4381 ·
1226 4351 1394 4422 ὅνπερ
1435 4353 1596 4422 ἡμεῖς
1635 4349 1910 4422 ἐνθέσμως

332 4439 429 4494 καὶ
474 4438 777 4510 εἰλικρινῶς
825 4442 1209 4515 ἐπιτηροῦντες
1264 4440 1660 4514 παρελάϐομεν.
1697 4443 1805 4498 Καὶ
1852 4443 1909 4495 ὲν

331 4532 506 4604 τούτῳ
545 4531 685 4587 κατὰ
715 4572 730 4587 .
759 4573 773 4587 .
802 4574 815 4587 .
846 4534 1028 4606 ῥητὸν,
1052 4535 1225 4604 λέγων
1256 4575 1272 4591 .
1301 4576 1313 4590 .
1344 4577 1358 4590 .
1387 4536 1672 4608 διξομένην
1699 4538 1779 4602 εἰς
1810 4578 1823 4591 .
1851 4578 1865 4591 .
1893 4578 1906 4591 .

330 4641 392 4680 ον
418 4625 629 4697 ἡμέραν
668 4624 769 4695 τῆς
807 4626 966 4695 άγίας
1004 4628 1196 4699 ἑορτῆς
1235 4629 1410 4700 ἡμῶν,
1441 4629 1618 4701 ἥνπερ
1645 4631 1678 4699 ἡ
1712 4629 1908 4698 ἐκλογὴ

328 4716 591 4788 ἐπέτυχεν
613 4733 627 4748 ο
661 4718 711 4771 οί
751 4716 808 4770 δὲ
849 4716 1023 4772 λοιποὶ
1055 4719 1448 4791 ἐπωρώθησαν,
1484 4719 1669 4785 καθὼς
1692 4717 1844 4775 εἶπεν
1871 4722 1904 4774 ἠ

332 4808 543 4881 Γραφὴ.
576 4809 685 4865 Καὶ
710 4811 839 4881 μεθ’
868 4810 1063 4888 ἕτερα·

400 4925 469 4978 Π.
510 4923 622 4977 Καὶ
650 4923 824 4977 ταῦτα
851 4924 962 4994 γάρ
1000 4940 1160 4995 φησι·
1200 4921 1405 4977 Πάντα
1428 4923 1795 4995 ποιήσουσιν
1823 4925 1901 4989 ει(³

329 5016 518 5087 ὑμᾶς’
564 5016 655 5071 ὅτι
696 5019 809 5071 οὐκ
848 5017 1125 5086 ἔγνωσαν
1155 5015 1264 5071 τὸν
1296 5015 1617 5086 πέμψαντὰ
1638 5032 1734 5085 με.
1764 5017 1827 5069 Εἰ
1855 5016 1911 5069 δὲ

330 5109 424 5164 τὸν
474 5108 786 5179 πέμψαντα,
826 5110 921 5163 καὶ
969 5108 1060 5162 τὸν
1109 5107 1428 5177 πεμφθέντα
1471 5107 1764 5179 ἠγνόησαν,
1813 5108 1913 5173 οὐκ

330 5202 477 5256 ἔστιν
501 5202 881 5274 ἀμφιϐάλλειν,
909 5202 991 5256 ὅτι
1018 5200 1114 5254 καὶ
1134 5200 1232 5271 τῆς
1257 5198 1576 5271 νομοθεσίας
1595 5198 1690 5252 τοῦ
1719 5198 1911 5269 Πάσχα

330 5291 428 5362 τὴν
466 5292 740 5360 ἀγνωσίαν
785 5291 1015 5363 ἔσχοσαν
1033 5308 1046 5321 ·
1076 5290 1152 5354 ὡς
1191 5288 1265 5360 μὴ
1305 5290 1465 5361 μάνον
1495 5290 1594 5360 τῆς
1620 5291 1737 5343 κατ’
1761 5289 1913 5342 ἐκλο-

331 5383 435 5454 γὴν
476 5382 795 5449 τοποθεσίας
837 5385 1111 5446 ἐκπεσεῖν,
1155 5382 1291 5435 ἀλλὰ
1341 5380 1560 5451 καὶτῆς
1592 5381 1765 5452 ἀρχῆς
1805 5380 1912 5434 τῶν

331 5471 523 5543 μηνῶν
553 5470 648 5526 τοῦ
677 5471 892 5543 πρώτου
920 5474 979 5527 ὲν
1002 5475 1114 5535 τοῖς
1150 5471 1283 5542 μησὶ
1311 5469 1403 5523 τοῦ
1431 5468 1699 5534 ἐνιαυτοῦ,
1722 5464 1782 5523 οὗ
1812 5462 1912 5540 τὴν

335 5563 982 5636 τεσσαρεσκαιδεκαταίαν
1000 5566 1050 5617 οί
1074 5563 1241 5619 πάλαι
1262 5560 1565 5633 εἰλικρινῶς
1589 5563 1746 5634 ὲπιτη
1756 5560 1910 5632 poi};—

2005 2522 2120 2576 lant
2138 2520 2384 2586 arbusta,
2401 2528 2457 2576 et
2478 2520 2532 2574 in
2550 2517 2711 2576 ﬂores
2726 2522 2978 2576 evadunt.
3002 2520 3196 2575 Statim
3223 2522 3387 2591 igitur
3406 2524 3587 2578 varios

2012 2610 2366 2680 diversasque
2399 2610 2613 2666 fructus
2650 2610 2960 2666 alternatim
3007 2611 3255 2667 emittere
3287 2612 3590 2683 deprehen-

2011 2702 2247 2769 duntur;
2279 2703 2354 2756 ita
2389 2692 2449 2755 ut
2476 2702 2749 2758 interdum
2793 2702 2986 2758 botrus
3010 2742 3025 2767 ,
3072 2703 3346 2759 interdum
3376 2702 3589 2760 fructus

2012 2793 2152 2848 alius
2194 2808 2304 2847 uno
2332 2792 2634 2863 eodemque
2674 2802 2918 2865 tempore
2953 2794 3277 2863 reperiatur,
3325 2796 3590 2865 quemad-

2010 2885 2230 2940 modum
2268 2886 2343 2940 ait
2384 2886 2665 2955 legislator
2688 2885 2710 2917 ³
2740 2905 2754 2941 :
2788 2885 2861 2940 Et
2904 2886 3017 2942 dies
3054 2889 3188 2942 veris
3237 2902 3588 2957 prwcursores

2012 2978 2182 3042 botri,
2241 2976 2462 3048 quando
2518 2978 2668 3034 misit
2724 2979 2818 3049 qui
2870 2980 3287 3050 specularentur
3346 2989 3586 3045 terram,

2012 3069 2315 3124 attulerunt
2345 3068 2621 3139 ingentem
2660 3070 2881 3124 botrum
2929 3071 2986 3124 in
3016 3071 3298 3136 vectibus,
3334 3070 3402 3126 de
3430 3071 3592 3128 malis

2012 3175 2230 3232 quoque
2245 3161 2487 3230 grauatis
2506 3168 2562 3215 et
2605 3161 2673 3216 de
2700 3159 3086 3216 licubus.Tum
3118 3162 3262 3216 enim
3305 3162 3382 3216 ait
3404 3162 3593 3219 condi-

2013 3261 2100 3308 tor
2132 3252 2628 3322 universorumque
2676 3249 2860 3321 opifex
2902 3250 3049 3308 Deus
3092 3259 3277 3307 noster
3312 3261 3589 3318 aeternus,

2012 3343 2197 3398 omnia
2239 3342 2451 3399 confert
2496 3343 2563 3397 ad
2611 3359 2672 3399 ea
2720 3359 2842 3413 quas
2881 3344 3045 3414 elegit
3075 3359 3088 3395 :
3122 3341 3394 3397 Germinet
3448 3354 3593 3398 terra

2012 3432 2227 3487 herbam
2248 3436 2498 3488 virentem
2529 3443 2579 3488 et
2609 3433 2810 3502 faciens
2844 3450 3018 3488 semen
3047 3432 3211 3503 juxta
3236 3449 3399 3503 genus
3434 3450 3592 3489 suum

2012 3534 2059 3580 et
2087 3525 2490 3580 similitudinem
2513 3542 2687 3588 suam,
2714 3535 2762 3579 et
2793 3524 2990 3596 lignum
3023 3524 3359 3595 fructiferum
3391 3525 3590 3596 faciens

2014 3617 2246 3685 fructum
2266 3659 2282 3684 ,
2319 3617 2469 3686 cujus
2516 3634 2690 3673 semen
2730 3619 2785 3671 in
2817 3634 2871 3671 se
2902 3617 3017 3686 ipso
3047 3617 3116 3671 sit
3140 3633 3295 3686 super
3316 3626 3513 3671 terram
3545 3616 3589 3672 ’⁵.

2012 3707 2154 3763 Tum
2196 3710 2383 3766 subdit
2419 3710 2481 3764 ':
2546 3707 2615 3763 Et
2671 3709 2873 3779 factum
2920 3718 3000 3764 est
3043 3710 3119 3763 ita
3147 3719 3236 3764 :et
3279 3709 3408 3764 vidit
3448 3708 3591 3764 Deus

2012 3801 2150 3872 quod
2177 3813 2311 3856 esset
2345 3802 2560 3857 bonum.
2587 3800 2732 3867 Quin
2761 3802 2925 3856 etiam
2954 3801 3196 3856 ostendit
3237 3802 3472 3872 primum
3499 3801 3592 3872 qui

2013 3892 2157 3963 apud
2206 3892 2464 3949 Hebraeos
2516 3894 2636 3964 lege
2674 3893 2930 3948 inductus
2974 3903 3060 3947 est
3104 3908 3379 3958 mensem,
3432 3909 3592 3965 quem

2013 3984 2363 4039 observatum
2426 3983 2598 4041 fuisse
2655 4000 2686 4039 a
2735 3983 2939 4040 Iudaeis
2981 3985 3236 4040 novimus
3295 4001 3473 4056 usque
3525 3986 3592 4040 ad

2013 4077 2516 4151 Hierosolymorum
2573 4080 2887 4143 excidium;
2941 4079 3067 4148 quia
3121 4078 3175 4132 id
3225 4080 3461 4134 maxime
3514 4080 3595 4135 sic

2012 4170 2253 4227 Hebraeis
2290 4171 2550 4225 traditum
2600 4178 2705 4226 est.
2751 4173 2886 4226 Post
2942 4169 3214 4225 excidium
3261 4184 3394 4224 vero
3448 4169 3592 4225 idem

2013 4261 2250 4317 ludibrio
2280 4268 2364 4317 est
2386 4260 2606 4316 habitus
2634 4277 2700 4316 ex
2726 4261 2962 4332 quadam
2995 4259 3178 4315 cordis
3207 4259 3590 4325 obduratione,

2013 4369 2173 4424 quem
2201 4369 2305 4409 nos
2334 4354 2576 4425 legitime
2625 4369 2689 4408 ac
2744 4355 2961 4410 sincere
2996 4355 3354 4412 observantes
3387 4354 3592 4425 recepi.

2012 4461 2159 4509 mus,
2194 4453 2249 4501 et
2281 4448 2337 4500 in
2369 4446 2472 4500 hoc
2501 4442 3425 4515 juxta......verbum,cumait......
3449 4442 3592 4497 diem

2017 4546 2220 4594 sanctxe
2243 4538 2561 4594 festivitatis
2594 4540 2827 4600 nostris,
2872 4552 3034 4606 quem
3064 4536 3262 4594 electio
3297 4540 3593 4592 consecuta

2016 4638 2102 4687 est
2123 4630 2143 4661 ⁸
2164 4649 2176 4683 :
2202 4629 2385 4685 caeteri
2414 4645 2548 4684 vero
2565 4628 2924 4683 occaluerunt
2940 4670 2955 4695 ,
2980 4628 3441 4700 quemadmodum
3457 4626 3594 4682 dixit

2018 4720 2326 4792 Scriptura.
2360 4719 2431 4774 Et
2456 4730 2574 4790 post
2606 4721 2717 4775 alia
2749 4735 2767 4773 :

2084 4920 2151 4975 Π.
2184 4918 2311 4973 Haec
2345 4919 2546 4989 quippe
2575 4919 2651 4972 ait
2684 4938 2697 4974 :
2734 4918 2927 4975 Omnia
2957 4917 3151 4988 facient
3178 4917 3322 4971 nobis
3353 4917 3598 4989 (propter

2015 5028 2202 5068 nomen
2236 5010 2448 5082 meum)
2491 5012 2742 5081 quoniam
2783 5027 2887 5064 non
2930 5018 3277 5081 «ignoverunt
3317 5009 3407 5077 qui
3453 5009 3596 5061 misit

2017 5122 2097 5161 me
2116 5106 2162 5158 ’.
2194 5104 2254 5159 Si
2283 5110 2465 5159 autem
2497 5113 2553 5157 et
2584 5117 2709 5158 eum
2731 5102 2825 5173 qui
2857 5102 3045 5169 misit,
3074 5109 3128 5156 et
3152 5100 3248 5171 qui
3283 5099 3488 5154 missus
3513 5106 3599 5153 est

2016 5195 2366 5259 nescierunt,
2431 5192 2684 5247 dubitare
2730 5192 2878 5247 haud
2911 5194 3077 5260 licet;
3134 5192 3268 5262 quin
3320 5188 3534 5245 Pascha
3565 5203 3597 5243 a

2014 5288 2135 5358 lege
2173 5294 2507 5357 praceptum
2537 5284 2944 5355 ignoraverint,
2991 5294 3052 5339 ut
3095 5298 3207 5337 non
3249 5284 3304 5337 in
3346 5282 3456 5337 loci
3485 5282 3598 5338 eie-

2014 5378 2198 5431 ctione
2229 5376 2536 5438 duntaxat,
2586 5374 2683 5429 sed
2716 5374 2881 5427 etiam
2920 5373 2977 5428 in
3011 5372 3216 5429 mensis
3258 5372 3352 5442 qui
3383 5372 3598 5444 primus

2012 5479 2098 5525 est
2131 5469 2277 5525 inter
2307 5469 2437 5523 anni
2499 5484 2717 5524 menses
2740 5510 2756 5534 ,
2789 5467 3021 5524 exordio
3052 5465 3388 5530 erraverint,
3436 5465 3596 5525 cuius

2013 5560 2229 5616 decima
2253 5568 2447 5631 quarta
2469 5561 2684 5616 sincere
2708 5560 3020 5625 observata,
3052 5564 3175 5629 post
3201 5557 3520 5627 aquinoct‘t

321 5802 331 5821 ,
387 5739 617 5798 ~‘Ezod.
654 5759 729 5813 ιι,
754 5742 846 5799 52.
922 5745 940 5776 ²
967 5740 1140 5799 Exod.
1168 5743 1341 5813 “,2.
1413 5740 1622 5818 {Nune
1647 5756 1747 5811 ιιι,
1780 5741 1868 5796 24.

2013 5737 2191 5794 Cenes.
2227 5756 2263 5810 ι,
2294 5740 2375 5795 il.
2403 5742 2568 5798 5iin'd.
2598 5738 2713 5796 ιε’
2747 5740 2897 5797 Rom.
2929 5757 3006 5809 xi,
3037 5740 3088 5793 7.
3162 5737 3182 5768 '
3203 5735 3364 5794 Joan.
3400 5734 3607 5801 xv,21..
