4132 6428
557 342 663 404 eis
1629 347 1686 402 s.
1729 346 1931 402 perm
1962 345 2434 412 ALEXANDRINl
2473 311 2779 404 Episcom
3693 326 3808 404 '516

557 462 766 519 Pascha
819 473 1029 521 veteres
1079 467 1428 523 celebrarunt
1475 467 1634 538 juxta
1685 469 1930 524 divinum
1986 486 2109 540 prm-

2229 487 2321 533 τες
2373 469 2509 541 μετὰ
2551 471 2648 542 τὴν
2697 469 2984 542 ἰσημερίαν
3005 469 3156 523 ἔθυον
3197 469 3256 522 τὸ
3287 470 3499 540 Πάσχα,
3529 469 3670 522 κατᾶ
3709 469 3807 538 τὴν

557 565 771 625 ceptum
795 595 811 620 ,
863 571 988 610 cum
1014 555 1148 612 illud
1189 557 1352 614 hodie
1382 567 1509 613 ante
1562 559 1949 630 aequinoctium
1980 577 2109 614 num

2236 561 2384 614 θείαν
2417 561 2790 632 παραγγελίαν
2811 579 2824 592 ·
2876 563 2925 615 οἱ
2960 560 3068 631 γάρ
3095 560 3188 614 νῦν
3223 560 3328 631 πρὸ
3361 561 3650 630 ἰσημερίας
3676 560 3810 614 αὐτὸ

559 657 851 718 peragant,
899 664 964 703 ac
1003 651 1341 721 negligenter
1368 651 1588 721 quidem
1643 662 1697 706 et
1727 667 1959 707 errouee
2013 668 2132 707 om-

554 740 724 806 nino;
776 739 1092 810 ignorantes
1152 743 1610 812 quemadmodum
1666 760 1764 799 sua
1824 745 1861 799 ii
1919 754 2129 816 tempe-

554 839 696 886 state
751 831 1038 899 fecerunt,
1096 843 1156 888 ut
1211 835 1440 905 ipsemet
1498 835 1700 891 fatetur
1751 837 1847 908 qui
1897 839 1950 892 in
2007 839 2128 895 istis

553 924 868 994 descriptus
897 934 1002 980 est.

625 1037 713 1093 Ill.
751 1037 878 1095 Sive
933 1041 1097 1110 igitur
1145 1051 1391 1097 errantes
1441 1042 1613 1097 Judazi
1665 1044 1822 1111 juxta
1877 1046 2124 1102 lunarem

553 1145 776 1186 cursum
821 1147 1010 1188 mense
1061 1131 1399 1188 Phamenoth
1449 1151 1607 1190 suum
1643 1137 1919 1192 interdum
1963 1149 2123 1210 agant

553 1219 784 1288 Pascha,
821 1223 935 1278 sive
957 1224 1112 1293 juxta
1147 1241 1390 1280 mensem
1439 1227 1821 1283 intercalarem
1871 1246 2125 1300 unoquo-

551 1328 659 1382 que
689 1315 922 1370 triennio
949 1331 1137 1371 mense
1165 1315 1506 1385 Pharmuthi,
1527 1327 1715 1374 nostra
1739 1335 1848 1374 non
1873 1321 2122 1378 interest.

549 1401 698 1457 Nihil
731 1404 930 1474 quippe
970 1404 1118 1458 aliud
1155 1405 1316 1460 nobis
1346 1409 1685 1477 propositum
1715 1419 1832 1475 est,
1867 1428 2028 1482 quam
2065 1423 2125 1468 ut

550 1495 672 1564 ejus
702 1497 973 1565 passionis
1005 1496 1324 1551 memoriam
1347 1513 1570 1568 agamus
1590 1540 1604 1564 ,
1651 1509 1814 1570 atque
1853 1502 1989 1558 adeo
2021 1503 2125 1558 hoc

551 1587 672 1656 ipso
701 1593 977 1657 tempore;
1009 1591 1284 1657 quomodo
1313 1591 1405 1661 qui
1433 1592 1551 1646 suis
1575 1593 1675 1662 ipsi
1707 1595 1886 1649 oculis
1902 1606 2122 1665 specta-

548 1691 677 1731 vere
739 1677 1119 1746 tradiderunt,
1166 1682 1485 1750 priusquam
1529 1680 1765 1753 Egyptii
1815 1686 2120 1742 crederent.

547 1766 734 1838 Neque
753 1769 898 1822 enim
935 1769 1228 1826 observato
1255 1771 1434 1824 lunari
1471 1787 1636 1827 cursu
1659 1814 1674 1840 ,
1707 1775 1838 1830 illud
1867 1792 2120 1833 necessa-

546 1859 628 1912 rio
679 1869 946 1930 peragunt
1007 1877 1094 1916 ενι
1165 1861 1254 1917 die
1310 1861 1648 1918 Phamenoth
1684 1907 1698 1928 ,
1755 1869 1920 1921 semel
1992 1884 2118 1923 vero

545 1953 794 2020 quolibet
861 1955 1101 2010 triennio
1149 1973 1337 2014 mense
1392 1958 1714 2014 Pharmuthi
1775 1979 1788 2014 :
1847 1962 1916 2016 ab
1963 1964 2120 2018 initio

542 2045 746 2116 quippe
781 2053 834 2100 et
875 2056 1003 2106 ante
1032 2047 1238 2105 Christi
1276 2051 1710 2108 incarnationem
1742 2053 1816 2106 ita
1866 2054 2120 2110 videnlur

541 2137 740 2206 egisse.
776 2136 928 2193 Unde
974 2154 1098 2193 cum
1137 2139 1260 2196 illos
1311 2144 1487 2212 arguit
1539 2143 1800 2198 Dominus
1845 2160 1943 2214 per
1985 2145 2119 2201 Pro-

543 2228 798 2296 phetam,
857 2231 980 2286 ait:
1021 2229 1090 2284 Et
1136 2232 1249 2286 dixi
1289 2249 1306 2285 :
1347 2250 1548 2303 semper
1593 2233 1647 2287 In"
1691 2245 1876 2288 errant
1925 2236 2114 2302 corde,

540 2329 591 2374 et
649 2319 832 2389 juravi
891 2322 944 2376 in
1001 2323 1085 2377 ira
1146 2341 1261 2378 mea
1309 2325 1358 2378 si
1412 2325 1709 2379 introibant
1771 2329 1826 2380 in
1887 2329 2116 2398 requiem

539 2426 710 2464 meam
757 2413 772 2442 ¹
784 2451 798 2465 .

611 2520 700 2580 IV.
737 2523 892 2592 Quod
943 2527 1198 2596 quidem,
1255 2536 1316 2582 ut
1361 2527 1549 2596 vides,
1587 2530 1674 2586 vel
1726 2531 1782 2585 in
1829 2547 1896 2588 eo
1947 2533 2112 2588 etiam

541 2617 775 2672 maxime
808 2619 1027 2673 mentiri
1077 2627 1332 2689 apparet,
1378 2636 1486 2674 non
1533 2621 1588 2676 in
1624 2621 1875 2679 homines
1910 2626 2110 2692 modo,

538 2705 634 2761 sed
658 2706 819 2761 etiam
865 2706 920 2760 in
950 2706 1140 2762 Deum.
1198 2710 1276 2762 Ae
1314 2710 1520 2779 primo,
1555 2727 1679 2766 cum
1725 2715 1778 2768 in
1825 2715 1928 2770 hoc
1970 2734 2115 2772 nun-

538 2812 702 2868 quam
733 2799 1038 2853 erraverint
1087 2797 1294 2865 Judaci,
1351 2809 1410 2854 ut
1442 2803 1536 2872 qui
1580 2819 1704 2858 eum
1751 2805 1819 2860 iis
1849 2807 1943 2877 qui
1996 2811 2112 2866 suis

535 2889 642 2958 ipsi
671 2889 848 2942 oculis
878 2890 1132 2944 viderunt
1156 2901 1209 2945 et
1244 2892 1482 2948 ministri
1527 2893 1784 2962 fuerunt,
1819 2913 2112 2956 conversa-

2233 653 2465 718 ποιοῦσι,
2501 654 2654 706 πάνυ⁹
2672 653 2888 723 ἀμελῶς
2920 653 3016 706 καὶ
3045 651 3520 722 κατεσφαλμένως,
3553 648 3804 720 ἀγνοοῦν-

2232 763 2340 807 τες·
2378 743 2661 816 ὠσπεροῦν
2712 746 2804 798 καὶ
2835 745 3026 808 ὲπέτος
3069 744 3350 814 ἐποίησαν,
3381 743 3456 806 ὡς
3506 743 3600 796 καὶ
3645 740 3807 806 αὐτὸς

2236 834 2610 904 συνομολογῶν
2634 837 2663 889 ὁ
2694 836 2752 888 ἐν
2783 835 2994 898 τούτοις
3023 835 3274 904 γραφείς.

2299 1045 2386 1095 lli.
2414 1042 2522 1112 (29)
2541 1041 2664 1095 Εἴτε
2683 1037 2774 1096 οὖν
2809 1039 3162 1109 σφαλλόμενοι
3177 1037 3418 1091 Ἰουδαῖοι
3445 1035 3586 1090 κατὰ
3606 1035 3698 1090 τὸν
3723 1053 3808 1091 σοι

2227 1133 2479 1206 ληνιακδν
2493 1135 2710 1206 δρόμον,
2737 1135 2866 1186 ποτὲ
2889 1133 2988 1203 μὲν
3008 1129 3268 1200 Φαμενὼθ
3291 1129 3479 1198 ἄγουσι
3508 1127 3569 1180 τὸ
3595 1125 3804 1181 ἑαυτῶν

2226 1227 2434 1297 Πάσχα·
2457 1226 2565 1280 εἴτε
2584 1225 2724 1279 κατά
2741 1225 2831 1278 τὸν
2845 1222 3172 1295 ὲμϐολισμὸν
3189 1222 3323 1290 (29')
3345 1220 3489 1292 μῆνα
3501 1218 3641 1272 κατά
3656 1235 3802 1291 τριε-

2224 1318 2344 1371 τίαν
2389 1317 2466 1388 τῷ
2515 1317 2814 1390 Φαρμουθὶ,
2862 1315 3012 1368 οὐδὲν
3041 1316 3172 1384 ἡμῖν
3215 1311 3478 1384 διαφέρει.
3507 1311 3798 1381 Πρόκειται

2224 1409 2330 1480 γὰρ
2363 1411 2490 1480 ἡμῖν
2517 1409 2701 1480 ἕτερον
2749 1409 2781 1479 ἢ
2821 1408 2918 1478 τὴν
2949 1407 3251 1476 ἀνάμνησιν
3275 1402 3367 1456 τοῦ
3396 1402 3601 1466 πάθους
3632 1401 3797 1456 αὑτοῦ

2226 1501 2512 1564 ποιεῖσθαι,
2545 1501 2638 1553 καὶ
2667 1498 2803 1552 κατὰ
2824 1497 3009 1550 τοῦτον
3033 1497 3124 1548 τὸν
3163 1494 3380 1566 καιρόν*
3410 1493 3484 1556 ὡς
3504 1493 3553 1545 οἱ
3580 1493 3673 1546 ἀπ’
3700 1494 3798 1564 ἀρ-

2223 1595 2324 1664 χῆς
2356 1593 2618 1645 αὐτόπται
2647 1591 3080 1662 παραδεδώκασι,
3107 1588 3234 1658 πρὶν
3269 1585 3554 1654 Αἰγύπτιοι
3577 1584 3800 1638 πιστεῦ-

2226 1703 2333 1738 σαι.
2366 1685 2439 1738 Οὐ
2468 1683 2574 1755 γὰρ
2595 1683 2688 1736 νῦν
2720 1682 2935 1752 πρῶτον
2958 1677 3341 1750 ἐπιτηροῦντες
3363 1677 3456 1731 τὸν
3481 1674 3798 1740 σεληνιακὸν

2222 1776 2419 1847 δρόμον
2452 1775 2673 1841 ἄγουσιν
2717 1770 2848 1824 αὐτὸ
2895 1769 2953 1835 ἐξ
2991 1767 3234 1836 ἀνάγκης
3266 1772 3338 1830 ις’
3371 1763 3468 1835 μὲν
3508 1763 3587 1832 τῷ
3618 1763 3798 1831 Φαμε-

2222 1867 2350 1930 νὼθ,
2385 1864 2532 1928 am:
2554 1865 2609 1917 δὲ
2636 1862 2774 1918 κατὰ
2804 1859 3043 1932 τριετίαν
3065 1859 3140 1928 τῷ
3162 1855 3438 1928 Φαρμουθὶ
3459 1873 3472 1885 ·
3501 1855 3596 1908 ἀπ’
3621 1855 3798 1926 ἀρχῆς

2220 1961 2329 2030 γὰρ
2375 1958 2468 2012 καὶ
2515 1955 2620 2028 πρὸ
2661 1955 2760 2025 τῆς
2784 1951 3020 2025 Χριστοῦ
3061 1949 3360 2022 παρουσίας
3393 1948 3623 2002 πάντοτε
3655 1946 3798 2000 οὕτω

2221 2052 2544 2120 ποιήσαντες
2578 2043 3046 2116 φαίνονται.Ὅθεν
3095 2043 3188 2098 καὶ
3230 2040 3550 2112 αἰτιώμενος
3597 2037 3797 2102 αὐτοὺς

2217 2147 2246 2198 ὁ
2299 2144 2430 2206 Θεὸς
2465 2143 2553 2195 διὰ
2589 2141 2682 2194 τοῦ
2717 2139 2995 2211 Προφήτου
3045 2137 3224 2205 ἔλεγε·
3276 2135 3385 2192 Καὶ
3425 2131 3628 2188 εἷπον·
3688 2131 3794 2187 Ἀεὶ

2218 2236 2559 2290 πλανῶνται
2585 2232 2658 2302 τῇ
2682 2233 2924 2300 καρδίᾳα
2960 2232 3040 2297 ὡς
3059 2229 3263 2300 ὤμοσα
3295 2229 3363 2281 ἐν
3393 2227 3467 2296 τῇ
3491 2225 3636 2297 ὀργῆ
3650 2243 3792 2296 μου,

2217 2333 2266 2382 εί
2291 2330 2738 2382 εἰσελεύσονται
2767 2329 2855 2393 είς
2882 2324 2996 2394 τὴν
3021 2322 3403 2378 κατάπαυσίν
3421 2338 3562 2391 μου.

2289 2525 2378 2580 IV.
2423 2526 2617 2596 Ὅπερ,
2641 2525 2716 2588 ὡς
2735 2524 2884 2594 ὁρᾷς,
2913 2522 3008 2575 καὶ
3030 2523 3087 2574 ὲν
3116 2519 3290 2591 τούτῳ
3311 2517 3476 2590 φαίνῃ
3494 2516 3562 2570 τὰ
3584 2515 3792 2588 μεγάλα

2215 2617 2587 2690 ψευδηγορὼν,
2610 2617 2670 2668 οὐ
2710 2616 2869 2686 μόνον
2897 2614 3040 2668 κατὰ
3071 2611 3393 2682 ἀνθρώπων,
3423 2607 3557 2662 ἀλλὰ
3582 2609 3674 2661 καὶ
3695 2625 3792 2662 κα-

2213 2711 2281 2764 τὰ
2316 2709 2408 2764 τοῦ
2451 2709 2606 2762 Θεοῦ.
2656 2707 2878 2780 Πρῶτον
2915 2706 3034 2777 μὲν,
3087 2705 3208 2756 ἐπεὶ
3256 2702 3469 2756 οὐδέπω
3513 2702 3592 2763 είς
3635 2698 3792 2752 τοῦτο

2213 2803 2525 2857 ἐπλανῶντο
2566 2799 2825 2862 Ἰουδαῖοι,
2844 2799 3005 2869 ἡνίκα
3028 2795 3265 2864 συνῆσαν
3303 2795 3486 2856 αὐτοῖς
3505 2793 3553 2845 oi
3573 2791 3666 2844 ἀπ’
3687 2791 3788 2862 ἀρ-

2212 2895 2312 2966 χῆς
2359 2893 2618 2946 αὐτόπται
2667 2891 2760 2943 καὶ
2812 2887 3104 2960 ὑπηρέται,
3139 2883 3317 2954 πολλῷ
3342 2883 3399 2936 δὲ
3430 2880 3626 2952 μᾶλλον
3669 2879 3788 2932 οὐδὲ

536 2983 757 3048 lxantur,
813 2983 984 3038 multo
1031 2985 1206 3055 magis
1255 3001 1434 3056 neque
1487 2988 1557 3043 ah
1609 2990 1765 3045 initio
1817 3000 2109 3064 antequam

2211 2987 2306 3038 ἀπ’
2331 2985 2504 3057 ἀρχῆς
2528 2985 2632 3052 πρὸ
2659 2981 2757 3052 τῆς
2783 2979 3018 3052 Χριστοῦ
3046 2976 3364 3050 παρουσίας.
3397 2973 3531 3027 Οὐδὲ
3560 2970 3668 3043 γὰρ
3687 2971 3786 3064 τὴν

533 3074 788 3130 Christus
820 3085 1161 3132 nasceretur.
1205 3078 1390 3152 Neque
1432 3079 1576 3136 enim
1614 3092 1838 3154 propter
1864 3061 2001 3156 legis
2041 3087 2109 3142 de

2210 3077 2528 3148 νομοθεσίαν
2570 3073 2664 3127 τοῦ
2708 3072 2898 3142 Πάσχα
2921 3071 3071 3137 λέγει
3102 3067 3301 3130 αὐτοὺς
3327 3069 3355 3119 ό
3385 3064 3516 3126 Θεὸς
3540 3065 3632 3156 ἀεὶγ
3657 3061 3789 3156 πλα-

532 3165 800 3223 l‘aschate
829 3179 1159 3241 prteceptum
1197 3172 1320 3227 illos
1371 3175 1449 3227 ait
1496 3175 1638 3231 Deus
1683 3191 1900 3247 semper
1923 3155 2108 3236 icorde

2210 3171 2483 3242 νωμένους
2515 3171 2580 3238 τῇ
2604 3166 2820 3238 καρδίᾳ,
2842 3165 3030 3236 ὥσπερ
3061 3158 3429 3232 συνέγραψας,
3457 3155 3591 3210 ἀλλὰ
3616 3155 3705 3247 διά
3725 3172 3786 3247 τε

531 3272 778 3325 errasse,
846 3263 1303 3332 quemadmodum
1358 3267 1674 3338 scripsisti,
1729 3269 1824 3325 sed
1887 3279 2109 3341 propter

530 3353 692 3407 aliam
738 3355 1164 3412 iuobedientiam
1217 3366 1270 3414 et
1322 3369 1548 3432 propter
1597 3363 1740 3416 mala
1795 3367 1872 3418 ac’
1927 3365 2106 3436 turpia

527 3460 715 3499 eorum
767 3462 965 3517 opera,
1013 3464 1136 3503 cum
1195 3449 1408 3506 scilicet
1457 3451 1521 3506 ad
1572 3452 1846 3526 idolorum
1896 3455 2104 3510 cultum

525 3543 582 3590 et
645 3535 711 3591 ad
761 3536 1150 3594 fornicationes
1195 3555 1318 3596 sese
1355 3541 1479 3598 illos
1521 3543 1859 3599 convertisse
1903 3544 2104 3601 adver-

530 3635 691 3682 teret.

601 3739 664 3796 ν.
709 3739 776 3794 Ει
803 3750 918 3810 post
946 3740 1274 3810 pauca:Vel
1313 3743 1368 3798 in
1396 3743 1502 3799 hoc
1533 3747 1762 3802 multum
1785 3788 1799 3814 ,
1835 3749 2096 3804 multum-

526 3845 634 3902 que
692 3832 953 3894 omnino,
1006 3833 1053 3887 si
1105 3833 1328 3903 quidem
1387 3837 1761 3906 dormitabas,
1819 3849 1871 3894 te
1921 3840 2098 3910 ipsum

527 3919 872 3976 Ecclesiaste:
912 3921 1138 3992 flagellis
1197 3926 1448 3981 excitasti
1479 3967 1494 3991 ,
1551 3943 1759 3982 memor
1797 3932 2099 4000 praesertim

527 4013 632 4068 loci
665 4013 842 4082 illius,
897 4015 987 4069 ubi
1038 4016 1148 4079 ait,
1181 4017 1362 4086 lapsus
1405 4036 1436 4071 a
1471 4027 1611 4073 terra
1650 4021 1728 4075 vel
1775 4039 1806 4075 a
1844 4023 2024 4094 lingua
2053 4027 2096 4079 '.

524 4109 736 4180 Quippe
757 4153 771 4178 ,
808 4119 867 4163 ut
898 4125 1114 4164 rursum
1151 4110 1302 4166 vides
1324 4152 1340 4178 ,
1373 4113 1646 4181 objectum
1669 4129 1698 4167 a
1723 4122 1776 4169 te
1807 4116 2014 4171 crimen
2041 4118 2097 4172 in

523 4202 741 4258 illorum
787 4203 956 4260 duces
1004 4203 1304 4260 reflectitur
1355 4223 1368 4260 :
1432 4206 1565 4276 quin
1617 4208 1784 4262 etiam
1837 4224 2094 4279 magnum

523 4291 864 4363 subsequens
905 4293 1206 4363 periculum
1243 4293 1368 4350 licet
1401 4296 1708 4366 suspicari,
1743 4305 1930 4368 utpote
1971 4313 2094 4352 cum

519 4383 842 4450 audiamus,
873 4385 1105 4456 lapidem
1144 4401 1303 4456 quem
1343 4387 1468 4458 quis
1517 4389 1570 4442 in
1603 4389 1771 4442 altum
1801 4389 2095 4460 projecerit

521 4478 578 4532 in
600 4478 747 4532 illius
795 4487 960 4548 caput
1014 4479 1277 4536 recidere.
1321 4479 1490 4534 Multo
1533 4481 1708 4551 magis
1767 4481 2091 4536 temerarius
2123 4519 2170 4578 υ

519 4577 638 4635 est,
675 4571 768 4640 qui
797 4571 852 4624 in
893 4571 997 4626 hoc
1023 4571 1274 4644 Moysen,
1303 4573 1466 4628 talem
1503 4571 1596 4626 Dei
1633 4588 1882 4636 servum,
1925 4573 2088 4629 audet

517 4661 834 4727 criminari,
867 4663 954 4718 vel
979 4665 1070 4734 qui
1101 4665 1151 4719 ei
1185 4665 1456 4722 successit
1493 4663 1680 4719 Jesum
1714 4663 1882 4720 filium
1908 4665 2087 4734 Nave,

516 4755 601 4810 vel
621 4755 716 4825 qui
741 4755 937 4812 exinde
976 4756 1077 4812 hos
1105 4765 1252 4812 recte
1279 4767 1406 4812 sunt
1433 4756 1658 4820 sectati,
1701 4758 1786 4811 vel
1823 4758 1914 4828 qui
1963 4758 2090 4830 ipsi-

517 4849 626 4899 met
647 4842 927 4914 incepere;
950 4843 1165 4913 judices
1189 4886 1204 4911 ,
1238 4845 1459 4912 inquam
1479 4883 1492 4904 .
1519 4859 1584 4898 ac
1616 4859 1770 4914 reges
1793 4885 1808 4910 ,
1843 4846 1926 4900 vel
1949 4863 2088 4917 quos

519 4930 755 5005 Spiritus
777 4944 1004 4992 sanctus
1034 4935 1320 5006 inspiravit
1348 4935 1646 5005 prophetas
1666 4974 1682 5000 ,
1717 4937 1948 5008 illosque.
1993 4940 2084 5009 qui

515 5028 658 5083 inter
683 5009 926 5084 summos
957 5027 1246 5098 pontifices
1267 5027 1530 5097 inculpati
1563 5029 1848 5096 exsistere,
1884 5031 2086 5102 quique

511 5117 838 5175 traditiones
895 5119 1069 5175 secuti
1135 5119 1273 5172 nihil
1323 5119 1716 5185 immutarunt,
1777 5138 1964 5177 verum
2030 5123 2082 5175 in

509 5218 818 5282 opportuna
857 5211 1140 5267 Paschalis
1179 5211 1592 5278 observatione,
1647 5221 1706 5268 ut
1755 5221 1809 5269 et
1861 5214 1914 5268 in
1958 5215 2086 5268 aliis

510 5284 627 5372 suis
651 5301 1042 5358 festivitatibus
1061 5341 1076 5368 ,
1105 5313 1522 5360 consenserunt.

580 5511 596 5542 ¹
621 5509 776 5566 Paul.
799 5526 945 5581 xeiv,
978 5511 1070 5581 10,
1107 5513 1196 5570 Η.
1274 5517 1296 5548 ³
1323 5513 1490 5570 Eccli.
1521 5531 1614 5580 xx,
1641 5515 1733 5569 20.

2209 3265 2310 3336 τὴν
2355 3263 2518 3332 ἄλλην
2559 3261 2739 3312 πᾶσαν
2766 3255 3068 3328 παρακοὴν,
3102 3253 3195 3306 καὶ
3223 3249 3310 3304 διὰ
3349 3249 3417 3302 τὰ
3446 3244 3655 3316 πονηρὰ
3688 3246 3786 3336 καὶ

2209 3334 2363 3424 ἀειδῆ
2396 3351 2576 3406 αὐτῶν
2599 3350 2754 3422 ἔργα,
2781 3349 2874 3402 ειτε
2899 3345 2964 3417 δὴ
2990 3343 3134 3417 ὁρῶν
3175 3343 3371 3404 αὐτοὺς
3415 3341 3470 3392 ἐν
3501 3334 3787 3391 εἰδωλολα-

2207 3446 2414 3519 τρείαις
2443 3445 2537 3498 καὶ
2567 3441 2844 3514 πορνείαις
2874 3437 3394 3511 ἀναστρεφομένους.

2277 3739 2340 3796 γ.
2382 3739 2493 3794 Καὶ
2521 3738 2647 3809 μετ’
2673 3735 2877 3804 ὀλίγα’
2907 3732 3069 3784 ’Ὥστε
3101 3728 3196 3783 καὶ
3228 3729 3285 3781 ὲν
3309 3723 3482 3794 τούτῳ
3508 3721 3663 3786 πολὺ,
3687 3720 3780 3773 καὶ

2205 3834 2344 3888 πάνυ
2385 3849 2449 3901 γε
2493 3830 2647 3894 πολὺ,
2682 3827 2806 3884 ἐπεὶ
2857 3824 3246 3884 καθύπνωσας,
3281 3818 3547 3888 διέγειρον
3590 3812 3781 3866 ἑαυτὸν

2202 3927 2312 3990 τοῖς
2357 3922 2450 3976 τοῦ
2523 3915 2950 3990 Ἐκκλησιαστοῦ
3005 3911 3379 3984 βουκέντροις,
3431 3902 3779 3977 μεμνημένος

2206 4017 2437 4090 μάλιστα
2489 4012 2582 4066 τοῦ
2627 4012 2904 4081 λέγοντος’
2951 4006 3253 4072 ὀλίσθημα
3291 3998 3409 4055 ἀπὸ
3452 3993 3779 4090 ἐδάφους-ᾖ

2200 4085 2318 4164 ἀπὸ
2355 4103 2656 4177 γλώσσης.
2701 4103 2810 4155 Καὶ
2837 4099 2966 4171 γὰρ,
3001 4098 3076 4161 ὼς
3114 4093 3275 4148 πάλιν
3318 4091 3473 4185 ὁρᾷς,
3520 4085 3779 4185 ὲπὶλτοὺς

2201 4197 2692 4270 καθηγησαμένους
2725 4192 2902 4248 αὐτῶν
2929 4191 3119 4258 φθάνει
3147 4187 3207 4242 τὸ
3232 4183 3520 4256 ἐπενεχθὲν
3547 4177 3653 4234 ὑπὸ
3683 4177 3778 4230 σοῦ

2198 4292 2446 4366 ἔγκλημα
2465 4307 2478 4320 ·
2517 4290 2610 4343 καὶ
2646 4288 2792 4340 ἔστιν
2819 4281 3120 4354 ὑφορᾶσθαι
3151 4280 3242 4334 τὸν
3271 4270 3779 4372 παρακολουθοῦντα

2200 4360 2384 4454 μέγαν-
2402 4379 2642 4434 κίνδυνον
2664 4421 2676 4433 .
2707 4377 2801 4430 ἅτε
2846 4373 2908 4445 δὴ
2938 4371 3242 4426 ἀκουόντων
3277 4367 3456 4439 ἡμῶν,
3480 4365 3561 4417 ὅτι

2196 4452 2302 4528 λων
2331 4473 2474 4526 λίθον
2505 4472 2584 4533 είς
2617 4469 2747 4538 ὕψος
2779 4468 2872 4520 ἐπὶ
2907 4462 3143 4534 κεφαλὴν
3173 4458 3336 4514 αὑτοῦ
3372 4455 3572 4529 βάλλει.
3601 4452 3776 4522 Εὐχε-

2200 4567 2296 4640 ρὴς
2323 4567 2378 4619 δὲ
2409 4563 2564 4619 ἄλλον
2583 4562 2717 4632 (50),
2736 4559 2830 4614 καὶ
2856 4559 2962 4620 πᾶς
2993 4557 3140 4617 ὅστις
3160 4552 3352 4622 τολμᾷ,
3383 4551 3439 4640 ὲν
3471 4545 3644 4640 τούτιρ
3678 4541 3776 4640 καὶ

2196 4634 2428 4727 Μιυῦσῆ,
2461 4654 2550 4708 τὸν
2583 4649 2898 4722 τηλικοῦτον
2921 4647 3228 4718 θεράποντα
3269 4640 3360 4694 τοῦ
3404 4637 3560 4698 Θεοῦ,
3594 4634 3774 4735 atri?-

2199 4748 2342 4814 σθαι,
2433 4746 2523 4799 τὸν
2548 4743 2924 4812 διαδεξάμενον
2948 4737 3109 4791 αὐτὸν
3142 4732 3348 4806 Ἰησοῦν
3369 4731 3460 4784 τὸν
3480 4727 3570 4782 τοῦ
3592 4726 3770 4820 Diaei}.

2193 4841 2226 4912 ἢ
2273 4816 2404 4903 τοῦς⁷
2445 4835 2678 4906 καθεξῆς
2721 4835 2846 4896 τοῦς
2885 4827 2944 4884 εὖ
2990 4821 3539 4899 παρηκολουθηκότας
3571 4816 3771 4880 αὐτῶν,

2195 4933 2288 4984 καὶ
2319 4929 2588 5002 ἄρξαντας
2609 4944 2623 4957 ·
2655 4925 2801 4993 λέγω
2830 4923 2908 4978 ἔτι
2938 4923 3062 4984 τοὺς
3087 4917 3296 4992 κριτὰς,
3322 4913 3563 4974 καὶτοὺς
3586 4924 3774 4978 φαινο-

2196 5027 2388 5096 μένους
2433 5021 2708 5092 βασιλέας,
2752 5019 2786 5089 ἢ
2835 5015 2938 5088 [δὲ]
2987 5016 3080 5069 καὶ
3125 5014 3250 5074 τοὺς
3291 5003 3772 5096 πνευματοφόρους

2193 5093 2508 5188 προφήταςσ
2535 5113 2629 5166 καὶ
2662 5111 2740 5165 ἔτι
2777 5105 3258 5194 τοῦς-γενομένους
3286 5103 3344 5194 ὲν
3375 5093 3773 5194 αὺτοῖς-άμέμ-

2189 5186 2356 5271 πτους
2380 5206 2669 5278 ἀρχιερέας
2689 5204 2825 5258 οἴσει
2841 5219 2853 5232 '
2878 5190 2972 5255 καὶ
2992 5201 3113 5271 μη“
3133 5213 3214 5249 σιν
3245 5193 3500 5263 ἑπόμενοι
3524 5186 3774 5278 ἀλλοιοῦν

2186 5318 2270 5368 γε,
2323 5302 2382 5352 ἐν
2421 5277 2494 5370 τῇ
2548 5295 2642 5351 τοῦ
2694 5297 2885 5365 Πάσχα
2926 5285 3371 5360 εὐκαιριμωτάτῃ
3401 5277 3771 5352 παραφυλακῇ

2191 5392 2546 5464 συνεφώνουν,
2567 5391 2643 5455 ὡς
2667 5389 2726 5444 ἐν
2749 5390 2869 5452 ταῖς
2894 5385 3081 5446 ἄλλαις
3113 5378 3292 5435 αὐτῶν
3321 5376 3554 5448 ἑορταῖς.

636 5660 687 5732 9)
719 5659 919 5714 Eadem
950 5661 1158 5731 profert
1182 5659 1440 5717 Petavius
1466 5661 1520 5714 in
1559 5658 1902 5728 Uranologio,
1935 5673 2055 5731 pag.
2083 5657 2190 5714 215
2213 5672 2331 5728 seq.

576 5659 714 5869 βψ)
761 5729 1370 5812 Ἑμϐολισμόν.οιῖοι·ιο
1391 5731 1706 5802 ἐμϐόλιμον.
1736 5729 1895 5784 Ευιπ.

600 5800 689 5869 50)
736 5802 972 5854 "Mor.
1006 5801 1134 5869 Leg.
1163 5801 1356 5863 άλλως.

639 5729 714 5802 9⁷⁸)
761 5729 1174 5802 Ἑμϐολιᾳμόν.
1202 5729 1370 5802 Forte
1391 5731 1706 5802 ἐμϐόλιμον.
1736 5729 1895 5784 Et)”.

600 5800 689 5870 50)
736 5802 972 5854 Ἀλλον.
1006 5801 1134 5872 Leg.
1163 5801 1356 5863 ἄλλως.
