4132 6420
404 346 506 402 517

1804 343 1986 400 FRAC
1996 344 2251 398 ΜΕΝἸᾺ.

3560 354 3664 410 518

473 463 563 519 Vl.
607 464 713 518 Kal
748 465 1102 533 μεθ’ἓτεριι·
1134 466 1293 518 Ὥστε
1336 467 1427 518 ἐπὶ
1474 466 1533 518 τὸ
1582 464 1965 535 ἀκινδυνότερος

2158 460 2248 517 Vl.
2288 461 2353 516 Et
2382 472 2496 530 post
2530 464 2680 517 alia:
2705 462 2809 517 Sed
2845 472 2899 517 et
2930 459 3102 520 tutius
3135 467 3468 538 suaviusque
3503 469 3664 543 longe

406 557 624 628 μᾶλλον,
655 557 751 610 καὶ
778 557 1149 630 εὐφημότερον
1182 559 1346 629 ἐχρῆν
1370 558 1756 628 καταδραμεῖν,
1786 558 1878 609 καὶ
1906 557 1978 628 μὴ

403 648 787 719 ῥιψοκινδύνως
822 650 916 702 καὶ
942 649 1236 721 δυσφήμως
1270 649 1522 719 γράφειν,
1566 650 1646 701 ὅτι
1688 649 1783 702 ἀπ’
1806 650 1978 719 ἀρχῆς

402 742 494 794 καὶ
536 741 623 795 ἀεὶ
654 741 930 811 φαίνονται
964 744 1092 814 περὶ
1119 742 1179 795 τὸ
1210 742 1401 813 Πάσχα
1430 741 1767 812 πλανώμενοι
1787 759 1803 771 ν
1841 742 1977 810 ὅπερ

400 830 498 883 οὐκ
528 829 670 899 ἔχεις
715 831 903 897 δεῖξαι,
950 831 1123 884 ὁπόσα
1169 830 1273 883 κᾶν
1305 830 1463 901 θέλῃς
1506 830 1837 902 δημηγορεῖν
1864 834 1976 894 τοῖς

399 920 515 973 νυνὶ
562 921 703 974 κατὰ
747 921 947 993 πολλὴν
998 921 1228 991 πλάνην,
1274 920 1372 992 τῆς
1416 938 1474 973 τε
1525 921 1843 992 νομοθεσίας
1881 922 1973 974 τοῦ

398 1010 589 1082 Πάσχα
630 1013 723 1065 καὶ
767 1013 875 1065 τῶν
919 1013 1091 1067 ἄλλων
1131 1011 1528 1066 ἐκπεπτωκόσι.
1558 1012 1839 1066 Φαίνονται
1868 1012 1974 1085 γάρ

397 1104 445 1155 οἱ
492 1103 656 1157 πάλαι
714 1104 849 1175 μετὰ
894 1105 1112 1176 ἐαρινὴν
1166 1104 1451 1175 ἰσημερίαν
1484 1104 1614 1156 αὐτὸ
1655 1105 1969 1168 ποιοῦντες·

397 1196 532 1270 ὅπερ
584 1198 807 1253 δύνασαι
846 1199 1048 1267 γνῶναι
1095 1197 1330 1269 ἐντυχὼν
1393 1199 1813 1270 συγγράμμασιν
1877 1200 1974 1271 ἀρ-

399 1290 591 1361 χαίοις,
639 1284 720 1354 οἷς
770 1290 1002 1361 μάλιστα
1048 1290 1421 1362 ἀνεγράψαντο
1468 1292 1514 1343 oi
1543 1291 1671 1363 παρ’
1707 1290 1973 1363 Ἑϐραίοις

399 1382 550 1452 σοφοί
583 1381 718 1453 (31).

467 1474 582 1527 VlI.
627 1475 749 1526 Ὅτι
777 1473 872 1544 μὲν
895 1468 989 1527 οὖν
1018 1475 1177 1546 μέχρι
1208 1475 1300 1528 τοῦ
1330 1474 1607 1546 Κυριακοῦ
1634 1474 1856 1539 πάθους,
1879 1472 1972 1528 ἁλ-

394 1563 461 1620 λὰ
492 1566 585 1619 καὶ
615 1566 708 1619 ἐπὶ
736 1566 833 1635 τῆς
873 1566 1107 1637 ὑστάτης
1139 1566 1393 1630 ἁλώσεως
1437 1565 1840 1638 Ἱεροσολύμων,
1870 1566 1971 1636 τῆς

393 1657 689 1727 γενομένης
736 1657 827 1709 ἐπὶ
878 1657 1289 1711 Οὐεσπασιανοῦ
1359 1658 1622 1728 βασιλέως
1661 1658 1965 1726 Ῥωμαίων,

393 1748 645 1811 ἀπλανῶς
672 1748 879 1801 τάττων
909 1749 1007 1819 τὴν
1037 1748 1092 1800 ιδ’
1125 1747 1220 1801 τοῦ
1248 1748 1465 1821 πρώτου
1497 1750 1667 1821 μηνὸς
1690 1751 1785 1823 τῆς
1821 1751 1970 1821 σελή-

2086 554 2258 624 magis
2284 554 2614 609 currendum
2648 561 2793 621 erat,
2821 569 2931 608 non
2977 572 3107 610 vero
3139 564 3342 614 temere
3367 576 3431 614 ac
3469 578 3663 633 ρει-μοι

2086 659 2201 697 ram
2234 643 2616 711 scribendum,
2654 645 2722 698 ab
2753 646 2908 699 initio
2941 655 2993 700 et
3032 662 3247 717 semper
3276 649 3420 704 circa
3447 648 3672 707 Pascha.

2084 750 2300 791 errasse
2334 735 2537 801 videri,
2573 752 2696 790 cum
2748 737 2803 791 id
2846 738 3069 793 minime
3118 741 3298 809 possis
3333 744 3654 807 ostendere,

2084 827 2348 896 quidquid
2382 828 2628 898 ingerere
2659 830 2793 884 velis
2818 830 2919 895 iis,
2952 832 3042 900 qui
3068 848 3215 886 nunc
3262 848 3387 885 cum
3421 834 3654 904 plurimo

2081 932 2268 971 errore
2301 934 2331 971 a
2361 919 2493 987 legis
2536 929 2807 988 praecepto
2838 920 2906 975 de
2934 919 3202 977 Paschate
3243 930 3299 978 et
3342 925 3463 980 aliis
3504 926 3656 980 aber-

2082 1017 2225 1064 rant.
2258 1008 2526 1064 Videntur
2555 1013 2697 1066 enim
2739 1022 2952 1068 veteres
2986 1013 3119 1067 illud
3157 1017 3336 1085 egisse
3371 1027 3496 1085 post
3533 1034 3652 1073 ver-

2081 1116 2212 1154 num
2261 1102 2683 1172 aequinoctium,
2732 1104 2877 1173 quod
2931 1120 3094 1159 nosse
3123 1106 3220 1159 tibi
3256 1107 3438 1161 licebit
3482 1108 3651 1165 libros

2080 1199 2291 1247 veteres
2327 1193 2559 1263 legenti,
2586 1192 2818 1261 illosque
2846 1195 3083 1249 maxime
3119 1195 3210 1265 qui
3240 1211 3270 1249 a
3308 1196 3650 1267 sapientibus

2079 1279 2321 1338 Hebraeis
2352 1292 2481 1339 sunt
2499 1284 2819 1352 conscripti.

2150 1450 2261 1509 Vll.
2310 1452 2588 1508 Hactenus
2639 1452 2806 1521 igitur
2851 1468 3027 1523 usque
3057 1452 3127 1508 ad
3152 1453 3490 1510 Dominicam
3521 1472 3648 1529 pas-

2077 1543 2317 1606 sionem,
2354 1551 2519 1611 atque
2552 1542 2688 1595 adeo
2727 1543 2783 1595 in
2825 1549 3101 1611 postremo
3153 1540 3647 1614 Hierosolymitano

2074 1633 2315 1698 excidio,
2345 1632 2490 1702 quod
2515 1633 2617 1687 sub
2646 1630 2980 1702 Vespasiano
3012 1631 3382 1687 Romanorum
3416 1634 3645 1704 impera.

2075 1737 2192 1782 tore
2224 1726 2484 1795 contigit,
2515 1726 2771 1796 populum
2798 1724 3095 1780 lsraelitam
3129 1741 3222 1780 xlv
3252 1726 3411 1795 primi
3438 1726 3651 1781 mensis"

392 1856 489 1912 νης
528 1842 556 1892 6
596 1840 932 1912 Ἰσραηλίτης
959 1816 1085 1904 λαὸς
1118 1840 1176 1893 τὸ
1222 1816 1441 1911 νομικὸν
1484 1816 1963 1914 ἑώρταζεΠάσχα,

2072 1820 2214 1874 luna:
2240 1827 2389 1873 recte
2424 1825 2659 1881 statuta,
2708 1818 2878 1886 legale
2931 1818 3239 1873 celebrasse
3270 1816 3479 1872 Pascha
3514 1819 3642 1873 bre-

391 1930 479 1986 διὰ
503 1932 705 1986 τούτων
731 1932 1009 2003 συντόμως
1037 1933 1434 1987 ἀποδέδεικται.
1457 1932 1576 1988 Τῶν
1607 1934 1768 2004 ἱερῶν
1788 1936 1965 1989 τοίνυν

2068 1912 2209 1966 viter
2277 1910 2709 1965 demonstratum
2756 1919 2857 1964 est.
2940 1908 3125 1963 Sacris
3180 1924 3309 1978 ergo
3361 1909 3641 1980 prophetis

392 2025 704 2095 προφητῶν,
739 2025 834 2079 καὶ
856 2025 1091 2089 πάντων,
1115 2025 1188 2088 ὡς
1214 2025 1369 2098 ἔφην,
1401 2028 1534 2098 ὁμοῦ
1559 2028 1666 2081 τῶν
1695 2031 1855 2093 όσίως
1876 2030 1968 2083 καὶ

388 2114 611 2179 δικαίως
662 2116 721 2167 ὲν
770 2113 848 2184 τῷ
897 2115 1047 2185 νόμῳ
1098 2116 1304 2186 Κυρίου
1350 2117 1819 2188 πολιτευσαμένων
1871 2121 1968 2173 σὺν

390 2202 552 2257 παντὶ
578 2203 655 2275 τῷ
684 2203 796 2273 λαῷ
824 2203 883 2256 τὸ
917 2203 1145 2257 τυπικὺν
1175 2206 1269 2257 καὶ
1305 2206 1529 2269 σκιῶδες
1561 2208 1751 2277 Πάσχα
1782 2210 1969 2280 ἑορτα-

392 2294 609 2360 ζόντων,
638 2297 666 2348 6
710 2294 890 2365 πάσης
931 2294 1163 2366 ἀοράτου
1217 2295 1310 2348 καὶ
1353 2297 1555 2368 ὁρατῆς
1602 2297 1830 2363 κτίσεως
1876 2301 1970 2371 δη-

394 2387 649 2460 μιουργὸς
678 2388 772 2441 καὶ
798 2387 1082 2458 δεσπότης,
1119 2388 1146 2439 6
1178 2388 1469 2459 μονογενὴς
1502 2388 1649 2456 Υἱὸς,
1676 2391 1770 2443 καὶ⁵
1796 2391 1966 2458 Λόγος

388 2475 420 2528 6
461 2476 537 2548 τῷ
580 2477 756 2549 Πατρὶ
806 2477 899 2531 καὶ
948 2476 1028 2547 τῷ
1066 2476 1207 2546 ἁγίῳ
1240 2475 1523 2547 Πνεύματι
1552 2477 1839 2542 σνδναῖδιος,
1875 2479 1967 2531 καὶ⁸

388 2563 668 2636 όμοούσιος
714 2564 856 2619 κατὰ
904 2566 1002 2636 τὴν
1042 2565 1289 2636 θεότητα,
1331 2567 1359 2619 6
1401 2565 1603 2637 Κύριος
1649 2567 1824 2637 ἡμῶν,
1873 2571 1967 2623 καὶ

390 2655 520 2719 Θεὸς
557 2654 761 2727 Ἰησοῦς
786 2658 814 2709 6
857 2656 1107 2728 Χριστὸς,
1162 2658 1253 2710 ἐπὶ
1298 2656 1577 2728 συντελείᾳ
1622 2657 1728 2711 τῶν
1757 2656 1966 2715 αἰώνων

390 2747 528 2802 κατὰ
562 2747 739 2820 σάρκα
766 2749 978 2819 τεχθεὶς
1005 2751 1068 2802 ἐκ
1096 2749 1194 2820 τῆς
1228 2749 1391 2817 ἁγίας
1436 2749 1646 2816 ἐνδόξου
1681 2748 1966 2820 δεσποίνης

386 2840 544 2910 ἡμῶν
575 2840 835 2894 Θεοτόκου
868 2842 960 2894 καὶ
995 2838 1396 2911 Ἀειπαρθένου,
1428 2840 1681 2893 καὶκατὰ
1708 2838 1963 2910 ἀλήθειαν

387 2931 647 2987 Θεοτόκου
680 2931 915 3004 Μαρίας,
950 2932 1043 2985 καὶ⁸
1082 2931 1174 2985 ἐπὶ
1218 2931 1316 3001 τῆς
1347 2930 1452 3000 γῆς
1484 2930 1689 3001 ὀφθεὶς,
1725 2931 1819 2984 καὶ
1852 2934 1966 2994 τοῖς

386 3022 688 3094 ὁμοουσίοις
715 3022 855 3077 κατὰ
897 3021 992 3094 τὴν
1016 3021 1405 3094 ἁνθρωπότητα
1430 3020 1735 3094 ἀνθρώποις
1768 3022 1842 3086 ὡς
1873 3022 1965 3076 ἄν·

388 3111 603 3184 θρωπος
631 3112 845 3186 ἀληθῶς
876 3112 1357 3184 συναναστραφεὶς,
1405 3112 1499 3165 καὶ
1548 3113 1709 3176 αὐτὸς
1750 3115 1852 3166 σὺν
1886 3112 1962 3184 τῷ

2067 2002 2465 2072 omnibusque,
2497 2010 2555 2055 ut
2585 2000 2730 2065 dixi,
2764 2007 2954 2056 sancte
2985 2000 3147 2054 simul
3182 2009 3235 2053 et
3254 2000 3402 2068 juste
3441 2002 3495 2054 in
3525 2001 3643 2071 lege

2067 2095 2281 2149 Domini
2311 2094 2681 2158 versantibus,
2717 2110 2839 2148 cum
2868 2093 3125 2147 universo
3148 2093 3370 2162 populo,
3396 2093 3641 2163 typicum

2066 2194 2120 2242 et
2150 2188 2436 2242 umbratile
2490 2186 2703 2241 Pascha
2743 2186 3151 2240 celebrantibus
3178 2224 3192 2249 ,
3246 2186 3537 2242 invisibilis
3584 2194 3643 2241 et

2063 2279 2297 2334 visibilis
2317 2279 2497 2334 omnis
2526 2286 2793 2333 creaturae
2814 2275 3081 2330 Conditor
3107 2291 3171 2330 ac
3208 2276 3488 2339 Dominus.
3516 2277 3641 2331 uni-

2066 2368 2283 2436 genitus
2314 2365 2507 2430 Filius,
2556 2376 2609 2421 et
2641 2364 2881 2420 Verbum
2915 2360 3062 2417 Patri
3100 2371 3154 2418 et
3190 2361 3415 2434 Spiritui
3447 2374 3640 2420 sancto

2065 2468 2396 2515 ceteternum
2419 2501 2433 2525 ,
2472 2459 2829 2528 ejusdemque
2875 2459 3174 2512 seCundum
3213 2456 3469 2510 deitatem
3502 2459 3637 2511 sub-

2066 2552 2280 2607 stantiae
2301 2592 2315 2616 ,
2346 2550 2609 2606 Dominus
2635 2560 2822 2604 noster
2852 2557 2904 2603 et
2937 2547 3081 2603 Deus
3107 2546 3266 2603 Jesus
3292 2547 3544 2602 Christus
3579 2547 3637 2601 in

2066 2647 2393 2701 smeulorum
2429 2643 2901 2701 consummatione
2929 2641 3232 2698 secundum
3273 2624 3492 2696 carnem
3538 2655 3638 2694 na-

2064 2745 2175 2804 tus,
2197 2753 2263 2792 ex
2295 2742 2482 2791 Sancta
2506 2736 2741 2805 gloriosa
2771 2735 2990 2789 domina
3021 2741 3208 2788 nostra
3237 2731 3328 2787 Dei
3362 2731 3637 2787 Genitrice

2064 2837 2117 2882 et
2149 2842 2364 2896 semper
2397 2825 2610 2895 virgine
2630 2864 2643 2889 ,
2679 2840 2744 2879 ac
2779 2839 2968 2878 revera
2999 2821 3091 2876 Dei
3123 2819 3398 2876 Genitrice
3423 2819 3594 2875 Maria
3615 2859 3633 2884 ,

2063 2927 2117 2973 et
2149 2919 2204 2972 in
2229 2927 2372 2972 terra
2405 2919 2559 2972 visus
2585 2957 2598 2979 ,
2631 2923 2685 2971 et
2712 2914 2957 2984 ejusdem
2985 2913 3304 2967 substantiae
3335 2912 3635 2967 secundum

2067 3009 2461 3063 humanitatem
2494 3022 2618 3061 cum
2652 3005 2966 3060 hominibus
2990 3044 3004 3067 ,
3038 3011 3098 3057 ut
3128 3004 3292 3057 homo
3313 3041 3331 3069 ,
3353 3018 3479 3057 vere
3499 3017 3636 3057 con-

2065 3110 2335 3168 versatus,
2368 3101 2593 3169 ipseque
2615 3113 2739 3152 cum
2774 3097 2976 3167 populo
3009 3096 3169 3151 annis
3210 3106 3336 3150 ante
3372 3095 3640 3166 pradica-

386 3183 500 3276 λαῷ
527 3207 585 3258 ὲν
609 3183 887 3270 τοῖς-ἔτεσι
911 3208 1022 3269 τοῖς
1056 3183 1161 3275 προ
1192 3201 1286 3256 τοῦ
1315 3203 1685 3276 κηρύγματος,
1722 3205 1816 3259 καὶ
1853 3183 1961 3268 τοῖς

2067 3193 2288 3255 tionem,
2319 3200 2372 3245 et
2401 3191 2462 3244 in
2485 3187 2870 3260 praedicatione
2899 3186 3067 3256 legale
3090 3192 3143 3239 et
3171 3185 3409 3256 typicum
3430 3183 3639 3240 Pascha

386 3297 445 3353 ἐν
474 3298 551 3369 τῷ
586 3299 899 3371 κηρύγματι
924 3298 984 3350 τὸ
1008 3298 1230 3368 νομικὸν
1253 3299 1345 3352 καὶ
1373 3297 1599 3360 σκιῶδες
1627 3298 1818 3366 Πάσχα
1867 3298 1964 3349 ὲπ-

388 3388 656 3453 ετέλεσεν,
695 3374 899 3441 ἐσθίων
911 3387 1003 3440 τὸν
1035 3389 1263 3442 τυπικὺν
1290 3389 1489 3460 ἀμνὸνο
1526 3390 1639 3441 Οὐκ
1661 3383 1825 3458 ἦλθον
1854 3387 1963 3459 γὰρ

387 3477 689 3532 καταλῦσαι
713 3477 805 3530 τὸν
829 3477 1010 3549 Νόμον
1035 3477 1069 3549 ἢ
1097 3478 1223 3542 τοὺς
1254 3480 1556 3551 προφήτας,
1582 3477 1717 3531 ἀλλὰ
1746 3478 1964 3549 πληρῶ-

388 3584 496 3629 σαι,
533 3569 691 3632 αὐτὸς
719 3571 775 3622 ὲν
803 3569 1153 3638 Εὐαγγελίοις
1195 3570 1415 3643 εἴρηκεν
1444 3573 1472 3624 6
1500 3573 1710 3644 Σωτήρ.
1731 3573 1880 3626 Ἐπεὶ
1907 3572 1962 3626 δὲ

385 3660 667 3732 ἐκήρυξεν,
692 3662 790 3714 οὐκ
816 3661 985 3730 ἔφαγε
1008 3661 1099 3715 τὸν
1118 3662 1285 3733 ἀμνόν
1303 3679 1316 3692 °
1344 3662 1458 3715 ἀλλ’
1483 3663 1642 3725 αὐτὸς
1662 3662 1862 3716 ἔπαθεν
1888 3663 1964 3727 ὡς

384 3750 635 3822 ἀληθινὸς
662 3753 831 3823 ἀμνὸς
861 3754 918 3805 ὲν
950 3756 1014 3823 τῇ
1045 3753 1138 3806 τοῦ
1172 3754 1363 3824 Πάσχα
1387 3754 1568 3825 ἑορτῇ,
1611 3754 1792 3818 καθὼς
1816 3754 1962 3807 διδάυ

385 3856 503 3896 σκει
552 3844 580 3895 6
626 3843 871 3913 θεολόγος
922 3845 1018 3898 καὶ
1066 3846 1458 3916 εὐαγγελιστὴς
1501 3847 1752 3918 Ἰωάννης
1783 3849 1840 3900 ὲν
1886 3847 1962 3918 τῷ

386 3934 505 3987 κατ’
530 3933 689 3987 αὐτὸν
717 3935 1051 4008 Εὑαγγελίῳ,
1075 3934 1247 4004 λέγων
1270 3935 1443 4000 οὕτως
1462 3954 1475 3967 ο
1526 3939 1806 4007 Ἄγουσιν
1852 3934 1964 3993 οὖν

383 4023 493 4078 τὸν
532 4024 766 4091 Ἰησοῦν
797 4027 915 4081 ἀπὸ
964 4027 1072 4081 τοῦ
1100 4028 1335 4095 Καῖάςσα
1366 4030 1453 4094 εἰς
1485 4028 1551 4082 τὸ
1574 4029 1957 4097 πραιτώριον·

383 4111 463 4185 ἦν
490 4115 558 4169 δὲ
579 4119 746 4185 πρωῒ,
784 4119 880 4172 καὶ
919 4119 1085 4173 αὐτοὶ
1119 4122 1231 4174 οὐκ
1255 4120 1545 4189 εἰσῆλθον
1574 4124 1661 4188 είς
1696 4121 1762 4174 τὸ
1794 4138 1962 4190 πραι-

384 4205 611 4276 τώριον,
651 4210 749 4263 ἵνα
795 4209 880 4279 μὴ
908 4209 1260 4279 μιανθῶσιν,
1308 4212 1447 4265 ἀλλ’
1477 4212 1577 4264 ἵνα
1622 4211 1853 4281 φάγωσι
1895 4211 1960 4265 τὸ

383 4301 619 4370 Πάσχα.
660 4303 771 4356 Καὶ
806 4302 921 4373 μετ’
960 4303 1145 4372 ὀλίγα·
1193 4303 1243 4355 '0
1284 4298 1399 4358 οὖν
1450 4303 1724 4369 Πιλᾶτος,
1777 4305 1953 4358 ἁκού-

384 4406 500 4458 σας
526 4390 742 4445 τοῦτον
774 4391 880 4445 τὸν
905 4393 1112 4462 λόγον,
1152 4392 1377 4462 ἤγαγεν
1408 4391 1522 4457 ἔξω
1554 4391 1662 4445 τὸν
1705 4392 1958 4459 Ἰησοῦν,

385 4483 482 4536 καὶ
508 4482 788 4537 ἐκάθισεν
819 4482 916 4536 ἐπὶ
951 4484 1055 4537 τοῦ
1078 4482 1351 4551 ,βήματος
1384 4486 1467 4550 είς
1500 4486 1690 4537 τόπον
1718 4484 1961 4552 λεγόμε-

384 4590 496 4629 νον
531 4577 958 4642 Λιθόστρωτον,
989 4575 1277 4643 Ἐϐραϊστὶ
1325 4575 1393 4628 δὲ
1437 4570 1862 4630 ΓαϐϐαθᾶῘΗν
1894 4573 1961 4627 δὲ

2067 4574 2195 4627 hora
2224 4571 2379 4643 quasi
2418 4568 2575 4622 tertia
2628 4581 2646 4618 :

378 4666 733 4736 Παρασκευὴ
752 4665 857 4719 τοῦ
876 4665 1111 4734 Πάσχα·
1140 4663 1259 4734 ὥρα
1283 4662 1361 4737 ἦν
1383 4667 1524 4721 ὡσεὶ
1548 4668 1713 4735 τρίτη
1734 4707 1748 4731 ,
1780 4664 1962 4729 καθὼς

385 4761 455 4816 τὰ
479 4763 680 4835 ἀκριϐῆ
711 4760 889 4832 βιϐλία
916 4759 1194 4831 περιέχει,
1223 4761 1354 4814 αὑτό
1385 4778 1444 4814 τε
1475 4760 1534 4814 τὸ
1568 4760 1846 4830 ίδιόχειρον
1866 4758 1958 4811 τοῦ

386 4849 788 4921 εὐαγγελιστοῦ,
811 4850 947 4919 ὅπερ
980 4849 1142 4919 μέχρι
1167 4848 1261 4902 τοῦ
1288 4847 1384 4905 νῦν
1410 4848 1749 4919 πεφύλακται
1778 4848 1961 4919 χάριτι

385 4941 519 4996 Θεοῦ
563 4945 622 4996 ὲν
668 4945 733 5014 τῇ
776 4940 1036 5009 Ἐφεσίων
1070 4939 1349 5013 ἁγιωτάτῃ
1379 4939 1696 5011 Ἐκκλησία,
1718 4940 1813 4992 καὶ
1855 4938 1962 4992 ὑπὸ

386 5034 492 5087 τῶν
521 5033 725 5087 πιστῶν
764 5035 941 5087 ἐκεῖσε
980 5022 1383 5103 προσκυνεῖται.
1411 5030 1520 5083 Καὶ
1551 5029 1710 5084 πάλιν
1740 5032 1768 5083 ὁ
1798 5030 1961 5092 αὑτός

387 5142 551 5196 φησιν
615 5125 1004 5195 εὐαγγελιστής
1031 5139 1047 5154 ·
1108 5126 1171 5176 Οἱ
1220 5117 1334 5176 οὖν
1368 5121 1653 5187 Ἰουδαῖοι,
1712 5124 1814 5175 ἵνα
1870 5120 1956 5190 μὴ

381 5218 557 5289 μείνῃ
600 5217 696 5270 ἐπὶ
741 5217 847 5271 τοῦ
888 5215 1150 5284 σταυροῦ
1187 5214 1260 5268 τὰ
1281 5211 1525 5282 σώματα
1545 5213 1616 5267 ἐν
1635 5212 1713 5279 τῷ
1736 5212 1956 5267 σαϐϐά-

386 5323 467 5371 τῳ
508 5305 654 5377 (sat-:2
679 5306 1041 5375 Παρασκευὴ
1065 5301 1172 5376 ἦν’
1205 5300 1284 5373 ἦν
1319 5304 1427 5373 γὰρ
1451 5302 1683 5373 μεγάλη
1706 5304 1744 5371 ἡ
1768 5302 1957 5371 ἡμέρα

388 5397 587 5465 ἐκείνη
614 5398 725 5451 τοῦ
748 5397 1090 5467 σαϐϐάτου),
1106 5397 1423 5464 ἠρώτησαν
1447 5395 1556 5449 τὸν
1575 5393 1835 5455 Πιλᾶτον
1861 5395 1973 5447 ἵνα·

392 5488 759 5560 κατεαγῶσιν
806 5489 1003 5543 αὐτῶν
1049 5492 1122 5542 τὰ
1165 5487 1377 5554 σκέλη,
1425 5488 1526 5541 καὶ
1575 5486 1854 5556 ἀρθῶσιν.
1872 5487 1961 5540 Ἐν

393 5582 528 5653 αὐτῇ
575 5579 668 5635 οὖν
718 5584 784 5652 τῇ
828 5582 1032 5653 ἡμέρᾳ,
1061 5582 1118 5633 ὲν
1210 5580 1430 5652 ἔμελλον
1465 5581 1514 5634 οἱ
1555 5580 1795 5634 Ἰουδαῖοι
1823 5577 1960 5649 πρὸς

2065 3284 2382 3345 celebravit,
2414 3281 2706 3335 comedens
2739 3292 2939 3348 agnum
2971 3276 3210 3346 typicum
3247 3295 3260 3329 :
3298 3292 3473 3345 neque
3493 3277 3639 3329 enim

2065 3391 2124 3431 se
2144 3375 2361 3429 venisse
2391 3381 2450 3427 ut
2478 3371 2672 3442 Legem
2711 3371 2945 3425 solveret
2972 3367 3053 3421 vel
3080 3365 3412 3435 Prophetas,
3457 3367 3550 3421 sed
3577 3373 3638 3420 ut

2065 3467 2419 3535 adimpleret,
2458 3463 2686 3532 ipsemet
2730 3461 2785 3513 in
2824 3457 3132 3527 Evangeliis
3180 3457 3318 3510 dixit
3366 3455 3636 3509 Salvator.

2065 3559 2360 3627 Postquam
2387 3568 2518 3608 vero
2563 3550 2907 3622 prtedieavit,
2954 3565 3063 3603 non
3112 3547 3351 3603 comedit
3394 3560 3635 3618 agnum,

2064 3650 2157 3707 sed
2211 3650 2329 3719 ipse
2380 3660 2577 3716 passus
2615 3649 2698 3698 est
2745 3649 2803 3695 ut
2849 3656 3015 3695 verus
3058 3653 3229 3710 agnus
3278 3637 3334 3691 in
3382 3634 3636 3692 Pa'schali

2064 3742 2381 3803 festivitate,
2409 3733 2866 3807 quemadmodum
2895 3731 3051 3787 docet
3076 3731 3361 3801 theologus
3390 3738 3443 3784 et
3469 3743 3639 3784 evan-

2062 3833 2252 3905 gelista
2280 3830 2518 3885 Joannes
2547 3827 2603 3881 in
2635 3824 2927 3896 Evangelio
2956 3824 3053 3880 abs
3087 3840 3145 3880 se
3175 3824 3509 3893 conscripto,
3542 3822 3636 3877 ubi

2065 3929 2143 3983 sic
2174 3926 2249 3979 ait
2283 3925 2297 3953 ¹
2336 3941 2350 3976 :
2388 3918 2673 3974 Adducunt
2702 3934 2824 3987 ergo
2856 3915 3041 3970 Iesum
3066 3933 3098 3969 a
3126 3914 3326 3985 Caipha
3361 3915 3416 3968 in
3442 3923 3638 3984 prazta-

2064 4022 2224 4072 rium.
2283 4013 2418 4068 Erat
2465 4021 2640 4065 autem
2690 4026 2876 4073 mane,
2916 4018 2966 4063 et
3011 4009 3114 4076 ipsi
3161 4023 3262 4060 non
3321 4007 3640 4060 introierunt

2063 4109 2395 4180 prwtorium,
2426 4113 2483 4157 ut
2521 4119 2624 4157 non
2647 4101 3155 4162 contaminarentur,
3201 4097 3292 4151 sed
3324 4107 3382 4149 ut
3411 4096 3639 4151 mandu-

2063 4208 2240 4256 carent
2276 4198 2511 4253 Pascha.
2556 4194 2621 4248 Et
2649 4201 2772 4264 post
2798 4188 3256 4261 pauca’:Pilatus
3305 4195 3481 4240 autem
3516 4203 3636 4239 cum

2064 4295 2296 4350 audisset
2319 4292 2412 4345 hos
2446 4302 2732 4349 sermones,
2759 4282 2983 4337 adduxit
3021 4280 3166 4348 foras
3191 4276 3397 4341 Jesum,
3432 4285 3483 4330 et
3502 4277 3638 4331 sedit

2060 4403 2154 4457 pro
2176 4382 2432 4439 tribunali
2448 4382 2499 4436 in
2519 4380 2631 4434 loco
2654 4377 2743 4448 qui
2772 4370 3350 4433 diciturLithostrotos,
3382 4368 3638 4423 Hebraice

2065 4489 2240 4534 autem
2290 4474 2584 4532 Gabbatha.
2633 4470 2769 4525 Erat
2823 4478 2995 4521 autent
3042 4465 3333 4518 Parasceve
3380 4463 3632 4524 Pascha‘,

2695 4570 2756 4617 ut
2814 4559 3057 4615 accurati
3124 4556 3245 4611 libri
3300 4557 3632 4627 praeferunt,

2065 4663 2355 4732 ipsumque
2389 4654 2736 4726 evangelista'.
2762 4666 2926 4704 manu
2969 4647 3303 4717 descriptum
3337 4646 3634 4717 exemplar,

2065 4754 2211 4824 quod
2241 4753 2425 4807 divina
2470 4746 2641 4819 gratia
2673 4743 2739 4797 ad
2770 4744 2883 4796 haec
2914 4754 3088 4809 usque
3119 4750 3363 4808 tempora
3412 4739 3465 4792 in
3508 4755 3636 4793 san-

2063 4845 2311 4899 ctissima
2336 4839 2697 4911 Ephesiorum
2728 4831 2972 4887 Ecclesia
3021 4837 3355 4893 asservatur,
3406 4835 3460 4883 et
3504 4843 3533 4881 a
3576 4828 3637 4881 ti-

2062 4937 2278 4990 delihus
2306 4934 2379 4987 ibi
2412 4930 2632 4985 colitur.
2660 4925 2900 4979 Rursum
2932 4936 3097 4990 porro
3119 4919 3195 4972 ait
3225 4918 3365 4973 idem
3399 4934 3636 4989 evange-

2061 5021 2614 5090 lista’:Judaziergo,
2646 5016 2893 5088 quoniam
2930 5011 3223 5064 Parasceve
3254 5020 3402 5075 erat,
3440 5018 3498 5061 ut
3531 5025 3632 5062 non

2065 5116 2392 5172 remanerent
2420 5112 2474 5164 in
2496 5124 2647 5162 cruce
2678 5119 2901 5173 corpora
2916 5100 3184 5164 Sabbato;
3205 5108 3333 5162 erat,
3351 5098 3487 5151 enim
3514 5113 3634 5151 ma-

2063 5227 2196 5281 gnus
2226 5207 2320 5262 ille
2341 5204 2450 5259 dies
2485 5199 2737 5261 Sabbati;
2770 5202 3084 5265 rogaverunt
3118 5191 3359 5245 Pilatum
3395 5198 3453 5242 ut
3482 5188 3637 5281 fran-

2062 5279 2305 5375 gerentur
2335 5312 2516 5353 eorum
2541 5309 2701 5347 crura
2740 5299 2791 5344 et
2836 5281 3324 5375 tolleretttur._lsto
3356 5281 3523 5375 igitur
3545 5279 3635 5335 die

2064 5370 2175 5464 quo
2215 5389 2387 5446 Judaei
2433 5381 2816 5441 manducaturi
2849 5384 3008 5434 erant
3042 5372 3250 5464 Pascha
3272 5412 3288 5438 ,
3336 5370 3634 5464 crticitixus

2061 5462 2148 5540 est
2182 5482 2447 5537 Dominus
2490 5485 2679 5533 noster
2723 5480 2779 5528 et
2840 5468 3089 5524 Salvator
3141 5462 3302 5518 Jesus
3346 5462 3633 5526 Christus,

2061 5577 2241 5631 hostia
2272 5573 2450 5628 factus
2481 5569 2549 5625 iis
2575 5567 2668 5638 qui
2711 5557 2983 5632 sumpturi
3031 5565 3185 5611 erant
3232 5553 3392 5620 ﬁdei,
3436 5568 3635 5608 securu-

535 5696 731 5751 ‘Joan.
758 5711 912 5757 xvm,
940 5694 1032 5750 28.
1108 5694 1128 5723 ³
1155 5689 1318 5745 Joan.
1348 5702 1461 5756 xu,
1493 5684 1703 5752 43,14.
1780 5684 1801 5716 ⁸
1831 5683 1958 5740 ibid.
1986 5687 2075 5740 '51.
2258 5751 2265 5755 _
3514 5714 3515 5717 η

466 5791 574 5861 (51)
602 5787 739 5857 Μαρ⁹
771 5786 1058 5855 Ἑϐραίοις
1090 5787 1288 5856 σοφοί.
1327 5783 1424 5838 ilic
1449 5779 1724 5837 interscrit
1764 5786 1954 5834 auctor

2072 5777 2238 5831 ι·οηὶσὶ
2285 5772 2566 5831 Paschalis
2611 5769 2790 5825 locum
2832 5781 2901 5823 ex
2935 5761 3237 5821 Athanasio
3262 5761 3631 5833 desumptum.
