4132 6414
502 281 608 336 519

1491 284 1545 338 S.
1592 283 1796 340 PETRI
1835 283 2311 340 ALEXANDRINI
2347 281 2658 338 EPISCOPI

3651 287 3756 343 520

499 403 628 456 clum
661 402 846 464 illum,
890 405 1242 475 mysterium,
1279 405 1431 475 juxta
1483 406 1628 474 quod
1674 407 1938 476 scriptum
1988 416 2067 460 est

2176 407 2411 476 ἑσπέραν
2428 405 2626 458 ἐσθίειν
2649 405 2708 456 τὸ
2735 405 2945 474 Πάσχα,
2970 402 3285 476 ἐσταυρώθη
3305 407 3332 458 6
3349 405 3552 478 Κύριος
3576 407 3753 479 ἡμῶν,

497 512 527 549 a
577 495 737 550 beato
778 495 982 548 Paulo‘
1014 516 1026 551 :
1062 496 1272 551 Pascha
1318 499 1454 550 enim
1499 509 1733 551 nostrum
1782 514 1876 567 pro
1922 501 2069 552 nobis

498 588 800 640 immolatus
831 600 907 640 est
930 586 1207 652 Christus;
1240 605 1347 642 non
1375 605 1522 648 vero,
1551 590 1627 642 uti
1661 589 1751 658 qui
1785 604 1896 658 pra:
1928 589 2073 658 igno-

497 681 671 732 rantia
696 680 975 743 labuntur,
999 689 1286 744 asserunt,
1315 697 1436 734 cum
1461 679 1668 734 Pascha
1691 680 2069 744 manducarct,

495 768 730 823 traditus
764 778 848 823 est
881 788 894 824 :
925 769 1068 839 quod
1103 785 1280 840 neque
1313 784 1378 822 ex
1413 771 1617 822 sanctis
1649 767 1961 838 Evangeliis
1987 769 2071 820 di—

494 857 751 924 dicimus,
781 876 958 930 neque
989 861 1278 930 quisquam
1313 876 1378 913 ex
1419 861 1590 914 beatis
1623 861 1886 929 apostolis
1913 861 2071 913 nobis

493 952 740 1007 tradidit.
795 953 916 1018 Quo
947 953 1112 1022 igitur
1145 960 1390 1022 tempore
1431 967 1625 1020 passus
1663 960 1746 1006 est
1783 968 1880 1022 pro
1912 952 2069 1004 nobis

494 1045 797 1099 secundant
844 1061 1062 1099 carnem
1113 1043 1376 1098 Dominus
1411 1052 1597 1098 noster
1631 1052 1686 1099 et
1726 1044 1868 1098 Deus
1907 1042 2069 1097 Jesus

495 1136 784 1199 Christus,
817 1138 984 1206 legale
1033 1151 1138 1189 non
1175 1135 1521 1188 manducavit
1563 1134 1796 1198 Pascha,
1837 1133 1962 1195 sed,
2013 1141 2070 1185 ut

497 1228 608 1283 dixi
634 1271 648 1294 ,
677 1229 791 1298 ipse
821 1237 877 1281 ut
908 1243 1067 1281 verus
1093 1243 1266 1296 agnus
1312 1227 1623 1279 immolatus
1659 1233 1740 1279 est
1783 1239 1881 1294 pro
1913 1224 2070 1278 nobis

497 1322 554 1376 in
585 1321 892 1376 umbratilis
925 1320 1208 1376 Paschatis
1236 1318 1530 1374 festivitate
1559 1359 1574 1382 ,
1616 1320 1704 1372 die
1739 1318 2070 1374 Parasceves

497 1427 590 1465 xiv
623 1411 782 1482 primi
832 1410 1037 1464 mensis
1083 1411 1244 1462 lunae.
1280 1407 1454 1463 Desiit
1498 1423 1626 1478 ergo
1656 1412 1891 1478 typicum
1938 1405 2071 1461 Pas—

497 1505 599 1558 cha
627 1542 641 1567 ,
689 1517 816 1558 vero
857 1509 1124 1571 praesente
1154 1500 1420 1554 Paschate
1474 1519 1486 1553 :
1540 1499 1746 1552 Pascha
1799 1500 1936 1552 enim
1985 1512 2074 1550 no-

497 1607 666 1648 strum
712 1610 806 1663 pro
850 1594 998 1647 nobis
1051 1592 1356 1646 immolatus
1405 1600 1480 1645 est
1517 1589 1800 1653 Christus,
1863 1597 1921 1642 ιιι
1974 1606 2069 1645 δυο

497 1688 680 1755 pet-ius
705 1687 910 1741 dictum
958 1691 1076 1748 est,
1119 1684 1385 1754 docetque
1410 1699 1507 1737 vas
1541 1682 1823 1738 electionis
1863 1679 2069 1736 Paulus

495 1778 792 1849 apostolus.

2175 499 2267 550 καὶ
2313 496 2501 566 Σωτὴρ
2545 495 2749 566 Ἰησοῦς
2801 495 3061 565 Χριστὸς,
3111 496 3257 566 θῦμα
3309 497 3599 566 γενόμενος
3644 501 3762 563 τοῖς

2176 590 2425 660 μέλλουσι
2457 587 2856 658 μεταλήψεσθαι
2900 590 2998 658 τῆς
3046 589 3280 651 πίστεως
3325 587 3418 641 τοῦ
3449 589 3569 642 κατ’
3595 589 3756 643 αὑτὸν

2176 680 2494 749 μυστηρίου,
2534 678 2672 732 κατᾶ
2708 678 2767 730 τὸ
2799 679 3181 749 γεγραμμένον
3212 677 3289 749 τῷ
3327 680 3581 750 μακαρίῳ
3610 680 3758 733 ﬂati-

2171 770 2280 839 λῳ·
2323 769 2434 822 Καὶ
2473 773 2581 839 γὰρ
2626 771 2686 823 τὸ
2724 772 2935 841 Πάσχα
2968 771 3136 840 ἡμῶν
3180 770 3332 838 ὑπὲρ
3380 770 3549 840 ἡμῶν
3575 772 3755 840 ἐτύθη

2171 864 2456 929 Χριστός·
2515 864 2607 915 καὶ
2657 865 2754 933 οὐχ
2811 863 2884 928 ὣς
2959 881 3105 926 τινες
3173 863 3413 934 ἀμαθείᾳ
3468 864 3754 934 φερόμενοι

2169 953 2622 1018 διαϐεϐαιοῦνται,
2655 956 2728 1019 ὡς
2757 955 2943 1023 φαγὼν
2969 956 3029 1008 τὸ
3070 956 3259 1026 Πάσχα
3289 955 3588 1026 παρεδόθη·
3620 957 3755 1030 ὅπερ

2168 1045 2292 1098 οὔτε
2344 1049 2493 1118 παρὰ
2541 1049 2649 1100 τῶν
2698 1048 2867 1115 ἁγίων
2918 1047 3266 1113 Εὑαγγελίων
3315 1045 3751 1116 μεμαθήκαμεν,

2169 1137 2291 1191 οὔτε
2346 1157 2429 1202 τις
2472 1139 2579 1191 τῶν
2627 1140 2912 1210 μακαρίων
2945 1141 3075 1209 ἡμῖν
3107 1138 3415 1190 ἀποστόλων
3441 1128 3755 1208 παραδέδω-

2172 1247 2283 1281 κεν.
2324 1231 2410 1282 Ἐν
2444 1224 2488 1297 ᾧ
2534 1227 2625 1283 οὖν
2658 1230 2831 1301 καιρῷ
2861 1229 2970 1298 (39.)
3015 1230 3212 1281 ἔπαθεν
3251 1229 3389 1299 ὑπὲρ
3425 1227 3584 1298 ἡμῶν
3613 1227 3752 1281 κατά

2173 1321 2349 1390 σάρκα
2403 1322 2432 1372 6
2475 1321 2676 1393 Κύριος
2719 1323 2873 1392 ἡμῶν
2911 1323 3003 1376 καὶ
3035 1322 3164 1384 Θεὸς
3201 1319 3404 1388 Ἰησοῦς
3436 1321 3464 1371 6
3495 1319 3748 1390 Χριστὸς,

2170 1410 2232 1461 τὸ
2261 1411 2403 1464 κατὰ
2430 1412 2590 1481 νόμον
2620 1414 2718 1466 οὐκ
2744 1413 2913 1481 ἔφαγε
2945 1414 3133 1482 Πάσχα
3153 1429 3166 1442 ·
3199 1411 3336 1473 ἀλλ’,
3363 1411 3438 1473 ὡς
3467 1410 3624 1480 ἕερην,
3653 1409 3751 1464 αὑ·

2170 1502 2260 1564 τὸς
2305 1502 2380 1565 ὡς
2428 1503 2633 1574 ἀληθὴς
2677 1505 2846 1574 ἀμνὸς
2875 1504 3037 1575 ἐτύθη
3081 1503 3222 1574 ὑπὲρ
3265 1502 3422 1573 ἡμῶν
3462 1502 3519 1552 ἐν
3549 1499 3612 1568 τῇ
3655 1498 3748 1554 τοῦ

2175 1591 2432 1655 σκιώδους
2467 1594 2658 1665 Πάσχα
2684 1596 2866 1667 ἑορτῇ,
2891 1598 2949 1648 ὲν
2975 1596 3155 1667 ἡμέρᾳ
3194 1597 3516 1666 παρασκευῇ
3560 1593 3629 1663 τῆ
3692 1593 3749 1645 ιδ

2171 1681 2266 1734 τοῦ
2297 1682 2511 1754 πρώτου
2544 1685 2711 1755 μηνὸς
2749 1686 2846 1756 τῆς
2884 1686 3130 1757 σελήνης.
3168 1686 3344 1755 Πέρας
3367 1681 3458 1738 οὖν
3481 1683 3750 1752 ἀπείληφε

2096 1770 2136 1824 Β
2165 1774 2226 1826 τὸ
2247 1775 2476 1827 τυπικὸν
2509 1775 2718 1846 Πάσχα,
2741 1777 2834 1830 τοῦ
2867 1777 3120 1848 ἀληθινοῦ
3151 1778 3342 1848 Πάσχα
3376 1773 3752 1848 παραγενομὲ-

495 1891 604 1926 νου’
626 1873 695 1928 T6
727 1873 834 1943 γὰρ
856 1871 1069 1941 Πάσχα
1107 1869 1276 1940 ἡμῶν
1295 1869 1445 1939 ὑπὲρ
1462 1869 1824 1940 ὴμῶν-ἐτύθη
1842 1868 2116 1938 Χριστός,
2139 1869 2214 1933 ὼς
2256 1871 2564 1941 πρόκειται,
2621 1873 2715 1925 καὶ
2758 1870 2994 1925 διδάσκει
3035 1872 3094 1926 τὸ
3121 1871 3312 1936 σκεῦος
3331 1872 3430 1942 τῆς
3468 1868 3695 1938 ἐκλογῆς
3719 1868 3754 1920 6

495 1969 786 2032 ἀπόστολος
821 1967 1049 2028 Παῦλος.

1835 2187 1981 2242 Ibid.
2024 2203 2147 2258 pag.
2187 2187 2290 2240 1⁸75
2343 2183 2404 2239 D.

565 2307 694 2362 Erat
716 2320 895 2364 autem
927 2309 1228 2365 Parasceve
1247 2349 1263 2374 ,
1305 2311 1436 2365 hora
1464 2311 1618 2381 quasi
1656 2309 1812 2364 tertia
1833 2350 1849 2375 ,
1875 2325 2064 2378 quern-

496 2398 788 2453 admodum
817 2403 1059 2455 accurati
1090 2401 1216 2456 libri
1245 2403 1562 2464 continent,
1588 2403 1876 2470 ipsumque
1901 2416 2065 2455 evan-

497 2491 702 2560 gelista:
719 2491 946 2548 Joannis
976 2495 1369 2566 autographum
1393 2537 1408 2560 ,
1435 2493 1578 2562 quod
1602 2508 1774 2562 usque
1796 2491 1863 2544 ad
1887 2491 2066 2545 haacce

497 2592 740 2653 tempora
759 2623 775 2648 ,
803 2585 982 2640 divina
1008 2587 1179 2657 gratia
1200 2627 1214 2651 ,
1253 2588 1308 2641 in
1332 2587 1679 2640 sanctissima
1709 2584 2066 2655 Ephesiorum

497 2672 738 2731 Ecclesia
767 2685 1038 2744 servatur,
1071 2685 1125 2734 et
1155 2694 1187 2734 a
1219 2679 1469 2734 ﬁdelibus
1501 2678 1573 2731 ibi
1601 2679 1818 2732 colitur.

2236 2303 2344 2360 Ἦν
2372 2306 2428 2359 δὲ
2460 2303 2785 2377 Παρασκευὴ
2811 2303 2947 2373 (55),
2971 2302 3088 2374 ὥρα
3113 2299 3179 2373 ἦν
3208 2303 3338 2355 ὡσεὶ
3362 2299 3540 2372 τρίτη,
3565 2294 3753 2362 καθὼς

2165 2401 2233 2453 τὰ
2262 2397 2462 2469 ἀκριϐῆ
2497 2396 2674 2466 βιϐλία
2714 2396 2978 2466 περιέχει,
3009 2393 3137 2448 αὐτό
3168 2411 3225 2446 τε
3258 2393 3320 2445 τὸ
3349 2391 3626 2462 Ξδιόχειρον
3649 2390 3742 2444 τοῦ

2170 2489 2554 2560 εὐαγγελιστοῦ
2601 2487 2870 2549 Ἰωάννου,
2901 2488 3036 2557 ὅπερ
3073 2485 3236 2556 μέχρι
3276 2485 3370 2537 νῦν
3403 2481 3743 2552 πεφύλακται

2171 2585 2354 2656 χάριτι
2378 2581 2471 2635 τοῦ
2497 2579 2630 2633 Θεοῦ
2671 2580 2726 2630 ὲν
2756 2575 2821 2643 τῇ
2850 2575 3095 2644 Ἐφεσίον
3116 2581 3392 2652 ἁγιωτάτῃ
3429 2567 3752 2644 Ἐκκλησίςμ

2173 2675 2266 2728 καὶ
2297 2674 2401 2726 ὑπὸ
2421 2674 2530 2725 τῶν
2557 2671 2762 2724 πιστῶν
2788 2673 2961 2722 ἐκεῖσε
2990 2670 3400 2739 προσκυνεῖταιι

1345 3003 1492 3090 DE
1566 3002 1952 3091 ANIMA
2029 3004 2179 3091 ET
2254 3001 2863 3095 CORPORE.

1078 3193 1173 3256 (Ex
1197 3193 1396 3242 Leontii
1419 3198 1473 3241 et
1496 3193 1696 3243 Joannis
1733 3195 1844 3243 Her.
1870 3207 1998 3245 sarr.
2027 3195 2116 3243 lib.
2146 3209 2198 3256 u,
2226 3209 2302 3258 ap.
2331 3195 2443 3255 MM,
2475 3195 2652 3258 Script.
2682 3203 2770 3244 res.
2800 3201 2835 3243 t.
2856 3194 2964 3250 νη,
2989 3208 3021 3255 p
3063 3194 3166 3251 85.)

498 3429 884 3506 Sancti_Petri
931 3432 1156 3506 episcopi
1214 3433 1592 3506 Atexandriiz,
1655 3446 1705 3488 et
1763 3438 2013 3506 martyris
2045 3477 2061 3500 ,

2171 3435 2285 3490 Τοῦ
2324 3436 2497 3504 ἁγίου
2527 3434 2765 3506 Πέτρουζ
2789 3433 3125 3506 ἐπισκόπου
3159 3424 3606 3506 Ἀλεξανδρείας
3641 3431 3748 3493 καὶἑ

565 3519 631 3557 ea:
681 3500 1137 3576 Demonstratione
1221 3504 1357 3569 quod
1431 3505 1616 3558 anima
1693 3522 1796 3558 non
1854 3500 2065 3576 corpori

565 3574 951 3642 prwexstiterit.

570 3685 703 3750 Quze
734 3684 802 3737 ad
830 3685 1170 3739 divinitatem
1206 3686 1706 3758 humanitatemque
1736 3691 1960 3746 secundi
2000 3691 2068 3747 de

496 3777 641 3831 cmlo
667 3777 906 3832 hominis
935 3785 1182 3844 spectant
1206 3819 1220 3841 ,
1251 3779 1306 3832 in
1335 3781 1739 3850 suprascriptis,
1767 3784 2067 3840 secundum

497 3869 714 3923 beatum
754 3868 1094 3937 Apostolum,
1140 3871 1527 3940 exposuimus;
1604 3889 1746 3929 nunc
1806 3891 2065 3932 necessa-

499 3960 640 4014 rium
672 3958 947 4023 duximus,
973 3975 1093 4030 qua:
1115 3961 1180 4015 ad
1233 3963 1468 4031 primum
1500 3963 1772 4020 hominem
1821 3967 1887 4023 de
1922 3975 2067 4024 terra

497 4061 776 4106 terrenum
817 4054 1112 4121 pertinent,
1139 4069 1434 4122 exponere,
1470 4055 1573 4110 hoc
1613 4072 1808 4128 nempe
1841 4059 2066 4114 demon-

498 4143 745 4208 straturi,
778 4159 946 4199 unum
973 4143 1332 4216 eumdemque
1378 4147 1566 4202 eodem
1615 4155 1860 4220 tempore
1899 4151 2068 4207 fuisse

498 4242 763 4300 creatum,
790 4236 1038 4305 quamvis
1082 4237 1373 4306 aliquando
1404 4239 1694 4310 separatim
1752 4239 2068 4311 designetur

498 4323 663 4380 homo
690 4328 930 4380 exterior
951 4335 1006 4381 ct
1050 4327 1213 4383 homo
1241 4329 1488 4385 interior.
1523 4329 1578 4384 Si
1603 4330 1769 4395 enim,
1789 4332 1944 4400 juxta
1975 4349 2064 4387 sa-

502 4413 680 4470 lutare
711 4414 972 4483 Verbum,
1009 4417 1101 4486 qui
1133 4416 1258 4472 fecit
1294 4434 1357 4472 ca
1391 4434 1512 4490 qua:
1545 4428 1672 4475 sunt
1705 4422 2064 4493 extrinsecus,

499 4503 616 4573 ipse
644 4503 771 4558 fecit
823 4506 967 4575 quod
1003 4513 1087 4561 est
1145 4507 1510 4576 intrinsecus;
1543 4519 1691 4565 certe
1742 4527 1851 4566 una
1880 4529 2067 4584 opera-

499 4592 649 4646 tioue
670 4595 966 4666 eodemque
991 4607 1228 4667 tempore
1260 4614 1553 4674 utrumque
1587 4605 1736 4671 fecit,
1759 4605 1848 4660 illa
1871 4607 2079 4663 scilicet

499 4678 616 4748 ipsa
637 4682 725 4737 die
743 4699 847 4754 qua
875 4687 1010 4742 dixit
1034 4688 1176 4746 Deus
1199 4693 1219 4723 ³
1249 4709 1262 4746 :
1295 4692 1584 4747 Faciamus
1607 4695 1866 4750 hominem
1892 4713 2078 4752 secun-

2235 3501 2534 3578 μάρτυρος
2559 3501 2777 3578 ἐκτοᾷ
2811 3502 2891 3572 μὴ
2934 3501 3342 3574 προϋπάρχειν
3380 3501 3495 3575 τῆν
3529 3501 3742 3578 ψὺχὴν

2239 3575 2345 3630 τοῦ
2373 3575 2646 3644 σώματος
2678 3575 2812 3644 (54).

2239 3709 2320 3764 Ta
2350 3709 2478 3781 περὶ
2505 3707 2606 3777 τῆς
2635 3706 2887 3779 θεότητος
2925 3708 3019 3762 καὶ
3059 3707 3471 3781 ἀνθρωπότητος
3504 3710 3596 3764 τοῦ
3623 3713 3741 3765 δευο

2169 3796 2326 3868 τέρου
2383 3796 2442 3862 ἐξ
2492 3794 2720 3866 οὐρανοῦ
2763 3795 3070 3868 ἀνθρώπου,
3129 3798 3270 3852 κατὰ
3319 3800 3423 3852 τὸν·
3473 3803 3739 3872 μακάριον

2181 3887 2497 3939 Ἀπόστολον
2530 3888 2587 3940 ἐν
2613 3885 2846 3958 πρώτοις
2871 3887 3257 3960 παραθέμενοι,
3285 3891 3577 3960 ἀναγκαῖον
3603 3895 3741 3964 ἡγη-

2171 3977 2382 4050 σάμεθα
2431 3977 2523 4031 καὶ
2569 3977 2638 4030 τὰ
2669 3979 2795 4048 περὶ
2823 3977 2918 4031 τοῦ
2952 3979 3168 4051 πρώτου
3202 3982 3266 4034 ὲκ
3297 3981 3400 4051 γῆς
3434 3983 3614 4052 χοῖ.κοῦ
3649 4000 3740 4052 γε·

2169 4068 2498 4139 γεννημένου
2547 4066 2832 4138 ἀνθρώπου
2878 4068 3247 4140 παραθέσθαι,
3280 4071 3416 4142 πρὸς
3465 4071 3524 4124 τὸ
3571 4071 3739 4138 δεῖξαι

2168 4159 2264 4212 ἕνα
2291 4159 2383 4217 καὶ
2411 4158 2501 4211 τὸν
2526 4158 2686 4211 αὑτὸν
2717 4159 2774 4210 ὲν
2807 4157 2884 4228 τῷ
2910 4159 3054 4229 αὐτῷ
3086 4160 3258 4232 καιρῷ
3291 4161 3599 4233 γενόμενον,
3637 4162 3740 4218 κᾶν

2172 4248 2410 4320 μερικῶς
2453 4265 2582 4301 ποτε
2610 4249 2638 4300 6
2663 4247 2770 4301 ἔσω
2798 4250 2888 4302 καὶ
2913 4252 2940 4302 6
2965 4250 3068 4316 ἔξω
3094 4251 3375 4323 ἄνθρωπος
3402 4253 3656 4325 λέγηται·
3689 4258 3740 4308 εί

2168 4340 2296 4412 γὰρ,
2325 4338 2467 4393 κατά
2497 4339 2587 4392 τὸν
2623 4340 2887 4410 σωτήριον
2919 4341 3107 4410 Λόγον,
3138 4345 3166 4396 6
3195 4345 3423 4414 ποιήσας
3454 4345 3522 4398 τά
3543 4345 3739 4410 ἔξωθεν

2168 4431 2262 4484 καὶ
2286 4431 2347 4484 τὸ
2383 4431 2490 4484 ἔσω
2516 4431 2677 4494 αὐτὸς
2707 4431 2979 4501 ἐποίησεν,
3009 4432 3120 4486 ἀλλ’
3146 4429 3240 4488 οὖν
3263 4453 3326 4504 γε
3359 4435 3444 4506 ἐφ’
3474 4435 3618 4502 ἅπαξ
3644 4437 3740 4489 καὶ

2168 4524 2224 4575 ὲν
2256 4522 2416 4592 (forte
2443 4521 2566 4576 add.
2599 4523 2676 4593 τῷ
2705 4521 2869 4592 αὐτῷ)
2905 4524 3100 4596 καιρῷ.
3123 4527 3396 4581 τουτέστιν
3425 4530 3484 4582 ὲν
3505 4527 3641 4597 αὐτῇ
3669 4531 3738 4596 τῇ

2167 4615 2371 4686 ἡμέρα,
2398 4615 2486 4668 ὅτε
2539 4612 2691 4668 εἶπεν
2740 4619 2768 4669 ό
2823 4617 2987 4680 Θεός’
3038 4619 3389 4688 Ποιήσωμεν
3425 4618 3739 4687 ἄνθρωπον

2168 4706 2294 4757 κατ’
2320 4705 2523 4759 εἰκόνα
2567 4705 2856 4774 ἡμετέραν
2899 4709 2996 4762 καὶ
3044 4712 3171 4764 καθ’
3203 4711 3512 4780 ὁμοίωσιν·
3554 4709 3630 4772 ὡς
3674 4712 3737 4763 ὲκ

497 4771 626 4825 dum
649 4774 930 4845 imaginem
957 4791 1193 4836 nostram
1225 4795 1272 4838 ct
1295 4786 1581 4840 secundum
1617 4788 2024 4845 similitudinem
2053 4812 2067 4847 :

2167 4795 2352 4847 τούτου
2382 4793 2599 4865 εὔδηλον
2630 4793 2766 4851 εἶναι
2805 4800 2886 4852 ὅτι
2921 4799 3019 4852 οὐκ
3040 4799 3147 4852 ἀπὸ
3181 4801 3417 4867 συνόδου,
3445 4800 3519 4864 ὡς
3547 4799 3738 4872 προόν-

572 4932 589 4963 ⁸
621 4927 656 4988 Ῑ
685 4931 811 4988 Cor.
854 4952 906 5003 ν,
944 4936 993 4990 7.
1060 4939 1082 4969 ⁹
1115 4934 1241 4990 Gen.
1278 4949 1317 5000 t,
1351 4938 1444 4994 26.

575 5090 708 5172 (3‘2)_
733 5093 836 5148 Ἐν
948 5089 1060 5149 οὖν
1088 5093 1336 5172 ἔαιρῷλ...
1367 5087 1440 5164 τῇ
1480 5094 1546 5148 ιδ’
1575 5097 1678 5150 τοῦ
1702 5099 1932 5166 πρώτου
1955 5119 2071 5170 μη·-

502 5162 607 5227 νὸς
636 5162 745 5229 τῆς
772 5163 1060 5230 σελήνης.
1088 5163 1241 5218 Huuc
1267 5162 1441 5220 locum
1472 5182 1535 5220 ex
1556 5162 1859 5222 vetere-ms.
1882 5162 2066 5224 exem-

502 5232 640 5302 piari
675 5233 873 5302 recitat
895 5234 1252 5289 Casaubonus
1285 5237 1339 5289 in
1366 5235 1594 5290 Exercit.
1625 5254 1734 5299 xw,
1758 5239 1827 5292 ad
1862 5241 2055 5293 Annal.

501 5300 628 5354 εδει.
665 5300 890 5375 tiaran"
926 5303 954 5374 ᾗ
985 5304 1071 5366 19..
1103 5319 1227 5375 pag.
1270 5306 1394 5370 ΜΟ,
1437 5307 1529 5359 ubi
1563 5307 1674 5360 hinc.
1695 5308 1893 5366 habet:
1916 5327 1936 5360 ‹
1961 5308 2061 5364 Pe-

503 5378 622 5424 trus
672 5372 1072 5447 Alexaudrinus
1104 5372 1414 5447 episcopus
1463 5384 1517 5430 et
1565 5387 1792 5447 martyr,
1841 5381 1893 5431 in
1949 5379 2061 5431 fra-

505 5450 723 5522 gmento
747 5445 976 5522 ,εδει-θείω
1012 5446 1158 5514 quod
1196 5445 1558 5522 nactus__sutr1
1579 5448 1648 5500 ab
1684 5445 1896 5522 Anthea
1929 5448 2063 5522 Dar-

505 5512 693 5632 mariol
741 5510 932 5568 amco
981 5510 1282 5571 mercatore
1322 5535 1333 5570 :

506 5595 558 5631 κ.
587 5596 636 5631 τ.
700 5622 711 5632 .
753 5596 771 5628 ι

506 5595 558 5631 κ.
587 5596 636 5631 τ.
665 5595 711 5634 Α.
753 5596 771 5628 1

577 5650 688 5716 (ὖὸ)
723 5645 1101 5725 Tundendo.
1130 5653 1244 5708 Hoc
1277 5656 1404 5710 item
1445 5665 1758 5725 excerptum
1797 5675 1862 5712 ea:
1914 5655 2060 5712 Petri

508 5717 854 5776 Alexandrini
884 5717 1234 5779 disuuiatione
1264 5725 1341 5780 De
1375 5717 1655 5789 Paschatc,
1686 5727 1821 5782 idem
1853 5728 2059 5782 Casau-

1379 5517 1467 5570 Ἐν
1524 5508 1569 5583 ᾧ
1617 5517 1793 5588 καιρῷ
1841 5517 2059 5580 ἔπαθεν,

2167 5102 2546 5186 bouusmrlel'ert
2581 5106 2640 5186 _in
2672 5105 2903 5186 Exercit.
2947 5119 3036 5164 ττι
3085 5112 3244 5186 modo
3285 5113 3500 5186 laudata
3541 5115 3569 5186 §
3605 5115 3728 5177 164.

2171 5189 2293 5256 pag.
2325 5173 2541 5256 590,.“
2580 5177 2707 5256 ipso_
2748 5180 2994 5256 antiquo_
3025 5183 3317 5256 exemplari
3376 5173 3726 5256 descriptam,

2164 5245 2323 5314 cujus
2356 5244 2518 5298 modo
2549 5244 2916 5303 meminimus.
2957 5251 3111 5314 Quod
3141 5244 3358 5314 quidem
3392 5244 3625 5310 advcr'tit
3654 5244 3724 5311 cl.

2165 5267 2323 5312 υιυυε
2356 5267 2518 5298 mouo
2549 5267 2916 5303 meuuutmus.
2957 5267 3111 5314 uttou
3179 5267 3358 5306 tuaem
3392 5267 3625 5310 advertit
3654 5267 3724 5311 cl.

2165 5313 2401 5397 Eangius
2435 5315 2488 5397 in
2523 5317 2666 5369 notis
2706 5317 3103 5397 ad_Chrt_micon
3141 5267 3437 5397 ίξηιςεὴιιιε,
3469 5341 3590 5397 pag.
3623 5326 3728 5397 ΜΞ

2166 5381 2226 5434 Ι).
2266 5381 2427 5458 quem
2467 5395 2647 5458 tamen
2702 5388 2834 5458 fugit
2892 5391 3122 5444 alterum
3163 5381 3588 5458 fragmentuiuva
3623 5396 3728 5450 Ca-

2165 5454 2410 5534 saubono
2452 5456 2704 5534 superius
2741 5454 3002 5534 relatum.
3032 5461 3112 5534 Ad
3143 5454 3290 5534 hunc
3339 5475 3518 5518 autem
3549 5467 3724 5521 locum

2165 5522 2392 5603 digitum
2445 5522 2696 5603 intendit
2741 5527 3150 5603 Wesselingius,
3213 5533 3335 5585 licet
3390 5534 3564 5603 ipsum
3615 5551 3723 5592 non

2168 5591 2724 5673 (ιὶιιξ-ι,Χὶιῖ-ΡιὈΑΙπιὺὶζ.⁸
2752 5597 2842 5650 lib.
2887 5591 3060 5673 sing:L
3076 5591 3194 5669 cap.
3217 5603 3267 5662 1,
3305 5591 3426 5673 ρτιεξ
3459 5604 3511 5656 6.

2228 5663 2350 5741 liii)
2389 5664 2619 5741 Constat
2674 5667 2726 5720 id
2771 5683 2908 5736 opus
2954 5663 2991 5724 ἱ
3034 5663 3190 5727 Petro
3221 5663 3408 5727 contra
3439 5675 3725 5743 Origenem

2166 5731 2330 5788 fuisse
2364 5734 2752 5793 conscriptum.
