4132 6456
545 451 3687 480 m

1676 614 1814 656 ANNO
1839 615 2026 656 DOIIHI
2065 617 2266 659 CCCXIII
2277 619 2460 660 ’(260Χί
2470 621 2539 659 VI.

1126 791 1333 1004 S.
1499 786 3097 1003 ALEXANDEB

765 1147 1790 1309 EPISCOPUS
1923 1145 3146 1310 ALEXANDRIN
3163 1153 3395 1314 US

1801 1595 2400 1713 NOTITIA

1282 1821 1568 1884 (GALLAND.,
1594 1821 1824 1871 Veterum
1843 1819 2050 1868 Patrum
2076 1816 2303 1883 Biblioh.,
2331 1822 2413 1883 IV,
2438 1822 2656 1888 Proleg.,
2679 1838 2728 1888 p.
2754 1829 2876 1892 xxx.)

475 2048 515 2103 I.
549 2047 846 2103 Alexander
891 2047 943 2101 in
965 2045 1081 2101 sede
1106 2047 1467 2101 Alexandrina
1515 2063 1782 2101 successor
1836 2047 2076 2121 Achillan
2112 2047 2241 2118 Ejus
2294 2047 2502 2100 eximia:
2549 2045 2717 2100 dotes.
2769 2045 2983 2102 Primus
3023 2046 3208 2100 Arium
3259 2047 3452 2102 detexit
3487 2047 3699 2105 damna-

542 2121 729 2189 vitque.

473 2211 538 2266 Il.
570 2210 864 2265 Alexandri
883 2210 1118 2265 studium
1149 2209 1206 2262 in
1231 2208 1417 2262 hceresi
1441 2209 1645 2263 Ariana
1668 2207 2026 2279 proﬂiganda.
2057 2207 2189 2279 Ejus
2221 2208 2331 2263 dies
2353 2219 2403 2262 et
2429 2225 2598 2262 annus
2626 2207 2934 2262 emortualis
2967 2209 3242 2263 statuitur.

469 2291 559 2361 ῙΙΙ.
599 2306 729 2372 Qua!
767 2305 1034 2370 scripserit
1073 2301 1374 2357 Alexander
1424 2302 1492 2355 ad
1524 2303 1769 2356 Iurresim
1799 2302 2062 2356 Arianam
2101 2303 2524 2372 oppugnandam.
2565 2303 2753 2356 Exstat
2790 2303 2903 2371 ejus
2950 2303 3193 2371 epistola,
3236 2302 3539 2356 Alexandro
3577 2300 3692 2355 (ΣΡ.

538 2379 776 2446 episcopo
813 2376 1088 2442 inscripta.

470 2468 559 2522 IV.
606 2467 677 2521 De
695 2467 792 2520 hac
820 2465 1043 2534 epistola
1081 2464 1345 2518 Holstenii
1382 2466 1657 2518 sententia.

468 2564 534 2620 ν.
570 2564 759 2633 Agitur
797 2561 860 2614 de
899 2561 1138 2633 oratione
1179 2558 1468 2612 Alexandri
1503 2557 1570 2611 ad
1610 2562 2033 2633 presbyteroset
2071 2560 2319 2617 diaconos
2372 2562 2757 2616 Alexandrinos
2808 2571 2856 2615 et
2893 2560 3228 2616 Mareoticos.
3277 2561 3408 2616 Item
3449 2564 3511 2618 de
3545 2564 3691 2619 illius

526 2629 755 2702 epistola
791 2631 1077 2701 encyclica,
1113 2645 1230 2700 qua:
1268 2645 1348 2682 res
1387 2639 1558 2699 gestas
1598 2629 1800 2682 exhibet
1839 2631 1893 2683 in
1935 2631 2153 2686 Arianae
2190 2633 2444 2687 haereseos
2483 2643 2689 2685 exortu.
2824 2653 2828 2657 ·

535 2772 578 2830 l.
619 2772 844 2828 Achillm
865 2772 963 2842 qui
992 2769 1188 2841 exiguo
1215 2780 1457 2839 tempore
1492 2783 1522 2821 a
1576 2767 1721 2823 Petri
1771 2772 2034 2842 martyrio
2063 2785 2107 2839 Α
2136 2789 2390 2843 magnum
2411 2774 2724 2840 concilium,
2758 2774 2812 2826 in
2845 2789 2953 2844 quo
2976 2774 3176 2844 impius
3225 2775 3315 2829 ille
3348 2776 3417 2830 ab
3448 2774 3692 2833 Ecclesia

465 2867 888 2923 Alexandrinam
938 2863 1233 2918 Ecclesiam
1283 2861 1725 2924 administravit,
1776 2861 2035 2919 suffectus

466 2966 550 3015 est
598 2956 906 3012 Alexander
949 2955 1098 3009 circa
1157 2968 1361 3007 annum
1419 2951 1622 3007 Christi
1679 2953 1803 3010 512.
1859 2954 2034 3025 Hujus

467 3049 716 3120 praesulis
751 3047 980 3103 eximias
1010 3045 1240 3100 virtutes
1289 3059 1427 3114 quas
1475 3045 1702 3098 omnino
1754 3047 2035 3115 praeterire

465 3141 625 3196 libuit
659 3138 919 3205 Eusebio,
951 3138 1088 3192 alios
1118 3137 1414 3205 scriptores
1443 3135 1848 3192 ecclesiasticos
1885 3139 2032 3192 omni

464 3234 624 3290 laude
667 3238 988 3303 prosecutos
1036 3243 1159 3283 esse
1209 3228 1586 3298 intelligimus.
1621 3226 1832 3283 Passim
1887 3229 2030 3284 enim

464 3325 617 3380 audit
654 3344 674 3376 ‹
719 3322 1046 3393 evangelicae
1078 3319 1342 3375 doctrina:
1395 3327 1771 3391 propugnator
1829 3323 2032 3377 acerri-

464 3433 583 3472 mus
615 3415 713 3488 ta),
758 3435 776 3468 ι
818 3417 846 3468 ὁ
873 3416 1116 3483 γενναῖος
1155 3411 1524 3466 ἀποπολικῶν
1561 3410 1842 3482 δογμάτων
1882 3413 2032 3480 γενό-

463 3525 620 3579 μενος
655 3507 935 3580 πρόμαχος
971 3523 984 3536 ·
1025 3525 1044 3558 ι
1091 3505 1517 3576 apostolicorum
1564 3502 1878 3574 dogmatum
1910 3506 2031 3560 vin-

462 3602 566 3656 dex
594 3607 648 3655 et
671 3607 931 3670 patronus
964 3597 1061 3671 (ω,
1101 3617 1119 3650 ι
1151 3599 1178 3649 ὁ
1210 3597 1316 3650 τῶν
1343 3595 1707 3650 ὰποστολικῶν
1750 3597 2030 3667 δογμάτων

462 3695 798 3765 συνήγορος·
834 3701 997 3762 atque
1030 3691 1099 3761 (ο)
1135 3689 1326 3745 divina:
1377 3689 1500 3759 ﬁdei
1548 3691 1882 3759 episcopus...
1914 3691 2027 3760 ple-

460 3801 558 3837 nus
591 3784 874 3852 sapientia,
923 3791 971 3835 et
1006 3781 1212 3850 Spiritu
1259 3789 1442 3835 sancto
1493 3780 1719 3849 fervens.
1759 3779 2028 3835 Nimirum

458 3875 764 3930 Alexander
783 3874 974 3927 Arium
1011 3874 1220 3943 primus
1266 3879 1321 3928 ct
1363 3873 1566 3928 detexit
1607 3882 1662 3928 et
1709 3872 2024 3939 damnavit;

459 3982 850 4037 sacrarumque
900 3967 1202 4020 litterarum
1251 3965 1494 4035 vestigiis
1538 3964 1822 4029 insistens,
1853 3971 1914 4018 ut
1953 3965 2028 4019 ait

458 4060 821 4116 Theodoritus
845 4057 946 4131 (ά),
982 4055 1180 4111 Filium
1208 4055 1322 4120 Dei,
1351 4071 1511 4126 quem
1542 4055 1830 4112 haereticus
1863 4055 2025 4110 homo

2137 2867 2458 2921 exturbatus
2510 2866 2611 2919 fuit
2654 2873 2815 2936 atque
2866 2868 3223 2937 proscriptus.
3255 2867 3320 2920 Et
3348 2871 3550 2926 mulus
3580 2873 3695 2943 qui-

2137 2955 2257 3011 dem
2311 2957 2690 3012 aﬂlictationes
2751 2959 3058 3028 multosque
3119 2959 3330 3015 labores
3393 2961 3448 3014 in
3499 2962 3691 3017 haeresi

2134 3046 2334 3100 Ariana
2373 3045 2704 3117 proﬂiganda
2729 3049 2970 3116 pertulit,
3001 3049 3250 3118 quamvis
3277 3065 3463 3112 senex,
3491 3051 3694 3106 beatis-

2135 3137 2307 3191 simus
2328 3136 2665 3202 Alexander;
2694 3137 2892 3207 quibus
2918 3137 3132 3192 demum
3167 3139 3484 3208 perfunctus
3513 3139 3567 3193 in
3596 3156 3691 3195 ex-

2134 3237 2304 3283 trema
2349 3236 2628 3283 senectute
2680 3230 2963 3298 appositus
2993 3238 3077 3285 est
3119 3231 3185 3284 ad
3238 3240 3419 3302 patres
3448 3249 3597 3296 suos,
3632 3240 3691 3287 ut

2133 3319 2323 3375 scribit
2371 3327 2594 3376 sanctus
2637 3317 2966 3377 Athanasius
3022 3322 3123 3391 (e);
3174 3322 3267 3392 qui
3325 3331 3377 3377 et
3415 3324 3543 3381 alibi
3573 3323 3636 3396 (Γ)
3673 3345 3686 3380 :

2138 3427 2156 3460 ‹
2196 3409 2474 3466 Mensibus
2503 3415 2764 3483 quinque,
2798 3413 2873 3466 ait
2900 3415 2953 3481 (a
2984 3413 3158 3468 reditu
3197 3411 3416 3484 Niceae),
3446 3414 3688 3469 nondum

2131 3502 2362 3564 exactis,
2395 3517 2708 3572 supremum
2740 3505 2880 3558 diem
2913 3505 3046 3559 obiit
3081 3507 3248 3559 beata:
3279 3507 3552 3562 memoriae
3571 3507 3690 3563 Ale-

2140 3593 2344 3648 xander
2373 3609 2385 3644 :
2429 3613 2447 3645 ι»
2483 3593 2632 3647 οὔπω
2676 3593 2784 3665 γὰρ
2820 3595 2978 3648 πέντε
3023 3594 3189 3666 μῆνες
3233 3599 3534 3670 παρῆλθον,
3565 3606 3653 3658 καὶ
3675 3607 3703 3658 ὁ

2139 3684 2237 3755 μὲν
2287 3686 2595 3758 μακαρίτης
2644 3685 2983 3759 Ἀλέξανδρος
3008 3687 3407 3763 τετελεύτηκεν.
3439 3696 3613 3764 Atque
3647 3698 3702 3751 in

2129 3776 2375 3830 eamdem
2411 3778 2736 3832 sententiam
2767 3776 3128 3832 Theodoritus
3163 3778 3235 3848 lg)
3281 3797 3293 3832 ε
3335 3797 3354 3829 ‹
3393 3779 3550 3844 Cum,
3599 3779 3686 3833 in-

2129 3867 2268 3936 quit,
2305 3867 2644 3924 admirabilis
2679 3869 2770 3924 ille
2799 3871 3089 3940 episcopus
3120 3870 3424 3925 Alexander
3448 3871 3542 3942 qui
3571 3871 3687 3925 Arii

2130 3957 2522 4029 blasphemiam
2572 3964 2921 4032 expugnavit,
2963 3971 3085 4032 post
3118 3963 3360 4034 quinque
3407 3979 3623 4020 menses
3655 3979 3687 4017 a

2130 4051 2337 4121 synodo
2365 4049 2579 4106 Nicer-na
2601 4052 2813 4107 vivendi
2845 4052 3005 4107 finem
3038 4054 3276 4118 fecisset,
3306 4054 3688 4110 Alexandrina:

457 4162 767 4208 creaturam
801 4160 854 4206 et
898 4151 1165 4205 facturam
1194 4148 1447 4212 vocabat,
1509 4147 1754 4216 ejusdem
1782 4163 1907 4203 esse
1933 4146 2019 4201 di-
2053 4123 2096 4178 Β
2127 4142 2385 4199 Ecclesiae
2425 4146 2775 4213 praesulatum
2817 4146 3152 4202 Athanasius
3188 4148 3447 4218 suscepit.
3489 4165 3508 4198 ›
3558 4145 3684 4200 Haec

449 4247 677 4317 .gnitatis
704 4261 826 4299 cum
847 4243 1028 4308 Patre,
1063 4241 1418 4310 eamdemque
1442 4254 1563 4294 cum
1589 4238 1698 4295 Deo
1723 4240 1814 4310 qui
1845 4239 2022 4310 ipsum

453 4337 662 4408 genuit,
705 4335 903 4390 habere
925 4332 1288 4389 substantiam
1312 4330 1551 4385 edocuit.

527 4422 590 4479 II.
629 4421 695 4476 Et
726 4423 963 4493 primum
1016 4421 1235 4490 quidem
1286 4420 1508 4475 monitis
1557 4430 1612 4475 et
1649 4420 1895 4476 consiliis
1924 4421 2023 4475 hoc

451 4513 652 4568 minem
680 4513 748 4566 ab
792 4513 1045 4567 instituto
1089 4526 1349 4566 revocare
1397 4512 1628 4568 studuit.
1672 4512 1742 4566 At
1772 4513 1864 4566 ubi
1895 4527 2019 4567 eum

452 4605 695 4660 insanire
728 4618 992 4674 suamque
1020 4603 1350 4672 impietatem
1382 4604 1558 4673 palam
1582 4604 1882 4674 praedicare
1905 4605 2022 4657 ani-

451 4695 740 4750 madvertit
761 4705 983 4751 sanctus
1013 4695 1240 4750 antistes
1261 4734 1276 4759 ,
1319 4695 1662 4750 Alexandriae
1698 4706 1884 4749 coacta
1912 4710 2020 4748 una

447 4796 502 4843 et
532 4787 703 4842 altera
739 4786 948 4858 synodo
976 4786 1358 4857 episcoporum
1395 4785 1635 4857 Egypti,
1682 4801 1748 4840 cx
1789 4787 2017 4858 presby-

455 4889 699 4935 terorum
730 4879 922 4934 ordine
953 4879 1105 4932 illum
1153 4878 1422 4948 deiectum
1461 4876 1721 4932 Ecclesia:
1773 4892 2016 4930 commu-

451 4971 616 5024 nione
657 4968 908 5038 privavit.
950 4965 1090 5020 Tum
1133 4981 1263 5022 vero
1311 4965 1625 5036 hujusmodi
1677 4966 2018 5020 anathemate

445 5060 731 5128 perculsus
761 5057 1147 5122 haeresiarcha,
1181 5072 1306 5111 cum
1338 5057 1511 5125 magis
1535 5055 1712 5111 adhuc
1737 5056 2017 5125 magisque

446 5151 629 5206 furere
677 5156 945 5220 pergeret,
991 5161 1135 5202 anno
1167 5147 1386 5201 tandem
1443 5146 1548 5201 325
1598 5145 1790 5200 Nicaea:
1821 5145 1876 5198 in
1927 5144 2015 5198 Bi-

366 5291 374 5297 .
439 5244 631 5314 thynia
669 5257 734 5297 ex
761 5242 1018 5298 universo
1045 5239 1360 5296 Christiano
1388 5239 1520 5294 orbe
1543 5245 1901 5295 convocatum
1931 5245 2014 5292 est

513 5419 591 5502 (ᾳ)
625 5418 901 5502 Iheodor.
942 5418 1090 5475 Hist.
1121 5419 1273 5484 eccl.,
1296 5418 1394 5476 lib.
1430 5433 1470 5483 1,
1499 5434 1618 5489 cap.
1649 5419 1704 5474 2.

513 5489 592 5559 (ὁ)
625 5490 704 5546 ld.
742 5489 869 5546 ibid.

424 5594 428 5632 ς
512 5563 584 5632 (σί)
617 5561 856 5632 Marce“.
883 5570 938 5616 et
967 5559 1156 5616 Faust.
1188 5559 1372 5615 Libell.
1399 5575 1561 5629 prec.,
1592 5558 1693 5615 sub
1717 5556 1839 5612 init.

423 5631 428 5672 ἶ
515 5631 592 5703 (d)
624 5631 897 5703 Theodog.
929 5632 966 5686 l.
995 5645 1046 5686 c.

512 5692 584 5773 (ei
613 5703 812 5757 Athan.
838 5692 1010 5771 Epist.
1043 5699 1112 5755 ad
1139 5701 1299 5772 episc.
1326 5699 1564 5772 Egypt,
1614 5698 1641 5770 ς
1671 5699 1761 5766 ει,
1795 5705 1926 5755 tom.
1965 5695 2004 5764 I,

444 5773 726 5847 [agc.*29?-.

2127 4237 2236 4291 ille.
2271 4235 2444 4303 Quam
2469 4237 2687 4308 quidem
2712 4240 2970 4308 temporis
3003 4239 3359 4303 notationem,
3411 4246 3468 4292 ut
3496 4238 3686 4292 adver-

2125 4329 2189 4382 tit
2231 4328 2478 4385 eruditus
2525 4327 2854 4401 Lequienius
2888 4330 2984 4401 (lt),
3041 4331 3092 4385 in
3139 4332 3400 4402 singulari
3447 4330 3682 4401 quadam

2122 4420 2599 4477 dissertatiuncula
2619 4422 2925 4478 edisserens
2953 4423 3303 4477 doctissimus
3347 4421 3682 4476 Montfauco-

2122 4515 2268 4578 nius,
2300 4514 2538 4570 ostendit
2563 4513 2925 4568 Alexandrum
2952 4515 3156 4570 obiisse
3199 4515 3286 4570 die
3304 4513 3374 4568 22
3399 4515 3681 4568 Barmuda:

2123 4623 2220 4662 seu
2269 4605 2611 4668 Pharmuthi,
2653 4603 2788 4659 feria
2831 4621 2889 4669 ιι,
2942 4605 3143 4676 Aprilis
3192 4608 3364 4661 nostri
3400 4606 3487 4669 I7,
3534 4621 3680 4660 anno

2122 4697 2352 4767 proinde
2401 4696 2572 4751 altero
2637 4704 2760 4767 post
2812 4695 3084 4752 Nicaeuam
3153 4697 3462 4768 synodum,
3531 4697 3681 4752 scili-

2121 4796 2208 4842 cet
2238 4788 2362 4844 5'26.

2189 4878 2279 4934 Ill.
2325 4878 2555 4951 Scripsit
2605 4879 2911 4935 Alexander
2963 4881 3268 4951 encyclicas
3323 4880 3388 4934 ad
3435 4881 3679 4950 singulos

2117 4970 2403 5040 episcopos
2457 4971 2686 5036 litteras,
2730 4974 2840 5034 τοῖς
2884 4971 3194 5041 ἁπανταχοῦ
3227 4971 3368 5024 κατὰ
3399 4972 3572 5034 πόλιν,
3621 4983 3680 5026 ut

2117 5076 2183 5115 ex
2211 5059 2435 5116 Socrate
2459 5063 2826 5131 comperimus
2862 5062 2946 5134 (i),
2981 5063 3183 5132 quibus
3226 5062 3473 5117 haeresim
3520 5063 3680 5115 Aria-
3725 5086 3734 5126 ς

2116 5167 2242 5206 nam
2277 5153 2658 5223 oppugnabat;
2693 5169 2894 5225 easque
2921 5154 3090 5210 ferme
3136 5156 3477 5226 septuaginta
3507 5153 3679 5210 fuisse

2115 5240 2282 5298 refert
2306 5239 2644 5312 Epiphanius
2674 5243 2759 5314 υ).
2793 5244 2932 5300 Suas
2962 5259 3125 5314 porro
3155 5245 3414 5314 epistolas
3447 5244 3678 5314 vigilan-

2297 5418 2372 5501 λεὶ..
2420 5419 2839 5501 Apolog'.'contr.
2875 5421 3092 5501 Arium,
3130 5420 3272 5492 §59,
3293 5435 3422 5501 pag.
3458 5419 3576 5474 I78.

2191 5493 2266 5611 (ἶ)
2297 5488 2568 5544 Theodor.
2592 5488 2748 5544 Ἠὶεε.
2779 5491 2928 5555 eccl.,
2961 5491 3056 5544 lib.
3083 5488 3261 5561 r,'cap.
3291 5488 3398 5547 26f

2191 5559 2561 5642 thljletluie'p:
2597 5559 2700 5642 _0r.
2736 5559 2958 5642 Christ”
2990 5569 3126 5617 tom.
3150 5560 3362 5642 “Amas.
3387 5558 3509 5616 599.

2214 5631 2254 5697 ἱ)
2287 5629 2441 5704 _S_ocr_.
2480 5629 2625 5704 Hist.
2658 5632 2785 5687 eccl.
2811 5631 2989 5704 'III).},
3017 5646 3137 5704 cap.
3172 5632 3224 5687 6.

2183 5704 2251 5771 υ)
2289 5697 2482 5771 Epiph.
2513 5700 2642 5754 hair.
2680 5716 2829 5768 uix,
2862 5698 2889 5770 §
2921 5702 2973 5757 4.
