4132 6414
357 403 470 462 525

1348 409 1408 463 'S.
1453 404 1872 464 ALEXANDER
1912 405 2118 464 ALEX.
2149 442 2218 450 —
2240 405 2543 464 NOTIT'IA.

3507 417 3608 472 526

361 521 634 576 tissimum
683 522 970 592 praesulem
1017 538 1140 577 cum
1187 523 1255 578 iis
1302 539 1441 593 quas
1495 523 1562 576 ad
1618 525 1796 594 ipsum
1846 539 1935 578 re-
1965 533 2013 588 Α
2041 524 2308 578 circulum
2340 525 2508 580 missa
2538 524 2845 579 ostendam.
2883 521 3070 596 Neque
3110 541 3212 598 ego
3243 527 3330 582 hic
3356 528 3611 589 Theodo-

364 611 702 681 scripscrunt
727 613 968 683 episcopi
1001 629 1097 683 per
1146 614 1389 684 singulas
1430 613 1595 668 urbes
1625 616 1934 678 constituti,

364 720 462 774 pro
489 705 772 758 catholica:
795 706 1079 760 sententiae
1111 705 1428 760 defensione
1469 706 1522 760 i-n
1576 722 1742 760 unum
1775 707 1934 760 volu-

362 811 487 850 men
517 796 885 865 congessisse.
915 807 1110 868 praeter
1142 795 1424 851 Socratem
1460 797 1536 868 (a)
1572 806 1804 851 testatur
1828 796 1935 850 'So-

364 904 626 943 zomenus
651 888 753 959 (b).
781 889 850 944 At
870 905 938 944 e-x
973 891 1232 945 omnibus
1259 891 1506 959 epistolis
1528 907 1666 960 quas
1696 891 1935 946 Alexan-

362 979 521 1033 drum
556 982 945 1051 perscripsisse
979 982 1147 1036 tradit
1174 984 1496 1052 antiquitas,
1541 984 1661 1038 duae
1693 992 1933 1037 tantum-

356 1074 523 1129 modo
536 1075 758 1146 integrae
775 1077 936 1131 hodie
953 1087 1234 1147 superant;
1250 1076 1448 1148 quibus
1465 1077 1673 1132 accedit
1688 1079 1932 1147 ejusdem

360 1165 657 1220 Alexandri
689 1169 870 1222 brevis
899 1169 1157 1223 allocutio
1187 1169 1255 1223 de
1282 1170 1397 1222 Arii
1433 1179 1488 1224 et
1516 1170 1788 1223 sociorum
1835 1169 1932 1224 de-

362 1259 634 1327 positione
655 1260 724 1312 ad
751 1261 1101 1331 presbyteros
1135 1268 1188 1314 et
1217 1260 1486 1332 diaconos
1509 1259 1850 1315 Alexandria:
1877 1269 1933 1314 et

361 1350 632 1405 Mareotis.
682 1352 1047 1420 Epistolarum
1082 1351 1265 1420 itaque
1299 1352 1449 1420 prior
1476 1367 1638 1421 quam
1682 1350 1934 1406 Theodo-

360 1443 468 1496 rito
489 1453 766 1512 acceptam
797 1443 1088 1498 referimus
1135 1444 1228 1514 (ο),
1261 1444 1592 1513 homonymo
1624 1443 1932 1498 Alexandro

361 1533 963 1606 Constantinopolitano
989 1537 1246 1607 episcopo
1269 1537 1610 1590 inscribitur.
1637 1535 1787 1589 Hanc
1807 1551 1932 1590 vero

363 1628 650 1698 epistolam
683 1637 804 1698 post
830 1629 1158 1684 celebratam
1210 1629 1478 1699 synodum
1507 1627 1929 1682 Alexandrinam

361 1716 534 1770 fuisse
578 1725 882 1780 exaratam,
922 1733 987 1772 ex
1031 1719 1098 1772 iis
1139 1725 1476 1788 compertum
1515 1702 1777 1772 habemus
1811 1731 1930 1785 quae

357 1808 462 1863 sub
487 1809 700 1863 initium
731 1818 1048 1867 occurrunt.
1084 1812 1176 1865 Sic
1205 1813 1349 1867 enim
1377 1820 1600 1866 sanctus
1624 1809 1786 1863 Pater
1807 1809 1884 1879 (ά)
1913 1829 1924 1862 :

2043 615 2150 669 rito
2192 615 2400 670 futilem
2441 615 2642 671 Gelasii
2689 619 2942 689 Cyziceni
2993 619 3300 678 Diobolaris
3361 625 3611 696 ῥαψῳδοῢ

2039 709 2423 762 auctoritatem
2470 711 2838 778 opposuerim,
2889 713 2983 782 qui
3017 713 3390 770 Alexandrum
3443 721 3611 774 istum

2038 799 2144 853 hoc
2175 808 2418 880 tempore
2446 799 2552 856 CP.
2589 799 2846 858 Ecclesiae
2879 804 3113 859 necdum
3157 808 3442 876 praefuisse
3469 812 3612 864 allir-

2037 898 2488 963 ma‘t;quemque
2515 895 2678 965 paulo
2733 905 2856 966 post
2901 896 3124 952 Niczeno
3154 901 3390 955 concilio
3429 904 3614 972 priva-

2036 990 2153 1037 tum
2185 985 2365 1038 adhuc
2396 987 2774 1058 presbyterum
2824 1005 2922 1060 pro
2972 991 3324 1063 Metrophane
3363 1005 3613 1055 extrema

2037 1084 2318 1131 senectute
2354 1078 2605 1134 confecto
2651 1080 2968 1138 interfuisse
3001 1085 3215 1142 scribit.
3244 1085 3416 1155 Cujus
3451 1088 3610 1142 fidem

2037 1165 2232 1221 incerti
2260 1184 2477 1240 quoque
2501 1173 3008 1230 auctoris-narratio
3035 1177 3102 1230 de
3128 1192 3363 1233 cccxvm
3402 1178 3610 1235 Nicaeni

2035 1259 2252 1314 concilii
2286 1259 2540 1317 Patribus
2571 1265 2839 1334 sequitur,
2871 1282 2991 1335 qua:
3021 1268 3074 1320 in
3124 1267 3369 1324 Historia
3397 1283 3611 1326 sancto-

2035 1367 2153 1403 rum
2181 1351 2469 1422 Lipomani
2496 1365 2708 1424 exstat;
2739 1359 2899 1428 cujus
2926 1361 3208 1431 exemplar
3235 1378 3304 1420 ex
3340 1367 3490 1436 regio
3511 1356 3610 1421 co-

2034 1439 2156 1495 dice
2181 1441 2235 1495 in
2267 1439 2459 1498 Galliis
2489 1445 2785 1516 aliquando
2806 1462 2892 1502 me
2915 1450 3334 1521 transcripsisse
3359 1455 3604 1511 memini.

2033 1529 2181 1599 Haec,
2214 1533 2460 1605 inquam,
2492 1538 2629 1591 tanti
2662 1553 2768 1591 non
2800 1548 2950 1604 sunt,
2991 1549 3053 1594 ut
3097 1539 3416 1598 Tbeodoriti
3463 1537 3604 1600 alio-

2033 1639 2266 1696 rumque
2291 1629 2583 1684 meliorum
2635 1639 2925 1686 auctorum
2976 1634 3138 1689 fidem
3171 1637 3315 1705 apud
3356 1652 3458 1691 nos
3492 1639 3604 1693 ele-

2033 1725 2179 1772 vent.
2221 1738 2240 1770 ι
2273 1718 2550 1775 Hactenus
2581 1720 2917 1780 Holstenius.
2960 1724 3148 1795 Neque
3193 1729 3290 1784 abs
3334 1745 3392 1783 re
3443 1730 3605 1785 fuerit

2034 1813 2321 1869 consulere
2373 1813 2860 1882 Montl‘auconium,
2912 1820 3007 1888 qui
3049 1820 3262 1874 erudite
3309 1822 3603 1877 admodum

361 1923 382 1951 ί
425 1904 502 1956 Ac
534 1919 635 1958 nos
671 1905 908 1974 quidem,
943 1906 1140 1976 inquit.
1177 1921 1300 1960 cum
1331 1921 1393 1960 ca
1445 1921 1565 1974 quae
1611 1905 1735 1958 vitae
1781 1905 1929 1972 ipso-
1960 1921 2001 1974 Β
2033 1902 2268 1972 inquirit
2298 1903 2383 1974 (ὅ),
2420 1904 2557 1974 quid
2591 1907 2662 1959 sit
2701 1906 2804 1960 hac
2836 1908 2953 1977 ipsa
2981 1907 3044 1962 in
3075 1909 3306 1978 epistola
3339 1911 3403 1981 (j)
3438 1912 3604 1982 τόμος

349 2011 477 2050 rum
509 1996 880 2067 (Arianorum)
910 2014 971 2052 ac
1003 2000 1226 2053 nefariis
1261 1999 1554 2053 conatibus
1585 2005 1921 2067 cmnpetunt,

347 2090 533 2147 serius
561 2099 781 2162 propter
814 2092 1057 2162 ipsorum
1080 2093 1314 2147 latebras
1339 2091 1922 2162 deprehendissemus;

353 2185 633 2238 communi
663 2185 907 2238 omnium
940 2184 1200 2255 sull‘ragio
1230 2201 1298 2239 ex
1323 2195 1467 2241 cmtu
1508 2183 1768 2238 Ecclesiae
1807 2199 1926 2252 quae

353 2277 558 2333 Christi
586 2277 924 2333 divinitatem
956 2279 1166 2343 adorat,
1198 2294 1294 2333 eos
1320 2279 1602 2347 ejecimus.
1638 2297 1656 2328 ο
1695 2276 1924 2331 Praeter-

344 2387 442 2436 ea,
470 2379 530 2426 ut
562 2372 818 2427 observat
847 2373 918 2426 cl.
946 2369 1220 2435 Valesius,
1250 2387 1314 2426 ex
1363 2373 1470 2426 alio
1511 2370 1757 2440 ejusdem
1809 2367 1925 2439 epi-

349 2464 510 2518 stolae
540 2464 662 2518 loco
693 2463 762 2536 (ε)
785 2463 1050 2520 discimus
1079 2480 1199 2519 eam
1233 2464 1526 2535 scripsisse
1551 2465 1922 2519 Alexandrum

355 2563 480 2611 ante
515 2557 662 2612 illam
691 2573 854 2627 quam
881 2557 946 2610 ad
983 2572 1173 2612 omnes
1207 2556 1480 2612 Ecclesias
1497 2557 1714 2612 direxit.
1743 2555 1924 2625 Siqui-

354 2645 478 2702 dem
509 2663 575 2703 eo
603 2648 710 2703 loci
749 2649 829 2704 sic
861 2649 1102 2718 loquitur
1131 2649 1325 2705 beatus
1363 2650 1630 2705 antistes:
1669 2669 1688 2700 ‹
1727 2647 1923 2704 Nescio

354 2757 464 2811 quo
492 2742 654 2797 modo
680 2742 914 2798 ordinati
936 2743 991 2796 in
1017 2740 1173 2813 Syria
1195 2750 1306 2798 tres
1327 2743 1590 2812 episcOpi,
1621 2742 1730 2797 illis
1754 2741 1923 2805 (Aria-

346 2831 464 2900 nis)
502 2833 916 2897 consentiendo,
945 2847 1040 2887 eos
1065 2832 1133 2886 ad
1156 2833 1344 2903 pejora
1370 2833 1620 2887 incitant.
1664 2853 1682 2882 ι
1717 2832 1922 2886 Intelli—

351 2920 428 2990 git
455 2922 736 2984 nimirum,
769 2923 844 2976 ait
868 2923 950 2976 vir
971 2924 1197 2979 criticus
1221 2923 1309 2994 (ι’),
1339 2923 1634 2980 Eusebium
1662 2922 1922 2978 Caesareae

354 3012 658 3068 Palaestina:
709 3014 1066 3084 episcopum,
1136 3014 1476 3071 Theodotum
1531 3013 1813 3070 Laodicea:
1867 3023 1921 3069 et

352 3104 638 3162 Paulinum
671 3105 799 3178 Tyri
843 3127 856 3162 :
911 3109 1010 3163 hos
1054 3109 1198 3163 enim
1244 3109 1588 3162 anathemate
1635 3108 1920 3161 damnatos

355 3198 521 3253 fuisse
554 3215 584 3253 a
616 3208 804 3254 nostro
839 3200 1070 3270 praesule
1091 3200 1465 3256 Alexandrino
1493 3207 1727 3254 testatur
1756 3198 1920 3252 Arius

2031 1998 2147 2053 sive
2173 2005 2359 2052 tomus
2401 1999 2513 2065 ille,
2536 2015 2696 2069 quem
2716 2002 2987 2071 episcopis
3016 2017 3113 2070 per
3143 2003 3330 2057 orbem
3357 2005 3603 2060 subscri-

2030 2090 2268 2144 bend’um
2313 2091 2623 2147 Alexander
2659 2094 3060 2150 Alexandrinus
3111 2096 3179 2150 ad
3228 2096 3600 2152 Alexandrum

2027 2181 2347 2253 Byzantium
2378 2185 2546 2241 misit.

2097 2273 2162 2328 V.
2207 2275 2280 2330 De
2331 2277 2556 2347 reliquis
2603 2279 2818 2336 duobus
2873 2283 3178 2336 litterarum
3229 2285 3598 2338 monumentis

2026 2383 2148 2436 quae
2195 2369 2448 2437 superius
2485 2371 2792 2440 excipiunt,
2826 2389 2952 2429 cum
2981 2389 3043 2429 ea
3083 2375 3194 2428 sint
3227 2390 3293 2429 ex
3338 2377 3601 2444 praeclara

2026 2457 2526 2514 Athanasianorum
2565 2462 2805 2519 editione
2848 2465 3144 2536 descripta,
3203 2475 3424 2535 praestat
3470 2483 3600 2536 pro-

2026 2559 2214 2618 pterea
2241 2553 2534 2622 ipsummet
2561 2556 2977 2611 celeberrimum
3004 2559 3270 2614 editorem
3316 2562 3390 2615 ita
3418 2561 3487 2616 de
3529 2563 3600 2616 iis

2026 2644 2448 2714 praeloquentem
2477 2647 2668 2702 audire
2689 2647 2764 2720 (k)
2792 2667 2808 2704 :
2843 2667 2862 2700 α
2893 2650 3140 2715 Edimus,
3171 2653 3366 2721 inquit,
3392 2655 3601 2708 Καθαί-

2017 2751 2196 2802 pec-cr
2223 2751 2318 2790 seu
2352 2736 2744 2806 Depositionem
2777 2741 2887 2794 Arii
2915 2751 2969 2795 et
2988 2743 3288 2807 sociorum,
3322 2745 3398 2798 ita
3447 2746 3601 2800 scili-

2025 2837 2112 2884 cet
2141 2839 2509 2900 nuncupatam
2539 2830 2595 2884 in
2619 2831 2813 2886 codice
2831 2833 2993 2903 Regio
3024 2835 3168 2889 unde
3217 2851 3279 2889 ea
3311 2835 3602 2904 desumpta

2024 2927 2110 2974 est
2136 2937 2149 2985 ;
2183 2921 2307 2975 licet
2341 2923 2560 2992 proprie
2582 2923 2719 2976 nihil
2748 2923 2840 2977 illa
2873 2926 2944 2978 sit
2973 2924 3120 2979 aliud
3152 2926 3258 2981 nisi
3289 2927 3464 2980 oratio
3491 2943 3602 2997 qua

2025 3007 2335 3063 Alexander
2401 3011 2852 3082 archiepiscopus
2921 3015 3129 3070 accitos
3198 3015 3600 3075 Alexandrinos

2023 3098 2456 3172 Mareoticosque
2496 3105 2846 3174 presbyteros
2887 3117 3055 3176 atque
3084 3108 3366 3172 diaconos,
3413 3125 3601 3165 coram

2024 3191 2296 3256 hortatur,
2332 3202 2392 3247 ut
2423 3195 2753 3265 encyclicam
2785 3211 2942 3250 suam
2971 3198 3260 3267 epistolam
3313 3216 3419 3270 qua
3469 3219 3601 3256 nar-

350 3291 406 3344 in
426 3291 658 3360 epistola
683 3292 749 3345 ad
776 3291 1067 3346 Eusebium
1091 3278 1559 3347 Nicoinedienscm
1578 3293 1917 3362 episcopum,
1948 3259 1997 3320 ο
2028 3290 2182 3335 Pal“?
2229 3283 2342 3337 Αΐίί
2377 3286 2762 3355 sociorumque
2785 3286 3086 3351 damnatio.
3117 3291 3370 3344 muniant
3402 3291 3602 3346 suifra-

349 3397 511 3450 quam
541 3383 734 3438 recitat
766 3381 1134 3438 Theodoritus
1161 3383 1258 3454 (g).
1291 3385 1460 3454 Cujus
1503 3385 1725 3455 quidem
1761 3384 1922 3438 Nico-

348 3473 646 3527 mediensis
671 3473 913 3543 epist-Opi
949 3474 1280 3529 mentionem
1316 3474 1495 3531 facere
1527 3477 1672 3530 haud
1698 3478 1920 3532 omisis-

348 3573 432 3618 set
464 3565 768 3620 Alexander
799 3566 853 3620 in
889 3567 997 3634 hac
1037 3565 1102 3620 ad
1143 3569 1518 3637 cognominem
1555 3569 1918 3623 Alexandrum

345 3657 600 3725 epistola,
637 3661 684 3712 si
707 3674 826 3712 eam
855 3659 978 3712 loco
997 3662 1301 3728 posteriore
1333 3662 1671 3731 scripsisset.

419 3749 506 3802 ιγ.
544 3747 810 3805 Caeterum
839 3752 907 3806 ad
932 3751 1176 3822 ejusdem
1213 3754 1457 3823 epistolae
1504 3754 1917 3824 inscriptionem

347 3848 492 3918 quod
528 3848 742 3912 attinet,
791 3857 989 3919 praeter
1017 3865 1080 3904 ea
1109 3866 1231 3920 quae
1277 3852 1345 3905 ad
1390 3852 1538 3905 illam
1572 3869 1635 3907 ex
1672 3851 1839 3923 Pagio
1864 3863 1919 3908 et

347 3939 572 3996 Baluzio
607 3942 1011 4004 adnotavimus,
1036 3945 1361 3998 sententiam
1389 3943 1660 3999 llolstenii
1689 3947 1791 3999 viri
1816 3946 1914 3998 do-

347 4032 581 4087 ctissimi
619 4033 724 4088 huc
756 4035 1028 4091 adducere
1053 4037 1278 4105 juverit.
1319 4035 1410 4090 Sic
1443 4037 1608 4107 igitur
1653 4039 1743 4092 ille
1780 4037 1856 4108 (Ii)
1901 4059 1912 4092 :

350 4140 372 4173 ί
407 4122 545 4177 Cum
593 4125 646 4177 in
700 4125 804 4179 hac
837 4126 1087 4194 epistola,
1142 4142 1249 4181 non
1300 4142 1467 4180 unum
1521 4127 1778 4196 aliquem.
1821 4129 1914 4183 sed

349 4215 531 4283 plures
557 4216 792 4271 subinde
822 4218 1134 4288 alloquatur
1152 4219 1459 4274 Alexander
1643 4220 1773 4273 mihi
1809 4221 1913 4273 lixa

348 4306 461 4360 haec
507 4307 658 4364 sedet
685 4311 976 4375 sententia,
1027 4327 1139 4365 non
1192 4311 1456 4381 privatam
1509 4312 1746 4381 aliquam
1803 4313 1915 4366 sive

347 4401 720 4455 tractatoriam
768 4402 909 4457 hanc
953 4404 1236 4480 epistolam
1285 4420 1430 4468 esse,
1461 4405 1555 4458 sed
1589 4404 1913 4458 circularem

346 4505 410 4544 ac
440 4491 770 4559 generalem,
811 4493 1035 4546 missam
1061 4494 1128 4547 ad
1153 4494 1402 4547 diversos
1438 4491 1668 4561 Europa:
1698 4492 1913 4560 episco-

2026 3373 2115 3441 gio
2148 3390 2248 3428 suo
2281 3386 2445 3445 atque
2468 3377 2891 3446 subscriptione.
2927 3377 3043 3432 Hoc
3081 3382 3403 3448 opusculum
3437 3392 3599 3438 antea

2027 3467 2295 3521 ineditum
2325 3468 2388 3522 ν.
2421 3468 2479 3525 G.
2511 3468 2818 3525 Cotelerius
2850 3471 2965 3525 suis
2987 3471 3054 3524 ad
3084 3471 3189 3526 PP.
3212 3474 3372 3542 primi
3409 3478 3598 3530 saeculi

2026 3563 2173 3618 notis
2209 3562 2438 3617 inseruit
2470 3562 2555 3632 (ι),
2583 3579 2659 3618 "ne
2688 3564 2895 3617 scilicet
2920 3580 3148 3633 prorsus
3181 3567 3450 3624 interiret.
3488 3568 3598 3625 Sed

2024 3670 2148 3708 cum
2181 3661 2334 3707 extra
2380 3654 2660 3722 proprium
2717 3655 2896 3708 locum
2952 3656 3024 3709 ibi
3076 3658 3315 3727 positum
3359 3659 3452 3722 sit,
3487 3661 3597 3716 huc

2023 3747 2199 3800 visum
2228 3752 2312 3798 est
2346 3746 2605 3814 adjicere,
2638 3761 2761 3798 cum
2798 3749 3099 3816 praesertim
3145 3749 3599 3819 implicatissimis

2022 3839 2351 3892 Arianorum
2382 3840 2623 3893 exordiis
2659 3841 2800 3892 haud
2831 3857 3021 3909 parum
3053 3843 3192 3896 lucis
3215 3844 3422 3899 aﬂ‘erat.

2089 3929 2233 3984 Huic
2267 3930 2616 4001 adjungimus
2646 3932 2983 4002 encyclicam
3034 3935 3324 3989 Alexandri
3381 3938 3591 4007 episto-

2019 4023 2151 4086 lam,
2201 4038 2321 4092 qua:
2372 4023 2446 4076 ita
2496 4023 2820 4092 praecedenti
2875 4023 3202 4094 Depositioni
3234 4029 3489 4092 cohaeret,
3535 4041 3594 4083 ut

2021 4115 2334 4170 nullatenus
2374 4115 2567 4169 debeat
2598 4117 2665 4170 ab
2698 4132 2762 4169 ea
2814 4119 3086 4187 segregari
3135 4139 3147 4172 :
3200 4135 3370 4189 quare
3414 4137 3593 4190 Operae

2020 4205 2254 4273 pretium
2300 4206 2403 4258 fuit
2441 4205 2563 4260 illas
2590 4206 2824 4260 invicem
2867 4209 3156 4277 sejunctas
3187 4210 3275 4264 hic
3306 4214 3588 4280 c0pulare,

2019 4307 2180 4365 prout
2209 4298 2263 4350 in
2289 4297 2478 4351 eodem
2499 4297 2659 4366 Regio
2703 4299 2894 4354 codice
2927 4301 3133 4369 jacent.
3186 4300 3426 4356 [labetur
3474 4305 3590 4358 haec

2018 4388 2247 4456 epistola
2281 4389 2423 4457 apud
2451 4387 2736 4443 Socratem
2769 4390 2891 4460 (ml,
2921 4391 3016 4444 sed
3046 4393 3234 4446 multis
3259 4395 3470 4447 mendis
3499 4411 3588 4450 re-

2019 4493 2231 4546 spersa,
2292 4479 2783 4550 desideranturque
2814 4482 2886 4535 ibi
2914 4483 3266 4538 Alexandrini
3297 4486 3426 4539 cleri
3454 4489 3586 4541 sub-

347 4597 462 4650 pos_
494 4582 650 4649 Quod
679 4599 840 4638 nemo
869 4585 1026 4639 facile
1061 4587 1360 4656 negaverit,
1391 4586 1485 4655 qui
1515 4585 1681 4654 hujus
1704 4584 1906 4654 ερῑειο.
1942 4613 1991 4666 D
2021 4573 2376 4642 scriptiones.
2404 4571 2537 4628 Item
2565 4573 2870 4644 legiturilla
2889 4575 3032 4645 apud
3055 4574 3332 4632 Gelasium
3361 4579 3438 4648 (η)
3463 4594 3588 4634 cum

347 4675 410 4728 la:
439 4685 644 4744 partem
679 4685 999 4738 extremam,
1035 4685 1089 4731 et
1107 4678 1607 4731 ecclesiasticarum
1652 4676 1912 4746 epistola-

341 4779 467 4820 rum
499 4767 732 4821 formam
754 4767 1082 4837 modumque
1106 4784 1214 4822 non
1248 4770 1407 4838 plane
1438 4769 1769 4838 ignoret.....
1792 4766 1911 4820 Non

346 4866 405 4911 ut
461 4859 768 4914 Alexandro
821 4857 1408 4929 Constantinopolitano
1457 4861 1718 4928 episc0po
1771 4862 1912 4912 hanc

344 4954 628 5022 epistolam
669 4951 932 5022 scriptam
967 4967 1189 5022 negem;
1219 4953 1314 5007 sed
1343 4961 1402 5006 ut
1438 4953 1508 5007 ad
1535 4954 1672 5008 alios
1696 4967 1914 5022 quoque

343 5046 556 5102 vicinos
605 5048 917 5116 episcOpos,
962 5045 1045 5099 vel
1087 5045 1142 5098 in
1197 5045 1343 5114 regia
1385 5045 1522 5098 urbe
1571 5045 1915 5114 negotiorum

344 5149 509 5191 causa
533 5147 652 5192 tum
689 5145 992 5199 versantes,
1023 5135 1268 5205 ejusdem
1294 5151 1510 5206 quoque
1540 5137 1787 5204 exempla
1817 5149 1913 5202 per

417 5314 494 5384 (a)
531 5312 684 5384 Socr.
717 5315 756 5370 ι.
787 5332 833 5368 c.
869 5315 972 5368 sub
997 5313 1091 5368 fin.

414 5381 491 5454 (ὁ)
522 5382 743 5454 Sozam.
774 5383 914 5438 Hist.
949 5384 1073 5439 εδει.
1103 5385 1193 5438 lib.
1222 5402 1262 5438 ι.
1292 5400 1411 5453 cap.
1441 5384 1490 5446 l,
1517 5381 1619 5454 sub
1642 5381 1728 5434 lin.

414 5455 487 5524 (ε)
519 5453 792 5508 Theodor.
826 5455 968 5510 Hist.
1002 5455 1129 5509 eccl.
1162 5455 1258 5510 lib.
1291 5471 1328 5517 ι,
1360 5471 1481 5524 cap.
1506 5453 1562 5508 ιι.

412 5525 492 5597 (d)
525 5526 685 5597 Alex.
714 5524 880 5597 Epist.
919 5528 970 5590 l,
1002 5524 1029 5596 ᾗ
1061 5525 1115 5578 2.

418 5595 490 5667 (ε)
515 5595 602 5667 _l_d.
643 5595 855 5667 ibid.,J§
879 5597 930 5650 9.

416 5661 483 5737 (Τ)
514 5665 691 5721 Vales.
718 5666 784 5719 ad
809 5661 1079 5720 Theodor.
1105 5665 1249 5721 Hist.
1277 5666 1430 5730 eccl.,
1448 5680 1570 5735 pag.
1597 5661 1683 5729 16,
1709 5672 1835 5718 note
1855 5664 1911 5730 2,

345 5739 478 5796 e'lit.
513 5737 773 5791 Cantabr.
803 5737 961 5790 1720.

417 5808 492 5876 (g‘)
521 5806 792 5862 Tbeodor.
826 5807 966 5860 Hist.
997 5806 1125 5860 εδει.
1160 5807 1253 5861 lib.
1287 5822 1328 5868 t,
1352 5821 1472 5869 cap.
1496 5805 1551 5860 5.

417 5875 496 5949 (ἢ)
528 5877 770 5934 Holsten.
797 5878 866 5933 ad
894 5876 1384 5948 calcem_Tbeodor.
1414 5875 1592 5933 Vales.
1618 5875 1834 5932 dissert.
1867 5890 1908 5940 ι,

2021 4666 2547 4736 subscriptionibus,
2582 4667 2676 4720 sed
2708 4667 2925 4722 mendis
2957 4668 3121 4721 etiam
3173 4670 3350 4723 obsita
3390 4688 3404 4722 :
3456 4671 3588 4724 sub-

2019 4757 2458 4827 scriptionesque
2513 4757 2649 4811 adeo
2707 4757 2915 4812 mutila:
2985 4767 3134 4820 sunt,
3185 4769 3244 4811 ut
3302 4775 3587 4813 necessum

2020 4864 2246 4918 prorsus
2300 4849 2464 4904 fuerit
2523 4862 2719 4901 novam
2764 4848 2882 4916 ejus
2933 4847 3226 4902 editionem
3284 4864 3498 4917 parare,
3531 4860 3587 4900 ut

2018 4939 2330 5009 inspicienti
2363 4940 2562 5008 cuique
2590 4939 2768 5006 palam
2795 4938 2917 4990 erit.
2949 4936 3145 4990 Narrat
3169 4938 3259 4990 hic
3283 4937 3586 4991 Alexander

2020 5047 2107 5086 res
2131 5039 2314 5103 gestas
2347 5031 2401 5084 in
2428 5039 2623 5084 exortu
2668 5029 2885 5083 Arianae
2925 5029 3172 5092 haeresis,
3199 5028 3366 5096 inque
3392 5028 3506 5081 Arii
3536 5039 3584 5082 et

2018 5130 2352 5176 sectatorum
2405 5121 2792 5186 damnatione;
2843 5130 3134 5189 monetque
3181 5119 3470 5187 episcopos
3519 5136 3584 5174 ne

2021 5319 2142 5373 pag.
2176 5302 2301 5366 606,
2341 5302 2472 5373 edit.
2501 5303 2760 5358 Cantabr.

2090 5368 2148 5446 (ξ)
2179 5372 2470 5446 Montfauc.
2531 5377 2740 5446 praefat.
2781 5370 2872 5446 _ad
2929 5380 3062 5424 tom.
3127 5368 3171 5422 ll
3210 5369 3430 5426 Collect.
3463 5371 3584 5424 PP.

2015 5442 2214 5510 Graia,
2239 5443 2510 5496 animadv.
2542 5444 2595 5501 6.
2629 5458 2751 5510 pag.
2776 5442 2868 5494 9.0.

2089 5516 2154 5584 (ἰ)
2185 5516 2339 5569 Alex.
2374 5512 2538 5582 Epist.
2585 5515 2636 5574 l,
2669 5513 2696 5583 §
2737 5513 2817 5566 Ui.

2090 5582 2164 5656 (It)
2199 5585 2520 5649 Montfauc.,
2543 5582 2686 5653 Opp.
2717 5585 2945 5644 Athan.,
2975 5591 3107 5636 tom.
3141 5582 3182 5643 l,
3213 5587 3357 5651 part.
3392 5597 3432 5644 ι,
3458 5595 3582 5651 pag.

2117 5729 2156 5787 ll
2185 5725 2359 5782 Cotel.
2395 5724 2461 5778 ad
2503 5725 2688 5780 Const.
2725 5733 2896 5792 apost.
2936 5723 3032 5776 lib.
3063 5737 3181 5787 vm,
3214 5737 3335 5791 cap.
3371 5723 3462 5778 ‘28.

2117 5738 2156 5787 ι)
2185 5738 2359 5782 Cotel.
2395 5738 2461 5778 at)
2503 5738 2688 5780 Const.
2725 5738 2896 5792 apost.
2940 5738 3032 5776 ιιι).
3063 5738 3133 5774 vn

2092 5738 2186 5868 im)
2224 5798 2378 5868 Socr.
2408 5795 2550 5868 l_list.
2583 5795 2710 5868 eccl.
2747 5796 2840 5848 lib.
2870 5810 2908 5858 I,
2933 5810 3053 5868 cap.

2093 5862 2178 5940 (η)
2209 5865 2388 5922 Gelas.
2414 5865 2544 5936 Cyz.
2580 5867 2723 5919 Hist.
2755 5881 2899 5919 conc.
2937 5862 3059 5919 Nic.
3095 5865 3189 5920 lib.
3222 5880 3280 5930 ιι,
3307 5878 3428 5931 cap.
3457 5863 3511 5916 '5.
