4132 6422
560 340 666 398 ὕΞἹ
1627 349 1686 405 S.
1724 350 2143 409 ALEXANDER
2171 357 2736 418 ALEXANDRINUS.

557 460 796 555 Eusebio
823 458 1223 555 Nicomediensi
1256 463 1370 518 Arii
1404 474 1636 550 patrono
1676 485 1882 524 morem
1913 483 2125 544 gerant,
2158 482 2203 539 Α
2232 480 2530 550 politanum
2563 483 2902 555 episcopum,
2952 496 3073 550 quae
3126 482 3268 552 apud
3323 490 3574 537 sanctum
3623 483 3802 540 Maxi-

555 552 603 607 si
630 552 847 622 quidem
968 552 1345 610 haeresiarchas
1367 559 1597 628 gratiam
1624 561 1830 617 litteras
1863 563 1952 619 ille
1988 566 2128 620 scri-
2236 587 2384 627 mum
2415 552 2784 629 confessorem
2814 574 3069 645 leguntur
3091 573 3189 646 (ὸ),

553 644 743 713 pscrit.
800 662 819 695 ι
876 642 994 699 Huc
1054 660 1230 715 usque
1274 646 1359 700 vir
1417 649 1637 706 doctus.
1706 651 1813 718 Qui
1869 654 2126 727 deinceps
2298 660 2584 720 Postremo
2628 665 2748 720 loco
2794 642 3049 719 lectorem
3086 642 3355 719 monitum
3404 666 3679 735 volumus,
3732 664 3801 723 ad

554 744 847 805 utrumque
880 736 1209 805 opusculum
1245 738 1442 795 iterum
1495 742 1794 798 illustravit
1827 746 1903 815 (a)
1935 747 2127 803 adver-
2229 754 2435 809 ealcem
2468 753 2787 810 Theodoriti
2816 754 3092 811 Valesiani
3138 756 3277 813 duas
3321 766 3541 813 exstare
3591 758 3802 815 disser-

552 842 646 883 sus
671 829 873 898 placita
903 827 1262 899 Tillemontii,
1295 834 1389 902 qui
1421 840 1544 889 acta
1594 836 1953 908 depositionis
2007 841 2123 895 Arii
2231 844 2464 900 lationes
2530 844 2818 908 Holstenii,
2884 846 3085 916 quibus
3148 846 3233 900 vir
3305 846 3395 901 ille
3446 847 3799 904 doctissimus

549 928 603 974 et
633 921 908 977 sociorum
944 937 1105 979 secus
1137 925 1473 981 intellexisse
1499 927 1731 982 videtur.
2230 941 2521 1005 utramque
2573 933 2867 990 Alexandri
2916 934 3159 1004 episcopi
3191 934 3544 989 Alexandrini
3587 936 3797 1006 episto-

619 1010 718 1070 His
747 1030 914 1085 porro
953 1016 1130 1071 sancti
1160 1015 1339 1071 Patris
1394 1019 1615 1089 scriptis
1667 1020 1968 1092 fragmenta
2014 1025 2122 1079 duo
2229 1028 2360 1092 lam,
2385 1037 2447 1083 ut
2469 1031 2633 1097 paulo
2655 1039 2780 1085 ante
2807 1030 3109 1095 innuimus,
3138 1030 3353 1101 egregie
3376 1031 3633 1085 illustrat.

549 1107 885 1176 subiecimus
919 1123 985 1165 ex
1012 1106 1254 1179 ejusdem
1284 1110 1512 1179 epistola
1544 1110 1608 1165 ad
1631 1112 1920 1185 Aiglonem
1951 1115 2120 1187 Cyno-

620 1258 697 1325 (a)
729 1257 1019 1313 Montfauc.
1082 1259 1293 1329 prtefat.
1339 1261 1404 1315 ad
1451 1268 1586 1317 tom.
1639 1264 1684 1319 li
1723 1264 1943 1322 Collect.
1995 1266 2114 1323 PP.

620 1268 697 1325 (a)
729 1268 1019 1313 Montfauc.
1082 1268 1293 1329 prtefat.
1339 1268 1404 1315 ad
1451 1268 1586 1317 tom.
1639 1268 1684 1319 ll
1723 1268 1943 1322 Collect.
1995 1268 2091 1322 PP

550 1326 743 1391 Gram,
772 1330 1043 1383 animadv.
1069 1331 1123 1395 5,
1150 1346 1271 1402 pag.
1290 1330 1488 1400 16-20.

2224 1269 2544 1398 be§b)p:qu:.
2758 1281 2893 1334 tom.
2926 1269 2995 1338 ll,
3030 1289 3153 1345 pag.
3182 1272 3443 1338 152-155,
3467 1271 3599 1329 edit.
3632 1268 3797 1327 Com-

2224 1269 2544 1409 beif’i’grig,
2570 1272 2733 1401 Ῡὲῗέ.

567 1484 3777 1525 ..______________________________________________________

1519 1644 1939 1759 LUCfE
2033 1646 2809 1763 HOLSTENII

878 1865 1563 1928 DISSERTATIONES
1597 1866 1782 1928 DUIE
1812 1869 1923 1931 DE
1956 1868 2184 1932 LOClS
2229 1869 2693 1945 QUIBUSDAM
2725 1870 3074 1935 CONCIIJI
3106 1871 3407 1934 NICENI

1456 2053 2251 2148 DISSERTATIO
2324 2024 2871 2146 PRIMA“).

538 2356 555 2371 ο
635 2361 648 2373 ο
729 2358 742 2373 ο
832 2358 844 2371 ο
925 2359 939 2372 ο
1018 2359 1031 2374 ο
1110 2359 1126 2388 .0
1206 2362 1220 2375 ο
1307 2360 1322 2373 ο
1408 2363 1420 2375 ι
1500 2361 1515 2375 ο
1595 2359 1611 2375 ο
1690 2362 1705 2376 ο
1798 2364 1811 2375 ο
1891 2363 1904 2377 ο
1984 2364 1997 2378 ο
2079 2363 2091 2377 Ι

2202 2340 2305 2395 que
2326 2321 2628 2379 divinitatis
2650 2334 2886 2382 movere,
2909 2318 3288 2375 etCreatorem
3311 2320 3364 2374 ln
3386 2327 3645 2376 creatum
3664 2335 3790 2377 cen-

537 2412 721 2481 ltaque
753 2412 823 2466 ab
882 2427 1003 2471 ovo.
1033 2412 1176 2482 quod
1241 2414 1413 2477 aiunt,
1454 2430 1571 2468 rem
1608 2415 1870 2480 exordiri,
1901 2425 1951 2470 et
1982 2433 2103 2487 qua:

535 2512 831 2573 supeIsunt
872 2505 1073 2559 Niemni
1112 2506 1332 2560 concilii
1375 2506 1803 2576 ἀποσπασμάτια
1842 2508 1942 2561 sub
1974 2524 2103 2563 exa-

535 2612 661 2650 men
705 2612 959 2651 revocare
989 2598 1193 2666 placuit
1222 2617 1235 2652 :
1262 2597 1420 2667 cujus
1449 2599 1648 2668 privati
1679 2598 1881 2654 laboris
1908 2615 1970 2654 ac
1994 2609 2104 2654 stu-

532 2689 608 2743 dii
641 2692 914 2759 specimen
957 2690 1013 2744 in
1047 2690 1267 2760 publico
1314 2690 1418 2745 hoc
1453 2705 1716 2746 consessu
1761 2691 1916 2747 vobis
1948 2692 2103 2747 exhi-

533 2783 767 2839 bendum
798 2781 948 2845 duxi,
991 2782 1431 2852 quandoquidem
1472 2783 1776 2840 disserendi
1802 2785 2102 2840 necessita-

531 2882 641 2930 tem
668 2883 848 2930 vestra
875 2873 1186 2944 benignitas
1210 2874 1341 2928 mihi
1363 2874 1641 2946 imposuit.
1665 2874 1754 2931 Εω
1774 2884 1952 2933 autem
1975 2886 2102 2933 sunt

526 2966 650 3020 duae
680 2965 970 3020 Alexandri
988 2964 1330 3021 Alexandria:
1349 2966 1592 3039 episcOpi
1615 2966 1877 3037 epistolae,
1900 2985 2019 3041 quae
2034 2986 2102 3025 ex

533 3056 771 3112 Socratis
787 3067 839 3112 et
860 3056 1185 3112 Theodoreti
1214 3057 1568 3112 ecclesiastica
1584 3058 1830 3115 Historia
1843 3060 2101 3132 deprom-

530 3155 634 3216 ptae
696 3139 1150 3220 προπαρασκευὴ)
1216 3147 1433 3202 concilii
1491 3146 1694 3203 Nicmni
1736 3150 2097 3209 constituunt.

525 3238 753 3309 Egregie
788 3256 918 3293 sane
960 3240 1062 3292 illte
1087 3250 1139 3293 et
1166 3238 1352 3304 δεινῶς
1391 3241 1630 3311 scriptae,
1667 3243 1867 3312 quibus
1907 3242 2100 3298 Latina

525 3330 1009 3400 Christophorsoni
1041 3332 1222 3384 versio
1250 3332 1603 3402 adiungitur;
1654 3335 1749 3386 sed
1780 3348 1808 3386 a
1831 3332 2095 3388 Romanis

524 3419 828 3477 editoribus
859 3422 1139 3476 nonnullis
1166 3422 1221 3475 in
1242 3422 1375 3475 iocis
1408 3422 1750 3492 interpolata.
1780 3424 1857 3477 lta
1888 3425 2099 3480 scilicet

526 3525 633 3566 non
666 3510 840 3566 solum
869 3510 1137 3565 versionis
1168 3509 1546 3574 Conciliorum,
1590 3510 1685 3566 sed
1722 3511 1987 3567 universa:
2010 3513 2098 3566 hi-

524 3600 709 3653 storia:
736 3599 1120 3655 ecclesiastica:
1147 3608 1365 3670 gustum
1396 3602 1630 3671 aliquem
1659 3618 1745 3658 me
1771 3604 1929 3658 vobis
1957 3620 2096 3673 prte-

2211 2431 2330 2471 sum
2364 2415 2600 2485 dejicere
2636 2412 2959 2466 conabatur.
3002 2409 3059 2465 ln
3116 2413 3315 2481 quibus
3363 2416 3623 2469 nonnulla
3655 2422 3787 2471 sunt

2208 2522 2399 2579 parum
2435 2517 2582 2559 recte
2622 2503 2918 2559 constituta
2962 2502 3018 2556 in
3057 2501 3246 2558 Graeco
3278 2512 3447 2569 textu,
3482 2507 3562 2560 vel
3601 2506 3788 2563 minus

2209 2603 2463 2651 accurate
2490 2594 2558 2648 ab
2588 2593 2885 2661 interprete
2912 2593 3218 2658 observata,
3251 2597 3335 2649 vel
3367 2596 3418 2649 in
3448 2595 3647 2665 quibus
3676 2611 3782 2648 an-

2206 2690 2392 2759 tiquus
2423 2688 2690 2756 interpres
2709 2684 3044 2756 Epiphanius
3069 2684 3466 2749 Schol'asticus,
3496 2685 3657 2741 aliam
3679 2701 3784 2741 suo

2205 2791 2450 2853 tempore
2480 2780 2767 2835 lectionem
2801 2786 3023 2835 secutus
3053 2780 3286 2836 videtur.
3320 2779 3452 2847 Quae
3479 2795 3601 2836 cum
3624 2796 3783 2853 pres-

2207 2875 2371 2930 sioris
2412 2873 2524 2927 sint
2566 2871 3041 2934 considerationis,
3090 2886 3518 2928 commemorare
3566 2872 3779 2944 singula

2208 2965 2342 3019 nihil
2370 2965 2579 3018 attinet.
2617 2961 2751 3016 Illud
2788 2961 3165 3026 indicandum,
3205 2962 3569 3034 interrogatos
3587 2964 3778 3020 Arium

2205 3071 2272 3110 ac
2297 3055 2497 3118 socios,
2526 3053 2773 3124 nunquid
2799 3068 2928 3124 ergo
2949 3051 3188 3108 Verbum
3213 3051 3329 3116 Dei,
3357 3054 3499 3123 quod
3526 3053 3603 3107 illi
3625 3068 3779 3109 crea-

2204 3160 2321 3204 tum
2352 3148 2688 3211 asserebant,
2724 3145 2924 3200 mutari
2952 3149 3158 3215 posset,
3183 3144 3640 3213 quemadmodum
3666 3144 3778 3199 dia-

2204 3241 2361 3295 bolus
2385 3246 2622 3293 mutatus
2641 3238 2837 3303 fuerat,
2855 3251 2966 3290 non
2992 3236 3198 3291 veritos
3217 3235 3563 3306 respondere,
3589 3250 3771 3306 posse.

2207 3332 2426 3387 Addunt
2478 3332 2742 3384 rationem
2788 3328 2868 3383 sic
2899 3329 2957 3382 in
2990 3327 3236 3383 Romana
3268 3328 3507 3383 editione
3549 3342 3775 3397 expres-

2204 3439 2321 3480 sam
2349 3442 2363 3478 :
2386 3422 2638 3494 Τρεπτῆς
2660 3420 2767 3490 γὰρ
2784 3419 2996 3489 φύσεώς
3014 3422 3129 3473 ἐστι
3148 3420 3396 3492 γενητὸς,
3422 3420 3517 3473 καὶ
3541 3420 3773 3487 τρεπτὸς

2203 3516 2481 3589 ὑπάρχων.
2517 3512 2672 3582 Quod
2705 3519 2924 3568 vertunt
2958 3531 2973 3567 :
3010 3511 3155 3567 Nam
3187 3522 3238 3568 et
3272 3512 3540 3567 mutabilis
3565 3521 3772 3568 natura!

2204 3608 2375 3677 factus
2403 3616 2501 3675 est,
2547 3617 2598 3662 et
2632 3608 2903 3661 mutabilis
2932 3606 3161 3662 exsistit.
3198 3604 3317 3671 Qua
3348 3606 3404 3660 in
3434 3619 3493 3659 re
3518 3612 3573 3660 et
3603 3604 3772 3661 inter-

524 3693 763 3747 b'iturum
800 3693 1003 3761 putavi.
1039 3690 1144 3745 Sed
1176 3693 1309 3747 mihi
1333 3704 1511 3747 vestra
1539 3694 1810 3765 principio
1836 3698 2098 3765 patientia
2126 3690 2169 3747 C
2204 3701 2374 3771 pretis
2402 3698 2645 3754 Britanni
2687 3709 2741 3755 et
2772 3699 3144 3753 Romanorum
3171 3697 3469 3753 editionem
3500 3694 3767 3766 judicium

524 3784 799 3837 exoranda
831 3791 934 3846 est,
969 3791 1029 3836 ut
1059 3799 1214 3855 aequo
1245 3784 1426 3839 animo
1462 3801 1557 3855 per
1586 3784 1919 3857 confragosae
1974 3803 2097 3841 ora-

526 3874 692 3930 tionis
724 3875 965 3930 salebras
995 3875 1327 3945 aspirantem
1363 3877 1619 3947 subsequi
1668 3893 1778 3932 non
1812 3888 2092 3950 gravetur.

512 3966 660 4021 Cum
692 3968 806 4021 sive
838 3983 1020 4032 casus,
1049 3968 1165 4024 sive
1198 3967 1486 4022 consilium
1520 3984 1641 4024 eam
1668 3970 1801 4024 mihi
1832 3971 2095 4038 objecerit

523 4060 823 4124 materiam,
859 4076 979 4131 quae
1012 4062 1274 4117 orationis
1304 4063 1507 4116 cultum
1536 4061 1956 4134 haudquaquam
1991 4066 2088 4121 ad-

521 4152 707 4216 mittit,
737 4161 790 4207 et
817 4154 960 4223 quod
992 4162 1271 4209 oratorum
1302 4155 1554 4224 princeps
1583 4154 1651 4209 de
1682 4154 1846 4211 rebus
1872 4173 2092 4229 geogra-

518 4244 697 4315 pbicis
724 4245 921 4309 aiebat,
945 4244 1491 4318 ἀνθηρογραφεῖσθαι,
1513 4249 1665 4303 nullo
1694 4247 1855 4302 modo
1887 4257 2082 4317 potest.

589 4336 671 4390 A'd
699 4336 813 4389 lucc
841 4352 963 4390 cum
998 4337 1051 4390 in
1076 4337 1253 4391 alieno
1287 4338 1470 4393 labore
1499 4338 1698 4409 ingenii
1726 4352 1951 4392 acumen
1985 4353 2082 4391 cx-

518 4425 684 4496 periri
716 4433 766 4481 et
790 4426 980 4494 judicii
1011 4440 1299 4481 censuram
1328 4442 1582 4483 exercere
1628 4427 1977 4493 instituerim,
2025 4434 2083 4480 ut

517 4531 619 4588 ego
665 4533 924 4588 germano
970 4519 1207 4573 candore
1256 4532 1319 4573 ac
1362 4518 1466 4573 [ide
1494 4518 1701 4589 Optima
1747 4519 2081 4573 calumniam

518 4611 692 4680 ejuro,
730 4610 803 4663 ita
829 4609 1085 4663 invidiam
1111 4608 1393 4678 deprecor,
1416 4626 1485 4665 ne
1509 4609 1633 4678 quis
1667 4609 1859 4663 alienis
1885 4608 2083 4664 erratis

516 4698 856 4769 exagitandis
890 4700 1151 4755 doctrinae
1188 4706 1282 4751 aut
1313 4697 1595 4754 industriae
1630 4699 1843 4753 laudem
1875 4715 1960 4753 me
1986 4714 2083 4752 au-

514 4790 700 4862 cupari
726 4792 1017 4847 existimet.
1052 4789 1271 4844 Publica
1322 4790 1436 4845 haec
1472 4791 1651 4847 studia
1685 4800 1833 4856 sunt,
1881 4793 2080 4862 quibus

516 4885 898 4957 promovendis
958 4880 1226 4954 publicam
1276 4884 1589 4950 utilitatem,
1651 4902 1760 4940 non
1811 4886 2076 4957 privatam

515 4980 725 5035 Iaudem
752 4969 1060 5049 quaerimus.
1106 4971 1218 5029 Vos
1246 4991 1394 5038 vero,
1426 4977 1839 5032 eminentissimi
1867 4978 2073 5048 princi-

2198 3791 2441 3860 requiro.
2465 3788 2605 3844 Nam
2628 3799 2687 3844 ut
2717 3799 2924 3845 taceam
2945 3803 3167 3844 sensum
3192 3789 3295 3842 loci
3317 3788 3429 3857 jam
3455 3788 3584 3842 olim
3614 3802 3643 3841 a
3676 3803 3769 3841 ve-

2197 3884 2301 3939 teri
2324 3883 2619 3953 interprete
2648 3890 2798 3937 recte
2820 3896 3163 3951 expressum,
3191 3883 3316 3951 quis
3345 3879 3573 3935 rationis
3601 3878 3768 3948 hujus

2194 3975 2438 4043 pondera
2472 3988 2535 4027 ac
2578 3979 2852 4027 momenta
2907 3972 3283 4042 perpendens,
3324 3971 3406 4025 vel
3449 3968 3763 4025 Graecorum

2194 4065 2422 4121 lectione
2452 4066 2619 4136 paulo
2642 4065 3015 4129 exercitatior,
3041 4078 3153 4119 non
3181 4062 3338 4118 facile
3376 4063 3766 4118 animadvertit

2190 4172 2256 4213 ex
2294 4158 2409 4226 ipsa
2454 4155 2709 4227 loquendi
2753 4156 3167 4220 consuetudine,
3194 4154 3376 4209 minus
3410 4160 3612 4210 rectam
3640 4154 3763 4210 dis-

2192 4247 2513 4302 tinctionem
2553 4248 2803 4303 vitiosam
2838 4247 3114 4317 peperisse
3142 4245 3492 4311 versionem?
3519 4243 3764 4300 Afﬁrma-

2186 4339 2278 4392 hat
2304 4338 2467 4393 Arius
2494 4337 2691 4393 Filium
2722 4338 2839 4404 Dei,
2873 4339 2966 4392 τὸν
2994 4338 3184 4408 Λόγον,
3213 4352 3375 4407 posse
3395 4337 3624 4403 mutari;
3659 4336 3759 4391 ad-

2179 4429 2415 4497 jungens
2455 4427 2745 4489 rationem,
2779 4426 3019 4497 τρεπτῆς
3060 4426 3168 4497 γὰρ
3200 4424 3414 4494 φύσεώς
3444 4427 3586 4481 ἐστι.
3621 4422 3759 4480 Nam

2186 4528 2392 4574 natura:
2419 4519 2695 4574 mutabilis
2726 4528 2829 4582 est,
2864 4519 2950 4573 vel
2978 4526 3229 4572 naturam
3265 4515 3585 4570 mutabilem
3613 4514 3757 4570 obti-

2182 4618 2296 4674 net,
2332 4610 2557 4681 γενητὸς
2582 4609 2918 4681 καὶτρεπτδς
2933 4609 3213 4680 ὑπάρχων,
3236 4608 3435 4677 quippe
3457 4605 3552 4675 qui
3576 4604 3755 4661 factus

2182 4700 2297 4756 sive
2344 4714 2583 4765 creatus,
2630 4717 2695 4756 ac
2728 4700 2953 4771 proinde
2996 4700 3275 4754 mutabilis
3329 4705 3433 4754 est.
3478 4696 3751 4763 Quocirca

2184 4792 2604 4862 haudquaquam
2640 4792 2959 4863 negligenda
2992 4791 3095 4847 hoc
3125 4793 3245 4846 loco
3273 4807 3379 4845 vox
3409 4791 3657 4862 γενητὸς,
3693 4790 3751 4846 in

2180 4898 2284 4952 qua
2316 4883 2400 4938 vis
2433 4886 2612 4937 omnis
2666 4898 2730 4937 ac
2776 4898 2973 4937 nervus
3012 4882 3189 4951 impia:
3232 4881 3379 4936 illius
3427 4881 3749 4938 aseertionis

2179 4976 2473 5030 consistit:
2510 4990 2674 5045 quam
2720 4974 2836 5045 ipse
2877 4974 3180 5030 Alexander
3220 4973 3471 5044 sequenti
3516 4973 3750 5043 epistola

511 5085 624 5139 pes,
643 5070 911 5127 submisse
938 5081 1071 5137 rogo
1094 5074 1154 5122 ut
1182 5083 1304 5122 cum
1328 5069 1576 5122 voluntas
1602 5077 1761 5139 atque
1782 5070 2078 5126 auctoritas
2111 5056 2156 5112 υ
2180 5068 2414 5136 repetit,
2466 5066 2560 5121 sed
2608 5066 2791 5122 verbis
2851 5067 3024 5137 magis
3072 5066 3378 5136 perspicuis
3428 5064 3746 5120 deductam.

513 5171 685 5218 vestra
712 5160 764 5213 in
787 5158 932 5213 hunc
955 5175 1039 5214 me
1058 5160 1388 5229 protraxerit
1410 5160 1609 5225 locum,
1635 5160 1986 5217 humanitatis
2012 5176 2074 5216 ac

512 5249 895 5303 uerievolentiae
925 5257 1121 5305 vestrae
1159 5262 1321 5312 aura,
1359 5249 1625 5305 orationis
1664 5265 1886 5305 cursum
1931 5251 2071 5307 inter

504 5346 683 5411 syrtes
706 5347 763 5395 et
804 5340 985 5395 brevia
1016 5347 1338 5396 aestuantem
1372 5342 1682 5397 sublevetis.
2050 5322 2053 5327 ⁴

2184 5161 2371 5223 Aiunt,
2406 5160 2602 5230 inquit.
2638 5158 2831 5215 Filium
2877 5160 2971 5216 Dei
3004 5175 3129 5217 cum
3169 5168 3329 5216 antea
3363 5174 3473 5214 non
3523 5157 3745 5222 fuisset,

2178 5260 2368 5321 postea
2414 5251 2639 5316 factum,
2685 5250 2999 5322 factumque
3032 5252 3215 5316 talem,
3259 5252 3351 5306 ubi
3404 5249 3583 5305 factus
3617 5248 3741 5312 fuit,

2169 5343 2359 5412 quales
2401 5341 2581 5397 caeteri
2609 5349 2737 5399 sunt
2775 5343 3042 5398 homines.
3073 5340 3645 5413 Συναναλαμσάνοντες
3671 5341 3741 5411 τῇ

572 5430 770 5486 Narrat
802 5431 1105 5486 Alexander
1147 5432 1263 5486 Arii
1309 5432 1638 5502 apostasiam
1677 5440 1732 5488 et
1758 5416 2068 5501 blasphema

2194 5435 2277 5488 τῶν
2311 5424 2563 5489 ἀλκάντων
2591 5437 2765 5490 κτίσει
2793 5438 2888 5490 καὶ
2914 5436 3003 5489 τὸν
3034 5435 3161 5490 Υίὸν
3189 5435 3281 5490 τοῦ
3313 5435 3468 5499 Θεοῦ,
3510 5448 3745 5501 compre-

494 5520 753 5593 dogmata
790 5524 991 5594 quibus
1036 5523 1314 5579 Christum
1347 5522 1636 5577 Dominum
1683 5531 1826 5577 statu
1863 5522 2065 5593 gradu-

2169 5525 2443 5582 hendentes
2471 5529 2629 5583 etiam
2659 5527 2855 5582 Filium
2909 5529 3005 5585 Dei
3057 5530 3379 5599 reliquarum
3439 5536 3744 5586 creaturam

571 5694 649 5761 (a)
682 5692 876 5765 Habita
926 5693 1110 5748 Romae
1167 5694 1221 5765 in
1267 5693 1555 5750 Academia
1607 5693 1898 5760 Basiliana,
1946 5694 2102 5765 i655,
2144 5700 2492 5758 audientibus
2514 5702 2962 5760 eminentissimis
3005 5704 3374 5763 cardinalibus
3407 5704 3457 5759 σι.
3489 5704 3544 5760 Β.
3577 5703 3744 5758 Pam-

500 5763 692 5831 philio,
723 5762 809 5817 Fr.
839 5764 1152 5827 Barbcrino,
1183 5764 1537 5819 Brancaccio.
