4132 6420
384 388 485 444 523

1827 374 2131 433 NOTITIA.

3526 356 3628 418 53b

383 514 559 554 rerum
587 513 822 551 numero.
853 495 1048 551 Statim
1072 494 1354 566 subjungit
1378 514 1392 549 :
1424 489 1519 558 Οἷς
1540 493 1843 557 ἀκολούθως
1864 492 1953 546 καί

2081 489 2304 557 ideoque
2344 482 2478 554 πρὸς
2528 479 2627 551 τὴν
2671 474 3061 547 ὀμοουσιότητα
3098 467 3193 524 καὶ
3236 466 3628 539 συναῖδιότητα,

383 607 548 663 φασιν
581 589 741 643 αὑτὸν
787 590 1024 661 τρεπτῆς
1062 583 1200 643 εῖναι
1248 587 1483 657 φύσεως,
1539 586 1738 659 ἀρετῆς
1772 601 1830 639 τε
1863 586 1956 638 καὶ

383 682 583 746 κακίας
612 682 879 735 δεκτικόν·
913 679 1114 747 Quibus
1142 680 1302 734 etiam
1332 687 1700 748 consequenter
1732 677 1954 740 addunt,

385 792 503 830 eum
536 772 806 828 mutabilis
837 789 949 827 esse
980 781 1207 835 natura,
1243 780 1293 824 et
1325 771 1534 824 virtutis
1561 779 1611 824 et
1653 771 1768 824 vitii
1796 786 1957 837 capa—

386 880 517 919 cem.
554 861 763 917 Videtis
798 860 1079 930 supposito
1114 860 1238 922 hoc,
1285 857 1483 913 Filium
1513 858 1606 915 Dei
1643 859 1845 913 factum
1875 860 1959 913 vel

385 957 630 1008 creatum
663 966 806 1013 esse,
838 957 898 1004 ut
943 949 1311 1004 necessarium
1361 949 1488 1004 inde
1526 947 1721 1004 deduci
1761 964 1959 1004 conse-

386 1044 688 1115 quentiam,
717 1042 966 1098 eumdem
1005 1058 1221 1113 quoque
1248 1044 1479 1113 τρεπτόν
1506 1042 1620 1098 sive
1648 1043 1958 1096 mutabilem

386 1152 529 1193 esse.
555 1135 733 1206 Atque
783 1135 864 1190 sic
893 1134 1253 1188 ratiocinatur
1286 1134 1653 1189 Damascenus
1710 1133 1805 1187 lib.
1842 1148 1856 1185 ι
1887 1132 1963 1186 De

387 1227 595 1282 orthod.
634 1227 756 1297 ﬁde,
779 1241 900 1296 cap.
931 1226 1007 1282 5.:
1032 1226 1112 1279 Τὰ
1141 1225 1355 1288 κτιστὰ,
1380 1225 1595 1288 πάντως
1618 1225 1710 1277 καὶ
1730 1225 1958 1295 τρεπτὰ.

386 1310 488 1373 Ὧν
540 1318 649 1387 γὰρ
690 1316 750 1371 τὸ
799 1312 939 1370 εἶναι
986 1316 1094 1370 ἀπὸ
1160 1316 1368 1387 τροπῆς
1409 1314 1630 1385 ἤρξατο,
1673 1314 1846 1367 ταῦτα
1896 1317 1960 1384 τῇ

388 1410 565 1480 τροπῇ
627 1405 972 1461 ὑποκείσεται
1016 1406 1253 1471 πάντως,
1294 1407 1328 1478 ἢ
1364 1406 1713 1477 φθειρόμενα,
1754 1402 1787 1472 ἦ
1826 1405 1964 1460 κατὰ

392 1497 710 1570 προαίρεσιν
769 1496 1143 1567 ἀλλοιούμενα.
1202 1495 1427 1561 Creata,
1486 1497 1696 1567 inquit,
1753 1499 1962 1550 omnino

387 1590 548 1645 etiam
580 1589 861 1642 mutationi
884 1588 1146 1657 _obnoa:ia.
1183 1587 1419 1653 Quorum
1459 1589 1596 1642 enim
1633 1605 1744 1646 esse
1775 1606 1807 1641 a
1846 1604 1963 1641 mu-

401 1681 597 1735 tatione
626 1680 831 1750 incipit,
864 1696 927 1734 ea
963 1681 1259 1734 necessario
1283 1682 1566 1734 mutationi
1600 1681 1961 1751 subjacebunt,

389 1772 515 1825 dum
539 1771 617 1826 vel
645 1772 928 1836 intereunt,
959 1771 1037 1826 vel
1069 1772 1334 1826 voluntate
1362 1773 1677 1828 alterantur.
1710 1772 1787 1826 Ita
1816 1774 1966 1828 scili-

391 1870 479 1917 cet
509 1861 674 1918 Arius
701 1859 895 1916 Filium
918 1860 1013 1916 Dei
1046 1861 1248 1933 ἀρετῆς
1265 1862 1360 1916 καὶ
1383 1862 1579 1926 κακίας
1596 1863 1842 1917 δεκτικὸν
1879 1879 1968 1917 as-
2000 1836 2042 1895 Β

391 1954 609 2010 serebat
632 1974 644 2009 :
669 1952 1127 2024 quandoquidem,
1141 1961 1201 2009 ut
1219 1953 1464 2010 Justinus
1479 1955 1680 2027 Martyr
1700 1957 1896 2011 alicubi
1914 1958 1968 2010 in

395 2044 782 2111 Quwstionibus
818 2046 1006 2100 scribit
1029 2065 1042 2099 :
1070 2046 1289 2117 Τροπῆς
1317 2046 1626 2118 γνώρισμα,
1648 2048 1709 2101 τὸ
1725 2049 1794 2101 τὰ
1834 2048 1973 2102 καλὰ

393 2137 489 2192 καὶ
534 2136 603 2191 τὰ
648 2137 794 2191 κακὰ
836 2136 1131 2208 λαμϐάνειν
1175 2140 1255 2201 ei;
1295 2138 1521 2193 ἔννοιανο
1560 2138 1874 2193 Mutationis
1900 2141 1975 2193 si-

392 2239 552 2299 gnum
599 2244 663 2282 ac
694 2238 820 2282 nota
855 2238 967 2296 est,
999 2232 1135 2284 bona
1186 2248 1249 2284 ac
1296 2232 1441 2285 mala
1485 2232 1541 2284 in
1593 2232 1827 2285 animum
1874 2233 1975 2286 sibi

392 2318 655 2375 inducere.

465 2409 737 2482 Expositis
767 2409 883 2465 Arii
912 2410 1275 2482 dogmatibus,
1300 2414 1581 2470 catholica:
1597 2415 1854 2471 Ecclesiae
1884 2430 1976 2470 or-

395 2502 692 2558 thodoxam
726 2504 1054 2560 sententiam
1086 2505 1396 2561 Alexander
1436 2508 1684 2577 Opponit,
1731 2516 1791 2562 ut
1837 2510 1978 2564 veri-

394 2597 525 2652 tatis
558 2597 680 2651 luce
713 2597 926 2666 prolata
974 2594 1157 2669 Stygis
1200 2599 1454 2655 tenebras
1496 2598 1776 2655 discutiat.
1813 2600 1978 2673 Urget

396 2685 808 2758 Χριστομάχους
835 2688 958 2743 illos
989 2687 1050 2743 D.
1081 2687 1308 2745 Joannis
1329 2692 1655 2747 auctoritate
1684 2711 1696 2746 :
1734 2694 1830 2762 qui
1845 2693 1977 2748 Ver-

398 2777 528 2833 bum
560 2778 617 2833 in
662 2780 932 2851 principio
972 2780 1178 2848 fuisse,
1223 2790 1387 2852 atque
1433 2785 1615 2839 omnia
1650 2801 1748 2856 per
1796 2787 1977 2856 ipsum

398 2869 540 2925 facta
573 2860 847 2941 praedicat.
884 2873 1013 2929 Inde
1053 2875 1361 2932 rationibus
1407 2877 1618 2933 instat:
1656 2879 1705 2933 si
1736 2877 1975 2934 Verbum

398 2970 484 3018 est
513 2963 824 3035 unigenitus
851 2966 1020 3021 Filius
1040 2965 1152 3034 Dei,
1185 2970 1459 3037 quomodo
1487 2969 1866 3033 asseruntisti,
1899 2970 1977 3023 ὅτι

400 3050 481 3119 εἷς
511 3056 627 3109 ἐστι
655 3056 763 3110 τῶν
789 3058 1144 3129 ποιημάτων;
1178 3059 1350 3128 ipsum
1390 3076 1552 3113 unum
1590 3077 1703 3115 esse
1739 3076 1803 3115 ea:
1827 3077 1976 3116 crea-

2062 588 2253 636 co'ntra
2296 577 2530 630 Ariauos
2584 567 2991 642 exprimendam
3028 572 3113 620 est
3167 559 3630 633 percommodum.

2063 673 2188 727 Haec
2216 683 2387 741 pauca
2422 666 2489 721 ad
2528 666 2761 736 priorem
2808 656 3100 714 Alexandri
3149 652 3436 725 epistolam
3470 667 3631 721 ency-

2062 765 2254 819 clicam
2304 762 2450 816 illam
2493 760 2608 814 sive
2646 754 2969 809 catholicam
3023 750 3348 805 observasse
3380 744 3627 800 sufficiet.

2136 855 2394 925 Sequitur
2439 866 2583 906 nunc
2627 850 2795 903 altera
2839 845 3118 914 ejusdem,
3167 839 3538 908 ἀνεπίγραφος
3578 837 3630 890 in

2064 946 2309 1000 Romana
2339 944 2597 1003 editione,
2648 937 2791 1009 quod
2827 935 3013 989 nescio
3040 947 3150 1004 qua
3179 931 3394 987 incuria
3423 930 3477 982 in
3521 937 3632 983 tam

2064 1038 2306 1111 diligenti
2343 1051 2506 1106 opere
2530 1033 2828 1088 admissum
2854 1028 3017 1081 fuerit
3048 1045 3059 1079 :
3088 1040 3210 1079 cum
3242 1034 3296 1079 et
3322 1020 3633 1076 Theodore-

2065 1140 2156 1187 tus
2217 1137 2272 1185 et
2322 1128 2606 1196 Tripartita
2667 1122 2974 1178 Alexandro
3029 1112 3633 1182 Constantinopolitano

2064 1222 2322 1291 episcOpo
2346 1217 2662 1286 inscriptam
2688 1214 3023 1283 missamth
3049 1215 3336 1265 testentur.
3370 1203 3633 1274 Equidem

2066 1327 2190 1367 cum
2224 1312 2462 1382 perlecta
2490 1306 2724 1377 primum
2765 1304 2870 1358 bac
2898 1302 3148 1371 epistola,
3194 1313 3304 1353 non
3332 1310 3499 1351 unum
3533 1292 3635 1346 ali-

2067 1420 2249 1475 quem,
2302 1402 2395 1458 sed
2428 1402 2611 1472 plures
2635 1394 2865 1453 subinde
2894 1391 3261 1448 Alexandrum
3306 1386 3509 1457 alloqui
3536 1385 3637 1440 ob-

2069 1511 2392 1559 servassem,
2442 1492 2607 1548 subiit
2644 1488 2915 1560 suspicio,
2955 1494 3104 1541 certo
3133 1483 3362 1539 consilio
3406 1483 3638 1550 ἐπιγρα-

2070 1591 2196 1661 φήν,
2228 1590 2281 1642 in
2307 1586 2551 1641 Romana
2580 1584 2818 1639 editione
2847 1583 3129 1636 omissam.
3166 1574 3320 1642 Quod
3362 1572 3638 1642 negligen-

2068 1687 2144 1740 tia
2166 1683 2385 1743 factum,
2406 1688 2593 1749 postea
2616 1693 2678 1731 ex
2703 1683 3004 1730 erratorum
3021 1669 3263 1724 indiculo
3285 1665 3634 1735 deprehendi.

2070 1772 2344 1844 Quidquid
2394 1771 2483 1833 sit,
2532 1769 2664 1822 mihi
2710 1768 2811 1821 lixa
2848 1767 2961 1820 haec
3013 1760 3165 1818 sedet
3214 1758 3504 1818 sententia,
3528 1770 3636 1810 non

2070 1868 2334 1939 privatam
2366 1864 2602 1933 aliquam
2633 1860 2746 1914 sive
2778 1857 3150 1911 tractatoriam
3180 1852 3326 1905 hanc
3353 1847 3637 1919 epistolam

2071 1975 2212 2023 esse,
2242 1958 2337 2015 sed
2366 1966 2421 2013 et
2449 1958 2620 2026 ipsam
2647 1967 2863 2024 quoque
2880 1949 3199 2006 circularem
3221 1959 3283 1997 ac
3309 1940 3636 2012 generalem,

2072 2051 2295 2105 missam
2326 2048 2391 2101 ad
2426 2049 2673 2102 diversos
2705 2044 2931 2113 Europae
2959 2041 3265 2110 episcopos.
3295 2033 3450 2100 Quod
3478 2044 3641 2086 nemo

2076 2140 2233 2194 facile
2277 2138 2575 2208 negaverit,
2606 2136 2699 2207 qui
2732 2144 2785 2190 et
2828 2133 2991 2201 hujus
3023 2128 3265 2200 epistolae
3310 2133 3514 2194 partem
3545 2138 3642 2177 ex—

2072 2240 2304 2288 tremam
2345 2246 2468 2286 eum
2511 2244 2643 2283 cura
2671 2227 2882 2298 legerit,
2911 2232 2966 2280 et
3000 2220 3497 2278 ecclesiasticarum
3528 2216 3644 2286 epi-

2076 2326 2341 2380 stolarum
2389 2324 2615 2378 formam
2669 2319 2997 2388 modumque
3052 2330 3162 2369 non
3206 2314 3363 2383 plane
3410 2311 3641 2380 ignoret.

2075 2414 2211 2469 Nam
2238 2422 2291 2470 et
2318 2413 2563 2469 clausula
2589 2412 2782 2465 barum
2820 2408 3124 2462 litterarum
3165 2404 3323 2473 plane
3349 2401 3534 2456 eadem
3563 2406 3645 2455 est

2077 2522 2198 2577 qua:
2225 2505 2643 2576 praecedentium
2671 2500 3094 2572 encyclicarum,
3128 2510 3235 2566 qua
3265 2494 3472 2562 reliquo
3501 2492 3649 2545 clero

2079 2613 2176 2668 per
2203 2597 2490 2666 episcopos
2536 2594 2768 2650 salutem
2815 2588 3123 2659 impertitur
3161 2605 3177 2641 :
3216 2595 3328 2638 tum
3361 2591 3420 2636 ut
3449 2581 3647 2650 saepius

2079 2686 2134 2739 in
2170 2684 2380 2753 reliquo
2409 2681 2651 2751 epistola:
2680 2686 2957 2739 contextu,
2990 2677 3065 2730 ita
3096 2676 3147 2728 in
3182 2673 3287 2728 line
3310 2673 3493 2742 plures
3524 2684 3649 2724 ora-

2079 2774 2227 2829 tione
2256 2788 2315 2827 se
2333 2770 2487 2825 affari
2516 2768 2776 2825 ostendit.
2806 2765 2959 2820 Unde
2982 2765 3046 2819 ad
3071 2765 3256 2836 plures
3284 2776 3501 2833 quoque
3520 2761 3651 2815 scri-

2079 2877 2224 2937 ptam
2256 2864 2413 2919 fateri
2444 2876 2731 2918 necessum
2762 2867 2865 2915 est.
2896 2858 3032 2912 Cum
3064 2854 3346 2910 verissime
3378 2854 3510 2907 illud
3541 2868 3647 2906 non

2082 2958 2263 3012 minus
2291 2970 2454 3027 quam
2499 2955 2657 3009 docte
2690 2968 2719 3005 a
2766 2949 3061 3005 Francisco
3090 2945 3424 3002 Bernardino
3459 2942 3652 2998 Ferra—

2083 3053 2166 3106 rio
2192 3051 2287 3105 lib.
2320 3065 2383 3103 ιιι
2436 3047 2515 3102 De
2546 3046 2762 3117 antiquo
2806 3042 3146 3113 epistularum
3177 3037 3649 3095 ecclesiasticarum

403 3147 579 3203 ιιινεεῗ
606 3147 673 3202 Et
705 3151 749 3204 Si
777 3128 961 3204 omnia
989 3165 1086 3219 per
1114 3150 1291 3220 ipsum
1323 3150 1463 3204 facta
1497 3159 1646 3218 sunt,
1678 3153 1795 3216 πῶς
1817 3152 1977 3207 δύνα.
2006 3175 2049 3235 C
2082 3159 2283 3214 genere,
2308 3142 2663 3196 observatum
2697 3137 2789 3200 sit,
2824 3151 3030 3189 morem
3064 3132 3364 3201 antiquitus
3396 3128 3653 3183 invaluis-

402 3256 492 3293 ται
526 3239 639 3305 ἶσος
673 3237 809 3297 εἶναι
839 3241 949 3295 τῶν
984 3242 1054 3296 δι’
1085 3243 1247 3296 αὐτοῦ
1285 3244 1624 3313 γενομένων;
1665 3245 1754 3314 qui
1788 3247 1977 3314 poterit

404 3332 515 3401 ipse
539 3349 638 3402 par
681 3350 789 3388 esse
818 3334 971 3387 rebus
1003 3348 1118 3403 qua:
1143 3350 1236 3403 per
1264 3335 1436 3404 ipsum
1476 3335 1633 3403 [astte
1661 3338 1830 3390 sunt?
1861 3335 1979 3401 Quo

407 3431 681 3492 postremo
715 3424 834 3478 loco
878 3423 1128 3481 Celasius
1173 3425 1508 3498 Cyzicenus,
1559 3437 1613 3480 et
1644 3425 1980 3495 Epiphanius

407 3512 677 3583 interpres
716 3514 922 3570 rectius
947 3515 1059 3583 jam
1090 3517 1217 3569 olim
1257 3517 1453 3584 legere,
1491 3515 1608 3579 πῶς
1651 3515 1873 3569 δύναται
1901 3512 1982 3578 εἷς

408 3597 580 3666 εἷναις
619 3601 879 3672 quomodo
907 3613 1075 3671 potest
1104 3620 1240 3659 unus
1270 3620 1380 3658 esse
1404 3604 1611 3668 horum,
1637 3620 1754 3676 ιιιιιε
1779 3620 1871 3672 per
1901 3605 1982 3672 ip—

408 3707 528 3746 sum
568 3692 714 3762 facta
759 3696 1089 3749 noscuntur?
1117 3691 1291 3759 Quam
1322 3695 1611 3748 lectionem
1661 3694 1835 3749 Graeci
1866 3710 1982 3749 ser-

409 3786 587 3840 monis
624 3786 964 3842 constructio
992 3793 1178 3856 aperte
1206 3787 1454 3858 requirit.
1481 3786 1741 3852 Quamvis
1769 3787 1835 3840 ad
1858 3800 1984 3840 sen-

410 3892 535 3932 sum
566 3877 670 3933 loci
700 3878 838 3931 nihil
871 3878 1108 3944 intersit,
1142 3887 1321 3934 utrum
1345 3877 1456 3941 ἴσος
1479 3893 1603 3933 cum
1640 3879 1881 3948 vulgato,
1913 3893 1982 3931 an

412 3964 495 4034 εἷς
532 3985 657 4025 cum
690 3971 859 4026 veteri
884 3970 1180 4041 interprete
1215 3971 1383 4040 legas.
1427 3968 1485 4023 Si
1525 3977 1707 4024 tamen
1749 3971 1862 4032 ἴσος
1903 3985 1987 4023 re-

413 4063 672 4128 tineatur,
694 4062 953 4117 mutanda
969 4062 1073 4117 hoc
1098 4063 1258 4117 modo
1278 4061 1646 4117 constructio:
1674 4061 1796 4124 Πῶς
1821 4060 1878 4115 δὲ
1898 4060 1987 4113 δύο

413 4169 573 4207 ναται
601 4153 714 4216 ἴσος
752 4148 888 4206 εἶναι
937 4156 1050 4217 τοῖς
1077 4153 1144 4208 δι’
1187 4151 1349 4206 αὐτοῦ
1382 4152 1716 4223 γενομένοις,
1749 4167 1857 4206 non
1891 4168 1989 4205 au-

414 4252 546 4311 tem,
577 4244 683 4296 τῶν
706 4243 771 4297 δι’
816 4244 977 4298 αὑτοῦ
1008 4245 1333 4316 γενομένων.
1366 4242 1445 4298 lta
1508 4243 1571 4297 D.
1617 4242 1818 4298 Paulus
1846 4241 1985 4297 Phil.

419 4351 483 4400 ιι,
513 4337 568 4399 6,
600 4333 878 4391 Christum
912 4337 987 4390 ait
1011 4352 1120 4392 non
1153 4337 1500 4392 existimasse
1521 4336 1790 4405 rapinam,
1824 4335 1886 4386 τὸ
1909 4330 1987 4387 εἴ·

417 4444 505 4482 ναι
534 4424 626 4482 ἴσα
658 4428 796 4500 Θεῷ,
829 4445 940 4483 esse
968 4446 1024 4484 se
1050 4429 1303 4500 aequalem
1333 4429 1461 4484 Deo.
1492 4428 1569 4482 Ita
1603 4433 1719 4498 ipse
1755 4427 1994 4482 Alexan-

2083 3250 2162 3298 se,
2198 3243 2257 3288 ut
2294 3232 2457 3288 iidem
2486 3233 2756 3286 honorum
2789 3227 2930 3280 tituli
2962 3226 3064 3281 sub
3106 3227 3268 3278 linem
3298 3222 3653 3292 epistolarum

2082 3328 2432 3388 iterarentur,
2484 3323 2685 3394 quibus
2737 3319 2896 3373 initio
2924 3316 3122 3386 singuli
3163 3315 3229 3368 ad
3280 3329 3415 3383 quos
3449 3312 3657 3366 scribe-

2082 3420 2234 3482 bant,
2268 3417 2484 3471 fuerant
2510 3412 2784 3483 appellati.
2818 3407 2925 3463 Sed
2955 3421 3215 3477 quorsum
3237 3406 3372 3469 hmc,
3407 3401 3658 3472 inquies?

2084 3509 2203 3563 Non
2254 3516 2313 3561 ut
2358 3505 2667 3561 Alexandro
2737 3499 3341 3567 Constantinopolitano
3401 3496 3656 3566 episc0po

2086 3604 2228 3657 hanc
2264 3599 2550 3670 epistolam
2608 3596 2867 3665 scriptam
2908 3606 3133 3663 negem;
3171 3590 3265 3646 sed
3315 3596 3374 3643 ut
3420 3588 3486 3642 ad
3518 3587 3657 3640 alios

2083 3708 2302 3765 quoque
2347 3690 2557 3745 vicinos
2590 3689 2900 3758 episcopos,
2944 3686 3029 3741 vel
3068 3685 3123 3738 in
3152 3687 3297 3753 regia
3331 3680 3463 3736 urbe
3492 3693 3658 3749 nego-

2090 3790 2288 3843 tiorum
2315 3798 2481 3839 causa
2511 3791 2621 3835 tum
2644 3789 2949 3840 versantes,
2971 3775 3215 3847 ejusdem
3238 3787 3454 3844 quoque
3473 3786 3660 3828 exem-

2088 3883 2176 3951 pla
2222 3894 2318 3950 per
2349 3876 2617 3931 circulum
2658 3872 2825 3927 missa
2863 3869 3172 3925 ostendam.
3206 3865 3392 3936 Neque
3440 3864 3659 3934 egO'hic

2090 3971 2430 4026 Theodoreto
2458 3966 2666 4021 futilem
2695 3962 2896 4020 Gelasii
2929 3961 3180 4033 Cyziceni
3224 3959 3531 4015 Diobolaris
3560 3959 3658 4028 ῥα-

2087 4059 2264 4131 ψῳδοῦ
2300 4057 2679 4112 auctoritatem
2731 4050 3108 4123 opposuerim,
3159 4049 3251 4119 qui
3292 4048 3661 4102 Alexandrum

2092 4154 2252 4208 istum
2308 4151 2411 4205 hoc
2458 4156 2701 4218 tempore
2742 4141 3362 4210 Constantinopolitana:
3404 4138 3660 4194 Ecclesiae

2091 4242 2324 4297 necdum
2368 4237 2652 4309 praefuisse
2697 4231 2968 4288 alIirmat:
3005 4245 3272 4300 quemque
3323 4228 3485 4297 paulo
3537 4234 3661 4296 post

2091 4333 2312 4388 Nicaano
2347 4329 2580 4385 concilio
2622 4326 2891 4396 privatum
2935 4324 3113 4379 adhuc
3142 4321 3511 4392 presbyterum
3563 4333 3663 4388 pro

2095 4423 2466 4494 Metmphane,
2490 4433 2733 4478 extrema
2752 4425 3033 4472 senectute
3049 4415 3321 4478 confecto,
3349 4411 3664 4468 interfuisse

417 4523 516 4578 der
541 4523 771 4593 epistola
817 4522 1070 4592 sequenti
1121 4521 1357 4577 Arianos
1404 4520 1735 4590 pradicasse
1772 4518 1989 4583 scribit,
2024 4518 2071 4578 D
2096 4516 2309 4573 scribit.
2340 4514 2511 4583 Cujus
2542 4511 2699 4567 fidem
2728 4508 2924 4564 incerti
2966 4522 3182 4578 quoque
3210 4503 3449 4561 auctoris
3477 4517 3668 4556 narra-

418 4616 698 4671 Christum
723 4617 836 4678 τοῖς
860 4616 1026 4668 πᾶσιν
1059 4613 1171 4669 ἴσον
1201 4610 1373 4668 εἶναι·
1411 4614 1556 4683 quod
1583 4612 1763 4667 versio
1792 4610 1995 4664 Roma-

420 4706 513 4773 na,
545 4706 816 4762 Christum
848 4707 1052 4761 steteris
1090 4705 1388 4760 hominibus
1418 4705 1547 4759 nihil
1575 4704 1994 4773 prwstantiorem

419 4816 552 4866 esse,
585 4800 765 4856 reddit
795 4817 809 4854 :
844 4799 1010 4854 nimis
1040 4813 1173 4853 sane
1210 4806 1459 4869 anguste.
1501 4797 1688 4868 Neque
1732 4798 1878 4853 enim
1927 4797 1995 4851 ad

422 4898 571 4953 solos
594 4895 842 4951 homines
860 4893 1226 4965 aequalitatem
1249 4892 1396 4947 illam
1426 4893 1787 4963 restringebat
1808 4892 1990 4955 Arius,

421 4989 519 5044 sed
553 4987 620 5042 ad
649 4996 957 5043 creaturam
988 4998 1207 5055 quoque
1237 4998 1453 5038 omnem
1495 4982 1604 5037 τῶν
1637 4981 1870 5052 λογικῶν
1903 4984 1998 5037 καὶ

421 5077 638 5147 ἀλόγων
673 5086 998 5134 creaturam.
1024 5074 1211 5145 Neque
1236 5077 1382 5130 enim
1413 5075 1558 5129 aliud
1581 5074 1744 5130 isthic
1766 5076 1868 5129 loci
1890 5082 1995 5139 est,

420 5173 538 5235 τοῖς
568 5171 736 5226 πᾶσιν
782 5170 895 5224 ίσον
935 5164 1096 5232 εἶναι,
1130 5181 1296 5238 quam
1336 5167 1426 5222 hic
1452 5169 1566 5232 τοῖς
1604 5168 1737 5221 πᾶσι
1776 5184 1996 5240 συναρι-

425 5261 701 5334 Opere-bat,
727 5263 829 5318 hoc
857 5270 961 5327 est,
989 5259 1228 5316 Verbum
1257 5274 1324 5314 ex
1354 5259 1597 5330 ipsorum
1624 5260 1896 5315 sententia
1918 5258 2001 5313 fa-

429 5364 577 5410 ctum
616 5360 671 5410 et
706 5364 947 5411 creatum
1002 5369 1073 5409 ex
1125 5353 1329 5415 nihilo,
1380 5352 1714 5422 reliquarum
1758 5350 2000 5406 omnium

428 5452 804 5503 creaturarum
845 5460 1077 5500 numero
1122 5444 1496 5509 inserendum,
1530 5451 1719 5514 utpote
1774 5442 2002 5513 reliquis
2054 5494 2061 5499 .

428 5538 683 5594 omnibus
708 5538 977 5593 creaturis
1000 5536 1312 5593 conditione
1341 5542 1505 5607 atque
1539 5535 1781 5592 essentia
1820 5549 1922 5605 par
1949 5541 2004 5589 et

430 5631 655 5701 aequale.
689 5627 948 5695 Quamvis
973 5644 1075 5699 ego
1102 5628 1163 5683 τὸ
1187 5629 1320 5695 ίσον,
1355 5630 1411 5683 in
1438 5627 1587 5684 hisce
1609 5627 1767 5690 locis,
1804 5624 2005 5696 (equale

434 5722 615 5791 potius
640 5734 808 5791 quam
842 5734 940 5787 par
974 5728 1183 5776 vertere
1212 5721 1419 5783 malim,
1465 5733 1574 5789 quo
1596 5718 1758 5772 etiam
1789 5715 2004 5786 profani

438 5821 689 5870 ιιιιοῑοιεδ
734 5825 833 5882 pro
879 5817 1149 5866 coactaneo
1196 5817 1249 5867 et
1298 5824 1480 5865 ηοω-ο
1506 5808 1712 5878 passim
1756 5815 2003 5872 utuntur,

2096 4612 2171 4666 tio
2230 4610 2297 4666 de
2324 4620 2558 4664 cccxvm
2586 4604 2821 4660 Nicaenis
2862 4599 3080 4657 concilii
3116 4598 3370 4653 Patribus
3401 4596 3666 4665 sequitur,

2095 4719 2217 4774 quae
2249 4703 2304 4757 in
2336 4698 2594 4755 Historiis
2622 4708 2926 4752 sanctorum
2956 4690 3278 4762 Lipotnanni
3318 4695 3537 4753 exstat;
3570 4700 3670 4739 cu-

2092 4798 2184 4865 jus
2215 4793 2491 4862 exemplar
2523 4804 2588 4847 ex
2603 4789 2768 4860 Regio
2811 4787 3003 4842 codice
3041 4785 3096 4838 in
3130 4782 3321 4837 Galliis
3377 4776 3670 4850 aliquando

2097 4902 2184 4941 me
2207 4883 2622 4952 transcripsisse
2654 4878 2896 4935 memini.
2939 4876 3085 4941 Haec,
3122 4875 3366 4944 inquam,
3401 4870 3535 4925 tanti
3558 4883 3670 4924 non

2098 4984 2227 5032 sunt
2260 4982 2319 5028 ut
2346 4972 2671 5028 Theodoreti
2705 4970 3044 5036 aliorumque
3074 4965 3356 5019 meliorum
3385 4970 3669 5016 auctorum

2099 5068 2259 5124 ﬁdem
2288 5065 2430 5135 apud
2462 5078 2561 5118 nos
2594 5063 2829 5117 elevent.
2867 5057 2973 5113 Sed
3008 5070 3155 5110 nunc
3185 5053 3469 5124 epistolam
3497 5052 3671 5122 ipsam

2100 5158 2443 5231 aggredimur
2493 5173 2507 5208 :
2555 5154 2611 5207 in
2655 5152 2814 5221 cujus
2863 5150 3049 5204 limine
3105 5146 3383 5201 Romanos
3436 5141 3674 5198 editores

2101 5250 2407 5326 προθέσεως
2438 5262 2537 5301 vox
2567 5242 2817 5307 oﬂ‘endit,
2850 5241 2941 5295 cui
2977 5240 3157 5296 obolis
3184 5236 3451 5293 confossa:
3482 5232 3675 5303 προαί-

2052 5388 2059 5395 .
2105 5325 2250 5417 ρεσιν
2283 5339 2642 5397 substituunt.
2676 5334 2784 5391 Sed
2810 5334 3024 5391 nescire
3057 5346 3142 5386 me
3168 5330 3341 5383 fateor
3387 5325 3518 5396 quid
3545 5340 3675 5378 cau-

2103 5416 2179 5492 eat
2223 5432 2511 5489 habuerint
2557 5444 2657 5484 cur
2699 5441 2885 5484 vocem
2930 5422 3362 5495 ὲλληνικωτάτην
3410 5416 3676 5473 Gratismi

2104 5543 2272 5584 censu
2318 5521 2697 5595 expuuxerint.
2745 5517 2964 5580 Vocem,
3016 5517 3258 5585 inquam,
3297 5509 3544 5582 probam,
3577 5521 3678 5561 nec

2106 5621 2283 5676 solum
2310 5616 2554 5688 Polybio,
2585 5621 2643 5668 ut
2670 5629 2737 5668 ex
2757 5609 2926 5665 Suida
2957 5614 3205 5678 apparet,
3225 5620 3284 5659 se
3346 5612 3399 5657 et
3425 5601 3484 5656 D.
3505 5600 3678 5654 Paulo

2106 5712 2273 5766 semel
2295 5708 2601 5776 iterumque
2618 5709 2954 5772 usurpatam.
2975 5697 3132 5752 Rom.
3155 5713 3273 5759 vni,
3292 5695 3383 5759 28,
3402 5695 3513 5754 τοῖς
3537 5689 3679 5744 κατὰ

2111 5802 2364 5870 πρόθεσιδ
2406 5799 2641 5866 κλητοῖς,
2678 5794 2869 5851 vocatis
2915 5790 3199 5847 secundum
3246 5787 3591 5855 propositum,
3625 5786 3681 5837 et
