4132 6424
1410 267 1486 275 ’Ψ

523 327 620 384 551

1624 323 1679 380 S.
1722 325 2137 381 ALEXANDEB
2177 324 2742 382 ALEXANDRINUS.

3674 324 3779 382 582

522 448 723 518 Ephes.
758 462 796 510 t,
834 448 919 509 ΙΙ,
954 444 1365 517 προορισθέντες
1392 443 1535 498 κατὰ
1583 444 1858 515 πρόθεσιν,
1888 444 2088 513 prinde-

2199 445 2274 498 Ac
2293 445 2526 508 primum
2548 443 2765 513 quidem
2783 440 2877 497 Dei
2896 441 3084 496 hostes
3106 437 3362 495 Ecclesiae
3371 439 3569 495 castris
3589 439 3776 510 ejecti,

521 541 705 594 stinati
750 537 1031 592 secundum
1059 538 1419 606 propositum;
1471 545 1525 590 et
1564 543 1688 605 post
1716 534 1963 597 Paulum,
1997 535 2096 590 do-

519 632 768 686 ctissimo
791 632 989 701 cuique
1019 628 1119 684 SS.
1146 628 1391 682 Patrum.
1412 627 1666 684 Clemens
1692 627 2094 683 Alexandrinus

518 727 645 780 item
695 725 788 778 lib.
838 739 921 790 tit,
971 724 1250 793 εὐνουχίας
1285 723 1556 793 πρόθεσιν,
1599 723 1922 791 propositum
1949 723 2094 776 ueli-

517 815 692 881 batus,
733 823 788 870 et
818 815 909 868 lib.
940 831 1037 876 vti,
1068 816 1193 876 τοὺς
1219 812 1361 866 κατὰ
1390 813 1642 884 πρόθεσιν
1669 812 1924 875 δικαίους,
1957 829 2094 882 prae-

517 910 820 963 destinatos
843 909 1159 977 Apostolum
1185 915 1410 962 secutus
1428 907 1659 960 vocavit.
1679 905 1927 961 Justinus
1952 906 2095 959 hiar-

517 1009 604 1071 tyr
630 1015 723 1054 xui
745 1006 1032 1070 quwstione
1053 999 1120 1053 ad
1147 998 1490 1060 orthodoxae,
1520 999 1928 1068 palpitationes,
1953 1006 2093 1053 ster-

517 1101 841 1146 nutamenta
885 1103 937 1146 et
969 1093 1200 1146 tinnitus
1237 1091 1453 1144 aurium
1494 1090 1644 1160 παρὰ
1676 1090 1774 1161 τὴν
1821 1089 2091 1160 ἡμετέραν

512 1185 795 1255 πρόθεσιν,
831 1185 943 1238 fieri
995 1185 1203 1238 scribit.
1233 1181 1436 1236 Omitto
1468 1183 1624 1237 alios.
1657 1180 1798 1236 Sane
1823 1180 2091 1235 Constan-

514 1278 662 1330 tinus
709 1275 935 1344 Magnus
972 1277 1167 1330 litteris
1217 1275 1282 1328 ad
1337 1275 1708 1329 Alexandrum
1755 1283 2001 1327 nostrum
2037 1282 2092 1328 et

514 1365 704 1419 Arium
759 1366 900 1421 datis
959 1367 1085 1436 μίαν
1129 1367 1306 1436 ψυχῆς
1364 1367 1618 1437 πρόθεσιν
1669 1367 1904 1436 scripsit.
1948 1366 2089 1432 Quid

514 1458 683 1512 vero?
722 1474 904 1512 nonne
952 1459 1066 1526 ipse
1106 1457 1412 1513 Alexander
1479 1475 1602 1512 mox
1679 1461 1779 1513 hac
1829 1461 1945 1530 ipsa
1997 1475 2092 1530 pa-

517 1550 643 1617 gina
708 1551 808 1620 τὴν
841 1549 1116 1620 μοχθηρὰν
1166 1549 1425 1620 πρόθεσιν
1468 1552 1695 1620 repetit?
1725 1551 1879 1617 Quod
1915 1559 1968 1606 et
2007 1554 2089 1619 ip-

518 1656 636 1693 sum
667 1655 737 1694 ne
763 1655 1023 1694 censores
1051 1640 1383 1710 jugularent,
1421 1643 1629 1696 salvum
1654 1653 1815 1713 atque
1839 1644 2090 1698 indemne

515 1742 777 1803 praestare
805 1742 1014 1801 poterat
1041 1735 1184 1802 quod
1213 1735 1351 1788 infra
1374 1751 1432 1788 se
1453 1736 1830 1806 episcoporum
1855 1740 1920 1792 ad
1951 1755 2090 1809 quos

2203 535 2270 589 ad
2295 503 2307 508 ή
2340 503 2583 605 gentiles-
2623 541 2678 588 et
2724 531 2942 588 Judaeos
2986 531 3328 601 transfugere
3351 571 3368 596 ,
3400 545 3526 584 cum
3571 503 3658 585 his
3711 503 3782 585 ad
3815 503 3832 594 Ῐ

2201 626 2569 681 Christianam
2601 624 2918 694 religionem
2952 621 3378 678 exscindendam
3416 621 3639 676 foederis
3687 636 3780 677 so-

2201 717 2396 770 cietate
2429 731 2549 769 sese
2577 716 2907 784 conjungere
2937 733 2951 768 :
2983 713 3126 782 apud
3154 713 3256 768 hos
3284 713 3512 784 gratiam
3534 712 3778 768 laudem-

2200 830 2306 883 que
2328 814 2432 868 sibi
2457 827 2723 881 quaerere,
2754 811 2882 865 dum
2923 810 3359 864 Christianorum
3404 810 3656 880 dogmata
3710 826 3775 862 ac

2202 921 2382 969 sacra,
2429 921 2551 974 quae
2598 901 2801 958 Iudaeis
2830 903 3172 963 scandalum,
3215 902 3468 973 gentibus
3501 901 3730 956 stultitia
3758 901 3774 932 ¹

2201 1015 2378 1065 erant,
2406 1003 2539 1059 risui
2567 1019 2630 1058 ac
2652 1001 2888 1056 ludibrio
2902 1001 3611 1070 eorumdem,exponerent;
3632 998 3776 1053 unde

2202 1097 2482 1166 religionis
2520 1095 2745 1150 exitium
2778 1093 2932 1162 sequi
2978 1107 3201 1147 necesse
3231 1099 3366 1146 erat.
3409 1089 3546 1160 Ipsis
3577 1090 3775 1146 deinde

2200 1189 2443 1243 veritatis
2473 1187 2965 1257 propugnatoribus
2993 1186 3201 1247 turbas,
3232 1183 3526 1238 seditiones
3557 1197 3620 1236 ac
3650 1198 3776 1254 per-

2201 1282 2508 1336 secutiones
2525 1280 2874 1350 gravissimas
2893 1279 3204 1332 excitabant
3229 1295 3243 1329 :
3267 1277 3477 1331 scilicet
3495 1285 3554 1328 ut
3571 1275 3662 1328 Dei
3683 1274 3780 1328 Ec-

2199 1373 2364 1427 clesia
2394 1373 2588 1426 horum
2621 1372 2871 1443 praesidio
2909 1371 3122 1428 orbata.
3156 1370 3289 1438 ipsis
3320 1368 3514 1438 praedae
3535 1366 3772 1422 cederet.

2199 1461 2443 1516 Haeduo
2462 1461 2828 1516 accusationis
2849 1462 3045 1530 capita.
3072 1460 3313 1524 QuOrum
3337 1467 3630 1529 utrumque
3651 1458 3777 1527 qui-

2199 1553 2302 1607 bus
2331 1553 2508 1608 modis
2526 1552 2736 1608 eﬂicere
2767 1562 3099 1606 conarentur
3127 1550 3338 1614 Ariani,
3361 1565 3483 1603 mox
3513 1551 3771 1605 ostendit.

2199 1644 2481 1700 Posterius
2524 1647 2764 1714 quidem,
2804 1646 3000 1714 inquit,
3048 1638 3344 1697 seditiones
3400 1649 3455 1696 et
3511 1656 3771 1710 persecu-

2199 1741 2377 1793 tiones
2428 1739 2640 1793 scilicet
2677 1740 2948 1803 excitant,
3011 1735 3318 1791 divexando
3347 1735 3672 1799 catholicos,
3717 1744 3774 1789 et

516 1827 708 1882 scribit
741 1827 872 1900 ὀρθῇ
906 1828 1178 1898 προθέσει,
1208 1827 1481 1882 conﬁdere
1523 1829 1620 1882 ait.
1670 1829 1898 1893 Videtis,
1936 1840 2088 1900 puto,
2123 1825 2165 1879 Β
2197 1829 2318 1883 lites
2345 1828 2538 1882 iisdem
2579 1828 2922 1892 intentando,
2956 1842 3054 1898 per
3099 1825 3548 1880 muliercularum
3579 1825 3773 1880 amici-

515 1920 812 1986 auditores,
848 1936 1011 1989 quam
1059 1927 1221 1972 caute
1253 1927 1306 1972 et
1339 1920 1590 1990 religiose
1642 1923 1698 1975 in
1740 1923 2090 1992 antiquorum

513 2012 733 2082 scriptis
755 2011 1080 2066 versandum
1116 2012 1208 2073 sit,
1238 2025 1402 2079 quam
1434 2027 1542 2065 non
1570 2022 1778 2068 temere
1796 2017 2090 2084 quidquam

511 2103 854 2159 mutandum.
887 2107 1155 2160 Caeterum
1181 2105 1226 2159 si
1260 2104 1384 2172 quis
1403 2101 1649 2158 Graecum
1695 2107 1858 2176 hujus
1886 2109 2091 2178 episto-

510 2197 575 2250 ιω
607 2198 889 2252 exordium
911 2213 1033 2250 cum
1064 2198 1230 2252 veteri
1263 2195 1549 2266 Epiphanii
1582 2199 1834 2254 versione
1865 2209 2091 2256 conten-

510 2288 622 2349 dat,
659 2289 816 2359 longe
841 2287 1110 2343 diversam
1141 2288 1263 2357 ejus
1295 2290 1540 2345 codicem
1574 2291 1902 2345 sententiam
1945 2309 2085 2362 prae-

515 2381 705 2435 tulisse
735 2381 991 2449 reperiet.

577 2471 656 2525 illi
683 2480 863 2526 autem
903 2472 1168 2526 malorum
1213 2472 1517 2534 hominum,
1550 2489 1715 2540 quam
1762 2474 1924 2528 modo
1952 2473 2087 2540 dixi,

510 2563 768 2634 προθέσει
801 2563 1094 2632 respondet
1129 2562 1273 2632 quod
1309 2565 1578 2633 sequitur,
1625 2579 1721 2619 eos
1743 2566 1947 2620 diaboli
1986 2567 2090 2619 im-

511 2653 670 2720 pulsu
700 2652 863 2705 veluti
893 2659 1064 2706 (nstro
1103 2653 1339 2721 percitos
1370 2650 1498 2706 ferri
1532 2655 1613 2717 ei;
1649 2655 1749 2724 τὴν
1793 2657 2090 2726 προκειμέσ-

506 2760 605 2813 νην
635 2744 816 2808 αὐτοῖς
844 2745 1056 2816 ἡδονήν.
1114 2745 1234 2810 Quo
1263 2763 1386 2801 cum
1421 2757 1632 2803 certum
1662 2758 1716 2805 et
1749 2750 2086 2805 destinatum

508 2837 674 2889 animi
713 2838 1002 2891 consilium
1049 2839 1408 2907 significetur,
1459 2843 1666 2895 rectius
1718 2857 1747 2894 a
1783 2845 1952 2896 veteri
2002 2841 2083 2894 in-

507 2934 762 2996 terprete,
793 2929 1117 2995 propositam
1161 2930 1337 2984 animo
1381 2929 1672 2995 libidinem,
1706 2949 1868 3001 quam
1917 2949 1945 2985 a
1981 2932 2087 2988 Ca-

509 3018 766 3082 merario,
797 3019 1000 3073 obviam
1028 3021 1363 3085 voluptatem,
1396 3033 1488 3078 aut
1524 3040 1552 3078 a
1580 3035 1766 3080 nostro
1791 3027 2086 3094 interprete

507 3106 799 3174 Britanno,
834 3111 1125 3180 voluptates
1156 3129 1272 3182 quae
1304 3114 1440 3182 forte
1473 3133 1527 3168 se
1557 3116 1805 3184 offerunt,
1839 3115 2082 3170 converti

505 3204 781 3257 existimo.
813 3203 947 3269 Quis
971 3205 1117 3260 enim
1142 3222 1250 3261 non
1274 3206 1440 3271 videt,
1459 3208 1558 3279 τὴν
1579 3208 1848 3279 τυχοῦσαν
1868 3207 2081 3278 ἡδονὴν,

505 3294 598 3346 καὶ
624 3293 722 3364 τὴν
761 3296 1145 3365 προκειμένην,
1182 3296 1498 3366 longissime
1547 3299 1688 3351 inter
1730 3314 1790 3352 se
1827 3298 2084 3364 diilerre;

505 3401 629 3440 cum
655 3387 743 3439 illa
769 3403 979 3452 casum,
1009 3389 1120 3442 haec
1145 3390 1438 3444 consilium
1455 3399 1510 3444 et
1525 3391 1846 3455 voluntatis,
1872 3400 1929 3444 ut
1946 3391 2080 3454 dixi,

505 3481 845 3549 propositum
870 3481 991 3549 conj
1002 3491 1223 3536 unctum
1247 3483 1484 3538 habeat?

577 3570 742 3625 Addit
769 3571 912 3626 hanc
937 3574 1215 3628 scribendi
1249 3589 1474 3630 causam
1512 3575 1616 3630 sibi
1648 3574 1839 3641 fuisse,
1878 3584 1937 3630 ut
1967 3591 2087 3630 mo-

505 3671 660 3717 neret
688 3672 918 3720 ca'teros
949 3665 1306 3729 orthodoxos,
1344 3667 1624 3736 improbos
1657 3668 1782 3722 illos
1812 3669 2086 3724 cavendos

506 3769 649 3816 esse,
700 3755 789 3825 Μή
815 3773 899 3819 τις
941 3755 1120 3809 αὐτῶν
1149 3758 1414 3830 τολμήσῃ,
1446 3759 1644 3828 inquit,
1678 3761 1772 3812 καὶ
1802 3764 1922 3824 ταῖς
1953 3763 2087 3831 ὑμεη

506 3846 692 3918 τέραις
727 3847 1042 3917 παροικίαις
1073 3849 1348 3918 ἐπιϐῆναι.
1398 3849 1482 3904 Ne
1509 3853 1626 3920 quis
1658 3862 1860 3905 vestras
1889 3869 2087 3923 quoque

506 3939 804 4006 prouincias
831 3940 1072 3994 invadere
1109 3941 1321 3994 audeat.
1359 3941 1513 4008 Quod
1544 3953 1603 3997 ut
1628 3954 1782 3999 vetus
1801 3953 1854 3999 et
1879 3961 2087 4014 germa-

507 4046 614 4087 nus
648 4024 963 4088 't‘heodoriti
1009 4036 1278 4103 interpres
1326 4046 1473 4091 recte
1518 4045 1572 4090 et
1618 4037 1936 4106 simpliciter
1963 4054 2089 4092 ver-

507 4132 664 4193 tunt,
712 4125 783 4179 ita
815 4126 1022 4197 Anglus
1068 4137 1253 4181 noster
1293 4143 1425 4182 sane
1455 4144 1652 4198 magno
1685 4138 1737 4184 et
1774 4131 2086 4199 importuno

505 4218 800 4274 verborum
843 4223 1071 4287 ambitu,
1105 4224 1302 4276 erroris
1337 4223 1421 4276 sui
1451 4223 1666 4292 vestigia
1700 4222 1951 4277 Ecclesiis
1986 4225 2088 4276 im-

505 4313 730 4380 primere
763 4313 961 4368 reddit.
992 4314 1125 4380 Quae
1151 4331 1217 4370 eo
1244 4331 1274 4369 a
1303 4331 1389 4370 me
1433 4314 1712 4376 dicuntur.
1743 4317 1886 4385 quod
1929 4316 2086 4372 fucos

506 4412 562 4458 et
596 4403 850 4474 phaleras
888 4406 1050 4476 longe
1092 4422 1121 4459 a
1150 4415 1301 4462 casta
1343 4415 1660 4462 sanctorum
1694 4406 1917 4461 Patrum
1961 4423 2085 4462 ora-

2197 1923 2325 1975 tiam
2357 1932 2410 1974 et
2444 1921 2823 1990 prcusationes
2855 1938 2867 1973 :
2911 1920 3394 1974 Christianismum
3427 1933 3558 1972 vero
3583 1917 3774 1971 tradu—

2193 2022 2401 2076 cerent,
2451 2013 2581 2066 dum
2628 2014 2871 2082 ipsorum
2900 2013 3206 2078 juvenculaa
3253 2012 3421 2064 libere
3460 2010 3580 2064 sine
3609 2008 3772 2062 modo

2192 2118 2247 2162 et
2298 2107 2585 2168 modestia,
2631 2106 2968 2176 vagabundie
3018 2120 3114 2174 per
3160 2106 3412 2160 civitates
3459 2103 3774 2176 oberrant:

2192 2217 2426 2271 quorum
2476 2209 2770 2276 utrumque
2801 2207 2884 2252 est
2923 2206 3115 2252 contra
3145 2196 3392 2266 Apostoli
3432 2175 3771 2256 doctrinam,

2191 2295 2282 2363 qui
2321 2292 2487 2361 priori
2515 2289 2584 2343 ad
2619 2289 2964 2345 Timotheum
3001 2307 3054 2356 ν,
3091 2291 3158 2343 i9
3182 2329 3198 2351 ,
3253 2287 3445 2342 viduas
3484 2286 3768 2356 sexaginta

2191 2399 2460 2439 annorum
2499 2382 2800 2452 eligendas,
2835 2381 3295 2436 adolescentiores
3323 2387 3504 2433 autem
3541 2379 3654 2432 sive
3677 2377 3769 2446 ju-

2191 2476 2450 2531 vcnculas
2481 2475 2804 2530 devitandas
2853 2472 3115 2544 prazcipit.
3164 2470 3304 2525 Tum
3331 2484 3460 2525 vero
3493 2484 3637 2523 vers.
3669 2468 3770 2522 de-

2191 2572 2336 2623 eimo
2361 2570 2523 2625 tertio
2557 2567 2806 2638 ejusdem
2838 2567 3034 2636 capitis
3083 2573 3290 2629 monet,
3342 2578 3410 2618 ne
3447 2561 3638 2616 otiosa:
3678 2560 3763 2614 di-

2190 2670 2317 2714 cant
2357 2661 2592 2716 circuire
2625 2661 2838 2721 domos,
2870 2661 3116 2713 verbosa:
3151 2666 3206 2712 et
3242 2657 3494 2717 curiosae,
3526 2662 3636 2709 etc.
3660 2652 3768 2707 Ne-

2189 2771 2295 2824 que
2318 2756 2463 2808 enim
2485 2754 2711 2808 dubium
2748 2754 2880 2807 illud
2929 2760 3034 2816 est,
3067 2753 3197 2821 quin
3234 2766 3301 2805 ex
3339 2749 3489 2804 hisce
3521 2745 3768 2817 Apostoli

2189 2848 2370 2900 verbis
2404 2855 2550 2900 totus
2578 2847 2666 2900 hic
2699 2846 2852 2900 locus
2873 2844 3260 2914 intelligendus
3293 2842 3364 2897 sit
3402 2850 3565 2910 atque
3590 2837 3767 2908 expli-

2189 2939 2416 2992 candus.
2452 2938 2508 2991 ln
2538 2939 2700 3007 cujus
2715 2953 2879 2992 sensu
2895 2936 3248 3006 exprimendo
3279 2935 3550 3002 interpres
3580 2939 3768 2985 noster

2190 3035 2325 3088 mire
2365 3049 2596 3088 securus
2635 3041 2740 3093 est,
2791 3033 3056 3086 divellens
3108 3040 3163 3084 et
3195 3029 3540 3084 confundens
3583 3025 3768 3080 omnia

2189 3137 2287 3190 pro
2319 3123 2493 3175 libito.
2532 3121 2684 3175 Unde
2718 3138 2813 3191 pro
2848 3137 2955 3174 una
3005 3124 3264 3174 continua
3310 3118 3605 3174 Alexandri
3639 3131 3768 3171 sen-

2189 3213 2374 3272 tentia,
2401 3227 2581 3267 meras
2617 3213 2778 3266 nobis
2812 3227 3008 3280 scopas
3045 3210 3340 3265 dissolutas
3372 3207 3613 3270 exhibet,
3644 3219 3766 3276 quae

2188 3307 2402 3375 singula
2433 3306 2687 3374 prosequi
2739 3305 3018 3359 taediosum
3074 3304 3236 3358 foret.
3274 3301 3332 3356 id
3373 3302 3562 3363 miror,
3590 3306 3644 3353 et
3677 3311 3767 3353 vc-

2188 3405 2354 3450 terem
2389 3405 2443 3450 et
2471 3413 2669 3451 novum
2699 3397 3070 3467 interpretem,
3106 3397 3325 3450 inverso
3368 3398 3530 3448 unius
3561 3392 3764 3448 Graece

2187 3489 2340 3544 vocis
2365 3489 2584 3558 spiritu,
2607 3498 2868 3560 tanquam
2902 3489 3297 3544 vehementiori
3330 3488 3567 3557 procella
3609 3486 3772 3540 abre-

2188 3588 2331 3649 ptos,
2355 3581 2408 3633 in
2452 3582 2739 3650 scopulum
2763 3581 3072 3651 impegisse.
3090 3577 3384 3633 Alexandri
3412 3579 3575 3632 verba
3598 3583 3727 3631 sunt
3751 3595 3766 3630 :

2188 3671 2298 3742 Τὴν
2320 3672 2450 3740 γοῦν
2487 3673 2752 3742 Ἑλλήνων
2777 3689 2836 3726 τε
2862 3674 2956 3726 καὶ
3000 3671 3266 3725 Ἰουδαίων
3292 3670 3462 3740 ἀσεϐῆ
3487 3670 3614 3739 περὶ
3634 3670 3770 3739 Χρι-

2191 3763 2316 3816 στοῦ
2343 3763 2500 3829 δόξαν
2533 3765 2904 3836 κρατύναντες
2928 3807 2942 3830 ,
2967 3765 3058 3818 τὸν
3089 3763 3220 3834 παρ’
3250 3762 3428 3816 αὐτῶν
3450 3762 3669 3816 ἔπαινον
3693 3759 3768 3822 ὡς

2188 3858 2266 3910 ενι
2303 3857 2537 3928 μάλιστα
2565 3856 2860 3927 Θηρῶνται.
2918 3854 3015 3910 Ubi
3071 3865 3262 3909 neuter
3304 3852 3601 3923 perspexit,
3637 3850 3772 3922 παρ’

2190 3950 2367 4003 ἀυτῶν
2400 3949 2503 4003 leni
2529 3948 2724 4018 spiritu
2757 3945 3082 4016 legendum;
3118 3951 3173 3997 et
3206 3958 3311 3997 non
3341 3944 3490 4012 ipsos
3511 3941 3769 4003 Arianos,

2190 4043 2283 4097 sed
2317 4040 2536 4095 Graecos
2567 4047 2620 4094 et
2647 4038 2866 4094 Iudaeos
2924 4037 3171 4106 intelligi,
3220 4034 3365 4102 apud
3415 4049 3553 4104 quos
3606 4032 3770 4087 Chri-

2190 4143 2334 4188 stum
2367 4134 2642 4187 conimuui
2689 4148 2855 4203 opera
2883 4130 3268 4200 oppugnando,
3306 4129 3518 4182 laudem
3552 4126 3763 4182 studio-

2190 4224 2408 4278 sissime
2441 4223 2732 4292 captabant
2763 4221 2971 4274 Ariani.
2993 4220 3150 4286 Quod
3177 4228 3359 4273 tamen
3385 4218 3776 4284 Camerarinm

2191 4315 2543 4380 Theodoreti,
2580 4321 2634 4369 et
2665 4315 2910 4384 Langnm
2951 4312 3240 4382 Nicephori
3267 4317 3621 4380 interpretem
3656 4324 3769 4362 non

2193 4407 2350 4477 fugit.
2389 4407 2651 4470 Quamvis
2697 4405 2840 4476 apud
2907 4405 3052 4458 hunc
3104 4420 3211 4458 non
3240 4402 3369 4473 παρ’
3421 4402 3620 4464 αὐτῶν,
3673 4401 3772 4456 sed

505 4496 653 4551 tione
675 4497 954 4552 amandari
976 4499 1136 4552 velim
1162 4517 1176 4552 :
1204 4515 1424 4570 easque,
1455 4507 1516 4553 ut
1540 4499 1641 4569 ipsi
1663 4501 1906 4556 studiose
1929 4515 2088 4555 cave-
2118 4522 2164 4576 ο
2194 4502 2326 4572 παρ’
2349 4501 2533 4563 αὐτοῖς
2557 4501 2788 4570 legatur.
2817 4499 3082 4554 Caeterum
3109 4508 3167 4552 ut
3197 4498 3393 4567 reliqui
3426 4512 3615 4550 omnes
3659 4495 3770 4550 bar.-

508 4596 657 4648 runt.
692 4589 763 4642 ita
793 4605 893 4644 nec
920 4591 974 4644 in
1001 4591 1283 4646 versiones
1307 4609 1497 4646 eorum
1521 4593 1688 4647 menti
1719 4594 2088 4663 exprimendae

509 4681 877 4738 admittendas
901 4698 1118 4738 censeo.
1151 4682 1229 4739 ita
1259 4685 1362 4740 sub
1387 4685 1657 4755 principio
1695 4701 1817 4756 pag.
1849 4701 1963 4756 seq.
1995 4703 2088 4742 ve-

506 4781 597 4828 tus
627 4774 918 4844 inter-pres,
965 4777 1064 4848 τὴν
1097 4779 1362 4850 σωτήριον
1385 4779 1622 4850 Χριστοῦ
1655 4780 1965 4850 οἰκονομίαν
1995 4781 2089 4833 καὶ

505 4867 574 4919 δι’
611 4870 759 4937 ἡμᾶς
804 4869 1161 4939 ταπείνωσινξ,
1207 4872 1496 4925 salutarem
1541 4871 1984 4939 dispensationem
2037 4880 2087 4926 et

506 4959 859 5011 humilitatem
889 4975 984 5026 pro
1031 4960 1178 5014 nobis
1213 4973 1530 5030 susceptam,
1567 4964 1748 5025 vertit,
1785 4973 1843 5015 ut
1893 4963 2088 5033 reliqui

511 5051 716 5105 Latinae
753 5050 1011 5108 Ecclesia:
1049 5052 1261 5117 Patres,
1301 5062 1356 5106 et
1387 5055 1641 5124 vulgatus
1666 5055 1966 5111 Bibliorum
2001 5059 2087 5111 in-

506 5149 718 5212 terpres
755 5144 903 5214 loqui
934 5155 1149 5212 amant;
1193 5148 1283 5200 ubi
1335 5156 1520 5201 noster
1548 5151 1888 5203 (economiam
1915 5159 1963 5204 et
2005 5150 2092 5203 ab-

507 5235 803 5297 iectionem,
849 5237 1033 5306 potius
1079 5253 1243 5308 quam
1272 5238 1692 5294 bumitiationem
1726 5242 1993 5312 probavit.

579 5325 838 5396 Sequitur
866 5330 1064 5385 deinde
1096 5332 1250 5386 locus
1299 5347 1435 5387 sane
1483 5332 1732 5404 insignis,
1769 5351 1879 5404 quo
1926 5335 2088 5389 Alex-

507 5426 679 5479 ander
725 5427 941 5496 egregie
990 5429 1252 5484 describit
1312 5429 1482 5483 malas
1531 5430 1861 5486 Arianorum
1917 5444 2085 5496 artes,

507 5517 706 5584 quibus
752 5517 1034 5574 veritatem
1081 5521 1310 5592 ejusque
1361 5524 1701 5587 defensores,
1740 5540 1846 5595 qua
1897 5535 2086 5594 aperta

507 5609 580 5673 vi,
606 5624 711 5680 qua
749 5610 939 5666 fraude
969 5615 1203 5679 occulta,
1236 5632 1332 5686 per
1358 5618 1645 5673 cuniculos
1675 5619 2082 5688 oppugnabant.

575 5769 589 5800 ¹
625 5769 646 5824 l
681 5766 804 5822 Cor.
834 5785 876 5834 ι,
919 5768 1010 5825 25.

477 5874 518 5894 τ»

2192 4595 2365 4657 retici,
2410 4595 2486 4648 ita
2515 4593 2682 4648 Arius
2711 4608 2929 4663 quoque
2984 4594 3228 4663 parentis
3257 4592 3342 4646 sui
3374 4591 3576 4645 diaboli
3612 4590 3766 4658 inge-

2194 4688 2344 4741 nium
2374 4695 2628 4756 artesque
2652 4687 2918 4749 imitatus,
2941 4687 3063 4739 ficta
3097 4685 3315 4754 pietatis
3342 4683 3523 4753 specie
3549 4683 3771 4751 sequio-

2192 4780 2272 4834 ris
2295 4795 2460 4835 sexus
2482 4779 2821 4849 simplicitati
2848 4780 3039 4833 illusit.
3064 4778 3312 4846 Cumque
3333 4775 3609 4830 Christum
3629 4774 3776 4827 divi-

2195 4871 2386 4925 nitatis
2413 4871 2585 4940 gloria
2609 4871 2920 4941 spoliasset,
2962 4869 3369 4923 sanctissimum
3398 4882 3616 4936 quoque
3645 4865 3770 4934 ejus

2198 4965 2467 5032 peculium
2511 4964 2765 5018 invadere
2824 4978 2887 5016 ac
2922 4963 3275 5016 intervertere
3334 4974 3443 5012 non
3477 4958 3766 5012 dubitavit.

2197 5058 2297 5124 Qui
2326 5059 2695 5127 septingentas
2715 5056 2952 5126 virgines
2974 5054 3194 5109 Christo
3214 5061 3566 5108 consecratas
3592 5051 3775 5121 primo

2196 5153 2438 5206 omnium
2472 5152 2528 5204 in
2564 5166 2692 5204 suas
2742 5158 2925 5218 partes
2956 5147 3256 5217 pertraxit,
3285 5162 3408 5200 cum
3433 5145 3651 5200 interim
3681 5145 3773 5198 vix

2193 5254 2397 5312 septem
2426 5243 2772 5314 presbyteros
2795 5250 2850 5296 et
2871 5241 3134 5295 diaconos
3183 5237 3473 5293 duodecim
3501 5236 3608 5290 sibi
3629 5250 3772 5291 con~

2192 5337 2450 5392 ciliasset.
2499 5335 2575 5388 lta
2631 5335 2860 5398 scilicet,
2901 5331 3172 5387 εὐόλισθον
3217 5331 3310 5384 καὶ
3355 5327 3623 5400 σφαλερόν
3679 5328 3774 5382 καὶ

2192 5429 2587 5500 εὐπαράγωγον
2644 5426 2706 5479 τό
2754 5425 2860 5479 τῶν
2913 5422 3184 5493 γυναικῶν
3230 5421 3402 5491 γένος.
3467 5419 3574 5475 Sed
3645 5434 3771 5500 cum

2193 5521 2501 5576 Alexander
2539 5519 2644 5574 hoc
2677 5521 2798 5573 loco
2827 5517 3114 5572 mulierum
3152 5531 3315 5585 opera
3347 5513 3649 5569 Ecclesiam
3703 5499 3776 5564 ait

2195 5614 2326 5669 Ario
2351 5613 2554 5669 scribat
2573 5619 2959 5682 oppugnatam,
2996 5608 3324 5664 dubitaverit
3349 5608 3475 5678 quis
3511 5604 3657 5662 haud
3687 5605 3776 5661 in-
