4132 6484
482 398 586 454 εδδ

1923 380 2218 439 NOTITIA.

3611 369 3710 426 551

477 513 642 586 juria,
683 500 1122 568 num‘seductas
1155 507 1278 563 illas
1334 513 1387 562 et
1429 503 1608 560 fatuas
1664 503 1922 573 virgines,
1972 519 2040 556 an
2071 507 2116 562 Α
2143 515 2294 570 aque
2315 499 2628 562 obscurum,
2681 496 2908 566 parique
2958 488 3391 586 investigatione
3428 487 3710 586 inquirens

481 605 626 660 aliud
657 605 836 674 potius
889 603 1211 657 feminarum
1247 613 1418 670 genus
1449 598 1532 651 vir
1585 603 1809 650 sanctus
1840 595 2044 648 intelli-

486 707 623 766 gat:
671 711 807 765 quas
861 695 1078 765 quidem
1119 694 1234 762 ipse
1290 689 1630 744 mulierculas
1683 689 1942 758 impurus,
1997 687 2044 742 si

479 788 653 859 Anglo
681 787 964 858 interpreti
993 786 1265 840 credimus
1291 822 1306 847 ,
1339 791 1394 837 et
1440 781 1666 837 tenellas
1726 779 2045 834 meretricu-

480 882 562 936 las
611 887 806 935 vocat:
855 879 948 933 sed
982 892 1172 933 vereor
1201 876 1462 947 profecto,
1503 888 1570 927 ne
1608 871 1699 926 ille
1753 867 2044 924 Alexandri

484 979 718 1027 mentem
749 985 812 1024 ac
857 970 1022 1024 verba
1070 968 1236 1022 nimis
1296 966 1650 1020 inclementer
1690 960 2040 1030 expresserit.

480 1063 626 1130 Quas
667 1063 811 1116 enim
863 1063 1095 1130 impuros
1128 1059 1218 1113 ille
1253 1058 1434 1121 vertit,
1490 1053 1816 1126 γυναικάρια
1837 1053 2045 1106 ἄτακτα

481 1154 784 1208 Alexander
835 1167 967 1208 voce
1006 1167 1035 1204 a
1070 1151 1131 1204 D.
1165 1149 1336 1204 Paulo
1380 1153 1626 1202 mutuata
1675 1145 1926 1215 appellat.
1968 1141 2045 1196 lta

481 1245 625 1299 enim
669 1243 960 1313 Apostolus
1007 1239 1073 1294 ΙΙ
1104 1239 1342 1294 Thessal.
1396 1253 1480 1301 ιιι,
1516 1236 1572 1301 6,
1628 1243 1812 1290 monet
1857 1242 1916 1288 ut
1945 1250 2045 1290 nos

481 1336 863 1392 subtrahamus
890 1333 998 1389 ἀπὸ
1044 1332 1242 1396 παντὸς
1268 1329 1496 1399 ἀδελφοῦ
1541 1327 1791 1390 ἀτάκτως
1819 1343 2047 1397 περιπα-

477 1427 716 1491 τούντος,
748 1426 813 1480 ab
863 1426 1004 1480 omni
1035 1426 1202 1494 fratre
1241 1423 1538 1477 inordinate
1585 1419 1907 1474 ambulante.
1943 1415 2046 1470 Ubi

479 1521 692 1591 egregie
735 1519 1056 1575 scholiastes
1081 1515 1302 1571 Gracus
1335 1534 1349 1569 :
1387 1511 1658 1576 Ἀτακτός
1683 1514 1830 1564 ἐστιν
1860 1511 1888 1562 ὁ
1925 1508 2046 1578 δίχα

479 1611 684 1676 τάξεως
730 1612 824 1664 καὶ
846 1610 954 1662 τῶν
1001 1608 1094 1662 τοῦ
1150 1606 1284 1660 Θεοῦ
1315 1607 1494 1676 νόμων
1522 1602 1858 1676 περιπατῶν.
1892 1599 2048 1667 Quod

478 1703 729 1773 equidem
771 1703 850 1757 sic
880 1699 1289 1770 explicaverim,’
1351 1696 1586 1750 ἄτακτον
1629 1695 1745 1750 sive
1778 1693 2048 1747 inordina-

480 1804 586 1849 tum
621 1797 749 1859 dici,
783 1797 875 1866 qui
923 1811 1036 1849 sua
1087 1792 1394 1849 vocationis
1443 1791 1690 1845 ordinem
1733 1791 1988 1860 legesque
2015 1802 2046 1840 a

418 1872 424 1882 ’
477 1886 587 1941 Deo
618 1888 928 1956 propositas
949 1900 1058 1939 non
1107 1883 1364 1938 observat
1400 1900 1413 1935 :
1447 1883 1536 1935 cui
1594 1881 1794 1951 impuri
1846 1895 2046 1934 nomen

476 1977 693 2046 proprie
740 1977 1085 2031 tribuendum
1146 1974 1291 2029 haud
1333 1982 1485 2045 puto.
1528 1973 1880 2029 Mulierculas
1917 1987 2048 2028 vero

475 2068 718 2137 impuras
753 2084 933 2134 nemo,
965 2068 1148 2132 credo,
1187 2067 1479 2137 intelliget,
1513 2066 1618 2121 nisi
1651 2081 1772 2136 qua
1801 2065 2050 2135 volupta-

473 2165 590 2212 tum
619 2174 683 2213 ac
720 2158 1008 2214 libidinum
1035 2173 1192 2213 cano
1225 2158 1514 2222 immersa,
1549 2157 1751 2211 foedam
1801 2158 2048 2226 corporis

473 2250 558 2304 sui
591 2249 802 2319 c0piam
859 2251 982 2304 aliis
1050 2248 1279 2305 faciunt.
1313 2249 1450 2305 lllud
1497 2264 1628 2304 vero
1680 2248 1901 2319 gravius
1939 2256 2045 2311 est,

479 2357 614 2412 quas
650 2342 957 2397 Alexander
988 2343 1110 2398 loco
1151 2343 1401 2413 superius
1433 2358 1463 2396 a
1490 2342 1649 2398 nobis
1697 2342 1880 2407 allato,
1917 2341 2050 2396 sim-

477 2435 690 2503 pliciter
718 2433 986 2505 νεωτέρας
1012 2441 1191 2497 vocat,
1230 2433 1444 2488 tenellas
1474 2432 1837 2486 meretriculas
1889 2429 2045 2486 verti.

477 2525 633 2592 Quod
661 2524 892 2580 Romani
920 2527 1158 2581 editores
1208 2526 1314 2580 hoc
1363 2526 1484 2580 loco
1529 2525 1943 2593 interpolantes,
1973 2532 2048 2576 te-

477 2618 644 2671 nellas
661 2618 970 2687 juveneulas
993 2619 1398 2674 substituerunt
1433 2635 1446 2670 :
1481 2618 1806 2673 clementius
1828 2614 2046 2682 quidem

478 2710 634 2774 illud,
668 2711 762 2766 sed
793 2711 980 2766 nescio
1011 2720 1192 2766 tamen
1227 2727 1295 2766 an
1327 2712 1460 2766 satis
1491 2711 1558 2766 ad
1585 2708 1878 2765 Alexandri
1896 2723 2047 2762 men-

480 2807 610 2856 tcm.
645 2798 817 2868 Quam
875 2809 934 2855 ut
980 2801 1195 2871 planius
1249 2802 1572 2874 pleniusque
1628 2803 2043 2873 perspiciamus,

477 2892 759 2960 copiosius
791 2894 1035 2948 nonnihil
1069 2895 1425 2950 dill‘erendum
1458 2896 1564 2950 erit
1617 2895 1683 2951 de
1723 2894 2046 2949 mulieribus

480 2979 590 3035 illis
641 2998 762 3052 qua
783 2983 1012 3054 gradum
1064 2994 1158 3039 aut
1179 2987 1424 3041 ordinem
1475 2993 1570 3040 aut
1604 2982 1892 3040 ministerii
1939 2983 2048 3040 olli-

478 3072 624 3126 cium
650 3075 705 3128 in
735 3074 977 3132 Ecclesia
1007 3077 1136 3132 olim
1184 3078 1538 3133 obtinuerunt
1569 3093 1582 3128 :
1625 3092 1854 3148 quarum
1887 3077 2046 3147 origi-

474 3264 618 3311 ctam
644 3259 1059 3328 explicabimus.
1112 3259 1178 3313 Et
1227 3261 1360 3314 mihi
1407 3260 1626 3330 quidem
1672 3269 1820 3315 recte
1849 3264 1912 3315 ad
1940 3261 2044 3314 tria

474 3362 674 3417 genera
723 3350 970 3404 revocari
1008 3349 1282 3405 videntur.
1339 3350 1582 3416 Quorum
1627 3349 1888 3421 dignitate
1932 3353 2046 3421 pri-

475 3453 624 3492 mum
656 3447 738 3495 est
765 3441 1033 3510 virginum
1062 3440 1390 3506 institutum,
1446 3457 1557 3497 non
1607 3441 1724 3496 heri
1758 3449 1852 3495 aut
1884 3441 2046 3498 hodie

474 3529 868 3595 introductum,
920 3541 981 3586 ut
1025 3533 1263 3588 haretici
1322 3534 1496 3588 nostri
1553 3535 1813 3605 temporis
1869 3535 2046 3604 impu-

473 3622 667 3677 denter
722 3624 883 3679 simul
932 3632 988 3680 et
1022 3625 1270 3694 imperite
1297 3626 1603 3680 allirmant:
1633 3627 1730 3683 sed
1778 3642 1886 3680 una
1920 3642 2045 3681 eum

477 3717 717 3772 Ecclesia
747 3727 956 3782 natum,
999 3719 1269 3773 autetiam
1300 3717 1541 3773 Ecclesia
1577 3718 1699 3789 ipsa
1728 3717 2042 3788 antiquius:

471 3809 674 3879 quippe
695 3809 853 3877 cujus
881 3811 1125 3879 exempla
1149 3815 1242 3863 aut
1265 3807 1524 3880 praludia
1557 3809 1612 3864 in
1638 3808 1805 3864 veteri
1831 3824 2048 3878 quoque

475 3900 682 3956 laedere
727 3900 1098 3971 agnoscimus.
1161 3899 1420 3966 Quamvis
1479 3899 1649 3954 multo
1711 3899 2047 3974 splendidior

474 3982 593 4063 ejus
625 3995 797 4065 gloria
828 3995 882 4048 in
911 4009 1054 4048 novo
1107 3992 1383 4049 refulserit
1409 4011 1423 4048 :
1457 3992 1550 4046 ubi
1585 3990 1825 4062 Virginis
1852 3990 2043 4056 Filius,

476 4085 732 4141 Ecclesia
783 4093 946 4140 casta
982 4083 1209 4156 virginis
1254 4099 1525 4155 sponsus,
1574 4084 1944 4155 virginitatem
1993 4093 2047 4141 et

474 4179 722 4234 doctrina
745 4187 798 4234 et
818 4179 1067 4248 exemplo
1114 4193 1216 4233 suo
1261 4178 1552 4249 gloriosius
1586 4179 1927 4233 consecravit
1954 4193 1967 4230 :
1992 4185 2046 4232 et

472 4269 766 4341 Apostolus
799 4269 924 4341 περὶ
961 4271 1247 4339 ῐσαγγέλου
1267 4270 1549 4334 ⁴’πολιτείας
1571 4285 1729 4326 suum
1754 4271 2044 4326 consilium

476 4363 685 4434 prolixe
710 4360 1009 4416 Corinthiis
1045 4361 1100 4414 in
1136 4358 1440 4430 lEpistola,
1471 4375 1595 4430 cap.
1639 4374 1740 4424 vn,
1771 4359 2041 4429 exposuit.

481 4452 863 4524 Virginitatem
893 4452 1090 4507 deinde
1131 4453 1380 4522 sequitur
1427 4452 1704 4515 viduatus,
1738 4458 1798 4505 ut
1831 4450 2046 4506 Tertul-

2146 593 2274 646 duin
2305 591 2537 645 videtur.
2563 589 2624 642 D.
2652 587 3018 657 Hieronymus
3055 580 3286 652 epistola
3327 577 3395 633 ad
3434 577 3711 632 Salvinam

2147 680 2224 736 De
2253 679 2503 735 viduitate
2523 678 2801 744 servanda,
2849 676 2997 730 hunc
3036 669 3284 740 Apostoli
3331 669 3513 724 locum
3542 667 3715 738 expli-

2147 786 2302 833 cans,
2333 770 2402 825 de
2429 769 2656 839 collegio
2680 769 2784 833 vel,
2824 776 2884 821 ut
2940 777 3088 818 nunc
3129 760 3426 829 loquimur,
3476 759 3715 828 hospitio

2145 861 2431 915 viduarum
2461 859 2681 928 accipit,
2715 873 2835 928 qua
2864 855 3094 927 publicis
3123 854 3379 910 Ecclesia
3408 851 3717 920 sumptibus

2147 954 2429 1008 alebantur
2465 950 2660 1017 :Illas,
2690 951 2886 1020 inquit,
2935 949 3046 1003 vult
3097 948 3349 1002 Ecclesia:
3388 944 3572 1014 opibus
3597 958 3719 996 sus-

2148 1044 2360 1108 tentari,
2406 1059 2522 1113 qua:
2555 1044 2779 1111 propriis
2809 1042 3051 1094 manibus
3083 1057 3188 1094 non
3215 1047 3405 1110 queunt
3426 1035 3668 1090 laborare
3696 1049 3717 1087 :

2145 1151 2260 1204 qua
2282 1152 2395 1189 vere
2441 1133 2616 1188 vidua:
2643 1145 2785 1196 sunt,
2817 1151 2946 1204 quas
2975 1145 3024 1187 et
3060 1143 3192 1188 tetas
3245 1131 3432 1200 probat
3478 1139 3528 1184 et
3584 1130 3711 1183 uita.

2149 1227 2256 1283 Sed
2287 1243 2476 1284 vereor
2499 1235 2558 1281 ut
2597 1227 2843 1296 Apostoli
2902 1241 3056 1282 mens
3107 1227 3172 1281 ad
3205 1226 3376 1280 solam
3410 1225 3552 1278 hanc
3580 1217 3716 1295 paué

2146 1336 2335 1391 perum
2392 1328 2446 1376 et
2474 1327 2633 1375 atate
2686 1319 3058 1376 confectarum
3109 1319 3396 1375 viduarum
3435 1326 3715 1374 sustenta-

2147 1415 2349 1470 tionem
2398 1415 2655 1485 restringi
2682 1416 2876 1486 possit.
2921 1414 3057 1469 Nam
3091 1415 3399 1470 ministerio
3456 1412 3718 1468 Ecclesia

2147 1509 2440 1565 virtutibus
2462 1517 2514 1563 et
2537 1517 2695 1564 atate
2726 1509 2980 1578 probatas
3028 1508 3152 1579 eligi
3188 1508 3499 1578 pralicique
3527 1508 3716 1562 solitas

2147 1600 2232 1655 vel
2253 1600 2385 1654 illud
2413 1607 2732 1672 argumento
2765 1608 2870 1664 est,
2897 1601 3040 1670 quod
3086 1587 3278 1655 viduas
3329 1600 3450 1654 illas
3481 1600 3714 1669 primum

2147 1693 2358 1748 discere
2382 1694 2535 1762 jubet
2566 1693 2878 1763 Apostolus,
2917 1692 3017 1762 qui
3034 1693 3307 1762 propriam
3337 1692 3558 1746 domum
3579 1691 3718 1744 bene

2147 1795 2337 1857 regant
2371 1806 2382 1840 :
2414 1786 2847 1841 Μανθανέτωσαν
2900 1786 3134 1858 πρῶτον,
3179 1786 3354 1856 inquit
3393 1826 3407 1848 ,
3448 1783 3538 1836 τόν
3589 1784 3719 1837 ἴδιον

2079 1865 2120 1919 Β
2150 1875 2296 1932 οἷκον
2329 1879 2589 1935 εὐσεϐεῖν.
2625 1879 2866 1935 Similem
2900 1880 3045 1934 enim
3083 1880 3280 1950 publici
3315 1880 3558 1934 muneris
3592 1876 3722 1948 πρό-

2153 1989 2346 2043 πειραν
2374 1971 2429 2026 in
2450 1972 2707 2042 episcopo
2740 1973 2899 2044 paulo
2927 1982 3053 2027 ante
3080 1971 3255 2026 eidem
3293 1969 3577 2025 Timotheo
3606 1976 3722 2022 tra-

2151 2065 2251 2127 dit,
2285 2070 2486 2118 rectam
2519 2064 2729 2118 scilicet
2757 2063 2979 2132 privatae
2999 2063 3216 2116 familia
3243 2062 3717 2133 gubernationem.

2153 2157 2257 2212 Sed
2281 2157 2412 2228 quid
2447 2156 2770 2212 circuitione
2795 2172 2933 2226 opus
2962 2165 3068 2221 est,
3103 2170 3230 2210 cum
3272 2165 3325 2210 et
3343 2155 3554 2225 privata
3587 2168 3720 2206 san-

2151 2260 2361 2307 ctorum
2390 2251 2633 2315 Patrum,
2668 2259 2721 2306 et
2749 2251 2964 2320 publica
2994 2249 3354 2306 conciliorum
3395 2249 3721 2303 auctoritate

2150 2341 2555 2413 ἀναντιρρήτως
2579 2342 2862 2396 evincatur
2909 2341 3100 2396 viduas
3126 2341 3215 2395 hic
3238 2341 3305 2393 ah
3351 2340 3612 2409 Apostolo
3636 2338 3720 2392 in-

2148 2434 2319 2505 telligi
2379 2435 2634 2489 mulieres
2688 2434 2811 2489 illas
2873 2447 3012 2502 quas
3066 2447 3098 2486 a
3144 2431 3492 2486 ministrandi
3546 2430 3722 2486 oliicio

2148 2527 2323 2581 Graci
2363 2527 2661 2592 διακόνους,
2722 2524 2902 2579 Latini
2963 2523 3126 2578 etiam
3183 2524 3496 2590 ministras,
3561 2530 3619 2575 ut
3653 2537 3722 2578 ex

2149 2617 2309 2672 Plinii
2332 2616 2576 2674 Junioris
2614 2617 2818 2672 celebri
2863 2617 2954 2670 illa
2989 2616 3056 2672 de
3107 2614 3433 2670 Christianis
3488 2613 3720 2684 epistola

2147 2717 2381 2772 constat,
2413 2717 2468 2764 et
2488 2709 2827 2764 diaconissas
2854 2709 3231 2778 appellarunt?
3260 2707 3334 2761 De
3363 2707 3562 2777 quibus
3585 2706 3724 2777 Apo-

2147 2804 2321 2859 stolus
2343 2803 2585 2858 disertim
2616 2809 2760 2868 ante,
2800 2802 2895 2857 sed
2924 2801 3113 2871 paucis
3161 2800 3481 2856 meminerat
3509 2815 3629 2868 cap.
3661 2815 3720 2852 ιιι

2147 2894 2390 2964 ejusdem
2417 2893 2690 2964 Epistola.
2724 2892 2858 2947 Nam
2906 2893 2998 2948 ubi
3032 2893 3097 2947 de
3149 2891 3395 2946 diaconis
3425 2891 3724 2962 probandis

2148 2987 2620 3057 suscipiendisque
2641 2987 2772 3055 agit,
2824 2984 3103 3055 subjuugit
3142 2992 3235 3037 aut
3266 2983 3584 3053 interjungit
3632 2997 3724 3051 po.

2112 3101 2120 3105 ·
2145 3080 2275 3144 tius,
2299 3081 2570 3143 Γυναῖκας
2586 3078 2846 3141 ὡσαύτως
2869 3076 3092 3148 σεμνάς,
3125 3084 3255 3138 etc.,
3276 3076 3516 3128 mulieres
3539 3074 3726 3127 simili-

477 3180 599 3219 nem
627 3182 694 3222 ex
724 3168 899 3224 sacris
954 3169 1151 3225 litteris
1180 3187 1287 3224 una
1329 3169 1628 3240 eademque
1647 3185 1811 3240 Opera
1872 3169 2044 3224 dedu-
2071 3209 2113 3265 Ο

2149 3185 2227 3229 ter
2250 3173 2614 3242 pudieas,etc.;
2634 3173 2920 3234 Γυναῖκας,
2941 3170 3117 3239 inquit
3134 3169 3357 3224 Gracus
3372 3167 3718 3230 scholiastes,

2147 3267 2206 3320 ού
2236 3269 2333 3330 τὰς
2353 3267 2690 3338 οἱασδήποτε,
2719 3265 2853 3318 ἀλλὰ
2869 3265 2966 3328 τὰς
2998 3265 3296 3326 διακόνους·
3317 3261 3373 3315 Ν
3376 3279 3441 3316 οη
3467 3279 3725 3333 quascun-

2147 3369 2264 3423 que,
2297 3354 2495 3422 inquit,
2524 3353 2766 3406 mulieres
2797 3352 3066 3421 intelligit,
3109 3351 3199 3406 sed
3229 3352 3580 3405 diaconissas.
3612 3350 3724 3405 Cur

2149 3442 2294 3496 enim
2315 3442 2457 3496 inter
2480 3443 2710 3497 clericos
2742 3442 3059 3509 quarumvis
3115 3441 3182 3496 de
3223 3441 3382 3512 vulgo
3429 3441 3720 3494 mulierum

2148 3533 2475 3589 mentionem
2506 3535 2793 3605 injiceret?
2818 3516 3012 3602 'Neque
3059 3535 3218 3588 aliter
3250 3531 3314 3587 D.
3359 3531 3722 3603 Hieronymus

2150 3628 2206 3681 in
2233 3627 2559 3682 Comment;
2595 3628 2661 3682 ad
2693 3627 2848 3681 hunc.
2867 3627 3068 3680 locum.
3113 3626 3384 3690 Mulieres,
3423 3625 3620 3696 inquit,
3649 3627 3724 3679 si-

2150 3720 2346 3773 militer
2363 3728 2421 3773 ut
2444 3719 2691 3773 diacones
2715 3718 2838 3789 eligi
2870 3719 3040 3787 jubet.
3071 3717 3217 3772 Unde
3248 3717 3558 3787 intelligitur
3583 3718 3722 3788 quod

2149 3809 2212 3864 de
2237 3808 2318 3863 his
2351 3809 2495 3864 dicat
2527 3827 2658 3880 quas
2683 3809 2854 3864 adhuc
2882 3809 3035 3864 hodie
3053 3810 3108 3863 in
3146 3809 3356 3864 Oriente
3388 3808 3722 3864 diaconissas

2151 3902 2438 3972 appellant.
2470 3902 2704 3972 Apparet
2727 3918 2856 3974 ergo
2877 3900 3138 3956 διακόνων
3167 3916 3364 3956 nomen
3385 3941 3399 3966 ,
3436 3901 3724 3970 utriusque

2150 4009 2314 4048 sexus
2337 3995 2592 4064 personis
2611 3993 2867 4050 Ecclesia
2895 3993 3335 4050 ministrantibus
3367 3993 3423 4048 in
3447 3993 3549 4050 hoc
3576 3992 3723 4063 Apo-

2149 4087 2277 4141 stoli
2311 4087 2429 4142 loco
2452 4103 2574 4142 esse
2602 4089 2890 4150 commune
2923 4101 2936 4137 :
2971 4086 3116 4156 quod
3145 4086 3200 4140 in
3227 4086 3504 4150 διακόνους
3535 4094 3588 4141 et
3610 4085 3726 4139 δια-

2149 4179 2402 4242 κονίσσας
2423 4189 2608 4248 postea
2653 4178 2972 4233 distinctum
3023 4179 3139 4232 luit.
3192 4177 3363 4234 Hasce
3395 4187 3575 4233 autem
3606 4179 3724 4233 dia-

2148 4273 2418 4337 conissas,
2449 4272 2737 4325 viduarum
2790 4287 3007 4342 quoque
3049 4269 3269 4326 nomine
3293 4287 3323 4324 a
3355 4270 3416 4323 D.
3443 4269 3612 4325 Paulo
3639 4272 3724 4326 in-

2149 4365 2316 4434 telligi
2370 4370 2602 4418 testatur
2658 4363 2801 4418 idem
2860 4364 3242 4434 Hieronymus,
3295 4362 3388 4432 qui
3443 4362 3509 4416 ad
3557 4363 3721 4416 verba

2148 4454 2395 4524 Apostoli
2429 4454 2495 4509 de
2514 4454 2689 4509 vidua
2713 4455 2996 4518 electione,
3028 4453 3108 4508 sic
3141 4459 3327 4507 notat:
3359 4451 3511 4506 Tales
3559 4454 3722 4506 voluit

476 4547 602 4601 liani
633 4560 767 4600 voce
799 4552 942 4609 utar,
968 4545 1082 4599 sive
1101 4545 1236 4600 ordo
1267 4544 1575 4609 viduarum,
1611 4560 1731 4614 qua
1784 4551 1904 4614 post
1938 4544 2051 4614 pri-
2080 4561 2124 4614 ι)
2151 4549 2274 4618 eligi
2310 4546 2639 4602 diaconissas
2701 4565 2817 4616 qua
2879 4545 3120 4602 omnibus
3174 4555 3344 4600 essent
3402 4545 3717 4614 exemplum.

475 4652 593 4691 mas
628 4635 864 4705 nuptias,
907 4635 1041 4698 sive,
1073 4641 1132 4689 ut
1176 4635 1316 4691 idem
1368 4634 1738 4691 Tertullianus
1786 4637 2041 4705 loquitur,

475 4735 598 4800 post
626 4741 792 4782 unum
829 4725 1237 4780 matrimonium
1267 4727 1647 4797 interceptum,
1673 4727 1869 4781 exinde
1891 4727 2045 4781 sexui

475 4829 527 4872 et
550 4818 754 4874 saculo
812 4819 1221 4874 renuntiabant.
1279 4817 1356 4873 De
1414 4819 1497 4874 his
1525 4834 1743 4889 quoque
1799 4819 2047 4888 Apostoli

476 4919 802 4983 praceptum
828 4917 1006 4964 exstat
1034 4909 1101 4963 ad
1134 4909 1476 4964 Timotheum
1511 4910 1678 4979 priori
1702 4911 1872 4980 Epist.
1918 4926 2039 4980 cap.

473 5020 528 5070 v,
555 5021 608 5058 v.
641 5003 713 5058 9:
761 5002 932 5055 Vidua
981 5001 1210 5071 eligatur
1241 5018 1344 5055 non
1379 5003 1554 5056 minus
1582 5019 1841 5056 annorum
1889 5017 2046 5056 sexa-

473 5097 639 5166 ginta.
673 5095 792 5161 Quo
823 5095 941 5148 loco
989 5093 1282 5162 Apostolus
1306 5101 1360 5148 et
1402 5093 1633 5148 virtutes
1664 5093 1716 5147 in
1761 5093 1924 5148 vidua
1956 5109 2045 5147 re-

474 5188 707 5258 quisitas
745 5194 1013 5252 recenset,
1041 5193 1095 5241 et
1124 5193 1339 5240 atatem
1373 5197 1631 5257 praterea
1661 5187 1927 5257 eligenda
1955 5187 2046 5241 de-

425 5295 428 5298 '
477 5280 614 5335 linit.
656 5280 762 5336 Sed
794 5282 883 5336 cui
910 5279 1026 5344 ﬁni,
1057 5279 1144 5334 cui
1176 5279 1347 5349 operi,
1399 5279 1488 5335 cui
1534 5280 1839 5335 ministerio
1873 5280 2042 5351 elige-

476 5372 668 5426 batur?
696 5370 1028 5428 Scholiast-es
1051 5371 1295 5435 Gracus,
1332 5373 1424 5442 qui
1455 5373 1515 5426 in
1554 5371 1674 5426 aliis
1723 5386 1947 5426 succum
1989 5379 2044 5426 et

477 5463 743 5517 medullas
795 5462 895 5519 SS.
951 5463 1174 5518 Patrum
1210 5464 1466 5518 exhibere
1499 5465 1658 5527 solet,
1705 5463 1904 5519 dubius
1942 5464 2044 5518 ba—
2094 5507 2096 5510 μ

478 5573 598 5612 rere
624 5554 838 5610 videtur
864 5573 876 5610 :
907 5557 1041 5610 Φασὶ
1059 5556 1230 5620 δὲτὰς
1255 5559 1334 5619 εἰς
1365 5555 1426 5608 τὸ
1450 5555 1676 5626 χηρικόν
1704 5557 2043 5627 τεταγμένας

478 5647 674 5712 λέγειν·
701 5646 882 5712 Aiunt,
918 5649 1114 5719 inquit,
1150 5648 1460 5718 Apostolnm
1509 5649 1648 5716 loqui
1700 5648 1762 5702 de
1797 5649 1902 5702 illis
1926 5665 2043 5718 qua

477 5743 544 5792 ad
574 5739 877 5793 viduitatem
909 5739 1166 5794 ordinata:
1187 5750 1358 5794 erant.

547 5829 653 5890 Sed
678 5831 805 5902 quid
836 5831 948 5902 ipse
972 5832 1290 5889 scholiaslcs
1319 5848 1413 5904 per
1439 5835 1500 5889 τὸ
1527 5831 1748 5903 χηρικόν
1779 5831 2043 5904 intelligat

2151 4638 2407 4695 Testatur
2430 4650 2484 4695 et
2510 4639 2846 4710 Epiphanius
2870 4641 2925 4694 in
2959 4639 3455 4711 Collyridianorum
3488 4637 3676 4694 haresi
3700 4679 3713 4702 ,

2148 4745 2267 4800 cap.
2309 4731 2362 4796 4,
2391 4732 2480 4786 ubi
2513 4732 2912 4788 observandum
2945 4739 3149 4796 monet,
3179 4732 3240 4785 τὸ
3271 4731 3716 4803 ἐκκλησιαστικὸν

2148 4823 2358 4894 τάγμα,
2412 4821 2647 4876 ordinem
2689 4823 3139 4889 ecclesiasticum,
3186 4837 3295 4876 non
3353 4823 3493 4876 ultra
3545 4820 3722 4876 diaco-

2148 4917 2331 4971 nissas
2361 4915 2609 4980 extendi;
2637 4914 2876 4968 addens:
2896 4915 3084 4985 Χήρας
3105 4931 3164 4966 τε
3185 4913 3455 4984 ὠνόμασε,
3481 4913 3573 4966 καὶ
3600 4913 3691 4966 τού
3708 4944 3724 4954 -

2148 5021 2254 5058 των
2303 5005 2403 5068 τὰς
2455 5004 2533 5057 ἔτι
2579 5005 2883 5076 γραοτέρας
2926 5001 3288 5076 πρεσϐύτιδας
3314 5043 3329 5068 ,
3393 5003 3627 5074 οὐδαμοῦ
3666 5005 3722 5057 δὲ

2151 5094 2575 5166 πρεσϐυτερίδας
2611 5096 2642 5166 ἢ
2684 5095 2946 5166 ἱερίσσας.
3006 5094 3176 5160 Quas,
3211 5094 3409 5165 inquit,
3434 5091 3718 5160 Apostolus

2147 5187 2308 5240 etiam
2339 5187 2524 5241 viduas
2554 5187 2855 5257 appellavit,
2885 5203 3166 5258 earumque
3192 5195 3347 5242 letale
3372 5187 3720 5257 prouectiores

2150 5276 2512 5350 πρεσϐύτιδας
2542 5275 2682 5350 [sive
2716 5276 2993 5349 seniores],
3021 5294 3280 5348 nusquam
3302 5287 3478 5332 autem
3501 5276 3720 5347 presby—
3781 5313 3794 5347 ι

2151 5370 2347 5424 teridas
2371 5371 2450 5425 vel
2476 5369 2879 5426 sacerdotissas.
2905 5369 3025 5436 Quo
3048 5370 3156 5426 telo
3173 5370 3574 5441 Collyridianas
3597 5368 3726 5440 Epi-
3770 5354 3786 5386 ⁷

2149 5461 2383 5534 phanius
2432 5461 2665 5532 jugulat,
2708 5477 2829 5532 qua
2871 5463 2989 5517 suis
3021 5463 3126 5519 sibi
3154 5462 3364 5517 maritis
3394 5463 3720 5532 conjuncta,

2149 5556 2252 5610 hoc
2301 5563 2404 5621 est,
2439 5554 2663 5625 ἕνγαμοι
2693 5555 2788 5608 καὶ
2813 5554 3094 5626 ὕπανδροι,
3128 5553 3390 5610 oll'erendi
3431 5570 3632 5611 munus
3667 5556 3723 5610 in

2150 5649 2396 5704 Ecclesia
2426 5648 2590 5718 impie
2619 5647 2723 5704 sibi
2759 5647 3107 5719 arrogabant.
3135 5647 3271 5702 Cum
3302 5646 3596 5718 Apostolus
3642 5650 3724 5701 ul-

2150 5749 2234 5793 tra
2271 5741 2638 5806 diaconatum,
2683 5738 2929 5794 altiorem
2957 5737 3184 5809 gradum
3211 5737 3428 5794 feminis
3460 5738 3515 5792 in
3547 5737 3725 5793 Eccle-

2151 5830 2229 5887 sia
2253 5846 2360 5886 nou
2399 5815 2752 5895 concesserit,
2811 5846 3046 5901 eumque
3102 5846 3210 5887 non
3270 5827 3594 5901 conjugatis,
3627 5827 3720 5883 sed
