4132 6408
481 333 589 388 555

1535 333 1593 387 S.
1634 331 2052 386 ALEXANDER
2091 329 2650 388 ALEXANDRINUS.

3603 338 3708 393 538

480 449 664 505 viduis
688 448 913 504 voluerit
943 446 1200 501 conferri.
1232 446 1349 512 Quo
1396 447 1512 502 loco
1551 445 1883 516 Epiphanius
1929 445 2037 500 olli-
2064 449 2107 505 Α
2139 445 2471 514 virginitatis.
2533 443 2701 498 Pudet
2732 445 2922 508 dicere,
2956 446 3151 514 inquit,
3173 447 3303 514 proh
3325 449 3508 518 nefas!
3535 455 3704 521 triste,

485 544 633 597 cium
657 539 1088 593 diaconissarum
1141 537 1441 591 luculenter
1459 536 1739 599 describit,
1776 537 1853 589 uti
1885 538 2046 592 etiam

484 635 538 687 in
575 631 914 700 Expositione
935 629 1056 698 ﬁdei
1078 629 1374 689 catholica,
1408 643 1568 697 quam
1604 629 1754 697 operi
1786 628 2048 684 adversus

483 725 719 779 haereses
751 721 1049 791 subiunxit.
1087 720 1188 775 Ubi
1242 729 1296 775 et
1326 720 1429 774 hoc
1471 720 1707 782 additur,
1742 735 1806 774 ex
1832 736 1940 789 quo
1966 737 2050 790 ge-

481 831 612 870 nere
646 814 751 884 legi
780 821 835 869 et
867 815 922 868 in
952 813 1206 867 Ecclesia:
1247 812 1605 865 ministerium
1641 810 1884 880 adoptari
1915 826 2049 864 con-

481 907 803 965 sueverint:
861 906 1214 967 Diaconisste,
1280 903 1476 972 inquit,
1541 901 1675 954 hunc
1731 912 1935 954 tantum
1993 903 2048 954 in

481 1019 637 1057 usum
663 1001 1077 1063 constituuntur,
1103 1008 1158 1051 ut
1190 997 1493 1050 mulieribus
1516 996 1719 1050 decoris
1735 1006 1784 1050 et
1802 998 2050 1050 honesta-

482 1097 548 1148 tis
565 1104 741 1148 ‘causa
772 1094 1096 1153 inserviant,
1140 1088 1228 1142 ubi
1257 1089 1311 1141 id
1344 1089 1627 1141 necessitas
1663 1090 1899 1158 requirit.
1933 1088 2050 1144 Sive

481 1205 599 1240 cum
638 1186 885 1255 baptismi
928 1185 1137 1236 lavacro
1174 1180 1471 1244 initiandte,
1507 1180 1613 1233 sive
1649 1195 1834 1248 corpus
1867 1197 2048 1234 earum

479 1278 856 1346 inspiciendum
889 1279 998 1329 sit:
1021 1276 1114 1328 καὶ
1147 1269 1303 1328 αὗται
1341 1274 1397 1326 δὲ
1435 1274 1730 1344 μονόγαμοι
1751 1275 2049 1343 ἐγκρατευ-

482 1369 736 1438 σάμεναιο
766 1377 985 1434 suntque
1016 1367 1144 1426 illm,
1184 1365 1379 1433 inquit,
1410 1365 1630 1418 univira:
1677 1365 2046 1418 continentiam

478 1460 763 1527 professor;
780 1460 812 1528 ἢ
830 1459 1164 1530 χηρεύσασαι
1183 1457 1290 1510 ἀπὸ
1311 1457 1668 1526 μονογαμίας,
1691 1457 1768 1510 vel
1786 1467 1900 1522 post
1916 1474 2048 1510 unas

484 1552 694 1615 nuptias
725 1551 926 1612 vidule;
951 1550 984 1619 ἦ
1027 1548 1393 1620 ἀειπάρθενοι,
1422 1549 1499 1601 vel
1526 1559 1783 1617 perpetua:
1805 1550 2045 1618 virgines.

485 1641 590 1696 Ubi
613 1643 716 1695 tria
737 1649 1089 1696 recensentur
1106 1639 1601 1694 sanctimonialium
1625 1655 1840 1708 genera,
1855 1656 1918 1694 ex
1937 1640 2051 1709 qui-

483 1734 586 1788 bus
606 1731 1036 1787 diaconissarum
1061 1729 1196 1784 ordo
1223 1729 1509 1783 constabat
1535 1747 1546 1780 :
1579 1729 1782 1798 primae,
1815 1730 2050 1798 virgines

485 1828 604 1882 sine
634 1823 980 1878 matrimonio
1019 1837 1049 1874 a
1093 1822 1391 1884 nativitate;
1426 1823 1697 1880 secundae,
1733 1822 1969 1891 virgines
1993 1825 2049 1876 in

482 1916 831 1970 matrimonio
850 1931 917 1970 ex
934 1929 1202 1969 consensu
1222 1913 1300 1967 vel
1316 1913 1596 1977 condicto;
1621 1914 1836 1967 tertium
1857 1930 2050 1984 genus,

479 2009 657 2063 viduae
689 2008 1027 2062 continentes
1051 2013 1174 2076 post
1202 2006 1434 2075 primum
1454 2004 1859 2058 matrimonium
1881 2021 1943 2058 ex
1964 2019 2054 2058 ar-

482 2102 676 2156 bitrio:
701 2107 759 2153 ut
793 2099 1159 2154 Tertullianus
1183 2100 1237 2153 in
1254 2097 1632 2152 Exhortatione
1664 2099 1924 2152 castitatis
1945 2098 2054 2152 ele-

478 2204 670 2266 ganter
689 2195 994 2263 distinguit,
1010 2203 1063 2247 et
1077 2192 1468 2246 Tertullianum
1487 2201 1703 2246 secutus
1718 2189 1776 2244 ι).
1795 2189 2054 2260 Hierony-

481 2302 605 2339 mus
639 2287 693 2338 in
723 2287 948 2354 epistola
975 2289 1039 2340 ad
1063 2287 1422 2357 Agerucliiam
1455 2285 1529 2337 De
1563 2283 1912 2352 monogamia.
1943 2280 2052 2337 Ve-

483 2393 628 2442 rum,
647 2385 705 2430 ut
717 2379 984 2446 principio
1001 2379 1132 2443 dixi,
1148 2394 1269 2431 cum
1287 2378 1519 2430 maxima
1535 2375 1696 2444 hujus
1707 2374 1916 2430 ordinis
1929 2388 2052 2443 pars

483 2484 546 2522 ex
577 2469 756 2522 viduis
789 2478 1082 2532 constaret,
1117 2470 1293 2523 vidum
1311 2478 1363 2523 ct
1384 2468 1706 2522 diaconissze
1741 2469 2052 2536 promiscuo

485 2562 658 2617 ferme
689 2563 909 2617 nomine
950 2563 1169 2616 luerunt
1204 2563 1502 2631 appellatae.
1556 2560 1632 2614 lta
1670 2559 1903 2614 Basilius
1935 2558 2049 2612 Ma-

481 2667 626 2722 gnus
657 2653 711 2706 in
741 2653 973 2721 epistola
1003 2652 1268 2707 canonica
1324 2652 1390 2705 ad
1437 2651 1895 2720 Amphilochium,
1928 2665 2048 2718 cap.

481 2742 554 2796 24
589 2763 600 2796 :
644 2742 866 2796 Viduam
889 2760 1005 2813 quia
1035 2746 1088 2796 in
1110 2742 1388 2796 viduarum
1426 2758 1698 2794 numerum
1753 2743 1924 2793 relata
1950 2749 2048 2804 est,

484 2835 587 2888 hoc
605 2847 706 2898 est,
732 2853 847 2905 qua:
875 2836 939 2889 ab
966 2836 1204 2889 Ecclesia
1231 2838 1282 2888 in
1316 2835 1653 2888 diaconatum
1687 2842 1926 2900 suscepta
1952 2843 2049 2896 est,

485 2929 682 2980 censuit
729 2927 1009 2995 Apostolus
1059 2927 1331 2980 nubentem
1388 2927 1602 2992 despici.
1645 2924 1748 2978 Sed
1807 2924 2049 2977 omnium

486 3016 790 3070 clarissime
814 3017 1032 3069 concilii
1064 3016 1400 3086 Epaonensis
1429 3032 1604 3069 canon
1636 3015 1928 3068 vicesimus
1949 3014 2054 3082 pri-

486 3123 608 3160 mus
629 3107 875 3162 ordinem
907 3109 1048 3163 hunc
1069 3111 1123 3164 in
1149 3109 1390 3164 Ecclesia
1409 3109 1676 3177 abrogans
1706 3126 1717 3162 :
1763 3105 2051 3159 Viduarum

485 3202 680 3269 inquit,
747 3202 1211 3263 consecrationem,
1252 3217 1382 3270 quas
1437 3201 1686 3252 diaconus
1734 3209 1942 3260 vocant,
1987 3195 2050 3248 ab

483 3293 626 3345 omni
676 3293 881 3361 regione
931 3305 1112 3346 nostra
1149 3292 1352 3359 penitus
1399 3290 1736 3359 abrogamus.
1794 3287 2053 3352 Quamvis

478 3384 591 3451 jam
623 3393 750 3438 ante
776 3384 1180 3438 Arausionense
1237 3383 1472 3453 primum
1525 3381 1841 3441 sustulerat,
1893 3379 2052 3447 cujus

483 3476 808 3529 sententiam
843 3485 1036 3544 praeter
1065 3457 1401 3544 Epaonense,
1459 3473 1622 3525 etiam
1662 3471 2052 3524 Aurelianense

484 3568 782 3623 secundum
816 3566 1178 3621 conﬁrmavit.
1205 3565 1463 3632 Quamvis
1496 3581 1562 3619 ex
1593 3564 1772 3618 verbis
1825 3562 1885 3614 D.
1936 3561 2056 3615 llie-

482 3660 696 3730 ronymi
734 3660 896 3728 paulo
939 3668 1064 3713 ante
1111 3659 1312 3722 allatis,
1376 3659 1431 3712 in
1457 3656 1649 3710 Latina
1691 3654 1930 3709 Ecclesia
1968 3654 2052 3706 vel

486 3766 764 3818 nunquam
789 3759 1086 3818 receptum,
1118 3750 1202 3805 vel
1225 3751 1338 3821 jam
1386 3749 1687 3803 exolevisse
1715 3747 1862 3800 hunc
1911 3744 2054 3799 ordi-

485 3856 608 3895 nem
635 3850 912 3912 appareat.

560 3931 822 4002 Superest
850 3933 1068 3987 tertium
1122 3933 1410 3988 mulierum
1444 3930 1936 3985 ecclesiasticarum
1961 3944 2056 3998 ge.

485 4039 613 4087 nus,
651 4040 763 4078 non
795 4025 1072 4094 publicum
1121 4024 1273 4088 illud,
1305 4023 1400 4078 sed
1449 4023 1741 4091 privatum,
1793 4023 1839 4076 si
1873 4029 2054 4074 tamen

486 4117 920 4172 ecclesiasticum
949 4117 1057 4172 dici
1108 4116 1191 4172 fas
1241 4118 1312 4172 sit
1351 4131 1524 4186 genus
1565 4115 1876 4177 mulierum,
1907 4115 2052 4184 quod

486 4207 577 4262 ille
605 4209 670 4264 de
692 4211 1091 4265 mathematicis
1119 4210 1215 4273 ait,
1235 4209 1460 4265 vetitum
1488 4223 1701 4278 semper
1733 4209 1784 4260 in
1812 4206 2054 4260 Ecclesia

486 4315 804 4372 semperque
829 4311 1116 4358 retentum.
1150 4301 1352 4368 Genus,
1378 4305 1620 4372 inquam,
1655 4301 1961 4361 mulierum,
1997 4307 2056 4352 ut

487 4385 686 4454 reipsa,
728 4389 800 4442 ita
841 4399 896 4443 et
930 4391 1148 4444 nomine
1207 4391 1496 4455 incertum,
1530 4390 1738 4444 varium
1772 4405 1835 4442 ac
1865 4389 2052 4443 multi-

2147 511 2236 589 sed
2264 552 2437 589 verum
2467 545 2562 588 est.
2601 533 2746 589 Unde
2790 538 2840 588 in
2884 511 3149 590 Ecclesias
3173 511 3528 608 agapetarum
3547 511 3710 611 pestis
3743 511 3754 618 ξ

2147 630 2396 683 introiit?
2431 628 2576 682 Unde
2620 630 2730 682 sine
2779 632 2972 693 nuptiis
3022 630 3169 682 aliud
3217 650 3402 688 nomen
3441 639 3710 696 uxorum!

2148 725 2252 776 imo
2279 725 2416 774 unde
2458 738 2640 774 novum
2671 721 3082 777 concubinarum
3124 728 3330 794 genus?
3368 725 3513 781 Unde
3546 745 3709 783 mere-

2149 815 2302 868 trices
2336 813 2600 868 univirae?
2651 811 2845 866 Eadem
2878 813 3054 878 domo,
3115 832 3219 868 uno
3282 817 3542 882 cubiculo,
3572 835 3710 890 sirpe

2147 922 2250 958 uno
2291 914 2528 958 tenentur
2555 911 2603 956 et
2621 903 2833 968 lectulo,
2862 914 2911 959 et
2951 907 3271 973 suspiciosos
3303 925 3396 961 nos
3426 919 3632 975 vocant,
3662 912 3709 964 si

2147 996 2346 1066 aliquid
2382 996 2708 1050 extimemus.

2217 1087 2375 1142 Ridet
2423 1096 2477 1142 et
2523 1088 2864 1158 Cyprianus,
2905 1090 2992 1144 vel
3040 1091 3289 1159 quisquis
3336 1106 3538 1160 suppar
3577 1108 3712 1148 sane

2146 1178 2414 1249 Cypriano
2429 1189 2617 1234 auctor
2631 1189 2710 1236 est
2743 1182 2864 1235 libri
2887 1180 2958 1234 De
2988 1182 3355 1250 singularitate
3375 1185 3706 1238 clericorum.

2150 1268 2217 1322 Et
2248 1268 2436 1333 adhuc,
2469 1271 2661 1339 inquit,
2692 1270 2757 1324 de
2783 1269 3041 1322 cltaritate
3067 1281 3376 1334 causantur,
3403 1273 3490 1340 qui
3524 1290 3708 1326 secun-

2152 1362 2276 1415 dum
2304 1364 2512 1417 verbum
2544 1364 2724 1427 Isaiae,
2757 1365 3163 1417 amaritudinem
3194 1381 3288 1432 pro
3317 1364 3588 1420 dulcedine
3613 1366 3708 1420 de-

2149 1465 2409 1521 corantes,
2460 1456 2655 1509 nudam
2695 1455 2981 1524 foeditatem
3010 1458 3296 1509 velamento
3335 1456 3455 1510 boni
3483 1459 3712 1512 nominis

2151 1553 2326 1614 tegunt
2357 1563 2374 1599 :
2403 1547 2527 1601 dum
2555 1547 2694 1615 apud
2715 1564 2801 1600 eos
2829 1545 2921 1600 sub
2954 1546 3097 1615 falsa
3144 1545 3421 1600 dilectione
3467 1563 3587 1601 vera
3625 1548 3710 1599 di-

2153 1644 2302 1696 lectio
2331 1645 2578 1699 violatur.
2616 1643 2799 1712 Neque
2825 1642 3051 1697 dilectas
3084 1649 3315 1703 tantum,
3354 1641 3448 1696 sed
3468 1648 3522 1696 et
3556 1657 3712 1695 soro-

2153 1749 2240 1789 res
2269 1737 2564 1805 appellatas
2599 1744 2813 1788 constat
2843 1751 2906 1789 ex
2955 1735 3224 1804 Ancyrani
3255 1733 3473 1786 concilii
3503 1747 3714 1787 canone

2157 1825 2243 1886 18,
2272 1826 2430 1888 cujus
2454 1827 2564 1880 lucc
2600 1834 2727 1880 sunt
2767 1826 2926 1880 verba
2955 1846 2966 1880 :
2997 1824 3107 1887 Τὰς
3129 1824 3524 1894 συνερχομένας
3567 1840 3715 1893 παρ-

2155 1916 2338 1981 Θένους
2368 1918 2526 1983 τισὶν,
2561 1919 2634 1980 ὡς
2668 1918 2899 1984 ἀδελφὰς
2929 1917 3303 1986 ἐκωλύσαμεν·
3364 1915 3596 1986 Virgines
3634 1933 3717 1971 so-

2156 2025 2334 2062 rorum
2389 2010 2558 2062 instar
2586 2009 2897 2078 quibusdam
2945 2006 3300 2061 cohabitantes
3358 2007 3710 2074 prohibemus.

2155 2099 2446 2154 Testautur
2495 2101 2658 2154 etiam
2717 2102 3069 2168 imperatores
3125 2099 3393 2154 Arcadius
3435 2108 3488 2154 et
3527 2098 3713 2155 Hono-

2155 2199 2270 2252 rius
2294 2199 2394 2268 lcg.
2433 2200 2517 2262 l9,
2550 2199 2670 2252 cod.
2697 2197 2768 2251 De
2795 2199 3046 2266 episcopis
3074 2206 3122 2251 et
3153 2197 3379 2252 clericis.
3439 2200 3597 2260 Eum,
3631 2201 3714 2253 in-

2154 2290 2291 2359 quit.
2319 2290 2408 2358 qui
2435 2289 2753 2357 probabilem
2791 2288 2985 2342 saeculo
3035 2288 3367 2356 disciplinam
3395 2292 3526 2359 agit,
3561 2291 3714 2344 deco-

2156 2382 2320 2433 lorari
2343 2382 2607 2434 consortio
2657 2381 2876 2434 sororia:
2903 2381 3270 2449 appellationis
3294 2398 3395 2434 non
3422 2381 3583 2436 decet.
3607 2382 3714 2436 Sed

2154 2469 2492 2540 frequentius
2547 2480 2630 2525 est
2677 2470 3063 2532 συνεισάκτων,
3121 2470 3232 2524 sive
3283 2470 3718 2526 subintroducta-

2153 2579 2275 2616 rum
2304 2577 2522 2624 nomen,
2554 2576 2662 2630 quo
2719 2561 3088 2616 Antioclienos
3120 2560 3270 2615 Pauli
3318 2559 3716 2619 Samosatensis

2155 2663 2208 2710 et
2224 2655 2355 2709 cleri
2389 2655 2535 2708 illius
2584 2664 2838 2723 agapetas
2869 2656 2983 2713 sive
3027 2653 3254 2708 dilectas
3297 2655 3716 2711 contubernales

2153 2761 2379 2802 vocasse
2410 2785 2424 2809 ,
2488 2754 2652 2800 testes
2707 2753 2836 2800 sunt
2886 2746 3209 2800 Antiocheni
3259 2748 3477 2800 concilii
3528 2745 3718 2802 Patres

2155 2840 2295 2909 apud
2318 2838 2539 2898 Euseb"
2573 2839 2666 2892 lib.
2705 2854 2800 2901 vu,
2855 2853 2974 2907 cap.
3006 2837 3109 2892 24:
3146 2840 3286 2893 unde
3327 2840 3562 2908 porroiu
3596 2839 3716 2892 uni-

2155 2949 2312 2986 versa
2343 2931 2587 2984 Ecclesia
2606 2939 2882 3000 receptum
2911 2931 3145 2985 videtur.
3189 2930 3292 2984 Sed
3337 2940 3622 3000 antequam
3653 2947 3718 2986 ex

2156 3026 2258 3078 hoc
2286 3024 2607 3078 diverticulo
2632 3023 2684 3076 in
2714 3023 2857 3076 viam
2893 3023 3131 3087 redeam,
3170 3025 3406 3078 nominis
3438 3025 3640 3094 pariter
3657 3039 3719 3078 ac

2155 3114 2232 3168 rei
2259 3115 2520 3181 originem
2555 3114 2799 3182 pressius
2818 3114 3147 3183 investigare
3173 3115 3322 3176 libet,
3353 3129 3476 3168 cum
3494 3123 3720 3184 utraque

2153 3207 2309 3275 juxta
2340 3207 2392 3259 in
2431 3208 2665 3262 obscuro
2721 3210 2824 3263 sita
2873 3210 2963 3264 sit.
3036 3209 3102 3262 Et
3154 3209 3442 3264 Balsamon
3503 3211 3718 3280 quidem

2155 3299 2544 3352 commentario
2585 3300 2649 3353 ad
2694 3300 2729 3353 5
2760 3301 2978 3354 concilii
3032 3299 3234 3354 Nicazni
3273 3316 3558 3364 canonem,
3588 3301 3721 3373 Περὶ⁸

2159 3389 2338 3459 μέντοι
2358 3391 2464 3442 τῶν
2489 3392 2872 3458 συνεισάκτων,
2905 3393 3102 3462 inquit,
3137 3392 3291 3461 λόγος
3320 3392 3485 3454 πολὺς
3508 3392 3723 3460 ἐγένετο

2155 3481 2296 3533 κατὰ
2317 3481 2601 3554 διαφόρους
2630 3482 2868 3553 καιρούςο
2908 3483 2985 3535 De
3031 3483 3466 3546 subintroductis,
3501 3482 3720 3536 diversis

2155 3574 2470 3641 temporibus
2506 3577 2688 3628 crebra
2731 3575 2876 3644 facta
2917 3585 2993 3630 est
3039 3577 3254 3638 mentio,
3300 3583 3353 3631 et
3392 3576 3482 3630 alii
3505 3575 3721 3645 quidem

2155 3663 2407 3717 dixerunt
2429 3665 2746 3718 ἐπείσακτον
2784 3666 2868 3720 vel
2908 3666 3258 3720 συνείσακτον
3291 3681 3414 3720 esse
3454 3667 3553 3736 τὴν
3602 3667 3724 3718 ἀντὶ

2154 3757 2384 3825 νομίμου
2432 3757 2683 3824 γυναικὸς
2736 3757 3171 3826 συνεισαχθεῖσαν
3235 3759 3326 3810 καὶ
3371 3756 3722 3811 συνοικοῦσάν

2153 3861 2258 3922 em
2293 3845 2583 3914 πορνικῶς,
2613 3864 2726 3916 qua:
2758 3848 2998 3917 legitimae
3025 3849 3204 3901 uxoris
3231 3849 3344 3902 loco
3373 3847 3725 3902 introducitur

2154 3943 2202 3986 et
2234 3935 2525 3989 meretricio
2567 3936 2904 3990 contubernio
2955 3937 3117 3990 alicui
3148 3938 3436 3992 cohabitat.
3468 3939 3574 3993 Alii
3626 3953 3724 3992 au-

2154 4032 2262 4079 tem
2283 4027 2354 4080 ita
2385 4029 2567 4082 vocari
2598 4027 2872 4092 dixerunt,
2905 4032 3083 4082 πᾶσαν
3113 4033 3346 4099 γυναῖκα.
3377 4030 3724 4084 συνοικοῦσάν

2156 4129 2259 4164 τινι
2289 4113 2574 4183 ἀλλοτρίαν
2602 4117 2834 4180 πάντως,
2858 4118 2960 4170 κᾶν
2987 4118 3292 4184 ἀνύποπτος
3315 4123 3451 4184 ἐστι,
3474 4121 3726 4190 quamvis

2156 4202 2436 4256 mulierem
2477 4205 2637 4257 alicui
2666 4205 3066 4260 cohabitantem
3087 4246 3102 4270 ,
3135 4207 3360 4262 omnin
3388 4218 3722 4277 extraneam,

2158 4294 2271 4346 sive
2305 4295 2455 4348 nullo
2489 4297 2770 4366 sanguinis
2797 4306 2889 4350 aut
2912 4299 3333 4354 necessitudinis
3372 4302 3724 4370 viueulojun—

2156 4391 2333 4447 ctam,
2389 4387 2603 4440 etiamsi
2646 4387 2716 4440 ab
2765 4388 2914 4440 onmi
2964 4391 3274 4459 suspicione
3323 4394 3392 4447 sit
3445 4393 3720 4447 immunis.

484 4477 628 4544 plex.
683 4478 1113 4536 Contubernales
1154 4481 1260 4536 illa:
1302 4484 1662 4546 clericorum,
1697 4496 1874 4550 neque
1922 4481 2051 4534 tecti
2082 4489 2126 4542 ι)
2156 4475 2332 4546 Atque
2374 4479 2513 4530 hanc
2553 4479 2911 4546 posteriorem
2967 4484 3290 4536 sententiam
3332 4485 3409 4537 uti
3457 4487 3724 4540 veriorem

483 4569 771 4635 duntaxat,
796 4573 889 4626 sed
929 4575 1128 4643 sacpius
1163 4576 1324 4628 etiam
1373 4575 1498 4628 lecti
1548 4575 1729 4629 sociae.
1755 4574 1901 4639 Quas
1936 4573 2053 4640 qui-

483 4659 607 4715 dem
636 4663 737 4730 ipsi
773 4673 1029 4734 agapetas
1058 4667 1171 4720 sive
1210 4667 1460 4723 dilectas.
1493 4675 1546 4721 et
1573 4682 1788 4721 sorores
1821 4684 1835 4722 :
1869 4665 2050 4718 caeteri

486 4757 864 4820 συνεισάκτους
894 4760 972 4812 vel
1004 4759 1376 4823 ἐπεισάκτους,
1405 4757 2053 4814 hocestsubinlroductas

483 4854 540 4902 et
598 4862 908 4908 extraneas.
973 4853 1333 4922 appellabant.
1397 4851 1718 4920 Huiusmodi
1793 4850 2052 4904 mulieres

484 4948 665 5003 annuis
711 4945 923 5000 ordinis
955 4946 1139 5000 clerici
1184 4947 1296 5015 jam
1348 4946 1476 4998 olim
1504 4945 1556 4998 in
1604 4945 1746 4997 mdes
1789 4944 2049 5011 recipere,

483 5056 686 5110 easque
749 5039 834 5095 vel
887 5037 1128 5108 virgines
1189 5037 1604 5092 sanctimoniam
1659 5035 1933 5104 professas
1987 5036 2051 5090 ad

485 5141 693 5194 mutua,
722 5143 780 5186 ut
808 5131 1042 5194 aiebant,
1071 5130 1286 5200 pietatis
1317 5130 1530 5193 solatia,
1567 5129 1652 5182 vel
1681 5129 1906 5183 orbatas
1966 5145 2055 5197 pa-

482 5223 733 5278 rentibus
775 5223 1005 5294 puellas,
1052 5222 1387 5291 proindeque
1444 5222 1530 5290 pia
1565 5233 1618 5275 et
1649 5223 1841 5291 pudica
1873 5223 2054 5292 aliqua

483 5314 651 5368 tutela
691 5313 974 5378 fovendas,
1011 5317 1093 5368 vel
1129 5314 1342 5382 privato
1379 5312 1595 5366 familiae
1623 5311 1928 5381 domusque
1959 5315 2055 5366 mi-

484 5407 717 5460 nisterio
745 5407 1109 5468 necessarias,
1142 5405 1257 5459 sive
1310 5406 1576 5473 ingenuas
1597 5444 1610 5466 ,
1644 5405 1757 5458 sive
1801 5404 2050 5459 ancillas.

483 5499 599 5553 Hoc
653 5509 966 5568 suspectum
1001 5508 1053 5554 et
1083 5498 1392 5570 pudendum
1444 5497 1896 5561 contubernium,
1932 5511 2055 5566 spe-

484 5591 638 5645 cioso
688 5591 998 5645 dilectionis
1041 5598 1093 5646 et
1150 5590 1524 5660 germanitatis
1576 5589 1904 5644 Christiana:
1934 5589 2054 5644 velo

486 5682 835 5750 obtegebant.
900 5680 1006 5737 Sed
1055 5682 1196 5736 ridet
1245 5683 1371 5737 vani
1406 5683 1646 5738 nominis
1684 5681 1864 5737 fucum
1896 5681 2054 5735 divus

486 5771 849 5843 Hieronymus
895 5775 1124 5845 epistola
1160 5775 1226 5828 ad
1275 5775 1628 5830 Eustochium
1684 5775 1761 5828 De
1812 5772 2054 5830 custodia

2159 4569 2372 4636 probat,
2404 4567 2564 4637 idque
2581 4571 2908 4625 auctoritate
2941 4574 3186 4640 epistolae
3220 4577 3499 4630 canonica:
3531 4575 3592 4628 ι).
3622 4575 3726 4628 Ba—

2160 4658 2265 4713 silii
2295 4657 2473 4726 Magni
2505 4658 2571 4712 ad
2624 4658 2942 4730 Gregorium
2993 4663 3392 4734 presbyterum,
3440 4680 3600 4733 quem
3635 4665 3724 4718 ille

2159 4751 2284 4805 licet
2314 4753 2650 4820 septuaginta
2681 4769 2946 4806 annorum
2965 4770 3145 4808 senem
3165 4756 3504 4824 ajuvencula
3535 4756 3724 4811 subin-

2158 4843 2430 4904 traducta,
2463 4842 2726 4897 intentata
2757 4846 2919 4897 etiam
2944 4848 3521 4902 excommuni-cationis
3541 4863 3719 4918 ptena,

2160 4935 2400 5004 separari
2428 4937 2690 5004 prtecipit.
2737 4935 2904 4990 Multa
2956 4937 3009 4991 in
3068 4948 3357 5009 utramque
3400 4940 3724 5010 originatio-

2160 5043 2282 5082 nem
2303 5027 2481 5082 all‘erri
2507 5037 2724 5097 possent
2752 5029 2818 5084 de
2849 5030 3209 5094 ἐπεισάκτοις,
3241 5033 3355 5086 sive
3396 5032 3723 5087 introductis

2161 5122 2300 5189 apud
2326 5130 2533 5177 veteres
2562 5123 2901 5179 concubinis.
2937 5123 3012 5180 De
3032 5125 3228 5194 quibus
3260 5125 3424 5178 etiam
3475 5125 3724 5195 vulgatus

2161 5229 2332 5268 sacra:
2388 5213 2684 5283 Scriptura:
2733 5217 3002 5286 interpres
3039 5218 3130 5286 qui
3165 5215 3726 5285 superiutroductionis

2164 5324 2292 5361 voce
2327 5309 2496 5362 utitur
2518 5307 2715 5364 Gcnes.
2744 5325 2891 5375 xui,
2927 5327 2975 5360 v.
3011 5310 3098 5364 50.
3139 5309 3306 5363 Multa
3342 5326 3561 5380 quoque
3595 5326 3726 5379 sup-

2161 5409 2402 5468 peterent
2454 5403 2699 5470 exempla
2751 5403 3081 5471 optimorum
3138 5405 3470 5464 auctorum,
3523 5403 3725 5472 quibus

2155 5493 2497 5556 ἐπείσακτον,
2546 5510 2645 5562 pro
2691 5501 2917 5547 externo
2958 5494 3040 5546 vel
3071 5494 3356 5564 peregrino
3401 5502 3724 5563 usurpatum

2160 5585 2355 5640 docere
2383 5586 2526 5640 haud
2551 5585 2765 5640 dillicile
2783 5585 2940 5651 foret,
2972 5586 3078 5639 nisi
3111 5585 3324 5655 longius
3349 5586 3461 5656 jam
3497 5594 3551 5640 et
3569 5596 3726 5639 extra

2160 5679 2306 5732 oleas
2337 5680 2695 5733 obcrrassem.
2723 5676 2825 5732 Sed
2859 5690 2918 5732 ut
2958 5693 3132 5745 meam
3162 5679 3229 5733 de
3256 5679 3590 5732 ἐπεισάκτων
3612 5677 3725 5732 ori-

2161 5773 2282 5845 giue
2314 5771 2502 5842 paucis
2535 5772 2799 5841 explicem
2835 5771 3180 5839 sententiam,
3229 5771 3452 5863 tertium
3502 5785 3724 5843 quoque
