4132 6488
471 397 583 456 537.

1909 394 2210 451 NOTlTlA.

3599 398 3708 453 538.

467 509 572 563 hoc
597 507 880 562 mulierum
911 507 1026 562 sive
1067 523 1318 564 sororum
1347 525 1516 580 genus
1550 507 1869 578 κακοζηλία,
1899 522 2032 575 qua-
2061 519 2102 570 Α
2129 501 2541 572 juvencularum
2567 501 3164 560 eircumcursitationes
3200 503 3550 563 immodestas
3573 511 3704 564 Ale-

467 599 590 652 dam
632 599 863 668 apostoli
893 598 1129 653 instit'uti
1163 601 1219 654 in
1266 599 1563 657 Ecclesiam
1596 603 1678 654 vel
1719 601 1897 670 potius
1921 601 2031 652 cle-

466 692 707 744 ricorum
771 690 914 745 aedes
975 690 1268 760 irrepsisse
1344 698 1517 762 puto;
1583 707 1728 754 cum,
1797 697 2030 744 testante

466 777 530 833 D.
569 775 738 832 Paulo
762 777 783 830 ι
810 778 876 832 ad
901 777 1240 844 Corinth.1x,
1267 781 1322 843 5,
1348 780 1517 833 moris
1553 779 1711 833 fuerit
1733 779 2024 848 plerisque,

463 877 516 923 et
546 869 766 940 quidem
796 871 1084 941 praecipuis
1116 872 1505 939 apostolorum,
1535 870 1762 940 ἀδελφὴν
1794 871 2026 939 γυναῖκα

462 959 767 1030 περιάγειν,
787 977 1019 1016 sororem
1046 963 1412 1017 mulierculam
1433 961 1835 1016 circumducere.
1854 960 2024 1026 Quem

463 1051 643 1104 locum
673 1060 899 1107 uxorata
931 1053 1312 1109 haereticorum
1354 1054 1657 1109 ministeria
1681 1054 2024 1122 propudiosis

463 1141 579 1194 suis
621 1141 891 1211 coniugiis
945 1143 1148 1198 frustra
1180 1145 1501 1199 obtendunt.
1538 1143 1888 1198 Constantem
1929 1144 2024 1198 ad-

461 1246 652 1286 versus
686 1232 851 1287 hosce
909 1232 1008 1286 SS.
1045 1235 1264 1288 Patrum
1323 1235 1664 1295 sententiam,
1705 1232 2021 1286 Tertulliani

457 1320 639 1375 verbis
660 1322 1034 1390 consignatam
1058 1324 1319 1393 accipite:
1345 1323 1464 1376 Non
1491 1339 1676 1376 uxores
1699 1324 2021 1376 demonstrat

457 1410 524 1464 ab
573 1413 828 1478 apostolis
861 1413 1267 1480 circumductus,
1312 1414 1400 1468 sed
1429 1416 1737 1482 simpliciter
1779 1416 2018 1467 mulieres

456 1516 572 1569 qua:
602 1501 709 1556 illis
737 1501 913 1556 eodem
935 1505 1174 1557 instituto
1195 1522 1293 1572 quo
1320 1515 1368 1559 et
1411 1506 1684 1559 Dominum
1712 1507 2018 1560 comitantes

457 1593 846 1648 ministrabant.
882 1593 971 1648 Sic
1006 1595 1094 1650 ille
1151 1596 1288 1651 libro
1348 1596 1423 1650 De
1455 1599 1804 1668 monogamia.
1835 1597 2019 1667 Neque

457 1684 612 1737 aliter
650 1683 956 1754 Cyprianus
977 1684 1072 1741 lib.
1105 1686 1182 1741 De
1217 1689 1408 1757 singul.
1444 1689 1643 1752 cleric.,
1676 1691 2013 1755 Ambrosius,

453 1781 509 1826 et
555 1772 763 1828 Latinis
802 1773 1054 1831 Patribus
1117 1777 1474 1846 astipulantes
1527 1779 1734 1843 Graeci,
1786 1777 2018 1850 Chryso-

2133 593 2335 646 xander
2367 592 2468 644 hoc
2502 591 2621 645 loco
2656 590 3002 645 intellexerit.

2199 684 2532 738 Proferimus
2560 697 2704 735 nunc
2739 681 2966 751 gradum
3007 697 3130 734 cum
3156 680 3700 753 eodem‘Alexandro,

2127 775 2219 844 qui
2249 774 2481 827 Arianos
2505 771 2722 826 concilii
2754 772 3082 826 auctoritate
3124 773 3414 829 damnatos
3439 776 3708 832 circuisse-

2126 866 2333 920 vicinas
2392 865 2699 934 provincias
2761 871 2814 916 et
2875 862 3270 917 catholicorum
3319 867 3698 936 episcoporum

2125 957 2336 1012 animos
2384 966 2623 1010 tentasse
2666 953 2880 1019 scribit,
2929 955 3168 1024 σχήματι
3204 955 3303 1024 μὲν
3345 958 3568 1028 εἰρήνης
3605 961 3709 1013 καὶ.

2124 1046 2363 1111 ἑνώσεως
2396 1047 2616 1111 ἀξίωσιν
2646 1047 3130 1118 ὑποκρινομένους.
3160 1046 3316 1112 Quod
3358 1063 3481 1102 cum
3530 1051 3701 1104 inter-

2125 1155 2249 1208 pres
2299 1148 2482 1194 noster
2532 1149 2724 1202 vertat,
2777 1140 2943 1208 specie
2976 1137 3183 1207 quidem
3208 1140 3354 1207 pacis
3404 1149 3452 1193 et
3483 1155 3700 1194 concor-

2121 1231 2225 1282 dia:
2257 1229 2530 1290 simulata,
2579 1230 2778 1281 veniam
2821 1237 2989 1295 petere
3016 1243 3125 1294 pra:
3166 1245 3220 1280 se
3252 1229 3426 1296 ferre;
3460 1238 3696 1284 mentem

2120 1320 2240 1387 ejus
2288 1319 2707 1388 haudquaquam
2754 1335 2839 1371 me
2895 1318 3203 1386 perspicere
3247 1319 3452 1383 fateor,
3488 1322 3564 1374 uti
3596 1339 3698 1377 nec

2119 1411 2420 1464 Camerarii
2461 1411 2593 1462 illud
2623 1427 2634 1461 :
2668 1409 2890 1464 Consilii
2918 1412 3123 1480 quidem
3145 1415 3289 1476 pacis
3315 1421 3365 1466 et
3400 1414 3697 1468 concordia:

2117 1505 2285 1571 specie
2315 1503 2588 1555 simulata.
2620 1501 2853 1567 Quinam
2901 1504 3047 1556 enim
3079 1503 3238 1556 nobis
3267 1505 3692 1570 persuadebunt,

2117 1591 2340 1658 ἀξίωσιν
2373 1593 2458 1646 vel
2505 1592 2678 1646 venia:
2732 1592 3072 1660 petitionem,
3129 1593 3210 1645 vel
3277 1594 3566 1646 consilium
3602 1601 3696 1647 aut

2118 1684 2219 1737 hoc
2253 1684 2371 1752 ipso
2415 1693 2504 1736 aut
2556 1684 2750 1750 quovis
2787 1684 2892 1738 alio
2941 1682 3083 1752 apud
3124 1681 3342 1737 Grazcos
3398 1686 3696 1752 scriptores

2122 1775 2242 1828 loco
2297 1774 2651 1843 signiﬁcare?
2701 1773 2765 1827 Et
2817 1775 2864 1829 si
2921 1775 3006 1829 vel
3063 1775 3298 1829 maxime
3341 1775 3694 1845 signiﬁcaret,

455 1872 688 1928 stomus,
749 1864 1128 1923 Theodoretus
1160 1877 1214 1922 et
1252 1868 1472 1926 Graecus
1523 1873 1874 1940 epistolarum
1899 1846 2017 1926 vdivi
2050 1846 2092 1899 B
2119 1866 2338 1936 quinam
2364 1867 2416 1919 id
2445 1867 2530 1919 νει
2587 1867 2663 1920 rei
2697 1866 2799 1935 ipSi
2843 1867 2923 1921 νει
2953 1865 3244 1920 Alexandri
3295 1868 3460 1921 menti
3489 1882 3695 1922 conve-

453 1951 605 2007 Pauli
639 1955 964 2011 scholiastes
993 1973 1271 2026 nunquam
1305 1974 1400 2028 pro
1431 1962 1625 2014 merito
1642 1962 1775 2016 satis
1803 1961 2021 2014 laudan-

452 2043 574 2112 dus,
614 2047 746 2100 dum
797 2049 871 2100 ait
913 2068 925 2102 :
962 2048 1027 2103 Ai
1084 2049 1300 2122 εὔποροι
1354 2055 1610 2120 γυναῖκες
1667 2054 2016 2107 πιστεύουσαι

449 2135 776 2204 ἠκολούθουν
805 2139 966 2202 ἐνίοις
994 2137 1102 2193 τῶν
1131 2141 1459 2204 ἀποστόλων,
1487 2145 1567 2205 εἰς
1597 2144 1696 2207 τὰς
1716 2145 2018 2213 ἀναγκαίας

450 2227 627 2281 αὐτῶν
676 2227 865 2298 χρείας
913 2228 1266 2301 χορηγοῦσαι,
1302 2232 1377 2295 ὼς
1417 2233 1610 2295 αὐτοὺς
1653 2233 1836 2287 λοιπὸν
1858 2234 2016 2298 ὄντας

450 2319 574 2388 περὶ
593 2318 781 2372 τούτου
803 2320 1156 2391 ἀμερίμνους,
1178 2323 1322 2392 μόνῳ
1341 2322 1417 2392 τῷ
1439 2324 1754 2394 κηρύγματι
1775 2327 2018 2394 άπασχο-

447 2408 673 2463 λεῖα-θαι.
718 2410 830 2465 Hoc
859 2420 961 2478 est,
996 2411 1213 2466 ditiores
1257 2413 1499 2468 mulieres
1531 2415 1710 2481 ﬁdeles
1734 2415 2012 2468 nonnullos

447 2502 711 2569 apostolos
736 2504 1101 2572 sequebantur,
1129 2512 1362 2571 sumptus
1388 2506 1708 2558 necessarios
1729 2506 1855 2572 ipsis
1885 2505 2010 2558 sub-

447 2590 818 2655 ministrando,
851 2602 910 2644 ut
941 2593 1022 2647 illi
1046 2593 1144 2645 hac
1165 2609 1293 2646 cura
1339 2593 1586 2657 liberati,
1629 2595 1731 2648 soli
1753 2596 2015 2662 praedica-

447 2677 579 2732 tioni
606 2681 946 2736 attenderem.
995 2681 1098 2737 Sed
1133 2683 1278 2752 quod
1308 2683 1372 2736 ad
1418 2692 1664 2738 nostrum
1700 2686 2010 2740 institutum

445 2769 594 2834 facit,
625 2771 835 2827 habetis
863 2773 948 2828 hie
973 2775 1285 2845 religiosum
1319 2778 1636 2830 comitatum
1668 2817 1681 2841 ,
1713 2785 1766 2831 et
1794 2779 2011 2846 pietatis

444 2860 652 2926 glutine
709 2865 1058 2933 conjunctum
1119 2868 1578 2935 contubernium;
1629 2869 1839 2923 habetis
1884 2887 2008 2924 utu—

442 2950 604 3006 lieres
636 2968 745 3008 non
779 2971 1012 3013 uxores:
1053 2956 1260 3012 habetis
1301 2960 1568 3013 sororium
1603 2961 1702 3028 piae
1733 2962 2008 3030 germani-

441 3039 570 3095 tatis
609 3041 861 3109 titulum;
921 3043 1134 3102 habetis
1195 3047 1638 3102 circumducendi
1684 3051 2006 3104 vocabulum

362 3148 370 3154 -
439 3132 808 3199 apostolorum
857 3136 1126 3209 περιόδοις
1174 3140 1606 3194 accommodum.
1655 3140 1755 3195 Cui
1792 3142 1846 3195 in
1903 3144 2006 3195 lixa

437 3231 694 3294 certaque
711 3225 1033 3282 clericorum
1059 3234 1486 3287 commoratione
1518 3234 1579 3286 τὸ
1630 3239 1967 3304 συνεισάγειν
1986 3276 2001 3300 ,

435 3314 541 3368 hoc
572 3322 656 3369 est
689 3333 794 3370 una
829 3334 1011 3374 secum
1049 3320 1397 3378 introducere
1430 3326 1513 3379 vel
1558 3329 2002 3382 contubernalem

371 3398 376 3403 ’
435 3406 656 3470 habere,
678 3408 823 3462 haud
851 3413 989 3466 male
1015 3416 1330 3482 respondet.
1357 3415 1492 3471 Nam
1526 3426 1580 3472 et
1615 3419 1717 3472 hoc
1749 3420 2004 3488 loquendi

436 3499 598 3553 modo
631 3498 821 3556 Patres
849 3503 927 3556 illi
971 3505 1295 3562 Antiocheni
1323 3511 1465 3578 apud
1524 3510 1814 3565 Eusebium
1839 3520 2004 3565 utun-

435 3595 546 3652 tur,
565 3588 694 3642 dum
749 3607 867 3646 sese
911 3593 1054 3647 haud
1099 3595 1349 3665 ignorare
1395 3599 1564 3662 aiunt,
1620 3601 1732 3652 ὅσοι
1767 3601 1872 3653 ὑπὸ
1906 3599 1998 3652 τοῦ

435 3678 776 3748 συνεισάγειν
803 3680 1013 3746 ἑαυτοῖς
1058 3689 1290 3753 γυναῖκα
1337 3688 1610 3753 ἐξέπεσον,
1646 3707 1804 3759 quam
1848 3690 2002 3742 multi

432 3770 734 3837 ceciderint,
781 3771 908 3826 dum
937 3774 1180 3829 mulieres
1229 3778 1329 3831 sibi
1376 3781 1712 3833 contubernio
1747 3782 1996 3851 jungunt.

433 3857 544 3917 Nec
569 3863 802 3918 absimili
842 3866 1052 3921 ratione
1103 3868 1244 3922 idem
1275 3869 1569 3940 Apostolus
1612 3872 1678 3925 ad
1728 3872 1900 3927 Galat.
1938 3889 1996 3937 ιι,

433 3954 834 4026 παρεισάκτους
855 3957 1266 4028 ψευδαδέλφους,
1300 3961 1402 4016 hoc
1430 3970 1513 4017 est
1538 3963 1692 4032 juxta
1724 3964 2000 4034 vulgatum

433 4044 809 4114 interpretem,
868 4047 1293 4105 subintroductos
1343 4051 1510 4120 falsos
1575 4054 1767 4121 fratres
1840 4054 1996 4108 dixit.

435 4132 588 4190 Unde
618 4135 760 4189 haud
777 4137 940 4192 dubie
961 4141 1015 4192 in
1037 4137 1228 4194 Latina
1257 4139 1498 4196 Ecclesia
1521 4142 1764 4205 inolevit,
1789 4158 1999 4194 συνεισ-

434 4225 630 4289 άκτους
687 4241 904 4297 quoque
963 4235 1018 4285 et
1075 4231 1464 4296 ἐπεισάκτους,
1527 4231 1995 4297 subintroductas,

434 4330 603 4370 sacrae
637 4314 934 4386 Scriptura:
961 4334 1093 4374 voce
1113 4322 1393 4390 appellari,
1425 4336 1564 4391 quas
1605 4321 1996 4376 cointroductas

432 4408 515 4462 vel
547 4407 969 4476 superinductas,
1001 4414 1201 4467 rectius
1224 4421 1530 4468 vocassent.
1565 4412 1667 4467 Sed
1689 4414 1848 4468 redeo
1876 4421 1998 4467 tan-

2120 1958 2239 2012 nire
2293 1958 2527 2026 poterit?
2585 1957 2920 2026 Epiphanius
2964 1965 3121 2011 vetus
3173 1957 3464 2026 interpres,
3521 1959 3700 2027 ﬁgurae

2115 2053 2259 2118 pacis
2277 2061 2325 2103 et
2355 2051 2577 2102 unitatis
2607 2050 2915 2119 dignitatem
2943 2066 2995 2103 se
3015 2065 3253 2103 exercere
3275 2052 3500 2119 ﬁngant.
3548 2050 3693 2124 Sane

2117 2142 2336 2208 ἀξίωσιν
2365 2143 2680 2212 dignitatem
2721 2141 3032 2211 signiﬁcare
3058 2140 3254 2195 Suidas
3277 2142 3484 2210 aliquot
3509 2158 3696 2198 exem-

2116 2235 2219 2303 plis
2247 2235 2406 2288 docet
2438 2251 2450 2286 :
2488 2243 2540 2286 et
2558 2234 2720 2302 vulgo
2746 2231 2972 2292 Graecis,
2999 2234 3047 2284 οἱ
3070 2234 3158 2284 ἐπ’
3188 2233 3485 2298 ἀξιώσεως,
3519 2235 3611 2303 qui
3637 2237 3691 2289 in

2114 2325 2374 2393 dignitate
2402 2331 2530 2378 sunt
2559 2324 2862 2377 constituti.
2920 2322 3025 2376 Sed
3055 2324 3176 2392 quis
3208 2324 3490 2392 dignitatis
3531 2341 3690 2379 exer-

2114 2415 2299 2469 cenda:
2329 2416 2481 2468 locus
2518 2414 2809 2470 erronibus
2864 2415 2985 2469 istis
3029 2416 3085 2467 in
3132 2415 3309 2468 aliena
3366 2416 3694 2484 provincia?

2115 2506 2225 2576 Ego
2259 2506 2483 2572 ἀξίωσιν
2513 2507 2617 2559 hoc
2649 2506 2770 2559 loco
2803 2505 3068 2576 βούλημα,
3100 2505 3234 2559 illud
3280 2506 3425 2575 quod
3457 2508 3692 2574 petimus

2113 2611 2178 2650 ac
2203 2598 2566 2665 postulamus,
2598 2612 2693 2651 seu
2720 2595 2878 2650 ﬁnem
2914 2603 2968 2651 et
2993 2611 3216 2665 scopum
3249 2612 3358 2666 quo
3383 2597 3554 2652 tendit
3587 2613 3686 2651 vo-

2112 2688 2313 2752 luntas,
2336 2702 2603 2755 quemque
2628 2687 2730 2741 sibi
2755 2687 3036 2755 obtingere
3064 2687 3360 2748 desiderat,
3402 2689 3686 2757 explicans

2111 2776 2239 2829 dum
2264 2784 2414 2842 puto,
2440 2792 2563 2830 cum
2597 2777 2816 2831 verbum
2837 2774 3022 2840 ἀξιοῦν
3039 2784 3220 2846 petere
3238 2792 3302 2830 ac
3332 2779 3608 2846 postulare
3628 2788 3690 2832 ut

2113 2866 2402 2935 plurimum
2433 2866 2720 2936 signiﬁcet.
2760 2867 2836 2919 ita
2892 2873 2951 2917 ut
2981 2865 3084 2918 loci
3117 2881 3313 2920 sensus
3346 2866 3436 2929 sit,
3462 2882 3692 2921 errones

2112 2957 2233 3012 illos
2285 2959 2434 3028 pacis
2485 2969 2540 3012 et
2597 2957 2818 3012 unionis
2871 2957 3054 3026 specie
3107 2957 3273 3010 animi
3315 2956 3399 3010 sui
3426 2965 3687 3023 mentem,

2109 3049 2346 3118 quidque
2370 3057 2553 3118 petant
2586 3064 2650 3103 ac
2681 3048 3028 3117 pertendant,
3062 3055 3136 3111 et,
3161 3057 3218 3101 ut
3242 3064 3365 3101 cum
3398 3049 3555 3115 vulgo
3605 3049 3687 3102 lo-

2034 3177 2077 3235 C
2109 3157 2367 3210 quamur,
2402 3142 2756 3195 intentionem
2793 3156 2948 3194 suam
3011 3141 3390 3206 dissimulare;
3427 3155 3551 3192 cum
3601 3157 3688 3196 re-

2111 3223 2236 3285 véra
2295 3231 2397 3284 hoc
2438 3231 2750 3293 moliantur,
2779 3237 2836 3282 ut
2869 3243 2964 3283 eos
2997 3229 3064 3281 ad
3096 3244 3234 3297 quos
3278 3227 3546 3282 accedunt
3599 3245 3687 3285 se-

2106 3319 2330 3381 ducant,
2373 3331 2426 3374 et
2465 3326 2516 3373 in
2538 3331 2718 3390 partes
2751 3335 2880 3374 suas
2908 3321 3244 3388 pertrahant.

2176 3411 2304 3464 Inde
2339 3420 2395 3464 ut
2416 3411 2617 3465 leviora
2638 3410 2884 3478 quaedam
2941 3420 3273 3478 praeteream,
3309 3410 3449 3464 infra
3477 3413 3684 3480 princi-

2105 3504 2194 3573 pio
2238 3502 2515 3571 Evangelii
2567 3500 2798 3554 Joannis
2853 3501 3002 3555 varie
3031 3501 3264 3556 Arianos
3321 3503 3540 3570 premit.
3575 3501 3682 3566 Qui

2104 3610 2230 3648 cum
2272 3594 2454 3648 omnia
2502 3609 2598 3664 per
2658 3592 2892 3646 Verbum
2948 3592 3090 3646 facta
3139 3591 3358 3656 dixerit,
3398 3594 3682 3662 subjungit

2101 3686 2218 3755 ipse
2253 3704 2266 3738 :
2306 3685 2368 3738 Si
2392 3701 2513 3754 ergo
2540 3685 2716 3738 omnia
2739 3699 2830 3752 per
2852 3686 3023 3751 ipsum
3070 3684 3214 3752 facta
3249 3694 3392 3747 sunt,
3419 3686 3682 3754 quomodo

2102 3777 2148 3829 is
2191 3777 2281 3846 qui
2309 3776 2550 3829 omnibus
2595 3775 2747 3828 rebus
2801 3774 2989 3827 creatis
3029 3774 3310 3828 essentiam
3355 3773 3535 3827 tribuit
3566 3776 3683 3843 ipse

2102 3875 2385 3946 aliquando
2417 3892 2520 3928 non
2552 3875 2709 3934 fuerit
2733 3876 2756 3928 ?
2781 3873 2852 3925 Οὐ
2886 3871 2994 3942 γάρ
3015 3889 3130 3934 πως
3149 3873 3179 3923 ὁ
3206 3872 3376 3940 Λόγος
3407 3871 3467 3924 τὸ
3487 3871 3680 3926 ποιοῦν

2099 3971 2210 4030 τοῖς
2234 3965 2546 4038 γενομένοις
2593 3964 2692 4032 τῆς
2721 3963 2889 4032 αὐτῆς
2909 3955 3047 4014 εἶναι
3100 3959 3313 4030 φύσεως
3357 3960 3674 4030 διορίζεται.

2100 4057 2230 4120 Quae
2254 4055 2471 4124 quidem
2502 4055 2662 4108 verba
2684 4060 2736 4104 et
2772 4059 2926 4104 vetus
2963 4057 3016 4102 et
3050 4051 3174 4102 novi
3208 4049 3533 4118 interpretes
3557 4065 3682 4104 ver-

2101 4147 2264 4200 tendo
2302 4145 2383 4198 sic
2418 4153 2776 4214 pervertunt:
2829 4141 3000 4194 Nulla
3045 4141 3186 4194 enim
3247 4140 3386 4191 ratio
3439 4139 3570 4203 vult,
3615 4148 3676 4194 ut

2098 4236 2234 4307 quod
2285 4244 2427 4288 creat
2469 4232 2703 4296 eiusdem
2757 4232 2824 4286 sit
2876 4247 2994 4283 cum
3043 4229 3232 4282 creatis
3265 4237 3508 4293 naturai;
3543 4244 3675 4284 cum

2097 4331 2126 4382 ὁ
2151 4327 2323 4394 Λόγος
2347 4326 2764 4393 haudquaquam
2809 4323 2910 4375 hoc
2943 4322 2996 4375 in
3041 4321 3160 4375 loco
3201 4319 3267 4373 de
3297 4320 3511 4373 ratione
3539 4335 3673 4388 apo-

2098 4418 2317 4479 dictica,
2348 4416 2444 4471 sed
2477 4415 2543 4469 de
2569 4423 2774 4468 aeterno
2800 4411 2976 4466 Verbo
2996 4410 3169 4478 accipi
3205 4411 3430 4465 omnino
3452 4409 3668 4465 debeat.

432 4499 552 4552 dem
590 4498 732 4553 unde
764 4500 1042 4568 digressus
1065 4517 1207 4556 sum.
1259 4503 1336 4557 Ex
1369 4505 1435 4559 iis
1464 4520 1586 4574 quae
1638 4504 1902 4559 hactenus
1931 4503 1998 4559 de
2029 4521 2072 4575 ι)
2103 4508 2284 4576 Itaque
2315 4505 2634 4560 vertendum
2669 4522 2681 4556 ι
2736 4501 2910 4571 Neque
2938 4501 3076 4554 enim
3113 4498 3340 4552 Verbum
3367 4498 3502 4568 quod
3525 4509 3674 4552 creat

432 4589 631 4658 triplici
687 4592 971 4646 mulierum
1025 4609 1228 4662 genere
1263 4595 1520 4660 disserui,
1551 4599 1685 4652 satis
1739 4606 1996 4652 constare

431 4670 725 4747 existimo,
788 4681 949 4735 rebus
1011 4684 1298 4740 turbandis
1344 4689 1579 4740 maxime
1629 4697 1994 4757 opportunum

431 4771 600 4827 fuisse
631 4773 848 4825 tertium
883 4774 984 4827 hoc
1034 4791 1225 4843 genus,
1256 4775 1354 4840 τὰς
1379 4779 1734 4841 ἐπεισάκτους
1764 4779 1992 4843 scilicet,

430 4879 566 4934 quas
588 4865 892 4920 Alexander
941 4867 1168 4935 proinde
1195 4866 1404 4921 ἄτακτα
1445 4870 1771 4941 γυναικάρια
1815 4879 1992 4932 vocat,

430 4954 574 5024 quod
602 4958 779 5011 nullas
807 4957 1086 5011 modestiae
1114 4958 1260 5027 leges
1283 4972 1660 5029 agnoscerent,
1691 4963 1841 5017 nullo
1889 4979 1992 5032 pu-

429 5046 576 5102 doris
632 5048 785 5102 l'reno
851 5049 1262 5103 cohiberentur.
1312 5050 1566 5117 Quinimo
1615 5062 1822 5122 pestem
1853 5055 1994 5108 hanc

430 5136 722 5194 Ecelesiam
751 5141 1092 5210 potissimum
1125 5142 1380 5199 alllixisse
1399 5145 1706 5200 certissimo
1727 5144 1850 5199 inde
1879 5145 1994 5198 col-

429 5230 613 5299 ligitur
633 5240 970 5302 argumento,
1003 5233 1146 5301 quod
1177 5233 1379 5288 Niczeni
1406 5233 1612 5300 Patres,
1646 5244 1704 5288 ut
1735 5234 1992 5291 Ecclesia:

431 5317 584 5375 malis
637 5321 1002 5386 mederentur,
1058 5324 1184 5378 huic
1213 5325 1571 5379 carcinomati
1603 5326 1776 5395 primo
1824 5324 1994 5381 ferme

431 5423 546 5464 ioco
589 5420 923 5466 censuerunt
949 5416 1370 5472 occurrendum.
1404 5415 1558 5471 Unde
1595 5417 1758 5472 tertio
1783 5431 1993 5472 canone

432 5501 771 5558 severissime
799 5507 1054 5561 omnibus
1103 5508 1157 5560 in
1201 5510 1348 5563 clero
1395 5525 1720 5580 quocunque
1771 5509 1991 5564 tandem

431 5591 592 5662 gradu
626 5606 689 5647 ac
716 5594 940 5650 nomine
968 5597 1306 5666 degentibus,
1339 5598 1448 5653 τῶν
1475 5599 1837 5653 συνεισὰκτων
1859 5615 1993 5652 con-

433 5684 1172 5743 suetudine*interdixerunt.
1204 5689 1379 5759 Atque
1409 5689 1536 5744 hinc
1591 5691 1797 5759 liquere
1845 5692 1991 5746 arbi-

434 5791 558 5844 ll‘Ol‘,
581 5777 887 5848 cujusmodi
921 5780 1206 5836 mulierum
1245 5783 1709 5852 prehensationes,
1755 5799 1988 5853 quarum

2096 4597 2328 4668 ejusdem
2354 4613 2470 4650 cum
2492 4596 2683 4650 creatis
2716 4604 2922 4646 naturw
2957 4608 3068 4646 esse
3097 4591 3316 4655 dicitur,
3356 4591 3442 4645 vel
3469 4591 3667 4645 statui-

2097 4699 2202 4753 tur,
2231 4691 2438 4744 scilicet
2467 4703 2498 4741 a
2541 4686 2749 4742 Joanne
2781 4685 3115 4754 evangelista
3142 4684 3300 4750 cujus
3335 4683 3498 4736 verba
3525 4697 3670 4752 prte-

2097 4781 2261 4835 misit.
2293 4778 2445 4844 Quod
2472 4777 2722 4847 quamvis
2755 4775 2959 4830 nemini
2993 4789 3100 4827 non
3125 4789 3220 4843 per
3245 4789 3302 4826 se
3335 4771 3672 4828 manifestis-

2073 4863 2314 4935 'simum,
2374 4872 2493 4940 ipsa
2552 4870 2654 4924 loci
2718 4866 3027 4929 ἀκολουθία,
3073 4874 3128 4921 et
3178 4865 3350 4920 Graeci
3398 4865 3674 4918 sermonis

2095 4963 2431 5016 constructio
2490 4962 2704 5030 probat.
2765 4959 3059 5031 Subjungit
3090 4958 3236 5014 enim
3285 4957 3556 5012 rationem
3600 4971 3671 5009 ex

2096 5051 2368 5120 Evangelii
2398 5052 2579 5106 verbis
2625 5051 2872 5120 petitam,
2909 5065 3007 5104 cur
3037 5051 3066 5102 ὁ
3092 5047 3264 5119 Λόγος
3299 5046 3543 5115 ejusdem
3571 5060 3672 5099 na—

2094 5151 2230 5196 tura:
2267 5158 2392 5196 cum
2432 5144 2596 5197 rebus
2647 5142 2849 5196 creatis
2907 5157 3028 5196 esse
3076 5150 3333 5210 nequeat,
3371 5139 3488 5208 εἴγε
3508 5139 3674 5203 αὐτὸς.

2099 5234 2197 5303 μὲν
2228 5229 2295 5304 ἦν
2345 5237 2402 5286 ὲν
2437 5235 2606 5305 ἀρχῇ,
2667 5232 2938 5301 siquidem
2976 5234 3092 5304 ipse
3116 5271 3132 5296 ,
3180 5232 3390 5288 scilicet
3416 5233 3444 5284 ὁ
3472 5230 3668 5300 Λόγος,

2093 5331 2210 5379 erat
2239 5327 2294 5378 in
2321 5324 2587 5394 principio
2615 5343 2628 5379 ε
2659 5325 2866 5393 reliqua
2915 5333 3106 5378 autem
3137 5323 3318 5379 omnia
3350 5337 3446 5391 per
3488 5324 3672 5392 ipsum

2095 5416 2234 5472 facta
2257 5424 2407 5473 sunt.
2445 5415 2552 5472 Sed
2586 5420 2856 5486 interpres
2907 5426 3116 5479 noster,
3149 5431 3272 5469 cum
3315 5417 3672 5484 praecedenti-

2094 5509 2196 5564 bus
2224 5511 2403 5566 verbis
2433 5509 2574 5567 male
2599 5509 2881 5563 conversis
2905 5523 3013 5562 non
3039 5509 3263 5562 haberet
3289 5523 3400 5576 quo
3441 5515 3672 5562 reterret

2096 5618 2278 5657 vocem
2304 5604 2483 5666 αὑτός,
2519 5602 2845 5656 sententiam
2878 5601 3018 5655 male
3040 5599 3262 5665 luxavit,
3290 5615 3465 5669 neque
3503 5600 3668 5653 ullam

2093 5693 2151 5748 in
2173 5694 2522 5760 sequentibus
2545 5693 2782 5764 periodis
2799 5708 2988 5747 sanam
3019 5691 3290 5761 expressit
3316 5693 3666 5746 sententiam.

2095 5783 2200 5838 Sed
2241 5784 2560 5854 interposita
2597 5783 2914 5854 παρενθὲσει
2949 5784 3117 5838 miras
3158 5783 3261 5838 sibi
3289 5782 3392 5853 ipsi
3433 5783 3668 5854 aliisque
