4132 6444
476 374 585 432 539

1532 376 1588 432 S.
1629 377 2051 432 ALEXANDER
2094 378 2649 436 ALEXANDRINUS.

3597 379 3710 434 540'

475 490 667 547 oliudit
699 491 972 546 tenebras.
1019 489 1252 544 Romani
1277 506 1406 546 vero
1433 491 1694 556 editores,
1727 493 2042 563 interpretis
2073 504 2118 560 Α
2147 511 2277 552 sane
2304 505 2357 551 et
2380 497 2603 552 crebros
2627 503 2680 550 et
2709 493 2918 550 validos
2955 491 3334 548 sanctissimus
3363 491 3452 547 hic
3486 489 3705 560 episco-

471 599 716 640 errorem
776 584 860 637 vel
906 583 1312 638 fluctuationem
1342 583 1551 652 prolata
1606 585 1821 654 longius
1847 599 2043 654 paren-

474 673 613 726 thesi
645 688 754 726 non
797 689 989 742 parum
1038 682 1318 744 augentes,
1358 673 1630 728 rationum
1697 681 1860 743 atque
1881 690 2043 744 argu-

473 771 778 819 mentorum
811 766 920 821 vim
961 782 1026 821 ac
1055 782 1251 821 nervos
1287 767 1445 836 plane
1486 765 1856 832 succiderunt,
1904 782 2043 836 quos

472 925 1502 950 Μ

2148 602 2254 656 pus
2285 586 2340 639 in
2370 585 2606 640 Arianos
2636 590 2871 652 torquet.
2927 580 3034 636 Sed
3063 596 3184 636 cum
3211 589 3267 636 et
3300 597 3398 636 vos
3420 582 3703 652 patientia,

2149 683 2204 731 et
2229 691 2314 730 me
2344 676 2574 729 laterum
2608 676 2754 729 vires
2779 673 3096 738 destituant,
3122 682 3317 727 caetera
3348 673 3706 729 commodiori

2147 765 2376 834 tempori
2407 765 2828 820 reservabimus.

3339 920 3683 943 _.—_.

1305 1116 2090 1209 DISSERTATIO
2163 1117 2702 1209 SECUNDA
2749 1103 2884 1198 (α).

546 1432 844 1503 Abruptum
870 1431 1055 1502 prima;
1077 1430 1486 1487 Dissertationis
1511 1431 1660 1486 ﬁlum
1676 1431 1744 1486 ad
1774 1430 2047 1500 reliquam

477 1526 740 1580 institutae
768 1539 1012 1579 censurze
1071 1531 1279 1592 partem
1311 1523 1696 1594 pertexendam
1751 1533 2044 1578 connecto.

481 1615 644 1686 Urget
673 1623 862 1670 contra
893 1615 1006 1668 Arii
1051 1616 1419 1686 blasphemias
1473 1616 1781 1670 Alexander
1825 1615 2040 1684 episco-

2143 1424 2235 1478 τοῦ
2264 1423 2480 1486 παντὸς,
2538 1421 2587 1474 εἰ
2614 1417 2833 1487 γέγονεν
2880 1419 2912 1488 ἢ
2974 1417 3164 1486 ἀγενές
3206 1419 3371 1472 ἐστιν.
3420 1417 3724 1476 Furtumne

2145 1518 2214 1571 sit
2241 1516 2556 1576 universum,
2590 1529 2659 1565 an
2683 1526 2783 1565 non
2838 1509 3058 1578 factum.
3094 1507 3205 1564 Hoc
3243 1517 3346 1574 est,
3380 1518 3436 1565 ut
3485 1510 3716 1568 Proclus

2145 1608 2402 1678 explicat,
2454 1607 2500 1657 ei
2534 1604 2823 1675 γενητὸςῆ
2878 1603 3138 1674 ἀγένητος
3187 1605 3215 1656 ὁ
3250 1604 3471 1673 κόσμος.
3537 1605 3713 1674 Atque

475 1683 875 1775 pus,a:ternam
901 1705 1060 1762 Verbi
1092 1683 1188 1760 Dei
1213 1724 1280 1762 ex
1315 1706 1473 1762 Patre
1507 1709 1768 1778 originem
1801 1683 2046 1762 auiclori-
2075 1683 2115 1737 Β
2145 1702 2221 1755 ita
2276 1700 2692 1768 antiquissimus
2740 1697 2835 1752 ille
2886 1695 3051 1751 Italia:
3088 1696 3442 1766 philosophus
3492 1696 3720 1753 Ocellus.

475 1810 585 1856 tate
615 1801 846 1856 Joannis
895 1804 1262 1872 evangelista,
1291 1803 1383 1872 qui
1419 1803 1470 1855 in
1508 1803 1626 1870 ipso
1647 1803 1832 1856 limine
1863 1801 2039 1856 Evan-

475 1895 598 1964 gelii
630 1895 740 1956 sui,
776 1893 1012 1948 Verbum
1047 1895 1098 1947 in
1130 1895 1396 1963 principio
1444 1894 1647 1957 fuisse,
1687 1901 1880 1948 caetera
1913 1909 2049 1950 vero-

473 1987 657 2041 omnia
684 1985 880 2042 deinde
908 2003 1002 2057 per
1031 1985 1272 2040 Verbum
1303 1987 1443 2040 facta
1486 1995 1736 2040 testatur.
1763 1985 1882 2051 Quo
1919 1987 2040 2040 loco

473 2077 860 2146 evangelistam
891 2091 1093 2129 arcano
1124 2084 1178 2130 et
1235 2076 1488 2146 religioso
1527 2077 1762 2146 quodam
1809 2079 2042 2133 consilio

473 2168 697 2221 verbum
720 2162 810 2236 ἦν,
843 2167 957 2221 sive
983 2176 1118 2229 erat,
1160 2168 1508 2232 adhibuisse;
1553 2167 1824 2236 γενέσεως
1856 2176 2035 2223 autem

472 2265 527 2309 et
548 2256 814 2326 ποιήσεως
845 2255 1062 2309 nomine
1112 2256 1440 2311 abstinuisse
1485 2257 1657 2311 docet.
1716 2257 1920 2323 Primo,
1971 2273 2041 2312 ne

474 2347 667 2402 iisdem
696 2347 918 2401 vocibus
967 2345 1034 2400 de
1061 2347 1319 2402 Creatore
1375 2355 1429 2402 et
1471 2356 1720 2402 creatura
1775 2357 2042 2403 uteretur.

477 2434 748 2498 Secundo,
773 2434 918 2500 quod
948 2432 1110 2488 Verbi
1148 2435 1336 2488 aeterni
1367 2436 1774 2503 productionem
1807 2452 1912 2488 non
1950 2452 2045 2491 so-

476 2525 586 2577 lum
616 2525 1092 2594 evangelistarum,
1124 2524 1220 2578 sed
1251 2533 1306 2579 et
1355 2526 1668 2594 angelorum
1707 2527 2040 2581 intellectum

471 2618 739 2673 excedere
762 2619 1040 2682 crederet;
1078 2617 1258 2681 tertio,
1285 2618 1428 2687 quod
1453 2618 1678 2686 impium
1702 2617 2041 2672 existimaret

475 2724 674 2763 arcana
706 2709 792 2761 illa
851 2707 1159 2764 Divinitatis
1191 2709 1466 2778 mysteria,
1497 2708 1716 2762 curiosa
1777 2709 2042 2778 pervesti-

471 2801 689 2870 gatione
721 2801 975 2856 subtilius
1008 2801 1262 2856 scrutari.
1313 2800 1373 2854 In
1422 2799 1582 2867 cujus
1616 2801 1720 2854 loci
1749 2817 1912 2856 sensu
1943 2818 2042 2855 ex-

475 2892 760 2962 primendo
792 2909 898 2946 nou
925 2894 1090 2947 semel
1115 2891 1458 2946 offenderunt
1491 2893 1835 2960 interpretes,
1867 2908 2039 2962 quart-

475 2985 768 3054 doquidem
828 2981 1015 3037 Graeca
1071 2985 1232 3038 verba
1294 2983 1420 3037 vitio
1478 2999 1585 3038 non
1647 2991 1853 3038 carent.
1905 2982 2040 3038 Illud

477 3085 687 3128 tantum
724 3074 1054 3138 indicavero,
1089 3076 1179 3130 ubi
1211 3077 1322 3130 ait:
1349 3075 1408 3128 τὸ
1440 3073 1538 3145 ἦν,
1594 3075 1908 3148 ὑπεραίρειν
1946 3077 2044 3146 τῆς

472 3167 580 3219 τῶν
602 3166 872 3237 γεννητῶν
910 3167 1167 3230 διανοίας,
1222 3183 1407 3222 vocem
1454 3168 1599 3220 illam
1663 3179 1798 3232 erat,
1831 3169 2048 3224 univer-

473 3271 589 3311 sam
613 3265 986 3311 creaturarum
1027 3255 1436 3326 inte'lligentiam
1469 3257 1876 3318 transcendere,
1901 3258 2048 3312 haud

473 3349 636 3403 dubie
674 3349 937 3419 γενητῶν,
984 3363 1091 3401 non
1128 3347 1406 3419 γεννητῶν
1430 3348 1745 3418 legendum;
1810 3365 2043 3418 quorum

475 3441 578 3494 hoc
605 3439 712 3493 ἀπὸ
734 3440 830 3494 τοῦ
851 3441 1160 3510 γεννᾶσθαι,
1185 3441 1315 3494 illud
1343 3441 1452 3494 ἀπὸ
1477 3439 1574 3493 τοῦ
1603 3439 1849 3508 γενεσθαι
1875 3441 2048 3495 dedu-

473 3533 632 3587 citur.
660 3531 806 3598 Quas
859 3535 1078 3604 quidem
1128 3548 1311 3600 voces,
1343 3534 1469 3589 licet
1497 3535 1707 3604 origine
1753 3543 1806 3589 et
1837 3535 2046 3604 signiﬁ-

472 3633 600 3678 catu
631 3624 838 3688 afﬁnes,
871 3625 1012 3679 sacri
1039 3633 1090 3680 et
1131 3625 1343 3695 profani
1379 3634 1631 3680 auctores
1658 3641 1817 3681 caute
1850 3627 2047 3680 distin-

473 3721 666 3783 guunt,
699 3730 823 3769 cum
857 3721 1038 3769 tamen
1074 3717 1127 3768 in
1164 3716 1397 3783 vulgatis
1439 3715 1640 3770 Justini
1675 3715 1769 3783 M.,
1807 3716 2042 3783 Eusebii,

477 3803 786 3873 Epiphanii,
821 3804 1160 3874 aliorumque
1186 3804 1540 3868 editionibus,
1589 3805 1864 3860 sexcentis
1911 3807 2046 3861 locis

475 3894 734 3950 confusas
764 3895 1052 3949 observare
1103 3896 1282 3949 liceat.
1330 3896 1548 3958 Γένεσις
1577 3897 1722 3949 enim
1777 3905 1833 3950 et
1887 3913 2046 3967 γενη-

475 3986 588 4050 τόν,
634 3995 692 4039 ut
728 3985 958 4041 Proclus
997 3986 1138 4040 libro
1195 3999 1235 4039 ιι
1265 3986 1318 4040 in
1378 3986 1634 4040 Timwum
1686 3988 1782 4051 ait,
1810 3989 1907 4058 τὴν
1939 3988 2046 4041 ἀπὸ

475 4076 571 4132 τοῦ
649 4075 990 4151 Δημιουργοιῖ
1062 4077 1285 4150 πρόοδον
1347 4079 1619 4149 significat
1673 4099 1687 4135 :
1748 4080 1851 4135 hoc
1919 4089 2043 4148 est,

475 4173 807 4227 creationem
840 4179 895 4227 et
928 4171 1338 4242 produCtionem
1379 4188 1444 4226 ex
1485 4173 1676 4228 nihilo.
1749 4171 1921 4236 Unde,
1985 4183 2046 4228 ut

474 4263 725 4319 Justinus
779 4262 982 4335 Martyr
1024 4266 1100 4318 ait
1167 4265 1221 4318 in
1276 4262 1715 4334 Responsionibus
1772 4266 1840 4318 ad
1897 4267 2046 4322 (ira:-

2147 1792 2403 1845 Lucauus
2431 1790 2629 1860 insigni
2652 1805 2816 1860 opere
2840 1793 3070 1859 probare
3096 1789 3354 1852 instituit,
3386 1789 3447 1840 τὸ
3472 1791 3580 1841 πᾶν
3619 1790 3712 1842 ἀν·

2143 1886 2374 1955 ώλεθρον
2399 1880 2537 1936 εἶναι
2567 1884 2658 1935 καὶ
2677 1882 2955 1950 ἀγένητον,
2983 1879 3236 1933 mundum
3257 1889 3375 1932 ortu
3397 1880 3715 1949 interituun

2145 1995 2341 2032 carere.
2370 1976 2525 2044 Quod
2560 1975 2708 2028 enim
2763 1973 2924 2042 vulgo
2980 1973 3271 2042 ἀγέννητον
3315 1973 3515 2042 passim
3569 1974 3710 2043 apud

2144 2070 2385 2127 Ocellum
2415 2068 2694 2130 scribitur,
2724 2065 2777 2118 id
2810 2073 3002 2120 contra
3027 2065 3261 2134 optimos
3287 2063 3582 2120 Vaticanos
3613 2079 3711 2120 co-

2144 2164 2294 2219 dices
2329 2177 2454 2216 esse
2504 2157 2862 2228 deprehendi,
2886 2172 3012 2210 cum
3069 2156 3272 2225 quibus
3316 2170 3543 2210 aureum
3578 2155 3715 2209 illud

2143 2254 2468 2326 opusculum
2501 2252 2787 2321 diligenter
2825 2249 3118 2319 aliquando
3147 2249 3374 2304 contuli.
3417 2248 3582 2304 Recte
3614 2249 3712 2319 igi—

2146 2359 2232 2401 tur
2247 2347 2558 2400 universum
2576 2343 2700 2406 hoc,
2727 2351 2780 2396 et
2798 2341 3060 2412 quidquid
3074 2357 3255 2394 rerum
3276 2348 3579 2396 ereatarum
3599 2342 3714 2396 uni~

2145 2455 2301 2495 verso
2315 2438 2646 2501 continetur,
2667 2435 2874 2488 ratione
2896 2434 3082 2503 prima:
3097 2433 3469 2503 productionis
3489 2434 3716 2504 γενητόν

2146 2531 2537 2602 appellabimus
2557 2545 2569 2579 :
2585 2526 2842 2596 γεννητόν
2855 2542 2980 2580 vero
2996 2526 3410 2596 haudquaquam
3433 2546 3446 2580 :
3460 2527 3602 2596 quod
3617 2527 3719 2580 uni.

2145 2623 2323 2679 Verbo
2345 2629 2548 2676 teterno
2569 2619 2844 2684 convenit,
2859 2619 2945 2672 cui
2966 2619 3067 2673 soli
3089 2617 3248 2672 Pater
3268 2619 3405 2672 dixit
3429 2637 3440 2671 :
3464 2619 3589 2682 Υἱός
3608 2635 3714 2688 μου,

2145 2712 2197 2768 εἴ
2243 2715 2329 2779 σὺ,
2378 2711 2487 2781 ἐγὼ
2521 2713 2756 2782 σήμερον
2778 2711 3084 2780 γεγέννηκά
3113 2725 3200 2762 σε·
3233 2707 3406 2763 Filius
3468 2726 3608 2763 meus
3655 2727 3714 2763 es

2147 2816 2328 2873 tu,ego
2351 2801 2503 2854 hodie
2529 2801 2682 2870 genui
2705 2809 2769 2852 te.
2807 2797 3012 2853 Caatera
3039 2806 3217 2851 autem
3243 2797 3526 2857 omnia,6t’
3549 2791 3720 2850 αὑτοῦ.

2146 2896 2380 2963 ἐγένετο,
2423 2893 2515 2946 καὶ
2556 2892 2724 2962 χωρὶς
2747 2890 2910 2944 αὑτοῦ
2929 2889 3143 2958 ἐγένετο
3175 2888 3292 2941 οὐδὲ.
3323 2888 3399 2950 ἓν,
3423 2887 3451 2940 ὃ
3471 2889 3719 2956 γέγονεν..

2149 2984 2302 3040 Unde
2323 2995 2375 3040 et
2400 2983 2609 3040 Psaltes
2632 2983 2810 3053 regius
2846 3001 2859 3036 :
2891 2981 3062 3044 Αὐτός
3109 2977 3282 3045 εἶπεν,
3334 2982 3428 3034 καὶ
3458 2981 3717 3052 ἐγενήθησ-

2150 3093 2248 3130 σαν
2273 3094 2284 3106 ·
2319 3075 2440 3145 Ipse
2465 3076 2623 3140 dixit,
2653 3085 2700 3128 et
2727 3075 2870 3143 facta
2900 3085 3042 3128 sunt.
3069 3073 3270 3128 Coxitra
3304 3073 3540 3128 mundus
3569 3083 3720 3130 recte

2148 3169 2458 3238 ἀγέννητος,
2503 3182 2609 3220 non
2644 3175 2823 3220 autem
2853 3165 3134 3235 ἀγένητος.
3168 3163 3336 3219 Filius
3388 3173 3564 3219 autem
3617 3163 3723 3220 Dei

2148 3260 2434 3330 ἀγένητος,
2471 3275 2579 3312 non
2610 3258 2922 3328 ἀγέννητος.
2957 3257 3087 3322 Qua:
3118 3255 3365 3311 fortassis
3393 3256 3528 3311 levia
3545 3255 3724 3310 videri.

2148 3361 2393 3419 possent,
2431 3350 2537 3404 nisi
2579 3351 2740 3403 unius
2794 3349 2990 3403 littera:
3020 3348 3338 3410 interstitio,
3395 3355 3576 3402 rectus
3620 3361 3721 3401 ca--
3784 3354 3794 3362 '

2148 3442 2360 3495 tholicae
2410 3441 2651 3494 veritatis
2682 3448 2882 3494 trames
2911 3456 2942 3492 a
2973 3438 3420 3510 gravissimorum
3464 3455 3711 3494 errorum

2147 3533 2462 3603 praecipitiis
2491 3535 2910 3603 dispesceretur.
2944 3531 3099 3585 Unde
3141 3529 3402 3585 Joannem
3426 3529 3720 3584 Dama-sce-

2148 3640 2278 3679 num
2310 3625 2449 3678 libro
2479 3640 2518 3690 ι,
2548 3640 2666 3694 cap.
2703 3623 2757 3688 9,
2788 3639 2985 3693 magno
3018 3621 3134 3677 haec
3183 3622 3365 3677 studio
3423 3622 3717 3676 adnotasse

2145 3717 2393 3771 videmus
2413 3757 2428 3781 ,
2459 3727 2512 3771 et
2543 3715 2878 3786 Epiphanius
2907 3716 3099 3770 haeresi
3157 3731 3280 3770 thx
3333 3715 3565 3768 Arianos
3602 3715 3714 3770 hate

2147 3810 2369 3863 nomina
2399 3809 2799 3864 confundentes
2831 3808 3152 3878 gravissime
3180 3807 3515 3877 perstrinxit.
3540 3807 3722 3872 Quam

2144 3899 2283 3954 bene
2305 3908 2483 3953 autem
2519 3900 2786 3970 interpres
2813 3901 3022 3969 Anglus
3056 3898 3127 3952 τὰ
3147 3899 3351 3968 γενητόι
3410 3899 3722 3951 mortalium

2146 3992 2366 4046 nomine
2397 3994 2650 4062 explicet,
2687 4009 2810 4048 mox
2844 3991 3202 4049 commodiori
3233 3991 3353 4045 loco
3387 3990 3718 4044 videbimus.

2146 4083 2391 4154 ineptum
2420 4101 2657 4154 quoque,
2693 4085 2835 4154 quod
2869 4085 3009 4138 idem
3057 4092 3245 4138 uoster
3289 4082 3555 4151 interpres
3580 4078 3716 4135 Ver-

2148 4178 2275 4234 bum
2306 4187 2590 4245 aaternum,
2619 4193 2837 4232 causam
2867 4175 3188 4230 emcientem
3213 4191 3392 4230 rerum
3444 4174 3720 4237 omnium,

2153 4271 2210 4324 τὸ
2235 4269 2444 4334 ποιοῦν,
2479 4271 2688 4340 gignens
2725 4269 2956 4337 appellat
2982 4285 2996 4334 ;
3020 4283 3142 4321 cum
3175 4267 3353 4321 omnis
3387 4265 3712 4319 Arianorum

471 4371 560 4409 cos
610 4370 628 4408 :
690 4354 762 4407 Τὸ
816 4354 1069 4423 γενέσθαι
1119 4355 1214 4409 καὶ
1277 4356 1339 4409 τὸ
1397 4356 1665 4409 ποιεῖσθαι
1730 4356 1873 4422 λέξει
1946 4361 2045 4430 μὲν

2149 4361 2348 4414 astutia
2383 4361 2434 4413 in
2492 4360 2806 4429 hujusmodi
2863 4359 3153 4413 verborum
3192 4357 3510 4412 confusione
3535 4373 3716 4411 verse-

471 4449 532 4501 οὐ
602 4448 798 4501 ταυτὸν
826 4488 840 4512 ,
915 4447 1060 4518 ἔργῳ
1103 4447 1160 4500 δὲ
1223 4448 1434 4503 ταυτόν.
1481 4447 1660 4504 Verbo
1710 4449 1929 4515 differt,
1986 4467 2044 4506 re

474 4541 592 4610 ipsa
652 4539 794 4592 idem
845 4546 948 4593 est.
994 4540 1033 4590 Γ
1037 4539 1249 4610 έννησις
1289 4551 1468 4595 autem
1516 4541 1755 4612 προϐολὴ
1817 4543 2045 4595 ἀπὸτοῦ

472 4631 720 4701 Πατρός,
778 4629 880 4682 hoc
926 4639 1009 4684 est
1056 4631 1374 4700 generatio.
1429 4633 1564 4696 sive,
1604 4641 1662 4685 ut
1712 4647 1835 4686 cum
1881 4634 2047 4704 vulgo

470 4723 847 4792 theologorum
899 4722 1111 4791 loquar,
1147 4724 1432 4792 productio
1461 4723 1695 4778 viventis
1726 4738 1757 4777 a
1805 4725 2040 4790 vivente,

470 4813 668 4869 similis
702 4812 1020 4881 producenti
1056 4815 1107 4867 in
1145 4814 1450 4869 substantia
1479 4823 1533 4870 et
1578 4823 1790 4870 natura.
1823 4814 1890 4869 Et
1918 4833 2044 4886 γεν-
2073 4806 2080 4815 ’

470 4904 650 4974 νητόν,
676 4911 734 4957 ut
760 4904 900 4971 apud
925 4905 1174 4959 eumdem
1228 4905 1504 4960 Justinum
1536 4905 1787 4970 habetur,
1830 4906 1892 4960 τὺ
1921 4924 2044 4976 γεν-

467 4997 644 5066 νητῶς
672 4996 973 5066 γινόμενον.
1024 4998 1139 5052 sive
1197 4996 1260 5050 τὸ
1316 4998 1590 5069 γεννητῶς
1617 4999 1677 5052 τὸ
1719 4995 1859 5053 εἶναι
1897 5000 2039 5071 ἔχον,

467 5089 606 5157 quod
635 5105 726 5159 per
759 5091 972 5142 modum
1013 5091 1368 5160 generationis
1405 5091 1668 5145 subsistit.
1722 5091 1878 5149 Unde
1920 5094 2043 5149 Cle-

468 5198 624 5236 mens
649 5182 1079 5245 Alexandrinus,
1140 5197 1263 5237 cum
1293 5183 1559 5251 γενέσεως
1601 5200 1798 5240 nomen
1840 5186 2044 5255 promi-

467 5283 599 5323 scue
629 5271 804 5339 accipi
860 5271 1069 5326 videret
1097 5272 1260 5325 etiam
1302 5288 1398 5341 pro
1424 5274 1794 5342 generatione,
1844 5284 2042 5344 quarto

469 5358 801 5414 Stromatum
833 5361 973 5416 libro
1000 5362 1074 5415 ita
1105 5377 1224 5416 eam
1250 5363 1556 5433 distinguit,
1593 5373 1652 5418 ut
1695 5365 1800 5417 alia
1839 5370 1910 5420 sit
1933 5365 2041 5417 τῶν

470 5453 842 5523 γεννωμένων,
880 5455 986 5507 alia
1033 5453 1144 5508 τῶν
1199 5456 1521 5525 γινομένων,
1558 5456 1767 5511 scilicet
1823 5473 1890 5511 ne
1917 5459 2042 5527 quis

468 5542 532 5595 τὸ
594 5547 817 5616 γενητὸν
874 5549 967 5600 καὶ
1021 5548 1278 5617 γεννητόν
1341 5549 1717 5604 confunderet.
1779 5549 1934 5606 Unde
1989 5557 2043 5606 ct

468 5630 622 5689 Plato
654 5637 920 5707 principio
951 5639 1563 5712 Timwi-disquirendum
1582 5645 1871 5714 proponit:
1909 5645 2042 5716 Περὶ

545 5786 624 5861 (a)
654 5789 844 5848 llabita
868 5793 1069 5860 Romze,
1100 5807 1158 5850 ut
1187 5812 1370 5866 supra.

2149 4464 2258 4514 tur,
2313 4467 2434 4520 quae
2472 4451 2856 4505 sanctissimus
2897 4450 2983 4503 hic
3010 4456 3199 4501 auctor
3239 4459 3428 4502 contra
3485 4446 3716 4515 diligen-

2147 4547 2355 4600 tissime
2383 4543 2687 4613 distinguit.
2720 4541 2914 4597 Tutius
2944 4557 3075 4596 sane
3106 4557 3228 4595 cum
3261 4541 3475 4610 vulgato
3510 4537 3718 4591 Biblio--

2145 4652 2265 4690 rum
2323 4635 2638 4704 interprete,
2691 4631 2918 4703 faciendi
2949 4639 3004 4686 et
3033 4632 3251 4701 factoris
3295 4629 3557 4684 vocabulo
3599 4637 3719 4682 ute-

2145 4733 2316 4791 retur,
2367 4724 2524 4778 novis
2584 4723 2693 4778 illis
2747 4723 3036 4778 verborum
3075 4721 3311 4777 lauticiis
3335 4719 3560 4782 relictis,
3593 4735 3723 4789 qua}

2143 4817 2328 4872 animo
2385 4817 2560 4872 sacris
2586 4815 2784 4870 litteris
2839 4814 3105 4868 innutrito
3159 4829 3419 4868 nauseam
3472 4827 3716 4866 commo-

2143 4918 2289 4965 vent.
2340 4909 2416 4963 Ita
2463 4910 2518 4963 in
2567 4909 2832 4964 orationis
2883 4923 3216 4978 progressu,
3273 4904 3365 4960 ubi
3412 4903 3719 4958 Alexander

2143 5003 2284 5059 filios
2315 5019 2410 5074 per
2442 5002 2670 5073 gratiam
2701 5001 3008 5071 adoptatos,
3051 5016 3079 5053 a
3108 4998 3286 5053 Verbo
3313 5007 3539 5060 aeterno,
3582 5011 3717 5050 vero

2144 5104 2198 5151 et
2219 5098 2439 5166 preprio
2491 5093 2584 5149 Dei
2634 5092 2771 5148 Filio
2829 5108 2991 5163 quam
3048 5092 3364 5161 longissime
3415 5098 3654 5144 removet
3697 5107 3711 5151 ;

2143 5187 2403 5256 quoniam
2436 5185 2524 5240 hic
2563 5194 2757 5238 natura
2812 5184 2904 5238 Dei
2932 5179 3104 5236 Filius
3133 5182 3245 5248 ;illi
3287 5197 3437 5244 vero,
3469 5178 3716 5254 deposito

2144 5279 2336 5347 spiritu
2377 5278 2677 5339 servitutis,
2702 5276 2761 5329 τὸ
2783 5275 2882 5346 τῆς
2905 5273 3175 5336 υἱοθεσίας
3192 5272 3446 5334 λαϐόντες
3479 5262 3714 5339 πνεὶμα.

2145 5369 2257 5425 Hoc
2293 5379 2398 5433 est,
2430 5377 2490 5422 ut
2529 5377 2716 5424 noster
2744 5369 3013 5436 interpres
3060 5364 3313 5428 reddidit,
3348 5363 3552 5432 Spiritu
3587 5361 3719 5414 ado-

2141 5464 2334 5532 ptionis
2391 5462 2624 5531 ﬁliorum
2677 5468 2969 5524 assumpto,
3001 5457 3096 5510 filii
3151 5456 3391 5526 adoptivi
3449 5453 3711 5508 evadunt.

2144 5555 2342 5621 Quidni
2403 5555 2584 5626 potius
2634 5568 2756 5607 cum
2815 5551 2941 5605 divo
2980 5549 3149 5603 Paulo
3177 5548 3242 5602 ad
3276 5548 3433 5602 Rom.
3464 5561 3582 5607 vui,
3628 5541 3715 5604 15,

2146 5647 2347 5717 Spiritu
2404 5645 2700 5714 adoptionis
2755 5653 2984 5712 accepto,
3021 5643 3103 5696 vel
3155 5641 3412 5710 Spiritum
3477 5635 3706 5706 adoptio-
