4132 6494
477 373 576 429 5H

1926 363 2204 421 ΝοΤιΤΙΑ
2215 406 2232 424 .

3633 385 3743 426 0-32

476 493 560 546 nis
594 490 831 561 ﬁliorum
888 488 1222 558 accipientes,
1278 487 1557 544 dixerim?
1595 487 1731 542 Cum
1795 489 2050 556 accipere,
2081 495 2127 549 Α
2156 495 2336 555 ptam,
2379 486 2516 540 nihil
2548 493 2729 544 tamen
2772 490 2890 544 haec
2924 489 3139 546 destina
3162 494 3488 546 sententiam
3523 491 3679 546 fulcit
3721 509 3737 545 :

472 585 701 652 gratiam
746 581 1062 652 donumque
1119 580 1214 636 Dei
1248 588 1657 651 praesupponat,
1710 596 1914 633 sumere
1953 594 2052 632 au-

473 683 602 736 tem,
644 675 760 729 sive
788 690 1075 735 assumere,
1107 671 1384 741 pr0priam
1416 672 1821 742 quodammodo
1864 680 2052 727 aucto-

470 766 685 820 ritatem
713 767 1062 822 subindicare
1082 765 1352 819 videatur.
1391 764 1546 830 Quod
1575 766 1720 819 enim
1753 765 2051 834 Apostolus

470 859 546 911 ait
577 859 644 912 ad
671 857 835 912 Hebr.
858 875 912 921 v,
935 859 970 911 4
1001 877 1014 910 :
1054 855 1176 910 Non
1202 855 1303 909 sibi
1331 857 1433 924 ipsi
1454 857 1730 926 quisquam
1771 858 1930 911 sumit
1954 856 2044 910 Ito-

467 966 668 1012 norem,
693 949 783 1005 sed
815 951 905 1020 qui
932 959 1150 1004 vocatur
1179 967 1211 1003 a
1245 949 1375 1011 Deo,
1431 950 1504 1002 ita
1538 966 1640 1004 nec
1668 951 1895 1018 gratiam
1921 949 2047 1021 Spi-

465 1042 606 1096 ritus
637 1043 812 1097 sancti
844 1043 1136 1111 quisquam
1175 1041 1278 1096 sibi
1305 1042 1407 1110 ipsi
1439 1042 1626 1100 sumit.
1659 1043 1766 1097 nisi
1802 1044 1887 1096 cui
1919 1045 2046 1099 data

466 1133 628 1190 fuerit
657 1133 890 1203 desuper
912 1149 942 1187 a
973 1133 1134 1188 Patre
1166 1133 1455 1198 luminum,
1480 1149 1510 1186 a
1539 1150 1648 1202 quo
1674 1150 1834 1191 omne
1856 1136 2042 1192 datum

465 1227 755 1297 optimum,
774 1234 828 1281 et
850 1241 1010 1281 omne
1035 1225 1239 1280 donum
1261 1225 1562 1296 perfectum
1580 1226 1915 1282 descendit‘.
1940 1228 2044 1283 Cui

464 1321 519 1368 et
548 1314 678 1368 illud
696 1314 996 1369 addiderim
1009 1355 1024 1379 ,
1039 1315 1184 1384 quod
1207 1331 1330 1369 mox
1349 1315 1461 1368 Arii
1486 1317 1725 1371 asseclas
1743 1334 1877 1388 πονη
1887 1334 2041 1390 pauo-

468 1406 644 1476 μένων
661 1405 896 1470 σύνοδον,
916 1409 1276 1476 improborum
1289 1409 1519 1472 turbam,
1540 1411 1723 1481 potius
1740 1428 1901 1480 quam
1919 1431 2043 1468 con-

437 1557 441 1560 .
462 1499 644 1552 cilium
657 1499 1382 1570 iitalignautium,5criptllrze
1395 1503 1576 1558 verbis
1591 1503 1816 1560 reddere
1830 1505 2037 1560 maluit.

535 1589 638 1647 Sed
670 1591 886 1660 longum
919 1591 1053 1647 foret
1083 1595 1293 1663 singula
1323 1596 1595 1666 persequi.
1636 1598 2039 1666 quotlesinter-

463 1697 588 1751 pres
612 1683 854 1737 auctoris
879 1693 1118 1739 mentem
1169 1688 1253 1741 vel
1281 1687 1523 1751 divellat,
1551 1690 1636 1745 vel
1666 1689 1922 1754 invertat,
1953 1691 2040 1745 vel

462 1789 558 1841 pro
577 1774 742 1829 claris
767 1781 821 1829 et
852 1775 1160 1832 manifestis
1182 1778 1348 1833 dubia
1376 1789 1432 1833 et
1454 1780 1691 1835 obscura
1722 1781 1882 1836 nobis
1908 1798 2038 1852 sup-

458 1873 642 1933 ponat.
674 1864 912 1934 Propero
940 1869 1005 1921 ad
1039 1869 1218 1924 locum
1271 1871 1438 1925 totius
1459 1873 1722 1941 epistolae,
1758 1889 1878 1928 meo
1908 1874 2035 1942 qui-

455 1955 577 2009 dem
600 1955 813 2024 judicio
843 1958 1242 2023 difﬁcillimum,
1261 1962 1354 2032 qui
1382 1963 1650 2034 principio
1674 1981 1795 2035 pag.
1828 1965 1894 2019 15
1926 1966 2035 2021 Ro-

454 2063 630 2100 manae
667 2049 929 2104 editionis
982 2052 1201 2120 legitur.
1236 2055 1451 2119 Ariani,
1495 2057 1673 2126 inquit
1703 2057 2032 2124 Alexander,

456 2146 514 2192 ut
537 2139 814 2194 Christum
850 2142 1070 2199 deitatis
1099 2145 1275 2214 gloria
1327 2147 1652 2218 spoliarent,
1685 2164 1779 2203 eas
1842 2165 2029 2213 voces,

451 2245 624 2299 caque
654 2229 953 2302 Scriptura:
985 2236 1100 2289 loca
1130 2251 1347 2306 semper
1382 2239 1436 2292 in
1469 2256 1565 2294 ore
1587 2240 1880 2304 habebant,
1911 2257 2032 2310 qua:

453 2319 520 2372 ad
562 2321 872 2388 passionem
900 2332 955 2378 et
997 2325 1426 2384 exinanitionem
1461 2330 1582 2399 ejus
1611 2331 1904 2400 pertinent,
1937 2348 2033 2400 pe-

451 2410 599 2467 nitus
627 2413 783 2468 obliti
825 2415 1077 2481 istorum,
1111 2420 1322 2488 quaead
1353 2421 1579 2489 gloriam
1606 2430 1661 2476 et
1687 2423 2027 2491 majestatem

453 2509 508 2557 et
540 2507 908 2574 aequalitatem
959 2525 1082 2563 cum
1125 2509 1286 2566 Patre
1333 2513 1746 2583 significandam
1800 2514 2024 2571 faciunt.

450 2592 523 2649 De
549 2612 781 2666 quorum
805 2615 1034 2656 numero
1059 2611 1144 2657 est
1172 2603 1304 2659 illud
1333 2603 1494 2664 Joan.
1528 2622 1561 2660 x
1588 2624 1603 2661 :
1643 2605 1756 2676 Ego
1792 2617 1840 2660 et
1870 2607 2031 2662 Pater

447 2697 606 2735 uiuam
643 2703 846 2742 sumus.
878 2689 1050 2758 Cujus
1073 2691 1177 2745 loci
1209 2696 1536 2748 sententiam
1565 2697 1895 2751 catholicam
1930 2699 2028 2752 ad-

447 2787 639 2829 versus
661 2776 848 2830 Arium
880 2781 1253 2848 explicaturus
1288 2783 1616 2850 Alexander,
1672 2787 1810 2841 hanc
1840 2789 2028 2861 ἐπεξή-

445 2881 605 2936 γησιν
633 2869 937 2940 subjungit.
971 2870 1126 2937 Quod
1158 2875 1377 2943 quidem
1431 2872 1697 2945 Dominus
1730 2878 1886 2942 dicit,
1917 2897 2022 2935 non

444 2952 659 3010 Patrem
693 2959 934 3028 seipsum
965 2965 1332 3031 pronuntians
1374 2985 1386 3019 :
1412 2967 1547 3019 Οὐδὲ
1573 2969 1674 3032 τὰς
1699 2975 1766 3042 τῇ
1789 2972 2024 3029 ὑποστά-

445 3062 529 3100 σει
553 3048 648 3102 δύο
694 3051 883 3121 φύσεις
915 3053 1045 3124 μίαν
1077 3051 1216 3110 εἶναι
1268 3059 1600 3130 σαφηνίζων.
1662 3061 1778 3118 Hoc
1831 3074 2023 3130 est,ut

2153 593 2279 632 cum
2312 578 2427 647 ipse
2461 579 2679 647 φύσεως
2738 597 2936 636 nomen
2993 585 3210 654 passim
3248 585 3452 640 usitato
3477 584 3748 641 Ecclesia

2153 685 2318 725 sensu
2389 680 2614 742 usurpet
2681 673 2886 744 :idque
2954 674 3233 732 mordicus
3289 685 3488 730 contra
3541 675 3735 730 Arium

2153 769 2400 827 tueatur,
2466 780 2628 817 unam
2682 780 2806 821 esse
2853 769 3223 839 eamdemque
3271 767 3452 823 Patris
3519 783 3583 822 ac
3640 766 3738 821 Fi-

2151 853 2208 906 lii
2255 863 2504 908 naturam
2527 897 2542 919 ,
2572 865 2626 911 et
2653 857 2892 912 Verbum
2925 859 3084 928 φύσει
3119 858 3315 913 Filium
3363 858 3545 913 Patris
3608 875 3734 915 esse

2150 941 2310 996 sicuti
2341 960 2369 998 e
2403 954 2594 998 contra
2629 948 2913 1002 contendit
2947 949 3146 1004 Filium
3188 965 3297 1003 non
3343 964 3466 1005 esse
3491 949 3592 1018 τῆς
3641 950 3732 1003 αὐ-

2147 1035 2244 1106 τῆς
2318 1036 2532 1104 φύσεως
2607 1041 2720 1103 τοῖς
2773 1043 3107 1113 γενομένοις.
3187 1041 3370 1108 Quare
3436 1049 3726 1112 superest,

2149 1136 2208 1178 ut
2255 1128 2420 1182 verba
2461 1127 2670 1193 Graeca,
2736 1133 2814 1185 uti
2852 1147 3000 1187 nunc
3065 1134 3288 1202 quidem
3338 1134 3501 1203 vulgo
3537 1133 3730 1202 legun-

2145 1224 2254 1278 tur,
2301 1219 2385 1273 vel
2449 1219 2827 1276 liaareticorum
2879 1223 3105 1290 malitia,
3157 1224 3243 1278 vel
3287 1225 3506 1280 inscitia
3557 1224 3728 1278 libra-

2143 1308 2350 1362 riorum
2385 1322 2642 1381 corrupta
2697 1312 2966 1368 dicamus.
3024 1313 3181 1379 Quod
3235 1313 3393 1369 facile
3436 1315 3724 1381 concedet,

2143 1401 2391 1470 quisquis
2425 1413 2662 1457 vestrum
2693 1420 2802 1459 non
2851 1405 3088 1475 ignorat,
3121 1407 3424 1471 auditores,
3459 1416 3734 1476 quantum.

2141 1491 2467 1547 calamitatis
2521 1501 2576 1548 et
2623 1511 2872 1549 errorum
2933 1505 3164 1567 utraque
3195 1498 3363 1568 pestis
3408 1505 3726 1553 sanctorum

2141 1580 2361 1636 Patrum
2394 1586 2614 1656 scriptis
2648 1577 2894 1643 intulerit
2930 1609 2942 1643 :
2978 1606 3099 1659 qua:
3137 1607 3327 1660 gressu
3360 1591 3523 1646 nimis
3550 1592 3729 1646 libero

2141 1689 2238 1743 per
2265 1674 2544 1731 Orientem
2572 1680 2867 1750 aliquando
2912 1683 3294 1752 grassabatur,
3327 1698 3450 1736 cum
3481 1683 3728 1738 dissecta.

2142 1766 2197 1820 in
2228 1767 2463 1824 haereses
2486 1778 2539 1825 et
2570 1773 2808 1842 partium
2836 1775 3017 1829 studia
3046 1774 3312 1836 Ecclesia.
3341 1777 3502 1832 malis
3524 1777 3724 1846 hujus-

2070 1839 2112 1892 Β
2140 1858 2284 1912 modi
2309 1860 2545 1924 artibus,
2570 1839 2704 1917 Fsuze
2731 1865 2967 1935 quisque
2993 1883 3172 1921 causa:
3191 1868 3552 1937 patrocinium
3578 1883 3731 1938 qua:-

2137 1958 2300 2006 reret.
2343 1951 2483 2006 l-luic
2516 1962 2698 2009 autem
2731 1957 2853 2012 loco
2881 1958 3070 2012 vitium
3095 1959 3300 2014 factum
3326 1961 3584 2030 antiquus
3631 1962 3721 2016 hi-

2136 2042 2318 2096 storia:
2335 2045 2725 2101 ecclesiasticae
2751 2048 3024 2120 interpres
3050 2051 3388 2121 Epiphanius
3415 2053 3719 2111 Scholasti-

2134 2146 2234 2186 cus
2269 2133 2476 2203 liquido
2518 2137 2760 2192 ostendit
2792 2159 2805 2194 :
2841 2156 3002 2210 quem
3047 2141 3234 2196 Graeca
3264 2144 3425 2198 verba
3449 2161 3560 2200 non
3593 2147 3718 2216 qui-

2133 2220 2256 2276 dem
2295 2233 2519 2288 mutata,
2574 2228 2667 2281 sed
2722 2231 3059 2300 transposito
3108 2235 3359 2300 articulo,
3416 2235 3519 2290 hoc
3553 2238 3719 2292 modo

2132 2315 2262 2366 olim
2310 2316 2505 2386 legisse
2553 2328 2776 2388 apparet
2813 2340 2825 2376 :
2863 2323 2997 2375 Οὐδὲ
3043 2327 3109 2395 τῇ
3157 2326 3453 2379 ὑποστάσει
3483 2327 3575 2380 δύο
3613 2329 3715 2399 φύ-

2133 2420 2246 2468 σεις
2277 2406 2373 2477 τὴν
2401 2409 2528 2477 μίαν
2573 2406 2710 2464 εἶναι
2735 2413 3063 2485 σαφηνίζων,
3111 2416 3239 2470 dum
3280 2420 3442 2472 vertit
3477 2436 3490 2471 :
3533 2418 3714 2491 Neque

2131 2495 2556 2552 subslanliuliter
2576 2499 2709 2554 duas
2733 2513 2954 2557 naturas
2993 2522 3111 2574 qua:
3148 2517 3224 2560 est
3246 2524 3373 2573 una,
3408 2509 3708 2566 declarans.

2129 2585 2301 2652 Quem
2331 2605 2519 2644 verum
2552 2600 2607 2646 et
2635 2593 2967 2650 catholicum
3001 2597 3164 2667 hujus
3197 2599 3302 2653 loci
3335 2615 3558 2655 sensum
3588 2618 3712 2659 esse

2129 2679 2285 2734 facile
2317 2683 2630 2753 perspiciet,
2664 2687 2917 2759 quisquis
2971 2689 3074 2744 hoc
3126 2691 3288 2746 modo
3323 2708 3440 2747 rem
3493 2710 3710 2750 meeum

2127 2772 2578 2828 consideraverit.
2609 2775 2903 2834 Catholicae
2929 2780 3186 2837 Ecclesia:
3206 2783 3360 2848 ﬁdes,
3392 2801 3513 2854 qua:
3539 2802 3709 2841 unum

2127 2863 2295 2921 Deum
2330 2868 2384 2921 in
2407 2866 2449 2920 Τ
2456 2868 2697 2934 riuitale,
2723 2879 2776 2925 et
2806 2872 3128 2928 Trinitatem
3161 2875 3216 2928 in
3249 2877 3455 2932 unitate
3489 2895 3712 2934 venera-

2127 2965 2236 3023 tur,
2273 2960 2418 3013 inter
2443 2963 2727 3031 oppositos
2757 2979 3006 3019 errorum
3044 2969 3322 3037 scopulos,
3357 2979 3408 3024 et
3445 2971 3708 3040 multipli-

2123 3061 2217 3102 ces
2247 3050 2654 3106 mendaciorum
2680 3054 2959 3125 ambages,
2989 3057 3153 3128 regia:
3184 3058 3283 3113 viae
3304 3058 3496 3124 instar,
3527 3062 3707 3117 medio

442 3134 712 3208 ίιιιθι-ρι-ρε
741 3140 806 3194 ad
833 3143 1059 3197 verbum
1093 3145 1269 3199 reddi;
1299 3164 1312 3200 ε
1345 3145 1526 3216 Neque
1567 3150 1704 3204 άηαε
1736 3154 2020 3208 secundum
2047 3180 2090 3238 ϐ
2128 3139 2252 3193 loco
2278 3140 2503 3205 incedit,
2533 3143 2782 3200 devitans
2808 3145 2938 3201 hinc
2971 3147 3100 3203 inde
3133 3151 3477 3205 imminentia
3529 3153 3706 3210 hatre-

442 3230 770 3295 :rypostasim
796 3241 1024 3287 naturas
1054 3250 1217 3288 unam
1256 3253 1368 3290 esse
1393 3236 1675 3294 declarans
1705 3257 1723 3294 ε
1750 3243 1845 3298 sed
1873 3245 2020 3315 quod

439 3315 634 3383 Filius,
660 3322 855 3394 inquit,
884 3329 1124 3396 perfecte
1146 3338 1428 3400 paternam
1459 3332 1876 3390 similitudinem
1906 3354 2023 3394 ser-

442 3419 554 3467 vat.
607 3413 908 3480 Quaesitum
945 3437 976 3474 a
1005 3439 1094 3479 me
1123 3424 1225 3478 fuit
1254 3426 1378 3493 quis
1418 3442 1615 3482 sensus
1648 3429 1863 3483 illorum
1900 3446 2022 3486 ver-

436 3507 632 3593 borum
669 3528 682 3562 :
719 3511 855 3564 Οὐδὲ
902 3513 1001 3578 τὰς
1045 3518 1111 3587 τῇ
1159 3518 1455 3572 ὑποστάσει
1497 3519 1590 3573 δύο
1635 3519 1829 3588 φύσεις
1889 3523 2019 3593 μίαν

436 3590 574 3651 εἶναι
605 3604 935 3674 σαφηνίξων,
971 3624 1132 3678 neque
1168 3609 1304 3664 duas
1361 3613 1646 3666 secundum
1685 3614 2015 3684 [typostasim

434 3699 685 3746 naturam
728 3711 890 3751 unam
917 3715 1028 3753 esse
1050 3698 1353 3758 declarans.
1411 3703 1549 3759 Cum
1602 3706 1749 3760 enim
1799 3707 1889 3763 hic
1921 3724 2017 3764 ne-

434 3795 706 3852 quaquam
734 3786 802 3842 de
822 3786 1241 3856 lncarnationis,
1257 3795 1372 3850 sive
1391 3797 1701 3869 οἰκονομίας
1731 3803 2012 3872 mysterio,

433 3873 488 3922 et
515 3869 855 3942 hypostatica
905 3876 1066 3934 Verbi
1096 3882 1390 3953 carnisque
1425 3887 1628 3943 unione
1666 3869 1887 3960 agatur;
1917 3893 2013 3949 sed

433 3957 502 4012 ad
535 3963 901 4021 sanctissima:
933 3966 1220 4029 Trinitatis
1271 3975 1619 4044 mysterium,
1661 3957 1777 4036 sive
1800 3957 1879 4037 ad
1897 3983 2014 4039 θεο-

432 4049 620 4119 λογίαν
656 4055 808 4112 loeus
837 4060 1123 4128 pertineat,
1157 4067 1450 4124 manifeste
1502 4071 1642 4126 duas
1668 4071 1914 4130 diversas
1958 4085 2012 4132 et

433 4139 724 4202 distinctas
762 4147 940 4206 Patris
973 4162 1028 4206 et
1085 4152 1208 4209 Filii
1238 4165 1466 4216 naturas
1496 4177 1700 4231 ponere
1736 4163 1950 4220 videtur
1991 4185 2004 4221 :

431 4233 578 4304 quod
608 4235 834 4308 impium
861 4241 977 4297 Arii
1016 4243 1212 4316 dogma
1245 4256 1384 4311 erat,
1445 4252 1534 4306 cui
1569 4252 1869 4310 refellendo
1895 4263 2008 4311 tota

430 4326 546 4383 haec
575 4332 807 4400 epistola
842 4336 1095 4405 opposita
1131 4346 1234 4394 est.
1265 4338 1405 4406 Quid
1439 4342 1648 4412 igitur?
1699 4361 1828 4400 num
1869 4345 2008 4402 forte

427 4419 602 4476 ἄλλων
635 4424 821 4495 ἰητρὸς
845 4427 1008 4492 αὐτὸς
1026 4427 1210 4484 ἕλκεσι
1242 4431 1432 4502 βρύει;
1469 4435 1564 4490 sed
1593 4436 1754 4501 absit,
1789 4445 1847 4492 ut
1879 4455 2006 4494 san-

2125 3247 2245 3287 sum
2277 3243 2545 3300 monstra,
2596 3252 2715 3305 qua:
2748 3238 2941 3292 insano
2971 3241 3210 3297 clamore
3252 3245 3534 3298 veritatem
3571 3247 3708 3301 alla-

2123 3330 2306 3378 trant:
2342 3333 2400 3378 ut
2429 3341 2603 3395 neque
2634 3343 2898 3397 personas
2928 3346 3054 3385 cum
3092 3332 3333 3389 Sabellio
3363 3335 3696 3405 confundat,

2121 3432 2297 3486 neque
2315 3433 2438 3470 cum
2462 3418 2594 3472 Ario
2623 3420 2987 3476 substantiam
3020 3432 3258 3494 separet.
3289 3425 3445 3481 Hane
3471 3429 3704 3485 catholi-

2120 3523 2196 3563 ca:
2216 3509 2459 3566 veritatis
2489 3527 2814 3584 cynosuram
2835 3512 3207 3568 Alexandrqu
3230 3532 3446 3587 quoque
3463 3519 3565 3574 hoc
3580 3523 3703 3577 loco

2119 3608 2366 3656 secutum
2389 3612 2626 3667 constat,
2652 3605 2744 3674 qui
2773 3606 3068 3674 propositis
3098 3605 3303 3662 Christi
3329 3609 3532 3675 verbis,
3559 3610 3702 3668 duos

2119 3691 2248 3747 hinc
2295 3692 2422 3748 inde
2468 3693 2806 3751 adulterinos
2862 3713 3058 3753 sensus
3113 3713 3423 3766 removens,
3476 3703 3699 3758 tertium

2116 3782 2313 3839 deinde
2345 3801 2534 3840 verum
2565 3793 2618 3842 et
2650 3788 2948 3858 genuinum
2984 3790 3288 3862 subjungit.
3317 3791 3451 3862 Ego,
3497 3794 3696 3864 inquit,

2114 3885 2162 3938 et
2185 3876 2346 3932 Pater
2371 3893 2533 3932 unum
2550 3895 2755 3944 smnus,
2781 3897 2886 3935 non
2916 3888 2975 3935 ut
2991 3898 3050 3937 se
3069 3881 3286 3937 Patrem
3318 3899 3440 3940 csse
3459 3885 3698 3962 alIirma-

2115 3974 2217 4024 ret.
2250 3982 2358 4036 quo
2391 3982 2746 4036 personarum
2769 3967 3244 4037 confusioneu‘i,et
3269 3969 3696 4026 Sabelliiuiona't-

2113 4075 2243 4129 τορα
2275 4059 2436 4114 tollit.
2478 4058 2664 4129 Neque
2693 4069 2752 4114 ut
2781 4060 3218 4116 substantialiter
3265 4061 3405 4118 duas
3443 4071 3692 4128 naturas,

2111 4167 2231 4221 quae
2257 4159 2340 4206 est
2370 4168 2496 4216 una,
2527 4151 2830 4208 declararet
2871 4171 2886 4208 :
2923 4153 3029 4208 hoc
3058 4162 3164 4220 est,
3198 4170 3309 4209 non
3352 4162 3410 4208 ut
3442 4171 3606 4210 unam
3627 4172 3694 4212 ac

2111 4244 2577 4313 simplicissimam
2606 4243 2788 4300 Patris
2819 4244 3053 4316 Filiique
3075 4254 3327 4300 naturam
3358 4247 3415 4301 in
3447 4248 3585 4304 duas
3609 4248 3694 4302 di-

2108 4335 2315 4391 videret
2347 4355 2360 4390 :
2386 4351 2497 4406 quo
2551 4336 2870 4392 substantiae
2915 4338 3316 4407 separationem
3347 4341 3416 4394 ab
3444 4339 3576 4395 Ario
3604 4341 3692 4396 in-

2110 4429 2419 4484 troductam
2450 4439 2711 4485 removet.
2736 4427 3003 4493 Tandem,
3034 4430 3266 4486 sublatis
3298 4430 3569 4488 hincinde
3599 4448 3690 4487 er-

428 4513 741 4568 ctissimum
790 4517 969 4572 virum
1007 4518 1325 4591 hujusmodi
1356 4525 1478 4581 labe
1529 4543 1819 4599 aspergere
1849 4533 2004 4603 quis-
2038 4520 2086 4578 Ι)
2110 4537 2292 4577 rorum
2324 4521 2607 4587 extremis,
2642 4522 2969 4587 catholicam
2999 4522 3122 4592 ejus
3148 4521 3252 4577 loci
3285 4529 3524 4579 mentem
3552 4526 3686 4580 sub-

426 4622 592 4673 quam
645 4615 876 4662 conetur
911 4607 922 4658 !
952 4611 1080 4667 Mihi
1143 4629 1274 4670 vero
1316 4617 1421 4672 loci
1451 4618 1617 4687 hujus
1676 4625 2000 4680 sententiam

426 4699 612 4752 animo
635 4701 878 4755 versanti
938 4702 1059 4758 duae
1102 4708 1470 4764 occurrebant
1498 4713 1763 4780 rationes,
1798 4718 2000 4786 quibus

426 4790 473 4846 si
508 4808 620 4847 non
644 4792 930 4862 explicari,
976 4797 1167 4854 saltem
1189 4804 1442 4856 excusari
1497 4820 1660 4874 posse
1689 4809 1996 4865 videbatur.

425 4879 696 4938 Videlicet
747 4888 1051 4949 auctorem,
1085 4895 1145 4940 ut
1175 4887 1509 4946 Arianorum
1561 4897 1890 4952 sententiam
1920 4915 2000 4955 re-

424 4971 595 5036 fellat,
625 4973 870 5044 ipsorum
896 4975 1001 5030 sibi
1031 4993 1194 5034 voces
1224 4997 1288 5036 ac
1343 4982 1609 5040 formulas
1638 4990 1859 5045 mutari.
1901 4989 2013 5046 Vel.

421 5063 471 5120 si
492 5079 593 5120 suo
613 5081 802 5131 sensu,
821 5067 1045 5137 suisque
1061 5070 1244 5127 verbis
1270 5074 1514 5132 locutum
1542 5081 1795 5146 velimus,
1813 5082 1996 5152 φύσιν,

419 5154 537 5209 sive
568 5163 816 5214 naturam
841 5172 941 5226 pro
970 5158 1264 5217 ὑποστάσει
1309 5170 1587 5238 accepisse
1621 5189 1632 5225 :
1680 5173 1828 5242 quod
1856 5174 1999 5230 forte

417 5245 926 5314 antiquissimorum
955 5257 1240 5307 auctorum
1264 5259 1528 5328 exemplis
1549 5277 1658 5316 non
1683 5271 1852 5319 caret.
1888 5265 1996 5320 Sed

417 5335 547 5387 dum
579 5338 826 5404 pressius
859 5342 1077 5411 singula
1127 5347 1395 5414 expende,
1422 5359 1677 5408 neutrum
1717 5355 1852 5409 mihi
1887 5357 1993 5411 loci

416 5438 615 5481 sensus
645 5426 931 5486 admittere
959 5434 1192 5490 videtur.
1220 5437 1464 5496 Primum
1515 5444 1659 5498 enim
1707 5448 1844 5512 suis,
1878 5464 1989 5504 non

415 5516 746 5572 Arianorum
763 5523 965 5592 verbis,
992 5542 1116 5582 eum
1141 5532 1288 5601 loqui
1329 5533 1836 5593 manifestissimum
1878 5551 1984 5598 est.

411 5601 619 5699 Ileinde
679 5615 957 5684 utcunque
997 5621 1245 5689 exempla
1295 5624 1419 5693 quis
1456 5625 1701 5696 proferat
1747 5629 1982 5699 φύσεως,

411 5695 524 5754 sive
564 5705 772 5748 natura!
803 5719 990 5762 vocem
1020 5695 1471 5781 ρι’σὺποστάσει
1495 5720 1789 5791 aliquando
1827 5738 1984 5780 acce-

513 5849 673 5908 ‘Jar.
719 5873 755 5925 ι,
797 5858 879 5914 17.
934 5833 938 5836 ⁵

2103 4613 2247 4684 jicit,
2277 4613 2531 4668 videlicet
2563 4612 2760 4667 Filium
2789 4624 2986 4668 natura
3019 4613 3168 4669 Patri
3201 4630 3300 4685 per
3323 4616 3508 4670 omnia
3533 4616 3687 4673 simi-

2107 4707 2233 4771 lem,
2267 4714 2323 4760 et
2350 4704 2674 4759 invariatam
2699 4703 2879 4760 Patris
2929 4705 3218 4777 imaginem
3250 4723 3373 4764 esse
3403 4726 3416 4762 :
3450 4724 3560 4779 quo
3593 4708 3684 4764 ille

2102 4805 2157 4853 et
2212 4814 2374 4852 unam
2433 4798 2788 4869 eamdemque
2841 4797 3020 4854 Patris
3047 4806 3102 4854 et
3133 4797 3254 4853 Filii
3302 4808 3575 4866 naturam,
3628 4810 3684 4856 et

2103 4892 2398 4947 distinctas
2424 4892 2696 4964 prototypi
2719 4898 2774 4947 et
2802 4892 3056 4963 imaginis
3082 4892 3408 4966 hypostases
3452 4893 3684 4950 conﬁte-

2105 4993 2212 5039 tur.
2239 4983 2347 5039 Sed
2377 4985 2466 5038 hic
2495 4985 2628 5038 mihi
2657 5000 2844 5041 aurem
2873 4986 2998 5056 quis
3036 4986 3275 5051 vellicet,
3305 4996 3361 5041 et
3407 4987 3538 5058 quid
3585 4987 3682 5042 δύο

2103 5079 2169 5148 τῇ
2205 5078 2504 5131 ὑποστάσει
2561 5077 2752 5146 φύσεις
2806 5078 2909 5134 sibi
2973 5079 3160 5144 velint,
3212 5077 3356 5133 haud
3409 5079 3686 5137 immerito

2100 5177 2330 5241 quaerat,
2353 5185 2479 5225 cum
2508 5171 2652 5240 apud
2703 5179 2932 5226 caeteros
2976 5170 3235 5227 Ecclesiae
3285 5171 3476 5228 Patres
3534 5173 3681 5229 haud

2101 5263 2260 5318 facile
2284 5262 2602 5332 hujusmodi
2629 5262 2888 5332 loquendi
2919 5263 3141 5318 modum
3173 5264 3248 5320 sit
3283 5266 3545 5336 reperire.
3573 5265 3681 5322 Sed

2099 5372 2212 5411 non
2227 5339 2344 5410 uno
2370 5355 2535 5425 hujus
2559 5354 2801 5424 epistolae
2831 5355 2951 5408 loco
2979 5355 3191 5408 ostendi
3211 5363 3391 5425 potest
3444 5358 3683 5412 ὑποστά-

2101 5463 2236 5510 σεως
2263 5446 2582 5500 vocabulum
2608 5458 2714 5498 non
2737 5449 2846 5496 tam
2874 5443 3215 5498 individuum
3243 5461 3339 5501 seu
3360 5445 3678 5504 distinctum

2096 5538 2473 5609 personalibus
2494 5534 2916 5606 proprietatibus
2951 5535 3280 5604 subjectum,
3308 5539 3392 5592 vel
3414 5555 3678 5609 persona-

2090 5631 2198 5684 lcm
2246 5627 2655 5687 subsistentiam
2695 5628 2909 5682 auctori
2944 5635 3134 5682 nostro
3155 5627 3484 5699 significare,
3510 5647 3676 5701 quam

2091 5722 2312 5778 modum
2338 5719 2694 5788 subsistendi,
2723 5735 2882 5790 quem
2916 5719 3164 5777 Justinus
3192 5720 3418 5794 Martyr,
3476 5725 3680 5796 aliique
