4132 6470
417 388 522 442 543

1477 386 1535 441 S.
1579 385 1999 442 ALEXANDER
2033 387 2586 444 ALEXANDRINUS.

3548 386 3652 447 5M

413 495 588 558 θηρὶ
613 497 845 569 theologi
865 498 953 551 τὸν
985 496 1183 569 τρόπον
1202 498 1299 569 τῆς
1330 498 1636 569 ὑπάρξεως,
1687 501 1770 555 vel
1823 500 1985 555 etiam

2096 510 2297 573 terpres
2330 500 2535 557 recedit
2567 520 2580 556 :
2626 499 2899 571 Tanquam
2944 515 3035 569 per
3078 498 3270 570 ipsum,
3301 499 3436 555 velut
3462 501 3655 556 imma-

416 590 759 659 simpliciler,
798 588 894 659 τὴν
952 586 1184 660 ὓπαρξιν
1237 590 1533 660 appellant.
1587 589 1665 644 lta
1724 591 1984 647 Joannem

414 680 805 750 evangelistam
854 680 1124 735 dicentem
1157 699 1172 736 :
1200 679 1266 735 In
1301 681 1557 751 principio
1590 693 1703 736 erat
1736 681 1984 749 Verbum,

415 780 470 828 et
532 770 711 824 omnia
770 786 863 840 per
917 772 1086 839 ipsum
1136 772 1283 842 facta
1331 784 1474 837 sunt,
1520 774 1616 846 τὴν
1689 776 1989 849 ἰδιότροπον

418 867 582 920 αὑτοῦ
615 866 934 933 ὑπόστασιν,
955 868 1238 937 proprium
1281 864 1402 936 ejus
1453 870 1820 926 subsistentia:
1876 888 1990 928 mo-

417 956 570 1020 dum,
595 960 730 1025 sive,
756 968 814 1012 ut
839 957 1173 1028 Epiphanius
1196 960 1377 1026 vertit,
1407 963 1682 1030 prepriam
1711 962 1831 1032 ejus
1860 964 1991 1019 sub-

419 1049 677 1105 stantiam
720 1049 1035 1119 designasse
1057 1050 1133 1102 ait
1174 1067 1187 1102 :
1234 1048 1411 1118 ipsum
1459 1050 1669 1104 scilicet
1725 1050 1987 1116 Verbum,

417 1155 516 1212 per
541 1140 686 1211 quod
712 1140 851 1195 facta
880 1149 1007 1193 sunt
1038 1139 1243 1205 omnia,
1269 1139 1439 1196 fuisse
1458 1144 1776 1196 anteomnia
1799 1151 1991 1199 etesse

419 1233 538 1289 sive
565 1232 865 1289 subsistere
904 1230 1179 1286 diversum
1210 1230 1341 1301 quid
1391 1247 1423 1285 a
1455 1233 1668 1288 caeteris
1694 1234 1986 1289 omnibus:

419 1338 584 1394 quam
618 1323 707 1377 ille
754 1322 1052 1391 signanter,
1106 1320 1404 1393 ἰδιότροπον
1457 1321 1751 1376 ὑπόστασιν
1809 1329 1987 1375 vocat.

420 1414 631 1482 Quibus
680 1413 841 1484 paulo
900 1421 1021 1481 post
1077 1412 1379 1482 subjungit,
1427 1413 1687 1467 mundum
1726 1429 1791 1467 ex
1822 1412 1992 1468 nihilo

419 1501 778 1574 productum,
831 1499 1100 1572 νεωτέραν
1140 1500 1283 1569 ἔχειν
1345 1500 1445 1570 τῆς
1490 1500 1837 1563 ὑποστάσεως
1901 1502 1992 1555 καὶ

419 1594 730 1669 πρόσφατον
757 1593 990 1662 γένεσιν,
1030 1594 1370 1646 recentiorem
1413 1593 1657 1647 habuisse
1694 1596 1991 1663 generatio-

421 1703 560 1751 nem,
588 1688 721 1751 sive,
754 1694 812 1739 ut
835 1683 1173 1755 Epiphanius
1199 1687 1266 1739 ad
1310 1685 1534 1739 verbum
1567 1684 1764 1750 reddit,
1820 1685 1993 1739 novel-

420 1777 527 1833 lam
545 1776 732 1831 habere
756 1776 1067 1832 substantia:
1096 1787 1469 1848 recentemque
1503 1777 1849 1830 nativitatem.
1890 1775 1992 1832 Ubi

419 1870 555 1945 nihil
586 1868 732 1923 aliud
762 1869 1115 1932 ὑποστάσεως
1143 1885 1276 1925 voce
1325 1869 1548 1939 intelligi
1598 1879 1799 1939 potest,
1828 1884 1989 1939 quam

420 1963 539 2039 ipsa
579 1961 812 2034 ὑπαρξις
832 1971 887 2017 et
917 1963 1257 2018 exsistentia.
1288 1960 1441 2016 Unde
1495 1978 1657 2031 quam
1702 1961 1865 2014 modo
1892 1961 1992 2032 τῆς

421 2054 771 2116 ὑποστάσεως
800 2051 1035 2120 γένεσιν,
1059 2053 1453 2120 productionem
1506 2052 1574 2105 ad
1632 2051 1992 2106 exsistendum

420 2142 580 2210 dixit,
607 2161 732 2200 mox
763 2144 1127 2215 sequipollenti
1161 2145 1426 2199 vocabulo
1453 2144 1708 2197 οὑσίωσιν
1736 2144 1989 2213 appellat.

422 2234 489 2289 Et
520 2235 711 2306 paucis
746 2235 1050 2306 interjectis
1109 2234 1228 2289 Filii
1288 2234 1551 2306 unigeniti
1607 2236 1994 2307 ἀνεκδιήγητον

422 2326 718 2381 ὑπόστασιν
748 2335 943 2394 vocat;
979 2327 1047 2382 de
1071 2342 1179 2396 qua
1210 2324 1449 2398 spiritus
1504 2336 1728 2383 sanctus
1760 2329 1994 2399 prophe-

423 2419 534 2473 tico
561 2419 782 2474 oraculo
829 2418 1040 2473 dixerat
1075 2437 1087 2472 τ
1118 2418 1229 2490 Τὴν
1282 2419 1475 2488 γενεὰν
1522 2418 1682 2473 αὑτοῦ
1742 2419 1822 2482 τες
1876 2419 1994 2490 διη-

422 2506 686 2581 ﬁssam;
742 2506 1139 2563 Generationem
1188 2508 1302 2577 ejus
1355 2509 1472 2579 quis
1525 2508 1834 2564 enarrabit?
1893 2509 1994 2564 libi

425 2599 719 2653 ὑπόστασιν
752 2607 806 2653 et
827 2598 1019 2667 γενεάν
1053 2601 1362 2669 promiscue
1388 2613 1487 2669 pro
1535 2614 1646 2653 uno
1696 2599 1996 2670 eodemque

426 2691 557 2762 poni
589 2690 713 2761 quis
742 2706 851 2744 non
878 2690 1058 2743 videt?
1079 2690 1209 2756 Quae
1238 2690 1362 2745 licet
1386 2691 1441 2743 in
1467 2690 1669 2745 divinis
1708 2691 1818 2745 sint
1847 2692 1987 2745 inse-

424 2782 715 2854 parabilia,
749 2782 802 2836 iu
833 2785 1045 2836 caeteris
1079 2790 1259 2837 tamen
1291 2785 1537 2854 γενητοῖς
1578 2782 1760 2850 γενεά,
1792 2784 1875 2835 via
1926 2783 1993 2848 ad

425 2871 726 2927 ὑπόστασιν
753 2887 875 2927 esse
908 2871 1141 2927 videtur.
1166 2869 1369 2926 Verum
1393 2883 1447 2927 et
1482 2872 1615 2927 illud
1641 2888 1709 2928 ex
1742 2874 1877 2929 locis
1908 2873 1997 2926 ha-

426 2972 624 3020 ctenus
658 2980 689 3018 a
734 2980 821 3020 me
850 2964 1132 3035 productis
1189 2980 1287 3021 vos
1338 2966 1682 3036 perspexisse
1736 2964 1991 3027 arbitror,

429 3053 792 3126 Epiphanium
816 3062 1050 3110 veterem
1089 3057 1458 3126 interpretem,
1504 3057 1705 3125 ubique
1762 3054 1997 3109 ὑποστά-

2088 594 2323 646 culatum
2348 602 2396 647 et
2423 591 2651 646 animale
2681 592 2945 660 speculum
2975 590 3168 645 divina:
3215 590 3462 660 imaginis
3491 590 3656 645 Pater

2088 686 2487 755 conspiceretur.
2540 683 2665 738 Hau:
2715 684 3058 754 interpretes.
3092 680 3335 749 Quorum
3382 684 3655 739 neminem

2090 776 2331 829 auctoris
2376 781 2614 830 mentem
2644 784 2960 844 penetrasse
2986 773 3348 843 praelicenter,
3402 774 3497 830 sed
3529 788 3658 829 vere

2089 864 2465 921 aﬂirmavcrim
2496 885 2507 920 :
2538 881 2660 921 cum
2692 866 3024 936 transposita
3046 866 3329 921 distinctio
3372 866 3658 937 glaucoma

2089 956 2226 1026 ipsis
2263 955 2536 1011 ot'l‘uderit.
2573 955 2681 1011 Sed
2713 971 2837 1010 cum
2865 971 2933 1011 ex
2966 955 3071 1010 levi
3113 956 3320 1011 erroris
3370 955 3658 1012 occasione

2089 1047 2307 1117 elegans
2336 1046 2642 1101 disserendi
2670 1048 2929 1101 materies
2962 1060 3020 1101 se
3048 1044 3264 1109 olIerat,
3288 1044 3423 1099 illud
3455 1045 3661 1116 princi-

2091 1140 2181 1206 pio
2208 1138 2533 1201 monuerim,
2563 1136 3019 1207 quemadmodum
3049 1136 3443 1191 nobilissimam
3470 1134 3662 1191 Corin-

2090 1226 2189 1280 tbii
2221 1227 2345 1281 aeris
2376 1228 2682 1291 misturam,
2714 1241 2782 1280 ex
2804 1226 2923 1280 auri
2955 1225 3293 1295 aliorumque
3320 1225 3659 1281 metallorum

2091 1318 2477 1387 colliquatione
2503 1326 2717 1373 enatam
2748 1324 2959 1373 veteres
2992 1317 3279 1387 prodidere
3312 1333 3326 1371 :
3358 1316 3433 1371 ita
3458 1332 3524 1372 ex
3560 1330 3658 1371 va-

2092 1410 2191 1479 riis
2222 1408 2531 1464 divinorum
2560 1408 2902 1476 elo-;uiorum
2935 1406 3184 1463 conﬂatis
3210 1408 3351 1461 inter
3371 1422 3429 1462 se
3443 1414 3498 1461 et
3529 1422 3663 1461 con-

2093 1502 2387 1557 tessellatis
2421 1502 2579 1565 locis,
2630 1510 2887 1571 tanquam
2916 1515 2982 1556 ex
3013 1515 3148 1555 auro
3178 1500 3406 1570 probato
3436 1500 3659 1570 septies.

2095 1594 2518 1664 pulcherrimum
2548 1594 2699 1647 illum
2724 1600 2778 1648 et
2807 1609 2934 1648 vere
2956 1608 3179 1648 aureum
3209 1600 3521 1647 sanctorum
3556 1590 3661 1646 Pa-

2094 1692 2237 1738 trum
2262 1684 2519 1754 loquendi
2550 1684 2926 1756 characterem
2959 1684 3245 1738 exsistere.
3280 1682 3450 1748 Quem
3478 1685 3571 1752 qui
3604 1684 3661 1737 in

2095 1789 2277 1829 rerum
2300 1788 2578 1829 sacrarum
2605 1775 2929 1827 tractatione
2959 1773 3258 1842 negligunt,
3292 1773 3369 1826 illi
3420 1775 3661 1842 plerum-

2093 1883 2198 1936 que
2217 1866 2667 1937 persuasibilibus
2683 1866 2935 1919 humana:
2948 1865 3229 1933 sapientia:
3244 1866 3421 1919 verbis
3439 1865 3662 1935 turgidi,

2093 1958 2412 2013 ostensione
2433 1964 2613 2011 autem
2668 1955 2897 2026 spiritus
2933 1964 2987 2009 et
3016 1954 3237 2009 virtutis
3282 1954 3550 2015 destituti.
3588 1971 3663 2011 ωε

2093 2065 2313 2108 sonans.
2334 2058 2391 2103 ut
2406 2047 2648 2117 Apostoli
2668 2047 2847 2102 verbis
2861 2052 3000 2109 utar,
3014 2055 3067 2099 et
3082 2045 3386 2116 cymbalum
3399 2047 3663 2101 tinniens‘

2091 2142 2345 2199 evadunt.
2384 2141 2514 2195 Mihi
2572 2148 2752 2195 autem
2777 2140 2943 2193 'inter
2979 2146 3173 2192 caetera
3205 2153 3321 2193 sam
3340 2146 3517 2190 torum
3562 2137 3664 2191 Pa-

2094 2241 2234 2287 trum
2271 2241 2640 2298 monumenta,
2672 2246 2792 2301 qua:
2815 2245 2961 2285 nunc
2991 2230 3059 2284 ad
3089 2244 3308 2283 manum
3365 2237 3493 2285 sunt
3538 2230 3666 2284 Alc-

2093 2326 2285 2380 xandri
2317 2326 2560 2394 epistola:
2583 2322 3006 2394 pulcherrimam
3036 2322 3378 2376 venniculati
3426 2322 3511 2376 vel
3545 2337 3665 2376 ntu-

2094 2418 2195 2473 sivi
2227 2419 2407 2487 operis
2440 2416 2674 2485 Speciem
2710 2414 2911 2470 referre
2941 2414 3217 2468 videntur.
3265 2414 3341 2466 lta
3388 2415 3665 2483 perpetuis

2093 2522 2264 2562 sacrae
2304 2506 2600 2577 Scriptura:
2643 2507 2984 2562 emblematis
3021 2506 3376 2560 interstincta:
3402 2506 3660 2560 relucent.

2078 2597 2248 2663 ~Quod
2278 2613 2387 2668 pne
2418 2597 2652 2661 caeteris,
2702 2596 2785 2650 vel
2844 2610 2989 2649 unus
3024 2595 3112 2649 hic
3160 2596 3314 2649 locus
3363 2596 3666 2649 luculenter

2092 2691 2353 2747 OStendit.
2385 2690 2521 2745 Cum
2564 2691 2708 2745 enim
2744 2688 3036 2759 Sapientia:
3088 2702 3209 2756 cap.
3254 2703 3353 2749 vn,
3387 2688 3529 2741 inter
3557 2688 3665 2741 alia

2095 2786 2376 2839 innumera
2405 2782 2600 2852 elogia.
2637 2780 2913 2851 Sapientia
2947 2778 3129 2832 divina
3162 2789 3383 2832 vocetur
3418 2778 3669 2848 ἀπαύγα-

2096 2891 2207 2940 σμα
2260 2874 2431 2942 φωτὸς
2490 2873 2682 2938 ἀϊδίου,
2743 2873 2836 2924 καὶ
2873 2870 3133 2940 ἔσοπτρον
3185 2870 3515 2940 ἀκηλίδωτον
3565 2870 3668 2942 τῆς

2092 2965 2185 3019 τοῦ
2240 2965 2373 3018 Θεοῦ
2432 2964 2731 3035 ἐνεργείας.
2794 2964 2889 3016 καὶ
2944 2961 3107 3015 εἰκὼν
3169 2962 3268 3032 τῆς
3333 2962 3672 3034 ἀγαθότητος

2094 3055 2257 3110 αὑτοῦ
2289 3073 2300 3085 ⁸
2328 3057 2432 3110 hoc
2468 3063 2572 3121 est,
2622 3054 2821 3109 candor
2867 3053 3000 3107 lucis
3045 3062 3285 3116 wternw,
3315 3063 3365 3106 et
3398 3055 3667 3121 speculum

434 3162 575 3209 σεως
602 3161 811 3210 vocem,
842 3162 951 3200 non
976 3147 1387 3202 subsistentiam
1417 3164 1484 3203 ex
1511 3156 1727 3217 recepta
1776 3157 1997 3201 sancto-
2025 3180 2068 3237 ε
2099 3149 2211 3203 sine
2231 3149 2440 3201 macula
2478 3147 2570 3200 Dei
2600 3147 2918 3215 majestatis,
2942 3154 2990 3198 et
3014 3146 3186 3215 imago
3209 3144 3460 3199 bonitatis
3494 3145 3665 3210 illius,

431 3250 553 3290 rum
583 3234 799 3290 Patrum
832 3244 887 3290 et
923 3235 1135 3291 Sebola:
1174 3236 1591 3303 consuetudine,
1626 3237 1720 3291 sed
1742 3237 2001 3303 substane

429 3324 560 3378 tiam
590 3339 715 3378 cum
746 3325 961 3395 vulgato
1003 3325 1301 3382 Bibliorum
1348 3329 1639 3397 interprete
1681 3328 1998 3383 reddidisse.

432 3412 586 3471 Unde
606 3422 658 3470 et
685 3416 787 3470 hoc
808 3416 946 3482 loco,
969 3417 1069 3482 τὰς
1090 3421 1156 3489 τῇ
1186 3420 1481 3473 ὑποστάσει
1501 3418 1592 3472 δύο
1615 3419 1824 3489 φύσεις,
1850 3418 2002 3473 subs-

429 3507 727 3562 tantiaﬁter
745 3505 880 3562 duas
900 3518 1119 3564 naturas
1139 3511 1332 3577 vertit;
1358 3511 1461 3564 hoc
1483 3519 1567 3566 est
1593 3524 1823 3581 quarum
1852 3517 2002 3564 utra-

430 3611 536 3666 que
565 3594 835 3651 diversam
866 3597 1228 3655 substantiam
1258 3600 1375 3656 sive
1402 3599 1740 3656 subsistendi
1779 3601 2001 3655 modum

431 3685 647 3743 habeat.

504 3775 685 3848 Atque
714 3781 830 3836 haec
862 3781 1078 3850 quidem
1114 3779 1179 3836 ad
1198 3779 1489 3844 diﬂicilem,
1515 3788 1569 3836 et
1593 3797 1718 3836 vere
1740 3778 2001 3835 Gordium

433 3868 600 3938 hujus
620 3873 862 3941 epistolae
892 3872 1118 3937 nodum,
1148 3873 1231 3927 vel
1263 3874 1604 3936 solvendum,
1632 3873 1718 3928 vel
1753 3873 2005 3928 scinden-

434 3957 565 4014 dum
598 3961 926 4029 attuli.Quae
947 3978 1047 4033 ego
1073 3963 1379 4017 doctiorum
1419 3962 1626 4031 judicio
1649 3962 1846 4017 lubens
1882 3965 2008 4019 sub-

437 4051 611 4106 mitto.
637 4050 712 4108 De
737 4069 845 4124 quo
868 4055 989 4110 loco
1022 4055 1067 4111 si
1090 4055 1212 4125 quis
1241 4054 1476 4109 certiora
1510 4068 1596 4111 me
1621 4052 1890 4119 docuerit,
1922 4069 2006 4108 me

438 4140 529 4197 ille
557 4158 805 4216 magnam
829 4145 933 4202 sibi
962 4146 1154 4218 gratia:
1180 4143 1485 4200 mercedem
1510 4143 1649 4214 apud
1671 4159 1757 4200 me
1790 4160 2006 4215 prome—

437 4236 629 4289 ruerit.

510 4324 586 4381 Ex
625 4329 885 4398 praedicto
923 4328 1048 4393 divi;
1069 4326 1298 4383 Joannis
1341 4329 1461 4383 loco
1508 4330 1842 4401 probaturus
1881 4327 2006 4383 Ale-

434 4416 642 4473 xander
667 4417 863 4473 Filium
892 4417 985 4474 Dei
1022 4433 1117 4488 per
1154 4406 1337 4474 omnia
1377 4420 1682 4490 exprimere
1713 4429 1766 4474 et
1801 4418 2005 4474 referre

2101 3240 2225 3309 quis
2244 3255 2351 3294 non
2381 3239 2525 3294 videt
2545 3238 2655 3294 divi
2696 3236 2851 3292 Pauli
2875 3240 3123 3308 exemplo
3147 3240 3325 3292 locum
3362 3238 3509 3293 hunc
3542 3238 3670 3293 inde

2102 3330 2240 3386 vivis
2295 3330 2571 3384 coloribus
2630 3328 3049 3383 adumbratum?
3094 3327 3266 3397 Cujus
3336 3344 3437 3398 ego
3499 3329 3670 3383 ductu

2101 3430 2155 3479 et
2180 3422 2461 3492 auspiciis,
2481 3422 2589 3475 duo
2611 3422 2699 3475 illa
2716 3421 2948 3490 epitheta
2981 3420 3188 3489 speculi
3218 3418 3549 3489 ἀκηλιδάνεου
3572 3421 3669 3475 καὶ

2102 3512 2369 3584 ἐμψύχου,
2398 3514 2540 3567 male
2563 3512 2630 3566 ab
2676 3510 3070 3580 interpretibus
3128 3510 3425 3580 conjuncta
3474 3509 3671 3564 distin-

2102 3605 2282 3659 ctione
2306 3604 2627 3674 interposita
2654 3601 2936 3657 diviserim
2963 3619 2976 3655 :
3007 3608 3062 3655 et
3114 3602 3385 3672 posterius
3419 3601 3487 3656 ad
3531 3602 3671 3656 divi-

2102 3710 2227 3750 nam
2258 3695 2546 3766 imaginem
2570 3693 2881 3750 retulerim:
2917 3692 3129 3764 ’Ὠσπερ
3151 3693 3216 3746 δι’
3245 3693 3507 3763 ἐσόπτρου
3534 3695 3671 3763 ἀκηα-

2102 3786 2345 3851 λιδὼτου,
2382 3787 2476 3840 καὶ
2508 3785 2750 3857 ἐμψύχου
2797 3782 2947 3846 θείας
2994 3783 3198 3846 εἰκόνος
3229 3782 3392 3835 αὐτοῦ
3436 3783 3675 3854 θεωρου-

2108 3881 2270 3950 μένου
2290 3878 2383 3932 τοῦ
2408 3878 2638 3950 Πατρός·
2674 3876 2938 3943 Quoniam
2972 3891 3064 3946 per
3106 3876 3276 3945 ipsum
3301 3884 3548 3945 tanquam
3580 3891 3673 3945 per

2104 3971 2370 4041 speculum
2401 3968 2512 4023 sine
2532 3967 2763 4032 macula,
2786 3975 2837 4021 et
2865 3983 3041 4025 veram
3069 3968 3175 4020 sive
3198 3966 3492 4019 animatum
3535 3965 3673 4019 divi-

2105 4079 2230 4118 nam
2255 4061 2539 4131 imaginem
2561 4061 2671 4129 ipse
2701 4060 2862 4113 etiam
2893 4057 3058 4112 Pater
3084 4058 3425 4126 conspicitur.
3459 4055 3669 4111 Etenim

2104 4171 2229 4210 cum
2260 4154 2552 4224 Apostolus
2577 4151 2643 4206 ad
2667 4150 2884 4206 Coloss.
2907 4166 2947 4211 ι,
2973 4165 3117 4205 vers.
3144 4149 3228 4212 l5,
3273 4147 3467 4202 Filium
3490 4149 3672 4201 εἰκόνα

2103 4243 2198 4300 τοῦ
2230 4243 2765 4317 ἀοράτου,ἰηια9ἕηεηι
2799 4240 2897 4295 Dei
2932 4239 3208 4293 invisibilis
3245 4240 3588 4308 appellasset,
3618 4246 3673 4292 et

2104 4339 2269 4394 Arius
2296 4335 2540 4407 improbe
2560 4334 2627 4388 ad
2656 4330 3044 4388 stabiliendum
3103 4346 3345 4385 errorem
3384 4345 3544 4385 suum
3605 4344 3672 4384 eo

2107 4431 2229 4485 loco
2262 4429 2595 4491 abuteretur,
2624 4420 2858 4494 eleganti
2883 4436 3017 4477 sane
3038 4420 3298 4490 adjuncto
3332 4432 3523 4477 noster
3572 4433 3674 4472 au-

434 4505 612 4564 Patris
642 4518 915 4570 naturam,
945 4510 1174 4579 ejusque
1206 4509 1643 4580 ἀπαράλλακτον,
1682 4512 1802 4566 sine
1850 4511 1995 4565 iuva-

2105 4530 2224 4577 ctor
2275 4518 2539 4590 ἔμψυχον,
2583 4516 2700 4571 sive
2739 4513 3033 4566 animatam
3080 4511 3369 4582 imaginem
3421 4510 3673 4566 eumdem

435 4602 629 4657 riatsm
660 4603 947 4675 imaginem
997 4604 1273 4673 exhibere,
1321 4606 1494 4675 ipsius
1542 4607 1742 4662 Christi
1788 4606 2002 4661 Domini

434 4694 618 4749 verbis
648 4709 714 4749 ex
745 4696 931 4751 eodem
962 4699 1289 4767 evangelista
1318 4699 1371 4754 id
1392 4697 1699 4761 conﬁrmat,
1733 4696 1837 4762 Qui
1866 4697 2003 4751 videt

434 4801 538 4850 me,
568 4785 703 4841 videt
728 4797 777 4841 et
816 4787 1051 4854 Patrem,
1097 4797 1150 4845 et
1189 4791 1510 4860 subjuugit:
1548 4790 1757 4861 ’Ὠσπερ
1793 4788 1860 4842 δι’
1887 4790 2000 4853 ,ἐσ-

432 4873 638 4949 όπτρου
668 4878 998 4951 ἀκηλιδώτου
1032 4881 1124 4934 καὶ
1147 4880 1409 4953 ἐμψύχου,
1435 4880 1584 4945 Θείας
1608 4880 1813 4944 εἰκόνος
1832 4880 1995 4935 αὑτοῦ

433 4966 807 5041 θεωρουμένου
857 4970 949 5025 τοῦ
984 4973 1215 5045 Πατρός.
1254 4972 1688 5046 Quandoquidem
1714 4959 1999 5044 Paterper

432 5060 606 5131 ipsum
644 5062 778 5116 velut
797 5079 888 5134 per
913 5065 1180 5135 speculum
1218 5068 1560 5135 purissimum
1610 5066 1847 5136 idemque
1876 5067 1988 5120 ani-

436 5160 658 5217 matum,
719 5153 772 5208 in
817 5171 918 5225 quo
968 5155 1074 5225 Dei
1112 5159 1422 5224 exprimitur
1478 5168 1529 5213 et
1591 5159 1756 5213 elucet
1798 5160 1998 5229 imago,

436 5245 712 5313 manifeste
742 5247 974 5300 cernitur
1003 5263 1022 5301 :
1055 5234 1130 5302 ita
1173 5264 1369 5319 magno
1419 5250 1709 5305 verborum
1739 5259 2000 5321 apparatu

436 5336 708 5407 interpres
730 5346 918 5393 noster
940 5338 1166 5411 Anglus.
1193 5338 1290 5395 Vel
1321 5348 1377 5394 ut
1411 5340 1741 5412 Epiphanius
1774 5344 1840 5397 ad
1884 5358 2002 5396 ver-

435 5425 566 5482 b'um
597 5441 611 5478 :
646 5425 919 5497 Tanquam
939 5442 1029 5495 per
1048 5431 1311 5497 specu'um
1345 5432 1456 5484 sine
1485 5432 1715 5496 macula,
1773 5441 1824 5487 et
1885 5433 2003 5485 ani-

436 5528 658 5583 matum,
688 5534 779 5587 per
823 5518 1053 5573 divinam
1083 5521 1195 5584 eius
1240 5522 1515 5593 imaginem
1565 5524 2004 5594 contemplaretur

437 5605 676 5663 Patrem.
700 5608 746 5661 Α
774 5608 971 5678 quibus
1024 5625 1127 5666 nec
1168 5609 1512 5671 Camerarius
1563 5613 1888 5672 Theodoreti
1920 5614 2005 5669 in-

509 5770 529 5805 ι
562 5766 595 5826 Ι
630 5758 753 5814 Cor.
795 5763 988 5833 xm,l.

2108 4615 2440 4688 appellat,ut
2460 4606 2870 4665 similitudinem
2905 4604 3359 4675 perfectissimam
3387 4604 3529 4658 inter
3564 4601 3674 4657 Pa-

2105 4720 2245 4766 trem
2277 4706 2586 4774 Filiumque
2618 4699 3123 4773 signiﬁcantissima
3168 4712 3303 4753 voce
3345 4706 3536 4752 contra
3565 4697 3675 4750 lur-

2105 4805 2401 4860 reticorum
2429 4795 2659 4851 oll‘ucias
2712 4800 2955 4855 tueatur,
3019 4798 3074 4846 et
3125 4788 3302 4853 ζῶντα
3351 4788 3523 4856 Λόγον
3565 4785 3675 4841 ἀπὸ

2097 4892 2295 4960 ζῶντος
2340 4885 2552 4957 Πατρὸς
2573 4881 2843 4953 prodiisse
2881 4880 3095 4936 doceat.
3126 4880 3263 4934 Cum
3293 4879 3439 4933 enim
3465 4878 3673 4948 duplex

2098 4987 2171 5042 sit
2220 4980 2399 5050 imago
2431 4984 2492 5032 ut
2522 4973 2975 5031 scholasticorum
3015 4971 3409 5041 antesignanus
3450 4980 3605 5041 parte
3631 4987 3671 5036 ι,

2099 5095 2152 5148 q.
2184 5075 2273 5139 55,
2301 5079 2355 5128 et
2380 5071 2492 5139 jam
2520 5068 2650 5123 olim
2678 5064 3015 5136 Epiphanius
3049 5064 3107 5118 in
3139 5062 3531 5117 Auommorum
3562 5062 3675 5118 ha:-

2099 5168 2230 5230 resi,
2262 5179 2381 5234 cap.
2417 5162 2472 5224 5,
2504 5160 2689 5215 docuit
2718 5177 2731 5212 :
2756 5158 2926 5212 altera
2959 5157 3016 5211 in
3062 5170 3124 5210 re
3165 5155 3412 5226 ejusdem
3439 5164 3671 5219 naturae,

2103 5266 2163 5311 ut
2197 5258 2374 5325 imago
2400 5252 2564 5322 Regis
2613 5251 2671 5304 in
2708 5246 2880 5314 Filio;
2909 5249 3081 5303 altera
3124 5246 3178 5300 in
3218 5262 3279 5301 re
3313 5246 3544 5302 diversae
3570 5261 3676 5300 na-

2101 5353 2236 5399 turae
2263 5356 2544 5414 expressa,
2577 5338 2757 5410 qualis
2784 5345 2869 5392 est
2910 5337 3088 5406 imago
3127 5336 3393 5405 principis
3419 5336 3473 5389 in
3504 5351 3673 5390 num-

2102 5450 2213 5497 mo,
2274 5434 2359 5489 vel
2411 5431 2616 5494 tabula,
2663 5436 2757 5484 aut
2813 5436 3014 5483 statua.
3074 5425 3221 5491 Sive,
3263 5436 3324 5481 ut
3379 5423 3673 5498 Epiphanii

2102 5523 2282 5578 verbis
2307 5529 2452 5585 utar,
2495 5521 2685 5583 altera,
2715 5517 2805 5572 διὰ
2835 5518 2937 5587 τῆς
2965 5508 3288 5588 γεννητικῆς
3319 5517 3674 5589 όμοουσιότη-

2103 5630 2213 5679 τος,
2245 5612 2416 5669 altera
2444 5609 2534 5665 διὰ
2561 5609 2868 5682 χρωμάτων
2888 5609 3235 5681 εἰκαζομένη,
3272 5612 3352 5664 vel
3382 5624 3479 5681 per
3506 5610 3674 5664 aliam
