4132 6478
481 371 585 421 545

1929 373 2233 432 NOTITIA.

3634 393 3742 450 546

479 494 863 552 quamcunque
930 483 1216 538 materiam
1295 483 1568 543 diversam
1596 527 1613 553 ,
1682 497 1739 544 et
1797 490 2026 563 ἀνομοού

2130 493 2475 570 ιΑΙεχοηάρν
2507 493 2705 552 Filium
2735 497 2830 553 Dei
2871 499 3116 572 ἔμψυχον
3161 503 3312 560 Θείαν
3349 508 3532 562 εἰκόνα
3556 515 3747 582 appel-

478 587 591 624 σιον
639 587 935 642 expressa,
996 575 1163 631 Arius
1220 578 1450 650 ejusque
1501 588 1801 637 sectatores
1850 580 2051 638 Filium

474 660 655 718 Patris
708 665 1003 736 imaginem
1050 671 1343 739 posteriori
1400 672 1564 727 modo
1610 674 1946 737 intellexere,
1994 685 2054 731 ut

473 753 707 812 diversa:
738 772 769 811 a
802 756 965 815 Patre
995 769 1205 818 natura:
1233 778 1357 818 eum
1386 779 1511 821 esse
1551 766 1883 824 evincerent.
1908 770 2052 837 Quin

472 848 585 902 imo
630 847 733 907 hoc
779 850 901 921 ipso
953 851 1150 908 Filium
1208 856 1473 913 minorem
1539 859 1703 915 Patre
1760 863 2053 919 ostendere

469 946 655 999 conati
686 955 834 1010 sunt,
864 949 993 1018 quia
1023 949 1200 1008 Patris
1230 954 1409 1025 imago
1436 965 1681 1012 vocatur.
1715 955 1790 1012 Ita
1826 957 2054 1014 Marce!-

473 1037 559 1092 lus
594 1038 737 1108 apud
786 1038 1080 1096 Eusebium
1111 1042 1249 1098 libro
1283 1061 1322 1108 ι,
1355 1061 1418 1100 ex
1461 1046 1665 1102 Asterii
1696 1059 1876 1106 mente
1902 1051 2046 1106 adir-

470 1137 604 1195 mat,
636 1129 887 1186 τοσοῢτον
915 1134 1007 1188 τὸν
1027 1133 1158 1188 Θεὸν
1183 1134 1276 1188 τοῦ
1294 1137 1466 1206 Λόγου
1487 1139 1784 1211 διαφέρειν,
1808 1143 1930 1196 ὅσον
1956 1145 2047 1197 καὶ

468 1221 752 1293 ἄνθρωπος
778 1223 877 1296 τῆς
920 1226 1115 1280 ἑαυτοῦ
1158 1228 1366 1294 εἰκόνος
1410 1230 1687 1303 διαφέρειν
1723 1233 1904 1288 δοκεῖ·
1939 1235 2045 1291 hoc

469 1321 554 1369 est
592 1328 606 1364 :
644 1312 785 1369 Deus
815 1316 869 1368 in
905 1326 1108 1370 tantum
1154 1334 1188 1373 a
1242 1319 1407 1375 Verbo
1442 1338 1539 1375 suo
1577 1323 1791 1392 (li/ferre
1820 1326 2042 1390 videtur,

467 1405 521 1459 in
554 1414 807 1476 quantum
833 1408 986 1463 homo
1026 1408 1091 1462 ab
1141 1411 1373 1481 imagine
1410 1430 1529 1468 sua.
1562 1415 1708 1470 idem
1757 1416 2044 1474 Marcellus

381 1525 385 1529 -
468 1498 793 1553 catholicam
860 1501 1060 1557 Asterii
1134 1504 1498 1560 assertionem
1565 1508 1871 1578 exagitans,
1935 1526 2042 1581 qua

467 1587 704 1644 Verbum
759 1592 1080 1646 invariatam
1149 1592 1327 1650 Patris
1383 1596 1675 1668 imaginem
1733 1598 2044 1657 afﬁrmave-

467 1689 571 1741 rat.
608 1683 794 1737 multis
848 1683 1237 1752 debacchatur,
1294 1702 1416 1757 quae
1457 1696 1513 1744 et
1554 1691 1697 1760 apud
1747 1690 2039 1748 Eusebium

462 1780 519 1826 et
566 1771 927 1842 Epiphanium
995 1775 1193 1833 haeresi
1251 1792 1404 1833 uxr-1
1452 1794 1519 1834 ex
1583 1781 1785 1837 Acacio
1832 1784 2041 1840 baben-

2164 582 2259 645 lct,
2312 590 2367 638 et
2394 598 2557 654 quam
2589 601 2652 641 ea
2686 602 2789 642 vox
2821 591 2958 647 nihil
2989 594 3194 650 humile
3222 603 3277 650 et
3312 596 3593 668 indignum
3631 601 3746 659 Deo

2162 675 2407 745 tribuat;
2442 679 2537 733 sed
2563 695 2854 747 summam,
2886 693 2940 739 et
2962 686 3029 740 ad
3042 687 3224 740 vivum
3248 703 3564 758 expressam
3581 701 3747 749 natu-

2160 782 2234 822 rae
2264 769 2562 841 gloriaeque
2575 781 2815 842 paternae
2834 775 3252 833 similitudinem
3283 780 3442 838 nobis
3468 783 3743 855 designet.

2230 858 2361 914 Eam
2388 876 2554 931 porro
2578 878 2770 919 vocem
2801 880 2868 921 ex
2900 868 3080 921 medio
3110 866 3336 925 Graeciaa
3365 889 3467 928 usu
3515 875 3743 931 desum-

2158 959 2327 1020 ptam,
2372 955 2561 1009 nescio
2592 957 2751 1026 cujus
2785 958 2985 1013 veteris
3015 961 3258 1017 auctoris
3289 966 3565 1019 sententia
3595 968 3740 1039 apud

2159 1039 2434 1099 Stobaeum
2479 1053 2735 1115 testatur,
2796 1051 2885 1104 cui
2934 1065 3029 1105 rex
3087 1050 3329 1127 ἔμψυχος
3379 1056 3543 1111 εἰκὼν
3603 1059 3740 1113 Θεοῦ

2155 1135 2382 1192 dicitur.
2426 1139 2503 1193 Ita
2544 1139 2826 1211 Longinus
2866 1144 3157 1200 notissimo
3200 1147 3296 1201 illo
3339 1147 3517 1218 elogio
3550 1148 3738 1205 Euna-

2152 1226 2229 1296 pii
2276 1246 2290 1281 :
2339 1227 2664 1302 Βιϐλιοθήκη
2713 1232 2952 1303 ἔμψυχος
2997 1236 3092 1287 καὶ
3138 1236 3474 1306 περιπατοῦν
3522 1242 3739 1308 μουσεῖ-

2151 1332 2231 1369 ον.
2283 1316 2349 1370 Et
2409 1317 2701 1375 Marcellus
2770 1321 2991 1378 Arcadii
3055 1324 3405 1395 imperatoris
3449 1330 3733 1399 magister,

2154 1401 2339 1459 Suida:
2397 1406 2801 1479 lexicographo,
2866 1412 3048 1469 minus
3070 1413 3211 1470 forte
3262 1425 3419 1481 noto,
3468 1421 3565 1475 sed
3616 1437 3733 1477 non

2150 1494 2333 1551 minus
2360 1498 2591 1568 eleganti
2617 1503 2868 1557 encomio
2896 1523 2909 1558 :
2936 1504 3148 1576 Κόσμος
3171 1506 3374 1580 ἀρετῆς
3402 1510 3643 1582 ἁπάσης,
3672 1514 3733 1584 ἢ.

2149 1585 2210 1637 τό
2227 1602 2290 1654 γε
2311 1587 2750 1661 ἁρμονικώτερον
2778 1594 2971 1659 εἰπεῖν,
2995 1596 3163 1666 ἀρετή
3194 1615 3279 1660 τις
3311 1597 3572 1670 ἔμψυχοςο
3601 1601 3732 1657 0m-

2148 1678 2230 1730 nis
2262 1678 2469 1732 virtutis
2506 1694 2895 1748 ornamentum,
2930 1688 3008 1740 vel
3047 1689 3222 1755 potius
3261 1679 3379 1743 viva
3410 1702 3458 1744 et
3489 1693 3731 1749 animata

2146 1769 2388 1837 quivit-am
2430 1773 2616 1828 virtus.
2669 1776 2890 1832 Graecas
2939 1779 3105 1835 hasce
3148 1783 3419 1837 sermonis
3473 1784 3728 1843 lauticias

461 1871 572 1918 tur,
615 1863 721 1920 sed
766 1866 985 1924 fanatici
1044 1868 1280 1925 hominis
1333 1870 1527 1926 dem-ia
1584 1874 1861 1944 castigans
1900 1876 2041 1929 Aea-
2076 1882 2115 1941 Β
2146 1862 2381 1918 feliciter
2421 1877 2813 1935 expresserunt
2862 1869 3065 1926 Latini.
3110 1871 3252 1938 Quid
3286 1875 3431 1929 enim
3463 1877 3727 1944 spirantia

461 1957 582 2012 cius
623 1976 636 2011 ε
684 1976 702 2009 ι
748 1958 865 2027 Tu,
908 1962 1119 2031 inquit,
1158 1960 1252 2018 Dei
1312 1964 1604 2034 imaginem
1660 1967 1835 2039 ἀζωῒᾳ
1887 1987 2037 2042 περι-

459 2047 696 2123 γράψας,
738 2051 875 2117 sive,
929 2053 1033 2106 vita
1070 2054 1187 2116 ipsa
1228 2055 1464 2124 privans.
1504 2072 1678 2127 neque
1724 2056 2033 2125 Dominum,

461 2154 638 2210 neque
697 2140 867 2197 Deum
909 2159 1033 2201 esse
1076 2148 1364 2215 concedis;
1401 2148 1496 2204 sed
1539 2149 1871 2204 immobilem
1902 2151 2037 2206 dun-

460 2240 610 2287 taxat
638 2233 952 2305 imaginem,
995 2239 1156 2293 οἱονεῖ¹
1184 2239 1388 2311 ἄψυχον
1420 2240 1514 2294 καὶ
1539 2238 1733 2305 ἄζωον,
1764 2246 1823 2294 ut
1850 2240 2034 2295 anima

457 2325 677 2409 vitaque
709 2327 1023 2384 destitutam
1067 2350 1080 2386 :
1113 2331 1348 2388 viventis
1395 2340 1576 2388 autem
1608 2332 1881 2388 viventem
1935 2332 2031 2388 Dei

458 2416 747 2487 imaginem
802 2435 925 2476 esse
980 2437 1165 2493 negas.
1217 2423 1362 2480 Idem
1421 2439 1640 2496 quoque
1692 2425 2032 2499 Epiphanius

458 2508 585 2563 inter.
622 2525 809 2577 L-xxw,
867 2522 1058 2567 contra
1109 2515 1325 2570 Aetium
1386 2513 1778 2572 Anomoeorum
1827 2518 2032 2588 princi-

453 2617 597 2672 pem,
624 2600 819 2657 Filium
875 2620 941 2659 ex
989 2603 1151 2661 Patre
1194 2614 1383 2661 natum
1418 2608 1718 2672 contendit,
1754 2615 1815 2663 ut
1858 2608 2027 2663 Deum

452 2696 521 2750 de
554 2693 682 2757 Deo,
716 2697 898 2751 lumen
943 2697 1012 2751 de
1051 2697 1276 2764 lumine,
1319 2700 1584 2770 aequalem
1630 2714 1726 2769 per
1764 2701 1946 2754 omnia
1976 2709 2029 2755 et

453 2789 972 2844 consubstantialem
986 2789 1165 2858 Patri;
1190 2789 1371 2860 cujus,
1396 2790 1595 2861 inquit,
1619 2792 1800 2861 imago
1827 2799 1911 2846 est
1927 2793 2027 2845 οὐκ

453 2877 676 2949 ἄψυχος,
730 2878 866 2934 ἀλλὰ
906 2880 1117 2951 Πατρὸς
1166 2880 1648 2954 χαρακτηρίζουσα
1700 2882 1888 2949 γένος’
1921 2898 2024 2936 non

449 2986 631 3040 expers
654 2974 865 3037 animm,
901 2972 991 3027 sed
1040 2981 1318 3042 paternum
1352 2989 1512 3046 genus
1558 2974 1872 3043 exprimens.
1898 2973 2024 3029 Haec

450 3064 804 3136 Epiphanius.
861 3064 1048 3137 Neque
1099 3066 1354 3122 dissentit
1402 3064 1697 3133 Eusebius,
1754 3068 1848 3137 qui
1896 3082 2020 3121 eum

452 3162 588 3216 libro
632 3177 671 3215 ιι
724 3161 1020 3231 Tlteologite
1079 3160 1264 3215 eccles.
1314 3160 1466 3216 varia
1518 3159 1837 3230 protulisset
1877 3160 2018 3223 loca,

2139 1956 2311 2024 signa,
2342 1964 2396 2011 et
2428 1961 2690 2026 spirantia
2721 1962 2931 2017 mollius
2963 1981 3096 2028 a’ra,
3141 1974 3195 2019 et
3230 1967 3328 2021 vivi
3355 1967 3418 2022 de
3460 1986 3726 2027 marmore

2137 2048 2311 2103 vultus
2369 2049 2656 2106 Maronis?
2712 2053 2853 2120 Quid
2910 2054 3204 2128 Propertii,
3266 2059 3439 2113 vivida
3502 2073 3553 2117 et
3604 2068 3724 2119 ani-

2137 2157 2282 2194 mosa
2333 2143 2534 2213 signa?
2596 2143 2737 2211 Quid
2795 2147 3071 2203 Ammiani
3124 2152 3388 2219 spirantia
3450 2155 3723 2227 signorum

2134 2233 2406 2302 ﬁgmenta,
2450 2236 2554 2290 nisi
2612 2236 2866 2309 ἔμψυχαῖ
2917 2237 3025 2295 Sed
3077 2249 3296 2310 portum
3339 2245 3408 2301 de
3470 2249 3722 2317 proximo

2133 2327 2430 2397 prospicio,
2454 2344 2617 2399 quem
2656 2330 2874 2397 subibo,
2911 2332 2958 2386 si
2988 2348 3053 2388 ex
3084 2335 3253 2391 variis
3283 2352 3406 2406 quae
3430 2339 3532 2395 sub
3559 2340 3721 2397 ﬁnem

2134 2418 2297 2487 hujus
2324 2421 2572 2489 epistolae
2609 2423 2882 2493 interpres
2913 2432 3124 2493 peccat,
3155 2431 3322 2482 unum
3360 2430 3539 2486 adhuc
3564 2433 3720 2489 addi-

2132 2509 2282 2565 dero.
2302 2510 2628 2578 Alcxander,
2649 2520 2711 2567 ut
2742 2513 3124 2569 haereticorum
3157 2518 3528 2576 curiositatem
3563 2524 3720 2580 freno

2130 2600 2329 2670 injecto
2369 2611 2704 2672 compescat,
2742 2605 3042 2660 ὑπόστασιν
3067 2606 3210 2671 Filii,
3260 2609 3377 2665 sive
3416 2613 3719 2669 exsistendi

2128 2696 2371 2761 modum,
2404 2703 2464 2750 ut
2493 2696 2628 2762 dixi,
2656 2697 2805 2770 πάσῃ
2838 2701 2905 2769 τῇ
2941 2702 3144 2771 γενητῇ
3183 2701 3343 2770 φύσει
3372 2703 3719 2775 impervesti-

2129 2784 2360 2855 gabilem
2389 2789 2617 2853 asserit;
2652 2804 2830 2858 neque
2849 2791 2949 2861 τὴν
2971 2790 3080 2843 τῶν
3104 2791 3340 2861 λογικῶν
3377 2795 3540 2864 φύσιν
3564 2813 3720 2852 com-

2126 2877 2467 2946 prehendere
2507 2895 2672 2950 posse
2726 2882 3005 2952 quomodo
3039 2881 3202 2937 Pater
3241 2887 3430 2956 genuit
3453 2868 3714 2946 Verbum.

2125 2970 2189 3026 In
2246 2980 2482 3041 utroque
2538 2973 2908 3031 hallucinatur
2957 2991 3134 3032 novus
3180 2987 3368 3034 noster
3418 2980 3712 3053 interpres.

2125 3061 2368 3118 Primum
2417 3067 2635 3135 quidem
2665 3067 2812 3136 quod
2872 3067 2973 3139 τὴν
3004 3068 3239 3141 γενητὴν
3278 3070 3458 3139 φύσιν.
3504 3072 3572 3129 de
3601 3091 3713 3145 qua

2126 3158 2382 3226 superius
2399 3158 2504 3228 egi,
2523 3168 2772 3213 naturam
2789 3160 3066 3214 mortalem
3089 3161 3345 3218 reddidit.
3361 3163 3548 3235 Neque
3567 3170 3710 3221 enim

447 3270 568 3326 quae
596 3254 774 3311 Patris
802 3256 1141 3310 divinitatem
1188 3254 1529 3325 gloriamque
1568 3252 1889 3324 praedicant,
1923 3253 2021 3308 ad-
2049 3245 2091 3303 C
2123 3255 2237 3301 tam
2271 3248 2524 3319 angustis
2573 3250 2840 3307 limitibus
2883 3261 3065 3307 creata
3118 3262 3314 3309 natura
3359 3257 3713 3315 circumscri—

448 3348 529 3402 dit
560 3346 775 3412 deinde,
804 3347 997 3401 horum
1026 3345 1273 3400 omnium
1312 3345 1652 3415 unigenitum
1697 3344 1789 3399 Dei
1820 3344 2021 3399 Filium

450 3435 741 3505 imaginem
798 3434 1146 3501 cogitandum
1196 3449 1364 3489 esse:
1400 3435 1512 3505 οὐχ
1559 3435 1634 3498 ὡς
1658 3434 1850 3506 ἀψύχῳ
1898 3434 2020 3508 ὕλῃ,

446 3521 560 3576 ἀλλ’
587 3523 663 3587 ὡς
694 3525 751 3576 ὲν
783 3522 898 3594 Υἱῷ
926 3521 1087 3588 ζῶντι
1127 3524 1587 3594 μεμορφωμένην.
1618 3522 1742 3577 Νοη
1770 3533 2023 3594 tanquam

447 3618 503 3671 in
535 3617 758 3672 materia
786 3614 1031 3679 inanimi,
1065 3615 1157 3670 sed
1187 3625 1247 3670 ut
1286 3618 1341 3670 in
1383 3614 1529 3670 Filio
1558 3618 1755 3671 vivente
1805 3631 2021 3686 expres-

444 3725 582 3764 sam.
626 3708 834 3774 Quibus
872 3709 1056 3763 verbis
1084 3709 1299 3779 egregie
1321 3707 1902 3779 duplexillaimaginis
1932 3723 2023 3762 ra-

448 3802 525 3855 tio
546 3816 612 3856 ει
638 3800 946 3871 Epiphanio
974 3809 1029 3856 et
1057 3799 1119 3855 D.
1137 3799 1346 3855 Thema
1379 3816 1407 3854 a
1439 3801 1597 3856 nobis
1616 3803 1898 3872 preposita
1926 3816 2022 3856 ex-

446 3895 678 3965 plicatur
708 3908 976 3964 :quarum
1003 3894 1173 3948 altera
1201 3892 1428 3964 ἄψυχος,
1461 3908 1529 3948 ex
1569 3894 1756 3948 Acacii
1780 3900 1834 3948 et
1858 3892 2023 3948 Euse-

445 3985 520 4040 bii
541 3985 744 4051 verbis,
773 3985 941 4041 altera
975 3982 1127 4049 ζῶσα
1157 3985 1250 4038 καὶ
1282 3984 1543 4055 ἔμψυχος,
1593 4001 1661 4040 ex
1715 3993 1965 4041 eorrecto
1988 4001 2020 4041 a

444 4078 604 4135 nobis
639 4070 949 4134 Alexandri
1002 4079 1123 4133 loco
1174 4079 1359 4131 vocari
1407 4077 1627 4148 poterit.
1664 4077 1806 4145 Quin
1852 4080 2018 4134 etiam

443 4188 509 4231 ex
559 4173 678 4244 ipso
705 4171 944 4228 Eusebio
972 4172 1114 4226 libro
1143 4188 1162 4226 ι
1198 4181 1390 4226 contra
1440 4170 1753 4226 Marcellum
1778 4170 2016 4242 Ancyra-

442 4279 589 4328 num,
621 4262 713 4318 ubi
740 4262 1181 4318 commemoratis
1197 4261 1318 4330 ejus
1338 4262 1570 4327 deliriis,
1597 4277 1829 4333 quorum
1857 4262 2019 4317 modo

443 4355 810 4419 memini-mus,
840 4355 1114 4410 hominem
1147 4354 1304 4410 valde
1333 4355 1589 4409 caecutire
1619 4355 1716 4417 ait,
1748 4370 1850 4409 nec
1881 4368 2017 4409 con-

441 4448 683 4504 srderare
712 4467 725 4502 :
755 4446 831 4511 ὡς
850 4448 943 4500 καὶ
964 4449 992 4500 ὁ
1023 4447 1150 4511 Υἱὸς
1177 4445 1399 4500 δύναται
1418 4446 1659 4518 ἔμψυχός
1694 4463 1825 4500 ποτε
1855 4447 2018 4502 εἰκὼν

444 4541 577 4596 ἰδίου
606 4539 815 4611 Πατρὸς
836 4537 1089 4611 λεχθῆναι
1128 4558 1140 4594 :
1174 4537 1340 4593 Posse
1388 4540 1551 4592 etiam
1591 4537 1795 4593 Filium
1847 4540 2016 4594 vivam

439 4629 621 4684 Patris
638 4628 918 4699 imaginem
947 4627 1073 4695 dici,
1090 4644 1209 4681 cum
1231 4627 1300 4681 sit
1331 4625 1487 4682 Patri
1506 4644 1663 4698 quam
1682 4628 2011 4686 simillimus.

439 4721 614 4789 Quam
651 4721 741 4776 ille
771 4720 1095 4775 sententiam
1141 4720 1314 4774 multo
1341 4721 1624 4790 copiosius
1654 4721 1892 4791 explicat
1917 4722 2012 4776 lib.

441 4818 693 4883 vaang.
738 4816 1057 4875 demonstr.,
1088 4811 1266 4881 capite
1304 4810 1359 4873 4,
1385 4810 1477 4865 ubi
1517 4809 1697 4878 docet,
1727 4811 1888 4866 sicuti
1924 4826 2013 4867 re-

436 4906 519 4977 gis
552 4904 844 4975 imaginem
878 4910 1100 4972 propter
1138 4903 1319 4972 ipsum
1342 4917 1525 4973 regem
1559 4917 1907 4968 veneramur,
1937 4904 2015 4956 ita

437 4997 606 5053 etiam
636 4994 835 5051 F-ilium
875 4994 1215 5066 unigenitum
1256 4994 1474 5049 unicam
1512 4994 1610 5051 Dei
1652 4995 1832 5052 Patris
1870 4997 2013 5051 invi-

437 5091 616 5149 sibilis
663 5090 973 5161 imaginem,
1013 5084 1241 5142 Deitatis
1287 5086 1496 5142 honore
1546 5086 2006 5158 prosequendum,

436 5190 643 5254 utpote,
670 5183 765 5254 qui
816 5187 1014 5236 natura
1050 5178 1195 5235 Deus
1225 5186 1313 5235 est
1352 5180 1421 5236 de
1457 5179 1590 5245 Deo,
1623 5179 1717 5234 καὶ
1766 5179 1837 5233 δι’
1883 5177 2007 5232 ὅλου

404 5326 409 5331 ,
440 5258 601 5340 σώζει
624 5274 718 5329 τοῦ
752 5274 912 5346 μόνου
948 5272 1084 5327 Θεοῦ
1113 5270 1210 5343 τὴν
1225 5271 1463 5343 ἔμψυχον
1491 5271 1586 5326 καὶ
1611 5269 1790 5336 ζῶσαν
1816 5269 2008 5342 νοερὰν

436 5367 641 5435 εἰκόνα,
682 5367 824 5422 κατὰ
864 5366 1045 5421 πάντα
1071 5363 1152 5436 τῷ
1190 5363 1367 5435 Πατρὶ
1399 5363 1894 5437 παρωμοιωμένην·
1938 5360 2006 5414 Et

438 5475 530 5530 per
558 5460 735 5514 omnia
764 5457 862 5515 Dei
882 5457 1067 5514 Patris
1111 5459 1403 5514 animatum
1431 5465 1481 5512 et
1518 5458 1706 5520 vivam,
1737 5463 1787 5510 et
1809 5453 2007 5509 intelli-

438 5561 638 5623 gentem
668 5551 969 5622 imaginem,
1011 5549 1265 5621 Patrique
1312 5552 1368 5604 in
1401 5546 1642 5603 omnibus
1673 5545 2006 5601 simillimam

436 5653 729 5703 conservat.
756 5643 987 5714 Videtis,
1024 5647 1079 5703 ni
1114 5645 1292 5712 l‘allor,
1324 5640 1624 5702 auditores,
1661 5651 1825 5708 quam
1866 5637 2007 5693 bene

2045 4584 2092 4639 D

2126 3340 2325 3407 benda,
2351 3356 2474 3396 cum
2502 3349 2557 3397 et
2583 3344 2761 3413 angeli
2802 3344 2916 3399 sint
2953 3347 3171 3416 γενητοὶ
3199 3349 3314 3403 sive
3347 3351 3537 3417 creati,
3570 3368 3711 3423 quos

2124 3436 2309 3484 tamen
2372 3432 2632 3488 mortales
2682 3447 2809 3487 cum
2870 3433 3079 3488 saniori
3127 3434 3507 3507 theologorum
3553 3452 3710 3511 parte

2125 3520 2553 3590 haudquaquam
2591 3522 3003 3591 appellaverim.
3053 3521 3242 3593 Neque
3285 3528 3483 3583 melius
3530 3528 3584 3584 in
3621 3546 3711 3587 se-

2123 3612 2305 3668 cundo
2359 3614 2603 3667 membro
2632 3616 2666 3684 ή
2697 3612 2803 3667 τῶν
2845 3612 3081 3682 λογικῶν
3125 3615 3312 3685 φύσις,
3357 3625 3555 3692 natura
3604 3622 3710 3677 hu-

2123 3719 2284 3759 mana
2310 3705 2652 3774 rationisque
2686 3706 2958 3776 particeps
2981 3708 3308 3777 explicatur.
3341 3709 3458 3765 Nisi
3491 3713 3614 3781 quis
3645 3714 3706 3769 ἓν

2121 3795 2210 3849 διὰ
2238 3795 2384 3849 δυοῖν
2433 3796 2781 3867 interpretem
2830 3797 3109 3855 addidisse
3137 3800 3432 3854 existimet.
3463 3799 3607 3858 Sane
3635 3806 3704 3859 ad

2121 3896 2373 3942 naturam
2424 3888 2534 3941 τῶν
2582 3888 2816 3958 λογικῶν
2885 3892 3051 3945 etiam
3097 3895 3343 3964 angelos,
3390 3896 3704 3965 etquidem

2121 3981 2398 4052 praecipuo
2427 3981 2552 4050 jure
2582 3982 2856 4051 pertinere
2914 3983 3041 4054 quis
3087 3983 3339 4040 dubitet?
3376 3989 3586 4053 Quibus
3620 3999 3703 4045 ta-

2121 4087 2245 4125 men
2284 4088 2437 4142 aeque
2489 4087 2554 4127 ac
2593 4072 2924 4140 hominibus,
2969 4075 3166 4131 divina:
3202 4078 3573 4148 generationis
3613 4096 3703 4135 ar-

2121 4177 2317 4217 canum
2372 4162 2618 4234 ignotum
2645 4170 2700 4218 et
2750 4164 3027 4219 ineffabile
3070 4181 3213 4229 esse,
3260 4176 3497 4224 testatur
3533 4171 3701 4226 etiam

2120 4256 2238 4323 ipse
2300 4254 2607 4309 Alexander
2669 4256 2942 4325 superius.
3005 4253 3273 4327 Unigeniti
3332 4259 3698 4327 subsistentia,

2121 4346 2318 4415 inquit,
2349 4363 2452 4399 non
2483 4347 2656 4400 solum
2677 4348 3118 4416 evangelistarum
3143 4348 3444 4413 solertiam,
3466 4349 3557 4404 sed
3586 4352 3700 4420 [or-

2120 4438 2282 4492 tassis
2337 4438 2499 4492 etiam
2554 4439 2863 4508 angelorum
2915 4439 3235 4493 intellectum
3287 4452 3523 4510 superat.
3589 4441 3697 4498 Sed

2119 4528 2264 4599 quod
2294 4539 2482 4585 noster
2513 4530 2568 4583 in
2594 4530 2761 4584 dubio
2797 4530 3106 4601 relinquere
3137 4531 3378 4596 videtur,
3424 4533 3479 4587 id
3507 4534 3693 4589 caeteri

2119 4620 2311 4678 Patres
2357 4622 2603 4678 disertim
2642 4631 2697 4677 et
2733 4630 3053 4679 constanter
3096 4622 3391 4680 afﬁrmant.
3428 4623 3496 4679 Et
3547 4642 3696 4682 nunc

2117 4715 2339 4785 quidem
2375 4732 2441 4771 ex
2476 4714 2683 4771 Graecis
2723 4731 2864 4771 unus
2893 4715 3026 4770 mihi
3072 4714 3339 4772 Eusebius
3378 4717 3695 4774 testimonio

2116 4808 2355 4863 dicundo
2400 4808 2566 4864 adsit.
2605 4794 2655 4863 Is
2690 4807 2831 4862 1a).:
2875 4806 3054 4862 Theol.
3089 4809 3241 4874 βοείη
3280 4823 3401 4879 cap.
3437 4809 3524 4877 ιε,
3558 4808 3694 4864 Uni-

2116 4901 2284 4971 gcniti
2324 4901 2732 4971 generationem
2761 4915 2871 4954 non
2906 4901 3069 4956 nobis
3118 4901 3296 4957 solum
3348 4901 3693 4971 impervesti-

2112 4993 2350 5064 gabilem
2391 4993 2650 5058 afﬁrmat,
2681 4993 2818 5048 ἀλλὰ
2848 4993 2942 5048 καὶ
2983 4992 3185 5067 πάσαις
3224 4997 3344 5058 ταῖς
3387 4994 3691 5065 κρείττοσιν

2115 5086 2148 5155 ἢ
2176 5085 2296 5140 καθ’
2319 5087 2466 5157 ἡμᾶς
2483 5086 2765 5158 δυνάμεσι,
2790 5087 2882 5142 sed
2903 5088 3063 5141 etiam
3101 5088 3303 5141 cunctis
3330 5087 3689 5157 superioribus

2114 5177 2416 5231 virtutibus.
2449 5178 2686 5234 Accedat
2708 5178 2778 5234 ex
2809 5178 3019 5233 Latinis
3049 5178 3397 5243 Ambrosius,
3423 5178 3518 5236 lib.
3554 5195 3568 5233 I
3610 5179 3693 5235 De.

2066 5270 2069 5271 ⁷
2114 5267 2239 5338 ﬁde,
2271 5284 2394 5339 cap.
2420 5270 2453 5324 5
2481 5289 2495 5325 :
2527 5268 2663 5324 Mihi
2710 5269 3030 5340 impossibile
3063 5279 3142 5323 est
3183 5270 3531 5340 generationis
3552 5270 3691 5326 seire

2112 5369 2388 5416 secretum.
2429 5360 2579 5416 Mens
2609 5362 2810 5431 deﬁcit,
2853 5376 2953 5417 vox
2986 5360 3126 5418 silet.
3153 5377 3257 5415 non
3306 5376 3424 5416 mea
3457 5370 3687 5431 tantum,

2113 5451 2203 5507 sed
2229 5460 2279 5507 et
2299 5451 2623 5524 angelorum.

2183 5542 2286 5610 Qui
2326 5544 2479 5601 locus
2517 5550 2573 5599 et
2615 5558 2702 5600 me
2743 5552 3051 5614 opportune
3080 5543 3283 5599 silentii
3312 5542 3590 5607 admonet,
3627 5551 3687 5598 ut

2112 5634 2347 5693 decurso
2374 5634 2777 5693 dissertationis
2802 5635 2979 5692 stadio
3014 5634 3263 5706 lampada
3294 5634 3416 5691 aliis
3446 5634 3681 5690 tradam.
