4132 6406
463 352 578 408 517

1594 345 1653 400 S.
1694 338 2092 397 ALEXAND!“
2133 337 2597 396 ALEXANDRINI

1396 699 1561 853 S.
1670 571 2778 853 ALEXANDRI

1655 969 1969 1027 EPISCOPI
2005 969 2480 1027 ALEXANDle

943 1147 1682 1266 EPISTOL/E
1773 1146 1954 1259 DE
2034 1147 2572 1261 ARIANA
2678 1148 3291 1273 HERESI,

1242 1368 1643 1492 DEQUE
1717 1384 1971 1474 ARII
2051 1383 2924 1479 DEPOSITIONE.

1414 1688 1571 1759 Apud
1602 1684 2018 1757 TusonoarwI,
2043 1690 2190 1747 Hist.
2224 1689 2355 1745 eccl.
2387 1687 2484 1742 lib.
2509 1702 2548 1751 ι,
2582 1701 2706 1757 cap.
2734 1686 2789 1740 ι.

465 1836 704 1908 Epistula
727 1828 1399 1908 Alesandrijlexandria
1424 1830 1652 1908 episcopi
1683 1829 1753 1884 ad
1797 1829 2030 1886 Alexan-

2146 1826 2549 1908 msgdrqpoo
2564 1826 2906 1908 surgam!)
2940 1823 3383 1908 ᾉλεεανδρξίας
3407 1826 3703 1908 ἐπισςολὴ

812 1904 968 1956 drum
1014 1899 1679 1968 Constantinopolitanum.

537 2085 575 2143 Ι.
612 2082 973 2143 Charissimo,
997 2088 1052 2136 et
1081 2078 1325 2134 unanimi
1356 2075 1511 2132 fratri
1546 2076 1883 2147 Alexandro,
1906 2080 2034 2136 Ale-

458 2181 667 2235 xander
702 2178 757 2231 in
789 2175 1015 2230 Domino
1044 2173 1295 2228 salutem.

529 2268 903 2340 lmproborum
924 2265 1210 2319 hominum
1247 2262 1523 2326 voluntas,
1556 2260 1944 2320 dominationis
1977 2273 2035 2319 et

456 2361 705 2433 pecuniae
722 2356 900 2420 avida,
931 2354 1234 2424 majoribus
1266 2351 1526 2408 Ecclesiis
1555 2367 1770 2422 semper
1787 2354 2034 2408 insidiari

460 2441 620 2515 solet,
652 2451 782 2506 dum
814 2448 888 2502 illi
916 2462 1014 2517 per
1046 2446 1228 2500 varias
1255 2443 1574 2499 occasiones
1599 2445 2031 2499 ecclesiasticam

459 2549 716 2619 pietatem
748 2546 1084 2612 oppugnant.
1121 2536 1335 2592 Etenim
1359 2550 1389 2589 a
1414 2535 1633 2590 diabolo
1657 2536 1754 2604 qui
1797 2535 1852 2589 in
1899 2536 2034 2606 ipsis

460 2641 719 2703 operatur
745 2670 761 2697 ,
805 2630 873 2685 ad
898 2627 1234 2700 propositam
1281 2625 1417 2695 ipsis
1470 2623 1748 2680 libidinem
1784 2626 2031 2694 incitati,

458 2725 670 2792 abjccta
725 2722 874 2778 omni
906 2720 1190 2791 religione,
1222 2717 1395 2774 divini
1432 2716 1625 2787 judicii
1668 2727 1871 2772 metum
1901 2732 2036 2773 con-

459 2815 698 2870 culcant.
730 2813 808 2871 De
837 2814 1038 2884 quibus
1065 2827 1165 2882 ego
1198 2811 1293 2881 qui
1326 2811 1506 2882 patior
1530 2850 1545 2875 ,
1594 2825 1821 2866 necesse
1870 2810 2033 2866 habui

456 2909 771 2978 signiﬁcare
802 2904 990 2977 pietati
1027 2913 1241 2969 vestrae,
1261 2910 1322 2957 ut
1356 2904 1427 2959 ab
1453 2903 1765 2974 bujusmodi
1799 2903 2036 2959 homini-

459 3000 565 3055 bus
598 2999 859 3063 caveatis,
887 3013 956 3053 ne
984 2997 1107 3067 quis
1157 2996 1374 3050 illorum
1404 2996 1461 3050 in
1487 3005 1700 3053 vestras
1728 2998 1892 3051 etiam
1932 2996 2035 3051 Ec-

461 3092 659 3147 clcsias
692 3090 885 3163 pedem
916 3090 1121 3145 inferre
1164 3099 1490 3160 praesumat,
1538 3092 1653 3146 sive
1688 3106 1786 3161 per
1816 3106 1877 3145 se
1920 3091 2037 3146 sive

2204 1900 2356 1965 πρὸς
2416 1895 2813 1964 Ἀλέξανδρον
2864 1895 3204 1950 ἐπίσκοπον
3243 1895 3702 1955 Romamn/Iros}

2204 1970 2435 2033 πόλεως
2450 1967 2496 2037 (l
2506 1967 2544 2038 ).

2205 2086 2250 2139 1.
2281 2081 2372 2154 Τῷ
2406 2082 2719 2154 τιμιιιηάτῳ
2745 2080 2981 2152 ἀδελφῷ,
3016 2083 3111 2136 καὶ
3152 2082 3411 2154 ὀμοψὺχῳ
3457 2084 3706 2152 Ἀλεξάν-

2131 2176 2263 2245 δρορ,
2309 2173 2652 2245 Ἀλέξανδρος
2683 2175 2742 2226 ἐν
2767 2173 2957 2243 Κυρίῳ
3006 2173 3235 2244 χαίρειν.

2215 2268 2279 2318 Ἦ
2320 2264 2580 2335 φίλαρχος
2605 2263 2712 2317 τῶν
2746 2263 3033 2335 μοχθηρῶν
3061 2262 3362 2334 ἀνθρώπων
3389 2265 3485 2317 καὶ
3514 2264 3708 2337 φιλάρ.

2132 2371 2299 2425 γυρος
2332 2352 2621 2423 πρόθεσις,
2666 2354 2785 2415 ταῖς
2820 2352 3103 2416 δοκούσαις
3134 2352 3223 2405 ἀεὶ
3270 2354 3476 2424 μείζοσι
3508 2371 3703 2426 παροι-

2133 2447 2279 2509 κὶαις
2308 2444 2549 2512 πέφυκεν
2583 2442 2965 2506 ἐπιϐουλεύειν,
2992 2442 3079 2497 διὰ
3104 2444 3359 2498 ποικίλων
3379 2446 3704 2516 προφάσεων

2131 2537 2239 2591 τῶν
2274 2535 2531 2590 τοιούτων
2559 2534 2948 2606 ἐπιτιθεμένων
2980 2537 3047 2607 τῇ
3089 2535 3509 2608 ἐκκλησιαστικῇ
3545 2538 3703 2591 εὗσε-

2134 2628 2276 2700 6είᾳ.
2305 2626 2828 2699 Οίστρηλατούμενοι
2868 2627 2977 2698 γὰρ
3002 2627 3106 2679 ὑπὸ
3140 2626 3234 2682 τοῦ
3267 2626 3612 2698 ἐνεργοῦντος
3645 2629 3706 2680 ἐν

2135 2721 2318 2783 αὐτοῖς
2344 2718 2587 2773 διαϐόλου
2604 2760 2620 2784 ,
2650 2721 2731 2782 εἰς
2755 2718 2852 2789 τὴν
2888 2718 3250 2790 προκειμένην
3286 2718 3464 2782 αὐτοῖς
3489 2718 3705 2790 ἡδονὴν,

2136 2809 2315 2878 πάσης
2344 2808 2628 2871 εὐλαῦείας
2669 2809 3189 2879 ἀποσκιρτήσαντες,
3226 2808 3454 2860 πατοῦσι
3490 2806 3708 2876 τὸντῆς

2137 2901 2367 2971 κρίσεως
2388 2900 2482 2953 τοῦ
2505 2899 2638 2953 Θεοῦ
2662 2900 2844 2968 φόϐον.
2871 2900 3005 2971 Περὶ
3024 2893 3098 2954 ὧν
3119 2900 3411 2969 ἀναγκαῖον
3432 2897 3498 2969 ἦν
3521 2916 3611 2969 μοι
3630 2897 3707 2967 τῷ

2136 2992 2417 3062 πάσχοντι,
2444 2990 2682 3062 δηλῶσαι
2711 2993 2777 3062 τῇ
2807 2990 3048 3062 ὑμετέρᾳ
3079 2988 3351 3061 εὐλαϐείᾳ,
3387 2990 3474 3041 ἵνα
3506 2987 3709 3057 φυλάτ-

2136 3082 2301 3153 τησθε
2321 3084 2448 3146 τοὺς
2478 3081 2769 3146 τοιούτους,
2800 3085 2870 3154 μή
2893 3100 2977 3144 τις
3003 3081 3179 3134 αὐτῶν
3204 3080 3449 3152 τολμήσῃ
3471 3081 3564 3133 καὶ
3585 3082 3708 3142 ταῖς

459 3196 560 3250 per
591 3181 730 3236 alios
767 3200 780 3235 :
812 3181 1013 3235 callent
1039 3177 1185 3235 enim
1225 3179 1455 3233 malefici
1490 3179 1837 3235 simulatione
1859 3181 1933 3236 uti
1967 3180 2035 3235 ad

2140 3173 2431 3245 ὑμετέραις
2463 3174 2776 3247 παροικίαις
2803 3173 3079 3243 ἐπιϐῆναι,
3106 3174 3223 3243 ἢτοι
3250 3172 3307 3242 (f.
3337 3173 3469 3244 εἴτε)
3490 3174 3556 3226 δι’
3580 3173 3707 3225 ἐαυ-

456 3272 707 3327 fraudem
738 3271 1073 3327 faciendam:
1105 3280 1160 3327 et
1188 3285 1287 3341 per
1321 3272 1530 3328 litteras
1561 3272 1863 3328 mendaciis
1889 3288 2039 3328 com-

455 3364 667 3434 positas
694 3370 859 3434 atque
887 3363 1212 3424 adornatas,
1259 3377 1380 3431 quae
1408 3363 1681 3419 hominem
1727 3364 1795 3418 ad
1827 3364 2039 3435 simpli-

454 3468 577 3508 cem
604 3469 669 3508 ac
701 3453 973 3509 sinceram
998 3451 1155 3507 ﬁdem
1184 3451 1451 3506 intentum
1494 3452 1710 3523 possint
1761 3453 2033 3523 decipere.

461 3544 623 3599 Arius
669 3544 834 3615 igitur
878 3553 933 3600 et
972 3544 1210 3600 Achillas
1248 3560 1422 3615 nuper
1450 3544 1830 3614 coniuratione
1861 3544 2034 3613 facta,

455 3632 700 3688 Colluthi
741 3633 1088 3688 ambitionem
1113 3633 1459 3695 simulantes,
1493 3631 1653 3703 longe
1684 3630 1896 3702 pejores
1936 3633 2032 3687 illo

456 3722 809 3779 exstiterunt.
844 3721 979 3776 Nam
1017 3722 1306 3778 Colluthus
1330 3722 1549 3793 quidem
1589 3722 1681 3794 qui
1733 3723 1834 3777 bos
1880 3722 2031 3792 ipsos

460 3816 833 3884 reprehendit,
866 3815 993 3869 mali
1029 3816 1293 3886 propositi
1332 3814 1417 3869 sui
1464 3822 1785 3884 praetextum
1838 3823 2033 3870 nactus

534 3973 613 4044 (l)
647 3972 1105 4044 Kairqzarrlroo
1143 3973 1395 4037 πόλεως.
1448 3969 1540 4025 Hae
1572 3970 1693 4026 dum
1732 3986 1894 4026 voces
1927 3987 2036 4044 non

460 4042 763 4113 occurrunt
805 4043 860 4097 in
900 4042 1173 4113 aliquibus
1218 4049 1381 4113 velt._
1401 4057 1561 4113 mss.,
1624 4051 1701 4113 ut;
1747 4057 1921 4111 neque
1976 4043 2034 4096 in

461 4113 650 4170 Graeca
667 4112 979 4168 Theodoriti
993 4110 1233 4167 editione
1243 4127 1337 4180 per
1355 4110 1649 4181 Robertnm
1671 4110 2031 4181 Stephanum,

468 4194 527 4239 ut
553 4186 809 4239 observat
857 4183 1058 4252 Pagius
1109 4184 1178 4236 ad
1226 4198 1353 4252 ann.
1406 4182 1534 4252 317,
1565 4180 1675 4252 §_9.
1708 4180 1843 4236 Vide
1870 4182 2034 4237 etiam

467 4255 749 4309 Baluzium
795 4253 863 4308 ad
896 4251 1017 4325 cap.
1049 4255 1082 4307 3
1110 4254 1204 4308 lib.
1238 4269 1268 4306 v
1292 4251 1438 4307 Petri
1470 4251 1539 4307 de
1566 4251 1748 4306 Marca
1799 4252 1870 4307 De
1907 4269 2034 4306 con-

464 4328 672 4380 cordia.

536 4395 613 4468 (2)
646 4395 782 4468 Εζτε
807 4393 880 4447 δι’
913 4393 1134 4468 dum.
1166 4390 1292 4448 Haec
1331 4391 1496 4468 verba
1528 4391 1586 4468 _in
1634 4406 1732 4468 sna
1783 4391 2035 4468 versione

464 4460 652 4521 omisit
683 4464 1252 4533 Christophorsonus.
1289 4471 1343 4515 et
1392 4460 1629 4516 Iacobus
1666 4460 1994 4533 Sirmundus
2016 4500 2030 4523 ,

467 4549 571 4590 nec
602 4535 868 4588 habentur
912 4532 1054 4603 apud
1089 4532 1490 4603 Nicephorum,
1539 4546 1641 4603 nec
1693 4532 1747 4584 in
1796 4532 2035 4603 editione

469 4604 776 4660 Basiliensi.
813 4600 992 4668 Quare
1040 4619 1149 4656 non
1204 4600 1403 4656 mirum
1433 4610 1517 4656 est
1574 4600 1945 4655 Camerarium
1976 4602 2032 4654 in

468 4692 568 4729 sua
602 4673 1049 4745 interpretatione
1085 4689 1149 4745 ea
1191 4672 1467 4745 om_isis_se.
1515 4669 1795 4745 [labentur
1852 4681 2034 4745 tamen

470 4745 526 4799 in
563 4739 787 4813 reliquis
809 4743 1232 4813 exemplaribus,
1266 4739 1444 4813 Regio
1475 4741 1722 4813 scilicet,
1757 4741 2034 4813 Saviliano

467 4827 524 4870 et
552 4808 755 4869 Allaiii.
810 4811 917 4868 Sed
958 4808 1013 4868 et
1044 4808 1379 4883 Epiphanius
1410 4808 1787 4883 Scholasticus
1840 4812 2036 4883 in‘suo

469 4884 768 4954 exemplari
796 4898 861 4938 ea
894 4876 1115 4953 legerat:
1148 4876 1247 4954 Sic
1269 4881 1412 4935 enim
1437 4881 1599 4935 vertit
1626 4898 1639 4934 :
1666 4876 1747 4954 N_e
1762 4881 1877 4950 quis
1902 4879 2036 4954 [orte

469 4948 756 5023 prwsumat
778 4948 972 5008 σοι’αηῖ
981 4954 1032 5006 in
1055 4952 1312 5023 paruecias
1341 4958 1540 5005 vestras
1558 4948 1822 5015 accedere,
1847 4948 1924 5005 vel
1945 4965 2036 5019 per

472 5041 548 5089 se,
578 5026 658 5080 vel
681 5039 775 5093 per
797 5026 952 5077 alios.
1171 5091 1177 5093 _
1418 5088 1473 5093 Α
1558 5090 1578 5093 _
1926 5064 1935 5093 __

544 5096 623 5163 (5)
658 5088 886 5162 Ἄρειος
912 5093 1060 5163 γοῦν
1089 5091 1188 5146 καὶ
1228 5088 1617 5163 Ἀχιλλᾶςπιιι
1664 5089 2036 5163 manuscripto

471 5159 661 5221 codice
706 5159 930 5218 Henrici
980 5162 1204 5226 Savilii,
1251 5168 1307 5216 et
1365 5161 1421 5213 in
1475 5160 1714 5214 editione
1752 5159 2036 5215 Basiliehsi

485 5234 799 5305 Ἀχιλλεύς
833 5232 1115 5305 scribitn_r,
1148 5229 1423 5303 quomodo
1449 5230 1610 5305 etiam
1648 5230 1777 5305 legit
1800 5228 2038 5300 Epipha-

472 5299 600 5360 nius
634 5299 1024 5359 Scholasticus.
1051 5300 1132 5372 lta
1165 5299 1383 5372 quoque
1415 5299 1813 5372 scribitu‘rlioc
1840 5299 2038 5372 nomen

473 5376 526 5430 in
552 5374 781 5445 epistola
817 5369 1385 5445 AlexandriepiscOpi
1414 5369 1755 5445 Alenandriae
1797 5369 1865 5422 ad
1911 5372 2036 5445 uni:

472 5438 662 5501 versas
717 5443 1032 5505 Ecclesias,
1083 5438 1397 5497 ubi—omnes
1444 5438 1559 5493 Arii
1599 5446 1897 5494 sectatores
1942 5439 2038 5509 qui

472 5514 930 5570 excommunicati
992 5511 1242 5574 fuerant,
1289 5510 1481 5564 ordine
1529 5518 1912 5575 recensentur;
1974 5524 2039 5563 ac

512 5585 682 5640 rimus
709 5584 951 5638 omnium
983 5584 1297 5637 nominatur
1312 5579 1568 5635 Achilles.
1602 5578 1692 5634 Sic
1723 5580 1868 5633 enim
1901 5578 2041 5634 scri-

512 5601 682 5640 mnus
709 5601 951 5638 animum
983 5601 1297 5637 nominatur
1312 5601 1568 5635 ﬂClllIlCS.
1603 5601 1692 5634 οιυ
1723 5601 1868 5633 CIIII“
1901 5601 2040 5634 SOTI-

471 5601 622 5709 Bitur
664 5655 721 5708 in
765 5654 951 5709 multis
983 5651 1425 5722 exemplaribus,
1484 5657 1540 5703 et
1570 5649 1712 5719 apud
1761 5649 2040 5704 Gelasium

472 5724 824 5780 Cvsicenum.

518 5782 619 5866 ’(1)
652 5794 713 5847 '0
730 5791 845 5863 μὲν
870 5791 979 5864 γὰρ
998 5792 1198 5858 αὐτοῖς
1225 5791 1455 5859 τούτοις
1480 5788 1768 5861 ἐγκαλῶν.
1794 5786 2043 5843 Christo-

2135 3265 2263 3327 τῶν,
2287 3266 2394 3318 εἴτε
2424 3267 2490 3320 δι’
2522 3265 2693 3320 ἄλλων
2712 3265 2810 3335 (2)·
2838 3265 3012 3318 ἱκανοὶ
3035 3263 3142 3336 γὰρ
3164 3265 3550 3336 ὑποκρίνασθαι
3570 3263 3708 3335 πρὸς

2136 3360 2351 3430 ἀπάτην
2381 3360 2432 3411 οἱ
2455 3358 2648 3429 γόητες
2668 3376 2681 3389 ·
2712 3359 2746 3428 ἢ
2771 3357 2859 3410 διὶ
2889 3358 3234 3427 γραμμάτων
3263 3356 3473 3426 ψευδῶς
3505 3372 3708 3425 κεκομ-

2134 3452 2438 3522 ψευμένων,
2473 3450 2568 3504 καὶ
2602 3448 2911 3519 δυναμένων
2960 3447 3280 3519 ὑφαρπάσαι
3316 3447 3406 3500 τὸν
3436 3447 3579 3519 ἁπλῇ
3618 3447 3707 3499 πί-

2138 3560 2250 3596 στει
2296 3543 2391 3595 xui.
2439 3542 2682 3613 ἀκεραίῳ
2726 3540 3158 3612 προσεσχηκότα.
3197 3542 3413 3613 Ἀρειος
3457 3539 3584 3608 γοῦν
3609 3540 3706 3592 καὶ

2150 3632 2394 3702 Ἀχιλλᾶς
2429 3632 2531 3701 (5),
2568 3631 2908 3701 συνωμοσίαν
2947 3631 3172 3701 ἔναγχος
3210 3632 3581 3701 ποιησάμενοι,
3607 3628 3705 3701 τὴν

2137 3723 2439 3777 Κολλούθου
2487 3723 2776 3794 φιλαρχίαν
2809 3724 2942 3777 πολὺ
2978 3726 3155 3794 χεῖρον
3188 3723 3220 3792 ἢ
3256 3724 3460 3785 ἐκεῖνος
3502 3720 3704 3792 smm—

2142 3832 2261 3869 σαν.
2309 3816 2369 3868 '0
2413 3816 2511 3885 μὲν
2550 3816 2659 3887 γὰρ
2708 3814 2890 3878 αὐτοῖς
2937 3813 3146 3878 τούτοις
3195 3813 3438 3883 ἐγκαλῶν
3464 3812 3561 3884 (4),
3606 3813 3703 3883 τῆς

2146 3973 2454 4044 pborsonus
2479 3974 2594 4044 hac
2621 3975 2785 4029 verba
2807 4013 2822 4035 ,
2853 3975 3036 4037 αὐτοῖς
3065 3973 3272 4044 τούτοις
3306 3973 3361 4026 in
3393 3983 3585 4027 neutro
3613 3987 3704 4042 εον

2147 4043 2276 4099 nere
2303 4047 2529 4113 accepit.
2558 4043 2649 4098 Sic
2680 4044 2823 4097 enim
2856 4048 3019 4097 vertit
3048 4063 3059 4097 :
3092 4043 3195 4097 Ille
3228 4045 3365 4097 enim
3402 4050 3703 4112 quanquam

2137 4130 2228 4169 eas
2259 4118 2402 4181 ipsas
2434 4131 2515 4168 res
2543 4131 2674 4183 quas
2700 4115 2811 4175 isti,
2845 4131 3126 4183 coarguere
3161 4114 3454 4167 conabatur
3474 4152 3489 4175 ,
3528 4122 3703 4183 tamen

2138 4184 2361 4252 improbi
2392 4186 2475 4239 sui
2514 4182 2741 4237 instituti
2786 4182 3002 4237 causam
3047 4185 3234 4238 saltem
3262 4183 3567 4236 simulatam
3606 4182 3704 4235 ha-

2141 4255 2316 4308 buisse
2352 4255 2491 4309 visus
2535 4264 2632 4309 est.
2665 4252 2879 4320 Reliqui
2914 4269 3041 4307 vero
3076 4256 3432 4322 interpretes,
3468 4253 3705 4322 Epipha-

2138 4325 2263 4379 nius
2291 4326 2500 4379 scilicet
2533 4323 2926 4384 Scholasticus,
2951 4322 3189 4378 Joannes
3217 4321 3455 4392 Langus,
3484 4321 3705 4376 Joachio

2137 4410 2260 4450 mus
2287 4395 2635 4449 Camerarius
2666 4409 2731 4447 ac
2755 4392 3103 4457 Sirmnndus,
3129 4394 3183 4446 in
3214 4394 3516 4449 masculino
3546 4406 3705 4445 acce-

2137 4473 2373 4535 perunt,
2407 4463 2554 4535 et‘de
2585 4463 3220 4535 Arianisintellexerunt
3266 4478 3406 4532 quos
3446 4463 3705 4535 culpabat

2136 4532 2444 4589 Colluthus.
2463 4532 2708 4598 Quorum
2731 4532 2947 4602 quidem
2972 4533 3295 4587 sententiam
3318 4533 3490 4602 magis
3510 4532 3701 4602 probo.

2136 4603 2270 4659 Nam
2328 4605 2385 4658 in
2445 4601 2928 4673 Christophorsoui
2980 4601 3428 4671 interpretatione
3493 4601 3705 4673 nullum

2137 4689 2360 4729 sensum
2385 4672 2560 4728 video.
2584 4670 2716 4737 Quae
2743 4681 2872 4728 sunt
2890 4673 3036 4725 enim
3078 4670 3183 4727 illac
3206 4687 3292 4728 res
3314 4710 3329 4735 ,
3373 4686 3510 4741 quas
3538 4670 3705 4741 Arius

2137 4754 2192 4798 et
2218 4742 2506 4797 Colluthus
2531 4743 2900 4797 accusabant?
2923 4742 3115 4797 Verius
3140 4742 3366 4795 omnino
3392 4740 3495 4804 est,
3518 4740 3705 4795 Collu—

2141 4813 2293 4867 tbum
2328 4827 2622 4867 accusasse
2669 4812 2854 4865 Arium
2887 4818 2942 4865 et
2982 4819 3282 4867 sectatores
3337 4811 3506 4865 illius.
3566 4808 3704 4863 Nam

2140 4898 2265 4937 cum
2282 4890 2428 4952 esset
2456 4883 2739 4952 presbyter
2770 4883 3024 4952 uniusex
3048 4881 3302 4951 paraeciis
3326 4880 3669 4952 Alexandriae
3699 4920 3715 4943 ,

2139 4950 2593 5023 quemadmodum
2625 4950 2790 5006 Arius
2834 4962 2891 5005 et
2934 4950 3216 5022 Carponas
3274 4965 3353 5023 ac
3389 4950 3671 5023 Sarmatas
3696 4987 3712 5013 .

2142 5018 2257 5092 ipse
2286 5022 2341 5075 in
2372 5022 2611 5092 parmcia
2656 5038 2756 5077 sua
2799 5018 3113 5092 perversam
3157 5020 3451 5090 quamdam
3473 5018 3705 5092 _doctri-—

2139 5087 2287 5155 nam,
2314 5087 2539 5162 perinde
2574 5108 2637 5145 ac
2659 5087 2849 5162 Arius,
2883 5087 3231 5162 praedicavit,
3284 5099 3343 5145 ut
3371 5087 3537 5143 tradit
3563 5088 3706 5162 ⁸Ιίνὶ-

2141 5157 2374 5233 pbanius
2404 5163 2458 5216 in
2489 5162 2681 5217 haeresi
2713 5157 3060 5233 Arianorum.
3112 5160 3265 5233 Unde
3296 5169 3416 5214 orta
3447 5167 3531 5213 est
3561 5157 3708 5213 inter

2139 5229 2235 5288 eos
2263 5232 2570 5294 aemulatio,
2611 5246 2735 5285 cum
2768 5231 2968 5299 singuli
3008 5245 3168 5285 suum
3215 5229 3427 5299 dogma,
3456 5236 3707 5282 astruere

2140 5312 2490 5357 conarentur.
2534 5300 2589 5354 ιιι
2633 5302 2777 5356 enim
2809 5298 3029 5356 evenire
3072 5301 3211 5355 solet
3245 5298 3385 5354 inter
3418 5298 3707 5353 haereticos

2140 5372 2481 5428 diversarum
2504 5379 2798 5428 sectarum.
2829 5370 3117 5441 Colluthus
3138 5369 3322 5441 igitur,
3350 5384 3482 5441 cum
3514 5368 3703 5441 Arium

2141 5449 2399 5512 tanquam
2418 5442 2640 5512 impium
2666 5450 2827 5512 atque
2849 5438 3320 5512 haereticum'apud
3334 5438 3706 5512 Alexandrum

2143 5507 2479 5577 accusasset,
2499 5507 2555 5566 et
2572 5507 3074 5566 AlexanderArium
3096 5507 3365 5578 deponere
3388 5507 3706 5579 aliquandiu

2141 5576 2477 5649 distulisset;
2521 5582 2812 5637 otcasione
2855 5588 3074 5649 arrepta
3095 5619 3109 5642 ,
3134 5576 3255 5635 sese
3284 5579 3353 5632 ab
3394 5576 3707 5634 Alexandro

2142 5654 2378 5720 sejunxit
2397 5691 2413 5715 ,
2460 5660 2521 5721 et
2538 5668 2634 5721 pri
2662 5652 2921 5721 episcopo
2947 5648 3147 5721 agens,
3182 5650 3527 5721 presbyteros
3547 5648 3705 5721 _o_rdi-

2143 5718 2311 5777 navit.
2341 5721 2473 5777 Vide
2504 5718 2795 5777 Euromum
2832 5718 2900 5776 ad
2928 5718 3056 5776 an'n.
3086 5718 3219 5777 Chr.
3245 5718 3370 5788 515,
3397 5733 3518 5790 cap.
3543 5718 3633 5773 28.
