4132 6424
391 367 492 422 549

1789 345 2167 405 EPISTOLAB.

3525 337 3623 393 550

393 477 585 534 ἐαυτοῦ
617 478 893 550 μοχθηρᾶς
923 475 1293 550 προαιρέσεως
1329 467 1453 545 εὗρε
1482 471 1749 543 πρόφασιν
1769 485 1784 496 ·
1817 469 1867 521 οἰ
1900 468 1953 521 δὲ

2061 472 2178 530 est;
2217 463 2306 518 isti
2338 476 2486 525 vero,
2529 459 2748 530 impiam
2785 457 2932 512 illius
2976 471 3042 512 ex
3074 455 3298 512 Christo
3346 456 3622 510 nundina--

388 569 485 640 τὴν
551 572 760 626 ἐκείνου
807 569 1278 642 Χριστεμπορείαν
1321 567 1398 637 (5)
1441 563 1788 636 θεωροῦντες,
1821 564 1952 616 οὐκ·

387 666 473 718 ἐτι
514 663 608 734 τῆς
643 662 965 734 Ἐκκλησίας
1001 661 1299 733 ὑποχείριοι
1349 660 1529 730 μένειν
1560 657 1948 729 ἐκαρτέρησανο

385 752 500 808 ἀλλ’
527 754 738 817 ἑαυτοῖς
763 753 998 825 σπήλαια
1026 752 1237 826 λῃστῶν
1277 751 1746 822 οἰκοδομήσαντες,
1801 747 1953 801 ἀδια-

388 844 621 907 λείπτως
658 847 716 898 ἐν
755 846 939 908 αὐτοῖς
991 843 1266 898 ποιοῦνται
1309 842 1588 906 συνόδους,
1639 839 1850 912 νύκτωρ
1893 855 1954 892 τε

389 936 482 988 καί
533 936 650 1007 μεθ’
683 937 892 1009 ἡμέραν
936 937 996 990 ὲν
1044 939 1164 999 ταῖς
1197 934 1339 990 κατά
1379 934 1612 1006 Χριστοῦ
1658 934 1752 987 καὶ
1797 931 1953 1004 ἡμῶν

382 1027 659 1091 διαϐολαῖς
701 1028 1044 1098 ἀσκούμενοι.
1105 1029 1167 1081 Οἳ
1220 1028 1400 1098 πάσης
1445 1027 1544 1096 τῆς
1595 1025 1953 1096 ἀποστολικῆς

393 1117 647 1181 εὐσεϐοῦς
687 1118 844 1189 δόξης
888 1117 1350 1190 κατηγοροῦντες,
1392 1116 1663 1187 Ἰουδαῖκῷ
1712 1116 1952 1186 προσχή-

395 1227 524 1279 ματι
569 1210 944 1281 Χριστομάχον
986 1209 1380 1280 συνεκρότησαν
1432 1210 1809 1279 ἐργαστήριον,
1855 1208 1954 1278 τὴν

383 1301 620 1373 -θεότητα
678 1300 771 1354 τοῦ
817 1302 1065 1373 Σωτῆρος
1111 1301 1265 1372 ἡμῶν
1310 1299 1651 1372 ἀρνούμενοι,
1703 1299 1798 1352 καὶ
1841 1301 1953 1362 τοῖς

388 1393 554 1446 ⁴πρᾶσιν
606 1393 717 1445 ἰσον
754 1387 893 1445 εἶναι
935 1391 1319 1463 κηρύσσοντες.
1350 1391 1538 1445 Πᾶσάν
1570 1407 1629 1444 τε
1660 1388 1823 1443 αὐτοῦ
1856 1389 1954 1460 τῆς

392 1484 659 1555 σωτηρίου
727 1485 1034 1556 οἰκονομίας
1089 1486 1184 1539 καὶ
1247 1486 1314 1540 δι’
1377 1487 1523 1556 ἡμᾶς
1578 1481 1953 1546 ταπεινώσεως

384 1575 572 1647 φωνὴν
613 1576 978 1648 ἐκλεξάμενοι,
1009 1575 1268 1640 ἐξαύτῶν
1299 1577 1633 1648 συναγείρειν
1659 1574 1952 1646 πειρῶνται

390 1669 490 1739 τῆς
517 1667 770 1731 ἀσεϐείας
805 1667 1012 1722 ἑαυτῶν
1041 1667 1100 1722 τὺ
1127 1671 1407 1740 κήρυγμα,
1440 1669 1538 1738 τῆς
1563 1665 1800 1738 ἀρχῆθεν
1838 1665 1954 1720 θεό-

389 1775 554 1828 τητος
600 1757 765 1811 αὐτοῦ
801 1759 895 1812 καὶ
937 1758 1086 1830 παρά
1117 1758 1195 1829 τῷ
1222 1760 1393 1830 Πατρὶ
1427 1757 1581 1830 δόξης
1620 1757 1846 1812 ἁλέκτου
1874 1756 1950 1829 (6)

2054 556 2257 610 tionem
2300 560 2603 614 cernentes,
2636 565 2742 604 non
2777 550 3009 618 amplius
3043 547 3298 603 Ecclesia:
3344 547 3624 616 subjacerc

2053 647 2381 711 voluerunt;
2419 643 2513 698 sed
2569 641 2843 712 speluncis
2898 641 3170 694 latronum
3226 637 3328 693 sibi
3370 647 3622 692 constru-

2053 736 2157 790 ctis
2180 777 2194 798 ,
2228 733 2347 790 sine
2396 731 2800 786 intermissione
2827 735 3131 784 conventus
3165 727 3221 782 in
3259 728 3368 782 illis
3413 739 3580 798 agunt
3609 769 3625 790 ,

2053 837 2216 884 noctu
2251 834 2413 895 atque
2439 823 2677 878 interdiu
2707 822 3010 877 calumnias
3050 822 3311 875 adversus
3344 819 3623 875 Christum

2051 924 2105 970 et
2134 915 2419 970 adversum
2464 927 2565 968 nos
2591 911 3086 966 comminiscentes.
3117 909 3219 976 Qui
3253 925 3375 964 cum
3409 925 3624 963 omnem

2051 1006 2195 1075 piam
2249 1013 2302 1058 et
2353 1004 2708 1075 apostolicam
2739 1001 3041 1056 doctrinam
3076 1001 3359 1062 incusent,
3393 998 3625 1053 Judaico

2053 1109 2203 1149 more
2248 1093 2312 1148 ad
2363 1091 2786 1163 impugnandum
2832 1091 3108 1146 Christum
3152 1090 3428 1144 ofﬁcinam
3464 1090 3625 1144 insti-

2053 1195 2294 1248 tuerunt,
2325 1186 2632 1241 Servatoris
2655 1185 2827 1242 nostri
2850 1185 3106 1240 deitatem
3138 1193 3421 1256 negantes,
3449 1193 3504 1240 et
3537 1201 3626 1240 re-

2051 1277 2216 1347 liquis
2266 1278 2521 1332 omnihus
2573 1278 2832 1348 aequalem
2891 1293 3012 1330 eum
3069 1292 3190 1332 esse
3242 1277 3619 1348 praedicantes.

2051 1367 2418 1437 Collectisque
2448 1369 2703 1422 omnibus
2739 1368 2872 1423 locis
2897 1368 2952 1421 in
2994 1369 3196 1439 quibus
3232 1383 3414 1424 sermo
3445 1378 3529 1424 est
3557 1371 3624 1424 de

2053 1459 2278 1513 salutari
2315 1459 2432 1528 ejus
2470 1460 2876 1529 dispensatione
2921 1467 2974 1514 et
3009 1460 3076 1514 de
3109 1460 3414 1529 abjectione
3446 1463 3622 1517 nostri

2052 1565 2219 1605 causa
2246 1551 2313 1605 ab
2339 1565 2404 1606 eo
2433 1561 2704 1622 suscepta,
2743 1552 3037 1622 impietatis
3068 1567 3180 1606 sua:
3208 1552 3509 1607 doctrinam
3537 1570 3629 1608 eoo

2055 1656 2174 1694 rum
2199 1642 2523 1696 auctoritate
2570 1643 2892 1697 conﬁrmare
2932 1643 3214 1707 nituntur,
3262 1644 3379 1697 loca
3421 1644 3621 1714 quibus

2054 1741 2254 1788 aeterna
2278 1733 2520 1803 ejusdem
2550 1732 2809 1788 divinitas
2838 1742 2890 1789 et
2914 1734 3316 1805 inexplicabilis
3347 1737 3490 1806 apud
3517 1735 3620 1790 Pa-

387 1825 514 1912 τοὺς
543 1849 733 1918 λόγους
766 1825 1248 1921 ἀποστρεῷμενοι.
1278 1825 1386 1920 Την
1413 1825 1549 1916 γοῦν⁷
1585 1847 1845 1919 Ἑλλήνων
1884 1825 1948 1900 ’τέ

2053 1832 2187 1879 trem
2219 1825 2390 1896 gloria
2421 1826 2711 1890 astruitur,
2739 1833 3074 1882 aversantes.
3109 1827 3243 1882 C'um
3289 1828 3456 1899 igitur
3488 1844 3621 1899 gen-

388 1941 485 1995 καί
527 1941 794 1996 Ἰουδαίων
833 1939 1002 2011 ἀσεϐῆ
1036 1940 1165 2012 περὶ
1205 1939 1439 2011 Χριστοῦ
1470 1940 1627 2004 δόξαν
1661 1939 1954 2011 κρατύνονο

386 2049 501 2096 τες,
527 2031 618 2085 τὸν
644 2033 773 2104 παρ’
806 2031 982 2085 αὐτῶν
1013 2031 1232 2087 ἔπαινον
1271 2033 1346 2096 ὡς
1377 2031 1453 2086 Evt
1485 2031 1718 2103 μάλιστα
1745 2031 1954 2103 θηρῶν-

390 2142 481 2177 ται
505 2141 518 2154 ·
560 2125 736 2178 πάντα
762 2123 862 2195 μὲν
893 2124 992 2177 ὅσα
1024 2123 1146 2177 καθ’
1168 2123 1323 2195 ἡμῶν
1359 2125 1490 2196 παρ’
1513 2124 1694 2187 αὐτοῖς
1730 2123 1952 2192 γελᾶται

391 2214 894 2286 πραγματευόμενοι
918 2232 933 2246 ο
974 2215 1186 2276 στάσεις
1219 2214 1276 2267 δὲ
1301 2215 1431 2284 ἡμῖν
1457 2213 1577 2266 καθ’
1617 2213 1829 2284 ἡμέραν
1861 2215 1953 2266 καὶ

389 2305 660 2376 διωγμοὺς
705 2304 1096 2378 ἐπεγείροντες.
1136 2305 1245 2359 Καὶ
1278 2304 1436 2358 τοῦτο
1476 2306 1594 2376 μὲν,
1632 2304 1953 2375 δικαστήρια

392 2396 831 2468 συγκροτοῦντες,
869 2397 936 2450 δι’
979 2397 1226 2466 ἐντυχίας
1273 2397 1641 2467 γυναικαρίων
1699 2396 1776 2465 (7)
1823 2397 1954 2450 ἀτά-

380 2501 530 2539 κτων
565 2484 601 2538 ἃ.
628 2485 944 2556 ἠπάτησανο
982 2484 1140 2538 τοῦτο
1171 2485 1250 2549 δὲ,
1280 2485 1369 2537 τὸν
1392 2485 1807 2556 Χριστιανισμὸν
1834 2485 1951 2538 δια-

388 2576 686 2650 σύροντες,
756 2579 822 2631 ἐκ
876 2576 968 2630 τοῦ
1025 2578 1436 2650 περιτροχάζειν
1516 2581 1697 2632 πᾶσαν
1755 2578 1952 2646 ἀγυιὰν

397 2669 645 2739 ἀσέμνως
682 2668 780 2732 τὰς
821 2670 951 2740 παρ’
986 2668 1167 2732 αὐτοῖς
1209 2670 1496 2739 νεωτέρας.
1541 2669 1698 2722 Ἀλλά
1729 2669 1820 2723 καὶ
1861 2669 1952 2722 τὸν

395 2761 665 2833 ἀρῤηκτον
710 2759 802 2812 τοῦ
825 2759 1058 2831 Χριστοῦ
1104 2758 1331 2829 χιτῶνα,
1362 2760 1420 2812 ὃν
1452 2762 1499 2812 οἰ
1538 2761 1719 2830 δήμιοι
1761 2759 1951 2814 διελεῖν

387 2853 493 2904 οὐκ
530 2850 933 2913 ἐϐουλεύσαντο,
971 2851 1122 2904 αὐτοὶ
1161 2851 1340 2920 σχίσαι
1382 2850 1702 2922 ἐτόλμησαν.

462 3117 526 3170 ΙΙ.
579 3115 770 3188 Ἡμεῖς
821 3117 918 3188 μὲν
952 3112 1065 3180 οῦν,
1096 3116 1246 3172 ἃκαὶ
1267 3117 1343 3188 τῷ
1386 3117 1486 3187 βίῳ
1534 3118 1712 3171 αὐτῶν
1751 3120 1843 3172 καὶ
1881 3123 1947 3191 τῇ

389 3206 586 3278 ἀνοσίῳ
627 3209 964 3278 ἐπιχειρήσει
1012 3207 1235 3278 πρέπει,
1272 3206 1360 3260 διὰ
1383 3205 1442 3259 τὸ
1480 3205 1780 3269 λανθάνειν,
1817 3207 1945 3279 βρα-

388 3296 520 3360 δέως
578 3297 995 3367 ἐπιστήσαντες,
1049 3295 1340 3365 παμψηφεί
1386 3296 1483 3366 τῆς
1542 3297 1952 3366 προσκυνούσης

389 3385 622 3462 Χριστοῦ
673 3386 773 3457 τὴν
811 3386 1036 3456 θεότητα
1109 3386 1431 3458 Ἐκκλησίας
1477 3386 1816 3458 ἐξηλάσαμεν
1853 3388 1947 3459 (8).

400 3478 789 3548 Ἐπεχείρησαν
819 3478 877 3531 δέ
911 3479 1264 3550 περιδρομαῖς
1309 3479 1578 3550 χρώμενοι
1620 3480 1742 3533 καθ’
1775 3481 1948 3552 ἡμῶν,

391 3568 773 3640 παρεκϐαίνειν
814 3570 946 3640 πρὸς
980 3571 1104 3633 τοὺς
1143 3570 1447 3641 ὁμόφρονας
1491 3571 1948 3644 συλλειτουργοὺς,

390 3661 629 3731 σχήματι
675 3661 772 3730 μὲν
813 3662 1033 3732 εἰρήνης
1071 3662 1163 3714 καὶ
1195 3660 1438 3725 ὲνὼσεως
1468 3663 1690 3728 ἀξίωσιν
1727 3665 1954 3736 ὑποκρι-

388 3753 601 3822 νόμενοι
622 3770 635 3782 ·
670 3753 731 3806 τὸ
761 3753 818 3804 δὲ
847 3753 1071 3823 ἀληθὲς,
1107 3755 1448 3825 συναρπάσαι
1482 3755 1632 3820 τινάς
1663 3756 1841 3810 αὐτῶν
1875 3759 1954 3820 είς

387 3843 486 3914 τὴν
518 3843 652 3897 ἰδίαν
679 3844 831 3897 νόσον
856 3843 944 3897 διά
979 3845 1368 3916 χρηστολογίας
1407 3846 1794 3912 σπουδάζοντες
1814 3865 1826 3878 ο
1861 3849 1954 3901 καὶ

394 3931 788 4004 στωμυλώτερα
821 3933 1122 4004 γράμματα
1168 3935 1296 4006 παρ’
1329 3933 1504 3987 αὐτῶν
1539 3933 1833 3999 αἰτοῦντες,
1869 3935 1956 3988 ἵνα

386 4022 961 4096 ’παραναγινώσκοντες
1003 4025 1141 4079 αύτά
1175 4028 1288 4088 τοῖς
1324 4027 1414 4079 ὑπ’
1447 4025 1625 4079 αὐτῶν
1665 4027 1954 4098 ἠπατημέ-

393 4131 523 4179 νοις,
551 4115 947 4187 ἀμετανοήτους
974 4117 1059 4186 ἐφ’
1089 4111 1168 4180 οἷς
1199 4115 1507 4187 ἐσφάλησαν
1537 4116 1955 4182 κατασκευάζω-

392 4221 496 4270 σιν,
531 4207 970 4279 ἐπιτριϐομένους
1001 4210 1080 4270 εἰς
1118 4207 1386 4273 ἀσέϐειαν,
1417 4207 1493 4271 ὡς
1533 4207 1600 4261 ἀν
1632 4209 1955 4281 συμψήφους

391 4298 570 4361 αὐτοῖς
591 4300 684 4351 καὶ
716 4300 1021 4371 ὁμόφρονας
1048 4299 1258 4370 ἔχοντες
1291 4287 1638 4364 ἐπισκόπους.
1677 4301 1786 4370 Ούχ
1813 4299 1954 4372 ἅπερ

393 4387 521 4456 γοῦν
560 4389 688 4460 παρ’
727 4391 859 4460 ἡμῖν
905 4389 1154 4460 πονηρῶς
1204 4389 1446 4455 ἐδίδαξάν
1494 4407 1553 4442 τε
1598 4391 1693 4443 καὶ
1736 4390 1957 4460 διεπρά-

2056 1916 2230 1970 tilium
2265 1932 2327 1971 ac
2352 1915 2660 1970 Iudaeorum
2693 1917 2912 1986 impiam
2951 1917 3017 1974 de
3045 1917 3264 1974 Christo
3294 1920 3622 1975 sententiam

2053 2009 2397 2073 confirment,
2428 2009 2639 2064 laudem
2677 2009 2746 2063 ab
2795 2009 2905 2066 illis
2949 2011 3096 2064 omni
3154 2019 3268 2066 arte
3299 2025 3363 2064 ac
3411 2013 3625 2066 ratione
3697 2010 3709 2023 ’

2053 2107 2435 2170 aucupantur:
2469 2115 2532 2155 ea
2562 2101 2782 2171 quidem
2807 2116 2932 2172 qua:
2960 2102 3040 2156 illi
3088 2102 3144 2156 in
3179 2104 3342 2158 nobis
3373 2103 3622 2158 deridere

2053 2192 2260 2254 solent.
2307 2192 2489 2245 omnia
2551 2191 2955 2262 confingenles;
3019 2191 3314 2247 seditiones
3347 2201 3525 2246 autem
3557 2209 3620 2245 ac

2053 2281 2460 2352 persecutiones
2496 2282 2758 2337 adversus
2797 2297 2898 2337 nos
2923 2282 3165 2351 quotidie
3186 2283 3509 2336 excitantes.
3550 2281 3616 2335 Et

2053 2389 2198 2426 nunc
2253 2372 2470 2442 quidem
2518 2372 2583 2425 ad
2619 2373 2864 2441 judicum
2911 2374 3202 2428 tribunalia
3251 2389 3352 2428 nos
3398 2371 3640 2427 trahunt'

2053 2479 2150 2533 per
2174 2463 2634 2533 interpellationes
2675 2463 2959 2518 mulierum
2989 2463 3333 2532 disciplinam
3368 2479 3476 2518 non
3504 2480 3620 2520 ser—

2053 2553 2318 2616 vantium,
2353 2567 2491 2622 quas
2542 2553 2644 2622 ipsi
2699 2553 2753 2607 in
2809 2569 3048 2608 errorem
3079 2554 3445 2620 induxerunt;
3477 2571 3622 2608 nunc

2051 2645 2375 2701 Christianae
2392 2646 2638 2715 religioni
2664 2647 2920 2716 probrum
2950 2655 3112 2717 atque
3130 2646 3407 2700 infamiam
3440 2663 3623 2716 asper-

2051 2746 2186 2810 gunt
2207 2779 2222 2804 ,
2266 2738 2392 2792 dum
2417 2739 2725 2808 juvenculae
2755 2739 2996 2808 ipsorum
3027 2754 3122 2808 per
3169 2753 3360 2793 omnes
3389 2738 3538 2793 vicos
3569 2749 3622 2793 et

2052 2831 2287 2899 compita
2325 2831 2557 2899 turpiter
2608 2830 3061 2884 circumcursant.
3097 2828 3202 2883 Sed
3239 2837 3291 2883 et
3325 2829 3622 2884 indissolu-

2050 2921 2212 2976 biletn
2246 2921 2451 2976 Christi
2493 2921 2727 2975 tunicam
2755 2961 2770 2986 ,
2818 2936 2980 2991 quam
3009 2923 3294 2976 carniﬁces
3323 2922 3451 2975 olim
3482 2922 3622 2976 divi-

2051 3012 2181 3067 dere
2213 3013 2525 3077 nolucrunt,
2562 3013 2649 3067 isti
2673 3013 2790 3068 ausi
2820 3021 2945 3067 sunt
2974 3012 3304 3068 discindere.

2124 3103 2187 3158 ll.
2227 3104 2306 3158 Ac
2339 3120 2439 3159 nos
2473 3104 2689 3174 quidem
2729 3119 2850 3158 cum
2883 3120 2945 3158 ea
2988 3120 3108 3175 quae
3139 3105 3260 3158 vita:
3291 3104 3531 3173 ipsorum
3559 3118 3623 3157 ac

2054 3195 2276 3250 nefariis
2302 3194 2588 3249 conatibus
2628 3202 2977 3262 competunt,
3023 3193 3202 3248 serius
3234 3201 3453 3264 propter
3477 3195 3622 3263 ipso-

2050 3304 2170 3350 nun
2202 3287 2437 3342 latebras
2459 3286 3002 3355 deprehendissemus
3025 3325 3040 3349 ,
3076 3288 3351 3339 communi
3378 3289 3620 3340 omnium

2052 3375 2311 3447 suffragio
2340 3392 2407 3431 ex
2431 3383 2573 3430 cmtu
2599 3375 2855 3430 Ecclesia:
2884 3392 3004 3445 qua:
3043 3375 3246 3431 Christi
3281 3376 3619 3431 divinitatem

2052 3472 2263 3532 adorat,
2292 3485 2385 3526 eos
2421 3470 2704 3538 ejecimus.
2759 3468 2866 3538 Ipsi
2910 3484 3038 3523 vero
3066 3478 3256 3524 contra
3293 3486 3394 3524 nos
3434 3473 3539 3524 huc
3567 3481 3622 3524 et

2053 3565 2181 3619 illuc
2202 3563 2594 3624 discurrentes,
2628 3562 2695 3615 ad
2734 3562 2969 3631 collegas
3012 3569 3234 3616 nostros
3262 3562 3402 3617 idem
3433 3563 3620 3618 nobis—

2053 3671 2176 3710 cum
2204 3655 2497 3710 sentientes
2525 3652 2796 3722 proﬁcisci
2849 3653 3203 3707 instituerunt
3228 3671 3242 3707 :
3289 3655 3470 3722 specie
3500 3654 3621 3722 qui-

2053 3747 2174 3800 dem
2206 3759 2391 3814 pacem
2422 3751 2476 3816 et
2508 3743 2857 3798 concordiam
2897 3750 3147 3812 expetere
3173 3759 3231 3797 se
3263 3744 3618 3809 simulantes;

2055 3850 2113 3888 re
2141 3837 2258 3904 ipsa
2289 3848 2416 3889 vero
2445 3831 2708 3902 quosdam
2739 3847 2926 3887 eorum
2955 3833 3166 3886 blandis
3192 3833 3537 3888 sermonibus
3565 3833 3620 3888 in

2053 3941 2295 3982 errorem
2327 3941 2485 3980 suum
2513 3924 2800 3979 traducere
2827 3933 3108 3980 conantes.
3146 3927 3188 3978 A
3218 3927 3419 3995 quibus
3452 3928 3618 3982 etiam

2053 4019 2394 4074 verbosiores
2426 4017 2684 4086 epistolas
2733 4016 3002 4087 ﬂagitant,
3042 4025 3100 4070 ut
3131 4031 3222 4072 eas
3254 4018 3492 4087 legentes
3522 4017 3622 4072 ho-

2055 4110 2294 4165 minibus
2327 4124 2466 4178 quos
2495 4109 2596 4178 ipsi
2620 4109 2950 4177 deceperunt
2971 4149 2985 4169 ,
3039 4123 3134 4162 eos
3181 4109 3531 4176 pertinaciter
3563 4109 3620 4162 in

2054 4219 2242 4260 errore
2275 4219 2622 4275 perseverare
2654 4204 2854 4258 faciant
2900 4204 3106 4272 absque
3146 4202 3258 4255 ullo
3287 4201 3622 4270 pmnitentiae

2056 4317 2220 4358 sensu
2254 4303 2308 4356 in
2361 4301 2635 4370 impietate
2672 4301 2988 4363 obduratos,
3020 4298 3178 4367 quasi
3213 4297 3308 4368 qui
3334 4297 3621 4367 episcopos

2057 4393 2197 4448 idem
2226 4407 2410 4448 secum
2441 4393 2736 4448 sentientes
2755 4407 2818 4447 ac
2848 4391 2950 4446 sibi
2979 4389 3339 4459 sulfragantes
3360 4387 3618 4442 habeant.

394 4480 572 4547 ξαντο,
622 4479 975 4552 ὁμολογοῦσιν
1037 4483 1238 4546 αὐτοῖς,
1286 4481 1350 4536 δι’
1391 4482 1427 4536 ἃ.
1473 4484 1565 4537 καὶ
1605 4483 1948 4555 ἐξώσθησανο

2058 4484 2132 4538 Ea
2164 4500 2327 4555 porro
2371 4499 2490 4554 qua:
2548 4483 2689 4553 apud
2740 4498 2840 4538 nos
2890 4496 3166 4552 perperam
3217 4479 3520 4534 docuerunt
3567 4488 3622 4533 et

467 4678 540 4749 (5)
561 4679 678 4747 Τὴν
699 4679 937 4752 ἐκείνου,
953 4684 1470 4752 Χριστεμπορείαν.
1503 4683 1954 4748 Colluthus,’cum

390 4757 541 4804 esset
569 4750 854 4824 presbyter
880 4750 1250 4815 Alexandriae,
1285 4750 1600 4824 arrogantia
1646 4769 1707 4808 ac
1737 4755 1955 4810 temeri-

365 4827 506 4873 tate
527 4823 707 4894 elatus
731 4862 746 4885 ,
791 4835 911 4894 pro__
937 4823 1192 4893 episcopo
1225 4838 1283 4894 se
1326 4823 1601 4894 gesserat,
1647 4826 1955 4894 multosque

397 4890 746 4966 presbyteros
775 4890 1510 4966 acdiaconosordina'verat.
1542 4892 1744 4966 Verum
1779 4895 1845 4966 in
1865 4890 1957 4966 sy-

397 4959 540 5032 nodo
566 4959 909 5015 Alexandriae
956 4969 1281 5032 congregata
1313 4972 1526 5017 cunctae
1573 4964 1693 5030 ejus
1733 4959 1956 5018 ordina-

393 5029 573 5111 tiones
592 5038 796 5111 postea
835 5029 1087 5111 rescissai
1128 5029 1285 5098 sunt;
1328 5029 1730 5111 et_quicunque
1773 5035 1841 5111 ab
1889 5048 1956 5111 eo

395 5098 627 5153 ordinati
651 5101 886 5166 fuerant,
919 5102 974 5155 in
1000 5101 1261 5157 laicorum
1285 5098 1530 5157 ordinem
1561 5098 1689 5158 sunt
1711 5104 1954 5168 redacti,

396 5176 460 5222 ut
499 5176 729 5242 testatur
755 5170 1088 5242 Athanasius
1134 5175 1187 5225 in
1214 5171 1546 5242 Apologetico
1589 5173 1816 5227 secundo
1859 5172 1958 5226 ad-

398 5239 854 5312 υετδαδ-ᾼτὶαιιοε.
883 5239 1024 5295 Hinc
1061 5249 1284 5312 apparet
1322 5239 1420 5296 cur
1441 5241 1744 5297 Alexander
1771 5242 1960 5297 Collu~

399 5307 553 5388 thum
577 5308 995 5388 Χριστέμπορον
1026 5307 1200 5373 vocet,
1224 5326 1290 5366 eo
1320 5312 1464 5388 quod
1496 5312 1703 5388 scilicet
1738 5314 1959 5367 ordina-

400 5378 578 5451 tiones
600 5378 979 5443 venderet,'et
1001 5396 1064 5437 ex
1096 5378 1356 5435 manuuni
1388 5382 1733 5451 impositione
1773 5397 1838 5436 ac
1869 5397 1958 5438 re-

361 5472 368 5474 -
401 5446 954 5522 liquis‘sacramentis
985 5459 1253 5522 quaestum
1282 5446 1550 5522 captaret.

467 5515 752 5591 (ﬁgdo'gnc
765 5515 1042 5591 ἁλέκτού.
1072 5521 1133 5575 In
1145 5515 1528 5591 _manuscripto
1539 5519 1724 5576 codice
1741 5519 1958 5591 Henrici

405 5585 620 5658 Savilii,
651 5587 710 5641 in
734 5589 889 5658 regio
920 5591 1109 5646 codice
1133 5589 1186 5658 ,1.
1214 5589 1332 5646 Pini
1359 5629 1375 5657 ,
1405 5585 1459 5646 et
1496 5591 1552 5646 in
1581 5591 1822 5646 editione
1853 5589 1957 5645 Ba-

402 5657 610 5712 siliensi
641 5657 836 5732 legitur
848 5657 1102 5732 ᾲλήκτου.
1130 5657 1412 5732 Vulgatam
1429 5668 1610 5732 tamen
1628 5661 1958 5732 scripturam

404 5733 626 5807 tuentur
648 5728 884 5807 reliqui
917 5728 1169 5807 codices,
1197 5728 1272 5807 et
1295 5729 1581 5807 Epiphanii
1632 5728 1959 5807 scholastici

404 5797 804 5870 interpretatio.
850 5797 956 5856 Sed
980 5807 1034 5858 et
1065 5801 1122 5858 in
1147 5797 1702 5860 editione—Basiliensi
1730 5816 1829 5872 pro
1874 5802 1959 5858 his

1982 5899 2028 5914 ’φ

2052 4685 2234 4742 verbis
2267 4684 2415 4756 παρά
2435 4683 2511 4754 τῷ
2542 4683 2734 4756 Πατρί,
2775 4681 3150 4756 Ιθεὶιυιῂπαρά
3171 4680 3275 4756 coit
3289 4681 3522 4756 Πατρός.

2125 4756 2200 4826 (7)
2248 4754 2324 4807 Δι’
2351 4752 2630 4826 ἐντῄχίας
2665 4752 3092 4826 ’γυναῖκαρίωνζ
3122 4752 3431 4826 ᾼιηριεοιοι·
3456 4752 3623 4826 inter-

2053 4821 2758 4895 pretationemCamerarii,
2791 4825 2883 4892 qui
2913 4825 3004 4895 si_c_
3023 4823 3221 4895 vertit,
3249 4837 3340 4895 per
3364 4821 3619 4895 interpel-

2055 4890 2277 4948 lationes
2318 4893 2771 4955 muliercularum,
2809 4890 2925 4947 etc.
2961 4891 3069 4945 Nec
3104 4892 3245 4947 male
3281 4890 3621 4960 Epiphanius

2058 4963 2433 5018 Scholasticus
2463 4962 2754 5016 additiones
2778 4963 3183 5032 interpretatur.
3206 4959 3458 5032 Intelligit
3474 4959 3618 5032 enim

2058 5034 2270 5088 libellos
2325 5033 2734 5086 accusationum
2759 5071 2774 5093 ,
2808 5029 2953 5102 quos
2981 5032 3238 5102 mulieres
3291 5031 3359 5083 ab
3392 5029 3623 5102 'Arianis

2059 5103 2372 5158 subornata:
2405 5102 2751 5172 porrigebant
2769 5100 3069 5172 judicibusk
3096 5101 3358 5155 adversus
3386 5100 3620 5172 Alexan-

2057 5174 2215 5227 drum
2260 5169 2579 5242 episc’opuni
2626 5169 2985 5242 Alexandriae.
3039 5169 3184 5242 Sane
3241 5169 3462 5242 ἐντυχία
3521 5185 3624 5242 pro

2057 5242 2242 5297 libello
2266 5236 2497 5311 supplici
2523 5241 2759 5311 sumitur
2794 5243 2864 5296 ab
2894 5236 3215 5306 Athanasio,
3242 5248 3302 5294 ut
3328 5236 3620 5293 observavi

2059 5313 2116 5368 in
2133 5309 2575 5366 adnotationibus
2604 5309 2948 5365 Eusebianis.

2128 5382 2203 5454 (8)
2217 5378 2711 5454 Mamaea-21%
2725 5379 3106 5454 Ἐκκλησίαςν
3123 5377 3524 5454 ἐξηλάσαμεν·
3544 5373 3623 5454 113$

2058 5445 2146 5507 his
2189 5445 2378 5506 'verbis
2419 5445 2734 5520 colligitur,
2793 5445 2942 5504 hanc
2985 5445 3272 5520 epistolam
3329 5445 3621 5520 Alesandri

2059 5522 2318 5592 scriptam
2337 5536 2461 5576 esse
2489 5516 2611 5590 post
2638 5521 2903 5590 synodum
2936 5516 3360 5574 Alexandrinam
3388 5557 3402 5579 ,
3434 5516 3488 5570 in
3513 5531 3622 5584 qua

2059 5591 2349 5646 damnatus
2376 5597 2494 5646 erat
2514 5591 2674 5645 Arius
2702 5605 2826 5644 cum
2857 5591 3040 5645 sociis.
3066 5587 3209 5643 Duas
3235 5595 3416 5643 autem
3458 5601 3624 5656 syno-

2059 5662 2162 5716 dos
2213 5662 2594 5732 episcoporum
2624 5659 2845 5732 Egypti
2886 5659 3148 5732 adversus
3176 5657 3364 5732 _A_rium
3393 5656 3625 5732 ejusque

2061 5728 2490 5801 socios'colle'git
2516 5728 2822 5802 Alexander
2843 5731 3134 5802 episcopus
3165 5728 3508 5788 Alexandria:
3524 5763 3541 5791 ,
3564 5731 3627 5779 ut

2063 5802 2206 5857 infra
2237 5802 2486 5874 pluribus
2513 5801 2886 5858 ostendemus.
