4132 6414
561 277 663 341 551

1654 283 1716 337 S.
1759 282 2153 339 ALEXAND!“
2186 283 2648 341 ALEXANDRIM

3696 282 3799 341 552

563 404 816 468 egerunt.
843 405 896 453 et
933 411 1164 467 quorum
1194 410 1361 469 causa
1383 413 1415 452 a
1436 398 1595 454 nobis
1621 407 1750 456 sunt
1773 401 2007 471 expulsi,
2039 417 2135 457 ne-

2236 403 2351 458 άλλ⁹
2393 404 2427 475 ἢ
2462 404 2641 474 σιωπῇ
2668 403 2837 457 ταῦτα
2879 402 3281 474 παραδιδόασιν,
3328 402 3363 471 ἦ
3400 396 3800 472 πεπλασμένοις

561 505 830 561 quaquam
872 490 980 544 illis
1008 489 1339 544 conﬁtentur
1362 507 1377 556 ;
1407 490 1504 546 sed
1531 492 1617 548 vel
1647 494 1863 548 silentio
1890 494 1996 548 ista
2020 502 2136 549 tra-

552 583 715 646 dunt,
748 582 830 637 vel
861 581 1004 636 ﬁctis
1050 583 1396 638 sermonibus
1450 592 1505 638 et
1536 584 1761 640 ,libellis
1804 586 2135 655 conscriptis

558 675 825 736 velantes,
861 672 1043 727 fucum
1074 671 1301 728 faciunt.
1335 674 1721 731 Probabilibus
1758 678 1939 748 itaque
1967 685 2021 732 et
2066 678 2136 733 ad

555 765 984 821 assentationem
1000 767 1321 837 compositis
1338 767 1627 837 colloquiis
1643 768 1958 837 pestiferam
1981 784 2136 824 suam

559 855 865 921 doctrinam
928 855 1287 926 oblegentes,
1341 859 1726 927 simpliciorem
1778 876 2049 931 quemque
2080 870 2136 917 et

561 944 740 1000 fraudi
789 949 1096 1018 expositum
1154 948 1621 1013 circumveniunt,
1699 967 1877 1022 neque
1920 952 2135 1007 interim

560 1045 795 1105 parcunt
824 1039 1079 1108 pietatem
1113 1050 1352 1094 nostram
1385 1040 1530 1110 apud
1565 1056 1755 1099 omnes
1790 1044 2132 1098 calumniari.

566 1124 721 1180 Unde
769 1126 825 1179 ﬁt
858 1135 916 1180 ut
947 1128 1192 1183 nonnulli
1242 1129 1439 1184 litteris
1473 1145 1662 1185 eorum
1691 1133 2096 1189 subscribentes
2118 1171 2134 1196 ,

564 1217 622 1272 in
641 1218 939 1274 Ecclesiam
961 1236 1055 1275 eos
1077 1220 1360 1291 recipiant,
1380 1237 1504 1274 cum
1534 1229 1716 1277 tamen
1746 1223 2137 1278 comministris

556 1307 658 1378 qui
685 1307 788 1362 hoc
814 1309 933 1364 ausi
962 1318 1108 1376 sunt,
1143 1310 1487 1381 gravissima,
1521 1321 1580 1365 ut
1614 1311 1826 1381 opinor,
1848 1313 2140 1381 reprehen—

560 1400 739 1456 sionis
771 1401 1051 1456 immineat
1090 1402 1345 1470 infamia;
1393 1420 1458 1459 eo
1505 1404 1652 1475 quod
1696 1419 1799 1459 nec
1830 1406 2138 1473 apostolica

565 1492 750 1561 regula
804 1491 857 1546 id
895 1493 1181 1563 permittit,
1216 1504 1270 1549 et
1315 1494 1583 1551 diabolica
1623 1497 1680 1551 in
1731 1497 1866 1568 ipsis
1896 1497 2141 1568 operatio

567 1585 827 1639 adversus
860 1584 1137 1640 Christum
1190 1586 1293 1641 hoc
1334 1587 1478 1643 facto
1521 1588 1753 1644 validius
1803 1589 2137 1643 accendiur.

560 1672 929 1738 Quamobrem
961 1676 1097 1730 nihil
1132 1685 1457 1742 cunctatus,
1517 1678 1717 1735 fratres
1758 1679 2137 1744 dilectissimi,

2234 490 2414 560 λόγοις
2481 494 2575 545 καὶ
2646 492 2945 563 ἐγγράφοις
3021 491 3433 555 ὲπισκιάξοντες
3498 488 3797 546 ἀπατῶσιν.

2236 583 2665 654 Πειθανωτέραις
2710 584 2840 652 γοῦν
2897 584 2990 636 καὶ
3042 580 3369 651 βωμολόχοις
3422 579 3658 652 ὁμιλίαις
3702 582 3802 653 τὴν

2236 673 2557 745 φθοροποιὸν
2596 673 2772 727 αὐτῶν
2813 671 3152 727 διδασκαλίαν
3199 670 3652 742 ὲπικρύπτοντες,
3677 687 3803 725 συν-

2236 765 2571 837 αρπάζουσιν
2638 764 2729 817 τὸν
2768 766 2847 828 είς
2892 764 3106 834 ἀπάτην
3147 763 3493 832 ἐκκείμενον,
3551 762 3655 833 οὐκ
3693 763 3803 815 άπ-

2236 855 2481 925 εχόμενοι
2524 854 2618 906 καὶ
2655 853 2749 907 τοῦ
2784 854 2934 928 παρὰ
2970 855 3102 907 πᾶσι
3133 854 3481 921 συκοφαντεῖν
3512 850 3610 923 τὴν
3659 853 3799 923 ἠμε-

2236 945 2396 1015 τέραν
2459 942 2760 997 εὐσέϐειαν.
2812 942 2970 995 Ὅθεν
3022 942 3118 996 καὶ
3170 940 3453 1011 συμὸαίνει
3497 939 3647 1005 τινὰς
3688 943 3800 1003 τοῖς

2236 1036 2555 1107 γράμμασιν
2613 1033 2792 1089 αὐτῶν
2840 1034 3282 1105 ὑπογράφοντας,
3342 1033 3421 1094 εἱς
3478 1029 3798 1102 Ἐκκλησίαν

2237 1125 2587 1196 εἰσδέχεσθαι·
2632 1124 2912 1196 μεγίστης,
2932 1123 3007 1186 ὡς
3043 1119 3480 1192 οἷμαι,διαϐολῆς
3519 1120 3803 1189 ἐπικειμέι-

2237 1235 2334 1287 νης
2373 1220 2487 1280 τοῖς
2533 1216 2691 1270 τοῦτο
2735 1215 2974 1286 τολμῶσι
3021 1213 3479 1284 συλλειτουργοῖς,
3536 1212 3615 1282 τῷ
3666 1214 3803 1283 μήτε

2235 1310 2326 1363 τὸν
2365 1308 2718 1363 άποστολικὸν
2761 1308 2960 1361 κανόνα
3001 1304 3157 1358 τοῦτο
3195 1304 3515 1375 συγχωρεῖν,
3543 1302 3679 1356 ἀλλά
3708 1303 3804 1356 καὶ

2238 1400 2554 1454 ὑπεκκαίειν
2581 1399 2677 1470 τὴν
2716 1398 2803 1451 ἐπ’
2835 1398 3017 1460 αὐτοῖς
3057 1395 3363 1465 διαϐολικὴν
3403 1393 3543 1447 κατά
3567 1389 3801 1463 Χριστοῦ

2238 1492 2534 1564 ἐνέργειαν.
2583 1491 2675 1543 Διὸ
2719 1489 2783 1559 δὴ
2829 1490 2923 1542 καὶ
2971 1487 3120 1540 οὐδὲν
3168 1485 3464 1556 μελλήσας,
3509 1484 3800 1553 ἀγαπητοὶ,

2237 1583 2474 1657 δηλῶσαι
2518 1585 2646 1654 ὑμῖν
2686 1584 2787 1654 τὴν
2825 1582 2935 1635 τῶν
2982 1578 3235 1631 τοιούτων
3270 1576 3524 1630 ἀπιστίαν
3569 1575 3802 1644 ἐμαυτὸν

2238 1673 2580 1743 διανέστησα,
2620 1673 2883 1743 λεγόντων
2913 1671 2994 1724 ὅτι
3021 1665 3090 1739 ἦν
3117 1685 3247 1721 ποτε
3277 1668 3365 1720 ὅτε
3393 1667 3493 1720 οὐκ
3526 1662 3593 1736 ἦν
3622 1668 3651 1719 6
3677 1664 3804 1728 Υἱὸς

564 1766 805 1820 animum
841 1781 905 1821 ac
948 1767 1201 1823 ﬁduciam
1253 1771 1483 1840 sumpsi,
1517 1777 1577 1823 ut
1606 1770 1885 1840 perfidiam
1909 1771 2135 1826 istorum

2239 1766 2331 1821 τοῦ
2357 1766 2515 1829 Θεοῦ,
2546 1767 2639 1819 καὶ
2664 1765 2883 1834 γέγονεν
2912 1763 3137 1832 ὕστερον
3170 1763 3198 1813 6
3225 1761 3486 1831 πρότερον
3519 1758 3594 1829 μὴ
3629 1758 3806 1828 ὑπάρ-

562 1856 720 1911 vobis
746 1854 1043 1911 indicarem
1085 1859 1179 1928 qui
1215 1857 1405 1913 dicunt
1439 1878 1452 1914 :
1491 1860 1591 1913 fuit
1620 1868 1832 1930 tempus
1862 1876 1987 1914 cum
2022 1876 2130 1915 non

558 1954 710 2000 esset
740 1942 911 2000 Filius
943 1943 1070 2012 Dei;
1110 1954 1165 2001 et
1200 1948 1292 2017 qui
1321 1949 1474 2019 prius
1502 1963 1612 2002 non
1656 1956 1795 2012 erat,
1839 1956 2023 2019 postea
2048 1963 2136 2003 ex-

564 2038 744 2103 stitit;
794 2038 917 2092 talis
958 2039 1177 2101 factus,
1225 2041 1659 2111 quandocunque
1691 2039 1909 2096 demum
1959 2040 2135 2095 factus

563 2137 685 2192 est,
716 2129 897 2199 qualis
949 2131 1177 2199 quilibet
1216 2130 1497 2186 hominum
1545 2132 1697 2186 nasci
1736 2133 1892 2188 solet.
1941 2131 2135 2188 Omnia

556 2221 729 2283 enim,
761 2228 818 2274 ut
845 2220 1019 2283 aiunt,
1055 2221 1197 2277 Deus
1242 2220 1372 2279 fecit
1410 2239 1476 2278 ex
1516 2223 1720 2290 nihilo;
1776 2226 1832 2277 in
1861 2224 2137 2279 creatione

560 2311 807 2365 conmium
842 2327 1046 2376 rerum,
1080 2320 1189 2366 tam
1224 2314 1569 2369 rationalium
1610 2329 1772 2384 quam
1803 2315 2011 2369 ratione
2040 2329 2135 2368 ca-

559 2402 823 2466 rentium,
850 2402 1014 2457 etiam
1037 2402 1231 2457 Filium
1256 2402 1345 2459 Dei
1363 2405 1899 2475 comprehentlentes.
1927 2405 2135 2471 Quibus

559 2494 731 2549 etiam
754 2504 1152 2566 consequenter
1184 2495 1410 2559 addunt,
1434 2511 1557 2551 eum
1584 2496 1862 2552 mutabilis
1889 2512 2009 2551 esse
2033 2511 2134 2550 na-

562 2594 723 2649 tura},
752 2586 1079 2656 virtutisque
1106 2600 1169 2639 ac
1193 2586 1309 2640 vitii
1344 2601 1618 2656 capacem.
1652 2586 1941 2657 Positaque
1967 2589 2137 2643 semel

564 2677 669 2733 hac
694 2678 961 2734 sententia
988 2721 1003 2746 ,
1043 2676 1239 2733 Filium
1280 2678 1371 2734 Dei
1400 2694 1466 2734 ea:
1503 2680 1670 2734 nihilo
1709 2696 1867 2744 esse,
1928 2681 2140 2736 divinas

2235 1876 2366 1929 χων,
2406 1857 2644 1921 τοιοῦτος
2682 1855 2971 1926 γενόμενος
3008 1854 3095 1906 ἅτε
3128 1852 3221 1906 καί
3260 1868 3387 1904 ποτε
3418 1850 3656 1919 γέγονεν,
3690 1844 3804 1913 οἷος

2238 1950 2329 2003 καὶ
2358 1951 2463 2013 πᾶς
2487 1945 2624 2001 εἶναι
2652 1948 2890 2015 πέφυκεν
2915 1945 3213 2017 ἄνθρωπος.
3241 1943 3422 1996 Πάντα
3446 1943 3576 2012 γὰρ,
3615 1942 3800 2010 φασὶν,

2235 2041 2265 2093 6
2284 2041 2414 2104 Θεὸς
2445 2039 2502 2107 ἐξ
2526 2042 2626 2093 οὐκ
2656 2039 2823 2092 όντων
2848 2037 3067 2108 ἐποίησε
3084 2077 3098 2100 ,
3146 2036 3711 2107 συναναλαμϐάνοντες
3732 2037 3802 2107 τῇ

2238 2130 2345 2184 τῶν
2378 2132 2631 2184 ἁπάντων
2666 2130 2898 2199 λογικῶν
2927 2146 2986 2182 τε
3017 2129 3110 2183 καὶ
3138 2128 3344 2197 ἀλόγων
3380 2127 3552 2183 κτίσει
3588 2128 3679 2180 καὶ
3709 2126 3807 2179 τὸν

2240 2222 2368 2277 Υἱὸν
2424 2221 2518 2275 τοῦ
2565 2222 2721 2275 Θεοῦ.
2797 2217 2892 2286 Οἷς
2937 2220 3238 2284 ἀκολούθως
3289 2219 3380 2273 καὶ
3432 2219 3596 2289 φασιν
3641 2218 3805 2272 αὐτὸν

2231 2314 2470 2385 τρεπτῆς
2511 2310 2646 2367 εἶναι
2689 2313 2932 2383 φύσεως,
2983 2314 3181 2386 ἀρετῆς
3221 2330 3280 2366 τε
3325 2311 3419 2364 καὶ
3454 2311 3650 2374 κακίας
3683 2312 3807 2363 ἑπι-

2233 2404 2508 2458 δεκτικόν·
2560 2407 2653 2458 καὶ
2686 2408 2754 2476 τῇ
2791 2406 2860 2470 ἐξ
2900 2408 3010 2459 οὐκ
3049 2405 3236 2459 ὄντων
3258 2402 3537 2465 ὑποθέσει,
3574 2403 3668 2456 καὶ
3704 2401 3806 2465 τὰς

2238 2496 2387 2561 θείας
2426 2496 2518 2549 τοῦ
2566 2493 2705 2552 εἷναι
2746 2498 2907 2550 αὐτὸν
2950 2498 3037 2550 ἀεὶ
3082 2494 3527 2567 συναναιροῦντες
3557 2492 3803 2565 Γραφὰς,

2239 2591 2294 2643 αἳ
2339 2590 2401 2642 τὸ
2440 2590 2707 2663 ἄτρεπτον
2754 2589 2848 2642 τοῦ
2893 2590 3102 2658 Λόγου,
3164 2588 3258 2641 καὶ
3300 2586 3396 2656 τὴν
3438 2585 3663 2655 θεότητα
3703 2583 3808 2655 τῆς

2242 2683 2439 2751 Σοφίας
2463 2682 2556 2735 τοῦ
2586 2674 2759 2749 Λόγου
2793 2681 3165 2753 σημαίνουσιν,
3199 2682 3234 2735 ἀ
3258 2682 3406 2737 ἐστιν
3430 2679 3457 2731 6
3478 2677 3728 2750 Χριστός.

562 2768 800 2827 Litteras
828 2772 896 2827 de
925 2773 1227 2828 aeternitate
1250 2773 1371 2843 ejus
1391 2783 1660 2840 evertunt,
1684 2776 1883 2845 quibus
1912 2776 2319 2833 immutabilitas
2352 2786 2406 2833 et
2437 2777 2693 2832 divinitas
2727 2775 3016 2847 Sapientia:
3047 2792 3111 2831 ac
3131 2774 3317 2840 Verbi,
3346 2789 3468 2845 qum
3495 2782 3622 2829 sunt
3640 2772 3804 2828 Chri-

562 2875 707 2928 stus,
731 2868 1057 2923 ostenditur.

641 2961 725 3015 lll.
771 2960 1072 3016 Possumus
1106 2977 1258 3032 erg).
1294 2970 1353 3015 ut
1379 2963 1534 3017 aiunt
1582 2964 1673 3017 isti
1718 2964 1992 3031 scelerati,
2029 2978 2133 3019 nos

566 3068 783 3122 quoque
805 3068 929 3107 esse
963 3053 1056 3106 lilii
1092 3053 1209 3117 Dei,
1244 3052 1473 3123 perinde
1507 3068 1571 3109 ac
1601 3054 1710 3109 ille.
1749 3053 2023 3126 Scriptum
2049 3061 2134 3111 est

2300 2960 2393 3012 ιιι.
2424 2955 2707 3027 Δυνάμεθα
2735 2955 2863 3026 γοῦν
2890 2958 2980 3011 καὶ
3007 2959 3185 3028 ἡμεῖς,
3215 2958 3379 3026 φασιν
3401 2958 3449 3011 οἱ
3476 2957 3802 3030 ἀλάστορες,

2233 3049 2338 3102 υἱοὶ
2365 3048 2614 3118 γενέσθαι
2653 3046 2809 3110 Θεοῦ,
2840 3048 2976 3115 ὅπερ
3012 3050 3282 3111 κάκεῖνος.
3324 3048 3636 3120 Γέγραπται
3667 3050 3799 3122 γάρ·

568 3143 712 3197 enim
734 3145 749 3175 ¹
778 3161 790 3197 :
831 3141 1003 3198 Filios
1026 3146 1179 3215 genui
1207 3153 1256 3198 et
1286 3144 1535 3199 exaltari.
1582 3143 1715 3200 Cum
1746 3160 1874 3201 vero
1901 3145 2008 3201 illis
2031 3145 2134 3200 ob-

2244 3138 2413 3205 Υὶοὺς
2443 3138 2740 3209 ἐγέννησα
2765 3139 2861 3194 καὶ
2894 3140 3128 3207 ὕψωσα.
3171 3140 3592 3212 Ἐπιφερομένου
3618 3140 3675 3194 δὲ
3704 3140 3804 3195 αὐ-

562 3236 768 3306 jectum
801 3234 964 3290 fuerit
1003 3236 1055 3291 id
1090 3237 1237 3307 quod
1271 3238 1557 3309 sequitur:
1586 3236 1697 3304 Ipsi
1724 3248 1895 3292 autem
1930 3254 2135 3329 spreve—

562 3338 691 3381 runt
718 3341 834 3386 me;
867 3327 1010 3397 quod
1043 3328 1261 3397 quidem
1297 3345 1405 3382 non
1430 3330 1684 3384 convenit
1706 3337 1913 3385 naturae
1940 3327 2137 3385 Serva-

559 3419 704 3473 ‘toris
733 3419 825 3489 qui
859 3426 1055 3489 suapte
1088 3427 1287 3474 natura
1318 3428 1403 3474 est
1433 3420 1789 3475 immutabilis
1822 3440 1836 3476 :
1872 3422 1949 3474 illi
1987 3421 2135 3475 omni

568 3510 870 3565 reverentia
913 3524 977 3564 ac
1023 3510 1285 3580 religione
1324 3510 1557 3580 abjecta,
1610 3510 1777 3567 Deum
1812 3513 1984 3577 aiunt,
2011 3529 2134 3568 cum

568 3599 855 3668 praesciret
902 3613 967 3653 ac
993 3600 1337 3669 praevidisset
1384 3601 1531 3671 quod
1561 3600 1732 3657 Filius
1766 3602 1943 3673 ipsum
1984 3618 2136 3674 spre-

564 3697 874 3753 turusnon
922 3698 1087 3754 esset,
1127 3692 1278 3747 illum
1328 3708 1397 3748 ex
1427 3695 1682 3749 omnibus
1728 3694 1977 3765 elegisse.
2016 3694 2136 3750 Non

572 3780 720 3833 enim
752 3788 812 3833 ut
846 3789 1043 3834 natura
1073 3788 1126 3836 et
1157 3785 1516 3854 praarogativa
1543 3785 1777 3854 quadam
1804 3787 2134 3856 praecipuum

570 3867 871 3937 quidquam
896 3884 1009 3938 prae
1036 3876 1248 3927 caeteris
1279 3874 1403 3927 ﬁliis
1441 3874 1750 3940 habentem,
1782 3891 1904 3931 eum
1936 3879 2133 3949 elegit:

572 3960 774 4030 quippe
809 3961 903 4030 qui
948 3971 1145 4016 natura
1176 3963 1323 4020 ﬁlius
1351 3979 1461 4019 non
1501 3965 1593 4027 sit,
1630 3979 1686 4020 ut
1714 3967 1998 4036 inquiunt;
2042 3985 2137 4025 ne-

570 4067 679 4121 que
707 4059 766 4106 ut
786 4055 877 4123 qui
909 4054 1148 4124 aliquam
1187 4056 1411 4113 haberet
1448 4059 1833 4129 proprietatem
1868 4068 1921 4116 et
1954 4061 2137 4117 dotem

566 4142 643 4197 ad
679 4143 857 4213 ipsum
886 4145 1133 4215 proxime
1161 4146 1544 4214 secedentem;
1587 4149 1681 4204 sed
1715 4152 1891 4220 ipsum
1922 4164 2137 4224 quoque

572 4236 854 4293 mutabilis
903 4239 1253 4294 exsistentem
1296 4249 1523 4303 naturae,
1570 4244 1640 4297 ob
1669 4244 1908 4298 studium
1957 4256 2136 4303 tamen

570 4337 628 4382 et
655 4338 970 4385 accuratam
1009 4348 1221 4386 morum
1259 4332 1594 4404 diligentiam
1632 4336 1697 4390 ad
1726 4335 1918 4391 vitium
1961 4340 2137 4394 neuti-

556 4435 738 4490 quam
767 4420 1168 4488 deﬂectentem,
1208 4424 1369 4495 elegit
1396 4424 1538 4484 Deus
1564 4447 1577 4484 :
1609 4429 1743 4485 adeo
1774 4438 1834 4485 ut
1861 4431 1905 4484 si
1935 4429 2136 4487 Paulus

2234 3234 2346 3295 τοῖς
2373 3230 2466 3283 τοῦ
2492 3230 2738 3300 λέγοντος
2764 3230 2888 3302 ἑξῆς
2918 3230 3009 3283 τοῦ
3050 3229 3234 3302 ῥητοῦ,
3264 3232 3441 3285 Αὐτοὶ
3475 3231 3541 3284 δέ
3564 3249 3640 3300 με
3668 3231 3805 3299 ἠθέ-

2234 3341 2451 3394 τησαν,
2482 3324 2618 3395 ὅπερ
2661 3323 2721 3377 ού
2768 3324 2992 3392 φυσικόν
3026 3323 3099 3393 (9)
3134 3325 3278 3376 ἐστιν
3322 3323 3398 3394 τῷ
3430 3324 3659 3395 Σωτῆρι,
3690 3322 3836 3378 δντι’

2234 3416 2332 3488 τῆς
2384 3416 2599 3485 φύσεως
2655 3415 2957 3488 ἀτρέπτου,
3015 3417 3193 3486 πάσης
3245 3414 3525 3480 εὐλαϐείας
3579 3417 3806 3479 ἑαυτοὺς

2236 3507 2639 3580 ἐρημώσαντες,
2663 3506 2819 3560 τοῦτό
2864 3523 2993 3576 φασι
3034 3505 3166 3577 (IOl,
3198 3507 3499 3579 προγνώσει
3545 3509 3639 3561 καὶ
3667 3525 3803 3579 προ-

2235 3599 2437 3671 θεωρίᾳ
2480 3600 2605 3670 περὶ
2635 3598 2798 3653 αὑτοῦ
2830 3599 3006 3651 εἰδότα
3048 3600 3138 3652 τὸν
3167 3599 3327 3662 Θεὸν,
3358 3600 3439 3652 ὅτι
3476 3600 3575 3653 οῦκ
3604 3599 3805 3672 ἀθετή-

2238 3704 2339 3750 σει,
2369 3686 2665 3761 ὲξειλέχθαι
2693 3688 2854 3740 αὑτὸν
2887 3688 2993 3741 άπὸ
3020 3688 3255 3742 πάντων.
3287 3688 3364 3741 Οὐ
3396 3689 3504 3761 γὰρ
3528 3689 3683 3757 φύσει
3710 3690 3805 3743 καὶ

2235 3781 2354 3833 κατ’
2386 3780 2660 3851 ἐξαίρετον
2696 3781 2802 3836 τῶν
2834 3781 3005 3834 ἀλλων
3046 3781 3175 3834 υἱῶν
3218 3780 3409 3851 ἔχοντά
3434 3799 3506 3834 τι·
3542 3780 3664 3834 οῦτε
3693 3782 3805 3854 γὰρ

2237 3871 2394 3942 φύσει
2446 3873 2559 3934 υἱός
2608 3889 2691 3935 τις
2740 3873 2886 3925 ἐστὶν
2932 3871 3024 3926 τοῦ
3074 3872 3229 3937 Θεοῦ,
3259 3875 3455 3944 φασίνο
3506 3875 3629 3928 οὔτε
3680 3876 3805 3929 τινὰ

2237 3960 2425 4032 ἔχοντα
2454 3960 2687 4032 ἰδιότητα
2717 3960 2850 4032 πρὸς
2880 3960 3059 4024 αὑτὸν,
3089 3960 3225 4014 ἀλλά
3253 3962 3344 4014 καὶ
3367 3961 3525 4014 αὐτὸν
3561 3960 3803 4031 τρεπτῆς

2236 4052 2567 4125 τυγχάνοντα
2626 4051 2836 4121 φύσεως
2858 4093 2872 4119 ,
2934 4052 3023 4106 διὰ
3070 4053 3284 4123 τρόπων
3336 4052 3649 4122 ἐπιμέλειαν
3708 4052 3803 4105 καὶ

2236 4144 2465 4215 ἄσκησιν
2498 4145 2571 4216 μὴ
2602 4144 2929 4216 τρεπόμενον
2960 4144 3053 4198 ἐπὶ
3077 4143 3136 4197 τὸ
3165 4146 3363 4216 χεῖρον,
3396 4143 3691 4211 ἐξελέξατο·
3725 4143 3803 4206 ὼς

2235 4240 2283 4290 εἰ
2315 4239 2407 4291 καὶ
2429 4237 2635 4301 Παῦλος
2662 4236 2818 4290 τοῦτο
2847 4235 3089 4307 βιάσαιτο
3117 4237 3210 4290 καὶ
3241 4237 3463 4308 Πέτρος,
3495 4234 3660 4308 μηδὲν
3687 4235 3803 4289 δια-

2236 4329 2419 4403 φέρειν
2450 4329 2652 4383 τούτων
2689 4329 2784 4402 τὴν
2813 4330 3017 4382 ἐκείνου
3061 4330 3299 4400 υἱότητα·
3342 4329 3421 4392 εἰς
3460 4329 3803 4399 παράστασιν

2235 4422 2291 4476 δὲ
2335 4422 2433 4492 τῆς
2481 4421 2875 4493 φρενοῦλαϐοῦς
2916 4421 3118 4492 ταύτης
3157 4419 3530 4488 διδασκαλίας,
3559 4420 3654 4474 καὶ
3680 4421 3803 4482 ταῖς

555 4525 622 4565 ac
655 4511 854 4565 Petrus
885 4521 1143 4568 contento
1190 4517 1371 4570 studio
1400 4519 1453 4571 in
1488 4519 1541 4572 id
1572 4519 1965 4588 incubuissent,
2001 4524 2135 4577 nihil

2238 4514 2477 4585 Γραφαῖς
2520 4510 2989 4583 ἐμπαροινοῦντες,
3042 4512 3135 4565 καὶ
3178 4510 3598 4581 παρατιθέμενοι
3641 4509 3704 4562 τὸ
3742 4510 3802 4563 ἐν

556 4601 625 4656 ab
665 4601 893 4658 istorum
926 4604 1189 4661 ﬁliatione
1212 4608 1586 4679 discrepatura
1619 4610 1780 4666 fuerit
1814 4613 1978 4682 hujus
2003 4614 2140 4669 ﬁlia-

557 4693 653 4747 tio.
700 4693 879 4765 Atque
915 4703 972 4749 ut
997 4696 1242 4753 insanam
1274 4701 1433 4756 istam
1460 4701 1765 4758 doctrinam
1792 4705 2137 4772 conﬁrment,

2238 4604 2485 4674 Ψαλμοῖς
2520 4604 2647 4674 ’περὶ¹
2673 4602 2907 4673 Χριστοῦ
2948 4603 3128 4674 ῥητὸν,
3167 4602 3337 4665 οὕτως
3364 4602 3503 4672 ἕχον·
3547 4598 3799 4669 Ἠγάπη-

2232 4709 2351 4760 σας
2387 4693 2811 4762 δικαιοσύνην,
2865 4694 2964 4747 καὶ
3021 4694 3319 4764 ἐμίσησας
3369 4692 3641 4747 ἀδικίαν·
3700 4690 3801 4745 διὰ

558 4782 627 4837 Sc
650 4784 874 4853 ripturis
903 4788 1079 4843 sacris
1113 4792 1513 4849 contumeliose
1557 4795 1866 4863 illudentes,
1909 4798 2135 4854 aﬂ‘erunt

2235 4785 2406 4840 τοῦτο
2433 4785 2639 4855 ἐχρισέ
2667 4798 2741 4838 σε
2766 4787 2798 4839 ό
2824 4785 2970 4850 Θεός
3003 4799 3120 4840 σου
3155 4786 3360 4840 ἔλαιον
3387 4781 3800 4854 ἀγαλλιάσεως

572 4874 705 4928 illud
746 4875 893 4944 quod
951 4876 1005 4931 in
1059 4876 1293 4937 Psalmis
1346 4880 1415 4936 de
1449 4883 1675 4941 Christo
1719 4886 1923 4941 dictum
1961 4889 2136 4945 est’:

573 4963 827 5020 Dilexisti
852 4966 1147 5036 justitiam,
1175 4979 1225 5025 et
1257 4972 1419 5026 odisti
1461 4973 1791 5046 iniquitatem
1815 4994 1833 5031 :
1861 4990 2133 5048 propterea

564 5059 725 5112 unxit
754 5068 805 5113 te
837 5058 979 5115 Deus
1011 5069 1130 5116 tuus
1152 5062 1265 5117 oleo
1296 5064 1496 5120 laetitiae
1516 5082 1625 5136 pra:
1651 5071 1974 5124 consortibus
2005 5072 2128 5126 tuis.

690 5219 707 5249 ¹
743 5215 858 5273 Isa.
888 5217 1018 5284 1,2.
1093 5223 1115 5253 ³
1148 5218 1299 5276 Psal.
1336 5237 1481 5287 xuv,
1521 5222 1575 5279 8.

642 5331 721 5476 ἑθ)
755 5336 837 5388 Οὐ
866 5337 1148 5404 φυσικόν.
1188 5337 1473 5418 Ἀφύσικον
1498 5339 1667 5397 codex
1687 5342 1890 5413 Regius
1916 5341 1965 5399 J.
1988 5342 2133 5399 Pini.

676 5404 756 5475 I0)
775 5474 783 5476 Α
802 5405 1240 5476 Ἐρημώσαντες
1266 5412 1441 5464 τουτό
1471 5426 1639 5476 φασι.
1672 5411 1803 5467 Post
1832 5415 1945 5471 haec
1971 5416 2133 5469 verba

676 5404 1240 5479 10)]Ερημιίισαντες
1262 5404 1441 5464 τοῦτό
1471 5426 1639 5479 φασι.
1672 5404 1803 5467 Ροεῖ
1832 5415 1945 5471 haec
1971 5416 2135 5469 verba

568 5472 633 5533 in
654 5472 853 5530 codice
902 5472 1101 5532 Leonis
1147 5472 1319 5533 Ληριιὶ
1366 5472 1488 5535 haec
1523 5483 1817 5543 adduntur,
1858 5483 1978 5537 οὔτε
2017 5484 2137 5539 τινὰ

575 5547 766 5617 ἔχοντα
789 5544 954 5614 ίδιότη

575 5615 908 5690 τῦγχάνοντα
937 5615 1169 5690 φύσεως,
1194 5617 1329 5672 Male
1363 5622 1602 5690 quidem.
1634 5622 1759 5678 Haec
1793 5615 1947 5680 enim"
1968 5615 2134 5679 verba

572 5684 808 5741 inferius
832 5684 1026 5745 locum
1075 5685 1296 5755 habent,
1328 5684 1398 5744 αἱ
1428 5691 1755 5751 videbimus.
1797 5693 2132 5766 Epiphanius

956 5563 1024 5624 τα
1052 5546 1399 5624 πρὸς-αὐτὸν,
1431 5551 1566 5624 ἀλλὰ
1586 5553 1681 5624 καὶ
1709 5553 1869 5608 αὑτὸν
1899 5554 2135 5624 τρεπτῆς
2161 5599 2164 5604 .

2233 4877 2391 4946 παρὰ
2417 4876 2559 4943 τοὺς
2577 4877 2869 4947 μετόχους
2899 4891 3032 4931 σου.

2234 5354 2421 5404 tamen
2457 5347 2831 5407 Scholasticus
2859 5352 3046 5409 eadem
3079 5353 3243 5409 verba
3276 5354 3331 5409 in
3363 5370 3464 5410 suo
3498 5352 3687 5409 codice
3717 5354 3794 5410 le-

2274 5420 2314 5472 it
2343 5420 2444 5474 hoc
2484 5420 2623 5474 loco.
2660 5421 2753 5475 Sic
2782 5424 2928 5477 enim
2957 5425 3117 5478 vertit
3141 5444 3153 5477 :
3184 5424 3340 5479 Omni
3365 5425 3652 5479 reverentia
3671 5439 3793 5491 spo-

2259 5490 2424 5565 iantes
2473 5492 2798 5565 semetipsos,
2837 5494 3025 5565 aiunt:
3054 5492 3163 5547 Nec
3202 5496 3435 5565 aliquam
3476 5494 3627 5549 habet
3664 5490 3793 5563 pro-

2232 5560 2506 5634 prietatem
2542 5560 2610 5634 ad
2639 5560 2753 5634 eum
2776 5577 2801 5634 ί
2823 5563 2912 5617 sed
2933 5580 3051 5617 cum
3079 5565 3147 5618 sit
3183 5560 3300 5634 ipse
3328 5577 3525 5620 natura
3560 5560 3793 5620 mutabi-

2236 5628 2325 5710 tis.
2362 5631 2511 5710 sciuit
2548 5632 2612 5687 de
2634 5633 2728 5686 illo
2762 5633 2902 5688 Deus
2927 5628 3257 5701 prwscientia
3284 5645 3334 5693 et
3360 5634 3792 5706 pru'contempla-

2189 5755 2197 5761 ,
2236 5708 2394 5765 tione,
2417 5708 2522 5756 etc.
