4132 6490
507 338 611 398 553

1936 337 2315 394 EPISTOLZE.

3661 345 3769 401 551.

573 456 666 514 1V.
697 456 835 529 Περὶ
866 455 965 527 μὲν
987 448 1080 509 οὖν
1106 455 1189 509 ὅτι
1214 454 1244 507 ὁ
1275 454 1402 519 re;
1432 456 1526 510 τοῦ
1557 456 1713 525 Θεοῦ,
1743 456 1865 512 οὔτε
1903 458 1962 526 ἐξ
1991 460 2062 513 ob:

2258 455 2353 513 Ν.
2401 456 2596 514 Verum
2628 460 2772 531 quod
2802 458 2974 514 Filius
3006 456 3097 513 Dei
3125 456 3301 514 factus
3329 473 3436 513 non
3470 459 3541 514 sit
3587 475 3654 515 ex
3680 462 3763 515 ni-

501 549 671 604 ὄντων
698 545 1012 619 γεγένηται,
1040 547 1163 602 οὔτε
1192 541 1259 619 ἦν
1289 565 1419 602 ποτε
1448 549 1537 602 ὅτε
1559 548 1660 601 οὐκ
1686 544 1775 618 ἦν,
1806 550 2086 621 αὐτάρκης

505 640 791 696 παιδεῦσαι
830 640 1083 712 Ἰωάννης
1119 644 1149 696 ὁ
1188 641 1609 712 εὐαγγελιστὴς,
1640 641 1865 714 γράφων
1911 642 2085 707 οὕτως

503 732 632 805 περὶ
660 732 848 788 αὐτοῦ·
890 733 944 787 Ὀ
971 734 1307 805 μονογενὴς
1336 734 1485 801 Υἱὸς,
1512 737 1547 788 ό
1580 734 1665 788 ὢν
1692 737 1781 802 εὶς
1811 735 1919 789 τὸν
1942 737 2083 791 κόλ-

500 839 620 878 πον
646 824 753 879 τοῦ
783 826 1033 893 Πατρός.
1070 825 1472 897 Προνοούμενος
1507 824 1617 896 γὰρ
1644 826 1673 878 ό
1704 827 1845 891 Baio;
1869 827 2086 881 δεικνύ-

499 933 589 970 ναι
636 914 975 979 διδάσκαλος,
1006 915 1251 985 ἀλλήλων
1297 914 1577 988 ἀχώριστα
1623 917 1925 989 πράγματα
1966 919 2080 983 δύο,

497 1009 591 1064 τὸν
618 1008 839 1081 Πατέρα
870 1009 966 1062 καὶ
988 1008 1080 1063 τὸν
1107 1008 1258 1076 Υίὺν,
1292 1008 1419 1064 ὅντα
1450 1009 1612 1063 αὐτὸν
1643 1012 1701 1065 ἐν
1726 1015 1837 1075 τοῖς
1864 1011 2083 1077 κόλποις

496 1102 593 1155 τοῦ
640 1101 853 1175 Πατρός
894 1102 1194 1174 ὠνόμασεν.
1244 1101 1403 1156 Ἀλλά
1451 1102 1560 1176 γάρ
1603 1104 1699 1158 καὶ
1748 1107 1829 1159 ὅτι
1879 1109 1992 1171 τοῖς
2023 1107 2081 1175 ἐξ

499 1196 601 1248 οὐκ
636 1194 806 1249 ὄντων
847 1196 1160 1266 γενομένοις
1196 1196 1225 1249 ὀ
1265 1196 1437 1266 Λόγος
1464 1196 1560 1291 τρῦ
1597 1197 1734 1251 Θεοῦ
1774 1199 1833 1252 οὐ
1867 1216 2083 1271 συναρι-

499 1286 735 1357 θμεῖται,
768 1286 966 1341 πάντα
994 1288 1068 1340 δι’
1105 1287 1292 1342 αὐτοῦ
1334 1286 1641 1359 γεγονέναι
1679 1291 1707 1344 ό
1734 1291 1894 1355 αὑτός
1918 1309 2082 1363 φησιν

510 1378 782 1449 Ἰωάννης.
819 1379 931 1450 Τὴν
960 1377 1068 1451 γὰρ
1099 1379 1399 1451 ἰδιότροπον
1430 1381 1595 1435 αὐτοῦ
1637 1382 1934 1437 ὑπόστασιν
1960 1384 2081 1456 ἐδή-

495 1469 668 1525 λωσεν
712 1471 901 1526 εἰπών·
941 1472 1038 1525 Ἐν
1065 1471 1225 1543 ἀρχῇ
1264 1469 1344 1544 ἦν
1371 1476 1404 1527 ὀ
1432 1475 1655 1544 Λόγος,
1695 1474 1797 1529 καί
1825 1478 1859 1530 ό
1888 1477 2082 1546 Λόγος

496 1558 575 1633 ἦν
598 1562 749 1631 πρὸς
790 1563 895 1617 τὸν
937 1563 1106 1629 Θεὸν,
1152 1564 1251 1618 καὶ
1298 1565 1442 1631 Θεὸς
1468 1561 1549 1635 ἦν
1579 1568 1613 1620 ό
1638 1568 1849 1637 Λόγος·
1882 1567 2081 1622 πάντα

494 1652 574 1707 δι’
602 1653 787 1709 αὐτοῦ
824 1653 1082 1724 ἐγένετο,
1122 1654 1220 1708 καὶ
1244 1655 1423 1725 χωρὶς
1450 1655 1636 1711 αὑτοῦ
1665 1656 1903 1726 ἐγένετο
1939 1656 2082 1712 οὐδὲ

494 1744 565 1799 ἓν
586 1745 618 1798 ὃ
648 1744 895 1815 γέγονεν
925 1744 1057 1817 (ll).
1086 1747 1150 1800 Εἰ
1178 1746 1288 1819 γὰρ
1322 1748 1499 1803 πάντα
1529 1747 1596 1801 δι’
1642 1748 1805 1802 αὑτοῦ
1839 1749 2077 1819 ἐγένετο,

493 1835 612 1901 πῶς
651 1838 680 1892 ὁ
708 1839 820 1901 τοῖς
849 1838 1162 1909 γενομένοις
1206 1839 1268 1893 τὸ
1298 1833 1440 1893 εἶναι
1486 1840 1870 1913 χαρισάμενος,
1912 1842 2075 1905 αὐτὸς

493 1929 622 1982 ποτὲ
666 1930 768 1984 οὐκ
795 1925 894 2002 iv;
924 1933 997 1986 Οὐ
1037 1933 1148 2006 γάρ
1175 1951 1293 1998 πως
1329 1937 1359 1989 ὁ
1398 1936 1570 2002 Λόγος
1613 1936 1675 1990 τὸ
1713 1937 1921 2003 ποιοῦν,
1961 1940 2074 2002 τοῖς

491 2019 802 2090 γενομένοις
832 2021 933 2092 τῆς
977 2024 1151 2096 αὐτῆς
1191 2020 1330 2078 εἶναι
1359 2024 1575 2095 φύσεως
1609 2026 1921 2098 διορίζεται·
1957 2029 2072 2099 εἴγε

490 2108 655 2174 αὐτὸς
688 2112 785 2182 μὲν
811 2107 881 2184 ἦν
918 2115 977 2168 ὲν
1014 2116 1181 2188 ἀρχῇ,
1224 2117 1402 2171 πάντα
1435 2117 1492 2171 δὲ
1531 2117 1600 2170 δι’
1627 2119 1793 2173 αὐτοῦ
1835 2119 2072 2189 ἐγένετο,

491 2196 587 2249 καὶ
612 2195 671 2264 ἐξ
698 2198 799 2252 οὐκ
827 2199 996 2255 ὄντων
1037 2203 1312 2274 ἐποίησεν.
1349 2205 1619 2261 Ἐναντίον
1640 2207 1752 2278 γὰρ
1788 2208 1935 2263 δοκεῖ
1962 2215 2075 2277 τοῖς

490 2287 548 2354 ἐξ
578 2289 680 2343 οὐκ
713 2290 883 2345 ὄντων
924 2295 1236 2365 γενομένοις
1272 2297 1333 2351 τὸ
1375 2297 1457 2362 ὃν,
1484 2300 1579 2353 καὶ
1610 2300 1917 2372 ἀφεστηκὸς
1946 2303 2074 2372 σφό-

487 2378 611 2449 δρα.
644 2381 717 2433 Τὸ
768 2382 868 2453 μὲν
915 2383 1058 2455 γὰρ,
1105 2387 1311 2458 μεταξὺ
1351 2389 1568 2461 Πατρὸς
1611 2391 1706 2445 καὶ
1750 2392 1880 2446 Υἱοῦ
1918 2395 2072 2449 οὐδὲν

487 2469 756 2526 δείκνυσιν
801 2469 942 2529 εἶναι
988 2476 1292 2551 διάστημα,
1341 2481 1449 2534 οὐδ’
1492 2481 1620 2556 ἄχρι
1671 2484 1814 2549 τινὸς
1862 2487 2073 2552 ἐννοίας

487 2558 643 2613 τοῦτο
689 2564 1061 2631 φαπασιῶσαι
1098 2568 1200 2639 τῆς
1241 2568 1421 2640 ψυχῆς
1453 2572 1774 2647 δυναμένης.
1810 2577 1884 2629 Τὸ
1922 2577 1979 2630 δὲ
2011 2578 2071 2646 ἐξ

485 2651 586 2706 οὐκ
610 2653 778 2711 ὄντων
803 2656 1250 2732 δημιουργεῖσθαι
1282 2664 1373 2717 τὸν
1398 2664 1626 2738 κόσμον,
1655 2668 1927 2742 νεωτέραν
1958 2670 2070 2743 ἔχει

483 2746 584 2818 τῆς
611 2749 959 2818 ὑποστάσεως
990 2756 1086 2809 καὶ
1109 2757 1420 2828 πρόσφατον
1441 2759 1539 2832 τὴν
1571 2759 1805 2830 γένεσιν,
1841 2760 1945 2815 ὑπὸ
1973 2761 2069 2816 τοῦ

484 2836 699 2911 Πατρὸς
716 2840 805 2895 διὰ
831 2843 927 2897 τοῦ
953 2845 1083 2900 Υίοῦ
1116 2848 1335 2904 πάντων
1359 2851 1659 2924 εἰληφότων
1687 2853 1788 2927 τὴν
1813 2854 2069 2928 τοιαύτην

486 2929 758 3019 οὐσίωσιν.
788 2934 1013 3008 Μακρὸν
1044 2938 1175 3008 γοῦν
1206 2939 1490 3015 θεωρήσας
1513 2944 1607 2998 τοῦ
1638 2945 1774 3000 Θεοῦ
1801 2947 1986 3019 Λόγου,
2008 2947 2069 3000 τὸ

485 3015 575 3091 ἦν,
602 3025 699 3078 καὶ
727 3025 1024 3107 ὑπεραῖρον
1053 3033 1156 3105 τῆς
1190 3036 1300 3091 τῶν
1330 3038 1604 3110 γεννητῶν
1633 3038 1873 3105 διανοίας
1903 3015 2013 3113 (η)
2039 3043 2069 3094 ὁ

2187 547 2321 615 hilo,
2358 558 2413 604 et
2458 548 2604 621 quod
2655 559 2872 621 tempus
2906 562 3016 602 non
3062 545 3225 602 fuerit
3269 564 3393 603 cum
3448 566 3557 604 non
3592 562 3760 617 esset,

2187 638 2403 695 abunde
2437 639 2598 697 docet
2639 639 2882 697 Joannes
2914 641 3248 712 evangeliSta
3279 639 3347 696 de
3387 640 3481 695 illo
3508 640 3584 696 ita
3628 643 3765 698 scri-

2187 733 2402 789 bens‘:
2433 732 2743 804 Unigenitus
2794 733 2989 799 Filius,
3023 734 3114 805 qui
3148 743 3226 788 est
3276 734 3331 789 in
3382 733 3501 790 sinu
3558 735 3757 795 Patris.

2184 824 2319 879 Nam
2366 840 2492 880 cum
2539 826 2757 881 divinus
2806 826 3068 897 magister
3100 825 3388 881 ostendere
3438 826 3621 891 vellet,
3666 824 3766 881 Pa-

2184 923 2323 972 trem
2351 932 2416 971 ac
2452 915 2649 972 Filium
2677 916 2815 973 duas
2835 933 2924 972 res
2955 932 3079 973 esse
3108 933 3139 972 a
3171 932 3231 972 se
3260 924 3451 972 mutuo
3471 918 3761 989 insepara-

2183 1010 2342 1076 biles,
2385 1010 2531 1066 hunc
2585 1010 2642 1065 in
2691 1012 2813 1066 sinu
2866 1009 3046 1066 Patris
3097 1024 3221 1066 esse
3270 1010 3429 1078 dixit.
3471 1009 3592 1066 Jam
3632 1026 3762 1066 vero

2183 1100 2330 1171 quod
2364 1099 2602 1158 Verbum
2640 1100 2732 1158 Dei
2784 1101 2928 1157 inter
2964 1116 3053 1157 res
3088 1117 3153 1156 ex
3187 1102 3361 1158 nihilo
3401 1110 3617 1159 creatas
3651 1118 3760 1159 non

2183 1194 2551 1260 contineatur,
2584 1194 2727 1249 idem
2755 1192 2995 1250 Joannes
3036 1202 3290 1261 testatur,
3326 1211 3450 1250 cum
3484 1196 3597 1251 ait:
3632 1195 3761 1252 0m-

2184 1286 2274 1340 nia
2305 1302 2398 1356 per
2422 1289 2595 1356 ipsum
2628 1286 2775 1355 facta
2800 1303 2931 1341 esse.
2960 1285 3412 1358 Propriamenim
3445 1287 3566 1360 ejus
3592 1288 3763 1360 hypo-

2183 1378 2357 1433 stasin
2409 1378 2711 1434 declaravit
2760 1378 2950 1435 «licens
2973 1379 3035 1432 δι
3070 1377 3136 1432 1η
3184 1381 3442 1450 principio
3481 1358 3598 1436 erat
3632 1380 3762 1436 Ver-

2183 1466 2326 1535 bum,
2361 1476 2411 1522 et
2449 1467 2677 1523 Verbum
2699 1478 2813 1523 erat
2845 1468 2984 1539 apud
3010 1468 3200 1535 Deum,
3228 1480 3277 1524 et
3310 1470 3454 1525 Deus
3483 1482 3597 1526 erat
3634 1472 3762 1527 Ver-

2183 1558 2343 1612 bum:
2371 1561 2548 1615 omnia
2582 1577 2675 1631 per
2704 1561 2878 1631 ipsum
2912 1561 3059 1631 facta
3091 1572 3236 1625 sunt,
3287 1571 3339 1616 et
3387 1563 3500 1619 sine
3532 1564 3647 1634 ipso
3674 1565 3762 1636 fa-

2182 1661 2323 1706 ctum
2357 1662 2435 1707 est
2475 1653 2606 1707 nihil
2638 1652 2776 1724 quod
2807 1653 3012 1723 factum
3041 1662 3138 1708 est.
3172 1653 3305 1709 Nam
3359 1655 3405 1712 si
3452 1657 3634 1712 omnia
3664 1673 3761 1728 per

2182 1741 2361 1813 ipsum
2387 1742 2528 1798 facta
2556 1751 2708 1808 sunt,
2743 1743 3017 1814 quomodo
3039 1744 3087 1799 is
3109 1746 3203 1814 qui
3236 1745 3402 1802 rebus
3443 1745 3600 1803 factis
3623 1764 3761 1818 prte-

2181 1832 2323 1887 stitit
2355 1838 2415 1887 ut
2444 1842 2648 1897 essent,
2697 1835 2812 1906 ipse
2858 1835 3157 1905 aliquando
3193 1851 3304 1891 non
3352 1838 3601 1894 exstitit?
3625 1838 3758 1895 Ver-

2181 1923 2309 1978 bum
2331 1926 2477 1979 enim
2499 1926 2646 1997 quod
2679 1927 2830 1990 facit,
2860 1942 3207 1999 nequaquam
3233 1929 3479 2000 ejusdem
3503 1948 3627 1990 esse
3657 1949 3759 1989 na-

2181 2024 2318 2070 turae
2359 2032 2483 2072 cum
2533 2019 2699 2075 rebus
2757 2018 2918 2075 factis
2969 2019 3297 2091 intelligitur
3338 2022 3585 2093 :quippe
3631 2038 3757 2078 cum

2178 2105 2358 2176 ipsum
2386 2107 2605 2176 quidem
2642 2120 2790 2165 esset
2842 2110 2898 2164 in
2931 2111 3204 2183 principio
3229 2130 3245 2180 ;
3269 2121 3466 2167 cuncta
3494 2128 3624 2169 vero
3661 2131 3757 2185 per

2181 2200 2316 2255 illud
2352 2199 2496 2255 facta
2526 2202 2639 2259 sint
2668 2211 2724 2256 et
2752 2218 2818 2258 ex
2846 2203 3021 2258 nihilo
3048 2205 3292 2259 condita.
3326 2203 3500 2261 Porro
3530 2206 3582 2261 id
3609 2208 3755 2278 quod

2177 2301 2285 2359 est,
2307 2296 2646 2350 contrarium
2671 2311 2794 2352 esse
2819 2297 3056 2360 videtur,
3086 2305 3142 2352 et
3180 2298 3340 2369 longe
3377 2297 3656 2355 diversum
3685 2301 3756 2355 ab

2176 2385 2287 2443 illis
2319 2403 2442 2458 quae
2478 2385 2621 2442 facta
2665 2396 2796 2443 sunt
2831 2404 2899 2443 ex
2925 2389 3118 2443 nihilo.
3170 2387 3306 2443 Nam
3361 2389 3495 2444 illud
3534 2390 3754 2461 quidem

2175 2478 2440 2545 declarat,
2473 2481 2683 2535 nullum
2726 2495 2852 2536 esse
2898 2481 3246 2536 intervallum
3277 2481 3420 2537 inter
3447 2480 3667 2537 Patrem
3701 2492 3753 2540 et

2175 2570 2396 2632 Filium,
2438 2585 2562 2625 cum
2609 2570 2828 2627 animus
2876 2586 2945 2626 ne
2995 2569 3231 2641 simplici
3280 2569 3502 2640 quidem
3545 2572 3753 2642 cogita-

2176 2663 2326 2719 tione
2360 2661 2565 2733 ﬁngere
2608 2663 2783 2732 possit
2816 2664 2984 2718 ullam
3024 2665 3167 2719 inter
3206 2671 3503 2735 utrumque
3543 2662 3752 2721 distan-

2144 2744 2329 2809 Atiam.
2360 2752 2440 2809 Ex
2474 2753 2646 2808 nihilo
2688 2768 2818 2809 vero
2862 2753 3037 2809 creari
3078 2754 3363 2818 mundum,
3394 2752 3751 2810 recentiorem

2171 2846 2380 2902 indicat
2410 2862 2474 2901 ac
2502 2862 2767 2918 nuperam
2795 2847 3120 2903 substantia:
3147 2847 3438 2918 originem,
3470 2861 3594 2902 cum
3628 2848 3752 2902 uni:

2173 2954 2329 2994 versa
2369 2938 2684 3009 huiusmodi
2727 2940 3025 2995 essentiam
3067 2954 3097 2993 a
3124 2937 3284 2994 Patre
3313 2938 3622 3010 acceperint
3653 2953 3751 3010 per

2170 3027 2392 3086 Filium.
2432 3030 2571 3086 Cum
2602 3032 2771 3100 igitur
2812 3030 2986 3085 divini
3025 3028 3185 3086 Verbi
3214 3030 3509 3086 essentiam
3538 3029 3748 3101 longis-

483 3113 874 3210 εὐλαξέστατος
919 3123 1193 3199 Ἰωάννης,
1244 3128 1460 3198 γένεσιν
1504 3132 1670 3187 αὐτοῦ
1708 3134 1802 3188 καὶ
1849 3134 2062 3207 ποίησιν

2171 3122 2331 3189 sime,
2362 3128 2417 3177 et
2443 3122 2586 3176 ultra
2614 3136 2832 3178 omnem
2865 3121 3252 3193 cogitationem
3284 3136 3474 3177 eorum
3504 3137 3626 3193 quae
3651 3136 3747 3192 ge-

482 3205 795 3277 άπηξίωσεν
837 3216 1011 3271 είπείν
1030 3255 1047 3282 ,
1088 3219 1211 3273 οὐδὲ
1238 3223 1358 3286 ταῖς
1391 3224 1729 3297 ὀμοστοίχοις
1772 3205 2062 3292 συλλαϐαῖς

2171 3213 2288 3267 uita
2319 3221 2449 3268 sunt
2483 3213 2719 3283 positam
2765 3212 3230 3282 contemplaretur
3261 3213 3545 3284 piissimus
3581 3210 3748 3269 Joan-

481 3298 596 3370 (l5)
623 3301 687 3355 τὸ
716 3304 903 3358 ποιοῦν
936 3310 1050 3372 τοῖς
1088 3311 1432 3382 γιγνομένοις
1477 3314 1741 3386 ὀνομάσαι
1767 3316 2064 3389 τολμήσας.

479 3391 595 3481 Dex
640 3394 723 3448 ὅτι
763 3396 1056 3469 ἀγέννητος
1097 3396 1185 3473 ἦν·
1221 3402 1281 3457 ἒν
1312 3404 1423 3477 γὰρ
1455 3406 1752 3480 ἀγέννητον
1780 3411 1810 3464 ὁ
1846 3410 2061 3481 Πατήρ·

478 3480 595 3536 ἀλλ’
634 3485 718 3538 ὅτι
756 3487 856 3558 τῆς
896 3489 1194 3566 ἐξεσμένης
1234 3493 1344 3550 τῶν
1387 3498 1809 3568 εὐαγγελιστῶν,
1843 3480 2063 3572 τάχαδὲ

615 3575 864 3646 ἀγγέλων
906 3584 1263 3656 καταλήψεως
1314 3589 1646 3662 ὑπερέκεινά
1684 3592 1797 3666 (14)
1841 3593 1989 3647 ἐστιν
2025 3594 2060 3664 ἡ

476 3664 570 3721 τοῦ
608 3672 929 3740 μονογενοῦς
956 3674 1091 3728 Θεοῦ
1123 3677 1509 3753 άνεκδιήγητος
1535 3664 1852 3749 ὑπόστασις.

548 3936 610 3993 V.
649 3935 745 4000 Είς
790 3938 1029 4004 εὐσεϐεῖς
1069 3941 1170 3994 οὐκ
1217 3937 1367 4013 οἶμαι
1411 3941 1759 4016 λογιζομένου
1804 3946 1914 4019 (15)
1957 3947 2052 4001 τοῦ

544 4092 568 4125 ³
591 4090 753 4149 Joan.
782 4111 836 4161 ι,
877 4095 959 4152 18.
1023 4099 1045 4130 ⁸
1073 4099 1203 4156 ibid.
1232 4101 1348 4157 1-5.

536 4252 649 4323 (il)
691 4253 961 4327 Ἐγένετο
983 4254 1215 4327 οὐδένέν
1234 4255 1266 4310 ὃ
1296 4256 1562 4326 γέγονεν.
1586 4256 1729 4327 Duae
1761 4268 2050 4327 postremae

469 4338 634 4398 voces
681 4324 885 4398 desunt
920 4327 976 4398 in
1022 4326 1288 4398 editione_
1307 4324 1534 4398 Roberti
1570 4324 1860 4398 Stephani,
1903 4337 1960 4382 et
1992 4330 2047 4383 in

470 4392 780 4467 Basiliensi,
818 4405 873 4467 et
917 4397 972 4454 in
1022 4397 1213 4452 codice
1259 4396 1432 4467 Regio
1473 4397 1523 4452 J.
1568 4392 1710 4452 Pini.
1763 4396 2046 4454 Habentur

468 4472 652 4540 tamen
678 4465 733 4540 in
760 4466 955 4540 codice
981 4467 1183 4540 Leonis
1214 4465 1418 4540 Allatii,
1445 4478 1498 4524 et
1524 4468 1579 4523 in
1629 4469 1880 4524 versione
1918 4469 2047 4540 Epi-

468 4535 658 4661 rhanii
686 4535 1036 4594 Scholastici.
1066 4536 1174 4593 Sed
1202 4548 1255 4594 et
1296 4539 1831 4610 Christopborsonus
1864 4535 2046 4595 eas'in

491 4607 628 4661 ibris
657 4607 776 4661 suis
812 4618 1112 4661 renererat.
1145 4616 1206 4661 ut
1231 4624 1301 4661 ex
1330 4609 1784 4661 interpretatione
1809 4611 1930 4661 eius
1958 4626 2046 4661 an-

491 4607 628 4662 ibris
657 4607 776 4663 suis
812 4618 1112 4679 repererat,
1145 4616 1206 4663 ut
1231 4624 1301 4664 ex
1330 4607 1784 4679 interpretatione
1809 4611 1930 4681 ejus
1958 4626 2049 4683 ap-

468 4685 655 4820 ie
685 4750 795 4804 Kal
817 4748 1142 4819 ὑπεραῖρον
1159 4750 1271 4817 τῆς
1297 4751 1416 4809 τῶν
1429 4751 1736 4820 γεννητῶν
1753 4750 2040 4819 διανοίας.

382 4845 405 4871 ο
468 4818 833 4893 Scribendum
863 4828 998 4893 put_o
1028 4818 1269 4893 γενητῶν
1300 4838 1397 4892 per
1428 4818 1661 4893 simplex
1689 4841 1752 4891 v;
1783 4830 1946 4893 atque
1969 4824 2042 4878 ita

467 4891 667 4961 legisse
699 4888 912 4946 videtur
946 4888 1319 4961 Epiphanius;
1345 4892 1439 4961 qui
1473 4888 1555 4948 sic
1578 4888 1776 4947 vertit:
1802 4888 2041 4947 Eicrea-

470 4971 647 5033 turam
712 4964 1014 5017 universam
1071 4962 1480 5033 intelligentiam
1564 4963 2039 5019 transcendentem.

466 5029 852 5104 Conjecturam
880 5046 1064 5104 meam
1111 5029 1456 5104 conﬁrmavit
1483 5033 1617 5087 mihi
1653 5042 1841 5104 postea
1868 5033 2037 5089 codex

466 5102 650 5173 regius
687 5102 737 5157 ι.
771 5101 914 5166 Pini,
949 5103 1009 5173 in
1050 5118 1161 5172 quo
1202 5103 1276 5157 ita
1324 5105 1483 5171 plane
1527 5101 1790 5173 scriptum
1828 5106 2035 5169 inveni,

465 5171 927 5246 ut‘conjeeeram.
979 5171 1087 5246 Pro
1134 5173 1451 5246 ὑπεραῖρον,
1483 5175 1558 5246 _i_n
1598 5171 1838 5246 editione
1886 5174 2039 5230 Basi-

467 5241 625 5316 liensi
657 5241 854 5316 legitur
881 5242 1197 5316 ὑπερόριον,
1224 5241 1279 5300 et
1305 5241 1364 5299 in
1398 5243 1588 5300 codice
1618 5245 1914 5312 Allatiano,
1950 5260 2038 5301 re-

465 5312 609 5368 ctius
637 5321 697 5368 ut
716 5312 940 5384 'opinor.

530 5386 642 5457 (15)
668 5382 829 5457 esse
868 5384 1001 5457 ταῖς
1022 5383 1419 5457 -ῥμοστοίχοις
1440 5383 1801 5457 συλλαϐαῖς.
1828 5382 1887 5457 In
1927 5399 2035 5457 ms.

458 5453 646 5514 codice
668 5455 883 5512 Henrici
909 5453 1142 5519 Savillii,
1167 5463 1222 5511 et
1243 5453 1299 5509 in
1314 5453 1562 5510 editione
1597 5453 1880 5510 Basiliensi
1903 5455 2040 5509 scri-

458 5529 608 5584 bitur
655 5528 983 5599 ρμοστιχοῖς,
1013 5527 1405 5599 ιηίηιιεμτβοιε,
1452 5533 1511 5599 u_t
1550 5524 1801 5599 equidem
1838 5525 2034 5599 sentio.

458 5599 619 5655 Certe
642 5589 1013 5662 camera'rius,
1033 5597 1127 5666 qui
1151 5589 1443 5651 editionem
1466 5589 1821 5650 Basiliensem
1847 5589 2040 5650 Latine

460 5670 847 5739 interpretatus
868 5677 971 5729 est,
995 5667 1353 5739 ὁμοστοίχοις,
1379 5666 1525 5739 legit,
1550 5675 1609 5719 ut
1627 5680 1690 5739 ex
1720 5666 2040 5739 interpreta-

462 5733 759 5809 tione'ejus
796 5733 1039 5805 apparet.
1076 5736 1167 5790 Sic
1205 5733 1350 5809 enim
1375 5733 1543 5809 Avertit
1575 5751 1588 5787 :
1626 5733 1709 5787 Ne
1738 5735 2038 5809 earumdem

456 5805 679 5873 quidem
710 5806 1082 5862 elementorum
1128 5806 1484 5874 complexione
1521 5810 1576 5861 in
1617 5820 1738 5859 voce
1770 5805 2038 5873 facientis,

700 5885 974 5946 PATROL.
1018 5889 1134 5947 Gn.
1179 5887 1390 5947 XVIII.

2166 3319 2290 3369 nes,
2342 3305 2748 3376 generationem
2780 3304 2901 3374 ejus
2933 3310 2987 3359 et
3022 3303 3289 3358 facturam
3322 3304 3504 3361 dicere
3549 3304 3746 3373 noluit,

2166 3395 2430 3451 factorem
2463 3395 2659 3452 iisdem
2689 3396 2873 3452 verbis
2906 3396 3107 3467 quibus
3142 3410 3206 3451 ea
3258 3412 3381 3466 quae
3409 3398 3555 3453 facta
3595 3407 3745 3464 sunt,

2162 3488 2454 3560 designare
2482 3488 2709 3546 minime
2739 3504 2931 3544 ausus.
2963 3487 3084 3542 Non
3112 3488 3260 3558 quod
3290 3487 3528 3544 Verbum
3562 3490 3635 3545 sit
3659 3490 3745 3545 in-

2163 3582 2409 3653 genitum
2441 3601 2455 3637 :
2490 3581 2641 3638 solus
2664 3582 2809 3637 enim
2837 3580 3002 3636 Pater
3034 3580 3312 3651 ingenitus
3344 3589 3465 3637 est:
3495 3582 3592 3638 sed
3613 3583 3741 3653 quia

2164 3674 2581 3729 solertissimam
2639 3672 3130 3744 evangelistarum,
3195 3673 3553 3745 ipsorumque
3605 3674 3742 3731 adeo

2162 3765 2480 3837 angelorum
2509 3765 3062 3837 comprehensionem
3096 3767 3435 3823 transcendit
3471 3766 3739 3838 unigeniti

2158 3855 2284 3912 Filii
2320 3857 2723 3928 inexplicabilis
2753 3858 3133 3914 subsistentia.

2229 3948 2296 4005 V.
2335 3948 2518 4017 Quare
2552 3951 2696 4007 inter
2715 3950 2837 4022 pios
2869 3966 2990 4007 meo
3023 3949 3242 4022 quidem
3268 3950 3478 4022 judicio
3507 3967 3737 4009 censen-

2158 4268 2252 4311 aut
2277 4258 2543 4327 {actorum
2568 4261 2650 4313 uti
2677 4278 2862 4315 ausus.
2886 4262 2946 4316 in
2987 4265 3137 4327 regio
3169 4264 3295 4318 item
3323 4264 3515 4319 codice
3530 4264 3582 4320 Ι.
3607 4263 3733 4320 Pini

2156 4328 2420 4403 scriptum
2456 4331 2641 4403 inveni
2674 4328 3244 4403 ὁμοστοίχοις.ἶίιι]υε
3289 4342 3470 4389 autem
3507 4336 3610 4390 loci
3643 4352 3732 4393 sa-

2154 4401 2226 4454 tis
2270 4399 2494 4477 obscuri
2536 4399 3038 4477 bic__est_sensus.
3080 4399 3321 4459 Joannes
3366 4407 3728 4477 evangelista,

2152 4485 2276 4523 cum
2312 4470 2577 4540 originem
2618 4470 2740 4526 Filii
2776 4471 2865 4525 Dei
2899 4473 3065 4544 vellet
3095 4470 3543 4544 exponere,.eani
3576 4490 3605 4529 a
3643 4470 3732 4533 re-

2155 4555 2276 4594 rum
2307 4549 2631 4615 _ci_'eatarum
2659 4542 3021 4615 productione
3051 4542 3210 4615 longe
3246 4545 3533 4615 distinxit;
3556 4547 3730 4600 cavit-

2153 4627 2261 4680 que
2290 4610 2728 4681 diligentissime,
2761 4628 2830 4667 ne
2867 4613 2924 4667 in
2959 4610 3288 4669 declaranda
3329 4614 3451 4670 Filii
3488 4610 3727 4671 essentia

2155 4682 2348 4754 iisdem
2396 4683 2579 4739 verbis
2628 4690 2894 4754 uteretur,
2939 4684 3140 4754 quibus
3182 4701 3366 4741 rerum
3417 4694 3723 4754 creatarum

2151 4751 2420 4827 originem
2442 4754 2713 4823 exposuit.
2737 4753 2871 4827 Nam
2906 4751 2971 4808 in'
2993 4755 3318 4827 declaranda
3352 4756 3568 4827 quidem
3601 4753 3726 4811 Filii

2150 4822 2414 4896 essentia,
2452 4822 2588 4878 usus
2621 4833 2706 4879 est
2735 4824 2901 4879 verbo
2932 4834 3066 4896 erat,
3100 4826 3156 4879 in
3191 4822 3510 4896 exponenda
3539 4834 3723 4881 autem

2151 4892 2370 4964 origine
2391 4907 2573 4964 rerum
2604 4903 2911 4964 creatarum
2933 4894 3073 4949 dixit
3095 4892 3331 4964 ἐγένετο,
3366 4897 3419 4951 id
3459 4903 3546 4950 est
3572 4896 3721 4964 facta

2148 4959 2300 5037 sunt:
2338 4959 2573 5037 subiicit
2594 4963 2805 5037 deinde
2836 4959 3169 5037 Alexander,
3192 4967 3290 5037 οὐχ
3318 4967 3400 5019 ὅτι
3424 4959 3721 5037 ἀγέννητος

2145 5026 2215 5106 ᾖν
2232 5049 2245 5062 ·
2277 5031 2336 5106 ἓν
2364 5026 2474 5106 γὰρ
2507 5033 2799 5106 ἀγέννητον
2824 5033 3081 5106 ὁΠατήρ,
3107 5026 3164 5090 id
3191 5026 3299 5101 esi,
3324 5053 3427 5091 non
3454 5026 3594 5105 quod
3612 5026 3720 5089 'Fi;

2147 5101 2251 5175 lius
2285 5101 2383 5156 Dei
2408 5101 2519 5175 non
2548 5104 2633 5175 sit_
2657 5101 2891 5175 genitus.
2919 5101 3093 5159 Unum
3119 5106 3258 5160 enim
3299 5115 3378 5161 est
3402 5101 3713 5175 ingenitum,

2146 5171 2311 5227 Pater
2339 5172 2558 5227 scilicet.
2594 5171 2734 5244 Qua:
2766 5173 2985 5244 quidem
3023 5175 3320 5231 Alexandri
3357 5171 3523 5231 verba
3550 5175 3711 5244 beni-

2144 5259 2249 5315 gne
2291 5243 2638 5315 intelligenda
2666 5242 2798 5299 sunt
2841 5245 2945 5299 hoc
2983 5246 3144 5299 modo
3172 5264 3186 5299 :
3215 5244 3334 5300 Non
3367 5245 3510 5315 quod
3543 5242 3714 5300 Filius

2144 5312 2237 5368 Dei
2292 5313 2621 5384 principium
2681 5315 2912 5384 originis
2948 5330 3063 5370 sua:
3106 5331 3216 5369 non
3269 5312 3506 5382 habeat;
3551 5315 3714 5370 habet

2140 5386 2286 5439 enim
2323 5398 2381 5437 re
2408 5398 2535 5437 vera
2582 5384 2924 5456 principium
2950 5385 3202 5456 originis,
3241 5384 3480 5449 Patrem,
3512 5399 3579 5439 ex
3601 5399 3708 5455 quo

2141 5455 2357 5526 genitus
2378 5460 2463 5509 est
2489 5472 2502 5507 :
2536 5453 2631 5508 sed
2655 5453 2784 5524 quia
2814 5454 3023 5526 nullum
3045 5453 3212 5509 habet
3235 5456 3561 5526 principium
3582 5453 3703 5526 tém-

2179 5525 2314 5589 oris,
2344 5526 2545 5594 quippe
2575 5526 2669 5592 qui
2697 5526 2766 5578 ab
2798 5524 2946 5578 omni
2971 5524 3276 5595 aeternitate
3310 5524 3524 5595 genitus
3551 5524 3623 5579 sit
3643 5539 3696 5578 ei

2186 5603 2323 5658 atre,
2367 5596 2609 5665 ἀχρόνως
2638 5595 2731 5649 καὶ
2763 5594 3159 5665 ἁμεσιτεὺτως,
3195 5604 3254 5650 ut
3283 5594 3456 5650 Gil-mei
3497 5596 3695 5663 dicunt.

2138 5665 2192 5718 id
2225 5675 2311 5721 est
2331 5667 2449 5735 sine
2475 5666 2585 5735 ullo
2614 5671 2858 5735 tempore
2891 5679 2955 5735 ac
2993 5666 3192 5720 medio.

2211 5735 2325 5806 (14)
2359 5732 2746 5806 Ὑπερέκειναῖ
2779 5734 3063 5806 Ἐπέξτεινα
3081 5736 3249 5790 codex
3268 5735 3470 5804 Regius
3492 5732 3706 5806 LPini.

2211 5802 2322 5876 (15)
2370 5805 2659 5872 Εὐσεϐεἷς
2713 5806 2824 5859 οὐκ
2879 5802 3041 5875 οἶμαι
3096 5802 3500 5877 λογιζομένου.
3553 5803 3709 5858 Hunc

3324 5901 3400 5961 18
