4132 6444
481 306 585 361 i355

1593 307 1651 365 S.
1694 306 2087 363 ALEXANDRI
2123 308 2592 367 ALEXANDRINI

3633 312 3738 369 556

473 431 578 486 dus
621 445 732 485 non
770 437 876 493 est,
914 430 1007 499 qui
1044 429 1185 484 ultra
1217 430 1319 487 ista
1368 431 1574 503 aliquid
1608 432 1885 504 inquirere
1912 447 2007 502 pra

2111 477 2117 493 ι
2151 433 2310 504 μέχρι
2357 433 2560 487 τούτων
2606 436 2888 506 ἐπερωτᾷν
2929 452 2980 488 τι
3030 434 3356 507 τολμῶντος,
3390 438 3479 492 διὰ
3506 439 3569 493 τὸ
3607 442 3737 512 ἀνή-

475 523 663 587 sumit,
696 538 805 577 non
840 522 1164 579 auscultans
1200 525 1253 580 id
1278 527 1423 598 quod
1454 527 1721 598 scriptum
1753 535 1836 583 est
1859 530 1879 559 "
1909 547 1919 580 :
1956 528 2053 581 Αι-

475 616 611 670 tiora
650 625 696 668 te
734 633 795 669 ne
820 617 1116 685 quwsieris,
1146 626 1197 671 et
1233 619 1547 673 sublimiora
1578 630 1625 674 te
1667 637 1729 674 ne
1768 622 2045 676 scruteris.

472 705 606 761 Nam
638 707 685 762 si
709 708 1006 761 multarum
1044 710 1278 763 aliarum
1308 727 1491 765 rerum
1524 713 1766 782 cognitio
1802 728 1922 782 qua:
1949 712 2050 767 hac

472 801 630 870 longe
686 798 977 856 inferiores
1035 808 1203 866 sunt,
1264 801 1515 857 humanae
1574 805 1772 858 mentis
1828 814 2047 873 captum

468 891 706 956 excedit,
744 892 1056 962 cuiusmodi
1089 903 1217 948 sunt
1248 896 1390 965 apud
1420 895 1648 950 Paulum
1678 897 1984 966 apostolum
2002 897 2043 960 ⁸,

467 1001 534 1040 ea
566 1002 683 1055 qua:
709 985 894 1040 oculus
961 1002 1063 1040 non
1095 986 1245 1051 vidit,
1289 1005 1380 1042 nec
1427 991 1573 1042 auris
1607 989 1830 1053 audivit,
1870 1008 1960 1043 nec
1992 991 2045 1043 in

466 1092 557 1129 cor
576 1076 802 1131 hominis
837 1078 1206 1145 ascenderunt,
1238 1095 1353 1149 qua:
1385 1081 1703 1148 praparavit
1736 1080 1875 1134 Deus
1916 1080 2046 1133 dili-

462 1169 704 1237 gentibus
756 1186 848 1234 se;
896 1170 1206 1240 cujusmodi
1260 1173 1423 1227 etiam
1476 1181 1605 1227 sunt
1656 1174 1847 1235 stellae,
1904 1189 2042 1243 quas

466 1263 610 1319 Deus
642 1252 956 1316 Abrahamo
987 1263 1119 1317 dicit
1140 1264 1160 1292 ⁷
1189 1279 1295 1317 non
1337 1280 1498 1333 posse
1537 1266 1814 1319 numerari
1841 1284 1853 1325 ;
1881 1276 1933 1320 ct
1972 1266 2038 1319 il-

464 1357 594 1412 lud‘
618 1375 632 1411 ι
658 1356 888 1410 Arenam
929 1357 1092 1409 maris
1127 1366 1174 1409 et
1208 1366 1384 1427 guttas
1415 1358 1606 1425 pluvia:
1637 1360 1752 1427 quis
1795 1359 2037 1412 dinume-

461 1451 642 1507 rabit?
689 1451 963 1522 quomodo
1013 1451 1183 1506 divini
1216 1450 1379 1506 Verbi
1423 1453 1713 1507 essentiam
1762 1453 2036 1508 curiosius

462 1544 791 1614 investigare
816 1543 1092 1613 quispiam
1121 1543 1340 1614 poterit,
1377 1545 1481 1598 nisi
1509 1551 1625 1597 atra
1667 1544 1775 1598 bile
1809 1545 1879 1599 sit
1913 1561 2037 1614 pcr-

460 1637 642 1692 citus?
671 1636 746 1691 De
777 1652 883 1707 qua
922 1637 1273 1707 propheticus
1308 1636 1545 1707 Spiritus
1574 1637 1648 1691 ita
1692 1637 1866 1692 dicit’
1894 1655 1907 1691 :
1936 1636 2035 1691 Ce-

456 1733 779 1785 nerationem
816 1730 930 1799 ejus
962 1732 1079 1800 quis
1109 1732 1421 1786 enarrabit?
1456 1731 1519 1784 Et
1554 1732 1811 1786 Servator
1846 1739 2032 1787 noster

454 1823 622 1879 totius
655 1822 841 1878 mundi
894 1823 1179 1877 columnas
1218 1822 1483 1877 beneﬁcio
1518 1825 1886 1894 obstringens,
1928 1824 2030 1878 hu-

447 1916 539 1984 jus
571 1915 650 1969 rei
694 1915 943 1969 notitiam
991 1924 1249 1985 tanquam
1298 1930 1438 1970 onus
1491 1916 1559 1970 ab
1608 1915 1715 1969 illis
1751 1929 2029 1971 removere

450 2006 663 2060 studuit
690 2026 702 2060 :
729 2006 987 2061 omnibus
1016 2007 1236 2075 quidem
1272 2006 1405 2075 ipsis
1436 2022 1601 2076 supra
1632 2014 1883 2060 naturam
1906 2022 2028 2060 esse

448 2100 638 2155 dicens
674 2099 820 2154 istud
867 2099 1053 2153 animo
1081 2099 1575 2169 comprehendere;
1629 2099 1730 2153 soli
1767 2114 1894 2153 vero
1923 2097 2028 2151 Pa-

448 2193 517 2245 tri
546 2201 855 2262 competere
888 2191 1057 2245 divini
1091 2190 1256 2260 hujus
1308 2191 1555 2261 mysterii
1599 2191 2022 2260 perceptionem.

452 2283 620 2339 Nemo
650 2284 812 2345 enim,
859 2283 1035 2352 inquit
1061 2284 1126 2346 ¹⁰,
1162 2283 1327 2345 novit,
1364 2285 1477 2351 quis
1518 2284 1587 2335 sit
1626 2282 1800 2336 Filius
1836 2293 2025 2351 prater

450 2373 685 2437 Patrem,
728 2382 776 2427 et
799 2389 946 2427 nemo
990 2373 1129 2426 novit
1174 2371 1391 2426 Patrem
1423 2382 1776 2443 praeterquam
1826 2371 2019 2427 Filius.

444 2464 562 2529 Qua
595 2464 662 2519 de
692 2480 751 2519 re
776 2464 942 2519 etiam
974 2464 1190 2519 Patrem
1216 2464 1421 2520 dixisse
1452 2464 1715 2529 arbitror,
1755 2464 2023 2520 Arcanum

446 2572 615 2609 meum
646 2556 773 2609 mihi
798 2557 863 2618 υ,
897 2564 950 2610 et
985 2556 1140 2609 meis.

512 2646 603 2701 Vl.
645 2646 799 2712 Quod
849 2662 975 2703 vero
1022 2654 1280 2702 extrema:
1332 2647 1622 2702 dementia:
1665 2647 1771 2711 sit,
1821 2646 2018 2702 Filium

440 2739 535 2795 Dei
580 2755 647 2795 ex
699 2755 804 2793 non
853 2738 1200 2794 exstantibus
1243 2738 1448 2792 factum
1502 2740 1738 2809 opinari,
1793 2755 1916 2794 cum
1967 2740 2019 2794 id

439 2832 585 2902 quod
630 2847 693 2885 ex
728 2846 841 2885 non
877 2831 1224 2886 exstantibus
1268 2829 1471 2884 factum
1520 2838 1624 2898 est,
1661 2832 2016 2909 temporalem

440 2925 639 2978 habeat
687 2923 1141 2986 essentiam;res
1188 2923 1305 2992 ipsa
1356 2922 1585 2987 indicat,
1639 2923 1770 2977 licet
1810 2923 2017 2993 stupidi

438 3016 527 3069 isti
574 3014 843 3069 insaniam
889 3030 1085 3069 vocum
1119 3029 1343 3069 suarum
1376 3029 1488 3068 non
1524 3014 1844 3085 intelligant.
1879 3012 2015 3068 lllud

2158 541 2279 577 κοον
2317 526 2433 587 τοῦ,
2466 526 2856 594 Χωεπιῦτερά
2887 542 3003 582 σου
3036 527 3123 597 μὴ
3159 527 3330 596 ζήτει,
3366 532 3463 585 καὶ
3498 532 3734 601 ὑψηλό-

2154 617 2292 684 τερά
2338 633 2453 671 σου
2499 618 2587 688 μὴ
2630 617 2883 683 ἐξέταζε.
2942 620 3003 673 El
3046 621 3155 693 γὰρ
3206 622 3407 693 ἐτέρων
3458 622 3729 693 πολλῶνὴ

2153 709 2369 776 γνῶσις,
2406 710 2498 764 καὶ
2538 710 2741 765 τούτων
2790 711 3135 783 ὰσυγκρίτως
3181 713 3567 785 κολώωτέρων
3590 756 3605 779 ,
3636 716 3730 769 κέ-

2156 817 2392 869 κρυπται
2426 802 2524 873 τὴν
2553 802 2899 874 ἀνθρωπίνην
2940 804 3261 875 κατάληψιν·
3297 800 3387 858 οἷὰ
3421 808 3537 859 ἐστι
3580 807 3731 879 παρὰ

2152 893 2368 963 Παύλῳ,
2391 893 2429 947 ᾰ
2458 896 2764 966 ὀφθαλμὸς
2785 899 2896 951 οὐκ
2922 893 3063 961 εἶδε,
3091 898 3191 950 καὶ
3214 894 3324 963 οὖς
3338 900 3449 953 οὐκ
3476 898 3724 968 ἤκουσε,

2148 989 2243 1042 καὶ
2279 988 2377 1041 ἐπὶ
2410 988 2661 1057 καρδίαν
2691 987 3005 1057 ἀνθρώπου
3032 993 3143 1043 οὐκ
3176 990 3381 1058 ἀνέϐη,
3413 989 3453 1043 ἃ
3486 991 3723 1060 ἡτοίμακ-

2146 1094 2257 1132 σεν
2300 1082 2332 1133 ό
2368 1080 2509 1145 Θεὸς
2554 1079 2679 1146 τοῖς
2726 1079 3039 1150 ἀγαπῶσιν
3069 1081 3286 1134 αὐτόν·
3329 1080 3463 1135 ἀλλὰ
3509 1081 3603 1136 καὶ
3654 1082 3722 1137 τὰ

2145 1170 2316 1242 ἄστρα
2362 1173 2523 1243 φησὶν
2564 1175 2591 1225 ὁ
2628 1173 2760 1255 Θεδς
2800 1173 2877 1241 τῷ
2919 1174 3164 1245 Ἀϐραὰμ
3191 1172 3493 1245 ἀριθμῆσαι
3528 1174 3602 1246 μὴ
3628 1174 3721 1228 δύ-

2142 1281 2315 1318 νασαι·
2367 1266 2462 1319 καὶ
2506 1265 2620 1329 ἔτι,
2656 1268 2876 1335 Ἄμμων
2907 1266 3235 1321 θαλασσῶν
3277 1268 3377 1320 καὶ
3421 1269 3720 1337 σταγόνας

2140 1356 2339 1421 ὑετοῦ,
2369 1358 2524 1428 φησι,
2571 1359 2663 1424 τίς
2706 1358 3127 1428 ἐξαριθμήσει;
3160 1358 3277 1423 πῶς
3320 1358 3385 1413 ἂν
3422 1360 3716 1431 περιεργά-

2147 1449 2299 1501 σαιτό
2338 1466 2422 1512 τις
2463 1449 2560 1521 τὴν
2592 1449 2685 1503 τοῦ
2724 1450 2857 1502 Θεοῦ
2893 1451 3065 1518 Λόγου
3108 1450 3439 1514 ὑπόστασιν,
3483 1451 3640 1514 ἐκτὸς
3668 1452 3716 1504 εἰ

2140 1540 2214 1611 μὴ
2247 1537 2610 1612 μελαγχολικῇ
2642 1540 2879 1593 διαθέσει
2907 1540 3132 1612 ληφθεὶς
3157 1542 3447 1613 τυγχάνοις
3481 1543 3618 1614 Περὶ
3646 1538 3715 1615 ἦς

2134 1631 2195 1684 τὸ
2239 1633 2576 1703 προφητικὸν
2620 1633 2849 1704 Πνεῦμα
2897 1651 3057 1704 φησι·
3119 1632 3238 1701 Τὴν
3271 1633 3484 1703 γενεὰν
3528 1633 3715 1689 αὐτοῦ

2135 1723 2225 1788 τίς
2256 1723 2602 1792 διηγήσεται
2624 1741 2641 1787 ;
2666 1724 2857 1779 Ἦ-καὶ
2890 1726 3046 1789 αὐτὸς
3075 1727 3104 1777 ό
3136 1726 3327 1796 Σωτὴρ
3356 1726 3532 1797 ἡμῶν,
3562 1726 3716 1800 εὐερ-

2135 1816 2309 1884 γετῶν
2345 1818 2467 1880 τοὺς
2501 1818 2718 1872 πάντων
2758 1819 2867 1872 τῶν
2899 1820 2956 1872 ὲν
2996 1819 3184 1889 κόσμῳ
3231 1819 3416 1883 κίονας
3451 1816 3584 1891 (16),
3615 1820 3714 1891 τὴν

2134 1909 2262 1978 περὶ
2290 1907 2492 1962 τούτων
2521 1907 2722 1977 γνῶσιν
2755 1909 2866 1981 (Π)
2891 1911 3067 1966 αὐτῶν
3090 1912 3486 1983 ἀποφορτίσθαι
3519 1913 3711 1969 ἐσπού-

2128 1999 2279 2052 δασε-
2313 2001 2445 2053 πᾶσι
2475 2000 2574 2071 μὲν
2602 1998 2697 2053 οὖν
2742 2002 2926 2066 αὐτοῖς
2960 2003 3226 2071 ἀφύσικον
3260 1999 3399 2058 εἶναι
3431 2005 3605 2073 λέγων
3632 2008 3711 2071 είς

2128 2092 2456 2163 κατάληψιν,
2489 2092 2635 2164 μόνῳ
2668 2093 2737 2165 ξδὲ
2784 2094 2861 2165 τῷ
2910 2095 3085 2167 Πατρὶ
3124 2097 3441 2151 ἀνακεῖσθαι
3488 2098 3586 2170 τὴν
3615 2098 3708 2153 τοῦ

2128 2184 2402 2238 Θειοτάτου
2448 2185 2637 2239 τούτου
2701 2186 2997 2258 μυστηρίου
3048 2188 3284 2258 εἴδησιν
3341 2189 3549 2257 Οὐδεὶς
3600 2189 3710 2261 γὰρ

2126 2280 2279 2347 ἔγνω
2308 2280 2400 2346 τίς
2434 2280 2604 2334 ἐστιν
2632 2285 2665 2335 ό
2703 2280 2852 2348 Υἱὸς,
2884 2281 3079 2351 λέγων,
3102 2287 3153 2337 si
3175 2284 3261 2353 μὴ
3287 2288 3319 2338 ό
3347 2286 3570 2355 Πατήρο
3609 2288 3706 2342 και

2127 2370 2231 2422 τὸν
2266 2370 2495 2439 Πατέρα
2519 2373 2717 2439 οὐδεὶς
2742 2374 2896 2443 ἔγνω
2923 2377 2977 2428 εί
2995 2374 3082 2445 μὴ
3116 2378 3149 2429 d
3184 2378 3333 2442 Υἱός.
3367 2378 3502 2448 Περὶ
3528 2373 3589 2434 οὗ
3614 2380 3707 2433 καὶ

2121 2462 2213 2516 τὸν
2258 2461 2478 2535 Πατέρα
2525 2463 2676 2536 οἶμαι
2716 2466 2928 2535 λέγειν,
2963 2467 3033 2521 Τὸ
3064 2468 3401 2537 μυστήριόν
3425 2488 3541 2539 μου
3572 2471 3703 2540 ἐμοὶ

2124 2555 2217 2605 καὶ
2244 2558 2356 2618 τοῖς
2391 2557 2414 2607 ὲ
2423 2558 2543 2625 μοῖς
2567 2556 2701 2626 (18).

2196 2642 2283 2700 Vl.
2320 2647 2440 2699 Ὅτι
2470 2647 2526 2700 δὲ
2573 2648 2858 2718 μανιῶδες,
2892 2649 2953 2702 τὸ
2997 2648 3058 2714 ἐξ
3104 2650 3202 2704 οὐκ
3244 2651 3412 2706 ὄντων
3440 2652 3530 2706 τὸν
3572 2653 3702 2707 Υίδν

2120 2737 2402 2806 γεγονέναι
2450 2741 2688 2809 φρονεῖν,
2722 2741 2979 2812 χρονικὴν
3025 2742 3218 2813 ἔχοντα
3263 2742 3361 2813 τὴν
3406 2743 3697 2815 προϐολὴν,

2121 2828 2346 2881 αὐτόθεν
2375 2828 2649 2882 δείκνυται
2680 2829 2740 2882 τὸ
2767 2829 2825 2896 ἐξ
2852 2831 2951 2883 οὐκ
2978 2830 3146 2884 ὄντων
3191 2831 3330 2903 (l9),
3361 2832 3462 2886 κᾶν
3494 2833 3699 2902 ἀγνοῶ-

2120 2937 2202 2974 σιν
2230 2921 2279 2973 οἱ
2302 2920 2517 2990 ἀνόητοι
2540 2920 2639 2992 τὴν
2667 2920 2764 2991 τῆς
2803 2921 2988 2991 φωνῆς
3017 2922 3195 2975 αὐτῶν
3240 2923 3456 2993 μανίαν.
3487 2924 3558 2976 ’Ἡ
3590 2923 3698 2996 γὰρ

2117 3013 2329 3085 χρόνοις
2359 3011 2807 3083 ἐμπολιτεύεσθαι
2834 3013 2914 3065 δεῖ
2945 3013 3027 3079 τὸ,
3055 3015 3166 3067 οὐκ
3191 3010 3290 3083 ἦν,
3317 3014 3350 3085 ἦ
3378 3015 3573 3079 αἰῶνός
3592 3032 3698 3068 τινι

432 3104 603 3167 enim,
637 3119 739 3157 non
760 3113 897 3166 erat,
936 3104 990 3156 in
1038 3112 1279 3173 tempore
1312 3105 1525 3159 censeri
1556 3112 1790 3175 oportet,
1823 3114 1917 3160 aut
1956 3106 2007 3160 in

2117 3107 2466 3178 διαστήματι.
2498 3107 2561 3159 Εἰ
2588 3105 2767 3159 τοίνυν
2808 3105 3005 3177 ἀληθὲς
3052 3106 3135 3167 τὸ,
3169 3107 3366 3161 πάντα
3407 3107 3481 3160 δι’
3512 3108 3696 3162 αὐτοῦ

431 3197 614 3266 aliquo
642 3197 742 3250 aevi
774 3196 971 3266 spatio.
995 3195 1064 3248 At
1094 3196 1140 3251 si
1166 3211 1351 3251 verum
1377 3206 1481 3261 est,
1515 3199 1693 3251 omnia
1717 3215 1807 3268 per
1835 3198 2003 3268 ipsum

428 3290 577 3355 facta
607 3304 738 3352 esse,
787 3294 1005 3343 constat
1044 3289 1231 3358 utique
1280 3296 1333 3343 et
1370 3305 1544 3345 savum
1583 3298 1637 3345 et
1679 3299 1915 3360 tempus,
1954 3299 2006 3345 et

428 3379 665 3449 spatium
692 3395 876 3444 omne,
914 3389 969 3434 et
1016 3379 1149 3435 illud
1200 3381 1515 3451 aliquando,
1567 3384 1622 3438 in
1657 3384 1859 3453 quibus
1894 3399 2001 3437 non

426 3468 595 3527 fuisse
625 3472 915 3541 reperitur,
948 3487 1045 3541 per
1074 3473 1253 3542 ipsum
1286 3474 1429 3528 facta
1461 3490 1601 3529 esse.
1636 3474 1698 3528 Et
1724 3475 2001 3545 quomodo

422 3562 720 3618 absurdum
750 3580 862 3619 non
904 3566 994 3625 sit.
1022 3581 1147 3621 eum
1189 3566 1281 3635 qui
1321 3574 1567 3637 tempora
1606 3576 1659 3621 et
1707 3568 1903 3623 saecula
1935 3582 1999 3622 ac

518 3710 538 3781 _'
572 3707 742 3763 Eccli.
773 3709 1001 3781 111,γῖ2.
1112 3709 1189 3781 ⁸⁸1
1211 3710 1334 3767 Cor.
1371 3728 1432 3777 ιι,
1467 3713 1522 3769 9.

422 3780 462 3810 “
500 3777 614 3833 Isa.
652 3796 812 3845 xxrv,
840 3780 926 3833 16.

1616 3716 1635 3745 "
1668 3712 1794 3769 Gen.
1840 3730 1931 3778 xv,
1968 3714 2019 3769 5.

418 3900 583 3954 etiam
612 3899 791 3955 locum
824 3900 1107 3956 emendavi
1135 3917 1199 3956 ex
1225 3899 1556 3968 supradictis
1586 3898 1870 3955 codicibus
1896 3901 1993 3954 Al-

419 3970 533 4023 latii
569 3984 632 4023 ac
664 3969 873 4034 Savilii,
914 3979 966 4025 et
999 3987 1064 4026 et
1103 3974 1249 4040 regio
1298 3971 1487 4024 codice
1514 3970 1562 4024 J.
1598 3971 1740 4031 Piui,
1789 3972 1991 4040 quibus

416 4041 744 4111 grstipulatur
767 4041 935 4096 editio
968 4039 1308 4103 Basiliensis,
1344 4041 1450 4095 nisi
1502 4041 1647 4111 quod
1676 4039 1990 4111 τολμῶντας

415 4109 600 4183 habet,
624 4127 745 4183 non
776 4112 1104 4183 τολμῶντος.
1148 4112 1489 4183 Epiphanius
1521 4109 1713 4183 tamen
1754 4110 1986 4183 Schola-

414 4180 587 4236 sticus
620 4182 676 4235 in
705 4180 902 4254 plurali
935 4199 1167 4254 numero
1194 4180 1410 4254 'legisse
1458 4182 1679 4254 videtur
1703 4181 1986 4253 λογιζομέ-

409 4268 531 4324 νους
559 4254 684 4324 τοὺς
713 4252 1043 4324 τολμῶντας.
1078 4252 1136 4307 1η
1168 4251 1290 4307 (τούξ
1334 4269 1448 4321 reg.
1482 4251 1530 4324 Jﬁ.
1565 4251 1684 4324 Pi_ni
1718 4262 1862 4307 totus
1894 4251 1987 4308 hic

410 4321 562 4376 locus
593 4323 664 4376 ita
697 4319 956 4378 scribitur
987 4341 998 4376 :
1036 4325 1131 4388 Εἰς
1155 4319 1437 4377 εὐσέϐειαν
1468 4323 1566 4375 οὐκ
1596 4319 1749 4393 οἶμαι
1778 4324 1989 4392 λογιζο‹

411 4393 603 4464 μένους
628 4395 754 4464 τους
780 4412 836 4464 μ.
861 4411 935 4459 τ.,
962 4396 1052 4447 ἐπ.
1088 4413 1141 4447 τι
1172 4394 1504 4464 τολμῶντας.

477 4462 887 4535 (16)-Πάνεων-
923 4464 1042 4517 τῶν
1072 4466 1142 4516 ἐν
1178 4462 1382 4535 κόσμῳ
1428 4466 1655 4531 κίονας.
1701 4466 1832 4520 Post
1868 4466 1981 4520 inec
2016 4467 2058 4520 D

407 4534 571 4605 yerba
599 4532 836 4605 Jacobns
865 4533 1193 4605 Sirmundus
1234 4532 1302 4589 in'
1326 4536 1566 4590 editione
1604 4553 1701 4591 sua
1745 4548 1979 4605 quatuor

405 4604 504 4657 has
530 4618 691 4676 roces
722 4603 949 4667 addidit,
982 4606 1109 4667 τοὺς
1134 4605 1427 4676 Οεηγόρους
1452 4606 1594 4675 φημὶ
1625 4603 1974 4671 ἀποστόλους,

403 4672 595 4727 nescio
616 4689 753 4742 quos
777 4683 999 4728 secutus
1022 4672 1262 4730 codices.
1294 4672 1544 4730 Certe'in'
1563 4679 1768 4732 nostris
1790 4694 1976 4732 exem-

401 4743 649 4816 plaribus
681 4752 734 4799 et
768 4745 820 4797 in
861 4745 1147 4801 Basiliensi
1177 4748 1412 4801 editione
1450 4763 1558 4799 non
1592 4749 1891 4816 habentur;
1922 4756 1976 4802 et

402 4814 909 4889 scholium__potius_
936 4816 1181 4889 redolent
1220 4817 1505 4886 cujusdam
1545 4819 1643 4872 viri
1682 4818 1849 4882 docti,
1878 4814 1974 4889 qui

401 4882 469 4959 ad
502 4884 643 4959 latus
676 4882 800 4959 libri
828 4886 910 4941 sui
945 4886 997 4940 id
1022 4882 1332 4959 ‘notaxjera't,
1358 4903 1455 4956 per
1486 4889 1770 4959 columnas
1804 4882 1974 4959 signi-

402 4953 550 5027 fjcari
586 4954 801 5027 div_inos
825 4956 1126 5027 apostolos.
1163 4957 1325 5012 Certe
1357 4953 1413 5010 in
1446 4959 1685 5027 Epistola
1713 4953 1881 5013 Pauli
1906 4959 1971 5015 ad

399 5021 620 5080 Galatas
652 5021 932 5082 Petrus—et
952 5026 1189 5082 Iacobus
1218 5021 1775 5083 dicuntur-columine
1803 5030 1973 5085 fuisse

398 5092 674 5171 Ecclesia:
696 5095 866 5171 Porro
883 5098 1042 5171 initio
1062 5098 1222 5166 hujus
1240 5099 1445 5171 periodi
1462 5100 1807 5155 scribendum
1828 5101 1860 5171 ἢ
1880 5101 1970 5154 καὶ

398 5166 560 5228 αὐτὸς
580 5169 607 5219 ό
635 5167 847 5237 Σωτήρ,
881 5168 932 5221 id
955 5175 1059 5229 est,
1087 5166 1333 5237 quocirca
1358 5167 1605 5223 Servatur
1636 5166 1965 5233 nosterﬁetc.

470 5236 582 5307 (l7)
615 5236 732 5304 Τὴν
761 5236 892 5305 περὶ
929 5236 1156 5291 τούτων
1186 5241 1426 5307 γνῶσιν.
1466 5241 1520 5293 In
1546 5241 1734 5295 codice
1772 5240 1971 5295 Leonis

397 5305 579 5382 Allatii
623 5314 677 5361 et
716 5307 769 5382 in
815 5310 1053 5382 editione
1074 5305 1376 5382 Basiliensi
1419 5312 1681 5382 scriptum
1715 5319 1799 5365 est
1841 5312 1968 5382 περὶ

393 5374 605 5449 τούτου,
635 5378 863 5449 rectius,
910 5381 965 5433 ni
1017 5379 1193 5434 fallor.
1240 5379 1425 5444 Neque
1475 5374 1633 5435 aliter
1678 5383 1807 5449 legit
1838 5374 1967 5449 Epi-

394 5447 628 5513 phanius
656 5446 1050 5503 Scholasticus.
1087 5449 1179 5504 Sic
1211 5451 1356 5504 enim
1381 5454 1539 5505 vertit
1564 5452 1707 5505 hunc
1734 5446 1920 5505 locum
1949 5471 1961 5506 :

396 5513 540 5569 Nam
562 5529 611 5571 et
639 5519 748 5585 ipse
771 5520 1018 5573 Servator
1046 5530 1301 5587 priestare
1320 5519 1494 5574 volens
1520 5524 1762 5575 omnibus
1783 5523 1837 5574 in
1870 5520 1966 5574 hoc

391 5588 589 5723 ;nundo
625 5589 917 5669 _columnis,
969 5589 1126 5659 hujus
1175 5593 1423 5644 notitiam
1466 5592 1529 5644 ab
1574 5593 1649 5645 eis
1677 5608 1965 5646 exonerare

415 5665 678 5713 estmamt.

415 5659 678 5713 'estinavit.

464 5725 577 5799 (18)
612 5728 722 5781 Καὶ
754 5727 874 5793 τοῖς
906 5729 1089 5798 ἐμοῖς.
1127 5728 1363 5786 Jacobus
1407 5729 1734 5787 Sirmundus
1762 5733 1817 5787 in
1848 5732 1963 5788 edi-

2117 3201 2443 3273 γεγονέναι,
2488 3200 2728 3272 δηλονότι
2773 3200 2867 3254 καὶ
2914 3202 3021 3265 πᾶς
3063 3200 3197 3256 αἰὼν
3226 3204 3320 3257 καὶ
3357 3205 3570 3275 χρόνος,
3602 3205 3695 3258 καὶ

2112 3294 2475 3366 διαστήματα,
2501 3293 2596 3346 καὶ
2616 3292 2674 3345 τὸ
2699 3293 2847 3355 ποτὲ,
2867 3293 2923 3346 ἐν
2937 3286 3017 3356 οἷς
3044 3293 3105 3345 τὸ
3126 3296 3237 3347 οὐκ
3257 3288 3338 3364 ἦν
3361 3296 3697 3367 εὑρίσκεται,

2111 3385 2175 3439 δι’
2204 3385 2368 3440 αὑτοῦ
2414 3386 2650 3455 ἐγένετο.
2694 3385 2807 3439 Καὶ
2841 3383 2956 3449 πῶς
2988 3385 3089 3439 οὐκ
3133 3386 3425 3451 ἀπίθανον,
3472 3388 3564 3442 τὸν
3599 3387 3693 3442 καὶ

2108 3477 2330 3548 χρόνους
2360 3477 2455 3530 καὶ
2487 3476 2690 3539 αἰῶνας
2734 3475 2827 3529 καὶ
2874 3476 3116 3546 καιροὺς,
3150 3477 3209 3530 ὲν
3238 3473 3319 3541 οἷς
3345 3477 3431 3542 τὸ,
3457 3479 3569 3533 οὐκ
3591 3473 3689 3550 ἦν,

2111 3567 2517 3638 συμπέφυρται,
2550 3566 2877 3635 ποιήσαντα,
2924 3565 3086 3619 αὐτόν
3128 3582 3259 3619 ποτε
3306 3567 3381 3638 μὴ
3425 3563 3563 3622 εἶναι
3601 3567 3691 3622 lt-

2125 3713 2147 3744 ⁸
2187 3711 2351 3766 Eccli.
2398 3727 2436 3776 ι,
2466 3709 2520 3763 2.
2626 3711 2646 3742 ⁸
2680 3708 2794 3763 lsa.
2822 3723 2941 3773 LIII,
2977 3707 3028 3763 8.
3144 3709 3189 3741 ¹⁹
3219 3707 3415 3766 Matth.
3457 3726 3545 3775 ιι,
3592 3709 3682 3767 2?.

2105 3901 2253 3955 tione
2289 3915 2388 3955 sua
2413 3900 2679 3969 expunxit
2717 3900 2832 3955 hazc
2865 3900 3049 3955 verba.
3085 3895 3248 3969 Certe
3274 3910 3383 3969 non
3408 3891 3679 3969 habentur

2101 3972 2156 4024 in
2196 3971 2386 4025 codice
2427 3965 2626 4024 Leonis
2657 3972 2865 4034 Allatii,
2897 3980 2951 4026 et
2991 3965 3263 4038 superﬂua
3294 3965 3550 4018 videntur
3576 3966 3683 4023 hoc

2099 4041 2237 4095 loco.
2278 4039 2449 4094 Porro
2491 4040 2643 4094 locus
2671 4041 2772 4095 iste
2801 4042 3124 4109 desumptus
3158 4044 3349 4109 estex
3392 4048 3515 4109 cap.
3550 4052 3682 4109 sxw

2098 4113 2267 4166 lsaize.
2310 4110 2407 4165 Ubi
2442 4108 2806 4180 Hieronymus
2838 4103 3181 4165 notat-verba
3228 4103 3482 4180 illa__:_Et
3525 4105 3676 4180 disi:

2096 4181 2368 4236 Secretum
2399 4197 2571 4233 meum
2595 4176 2722 4235 mihi
2740 4199 2758 4245 ;
2790 4190 3044 4235 secretum
3074 4193 3246 4231 meum
3274 4176 3421 4237 mihi,
3454 4190 3563 4230 non
3586 4176 3681 4231 ha-

2096 4252 2213 4305 beri
2235 4254 2288 4305 in
2309 4250 2689 4321 Septuaginta,
2707 4252 2800 4306 sed
2818 4269 2881 4307 ex
2908 4247 3297 4321 Theodotionis
3318 4247 3679 4321 translatione

2096 4323 2167 4376 ab
2196 4314 2431 4392 Origene
2467 4314 2651 4392 addita
2677 4314 2843 4392 esse.
2885 4319 3202 4392 Procopius
3223 4326 3402 4370 autem
3443 4314 3674 4392 Gaianas

2095 4409 2159 4447 ex
2195 4387 2648 4462 interpretatione
2689 4387 3298 4462 Symmachisuppleta
3343 4401 3468 4462 esse
3515 4387 3670 4462 dicit.

2160 4463 2272 4534 (19)
2296 4456 2575 4534 -Ᾰὺτόθεν
2624 4456 2927 4534 deterrima
2971 4460 3036 4513 τὸ
3070 4456 3295 4534 siti—ouis
3321 4456 3675 4534 emunda-

2086 4527 2619 4589 cobus'Sirmundus
2675 4532 2821 4585 hunc
2869 4533 3046 4586 locum
3092 4531 3167 4583 ita
3212 4527 3403 4591 edidit,
3445 4527 3671 4581 αὐτόθεν

2079 4603 2353 4657 δείκνυται
2382 4605 2446 4655 ὲκ
2476 4602 2571 4655 τοῦ
2607 4600 2666 4667 ἐξ
2698 4603 2797 4655 οὐκ
2838 4601 3026 4655 ὄντων.
3070 4599 3135 4652 Ει
3163 4608 3337 4653 totum
3376 4599 3555 4650 locum
3588 4599 3669 4654 sic

2082 4676 2470 4743 interpretatus
2492 4680 2575 4728 est
2601 4691 2613 4724 :
2653 4672 2806 4738 Quod
2837 4689 2955 4725 vero
2995 4681 3229 4743 extrema
3271 4668 3339 4743 sit
3367 4667 3629 4721 dementia
3648 4708 3665 4734 ,

2081 4739 2284 4797 Filium
2318 4760 2382 4797 ex
2412 4761 2515 4796 non
2564 4742 2893 4796 exstantibus
2925 4754 3098 4794 ortum
3133 4739 3461 4799 existimare,
3512 4748 3669 4807 atque

2078 4815 2133 4867 in
2160 4825 2388 4882 tempore
2409 4813 2743 4883 productum,
2770 4813 3001 4867 indidem
3024 4821 3190 4883 patet,
3216 4810 3312 4883 hoc
3341 4819 3438 4883 est,
3467 4823 3532 4861 ea:
3561 4826 3664 4883 non
3686 4849 3712 4874 ,

2075 4880 2430 4950 exstantibus,
2461 4893 2567 4939 etc.
2603 4883 2803 4938 Verum
2840 4898 2964 4937 cum
3006 4880 3141 4936 nulli
3171 4881 3392 4935 codices
3421 4880 3496 4933 ita
3520 4881 3663 4950 scri-

2077 4965 2227 5025 ptum
2275 4956 2532 5018 habeant,
2581 4957 2853 5025 vulgatam
2907 4954 3189 5008 lectionem
3244 4958 3457 5025 mutare
3502 4949 3662 5005 nefas

2075 5021 2235 5081 duco.
2289 5025 2445 5092 Quod
2480 5031 2527 5081 si
2575 5021 2951 5095 conjecturam
3002 5032 3259 5095 nostram
3292 5021 3418 5095 licet
3454 5033 3661 5095 prepo-

2074 5113 2238 5161 nere,
2291 5088 2548 5151 existimo
2579 5088 2809 5149 delenda
2845 5110 2967 5149 esse
3003 5094 3118 5147 haec
3150 5090 3313 5147 verba
3351 5089 3412 5161 τὸ
3459 5088 3519 5153 ἐξ
3555 5090 3658 5142 οὐκ

2072 5160 2260 5228 ὄντων,
2295 5183 2416 5237 quae
2443 5167 2636 5221 scholii
2674 5167 2794 5237 loco
2823 5165 2887 5218 ad
2914 5166 3213 5237 marginem
3244 5160 3670 5237 ascripta,post-

2071 5251 2160 5310 ca_
2197 5239 2252 5294 in
2314 5229 2520 5310 textum
2576 5229 3058 5310 translatasunt.‘
3086 5232 3261 5310 Porro
3318 5229 3657 5310 Epiphanius

2074 5308 2451 5381 Seholasticus
2482 5309 2626 5381 hunc
2658 5308 2836 5361 locum
2866 5306 2938 5359 ita
2968 5304 3168 5358 vertit:
3201 5302 3327 5355 Non
3355 5316 3475 5353 reor
3506 5302 3659 5381 igua-

2072 5395 2191 5432 rare
2230 5380 2510 5449 sapientes,
2536 5379 2657 5449 quia
2680 5392 2926 5431 resanum
2952 5383 3030 5428 est
3060 5387 3264 5449 sapere,
3293 5386 3359 5449 ea:
3382 5386 3485 5423 non
3512 5379 3659 5422 exsi-

2068 5441 2325 5503 stentibu's
2356 5441 2556 5517 factum
2592 5447 2824 5520 Filium;
2860 5461 2977 5520 cum
3008 5446 3185 5511 utique
3213 5441 3402 5520 habeat
3436 5450 3655 5520 tempo-

2070 5520 2181 5573 rale
2205 5509 2546 5589 principium,
2571 5518 2708 5589 quod
2736 5515 3034 5589 ostenditur
3052 5509 3117 5567 ea:
3147 5509 3655 5589 nonexsistentibus

2068 5578 2290 5657 factum.
2330 5578 2483 5643 Unde
2520 5578 2741 5657 apparet
2770 5585 3130 5657 Epiphaniam
3167 5584 3363 5655 legisse
3395 5578 3657 5652 χρονικὴν

2068 5655 2189 5732 ἔχον
2213 5662 2308 5732 τὴν
2337 5655 2605 5731 προϐολὴν
2635 5659 2692 5712 τὸ
2714 5658 2773 5723 ἐξ
2804 5658 2905 5709 οὐκ
2931 5655 3119 5709 ὄντων.
