4132 6426
322 344 329 355 ’
392 345 497 400 1557

1830 333 2209 392 EPISTOL/E.

3552 331 3653 388 558

404 473 554 528 γειν;
598 454 932 527 Ἀδιανόητον
961 452 1069 525 γὰρ
1100 454 1212 522 (20)
1244 455 1336 507 καὶ
1368 454 1547 523 πάσης
1584 452 1822 523 ἀμαθίας
1851 455 1983 507 ἀνά-

2099 460 2438 525 lempestales
2488 452 2750 515 condidit,
2808 452 2860 504 in
2914 450 3111 520 quibus
3158 448 3311 514 illud,
3368 464 3469 501 non
3519 456 3651 501 erat.

405 553 602 617 πλεων,
637 551 731 606 τὸν
772 550 942 604 αἴτιον
974 549 1265 621 γενόμενόν
1303 567 1466 615 τινος,
1508 551 1669 604 αὐτὸν
1700 552 1987 621 μεταγενέ-

408 658 596 715 στερον
619 642 798 712 λέγειν
834 642 935 712 τῆς
977 643 1185 695 ἐκείνου
1213 642 1495 712 γενέσεως.
1528 644 1854 715 Προηγεῖται
1879 643 1988 715 γὰρ

407 738 527 791 κατ’
554 735 751 799 αὐτοὺς
779 735 879 805 τῆς
906 733 973 787 τά
1003 734 1100 787 ὅλα
1138 735 1574 807 δημιουργούσης
1613 735 1706 790 τοῦ
1734 736 1868 790 Θεοῦ
1900 754 1988 790 σο-

407 826 536 895 φίας
566 826 743 880 ἐκεῖνο
781 826 841 879 τὸ
868 824 1162 895 διάστημα,
1204 827 1262 879 ὲν
1302 818 1348 893 ᾧ
1377 843 1509 895 φασι
1555 827 1628 899 μὴ
1660 826 1986 898 γεγενῆσθαι

406 922 496 975 τὸν
523 921 651 975 Υίὸν
696 920 801 973 ὑπὸ
850 919 944 974 τοῦ
988 921 1220 992 Πατρός·
1264 920 1599 993 ψευδομένας
1640 926 1758 976 κατ’
1794 924 1988 987 αὐτοὺς

407 1012 618 1082 καὶτῆς
639 1013 1021 1080 Πρωτότωιον
1035 1011 1195 1085 αὑτὸν
1218 1008 1356 1066 εἶναι
1371 1013 1575 1083 πάσης
1592 1017 1841 1083 κτίσεως
1860 1018 1988 1072 ἀνα-

407 1102 739 1177 γορευούσης
776 1103 1018 1174 Γραφῆς.
1069 1103 1341 1174 Σύμφωνα
1368 1105 1498 1173 γοῦν
1528 1106 1735 1171 τούτοις
1771 1107 1870 1178 βοᾷ
1897 1110 1988 1161 καὶ

405 1198 437 1251 ὁ
462 1196 972 1269 μεγαλοφωνότατος
996 1196 1225 1261 Παῦλος,
1258 1197 1482 1268 φάσκων
1514 1200 1641 1271 περὶ
1667 1198 1851 1253 αὐτοῦ’
1890 1202 1991 1253 Ὃν

406 1290 583 1359 ἔθηκε
620 1292 1000 1360 κληρονόμον
1042 1289 1301 1354 πάντων,
1328 1292 1403 1345 δι’
1430 1288 1502 1348 οὗ
1547 1294 1644 1347 καὶ
1684 1294 1825 1359 τοὺς
1858 1292 1989 1347 αἰῶ-

408 1400 519 1450 νας
570 1383 878 1453 ἐποίησεν.
943 1382 1104 1437 Ἀλλά
1146 1383 1239 1436 καὶ
1288 1382 1358 1435 ἐν
1407 1381 1568 1448 αὐτῷ
1616 1383 1863 1453 ἐκτίσθη
1920 1386 1991 1439 τὰ

411 1474 626 1542 πάντα,
655 1474 729 1529 τὰ
766 1475 837 1528 ἐν
868 1473 992 1539 τοῖς
1021 1472 1298 1541 οὐρανοῖς
1330 1474 1426 1527 καὶ
1470 1472 1541 1527 τὰ
1585 1473 1686 1526 ἐπὶ
1716 1474 1827 1543 τῆς
1857 1476 1987 1544 γῆς,

410 1566 483 1620 τὰ
509 1567 691 1633 ὁρατὰ
730 1566 932 1620 καὶτὰ
971 1566 1213 1634 ἀόρατα,
1255 1565 1375 1619 εἴτε
1422 1565 1632 1634 ἀρχαὶ,
1672 1565 1992 1630 εἴτε’ἑξου-

411 1658 559 1720 σίαι,
592 1657 712 1710 εἴτε
741 1658 1084 1724 κυριότητες
1102 1695 1117 1721 ,
1147 1656 1267 1711 εἴτε
1301 1659 1522 1726 θρόνοι*
1552 1657 1750 1712 πάντα
1780 1658 1853 1712 δι’
1887 1662 1992 1714 αὺ-

2088 546 2378 601 confusum
2416 553 2520 609 est,
2560 549 2737 614 ipsum
2785 541 3080 613 aliquando
3114 555 3222 594 non
3266 540 3544 594 exstitisse
3573 539 3657 592 di-

2090 641 2250 696 cere?
2296 638 2390 695 Est
2420 639 2565 694 enim
2611 637 2850 692 alienum
2889 651 3104 690 aseusu
3149 634 3407 703 omnique
3437 634 3655 702 plenum

2091 732 2326 797 inscitia,
2353 747 2475 787 eum
2515 731 2607 800 qui
2648 727 2883 798 alicujus
2914 728 2989 781 rei
3021 733 3211 779 auctor
3254 725 3346 789 sit,
3380 724 3566 779 eadem
3597 738 3660 778 re

2090 826 2449 897 posteriorem
2482 822 2772 876 affirmare.
2811 818 3020 887 Quippe
3065 816 3221 886 jurita
3268 815 3485 869 illorum
3528 830 3656 869 sen-

2091 918 2340 982 tentiam,
2382 917 2614 989 spatiqu
2653 913 2914 983 temporis
2943 926 3051 981 quo
3106 910 3294 963 dicunt
3335 904 3532 961 Filium
3562 904 3658 960 Dei

2090 1026 2200 1065 non
2230 1013 2505 1065 exstitisse
2550 1023 2614 1063 ex
2664 1004 2847 1068 Patre,
2889 1001 3170 1073 praecessit
3202 998 3524 1068 sapientiam
3563 996 3658 1052 Dei

2090 1101 2333 1158 omnium
2375 1116 2558 1155 rerum
2608 1097 3007 1153 eonditrieem:
3041 1091 3408 1160 mentiturque
3457 1103 3657 1144 secun-

2090 1193 2217 1248 dum
2246 1207 2341 1248 eos
2373 1189 2677 1260 Scriptura,
2705 1202 2825 1257 qua:
2864 1183 3275 1253 Primogenitum
3304 1180 3474 1233 omnis
3506 1194 3658 1232 crea-

2093 1295 2225 1338 tura:
2255 1283 2408 1337 illum
2448 1291 2605 1336 vocat
2632 1281 2694 1335 η.
2741 1278 2951 1345 Quibus
2982 1290 3222 1330 consona
3267 1283 3395 1329 sunt
3421 1288 3541 1344 qua:
3573 1288 3661 1327 vo-

2092 1373 2403 1429 calissimus
2451 1370 2652 1426 Paulus
2680 1368 2747 1423 de
2796 1368 2888 1422 illo
2917 1366 3202 1438 praedicat,
3252 1366 3324 1419 ita
3358 1365 3548 1421 dicens
3575 1365 3656 1419 ":

2095 1466 2257 1532 Quem
2281 1464 2550 1520 constituit
2579 1460 2833 1517 Itwredem
2864 1461 3223 1513 universorum
3252 1474 3380 1527 :per
3408 1474 3557 1528 quem
3581 1458 3660 1528 fe-

2094 1557 2161 1608 cit
2194 1564 2243 1609 et
2276 1555 2492 1610 swcuta.
2526 1552 2633 1608 Sed
2662 1561 2716 1608 et
2741 1551 2784 1583 "‘
2814 1552 2869 1605 in
2895 1551 3006 1620 ipso
3037 1549 3249 1604 condita
3278 1559 3399 1603 sunt
3421 1552 3662 1605 universa

2093 1647 2150 1699 in
2176 1648 2319 1701 cazlis
2346 1656 2394 1699 et
2426 1646 2484 1698 in
2520 1653 2683 1708 terra,
2720 1641 2951 1696 visibilia
2972 1651 3021 1694 et
3060 1640 3364 1705 invisibilia,
3390 1642 3493 1695 sive
3517 1643 3665 1711 prin-

411 1746 516 1801 τοῦ
557 1746 656 1801 καὶ
697 1749 784 1814 είς
811 1747 998 1802 αὐτὸν
1042 1747 1327 1802 ἐκτισταν
1364 1749 1462 1802 καὶ
1497 1750 1679 1816 αὐτός
1717 1751 1847 1805 ἐστι
1876 1753 1988 1820 πρὸ

2099 1738 2339 1807 εἱραιιιε,
2397 1738 2502 1791 sive
2560 1742 2873 1803 potestates,
2928 1733 3502 1798 sive'dominationes,
3562 1734 3681 1789 sive.

410 1837 671 1893 πάντων.

480 2013 594 2071 Vll.
639 2015 1030 2089 Ἀσεὸεστάτης
1063 2013 1155 2071 οῦν
1182 2018 1443 2091 φανείσης
1480 2018 1576 2091 τῆς
1599 2019 1658 2086 ἐξ
1701 2017 1801 2073 οὐκ
1825 2020 1992 2075 ὄντων

407 2105 738 2173 ὑποθέσεως,
771 2107 981 2180 ἀνάγκη
1020 2109 1113 2163 τὸν
1160 2110 1378 2181 Πατέρα
1416 2110 1504 2163 ἀεὶ
1545 2107 1684 2164 εἶναι
1736 2112 1989 2185 Πατέρα·

406 2195 523 2249 ἐστι
552 2196 608 2250 δὲ
633 2197 823 2270 Πατὴρ
856 2199 942 2252 ἀεὶ
975 2199 1239 2271 παρόντος
1264 2198 1360 2253 τοῦ
1393 2198 1551 2266 Υἰοῦ,
1582 2200 1649 2254 δι’
1682 2200 1741 2255 ὃν
1780 2220 1995 2275 χρημα-

405 2287 547 2353 τίζει
582 2290 773 2363 Πατήρ
800 2291 936 2364 (21).
980 2293 1090 2347 ’Δεὶ
1128 2293 1185 2346 δὲ
1236 2294 1501 2366 παρόντος
1540 2293 1688 2364 αὑτῷ
1720 2295 1812 2348 τοῦ
1840 2296 1993 2361 Υῐοῦ,

406 2381 493 2434 ἀεί
534 2382 730 2434 ἐστινὸ
783 2383 973 2455 Πατὴρ
1013 2376 1238 2449 τέλειος,
1277 2384 1567 2457 ἀνελλιπὴς
1604 2389 1887 2458 τυγχάνων
1936 2392 1995 2443 ὲν

406 2470 484 2542 τῷ
518 2471 670 2543 καλῷ
687 2488 700 2501 ·
737 2472 797 2525 οὐ
828 2473 1114 2544 χρονικῶς,
1143 2474 1262 2527 οὐδὲ
1290 2477 1354 2529 ἐκ
1382 2476 1766 2549 διαστήματος,
1789 2481 1910 2534 οὐδὲ
1936 2479 1996 2545 ἐξ

405 2563 505 2617 οὐκ
548 2563 717 2618 ὄντων
760 2565 1027 2635 γεννήσας
1074 2565 1166 2619 τὸν
1218 2568 1480 2640 μονογενῆ
1514 2569 1661 2624 Υἰόν.
1694 2571 1759 2623 Τί
1805 2570 1860 2624 δὲ
1897 2573 1996 2626 οὐκ

407 2653 621 2709 ἀνόσιον
664 2654 727 2708 τὸ
768 2655 979 2724 λέγειν,
1030 2656 1162 2709 ποτὲ
1210 2657 1284 2729 μὴ
1328 2654 1467 2712 εῖναι
1515 2659 1613 2732 τὴν
1669 2661 1870 2732 Σοφίαν
1900 2663 1995 2716 τοῦ

407 2746 565 2810 Θεοῦ,
596 2746 694 2818 τὴν
737 2746 1020 2817 λέγουσαν·
1069 2749 1218 2821 Ἐγὼ
1257 2748 1419 2819 ἤμην
1451 2754 1587 2820 παρ’
1623 2753 1784 2821 αὐτῷ
1820 2756 1998 2825 ἁρμό-

405 2834 611 2906 ζουσα,
657 2838 772 2909 ἐγὼ
818 2839 980 2910 ἥμην
1007 2835 1047 2912 ᾖ
1079 2839 1480 2911 προσέχαιρεν
1502 2861 1515 2872 ·
1553 2843 1586 2916 ἢ
1636 2845 1736 2917 τὴν
1772 2846 1997 2918 δύναμιν

404 2930 502 2985 τοῦ
553 2930 687 2993 Θεοῦ
742 2933 817 3004 μὴ
866 2933 1131 3006 ὑπάρχειν
1178 2935 1334 2988 ποτέ·
1377 2936 1410 3006 ἢ
1469 2934 1559 2990 τὸν
1610 2937 1783 3006 Λόγον
1833 2939 1996 2993 αὐτοῦ

407 3026 853 3098 ἡκρωτηριᾶσθαι
881 3026 1013 3080 ποτέ
1031 3044 1044 3057 ·
1084 3026 1119 3099 ἢ
1143 3026 1210 3081 τὰ
1244 3027 1376 3082 ἄλλα
1403 3026 1462 3092 ἐξ
1484 3021 1557 3082 ὧν
1582 3031 1611 3082 ὁ
1643 3030 1770 3096 Υἱὸς
1797 3032 1998 3105 γνωρί-

408 3119 581 3185 ζεται,
622 3120 719 3216 καὶ
752 3118 1012 3216 όᾳΠατὴρ
1053 3120 1515 3216 χαρακτηρίζεται
1536 3138 1551 3188 ;
1574 3122 1648 3176 Τὸ
1674 3124 1781 3198 γὰρ
1815 3125 1997 3181 ἀπαύ-
2025 3156 2072 3216 c

408 3227 597 3281 γασμα
623 3212 721 3283 τῆς
751 3210 909 3285 δόξης
951 3213 1026 3284 μὴ
1059 3208 1197 3267 εἶναι
1236 3214 1435 3284 λέγειν,
1466 3219 1779 3287 συναναιρεῖ
1803 3219 1898 3273 καὶ
1934 3218 1994 3272 τὸ

409 3301 763 3373 πρωτότυπον
802 3303 937 3373 φῶς,
979 3298 1040 3359 οὗ
1079 3307 1226 3358 ἐστιν
1248 3306 1612 3379 ἀπαύγασμα.
1640 3310 1706 3362 Εί
1745 3309 1802 3363 δὲ
1835 3312 1929 3365 καὶ
1960 3314 1994 3383 ἡ

410 3392 574 3446 εἰκὼν
598 3393 694 3447 τοῦ
734 3394 869 3447 Θεοῦ
901 3393 1001 3447 οὐκ
1033 3390 1101 3466 ἦν
1142 3397 1249 3464 ἀεὶ,
1279 3398 1437 3469 δῆλον
1476 3400 1560 3453 ὅτι
1590 3401 1699 3454 οὐδ’
1738 3397 1800 3457 οὗ
1849 3405 1995 3457 ἐστιν

409 3484 594 3551 εἰκὼν,
616 3485 763 3540 ἔστιν
786 3487 893 3540 ἀεί.
933 3486 1093 3546 Ἀλλά
1112 3489 1207 3543 καὶ
1230 3490 1307 3562 τῷ
1339 3492 1414 3563 μὴ
1437 3489 1573 3547 εἶναι
1619 3494 1710 3548 τὸν
1738 3497 1837 3566 τῆς
1866 3498 1997 3549 ὑπο-

412 3578 654 3643 στάσεως
694 3578 787 3632 τοῦ
825 3577 960 3632 Θεοῦ
993 3581 1335 3653 χαρακτῆρα,
1371 3588 1775 3659 συναναιρεῖται
1804 3590 1995 3642 κακεῖ-

409 3683 521 3733 νος,
545 3669 574 3721 ὁ
614 3668 829 3732 πάντως
855 3672 984 3741 παρτ
1023 3668 1186 3725 αὐτοῦ
1220 3674 1775 3748 χαρακτηριζόμενος.
1821 3678 1909 3746 Ἐξ
1930 3674 1996 3751 ἦς

411 3758 559 3813 ἔστιν
588 3759 714 3813 ἰδεῖν
741 3759 838 3832 τὴν
872 3760 1092 3834 υίότητα
1118 3764 1212 3817 τοῦ
1257 3767 1508 3839 Σωτῆρος
1538 3768 1718 3839 ἡμῶν,
1746 3770 1996 3842 οὐδεμίαν

411 3848 641 3919 ἔχουσαν
669 3849 952 3905 κοινωνίαν
980 3852 1117 3939 πρὸς
1136 3853 1233 3925 τὴν
1268 3856 1376 3910 τῶν
1402 3856 1605 3912 λοιπῶν
1635 3859 1876 3931 υἰότητα.
1903 3862 1998 3915 Ὃν

412 3941 613 4011 τρόπον
639 3940 747 4014 γὰρ
783 3944 816 4014 ἡ
856 3944 1091 4016 ἀρρητος
1135 3947 1298 4001 αὐτοῦ
1331 3948 1644 4016 ὑπόστασις,
1682 3952 1998 4024 ἀσυγκρίτῳ

414 4033 655 4107 ὑπεροχῇ
699 4034 913 4107 ἐδείχθη
960 4038 1328 4112 ὑπερκειμένη
1363 4041 1581 4096 πάντων
1630 4038 1711 4107 οἷς
1744 4044 1909 4107 αὐτὸς
1939 4046 2000 4098 τὸ

415 4122 555 4181 εἶναι
578 4128 888 4200 ἐχαρίσατο,
917 4128 1090 4195 οὕτως
1124 4133 1217 4185 καὶ
1236 4135 1269 4203 ἡ
1303 4135 1487 4206 υἱότης
1519 4134 1685 4188 αὑτοῦ
1722 4136 1866 4190 κατά
1894 4137 1978 4206 φύ-

414 4231 501 4272 σιν
520 4217 859 4289 τυγχάνουσα
878 4219 977 4291 τῆς
1009 4222 1280 4298 πατρικῆς
1312 4222 1584 4294 θεότητος,
1603 4224 1813 4296 ἀλέκτῳ
1833 4227 2002 4300 ὑπερ-

415 4313 515 4383 οχῇ
569 4311 815 4383 διαφέρει
860 4312 968 4366 τῶν
1019 4313 1086 4368 δι’
1134 4316 1303 4369 αὐτοῦ
1352 4315 1498 4369 θέσει
1559 4317 1996 4389 υἱοθετηθὲντων.

428 4404 487 4456 '0
520 4403 618 4474 μὲν
645 4401 755 4475 γὰρ
796 4403 1068 4474 ἀτρέπτου
1118 4405 1333 4476 φύσεως
1360 4411 1650 4478 τυγχάνει,
1684 4409 1886 4474 τέλειος
1926 4410 1999 4464 ὢν

2022 1812 2064 1867 Β
2098 1826 2311 1881 throni:
2340 1827 2519 1881 omnia
2558 1843 2649 1895 per
2694 1826 2860 1892 ipsum
2909 1833 3086 1877 creata
3138 1832 3301 1877 sunt:
3350 1834 3399 1877 et
3442 1824 3550 1892 ipse
3588 1833 3665 1877 est

2097 1930 2217 1975 ante
2242 1921 2440 1974 omnia.

2164 2012 2278 2069 Ἧι.
2301 2011 2540 2068 Proinde
2567 2026 2691 2066 cum
2724 2010 2969 2083 abomni
3017 2008 3218 2079 pietate
3276 2006 3664 2061 alienissimam

2096 2122 2220 2164 esse
2240 2113 2502 2178 appareat
2533 2104 2859 2160 sententiam
2889 2102 3037 2155 illam
3061 2101 3127 2155 de
3156 2115 3265 2154 non
3298 2099 3664 2159 exstantibus,

2096 2197 2411 2254 necessario
2434 2196 2723 2252 dicendum
2756 2204 2860 2260 est,
2896 2192 3111 2247 Patrem
3152 2207 3367 2262 semper
3414 2206 3538 2245 esse
3566 2188 3668 2241 Pa-

2096 2299 2256 2346 trem.
2308 2288 2469 2344 Pater
2516 2300 2698 2343 autem
2740 2294 2845 2351 est,
2876 2290 3143 2355 praesente
3172 2298 3385 2353 semper
3407 2280 3565 2346 Filio,
3598 2281 3668 2335 ob

2098 2398 2260 2455 quem
2294 2382 2498 2438 dicitur
2524 2380 2703 2436 Pater.
2750 2378 3021 2445 Quocirca
3055 2392 3178 2431 cum
3214 2391 3426 2445 semper
3455 2377 3505 2429 ei
3536 2390 3668 2444 prae-

2100 2492 2227 2532 sens
2258 2476 2329 2531 sit
2354 2473 2549 2539 Filius,
2580 2488 2793 2545 semper
2824 2482 2908 2527 est
2929 2470 3202 2542 perfectus
3231 2467 3414 2533 Pater,
3441 2470 3588 2522 nulla
3613 2484 3669 2521 re

2099 2570 2394 2627 destitutus
2424 2570 2479 2623 in
2498 2567 2781 2637 bonozqui
2799 2582 2909 2621 non
2929 2567 2982 2620 in
3006 2573 3268 2634 tempore,
3300 2578 3478 2633 neque
3498 2577 3562 2618 ex
3584 2562 3669 2615 in-

2099 2664 2581 2735 tervallo,nequee
2607 2677 2716 2716 non
2739 2660 3104 2721 exstantibus.
3125 2658 3343 2712 unicum
3364 2655 3556 2710 Filium
3582 2670 3661 2726 ge-

2100 2755 2239 2810 nuit.
2256 2753 2541 2820 Quomodo
2568 2762 2749 2806 autem
2770 2750 2994 2821 impium
3014 2764 3120 2803 non
3140 2747 3423 2812 sitdicere,
3441 2747 3669 2816 Sapien-

2101 2849 2232 2902 tiam
2247 2845 2344 2902 Dei
2376 2844 2670 2915 aliquando
2695 2858 2803 2897 non
2826 2843 3251 2911 exslitisse,quae
3266 2840 3333 2895 de
3366 2855 3425 2895 se
3454 2840 3569 2909 ipsa
3597 2840 3675 2894 ita

2100 2936 2344 3008 loquitur
2358 2936 2403 2968 ¹⁶
2426 2954 2440 2992 :
2462 2934 2571 3005 Ego
2590 2952 2736 2989 eram
2759 2935 2899 3004 apud
2917 2935 3089 3005 ipsum
3119 2943 3309 2987 cuncta
3326 2949 3635 3001 componens
3652 2947 3673 2986 :

2100 3045 2193 3100 ego
2231 3044 2380 3082 eram
2424 3027 2510 3080 cui
2560 3024 2936 3097 adgaudebat?
3003 3031 3094 3078 aut
3141 3024 3395 3080 virtutem
3434 3021 3527 3077 Dei
3578 3023 3677 3075 ali-

2101 3120 2322 3191 quando
2349 3134 2457 3173 non
2482 3118 2763 3174 exstitisse
2795 3134 2809 3170 :
2843 3123 2935 3169 aut
2964 3113 3200 3169 Verbum
3232 3114 3350 3183 ejus
3384 3113 3678 3183 aliquando

2103 3212 2276 3269 fuisse
2305 3212 2616 3267 mutilatum
2657 3229 2669 3264 :
2696 3216 2789 3263 aut
2828 3209 2930 3263 alia
2969 3207 3295 3278 quandoque
3322 3206 3586 3271 defuisse,
3610 3221 3678 3261 ex

2105 3305 2304 3377 quibus
2344 3302 2519 3358 Filius
2554 3301 2904 3377 cognoscitur
2934 3309 2987 3355 et
3041 3298 3201 3353 Pater
3243 3298 3598 3369 designatur?
3628 3296 3680 3352 ls

2103 3376 2248 3455 enim
2280 3399 2373 3468 qui
2406 3401 2568 3465 negat
2611 3376 2960 3464 splendorem
2988 3391 3174 3461 gloria:
3198 3390 3483 3455 exsistere,
3515 3390 3682 3443 simul

2103 3489 2247 3545 tollit
2283 3489 2622 3560 primitivum
2660 3487 2842 3540 lumen
2888 3483 3047 3553 cujus
3093 3490 3177 3537 est
3226 3481 3501 3551 splendor.
3537 3480 3602 3533 Et
3632 3481 3681 3536 si

2105 3582 2283 3652 imago
2311 3580 2404 3636 Dei
2429 3596 2654 3650 semper
2682 3577 2940 3642 nonfuit,
2960 3591 3061 3631 nec
3083 3576 3234 3630 illum
3265 3589 3481 3644 semper
3508 3573 3681 3629 fuisse

2106 3675 2277 3745 liquet
2318 3674 2478 3744 cujus
2522 3672 2702 3743 imago
2735 3678 2840 3727 est.
2883 3669 3126 3739 Denique
3169 3668 3418 3739 negando
3452 3666 3680 3738 ﬁguram

2107 3766 2427 3822 substantia:
2479 3764 2575 3820 Dei
2614 3778 2827 3833 semper
2878 3762 3079 3827 fuisse,
3115 3761 3280 3815 simul
3334 3760 3543 3813 tollitur
3591 3759 3682 3813 ille

2107 3857 2200 3928 qui
2237 3856 2480 3929 perfecte
2514 3858 2583 3913 ab
2629 3872 2693 3911 eo
2727 3856 3072 3925 exprimitur.
3106 3854 3181 3907 Ex
3221 3869 3331 3925 quo
3374 3854 3499 3907 licet
3529 3868 3681 3922 pers-

2108 3952 2315 4023 picere,
2351 3949 2664 4005 liliationem
2699 3946 3006 4004 Servatoris
3040 3948 3214 4002 nostri
3273 3945 3409 4000 nihil
3457 3961 3681 4015 prorsus

2106 4043 2310 4097 habere
2335 4058 2626 4097 commune
2654 4056 2778 4094 cum
2824 4041 3161 4109 reliquorum
3215 4037 3494 4092 ﬁliatione.
3548 4035 3681 4089 Nam

2107 4135 2568 4207 quemadmodum
2641 4134 3075 4203 inexplicabilem
3130 4132 3249 4201 ejus
3319 4132 3680 4185 substantiam

2109 4227 2524 4297 incomparabili
2575 4224 2897 4279 excellentia
2957 4230 3220 4293 praestare
3269 4229 3547 4275 ostensum
3600 4229 3684 4275 es‘t

2108 4320 2337 4391 reliquis
2366 4318 2624 4372 omnibus
2660 4316 2861 4386 quibus
2891 4316 2981 4370 ille
3010 4314 3303 4369 essentiam
3347 4312 3567 4377 tribuit;
3603 4312 3685 4367 sic

2108 4423 2162 4471 et
2199 4415 2322 4484 ejus
2359 4413 2571 4475 liliatio,
2602 4426 2726 4481 quae
2750 4411 2906 4479 juxta
2941 4417 3191 4463 naturam
3223 4415 3307 4461 est
3336 4414 3574 4476 paternae
3602 4406 3686 4460 di-

417 4496 513 4552 καὶ
543 4496 632 4551 διά
666 4497 883 4552 πάντων
907 4500 1158 4572 ἀνενδεής
1183 4518 1196 4531 ·
1232 4503 1281 4555 οἱ
1309 4503 1387 4567 δὲ,
1421 4506 1487 4575 τῇ
1512 4504 1593 4567 είς
1623 4505 1860 4577 ἑκάτερα
1878 4523 1996 4577 τρο-

2104 4504 2373 4569 vinitatis,
2400 4502 2661 4558 ineffabili
2691 4502 2927 4572 quadam
2954 4501 3270 4571 praestantia
3302 4508 3525 4568 superat
3547 4498 3686 4552 ﬁlia-

418 4590 493 4660 πῇ
522 4586 891 4657 ὑποκείμενοι,
923 4588 1023 4659 τῆς
1075 4591 1225 4662 παρὰ
1259 4593 1448 4646 τούτου
1491 4592 1740 4666 βοηθείας
1771 4596 2000 4650 δέονται.

418 4680 484 4733 Τί
519 4678 631 4752 γὰρ
651 4677 718 4733 ἂν
748 4679 843 4732 καὶ
870 4680 1140 4751 προκόψαι
1171 4682 1283 4755 ἔχοι
1308 4687 1342 4757 ἡ
1371 4685 1465 4739 τοῦ
1497 4686 1633 4740 Θεοῦ
1664 4688 1844 4758 σοφία,
1878 4689 1913 4761 ἢ
1951 4690 2004 4743 τί

418 4769 746 4844 προσλαϐεῖν
775 4771 808 4841 ὴ
850 4770 1229 4844 αὑτοαλήθεια,
1260 4776 1295 4848 ἢ
1334 4778 1363 4829 ὁ
1391 4776 1524 4841 Θεὸς
1548 4779 1755 4849 Λόγος;
1783 4779 1909 4845 Πῶς
1936 4780 2005 4834 ἂν

420 4855 533 4929 ἔχοι
577 4856 931 4929 βελτιωθῆναι
980 4860 1015 4931 ἡ
1074 4860 1208 4933 ζωὴ,
1237 4864 1300 4917 τὸ
1353 4864 1605 4937 ἀληθινὸν
1660 4869 1805 4939 φῶς;
1839 4871 1904 4924 Εἰ
1949 4869 2006 4924 δὲ

418 4951 596 5017 τοῦτο,
626 4949 780 5021 πόσῳ
812 4948 974 5003 πλέον
1006 4951 1271 5021 ἀφύσικον
1310 4957 1587 5029 τυγχάνει,
1627 4961 1840 5032 μωρίας
1873 4962 2004 5014 ποτὲ

421 5041 673 5117 δεκτικὴν
705 5042 958 5115 γενέσθαι
987 5045 1086 5117 τὴν
1117 5047 1329 5117 σοφίαν,
1362 5050 1395 5122 ἢ
1427 5052 1524 5123 τὴν
1548 5052 1641 5106 τοῦ
1671 5051 1807 5107 Θεοῦ
1843 5053 2003 5108 δύνα-

426 5154 517 5208 μιν
540 5138 792 5213 ἀσθενείᾳ
810 5140 1244 5213 προσπλακῆναι,
1267 5144 1300 5216 ἢ
1325 5142 1519 5217 ἀλογίᾳ
1538 5146 1630 5201 τὸν
1651 5146 1809 5216 λόγον
1836 5148 2007 5219 ἀμαυ-

426 5229 681 5301 ρωθῆναι,
715 5228 749 5304 ἢ
788 5231 867 5304 τῷ
906 5232 1142 5305 ἀληθινῷ
1186 5234 1325 5303 φωτὶ
1378 5236 1733 5309 ἐπιμιχθῆναι
1780 5240 2002 5305 σκότος;

422 5320 517 5373 τοῦ
552 5322 649 5391 μὲν
686 5325 1010 5382 Ἀποστὸλου
1040 5328 1266 5384 αὐτόθεν
1288 5329 1534 5401 λέγοντος
1554 5351 1567 5364 ·
1605 5334 1702 5399 Τίς
1726 5337 2005 5390 κοινωνία

2108 4600 2313 4654 tionem
2341 4611 2531 4651 eorum
2564 4595 2660 4665 qui
2708 4610 2806 4663 per
2853 4594 3031 4663 ipsum
3086 4590 3328 4660 adoptati
3394 4598 3521 4644 sunt
3567 4590 3682 4643 lilii.

2106 4691 2243 4745 Nam
2270 4691 2388 4759 ipse
2427 4689 2649 4759 quidem
2701 4686 3061 4741 immutabilis
3105 4692 3189 4740 est
3242 4690 3476 4747 naturae,
3516 4683 3686 4737 unde-

2108 4797 2325 4851 cunque
2378 4780 2694 4850 perfeetus,
2750 4793 2854 4833 nec
2895 4777 3063 4831 ullius
3112 4776 3193 4830 rei
3254 4775 3503 4844 indigens
3553 4791 3567 4828 :
3632 4773 3686 4825 hi

2110 4889 2259 4931 vero,
2283 4884 2407 4925 cum
2458 4871 2743 4925 mutationi
2782 4871 2839 4924 in
2874 4878 3166 4939 utramque
3198 4882 3409 4938 partem
3449 4867 3561 4921 sint
3588 4866 3685 4920 οι),

2112 4964 2283 5030 noxii,
2314 4978 2454 5033 opus
2489 4962 2691 5018 habent
2720 4963 2872 5018 illius
2901 4962 3124 5015 auxilio.
3162 4960 3337 5026 Quem
3383 4959 3528 5014 enim
3561 4973 3684 5027 pro-

2112 5055 2316 5111 fectum
2348 5054 2529 5110 facere
2556 5062 2737 5125 potest
2764 5053 2859 5108 Dei
2888 5054 3195 5123 sapientia?
3219 5050 3375 5119 Quod
3424 5066 3684 5120 augmen-

2112 5159 2228 5203 tum
2261 5147 2513 5217 accipere
2543 5152 2726 5217 potest
2762 5146 2881 5215 ipsa
2915 5145 3120 5200 veritas
3150 5152 3205 5198 et
3233 5142 3378 5197 Deus
3410 5140 3686 5196 Verbum?

2113 5241 2230 5308 Qua
2268 5240 2482 5295 ratione
2513 5239 2707 5294 melior
2761 5238 2876 5294 fieri
2925 5238 3099 5308 possit
3139 5236 3249 5291 vita
3300 5244 3353 5290 et
3392 5235 3486 5288 lux
3520 5234 3689 5292 vera?

2113 5332 2270 5401 Quod
2305 5332 2351 5387 si
2382 5332 2453 5385 ita
2488 5346 2549 5386 se
2586 5330 2770 5393 habet,
2812 5336 3015 5400 quanto
3065 5325 3360 5383 absurdius
3383 5331 3487 5390 est,
3520 5332 3580 5378 ut
3598 5340 3686 5380 sa-

533 5482 576 5514 “
610 5480 777 5537 Eceti.
816 5499 976 5551 xxiv,
1007 5485 1062 5540 5.
1144 5487 1188 5519 "
1221 5485 1429 5543 Coloss.
1473 5504 1513 5554 ι,
1548 5489 1635 5557 15;
1659 5486 1820 5544 Hebr.
1840 5493 1949 5557 1,2.
1992 5490 2035 5522 "
2069 5488 2278 5549 Coloss.
2310 5506 2349 5555 l,
2384 5487 2473 5554 16,
2512 5488 2599 5541 17.
2680 5486 2722 5517 ’⁵
2760 5484 2916 5539 Prov.
2951 5499 3069 5549 νιιι,
3097 5483 3184 5538 50.

655 5615 1039 5703 Ἀδιανόητον
1081 5623 1212 5694 γάρ.
1239 5620 1319 5703 _ln
1354 5624 1544 5703 codice
1578 5623 1776 5703 Leonis
1817 5625 1999 5703 Allatii

426 5690 699 5772 scriptum
723 5696 808 5772 est
835 5690 1268 5772 avdchv,_'quod_
1292 5696 1688 5772 magis_probo._
1720 5697 1895 5765 Atque
1920 5699 1999 5772 ita

423 5757 555 5837 legit
605 5757 966 5837 Epiphanius
997 5757 1411 5820 Sc'luilaslicus.‘
1462 5757 1552 5820 Sic
1602 5768 1749 5822 enim
1799 5757 1997 5823 {'ertit:

428 5825 667 5883 Stultum
689 5825 770 5884 est
798 5832 959 5898 enim,
988 5844 1037 5888 et
1070 5838 1214 5891 omni
1242 5845 1451 5904 peccato
1475 5840 1709 5909 plenum,
1738 5845 1844 5893 etc.

2180 5624 2293 5749 (212
2326 5627 2389 5678 Δι
2441 5624 2472 5677 ὃ
2501 5622 2837 5693 χρηματίζει
2865 5622 3085 5689 Πατήρ.
3120 5620 3177 5673 In
3196 5618 3572 5688 manuscripto
3592 5632 3687 5674 co-

2180 5711 2229 5749 :e
2300 5696 2492 5749 lenrici
2537 5696 2725 5747 Savilii
2764 5695 2959 5749 legitur
2989 5694 3054 5747 δι’
3088 5694 3166 5749 ὃν.
3199 5690 3474 5749 qumuodo
3520 5690 3687 5744 etiam

2108 5690 2229 5750 dice
2275 5690 2725 5750 llenrici'Sarilii
2764 5695 2959 5764 legitur
2989 5694 3166 5764 6t"6v,
3199 5690 3474 5764 quomodo
3518 5690 3687 5764 etiam

2108 5768 2239 5835 legit
2268 5766 2604 5837 Epiphanius
2622 5759 3032 5837 Sehﬂulasticus.
3071 5762 3130 5819 In
3157 5759 3305 5835 regio
3330 5760 3378 5816 J.
3414 5759 3533 5816 Pini
3560 5761 3684 5816 cod.

2110 5833 2582 5908 scriptum—inveni
2610 5836 2676 5889 δι’
2711 5833 2789 5894 οὗ.
