4132 6424
398 373 496 428 561

1808 371 2184 428 ΕΡΙδΤΟιΔ-Σ.

3559 388 3656 443 562

396 489 653 560 φορτικὸν
674 484 810 543 εῖναι
837 489 1085 560 νομίσας,
1109 490 1196 544 διὰ
1220 489 1478 543 πλειόνων
1493 489 1840 554 διδασκάλους
1860 491 1966 562 όμό

2089 499 2340 552 consulto
2395 504 2677 566 praetereo,
2731 499 2929 568 quippe
2977 500 3069 569 qui
3120 499 3490 572 importunum
3535 522 3656 563 esse

396 597 599 650 φρονας
624 580 1082 652 ὑπομιμνήσκειν.
1111 579 1275 632 Αὐτοὶ
1323 579 1436 650 γὰρ
1473 577 1800 633 θεοδίδακτοί
1836 580 1980 645 ἐστε,

392 673 496 726 οὐκ
524 672 844 740 ἀγνοοῦντες
859 673 942 726 ὅτι
977 673 1010 742 ἡ
1048 671 1273 742 ἔναγχος
1305 673 1657 724 ἐπαναστᾶσα
1691 673 1758 742 τῇ
1788 671 1984 742 ἐκκλη-

398 767 650 835 σιαστικῇ
701 764 950 836 εὐσεϐείᾳ
1001 763 1347 828 διδασκαλία,
1417 762 1668 826 Ἐϐίωνός
1718 765 1832 816 ἐστι
1890 764 1984 816 καὶ

409 855 664 926 Ἀρτεμᾶ,
690 855 781 908 καὶ
808 855 968 924 ζῆλος
995 854 1087 908 τοῦ
1113 853 1252 908 κατά
1290 853 1622 924 Ἀντιόχειαν
1645 853 1858 906 Παύλου
1885 853 1980 906 τοῦ

395 946 775 1015 Σαμοσατέως,
813 948 1014 1017 συνόδῳ
1049 946 1143 1000 καὶ
1177 946 1355 1019 κρίσει
1385 946 1494 998 τῶν
1528 944 1840 1015 ἅπανταχοῦ
1863 947 1982 998 ἐπι-

395 1040 614 1092 σκόπων
652 1040 1131 1110 ἀποκηρυχθέντος
1165 1040 1267 1110 τῆς
1305 1038 1634 1109 Ἐκκλησίας
1656 1055 1668 1068 ⁸
1720 1037 1778 1092 ὃν
1807 1038 1981 1091 διαδε-

394 1129 624 1201 ξάμενος
651 1131 965 1195 Λουκιανὸς,
995 1132 1422 1200 ἀποσυνάγωγος
1453 1130 1634 1200 ἔμεινε
1669 1129 1834 1201 τριῶν
1862 1130 1981 1183 ἐπι-

393 1223 610 1276 σκόπων
639 1220 752 1293 (24)
797 1222 1074 1286 πολυετεῖς
1128 1223 1373 1294 χρόνους.
1445 1218 1547 1275 Ὧν
1589 1221 1689 1292 τῆς
1728 1222 1980 1287 ἀσεϐείας

394 1315 490 1386 τὴν
538 1314 716 1386 τρύγα
744 1315 1136 1386 ἐρῤοφηκότες,
1169 1315 1265 1368 νῦν
1311 1316 1442 1386 ἡμῖν
1470 1317 1519 1368 οἱ
1562 1313 1621 1379 ἐξ
1666 1315 1766 1367 οὐκ
1811 1315 1980 1368 ὄντων

394 1410 742 1480 ἐπεφύησαν,
797 1409 865 1462 τὰ
905 1409 1129 1462 ἐκείνων
1183 1408 1544 1480 κεκρυμμένα
1601 1407 1976 1480 μοσχεύματα,

398 1499 612 1572 Ἀρειός
643 1517 704 1554 τε
745 1499 841 1553 καὶ
878 1500 1144 1570 Ἀχιλλᾶς,
1176 1499 1268 1554 καὶ
1309 1500 1342 1570 ἡ
1381 1500 1489 1553 τῶν
1527 1500 1624 1554 σὺν
1668 1500 1851 1564 αὐτοῖς
1881 1518 1978 1554 πο-

395 1594 771 1665 νηρευομένων
822 1592 1056 1656 σύνοδος.
1100 1593 1211 1646 Καὶ
1258 1592 1359 1646 οὐκ
1398 1588 1492 1646 οἷδ’
1538 1593 1686 1656 ὅπως
1728 1595 1786 1646 ἐν
1809 1594 1980 1666 Συρίᾳ

395 1685 858 1758 χειροτονηθέντες
902 1683 1190 1737 ἐπίσκοποι
1220 1687 1369 1755 τρεῖς
1391 1684 1504 1755 (25)
1537 1685 1627 1738 διὰ
1665 1683 1760 1738 τού
1797 1702 1980 1739 συναι-

395 1782 502 1832 νεῖν
534 1779 738 1843 αὐτοῖς,
783 1779 878 1830 ἐπὶ
921 1777 982 1831 τὸ
1027 1780 1207 1849 χεῖρον
1239 1777 1633 1832 ὐπεκκαίουσι·
1678 1778 1808 1849 περὶ
1840 1771 1974 1848 ὦνὴ

2087 586 2306 655 ducam,
2342 589 2597 645 doctores
2627 592 2720 661 qui
2763 592 3053 647 nobiscum
3074 595 3448 664 consentiunt,
3484 599 3654 668 pluri-

2085 680 2189 736 bus
2221 681 2537 739 admonere.
2575 684 2682 754 Ipsi
2739 686 2885 739 enim
2939 701 2970 739 a
3022 685 3132 742 Deo
3163 687 3312 742 docti
3355 691 3526 747 estis:
3559 710 3655 749 nec

2083 771 2372 842 ignoratis,
2408 787 2530 827 eam
2560 775 2868 829 doctrinam
2918 791 3040 846 quae
3089 776 3352 832 adversus
3399 780 3655 836 ecclesia-

2083 863 2279 918 sticam
2314 865 2572 934 pietatem
2615 881 2790 935 nuper
2829 876 2993 937 caput
3021 868 3234 932 extulit,
3267 867 3490 926 Ebionis
3535 887 3656 928 esse

2082 960 2136 1008 et
2163 953 2400 1009 Artemae
2425 973 2439 1010 :
2471 971 2571 1010 nec
2594 956 2742 1010 aliud
2773 972 2916 1023 esse,
2937 973 3101 1027 quam
3124 958 3481 1015 imitationem
3501 959 3654 1016 Pauli

2085 1041 2452 1112 Samosateni,
2482 1045 2788 1101 Antiochiae
2819 1047 3087 1118 episcopi,
3130 1051 3224 1119 qui
3259 1050 3502 1105 omnium
3536 1052 3656 1107 ubi-

2082 1150 2190 1205 que
2224 1137 2610 1208 episcopornm
2661 1139 2896 1194 concilio
2938 1154 3002 1194 ac
3051 1139 3260 1209 judicio
3299 1141 3368 1197 ab
3412 1140 3654 1198 Ecclesia

2082 1235 2329 1285 remotus
2360 1238 2466 1285 est.
2497 1229 2601 1285 Cui
2636 1230 2936 1288 succedens
2964 1231 3261 1299 Lucianus,
3285 1233 3533 1303 pluribus
3566 1250 3655 1290 an-

2081 1319 2168 1376 nis
2191 1335 2221 1374 a
2252 1323 2635 1376 communione
2657 1322 2822 1376 trium
2847 1322 3226 1393 episcoporum
3245 1341 3366 1380 sese
3382 1326 3649 1396 abjunxit.

2081 1407 2290 1465 Horum
2348 1413 2644 1482 impietatis
2694 1412 2881 1469 faecem
2916 1429 3040 1469 cum
3097 1415 3431 1482 hausissent,
3479 1433 3654 1489 nuper

2080 1502 2242 1558 nobis
2277 1504 2382 1558 orti
2405 1513 2533 1559 sunt
2563 1505 2880 1571 Exucontii,
2899 1507 3114 1562 occulta
3145 1508 3362 1563 illorqu
3384 1512 3650 1580 germina,

2080 1595 2246 1652 Arius
2277 1597 2488 1652 scilicet
2517 1606 2571 1653 et
2599 1597 2866 1666 Achillas,
2889 1606 2944 1652 et
2973 1599 3182 1669 reliqua
3213 1601 3504 1670 impiorum
3530 1604 3652 1659 istis

2081 1691 2474 1746 adhaerentium
2522 1693 2700 1746 turba.
2750 1693 2828 1747 Ac
2877 1694 3064 1749 nescio
3089 1709 3199 1764 quo
3225 1695 3389 1750 modo
3418 1696 3650 1752 ordinati

2083 1778 2137 1832 in
2171 1777 2328 1850 Syria
2353 1789 2464 1835 tres
2488 1781 2752 1852 episcopi,
2777 1783 2885 1838 illis
2905 1784 3316 1850 consentiendo,
3339 1801 3436 1841 eos
3464 1785 3532 1841 ad
3561 1803 3653 1857 pe-

399 1871 567 1942 ιρίσις
609 1869 994 1922 ὐπανακείσθω
1023 1869 1133 1940 (26)
1158 1872 1224 1940 τῇ
1276 1867 1518 1940 ὑμετέρᾳ
1563 1868 1878 1940 δοκιμασίᾳ.
1912 1870 1966 1923 Oi

2078 1871 2200 1940 jora
2230 1871 2479 1926 incitant.
2513 1871 2755 1939 Quorum
2783 1873 3049 1945 judicium
3088 1885 3272 1932 vestro
3295 1879 3532 1933 examini
3560 1895 3651 1935 re-

395 1965 486 2029 τάς
518 1965 617 2036 μὲν
653 1965 748 2018 τοῦ
797 1964 1068 2035 σωτηρίου
1100 1963 1323 2028 πάθους,
1372 1961 1756 2026 ταπεινώσεως
1790 1980 1848 2016 τε
1879 1965 1974 2016 καὶ

399 2056 674 2121 (ενώσεως
707 2058 800 2112 καὶ
829 2058 926 2128 τῆς
970 2057 1309 2126 καλουμένης
1333 2055 1500 2110 αὐτοῦ
1531 2057 1834 2126 πτωχείας,
1881 2058 1974 2111 καὶ

397 2145 464 2203 ὧν
493 2151 818 2220 ἐπικτήτους
865 2152 893 2202 ό
923 2148 1114 2220 Σωτὴρ
1149 2148 1216 2201 δι’
1243 2149 1389 2219 ἡμᾶς
1436 2147 1722 2212 ἀνεδέξατο
1765 2148 1970 2217 φωνὰς,

394 2241 475 2295 διὰ
509 2243 730 2313 μνήμης
775 2241 1020 2312 ἔχοντες,
1069 2240 1458 2313 παρατίθενται
1491 2239 1584 2292 ἐπὶ
1637 2243 1970 2312 παραγραφῇ

392 2333 485 2404 τῆς
533 2332 792 2386 ἀνωτάτω
829 2333 923 2386 καὶ
972 2332 1209 2404 ἀρχῆθεν
1246 2331 1413 2386 αὐτοῦ
1457 2331 1728 2402 θεότητος.
1766 2331 1886 2384 Τῶν
1915 2332 1972 2385 δὲ

392 2427 483 2496 τῆς
516 2425 753 2496 φυσικῆς
793 2424 958 2478 αὐτοῦ
982 2425 1140 2495 δόξης
1161 2442 1220 2478 τε
1252 2425 1346 2478 καὶ
1391 2424 1670 2492 εὐγενείας
1699 2424 1792 2477 καὶ
1819 2425 1969 2495 παρὰ

391 2515 462 2588 τῷ
483 2517 595 2568 Πατ
604 2516 656 2586 ρ).
681 2515 846 2586 μονῆς
873 2515 1222 2586 σημαντικῶν
1240 2514 1413 2583 λόγων
1433 2513 1794 2583 ἐπιλήσμονες
1822 2512 1972 2580 γεγό-

393 2625 572 2663 δασινο
620 2603 730 2662 οἷόν
767 2607 986 2673 ἐστιτὸ,
1029 2607 1176 2678 Ἐγὼ
1219 2608 1375 2663 καὶό
1401 2608 1610 2677 Πατὴρ
1657 2608 1726 2661 ἓν
1758 2608 1964 2677 ἐσμεν.

384 2704 564 2774 Ὅπερ
580 2702 744 2772 φησὶν
766 2705 794 2755 ό
810 2701 1033 2772 Κύριος,
1055 2703 1116 2754 οὐ
1146 2701 1363 2774 Πατέρα
1379 2701 1570 2755 ἐαυτὸν
1598 2701 1964 2774 ἀναγορεύων,

390 2793 505 2847 )ὐδὲ
535 2794 634 2857 τὰς
663 2797 729 2865 τῇ
783 2795 1077 2849 ὑποστάσει
1129 2794 1220 2847 δύο
1279 2793 1471 2863 φύσεις
1507 2793 1619 2865 (27)
1659 2793 1786 2865 μίαν
1827 2789 1967 2848 εἶναι

387 2885 723 2958 σαφηνίζων’
757 2886 871 2940 ἀλλ’
900 2889 982 2940 ὅτι
1027 2887 1126 2958 τὴν
1158 2885 1428 2958 πατρικὴν
1471 2885 1770 2958 ἐμφέρειαν
1811 2887 1968 2958 ἀκρι-

386 2978 495 3043 ϐῶς
545 2980 754 3049 πέφυκε
811 2979 1003 3044 σώζειν
1041 2982 1070 3034 ό
1101 2980 1225 3043 Υἱὸς
1269 2979 1364 3033 τοῦ
1409 2979 1650 3050 Πατρὸς,
1681 2980 1782 3051 τὴν
1825 2981 1966 3034 κατά

386 3069 562 3124 πάντα
608 3070 900 3141 ὁμοιότητα
943 3069 1109 3122 αὐτοῦ
1141 3071 1206 3122 ἐκ
1250 3069 1464 3138 φύσεως
1511 3069 1962 3142 ἁπομαξάμενος,

387 3158 479 3212 καὶ
510 3158 924 3230 ἀπαράλλακτος
951 3158 1116 3213 εἰκὼν
1151 3158 1244 3212 τοῦ
1286 3158 1500 3229 Πατρδς
1533 3160 1836 3229 τυγχάνων,
1872 3163 1966 3214 καὶ

2082 1972 2350 2021 servetur.
2387 1963 2492 2031 Qui
2526 1966 2788 2022 salutaris
2827 1969 3099 2038 passionis
3131 1978 3186 2023 et
3219 1969 3540 2039 abjectionis
3569 1983 3651 2025 at-

2083 2072 2187 2127 que
2204 2057 2592 2114 exinanitionis
2614 2067 2668 2113 et
2687 2061 3020 2130 paupertatis
3039 2077 3198 2131 quam
3221 2071 3436 2128 vocant,
3459 2079 3649 2118 eorum

2081 2147 2316 2218 denique
2347 2150 2594 2204 omnium
2618 2165 2738 2220 quae
2770 2149 3027 2206 Servator
3052 2162 3236 2207 nostra
3266 2168 3432 2208 causa
3463 2168 3648 2208 susce-

2079 2239 2180 2308 pit,
2215 2238 2486 2294 ascititias
2517 2254 2680 2296 voces
2709 2242 2971 2296 memoria
2999 2244 3315 2310 retinentes,
3337 2260 3430 2300 eas
3451 2243 3519 2298 ad
3551 2261 3646 2300 su-

2079 2345 2326 2399 premam
2350 2338 2722 2402 azternamque
2749 2332 2897 2388 illius
2923 2333 3262 2390 divinitatem
3299 2333 3658 2390 refellendam.

2080 2421 2334 2477 afferunt.
2383 2421 2582 2478 Eorum
2636 2433 2816 2479 autem
2845 2427 3134 2480 verborum
3175 2442 3296 2496 quae
3346 2428 3662 2482 naturalem.

2077 2514 2196 2584 ejus
2219 2515 2445 2585 gloriam
2473 2530 2538 2570 ac
2571 2515 2910 2572 nobilitatem
2951 2527 3006 2573 et
3052 2517 3194 2588 apud
3237 2517 3450 2574 Patrem
3491 2534 3647 2574 man-

2077 2606 2288 2663 sionem
2313 2607 2620 2678 designant,
2639 2623 2866 2678 prorsus
2897 2610 3244 2666 immemores
3273 2618 3418 2666 sunt.
3451 2610 3650 2680 Cujus-

2076 2700 2223 2755 modi
2245 2707 2330 2754 est
2363 2700 2494 2754 illud
2515 2701 2560 2731 "
2597 2721 2609 2756 :
2644 2700 2757 2772 Ego
2781 2711 2830 2755 et
2868 2700 3050 2766 Pater,
3075 2718 3236 2756 unum
3265 2720 3468 2758 sumus.
3492 2703 3648 2770 Quod

2074 2794 2294 2864 quidem
2347 2792 2609 2850 Dominus
2656 2794 2808 2859 dicit,
2831 2810 2940 2849 non
2995 2811 3104 2866 quo
3134 2811 3193 2851 se
3222 2796 3400 2866 ipsum
3430 2796 3665 2853 Patrem.

2074 2885 2370 2951 renuntiet,
2407 2899 2506 2940 nec
2553 2901 2664 2956 quo
2716 2884 2856 2942 duas
2889 2901 3158 2956 personas
3186 2901 3351 2940 unam
3384 2902 3507 2942 esse
3551 2888 3648 2942 de-

2074 2987 2379 3046 monstret;
2429 2978 2525 3033 sed
2575 2977 2832 3048 quoniam
2881 2977 3058 3034 Patris
3113 2977 3284 3036 Filius
3335 2994 3647 3049 expressam

2073 3070 2258 3127 Patris
2288 3070 2708 3127 similitudinem
2732 3071 3083 3126 exactissime
3101 3080 3301 3136 servat,
3328 3072 3532 3142 quippe
3555 3071 3661 3140 qui:

2072 3162 2441 3217 omnimodam
2487 3162 2608 3233 ejus
2652 3161 3059 3219 similitudinem
3111 3177 3142 3215 a
3187 3169 3382 3218 natura
3415 3163 3649 3232 impres-

387 3249 476 3302 τοῦ
523 3223 879 3322 πρωτοτύπου
935 3250 1169 3314 ἐκτυπος
1217 3223 1524 3321 χαρακτήρ.
1752 3223 1846 3304 κα).
1889 3251 1966 3322 τῷ

2071 3269 2188 3307 sam
2219 3254 2439 3319 habeat,
2477 3223 2658 3324 sitque
2688 3256 2866 3324 imago
2883 3253 3060 3308 Patris
3093 3253 3242 3307 nulla
3269 3257 3323 3308 in
3355 3269 3416 3310 re
3440 3223 3648 3310 discre-

384 3344 682 3413 τηνικαῦτα
711 3343 960 3397 ποθοῦντι
986 3343 1110 3396 ἰδεῖν
1141 3343 1392 3412 Φιλίππῳ
1430 3341 1676 3411 ἀφθόνως
1705 3344 1734 3397 ὁ
1764 3344 1967 3415 Κύριος

385 3435 693 3506 ἐμφανίζει,
729 3434 866 3505 πρὸς
909 3435 968 3487 ὃν
1001 3434 1226 3501 λέγοντα
1249 3451 1262 3462 ·
1301 3433 1508 3497 Δεῖξον
1549 3435 1694 3502 ἡμῖν
1721 3436 1829 3488 τὸν
1848 3439 1966 3489 Πα-

386 3524 544 3593 τέρα,
575 3524 756 3593 λέγει’
797 3527 861 3579 '0
885 3524 1156 3594 ἐωρακιέος
1177 3523 1302 3594 ἐμὲ,
1323 3523 1544 3592 ἑώρακε
1562 3524 1672 3578 τὸν
1694 3526 1926 3594 Πατέρα
1945 3545 1958 3557 ·

383 3615 571 3688 ῶσπερ
598 3617 666 3669 δι’
711 3617 974 3688 ἐσόπτρου
1009 3615 1342 3688 ἀκηλιδώτου
1380 3615 1474 3668 καὶΙ
1520 3615 1764 3686 ἐμψύχου
1813 3616 1961 3682 θείας

383 3709 607 3772 εἰκόνος,
643 3709 807 3762 αὐτοῦ
841 3709 1216 3781 θεωρουμένου
1254 3707 1350 3762 τοῦ
1384 3707 1615 3779 Πατρός.
1652 3704 1752 3762 Ὧν
1779 3711 1962 3781 ὅμοιον

384 3803 442 3854 ἐν
471 3802 723 3872 Ψαλμοῖς
759 3803 808 3855 οἱ
845 3802 1134 3871 ἀγιώτατοί
1179 3819 1372 3871 φασινο
1422 3802 1525 3854 Ἐν
1555 3797 1633 3864 τῷ
1655 3803 1805 3868 φωτί
1847 3818 1963 3857 σου

492 3960 536 3989 ’⁸
565 3957 728 4014 Joan.
768 3975 823 4023 χ,
861 3959 949 4014 50.
1029 3957 1260 4012 "Joan.
1303 3974 1416 4023 xw,
1446 3961 1502 4022 8,
1539 3959 1591 4013 9.

453 4137 566 4208 (24)
612 4137 1098 4208 Ἄποσυνάγωγος
1137 4139 1331 4208 ἔμεινε
1374 4137 1551 4206 τριῶν
1589 4138 1958 4191 ἐπισκόπων.

385 4207 557 4279 Hujus
579 4209 731 4262 verbi
752 4212 859 4262 vim
886 4207 1408 4264 nonintellexerunt
1436 4211 1781 4278 interpretes.
1809 4208 1959 4275 Quos

382 4285 604 4334 secutus
635 4279 902 4334 Baronius
933 4279 999 4334 ad
1032 4295 1232 4334 annum
1268 4279 1386 4348 518¹
1412 4281 1624 4342 scribit,
1659 4279 1960 4333 anianum

383 4365 412 4402 a
442 4349 618 4404 tribus
650 4350 927 4419 episcopis
959 4350 1064 4404 sibi
1099 4352 1358 4405 continue
1388 4350 1829 4414 succedentibus,
1856 4349 1957 4402 Ec-

383 4419 552 4490 clesia
581 4420 816 4490 ejectum
853 4419 1060 4490 fuisse:
1081 4420 1247 4490 Atqui
1277 4437 1388 4474 non
1423 4420 1526 4474 hoc
1555 4420 1690 4474 dicit
1719 4421 1956 4473 Alexan-

381 4489 501 4550 der,
535 4487 629 4544 sed
681 4499 892 4543 tantum
935 4491 1012 4543 ait
1039 4487 1339 4545 Lucianum
1393 4491 1633 4545 schisma
1673 4490 1864 4545 fecisse
1902 4491 1958 4542 in

385 4558 740 4630 Antiochensi
767 4559 1032 4630 Ecclesia,
1061 4570 1115 4614 et
1147 4561 1252 4616 sub
1280 4560 1458 4615 tribus
1483 4561 1756 4630 episc0pis
1785 4561 1964 4614 conti-

385 4645 489 4684 nue
510 4629 615 4685 sibi
646 4629 1069 4685 succedentibus
1091 4631 1349 4687 collectas
1365 4629 1612 4686 seorsum
1631 4631 1957 4697 celebrasse.

385 4697 438 4770 Id
485 4699 630 4754 enim
657 4698 948 4770 _signi[icat
996 4717 1103 4756 vox
1144 4701 1598 4770 ἀποσυνάγωγος..
1624 4701 1810 4769 Itaque
1833 4699 1960 4770 Epio

385 4769 616 4837 phanius
650 4767 1028 4825 Scholasticus
1071 4786 1182 4826 non
1224 4775 1365 4826 male
1400 4767 1544 4824 hunc
1574 4767 1749 4824 locum
1793 4767 1961 4824 inter-

385 4847 626 4908 pretatus
678 4849 764 4910 est
814 4840 919 4894 hoc
974 4841 1155 4904 modo,
1214 4841 1300 4894 cui
1339 4841 1616 4896 succedens
1668 4839 1956 4907 Lucianus,

383 4921 534 4963 extra
583 4927 884 4981 synanogas
919 4913 1113 4981 mansit
1151 4913 1310 4964 trium
1338 4913 1696 4981 episcoporum
1731 4911 1959 4980 plurimo

383 4989 628 5048 tempore.
674 4979 908 5036 Basilius
935 4979 990 5034 in
1017 4981 1246 5051 epistola
1277 4979 1452 5052 prima
1497 4979 1564 5036 ad
1605 4979 1958 5052 Amphibolo-

383 5052 565 5124 citium
620 5055 1100 5124 παρασυναγωγήν
1153 5051 1385 5124 usurpat
1419 5051 1610 5108 eodem
1641 5067 1829 5117 sensu,
1864 5051 1955 5105 ubi

384 5121 668 5194 distinguit
700 5121 838 5179 inter
870 5123 1144 5194 haeresim,
1186 5132 1240 5177 et
1275 5121 1534 5194 Scliistna,
1570 5131 1624 5178 et
1648 5139 1959 5194 παρασυνα-

386 5192 588 5262 γωγήν.
620 5192 1104 5264 Παρασυναγωγάς
1143 5199 1326 5248 autem
1365 5193 1441 5246 ait
1479 5207 1604 5249 esse
1644 5192 1959 5264 illegitimos

385 5263 719 5334 conventus,
735 5265 831 5334 qui
864 5265 1001 5318 ﬁunt
1031 5266 1099 5319 ab
1130 5263 1852 5334 immorigerispresbyteris
1873 5264 1957 5334 vel

385 5331 658 5403 episcopis
697 5331 770 5390 et'
803 5335 980 5389 laicis.
1017 5334 1181 5390 Verbi
1215 5331 1412 5403 gratia,
1463 5331 1956 5402 siquis—criminis

385 5402 690 5467 convictus,
723 5411 776 5459 et
804 5421 836 5458 a
871 5405 1175 5460 ministerio
1199 5402 1357 5458 sacro
1387 5419 1710 5472 suspensus,
1747 5403 1958 5472 judicio

385 5488 495 5526 non
541 5481 746 5540 pareat,
795 5473 891 5530 sed
938 5475 1304 5531 ministerium
1346 5489 1505 5528 suum
1539 5474 1691 5528 obire
1722 5474 1872 5537 velit,
1904 5481 1960 5528 et

387 5544 643 5616 populum
695 5545 938 5616 colligat.
982 5545 1128 5601 Inter
1159 5543 1636 5616 παρασυναγωγῄν
1685 5551 1868 5616 autem
1904 5550 1960 5598 et

386 5611 627 5684 iscl'iisma
662 5611 855 5684 parum
883 5614 1068 5671 distat.
1104 5611 1277 5670 Porro
1309 5611 1475 5670 causa
1507 5611 1818 5668 scliismatis
1851 5611 1957 5667 Lu-

386 5685 544 5740 ciano
577 5683 681 5738 fuit
724 5683 972 5738 doctrina
1022 5685 1178 5740 Pauli
1227 5684 1631 5739 Samosatensis
1663 5699 1826 5752 (luam
1856 5684 1954 5738 dc-

388 5753 660 5819 fendebal,
693 5762 752 5807 ut
789 5755 950 5808 docet
987 5756 1316 5810 Alexander.
1356 5756 1528 5824 Cujus
1550 5753 1726 5824 gratia
1749 5753 1842 5808 diu
1864 5769 1954 5808 se-

390 5825 598 5893 paravit
646 5842 705 5880 sc
753 5841 786 5880 a
841 5824 1015 5882 tribus
1057 5825 1350 5899 episcopis,
1377 5823 1610 5893 Demno,
1644 5823 1862 5896 Tymaao
1893 5839 1955 5880 ac

2073 3359 2233 3414 pans,
2261 3352 2315 3399 et
2338 3345 2599 3413 primitivi
2630 3345 2960 3413 exemplaris
2989 3359 3248 3414 expressa
3272 3345 3463 3414 ﬁgura.
3491 3342 3648 3400 Unde

2068 3438 2233 3492 etiam
2260 3435 2513 3506 Philippo
2545 3445 2678 3491 tunc
2697 3436 2880 3492 videre
2909 3438 3148 3508 cupienti
3181 3436 3444 3492 Dominus
3474 3436 3647 3490 abun-

2069 3530 2136 3584 de
2165 3535 2581 3583 commonstrat.
2618 3528 2831 3582 Dicenti
2863 3529 3008 3584 enim
3035 3548 3048 3583 :
3097 3527 3324 3583 Ostende
3350 3526 3498 3580 nobis
3528 3527 3641 3581 Pa-

2071 3629 2224 3685 trem,
2265 3618 2560 3689 respondet
2589 3637 2602 3672 :
2651 3618 2756 3683 Qui
2790 3617 2915 3672 vidit
2947 3635 3047 3683 me,
3078 3618 3203 3672 vidit
3242 3627 3290 3672 et
3324 3617 3539 3672 Patrem
3557 3618 3645 3671 ’δι

2071 3713 2270 3782 quippe
2301 3726 2424 3764 cum
2451 3725 2548 3780 per
2579 3708 2930 3780 purissimum
2952 3717 3006 3764 et
3035 3710 3332 3763 animatum
3364 3707 3644 3779 speculum

2073 3803 2272 3858 divinae
2323 3804 2578 3873 imaginis
2630 3802 2745 3872 ipse
2775 3801 3167 3871 conspiciatur.
3209 3800 3419 3868 Quibus
3467 3801 3644 3858 simila

2065 4136 2288 4208 Cyrillo.
2314 4137 2547 4208 Tantum
2574 4152 2702 4208 vero
2727 4136 2792 4190 ad
2820 4139 3081 4192 unitatem
3107 4137 3360 4193 Ecclesiae
3385 4157 3639 4202 reversus

2066 4205 2170 4268 est,
2217 4220 2275 4260 ut
2312 4223 2386 4278 ex
2432 4205 2742 4278 Alexandro
2778 4208 3074 4276 colligitur.
3112 4208 3294 4278 Neque
3322 4212 3467 4264 enim
3511 4229 3636 4270 eum

2067 4293 2237 4347 usque
2257 4277 2322 4329 ad
2343 4279 2548 4347 exitum
2569 4277 2691 4329 vitae
2711 4277 2766 4331 in
2789 4278 3082 4332 schismate
3116 4278 3383 4335 mansisse
3412 4283 3640 4337 Alexatp

2065 4346 2163 4420 der
2212 4347 2424 4420 scribit,
2459 4346 2551 4400 sed
2585 4354 2795 4420 tantum
2832 4349 2993 4420 longo
3040 4357 3281 4420 tempore
3325 4361 3636 4420 separatum

2064 4417 2253 4472 fuisse.
2294 4417 2560 4470 Caeterum
2589 4416 2730 4471 hanc
2755 4416 2946 4472 vocem
2973 4416 3402 4486 ἀποσυνάγωγος
3420 4431 3637 4476 mutua-

1992 4475 2036 4528 D
2065 4497 2153 4560 tus
2183 4498 2266 4560 est
2299 4487 2602 4560 Alexander
2633 4487 2963 4560 ex_Joannis
2998 4475 3325 4560 iEvangelio,’
3367 4475 3487 4560 cap.
3521 4475 3634 4552 xvi,

2066 4559 2160 4613 ubi
2207 4557 2462 4613 Christus
2507 4556 2754 4626 praedicit
2801 4559 3064 4627 apostolis
3107 4561 3244 4622 suis,
3282 4556 3645 4627 quod—Judaaia

2066 4629 2216 4697 ipsos
2241 4645 2272 4682 e
2301 4628 2593 4702 synagogis
2627 4628 2742 4702 suis
2767 4629 2996 4699 ejecturi
3037 4637 3242 4696 esscnt,
3285 4629 3638 4702 ἀποσυναγώ-

2064 4716 2193 4766 γους
2221 4698 2535 4770 ποιήσουσιν
2563 4698 2728 4768 ὑμᾶς.

2137 4770 2259 4842 (ίὶῖῂ)
2293 4769 2389 4821 Ἑν
2403 4769 2613 4842 -Σιιφίᾳ
2653 4786 2801 4842 χειρ.
2831 4769 3150 4842 ἐπίσκοποι
3179 4771 3353 4838 τρεῖς.
3389 4771 3639 4842 Intelligit

2064 4838 2372 4910 Eusebium
2392 4839 2654 4910 Caesareae
2688 4839 2990 4893 Palaestina:
3020 4842 3356 4910 epistmpum,
3389 4838 3636 4896 'I‘beodo-
3676 4847 3679 4849 ’

2066 4918 2180 4962 tum
2208 4907 2488 4979 Laodiceae
2515 4916 2570 4962 et
2600 4908 2889 4964 Paulinum
2912 4907 3070 4979 Tyri:
3098 4907 3378 4964 IIns'enim
3409 4912 3635 4966 anathe-

2063 4989 2208 5034 mate
2257 4978 2543 5032 damnatos
2591 4981 2759 5034 fuisse
2814 4980 2882 5033 ab
2933 4978 3242 5035 Alexandro
3296 4981 3635 5036 Alexandriae

2063 5049 2340 5118 episcopo,
2371 5055 2608 5102 testatur
2651 5050 2815 5104 Arius
2867 5049 2920 5102 in
2963 5051 3192 5118 epistola
3233 5052 3301 5104 ad
3341 5050 3633 5105 Eusebium

2064 5119 2533 5190 Ncontediensem
2577 5120 2917 5190 episcopum,
2957 5136 3079 5189 quae
3121 5120 3358 5177 refertur
3395 5137 3426 5175 a
3457 5119 3635 5177 Theo-

2064 5190 2264 5255 dorito,
2301 5187 2445 5243 Hist.
2471 5187 2722 5244 ecctflib.
2757 5187 2798 5255 ι“,
2825 5205 2947 5259 cap.
2975 5187 3036 5245 ’5.

2134 5261 2247 5330 (26)
2286 5259 2747 5330 Ὺπξανξακείσθω.
2789 5259 2847 5312 In
2873 5260 3080 5330 codice
3114 5261 3312 5318 Leonis
3348 5261 3552 5325 Allatii,
3584 5272 3637 5317 ct

2065 5331 2119 5384 in
2145 5327 2332 5398 Regio
2375 5327 2424 5382 .I.
2460 5327 2603 5392 Pini,
2635 5336 2691 5383 et
2721 5331 2778 5386 in
2822 5329 3064 5385 editione
3109 5331 3393 5386 Basiliensi
3439 5333 3637 5398 legitur

2062 5400 2390 5455 ἀνακείσθω.
2435 5399 2718 5465 Quomodo
2765 5399 2930 5454 etiam
2979 5402 3241 5456 scribitur
3292 5401 3436 5472 apud
3475 5403 3635 5458 Nice-

2101 5474 2314 5526 horunL

2063 5488 2405 5614 pn€;¥)ll;&c_
2429 5538 2503 5614 τῇ
2530 5537 2867 5614 ὑποστάσει
2908 5538 3017 5614 δύο
3040 5542 3274 5614 φύσεις.
3303 5540 3449 5600 Duas
3473 5550 3634 5597 natu-

2062 5609 2155 5668 ras
2197 5609 2332 5667 dicit
2382 5609 2706 5674 Alexander,
2759 5625 2868 5663 non
2913 5611 3232 5680 simpliciter
3278 5621 3332 5666 et
3384 5615 3634 5668 absolute

2062 5685 2219 5746 duas,
2268 5683 2366 5736 sed
2410 5681 2771 5751 personaliter
2804 5681 2964 5747 duas,
3013 5698 3082 5751 eo
3126 5681 3272 5750 quod
3320 5683 3373 5734 in
3417 5684 3633 5737 duabus

2063 5752 2325 5824 personis
2345 5750 2571 5807 exSistat
2602 5766 2708 5805 una
2751 5759 2966 5805 natura.
2998 5750 3176 5818 Quare
3217 5753 3374 5822 φύσις
3414 5756 3469 5808 ἐν
3501 5754 3637 5808 ὑπο-ι

2064 5823 2248 5878 στάσει
2275 5823 2418 5879 idem
2440 5831 2521 5880 est
2548 5824 2688 5883 quod
2719 5837 2972 5881 persona.
