4132 6410
462 372 566 426 555

1558 373 1614 426 S.
1653 369 2046 426 ALEXANDRI
2082 368 2549 426 ALEXANDRINI

3595 367 3699 424 σοι

461 494 544 543 est
581 485 632 539 id
677 483 818 553 quod
863 483 1039 538 sancti
1069 482 1261 538 dicunt
1317 485 1370 538 in
1410 482 1644 540 Psalmis
1676 504 1689 539 :
1721 484 1790 540 In
1830 486 2010 539 lumine

2125 486 2389 554 ὀψόμεθα
2420 482 2564 552 φῶς.
2612 484 2703 537 Διὸ
2733 483 2798 555 δὴ
2848 482 2941 537 καὶ
2967 482 2996 534 ὁ
3028 480 3201 551 τιμῶν
3228 479 3320 534 τὸν
3354 479 3512 551 Ιῖίὺν,
3563 483 3699 552 τιμᾷ

462 589 550 631 tuo
572 574 856 630 videbimus
894 575 1068 629 lumen
1095 576 1162 631 ’⁷.
1193 574 1460 642 Quocirca
1492 578 1584 646 qui
1630 577 1834 632 honore
1863 577 2023 632 allicit

461 668 677 730 Filium,
736 666 899 721 simul
951 667 1158 721 honore
1196 666 1355 721 allicit
1403 666 1656 734 Patrem;
1709 678 1763 722 et
1792 669 1885 738 qui
1924 669 2024 724 ho-

458 765 618 810 norat
662 755 899 821 Patrem,
931 757 1163 811 honorat
1184 757 1344 812 etiam
1375 756 1573 812 Filium
1600 758 1646 791 ”
1679 777 1693 814 :
1733 767 1787 813 et
1805 759 2023 829 quidem

457 849 674 903 merito.
700 848 872 904 Omne
902 850 1045 904 enim
1076 850 1302 919 impium
1332 850 1556 906 verbum
1580 850 1723 921 quod
1751 850 2026 923 profertur

458 935 512 987 in
548 934 766 1002 Filium,
798 936 866 990 ad
897 952 1183 1006 personam
1212 937 1391 993 Patris
1419 941 1670 1009 pertinet.

526 1025 594 1081 Χ.
637 1028 767 1082 Post
798 1029 911 1083 haec
940 1045 1085 1093 vero,
1117 1030 1314 1087 fratres
1345 1032 1677 1097 charissimi,
1711 1034 1797 1088 cui
1827 1034 2023 1088 mirum

457 1120 707 1174 videatur
749 1122 804 1175 id
840 1123 980 1193 quod
1012 1126 1315 1194 scripturus
1345 1141 1498 1192 sum,
1545 1128 1589 1181 si
1617 1128 1918 1183 calumnias
1955 1128 2024 1183 ab

461 1211 569 1267 illis
593 1212 852 1269 confictas
872 1214 1131 1271 adversus
1154 1232 1240 1272 me
1285 1228 1338 1273 et
1382 1219 1643 1277 adversus
1671 1222 2023 1292 religiosissi-

460 1315 605 1354 mam
640 1303 847 1372 plebem
870 1308 1205 1374 exposuero?
1239 1307 1371 1362 Nam
1400 1311 1492 1379 qui
1531 1312 1869 1367 divinitatem
1897 1312 2021 1367 Filii

459 1385 555 1440 Dei
576 1393 888 1459 oppugnare
915 1395 1155 1463 aggressi
1195 1405 1362 1461 sunt,
1400 1414 1499 1454 nos
1546 1415 1763 1471 quoque
1805 1403 2022 1473 ingrato

391 1515 394 1518 .
459 1480 641 1534 animo
672 1483 932 1539 conviciis
958 1495 1211 1554 appetere
1237 1504 1345 1542 non
1368 1501 1646 1546 verentur.
1678 1492 1781 1558 Qui
1811 1510 1912 1549 nec
1938 1496 2020 1549 ul-

458 1570 541 1625 los
565 1585 630 1625 ex
661 1573 899 1643 antiquis
931 1575 1034 1630 sibi
1058 1581 1362 1647 comparari
1394 1582 1613 1637 volunt:
1647 1600 1747 1639 nec
1772 1600 1866 1641 eos
1899 1587 2020 1657 qui-

456 1659 560 1717 bus
597 1677 696 1716 nos
722 1664 790 1718 ab
821 1665 1039 1721 ineunte
1071 1676 1227 1723 aetate
1270 1672 1541 1741 magistris
1569 1674 1654 1728 usi
1684 1690 1895 1740 sumus,
1926 1694 2021 1732 ex-

454 1753 657 1822 aequari
688 1754 791 1809 sibi
827 1756 1122 1826 patiuntur.
1157 1759 1261 1816 Sed
1309 1778 1410 1817 nec
1448 1765 1617 1818 ullum
1646 1780 1713 1821 ex
1765 1769 2018 1825 omnibus

2125 576 2214 629 τὸν
2270 577 2489 647 Πατέρα
2526 575 2658 647 (28),
2712 576 2805 629 καὶ
2861 573 3103 636 εἰκότως*
3149 573 3299 627 πᾶσα
3343 571 3451 644 γὰρ
3495 572 3699 645 ἀσεϐὴς

2127 669 2276 741 φωνὴ
2298 672 2376 733 είς
2410 670 2500 723 τὸν
2533 668 2659 722 Υἱὸν
2689 667 2941 736 λέγεσθαι
2985 665 3328 739 τολμωμένη,
3357 667 3437 729 είς
3459 665 3552 719 τὸν
3583 666 3698 720 Πα-

2126 759 2257 830 τέρα
2284 758 2380 831 τὴν
2406 757 2679 830 ἀναφορὰν
2705 758 2836 828 ἔχει.

2193 1029 2261 1085 Χ.
2303 1031 2412 1084 Καὶ
2440 1031 2490 1084 τί
2517 1031 2699 1085 λοιπὸν
2736 1029 2815 1084 ἔτι
2846 1032 3155 1104 θαυμαστὸν
3179 1032 3207 1086 ὃ
3237 1031 3416 1103 μέλλω
3439 1030 3692 1101 γράφειν,

2123 1123 2415 1194 ἀγαπητοὶ,
2444 1124 2493 1176 εί
2518 1124 2614 1188 τάς
2640 1125 2760 1178 κατ’
2787 1124 2920 1196 ἐμοῦ
2956 1124 3169 1193 ψευδεῖς
3196 1122 3446 1186 διαϐολὰς
3478 1123 3575 1175 καὶ
3601 1120 3694 1175 τοῦ

2123 1216 2510 1269 εὐσεϐεστάτου
2546 1216 2700 1287 ἡμῶν
2741 1216 2870 1271 λαοῦ
2915 1216 3246 1287 ἐκθήσομαι;
3289 1217 3351 1269 υἱ
3397 1213 3507 1285 γὰρ
3552 1211 3696 1266 κατά

2123 1307 2220 1378 τῆς
2251 1306 2501 1380 θεότητος
2531 1308 2623 1362 τοῦ
2654 1309 2783 1363 Υίοῦ
2806 1308 2899 1363 τοῦ
2924 1308 3057 1362 Θεοῦ
3093 1306 3553 1379 παραταξάμενοι,
3575 1305 3696 1358 οὐδὲ

2122 1396 2222 1460 τὰς
2260 1396 2381 1449 καθ’
2408 1397 2563 1467 ἡμῶν
2605 1398 2929 1469 ἀχαρίστους
2975 1397 3257 1469 παροινίας
3305 1393 3695 1466 παραιτοῦνται

2124 1488 2317 1557 λέγειν·
2348 1490 2399 1542 οἵ
2422 1506 2485 1558 γε
2510 1489 2628 1543 οὐδὲ
2649 1490 2757 1544 τῶν
2785 1489 3024 1563 ἀρχαίων
3054 1489 3203 1552 τινὰς
3232 1488 3539 1559 συγκρίνειν
3570 1489 3697 1540 ἑαυ-

2121 1581 2234 1641 τοῖς
2265 1577 2527 1645 ἀξιοῦσιν,
2561 1580 2681 1633 οὐδὲ
2712 1575 2792 1643 οἷς
2818 1582 2977 1651 ἡμεῖς
3010 1582 3075 1633 ὲκ
3103 1579 3308 1632 παίδων
3340 1578 3697 1650 ὡμιλήσαμεν

2121 1667 2478 1733 διδασκάλοις,
2532 1668 2841 1734 ἐξισοῦσθαι
2886 1670 3178 1741 ἐνέχονται.
3235 1669 3371 1725 Ἀλλ’
3417 1669 3539 1723 οὐδὲ
3585 1668 3697 1722 τῶν

2123 1756 2218 1811 νῦν
2250 1758 2527 1829 πανταχοῦ
2564 1760 2987 1833 συλλειτουργῶν
3009 1778 3130 1815 τινα
3158 1761 3237 1826 είς
3278 1759 3475 1832 μέτρον
3502 1760 3695 1829 σοφίας

455 1844 548 1914 qui
571 1842 732 1899 hodie
763 1854 890 1902 sunt
919 1850 1137 1921 collegae
1165 1854 1359 1918 nostri,
1386 1855 1452 1909 ad
1480 1856 1809 1913 mediocrem
1841 1862 2010 1916 scien-

2119 1847 2396 1916 ἡγοῦνται·
2441 1849 2590 1919 μόνοι
2624 1851 2776 1920 σοφοὶ
2808 1852 2902 1905 καὶ
2926 1852 3251 1922 ἀκτήμονες,
3286 1852 3380 1905 καὶ
3410 1851 3695 1922 δογμάτων

455 1935 583 1989 tiam
612 1939 922 2006 pervenisse
946 1953 1210 2000 censent:
1263 1947 1407 2002 solos
1456 1950 1729 2019 sapientes
1771 1966 1836 2007 ac
1882 1953 2019 2008 nihil

453 2027 814 2096 possidentes,
840 2032 986 2089 solos
1018 2034 1328 2106 dogmatum
1360 2039 1671 2097 inventores
1697 2059 1756 2099 se
1787 2060 1907 2100 esse
1933 2046 2018 2116 ja-

451 2125 684 2185 ctantes,
717 2122 930 2193 sibique
962 2125 1094 2180 solis
1128 2142 1192 2182 ea
1223 2130 1458 2184 revelata
1490 2147 1633 2197 esse,
1657 2150 1778 2205 quae
1816 2137 2016 2193 nemini

456 2225 693 2279 unquam
721 2227 907 2268 eorum
946 2217 1039 2285 qui
1070 2217 1171 2271 sub
1214 2220 1354 2275 cmlo
1395 2231 1544 2288 sunt,
1576 2224 1631 2278 in
1662 2235 1899 2283 mentem
1929 2245 2018 2284 ve-

451 2305 651 2359 nerint.
677 2303 722 2360 Ο
750 2306 969 2377 impiam
1003 2314 1400 2381 arrogantiam!
1435 2331 1469 2370 ο
1497 2319 1773 2373 vesaniam
1796 2320 2019 2376 immen-

450 2397 598 2449 sam!
628 2411 662 2450 ο
711 2396 926 2454 inanem
967 2402 1216 2471 gloriam,
1252 2413 1369 2460 atra
1417 2408 1524 2463 bile
1564 2411 1787 2479 percitis
1817 2428 2017 2471 conve-

451 2489 718 2542 nienteml
752 2505 786 2544 ο
816 2494 1069 2561 superbia
1102 2493 1336 2563 Satanas,
1370 2514 1491 2569 quae
1521 2502 1802 2558 sceleratis
1826 2519 2014 2560 eorum

451 2580 723 2637 mentibus
754 2582 984 2639 insedit!
1017 2584 1135 2641 Non
1162 2588 1269 2645 illis
1308 2592 1568 2659 pudorem
1609 2593 1841 2650 incussit
1869 2605 2016 2652 vete-

449 2686 570 2727 rum
604 2672 1009 2745 Scripturarum
1055 2682 1417 2751 perspicuitas
1448 2685 1699 2755 religiosa
1725 2705 1739 2741 :
1770 2702 1873 2742 nec
1901 2689 2015 2743 col-

445 2764 687 2837 legarum
720 2779 1033 2826 nostrorum
1062 2775 1413 2832 consentiens
1456 2778 1523 2832 de
1562 2777 1779 2834 Christo
1807 2780 2016 2837 doctri-

445 2871 513 2910 na
555 2858 838 2915 audaciam
870 2877 1059 2918 eorum
1090 2865 1353 2921 adversus
1384 2867 1534 2922 illum
1570 2871 1845 2939 repressit.
1878 2872 2017 2937 Quo-

444 2965 566 3003 rum
618 2951 946 3020 impietatem
1011 2972 1080 3012 ne
1136 2958 1238 3028 ipsi
1296 2959 1515 3029 quidem
1550 2959 1822 3018 daemones
1848 2963 2014 3019 laturi

445 3050 595 3108 sunt,
629 3046 827 3116 quippe
856 3048 949 3117 qui
983 3058 1197 3114 cavent,
1226 3067 1294 3106 ne
1321 3067 1487 3122 quam
1519 3054 1782 3111 adversus
1812 3053 2012 3111 Filium

446 3132 538 3189 Dei
568 3136 786 3207 impiam
819 3154 1004 3195 vocem
1038 3143 1307 3199 emittant.

2120 1940 2338 2010 εὑρεταὶ
2358 1940 2605 2009 λέγοντες
2625 1938 2783 2007 εἶναι,
2812 1943 2906 1997 καὶ
2929 1944 3111 2007 αὐτοῖς
3137 1942 3584 2013 ἀποκεκαλύφθαι
3607 1942 3698 2012 μό-

2120 2048 2250 2095 νοις,
2285 2032 2427 2102 ἆπερ
2454 2033 2627 2088 οὐδενὶ
2655 2033 2763 2087 τῶν
2797 2034 2899 2087 ὑπὸ
2932 2035 3023 2088 τὸν
3063 2034 3211 2105 ἥλιον
3252 2034 3422 2106 ἑτέρῳ
3451 2034 3696 2103 πέφυκεν

2120 2122 2292 2176 ἐλθεῖν
2313 2127 2392 2188 είς
2416 2124 2642 2182 ἔννοιαν.
2671 2127 2735 2179 Ὢ
2762 2127 2975 2181 ἀνοσίου
3008 2127 3176 2197 τύφου
3208 2126 3302 2181 καὶ
3328 2127 3566 2199 ἀμέτρου
3591 2145 3694 2198 μα-

2119 2215 2255 2277 νίας,
2281 2218 2374 2267 καὶ
2397 2217 2791 2289 μελαγχολικῆς
2817 2219 3170 2291 ἡρμοσμένης
3192 2218 3351 2290 δόξης
3367 2219 3483 2291 (9.9)
3509 2221 3691 2291 κενῆς,

2118 2309 2212 2359 καὶ
2255 2309 2542 2363 σατανικοῦ
2583 2311 2951 2381 φρονήματος,
2988 2314 3068 2375 είς
3098 2312 3197 2375 τὰς
3233 2312 3482 2377 ἀνοσίους
3513 2312 3693 2374 αύπῶν

2117 2400 2295 2471 ψυχὰς
2330 2401 2811 2473 ἁποσκιρώσαντος
2832 2403 2976 2475 (50)ί
3011 2406 3086 2458 Οὐ
3117 2405 3412 2477 κατῄδεσεν
3436 2406 3633 2469 αὐτοὺς
3657 2407 3690 2475 ἡ

2117 2492 2224 2546 τῶν
2256 2494 2498 2565 ἀρκαίων
2530 2494 2759 2565 Γραφῶν
2787 2493 3029 2563 φιλόθεος
3057 2498 3339 2569 σαφήνεια·
3364 2498 3485 2551 οὐδὲ
3516 2500 3550 2569 ή
3580 2498 3692 2551 τῶν

2118 2583 2541 2655 συλλειτουργῶν
2573 2587 2859 2657 σύμφωνος
2885 2589 3014 2661 περὶ
3050 2588 3285 2661 Χριστοῦ
3309 2590 3557 2645 εὐλάϐεια
3589 2589 3689 2661 τὴν

2117 2677 2235 2729 κατ’
2273 2677 2437 2729 αὐτοῦ
2487 2677 2797 2750 θρασύτητα
2838 2681 3015 2734 αὐτῶν
3056 2682 3383 2753 ἠμαύρωσεν
3414 2681 3547 2752 (51).
3588 2677 3691 2737 Ὧν

2116 2769 2236 2822 οὐδὲ
2273 2769 2340 2822 τὰ
2369 2769 2620 2839 δαιμόνια
2661 2771 2760 2842 τῆς
2802 2772 3180 2845 ἀνοσιουργίας
3210 2773 3478 2843 ἀνέξεται,
3507 2774 3690 2846 φωνὴν

2117 2861 2434 2933 βλάσφημον
2467 2861 2610 2919 κατά
2641 2862 2732 2917 τοῦ
2768 2863 2897 2917 Υίοῦ
2926 2865 3019 2918 τοῦ
3048 2864 3182 2919 Θεοῦ
3216 2867 3389 2921 είπεῖν
3423 2866 3687 2935 φυλαττό-

2119 2969 2271 3021 μενοι.

511 3224 602 3280 Xl.
632 3227 810 3299 Atque
843 3231 955 3287 haec
983 3248 1083 3303 pro
1110 3235 1253 3291 virili
1287 3244 1441 3307 parte
1471 3254 1616 3295 nunc
1655 3256 1685 3295 a
1708 3241 1867 3297 nobis
1895 3242 2010 3297 dis-

2184 3230 2274 3284 ΧΙ.
2317 3232 2503 3288 Ταῦτα
2539 3235 2639 3307 μὲν
2658 3230 2750 3289 οῦν
2779 3237 2910 3307 ἡμῖν
2938 3233 3080 3290 κατά
3099 3234 3196 3307 τὴν
3219 3234 3502 3309 παροῦσαν
3526 3235 3686 3316 δύνα-

444 3326 629 3388 putata
665 3321 775 3376 sint
815 3323 1079 3381 adversus
1128 3342 1223 3382 eos
1262 3330 1354 3399 qui
1388 3330 1445 3383 in
1494 3331 1743 3402 imperita
1780 3335 2011 3389 materia

442 3414 695 3476 tanquam
733 3409 789 3464 in
817 3413 1037 3482 pulvere
1062 3416 1286 3471 volutati
1309 3459 1323 3482 ,
1370 3418 1648 3476 Christum
1692 3424 2011 3495 impugnare

441 3502 678 3571 aggressi
709 3514 850 3569 sunt,
877 3513 932 3561 et
969 3515 1217 3565 nostram
1259 3528 1385 3584 erga
1420 3515 1571 3571 illum
1616 3517 1869 3586 pietatem
1916 3535 2010 3573 ca-

442 3591 697 3647 lumniari
742 3595 1113 3654 instituerunt.
1155 3603 1321 3658 Aiunt
1357 3607 1503 3661 enim
1555 3610 1648 3663 isti
1698 3611 2005 3680 ineptarum

441 3686 746 3743 fabularum
779 3691 1087 3748 inventores
1115 3711 1235 3759 nos,
1260 3699 1352 3768 qui
1378 3700 1597 3769 impiam
1614 3711 1667 3757 et
1682 3704 1832 3759 nullo
1857 3703 2008 3758 Scri-

441 3780 725 3845 pturarum
762 3779 1070 3837 testimonio
1113 3784 1303 3840 fultam
1353 3788 1747 3860 blasphemiam
1798 3810 1864 3848 cx
1895 3810 2005 3851 non

441 3867 785 3925 exstantibus
818 3885 1152 3942 aversamur,
1171 3877 1280 3933 duo
1304 3879 1542 3949 ingenita
1570 3897 1836 3940 asserere.
1862 3885 2006 3941 Duo-

442 3971 563 4013 rum
599 3960 740 4013 enim
771 3961 999 4018 alterum
1032 3971 1345 4025 necessario
1380 3988 1500 4028 esse
1541 3974 1830 4032 dicendum
1866 3978 2007 4033 amr-

442 4056 592 4103 mant
612 4049 847 4122 imperiti
875 4073 887 4109 :
922 4065 1014 4111 aut
1044 4058 1194 4114 illum
1230 4077 1298 4116 ex
1348 4079 1459 4117 non
1489 4067 1833 4123 exstantibus
1861 4084 2002 4135 esse,

440 4149 534 4194 aut
575 4154 720 4200 certe
752 4145 861 4201 duo
896 4163 1014 4203 esse
1045 4151 1281 4219 ingenita
1310 4174 1322 4208 :
1358 4170 1456 4210 nec
1505 4157 1812 4229 intelligunt
1842 4160 2005 4217 rudes

438 4241 601 4300 atque
631 4235 840 4306 ignari,
879 4241 1108 4297 multum
1152 4245 1415 4303 interesse
1444 4248 1587 4304 inter
1609 4248 1826 4307 Patrem
1854 4254 2005 4325 inge-

438 4324 633 4389 nitum,
664 4335 718 4381 et
749 4344 836 4385 res
867 4332 935 4384 ab
980 4332 1071 4387 illo
1118 4343 1331 4393 creatas
1360 4354 1424 4393 ex
1456 4339 1645 4407 nihilo,
1682 4351 1792 4396 tam
1825 4324 2001 4399 ratio-

513 4509 555 4539 ⁸⁷
590 4508 737 4565 Ρεαί.
767 4527 927 4578 xxxv,
964 4516 1049 4571 10.
1127 4519 1172 4550 ’⁸
1202 4519 1362 4577 Joan.
1385 4540 1439 4586 ν,
1469 4523 1559 4577 25.

2121 3343 2212 3396 μιν
2260 3328 2664 3399 ὲπαπορείσθω,
2716 3329 2854 3399 πρὸς
2904 3331 3032 3393 τοὺς
3073 3329 3384 3401 ἀπαιδεύτῳ
3429 3329 3532 3403 ῦλῃ
3574 3327 3686 3399 (52)

2116 3418 2259 3472 κατά
2298 3419 2392 3471 τοῦ
2434 3421 2672 3493 Χριστοῦ
2714 3421 3120 3492 κονισαμένους,
3163 3421 3257 3475 καὶ
3284 3422 3385 3492 τὴν
3416 3422 3495 3485 είς
3525 3420 3687 3475 αὐτὸν

2115 3510 2395 3566 εὐσέϐειαν
2430 3513 2588 3585 ἡμῶν
2623 3517 2975 3583 συκοφαντεῖν
3008 3512 3394 3584 προθεμένους.
3420 3514 3556 3566 Φασὶ
3578 3513 3687 3585 γὰρ

2117 3609 2263 3678 ἡμᾶς
2293 3608 2342 3660 οἱ
2375 3606 2670 3677 φληνάφων
2700 3606 2989 3677 ὲφευρεταὶ
3033 3605 3237 3676 μύθων,
3276 3606 3687 3676 ἀποστρεφομέ-

2114 3713 2236 3760 νους
2263 3697 2362 3767 τὴν
2385 3695 2445 3761 ὲξ
2471 3698 2571 3750 οὐκ
2593 3696 2760 3750 ὄντων
2787 3696 2958 3766 ἀσεϐῆ
2991 3697 3085 3749 καὶ
3115 3695 3360 3768 ἄγραφον
3387 3698 3530 3750 κατὰ
3554 3698 3688 3768 Χρι-

2116 3786 2242 3840 στοῦ
2269 3787 2638 3858 βλασφημίαν,
2674 3788 2943 3859 ἀγέννητα
2973 3787 3241 3843 διδάσκειν
3272 3787 3384 3843 δύο.
3411 3791 3566 3841 Δυοῖν
3592 3788 3689 3842 θά-

2112 3895 2267 3949 τερον
2295 3878 2543 3948 λέγοντες
2570 3880 2680 3933 δεῖν
2717 3875 2856 3932 εἶναι
2888 3880 2937 3931 οἱ
2965 3878 3293 3944 ἀπαίδευτοι,
3321 3880 3355 3951 ῆ
3386 3880 3445 3945 ὲξ
3475 3882 3575 3934 οὐκ
3602 3881 3687 3935 ὅν·-

2112 3989 2219 4025 των
2246 3971 2407 4024 αὐτὸν
2434 3966 2572 4025 εἶναι
2609 3974 2849 4043 φρονεῖν,
2887 3971 2920 4042 ἢ
2960 3971 3178 4034 πάντως
3213 3972 3482 4042 ἀγέννητα
3507 3971 3686 4041 λέγειν

2112 4061 2223 4115 δύο·
2260 4060 2581 4129 ἀγνοοῦντες
2620 4063 2667 4114 οἱ
2704 4062 3012 4125 ἀνάσκετοι,
3047 4061 3122 4123 ὡς
3152 4062 3359 4133 μακρὸν
3384 4060 3449 4115 ἂν
3473 4063 3557 4133 εῐη
3587 4078 3684 4132 με·

2114 4154 2245 4218 ταξύ
2274 4153 2487 4226 Πατρδς
2515 4154 2832 4224 ἀγεννήτου,
2859 4153 2951 4206 κα)⁵
2974 4152 3081 4206 τῶν
3114 4152 3440 4206 κτισθέντων
3470 4154 3562 4206 ὑπ’
3586 4153 3685 4206 αῦ-

2111 4246 2204 4299 τοῦ
2238 4245 2298 4311 ἐξ
2321 4248 2422 4299 οὐκ
2452 4245 2642 4309 ὄντων,
2676 4244 2909 4313 λογικῶν
2935 4262 2995 4297 τε
3018 4246 3112 4300 καὶ
3140 4244 3369 4314 ἀλόγων.
3398 4240 3499 4297 Ὧν
3531 4261 3684 4315 μεσι-

2109 4340 2339 4394 τεύουσα
2373 4340 2533 4410 φύσις
2578 4339 2868 4411 μονογενὴς
2889 4339 3022 4411 (55),
3064 4339 3132 4393 δι’
3161 4335 3228 4410 ἧς
3267 4338 3337 4393 τὰ
3371 4338 3468 4393 ὅλα
3496 4338 3555 4405 ei
3582 4338 3684 4391 οὐκ

511 4622 800 4726 Εὲὶτῖίξέξῐ
826 4629 1999 4726 fit.I’a_?épa_EPE!?l1eriss.Sghalelias

2115 4642 2340 4726 phanius
2374 4639 2750 4726 Scliolasticps
2773 4639 2967 4726 legisse
3004 4639 3219 4726 ridetur
3242 4642 3678 4726 ἀποσκιρτήσαν-

434 4693 801 4779 quaedamltic
826 4700 976 4779 addit
1005 4693 1125 4771 qua;
1153 4719 1263 4758 non
1295 4693 1547 4779 leguntur
1578 4709 1635 4761 in
1664 4706 1870 4779 Graeco.
1910 4693 2001 4765 Sic
2033 4693 2070 4703 ν
2104 4693 2340 4775 ἑδζςῗείἐ
2372 4693 2518 4765 enim
2549 4693 2762 4765 reniti:
2802 4693 3093 4779 sapic—nti;
3118 4711 3335 4767 Salano:
3374 4693 3679 4769 iu'an'imas

435 4765 579 4846 enim
628 4764 1213 4846 habetmrQuap‘ropter
1262 4785 1311 4827 et
1347 4764 1441 4845 qui
1491 4777 1713 4832 honorat
1759 4764 1997 4846 Patrem,

436 4835 660 4913 honorat
688 4848 737 4889 et
765 4835 1201 4913 Filiumjefqui
1247 4835 1469 4900 honorat
1518 4848 1740 4913 Filium,
1778 4835 2001 4907 honorat

431 4914 483 4958 et
507 4903 746 4977 Patrem,
770 4918 819 4963 et
851 4903 1006 4965 recte.
1041 4903 1213 4977 Quam
1244 4914 1528 4971 lectionem
1560 4903 1884 4973 confirmant
1916 4903 2002 4975 se?

436 4976 674 5055 quentia.
709 4976 895 5059 itaque
918 4976 1075 5035 error
1098 4982 1306 5059 ridetur
1335 4987 1704 5052 librariorum,
1741 4991 1831 5059 qui
1860 4990 2001 5045 hanc

435 5045 1059 5123 pericopenbmiscrunt
1091 5045 1297 5123 decepti
1332 5072 1528 5111 vocum
1562 5045 1939 5115 similitudine.

504 5114 616 5201 £99)
639 5117 748 5201 ’ξαὶ
764 5123 1211 5201 nmmo-M770
1224 5114 1611 5201 'v'mwvuérnr
1632 5129 1835 5201 5966m-
1861 5114 2004 5201 14030

436 5184 861 5259 μελαγχολικοῖς,
909 5184 1361 5259 quemadmodum
1408 5184 1857 5259 edidit’lacobus
1887 5184 2017 5254 Sﬁ--'

436 5255 673 5332 mundus
702 5274 716 5311 :
748 5255 1115 5339 cupistian
1146 5264 1345 5339 factum
1366 5269 1597 5335 probare
1618 5255 1725 5323 non
1754 5255 1999 5339 poSsum,

433 5324 497 5407 in
518 5340 584 5378 eo
617 5329 759 5407 quod
784 5324 1086 5407 plectionem
1129 5335 1330 5407 nullius
1360 5324 1548 5407 scripti
1577 5324 1783 5395 codicis
1809 5324 1999 5395 aucto;

435 5395 595 5449 ritate
616 5397 883 5453 firmatam
915 5403 969 5457 in
1002 5414 1206 5458 textum
1240 5395 1524 5462 admittere
1553 5425 1660 5463 non
1691 5411 1993 5465 dubitavit:

432 5465 699 5545 quam_ad
730 5470 869 5545 latus
898 5475 1154 5529 editionis
1185 5492 1296 5530 suae
1328 5478 1574 5545 rejicere.
1609 5488 1703 5537 aut
1738 5481 1793 5533 in
1828 5482 1999 5534 adno-

432 5535 731 5618 tationibus
774 5542 975 5618 referre
1018 5548 1197 5614 potius
1231 5535 1605 5618 conveniebat.
1631 5535 1795 5618 Apud
1832 5550 1990 5605 Nice-

429 5603 684 5691 phorpﬂt,
707 5610 760 5663 in
792 5613 886 5691 lib.
928 5603 1044 5676 νηί,
1076 5630 1194 5691 cap.
1241 5616 1291 5679 7,
1328 5617 1521 5691 legitur
1550 5621 1644 5673 καὶ
1679 5603 1995 5691 μελαγχολι-

432 5674 739 5756 πῆς-ξύξῃς,
764 5683 963 5756 omissa
993 5674 1123 5737 voce
1144 5674 1520 5756 ῆρμοσμὲνης.

503 5744 616 5824 (50)
639 5744 1239 5828 ᾋῆποοςξᾳρώσφιντοξξ
1272 5744 1346 5809 Ιη’
1377 5744 1751 5828 manuscripto
1808 5761 1994 5817 codice

434 5810 653 5873 llcnriri
692 5810 1191 5899 Sarilii’scriptum
1234 5835 1315 5883 est
1363 5810 1992 5908 évquvdisd‘iro;.wl§pi;

2108 4798 2289 4835 eorum
2315 4780 2662 4850 aequissimas
2689 4780 3008 4834 vehementer
3036 4782 3297 4838 insiliens.

2178 4851 2723 4921 (51)Ἠμαύρωσεν.
2783 4850 2967 4905 Codex
3024 4851 3223 4907 Leonis
3273 4853 3456 4907 Allatii
3515 4854 3680 4909 habet

2109 4922 2417 4994 ἡμέρωσεν.
2441 4921 2713 4994 Atqueita
2737 4936 2963 4990 prorsus
2990 4922 3121 4991 legit
3144 4922 3479 4994 Epiphanius
3512 4924 3680 4979 Scho-

2106 4993 2352 5053 lasticus,
2399 4998 2456 5063 ut
2501 5008 2573 5063 ex
2619 4993 3067 5063 interpretatione
3121 4994 3241 5061 ejus
3291 5002 3533 5063 apparet.
3584 4994 3678 5049 Sic

2106 5062 2250 5115 enim
2281 5061 2444 5115 vertit
2471 5080 2483 5116 :
2522 5059 2647 5114 Non
2682 5059 3164 5115 comministroruni
3197 5059 3413 5117 concors
3444 5080 3677 5120 reveren-

2106 5133 2183 5184 tia
2210 5130 2273 5184 de
2299 5130 2534 5203 Christo,
2567 5131 2895 5200 ferocitatem
2914 5147 3105 5203 forum
3133 5134 3498 5203 mansuefccit.

2178 5202 2291 5270 (52)
2335 5201 2685 5271 Ἀπαιδεύτῳ
2720 5203 2861 5269 ὕλῃ.
2907 5200 2998 5255 Sic
3040 5210 3198 5256 vocat
3235 5200 3552 5259 dialecticas
3589 5220 3677 5259 ar—

2141 5273 2560 5343 umentationes,
2619 5272 2821 5343 quibus
2880 5272 3135 5343 utebatur
3190 5272 3353 5328 Arius
3409 5273 3675 5330 adversus

2141 5288 2560 5334 umentauones,
2619 5288 2821 5343 quibus
2880 5288 3135 5325 utebatur
3190 5288 3353 5328 Al‘llls
3409 5288 3675 5330 adversus

2102 5288 2307 5397 Ehristi
2331 5342 2689 5419 divinitatem.
2720 5341 2785 5419 ln-
2806 5342 2995 5395 codice
3023 5352 3201 5419 tamen
3233 5343 3415 5396 Allatii
3444 5360 3548 5419 pro
3577 5345 3677 5419 ὕλῃ

2103 5412 2525 5483 ιρείιυτῌύλακῇ,
2565 5412 2616 5465 id
2648 5422 2732 5467 est
2768 5411 2988 5483 latratu,
3020 5410 3165 5479 quod
3196 5427 3306 5466 non
3339 5410 3531 5483 probo.

2307 5479 2417 5561 Ὧνς
2430 5479 2839 5561 μὲσιτεὺουᾳιι
2856 5482 3040 5561 φύσις
3053 5479 3408 5561 μογογενῆς.
3437 5483 3675 5561 Benigne

2102 5550 2627 5633 intelligendumest
2654 5552 2929 5635 quodhhoc
2964 5550 3083 5604 loco
3105 5552 3187 5635 ait
3217 5550 3541 5635 Alexander,
3574 5550 3675 5608 na~

2103 5621 2646 5691 turanrunigenitam
2676 5621 2922 5694 mediam
2951 5636 3073 5675 esse
3103 5622 3245 5676 inter
3272 5622 3488 5679 Patrem
3522 5625 3675 5694 inge-

2102 5694 2361 5765 nitum_et
2394 5701 2696 5765 creaturas.
2747 5691 2850 5765 Ubi
2900 5700 3151 5765 naturam
3203 5695 3370 5765 sumit
3415 5709 3514 5765 pro
3551 5691 3674 5763 pér-

2105 5779 2259 5818 sona.
2292 5761 2550 5833 lnlelligit
2580 5762 2725 5817 enim
2773 5762 2932 5831 φύσιν
2976 5763 3047 5833 ὲν
3067 5761 3382 5833 ὑποστάσει,
3416 5761 3476 5819 ut
3511 5761 3675 5833 paulo

2106 5842 2229 5891 ante
2259 5831 2586 5893 locutus—est
2627 5833 2953 5890 Alexander.
3005 5831 3235 5890 Mediam
3290 5844 3467 5892 autem
3512 5831 3675 5891 'vocat
