4132 6484
498 413 604 473 665

1905 405 2294 463 EPISTOLIE.

3654 409 3758 465 566

497 526 665 581 ὄντων
692 522 948 601 ἐποίησεν
973 522 1002 575 6
1033 520 1222 594 Πατὴρ
1244 520 1339 575 τοῦ
1370 521 1504 576 Θεοῦ
1530 521 1724 591 Λόγου·
1755 518 1789 591 ἢ
1826 520 1886 584 ἐξ
1910 521 2076 575 αὑτοῦ

2187 520 2334 575 nales
2367 533 2530 592 quam
2558 519 2788 574 rationis
2819 527 3093 592 expertes.
3134 519 3275 575 Inter
3312 536 3432 591 quae
3485 522 3593 578 duo
3649 542 3759 580 me~

498 615 590 671 τοῦ
622 615 775 679 ὄντος
804 613 1015 685 Πατρὸς
1046 613 1389 685 γεγέννηταιο
1418 614 1495 677 ὡς
1522 613 1618 667 καὶ
1646 613 1807 678 αὑτός
1838 630 1940 667 που
1971 615 2077 668 διε-

503 707 680 781 μαρτύ
690 724 818 780 ρατο
842 706 1018 776 λέγων
1043 707 1071 756 6
1098 704 1321 777 Κύριος,
1358 705 1410 757 Ὁ
1435 705 1682 775 ἀγαπῶν
1699 704 1806 759 τὸν
1825 704 2073 775 Πατέρα,

498 800 700 874 ἀγαπᾷ
728 800 829 855 καὶ
856 799 965 854 τὸν
1001 800 1137 852 Υἱὸν
1166 797 1274 851 τὸν
1304 796 1740 866 γεγεννημένον
1771 797 1841 862 ἐξ
1867 797 2072 854 αὑτοῦ.

567 1068 687 1121 ΧΙῙ.
729 1067 865 1139 Περὶ
887 1061 961 1121 ὧν
985 1067 1144 1138 ἡμεῖς
1169 1064 1341 1128 οὕτως
1367 1064 1713 1134 πιστεύομεν,
1745 1063 1820 1126 ὡς
1848 1065 1913 1134 τῇ
1945 1062 2079 1115 ἀπο-

499 1158 717 1232 στολικῇ
768 1159 1062 1231 Ἐκκλησία
1103 1158 1267 1212 δοκεῖ’
1309 1158 1404 1220 Εἰς
1450 1156 1608 1228 μόνον
1640 1155 1931 1227 ἀγέννητον
1970 1156 2079 1208 Πα-

492 1250 652 1323 τέρα,
673 1251 864 1305 οὐδένα
887 1250 984 1304 τοῦ
1019 1248 1157 1304 εἶναι
1185 1248 1334 1320 αύτῴ
1358 1249 1450 1302 τὸν
1475 1250 1646 1303 αἴτιον
1677 1248 1888 1318 ἔχοντα,
1918 1246 2079 1319 ἄτρε-

498 1324 631 1397 πτόν
655 1360 714 1396 τε
733 1344 827 1396 καὶ
848 1342 1225 1407 ἀναλλοίωτον,
1253 1343 1340 1395 ἀεὶ
1359 1340 1502 1394 κατά
1528 1341 1596 1394 τὰ
1613 1340 1752 1394 αὐτά
1776 1342 1870 1395 καὶ
1896 1340 2078 1394 ὡσαύ-

495 1451 605 1498 τως
634 1434 845 1505 ἔχοντα,
877 1433 1002 1487 οὔτε
1028 1433 1329 1506 προκοπὴν,
1354 1431 1478 1486 οὔτε
1510 1431 1735 1503 μείωσιν
1761 1431 2081 1501 ἐπιδεχόμε-

496 1543 604 1581 νον*
634 1528 819 1599 Νόμου
861 1527 955 1581 καὶ
998 1526 1301 1600 Προφητῶν
1334 1527 1429 1580 καὶ
1465 1525 1815 1597 Εὐαγγελίων
1859 1525 2076 1595 δοτῆρα,

499 1618 852 1691 πατριαρχῶν
878 1619 973 1672 καὶ
1000 1618 1331 1683 ἀποστόλων,
1363 1617 1458 1672 καὶ
1482 1618 1737 1672 ἁπάντων
1771 1616 1939 1686 ἁγίων
1965 1616 2080 1669 K6-

502 1727 633 1781 ριον.
673 1712 787 1765 Καὶ
824 1713 905 1775 εἰς
942 1711 1038 1765 ἕνα
1075 1711 1279 1783 Κύριον
1327 1709 1532 1781 Ἰησοῦν
1558 1709 1814 1781 Χριστὸν,
1842 1710 1932 1763 τὸν
1953 1709 2081 1762 Υῖὸν

496 1802 591 1855 τοῦ
625 1801 761 1855 Θεοῦ
800 1804 892 1857 τὸν
934 1803 1221 1875 μονογενῆ,
1250 1802 1579 1875 γεννηθέντα
1622 1802 1722 1855 οὐκ
1752 1802 1818 1855 ὲκ
1859 1800 1953 1855 τοῦ
2004 1801 2079 1873 μὴ

2180 614 2328 669 dium
2386 611 2640 668 obtinens
2692 611 2975 683 unigenita
3030 617 3224 666 natura
3290 612 3381 667 Dei
3445 613 3602 669 Verbi
3663 633 3759 687 per

2178 716 2342 773 quam
2378 700 2538 757 Pater
2570 703 2829 757 universa
2876 701 3119 756 condidit
3166 717 3228 755 es
3282 702 3454 757 nihilo
3480 748 3493 769 ,
3531 721 3595 759 ex
3639 707 3758 776 ipso

2179 808 2310 848 vero
2339 790 2498 848 Patre
2525 793 2810 864 progenita
2839 803 2941 849 est.
2976 793 3129 850 Sicut
3176 795 3293 864 ipse
3320 793 3583 851 Dominus
3623 814 3760 867 quo-

2181 884 2305 939 dam
2333 886 2453 941 loco
2479 892 2711 942 testatus
2742 893 2827 941 est
2853 886 2938 943 bis
2969 888 3150 943 verbis
3177 889 3223 920 ’9
3255 903 3271 941 ι
3308 887 3414 954 Qui
3445 888 3619 960 diligit
3650 889 3761 945 Pa.-

2183 984 2336 1038 trem,
2365 975 2544 1047 diligit
2575 976 2738 1030 etiam
2770 974 2819 1027 F
2823 976 2974 1029 ilium
3009 977 3098 1047 qui
3141 994 3205 1032 ea:
3233 995 3291 1032 eo
3319 980 3522 1049 genitus
3552 992 3652 1036 est.

2255 1066 2369 1123 XII.
2412 1067 2487 1123 De
2517 1068 2717 1139 quibus
2739 1083 2841 1124 nos
2876 1069 2953 1122 ita
2977 1070 3282 1147 credimus,
3301 1072 3759 1143 quemadmodum

2181 1160 2477 1228 apostolica
2514 1161 2683 1216 sentit
2718 1159 2963 1217 Ecclesia
2993 1182 3005 1216 :
3038 1161 3099 1217 In
3136 1180 3304 1218 unum
3335 1166 3632 1237 ingenitum
3657 1166 3763 1221 Pa--

2181 1262 2337 1320 trem,
2372 1254 2464 1324 qui
2494 1269 2524 1307 a
2569 1254 2721 1308 nullo
2752 1269 2976 1309 causam
3003 1256 3163 1311 habet
3193 1258 3445 1313 essentia
3477 1274 3589 1314 suae
3617 1277 3629 1312 :
3663 1276 3761 1315 nec

2181 1344 2526 1400 conversioni
2558 1344 2862 1399 obnoxium
2893 1360 2994 1401 nec
3033 1347 3360 1414 mutationi,
3407 1348 3500 1420 qui
3547 1364 3762 1419 semper

2181 1436 2372 1492 eodem
2409 1437 2572 1492 modo
2603 1453 2663 1494 se
2697 1438 2881 1501 habet,
2909 1454 3010 1495 nec
3057 1440 3360 1509 profectum
3397 1458 3496 1497 nec
3523 1443 3763 1498 diminu-

2182 1527 2386 1583 tionem
2420 1529 2693 1584 admittit:
2731 1532 2821 1602 qui
2854 1530 3050 1602 Legem
3080 1540 3135 1587 ct
3162 1532 3464 1603 Prophetas
3500 1544 3553 1589 et
3585 1535 3762 1589 Evan—

2182 1617 2320 1687 gelia
2350 1618 2508 1674 nobis
2546 1619 2726 1673 dedit:
2762 1620 2856 1691 qui
2891 1620 3155 1677 Dominus
3205 1631 3289 1678 est
3327 1625 3758 1694 patriarcharum

2183 1717 2237 1765 et
2270 1713 2643 1781 apostolorum
2675 1721 3102 1783 sanctorumque
3126 1715 3393 1770 omnium.
3423 1715 3488 1771 Et
3513 1717 3568 1771 in
3592 1734 3759 1772 unum

2178 1799 2478 1873 Dominum
2513 1801 2699 1858 Jesum
2723 1803 3025 1870 Christum,
3046 1804 3243 1859 Filium
3270 1805 3363 1861 Dei
3393 1808 3725 1877 unigenitum
3748 1824 3763 1859 :

495 1892 666 1960 ὄντος,
695 1893 809 1947 ἀλλ’
841 1894 909 1947 ὲκ
927 1895 1021 1947 τοῦ
1041 1895 1194 1958 ὄντος
1216 1895 1452 1965 Πατρὸς,
1480 1895 1540 1948 οὐ
1564 1893 1707 1948 κατὰ
1726 1893 1825 1958 τὰς
1850 1894 1957 1947 τῶν
1982 1910 2077 1946 σω-

2187 1910 2290 1950 non
2321 1910 2388 1951 ex
2425 1895 2601 1949 nihilo
2629 1897 2872 1967 genitum
2902 1938 2916 1962 ,
2968 1898 3063 1954 sed
3102 1915 3167 1954 ex
3196 1914 3260 1954 co
3291 1900 3382 1969 qui
3436 1898 3597 1956 Pater
3635 1906 3762 1968 est;

500 1984 686 2056 μάτων
717 1986 1063 2057 ὁμοιότητας,
1085 1989 1208 2050 ταῖς
1231 1989 1425 2057 τομαῖς
1457 1985 1490 2056 ἢ
1520 1988 1640 2050 ταῖς
1670 1986 1734 2038 ὲκ
1762 1985 2077 2057 διαιρέσεων

494 2075 834 2149 ἁποῤῥοίαις,
879 2076 1068 2146 ὥσπερ
1106 2077 1381 2148 Σαϐελλίῳ
1421 2078 1517 2131 καὶ
1562 2077 1863 2148 Βαλεντενῳ
1910 2078 2074 2131 δοκεῖ·

495 2168 610 2223 ἀλλ’
636 2171 890 2243 ἀρρήτως
922 2173 1017 2225 καὶ
1056 2172 1486 2243 ἀνεκδιηγήτως,
1520 2170 1660 2226 κατά
1703 2171 1794 2224 τὸν
1832 2171 2076 2236 εἰπόντα,

494 2261 570 2325 ὥς
605 2262 866 2336 ἀνωτέρω
902 2263 1315 2336 παρεθήκαμεν,
1367 2263 1486 2333 Τὴν
1524 2263 1740 2333 γενεὰν
1771 2264 1957 2318 αὐτοῦ
1989 2265 2080 2330 τίς

493 2352 882 2425 διηγήσεται;
922 2357 1036 2427 Τῆς
1079 2357 1431 2420 ὑποστάσεως
1472 2355 1635 2410 αὑτοῦ
1677 2356 1827 2430 πάσῃ
1859 2359 1924 2428 τῇ
1958 2373 2081 2424 γεν-

496 2449 629 2519 νητῇ
663 2446 821 2517 φύσει
844 2447 957 2519 (54)
987 2448 1424 2520 ἀπεριεργάστου
1462 2446 1855 2519 τυγχανούσης,
1896 2446 2080 2511 καθὼς

495 2540 589 2593 καὶ
631 2541 797 2605 αὐτὸς
835 2542 865 2594 6
910 2541 1101 2613 Πατὴρ
1143 2541 1578 2613 ἀπεριέργαστός
1615 2544 1751 2608 ἐστι,
1787 2542 1873 2597 διὰ
1908 2544 1970 2597 τὸ
2005 2544 2079 2616 μὴ

500 2634 694 2704 χωρεῖν
721 2633 821 2704 τὴν
842 2633 952 2686 τῶν
984 2632 1222 2703 λογικῶν
1253 2634 1434 2705 φύσιν,
1467 2635 1567 2707 τῆς
1596 2635 1873 2708 πατρικῆς
1903 2635 2083 2704 θεογο-

500 2722 614 2787 νιας
638 2723 736 2795 τὴν
767 2724 990 2795 εἴδησιν·
1024 2724 1171 2797 ειπερ
1211 2726 1272 2779 οὐ
1314 2726 1443 2797 παρ’
1472 2725 1608 2797 ἐμοῦ
1637 2726 1716 2780 δεῖ
1761 2726 1952 2798 μαθεῖν
1992 2726 2083 2781 ἆν-

500 2815 631 2887 δρας
673 2815 752 2888 τῷ
787 2817 888 2887 τῆς
923 2816 1182 2888 ἀληθείας
1221 2818 1494 2890 πνεύματι
1536 2820 1906 2890 κινουμένους,
1938 2821 2082 2892 ὑπη-

501 2903 699 2976 χούσης
731 2907 879 2977 ἡμᾶς
906 2904 1000 2960 καὶ
1024 2906 1124 2978 τῆς
1152 2905 1439 2978 φθασάσης
1465 2908 1703 2979 Χριστοῦ
1735 2909 1862 2980 περὶ
1891 2909 2080 2962 τούτου

501 2998 685 3069 ,ρωνῆς
731 2999 827 3053 καὶ
880 2998 1259 3072 διδασκούσης·
1312 3000 1523 3067 Οὐδεὶς
1564 2997 1688 3055 οἶδε
1729 3002 1821 3068 τίς
1858 3002 2029 3056 ἐστιν
2051 3005 2083 3055 ὀ

503 3088 722 3158 Πατὴρ,
758 3092 812 3144 εἰ
840 3090 929 3159 μὴ
961 3093 995 3144 ὁ
1034 3091 1187 3157 Υἱός·
1214 3091 1313 3145 καὶ
1342 3090 1542 3157 οὐδεὶς
1573 3087 1699 3144 οἶδε
1727 3092 1819 3158 τίς
1851 3092 2023 3146 ἐστιν
2050 3094 2083 3145 ό

509 3179 662 3247 Υἱὸς,
695 3183 747 3234 ει
779 3179 871 3251 μὴ
895 3184 929 3235 ό
961 3182 1186 3250 Πατήρ.
1232 3182 1537 3253 Ἀτρεπτον
1569 3181 1757 3235 τοῦτον
1797 3183 1891 3236 καὶ
1919 3182 2082 3236 ἀναλ-

500 3271 720 3326 λοίωτον
748 3271 822 3336 ὡς
851 3272 943 3326 τὸν
972 3272 1217 3344 Πατέρα,
1253 3272 1551 3344 ἀπροσδεῆ,
1583 3274 1677 3327 καὶ
1701 3274 1903 3328 τέλειον
1933 3274 2081 3340 Υἱὺν,

503 3365 713 3436 ἐμφερῆ
746 3364 827 3435 τῷ
851 3364 1029 3437 Πατρὶ
1065 3364 1487 3437 μεμαθήκαμεν,
1517 3367 1661 3437 μόνῳ
1698 3365 1774 3437 τῷ
1807 3368 2087 3439 ἀγεννήτῳ

505 3454 821 3524 λειπόμενον
847 3455 1077 3509 ἐκείνου.
1112 3455 1289 3510 Εὶκὼν
1316 3458 1423 3525 γάρ
1452 3458 1599 3509 ἐστιν
1627 3452 2084 3529 ἀπηκριϐωμένη,

509 3543 599 3598 ιιαὶ
627 3544 1042 3614 ἀπαράλλακτος
1067 3545 1160 3600 τοῦ
1186 3547 1420 3619 Πατρός.
1450 3546 1676 3601 Πάντων
1701 3547 1808 3619 γὰρ
1830 3544 1969 3602 εἶναι
1990 3548 2086 3619 τὴν

505 3638 688 3692 εἰκόνα
713 3639 825 3710 (55)
851 3639 1054 3711 πλήρη,
1096 3640 1164 3694 δι’
1202 3632 1277 3695 ὧν
1312 3642 1347 3712 ἡ
1383 3640 1584 3711 μείζων
1607 3642 1878 3713 ὲμφέρεια
1905 3640 2084 3711 δῆλον,

504 3731 580 3796 ὡς
612 3732 775 3795 αὐτὸς
807 3730 1123 3786 ἐπαίδευσεν
1154 3734 1183 3786 6
1215 3733 1439 3805 Κούριος·
1492 3735 1547 3786 '0
1585 3733 1789 3803 Πατήρ
1815 3752 1955 3804 μου,
2002 3734 2087 3789 λέ-

505 3839 638 3890 γων,
668 3822 881 3893 μείζων
911 3842 1032 3894 μου
1071 3825 1222 3879 ἐστι.
1254 3826 1366 3880 Καὶ
1392 3826 1551 3893 κατὰ,
1574 3826 1731 3880 τοῦτο
1771 3828 1863 3889 καὶ
1901 3827 1961 3881 τὸ
2000 3827 2088 3880 ἀεὶ

506 3911 651 3970 εἷναι
669 3916 760 3970 τὸν
789 3917 919 3972 Υἱὸν
950 3919 1014 3971 ὲκ
1039 3918 1133 3972 τοῦ
1158 3918 1374 3993 Πατρὸς
1406 3918 1757 3990 πιστεύομεν.
1800 3919 2086 3989 Ἀπαύγα-

505 4021 632 4075 σμα
669 4007 776 4080 γάρ
814 4007 947 4063 ἐστι
984 4007 1096 4078 τῆς
1133 4009 1341 4077 δόξης,
1382 4012 1479 4064 καὶ
1509 4010 1817 4081 χαρακτὴρ
1846 4010 1956 4081 τῆς
1984 4028 2087 4064 πα-

511 4099 698 4171 τρικῆς
719 4100 1130 4169 ὑποστάσεως.
1170 4102 1331 4157 Ἀλλὰ
1357 4104 1431 4174 μή
1455 4120 1540 4168 τις
1573 4103 1635 4156 τὸ
1667 4103 1759 4159 ἀεὶ
1789 4102 1925 4176 πρὸς
1956 4100 2087 4156 ὑπό-

510 4208 656 4247 νοιαν
696 4192 1017 4265 Ἀγεννήτου
1044 4193 1390 4265 λαμϐανέτω,
1426 4194 1502 4271 ὡς
1522 4194 1724 4249 οἴονται
1744 4197 1792 4248 οῖ
1814 4194 1884 4248 τὰ
1906 4193 2086 4265 ψυχῆς

506 4283 836 4355 αἰσθητήρια
877 4286 1288 4358 πεπηρωμένοι.
1336 4285 1474 4340 Οῦτε
1505 4287 1614 4358 γὰρ
1646 4287 1707 4340 τὸ
1732 4283 1829 4359 ἦν,
1873 4285 1997 4340 οὔτε
2026 4287 2085 4339 τὸ

507 4375 622 4440 ἀεὶ,
647 4376 778 4434 οὔτε
795 4376 856 4430 τὸ
882 4377 994 4445 πρὸ
1019 4376 1266 4444 αἰώνων,
1297 4378 1493 4433 ταύτόν
1514 4380 1631 4432 ὲστι
1652 4379 1730 4450 τῷ
1764 4380 2084 4450 Ἀγεννήτῳ.

520 4464 658 4518 Ἀλλ’
690 4466 798 4520 οὐδ’
839 4467 1013 4521 ὁτιοῦν
1060 4467 1359 4539 ἀνθρώπων
1412 4469 1586 4524 ἔννοια
1633 4471 2089 4543 ὀνοματοποιῆσαι

2182 2002 2291 2043 non
2318 2002 2609 2057 corporum
2643 2004 2832 2054 more,
2883 2006 2979 2059 per
3026 1990 3322 2047 incisiones
3377 1999 3470 2045 aut
3514 1989 3765 2047 deﬂuxus

2181 2080 2536 2144 divisionum,
2571 2081 3031 2150 quemadmodum
3070 2078 3309 2137 Sabellio
3335 2082 3551 2137 videtur
3583 2082 3763 2138 etVa-

2181 2172 2417 2237 lentino,
2472 2172 2566 2227 sed
2626 2172 2994 2243 inexplicabili
3034 2181 3087 2228 et
3132 2174 3488 2229 inenarrabili
3525 2176 3761 2246 quodam

2182 2265 2365 2332 modo,
2409 2265 2567 2334 juxta
2600 2266 2879 2335 propheta:
2908 2266 3073 2321 verba
3116 2265 3162 2298 ³⁰
3198 2282 3319 2337 quae
3369 2283 3535 2337 supra
3570 2269 3765 2322 retuli-

2181 2373 2304 2412 mus
2339 2378 2351 2411 :
2386 2356 2784 2412 Generationem
2843 2357 2956 2427 ejus
3020 2358 3136 2427 quis
3191 2357 3504 2413 enarrabit?
3556 2357 3765 2429 Quippe

2184 2463 2305 2503 cum
2340 2448 2461 2519 ejus
2485 2448 2897 2504 subsistentiam
2937 2448 3085 2501 nulla
3120 2447 3368 2502 mortalis
3398 2456 3594 2501 natura
3637 2464 3763 2518 per-

2182 2541 2453 2610 vestigare
2477 2538 2673 2610 possit,
2700 2539 2843 2593 sicut
2877 2553 2978 2593 nec
3006 2536 3167 2593 Pater
3199 2538 3268 2592 ab
3302 2538 3411 2591 ullo
3451 2538 3765 2609 investigari

2182 2633 2402 2697 potest;
2443 2634 2731 2696 propterea
2788 2628 2934 2698 quod
2982 2626 3266 2682 rationalis
3301 2636 3495 2682 natura
3544 2627 3766 2682 modum

2184 2719 2380 2775 divinae
2410 2720 2559 2775 illius
2584 2736 2650 2775 ex
2672 2719 2833 2775 Patre
2866 2721 3235 2791 generationis
3267 2722 3546 2792 percipere
3586 2719 3767 2777 haud-

2184 2828 2459 2883 quaquam
2495 2813 2656 2868 valet.
2691 2811 2892 2867 Verum
2928 2813 3179 2868 homines
3207 2813 3302 2883 qui
3334 2811 3541 2884 Spiritu
3564 2813 3767 2868 verita-

2187 2906 2256 2961 tis
2290 2916 2607 2972 moventur,
2650 2920 2759 2962 non
2812 2920 2948 2975 opus
2982 2905 3184 2960 habent
3215 2907 3318 2962 ista
3348 2922 3376 2959 a
3408 2922 3492 2961 me
3520 2907 3765 2971 discere,

2186 3014 2309 3053 cum
2346 2998 2571 3052 auribus
2615 2998 2824 3053 nostris
2884 2998 3140 3054 insonent
3176 3000 3336 3054 verba
3386 3000 3496 3070 jam
3555 3000 3681 3054 olim
3737 3018 3766 3053 a

2186 3088 2406 3143 Christo
2434 3088 2537 3144 hac
2566 3089 2632 3144 de
2656 3105 2714 3145 re
2750 3091 2985 3159 prolata,
3010 3106 3223 3160 nosque
3252 3091 3325 3144 ita
3352 3092 3580 3146 doceant
3605 3110 3618 3146 :
3657 3090 3769 3144 Ne-

2188 3196 2272 3233 mo
2305 3182 2446 3234 novit
2477 3180 2695 3235 Patrem
2725 3182 2832 3235 nisi
2863 3180 3060 3248 Filius,
3093 3196 3141 3237 et
3168 3200 3316 3237 nemo
3349 3185 3489 3238 novit
3532 3184 3648 3255 quis
3698 3185 3769 3237 sit

2190 3269 2365 3326 Filius
2396 3273 2499 3325 nisi
2535 3270 2697 3325 Pater
2736 3271 2799 3327 ³¹.
2836 3269 2994 3327 Hunc
3022 3274 3400 3329 conversionis
3429 3289 3493 3327 ac
3520 3275 3770 3328 mutatio-

2188 3367 2276 3419 nis
2302 3371 2581 3434 expertem
2617 3362 2844 3434 perinde
2871 3378 2934 3418 ac
2974 3364 3210 3429 Patrem,
3244 3366 3450 3421 nullius
3496 3375 3767 3436 egentem,

2187 3466 2240 3509 et
2272 3454 2573 3525 perlectum
2596 3453 2814 3519 Filium,
2840 3453 3127 3524 Patrisque
3158 3455 3388 3511 similem
3414 3472 3537 3512 esse
3565 3457 3762 3511 didicir

2188 3561 2332 3610 mus,
2366 3547 2469 3600 hoc
2502 3548 2621 3602 solo
2643 3546 2959 3601 inferiorem
2982 3546 3162 3613 Patre,
3187 3546 3335 3616 quod
3372 3548 3768 3618 ingenitusnon

2186 3646 2287 3694 est.
2326 3638 2422 3695 Est
2442 3639 2591 3694 enim
2630 3638 2807 3710 imago
2838 3638 3017 3694 Patris
3051 3640 3404 3694 exactissima
3433 3649 3487 3695 et
3528 3641 3582 3695 in
3615 3643 3766 3696 nullo

2188 3731 2527 3803 discrepans.
2556 3732 2769 3803 Quippe
2798 3734 2988 3803 liquet,
3021 3749 3145 3788 eum
3182 3734 3473 3804 imaginem
3496 3750 3619 3789 esse
3652 3735 3761 3804 ple-

2189 3837 2258 3877 ne
2288 3825 2471 3876 omnia
2502 3824 2894 3887 continentem,
2924 3824 3124 3894 quibus
3181 3825 3416 3878 maxima
3471 3824 3771 3879 similitudo

2189 3912 2532 3978 declaratur,
2565 3915 2707 3970 sicut
2750 3916 2867 3984 ipse
2893 3915 3155 3972 Dominus
3204 3915 3426 3981 docuit,
3480 3932 3603 3971 cum
3648 3916 3767 3971 ait:

2189 4005 2355 4059 Pater
2383 4006 2558 4076 major
2590 4023 2669 4060 me
2695 4017 2773 4060 est
2800 4007 2863 4060 ³².
2918 4006 2982 4061 Et
3035 4010 3333 4064 secundum
3382 4008 3485 4063 hoc
3514 4006 3710 4062 Filium
3741 4024 3773 4062 e

2188 4096 2351 4152 Patre
2378 4113 2594 4169 semper
2623 4099 2893 4155 exsistere
2925 4100 3224 4155 credimus.
3258 4098 3357 4154 Est
3408 4101 3553 4156 enim
3598 4100 3772 4169 splen-

2189 4191 2287 4246 dor
2309 4199 2549 4262 paternte
2576 4192 2780 4263 gloriae,
2810 4206 2859 4248 et
2882 4194 3056 4264 ﬁgura
3082 4193 3395 4248 substantia:
3422 4193 3535 4262 ejus
3561 4193 3626 4249 ³³.
3663 4191 3772 4248 Sed

2192 4300 2352 4339 nemo
2403 4299 2525 4338 eam
2576 4300 2764 4340 vocem
2821 4301 3022 4354 semper
3066 4285 3132 4340 ad
3166 4284 3533 4354 suspicionem
3590 4285 3772 4338 trahat

2192 4375 2446 4444 Ingeniti,
2483 4374 2625 4429 sicut
2656 4375 2973 4430 existimant
3014 4376 3051 4429 ii
3105 4376 3199 4445 qui
3242 4389 3442 4430 sensus
3471 4374 3638 4428 animi
3673 4374 3774 4430 ob-

2193 4474 2423 4521 caecatos
2453 4466 2674 4522 habent.
2714 4466 2848 4521 Nam
2894 4483 2995 4522 nec
3035 4468 3260 4521 verbum
3291 4475 3434 4528 erat,
3498 4479 3598 4519 nec
3632 4481 3773 4519 sem--

509 4558 820 4625 σπουδάσει,
851 4559 1001 4630 δηλοῖ
1031 4560 1093 4614 τὸ
1130 4562 1446 4633 ἀγέννητον.
1489 4562 1577 4628 Ὡς
1616 4565 1711 4617 καὶ
1743 4565 1886 4634 ὑμᾶς
1918 4563 2083 4628 οὕτως

2192 4574 2301 4625 per,
2329 4573 2429 4613 nec
2455 4569 2576 4612 ante
2600 4558 2799 4613 sarcula
2832 4559 2974 4613 idem
3008 4565 3093 4612 est
3122 4557 3270 4627 quod
3300 4555 3626 4627 lngenitum.
3660 4554 3767 4610 Sed

509 4649 826 4721 ἐκδέχεσθαι
853 4650 1117 4718 πιστεύω,
1152 4654 1248 4708 καὶ
1284 4653 1600 4727 τεθάρρηκα
1628 4658 1694 4728 τῇ
1719 4656 1846 4728 περὶ
1869 4657 2083 4710 πάντων

2195 4666 2371 4720 neque
2406 4649 2552 4704 aliud
2598 4650 2769 4704 ullum
2803 4649 3131 4704 vocabulum
3171 4646 3406 4702 humana
3440 4661 3592 4701 mens
3622 4659 3773 4699 com-

510 4739 661 4812 ὑμῶν
695 4739 828 4812 ὀρθῇ
866 4741 1139 4813 προθέσει,
1187 4743 1329 4797 κατὰ
1378 4744 1580 4816 μηδένα
1633 4746 1834 4817 τρόπον
1883 4747 2089 4800 τούτων

514 4829 614 4885 τῶν
659 4829 939 4901 ὀνομάτων
982 4830 1043 4885 τὺ
1080 4833 1373 4904 ἀγέννητον
1402 4833 1721 4904 δηλούντων.
1764 4836 1947 4889 ’Έοικε
1981 4836 2089 4906 γὰρ

592 4987 637 5019 ³³
656 4980 996 5049 Ηοαη.ν,1.

511 5155 765 5223 naturam
796 5148 1157 5223 unigenit_am,
1192 5164 1307 5223 non
1336 5150 1483 5222 quod
1505 5151 1841 5223 illiiigenitus
1869 5151 2096 5206 inferior

509 5219 582 5289 sit
597 5216 775 5282 Patre,
799 5216 1057 5289 sedquod
1077 5235 1174 5289 per
1190 5216 1553 5289 illum—omnia
1576 5216 1707 5276 facit
1724 5222 1906 5287 Pater,
1941 5231 2001 5276 ut
2018 5224 2094 5275 ait

510 5285 748 5366 {cannea
779 5285 1137 5366 evangelista.
1185 5289 1342 5346 Unde
1368 5291 1434 5344 δι’
1451 5285 1529 5366 ρῦ
1560 5294 1792 5366 proprie
1830 5285 2096 5366 tribuitur

515 5353 672 5426 Filio,
722 5353 1187 5426 quemadmodum
1244 5370 1401 5416 notat
1448 5353 1690 5418 Basilius
1737 5364 1792 5417 in
1836 5363 1976 5417 libro
2019 5362 2095 5416 De

514 5423 719 5491 Spiritu
741 5423 953 5486 sancto.

583 5495 709 5571 ('54)_
728 5497 906 5567 Πὰσῃ
952 5499 1027 5570 τῇ
1071 5499 1333 5570 raw-nni
1375 5503 1577 5571 φύσει.
1629 5500 1812 5556 Malim
1854 5500 2095 5557 scribere

513 5568 736 5648 χξνητῇ,
766 5568 1458 5648 ηιιθιηιιᾱφοᾰυωιοςὶεεθ
1481 5572 1696 5648 videtur
1727 5572 2084 5648 Epiphanius.

514 5634 875 5711 Vertit—enim,
897 5641 1040 5694 omni
1054 5652 1245 5711 creata?
1267 5634 1474 5697 nitura:
1492 5634 1959 5711 imperscriitabili,
1979 5648 2083 5695 etc.

584 5707 695 5781 (ᾗῇ)
732 5706 982 5781 Πάντων
1024 5712 1134 5781 γὰρ
1174 5708 1327 5765 εἶναι
1364 5713 1480 5780 τὴν
1523 5706 1745 5766 εἰκόνα.
1792 5712 1850 5767 In
1900 5712 2088 5766 codice

516 5772 795 5832 Saviliano
825 5786 880 5832 et
916 5780 970 5833 in
1009 5772 1249 5837 edi-tione
1282 5772 1572 5838 Basil‘icnsi
1606 5785 1833 5838 verbum
1855 5782 2087 5836 interse-

515 5846 654 5903 ritur
693 5848 796 5904 hoc
824 5851 1008 5917 modo,
1061 5852 1275 5906 πάντων
1310 5853 1417 5927 γὰρ
1460 5848 1598 5907 εἶναι
1647 5852 1726 5908 δεῖ
1767 5851 1867 5924 τὴν
1907 5851 2089 5906 εἰκόνα

2197 4741 2413 4797 minisci
2450 4751 2628 4813 potest
2653 4742 2799 4813 quod
2829 4740 3099 4813 signiticet
3128 4741 3449 4812 ingenitum.
3496 4739 3672 4807 Atque
3696 4737 3772 4791 ita

2195 4851 2295 4891 vos
2327 4836 2629 4907 intelligere
2662 4837 2863 4902 credo,
2915 4848 3206 4906 vestroque
3277 4836 3330 4890 in
3381 4834 3650 4889 omnibus.
3689 4847 3779 4887 re-

1084 4986 1128 5018 ³⁰
1158 4985 1270 5042 Isa.
1296 5003 1413 5051 LIII,
1434 4989 1488 5046 8.
1567 4991 1607 5021 ⁸¹
1640 4989 1839 5046 Manli.
1874 5008 1947 5056 χι,
1977 4992 2065 5047 ‘27.

2187 4997 2192 5023 ι
2226 4991 2387 5046 Joan.
2418 5004 2525 5056 xw,
2552 4992 2642 5046 28.
2721 4993 2765 5025 ³³
2802 4991 2959 5047 Hebr.
3000 5008 3037 5055 l,
3076 4993 3128 5046 5.

2201 5156 2405 5226 πλήρη.
2439 5156 2612 5226 Atque
2643 5156 2715 5209 ita
2745 5157 2940 5226 legisse
2975 5156 3190 5209 videtur
3230 5152 3564 5226 Epiphanius
3600 5150 3773 5209 Scho-

2200 5225 2447 5281 lasticus.
2480 5225 2572 5280 Sic
2597 5228 2740 5281 enim
2775 5225 2957 5289 vertit,
3005 5234 3054 5279 et
3088 5227 3299 5279 omnino
3334 5225 3623 5293 imaginem
3644 5239 3771 5275 con-

2200 5298 2335 5350 venit
2363 5312 2474 5350 esse
2512 5297 2721 5365 plenam
2757 5313 2961 5363 eorum,
3001 5313 3091 5365 per
3123 5294 3247 5365 quw‘
3272 5312 3374 5365 non
3396 5292 3549 5365 desit
3568 5292 3774 5365 aliquid

2200 5366 2265 5421 ab
2306 5362 2609 5437 aequalitate
2635 5367 2748 5436 ejus
2780 5367 2929 5436 cujus
2950 5362 3144 5436 'imago'
3170 5374 3268 5437 est.
3306 5363 3411 5437 Sed
3440 5373 3493 5419 et
3520 5362 3772 5437 Christo-

2200 5434 2511 5508 phors'onus
2551 5434 2795 5508 eamdem
2828 5434 3156 5508 scripturam
3202 5434 3256 5508 in
3294 5436 3447 5508 libris
3474 5435 3601 5508 suis
3619 5449 3774 5504 repe-

2199 5505 2368 5569 i'erat,
2400 5509 2505 5563 nisi
2536 5507 2680 5578 quod
2702 5507 2811 5578 δεῖν
2834 5508 2889 5561 in
2910 5507 3020 5561 illis
3041 5506 3446 5578 exemplaribus
3472 5505 3771 5578 legebatur,

2196 5580 2392 5634 melius
2418 5575 2667 5635 fortasse.
2702 5577 2958 5633 Refertur
2982 5580 3125 5631 enim
3154 5577 3220 5630 ad
3252 5591 3437 5630 vocem
3467 5575 3624 5643 δῆλον
3653 5592 3774 5645 quae

2197 5650 2466 5719 sequitur.
2502 5649 2655 5719 Quod
2692 5651 2735 5704 si
2768 5647 2847 5699 δεῖ
2879 5648 3055 5718 legere
3084 5648 3362 5719 malimus,
3393 5655 3505 5719 t_um
3530 5647 3743 5719 scribet:

2197 5716 2326 5774 duin
2365 5722 2471 5775 erit
2495 5718 2767 5789 δηλοῦται,
2804 5728 2860 5773 ιιι
2885 5716 3081 5789 legitur
3112 5719 3165 5771 in
3189 5717 3375 5772 codice
3404 5716 3604 5771 Leonis
3637 5716 3774 5769 Alla-

2198 5793 2279 5856 tii,
2319 5805 2416 5860 pro
2447 5790 2622 5863 δῆλον.
