  <div class='ocr_page' id='page_1' title='image "/cluster/home/n/w/nwhite01/storage/ocr_20150623/18/coo.31924054872985/297.png"; bbox 0 0 4132 6406; ppageno 0'>
   <div class='ocr_carea' id='block_1_1' title="bbox 419 339 3690 422">
    <p class='ocr_par' dir='ltr' id='par_1_1' title="bbox 419 339 3690 422">
     <span class='ocr_line' id='line_1_1' title="bbox 419 339 3690 422; baseline -0.001 -17"><span class='ocrx_word' id='word_1_1' title='bbox 419 363 524 422; x_wconf 63' lang='grc' dir='ltr'><strong>ες]</strong></span> <span class='ocrx_word' id='word_1_2' title='bbox 1539 354 1596 407; x_wconf 89' lang='lat' dir='ltr'><strong>S.</strong></span> <span class='ocrx_word' id='word_1_3' title='bbox 1635 352 2037 406; x_wconf 74' lang='lat' dir='ltr'><strong>ALEXANDIU</strong></span> <span class='ocrx_word' id='word_1_4' title='bbox 2078 350 2546 407; x_wconf 73' lang='lat' dir='ltr'><strong>ALEXANDRINI</strong></span> <span class='ocrx_word' id='word_1_5' title='bbox 3582 339 3690 402; x_wconf 78' lang='lat'><strong>568</strong></span> 
     </span>
    </p>
   </div>
   <div class='ocr_carea' id='block_1_2' title="bbox 421 458 1976 540">
    <p class='ocr_par' dir='ltr' id='par_1_2' title="bbox 421 467 1976 540">
     <span class='ocr_line' id='line_1_2' title="bbox 421 467 1976 540; baseline -0.004 -13"><span class='ocrx_word' id='word_1_6' title='bbox 421 483 508 527; x_wconf 88' lang='lat' dir='ltr'><strong>cto</strong></span> <span class='ocrx_word' id='word_1_7' title='bbox 555 473 786 529; x_wconf 90' lang='lat' dir='ltr'><strong>consilio</strong></span> <span class='ocrx_word' id='word_1_8' title='bbox 835 486 898 527; x_wconf 88' lang='lat' dir='ltr'><strong>ac</strong></span> <span class='ocrx_word' id='word_1_9' title='bbox 946 469 1229 540; x_wconf 88' lang='lat' dir='ltr'><strong>proposito</strong></span> <span class='ocrx_word' id='word_1_10' title='bbox 1281 467 1530 530; x_wconf 64' lang='lat' dir='ltr'><strong>conﬁdo,</strong></span> <span class='ocrx_word' id='word_1_11' title='bbox 1559 467 1976 538; x_wconf 85' lang='lat' dir='ltr'><strong>quandoquiden</strong></span> 
     </span>
    </p>
   </div>
   <div class='ocr_carea' id='block_1_3' title="bbox 2078 458 3686 540">
    <p class='ocr_par' dir='ltr' id='par_1_3' title="bbox 2097 458 3686 536">
     <span class='ocr_line' id='line_1_3' title="bbox 2097 458 3686 536; baseline -0.003 -16"><span class='ocrx_word' id='word_1_12' title='bbox 2097 467 2261 520; x_wconf 73' lang='grc' dir='ltr'>οἱονεὶ</span> <span class='ocrx_word' id='word_1_13' title='bbox 2302 466 2509 536; x_wconf 81' lang='grc' dir='ltr'>χρόνων</span> <span class='ocrx_word' id='word_1_14' title='bbox 2548 458 2688 516; x_wconf 78' lang='grc' dir='ltr'>εῖναι</span> <span class='ocrx_word' id='word_1_15' title='bbox 2738 463 3076 534; x_wconf 87' lang='grc' dir='ltr'>παρέκτασις</span> <span class='ocrx_word' id='word_1_16' title='bbox 3107 459 3279 515; x_wconf 83' lang='grc' dir='ltr'>ταῦτα</span> <span class='ocrx_word' id='word_1_17' title='bbox 3319 461 3389 515; x_wconf 85' lang='grc' dir='ltr'>τὰ</span> <span class='ocrx_word' id='word_1_18' title='bbox 3425 461 3686 532; x_wconf 82' lang='grc' dir='ltr'>ὀνόματα,</span> 
     </span>
    </p>
   </div>
   <div class='ocr_carea' id='block_1_4' title="bbox 419 561 1997 634">
    <p class='ocr_par' dir='ltr' id='par_1_4' title="bbox 419 561 1997 634">
     <span class='ocr_line' id='line_1_4' title="bbox 419 561 1997 634; baseline -0.007 -9"><span class='ocrx_word' id='word_1_19' title='bbox 419 572 536 626; x_wconf 67' lang='lat' dir='ltr'><strong>haac</strong></span> <span class='ocrx_word' id='word_1_20' title='bbox 559 567 723 623; x_wconf 89' lang='lat' dir='ltr'><strong>verba</strong></span> <span class='ocrx_word' id='word_1_21' title='bbox 751 564 1066 619; x_wconf 75' lang='lat' dir='ltr'><strong>nullatenus</strong></span> <span class='ocrx_word' id='word_1_22' title='bbox 1093 562 1393 632; x_wconf 88' lang='lat' dir='ltr'><strong>ingenitum</strong></span> <span class='ocrx_word' id='word_1_23' title='bbox 1426 561 1752 634; x_wconf 79' lang='lat' dir='ltr'><strong>signiﬁcant.</strong></span> <span class='ocrx_word' id='word_1_24' title='bbox 1786 561 1997 616; x_wconf 87' lang='lat' dir='ltr'><strong>Etenim</strong></span> 
     </span>
    </p>
   </div>
   <div class='ocr_carea' id='block_1_5' title="bbox 418 654 2000 724">
    <p class='ocr_par' dir='ltr' id='par_1_5' title="bbox 418 654 2000 724">
     <span class='ocr_line' id='line_1_5' title="bbox 418 654 2000 724; baseline -0.005 -8"><span class='ocrx_word' id='word_1_25' title='bbox 418 663 534 716; x_wconf 80' lang='lat' dir='ltr'><strong>haec</strong></span> <span class='ocrx_word' id='word_1_26' title='bbox 560 659 724 713; x_wconf 87' lang='lat' dir='ltr'><strong>verba</strong></span> <span class='ocrx_word' id='word_1_27' title='bbox 747 657 886 709; x_wconf 90' lang='lat' dir='ltr'><strong>nihil</strong></span> <span class='ocrx_word' id='word_1_28' title='bbox 913 654 1062 709; x_wconf 85' lang='lat' dir='ltr'><strong>aliud</strong></span> <span class='ocrx_word' id='word_1_29' title='bbox 1091 655 1347 709; x_wconf 86' lang='lat' dir='ltr'><strong>videnlur</strong></span> <span class='ocrx_word' id='word_1_30' title='bbox 1389 670 1514 710; x_wconf 88' lang='lat' dir='ltr'><strong>esse</strong></span> <span class='ocrx_word' id='word_1_31' title='bbox 1541 669 1704 724; x_wconf 90' lang='lat' dir='ltr'><strong>quam</strong></span> <span class='ocrx_word' id='word_1_32' title='bbox 1737 654 2000 723; x_wconf 87' lang='lat' dir='ltr'><strong>temporis</strong></span> 
     </span>
    </p>
   </div>
   <div class='ocr_carea' id='block_1_6' title="bbox 421 747 1997 822">
    <p class='ocr_par' dir='ltr' id='par_1_6' title="bbox 421 747 1997 822">
     <span class='ocr_line' id='line_1_6' title="bbox 421 747 1997 822; baseline -0.004 -17"><span class='ocrx_word' id='word_1_33' title='bbox 421 751 706 822; x_wconf 77' lang='lat' dir='ltr'><strong>productio</strong></span> <span class='ocrx_word' id='word_1_34' title='bbox 741 770 754 806; x_wconf 94' lang='lat'>:</span> <span class='ocrx_word' id='word_1_35' title='bbox 791 749 888 806; x_wconf 85' lang='lat' dir='ltr'><strong>sed</strong></span> <span class='ocrx_word' id='word_1_36' title='bbox 921 748 1263 804; x_wconf 78' lang='lat' dir='ltr'><strong>divinitatem</strong></span> <span class='ocrx_word' id='word_1_37' title='bbox 1289 787 1305 813; x_wconf 93' lang='lat'><strong>,</strong></span> <span class='ocrx_word' id='word_1_38' title='bbox 1335 754 1390 802; x_wconf 90' lang='lat' dir='ltr'><strong>et</strong></span> <span class='ocrx_word' id='word_1_39' title='bbox 1420 747 1577 818; x_wconf 87' lang='lat' dir='ltr'><strong>quasi</strong></span> <span class='ocrx_word' id='word_1_40' title='bbox 1623 747 1997 817; x_wconf 85' lang='lat' dir='ltr'><strong>antiquitatem</strong></span> 
     </span>
    </p>
   </div>
   <div class='ocr_carea' id='block_1_7' title="bbox 420 839 1998 914">
    <p class='ocr_par' dir='ltr' id='par_1_7' title="bbox 420 839 1998 914">
     <span class='ocr_line' id='line_1_7' title="bbox 420 839 1998 914; baseline -0.003 -16"><span class='ocrx_word' id='word_1_41' title='bbox 420 843 693 914; x_wconf 83' lang='lat' dir='ltr'><strong>Unigeniti</strong></span> <span class='ocrx_word' id='word_1_42' title='bbox 724 856 823 913; x_wconf 90' lang='lat' dir='ltr'><strong>pro</strong></span> <span class='ocrx_word' id='word_1_43' title='bbox 855 841 1119 913; x_wconf 74' lang='lat' dir='ltr'><strong>dignitate</strong></span> <span class='ocrx_word' id='word_1_44' title='bbox 1161 839 1469 910; x_wconf 80' lang='lat' dir='ltr'><strong>exprimere</strong></span> <span class='ocrx_word' id='word_1_45' title='bbox 1515 853 1623 893; x_wconf 94' lang='lat' dir='ltr'><strong>non</strong></span> <span class='ocrx_word' id='word_1_46' title='bbox 1653 849 1884 910; x_wconf 89' lang='lat' dir='ltr'><strong>possunt</strong></span> <span class='ocrx_word' id='word_1_47' title='bbox 1916 858 1930 894; x_wconf 90' lang='lat'><strong>:</strong></span> <span class='ocrx_word' id='word_1_48' title='bbox 1967 853 1998 893; x_wconf 89' lang='lat' dir='ltr'><strong>a</strong></span> 
     </span>
    </p>
   </div>
   <div class='ocr_carea' id='block_1_8' title="bbox 419 930 1997 1002">
    <p class='ocr_par' dir='ltr' id='par_1_8' title="bbox 419 930 1997 1002">
     <span class='ocr_line' id='line_1_8' title="bbox 419 930 1997 1002; baseline -0.004 -11"><span class='ocrx_word' id='word_1_49' title='bbox 419 935 620 991; x_wconf 84' lang='lat' dir='ltr'><strong>sanctis</strong></span> <span class='ocrx_word' id='word_1_50' title='bbox 657 942 838 989; x_wconf 90' lang='lat' dir='ltr'><strong>autem</strong></span> <span class='ocrx_word' id='word_1_51' title='bbox 871 933 1006 989; x_wconf 87' lang='lat' dir='ltr'><strong>viris</strong></span> <span class='ocrx_word' id='word_1_52' title='bbox 1039 931 1248 1002; x_wconf 87' lang='lat' dir='ltr'><strong>prolata</strong></span> <span class='ocrx_word' id='word_1_53' title='bbox 1275 937 1433 995; x_wconf 88' lang='lat' dir='ltr'><strong>sunt,</strong></span> <span class='ocrx_word' id='word_1_54' title='bbox 1470 930 1599 984; x_wconf 91' lang='lat' dir='ltr'><strong>dum</strong></span> <span class='ocrx_word' id='word_1_55' title='bbox 1645 931 1842 1000; x_wconf 83' lang='lat' dir='ltr'><strong>singuli</strong></span> <span class='ocrx_word' id='word_1_56' title='bbox 1893 931 1997 985; x_wconf 92' lang='lat' dir='ltr'><strong>hoc</strong></span> 
     </span>
    </p>
   </div>
   <div class='ocr_carea' id='block_1_9' title="bbox 417 1023 1997 1098">
    <p class='ocr_par' dir='ltr' id='par_1_9' title="bbox 417 1023 1997 1098">
     <span class='ocr_line' id='line_1_9' title="bbox 417 1023 1997 1098; baseline -0.002 -17"><span class='ocrx_word' id='word_1_57' title='bbox 417 1027 731 1097; x_wconf 84' lang='lat' dir='ltr'><strong>mysterium</strong></span> <span class='ocrx_word' id='word_1_58' title='bbox 765 1041 865 1098; x_wconf 90' lang='lat' dir='ltr'><strong>pro</strong></span> <span class='ocrx_word' id='word_1_59' title='bbox 890 1034 1056 1097; x_wconf 90' lang='lat' dir='ltr'><strong>captu</strong></span> <span class='ocrx_word' id='word_1_60' title='bbox 1103 1040 1202 1079; x_wconf 91' lang='lat' dir='ltr'><strong>suo</strong></span> <span class='ocrx_word' id='word_1_61' title='bbox 1233 1024 1484 1079; x_wconf 88' lang='lat' dir='ltr'><strong>nituntur</strong></span> <span class='ocrx_word' id='word_1_62' title='bbox 1526 1023 1860 1093; x_wconf 80' lang='lat' dir='ltr'><strong>exprimere,</strong></span> <span class='ocrx_word' id='word_1_63' title='bbox 1905 1039 1997 1078; x_wconf 82' lang='lat' dir='ltr'><strong>ve-</strong></span> 
     </span>
    </p>
   </div>
   <div class='ocr_carea' id='block_1_10' title="bbox 417 1115 1998 1188">
    <p class='ocr_par' dir='ltr' id='par_1_10' title="bbox 417 1115 1998 1188">
     <span class='ocr_line' id='line_1_10' title="bbox 417 1115 1998 1188; baseline -0.003 -16"><span class='ocrx_word' id='word_1_64' title='bbox 417 1119 562 1172; x_wconf 87' lang='lat' dir='ltr'><strong>niam</strong></span> <span class='ocrx_word' id='word_1_65' title='bbox 587 1125 834 1188; x_wconf 89' lang='lat' dir='ltr'><strong>petentes</strong></span> <span class='ocrx_word' id='word_1_66' title='bbox 871 1117 939 1172; x_wconf 90' lang='lat' dir='ltr'><strong>ab</strong></span> <span class='ocrx_word' id='word_1_67' title='bbox 966 1115 1332 1179; x_wconf 90' lang='lat' dir='ltr'><strong>auditoribus,</strong></span> <span class='ocrx_word' id='word_1_68' title='bbox 1364 1130 1487 1170; x_wconf 92' lang='lat' dir='ltr'><strong>cum</strong></span> <span class='ocrx_word' id='word_1_69' title='bbox 1518 1115 1668 1184; x_wconf 91' lang='lat' dir='ltr'><strong>justa</strong></span> <span class='ocrx_word' id='word_1_70' title='bbox 1704 1130 1766 1169; x_wconf 91' lang='lat' dir='ltr'><strong>ac</strong></span> <span class='ocrx_word' id='word_1_71' title='bbox 1800 1115 1998 1184; x_wconf 77' lang='lat' dir='ltr'><strong>proba-</strong></span> 
     </span>
    </p>
   </div>
   <div class='ocr_carea' id='block_1_11' title="bbox 416 1207 1991 1277">
    <p class='ocr_par' dir='ltr' id='par_1_11' title="bbox 416 1207 1991 1277">
     <span class='ocr_line' id='line_1_11' title="bbox 416 1207 1991 1277; baseline -0.001 -13"><span class='ocrx_word' id='word_1_72' title='bbox 416 1210 508 1264; x_wconf 85' lang='lat' dir='ltr'><strong>bili</strong></span> <span class='ocrx_word' id='word_1_73' title='bbox 538 1211 894 1265; x_wconf 83' lang='lat' dir='ltr'><strong>excusatione</strong></span> <span class='ocrx_word' id='word_1_74' title='bbox 936 1208 1208 1264; x_wconf 90' lang='lat' dir='ltr'><strong>dicendo:</strong></span> <span class='ocrx_word' id='word_1_75' title='bbox 1248 1207 1366 1262; x_wconf 85' lang='lat' dir='ltr'><strong>lluc</strong></span> <span class='ocrx_word' id='word_1_76' title='bbox 1424 1222 1598 1277; x_wconf 88' lang='lat' dir='ltr'><strong>usque</strong></span> <span class='ocrx_word' id='word_1_77' title='bbox 1647 1207 1991 1277; x_wconf 85' lang='lat' dir='ltr'><strong>pertigimus.</strong></span> 
     </span>
    </p>
   </div>
   <div class='ocr_carea' id='block_1_12' title="bbox 382 1299 1996 1371">
    <p class='ocr_par' dir='ltr' id='par_1_12' title="bbox 382 1299 1996 1371">
     <span class='ocr_line' id='line_1_12' title="bbox 382 1299 1996 1371; baseline -0.001 -17"><span class='ocrx_word' id='word_1_78' title='bbox 382 1301 566 1370; x_wconf 75' lang='lat' dir='ltr'><strong>~Quod</strong></span> <span class='ocrx_word' id='word_1_79' title='bbox 599 1302 643 1356; x_wconf 89' lang='lat' dir='ltr'><strong>si</strong></span> <span class='ocrx_word' id='word_1_80' title='bbox 675 1301 765 1371; x_wconf 90' lang='lat' dir='ltr'><strong>qui</strong></span> <span class='ocrx_word' id='word_1_81' title='bbox 817 1309 975 1361; x_wconf 91' lang='lat' dir='ltr'><strong>sunt,</strong></span> <span class='ocrx_word' id='word_1_82' title='bbox 1017 1301 1108 1370; x_wconf 92' lang='lat' dir='ltr'><strong>qui</strong></span> <span class='ocrx_word' id='word_1_83' title='bbox 1159 1299 1226 1354; x_wconf 90' lang='lat' dir='ltr'><strong>ab</strong></span> <span class='ocrx_word' id='word_1_84' title='bbox 1280 1315 1375 1355; x_wconf 90' lang='lat' dir='ltr'><strong>ore</strong></span> <span class='ocrx_word' id='word_1_85' title='bbox 1430 1299 1644 1354; x_wconf 80' lang='lat' dir='ltr'><strong>mortali</strong></span> <span class='ocrx_word' id='word_1_86' title='bbox 1677 1313 1863 1354; x_wconf 87' lang='lat' dir='ltr'><strong>vocem</strong></span> <span class='ocrx_word' id='word_1_87' title='bbox 1897 1299 1996 1353; x_wconf 92' lang='lat' dir='ltr'><strong>ali-</strong></span> 
     </span>
    </p>
   </div>
   <div class='ocr_carea' id='block_1_13' title="bbox 413 1392 1994 1463">
    <p class='ocr_par' dir='ltr' id='par_1_13' title="bbox 413 1392 1994 1463">
     <span class='ocr_line' id='line_1_13' title="bbox 413 1392 1994 1463; baseline 0.001 -18"><span class='ocrx_word' id='word_1_88' title='bbox 413 1407 575 1462; x_wconf 92' lang='lat' dir='ltr'><strong>quam</strong></span> <span class='ocrx_word' id='word_1_89' title='bbox 603 1401 919 1463; x_wconf 71' lang='lat' dir='ltr'><strong>eXSpectent</strong></span> <span class='ocrx_word' id='word_1_90' title='bbox 951 1393 1386 1463; x_wconf 66' lang='lat' dir='ltr'><strong>praestantiorem</strong></span> <span class='ocrx_word' id='word_1_91' title='bbox 1424 1392 1665 1446; x_wconf 89' lang='lat' dir='ltr'><strong>humano</strong></span> <span class='ocrx_word' id='word_1_92' title='bbox 1694 1407 1858 1448; x_wconf 87' lang='lat' dir='ltr'><strong>sensu</strong></span> <span class='ocrx_word' id='word_1_93' title='bbox 1901 1407 1994 1447; x_wconf 91' lang='lat' dir='ltr'><strong>ca-</strong></span> 
     </span>
    </p>
   </div>
   <div class='ocr_carea' id='block_1_14' title="bbox 413 1483 1994 1554">
    <p class='ocr_par' dir='ltr' id='par_1_14' title="bbox 413 1483 1994 1554">
     <span class='ocr_line' id='line_1_14' title="bbox 413 1483 1994 1554; baseline 0.002 -17"><span class='ocrx_word' id='word_1_94' title='bbox 413 1490 636 1552; x_wconf 89' lang='lat' dir='ltr'><strong>ptuque,</strong></span> <span class='ocrx_word' id='word_1_95' title='bbox 665 1485 866 1538; x_wconf 88' lang='lat' dir='ltr'><strong>abolita</strong></span> <span class='ocrx_word' id='word_1_96' title='bbox 892 1499 1038 1550; x_wconf 89' lang='lat' dir='ltr'><strong>esse,</strong></span> <span class='ocrx_word' id='word_1_97' title='bbox 1057 1483 1324 1552; x_wconf 86' lang='lat' dir='ltr'><strong>dicentes,</strong></span> <span class='ocrx_word' id='word_1_98' title='bbox 1343 1499 1407 1539; x_wconf 92' lang='lat' dir='ltr'><strong>ea</strong></span> <span class='ocrx_word' id='word_1_99' title='bbox 1437 1499 1559 1554; x_wconf 75' lang='lat' dir='ltr'><strong>qua:</strong></span> <span class='ocrx_word' id='word_1_100' title='bbox 1586 1483 1722 1553; x_wconf 80' lang='lat' dir='ltr'><strong>ipsis</strong></span> <span class='ocrx_word' id='word_1_101' title='bbox 1748 1499 1813 1539; x_wconf 89' lang='lat' dir='ltr'><strong>ex</strong></span> <span class='ocrx_word' id='word_1_102' title='bbox 1841 1493 1994 1554; x_wconf 91' lang='lat' dir='ltr'><strong>parte</strong></span> 
     </span>
    </p>
   </div>
   <div class='ocr_carea' id='block_1_15' title="bbox 411 1575 1990 1648">
    <p class='ocr_par' dir='ltr' id='par_1_15' title="bbox 411 1575 1990 1648">
     <span class='ocr_line' id='line_1_15' title="bbox 411 1575 1990 1648; baseline 0.001 -20"><span class='ocrx_word' id='word_1_103' title='bbox 411 1583 540 1628; x_wconf 90' lang='lat' dir='ltr'><strong>sunt</strong></span> <span class='ocrx_word' id='word_1_104' title='bbox 569 1576 820 1646; x_wconf 81' lang='lat' dir='ltr'><strong>cognita;</strong></span> <span class='ocrx_word' id='word_1_105' title='bbox 868 1577 1031 1648; x_wconf 83' lang='lat' dir='ltr'><strong>longe</strong></span> <span class='ocrx_word' id='word_1_106' title='bbox 1093 1576 1338 1648; x_wconf 82' lang='lat' dir='ltr'><strong>profecto</strong></span> <span class='ocrx_word' id='word_1_107' title='bbox 1373 1575 1605 1631; x_wconf 82' lang='lat' dir='ltr'><strong>inferius</strong></span> <span class='ocrx_word' id='word_1_108' title='bbox 1646 1585 1730 1631; x_wconf 89' lang='lat' dir='ltr'><strong>est</strong></span> <span class='ocrx_word' id='word_1_109' title='bbox 1773 1577 1990 1630; x_wconf 91' lang='lat' dir='ltr'><strong>illorum</strong></span> 
     </span>
    </p>
   </div>
   <div class='ocr_carea' id='block_1_16' title="bbox 409 1669 1993 1739">
    <p class='ocr_par' dir='ltr' id='par_1_16' title="bbox 409 1669 1993 1739">
     <span class='ocr_line' id='line_1_16' title="bbox 409 1669 1993 1739; baseline 0.003 -19"><span class='ocrx_word' id='word_1_110' title='bbox 409 1682 505 1736; x_wconf 89' lang='lat' dir='ltr'><strong>spe</strong></span> <span class='ocrx_word' id='word_1_111' title='bbox 534 1674 697 1738; x_wconf 87' lang='lat' dir='ltr'><strong>atque</strong></span> <span class='ocrx_word' id='word_1_112' title='bbox 724 1671 1134 1739; x_wconf 82' lang='lat' dir='ltr'><strong>exspectatione</strong></span> <span class='ocrx_word' id='word_1_113' title='bbox 1176 1669 1402 1724; x_wconf 83' lang='lat' dir='ltr'><strong>verbum</strong></span> <span class='ocrx_word' id='word_1_114' title='bbox 1433 1680 1571 1730; x_wconf 82' lang='lat' dir='ltr'><strong>erat,</strong></span> <span class='ocrx_word' id='word_1_115' title='bbox 1606 1675 1661 1723; x_wconf 91' lang='lat' dir='ltr'><strong>et</strong></span> <span class='ocrx_word' id='word_1_116' title='bbox 1691 1685 1912 1738; x_wconf 84' lang='lat' dir='ltr'><strong>semper,</strong></span> <span class='ocrx_word' id='word_1_117' title='bbox 1939 1678 1993 1724; x_wconf 94' lang='lat' dir='ltr'><strong>et</strong></span> 
     </span>
    </p>
   </div>
   <div class='ocr_carea' id='block_1_17' title="bbox 409 1758 1987 1831">
    <p class='ocr_par' dir='ltr' id='par_1_17' title="bbox 409 1758 1987 1831">
     <span class='ocr_line' id='line_1_17' title="bbox 409 1758 1987 1831; baseline 0.002 -21"><span class='ocrx_word' id='word_1_118' title='bbox 409 1767 528 1812; x_wconf 84' lang='lat' dir='ltr'><strong>ante</strong></span> <span class='ocrx_word' id='word_1_119' title='bbox 563 1759 780 1814; x_wconf 64' lang='lat' dir='ltr'><strong>saecula.</strong></span> <span class='ocrx_word' id='word_1_120' title='bbox 822 1760 886 1813; x_wconf 90' lang='lat' dir='ltr'><strong>Et</strong></span> <span class='ocrx_word' id='word_1_121' title='bbox 918 1760 1183 1831; x_wconf 90' lang='lat' dir='ltr'><strong>quidquid</strong></span> <span class='ocrx_word' id='word_1_122' title='bbox 1212 1759 1429 1815; x_wconf 87' lang='lat' dir='ltr'><strong>tandem</strong></span> <span class='ocrx_word' id='word_1_123' title='bbox 1480 1761 1752 1830; x_wconf 92' lang='lat' dir='ltr'><strong>prolatum</strong></span> <span class='ocrx_word' id='word_1_124' title='bbox 1781 1758 1987 1827; x_wconf 78' lang='lat' dir='ltr'><strong>fuerit,</strong></span> 
     </span>
    </p>
   </div>
   <div class='ocr_carea' id='block_1_18' title="bbox 407 1840 2062 1925">
    <p class='ocr_par' dir='ltr' id='par_1_18' title="bbox 407 1840 2062 1925">
     <span class='ocr_line' id='line_1_18' title="bbox 407 1840 2062 1925; baseline 0.002 -20"><span class='ocrx_word' id='word_1_125' title='bbox 407 1867 515 1908; x_wconf 91' lang='lat' dir='ltr'><strong>non</strong></span> <span class='ocrx_word' id='word_1_126' title='bbox 548 1852 692 1906; x_wconf 91' lang='lat' dir='ltr'><strong>idem</strong></span> <span class='ocrx_word' id='word_1_127' title='bbox 739 1862 824 1909; x_wconf 92' lang='lat' dir='ltr'><strong>est</strong></span> <span class='ocrx_word' id='word_1_128' title='bbox 865 1870 990 1909; x_wconf 90' lang='lat' dir='ltr'><strong>cum</strong></span> <span class='ocrx_word' id='word_1_129' title='bbox 1044 1855 1313 1925; x_wconf 83' lang='lat' dir='ltr'><strong>Ingenito.</strong></span> <span class='ocrx_word' id='word_1_130' title='bbox 1351 1852 1539 1923; x_wconf 87' lang='lat' dir='ltr'><strong>Itaque</strong></span> <span class='ocrx_word' id='word_1_131' title='bbox 1584 1852 1734 1908; x_wconf 84' lang='lat' dir='ltr'><strong>Patri</strong></span> <span class='ocrx_word' id='word_1_132' title='bbox 1767 1853 1988 1924; x_wconf 86' lang='lat' dir='ltr'><strong>quidem</strong></span> <span class='ocrx_word' id='word_1_133' title='bbox 2020 1840 2062 1895; x_wconf 83' lang='grc' dir='ltr'><strong>Β</strong></span> 
     </span>
    </p>
   </div>
   <div class='ocr_carea' id='block_1_19' title="bbox 405 1943 1989 2017">
    <p class='ocr_par' dir='ltr' id='par_1_19' title="bbox 405 1943 1989 2017">
     <span class='ocr_line' id='line_1_19' title="bbox 405 1943 1989 2017; baseline 0.003 -22"><span class='ocrx_word' id='word_1_134' title='bbox 405 1943 648 2014; x_wconf 85' lang='lat' dir='ltr'><strong>ingenito</strong></span> <span class='ocrx_word' id='word_1_135' title='bbox 673 1946 950 2016; x_wconf 89' lang='lat' dir='ltr'><strong>propriam</strong></span> <span class='ocrx_word' id='word_1_136' title='bbox 988 1944 1312 2017; x_wconf 84' lang='lat' dir='ltr'><strong>dignitatem</strong></span> <span class='ocrx_word' id='word_1_137' title='bbox 1343 1961 1563 2002; x_wconf 89' lang='lat' dir='ltr'><strong>servare</strong></span> <span class='ocrx_word' id='word_1_138' title='bbox 1595 1955 1832 2015; x_wconf 76' lang='lat' dir='ltr'><strong>oportet,</strong></span> <span class='ocrx_word' id='word_1_139' title='bbox 1865 1945 1989 2000; x_wconf 84' lang='lat' dir='ltr'><strong>nul—</strong></span> 
     </span>
    </p>
   </div>
   <div class='ocr_carea' id='block_1_20' title="bbox 403 2036 1988 2107">
    <p class='ocr_par' dir='ltr' id='par_1_20' title="bbox 403 2036 1988 2107">
     <span class='ocr_line' id='line_1_20' title="bbox 403 2036 1988 2107; baseline 0.002 -18"><span class='ocrx_word' id='word_1_140' title='bbox 403 2036 511 2090; x_wconf 89' lang='lat' dir='ltr'><strong>lam</strong></span> <span class='ocrx_word' id='word_1_141' title='bbox 537 2052 662 2092; x_wconf 91' lang='lat' dir='ltr'><strong>eum</strong></span> <span class='ocrx_word' id='word_1_142' title='bbox 697 2037 896 2093; x_wconf 88' lang='lat' dir='ltr'><strong>habere</strong></span> <span class='ocrx_word' id='word_1_143' title='bbox 928 2037 1265 2094; x_wconf 65' lang='lat' dir='ltr'><strong>exsistentite</strong></span> <span class='ocrx_word' id='word_1_144' title='bbox 1298 2053 1411 2094; x_wconf 75' lang='lat' dir='ltr'><strong>suae</strong></span> <span class='ocrx_word' id='word_1_145' title='bbox 1461 2052 1684 2095; x_wconf 88' lang='lat' dir='ltr'><strong>causam</strong></span> <span class='ocrx_word' id='word_1_146' title='bbox 1731 2037 1988 2107; x_wconf 82' lang='lat' dir='ltr'><strong>proﬁten-</strong></span> 
     </span>
    </p>
   </div>
   <div class='ocr_carea' id='block_1_21' title="bbox 402 2127 1984 2202">
    <p class='ocr_par' dir='ltr' id='par_1_21' title="bbox 402 2127 1984 2202">
     <span class='ocr_line' id='line_1_21' title="bbox 402 2127 1984 2202; baseline 0.003 -21"><span class='ocrx_word' id='word_1_147' title='bbox 402 2127 512 2182; x_wconf 89' lang='lat' dir='ltr'><strong>do:</strong></span> <span class='ocrx_word' id='word_1_148' title='bbox 547 2128 688 2186; x_wconf 88' lang='lat' dir='ltr'><strong>Filio</strong></span> <span class='ocrx_word' id='word_1_149' title='bbox 736 2147 865 2188; x_wconf 87' lang='lat' dir='ltr'><strong>vero</strong></span> <span class='ocrx_word' id='word_1_150' title='bbox 907 2140 1223 2202; x_wconf 86' lang='lat' dir='ltr'><strong>competens</strong></span> <span class='ocrx_word' id='word_1_151' title='bbox 1272 2131 1450 2187; x_wconf 88' lang='lat' dir='ltr'><strong>honor</strong></span> <span class='ocrx_word' id='word_1_152' title='bbox 1499 2133 1819 2188; x_wconf 90' lang='lat' dir='ltr'><strong>tribuendus</strong></span> <span class='ocrx_word' id='word_1_153' title='bbox 1867 2139 1984 2196; x_wconf 90' lang='lat' dir='ltr'><strong>est,</strong></span> 
     </span>
    </p>
   </div>
   <div class='ocr_carea' id='block_1_22' title="bbox 399 2220 1989 2294">
    <p class='ocr_par' dir='ltr' id='par_1_22' title="bbox 399 2220 1989 2294">
     <span class='ocr_line' id='line_1_22' title="bbox 399 2220 1989 2294; baseline 0.004 -20"><span class='ocrx_word' id='word_1_154' title='bbox 399 2220 672 2292; x_wconf 88' lang='lat' dir='ltr'><strong>principio</strong></span> <span class='ocrx_word' id='word_1_155' title='bbox 699 2234 974 2279; x_wconf 89' lang='lat' dir='ltr'><strong>carentem</strong></span> <span class='ocrx_word' id='word_1_156' title='bbox 1008 2239 1074 2279; x_wconf 89' lang='lat' dir='ltr'><strong>ex</strong></span> <span class='ocrx_word' id='word_1_157' title='bbox 1105 2223 1269 2278; x_wconf 87' lang='lat' dir='ltr'><strong>Patre</strong></span> <span class='ocrx_word' id='word_1_158' title='bbox 1310 2225 1720 2294; x_wconf 80' lang='lat' dir='ltr'><strong>generationem</strong></span> <span class='ocrx_word' id='word_1_159' title='bbox 1767 2225 1817 2280; x_wconf 91' lang='lat' dir='ltr'><strong>ei</strong></span> <span class='ocrx_word' id='word_1_160' title='bbox 1848 2226 1989 2282; x_wconf 82' lang='lat' dir='ltr'><strong>assi-</strong></span> 
     </span>
    </p>
   </div>
   <div class='ocr_carea' id='block_1_23' title="bbox 399 2313 1984 2386">
    <p class='ocr_par' dir='ltr' id='par_1_23' title="bbox 399 2313 1984 2386">
     <span class='ocr_line' id='line_1_23' title="bbox 399 2313 1984 2386; baseline 0.004 -20"><span class='ocrx_word' id='word_1_161' title='bbox 399 2313 640 2381; x_wconf 83' lang='lat' dir='ltr'><strong>gnando,</strong></span> <span class='ocrx_word' id='word_1_162' title='bbox 672 2313 990 2384; x_wconf 88' lang='lat' dir='ltr'><strong>cultumque</strong></span> <span class='ocrx_word' id='word_1_163' title='bbox 1048 2315 1120 2379; x_wconf 89' lang='lat' dir='ltr'><strong>ei,</strong></span> <span class='ocrx_word' id='word_1_164' title='bbox 1149 2316 1292 2370; x_wconf 77' lang='lat' dir='ltr'><strong>sicut</strong></span> <span class='ocrx_word' id='word_1_165' title='bbox 1347 2315 1607 2381; x_wconf 81' lang='lat' dir='ltr'><strong>diximus,</strong></span> <span class='ocrx_word' id='word_1_166' title='bbox 1636 2316 1984 2386; x_wconf 90' lang='lat' dir='ltr'><strong>exhibendo;</strong></span> 
     </span>
    </p>
   </div>
   <div class='ocr_carea' id='block_1_24' title="bbox 399 2403 1983 2477">
    <p class='ocr_par' dir='ltr' id='par_1_24' title="bbox 399 2403 1983 2477">
     <span class='ocr_line' id='line_1_24' title="bbox 399 2403 1983 2477; baseline 0.004 -20"><span class='ocrx_word' id='word_1_167' title='bbox 399 2403 472 2457; x_wconf 85' lang='lat' dir='ltr'><strong>ita</strong></span> <span class='ocrx_word' id='word_1_168' title='bbox 511 2410 572 2457; x_wconf 92' lang='lat' dir='ltr'><strong>ut</strong></span> <span class='ocrx_word' id='word_1_169' title='bbox 599 2404 978 2460; x_wconf 91' lang='lat' dir='ltr'><strong>tantummodo</strong></span> <span class='ocrx_word' id='word_1_170' title='bbox 1000 2415 1136 2470; x_wconf 88' lang='lat' dir='ltr'><strong>erat,</strong></span> <span class='ocrx_word' id='word_1_171' title='bbox 1169 2417 1223 2462; x_wconf 81' lang='lat' dir='ltr'><strong>et</strong></span> <span class='ocrx_word' id='word_1_172' title='bbox 1252 2423 1473 2476; x_wconf 86' lang='lat' dir='ltr'><strong>semper,</strong></span> <span class='ocrx_word' id='word_1_173' title='bbox 1515 2416 1571 2463; x_wconf 91' lang='lat' dir='ltr'><strong>et</strong></span> <span class='ocrx_word' id='word_1_174' title='bbox 1601 2418 1723 2462; x_wconf 82' lang='lat' dir='ltr'><strong>ante</strong></span> <span class='ocrx_word' id='word_1_175' title='bbox 1756 2410 1983 2477; x_wconf 75' lang='lat' dir='ltr'><strong>swcula,</strong></span> 
     </span>
    </p>
   </div>
   <div class='ocr_carea' id='block_1_25' title="bbox 397 2494 1984 2568">
    <p class='ocr_par' dir='ltr' id='par_1_25' title="bbox 397 2494 1984 2568">
     <span class='ocr_line' id='line_1_25' title="bbox 397 2494 1984 2568; baseline 0.004 -21"><span class='ocrx_word' id='word_1_176' title='bbox 397 2494 485 2563; x_wconf 91' lang='lat' dir='ltr'><strong>pie</strong></span> <span class='ocrx_word' id='word_1_177' title='bbox 539 2509 604 2549; x_wconf 91' lang='lat' dir='ltr'><strong>ac</strong></span> <span class='ocrx_word' id='word_1_178' title='bbox 649 2495 905 2566; x_wconf 76' lang='lat' dir='ltr'><strong>religiose</strong></span> <span class='ocrx_word' id='word_1_179' title='bbox 953 2495 1021 2551; x_wconf 90' lang='lat' dir='ltr'><strong>de</strong></span> <span class='ocrx_word' id='word_1_180' title='bbox 1060 2497 1154 2552; x_wconf 92' lang='lat' dir='ltr'><strong>illo</strong></span> <span class='ocrx_word' id='word_1_181' title='bbox 1205 2497 1604 2568; x_wconf 73' lang='lat' dir='ltr'><strong>pmdicemus:</strong></span> <span class='ocrx_word' id='word_1_182' title='bbox 1638 2498 1984 2556; x_wconf 87' lang='lat' dir='ltr'><strong>divinitatem</strong></span> 
     </span>
    </p>
   </div>
   <div class='ocr_carea' id='block_1_26' title="bbox 395 2586 1983 2663">
    <p class='ocr_par' dir='ltr' id='par_1_26' title="bbox 395 2586 1983 2663">
     <span class='ocr_line' id='line_1_26' title="bbox 395 2586 1983 2663; baseline 0.008 -26"><span class='ocrx_word' id='word_1_183' title='bbox 395 2586 616 2655; x_wconf 88' lang='lat' dir='ltr'><strong>quidem</strong></span> <span class='ocrx_word' id='word_1_184' title='bbox 671 2587 792 2657; x_wconf 88' lang='lat' dir='ltr'><strong>ejus</strong></span> <span class='ocrx_word' id='word_1_185' title='bbox 830 2605 1176 2661; x_wconf 86' lang='lat' dir='ltr'><strong>nequaquam</strong></span> <span class='ocrx_word' id='word_1_186' title='bbox 1234 2591 1584 2661; x_wconf 88' lang='lat' dir='ltr'><strong>rejicientes,</strong></span> <span class='ocrx_word' id='word_1_187' title='bbox 1632 2592 1727 2646; x_wconf 90' lang='lat' dir='ltr'><strong>sed</strong></span> <span class='ocrx_word' id='word_1_188' title='bbox 1759 2593 1983 2663; x_wconf 83' lang='lat' dir='ltr'><strong>imagini</strong></span> 
     </span>
    </p>
   </div>
   <div class='ocr_carea' id='block_1_27' title="bbox 395 2681 1982 2754">
    <p class='ocr_par' dir='ltr' id='par_1_27' title="bbox 395 2681 1982 2754">
     <span class='ocr_line' id='line_1_27' title="bbox 395 2681 1982 2754; baseline 0.007 -23"><span class='ocrx_word' id='word_1_189' title='bbox 395 2685 559 2748; x_wconf 86' lang='lat' dir='ltr'><strong>atque</strong></span> <span class='ocrx_word' id='word_1_190' title='bbox 602 2681 900 2752; x_wconf 88' lang='lat' dir='ltr'><strong>exemplari</strong></span> <span class='ocrx_word' id='word_1_191' title='bbox 932 2681 1111 2738; x_wconf 84' lang='lat' dir='ltr'><strong>Patris</strong></span> <span class='ocrx_word' id='word_1_192' title='bbox 1155 2683 1575 2754; x_wconf 89' lang='lat' dir='ltr'><strong>respondentem</strong></span> <span class='ocrx_word' id='word_1_193' title='bbox 1627 2685 1682 2738; x_wconf 91' lang='lat' dir='ltr'><strong>in</strong></span> <span class='ocrx_word' id='word_1_194' title='bbox 1726 2686 1982 2742; x_wconf 88' lang='lat' dir='ltr'><strong>omnibus</strong></span> 
     </span>
    </p>
   </div>
   <div class='ocr_carea' id='block_1_28' title="bbox 393 2771 1983 2849">
    <p class='ocr_par' dir='ltr' id='par_1_28' title="bbox 393 2771 1983 2849">
     <span class='ocr_line' id='line_1_28' title="bbox 393 2771 1983 2849; baseline 0.005 -25"><span class='ocrx_word' id='word_1_195' title='bbox 393 2771 807 2844; x_wconf 88' lang='lat' dir='ltr'><strong>similitudinem</strong></span> <span class='ocrx_word' id='word_1_196' title='bbox 836 2775 886 2830; x_wconf 91' lang='lat' dir='ltr'><strong>ei</strong></span> <span class='ocrx_word' id='word_1_197' title='bbox 939 2776 1300 2834; x_wconf 89' lang='lat' dir='ltr'><strong>ascribentes.</strong></span> <span class='ocrx_word' id='word_1_198' title='bbox 1363 2775 1550 2832; x_wconf 90' lang='lat' dir='ltr'><strong>Solum</strong></span> <span class='ocrx_word' id='word_1_199' title='bbox 1608 2794 1737 2834; x_wconf 89' lang='lat' dir='ltr'><strong>vero</strong></span> <span class='ocrx_word' id='word_1_200' title='bbox 1769 2778 1983 2849; x_wconf 86' lang='lat' dir='ltr'><strong>ingeni-</strong></span> 
     </span>
    </p>
   </div>
   <div class='ocr_carea' id='block_1_29' title="bbox 391 2864 1982 2941">
    <p class='ocr_par' dir='ltr' id='par_1_29' title="bbox 391 2864 1982 2941">
     <span class='ocr_line' id='line_1_29' title="bbox 391 2864 1982 2941; baseline 0.008 -26"><span class='ocrx_word' id='word_1_201' title='bbox 391 2872 506 2916; x_wconf 87' lang='lat' dir='ltr'><strong>tum</strong></span> <span class='ocrx_word' id='word_1_202' title='bbox 541 2864 719 2922; x_wconf 87' lang='lat' dir='ltr'><strong>Patris</strong></span> <span class='ocrx_word' id='word_1_203' title='bbox 747 2869 1029 2937; x_wconf 86' lang='lat' dir='ltr'><strong>proprium</strong></span> <span class='ocrx_word' id='word_1_204' title='bbox 1086 2883 1210 2923; x_wconf 91' lang='lat' dir='ltr'><strong>esse</strong></span> <span class='ocrx_word' id='word_1_205' title='bbox 1255 2869 1538 2934; x_wconf 88' lang='lat' dir='ltr'><strong>dicamus,</strong></span> <span class='ocrx_word' id='word_1_206' title='bbox 1598 2885 1723 2924; x_wconf 91' lang='lat' dir='ltr'><strong>cum</strong></span> <span class='ocrx_word' id='word_1_207' title='bbox 1758 2878 1813 2926; x_wconf 89' lang='lat' dir='ltr'><strong>et</strong></span> <span class='ocrx_word' id='word_1_208' title='bbox 1865 2871 1982 2941; x_wconf 90' lang='lat' dir='ltr'><strong>ipse</strong></span> 
     </span>
    </p>
   </div>
   <div class='ocr_carea' id='block_1_30' title="bbox 395 2953 1980 3030">
    <p class='ocr_par' dir='ltr' id='par_1_30' title="bbox 395 2953 1980 3030">
     <span class='ocr_line' id='line_1_30' title="bbox 395 2953 1980 3030; baseline 0.008 -24"><span class='ocrx_word' id='word_1_209' title='bbox 395 2953 654 3010; x_wconf 89' lang='lat' dir='ltr'><strong>Servator</strong></span> <span class='ocrx_word' id='word_1_210' title='bbox 694 2957 896 3012; x_wconf 78' lang='lat' dir='ltr'><strong>dixerit</strong></span> <span class='ocrx_word' id='word_1_211' title='bbox 944 2959 1032 3013; x_wconf 66' lang='lat'><strong>8‘1</strong></span> <span class='ocrx_word' id='word_1_212' title='bbox 1069 2958 1233 3012; x_wconf 88' lang='lat' dir='ltr'><strong>Pater</strong></span> <span class='ocrx_word' id='word_1_213' title='bbox 1291 2961 1466 3030; x_wconf 85' lang='lat' dir='ltr'><strong>major</strong></span> <span class='ocrx_word' id='word_1_214' title='bbox 1515 2979 1596 3017; x_wconf 90' lang='lat' dir='ltr'><strong>me</strong></span> <span class='ocrx_word' id='word_1_215' title='bbox 1625 2971 1723 3018; x_wconf 88' lang='lat' dir='ltr'><strong>est.</strong></span> <span class='ocrx_word' id='word_1_216' title='bbox 1775 2962 1980 3020; x_wconf 67' lang='lat' dir='ltr'><strong>Praeter</strong></span> 
     </span>
    </p>
   </div>
   <div class='ocr_carea' id='block_1_31' title="bbox 394 3046 1971 3120">
    <p class='ocr_par' dir='ltr' id='par_1_31' title="bbox 394 3046 1971 3120">
     <span class='ocr_line' id='line_1_31' title="bbox 394 3046 1971 3120; baseline 0.008 -23"><span class='ocrx_word' id='word_1_217' title='bbox 394 3046 537 3100; x_wconf 88' lang='lat' dir='ltr'><strong>hanc</strong></span> <span class='ocrx_word' id='word_1_218' title='bbox 569 3056 750 3100; x_wconf 90' lang='lat' dir='ltr'><strong>autem</strong></span> <span class='ocrx_word' id='word_1_219' title='bbox 800 3050 946 3119; x_wconf 89' lang='lat' dir='ltr'><strong>piam</strong></span> <span class='ocrx_word' id='word_1_220' title='bbox 999 3050 1066 3107; x_wconf 91' lang='lat' dir='ltr'><strong>de</strong></span> <span class='ocrx_word' id='word_1_221' title='bbox 1106 3050 1268 3108; x_wconf 86' lang='lat' dir='ltr'><strong>Patre</strong></span> <span class='ocrx_word' id='word_1_222' title='bbox 1330 3061 1384 3108; x_wconf 92' lang='lat' dir='ltr'><strong>et</strong></span> <span class='ocrx_word' id='word_1_223' title='bbox 1435 3051 1572 3109; x_wconf 85' lang='lat' dir='ltr'><strong>Filio</strong></span> <span class='ocrx_word' id='word_1_224' title='bbox 1604 3057 1971 3120; x_wconf 88' lang='lat' dir='ltr'><strong>sententiam,</strong></span> 
     </span>
    </p>
   </div>
   <div class='ocr_carea' id='block_1_32' title="bbox 395 3138 1971 3211">
    <p class='ocr_par' dir='ltr' id='par_1_32' title="bbox 395 3138 1971 3211">
     <span class='ocr_line' id='line_1_32' title="bbox 395 3138 1971 3211; baseline 0.008 -21"><span class='ocrx_word' id='word_1_225' title='bbox 395 3153 562 3192; x_wconf 91' lang='lat' dir='ltr'><strong>unum</strong></span> <span class='ocrx_word' id='word_1_226' title='bbox 595 3138 818 3210; x_wconf 83' lang='lat' dir='ltr'><strong>insuper</strong></span> <span class='ocrx_word' id='word_1_227' title='bbox 850 3139 1110 3211; x_wconf 90' lang='lat' dir='ltr'><strong>Spiritum</strong></span> <span class='ocrx_word' id='word_1_228' title='bbox 1147 3153 1396 3200; x_wconf 89' lang='lat' dir='ltr'><strong>sanctum</strong></span> <span class='ocrx_word' id='word_1_229' title='bbox 1419 3185 1434 3210; x_wconf 93' lang='lat'><strong>,</strong></span> <span class='ocrx_word' id='word_1_230' title='bbox 1479 3154 1540 3200; x_wconf 87' lang='lat' dir='ltr'><strong>ut</strong></span> <span class='ocrx_word' id='word_1_231' title='bbox 1588 3147 1786 3202; x_wconf 83' lang='lat' dir='ltr'><strong>divinae</strong></span> <span class='ocrx_word' id='word_1_232' title='bbox 1821 3146 1971 3202; x_wconf 88' lang='lat' dir='ltr'><strong>Scri-</strong></span> 
     </span>
    </p>
   </div>
   <div class='ocr_carea' id='block_1_33' title="bbox 392 3233 1970 3309">
    <p class='ocr_par' dir='ltr' id='par_1_33' title="bbox 392 3233 1970 3309">
     <span class='ocr_line' id='line_1_33' title="bbox 392 3233 1970 3309; baseline 0.009 -27"><span class='ocrx_word' id='word_1_233' title='bbox 392 3237 563 3299; x_wconf 85' lang='lat' dir='ltr'><strong>pturae</strong></span> <span class='ocrx_word' id='word_1_234' title='bbox 596 3247 696 3287; x_wconf 87' lang='lat' dir='ltr'><strong>nos</strong></span> <span class='ocrx_word' id='word_1_235' title='bbox 737 3233 952 3300; x_wconf 89' lang='lat' dir='ltr'><strong>docent,</strong></span> <span class='ocrx_word' id='word_1_236' title='bbox 979 3235 1342 3306; x_wconf 82' lang='lat' dir='ltr'><strong>conﬁtemur;</strong></span> <span class='ocrx_word' id='word_1_237' title='bbox 1374 3238 1467 3309; x_wconf 91' lang='lat' dir='ltr'><strong>qui</strong></span> <span class='ocrx_word' id='word_1_238' title='bbox 1517 3248 1571 3293; x_wconf 90' lang='lat' dir='ltr'><strong>et</strong></span> <span class='ocrx_word' id='word_1_239' title='bbox 1619 3247 1841 3296; x_wconf 90' lang='lat' dir='ltr'><strong>sanctos</strong></span> <span class='ocrx_word' id='word_1_240' title='bbox 1871 3241 1970 3296; x_wconf 90' lang='lat' dir='ltr'><strong>ho-</strong></span> 
     </span>
    </p>
   </div>
   <div class='ocr_carea' id='block_1_34' title="bbox 389 3323 1968 3402">
    <p class='ocr_par' dir='ltr' id='par_1_34' title="bbox 389 3323 1968 3402">
     <span class='ocr_line' id='line_1_34' title="bbox 389 3323 1968 3402; baseline 0.008 -27"><span class='ocrx_word' id='word_1_241' title='bbox 389 3323 566 3378; x_wconf 90' lang='lat' dir='ltr'><strong>mines</strong></span> <span class='ocrx_word' id='word_1_242' title='bbox 593 3323 806 3383; x_wconf 81' lang='lat' dir='ltr'><strong>Veteris</strong></span> <span class='ocrx_word' id='word_1_243' title='bbox 841 3325 1197 3394; x_wconf 88' lang='lat' dir='ltr'><strong>Testamenti,</strong></span> <span class='ocrx_word' id='word_1_244' title='bbox 1233 3336 1286 3383; x_wconf 91' lang='lat' dir='ltr'><strong>et</strong></span> <span class='ocrx_word' id='word_1_245' title='bbox 1312 3328 1527 3386; x_wconf 90' lang='lat' dir='ltr'><strong>divinos</strong></span> <span class='ocrx_word' id='word_1_246' title='bbox 1548 3329 1800 3388; x_wconf 86' lang='lat' dir='ltr'><strong>doctores</strong></span> <span class='ocrx_word' id='word_1_247' title='bbox 1848 3333 1968 3402; x_wconf 86' lang='lat' dir='ltr'><strong>ejus</strong></span> 
     </span>
    </p>
   </div>
   <div class='ocr_carea' id='block_1_35' title="bbox 387 3413 1968 3493">
    <p class='ocr_par' dir='ltr' id='par_1_35' title="bbox 387 3413 1968 3493">
     <span class='ocr_line' id='line_1_35' title="bbox 387 3413 1968 3493; baseline 0.006 -25"><span class='ocrx_word' id='word_1_248' title='bbox 387 3413 532 3482; x_wconf 88' lang='lat' dir='ltr'><strong>quod</strong></span> <span class='ocrx_word' id='word_1_249' title='bbox 563 3413 774 3470; x_wconf 87' lang='lat' dir='ltr'><strong>Novum</strong></span> <span class='ocrx_word' id='word_1_250' title='bbox 805 3418 1130 3487; x_wconf 88' lang='lat' dir='ltr'><strong>appellatur,</strong></span> <span class='ocrx_word' id='word_1_251' title='bbox 1164 3418 1463 3475; x_wconf 84' lang='lat' dir='ltr'><strong>innovavit.</strong></span> <span class='ocrx_word' id='word_1_252' title='bbox 1498 3419 1672 3475; x_wconf 88' lang='lat' dir='ltr'><strong>Unam</strong></span> <span class='ocrx_word' id='word_1_253' title='bbox 1704 3430 1968 3493; x_wconf 68' lang='lat' dir='ltr'><strong>praeterea</strong></span> 
     </span>
    </p>
   </div>
   <div class='ocr_carea' id='block_1_36' title="bbox 386 3505 1967 3584">
    <p class='ocr_par' dir='ltr' id='par_1_36' title="bbox 386 3505 1967 3584">
     <span class='ocr_line' id='line_1_36' title="bbox 386 3505 1967 3584; baseline 0.006 -26"><span class='ocrx_word' id='word_1_254' title='bbox 386 3518 451 3557; x_wconf 87' lang='lat' dir='ltr'><strong>ac</strong></span> <span class='ocrx_word' id='word_1_255' title='bbox 476 3505 648 3560; x_wconf 80' lang='lat' dir='ltr'><strong>solam</strong></span> <span class='ocrx_word' id='word_1_256' title='bbox 673 3507 1017 3571; x_wconf 85' lang='lat' dir='ltr'><strong>catholicam,</strong></span> <span class='ocrx_word' id='word_1_257' title='bbox 1069 3511 1419 3580; x_wconf 90' lang='lat' dir='ltr'><strong>apostolicam</strong></span> <span class='ocrx_word' id='word_1_258' title='bbox 1471 3510 1808 3568; x_wconf 87' lang='lat' dir='ltr'><strong>Ecclesiam:</strong></span> <span class='ocrx_word' id='word_1_259' title='bbox 1845 3528 1967 3584; x_wconf 71' lang='lat' dir='ltr'><strong>quae</strong></span> 
     </span>
    </p>
   </div>
   <div class='ocr_carea' id='block_1_37' title="bbox 385 3597 1964 3670">
    <p class='ocr_par' dir='ltr' id='par_1_37' title="bbox 385 3597 1964 3670">
     <span class='ocr_line' id='line_1_37' title="bbox 385 3597 1964 3670; baseline 0.006 -20"><span class='ocrx_word' id='word_1_260' title='bbox 385 3610 604 3666; x_wconf 83' lang='lat' dir='ltr'><strong>semper</strong></span> <span class='ocrx_word' id='word_1_261' title='bbox 629 3597 848 3668; x_wconf 90' lang='lat' dir='ltr'><strong>quidem</strong></span> <span class='ocrx_word' id='word_1_262' title='bbox 886 3599 1325 3670; x_wconf 69' lang='lat' dir='ltr'><strong>inexpugnabilis</strong></span> <span class='ocrx_word' id='word_1_263' title='bbox 1354 3609 1476 3668; x_wconf 90' lang='lat' dir='ltr'><strong>est,</strong></span> <span class='ocrx_word' id='word_1_264' title='bbox 1510 3603 1636 3658; x_wconf 89' lang='lat' dir='ltr'><strong>licet</strong></span> <span class='ocrx_word' id='word_1_265' title='bbox 1672 3604 1964 3659; x_wconf 89' lang='lat' dir='ltr'><strong>universus</strong></span> 
     </span>
    </p>
   </div>
   <div class='ocr_carea' id='block_1_38' title="bbox 383 3685 1967 3760">
    <p class='ocr_par' dir='ltr' id='par_1_38' title="bbox 383 3685 1967 3760">
     <span class='ocr_line' id='line_1_38' title="bbox 383 3685 1967 3760; baseline 0.006 -20"><span class='ocrx_word' id='word_1_266' title='bbox 383 3685 535 3742; x_wconf 90' lang='lat' dir='ltr'><strong>orbis</strong></span> <span class='ocrx_word' id='word_1_267' title='bbox 570 3701 691 3742; x_wconf 89' lang='lat' dir='ltr'><strong>eam</strong></span> <span class='ocrx_word' id='word_1_268' title='bbox 719 3697 1032 3760; x_wconf 84' lang='lat' dir='ltr'><strong>oppugnet:</strong></span> <span class='ocrx_word' id='word_1_269' title='bbox 1064 3692 1262 3747; x_wconf 81' lang='lat' dir='ltr'><strong>victrix</strong></span> <span class='ocrx_word' id='word_1_270' title='bbox 1305 3703 1485 3749; x_wconf 89' lang='lat' dir='ltr'><strong>autem</strong></span> <span class='ocrx_word' id='word_1_271' title='bbox 1520 3702 1606 3750; x_wconf 89' lang='lat' dir='ltr'><strong>est</strong></span> <span class='ocrx_word' id='word_1_272' title='bbox 1637 3696 1815 3750; x_wconf 91' lang='lat' dir='ltr'><strong>omnis</strong></span> <span class='ocrx_word' id='word_1_273' title='bbox 1862 3696 1967 3750; x_wconf 81' lang='lat' dir='ltr'><strong>im-</strong></span> 
     </span>
    </p>
   </div>
   <div class='ocr_carea' id='block_1_39' title="bbox 384 3776 1965 3857">
    <p class='ocr_par' dir='ltr' id='par_1_39' title="bbox 384 3776 1965 3857">
     <span class='ocr_line' id='line_1_39' title="bbox 384 3776 1965 3857; baseline 0.009 -29"><span class='ocrx_word' id='word_1_274' title='bbox 384 3776 488 3845; x_wconf 71' lang='lat' dir='ltr'><strong>pia:</strong></span> <span class='ocrx_word' id='word_1_275' title='bbox 537 3777 793 3834; x_wconf 76' lang='lat' dir='ltr'><strong>{actionis</strong></span> <span class='ocrx_word' id='word_1_276' title='bbox 849 3780 1270 3848; x_wconf 65' lang='lat' dir='ltr'><strong>haereticorum,</strong></span> <span class='ocrx_word' id='word_1_277' title='bbox 1331 3786 1422 3854; x_wconf 90' lang='lat' dir='ltr'><strong>qui</strong></span> <span class='ocrx_word' id='word_1_278' title='bbox 1476 3786 1739 3843; x_wconf 90' lang='lat' dir='ltr'><strong>adversus</strong></span> <span class='ocrx_word' id='word_1_279' title='bbox 1791 3787 1965 3857; x_wconf 88' lang='lat' dir='ltr'><strong>ipsam</strong></span> 
     </span>
    </p>
   </div>
   <div class='ocr_carea' id='block_1_40' title="bbox 383 3873 1964 3944">
    <p class='ocr_par' dir='ltr' id='par_1_40' title="bbox 383 3873 1964 3944">
     <span class='ocr_line' id='line_1_40' title="bbox 383 3873 1964 3944; baseline 0.011 -24"><span class='ocrx_word' id='word_1_280' title='bbox 383 3878 744 3939; x_wconf 85' lang='lat' dir='ltr'><strong>consurgunt.</strong></span> <span class='ocrx_word' id='word_1_281' title='bbox 776 3873 987 3944; x_wconf 80' lang='lat' dir='ltr'><strong>Quippe</strong></span> <span class='ocrx_word' id='word_1_282' title='bbox 1024 3873 1272 3944; x_wconf 84' lang='lat' dir='ltr'><strong>Sponsus</strong></span> <span class='ocrx_word' id='word_1_283' title='bbox 1302 3876 1450 3932; x_wconf 93' lang='lat' dir='ltr'><strong>illius</strong></span> <span class='ocrx_word' id='word_1_284' title='bbox 1481 3879 1694 3936; x_wconf 88' lang='lat' dir='ltr'><strong>animos</strong></span> <span class='ocrx_word' id='word_1_285' title='bbox 1747 3889 1964 3936; x_wconf 89' lang='lat' dir='ltr'><strong>nostros</strong></span> 
     </span>
    </p>
   </div>
   <div class='ocr_carea' id='block_1_41' title="bbox 383 3958 1960 4040">
    <p class='ocr_par' dir='ltr' id='par_1_41' title="bbox 383 3958 1960 4040">
     <span class='ocr_line' id='line_1_41' title="bbox 383 3958 1960 4040; baseline 0.011 -30"><span class='ocrx_word' id='word_1_286' title='bbox 383 3958 732 4016; x_wconf 82' lang='lat' dir='ltr'><strong>conﬁrmavit</strong></span> <span class='ocrx_word' id='word_1_287' title='bbox 750 3963 834 4019; x_wconf 86' lang='lat' dir='ltr'><strong>his</strong></span> <span class='ocrx_word' id='word_1_288' title='bbox 846 3965 1028 4020; x_wconf 86' lang='lat' dir='ltr'><strong>verbis</strong></span> <span class='ocrx_word' id='word_1_289' title='bbox 1052 3984 1064 4019; x_wconf 86' lang='lat'><strong>:</strong></span> <span class='ocrx_word' id='word_1_290' title='bbox 1093 3965 1374 4036; x_wconf 83' lang='lat' dir='ltr'><strong>Conﬁdite,</strong></span> <span class='ocrx_word' id='word_1_291' title='bbox 1389 3987 1482 4040; x_wconf 89' lang='lat' dir='ltr'><strong>ego</strong></span> <span class='ocrx_word' id='word_1_292' title='bbox 1508 3972 1608 4025; x_wconf 84' lang='lat' dir='ltr'><strong>vici</strong></span> <span class='ocrx_word' id='word_1_293' title='bbox 1627 3972 1878 4026; x_wconf 88' lang='lat' dir='ltr'><strong>mundum</strong></span> <span class='ocrx_word' id='word_1_294' title='bbox 1895 3975 1960 4027; x_wconf 81' lang='grc'><strong>³⁵.</strong></span> 
     </span>
    </p>
   </div>
   <div class='ocr_carea' id='block_1_42' title="bbox 382 4051 1968 4136">
    <p class='ocr_par' dir='ltr' id='par_1_42' title="bbox 382 4051 1968 4136">
     <span class='ocr_line' id='line_1_42' title="bbox 382 4051 1968 4136; baseline 0.011 -32"><span class='ocrx_word' id='word_1_295' title='bbox 382 4051 466 4106; x_wconf 81' lang='lat' dir='ltr'><strong>Ad</strong></span> <span class='ocrx_word' id='word_1_296' title='bbox 526 4053 642 4110; x_wconf 68' lang='lat' dir='ltr'><strong>haec</strong></span> <span class='ocrx_word' id='word_1_297' title='bbox 723 4058 978 4114; x_wconf 90' lang='lat' dir='ltr'><strong>novimus</strong></span> <span class='ocrx_word' id='word_1_298' title='bbox 1056 4063 1513 4119; x_wconf 88' lang='lat' dir='ltr'><strong>resurrectionem</strong></span> <span class='ocrx_word' id='word_1_299' title='bbox 1588 4073 1968 4136; x_wconf 90' lang='lat' dir='ltr'><strong>mortuorum;</strong></span> 
     </span>
    </p>
   </div>
   <div class='ocr_carea' id='block_1_43' title="bbox 382 4141 1963 4224">
    <p class='ocr_par' dir='ltr' id='par_1_43' title="bbox 382 4141 1963 4224">
     <span class='ocr_line' id='line_1_43' title="bbox 382 4141 1963 4224; baseline 0.013 -30"><span class='ocrx_word' id='word_1_300' title='bbox 382 4141 541 4211; x_wconf 83' lang='lat' dir='ltr'><strong>cujus</strong></span> <span class='ocrx_word' id='word_1_301' title='bbox 575 4145 828 4215; x_wconf 80' lang='lat' dir='ltr'><strong>primitiae</strong></span> <span class='ocrx_word' id='word_1_302' title='bbox 850 4147 950 4204; x_wconf 87' lang='lat' dir='ltr'><strong>fuit</strong></span> <span class='ocrx_word' id='word_1_303' title='bbox 983 4149 1244 4208; x_wconf 91' lang='lat' dir='ltr'><strong>Dominus</strong></span> <span class='ocrx_word' id='word_1_304' title='bbox 1277 4160 1465 4210; x_wconf 88' lang='lat' dir='ltr'><strong>noster</strong></span> <span class='ocrx_word' id='word_1_305' title='bbox 1494 4153 1656 4211; x_wconf 86' lang='lat' dir='ltr'><strong>Jesus</strong></span> <span class='ocrx_word' id='word_1_306' title='bbox 1686 4156 1963 4224; x_wconf 88' lang='lat' dir='ltr'><strong>Christus,</strong></span> 
     </span>
    </p>
   </div>
   <div class='ocr_carea' id='block_1_44' title="bbox 379 4236 1964 4319">
    <p class='ocr_par' dir='ltr' id='par_1_44' title="bbox 379 4236 1964 4319">
     <span class='ocr_line' id='line_1_44' title="bbox 379 4236 1964 4319; baseline 0.013 -32"><span class='ocrx_word' id='word_1_307' title='bbox 379 4236 474 4304; x_wconf 86' lang='lat' dir='ltr'><strong>qui</strong></span> <span class='ocrx_word' id='word_1_308' title='bbox 505 4251 726 4293; x_wconf 87' lang='lat' dir='ltr'><strong>carnem</strong></span> <span class='ocrx_word' id='word_1_309' title='bbox 766 4254 954 4297; x_wconf 85' lang='lat' dir='ltr'><strong>revera</strong></span> <span class='ocrx_word' id='word_1_310' title='bbox 985 4243 1239 4312; x_wconf 86' lang='lat' dir='ltr'><strong>gestavit,</strong></span> <span class='ocrx_word' id='word_1_311' title='bbox 1275 4260 1386 4300; x_wconf 91' lang='lat' dir='ltr'><strong>non</strong></span> <span class='ocrx_word' id='word_1_312' title='bbox 1417 4247 1534 4301; x_wconf 88' lang='lat' dir='ltr'><strong>sola</strong></span> <span class='ocrx_word' id='word_1_313' title='bbox 1573 4251 1774 4319; x_wconf 87' lang='lat' dir='ltr'><strong>specie,</strong></span> <span class='ocrx_word' id='word_1_314' title='bbox 1813 4266 1964 4306; x_wconf 86' lang='lat' dir='ltr'><strong>sum-</strong></span> 
     </span>
    </p>
   </div>
   <div class='ocr_carea' id='block_1_45' title="bbox 380 4328 1964 4408">
    <p class='ocr_par' dir='ltr' id='par_1_45' title="bbox 380 4328 1964 4408">
     <span class='ocr_line' id='line_1_45' title="bbox 380 4328 1964 4408; baseline 0.015 -31"><span class='ocrx_word' id='word_1_315' title='bbox 380 4332 530 4395; x_wconf 89' lang='lat' dir='ltr'><strong>ptam</strong></span> <span class='ocrx_word' id='word_1_316' title='bbox 564 4343 628 4384; x_wconf 84' lang='lat' dir='ltr'><strong>ex</strong></span> <span class='ocrx_word' id='word_1_317' title='bbox 660 4328 830 4385; x_wconf 80' lang='lat' dir='ltr'><strong>Maria</strong></span> <span class='ocrx_word' id='word_1_318' title='bbox 860 4331 1089 4402; x_wconf 89' lang='lat' dir='ltr'><strong>Deipara</strong></span> <span class='ocrx_word' id='word_1_319' title='bbox 1117 4355 1129 4388; x_wconf 89' lang='lat'>:</span> <span class='ocrx_word' id='word_1_320' title='bbox 1165 4336 1257 4405; x_wconf 91' lang='lat' dir='ltr'><strong>qui</strong></span> <span class='ocrx_word' id='word_1_321' title='bbox 1292 4337 1349 4392; x_wconf 92' lang='lat' dir='ltr'><strong>in</strong></span> <span class='ocrx_word' id='word_1_322' title='bbox 1380 4337 1485 4393; x_wconf 83' lang='lat' dir='ltr'><strong>ﬁne</strong></span> <span class='ocrx_word' id='word_1_323' title='bbox 1513 4342 1860 4408; x_wconf 58' lang='lat' dir='ltr'><strong>saeculorum,</strong></span> <span class='ocrx_word' id='word_1_324' title='bbox 1903 4353 1964 4400; x_wconf 88' lang='lat' dir='ltr'><strong>ut</strong></span> 
     </span>
    </p>
   </div>
   <div class='ocr_carea' id='block_1_46' title="bbox 2101 553 3688 630">
    <p class='ocr_par' dir='ltr' id='par_1_46' title="bbox 2101 553 3688 630">
     <span class='ocr_line' id='line_1_46' title="bbox 2101 553 3688 630; baseline -0.004 -19"><span class='ocrx_word' id='word_1_325' title='bbox 2101 559 2202 630; x_wconf 83' lang='grc' dir='ltr'><strong>τήν</strong></span> <span class='ocrx_word' id='word_1_326' title='bbox 2235 559 2417 628; x_wconf 86' lang='grc' dir='ltr'>μέντοι</span> <span class='ocrx_word' id='word_1_327' title='bbox 2452 557 2570 610; x_wconf 84' lang='grc' dir='ltr'>κατ’</span> <span class='ocrx_word' id='word_1_328' title='bbox 2603 555 2760 622; x_wconf 76' lang='grc' dir='ltr'>ἀξίαν</span> <span class='ocrx_word' id='word_1_329' title='bbox 2789 553 2883 609; x_wconf 80' lang='grc' dir='ltr'>τοῦ</span> <span class='ocrx_word' id='word_1_330' title='bbox 2930 553 3271 622; x_wconf 85' lang='grc' dir='ltr'>Μονογενοῦς</span> <span class='ocrx_word' id='word_1_331' title='bbox 3307 553 3558 624; x_wconf 87' lang='grc' dir='ltr'>θεότητα,</span> <span class='ocrx_word' id='word_1_332' title='bbox 3593 553 3688 606; x_wconf 73' lang='grc' dir='ltr'>καὶ</span> 
     </span>
    </p>
   </div>
   <div class='ocr_carea' id='block_1_47' title="bbox 2101 644 3686 722">
    <p class='ocr_par' dir='ltr' id='par_1_47' title="bbox 2101 644 3686 722">
     <span class='ocr_line' id='line_1_47' title="bbox 2101 644 3686 722; baseline -0.005 -18"><span class='ocrx_word' id='word_1_333' title='bbox 2101 645 2212 704; x_wconf 74' lang='grc' dir='ltr'>οἷον</span> <span class='ocrx_word' id='word_1_334' title='bbox 2234 649 2568 722; x_wconf 80' lang='grc' dir='ltr'><strong>ἀρχαιότητα</strong></span> <span class='ocrx_word' id='word_1_335' title='bbox 2593 649 2876 720; x_wconf 87' lang='grc' dir='ltr'>σημαίνειν</span> <span class='ocrx_word' id='word_1_336' title='bbox 2900 647 2974 718; x_wconf 83' lang='grc' dir='ltr'>μὴ</span> <span class='ocrx_word' id='word_1_337' title='bbox 2996 647 3288 717; x_wconf 87' lang='grc' dir='ltr'>δυνάμενα·</span> <span class='ocrx_word' id='word_1_338' title='bbox 3312 644 3418 698; x_wconf 91' lang='grc' dir='ltr'><strong>τῶν</strong></span> <span class='ocrx_word' id='word_1_339' title='bbox 3438 645 3495 698; x_wconf 82' lang='grc' dir='ltr'>δὲ</span> <span class='ocrx_word' id='word_1_340' title='bbox 3517 645 3686 713; x_wconf 83' lang='grc' dir='ltr'><strong>ἁγίων</strong></span> 
     </span>
    </p>
   </div>
   <div class='ocr_carea' id='block_1_48' title="bbox 2101 737 3686 812">
    <p class='ocr_par' dir='ltr' id='par_1_48' title="bbox 2101 737 3686 812">
     <span class='ocr_line' id='line_1_48' title="bbox 2101 737 3686 812; baseline -0.004 -16"><span class='ocrx_word' id='word_1_341' title='bbox 2101 742 2311 812; x_wconf 88' lang='grc' dir='ltr'>ἀνδρῶν</span> <span class='ocrx_word' id='word_1_342' title='bbox 2352 743 2428 807; x_wconf 85' lang='grc' dir='ltr'>ὼς</span> <span class='ocrx_word' id='word_1_343' title='bbox 2458 743 2688 811; x_wconf 83' lang='grc' dir='ltr'>δύναμις</span> <span class='ocrx_word' id='word_1_344' title='bbox 2721 741 2936 810; x_wconf 80' lang='grc' dir='ltr'><strong>ἑκάστῳ</strong></span> <span class='ocrx_word' id='word_1_345' title='bbox 2973 739 3270 811; x_wconf 76' lang='grc' dir='ltr'><strong>ἐμφανίσαι</strong></span> <span class='ocrx_word' id='word_1_346' title='bbox 3298 737 3358 792; x_wconf 83' lang='grc' dir='ltr'>τὸ</span> <span class='ocrx_word' id='word_1_347' title='bbox 3389 739 3686 809; x_wconf 87' lang='grc' dir='ltr'>μυστήριον</span> 
     </span>
    </p>
   </div>
   <div class='ocr_carea' id='block_1_49' title="bbox 2103 826 3685 904">
    <p class='ocr_par' dir='ltr' id='par_1_49' title="bbox 2103 826 3685 904">
     <span class='ocr_line' id='line_1_49' title="bbox 2103 826 3685 904; baseline -0.004 -18"><span class='ocrx_word' id='word_1_348' title='bbox 2103 832 2459 904; x_wconf 81' lang='grc' dir='ltr'><strong>βιαζομένων,</strong></span> <span class='ocrx_word' id='word_1_349' title='bbox 2514 833 2608 888; x_wconf 71' lang='grc' dir='ltr'><strong>κα)⁵</strong></span> <span class='ocrx_word' id='word_1_350' title='bbox 2655 831 2985 904; x_wconf 80' lang='grc' dir='ltr'>συγγνώμην</span> <span class='ocrx_word' id='word_1_351' title='bbox 3033 829 3326 884; x_wconf 72' lang='grc' dir='ltr'>αἰτούντων</span> <span class='ocrx_word' id='word_1_352' title='bbox 3375 827 3527 899; x_wconf 85' lang='grc' dir='ltr'><strong>παρά</strong></span> <span class='ocrx_word' id='word_1_353' title='bbox 3576 826 3685 880; x_wconf 88' lang='grc' dir='ltr'><strong>τῶν</strong></span> 
     </span>
    </p>
   </div>
   <div class='ocr_carea' id='block_1_50' title="bbox 2098 922 3677 998">
    <p class='ocr_par' dir='ltr' id='par_1_50' title="bbox 2098 922 3677 998">
     <span class='ocr_line' id='line_1_50' title="bbox 2098 922 3677 998; baseline -0.003 -19"><span class='ocrx_word' id='word_1_354' title='bbox 2098 926 2384 998; x_wconf 83' lang='grc' dir='ltr'><strong>ἀκροατῶν</strong></span> <span class='ocrx_word' id='word_1_355' title='bbox 2413 928 2481 980; x_wconf 89' lang='grc' dir='ltr'><strong>δι’</strong></span> <span class='ocrx_word' id='word_1_356' title='bbox 2511 927 2734 996; x_wconf 82' lang='grc' dir='ltr'>εὐλόγου</span> <span class='ocrx_word' id='word_1_357' title='bbox 2761 925 3078 996; x_wconf 81' lang='grc' dir='ltr'>ἀπολογίας,</span> <span class='ocrx_word' id='word_1_358' title='bbox 3106 923 3332 996; x_wconf 79' lang='grc' dir='ltr'>(56).διά</span> <span class='ocrx_word' id='word_1_359' title='bbox 3357 923 3450 976; x_wconf 77' lang='grc' dir='ltr'>τοῦ</span> <span class='ocrx_word' id='word_1_360' title='bbox 3480 922 3677 992; x_wconf 87' lang='grc' dir='ltr'>λέγειν·</span> 
     </span>
    </p>
   </div>
   <div class='ocr_carea' id='block_1_51' title="bbox 2098 1013 3683 1090">
    <p class='ocr_par' dir='ltr' id='par_1_51' title="bbox 2098 1013 3683 1090">
     <span class='ocr_line' id='line_1_51' title="bbox 2098 1013 3683 1090; baseline -0.003 -17"><span class='ocrx_word' id='word_1_361' title='bbox 2098 1020 2192 1084; x_wconf 74' lang='lat' dir='ltr'><strong>Et;</strong></span> <span class='ocrx_word' id='word_1_362' title='bbox 2227 1019 2263 1073; x_wconf 79' lang='grc' dir='ltr'><strong>ά</strong></span> <span class='ocrx_word' id='word_1_363' title='bbox 2295 1019 2632 1090; x_wconf 76' lang='grc' dir='ltr'><strong>ἐφθάσαμεν.</strong></span> <span class='ocrx_word' id='word_1_364' title='bbox 2671 1019 2733 1071; x_wconf 77' lang='lat' dir='ltr'><strong>Et</strong></span> <span class='ocrx_word' id='word_1_365' title='bbox 2762 1019 2821 1072; x_wconf 89' lang='grc' dir='ltr'><strong>δέ</strong></span> <span class='ocrx_word' id='word_1_366' title='bbox 2849 1036 2902 1072; x_wconf 90' lang='grc' dir='ltr'><strong>τι</strong></span> <span class='ocrx_word' id='word_1_367' title='bbox 2932 1017 3084 1089; x_wconf 88' lang='grc' dir='ltr'><strong>παρά</strong></span> <span class='ocrx_word' id='word_1_368' title='bbox 3114 1018 3176 1070; x_wconf 86' lang='grc' dir='ltr'>τὸ</span> <span class='ocrx_word' id='word_1_369' title='bbox 3204 1013 3566 1086; x_wconf 87' lang='grc' dir='ltr'>ἀνθρώπινον,</span> <span class='ocrx_word' id='word_1_370' title='bbox 3595 1013 3683 1068; x_wconf 83' lang='grc' dir='ltr'><strong>διὰ</strong></span> 
     </span>
    </p>
   </div>
   <div class='ocr_carea' id='block_1_52' title="bbox 2097 1105 3683 1185">
    <p class='ocr_par' dir='ltr' id='par_1_52' title="bbox 2097 1105 3683 1185">
     <span class='ocr_line' id='line_1_52' title="bbox 2097 1105 3683 1185; baseline -0.004 -19"><span class='ocrx_word' id='word_1_371' title='bbox 2097 1111 2321 1184; x_wconf 83' lang='grc' dir='ltr'>χειλέων</span> <span class='ocrx_word' id='word_1_372' title='bbox 2356 1112 2581 1184; x_wconf 82' lang='grc' dir='ltr'>φθέγμα</span> <span class='ocrx_word' id='word_1_373' title='bbox 2607 1109 2788 1184; x_wconf 80' lang='grc' dir='ltr'>μεῖζόν</span> <span class='ocrx_word' id='word_1_374' title='bbox 2816 1129 2868 1164; x_wconf 92' lang='grc' dir='ltr'><strong>τι</strong></span> <span class='ocrx_word' id='word_1_375' title='bbox 2900 1108 3272 1185; x_wconf 85' lang='grc' dir='ltr'>προσδοκῶσιν</span> <span class='ocrx_word' id='word_1_376' title='bbox 3295 1110 3346 1161; x_wconf 79' lang='grc' dir='ltr'>οἱ</span> <span class='ocrx_word' id='word_1_377' title='bbox 3373 1107 3586 1178; x_wconf 79' lang='grc' dir='ltr'>ἄνδρες,</span> <span class='ocrx_word' id='word_1_378' title='bbox 3613 1105 3683 1160; x_wconf 81' lang='grc' dir='ltr'><strong>τὰ</strong></span> 
     </span>
    </p>
   </div>
   <div class='ocr_carea' id='block_1_53' title="bbox 2099 1197 3680 1277">
    <p class='ocr_par' dir='ltr' id='par_1_53' title="bbox 2099 1197 3680 1277">
     <span class='ocr_line' id='line_1_53' title="bbox 2099 1197 3680 1277; baseline -0.004 -18"><span class='ocrx_word' id='word_1_379' title='bbox 2099 1207 2162 1259; x_wconf 86' lang='grc' dir='ltr'><strong>ἐκ</strong></span> <span class='ocrx_word' id='word_1_380' title='bbox 2191 1206 2389 1277; x_wconf 81' lang='grc' dir='ltr'>μέρους</span> <span class='ocrx_word' id='word_1_381' title='bbox 2417 1205 2602 1268; x_wconf 76' lang='grc' dir='ltr'>αὐτοῖς</span> <span class='ocrx_word' id='word_1_382' title='bbox 2632 1203 3000 1276; x_wconf 89' lang='grc' dir='ltr'>γνωρισθέντα</span> <span class='ocrx_word' id='word_1_383' title='bbox 3028 1201 3138 1273; x_wconf 78' lang='grc'>(57)</span> <span class='ocrx_word' id='word_1_384' title='bbox 3175 1199 3569 1272; x_wconf 88' lang='grc' dir='ltr'>καταργεῖσθαι</span> <span class='ocrx_word' id='word_1_385' title='bbox 3595 1197 3680 1252; x_wconf 84' lang='grc' dir='ltr'>λέ-</span> 
     </span>
    </p>
   </div>
   <div class='ocr_carea' id='block_1_54' title="bbox 2085 1291 3679 1368">
    <p class='ocr_par' dir='ltr' id='par_1_54' title="bbox 2085 1291 3679 1368">
     <span class='ocr_line' id='line_1_54' title="bbox 2085 1291 3679 1368; baseline -0.003 -18"><span class='ocrx_word' id='word_1_386' title='bbox 2085 1315 2304 1367; x_wconf 87' lang='grc' dir='ltr'>·γοντες,</span> <span class='ocrx_word' id='word_1_387' title='bbox 2339 1298 2496 1368; x_wconf 85' lang='grc' dir='ltr'>δῆλον</span> <span class='ocrx_word' id='word_1_388' title='bbox 2543 1299 2625 1352; x_wconf 81' lang='grc' dir='ltr'>ὅτι</span> <span class='ocrx_word' id='word_1_389' title='bbox 2669 1296 2801 1350; x_wconf 88' lang='grc' dir='ltr'><strong>πολύ</strong></span> <span class='ocrx_word' id='word_1_390' title='bbox 2836 1294 2929 1349; x_wconf 82' lang='grc' dir='ltr'>τοῦ</span> <span class='ocrx_word' id='word_1_391' title='bbox 2959 1293 3312 1364; x_wconf 78' lang='grc' dir='ltr'>ἐλπιζομένου</span> <span class='ocrx_word' id='word_1_392' title='bbox 3344 1292 3592 1346; x_wconf 87' lang='grc' dir='ltr'>λείπεται</span> <span class='ocrx_word' id='word_1_393' title='bbox 3619 1291 3679 1345; x_wconf 81' lang='grc' dir='ltr'>τὸ</span> 
     </span>
    </p>
   </div>
   <div class='ocr_carea' id='block_1_55' title="bbox 2095 1378 3675 1458">
    <p class='ocr_par' dir='ltr' id='par_1_55' title="bbox 2095 1378 3675 1458">
     <span class='ocr_line' id='line_1_55' title="bbox 2095 1378 3675 1458; baseline -0.003 -17"><span class='ocrx_word' id='word_1_394' title='bbox 2095 1389 2195 1457; x_wconf 80' lang='grc' dir='ltr'>ἦν,</span> <span class='ocrx_word' id='word_1_395' title='bbox 2230 1389 2326 1443; x_wconf 77' lang='grc' dir='ltr'>καὶ</span> <span class='ocrx_word' id='word_1_396' title='bbox 2368 1389 2429 1442; x_wconf 82' lang='grc' dir='ltr'>τὸ</span> <span class='ocrx_word' id='word_1_397' title='bbox 2461 1389 2573 1453; x_wconf 77' lang='grc' dir='ltr'>ἀεὶ,</span> <span class='ocrx_word' id='word_1_398' title='bbox 2609 1388 2703 1442; x_wconf 74' lang='grc' dir='ltr'>καὶ</span> <span class='ocrx_word' id='word_1_399' title='bbox 2745 1387 2806 1441; x_wconf 84' lang='grc' dir='ltr'>τὸ</span> <span class='ocrx_word' id='word_1_400' title='bbox 2838 1387 2952 1455; x_wconf 84' lang='grc' dir='ltr'>πρὸ</span> <span class='ocrx_word' id='word_1_401' title='bbox 2993 1386 3237 1441; x_wconf 71' lang='grc' dir='ltr'>αἰώνων·</span> <span class='ocrx_word' id='word_1_402' title='bbox 3270 1385 3407 1456; x_wconf 82' lang='grc' dir='ltr'>ὅπερ</span> <span class='ocrx_word' id='word_1_403' title='bbox 3441 1384 3485 1438; x_wconf 90' lang='grc' dir='ltr'>δ’</span> <span class='ocrx_word' id='word_1_404' title='bbox 3521 1383 3586 1437; x_wconf 87' lang='grc' dir='ltr'>ἂν</span> <span class='ocrx_word' id='word_1_405' title='bbox 3619 1378 3675 1458; x_wconf 82' lang='grc' dir='ltr'>ᾖ,</span> 
     </span>
    </p>
   </div>
   <div class='ocr_carea' id='block_1_56' title="bbox 2094 1476 3678 1552">
    <p class='ocr_par' dir='ltr' id='par_1_56' title="bbox 2094 1476 3678 1552">
     <span class='ocr_line' id='line_1_56' title="bbox 2094 1476 3678 1552; baseline -0.004 -17"><span class='ocrx_word' id='word_1_406' title='bbox 2094 1484 2194 1536; x_wconf 90' lang='grc' dir='ltr'><strong>οὐκ</strong></span> <span class='ocrx_word' id='word_1_407' title='bbox 2221 1481 2336 1534; x_wconf 79' lang='grc' dir='ltr'>ἐστι</span> <span class='ocrx_word' id='word_1_408' title='bbox 2363 1482 2559 1535; x_wconf 83' lang='grc' dir='ltr'>ταύτὸν</span> <span class='ocrx_word' id='word_1_409' title='bbox 2584 1480 2663 1552; x_wconf 84' lang='grc' dir='ltr'>τῷ</span> <span class='ocrx_word' id='word_1_410' title='bbox 2706 1481 3030 1552; x_wconf 84' lang='grc' dir='ltr'>Ἀγεννήτῳ.</span> <span class='ocrx_word' id='word_1_411' title='bbox 3058 1477 3268 1532; x_wconf 83' lang='grc' dir='ltr'>Οὐκοῦν</span> <span class='ocrx_word' id='word_1_412' title='bbox 3293 1477 3371 1548; x_wconf 83' lang='grc' dir='ltr'>τῷ</span> <span class='ocrx_word' id='word_1_413' title='bbox 3399 1477 3495 1548; x_wconf 82' lang='grc' dir='ltr'>μὲν</span> <span class='ocrx_word' id='word_1_414' title='bbox 3517 1476 3678 1544; x_wconf 83' lang='grc' dir='ltr'>ἀγεν-</span> 
     </span>
    </p>
   </div>
   <div class='ocr_carea' id='block_1_57' title="bbox 2094 1565 3674 1646">
    <p class='ocr_par' dir='ltr' id='par_1_57' title="bbox 2094 1565 3674 1646">
     <span class='ocr_line' id='line_1_57' title="bbox 2094 1565 3674 1646; baseline -0.006 -18"><span class='ocrx_word' id='word_1_415' title='bbox 2094 1576 2237 1646; x_wconf 86' lang='grc' dir='ltr'>νήτῳ</span> <span class='ocrx_word' id='word_1_416' title='bbox 2270 1575 2464 1646; x_wconf 80' lang='grc' dir='ltr'>Πατρὶ,</span> <span class='ocrx_word' id='word_1_417' title='bbox 2513 1576 2710 1627; x_wconf 76' lang='grc' dir='ltr'>οἰκεῖον</span> <span class='ocrx_word' id='word_1_418' title='bbox 2744 1571 2959 1643; x_wconf 87' lang='grc' dir='ltr'>ἀξίωμα</span> <span class='ocrx_word' id='word_1_419' title='bbox 2997 1570 3316 1641; x_wconf 85' lang='grc' dir='ltr'>φυλακτέον,</span> <span class='ocrx_word' id='word_1_420' title='bbox 3350 1568 3553 1640; x_wconf 83' lang='grc' dir='ltr'>μηδένα</span> <span class='ocrx_word' id='word_1_421' title='bbox 3580 1565 3674 1620; x_wconf 81' lang='grc' dir='ltr'>τοῦ</span> 
     </span>
    </p>
   </div>
   <div class='ocr_carea' id='block_1_58' title="bbox 2093 1660 3675 1739">
    <p class='ocr_par' dir='ltr' id='par_1_58' title="bbox 2093 1660 3675 1739">
     <span class='ocr_line' id='line_1_58' title="bbox 2093 1660 3675 1739; baseline -0.004 -18"><span class='ocrx_word' id='word_1_422' title='bbox 2093 1664 2228 1722; x_wconf 76' lang='grc' dir='ltr'>εἶναι</span> <span class='ocrx_word' id='word_1_423' title='bbox 2263 1667 2411 1739; x_wconf 89' lang='grc' dir='ltr'>αὐτῷ</span> <span class='ocrx_word' id='word_1_424' title='bbox 2435 1669 2528 1721; x_wconf 82' lang='grc' dir='ltr'>τὸν</span> <span class='ocrx_word' id='word_1_425' title='bbox 2557 1665 2728 1720; x_wconf 79' lang='grc' dir='ltr'>αἴτιον</span> <span class='ocrx_word' id='word_1_426' title='bbox 2747 1665 3024 1734; x_wconf 89' lang='grc' dir='ltr'>λέγοντας·</span> <span class='ocrx_word' id='word_1_427' title='bbox 3051 1663 3131 1735; x_wconf 82' lang='grc' dir='ltr'>τῷ</span> <span class='ocrx_word' id='word_1_428' title='bbox 3153 1664 3210 1716; x_wconf 89' lang='grc' dir='ltr'>δὲ</span> <span class='ocrx_word' id='word_1_429' title='bbox 3239 1662 3351 1733; x_wconf 83' lang='grc' dir='ltr'><strong>Υἱῷ</strong></span> <span class='ocrx_word' id='word_1_430' title='bbox 3370 1661 3470 1733; x_wconf 83' lang='grc' dir='ltr'>τὴν</span> <span class='ocrx_word' id='word_1_431' title='bbox 3501 1660 3675 1732; x_wconf 86' lang='grc' dir='ltr'>ἁρμό-</span> 
     </span>
    </p>
   </div>
   <div class='ocr_carea' id='block_1_59' title="bbox 2094 1751 3676 1830">
    <p class='ocr_par' dir='ltr' id='par_1_59' title="bbox 2094 1751 3676 1830">
     <span class='ocr_line' id='line_1_59' title="bbox 2094 1751 3676 1830; baseline -0.004 -18"><span class='ocrx_word' id='word_1_432' title='bbox 2094 1757 2290 1823; x_wconf 80' lang='grc' dir='ltr'>ζουσαν</span> <span class='ocrx_word' id='word_1_433' title='bbox 2325 1758 2490 1830; x_wconf 83' lang='grc' dir='ltr'>τιμὴν</span> <span class='ocrx_word' id='word_1_434' title='bbox 2519 1757 2912 1828; x_wconf 87' lang='grc' dir='ltr'>ἀπονεμητέον,</span> <span class='ocrx_word' id='word_1_435' title='bbox 2952 1755 3048 1827; x_wconf 86' lang='grc' dir='ltr'>τὴν</span> <span class='ocrx_word' id='word_1_436' title='bbox 3079 1755 3311 1827; x_wconf 80' lang='grc' dir='ltr'>ἄναρχον</span> <span class='ocrx_word' id='word_1_437' title='bbox 3343 1753 3493 1824; x_wconf 88' lang='grc' dir='ltr'>αὐτῷ</span> <span class='ocrx_word' id='word_1_438' title='bbox 3522 1751 3676 1826; x_wconf 79' lang='grc' dir='ltr'>παρὰ</span> 
     </span>
    </p>
   </div>
   <div class='ocr_carea' id='block_1_60' title="bbox 2092 1844 3672 1922">
    <p class='ocr_par' dir='ltr' id='par_1_60' title="bbox 2092 1844 3672 1922">
     <span class='ocr_line' id='line_1_60' title="bbox 2092 1844 3672 1922; baseline -0.003 -19"><span class='ocrx_word' id='word_1_439' title='bbox 2092 1850 2184 1904; x_wconf 78' lang='grc' dir='ltr'>τοῦ</span> <span class='ocrx_word' id='word_1_440' title='bbox 2230 1850 2441 1922; x_wconf 86' lang='grc' dir='ltr'>Πατρὺς</span> <span class='ocrx_word' id='word_1_441' title='bbox 2488 1849 2744 1920; x_wconf 85' lang='grc' dir='ltr'>γέννησιν</span> <span class='ocrx_word' id='word_1_442' title='bbox 2777 1847 3148 1911; x_wconf 80' lang='grc' dir='ltr'>ἀνατιθέντας,</span> <span class='ocrx_word' id='word_1_443' title='bbox 3180 1847 3275 1899; x_wconf 74' lang='grc' dir='ltr'>καὶ</span> <span class='ocrx_word' id='word_1_444' title='bbox 3310 1845 3387 1909; x_wconf 82' lang='grc' dir='ltr'><strong>ὡς</strong></span> <span class='ocrx_word' id='word_1_445' title='bbox 3430 1844 3672 1914; x_wconf 82' lang='grc' dir='ltr'>ἐφθάσα-</span> 
     </span>
    </p>
   </div>
   <div class='ocr_carea' id='block_1_61' title="bbox 2093 1937 3672 2014">
    <p class='ocr_par' dir='ltr' id='par_1_61' title="bbox 2093 1937 3672 2014">
     <span class='ocr_line' id='line_1_61' title="bbox 2093 1937 3672 2014; baseline -0.004 -18"><span class='ocrx_word' id='word_1_446' title='bbox 2093 1959 2214 2014; x_wconf 89' lang='grc' dir='ltr'>μεν,</span> <span class='ocrx_word' id='word_1_447' title='bbox 2257 1941 2406 2014; x_wconf 85' lang='grc' dir='ltr'>αὐτῷ</span> <span class='ocrx_word' id='word_1_448' title='bbox 2451 1941 2612 2005; x_wconf 90' lang='grc' dir='ltr'>σέϐας</span> <span class='ocrx_word' id='word_1_449' title='bbox 2659 1940 3059 2011; x_wconf 87' lang='grc' dir='ltr'>ἀπονέμοντες,</span> <span class='ocrx_word' id='word_1_450' title='bbox 3110 1939 3268 2010; x_wconf 86' lang='grc' dir='ltr'>μόνον</span> <span class='ocrx_word' id='word_1_451' title='bbox 3299 1937 3538 2002; x_wconf 86' lang='grc' dir='ltr'>εὐσεϐῶς</span> <span class='ocrx_word' id='word_1_452' title='bbox 3577 1938 3672 1993; x_wconf 71' lang='grc' dir='ltr'>καὶ</span> 
     </span>
    </p>
   </div>
   <div class='ocr_carea' id='block_1_62' title="bbox 2090 2026 3671 2104">
    <p class='ocr_par' dir='ltr' id='par_1_62' title="bbox 2090 2026 3671 2104">
     <span class='ocr_line' id='line_1_62' title="bbox 2090 2026 3671 2104; baseline -0.001 -20"><span class='ocrx_word' id='word_1_453' title='bbox 2090 2033 2350 2104; x_wconf 79' lang='grc' dir='ltr'>εὐφήμως</span> <span class='ocrx_word' id='word_1_454' title='bbox 2377 2031 2440 2085; x_wconf 86' lang='grc' dir='ltr'>τὸ</span> <span class='ocrx_word' id='word_1_455' title='bbox 2471 2027 2572 2102; x_wconf 81' lang='grc' dir='ltr'>ἦν,</span> <span class='ocrx_word' id='word_1_456' title='bbox 2603 2031 2697 2084; x_wconf 80' lang='grc' dir='ltr'>καὶ</span> <span class='ocrx_word' id='word_1_457' title='bbox 2731 2031 2792 2084; x_wconf 86' lang='grc' dir='ltr'>τὸ</span> <span class='ocrx_word' id='word_1_458' title='bbox 2819 2029 2932 2094; x_wconf 77' lang='grc' dir='ltr'>ἀεὶ,</span> <span class='ocrx_word' id='word_1_459' title='bbox 2959 2029 3054 2082; x_wconf 77' lang='grc' dir='ltr'>καὶ</span> <span class='ocrx_word' id='word_1_460' title='bbox 3083 2028 3146 2082; x_wconf 85' lang='grc' dir='ltr'>τὸ</span> <span class='ocrx_word' id='word_1_461' title='bbox 3176 2028 3290 2096; x_wconf 84' lang='grc' dir='ltr'>πρὸ</span> <span class='ocrx_word' id='word_1_462' title='bbox 3321 2026 3554 2083; x_wconf 70' lang='grc' dir='ltr'>αἰώνων</span> <span class='ocrx_word' id='word_1_463' title='bbox 3585 2027 3671 2082; x_wconf 90' lang='grc' dir='ltr'>λέ-</span> 
     </span>
    </p>
   </div>
   <div class='ocr_carea' id='block_1_63' title="bbox 2089 2123 3671 2197">
    <p class='ocr_par' dir='ltr' id='par_1_63' title="bbox 2089 2123 3671 2197">
     <span class='ocr_line' id='line_1_63' title="bbox 2089 2123 3671 2197; baseline -0.001 -18"><span class='ocrx_word' id='word_1_464' title='bbox 2089 2143 2276 2194; x_wconf 90' lang='grc' dir='ltr'>γοντες</span> <span class='ocrx_word' id='word_1_465' title='bbox 2301 2127 2387 2180; x_wconf 87' lang='grc' dir='ltr'><strong>ἐπ’</strong></span> <span class='ocrx_word' id='word_1_466' title='bbox 2421 2125 2604 2180; x_wconf 79' lang='grc' dir='ltr'>αὐτοῦ·</span> <span class='ocrx_word' id='word_1_467' title='bbox 2629 2125 2728 2197; x_wconf 79' lang='grc' dir='ltr'>τὴν</span> <span class='ocrx_word' id='word_1_468' title='bbox 2763 2125 2944 2196; x_wconf 84' lang='grc' dir='ltr'>μέντοι</span> <span class='ocrx_word' id='word_1_469' title='bbox 2971 2123 3204 2195; x_wconf 86' lang='grc' dir='ltr'>θεότητα</span> <span class='ocrx_word' id='word_1_470' title='bbox 3233 2123 3398 2177; x_wconf 81' lang='grc' dir='ltr'>αὐτοῦ</span> <span class='ocrx_word' id='word_1_471' title='bbox 3423 2125 3498 2195; x_wconf 76' lang='grc' dir='ltr'>μὴ</span> <span class='ocrx_word' id='word_1_472' title='bbox 3531 2141 3671 2196; x_wconf 88' lang='grc' dir='ltr'>παρ-</span> 
     </span>
    </p>
   </div>
   <div class='ocr_carea' id='block_1_64' title="bbox 2087 2219 3668 2294">
    <p class='ocr_par' dir='ltr' id='par_1_64' title="bbox 2087 2219 3668 2294">
     <span class='ocr_line' id='line_1_64' title="bbox 2087 2219 3668 2294; baseline -0.002 -17"><span class='ocrx_word' id='word_1_473' title='bbox 2087 2223 2418 2294; x_wconf 76' lang='grc' dir='ltr'>αιτούμενοι,</span> <span class='ocrx_word' id='word_1_474' title='bbox 2462 2221 2598 2276; x_wconf 84' lang='grc' dir='ltr'><strong>ἀλλά</strong></span> <span class='ocrx_word' id='word_1_475' title='bbox 2635 2224 2702 2294; x_wconf 78' lang='grc' dir='ltr'><strong>τῇ</strong></span> <span class='ocrx_word' id='word_1_476' title='bbox 2749 2222 2917 2275; x_wconf 77' lang='grc' dir='ltr'>εἰκόνι</span> <span class='ocrx_word' id='word_1_477' title='bbox 2960 2221 3056 2275; x_wconf 87' lang='grc' dir='ltr'>καὶ</span> <span class='ocrx_word' id='word_1_478' title='bbox 3104 2220 3183 2290; x_wconf 85' lang='grc' dir='ltr'><strong>τῷ</strong></span> <span class='ocrx_word' id='word_1_479' title='bbox 3219 2221 3526 2292; x_wconf 84' lang='grc' dir='ltr'>χαρακτῆρι</span> <span class='ocrx_word' id='word_1_480' title='bbox 3575 2219 3668 2274; x_wconf 84' lang='grc' dir='ltr'>τοῦ</span> 
     </span>
    </p>
   </div>
   <div class='ocr_carea' id='block_1_65' title="bbox 2087 2311 3668 2388">
    <p class='ocr_par' dir='ltr' id='par_1_65' title="bbox 2087 2311 3668 2388">
     <span class='ocr_line' id='line_1_65' title="bbox 2087 2311 3668 2388; baseline -0.001 -21"><span class='ocrx_word' id='word_1_481' title='bbox 2087 2315 2298 2388; x_wconf 84' lang='grc' dir='ltr'>Πατρὺς</span> <span class='ocrx_word' id='word_1_482' title='bbox 2327 2313 2794 2386; x_wconf 87' lang='grc' dir='ltr'>ἀπηκριϐωμένην</span> <span class='ocrx_word' id='word_1_483' title='bbox 2817 2313 3116 2384; x_wconf 76' lang='grc' dir='ltr'>ἐμφέρειαν</span> <span class='ocrx_word' id='word_1_484' title='bbox 3152 2312 3293 2365; x_wconf 79' lang='grc' dir='ltr'>κατὰ</span> <span class='ocrx_word' id='word_1_485' title='bbox 3325 2311 3502 2366; x_wconf 88' lang='grc' dir='ltr'>πάντα</span> <span class='ocrx_word' id='word_1_486' title='bbox 3534 2313 3668 2366; x_wconf 87' lang='grc' dir='ltr'>ἀνα-</span> 
     </span>
    </p>
   </div>
   <div class='ocr_carea' id='block_1_66' title="bbox 2083 2404 3666 2477">
    <p class='ocr_par' dir='ltr' id='par_1_66' title="bbox 2083 2404 3666 2477">
     <span class='ocr_line' id='line_1_66' title="bbox 2083 2404 3666 2477; baseline -0.001 -16"><span class='ocrx_word' id='word_1_487' title='bbox 2083 2408 2343 2472; x_wconf 82' lang='grc' dir='ltr'>τιθέντες.</span> <span class='ocrx_word' id='word_1_488' title='bbox 2369 2407 2443 2460; x_wconf 82' lang='grc' dir='ltr'>Τδ</span> <span class='ocrx_word' id='word_1_489' title='bbox 2462 2407 2520 2459; x_wconf 85' lang='grc' dir='ltr'>δὲ</span> <span class='ocrx_word' id='word_1_490' title='bbox 2540 2406 2834 2477; x_wconf 86' lang='grc' dir='ltr'>ἀγέννητον</span> <span class='ocrx_word' id='word_1_491' title='bbox 2860 2404 2939 2476; x_wconf 84' lang='grc' dir='ltr'><strong>τῷ</strong></span> <span class='ocrx_word' id='word_1_492' title='bbox 2959 2406 3136 2476; x_wconf 75' lang='grc' dir='ltr'>Πατρὶ</span> <span class='ocrx_word' id='word_1_493' title='bbox 3161 2405 3319 2476; x_wconf 86' lang='grc' dir='ltr'>μόνον</span> <span class='ocrx_word' id='word_1_494' title='bbox 3345 2405 3542 2476; x_wconf 77' lang='grc' dir='ltr'>ἰδίωμα</span> <span class='ocrx_word' id='word_1_495' title='bbox 3555 2404 3666 2476; x_wconf 79' lang='grc'>(58)</span> 
     </span>
    </p>
   </div>
   <div class='ocr_carea' id='block_1_67' title="bbox 2085 2496 3664 2573">
    <p class='ocr_par' dir='ltr' id='par_1_67' title="bbox 2085 2496 3664 2573">
     <span class='ocr_line' id='line_1_67' title="bbox 2085 2496 3664 2573; baseline -0.002 -20"><span class='ocrx_word' id='word_1_496' title='bbox 2085 2503 2338 2573; x_wconf 85' lang='grc' dir='ltr'>παρεῖναι</span> <span class='ocrx_word' id='word_1_497' title='bbox 2365 2499 2700 2564; x_wconf 77' lang='grc' dir='ltr'>δοξάζοντες,</span> <span class='ocrx_word' id='word_1_498' title='bbox 2735 2498 2830 2552; x_wconf 80' lang='grc' dir='ltr'>ἆτε</span> <span class='ocrx_word' id='word_1_499' title='bbox 2855 2498 2912 2551; x_wconf 87' lang='grc' dir='ltr'><strong>δέ</strong></span> <span class='ocrx_word' id='word_1_500' title='bbox 2935 2499 3029 2552; x_wconf 74' lang='grc' dir='ltr'>καὶ</span> <span class='ocrx_word' id='word_1_501' title='bbox 3047 2497 3212 2552; x_wconf 78' lang='grc' dir='ltr'>αὐτοῦ</span> <span class='ocrx_word' id='word_1_502' title='bbox 3241 2499 3541 2568; x_wconf 82' lang='grc' dir='ltr'>φάσκοντος</span> <span class='ocrx_word' id='word_1_503' title='bbox 3570 2496 3664 2551; x_wconf 78' lang='grc' dir='ltr'><strong>τοῦ</strong></span> 
     </span>
    </p>
   </div>
   <div class='ocr_carea' id='block_1_68' title="bbox 2083 2585 3664 2662">
    <p class='ocr_par' dir='ltr' id='par_1_68' title="bbox 2083 2585 3664 2662">
     <span class='ocr_line' id='line_1_68' title="bbox 2083 2585 3664 2662; baseline -0.003 -18"><span class='ocrx_word' id='word_1_504' title='bbox 2083 2591 2356 2662; x_wconf 81' lang='grc' dir='ltr'>Σωτῆρος·</span> <span class='ocrx_word' id='word_1_505' title='bbox 2399 2591 2462 2644; x_wconf 77' lang='lat'><strong>&#39;0</strong></span> <span class='ocrx_word' id='word_1_506' title='bbox 2492 2588 2694 2658; x_wconf 79' lang='grc' dir='ltr'>Πατήρ</span> <span class='ocrx_word' id='word_1_507' title='bbox 2720 2606 2840 2658; x_wconf 88' lang='grc' dir='ltr'><strong>μου</strong></span> <span class='ocrx_word' id='word_1_508' title='bbox 2866 2587 3080 2658; x_wconf 79' lang='grc' dir='ltr'>μείζων</span> <span class='ocrx_word' id='word_1_509' title='bbox 3105 2605 3227 2658; x_wconf 84' lang='grc' dir='ltr'><strong>μου</strong></span> <span class='ocrx_word' id='word_1_510' title='bbox 3256 2588 3407 2644; x_wconf 82' lang='grc' dir='ltr'><strong>ἐστι.</strong></span> <span class='ocrx_word' id='word_1_511' title='bbox 3436 2587 3579 2658; x_wconf 84' lang='grc' dir='ltr'>Πρὸς</span> <span class='ocrx_word' id='word_1_512' title='bbox 3606 2585 3664 2640; x_wconf 84' lang='grc' dir='ltr'><strong>δέ</strong></span> 
     </span>
    </p>
   </div>
   <div class='ocr_carea' id='block_1_69' title="bbox 2081 2676 3666 2754">
    <p class='ocr_par' dir='ltr' id='par_1_69' title="bbox 2081 2676 3666 2754">
     <span class='ocr_line' id='line_1_69' title="bbox 2081 2676 3666 2754; baseline 0 -20"><span class='ocrx_word' id='word_1_513' title='bbox 2081 2684 2146 2752; x_wconf 79' lang='grc' dir='ltr'>τῇ</span> <span class='ocrx_word' id='word_1_514' title='bbox 2178 2681 2392 2734; x_wconf 87' lang='grc' dir='ltr'>εὐσεϐεῖ</span> <span class='ocrx_word' id='word_1_515' title='bbox 2415 2684 2586 2754; x_wconf 83' lang='grc' dir='ltr'>ταύτῃ</span> <span class='ocrx_word' id='word_1_516' title='bbox 2619 2681 2745 2748; x_wconf 74' lang='grc' dir='ltr'>περὶ</span> <span class='ocrx_word' id='word_1_517' title='bbox 2774 2680 2990 2752; x_wconf 87' lang='grc' dir='ltr'>Πατρὸς</span> <span class='ocrx_word' id='word_1_518' title='bbox 3022 2680 3118 2733; x_wconf 79' lang='grc' dir='ltr'>καὶ</span> <span class='ocrx_word' id='word_1_519' title='bbox 3150 2678 3277 2733; x_wconf 83' lang='grc' dir='ltr'>Υίοῢ</span> <span class='ocrx_word' id='word_1_520' title='bbox 3306 2677 3455 2752; x_wconf 79' lang='grc' dir='ltr'>δόξῃ,</span> <span class='ocrx_word' id='word_1_521' title='bbox 3481 2676 3666 2743; x_wconf 86' lang='grc' dir='ltr'>καθὼς</span> 
     </span>
    </p>
   </div>
   <div class='ocr_carea' id='block_1_70' title="bbox 2080 2770 3665 2844">
    <p class='ocr_par' dir='ltr' id='par_1_70' title="bbox 2080 2770 3665 2844">
     <span class='ocr_line' id='line_1_70' title="bbox 2080 2770 3665 2844; baseline -0.002 -18"><span class='ocrx_word' id='word_1_522' title='bbox 2080 2773 2228 2844; x_wconf 77' lang='grc' dir='ltr'>ἡμᾶς</span> <span class='ocrx_word' id='word_1_523' title='bbox 2271 2773 2327 2826; x_wconf 91' lang='grc' dir='ltr'>αἱ</span> <span class='ocrx_word' id='word_1_524' title='bbox 2357 2773 2494 2828; x_wconf 85' lang='grc' dir='ltr'>θεῖαι</span> <span class='ocrx_word' id='word_1_525' title='bbox 2526 2772 2740 2844; x_wconf 73' lang='grc' dir='ltr'>Γραφαὶ</span> <span class='ocrx_word' id='word_1_526' title='bbox 2764 2771 3122 2836; x_wconf 82' lang='grc' dir='ltr'>διδάσκουσιν,</span> <span class='ocrx_word' id='word_1_527' title='bbox 3165 2771 3222 2825; x_wconf 85' lang='grc' dir='ltr'><strong>ἐν</strong></span> <span class='ocrx_word' id='word_1_528' title='bbox 3252 2770 3477 2842; x_wconf 82' lang='grc' dir='ltr'>Πνεῦμα</span> <span class='ocrx_word' id='word_1_529' title='bbox 3511 2771 3665 2839; x_wconf 82' lang='grc' dir='ltr'>ἆγιον</span> 
     </span>
    </p>
   </div>
   <div class='ocr_carea' id='block_1_71' title="bbox 2078 2865 3661 2939">
    <p class='ocr_par' dir='ltr' id='par_1_71' title="bbox 2078 2865 3661 2939">
     <span class='ocr_line' id='line_1_71' title="bbox 2078 2865 3661 2939; baseline -0.001 -19"><span class='ocrx_word' id='word_1_530' title='bbox 2078 2867 2469 2939; x_wconf 81' lang='grc' dir='ltr'>ὁμολογοῦμεν,</span> <span class='ocrx_word' id='word_1_531' title='bbox 2503 2868 2564 2921; x_wconf 82' lang='grc' dir='ltr'>τὸ</span> <span class='ocrx_word' id='word_1_532' title='bbox 2591 2867 2844 2920; x_wconf 90' lang='grc' dir='ltr'>καινίσαν</span> <span class='ocrx_word' id='word_1_533' title='bbox 2873 2865 2986 2938; x_wconf 78' lang='grc'>(59)</span> <span class='ocrx_word' id='word_1_534' title='bbox 3027 2865 3154 2929; x_wconf 86' lang='grc' dir='ltr'><strong>τούς</strong></span> <span class='ocrx_word' id='word_1_535' title='bbox 3185 2883 3246 2919; x_wconf 89' lang='grc' dir='ltr'><strong>τε</strong></span> <span class='ocrx_word' id='word_1_536' title='bbox 3282 2867 3380 2937; x_wconf 85' lang='grc' dir='ltr'>τῆς</span> <span class='ocrx_word' id='word_1_537' title='bbox 3420 2865 3661 2930; x_wconf 51' lang='lat' dir='ltr'><strong>nauata;</strong></span> 
     </span>
    </p>
   </div>
   <div class='ocr_carea' id='block_1_72' title="bbox 2079 2959 3662 3034">
    <p class='ocr_par' dir='ltr' id='par_1_72' title="bbox 2079 2959 3662 3034">
     <span class='ocr_line' id='line_1_72' title="bbox 2079 2959 3662 3034; baseline -0.001 -20"><span class='ocrx_word' id='word_1_538' title='bbox 2079 2961 2352 3034; x_wconf 86' lang='grc' dir='ltr'>Διαθήκης</span> <span class='ocrx_word' id='word_1_539' title='bbox 2387 2962 2574 3031; x_wconf 86' lang='grc' dir='ltr'>ἁγίους</span> <span class='ocrx_word' id='word_1_540' title='bbox 2614 2961 2951 3032; x_wconf 85' lang='grc' dir='ltr'>ἀνθρώπους,</span> <span class='ocrx_word' id='word_1_541' title='bbox 2987 2961 3081 3014; x_wconf 78' lang='grc' dir='ltr'><strong>καὶ</strong></span> <span class='ocrx_word' id='word_1_542' title='bbox 3111 2959 3238 3023; x_wconf 80' lang='grc' dir='ltr'>τοὺς</span> <span class='ocrx_word' id='word_1_543' title='bbox 3266 2959 3367 3029; x_wconf 84' lang='grc' dir='ltr'>τῆς</span> <span class='ocrx_word' id='word_1_544' title='bbox 3395 2976 3662 3030; x_wconf 80' lang='grc' dir='ltr'>χρηματι-</span> 
     </span>
    </p>
   </div>
   <div class='ocr_carea' id='block_1_73' title="bbox 2079 3044 3660 3126">
    <p class='ocr_par' dir='ltr' id='par_1_73' title="bbox 2079 3044 3660 3126">
     <span class='ocr_line' id='line_1_73' title="bbox 2079 3044 3660 3126; baseline -0.001 -19"><span class='ocrx_word' id='word_1_545' title='bbox 2079 3053 2280 3124; x_wconf 84' lang='grc' dir='ltr'>ζούσης</span> <span class='ocrx_word' id='word_1_546' title='bbox 2325 3055 2534 3126; x_wconf 80' lang='grc' dir='ltr'>Καινῆς</span> <span class='ocrx_word' id='word_1_547' title='bbox 2588 3054 2882 3117; x_wconf 82' lang='grc' dir='ltr'>παιδευτὰς</span> <span class='ocrx_word' id='word_1_548' title='bbox 2934 3053 3130 3117; x_wconf 88' lang='grc' dir='ltr'>θείους.</span> <span class='ocrx_word' id='word_1_549' title='bbox 3165 3053 3312 3106; x_wconf 86' lang='grc' dir='ltr'>Μίαν</span> <span class='ocrx_word' id='word_1_550' title='bbox 3363 3053 3457 3106; x_wconf 79' lang='grc' dir='ltr'>καὶ</span> <span class='ocrx_word' id='word_1_551' title='bbox 3493 3044 3660 3124; x_wconf 84' lang='grc' dir='ltr'>μόνην</span> 
     </span>
    </p>
   </div>
   <div class='ocr_carea' id='block_1_74' title="bbox 2079 3145 3659 3219">
    <p class='ocr_par' dir='ltr' id='par_1_74' title="bbox 2079 3145 3659 3219">
     <span class='ocr_line' id='line_1_74' title="bbox 2079 3145 3659 3219; baseline -0.003 -19"><span class='ocrx_word' id='word_1_552' title='bbox 2079 3145 2393 3218; x_wconf 81' lang='grc' dir='ltr'>καθολικὴν,</span> <span class='ocrx_word' id='word_1_553' title='bbox 2437 3147 2536 3219; x_wconf 79' lang='grc' dir='ltr'>τὴν</span> <span class='ocrx_word' id='word_1_554' title='bbox 2579 3145 2941 3216; x_wconf 83' lang='grc' dir='ltr'>ἀποστολικὴν</span> <span class='ocrx_word' id='word_1_555' title='bbox 2985 3145 3330 3216; x_wconf 85' lang='grc' dir='ltr'>Ἐκκλησίαν·</span> <span class='ocrx_word' id='word_1_556' title='bbox 3366 3145 3659 3216; x_wconf 84' lang='grc' dir='ltr'>ἀκαθαίρε-</span> 
     </span>
    </p>
   </div>
   <div class='ocr_carea' id='block_1_75' title="bbox 2075 3237 3655 3310">
    <p class='ocr_par' dir='ltr' id='par_1_75' title="bbox 2075 3237 3655 3310">
     <span class='ocr_line' id='line_1_75' title="bbox 2075 3237 3655 3310; baseline -0.003 -18"><span class='ocrx_word' id='word_1_557' title='bbox 2075 3257 2166 3294; x_wconf 90' lang='grc' dir='ltr'><strong>τον</strong></span> <span class='ocrx_word' id='word_1_558' title='bbox 2204 3239 2304 3310; x_wconf 85' lang='grc' dir='ltr'>μὲν</span> <span class='ocrx_word' id='word_1_559' title='bbox 2331 3241 2437 3303; x_wconf 73' lang='grc' dir='ltr'>ἀεὶ,</span> <span class='ocrx_word' id='word_1_560' title='bbox 2483 3238 2588 3292; x_wconf 78' lang='grc' dir='ltr'><strong>κᾶν</strong></span> <span class='ocrx_word' id='word_1_561' title='bbox 2629 3240 2737 3302; x_wconf 76' lang='grc' dir='ltr'>πᾶς</span> <span class='ocrx_word' id='word_1_562' title='bbox 2773 3239 2802 3290; x_wconf 86' lang='grc' dir='ltr'><strong>ὁ</strong></span> <span class='ocrx_word' id='word_1_563' title='bbox 2834 3238 3036 3309; x_wconf 87' lang='grc' dir='ltr'>κόσμος</span> <span class='ocrx_word' id='word_1_564' title='bbox 3065 3239 3201 3308; x_wconf 80' lang='grc' dir='ltr'>αὐτῇ</span> <span class='ocrx_word' id='word_1_565' title='bbox 3236 3237 3493 3309; x_wconf 82' lang='grc' dir='ltr'>πολεμεῖν</span> <span class='ocrx_word' id='word_1_566' title='bbox 3531 3238 3655 3307; x_wconf 80' lang='grc' dir='ltr'>βου-</span> 
     </span>
    </p>
   </div>
   <div class='ocr_carea' id='block_1_76' title="bbox 2075 3326 3655 3402">
    <p class='ocr_par' dir='ltr' id='par_1_76' title="bbox 2075 3326 3655 3402">
     <span class='ocr_line' id='line_1_76' title="bbox 2075 3326 3655 3402; baseline -0.003 -22"><span class='ocrx_word' id='word_1_567' title='bbox 2075 3328 2441 3400; x_wconf 73' lang='grc' dir='ltr'>λεύηται(40)·</span> <span class='ocrx_word' id='word_1_568' title='bbox 2472 3327 2765 3402; x_wconf 85' lang='grc' dir='ltr'>νικηφόρον</span> <span class='ocrx_word' id='word_1_569' title='bbox 2789 3327 2846 3380; x_wconf 88' lang='grc' dir='ltr'><strong>δέ</strong></span> <span class='ocrx_word' id='word_1_570' title='bbox 2868 3328 3048 3399; x_wconf 82' lang='grc' dir='ltr'>πάσης</span> <span class='ocrx_word' id='word_1_571' title='bbox 3075 3327 3174 3398; x_wconf 83' lang='grc' dir='ltr'>τῆς</span> <span class='ocrx_word' id='word_1_572' title='bbox 3197 3327 3305 3380; x_wconf 91' lang='grc' dir='ltr'><strong>τῶν</strong></span> <span class='ocrx_word' id='word_1_573' title='bbox 3335 3326 3655 3399; x_wconf 76' lang='grc' dir='ltr'>ἑτεροδόξων</span> 
     </span>
    </p>
   </div>
   <div class='ocr_carea' id='block_1_77' title="bbox 2077 3420 3656 3493">
    <p class='ocr_par' dir='ltr' id='par_1_77' title="bbox 2077 3420 3656 3493">
     <span class='ocr_line' id='line_1_77' title="bbox 2077 3420 3656 3493; baseline -0.001 -19"><span class='ocrx_word' id='word_1_574' title='bbox 2077 3421 2450 3493; x_wconf 88' lang='grc' dir='ltr'>ἁσεϐεστάτης</span> <span class='ocrx_word' id='word_1_575' title='bbox 2496 3421 2938 3486; x_wconf 86' lang='grc' dir='ltr'>ἐπαναστάσεως,</span> <span class='ocrx_word' id='word_1_576' title='bbox 2978 3420 3265 3492; x_wconf 82' lang='grc' dir='ltr'>εὐθαρσεῖς</span> <span class='ocrx_word' id='word_1_577' title='bbox 3303 3421 3450 3492; x_wconf 77' lang='grc' dir='ltr'>ἡμᾶς</span> <span class='ocrx_word' id='word_1_578' title='bbox 3487 3437 3656 3473; x_wconf 86' lang='grc' dir='ltr'>κατα-</span> 
     </span>
    </p>
   </div>
   <div class='ocr_carea' id='block_1_78' title="bbox 2075 3511 3652 3587">
    <p class='ocr_par' dir='ltr' id='par_1_78' title="bbox 2075 3511 3652 3587">
     <span class='ocr_line' id='line_1_78' title="bbox 2075 3511 3652 3587; baseline -0.001 -21"><span class='ocrx_word' id='word_1_579' title='bbox 2075 3513 2440 3578; x_wconf 87' lang='grc' dir='ltr'>σκευάσαντος</span> <span class='ocrx_word' id='word_1_580' title='bbox 2467 3512 2578 3587; x_wconf 75' lang='grc'>(41)</span> <span class='ocrx_word' id='word_1_581' title='bbox 2612 3512 2705 3566; x_wconf 82' lang='grc' dir='ltr'>τοῦ</span> <span class='ocrx_word' id='word_1_582' title='bbox 2755 3512 3144 3566; x_wconf 82' lang='grc' dir='ltr'>Οἰκοδεσπότου</span> <span class='ocrx_word' id='word_1_583' title='bbox 3188 3511 3380 3582; x_wconf 84' lang='grc' dir='ltr'>αὐτῆς,</span> <span class='ocrx_word' id='word_1_584' title='bbox 3424 3512 3514 3566; x_wconf 85' lang='grc' dir='ltr'><strong>διά</strong></span> <span class='ocrx_word' id='word_1_585' title='bbox 3558 3511 3652 3565; x_wconf 78' lang='grc' dir='ltr'>τοῦ</span> 
     </span>
    </p>
   </div>
   <div class='ocr_carea' id='block_1_79' title="bbox 2077 3605 3651 3678">
    <p class='ocr_par' dir='ltr' id='par_1_79' title="bbox 2077 3605 3651 3678">
     <span class='ocr_line' id='line_1_79' title="bbox 2077 3605 3651 3678; baseline -0.001 -18"><span class='ocrx_word' id='word_1_586' title='bbox 2077 3606 2224 3678; x_wconf 77' lang='grc' dir='ltr'>βοᾷν·</span> <span class='ocrx_word' id='word_1_587' title='bbox 2261 3607 2563 3674; x_wconf 78' lang='grc' dir='ltr'>Θαρσεῖτε,</span> <span class='ocrx_word' id='word_1_588' title='bbox 2605 3605 2721 3676; x_wconf 73' lang='grc' dir='ltr'><strong>ἐγὼ</strong></span> <span class='ocrx_word' id='word_1_589' title='bbox 2748 3606 3036 3673; x_wconf 81' lang='grc' dir='ltr'>νενίκηκα</span> <span class='ocrx_word' id='word_1_590' title='bbox 3062 3605 3170 3659; x_wconf 83' lang='grc' dir='ltr'>τὸν</span> <span class='ocrx_word' id='word_1_591' title='bbox 3201 3605 3450 3676; x_wconf 69' lang='grc' dir='ltr'>κόοζμον.</span> <span class='ocrx_word' id='word_1_592' title='bbox 3496 3605 3651 3658; x_wconf 83' lang='grc' dir='ltr'>Μετὰ</span> 
     </span>
    </p>
   </div>
   <div class='ocr_carea' id='block_1_80' title="bbox 2074 3695 3650 3773">
    <p class='ocr_par' dir='ltr' id='par_1_80' title="bbox 2074 3695 3650 3773">
     <span class='ocr_line' id='line_1_80' title="bbox 2074 3695 3650 3773; baseline -0.002 -16"><span class='ocrx_word' id='word_1_593' title='bbox 2074 3701 2230 3757; x_wconf 81' lang='grc' dir='ltr'>τοῦτο</span> <span class='ocrx_word' id='word_1_594' title='bbox 2263 3703 2361 3773; x_wconf 86' lang='grc' dir='ltr'>τὴν</span> <span class='ocrx_word' id='word_1_595' title='bbox 2392 3703 2457 3756; x_wconf 84' lang='grc' dir='ltr'><strong>ἐκ</strong></span> <span class='ocrx_word' id='word_1_596' title='bbox 2501 3702 2710 3773; x_wconf 88' lang='grc' dir='ltr'>νεκρῶν</span> <span class='ocrx_word' id='word_1_597' title='bbox 2741 3702 3033 3756; x_wconf 85' lang='grc' dir='ltr'>ἀνάστασιν</span> <span class='ocrx_word' id='word_1_598' title='bbox 3061 3700 3303 3772; x_wconf 73' lang='grc' dir='ltr'>οἴδαμεν·</span> <span class='ocrx_word' id='word_1_599' title='bbox 3333 3695 3402 3772; x_wconf 82' lang='grc' dir='ltr'>ἦς</span> <span class='ocrx_word' id='word_1_600' title='bbox 3428 3701 3650 3772; x_wconf 80' lang='grc' dir='ltr'>ἀπαρχὴ</span> 
     </span>
    </p>
   </div>
   <div class='ocr_carea' id='block_1_81' title="bbox 2072 3792 3647 3867">
    <p class='ocr_par' dir='ltr' id='par_1_81' title="bbox 2072 3792 3647 3867">
     <span class='ocr_line' id='line_1_81' title="bbox 2072 3792 3647 3867; baseline -0.001 -20"><span class='ocrx_word' id='word_1_601' title='bbox 2072 3795 2294 3865; x_wconf 90' lang='grc' dir='ltr'>γέγονεν</span> <span class='ocrx_word' id='word_1_602' title='bbox 2321 3798 2350 3849; x_wconf 86' lang='grc' dir='ltr'>ὁ</span> <span class='ocrx_word' id='word_1_603' title='bbox 2386 3795 2593 3866; x_wconf 86' lang='grc' dir='ltr'>Κύριος</span> <span class='ocrx_word' id='word_1_604' title='bbox 2623 3795 2779 3867; x_wconf 82' lang='grc' dir='ltr'>ήμῶν</span> <span class='ocrx_word' id='word_1_605' title='bbox 2825 3792 3030 3865; x_wconf 80' lang='grc' dir='ltr'>Ἰησοῦς</span> <span class='ocrx_word' id='word_1_606' title='bbox 3056 3793 3312 3865; x_wconf 86' lang='grc' dir='ltr'>Χριστὸς,</span> <span class='ocrx_word' id='word_1_607' title='bbox 3350 3792 3509 3864; x_wconf 88' lang='grc' dir='ltr'>σῶμα</span> <span class='ocrx_word' id='word_1_608' title='bbox 3549 3811 3647 3863; x_wconf 82' lang='grc' dir='ltr'>φο-</span> 
     </span>
    </p>
   </div>
   <div class='ocr_carea' id='block_1_82' title="bbox 2073 3883 3650 3958">
    <p class='ocr_par' dir='ltr' id='par_1_82' title="bbox 2073 3883 3650 3958">
     <span class='ocr_line' id='line_1_82' title="bbox 2073 3883 3650 3958; baseline 0 -21"><span class='ocrx_word' id='word_1_609' title='bbox 2073 3884 2238 3958; x_wconf 88' lang='grc' dir='ltr'>ρέσας</span> <span class='ocrx_word' id='word_1_610' title='bbox 2269 3885 2486 3957; x_wconf 87' lang='grc' dir='ltr'>ἀληθῶς</span> <span class='ocrx_word' id='word_1_611' title='bbox 2515 3885 2608 3938; x_wconf 70' lang='grc' dir='ltr'><strong>καὶ</strong></span> <span class='ocrx_word' id='word_1_612' title='bbox 2636 3887 2696 3938; x_wconf 91' lang='grc' dir='ltr'><strong>οὐ</strong></span> <span class='ocrx_word' id='word_1_613' title='bbox 2723 3885 2960 3956; x_wconf 89' lang='grc' dir='ltr'>δοκήσει,</span> <span class='ocrx_word' id='word_1_614' title='bbox 3001 3885 3066 3937; x_wconf 91' lang='grc' dir='ltr'><strong>ἐκ</strong></span> <span class='ocrx_word' id='word_1_615' title='bbox 3089 3884 3192 3954; x_wconf 83' lang='grc' dir='ltr'>τῆς</span> <span class='ocrx_word' id='word_1_616' title='bbox 3223 3883 3485 3937; x_wconf 87' lang='grc' dir='ltr'>Θεοτόκου</span> <span class='ocrx_word' id='word_1_617' title='bbox 3527 3884 3650 3937; x_wconf 84' lang='grc' dir='ltr'><strong>Μα-</strong></span> 
     </span>
    </p>
   </div>
   <div class='ocr_carea' id='block_1_83' title="bbox 2072 3974 3648 4049">
    <p class='ocr_par' dir='ltr' id='par_1_83' title="bbox 2072 3974 3648 4049">
     <span class='ocr_line' id='line_1_83' title="bbox 2072 3974 3648 4049; baseline 0.002 -22"><span class='ocrx_word' id='word_1_618' title='bbox 2072 3974 2213 4047; x_wconf 86' lang='grc' dir='ltr'>ρίας,</span> <span class='ocrx_word' id='word_1_619' title='bbox 2250 3976 2344 4030; x_wconf 74' lang='grc' dir='ltr'>ἐπὶ</span> <span class='ocrx_word' id='word_1_620' title='bbox 2377 3978 2653 4049; x_wconf 77' lang='grc' dir='ltr'>συντελείᾳ</span> <span class='ocrx_word' id='word_1_621' title='bbox 2689 3978 2796 4030; x_wconf 89' lang='grc' dir='ltr'><strong>τῶν</strong></span> <span class='ocrx_word' id='word_1_622' title='bbox 2835 3976 3046 4031; x_wconf 77' lang='grc' dir='ltr'>αἰώνων</span> <span class='ocrx_word' id='word_1_623' title='bbox 3075 3979 3156 4041; x_wconf 80' lang='grc' dir='ltr'><strong>είς</strong></span> <span class='ocrx_word' id='word_1_624' title='bbox 3183 3977 3441 4049; x_wconf 85' lang='grc' dir='ltr'>ἀθέτησιν</span> <span class='ocrx_word' id='word_1_625' title='bbox 3469 3977 3648 4048; x_wconf 84' lang='grc' dir='ltr'>ἀμαρ-</span> 
     </span>
    </p>
   </div>
   <div class='ocr_carea' id='block_1_84' title="bbox 2067 4064 3645 4141">
    <p class='ocr_par' dir='ltr' id='par_1_84' title="bbox 2067 4064 3645 4141">
     <span class='ocr_line' id='line_1_84' title="bbox 2067 4064 3645 4141; baseline -0.001 -21"><span class='ocrx_word' id='word_1_626' title='bbox 2067 4064 2187 4131; x_wconf 89' lang='grc' dir='ltr'>τίας</span> <span class='ocrx_word' id='word_1_627' title='bbox 2211 4067 2554 4141; x_wconf 79' lang='grc' dir='ltr'>ἐπιδημήσας</span> <span class='ocrx_word' id='word_1_628' title='bbox 2592 4067 2670 4139; x_wconf 83' lang='grc' dir='ltr'>τῷ</span> <span class='ocrx_word' id='word_1_629' title='bbox 2707 4069 2853 4137; x_wconf 88' lang='grc' dir='ltr'>γένει</span> <span class='ocrx_word' id='word_1_630' title='bbox 2893 4069 3001 4122; x_wconf 88' lang='grc' dir='ltr'><strong>τῶν</strong></span> <span class='ocrx_word' id='word_1_631' title='bbox 3033 4067 3357 4141; x_wconf 85' lang='grc' dir='ltr'>ἀνθρώπων,</span> <span class='ocrx_word' id='word_1_632' title='bbox 3398 4084 3645 4138; x_wconf 87' lang='grc' dir='ltr'>σταυρω-</span> 
     </span>
    </p>
   </div>
   <div class='ocr_carea' id='block_1_85' title="bbox 2065 4155 3642 4232">
    <p class='ocr_par' dir='ltr' id='par_1_85' title="bbox 2065 4155 3642 4232">
     <span class='ocr_line' id='line_1_85' title="bbox 2065 4155 3642 4232; baseline -0.003 -16"><span class='ocrx_word' id='word_1_633' title='bbox 2065 4155 2179 4224; x_wconf 73' lang='grc' dir='ltr'>θεὶς</span> <span class='ocrx_word' id='word_1_634' title='bbox 2223 4161 2317 4215; x_wconf 70' lang='grc' dir='ltr'>καὶ</span> <span class='ocrx_word' id='word_1_635' title='bbox 2349 4161 2656 4226; x_wconf 87' lang='grc' dir='ltr'>ἀποθανὼν,</span> <span class='ocrx_word' id='word_1_636' title='bbox 2705 4162 2818 4216; x_wconf 83' lang='grc' dir='ltr'>ἀλλ’</span> <span class='ocrx_word' id='word_1_637' title='bbox 2851 4163 2913 4216; x_wconf 92' lang='grc' dir='ltr'><strong>οὐ</strong></span> <span class='ocrx_word' id='word_1_638' title='bbox 2958 4162 3047 4217; x_wconf 77' lang='grc' dir='ltr'>διὰ</span> <span class='ocrx_word' id='word_1_639' title='bbox 3083 4162 3257 4216; x_wconf 83' lang='grc' dir='ltr'>ταῦτα</span> <span class='ocrx_word' id='word_1_640' title='bbox 3299 4162 3400 4232; x_wconf 85' lang='grc' dir='ltr'>τῆς</span> <span class='ocrx_word' id='word_1_641' title='bbox 3449 4157 3642 4213; x_wconf 84' lang='grc' dir='ltr'>ἐαυτοῦ</span> 
     </span>
    </p>
   </div>
   <div class='ocr_carea' id='block_1_86' title="bbox 2063 4250 3638 4325">
    <p class='ocr_par' dir='ltr' id='par_1_86' title="bbox 2063 4250 3638 4325">
     <span class='ocr_line' id='line_1_86' title="bbox 2063 4250 3638 4325; baseline -0.003 -19"><span class='ocrx_word' id='word_1_642' title='bbox 2063 4251 2318 4325; x_wconf 85' lang='grc' dir='ltr'>θεότητος</span> <span class='ocrx_word' id='word_1_643' title='bbox 2355 4254 2532 4324; x_wconf 80' lang='grc' dir='ltr'>ἥττων</span> <span class='ocrx_word' id='word_1_644' title='bbox 2578 4254 2960 4325; x_wconf 83' lang='grc' dir='ltr'>γεγενημένος·</span> <span class='ocrx_word' id='word_1_645' title='bbox 3007 4254 3244 4318; x_wconf 84' lang='grc' dir='ltr'>ἀναστὰς</span> <span class='ocrx_word' id='word_1_646' title='bbox 3299 4255 3364 4306; x_wconf 85' lang='grc' dir='ltr'><strong>ἐκ</strong></span> <span class='ocrx_word' id='word_1_647' title='bbox 3408 4250 3638 4322; x_wconf 90' lang='grc' dir='ltr'>νεκρῶν,</span> 
     </span>
    </p>
   </div>
   <div class='ocr_carea' id='block_1_87' title="bbox 2061 4343 3638 4417">
    <p class='ocr_par' dir='ltr' id='par_1_87' title="bbox 2061 4343 3638 4417">
     <span class='ocr_line' id='line_1_87' title="bbox 2061 4343 3638 4417; baseline -0.003 -18"><span class='ocrx_word' id='word_1_648' title='bbox 2061 4345 2395 4417; x_wconf 71' lang='grc' dir='ltr'>ἀναληφθεὶς</span> <span class='ocrx_word' id='word_1_649' title='bbox 2423 4345 2480 4398; x_wconf 88' lang='grc' dir='ltr'><strong>ἐν</strong></span> <span class='ocrx_word' id='word_1_650' title='bbox 2511 4346 2780 4417; x_wconf 86' lang='grc' dir='ltr'>οὐρανοῖς,</span> <span class='ocrx_word' id='word_1_651' title='bbox 2809 4345 3117 4417; x_wconf 83' lang='grc' dir='ltr'>καθήμενος</span> <span class='ocrx_word' id='word_1_652' title='bbox 3155 4346 3213 4399; x_wconf 87' lang='grc' dir='ltr'><strong>ἐν</strong></span> <span class='ocrx_word' id='word_1_653' title='bbox 3239 4343 3388 4415; x_wconf 80' lang='grc' dir='ltr'>δεξιᾷ</span> <span class='ocrx_word' id='word_1_654' title='bbox 3407 4343 3504 4413; x_wconf 87' lang='grc' dir='ltr'>τῆς</span> <span class='ocrx_word' id='word_1_655' title='bbox 3541 4358 3638 4412; x_wconf 83' lang='grc' dir='ltr'>με-</span> 
     </span>
    </p>
   </div>
   <div class='ocr_carea' id='block_1_88' title="bbox 379 4421 2400 4509">
    <p class='ocr_par' dir='ltr' id='par_1_88' title="bbox 379 4421 2400 4509">
     <span class='ocr_line' id='line_1_88' title="bbox 379 4421 2400 4509; baseline 0.009 -37"><span class='ocrx_word' id='word_1_656' title='bbox 379 4427 662 4488; x_wconf 90' lang='lat' dir='ltr'><strong>peceatum</strong></span> <span class='ocrx_word' id='word_1_657' title='bbox 701 4423 1016 4488; x_wconf 87' lang='lat' dir='ltr'><strong>tolleretur,</strong></span> <span class='ocrx_word' id='word_1_658' title='bbox 1063 4427 1130 4481; x_wconf 90' lang='lat' dir='ltr'><strong>ad</strong></span> <span class='ocrx_word' id='word_1_659' title='bbox 1168 4427 1466 4484; x_wconf 88' lang='lat' dir='ltr'><strong>humanum</strong></span> <span class='ocrx_word' id='word_1_660' title='bbox 1499 4421 1671 4502; x_wconf 63' lang='lat' dir='ltr'><strong>genus</strong></span> <span class='ocrx_word' id='word_1_661' title='bbox 1701 4435 1954 4502; x_wconf 88' lang='lat' dir='ltr'><strong>advenit,</strong></span> <span class='ocrx_word' id='word_1_662' title='bbox 1991 4431 2036 4486; x_wconf 87' lang='lat' dir='ltr'><strong>D</strong></span> <span class='ocrx_word' id='word_1_663' title='bbox 2060 4437 2400 4509; x_wconf 86' lang='grc' dir='ltr'>γαλωσύνης.</span> 
     </span>
    </p>
   </div>
   <div class='ocr_carea' id='block_1_89' title="bbox 377 4516 3636 4596">
    <p class='ocr_par' dir='ltr' id='par_1_89' title="bbox 377 4516 3636 4596">
     <span class='ocr_line' id='line_1_89' title="bbox 377 4516 3636 4596; baseline 0.006 -30"><span class='ocrx_word' id='word_1_664' title='bbox 377 4516 637 4587; x_wconf 87' lang='lat' dir='ltr'><strong>crucique</strong></span> <span class='ocrx_word' id='word_1_665' title='bbox 674 4517 813 4573; x_wconf 85' lang='lat' dir='ltr'><strong>tixus</strong></span> <span class='ocrx_word' id='word_1_666' title='bbox 878 4526 933 4574; x_wconf 90' lang='lat' dir='ltr'><strong>et</strong></span> <span class='ocrx_word' id='word_1_667' title='bbox 995 4530 1245 4579; x_wconf 90' lang='lat' dir='ltr'><strong>mortuus</strong></span> <span class='ocrx_word' id='word_1_668' title='bbox 1271 4533 1388 4582; x_wconf 90' lang='lat' dir='ltr'><strong>est:</strong></span> <span class='ocrx_word' id='word_1_669' title='bbox 1428 4542 1527 4582; x_wconf 93' lang='lat' dir='ltr'><strong>nec</strong></span> <span class='ocrx_word' id='word_1_670' title='bbox 1571 4536 1753 4586; x_wconf 90' lang='lat' dir='ltr'><strong>tamen</strong></span> <span class='ocrx_word' id='word_1_671' title='bbox 1809 4533 2013 4588; x_wconf 88' lang='lat' dir='ltr'><strong>idcirco</strong></span> <span class='ocrx_word' id='word_1_672' title='bbox 2045 4533 2348 4596; x_wconf 88' lang='lat' dir='ltr'><strong>divinitatis</strong></span> <span class='ocrx_word' id='word_1_673' title='bbox 2382 4549 2495 4588; x_wconf 82' lang='lat' dir='ltr'><strong>suae</strong></span> <span class='ocrx_word' id='word_1_674' title='bbox 2539 4532 2924 4590; x_wconf 90' lang='lat' dir='ltr'><strong>detrimentum</strong></span> <span class='ocrx_word' id='word_1_675' title='bbox 2971 4534 3188 4590; x_wconf 85' lang='lat' dir='ltr'><strong>sensit:</strong></span> <span class='ocrx_word' id='word_1_676' title='bbox 3227 4533 3525 4588; x_wconf 89' lang='lat' dir='ltr'><strong>suscitatus</strong></span> <span class='ocrx_word' id='word_1_677' title='bbox 3569 4546 3636 4586; x_wconf 85' lang='lat' dir='ltr'><strong>ex</strong></span> 
     </span>
    </p>
   </div>
   <div class='ocr_carea' id='block_1_90' title="bbox 376 4613 2478 4698">
    <p class='ocr_par' dir='ltr' id='par_1_90' title="bbox 376 4613 2478 4698">
     <span class='ocr_line' id='line_1_90' title="bbox 376 4613 2478 4698; baseline 0.01 -35"><span class='ocrx_word' id='word_1_678' title='bbox 376 4613 631 4678; x_wconf 80' lang='lat' dir='ltr'><strong>mortuis,</strong></span> <span class='ocrx_word' id='word_1_679' title='bbox 665 4625 979 4686; x_wconf 90' lang='lat' dir='ltr'><strong>assumptus</strong></span> <span class='ocrx_word' id='word_1_680' title='bbox 1027 4616 1082 4670; x_wconf 93' lang='lat' dir='ltr'><strong>in</strong></span> <span class='ocrx_word' id='word_1_681' title='bbox 1118 4620 1340 4685; x_wconf 74' lang='lat' dir='ltr'><strong>cmlum,</strong></span> <span class='ocrx_word' id='word_1_682' title='bbox 1374 4623 1676 4695; x_wconf 87' lang='lat' dir='ltr'><strong>sedensque</strong></span> <span class='ocrx_word' id='word_1_683' title='bbox 1725 4626 1792 4680; x_wconf 89' lang='lat' dir='ltr'><strong>ad</strong></span> <span class='ocrx_word' id='word_1_684' title='bbox 1842 4627 2119 4684; x_wconf 79' lang='lat' dir='ltr'><strong>dexteram</strong></span> <span class='ocrx_word' id='word_1_685' title='bbox 2155 4628 2478 4698; x_wconf 86' lang='lat' dir='ltr'><strong>majestatis.</strong></span> 
     </span>
    </p>
   </div>
   <div class='ocr_carea' id='block_1_91' title="bbox 449 4768 1535 4847">
    <p class='ocr_par' dir='ltr' id='par_1_91' title="bbox 449 4768 1535 4847">
     <span class='ocr_line' id='line_1_91' title="bbox 449 4768 1535 4847; baseline 0.015 -25"><span class='ocrx_word' id='word_1_686' title='bbox 449 4768 494 4800; x_wconf 65' lang='grc'><strong>³³</strong></span> <span class='ocrx_word' id='word_1_687' title='bbox 524 4769 687 4828; x_wconf 81' lang='lat' dir='ltr'><strong>Joan.</strong></span> <span class='ocrx_word' id='word_1_688' title='bbox 719 4791 831 4842; x_wconf 80' lang='lat' dir='ltr'><strong>XIV,</strong></span> <span class='ocrx_word' id='word_1_689' title='bbox 861 4775 953 4832; x_wconf 72' lang='grc'><strong>28.</strong></span> <span class='ocrx_word' id='word_1_690' title='bbox 1033 4778 1078 4810; x_wconf 77' lang='grc'><strong>³⁸</strong></span> <span class='ocrx_word' id='word_1_691' title='bbox 1107 4778 1270 4835; x_wconf 84' lang='lat' dir='ltr'><strong>Joan.</strong></span> <span class='ocrx_word' id='word_1_692' title='bbox 1302 4797 1415 4847; x_wconf 80' lang='lat' dir='ltr'><strong>xw,</strong></span> <span class='ocrx_word' id='word_1_693' title='bbox 1448 4783 1535 4838; x_wconf 78' lang='grc'><strong>55.</strong></span> 
     </span>
    </p>
   </div>
   <div class='ocr_carea' id='block_1_92' title="bbox 377 4882 1951 4970">
    <p class='ocr_par' dir='ltr' id='par_1_92' title="bbox 377 4882 1951 4970">
     <span class='ocr_line' id='line_1_92' title="bbox 377 4882 1951 4970; baseline 0.015 -35"><span class='ocrx_word' id='word_1_694' title='bbox 377 4882 560 4970; x_wconf 33' lang='grc' dir='ltr'>ει-(ᾇϐ)</span> <span class='ocrx_word' id='word_1_695' title='bbox 588 4888 691 4970; x_wconf 32' lang='grc' dir='ltr'><strong>Δία</strong></span> <span class='ocrx_word' id='word_1_696' title='bbox 713 4889 821 4970; x_wconf 75' lang='grc' dir='ltr'>τρῦ</span> <span class='ocrx_word' id='word_1_697' title='bbox 849 4889 1068 4970; x_wconf 63' lang='grc' dir='ltr'>λέγειν·</span> <span class='ocrx_word' id='word_1_698' title='bbox 1088 4894 1252 4970; x_wconf 27' lang='grc' dir='ltr'>Εἰς-ά</span> <span class='ocrx_word' id='word_1_699' title='bbox 1276 4896 1641 4970; x_wconf 65' lang='grc' dir='ltr'>ἐφράσαμεν.</span> <span class='ocrx_word' id='word_1_700' title='bbox 1667 4898 1767 4954; x_wconf 80' lang='lat' dir='ltr'><strong>llic</strong></span> <span class='ocrx_word' id='word_1_701' title='bbox 1797 4901 1951 4958; x_wconf 90' lang='lat' dir='ltr'><strong>locus</strong></span> 
     </span>
    </p>
   </div>
   <div class='ocr_carea' id='block_1_93' title="bbox 375 4957 1954 5030">
    <p class='ocr_par' dir='ltr' id='par_1_93' title="bbox 375 4957 1954 5030">
     <span class='ocr_line' id='line_1_93' title="bbox 375 4957 1954 5030; baseline 0.015 -27"><span class='ocrx_word' id='word_1_702' title='bbox 375 4957 451 5030; x_wconf 81' lang='lat' dir='ltr'><strong>ita</strong></span> <span class='ocrx_word' id='word_1_703' title='bbox 475 4969 600 5030; x_wconf 68' lang='lat' dir='ltr'><strong>cum</strong></span> <span class='ocrx_word' id='word_1_704' title='bbox 630 4957 1132 5030; x_wconf 84' lang='lat' dir='ltr'><strong>Christophorsono</strong></span> <span class='ocrx_word' id='word_1_705' title='bbox 1162 4957 1458 5023; x_wconf 74' lang='lat' dir='ltr'><strong>dilucidius</strong></span> <span class='ocrx_word' id='word_1_706' title='bbox 1487 4957 1783 5025; x_wconf 73' lang='lat' dir='ltr'><strong>vertendus</strong></span> <span class='ocrx_word' id='word_1_707' title='bbox 1810 4957 1954 5028; x_wconf 85' lang='lat' dir='ltr'><strong>vide-</strong></span> 
     </span>
    </p>
   </div>
   <div class='ocr_carea' id='block_1_94' title="bbox 375 5025 1951 5110">
    <p class='ocr_par' dir='ltr' id='par_1_94' title="bbox 375 5025 1951 5110">
     <span class='ocr_line' id='line_1_94' title="bbox 375 5025 1951 5110; baseline 0.014 -35"><span class='ocrx_word' id='word_1_708' title='bbox 375 5029 464 5110; x_wconf 74' lang='lat' dir='ltr'><strong>tur</strong></span> <span class='ocrx_word' id='word_1_709' title='bbox 495 5025 773 5110; x_wconf 36' lang='lat' dir='ltr'><strong>{.Eatenus</strong></span> <span class='ocrx_word' id='word_1_710' title='bbox 824 5025 888 5110; x_wconf 69' lang='lat' dir='ltr'><strong>de</strong></span> <span class='ocrx_word' id='word_1_711' title='bbox 947 5033 1027 5086; x_wconf 84' lang='lat' dir='ltr'><strong>his</strong></span> <span class='ocrx_word' id='word_1_712' title='bbox 1081 5035 1233 5110; x_wconf 62' lang='lat' dir='ltr'><strong>rebus</strong></span> <span class='ocrx_word' id='word_1_713' title='bbox 1292 5037 1638 5110; x_wconf 70' lang='lat' dir='ltr'><strong>instituimus,</strong></span> <span class='ocrx_word' id='word_1_714' title='bbox 1695 5025 1951 5110; x_wconf 75' lang='lat' dir='ltr'><strong>quatenus</strong></span> 
     </span>
    </p>
   </div>
   <div class='ocr_carea' id='block_1_95' title="bbox 371 5103 1368 5178">
    <p class='ocr_par' dir='ltr' id='par_1_95' title="bbox 371 5103 1368 5178">
     <span class='ocr_line' id='line_1_95' title="bbox 371 5103 1368 5178; baseline 0.013 -31"><span class='ocrx_word' id='word_1_715' title='bbox 371 5103 560 5178; x_wconf 48' lang='lat' dir='ltr'><strong>metite</strong></span> <span class='ocrx_word' id='word_1_716' title='bbox 591 5108 786 5178; x_wconf 66' lang='lat' dir='ltr'><strong>nostra:</strong></span> <span class='ocrx_word' id='word_1_717' title='bbox 813 5103 888 5178; x_wconf 66' lang='lat' dir='ltr'><strong>vis</strong></span> <span class='ocrx_word' id='word_1_718' title='bbox 913 5107 1155 5178; x_wconf 86' lang='lat' dir='ltr'><strong>consequi</strong></span> <span class='ocrx_word' id='word_1_719' title='bbox 1182 5108 1368 5178; x_wconf 74' lang='lat' dir='ltr'><strong>potuit.</strong></span> 
     </span>
    </p>
   </div>
   <div class='ocr_carea' id='block_1_96' title="bbox 441 5165 1950 5247">
    <p class='ocr_par' dir='ltr' id='par_1_96' title="bbox 441 5165 1950 5247">
     <span class='ocr_line' id='line_1_96' title="bbox 441 5165 1950 5247; baseline 0.015 -30"><span class='ocrx_word' id='word_1_720' title='bbox 441 5165 564 5247; x_wconf 55' lang='lat'><strong>(‘57)_</strong></span> <span class='ocrx_word' id='word_1_721' title='bbox 590 5169 753 5247; x_wconf 85' lang='grc' dir='ltr'><em>Τὰ</em></span> <span class='ocrx_word' id='word_1_722' title='bbox 785 5172 1000 5247; x_wconf 63' lang='grc' dir='ltr'>μέρους</span> <span class='ocrx_word' id='word_1_723' title='bbox 1031 5165 1235 5247; x_wconf 65' lang='grc' dir='ltr'>αὐτοῖς</span> <span class='ocrx_word' id='word_1_724' title='bbox 1260 5176 1677 5247; x_wconf 62' lang='grc' dir='ltr'>γνωρισθέντα.</span> <span class='ocrx_word' id='word_1_725' title='bbox 1721 5180 1780 5234; x_wconf 86' lang='lat' dir='ltr'><strong>In</strong></span> <span class='ocrx_word' id='word_1_726' title='bbox 1818 5197 1950 5239; x_wconf 89' lang='lat' dir='ltr'><strong>mss.</strong></span> 
     </span>
    </p>
   </div>
   <div class='ocr_carea' id='block_1_97' title="bbox 369 5234 1953 5313">
    <p class='ocr_par' dir='ltr' id='par_1_97' title="bbox 369 5234 1953 5313">
     <span class='ocr_line' id='line_1_97' title="bbox 369 5234 1953 5313; baseline 0.013 -27"><span class='ocrx_word' id='word_1_727' title='bbox 369 5234 872 5313; x_wconf 46' lang='lat' dir='ltr'><strong>codicilluslieg&#39;io&#39;,</strong></span> <span class='ocrx_word' id='word_1_728' title='bbox 903 5234 1176 5299; x_wconf 79' lang='lat' dir='ltr'><strong>Allatiano</strong></span> <span class='ocrx_word' id='word_1_729' title='bbox 1207 5234 1591 5312; x_wconf 63' lang='lat' dir='ltr'><strong>et&#39;Saviliano,</strong></span> <span class='ocrx_word' id='word_1_730' title='bbox 1639 5234 1693 5306; x_wconf 85' lang='lat' dir='ltr'><strong>et</strong></span> <span class='ocrx_word' id='word_1_731' title='bbox 1738 5253 1790 5304; x_wconf 92' lang='lat' dir='ltr'><strong>in</strong></span> <span class='ocrx_word' id='word_1_732' title='bbox 1819 5234 1953 5306; x_wconf 56' lang='lat' dir='ltr'><strong>edi;</strong></span> 
     </span>
    </p>
   </div>
   <div class='ocr_carea' id='block_1_98' title="bbox 367 5307 1944 5384">
    <p class='ocr_par' dir='ltr' id='par_1_98' title="bbox 367 5307 1944 5384">
     <span class='ocr_line' id='line_1_98' title="bbox 367 5307 1944 5384; baseline 0.014 -30"><span class='ocrx_word' id='word_1_733' title='bbox 367 5307 517 5360; x_wconf 88' lang='lat' dir='ltr'><strong>tione</strong></span> <span class='ocrx_word' id='word_1_734' title='bbox 555 5307 843 5384; x_wconf 76' lang='lat' dir='ltr'><strong>Basiliensi</strong></span> <span class='ocrx_word' id='word_1_735' title='bbox 897 5315 1163 5384; x_wconf 81' lang='lat' dir='ltr'><strong>scriptum</strong></span> <span class='ocrx_word' id='word_1_736' title='bbox 1213 5325 1297 5370; x_wconf 87' lang='lat' dir='ltr'><strong>est</strong></span> <span class='ocrx_word' id='word_1_737' title='bbox 1341 5307 1673 5384; x_wconf 81' lang='grc' dir='ltr'>γνωσθέντα.</span> <span class='ocrx_word' id='word_1_738' title='bbox 1717 5319 1944 5376; x_wconf 86' lang='lat' dir='ltr'><strong>Videtur</strong></span> 
     </span>
    </p>
   </div>
   <div class='ocr_carea' id='block_1_99' title="bbox 367 5379 1941 5462">
    <p class='ocr_par' dir='ltr' id='par_1_99' title="bbox 367 5379 1941 5462">
     <span class='ocr_line' id='line_1_99' title="bbox 367 5379 1941 5462; baseline 0.014 -37"><span class='ocrx_word' id='word_1_739' title='bbox 367 5385 553 5462; x_wconf 57' lang='lat' dir='ltr'><strong>autem</strong></span> <span class='ocrx_word' id='word_1_740' title='bbox 593 5379 837 5462; x_wconf 73' lang='lat' dir='ltr'><strong>alludere</strong></span> <span class='ocrx_word' id='word_1_741' title='bbox 879 5379 1190 5462; x_wconf 63' lang='lat' dir='ltr'><strong>Alexander</strong></span> <span class='ocrx_word' id='word_1_742' title='bbox 1221 5389 1284 5462; x_wconf 77' lang='lat' dir='ltr'><strong>ad</strong></span> <span class='ocrx_word' id='word_1_743' title='bbox 1319 5379 1494 5440; x_wconf 84' lang='lat' dir='ltr'><strong>locum</strong></span> <span class='ocrx_word' id='word_1_744' title='bbox 1526 5388 1680 5445; x_wconf 89' lang='lat' dir='ltr'><strong>Pauli</strong></span> <span class='ocrx_word' id='word_1_745' title='bbox 1710 5394 1941 5462; x_wconf 90' lang='lat' dir='ltr'><strong>apostoli</strong></span> 
     </span>
    </p>
   </div>
   <div class='ocr_carea' id='block_1_100' title="bbox 368 5445 1944 5534">
    <p class='ocr_par' dir='ltr' id='par_1_100' title="bbox 368 5445 1944 5534">
     <span class='ocr_line' id='line_1_100' title="bbox 368 5445 1944 5534; baseline 0.013 -38"><span class='ocrx_word' id='word_1_746' title='bbox 368 5445 701 5534; x_wconf 56' lang='lat' dir='ltr'><strong>in__l3pist()la</strong></span> <span class='ocrx_word' id='word_1_747' title='bbox 735 5453 909 5534; x_wconf 88' lang='lat' dir='ltr'><strong>prima</strong></span> <span class='ocrx_word' id='word_1_748' title='bbox 957 5455 1034 5534; x_wconf 84' lang='lat' dir='ltr'><strong>ad_</strong></span> <span class='ocrx_word' id='word_1_749' title='bbox 1067 5455 1341 5534; x_wconf 82' lang='lat' dir='ltr'><strong>Corinth._,</strong></span> <span class='ocrx_word' id='word_1_750' title='bbox 1383 5473 1447 5510; x_wconf 77' lang='lat' dir='ltr'><strong>ex</strong></span> <span class='ocrx_word' id='word_1_751' title='bbox 1484 5471 1634 5534; x_wconf 84' lang='lat' dir='ltr'><strong>parte</strong></span> <span class='ocrx_word' id='word_1_752' title='bbox 1671 5445 1944 5534; x_wconf 51' lang='lat' dir='ltr'><strong>cognosci;</strong></span> 
     </span>
    </p>
   </div>
   <div class='ocr_carea' id='block_1_101' title="bbox 365 5525 1942 5592">
    <p class='ocr_par' dir='ltr' id='par_1_101' title="bbox 365 5525 1942 5592">
     <span class='ocr_line' id='line_1_101' title="bbox 365 5525 1942 5592; baseline 0.016 -28"><span class='ocrx_word' id='word_1_753' title='bbox 365 5529 483 5569; x_wconf 87' lang='lat' dir='ltr'><strong>mus</strong></span> <span class='ocrx_word' id='word_1_754' title='bbox 528 5528 592 5592; x_wconf 87' lang='lat' dir='ltr'><strong>et_</strong></span> <span class='ocrx_word' id='word_1_755' title='bbox 615 5535 688 5592; x_wconf 52' lang='lat' dir='ltr'><strong>eg</strong></span> <span class='ocrx_word' id='word_1_756' title='bbox 709 5532 858 5587; x_wconf 84' lang='lat' dir='ltr'><strong>parte</strong></span> <span class='ocrx_word' id='word_1_757' title='bbox 884 5525 1272 5592; x_wconf 79' lang='lat' dir='ltr'><strong>prophetamus.</strong></span> <span class='ocrx_word' id='word_1_758' title='bbox 1306 5528 1382 5582; x_wconf 82' lang='lat' dir='ltr'><strong>lla</strong></span> <span class='ocrx_word' id='word_1_759' title='bbox 1409 5525 1554 5585; x_wconf 77' lang='lat' dir='ltr'><strong>certe</strong></span> <span class='ocrx_word' id='word_1_760' title='bbox 1581 5525 1942 5589; x_wconf 49' lang='lat' dir='ltr'><strong>hune&#39;locum</strong></span> 
     </span>
    </p>
   </div>
   <div class='ocr_carea' id='block_1_102' title="bbox 366 5589 1412 5668">
    <p class='ocr_par' dir='ltr' id='par_1_102' title="bbox 366 5589 1412 5668">
     <span class='ocr_line' id='line_1_102' title="bbox 366 5589 1412 5668; baseline 0.018 -33"><span class='ocrx_word' id='word_1_761' title='bbox 366 5589 988 5668; x_wconf 37' lang='lat' dir='ltr'><strong>exppts‘uitppiphanius</strong></span> <span class='ocrx_word' id='word_1_762' title='bbox 1004 5594 1412 5668; x_wconf 84' lang='lat' dir='ltr'><strong>Scholasticus.</strong></span> 
     </span>
    </p>
   </div>
   <div class='ocr_carea' id='block_1_103' title="bbox 442 5655 1942 5740">
    <p class='ocr_par' dir='ltr' id='par_1_103' title="bbox 442 5655 1942 5740">
     <span class='ocr_line' id='line_1_103' title="bbox 442 5655 1942 5740; baseline 0.015 -32"><span class='ocrx_word' id='word_1_763' title='bbox 442 5655 552 5740; x_wconf 43' lang='lat' dir='ltr'><strong>ﬁt?)</strong></span> <span class='ocrx_word' id='word_1_764' title='bbox 595 5655 891 5740; x_wconf 57' lang='lat' dir='ltr'><strong>Tgbﬂatpz</strong></span> <span class='ocrx_word' id='word_1_765' title='bbox 927 5667 1122 5740; x_wconf 75' lang='grc' dir='ltr'>μόνον</span> <span class='ocrx_word' id='word_1_766' title='bbox 1154 5667 1374 5740; x_wconf 48' lang='grc' dir='ltr'>ὶδιᾏυμα.</span> <span class='ocrx_word' id='word_1_767' title='bbox 1411 5667 1478 5740; x_wconf 78' lang='lat' dir='ltr'><strong>ln</strong></span> <span class='ocrx_word' id='word_1_768' title='bbox 1521 5671 1714 5727; x_wconf 84' lang='lat' dir='ltr'><strong>codice</strong></span> <span class='ocrx_word' id='word_1_769' title='bbox 1741 5673 1942 5731; x_wconf 85' lang='lat' dir='ltr'><strong>Leonis</strong></span> 
     </span>
    </p>
   </div>
   <div class='ocr_carea' id='block_1_104' title="bbox 364 5724 1940 5809">
    <p class='ocr_par' dir='ltr' id='par_1_104' title="bbox 364 5724 1940 5809">
     <span class='ocr_line' id='line_1_104' title="bbox 364 5724 1940 5809; baseline 0.016 -34"><span class='ocrx_word' id='word_1_770' title='bbox 364 5724 549 5809; x_wconf 73' lang='lat' dir='ltr'><strong>Allatii</strong></span> <span class='ocrx_word' id='word_1_771' title='bbox 595 5724 858 5809; x_wconf 75' lang='lat' dir='ltr'><strong>scriptum</strong></span> <span class='ocrx_word' id='word_1_772' title='bbox 899 5724 983 5789; x_wconf 69' lang='lat' dir='ltr'><strong>est</strong></span> <span class='ocrx_word' id='word_1_773' title='bbox 1022 5737 1183 5806; x_wconf 87' lang='grc' dir='ltr'>μόνῳ,</span> <span class='ocrx_word' id='word_1_774' title='bbox 1215 5724 1318 5793; x_wconf 71' lang='lat' dir='ltr'><strong>sed</strong></span> <span class='ocrx_word' id='word_1_775' title='bbox 1349 5724 1542 5809; x_wconf 85' lang='lat' dir='ltr'><strong>reliqui</strong></span> <span class='ocrx_word' id='word_1_776' title='bbox 1565 5724 1940 5802; x_wconf 39' lang='lat' dir='ltr'><strong>codice—svva</strong></span> 
     </span>
    </p>
   </div>
   <div class='ocr_carea' id='block_1_105' title="bbox 365 5808 1181 5870">
    <p class='ocr_par' dir='ltr' id='par_1_105' title="bbox 365 5808 1181 5870">
     <span class='ocr_line' id='line_1_105' title="bbox 365 5808 1181 5870; baseline 0.021 -26"><span class='ocrx_word' id='word_1_777' title='bbox 365 5808 544 5863; x_wconf 83' lang='lat' dir='ltr'><strong>gatam</strong></span> <span class='ocrx_word' id='word_1_778' title='bbox 579 5808 906 5870; x_wconf 78' lang='lat' dir='ltr'><strong>scripturam</strong></span> <span class='ocrx_word' id='word_1_779' title='bbox 942 5813 1181 5861; x_wconf 85' lang='lat' dir='ltr'><strong>tuentur.</strong></span> 
     </span>
    </p>
   </div>
   <div class='ocr_carea' id='block_1_106' title="bbox 2132 4901 3632 4974">
    <p class='ocr_par' dir='ltr' id='par_1_106' title="bbox 2132 4901 3632 4974">
     <span class='ocr_line' id='line_1_106' title="bbox 2132 4901 3632 4974; baseline 0.003 -17"><span class='ocrx_word' id='word_1_780' title='bbox 2132 4903 2359 4974; x_wconf 31' lang='grc' dir='ltr'>(59)Τρ</span> <span class='ocrx_word' id='word_1_781' title='bbox 2399 4904 2702 4958; x_wconf 79' lang='grc' dir='ltr'>καινίσαν.</span> <span class='ocrx_word' id='word_1_782' title='bbox 2746 4901 2806 4958; x_wconf 85' lang='grc' dir='ltr'>1η</span> <span class='ocrx_word' id='word_1_783' title='bbox 2833 4903 3021 4960; x_wconf 89' lang='lat' dir='ltr'><strong>codice</strong></span> <span class='ocrx_word' id='word_1_784' title='bbox 3050 4904 3251 4960; x_wconf 88' lang='lat' dir='ltr'><strong>Leonis</strong></span> <span class='ocrx_word' id='word_1_785' title='bbox 3281 4903 3463 4959; x_wconf 87' lang='lat' dir='ltr'><strong>Allatii</strong></span> <span class='ocrx_word' id='word_1_786' title='bbox 3493 4913 3546 4960; x_wconf 90' lang='lat' dir='ltr'><strong>et</strong></span> <span class='ocrx_word' id='word_1_787' title='bbox 3575 4905 3632 4962; x_wconf 90' lang='lat' dir='ltr'><strong>in</strong></span> 
     </span>
    </p>
   </div>
   <div class='ocr_carea' id='block_1_107' title="bbox 2055 4972 3630 5045">
    <p class='ocr_par' dir='ltr' id='par_1_107' title="bbox 2055 4972 3630 5045">
     <span class='ocr_line' id='line_1_107' title="bbox 2055 4972 3630 5045; baseline 0.002 -18"><span class='ocrx_word' id='word_1_788' title='bbox 2055 4972 2232 5045; x_wconf 79' lang='lat' dir='ltr'><strong>Regio</strong></span> <span class='ocrx_word' id='word_1_789' title='bbox 2254 4972 2301 5027; x_wconf 89' lang='lat' dir='ltr'><strong>J.</strong></span> <span class='ocrx_word' id='word_1_790' title='bbox 2337 4973 2453 5028; x_wconf 91' lang='lat' dir='ltr'><strong>Pini</strong></span> <span class='ocrx_word' id='word_1_791' title='bbox 2488 4975 2752 5045; x_wconf 87' lang='lat' dir='ltr'><strong>scriptum</strong></span> <span class='ocrx_word' id='word_1_792' title='bbox 2789 4981 2871 5029; x_wconf 89' lang='lat' dir='ltr'><strong>est</strong></span> <span class='ocrx_word' id='word_1_793' title='bbox 2900 4975 3149 5045; x_wconf 82' lang='grc' dir='ltr'>κινῆσαν,</span> <span class='ocrx_word' id='word_1_794' title='bbox 3188 4991 3350 5044; x_wconf 89' lang='lat' dir='ltr'><strong>quam</strong></span> <span class='ocrx_word' id='word_1_795' title='bbox 3390 4976 3630 5045; x_wconf 87' lang='lat' dir='ltr'><strong>scriptu-</strong></span> 
     </span>
    </p>
   </div>
   <div class='ocr_carea' id='block_1_108' title="bbox 2052 5044 3632 5116">
    <p class='ocr_par' dir='ltr' id='par_1_108' title="bbox 2052 5044 3632 5116">
     <span class='ocr_line' id='line_1_108' title="bbox 2052 5044 3632 5116; baseline 0.003 -19"><span class='ocrx_word' id='word_1_796' title='bbox 2052 5044 2328 5116; x_wconf 85' lang='lat' dir='ltr'><strong>ram_lieet</strong></span> <span class='ocrx_word' id='word_1_797' title='bbox 2353 5045 2547 5114; x_wconf 89' lang='lat' dir='ltr'><strong>reliqui</strong></span> <span class='ocrx_word' id='word_1_798' title='bbox 2571 5044 2790 5099; x_wconf 86' lang='lat' dir='ltr'><strong>codices</strong></span> <span class='ocrx_word' id='word_1_799' title='bbox 2819 5044 3077 5113; x_wconf 80' lang='lat' dir='ltr'><strong>refutent,</strong></span> <span class='ocrx_word' id='word_1_800' title='bbox 3103 5045 3246 5100; x_wconf 88' lang='lat' dir='ltr'><strong>haud</strong></span> <span class='ocrx_word' id='word_1_801' title='bbox 3274 5055 3455 5100; x_wconf 83' lang='lat' dir='ltr'><strong>tamen</strong></span> <span class='ocrx_word' id='word_1_802' title='bbox 3485 5044 3632 5116; x_wconf 84' lang='lat' dir='ltr'><strong>sper-</strong></span> 
     </span>
    </p>
   </div>
   <div class='ocr_carea' id='block_1_109' title="bbox 2050 5113 2464 5183">
    <p class='ocr_par' dir='ltr' id='par_1_109' title="bbox 2050 5113 2464 5183">
     <span class='ocr_line' id='line_1_109' title="bbox 2050 5113 2464 5183; baseline -0.002 -14"><span class='ocrx_word' id='word_1_803' title='bbox 2050 5113 2286 5169; x_wconf 87' lang='lat' dir='ltr'><strong>nendam</strong></span> <span class='ocrx_word' id='word_1_804' title='bbox 2311 5125 2464 5183; x_wconf 91' lang='lat' dir='ltr'><strong>puto.</strong></span> 
     </span>
    </p>
   </div>
   <div class='ocr_carea' id='block_1_110' title="bbox 2121 5184 3627 5255">
    <p class='ocr_par' dir='ltr' id='par_1_110' title="bbox 2121 5184 3627 5255">
     <span class='ocr_line' id='line_1_110' title="bbox 2121 5184 3627 5255; baseline 0.002 -17"><span class='ocrx_word' id='word_1_805' title='bbox 2121 5184 2233 5255; x_wconf 74' lang='grc'>(40)</span> <span class='ocrx_word' id='word_1_806' title='bbox 2267 5184 2431 5255; x_wconf 76' lang='grc' dir='ltr'><strong>ᾼὺτῇ</strong></span> <span class='ocrx_word' id='word_1_807' title='bbox 2454 5184 2738 5253; x_wconf 65' lang='grc' dir='ltr'>πολεμεῖν</span> <span class='ocrx_word' id='word_1_808' title='bbox 2761 5185 3147 5255; x_wconf 76' lang='grc' dir='ltr'>βουλεύηται.</span> <span class='ocrx_word' id='word_1_809' title='bbox 3173 5185 3231 5241; x_wconf 82' lang='lat' dir='ltr'><strong>In</strong></span> <span class='ocrx_word' id='word_1_810' title='bbox 3253 5185 3627 5255; x_wconf 86' lang='lat' dir='ltr'><strong>manuscripto</strong></span> 
     </span>
    </p>
   </div>
   <div class='ocr_carea' id='block_1_111' title="bbox 2051 5253 3626 5327">
    <p class='ocr_par' dir='ltr' id='par_1_111' title="bbox 2051 5253 3626 5327">
     <span class='ocr_line' id='line_1_111' title="bbox 2051 5253 3626 5327; baseline 0.002 -20"><span class='ocrx_word' id='word_1_811' title='bbox 2051 5253 2240 5327; x_wconf 76' lang='lat' dir='ltr'><strong>codice</strong></span> <span class='ocrx_word' id='word_1_812' title='bbox 2273 5253 2484 5327; x_wconf 73' lang='lat' dir='ltr'><strong>Savjlii,</strong></span> <span class='ocrx_word' id='word_1_813' title='bbox 2517 5264 2570 5310; x_wconf 91' lang='lat' dir='ltr'><strong>et</strong></span> <span class='ocrx_word' id='word_1_814' title='bbox 2593 5256 2648 5327; x_wconf 88' lang='lat' dir='ltr'><strong>in</strong></span> <span class='ocrx_word' id='word_1_815' title='bbox 2675 5253 3222 5327; x_wconf 68' lang='lat' dir='ltr'><strong>edit_ione_Basiliensi</strong></span> <span class='ocrx_word' id='word_1_816' title='bbox 3251 5259 3514 5327; x_wconf 89' lang='lat' dir='ltr'><strong>scriptum</strong></span> <span class='ocrx_word' id='word_1_817' title='bbox 3536 5253 3626 5312; x_wconf 59' lang='grc' dir='ltr'><strong>εει</strong></span> 
     </span>
    </p>
   </div>
   <div class='ocr_carea' id='block_1_112' title="bbox 2055 5323 3623 5396">
    <p class='ocr_par' dir='ltr' id='par_1_112' title="bbox 2055 5323 3623 5396">
     <span class='ocr_line' id='line_1_112' title="bbox 2055 5323 3623 5396; baseline 0.004 -20"><span class='ocrx_word' id='word_1_818' title='bbox 2055 5323 2329 5396; x_wconf 69' lang='grc' dir='ltr'>βούληται.</span> <span class='ocrx_word' id='word_1_819' title='bbox 2368 5324 2473 5380; x_wconf 90' lang='lat' dir='ltr'><strong>Sed</strong></span> <span class='ocrx_word' id='word_1_820' title='bbox 2507 5333 2560 5396; x_wconf 86' lang='lat' dir='ltr'><strong>et</strong></span> <span class='ocrx_word' id='word_1_821' title='bbox 2580 5326 2654 5396; x_wconf 82' lang='lat' dir='ltr'><strong>in</strong></span> <span class='ocrx_word' id='word_1_822' title='bbox 2698 5325 2888 5382; x_wconf 86' lang='lat' dir='ltr'><strong>codice</strong></span> <span class='ocrx_word' id='word_1_823' title='bbox 2913 5325 2966 5382; x_wconf 78' lang='lat' dir='ltr'><strong>J.</strong></span> <span class='ocrx_word' id='word_1_824' title='bbox 2994 5326 3116 5381; x_wconf 88' lang='lat' dir='ltr'><strong>Pini</strong></span> <span class='ocrx_word' id='word_1_825' title='bbox 3145 5323 3408 5396; x_wconf 82' lang='lat' dir='ltr'><strong>scriptum</strong></span> <span class='ocrx_word' id='word_1_826' title='bbox 3441 5328 3623 5382; x_wconf 87' lang='lat' dir='ltr'><strong>inveni</strong></span> 
     </span>
    </p>
   </div>
   <div class='ocr_carea' id='block_1_113' title="bbox 2052 5395 2774 5467">
    <p class='ocr_par' dir='ltr' id='par_1_113' title="bbox 2052 5395 2774 5467">
     <span class='ocr_line' id='line_1_113' title="bbox 2052 5395 2774 5467; baseline 0.004 -20"><span class='ocrx_word' id='word_1_827' title='bbox 2052 5395 2305 5467; x_wconf 80' lang='grc' dir='ltr'>πολεμεῖν</span> <span class='ocrx_word' id='word_1_828' title='bbox 2331 5397 2466 5467; x_wconf 78' lang='grc' dir='ltr'>αὐτῇ</span> <span class='ocrx_word' id='word_1_829' title='bbox 2499 5395 2774 5467; x_wconf 74' lang='grc' dir='ltr'>βούληται.</span> 
     </span>
    </p>
   </div>
   <div class='ocr_carea' id='block_1_114' title="bbox 2111 5465 3616 5537">
    <p class='ocr_par' dir='ltr' id='par_1_114' title="bbox 2111 5465 3616 5537">
     <span class='ocr_line' id='line_1_114' title="bbox 2111 5465 3616 5537; baseline 0.001 -18"><span class='ocrx_word' id='word_1_830' title='bbox 2111 5465 2225 5537; x_wconf 57' lang='lat' dir='ltr'><strong>(si)</strong></span> <span class='ocrx_word' id='word_1_831' title='bbox 2253 5465 2584 5534; x_wconf 68' lang='grc' dir='ltr'>Εὐθαρσεῖς</span> <span class='ocrx_word' id='word_1_832' title='bbox 2627 5465 2785 5535; x_wconf 80' lang='grc' dir='ltr'>ἡμᾶς</span> <span class='ocrx_word' id='word_1_833' title='bbox 2827 5467 3415 5534; x_wconf 65' lang='grc' dir='ltr'>κατωκανὰσαντος.</span> <span class='ocrx_word' id='word_1_834' title='bbox 3449 5465 3616 5537; x_wconf 80' lang='lat' dir='ltr'><strong>Magis</strong></span> 
     </span>
    </p>
   </div>
   <div class='ocr_carea' id='block_1_115' title="bbox 2043 5535 3621 5607">
    <p class='ocr_par' dir='ltr' id='par_1_115' title="bbox 2043 5535 3621 5607">
     <span class='ocr_line' id='line_1_115' title="bbox 2043 5535 3621 5607; baseline 0.003 -20"><span class='ocrx_word' id='word_1_835' title='bbox 2043 5535 2219 5603; x_wconf 86' lang='lat' dir='ltr'><strong>placet</strong></span> <span class='ocrx_word' id='word_1_836' title='bbox 2240 5538 2536 5607; x_wconf 83' lang='lat' dir='ltr'><strong>scriptura,</strong></span> <span class='ocrx_word' id='word_1_837' title='bbox 2566 5552 2728 5607; x_wconf 90' lang='lat' dir='ltr'><strong>quam</strong></span> <span class='ocrx_word' id='word_1_838' title='bbox 2761 5537 2815 5589; x_wconf 91' lang='lat' dir='ltr'><strong>in</strong></span> <span class='ocrx_word' id='word_1_839' title='bbox 2835 5537 3024 5590; x_wconf 91' lang='lat' dir='ltr'><strong>codice</strong></span> <span class='ocrx_word' id='word_1_840' title='bbox 3047 5537 3341 5601; x_wconf 77' lang='lat' dir='ltr'><strong>Allatiano,</strong></span> <span class='ocrx_word' id='word_1_841' title='bbox 3367 5546 3420 5592; x_wconf 84' lang='lat' dir='ltr'><strong>et</strong></span> <span class='ocrx_word' id='word_1_842' title='bbox 3438 5539 3493 5591; x_wconf 92' lang='lat' dir='ltr'><strong>in</strong></span> <span class='ocrx_word' id='word_1_843' title='bbox 3516 5535 3621 5592; x_wconf 70' lang='lat' dir='ltr'><strong>Ba-</strong></span> 
     </span>
    </p>
   </div>
   <div class='ocr_carea' id='block_1_116' title="bbox 2038 5605 3620 5672">
    <p class='ocr_par' dir='ltr' id='par_1_116' title="bbox 2038 5605 3620 5672">
     <span class='ocr_line' id='line_1_116' title="bbox 2038 5605 3620 5672; baseline 0.003 -14"><span class='ocrx_word' id='word_1_844' title='bbox 2038 5607 2248 5661; x_wconf 87' lang='lat' dir='ltr'><strong>siliensi</strong></span> <span class='ocrx_word' id='word_1_845' title='bbox 2278 5605 2518 5662; x_wconf 89' lang='lat' dir='ltr'><strong>editione</strong></span> <span class='ocrx_word' id='word_1_846' title='bbox 2539 5605 2739 5672; x_wconf 83' lang='lat' dir='ltr'><strong>reperi,</strong></span> <span class='ocrx_word' id='word_1_847' title='bbox 2775 5607 3290 5672; x_wconf 77' lang='grc' dir='ltr'>κατασκευάζοντος.</span> <span class='ocrx_word' id='word_1_848' title='bbox 3319 5607 3620 5662; x_wconf 73' lang='lat' dir='ltr'><strong>Conﬁrmat</strong></span> 
     </span>
    </p>
   </div>
   <div class='ocr_carea' id='block_1_117' title="bbox 2038 5675 3617 5747">
    <p class='ocr_par' dir='ltr' id='par_1_117' title="bbox 2038 5675 3617 5747">
     <span class='ocr_line' id='line_1_117' title="bbox 2038 5675 3617 5747; baseline 0.003 -19"><span class='ocrx_word' id='word_1_849' title='bbox 2038 5675 2180 5730; x_wconf 89' lang='lat' dir='ltr'><strong>hanc</strong></span> <span class='ocrx_word' id='word_1_850' title='bbox 2230 5677 2519 5732; x_wconf 87' lang='lat' dir='ltr'><strong>lectionem</strong></span> <span class='ocrx_word' id='word_1_851' title='bbox 2569 5675 2908 5747; x_wconf 87' lang='lat' dir='ltr'><strong>Epiphanius</strong></span> <span class='ocrx_word' id='word_1_852' title='bbox 2958 5676 3353 5743; x_wconf 89' lang='lat' dir='ltr'><strong>Scholastieus,</strong></span> <span class='ocrx_word' id='word_1_853' title='bbox 3399 5678 3492 5747; x_wconf 91' lang='lat' dir='ltr'><strong>qui</strong></span> <span class='ocrx_word' id='word_1_854' title='bbox 3536 5681 3617 5734; x_wconf 90' lang='lat' dir='ltr'><strong>sic</strong></span> 
     </span>
    </p>
   </div>
   <div class='ocr_carea' id='block_1_118' title="bbox 2036 5693 3612 5819">
    <p class='ocr_par' dir='ltr' id='par_1_118' title="bbox 2036 5693 3612 5819">
     <span class='ocr_line' id='line_1_118' title="bbox 2038 5693 3612 5747; baseline 0.003 -19"><span class='ocrx_word' id='word_1_855' title='bbox 2038 5693 2180 5730; x_wconf 88' lang='lat' dir='ltr'><strong>nanc</strong></span> <span class='ocrx_word' id='word_1_856' title='bbox 2231 5693 2519 5732; x_wconf 74' lang='lat' dir='ltr'><strong>temonem</strong></span> <span class='ocrx_word' id='word_1_857' title='bbox 2569 5693 2668 5747; x_wconf 63' lang='lat' dir='ltr'><strong>rapi</strong></span> <span class='ocrx_word' id='word_1_858' title='bbox 2713 5693 2908 5732; x_wconf 89' lang='lat' dir='ltr'><strong>namus</strong></span> <span class='ocrx_word' id='word_1_859' title='bbox 2958 5693 3353 5743; x_wconf 66' lang='lat' dir='ltr'><strong>acamasueus,</strong></span> <span class='ocrx_word' id='word_1_860' title='bbox 3399 5693 3492 5747; x_wconf 81' lang='lat' dir='ltr'><strong>qui</strong></span> <span class='ocrx_word' id='word_1_861' title='bbox 3536 5694 3612 5734; x_wconf 85' lang='lat' dir='ltr'><strong>SIC</strong></span> 
     </span>
     <span class='ocr_line' id='line_1_119' title="bbox 2036 5693 3612 5819; baseline 0.001 -17"><span class='ocrx_word' id='word_1_862' title='bbox 2036 5747 2475 5819; x_wconf 40' lang='lat' dir='ltr'><strong>yertit,ﬂsecuros</strong></span> <span class='ocrx_word' id='word_1_863' title='bbox 2506 5764 2599 5800; x_wconf 84' lang='lat' dir='ltr'><strong>nos</strong></span> <span class='ocrx_word' id='word_1_864' title='bbox 2659 5693 2881 5816; x_wconf 48' lang='lat' dir='ltr'><strong>faciente</strong></span> <span class='ocrx_word' id='word_1_865' title='bbox 2909 5748 3301 5816; x_wconf 69' lang='lat' dir='ltr'><strong>putrefamilias</strong></span> <span class='ocrx_word' id='word_1_866' title='bbox 3331 5749 3469 5819; x_wconf 84' lang='lat' dir='ltr'><strong>ejus,</strong></span> <span class='ocrx_word' id='word_1_867' title='bbox 3505 5757 3612 5804; x_wconf 82' lang='lat' dir='ltr'><strong>ett&#39;.</strong></span> 
     </span>
    </p>
   </div>
   <div class='ocr_carea' id='block_1_119' title="bbox 2037 5815 3301 5882">
    <p class='ocr_par' dir='ltr' id='par_1_119' title="bbox 2037 5815 3301 5882">
     <span class='ocr_line' id='line_1_120' title="bbox 2037 5815 3301 5882; baseline 0.004 -12"><span class='ocrx_word' id='word_1_868' title='bbox 2037 5817 2097 5871; x_wconf 89' lang='lat' dir='ltr'><strong>In</strong></span> <span class='ocrx_word' id='word_1_869' title='bbox 2129 5815 2318 5874; x_wconf 87' lang='lat' dir='ltr'><strong>codice</strong></span> <span class='ocrx_word' id='word_1_870' title='bbox 2349 5818 2479 5875; x_wconf 87' lang='lat' dir='ltr'><strong>item</strong></span> <span class='ocrx_word' id='word_1_871' title='bbox 2504 5815 2724 5882; x_wconf 73' lang='lat' dir='ltr'><strong>regioJ.</strong></span> <span class='ocrx_word' id='word_1_872' title='bbox 2762 5818 2884 5874; x_wconf 87' lang='lat' dir='ltr'><strong>Pini</strong></span> <span class='ocrx_word' id='word_1_873' title='bbox 2917 5820 2992 5874; x_wconf 88' lang='lat' dir='ltr'><strong>ita</strong></span> <span class='ocrx_word' id='word_1_874' title='bbox 3022 5815 3301 5875; x_wconf 80' lang='lat' dir='ltr'><strong>seribitur.</strong></span> 
     </span>
    </p>
   </div>
  </div>
