4132 6490
511 423 616 479 569
1917 419 2303 476 EPISTOLA'}.
3660 418 3766 474 570

577 534 717 592 XIII.
757 536 943 591 Ταῦτα
966 538 1031 590 ὲκ
1055 538 1254 608 μέρους
1282 535 1585 609 ἐνεχάραξα
1604 539 1672 610 τῇ
1701 537 1981 610 ἐπιστολῇ,
2015 538 2054 591 τέ

2151 586 2157 598 ,
2250 534 2386 592 XIII.
2425 536 2551 594 Haec
2586 552 2652 592 ex
2691 544 2847 609 parte
2893 535 3187 607 perscripsi
3220 534 3276 592 in
3334 535 3437 592 hac
3491 535 3758 607 cpistola,

507 630 627 685 καθ’
672 629 903 683 ἕκαστον
942 631 1031 683 ἐπ’
1071 629 1355 703 ἀκριϐείας
1399 630 1652 701 γράφειν,
1690 630 1966 702 φορτικὸν,
2006 632 2052 684 ὡ

2187 628 2403 701 singula
2436 635 2692 686 accurate
2721 627 2974 701 persequi
3008 628 3379 699 importunum
3424 628 3760 697 arbitratus,

504 723 662 793 ἔφην,
708 718 847 777 εῖναι
893 722 1141 793 νομίσας,
1186 722 1275 775 διὰ
1319 722 1381 775 τὸ
1427 722 1561 793 μηδὲ
1604 721 1702 794 τὴν
1742 721 1894 792 ἱεράν
1927 722 2054 793 ὺμῶ¹

2182 729 2245 776 ιιι
2277 727 2436 776 antea
2464 720 2611 786 di'xi,
2648 736 2716 777 eo
2749 720 2895 791 quod
2924 720 3231 790 religiosam
3262 728 3498 776 vestram
3526 719 3760 793 diligen-

504 811 679 866 ταῦτα
706 811 986 882 λεληθέναι
1016 809 1274 882 σπουδήν.
1304 809 1491 863 Ταῦτα
1527 808 1869 881 διδάσκομεν,
1908 809 2054 863 ταῦτι

2181 810 2311 864 tiam
2342 825 2452 866 non
2485 812 2710 867 lateant.
2765 810 2890 866 Haec
2918 811 3203 874 docemus,
3233 809 3349 865 haec
3374 810 3757 881 praedicamus.

502 905 865 977 κηρύττομεν.
907 902 1091 957 Ταῦτα
1131 902 1232 973 τῆς
1279 901 1606 973 Ἐκκλησίας
1642 900 1713 954 τὰ
1748 901 2054 955 ἀποστολικι

2181 898 2308 955 Haec
2352 909 2480 956 sunt
2510 902 2839 972 “apostolica
2875 899 3135 957 Ecclesiae
3183 901 3473 971 dogmata,
3505 918 3606 972 pro
3631 904 3758 975 qui.

500 996 767 1068 δόγματα,
795 996 935 1067 ὑπὲρ
956 988 1031 1048 ὧν
1051 994 1145 1048 καὶ
1164 993 1604 1065 ἀποθνήσκομεν,
1625 991 1734 1047 τῶν
1753 991 2077 1063 ἐξόμνυσθαι

499 1087 637 1142 αύτά
678 1086 1012 1157 βιαζομένων
1057 1079 1223 1158 ἦττον
1271 1085 1710 1156 πεφροντικότες,
1758 1085 1807 1138 εἰ
1849 1084 1943 1138 καὶ
1988 1083 2078 1139 διά

500 1178 750 1249 βασάνων
777 1177 1167 1246 ἀναγκάζουσι,
1195 1176 1292 1247 τὴν
1325 1177 1383 1229 ὲν
1411 1175 1595 1238 αὐτοῖς
1623 1174 1811 1229 ἐλπίδα
1845 1173 1920 1247 μὴ
1943 1176 2079 1230 ἀπο-

500 1270 872 1344 στρεφόμενοι.
934 1266 1036 1324 1Ὡν
1089 1269 1320 1325 ἐναντίοι
1371 1268 1652 1340 γενόμενοι
1697 1270 1745 1322 oi
1799 1270 1943 1339 ἀμφὶ
1984 1270 2075 1324 τὸν

501 1365 718 1436 Ἀρειον
743 1363 838 1417 καὶ
878 1362 1127 1433 Ἀχιλλᾶν
1159 1363 1254 1417 καὶ
1277 1363 1326 1416 οί
1359 1360 1460 1432 τῆς
1485 1362 1744 1435 ἀληθείας
1774 1366 1870 1415 σὺν
1890 1361 2076 1427 αὐτοῖς

494 1454 763 1528 πολέμιοι,
814 1453 1181 1526 ἀπεώσθησαν
1234 1454 1334 1526 τῆς
1400 1454 1747 1525 Ἐκκλησίας,
1805 1452 2074 1527 ἀλλότριοι

494 1548 773 1620 γενόμενοι
811 1547 913 1618 τῆς
943 1546 1199 1610 εὐσεϐοῦς
1225 1547 1383 1618 ἡμῶν
1414 1546 1780 1611 διδασκαλίας,
1816 1545 1958 1600 κατά
1983 1546 2073 1600 τὸν

496 1640 766 1713 μακάριον
793 1637 1005 1693 Παῦλον
1032 1638 1281 1707 λέγοντα·
1308 1638 1384 1692 ΕΖ
1405 1655 1498 1705 τις
1520 1635 1678 1707 ὑμᾶς
1706 1634 2075 1706 εὐαγγελίζε-

490 1750 586 1788 ται
622 1733 760 1802 παρ’
785 1731 817 1787 ὃ
847 1729 1232 1801 παρελάϐετε,
1257 1729 1525 1801 ἀνάθεμα
1552 1729 1729 1797 ἔστω,
1757 1728 1874 1784 κᾶν
1898 1728 2072 1800 ἅγγε-

2179 990 2281 1045 bus
2308 998 2536 1047 mortem
2564 1006 2783 1062 quoque
2812 991 3046 1045 libenter
3092 990 3400 1061 oppetimus
3421 1031 3435 1056 ,
3467 994 3622 1062 parvi
3677 992 3759 1049 fa-

2176 1082 2383 1138 cientes
2408 1098 2504 1137 eos
2530 1082 2624 1152 qui
2656 1097 2756 1136 nos
2798 1081 2903 1136 ista
2934 1096 3137 1151 negare
3178 1081 3541 1151 compellunt,
3574 1098 3756 1152 spem-

2176 1188 2283 1243 que
2307 1171 2364 1226 in
2389 1171 2459 1227 iis
2493 1172 2727 1242 positam
2758 1187 2869 1227 non
2917 1171 3237 1243 abjicientes
3261 1210 3276 1236 ,
3311 1170 3439 1225 licet
3498 1171 3590 1227 isti
3639 1179 3757 1226 tor-

2176 1263 2376 1319 mentis
2403 1263 2663 1318 adhibitis
2713 1263 2822 1317 vim
2864 1260 3113 1319 aderant.
3160 1260 3372 1328 Quibus
3403 1261 3755 1320 adversantes

2172 1356 2338 1413 Arius
2368 1364 2423 1413 et
2443 1357 2705 1418 Achillas,
2737 1367 2789 1412 et
2828 1356 2921 1427 qui
2957 1370 3083 1411 cum
3124 1356 3233 1411 illis
3267 1364 3397 1411 sunt
3443 1355 3629 1413 hostes
3660 1372 3754 1413 ve-

2171 1448 2373 1513 ritatis,
2400 1448 2644 1505 Ecclesia
2671 1449 2885 1520 expulsi
2913 1455 3061 1513 sunt,
3086 1456 3275 1520 utpote
3297 1447 3459 1504 alieni
3493 1462 3524 1502 a
3562 1458 3753 1504 nostra

2172 1541 2261 1610 pia
2294 1538 2566 1605 doctrina,
2595 1540 2752 1610 juxta
2796 1541 3016 1597 beatum
3058 1541 3321 1605 Paulum,
3355 1542 3447 1613 qui
3476 1543 3551 1597 ait
3575 1542 3620 1575 "
3646 1566 3659 1601 :
3691 1542 3753 1599 Si

2171 1632 2287 1702 quis
2314 1629 2457 1687 vobis
2486 1633 2920 1705 evangelisaverit
2966 1644 3161 1703 prwter
3199 1634 3255 1689 id
3281 1635 3418 1707 quod
3445 1637 3748 1706 accepistis,

2170 1721 2452 1777 anathema
2497 1725 2605 1789 sit;
2655 1725 2780 1782 licet
2820 1724 3060 1794 angelum
3083 1724 3146 1779 de
3160 1725 3286 1780 caelo
3303 1742 3358 1780 sc
3376 1743 3485 1781 esse
3509 1725 3747 1783 simulet.

489 1828 595 1892 λος
625 1824 695 1891 ἐξ
726 1823 987 1894 οὐρανοῦ
1022 1824 1177 1879 εἶναι
1218 1823 1603 1896 προσποιῆται.
1653 1821 1814 1876 Ἀλλά
1844 1822 1958 1887 καὶ,
1996 1823 2054 1877 El

2174 1811 2280 1868 Sed
2312 1824 2384 1878 et,
2422 1812 2484 1869 Si
2523 1816 2641 1885 quis
2679 1815 2828 1869 aliud
2855 1817 3074 1881 doceat,
3105 1826 3155 1872 et
3184 1834 3288 1872 non
3334 1819 3631 1889 acquiescat
3659 1836 3752 1873 sa-

487 1885 590 1984 τις⁷
631 1885 1172 1986 ἑτεροδιδασκαλεῖ,
1223 1885 1324 1970 καὶ
1363 1914 1451 1986 μὴ
1478 1885 1894 1983 ’προσέρχεται
1943 1885 2054 1980 τοῖς

2167 1909 2273 1964 cris
2303 1909 2630 1964 sermonibus
2669 1908 2884 1964 Domini
2929 1912 3099 1964 nostri
3145 1909 3276 1964 Iesu
3323 1908 3558 1977 Christi,
3606 1918 3657 1966 et
3699 1911 3749 1966 ei

483 2010 825 2081 ὑγιαίνουσι
862 2010 1065 2078 λόγοις
1105 2007 1230 2074 τοῖς
1255 2007 1364 2061 τοῦ
1402 2007 1624 2074 Κυρίου
1660 2004 1828 2075 ἡμῶν
1868 2005 2065 2075 Ἰησοῦ

483 2101 766 2172 Χριστοῦ,
800 2100 902 2155 καί
928 2100 1004 2170 τῇ
1031 2101 1157 2155 κατ’
1190 2100 1507 2155 εὐσέϐειαν
1535 2098 1920 2165 διδασκαλίᾳ,
1967 2115 2062 2152 τε-

480 2194 762 2263 τύφωται,
783 2192 981 2264 μηδὲν
1002 2192 1421 2263 ἐπιστάμενος,
1442 2191 1537 2245 καὶ
1563 2190 1631 2245 τά
1657 2190 1804 2261 ἑξῆς.
1830 2190 2065 2254 Τούτους

480 2281 574 2339 οὖν
599 2283 1131 2355 ἀναθεματισθέντας
1164 2284 1275 2337 ἀπὸ
1306 2282 1408 2353 τῆς
1446 2281 1827 2352 ἀδελφότητος,
1873 2280 2064 2352 μηδεὶς

479 2372 633 2444 ὑμῶν
679 2371 939 2442 δεχέσθω,
999 2372 1132 2443 μηδὲ
1186 2371 1462 2443 ἀνεχὲσθω
1507 2369 1617 2425 τῶν
1662 2369 1968 2441 λεγομένων
2020 2370 2053 2442 ἢ

476 2464 839 2537 γραφομένων
881 2465 973 2519 ὑπ’
1019 2465 1220 2519 αὐτῶν.
1266 2465 1452 2519 Πάντα
1479 2464 1589 2534 γὰρ
1619 2465 1667 2516 οἱ
1699 2463 1893 2534 γόητες
1928 2462 2059 2534 ψεύ-

475 2558 674 2623 δονται,
706 2557 965 2630 ἀλήθειαν
994 2556 1056 2609 ού
1086 2556 1160 2628 μὴ
1184 2556 1495 2627 λαλήσουσι.
1532 2553 1917 2627 Περιέρχονται
1946 2552 2055 2626 γὰρ

474 2650 574 2714 τάς
621 2650 835 2715 πόλεις,
891 2649 1042 2702 οὐδὲν
1089 2647 1276 2719 ἕτερον
1330 2648 1738 2713 σπουδάζοντες,
1768 2647 1803 2719 ἢ
1840 2645 1919 2718 τῷ
1955 2647 2055 2717 τῆς

474 2740 655 2809 φιλίας
703 2741 1057 2813 προσχήματι
1105 2739 1202 2793 καὶ
1260 2737 1339 2809 τῷ
1395 2739 1498 2810 τῆς
1528 2740 1751 2811 εἰρήνης
1806 2737 2052 2808 ὀνόματι,

472 2830 539 2884 δι’
573 2830 916 2902 ὑποκρίσεως
954 2830 1047 2884 καὶ
1078 2827 1368 2893 κολακείας
1396 2829 1702 2901 γράμματα
1729 2828 1930 2882 διδόναι
1956 2827 2052 2880 καὶ

470 2921 789 2993 λαμϐάνειν,
820 2922 956 2994 πρὸς
978 2922 1040 2974 τὸ
1067 2920 1276 2975 πλανᾶν
1314 2919 1403 2974 διὰ.
1423 2920 1628 2974 τούτων
1651 2921 1720 2975 τὰ
1751 2920 1843 2974 ὑπ’
1873 2918 2052 2973 αὐτῶν

2167 2013 2284 2068 qua:
2305 1997 2591 2052 secundum
2632 2000 2877 2067 pietatem
2912 2009 2988 2055 est
3020 1998 3316 2064 doctrinm;
3347 2001 3392 2055 is
3417 2001 3641 2069 inﬂatur
3664 2001 3747 2055 ni-

2168 2087 2245 2142 hil
2275 2089 2443 2144 sciens
2470 2089 2514 2122 "-'
2546 2108 2559 2145 :
2594 2098 2649 2144 et
2678 2105 2800 2161 quae
2839 2098 3162 2161 sequuntur.
3196 2090 3308 2146 Hos
3347 2090 3514 2161 igitur
3536 2090 3605 2145 ab
3630 2091 3752 2146 uni-

2165 2181 2341 2236 versis
2413 2181 2676 2238 lratribus
2735 2183 3224 2238 anathematizatos
3285 2198 3448 2239 nemo
3501 2190 3745 2239 vestrum

2167 2273 2454 2342 suscipiat,
2480 2288 2580 2329 nec
2606 2288 2670 2328 ea
2691 2289 2811 2344 quae
2841 2273 2910 2329 ab
2942 2274 3050 2329 illis
3074 2281 3168 2328 aut
3197 2273 3457 2328 dicuntur
3485 2282 3579 2329 aut
3607 2274 3749 2330 scri-

2163 2362 2369 2418 buntur
2420 2363 2691 2419 admittat.
2747 2364 2942 2420 Omnia
3009 2366 3155 2421 enim
3216 2365 3554 2421 mentiuntur
3605 2380 3746 2437 prai-

2162 2454 2494 2525 stigiatores,
2528 2470 2627 2511 nec
2658 2457 2941 2513 veritatem
2973 2472 3216 2527 unquam
3255 2457 3564 2528 loquentur.
3623 2456 3742 2513 Cir-

2161 2557 2421 2602 cumeunt
2452 2547 2723 2619 siquidem
2749 2547 3023 2614 civitates,
3068 2549 3203 2604 nihil
3239 2548 3387 2604 aliud
3417 2549 3701 2605 molientes
3722 2588 3741 2615 ,

2159 2652 2323 2707 quam
2356 2647 2415 2693 ut
2451 2638 2705 2694 amicitiae
2736 2641 2917 2709 specie
2943 2647 2999 2695 et
3030 2639 3132 2694 sub
3174 2638 3396 2694 nomine
3423 2637 3578 2710 pacis
3599 2678 3615 2703 ,
3646 2653 3744 2709 per

2160 2729 2563 2785 simulationem
2594 2737 2649 2786 et
2677 2729 2974 2787 blanditias
2998 2729 3131 2787 dent
3162 2730 3372 2786 litteras
3398 2738 3563 2802 atque
3591 2734 3740 2788 acci-

2157 2824 2348 2895 piant;
2382 2825 2582 2894 quibus
2624 2825 2966 2879 mulierculas
2997 2840 3200 2894 paucas
3228 2825 3293 2879 ab
3332 2825 3462 2895 ipsis
3500 2824 3741 2895 deceptas

2158 2924 2206 2970 et
2237 2916 2467 2984 peccatis
2495 2927 2713 2971 onustas
2747 2917 2804 2970 in
2825 2933 3055 2972 errorem
3077 2916 3332 2972 inducant
3366 2917 3412 2949 ³⁸
3434 2923 3487 2973 et
3518 2924 3736 2974 caetera.

469 3016 824 3087 ἠπατημένα
844 3017 1019 3087 ὀλίγα
1041 3013 1419 3086 γυναικάρια,
1444 3015 1855 3086 σεσωρευμένα
1876 3014 2205 3085 ἁμαρτίαις,
2240 3012 2334 3064 καὶ
2361 3010 2430 3064 τὰ
2457 3011 2601 3084 ἑξῆς.

537 3134 678 3190 XIV.
723 3133 958 3197 Τούτους
987 3129 1080 3187 οῦν
1105 3135 1233 3197 τοὺς
1264 3132 1333 3187 τὰ
1363 3131 1601 3187 τοσαῦτα
1631 3132 1775 3187 κατὰ
1808 3130 2048 3204 Χριστοῦ

466 3226 862 3299 τολμήσαντας,
890 3225 1017 3289 τοὺς
1050 3224 1143 3277 τὸν
1175 3224 1602 3295 Χριστιανισμὸν
1629 3222 1788 3279 τοῦτο
1827 3223 1926 3294 μὲν
1953 3222 2048 3281 δη-
2074 3254 2116 3311 C

471 3318 633 3390 μοσίᾳ
672 3314 1054 3386 διασύραντας,
1099 3311 1258 3366 τοῦτο
1303 3312 1360 3365 δὲ
1396 3312 1489 3365 ἐπὶ
1524 3312 1890 3385 δικαστηρίων
1922 3313 2045 3365 ὲπι-

466 3406 706 3476 δεικτιᾷν
741 3401 1244 3474 φιλοτιμουμένους,
1283 3402 1411 3465 τοὺς
1442 3401 1680 3472 διωγμὸν
1711 3402 1846 3473 ἡμῖν
1879 3402 1938 3454 ὲν
1970 3402 2047 3454 εί-

470 3496 609 3568 ρήνῃ
637 3494 698 3548 τὸ
724 3494 846 3548 ὅσον
881 3493 967 3545 ἐπ’
993 3493 1176 3555 αὐτοῖς
1201 3492 1616 3564 ἐπεγείραντας,
1642 3491 1769 3555 τοὺς
1789 3492 1850 3545 τὸ
1874 3492 2046 3563 ἄρῤη-

464 3605 557 3642 τον
589 3586 884 3658 μυστήριον
917 3585 1017 3655 τῆς
1046 3584 1282 3656 Χριστοῦ
1307 3584 1575 3654 γενέσεως
1598 3585 2042 3657 έκνευρίσαντας,

463 3677 687 3742 τούτους
712 3676 1176 3748 ἀποστραφέντες,
1203 3675 1481 3746 ἀγαπητοὶ
1497 3677 1590 3730 καὶ
1604 3676 1866 3748 ὁμόψυχοι
1892 3675 2045 3729 ἀδελ-

464 3771 574 3841 φοὶ,
620 3768 902 3841 σύμψηφοι
934 3766 1149 3836 γίνεσθε
1195 3767 1337 3821 κατά
1376 3768 1474 3839 τῆς
1524 3767 1827 3840 μανιώδους
1864 3768 2042 3822 αὐτῶν

461 3859 685 3931 τόλμης,
710 3857 833 3912 καθ’
859 3855 1154 3929 ὁμοιότητα
1176 3856 1285 3910 τῶν
1313 3859 1810 3930 ἀγανακτησάντων
1841 3860 2044 3914 συλλει-

461 3949 707 4023 τουργῶν
748 3950 923 4022 ἡμῶν,
974 3951 1069 4005 καὶ
1102 3950 1521 4005 ἐπιστειλάντων
1561 3968 1651 4021 μοι
1688 3951 1807 4006 κατ’
1837 3952 2039 4016 αὐτῶν,

459 4043 555 4096 καὶ
582 4041 661 4114 τῷ
679 4041 830 4114 τόμῳ
853 4041 1403 4114 συνυπογραψάντων.
1442 4042 1508 4095 "A
1533 4043 1629 4096 καὶ
1649 4042 2040 4115 διεπεμψάμην

458 4133 588 4204 ὑμῖν
630 4131 719 4185 διὰ
759 4130 856 4185 τοῦ
903 4131 1020 4185 υίοῦ
1058 4149 1161 4203 μου
1208 4132 1470 4197 Ἀπίωνος
1506 4132 1602 4186 τοῦ
1633 4133 1883 4187 διακόνου
1901 4133 2036 4206 (42),

457 4224 614 4286 τοῦεο
644 4222 744 4295 μὲν
769 4223 952 4297 πάσης
988 4223 1265 4293 Αἰγύπτου
1314 4225 1411 4278 καὶ
1458 4224 1747 4296 Θηϐαΐδος,
1796 4224 1955 4279 τοῦτο
1980 4225 2039 4279 δὲ

456 4314 663 4387 Λιϐύης
708 4333 769 4370 τε
819 4317 914 4370 καὶ⁸
961 4315 1368 4381 Πενταπόλεως,
1421 4317 1517 4370 καὶ
1563 4316 1784 4387 Συρίας,
1828 4317 1924 4371 καὶ
1957 4316 2037 4372 ἔτι

454 4408 660 4471 Λυκίας
711 4408 805 4462 καὶ
848 4408 1198 4479 Παμφυλίας,
1258 4408 1463 4472 Ἀσίας,
1489 4408 1905 4474 Καππαδοκίας,
1940 4407 2037 4461 καὶ

452 4499 561 4551 τῶν
589 4499 763 4554 ἀλλων
792 4499 1113 4572 περιχόρων.
1152 4495 1256 4553 Ὧν
1287 4499 1411 4553 καθ’
1443 4499 1756 4571 ὁμοιότητα,
1782 4499 1876 4553 καὶ
1902 4500 2035 4570 παρ’

2227 3127 2368 3184 XIV.
2418 3127 2530 3185 llos
2560 3146 2692 3200 ergo
2723 3129 2817 3201 qui
2845 3137 2925 3185 tot
2951 3145 3016 3187 ac
3057 3136 3210 3185 tanta
3242 3129 3363 3185 ausi
3392 3136 3521 3186 sunt
3547 3136 3738 3184 contra

2153 3222 2468 3290 Christum;
2502 3224 2596 3293 qui
2625 3223 2996 3280 Christianam
3037 3224 3356 3296 religionem
3387 3222 3584 3294 partim
3615 3222 3739 3278 irri-

2147 3320 2341 3369 serunt
2365 3313 2617 3384 publice,
2652 3315 2850 3384 partim
2884 3316 2938 3370 in
2970 3314 3198 3386 judiciis
3230 3314 3522 3370 traducere
3550 3329 3616 3369 ac
3641 3314 3738 3370 de-

2146 3416 2336 3460 notare
2364 3405 2626 3461 student:
2677 3407 2769 3476 qui
2801 3407 2955 3478 pacis
2998 3414 3246 3476 tempore
3299 3406 3734 3477 persecutionem

2144 3497 2411 3553 adversus
2439 3512 2541 3553 nos
2564 3537 2580 3562 ,
2633 3506 2901 3568 quantum
2933 3499 2987 3553 in
3019 3498 3155 3569 ipsis
3206 3505 3292 3553 est
3312 3538 3326 3561 ,
3384 3499 3731 3565 excitarunt;

2144 3590 2235 3659 qui
2270 3589 2545 3645 ineffabile
2573 3589 2894 3660 mysterium
2916 3589 3285 3662 generationis
3314 3584 3522 3646 Christi
3572 3606 3733 3646 ener-

2143 3692 2343 3739 varunt
2368 3702 2381 3738 :
2413 3683 2535 3751 hos,
2564 3684 2813 3755 inquam,
2849 3690 3169 3741 aversantes
3194 3725 3210 3751 ,
3238 3683 3549 3740 charissimi
3567 3695 3733 3755 atque

2142 3775 2431 3831 unanimes
2467 3775 2694 3838 fratres,
2737 3775 3114 3849 sut'fragamini
3160 3776 3321 3832 nobis
3348 3776 3612 3832 adversus
3642 3776 3728 3833 fu-

2140 3866 2343 3923 riosam
2385 3867 2600 3922 illorum
2631 3867 2917 3923 audaciam
2945 3907 2963 3930 .
3012 3867 3240 3938 perinde
3285 3882 3351 3923 ac
3378 3867 3599 3938 collegae
3627 3882 3728 3922 no-

2142 3957 2265 4023 stri,
2296 3958 2390 4028 qui
2417 3957 2684 4029 indignati
2724 3967 2875 4019 sunt.
2906 3968 2962 4014 et
2998 3958 3161 4014 nobis
3194 3958 3459 4029 epistolas
3489 3959 3727 4030 scripse-

2140 4060 2267 4104 runt
2296 4050 2561 4106 adversus
2590 4051 2737 4114 illos,
2770 4059 2823 4107 ct
2846 4058 2997 4105 tomo
3027 4060 3220 4107 nostro
3253 4050 3724 4122 subscripserunt.

2137 4139 2268 4208 Quae
2301 4142 2464 4197 etiam
2501 4142 2567 4197 ad
2598 4158 2698 4199 vos
2725 4142 2852 4198 misi
2890 4158 2986 4213 per
3026 4140 3195 4197 [Ilium
3230 4157 3411 4198 meum
3458 4139 3725 4213 Apionem

2135 4233 2445 4298 diaconum,
2478 4233 2673 4303 partim
2705 4248 2772 4289 ex
2795 4233 3052 4289 universa
3077 4231 3313 4304 Egypto
3337 4246 3401 4286 ac
3423 4230 3724 4297 Thebaide,

2136 4325 2332 4396 partim
2364 4340 2431 4381 ex
2462 4323 2633 4396 Libya
2658 4339 2723 4380 ac
2751 4323 3035 4396 Pentapoli
3062 4343 3076 4380 :
3113 4323 3244 4379 item
3279 4339 3347 4379 ex
3378 4321 3537 4395 Syria
3556 4364 3573 4391 ,
3612 4322 3722 4396 Ly-

2135 4415 2243 4484 cia,
2278 4414 2618 4488 Pamphylia,
2643 4414 2795 4481 Asia,
2834 4414 3180 4486 Cappadocia
3214 4414 3448 4485 aliisque
3474 4413 3724 4471 tlnitimis

2134 4507 2454 4579 provinciis.
2492 4506 2738 4573 Quorum
2769 4506 3022 4576 exemplo
3053 4520 3085 4561 a
3117 4504 3275 4560 vobis
3320 4520 3540 4576 quoque
3579 4505 3723 4561 litte-

453 4588 609 4661 ὑμῶν
653 4590 904 4658 δέξασθαι
947 4591 1200 4646 πέποιθα.
1236 4591 1452 4646 Πολλῶν
1489 4592 1599 4663 γάρ
1632 4608 1720 4662 μοι
1756 4589 2037 4663 βοηθημά-

2151 4613 2231 4655 ras
2262 4613 2348 4654 me
2378 4607 2731 4669 accepturum
2759 4613 2884 4654 esse
2927 4595 3165 4653 conﬁdo.
3207 4595 3343 4651 Nam
3380 4610 3506 4651 cum
3550 4595 3722 4651 multa

450 4699 560 4737 των
595 4681 733 4754 πρὸς
772 4683 898 4746 τοὺς
931 4682 1222 4752 βλαϐέντας
1265 4683 1703 4757 πεπορισμένων,
1742 4683 1838 4737 καὶ
1872 4683 2031 4738 τοῦτο

2151 4705 2171 4744 a
2204 4705 2293 4746 me
2315 4688 2570 4761 praesidia
2597 4698 2915 4759 comparata
2949 4687 3063 4744 sint
3091 4686 3161 4742 ad
3199 4685 3477 4742 sanandos
3508 4699 3604 4740 eos
3624 4683 3721 4754 qui

451 4774 672 4847 εῦρεται
705 4774 1121 4847 λυσιφάρμακον
1160 4775 1257 4830 τοῦ
1302 4777 1395 4829 ὑπ’
1434 4777 1613 4830 αὐτῶν
1657 4777 2029 4849 ἀπατηθέντος

448 4866 600 4930 λαοῦ,
635 4866 972 4938 πειθομένων
1008 4866 1102 4921 καὶ
1146 4871 1267 4933 ταῖς
1305 4868 1418 4940 (45)
1452 4869 1563 4922 τῶν
1603 4868 2028 4941 συλλειτουργῶν

448 4959 606 5031 ἡμῶν
637 4959 1118 5031 συγκαταθέσεσιν,
1152 4962 1233 5025 εἰς
1274 4960 1564 5032 μετάνοιαν
1590 4961 1678 5016 διὰ
1708 4962 1897 5017 τούτου
1932 4962 2026 5034 ἐρ-

446 5049 637 5123 χεσθαι
668 5052 1098 5117 σπουδαζόντων.
1146 5053 1488 5109 Ἀσπάσασθε
1521 5054 1785 5126 ἀλλήλους
1824 5056 1922 5109 σὺν
1958 5058 2024 5127 τῇ

451 5143 581 5213 παρ’
615 5143 771 5215 ὑμῶν
793 5143 1116 5216 ἀδελφότητι
1147 5141 1280 5215 (44).
1320 5144 1628 5218 Ἐρρῶσθαι
1651 5147 1798 5218 ὑμᾶς
1821 5148 1880 5201 ὲν
1909 5148 2025 5201 Κυ-

2138 4780 2252 4837 laesi
2281 4788 2433 4845 sunt,
2466 4787 2581 4834 tum
2612 4779 2746 4834 illud
2797 4780 3071 4851 praecipue
3096 4777 3396 4834 remedium
3443 4774 3722 4846 excogita-

2135 4883 2253 4930 tum
2286 4880 2372 4930 est
2414 4874 2482 4927 ad
2529 4871 2830 4928 curandam
2879 4871 3283 4927 multitudinem
3325 4884 3447 4941 quae
3487 4868 3556 4924 ab
3608 4867 3720 4923 illis

2134 4964 2359 5034 decepta
2385 4970 2491 5027 est,
2517 4970 2577 5017 ut
2597 4962 2930 5033 collegarum
2955 4969 3271 5018 nostrorum
3303 4957 3597 5015 consensui
3618 4956 3718 5012 ub-

2133 5061 2458 5125 temperent,
2489 5061 2542 5109 et
2571 5069 2667 5124 per
2711 5052 2816 5108 hoc
2858 5052 2926 5107 ad
2954 5052 3330 5123 paenitentiam
3354 5049 3535 5106 redire
3561 5046 3716 5104 festi-

2132 5153 2285 5202 nent.
2316 5143 2571 5200 Salutare
2596 5158 2697 5200 vos
2736 5142 2972 5200 invicem
3005 5156 3116 5199 una
3159 5156 3282 5198 cum
3311 5138 3596 5206 fratribus,
3617 5138 3713 5211 qui

516 5326 561 5358 ³³
592 5324 773 5381 Galat.
798 5343 837 5391 ι,
865 5327 920 5395 8,
942 5327 999 5383 9.
1066 5326 1108 5360 ³⁷
1152 5326 1180 5381 Ι
1211 5325 1349 5381 Tim.
1386 5344 1461 5394 vr,
1488 5328 1541 5396 '5,
1567 5331 1622 5387 4.
1698 5330 1745 5364 ³⁸
1779 5330 1844 5386 ΙΙ
1874 5331 2013 5387 Tim.
2048 5347 2131 5395 ιιι,
2163 5331 2217 5387 4.

518 5528 634 5607 (βξ.)
677 5530 954 5607 Accidian
983 5532 1092 5607 τοῦ
1124 5531 1429 5607 διακόνοο.
1464 5531 1523 5587 In
1553 5533 1676 5607 cod.
1704 5533 1903 5607 Leonis
1942 5533 2031 5590 Al-

444 5598 582 5686 l‘a‘tii,
613 5610 678 5686 et.
699 5602 840 5686 apud
870 5598 1244 5686 Nicephorum
1278 5603 2022 5686 legitur‘coﬁ‘dtpxtbtaxovou.

441 5670 622 5753 Atque
643 5672 716 5726 ita
736 5670 906 5754 etiam
939 5670 1432 5758 leg—it‘Epli‘ph‘aniu's
1457 5670 1853 5758 scholasticus,
1877 5684 1938 5758 ut
1958 5692 2022 5758 es

441 5741 841 5823 versione~ejus
871 5741 1341 5814 apparetﬁcodcx
1391 5741 1595 5817 Regius
1636 5744 1688 5800 J.
1729 5745 1849 5801 Piui
1894 5747 2025 5817 legit

441 5811 595 5865 τουδε
627 5830 720 5866 του
746 5812 994 5868 διακόνου
1033 5813 1316 5879 Ἀπίωνος.

441 5827 595 5865 τουοε
627 5830 720 5866 του
746 5827 994 5868 οιακονου
1038 5827 1316 5879 Ἀπίωνος.

516 5882 630 5957 (43)
666 5883 1040 5954 Πειθομένων
1070 5885 1167 5940 καὶ
1209 5885 1357 5953 ταῖς.
1391 5883 1679 5961 ~Particula
1722 5884 1814 5940 καί
1846 5887 2018 5943 alieno

2135 5536 2256 5593 loco
2292 5536 2468 5606 posita
2501 5544 2605 5602 est,
2640 5546 2695 5593 et
2725 5538 2780 5592 in
2817 5552 2977 5594 suum
3011 5536 3203 5606 locum
3229 5535 3313 5606 sic
3344 5535 3700 5606 restituenda,

2132 5603 2468 5678 πειθομένων
2499 5610 2619 5678 ταῖς
2668 5607 2774 5662 τῶν
2823 5605 3247 5678 συλλειτουργῶν
3294 5603 3450 5678 ἡμῶν
3499 5623 3703 5677 συγκα-

2129 5677 2400 5743 ταθέσεσι,
2427 5677 2522 5732 καὶ
2550 5680 2652 5743 είς,
2683 5687 2789 5734 etc.

2198 5749 2310 5819 (M)
2350 5748 2475 5820 Σὺν
2496 5747 2572 5817 τῇ
2593 5749 2730 5818 παρ’
2761 5748 2929 5820 ὑμῶν
2954 5746 3332 5820 ἀδελφότητι,
3362 5744 3699 5820 ApudNice-

2125 5816 2359 5943 (tibiarum
2405 5816 2598 5892 legitur
2645 5816 2972 5894 παρ’ἧμῶν,
3001 5816 3147 5894 quod
3196 5816 3574 5875 rectius—mihi
3614 5816 3696 5872 vi.

2163 5905 2190 5943 e
2221 5905 2302 5943 ur.

2163 5898 2302 5944 BIUI'.
