4132 6480
526 407 628 462 575

1940 409 2322 468 EPISTOLE.

3669 420 3771 476 574

591 524 660 577 Il.
695 523 759 577 ΟΞ
788 521 887 596 μὲν
921 518 1016 580 οὖν
1047 523 1347 582 ἀποστάται
1379 523 1679 598 γενόμενοι,
1707 527 1844 581 εἰσὶν
1866 529 2081 602 ’Ἄρειος

2279 527 2344 584 ll.
2379 527 2645 585 Ecclesia?
2688 537 2870 586 autem
2925 529 3234 586 desertores
3277 530 3331 584 hi
3376 539 3502 586 sunt
3536 550 3549 586 :
3584 531 3770 596 Arius,

525 617 619 669 καὶ
665 614 1099 688 ’Λχιλλεὺς(54),
1135 617 1230 671 καὶ
1285 616 1584 689 ’Λειθάλης,
1642 618 1736 672 καὶ
1767 619 2098 693 Καρπώνης,

524 703 617 756 καὶ
641 703 826 775 ἕτερος
857 706 1092 778 ΙΙἌρειος,
1138 707 1233 761 καὶ
1259 707 1572 780 Σαρμάτης,
1605 709 1662 763 οἵ
1698 727 1828 764 ποτε
1863 711 2101 784 πρεσϐύ-

523 814 667 868 τεροι
718 798 863 869 (55)°
919 799 1013 852 καὶ
1058 798 1314 866 Εὺξώῖος,
1362 802 1456 855 καὶ
1477 801 1724 870 Λούκιος,
1751 804 1846 858 καὶ
1884 805 2100 870 Ἰούλιος

525 888 635 957 (56)
655 929 670 954 ,
713 890 807 942 καὶ
837 891 1048 960 Μηνᾶς,
1081 892 1175 946 καὶ
1218 891 1508 956 Ἐλλάδιος,
1542 895 1635 948 καὶ
1661 894 1842 961 Γάϊος,
1875 897 1930 949 οἵ
1968 913 2099 950 ποτε

520 980 772 1035 διάκονοιο
807 983 902 1036 καὶ
929 983 1024 1036 σὺν
1073 983 1258 1046 αὐτοῖς
1297 983 1587 1048 Σεκοῦνδος
1614 987 1709 1040 καὶ
1761 988 1997 1053 Θεωνᾶς,
2049 990 2104 1043 οῐ

523 1087 650 1124 ποτε
687 1070 966 1143 λεχθέντες
993 1072 1299 1126 ἐπίσκοποι.
1335 1075 1470 1128 Ποῖα
1501 1074 1558 1128 δὲ
1600 1076 1751 1148 παρὰ
1799 1077 1899 1142 τὰς
1953 1080 2098 1151 Γραο

522 1162 625 1232 φὰς
657 1162 767 1232 (57)
802 1165 1126 1236 ἐφευρόντες
1156 1165 1430 1233 λαλοῦσιν,
1474 1167 1588 1222 ἐστι
1622 1169 1814 1225 ταῦτα.

589 1255 676 1310 ΙΙΙ.
712 1257 825 1310 Οὐκ
857 1258 944 1312 ἀεὶ
966 1260 994 1312 6
1027 1258 1161 1324 Θεὸς
1191 1260 1379 1334 Πατὴρ
1411 1257 1500 1334 ἦν,
1529 1263 1644 1318 ἀλλ’
1694 1261 1762 1336 ἦν
1785 1266 1873 1319 ὅτε
1903 1270 1932 1322 6
1965 1268 2098 1334 Θεὸς

519 1346 707 1418 Πατὴρ
737 1348 837 1400 οὐκ
863 1342 953 1418 ἦν’
981 1348 1082 1402 οὐκ
1113 1349 1200 1403 ἀεὶ
1222 1344 1289 1422 ἦν
1316 1353 1344 1404 6
1371 1351 1464 1405 τοῦ
1499 1351 1632 1405 Θεοῦ
1677 1353 1870 1422 Λόγος,
1901 1355 2013 1408 ἀλλ’
2038 1357 2098 1422 ἐξ

517 1441 617 1493 οὐκ
657 1439 828 1494 ὄντων
856 1440 1098 1510 γέγονεν’
1155 1443 1184 1496 6
1226 1441 1336 1514 γὰρ
1362 1441 1439 1497 ὢν
1466 1444 1599 1509 Θεὸς
1639 1445 1731 1498 τὸν
1751 1446 1842 1518 μὴ
1869 1448 1998 1501 ὄντα
2033 1452 2098 1503 ἐκ

517 1529 610 1582 τοῦ
640 1530 713 1601 μὴ
741 1530 891 1595 ὄντος
911 1531 1198 1603 πεποίηκε’
1238 1531 1319 1586 διὸ
1353 1534 1448 1588 καὶ
1472 1529 1542 1606 ἦν
1574 1552 1725 1600 ποτε,
1765 1537 1854 1590 ὅτε
1877 1538 1977 1591 οὐκ
2003 1534 2092 1611 ἦν.

519 1621 738 1692 Κτίσμα
766 1623 875 1694 γάρ
918 1625 1034 1678 ἐστι
1061 1625 1156 1679 καὶ
1184 1626 1395 1697 ποίημα
1419 1627 1448 1679 6
1482 1625 1630 1691 Υἱὸς,
1664 1626 1791 1682 οὔτε
1822 1628 1878 1682 δὲ
1909 1631 2095 1701 ὅμοιος

518 1715 636 1766 κατ’
665 1713 853 1768 οὐσίαν
874 1714 951 1786 τῷ
971 1716 1144 1789 Πατρί
1174 1720 1339 1772 ἐστιν’
1368 1717 1490 1772 οὔτε
1520 1718 1787 1791 ἀληθινὸς,
1815 1723 1908 1776 καὶ
1937 1723 2095 1792 φύσει

515 1801 607 1857 τοῦ
637 1803 849 1876 Πατρὸς
880 1805 1053 1875 Λόγος
1083 1807 1250 1862 ἐστίν’
1297 1807 1422 1862 οὔτε
1463 1809 1688 1882 ἀληθινὴ
1724 1811 1892 1880 Σοφία
1923 1813 2090 1867 αὐτοῦ

2201 619 2459 684 Achilles,
2478 620 2742 686 Aitbales,
2765 621 3065 692 Carpones,
3099 619 3263 677 Arius
3289 622 3448 686 alter,
3469 621 3771 684 Sarmatas,

2201 712 2330 766 olim
2380 713 2681 784 presbyteri
2719 732 2733 768 :
2775 711 3034 779 Euzoius,
3063 711 3288 777 Lucius,
3327 709 3527 780 Julius,
3562 712 3768 777 Menas,

2203 801 2480 857 llelladius
2510 810 2564 856 et
2593 802 2786 868 Gaius,
2811 803 2939 857 olim
2970 801 3189 857 diaconi
3223 818 3236 855 :
3274 817 3338 858 ac
3365 819 3490 858 cum
3512 805 3646 874 ipsis
3676 805 3772 858 Se-

2200 895 2412 952 cundus
2446 904 2500 950 et
2524 893 2798 962 Theonas,
2823 897 2950 950 olim
2967 897 3210 968 episcopi
3237 897 3558 967 nuncupati.
3590 895 3770 952 Verba

2199 994 2379 1041 autem
2427 984 2494 1039 ab
2525 984 2636 1039 illis
2680 983 2971 1040 adinventa
3021 1000 3085 1040 ac
3128 991 3326 1055 praeter
3357 984 3768 1056 Scripturarum

2198 1085 2437 1134 mentem
2470 1076 2704 1148 prolata,
2735 1077 2851 1133 haec
2879 1087 3027 1134 sunt.

2268 1247 2356 1305 lli.
2394 1249 2511 1306 Non
2541 1266 2755 1322 semper
2780 1250 2924 1308 Deus
2947 1245 3108 1307 Pater
3130 1249 3270 1318 fuit;
3307 1249 3402 1307 sed
3427 1248 3526 1304 fuit
3549 1247 3768 1320 quando

2197 1339 2340 1397 Deus
2374 1340 2534 1397 Pater
2580 1358 2691 1397 non
2723 1349 2861 1398 erat.
2906 1341 3024 1396 Non
3073 1355 3287 1412 semper
3329 1347 3448 1396 erat
3494 1339 3591 1394 Dei
3633 1337 3768 1394 Ver-

2196 1432 2347 1500 bum,
2399 1433 2494 1490 sed
2538 1449 2605 1488 ex
2649 1449 2759 1488 non
2807 1433 3152 1490 exstantibus
3204 1431 3408 1487 factum
3458 1438 3544 1487 est
3576 1449 3589 1484 :
3624 1429 3768 1486 Deus

2195 1525 2338 1579 enim
2379 1524 2471 1593 qui
2519 1531 2625 1588 est,
2671 1539 2778 1578 non
2820 1525 3172 1580 exsistentem
3207 1538 3276 1578 ex
3315 1537 3425 1577 non
3469 1522 3768 1578 exsistente

2195 1615 2444 1670 condidit
2501 1635 2513 1670 :
2560 1630 2731 1686 quare
2773 1624 2893 1672 erat
2931 1615 3223 1686 aliquando
3264 1629 3390 1669 cum
3439 1630 3550 1670 non
3596 1622 3762 1670 esset.

2196 1706 2305 1764 Res
2336 1708 2536 1778 quippe
2567 1716 2771 1774 creata,
2804 1723 3003 1778 resque
3054 1707 3197 1763 facta
3232 1715 3316 1762 est
3343 1706 3514 1762 Filius
3546 1725 3557 1760 :
3589 1722 3767 1777 neque

2196 1800 2391 1856 similis
2441 1807 2527 1855 est
2573 1799 2724 1854 Patri
2779 1798 3084 1855 secundum
3133 1798 3500 1856 substantiam
3541 1813 3766 1868 :neque

514 1894 679 1947 ἐστιν·
711 1895 822 1948 ἀλλ’
854 1893 934 1960 εἷς
966 1898 1064 1968 μὲν
1087 1898 1196 1953 τῶν
1226 1878 1934 1976 ποιημάτων-καὶ-γενητῶν
1956 1908 2086 1960 ἐστι·

2198 1907 2386 1947 verum
2415 1900 2468 1947 et
2503 1891 2756 1946 naturale
2798 1889 3038 1946 Verbum
3070 1897 3154 1946 est
3176 1888 3356 1944 Patris
3381 1908 3394 1943 :
3425 1904 3604 1960 neque
3634 1903 3765 1943 vera

514 1985 964 2057 καταχρηστικῶς
984 1987 1040 2041 δὲ
1071 1987 1289 2057 λέγεται
1320 1991 1493 2061 Λόγος
1520 1992 1617 2047 καὶ
1642 1994 1832 2064 Σοφία,
1864 1995 2094 2067 γενόμε-

511 2093 600 2140 νος
634 2077 729 2130 καὶ
751 2077 912 2142 αὐτὸς
947 2079 1058 2151 (58)
1089 2081 1168 2153 τῷ
1204 2081 1318 2154 ἰδίῳ
1343 2083 1439 2138 τοῦ
1485 2084 1622 2140 Θεοῦ
1659 2088 1837 2160 Λόγῳ,
1891 2089 1987 2143 καὶ
2023 2093 2092 2162 τῇ

512 2170 570 2221 ὲν
600 2167 678 2238 τῷ
697 2167 815 2240 Θεῷ
864 2169 1052 2242 Σοφίᾳ,
1101 2174 1160 2226 ὲν
1249 2175 1342 2228 καὶ
1369 2175 1439 2230 τὰ
1466 2177 1643 2232 πάντα
1672 2181 1766 2233 καὶ
1800 2181 1961 2234 αὑτὸν
1991 2199 2091 2235 πε-

513 2259 736 2331 ποίηκεν
761 2263 790 2316 6
821 2261 971 2328 Θεός’
1007 2264 1089 2319 διὸ
1122 2267 1215 2320 καὶ
1256 2270 1490 2340 τρεπτός
1532 2271 1650 2324 ἐστι
1681 2273 1775 2326 καὶ
1803 2273 2092 2339 ἀλλοιωτὸς

511 2351 610 2423 τὴν
661 2351 843 2422 φύσιν,
905 2354 981 2419 ὡς
1024 2358 1118 2411 καὶ
1163 2359 1340 2413 πάντα
1369 2361 1438 2415 τὰ
1467 2360 1680 2432 λογικάο
1711 2364 1860 2432 ξένος
1891 2383 1950 2420 τε
1997 2368 2092 2422 καὶ

509 2446 788 2519 ἀλλότριος
809 2449 903 2503 καὶ
928 2451 1408 2524 ἀπεσχοινισμένος
1439 2457 1587 2511 ἐστὶν
1609 2458 1638 2509 6
1665 2458 1838 2528 Λόγος
1864 2459 1963 2530 τῆς
1993 2459 2088 2513 τοῦ

508 2536 642 2590 Θεοῦ
671 2538 876 2603 οὐσίας⁸
901 2541 996 2594 καὶ
1016 2542 1252 2614 ἄρρητός
1277 2544 1388 2614 (59)
1417 2546 1563 2600 ἐστιν
1590 2549 1618 2601 6
1640 2547 1827 2619 Πατὴρ
1851 2546 1929 2618 τῷ
1951 2546 2084 2618 Υἱῷ⁸

507 2628 630 2682 οὔτε
656 2629 766 2703 γὰρ
794 2631 1011 2697 τελείως
1056 2635 1150 2689 καὶ
1178 2636 1420 2708 ἀκριϐῶς
1452 2637 1710 2708 γινώσκει
1743 2642 1773 2694 6
1798 2640 1970 2709 Λόγος
1997 2641 2088 2694 τὸν

509 2721 749 2792 Πατέρα,
777 2720 914 2792 ξοῦτε
943 2724 1162 2789 τελείως
1195 2727 1306 2798 (60)
1333 2728 1465 2800 ὀρᾷν
1494 2729 1657 2783 αὐτὸν
1701 2729 1944 2784 δύναται.
1975 2732 2088 2786 Καὶ

509 2811 617 2884 γὰρ
649 2811 744 2866 καὶ
768 2814 961 2868 ἑαυτοῦ
993 2814 1090 2886 τὴν
1122 2817 1308 2871 οὐσίαν
1333 2819 1434 2872 οὐκ
1466 2815 1607 2873 οἶδεν
1638 2822 1666 2874 6
1697 2820 1825 2883 Υἱὸς
1849 2821 1925 2885 ὡς
1947 2821 2083 2874 ἐστι’

505 2902 574 2956 δι’
615 2905 760 2974 ἡμᾶς
795 2905 904 2978 γὰρ
928 2911 1248 2980 πεποίηται,
1282 2909 1369 2964 ἵνα
1411 2913 1563 2982 ἡμᾶς
1591 2911 1659 2966 δι’
1712 2912 1879 2966 αὐτοῦ
1913 2914 1989 2978 ὡς
2016 2914 2084 2967 δι’

507 2995 738 3066 ὀργάνου
779 2998 938 3070 κτίσῃ
979 3001 1008 3052 6
1034 2999 1186 3064 Θεός.
1242 3002 1353 3055 Καὶ
1380 3003 1479 3056 οὐκ
1525 3003 1591 3057 ἂν
1633 3004 1862 3077 ὑπέστη,
1914 3007 1963 3059 εἰ
2009 3005 2084 3078 μὴ

509 3091 656 3160 ἡμᾶς
687 3093 715 3144 6
742 3092 874 3158 Θεὸς
919 3094 1150 3167 ἠθέλησε
1184 3097 1428 3168 ποιῆσαι.
1491 3098 1768 3172 Ἠρώτησε
1825 3101 1956 3170 γοῦν
2000 3119 2085 3166 τις

507 3183 723 3247 αὐτοὺς,
750 3185 799 3236 εἰ
848 3183 1070 3239 δύναται
1101 3187 1131 3239 6
1157 3185 1250 3239 τοῦ
1277 3187 1411 3241 Θεοῦ
1453 3189 1625 3258 Λόγος
1652 3193 1923 3264 τραπῆναι
1955 3192 2031 3256 ὡς
2057 3194 2085 3245 ὁ
2111 3223 2153 3278 C

506 3273 750 3337 διάϐολος
803 3273 1040 3346 ὲτράπη⁶
1094 3275 1187 3328 καὶ
1235 3275 1335 3330 οὐκ
1379 3277 1722 3350 ἐφοϐήθησαν
1771 3281 1943 3333 εἰπεῖν
2002 3280 2084 3333 ὄτι

505 3364 724 3419 δύναται
770 3365 910 3436 (61)·
943 3367 1180 3436 τρεπτῆς
1203 3367 1309 3438 γὰρ
1348 3368 1561 3440 φύσεώς
1587 3373 1701 3425 ἐστι
1731 3369 1957 3443 γενητὸς
1990 3371 2085 3425 καὶ

508 3457 720 3522 κτιστὸς
748 3459 1027 3530 ὑπάρχων.

576 3696 666 3756 IV.
715 3702 900 3759 Ταῦτα
940 3704 1195 3774 λέγοντας
1244 3709 1369 3772 τοὺς
1402 3709 1529 3781 περὶ
1574 3711 1810 3783 Ἀρειον,
1853 3713 1946 3766 καὶ
1987 3714 2081 3768 ἐπὶ

503 3793 712 3857 τούτοις
742 3796 1263 3866 ἀναισχυντοῦντας,
1312 3799 1509 3864 αὐτούς
1553 3818 1612 3854 τε
1657 3803 1750 3855 καὶ
1790 3804 1915 3866 τοὺς
1960 3821 2080 3857 συν-

504 3887 972 3960 ακολουθήσαντας
1016 3891 1218 3958 αὐτοῖς,
1273 3895 1448 3966 ἡμεῖς)
1480 3895 1578 3966 μὲν
1615 3895 1751 3966 μετά
1798 3897 1908 3951 τῶν
1960 3901 2078 3952 κατ’

502 3979 775 4048 Αἴγυπτον
821 3982 915 4035 καὶ
955 3981 1055 4046 τὰς
1092 3983 1298 4048 Λιϐύας
1325 3986 1637 4049 ἐπισκόπων
1689 3989 1854 4058 ἐγγὺς
1886 3991 2079 4045 ἑκατὸν

501 4073 691 4138 ὄντων,
719 4072 1059 4139 συνελθόντες
1087 4076 1574 4150 ἀνεθεματίσαμεν.
1604 4081 1667 4134 Οἱ
1690 4081 1748 4135 δὲ
1788 4084 1916 4152 περὶ
1970 4084 2078 4137 Εὑ-

505 4164 681 4217 σέϐιον
709 4165 1117 4235 προσεδέξαντο,
1165 4167 1553 4234 σπουδάζοντες
1579 4172 1941 4244 ὲγκαταμίξαι
1965 4175 2076 4247 (6‘2)

500 4257 561 4310 τὸ
582 4257 774 4328 ψεῦδος
801 4262 866 4330 τῇ
901 4259 1147 4332 ἀληθείᾳ,
1179 4261 1274 4314 καὶ
1303 4264 1369 4333 τῇ
1404 4262 1656 4336 εὐσεϐείᾳ
1679 4265 1775 4337 τὴν
1801 4267 2075 4320 ἀσέϐειαν

501 4348 615 4402 ἀλλ’
643 4351 744 4404 οὐκ
766 4352 1063 4421 ίσχύσουσι·
1093 4355 1218 4423 νικᾷ
1245 4352 1352 4424 γὰρ
1381 4355 1414 4424 ὴ
1440 4353 1686 4426 ἀλήθεια,
1713 4357 1807 4411 καὶ
1833 4358 2080 4428 οὐδεμία

500 4443 618 4495 ἐστὶ
647 4445 924 4501 κοινωνία
965 4445 1110 4514 φωτὶ
1137 4444 1286 4514 πρὸς
1319 4448 1556 4513 σκότος,
1593 4448 1735 4502 οὐδὲ
1765 4451 2078 4521 συμφώνη-

2193 1983 2314 2053 ejus
2354 1983 2664 2054 Sapientia;
2699 1982 2796 2039 sed
2843 1997 2952 2036 una
2983 1997 3054 2037 ex
3081 1982 3243 2037 rebus
3289 1981 3450 2036 factis
3499 1979 3763 2035 conditis-

2192 2092 2298 2146 que
2331 2092 2344 2128 :
2375 2076 2602 2132 abusive
2634 2083 2818 2132 autem
2855 2075 3093 2132 Verbum
3133 2074 3336 2130 dicitur
3369 2081 3424 2129 et
3464 2072 3760 2144 Sapientia,

2191 2157 2316 2224 cum
2361 2167 2538 2225 factus
2579 2168 2695 2238 ipse
2723 2169 2798 2225 sit
2841 2184 2939 2241 per
2975 2167 3254 2239 pr0prium
3295 2165 3388 2221 Dei
3415 2163 3678 2232 Verbum,
3709 2174 3765 2222 et

2191 2277 2288 2332 per
2315 2276 2434 2317 eam
2467 2277 2589 2332 quaa
2633 2261 2688 2316 in
2712 2260 2824 2317 Deo
2855 2269 2962 2326 est,
3006 2260 3363 2331 Sapientiam,
3404 2259 3462 2313 in
3492 2273 3597 2328 qua
3635 2273 3762 2313 cum

2189 2360 2384 2407 caatera
2413 2352 2618 2417 omnia,
2666 2360 2780 2407 tum
2810 2368 2934 2408 eum
2970 2352 3148 2422 ipsum
3174 2350 3302 2406 fecit
3323 2349 3489 2406 Deus.
3513 2350 3762 2420 Quapro-

2189 2452 2309 2515 pter
2344 2451 2540 2498 natura
2565 2459 2666 2500 sua
2696 2445 2896 2499 mutari
2929 2453 3093 2513 atque
3125 2443 3266 2498 verti
3297 2449 3496 2512 potest,
3537 2442 3764 2512 perinde

2189 2545 2353 2608 atque
2390 2539 2576 2593 omnia
2620 2536 2986 2593 rationabilia.
3025 2534 3355 2590 Extraneum
3393 2541 3596 2600 autem,
3637 2535 3762 2589 alie-

2188 2646 2316 2684 num
2341 2638 2504 2701 atque
2529 2639 2801 2686 semotum
2836 2627 3074 2683 Verbum
3105 2633 3190 2682 est
3232 2642 3264 2680 a
3302 2625 3397 2682 Dei
3431 2625 3753 2682 substantia.

2188 2719 2573 2776 lnenarrabilis
2595 2720 2758 2776 etiam
2779 2727 2864 2775 est
2888 2718 3048 2774 Pater
3076 2717 3214 2772 Filio
3238 2736 3251 2772 :
3284 2733 3410 2772 nam
3435 2733 3610 2788 neque
3632 2733 3760 2788 pcr-

2187 2811 2346 2878 l‘ecte,
2378 2827 2553 2882 neque
2603 2818 2860 2867 accurate
2897 2809 3115 2866 Patrem
3161 2810 3313 2865 novit
3357 2808 3622 2872 Verbum,
3661 2824 3760 2862 ne»-

2185 2919 2291 2974 que
2325 2902 2566 2974 perfecte
2595 2903 2750 2958 illum
2786 2903 2968 2960 videre
3005 2911 3203 2972 potest.
3239 2901 3450 2958 Etenim
3493 2919 3563 2957 ne
3604 2917 3758 2957 suam

2185 2994 2404 3064 quidem
2447 2993 2814 3050 substantiam
2865 2991 3020 3046 novit
3059 2989 3264 3055 Filius,
3311 2991 3476 3046 sicuti
3514 2991 3608 3044 illa
3651 2999 3755 3044 est.

2185 3083 2414 3154 Propter
2445 3098 2546 3139 nos
2569 3084 2768 3154 quippe
2797 3082 2974 3139 factus
3006 3089 3113 3147 est,
3149 3093 3209 3137 ut
3235 3098 3336 3137 nos
3370 3083 3462 3136 illo
3490 3081 3645 3152 quasi
3677 3082 3759 3135 in-

2187 3181 2492 3230 strumento
2540 3181 2755 3228 crearet
2794 3171 2988 3229 Deus:
3039 3189 3216 3243 neque
3265 3173 3592 3238 exstitisset,
3647 3173 3758 3228 nisi

2187 3281 2288 3321 nos
2331 3264 2476 3320 Deus
2520 3264 2759 3320 condere
2796 3264 3080 3321 voluisset.
3122 3263 3453 3320 Sciscitante
3494 3263 3756 3334 quodam,

2185 3374 2315 3411 num
2353 3357 2578 3429 perinde
2599 3357 2800 3412 mutari
2835 3365 3022 3427 posset
3046 3356 3140 3412 Dei
3169 3356 3410 3412 Verbum
3441 3364 3605 3426 atque
3634 3355 3757 3410 dia-

2185 3449 2344 3503 bolus
2381 3455 2625 3504 mutatus
2651 3456 2772 3516 est;
2805 3463 2918 3502 non
2947 3448 3105 3503 veriti
3137 3456 3268 3503 sunt
3293 3447 3371 3501 illi
3403 3447 3756 3516 respondere,

2186 3538 2327 3595 Sane
2350 3547 2526 3610 potest
2555 3555 2566 3592 :
2601 3554 2752 3604 nam,
2785 3547 2973 3609 utpote
3001 3538 3179 3595 factus
3206 3545 3262 3594 et
3299 3545 3539 3603 creatus,
3573 3547 3758 3592 muta-

2184 3632 2309 3686 bilis
2337 3639 2422 3686 est
2451 3639 2678 3686 naturae.

2256 3721 2346 3778 IV.
2372 3722 2499 3778 Haec
2529 3723 2765 3780 Arianos
2792 3723 3100 3794 loquentes,
3135 3722 3248 3775 haec
3280 3719 3758 3790 impudentissime

2183 3817 2536 3881 allirmantes,
2574 3833 2675 3872 nos
2720 3833 2845 3872 cum
2887 3816 3160 3887 episcopis
3207 3814 3424 3886 AEgypti
3470 3824 3524 3868 ct
3558 3814 3756 3885 Libya-

2182 3925 2304 3965 rum
2338 3925 2506 3980 prope
2543 3921 2782 3976 centum,
2820 3914 2875 3965 in
2907 3927 3077 3965 unum
3118 3909 3318 3972 coacti,
3352 3908 3475 3964 illos
3503 3924 3627 3964 cum
3662 3922 3754 3962 se-

2181 4002 2487 4059 ctatoribus
2525 4004 2640 4059 suis
2672 4004 3021 4058 anathemate
3055 4003 3452 4072 percussimus.
3495 4001 3563 4054 At
3592 4001 3755 4057 Euse-

2180 4096 2303 4151 bius
2321 4104 2373 4151 ct
2406 4096 2541 4152 socii
2571 4095 2912 4151 admiserunt
2944 4095 3088 4160 illos,
3110 4110 3438 4165 operamque
3461 4104 3753 4158 navarunt,

2181 4195 2241 4240 ut
2269 4187 2480 4242 veritati
2530 4187 2899 4250 mendacium,
2950 4185 3138 4256 pietati
3167 4186 3501 4256 impietatem
3545 4186 3750 4240 admis-

2179 4285 2358 4333 ceant.
2391 4277 2497 4334 Sed
2523 4292 2867 4348 nequaquam
2907 4263 2963 4330 id
2998 4275 3212 4331 eﬂicere
3245 4276 3503 4330 valebunt
3531 4290 3546 4325 :
3581 4276 3752 4330 vincit

2179 4369 2380 4440 quippe
2411 4369 2636 4435 veritas,
2679 4369 2936 4438 nullaque
2979 4368 3203 4422 societas
3238 4367 3344 4420 luci
3385 4367 3454 4420 ad
3482 4366 3746 4429 tenebras,

2178 4460 2324 4515 nulla
2368 4460 2713 4514 consonantia
2763 4457 2965 4514 Christi
3010 4457 3079 4512 ad
3122 4458 3294 4512 Belial
3323 4458 3392 4515 "°.
3431 4458 3565 4523 Quis
3603 4459 3748 4512 enim

499 4546 599 4598 σις
637 4536 891 4602 Χριστοῦ
923 4535 1072 4605 πρὸς
1103 4538 1342 4606 Βελίαρ.
1381 4539 1477 4604 Τίς
1500 4539 1609 4613 γὰρ
1637 4542 1833 4612 ἤκουσε
1857 4543 2076 4598 πώποτε

2185 4560 2418 4615 unquam
2465 4546 2593 4599 talia
2638 4545 2844 4599 audivit
2875 4547 2898 4599 ?
2941 4547 3066 4616 quis
3096 4548 3208 4616 jam
3241 4547 3472 4601 audiens
3500 4561 3609 4600 non
3649 4548 3750 4601 ob-

499 4623 754 4692 τοιαῦτα;
806 4627 840 4699 ἢ
885 4628 968 4692 τίς
1000 4628 1096 4683 νῦν
1127 4629 1340 4685 ἀκούων
1375 4632 1436 4684 οὐ
1491 4632 1778 4700 ξενίζεται,
1821 4638 1916 4690 καὶ
1972 4636 2072 4702 τὰς

589 4781 633 4812 ⁸ο
668 4778 732 4835 II
755 4779 881 4836 Cor.
914 4798 989 4848 vr,
1024 4783 1113 4836 M.

569 4877 680 4948 (54)
723 4875 1266 4958 Sic_R_eg._Socrat.,
1287 4883 1524 4958 pratog,
1558 4883 1823 4955 ’Λχιλλᾶς.
1852 4881 2058 4947 Gelas.,

500 4947 853 5025 Ἄρειος,μκαὶ
893 4949 1188 5025 Ἀχιλλεῦ-ς,
1217 4953 1310 5006 καὶ
1345 4947 1542 5025 Θαλῆς.

566 5019 680 5094 (55)
700 5019 766 5094 QZ
787 5033 932 5072 ποτε
956 5023 1361 5094 πρεσβύτεροι.
1391 5019 1516 5094 Haec
1537 5033 1726 5079 notatu
1743 5023 2066 5094 dignissima

493 5087 669 5164 verba
697 5087 895 5164 desunt
922 5090 1066 5164 apud
1095 5087 1309 5164 Socrat.
1348 5101 1400 5148 et
1432 5093 1642 5159 Gelas.,
1673 5103 1727 5150 et
1757 5087 1901 5163 apud
1941 5094 2066 5164 Epi-

497 5160 752 5231 phanium
780 5157 1199 5225 Scholasticum,
1221 5163 1315 5231 qui
1335 5165 1518 5218 omnia
1545 5157 1785 5220 miscuit.

567 5229 678 5300 (56)
709 5227 947 5301 _Socrat.,
1011 5227 1317 5296 Ἰουλιανός.
1353 5233 1477 5288 Mox
1510 5235 1665 5301 illud,
1692 5235 1746 5287 οἵ
1786 5251 1917 5287 ποτε
1948 5234 2065 5289 διά-

495 5299 660 5371 κονοι,
691 5299 890 5371 desunt
922 5302 1066 5371 apud
1098 5301 1313 5358 Socrat.
1346 5313 1401 5358 et
1427 5304 1608 5360 Gelas.

564 5368 686 5446 (57)
702 5368 792 5424 Sic
817 5368 975 5446 Soch
993 5380 1046 5427 et
1061 5371 1242 5446 Gelas.
1259 5374 1335 5446 At
1353 5373 1509 5446 Beg.,
1529 5375 1712 5430 minus
1730 5383 1898 5437 recte,
1913 5376 2067 5446 παρὰ

493 5443 614 5516 ταῖς
641 5439 908 5516 Τραφαῖς.
939 5440 1070 5516 Post
1100 5443 1216 5496 ἔστι
1250 5439 1648 5516 ταῦταξϐυιοε.
1685 5447 1845 5499 habet
1887 5439 2063 5516 δόγμα

507 5510 715 5590 Ἀρείου
750 5526 763 5560 :
799 5527 919 5580 qua:
947 5514 1121 5590 _verba
1151 5530 1276 5590 cum
1307 5515 1374 5569 ad
1409 5515 1636 5590 _modum
1657 5516 1831 5590 _tituli,
1863 5510 1968 5570 vel'
1988 5510 2060 5572 ad

493 5583 794 5652 marginem
853 5583 1058 5652 scripta
1090 5585 1342 5648 fuissent,
1392 5585 1610 5639 demum
1656 5587 1711 5639 in
1745 5595 2059 5642 contextum

2178 4645 2480 4707 stupescat,
2523 4651 2795 4707 auresque
2841 4651 2950 4692 non
2975 4638 3245 4704 obstruat,
3277 4645 3334 4692 ut
3362 4652 3429 4692 ne
3467 4636 3743 4707 ejusmodi

2170 4883 2375 4970 cog
2397 4883 2532 4967 Θεοῦ
2567 4884 2950 4970 Σοφίαοηιῐυιία
2976 4904 3138 4970 quem
3172 4888 3443 4970 Epipban:
3471 4891 3743 4970 Scliolast.

2172 4955 2272 5077 ssic,
2296 4953 2513 5075 _Et‘fpse
2539 4965 2589 5009 et
2613 4953 2871 5011 exsistat;
2889 4958 2941 5011 in
2956 4953 3168 5029 proprio
3197 4953 3296 5015 Dei
3323 4960 3488 5016 Verbo
3511 4971 3560 5016 et
3576 4963 3630 5016 in
3650 4963 3747 5018 Dei

2218 5039 2372 5092 apteu
2401 5041 2473 5078 ta.

2245 5094 2358 5216 (59)
2413 5095 2623 5177 podex.
2653 5093 2852 5177 Leonis
2899 5097 3098 5164 Allat.,
3153 5099 3406 5172 ἀόρατος.
3470 5101 3740 5173 Epiphan.

2178 5161 2247 5217 Sc
2271 5166 2386 5217 tol..
2415 5165 2714 5217 mvtstbtlts.

2220 5165 2386 5230 cltol.,
2415 5165 2714 5222 invisibilis.
3224 5165 3236 5172 '
3516 5165 3533 5173 -
3574 5165 3591 5172 -

2220 5234 2364 5314 .(60).
2410 5237 2654 5314 Τέλεξῳς
2697 5236 2850 5293 ἀθεεὶ
2887 5237 3032 5308 apud
3065 5237 3245 5296 Gelas.
3293 5239 3416 5296 Mox
3458 5240 3602 5298 idem
3648 5244 3744 5298 καὶ

2170 5306 2288 5376 γὰρ
2305 5306 2470 5376 αὑτοῦ
2503 5307 2625 5375 τήν.

2241 5373 2354 5444 (61)
2390 5373 2624 5444 Socrat.,
2654 5375 2743 5428 ναὶ
2767 5375 3007 5432 δύναται.
3037 5378 3245 5443 Gelas.,
3273 5381 3354 5433 ὅτι
3381 5380 3468 5434 ναὶ
3491 5380 3738 5438 δύναται.

2169 5443 2304 5529 Ibid.
2338 5443 2750 5529 codex'Leo‘nis
2791 5446 2978 5510 Allat.,
3028 5444 3386 5529 οἶετρεπῆς
3417 5451 3738 5529 ἱὸν-φυσεως

2167 5516 2262 5568 καὶ
2313 5515 2588 5586 γεννητὸς.
2631 5514 2731 5569 Cui
2781 5527 3048 5589 consonat
3095 5514 3375 5589 Epiphan'.’
3426 5514 3738 5588 Schblast.,

2167 5594 2422 5654 tanquam
2450 5595 2642 5659 natura
2671 5586 3023 5659 conpertigitis
3045 5586 3325 5655 exsistens,
3360 5591 3532 5659 factus
3585 5586 3738 5647 aiunt

493 5651 756 5735 translata
790 5661 917 5735 sunt
941 5651 1220 5735 {quorum
1273 5655 1392 5735 loco
1424 5654 1768 5735 Florentinus
1816 5656 1988 5735 codex
2025 5673 2056 5711 a
2161 5667 2208 5708 et
2240 5651 2591 5735 conpertipilis
2627 5665 2724 5709 est.
2765 5654 2867 5710 Ubi
2899 5655 3134 5735 Sperat“
3167 5662 3260 5735 καὶ
3306 5651 3536 5735 τρεπτὸς
3554 5664 3736 5735 67:02p-

493 5721 985 5798 Valesio_laudatus
1009 5721 1347 5798 habenam;
1361 5725 1643 5798 φρονοῦσιν
1691 5726 1977 5798 Ἀρειανοί.

696 5788 935 5878 ξοοεξιιζ,
970 5795 1065 5878 καὶ
1095 5795 1256 5878 apag;
1294 5788 1810 5878 agiloldex-Leon'is
1846 5794 2050 5878 All'atii,

490 5863 584 5917 καὶ
607 5862 768 5928 αὐτὸς
807 5862 862 5916 δὲ
890 5862 964 5918 ὢν
996 5867 1051 5918 ὲν
1091 5865 1165 5935 τῷ
1192 5865 1304 5937 ἰδίῳ
1338 5865 1430 5919 τοῦ
1469 5866 1603 5920 Θεοῦ
1652 5867 1827 5940 Λόγῳ,
1867 5868 1960 5921 καὶ
1993 5867 2050 5922 ὲν

2162 5693 2208 5708 υ.
2240 5693 2590 5709 υυηνωηυηισ
2627 5693 2724 5709 νυ..
2768 5693 2867 5710 υυι
2899 5693 3134 5725 υυιιιαι.,
3169 5693 3260 5714 nat.
3306 5693 3333 5715 τι.
3375 5693 3532 5726 ιιιγιυε
3557 5693 3733 5735 umqv-

2162 5743 2292 5796 χων.
2324 5723 2430 5780 Sed
2465 5726 2623 5807 longe
2659 5735 2879 5796 praestat
2915 5727 3068 5800 Regii
3094 5732 3216 5786 cod.
3241 5741 3293 5788 et
3323 5693 3522 5790 (Eelasii
3549 5733 3733 5799 lectio.

2161 5810 2320 5866 quam
2352 5811 2651 5866 sequnnur.

2233 5867 2341 5938 (62)
2377 5867 2567 5922 Socrat
2598 5905 2612 5933 ,
2640 5867 3058 5932 συγκαταμίξαι.
