4132 6466
368 395 474 450 575

1511 389 1569 444 S.
1608 387 2007 444 ALEXAND!“
2047 388 2512 445 ALEXANDRINI

3518 391 3625 448 576

363 503 659 560 verborum
707 498 900 556 sordes
948 512 1113 554 aures
1141 496 1296 554 ’suas
1343 499 1754 554 contaminent?
1805 498 1941 565 Quis

2045 499 2213 565 ἀκοὰς
2245 500 2380 571 βύει,
2413 501 2556 571 ὑπὲρ
2585 501 2678 555 τοῦ
2705 501 2780 573 μὴ
2808 503 2900 556 τὸν
2935 503 3107 574 ῥύπον
3146 503 3350 559 τούτων
3390 505 3498 559 τῶν
3527 509 3623 578 ρη-

363 599 482 652 baac
514 593 743 649 Joannis
772 591 1004 648 audiens
1043 609 1058 644 :
1091 588 1157 644 In
1185 590 1446 661 principio
1475 601 1591 646 erat
1633 591 1859 646 Verbum
1874 592 1941 658 ⁸⁸,

364 687 610 742 homines
631 699 742 739 non
769 683 1120 747 condemnet,
1151 680 1245 752 qui
1269 680 1422 736 aiunt
1449 699 1463 737 :
1499 679 1625 736 Fuit
1651 682 1945 752 aliquando
1981 682 1985 686 ’

361 795 488 835 cum
517 793 628 832 non
653 776 844 833 esset?
881 774 1016 842 Quis
1051 775 1097 830 si
1149 775 1265 830 haec
1310 774 1593 846 Evangelii
1638 776 1803 831 verba
1848 791 1944 831 au-

361 874 478 928 diat
510 889 524 924 :
569 871 883 942 Unigenitus
921 871 1127 936 Filius;
1159 879 1213 927 et
1242 871 1384 926 :Per
1431 872 1601 940 ipsum
1639 870 1786 940 facta
1822 882 1943 926 sunt

361 967 543 1023 omnia
559 965 629 1030 “,
654 965 780 1021 illos
815 980 927 1020 non
971 972 1256 1021 aversetur
1299 965 1416 1020 haec
1463 952 1790 1036 loquentes:
1825 964 1943 1020 Una

362 1061 454 1114 ille
477 1066 563 1115 est
590 1073 656 1113 ex
685 1057 854 1114 rebus
888 1057 1080 1112 factis?
1108 1055 1244 1111 Nam
1270 1058 1366 1128 qui
1409 1065 1590 1128 potest
1618 1074 1725 1114 una
1759 1073 1824 1114 ex
1856 1075 1944 1114 re-

360 1152 464 1206 bus
495 1167 526 1205 a
576 1166 636 1206 se
669 1149 827 1204 factis
867 1164 1010 1214 esse,
1057 1156 1152 1203 aut
1193 1151 1286 1219 qui
1318 1149 1634 1220 unigenitus
1668 1149 1792 1214 erit,
1825 1151 1941 1220 qui,

361 1255 423 1301 ut
456 1245 612 1300 aiunt
641 1245 740 1309 illi,
772 1246 1028 1302 omnibus
1076 1254 1492 1309 annumeratur,
1542 1249 1588 1302 si
1625 1247 1842 1317 quidem
1889 1258 1943 1304 et

363 1337 453 1392 ille
494 1352 584 1392 res
631 1345 715 1391 est
759 1335 904 1390 facta
937 1343 1104 1406 atque
1137 1338 1357 1391 creata?
1394 1336 1681 1402 Quomodo
1727 1354 1795 1393 ex
1831 1354 1941 1394 non

360 1429 704 1485 exstantibus
767 1429 946 1485 factus
994 1430 1087 1485 ille
1143 1428 1329 1496 fuerit,
1389 1447 1515 1486 cum
1563 1430 1726 1486 Pater
1775 1432 1939 1496 dicat,

365 1522 640 1576 Eructavit
666 1539 756 1576 cor
784 1539 957 1576 meum
999 1523 1226 1578 Verbum
1256 1523 1446 1578 bonum
1474 1526 1550 1590 u,°
1580 1536 1654 1592 et,
1687 1525 1769 1578 Ex
1795 1535 1942 1580 utero

363 1623 484 1667 ante
515 1613 818 1682 Luciferum
848 1616 1004 1686 genui
1027 1626 1074 1670 te
1092 1616 1178 1672 “.9
1216 1617 1324 1671 Aut
1357 1618 1632 1686 quomodo
1675 1617 1941 1673 absimilis

363 1705 684 1760 substantiae
732 1703 913 1762 Patris
961 1705 1156 1772 fuerit,
1202 1709 1297 1779 qui
1350 1717 1434 1766 est
1480 1712 1660 1780 imago
1701 1710 1940 1781 perfecta

362 1794 731 1865 splendorque
765 1795 966 1862 Patris,
995 1799 1198 1868 quique
1239 1798 1315 1851 ait
1341 1817 1353 1852 :
1399 1797 1504 1863 Qui
1533 1799 1665 1853 vidit
1687 1817 1786 1865 me,
1809 1801 1942 1854 vidit

2049 595 2232 666 μάτων
2278 593 2484 664 ψαῦσαι
2521 596 2620 666 τῆς
2651 595 2840 667 άκοῆςς
2881 595 2978 659 Τίς
3008 595 3221 651 ἀκούων
3263 597 3508 653 Ἰωάννου
3535 600 3626 655 λέ-

2045 703 2256 755 γοντος,
2320 689 2424 742 Ἐν
2463 686 2620 756 ἀρχῇ
2665 683 2744 758 ἦν
2792 691 2825 742 ό
2861 689 3072 758 Λόγος,
3119 689 3180 742 ού
3225 690 3624 760 καταγινώσκει

2044 779 2247 833 τούτων
2269 779 2554 848 λεγόντων,
2579 776 2688 834 τΗν
2717 798 2846 834 ποτε
2869 781 2957 834 ὅτε
2985 782 3086 836 οὐκ
3105 778 3193 854 ἦν;
3224 785 3398 848 “fixi;
3413 787 3627 840 ἀκούων

2045 872 2102 924 έν
2126 870 2201 941 τῷ
2229 871 2565 944 Εὐαγγελίῳ,
2597 870 2945 943 Μονογενὴς
2991 875 3142 942 Υἱὸς,
3179 877 3292 942 καὶ,
3329 879 3408 930 Δι’
3439 881 3626 935 αὐτοῦ

2043 962 2279 1033 ἐγένετο
2330 965 2546 1029 πάντα,
2595 967 2657 1019 ού
2696 967 2920 1038 μισήσει
2959 968 3181 1032 τούτους
3221 969 3626 1042 φθεγγομένους

2044 1057 2147 1120 ὅτι,
2181 1051 2276 1120 Εἷς
2299 1058 2446 1112 ἐστιν
2468 1058 2574 1113 τῶν
2597 1061 2916 1132 ποιημάτων
2939 1061 3084 1132 (65);
3117 1062 3242 1126 Πῶς
3269 1063 3378 1138 γάρ
3405 1064 3626 1120 δύναται

2043 1142 2124 1211 εἷς
2156 1143 2296 1202 εἶναι
2322 1150 2430 1204 τῶν
2460 1151 2525 1204 δι’
2553 1152 2716 1206 αὐτοῦ
2755 1154 3082 1223 γενομένων,
3110 1153 3142 1226 ἢ
3183 1155 3296 1219 πιῖις
3331 1158 3626 1230 μονογενὴς

2042 1242 2072 1292 6
2121 1241 2234 1303 τοῖς
2276 1243 2408 1294 πᾶσι
2439 1243 2558 1294 κατ’
2601 1242 2845 1305 ἐκείνους
2897 1243 3417 1316 συναριθμούμενος,
3467 1246 3626 1319 εἴπερ

2045 1331 2138 1384 καὶ
2169 1332 2331 1395 αὐτὸς
2366 1333 2572 1404 κτίσμα
2624 1334 2741 1387 ἐστὶ
2788 1335 2881 1388 καὶ
2923 1335 3132 1406 ποίημα
3152 1336 3300 1407 (6.1);
3333 1337 3457 1402 Πῶς
3482 1337 3538 1391 δὲ
3567 1338 3628 1404 ἐξ

2042 1424 2143 1478 οὐκ
2159 1423 2328 1477 ὄντων
2358 1424 2424 1479 ἂν
2443 1425 2549 1496 ετη,
2573 1425 2667 1479 τοῦ
2692 1425 2906 1496 Πατρὸς
2924 1426 3191 1495 λέγοντος·
3229 1428 3626 1496 Ἐξηρεύξατο

2045 1515 2084 1583 ἡ
2107 1514 2323 1584 καρδία
2343 1533 2462 1585 μου
2482 1519 2676 1586 Λόγον
2701 1517 2944 1587 ἀγαθάν·
2973 1517 3086 1570 καίο
3106 1519 3207 1572 Ἐκ
3237 1519 3493 1588 γαστρὸς
3511 1519 3626 1589 πρὸ

2055 1604 2399 1674 Ἑωσφόρου
2460 1605 2763 1674 ἐγέννησά
2819 1624 2892 1662 σε
2909 1623 2927 1670 ;
2962 1609 3033 1660 Ἣ
3087 1608 3204 1672 πῶς
3253 1610 3503 1681 ἀνόμοιος
3557 1615 3625 1682 τῇ

2041 1697 2198 1769 ούσξᾳ
2223 1697 2317 1751 τοῦ
2349 1699 2579 1770 Πατρὸς,
2606 1702 2634 1752 6
2656 1698 2732 1753 ὢν
2763 1699 2925 1754 εἰκὼν
2949 1701 3130 1755 τελεία
3167 1705 3262 1756 καὶ
3286 1703 3626 1774 ἀπαύγασμα

2042 1789 2136 1842 τοῦ
2179 1790 2413 1860 Πατρὺς,
2447 1793 2546 1845 καὶ
2582 1791 2775 1861 λέγων’
2839 1795 2903 1846 '0
2929 1794 3200 1863 ἑωρακὼς
3247 1794 3372 1864 ἐμὲ,
3405 1794 3625 1865 ἑώρακε

358 1894 411 1938 et
443 1884 659 1940 Patrem
680 1886 775 1943 ⁵³2
819 1886 940 1954 Quo
977 1895 1137 1958 pacto
1170 1889 1218 1944 si
1261 1888 1502 1944 Verbum
1548 1906 1644 1946 seu
1685 1891 1848 1949 Ratio
1889 1903 1942 1948 et

2045 1882 2150 1936 τὸν
2197 1881 2448 1949 Πατέρα;
2499 1881 2623 1945 Πῶς
2672 1883 2729 1936 δὲ
2775 1885 2825 1937 εί
2864 1885 3034 1953 Λόγος
3064 1884 3158 1938 καὶ
3189 1884 3356 1954 Σοφία
3385 1886 3501 1939 ἐστὶ
3530 1886 3623 1940 τοῦ

363 1979 642 2050 Sapientia
660 1979 756 2036 Dei
784 1981 957 2038 Filius
975 1991 1080 2048 est,
1103 1983 1205 2038 fuit
1235 1992 1451 2056 tempus
1478 2001 1604 2041 cum
1630 2001 1741 2042 non
1770 1988 1940 2043 esset?

361 2071 594 2127 Perinde
631 2079 718 2128 est
762 2074 908 2128 enim
941 2089 1003 2130 ac
1039 2076 1086 2130 si
1114 2077 1359 2132 dicerent
1392 2077 1602 2133 :Deum
1646 2079 1941 2149 aliquando

363 2162 592 2220 natione
611 2172 667 2219 et
693 2163 971 2235 Sapientia
999 2168 1265 2224 caruisse.
1299 2167 1403 2234 Qui
1435 2169 1565 2223 item
1589 2169 1726 2224 verti
1760 2175 1940 2222 muta-

356 2256 473 2312 rive
501 2265 698 2328 potest,
730 2258 823 2326 qui
846 2258 922 2312 ait
949 2273 1044 2328 per
1070 2273 1129 2314 se
1158 2260 1378 2330 quidem
1404 2260 1521 2331 ipse
1549 2278 1564 2314 :
1601 2259 1712 2332 Ego
1741 2262 1797 2314 in
1826 2260 1928 2314 Pa-

361 2355 460 2412 tre,
493 2357 545 2400 et
578 2347 745 2402 Pater
771 2349 823 2402 in
854 2365 934 2402 me
971 2351 1053 2413 “;
1093 2358 1166 2416 et,
1211 2349 1322 2420 Ego
1355 2360 1406 2404 et
1442 2350 1609 2406 Pater
1646 2368 1809 2406 unum
1851 2370 1940 2406 su-

2040 1972 2174 2026 Θεοῦ
2221 1976 2251 2026 6
2307 1973 2455 2037 Υἱὸς,
2474 1965 2543 2042 ἦν
2565 1990 2697 2027 ποτε
2745 1975 2835 2028 ὅτε
2868 1976 2967 2028 οὐκ
3017 1971 3114 2048 ἦν;
3161 1972 3310 2030 Ἷσον
3341 1978 3450 2048 γάρ
3479 1979 3626 2032 ἐστιν

2040 2068 2238 2130 αὐτοὺς
2266 2066 2444 2134 λέγειν
2469 2068 2660 2137 ἄλογον
2684 2069 2776 2122 καὶ
2798 2069 2998 2137 ἄσοφόν
3026 2086 3154 2123 ποτε
3182 2070 3274 2123 τὸν
3307 2071 3442 2124 Θεόν
3461 2087 3474 2102 ’
3509 2071 3625 2135 πῶς

2040 2159 2098 2212 δὲ
2133 2159 2364 2230 τρεπτὺς
2421 2159 2514 2212 καὶ
2561 2160 2850 2223 ἅλλοιωτὺς
2885 2161 2914 2212 6
2946 2159 3142 2229 λέγων,
3183 2161 3251 2214 δι’
3283 2161 3476 2214 ἑαυτοῦ
3503 2162 3621 2232 μὲν,

2055 2247 2202 2319 Ἐγὼ
2225 2249 2295 2302 ὲν
2322 2247 2402 2314 τῷ
2423 2251 2624 2319 Harp),
2652 2252 2749 2306 mi
2776 2255 2810 2306 ὁ
2831 2251 3032 2321 Πατὴρ
3058 2252 3128 2306 ἐν
3149 2253 3298 2323 ἐμοί·
3345 2253 3456 2306 καί·
3479 2252 3626 2322 Ἐγὼ

2042 2343 2138 2397 καί
2175 2347 2207 2398 ὀ
2232 2344 2436 2414 Πατὴρ
2457 2346 2525 2399 ἒν
2547 2347 2752 2414 ἐσμεν·
2777 2345 2866 2399 διὰ
2893 2346 2950 2398 δὲ
2982 2344 3077 2398 τοῦ
3116 2347 3420 2418 προφήτουι
3448 2347 3625 2401 Ἰδετέ

362 2456 479 2494 mus
500 2440 545 2471 "
569 2456 588 2494 :
620 2457 718 2511 per
763 2441 1084 2510 prophetam
1121 2457 1253 2497 vero
1283 2459 1295 2495 :
1341 2442 1522 2499 Videte
1548 2461 1650 2511 me,
1692 2446 1817 2514 quia
1848 2463 1940 2515 ego

2045 2451 2134 2502 με,
2173 2433 2264 2488 ὅτι
2311 2435 2426 2505 ἐγώ
2466 2438 2603 2505 ειμι,
2636 2435 2736 2490 καὶ
2761 2438 2874 2490 οὐκ
2904 2436 3260 2505 nudatum;
3290 2437 3354 2489 Εί
3391 2436 3499 2507 γάρ
3531 2437 3624 2491 καὶ

357 2549 494 2598 sum,
520 2541 568 2586 et
617 2549 720 2587 non
753 2533 1034 2590 mutor“?
1059 2532 1192 2588 Nam
1229 2535 1446 2592 etiamsi
1491 2537 1560 2591 ad
1605 2535 1820 2593 Patrem
1860 2538 1942 2592 di—

361 2632 509 2679 ctum
563 2625 695 2680 illud
751 2625 943 2681 referri
1000 2634 1184 2696 queat,
1221 2627 1403 2696 aptius
1454 2635 1637 2684 tamen
1685 2629 1753 2684 de
1802 2627 1943 2683 Filio

354 2716 468 2784 jam
492 2715 716 2781 dicitur,
745 2718 874 2786 quia
906 2733 1029 2772 cum
1064 2717 1244 2773 factus
1277 2718 1440 2773 homo
1474 2720 1566 2781 sit,
1599 2735 1940 2790 nequaquam

363 2813 607 2862 mutatus
639 2816 757 2875 est;
801 2809 918 2870 sed,
961 2817 1020 2863 ut
1062 2810 1138 2863 ait
1167 2809 1563 2880 Apostolus”:
1600 2810 1757 2866 Jesus
1787 2813 1942 2868 Chri-

362 2910 475 2954 stus
515 2901 626 2954 heri
669 2910 718 2955 et
751 2901 923 2965 hodie,
958 2902 1066 2967 ipse
1109 2911 1160 2956 et
1197 2903 1252 2956 in
1282 2904 1504 2960 σακκία.
1553 2903 1686 2969 Quis
1731 2904 1943 2959 induxit

363 2988 486 3043 illos
507 2997 566 3042 ut
581 2989 849 3054 dicerent,
879 3000 1104 3060 propter
1126 3007 1228 3046 nos
1255 2993 1408 3048 illum
1431 2994 1632 3048 factum
1653 3011 1794 3060 esse,
1817 2997 1944 3051 licet

363 3079 568 3136 Paulus
599 3081 749 3136 dicat
770 3083 815 3114 ⁸⁰
855 3102 867 3138 :
900 3082 1127 3153 Propter
1167 3101 1319 3154 quem
1364 3088 1563 3154 omnia,
1593 3097 1642 3142 et
1673 3105 1764 3158 per
1793 3106 1942 3159 quem

363 3171 542 3223 omnia
558 3173 585 3228 .9

2043 2529 2131 2583 ἐπ’
2171 2529 2334 2583 αὐτόν
2358 2545 2443 2591 τις
2490 2529 2582 2581 τὸν
2609 2529 2827 2600 Πατέρα
2852 2528 3073 2582 δύναται
3096 2528 3154 2581 τὸ
3207 2529 3366 2599 ῥητὸν
3417 2529 3622 2600 ἀναφέ-

2046 2635 2180 2692 ρεινο
2224 2617 2362 2672 ἀλλὰ
2391 2616 2793 2690 ἁρμοδιώτερον
2836 2617 2902 2672 ἂν
2933 2619 3016 2688 εἴη
3044 2619 3172 2690 περὶ
3200 2617 3292 2671 τοῦ
3324 2618 3496 2687 Λόγου
3527 2617 3624 2672 νῦν

2044 2712 2354 2784 λεγόμενον,
2384 2712 2466 2764 ὅτι
2501 2711 2597 2764 καὶ
2629 2711 2921 2781 γενόμενος
2963 2711 3251 2783 ἄνθρωπος
3273 2713 3375 2765 οὐκ
3399 2711 3624 2781 ἠλλοίω-

2043 2823 2155 2861 ται·
2190 2806 2304 2860 ἀλλ’
2340 2805 2416 2868 ὼς
2449 2801 2601 2858 εἶπεν
2629 2807 2657 2857 6
2698 2804 3035 2864 Ἀπόστολος·
3097 2805 3336 2871 Ἰησοῦς
3371 2803 3625 2872 Χριστὸς

2046 2899 2189 2969 χθὲς
2218 2899 2315 2952 καὶ
2349 2896 2634 2966 σήμερον,
2666 2900 2699 2950 ό
2731 2897 2916 2963 αὐτὸς
2954 2895 3053 2949 καὶ
3096 2899 3184 2962 εὶς
3216 2895 3358 2962 τοὺς
3384 2895 3621 2960 αἰῶνας·

2045 2991 2130 3055 τίς
2156 2991 2211 3045 δὲ
2243 2990 2353 3061 (65)
2385 2990 2491 3061 ἄρα
2541 2991 2714 3042 εἰπεῖν
2745 2989 2940 3052 αὐτοὺς
2975 2987 3210 3051 ἔπεισεν,
3238 2988 3320 3040 ὅτι
3367 2986 3434 3039 δι’
3473 2987 3626 3058 ἡμᾶς

2046 3084 2261 3152 γέγονε,
2311 3082 2485 3135 καίτοι
2527 3081 2622 3135 τοῦ
2665 3080 2878 3134 Παύλου
2925 3081 3246 3151 γράφοντος·
3303 3079 3382 3132 Δι’
3426 3077 3500 3132 ὃν
3555 3077 3625 3133 τὰ

2047 3176 2264 3242 πάντα,
2299 3176 2395 3230 καὶ
2427 3175 2501 3229 δι’
2524 3172 2595 3232 οὗ
2634 3177 2705 3229 τὰ
2745 3175 2975 3239 πάντα;

433 3262 500 3318 V.
535 3263 694 3330 Quod
747 3273 960 3336 spectat
1001 3275 1184 3323 autem
1239 3269 1387 3324 illam
1438 3286 1632 3327 eorum
1681 3272 1936 3345 blaSphe—

2117 3269 2175 3322 V.
2227 3271 2364 3342 Περὶ
2417 3267 2526 3340 γάρ
2565 3267 2659 3320 τοῦ
2692 3267 3052 3339 βλασφημεῖν,
3102 3269 3184 3322 ότι
3209 3268 3309 3320 ούκ
3348 3266 3489 3320 οἶδεν
3531 3285 3620 3320 τε-

363 3354 528 3408 miam
569 3371 676 3425 qua
714 3355 892 3421 aiunt,
947 3356 1144 3413 Filium
1179 3373 1288 3413 non
1345 3376 1512 3417 nosse
1567 3363 1810 3432 perfecte
1837 3363 1941 3417 Pa-

363 3450 528 3512 trem;
583 3460 926 3515 nequaquam
973 3446 1286 3503 mirandum
1321 3465 1488 3505 :cum
1530 3452 1676 3505 enim
1733 3452 1788 3506 in
1821 3453 1940 3506 ani-

364 3551 512 3590 mum
540 3537 856 3592 induxerint
885 3537 1106 3595 Christo
1135 3541 1336 3595 bellum
1367 3541 1592 3606 inferre,
1626 3554 1942 3613 oppugnant

365 3628 494 3683 item
513 3628 629 3684 haec
656 3629 802 3685 illius
831 3631 995 3686 verba
1029 3647 1042 3683 :
1076 3631 1229 3685 Sicut
1263 3636 1403 3688 novit
1445 3651 1524 3688 me
1556 3634 1740 3700 Pater,
1764 3647 1814 3690 et
1847 3653 1939 3705 ego

364 3735 589 3786 agnoseo
619 3719 840 3774 Patrem
867 3723 936 3776 δι.
965 3721 1200 3780 Proinde
1229 3725 1277 3778 si
1315 3741 1380 3780 ex
1415 3733 1571 3795 parte
1615 3736 1824 3780 tantum
1853 3725 1942 3781 Fi-

366 3812 499 3866 lium
534 3814 687 3868 novit
716 3813 897 3880 Pater,
945 3823 1167 3870 constat
1200 3814 1399 3870 Filium
1432 3833 1542 3872 non
1577 3817 1817 3888 perfecte
1846 3833 1942 3872 co-

367 3918 635 3974 gnoscere
660 3902 898 3960 Patrem.
926 3905 1082 3972 Quod
1128 3908 1176 3964 si
1207 3908 1362 3964 nefas
1391 3910 1458 3964 sit
1490 3910 1564 3964 ita
1611 3911 1780 3980 loqui,
1813 3921 1868 3965 et
1894 3913 1941 3966 si

367 3995 528 4050 Pater
555 3995 794 4065 perfecte
842 3998 994 4052 novit
1023 3997 1252 4068 Filium;
1286 4001 1510 4071 planum
1541 4010 1626 4058 est
1667 4004 1810 4058 sicut
1839 4003 1942 4057 Pa-

365 4095 452 4142 ter
498 4087 734 4144 Verbum
780 4091 931 4146 novit
989 4106 1172 4156 suum,
1225 4092 1452 4162 perinde
1481 4093 1741 4160 Verbum,
1781 4113 1942 4152 suum

368 4191 532 4233 nosse
550 4176 788 4244 Patrem,
815 4179 973 4250 cujus
1003 4181 1190 4254 ipsum
1210 4181 1448 4237 Verbum
1477 4193 1580 4240 est.
1651 4177 1655 4183 ’

439 4267 526 4322 Vl.
565 4268 691 4324 Haec
726 4271 982 4337 dicendo,
1024 4280 1189 4344 atque
1234 4273 1450 4331 divinas
1484 4275 1804 4347 Scripturas
1846 4295 1944 4334 ex-

369 4361 673 4431 planando,
733 4378 1108 4433 saepenumero
1161 4363 1285 4422 illos
1334 4367 1688 4424 convicimus.
1738 4369 1941 4426 Verum

369 4453 468 4518 illi,
486 4456 644 4525 quasi
675 4455 1118 4523 cbamaaleontes,
1151 4465 1360 4513 mutata
1386 4461 1617 4517 subinde
1647 4465 1938 4530 sententia,

367 4547 575 4602 dictum
607 4548 741 4603 illud
773 4549 878 4605 sibi
925 4549 1205 4606 vindicare
1260 4552 1510 4608 nituntur
1541 4574 1554 4610 :
1591 4555 1794 4625 Impius
1823 4575 1941 4612 eum

2045 3358 2204 3422 λείως
2234 3360 2263 3411 6
2306 3357 2432 3422 Υἱὸς
2479 3359 2570 3412 τὸν
2614 3358 2854 3430 Πατέρα,
2903 3359 2964 3411 ού
2985 3359 3064 3412 δεῖ
3107 3358 3426 3429 θαυμάζειν·
3476 3358 3626 3424 ἆπαξ

2046 3451 2154 3522 γὰρ
2179 3451 2502 3523 προθέμενοι
2519 3453 2924 3523 χριστομαχεῖν,
2950 3452 3386 3522 παρακρούονται
3412 3451 3622 3513 καὶτὰς

2047 3543 2228 3613 φωνάς
2248 3541 2412 3596 αὐτοῦ
2431 3542 2696 3610 λέγοντοςο
2723 3543 2925 3609 Καθὼς
2949 3542 3223 3612 γινώσκει
3233 3561 3311 3611 με
3335 3547 3367 3597 ό
3397 3543 3620 3612 Πατὴρ,

2047 3635 2209 3706 κάγὼ
2240 3635 2510 3707 γινώσκω
2534 3634 2642 3689 τὸν
2668 3635 2912 3702 Πατέρα.
2947 3637 3009 3688 Εἰ
3046 3636 3144 3706 μὲν
3167 3633 3257 3690 οὖν
3277 3639 3342 3690 ὲκ
3375 3637 3572 3707 μέρους
3591 3641 3622 3691 ὁ

2047 3729 2238 3801 Πατὴρ
2282 3727 2539 3798 γινώσκει
2581 3727 2674 3780 τὸν
2720 3725 2867 3792 Υίὺν,
2905 3727 3062 3798 δῆλον
3093 3729 3174 3782 ὅτι
3206 3730 3298 3782 καὶ
3321 3731 3350 3782 6
3386 3729 3513 3793 Υἱὸς
3547 3728 3621 3799 μὴ

2046 3820 2265 3884 τελείως
2283 3821 2596 3889 γινωσκέτω
2617 3817 2726 3890 (66)
2742 3818 2833 3871 τὸν
2851 3820 3088 3892 Πατέρα.
3112 3821 3174 3874 Εἰ
3189 3821 3244 3874 δὲ
3267 3819 3425 3874 τοῦτο
3447 3820 3622 3888 λέγειν

2046 3913 2106 3966 ού
2142 3912 2319 3984 θέμις,
2365 3909 2472 3966 οἶδε
2520 3913 2576 3965 δὲ
2612 3911 2832 3976 τελείως
2858 3913 2886 3964 ὁ
2927 3913 3117 3984 Πατὴρ
3149 3913 3239 3967 τὸν
3273 3914 3420 3978 Υἱὸν,
3463 3914 3620 3985 δῆλον

2046 4005 2126 4057 ὅτι
2151 4002 2334 4068 καθὼς
2356 4005 2612 4074 γινώσκει
2636 4009 2664 4059 6
2692 4007 2883 4077 Πατὴρ
2901 4005 2993 4060 τὸν
3018 4006 3206 4060 ἑαυτοῦ
3232 4008 3424 4076 Λόγον,
3452 4007 3618 4073 οὕτως.

2049 4097 2144 4150 καὶ
2171 4097 2200 4149 ὁ
2225 4097 2398 4166 Λόγος
2421 4096 2676 4166 γινώσκει
2703 4097 2792 4151 τὸν
2815 4098 3011 4152 ἑαυτοῦ
3039 4099 3280 4171 Πατέρα,
3311 4091 3372 4152 οὗ
3396 4100 3486 4152 καί
3507 4101 3625 4152 ἐστι

2047 4189 2237 4259 Λόγος.

2120 4280 2208 4335 Vl.
2245 4279 2429 4333 Ταῦτα
2451 4279 2701 4348 λέγοντες
2729 4279 2823 4332 καὶ
2851 4279 3290 4344 ἀναπτύσσοντες
3331 4280 3432 4345 τὰς
3472 4281 3615 4345 θείας

2048 4371 2272 4444 Γραφὰς
2299 4370 2558 4433 πολλάκις
2581 4370 2945 4442 ὲνετρέψαμεν
2977 4368 3191 4434 αύτούς.
3226 4371 3335 4424 Καὶ
3361 4371 3521 4423 πάλιν
3547 4370 3620 4429 ὼς

2050 4464 2436 4537 χαμαιλέοντες
2491 4464 2868 4535 μετεϐάλοντο,
2921 4462 3350 4533 φιλονεικοῦντες
3399 4464 3622 4522 ἑαυτοὺς

2049 4557 2344 4629 ὲφελκύσαι
2369 4557 2429 4610 τὸ
2459 4556 2860 4629 γεγραμμένον·
2920 4557 3042 4609 ”’οτ’
3099 4553 3174 4608 ἂν
3205 4556 3352 4622 ἔλθῃ
3395 4553 3612 4622 ἀσεϐὴς

368 4640 423 4692 in
479 4641 800 4710 profundum
857 4643 1084 4709 venerit,
1133 4646 1414 4699 contemnit
1443 4649 1510 4700 ι’.
1568 4650 1752 4704 Multae
1809 4667 1940 4708 sane

2045 4653 2130 4717 εὶς
2151 4647 2344 4714 ,βάθος
2373 4645 2592 4712 κακῶν,
2622 4645 2992 4716 καταφρονεῖ,
3026 4645 3220 4699 Πολλαὶ
3235 4645 3363 4714 γοῦν
3382 4645 3622 4714 αἱρέσεις

369 4739 494 4788 ante
525 4733 647 4788 illos
677 4735 938 4791 exstitere
987 4737 1246 4804 haereses,
1279 4754 1420 4808 quin,
1455 4739 1580 4810 plus
1630 4757 1795 4810 quam
1843 4751 1942 4814 par

2045 4739 2150 4810 πρὸ
2217 4737 2394 4791 αὐτῶν
2439 4737 2743 4806 γεγόνασιν,
2779 4738 2982 4800 αἵτινες
3035 4736 3196 4791 πλέον
3257 4733 3351 4788 τοῦ
3413 4734 3620 4796 δέοντος

368 4831 509 4889 erat,
547 4839 713 4893 ausae,
747 4825 801 4880 in
835 4827 1162 4884 dementiam
1192 4829 1450 4899 collapsa:
1486 4841 1632 4885 sunt.
1665 4831 1734 4885 At
1763 4833 1818 4888 hi
1847 4833 1941 4904 qui

2045 4834 2400 4904 τολμήσασαι,
2429 4830 2782 4884 πεπτώκασιν
2804 4833 2883 4892 είς
2907 4829 3238 4900 ἀφροσύνην.
3271 4820 3428 4880 Οὗτοι
3454 4825 3512 4878 δὲ
3533 4824 3612 4877 διὸ

369 4916 580 4971 voculis
612 4918 728 4974 suis
759 4921 1018 4978 omnibus
1069 4922 1124 4976 id
1155 4923 1478 4986 moliuntur,
1515 4931 1576 4978 ut
1611 4922 1771 4980 Verbi
1803 4926 1942 4982 divi-

2048 4924 2265 4978 πάντων
2313 4921 2522 4976 ἑαυτῶν
2574 4921 2682 4975 τῶν
2731 4919 3014 4992 ῥηματίων
3057 4918 3507 4989 ἐπιχειρήσαντες
3539 4915 3618 4970 εἰς

372 5009 596 5065 nitatem
638 5011 854 5078 tollant,
888 5015 942 5070 id
973 5015 1224 5080 eﬂ’ecere,
1257 5022 1318 5070 ut
1346 5016 1751 5085 quodammodo
1779 5019 1942 5088 justze

2045 5016 2330 5087 ἀναίρησιν
2365 5015 2484 5086 (67)
2515 5013 2729 5086 τῆςτοῦ
2761 5012 2939 5082 Λόγου
2989 5011 3260 5081 θεότητος,
3295 5005 3617 5062 ἐδικαίωσαν

372 5101 688 5158 viderentur
720 5103 846 5170 illm,
879 5121 1002 5162 cum
1035 5107 1261 5177 propius
1297 5105 1400 5176 ipsi
1441 5109 1509 5163 ad
1538 5108 1939 5168 Antichristum

2045 5112 2104 5177 ἐξ
2121 5109 2327 5164 ἑαυτῶν
2346 5109 2557 5172 ὲκείνας
2586 5108 2662 5171 ὡς
2691 5105 2976 5176 ὲγγύτεροι
3003 5104 3096 5157 τοῦ
3131 5100 3499 5172 Ἀντιχρίστου
3526 5113 3607 5165 γε·

3150 5263 3196 5295 ⁸⁸
3225 5262 3387 5319 Joan.
3414 5277 3525 5323 xiv,
3560 5260 3610 5314 9.

490 5261 534 5293 “
561 5261 723 5316 Joan.
760 5278 800 5326 ι,
839 5264 890 5317 1.
986 5264 1032 5294 δ’
1060 5261 1222 5320 Joan.
1251 5279 1304 5333 1,
1347 5264 1434 5327 18,
1463 5263 1521 5322 5.
1604 5270 1650 5302 ⁴³
1680 5268 1830 5325 Psal.
1869 5287 1942 5325 xu

490 5332 584 5386 iid.
620 5335 704 5388 10.
810 5333 854 5364 ⁸⁷
886 5333 1049 5390 Joan.
1081 5351 1147 5390 x.
1180 5335 1270 5390 50.
1375 5343 1419 5367 ‘°
1452 5339 1688 5390 ii'lalach.
1729 5358 1811 5390 ιιι.
1845 5342 1895 5390 (i-

2049 5271 2099 5326 1.
2208 5269 2254 5302 ⁸⁵
2285 5269 2439 5324 Psal.
2471 5284 2593 5334 Clx,
2634 5267 2700 5332 '5;
2735 5267 2894 5323 Hebr.
2919 5281 2959 5331 ι,
2985 5264 3037 5318 3.
3150 5263 3196 5295 ⁸⁸
3225 5262 3387 5319 Joan.
3414 5277 3525 5323 xiv,
3560 5261 3589 5313 9

2045 5347 2049 5371 ’
2086 5341 2248 5390 Hebr.
2283 5357 2402 5390 xm.
2437 5341 2490 5390 8.
2596 5340 2642 5372 ⁵³
2672 5338 2837 5390 Hebr.
2873 5352 2934 5390 ιι.
2970 5335 3057 5390 10.
3163 5337 3206 5366 δι
3236 5336 3398 5390 Joan.
3435 5348 3488 5390 Χ.
3523 5330 3589 5384 15

455 5330 584 5405 ibid,
620 5335 704 5388 10.
810 5333 854 5405 ἒτ
886 5333 1049 5390 Joan.
1081 5351 1147 5399 x,
1180 5329 1300 5390 5οζ
1375 5343 1419 5367 ⁸ο
1452 5339 1688 5395 ιὶἹαιαεΙι.
1729 5358 1811 5405 ιιι,
1845 5342 1896 5397 G.

2045 5347 2049 5371 ⁵
2086 5341 2248 5395 Hebr.
2283 5357 2402 5405 xm,
2437 5341 2490 5396 8.
2580 5329 2642 5372 ’⁵³
2672 5329 2837 5394 Hebr.
2873 5329 3057 5399 ",10.

375 5400 421 5431 “
445 5401 604 5458 Prov.
636 5419 792 5468 xvnt,
819 5404 871 5458 5.

2124 5540 2236 5611 (65)
2277 5538 2434 5594 Socr.
2465 5550 2517 5596 ct
2555 5542 2760 5608 Gelas.,
2815 5542 2868 5595 τί
2900 5541 2977 5596 δέ.
3014 5540 3208 5613 Epiph.
3251 5539 3460 5608 δάιοι,
3494 5559 3604 5613 qua:

2052 5627 2216 5663 causa
2249 5621 2426 5680 putas,
2460 5623 2565 5667 etc.

2121 5679 2493 5754 (6§)’_Socrat.
2523 5693 2576 5737 ct
2612 5683 2818 5749 Gclas.,
2843 5682 3119 5754 γινώσκει.

2116 5749 2228 5827 (67.)
2269 5749 2447 5827 Socr.,
2495 5754 2670 5807 αὐτῶν
2705 5756 2809 5807 τῶν
2854 5749 3119 5826 ’ῥημάτων
3168 5755 3601 5827 ἐπιχειρήσαντες

2044 5827 2155 5888 ταῖς
2191 5823 2515 5894 ἀναιρέσεσι.

450 5541 560 5616 (65)
598 5543 810 5616 Sperat.
843 5551 977 5616 post
1008 5543 1328 5616 ποιημάτων
1359 5544 1521 5600 habet
1552 5546 1580 5598 6
1617 5544 1764 5606 Υἱός.
1794 5542 1942 5598 Idem

379 5612 676 5676 ιιιὶιΙ.,’πῶς
711 5614 768 5666 δὲ
795 5612 1014 5669 δύναται
1044 5612 1160 5679 ἴσος
1195 5612 1354 5678 εἶναι,
1385 5616 1567 5669 minus
1600 5623 1768 5670 recte.

450 5684 561 5754 (64)
594 5683 737 5756 llaec,
758 5687 913 5754 εἴπερ
937 5687 1029 5738 καὶ
1052 5686 1211 5749 αὐτὸς
1236 5685 1439 5756 κτίσμα
1460 5685 1576 5738 ἐστὶ
1591 5686 1686 5756 καὶ
1708 5684 1935 5756 ποίημα,

378 5752 574 5826 desiuit
623 5754 676 5826 in
706 5752 944 5818 Socrat.,
984 5756 1162 5812 Gelas.
1203 5763 1254 5811 ct
1299 5752 1562 5826 Epiphan.
1597 5752 1934 5824 St'ltol.,'Sed

381 5826 435 5881 in
464 5822 594 5896 Reg.
633 5824 900 5891 leguntur.
