4132 6484
508 390 610 445 577

1895 380 2138 436 EPISTO
2147 380 2291 435 LE.-

3646 388 3750 445 578

500 511 726 580 δόμενοι.
746 506 836 563 Διὸ
865 505 959 559 καὶ
973 503 1434 577 ἀπεκηρύχθησαν
1461 500 1554 557 καὶ
1575 500 2058 572 ἀνεθεματίσθησαε

2181 501 2460 556 accedant.
2521 497 2911 567 Quamobrem'
2949 502 3240 574 proscripti
3289 512 3342 559 et
3405 505 3753 567 anathemate

490 605 599 658 ἀπὸ
630 602 728 673 τῆς
770 599 1114 670 Ἑκκλησίας.
1153 596 1482 668 Λυπούμεθα
1508 597 1604 666 μὲν
1628 592 1720 650 οὖν
1745 596 1838 649 ἐπὶ
1867 597 1933 666 τῇ
1965 596 2069 648 ὰπ-

497 695 660 766 ωλείᾳ
700 692 923 747 τούτων’
961 692 1054 744 καὶ
1086 689 1320 761 μάλιστα
1351 689 1432 741 ὅτι
1483 687 1744 757 μαθόντες
1797 689 1930 741 ποτὲ
1975 691 2069 743 καὶ

497 785 647 840 αὐτοὶ
680 783 747 836 τὰ
775 783 877 852 τῆς
916 778 1262 849 Ἐκκλησίας,
1293 775 1389 830 νῦν
1422 777 1799 846 ἀπεπήδησαν·
1831 776 1891 828 οὐ
1925 774 2066 839 ξενι-

497 874 698 946 ζόμεθα
729 873 806 928 δέ’
839 872 997 926 τοῦτο
1033 869 1140 942 γὰρ
1200 870 1294 923 καὶ
1365 869 1649 939 Ὑμεναῖος
1692 869 1788 921 καὶ
1841 867 2066 940 Φιλητὸς

497 967 812 1028 πεπόνθασι,
847 967 941 1020 καὶ
973 965 1079 1037 πρὸ
1113 963 1290 1017 αὐτῶν
1318 963 1516 1026 Ἰούδας
1535 965 1563 1017 6
1591 962 1963 1034 ἀκολουθήσας
1990 963 2068 1034 τῷ

496 1062 724 1130 Σωτῆρι,
751 1057 972 1128 ὕστερον
988 1055 1095 1128 γὰρ
1123 1055 1386 1126 προδότης
1401 1053 1494 1107 καὶ
1519 1053 1829 1123 ἀποστάτης
1855 1052 2064 1122 γέγονε.

496 1153 602 1205 Καὶ
640 1152 768 1222 περὶ
800 1149 1002 1204 τούτων
1028 1150 1086 1202 δὲ
1113 1147 1314 1212 αὐτῶν,
1348 1147 1448 1200 οὐκ
1477 1146 1751 1200 ἀδίδακτοι
1783 1147 2067 1217 μεμνήκα-

495 1260 612 1314 μεν·
654 1242 766 1296 ἀλλ’
795 1243 824 1295 6
856 1242 951 1313 μὲν
981 1240 1187 1313 Κύριος
1213 1239 1528 1310 προείρηκε’
1573 1237 1835 1291 Βλέπετε
1860 1237 1945 1306 μή
1975 1255 2066 1302 τις

494 1333 644 1404 ὑμᾶς
672 1333 988 1402 πλανήσῃο
1045 1333 1262 1387 πολλοὶ
1295 1331 1406 1402 γὰρ
1434 1332 1787 1385 ἐλεύσονται
1844 1330 1938 1383 ἐπὶ
1984 1329 2066 1396 τῷ

492 1428 736 1497 ὀνόματί
755 1445 874 1496 μου
901 1426 1203 1496 λέγοντες,
1234 1426 1322 1478 ὅτι
1351 1425 1464 1494 ἐγιῦ
1494 1427 1632 1494 εῙμι,
1666 1423 1762 1477 καὶ
1794 1425 1827 1475 ὁ
1859 1422 2065 1491 καιρός

493 1521 714 1591 ἧγγικε,
751 1522 850 1575 καὶ
883 1520 1151 1586 πολλοὺς
1179 1518 1564 1586 πλανήσουσι
1585 1535 1599 1548 ο
1615 1517 1703 1586 μὴ
1734 1515 2063 1585 πορευθῆτε

492 1613 682 1665 ὀπίσω
701 1611 917 1666 αὐτῶν.
961 1611 1018 1664 Ὀ
1051 1605 1108 1662 δὲ
1141 1608 1351 1671 Παῦλος
1377 1607 1564 1678 μαθὼν
1591 1605 1764 1660 ταῦτα
1793 1604 1940 1678 παρὰ
1965 1604 2058 1657 τοῦ

491 1703 738 1773 Σωτῆρος
773 1700 1025 1771 ἔγραψε-δ’
1061 1701 1190 1754 ’Ότι
1225 1699 1294 1752 ἐν
1323 1697 1598 1766 ὑστέροις
1638 1695 1863 1766 καιροῖς
1903 1693 2012 1766 (68)
2043 1733 2058 1758 ,

487 1794 943 1861 ἀποστήσονται
989 1811 1148 1859 τινες
1170 1791 1280 1861 τῆς
1329 1791 1723 1861 ὑγιαινούσης
1775 1790 2054 1853 πίστεως,

2175 594 2422 664 percussi
2457 602 2586 649 sunt
2617 595 2685 649 ab
2733 592 2996 650 Ecclesia.
3033 594 3099 648 Et
3129 595 3373 666 quidem,
3430 601 3648 656 tametsi
3683 601 3752 657 de

2172 685 2388 740 illorum
2424 685 2590 740 exitio
2640 685 2911 751 dolemus,
2946 700 3070 740 cum
3113 688 3418 756 praesertim
3452 689 3552 755 illi,
3599 701 3751 763 post-

2170 793 2334 847 quam
2363 775 2623 833 Ecclesite
2670 776 2976 832 doctrinam
3006 777 3349 844 didicissent,
3401 779 3472 834 ab
3503 781 3596 836 illa
3635 783 3748 853 jam

2170 867 2531 935 desciverint;
2591 883 2933 940 nequaquam
2975 877 3157 925 tamen
3207 885 3538 941 magnopere
3583 874 3748 928 mira-

2169 976 2292 1014 mur
2324 979 2337 1014 :
2373 959 2428 1013 id
2461 960 2640 1030 ipsum
2677 961 2823 1015 enim
2867 959 3160 1032 Hymenaeo
3190 961 3417 1032 contigit
3459 970 3515 1018 et
3566 962 3748 1020 Phile-

2167 1056 2223 1102 to
2246 1048 2315 1115 ⁸³,
2346 1059 2399 1104 et
2429 1061 2556 1106 ante
2582 1050 2708 1105 illos
2749 1049 2923 1116 Judae,
2951 1052 3047 1121 qui
3093 1067 3217 1107 cum
3274 1053 3613 1110 Salvatorem
3661 1071 3749 1112 se-

2166 1149 2327 1198 cutus
2367 1151 2534 1206 esset,
2580 1150 2770 1213 postea
2808 1143 3058 1214 proditor
3112 1145 3216 1200 fuit
3271 1155 3435 1218 atque
3477 1148 3746 1206 desertor.

2167 1232 2340 1288 Porro
2387 1235 2454 1289 de
2490 1234 2576 1290 his
2619 1235 2778 1304 ipsis,
2825 1250 3170 1306 nequaquam
3205 1237 3365 1293 nobis
3391 1239 3592 1309 praevia
3625 1255 3746 1294 mo-

2172 1327 2282 1381 nita
2317 1326 2570 1393 defuere;
2604 1327 2685 1382 sic
2710 1327 2857 1382 enim
2891 1327 3152 1398 praefatus
3182 1327 3448 1386 Dominus
3481 1339 3568 1387 est
3596 1350 3610 1386 :
3649 1331 3745 1388 Vi-

2165 1423 2280 1478 dete
2321 1441 2383 1478 ne
2412 1424 2530 1493 quis
2569 1439 2656 1486 vos
2682 1423 2933 1489 seducat;
2971 1423 3132 1476 multi
3159 1425 3298 1478 enim
3325 1428 3528 1480 venient
3558 1429 3614 1481 in
3649 1444 3747 1482 no-

2165 1517 2302 1569 mine
2325 1533 2462 1579 meo,
2494 1516 2744 1580 dicentes,
2772 1516 2897 1587 quia
2919 1531 3012 1586 ego
3042 1532 3159 1570 sum
3191 1533 3210 1569 :
3237 1526 3286 1571 et
3320 1527 3517 1588 tempus
3550 1535 3746 1589 appro-

2164 1609 2458 1678 pinquavit,
2499 1619 2550 1664 et
2577 1610 2773 1664 multos
2811 1608 3058 1664 seducent
3095 1623 3114 1661 :
3145 1609 3309 1665 nolite
3346 1627 3466 1681 ergo
3498 1613 3576 1666 ire
3620 1623 3742 1682 post

2162 1715 2248 1753 eos
2267 1698 2332 1753 ⁸⁵.
2367 1699 2573 1755 Paulus
2600 1708 2780 1755 autem
2812 1700 2927 1754 haec
2955 1715 2985 1753 a
3015 1699 3295 1756 Salvatore
3321 1702 3570 1765 edoctus,
3607 1702 3744 1757 scri-

2165 1792 2274 1862 psit
2311 1791 2493 1858 :Quia
2520 1792 2576 1846 in
2618 1793 2913 1847 novissimis
2957 1794 3277 1862 temporibus
3322 1793 3590 1848 discedent
3625 1795 3744 1864 qui-

489 1885 891 1955 προσέχοντες
911 1885 1209 1953 πνεύμασι
1231 1881 1502 1947 πλανοῖς,
1521 1881 1614 1934 καὶ
1649 1880 2058 1948 διδασκαλίας

2169 1881 2294 1933 dam
2320 1897 2353 1934 a
2375 1898 2510 1936 sana
2532 1882 2654 1952 ﬁde,
2676 1883 2998 1936 attendentes
3025 1883 3297 1952 spiritibus
3324 1885 3545 1948 erroris,
3579 1862 3745 1939 etde-

485 1975 805 2045 δαιμονίων
834 1975 1376 2045 ἀποστρεφομένων
1398 1971 1511 2041 τὴν
1540 1972 1848 2040 ἀλήθειαν.

557 2069 668 2126 VII.
701 2068 807 2125 Τοῦ
842 2069 1019 2123 τοίνυν
1046 2067 1253 2140 Κυρίου
1287 2067 1382 2121 καὶ
1412 2066 1661 2137 Σωτῆρος
1683 2065 1840 2136 ἡμῶν
1885 2063 2062 2136 Ἰησοῦ

485 2157 743 2233 Χριστοῦ,
778 2159 864 2212 διά
892 2175 950 2212 τε
983 2155 1170 2210 ἑαυτοῦ
1201 2155 1686 2228 παραγγείλαντος,
1721 2155 1816 2208 καὶ
1845 2153 1932 2207 διὰ
1970 2153 2062 2206 τοῦ

500 2251 818 2304 Ἀποστόλου
851 2250 1203 2322 σημαίνοντος
1237 2247 1366 2320 περὶ
1401 2247 1508 2300 τῶν
1531 2247 1806 2311 τοιούτων,
1839 2244 2065 2300 ἀκολού-

485 2344 591 2408 θως
630 2346 791 2415 ἡμεῖς
827 2343 1080 2414 αὐτήκοοι
1103 2342 1203 2412 τῆς
1250 2340 1503 2405 ἀσεϐείας
1549 2338 1730 2395 αὐτῶν
1759 2338 2060 2409 γενόμενοι,

483 2435 974 2506 ἀνεθεματίσαμεν,
1009 2433 1152 2488 καθὰ
1183 2433 1536 2504 προείπομεν,
1579 2432 1706 2494 τοὺς
1768 2429 2060 2494 τοιούτους,

483 2525 859 2593 ἀποδείξαντές
912 2543 971 2579 τε
1028 2525 1224 2588 αὐτοὺς
1267 2524 1576 2596 ἀλλοτρίους
1625 2522 1723 2594 τῆς
1769 2521 2064 2590 καθολικῆς

495 2618 821 2688 Ἐκκλησίας
876 2634 934 2670 τε
981 2616 1074 2669 καὶ
1116 2616 1383 2678 πίστεως⁸
1439 2611 1787 2685 ἐδηλώσαμεν
1843 2609 1937 2664 καὶ
1994 2610 2060 2680 τῇ

485 2707 725 2779 ὑμετέρᾳ
775 2706 1088 2778 θεοσεϐείᾳ,
1141 2705 1414 2777 ἀγαπητοὶ
1449 2703 1543 2756 καὶ
1572 2699 1893 2773 τιμιώτατοι
1937 2699 2062 2752 συλ-

482 2801 800 2871 λειτουργοὶ,
853 2799 941 2854 ἴνα
993 2800 1128 2870 μήτε
1177 2797 1329 2860 τινὰς
1396 2795 1455 2862 ἐξ
1508 2793 1687 2848 αὐτῶν
1739 2795 1790 2847 εἰ
1850 2809 2058 2863 προπε-

480 2891 758 2946 τεύσαιντο
811 2891 947 2963 πρὸς
991 2891 1134 2961 ὑμᾶς
1181 2888 1375 2952 ἐλθεῖν,
1454 2885 1838 2958 προσδέξησθε,
1923 2885 2061 2955 μήτε

484 2983 727 3054 Εὑσεϐίῳ
759 2983 792 3054 ἣ
823 2984 991 3055 ἑτέρῳ
1011 2983 1116 3035 τιν).
1141 2982 1405 3053 γράφοντι
1431 2979 1552 3050 περὶ
1576 2975 1753 3031 αὐτῶν
1781 2973 2056 3044 πεισθῆτε.

483 3078 688 3153 Πρέπει
729 3077 836 3148 γὰρ
880 3078 1026 3148 ἡμᾶς
1065 3074 1175 3146 (69)
1223 3072 1582 3145 Χριστιανοὺς
1620 3070 1806 3132 ὄντας,
1848 3067 2060 3130 πάντας

479 3173 605 3237 τοὺς
645 3171 787 3225 κατὰ
819 3169 1056 3242 Χριστοῦ
1093 3167 1352 3236 λέγοντάς
1377 3183 1436 3218 τε
1464 3164 1559 3217 καὶ
1591 3161 1944 3234 φρονοῦντας,
1983 3161 2060 3225 ὡς

479 3259 779 3331 θεομάχους
825 3259 919 3312 καὶ
952 3257 1184 3328 φθορέας
1223 3255 1332 3309 τῶν
1363 3253 1548 3324 ψυχῶν
1595 3250 2053 3322 ἀποστρέφεσθαι,

480 3354 573 3406 κοιλ¹
607 3352 739 3424 μηδὲ
770 3351 870 3406 κᾶν
902 3352 1128 3422 Χαίρειν
1177 3352 1286 3413 τοῖς
1318 3348 1578 3410 τοιούτοις
1619 3346 1818 3414 λέγειν’
1858 3345 1945 3398 ἵνα
1981 3344 2054 3415 μή

479 3461 607 3496 ποτε
639 3443 732 3497 καὶ
754 3445 872 3507 ταῖς
923 3441 1218 3514 ἁμαρτίαις
1268 3439 1446 3494 αὐτῶν
1477 3436 1720 3490 κοινωνοὶ
1749 3433 2052 3506 γενώμεθα,

477 3532 553 3598 ὡς
576 3533 942 3606 παρήγγειλεν
975 3535 1003 3586 6
1042 3533 1309 3604 μακάριος
1373 3530 1644 3601 Ἰωάννης.
1712 3526 2054 3599 Προσείπατε

478 3627 602 3690 τοὺς
626 3625 753 3698 παρ’
774 3626 902 3697 ὑμῖν
934 3623 1214 3694 ἀδελφούς·
1250 3623 1395 3693 ὑμᾶς
1421 3624 1470 3675 οἱ
1501 3621 1598 3673 σὺν
1632 3619 1755 3690 ἐμοὶ
1783 3633 2055 3690 προσαγοο

481 3716 728 3789 ρεύουσιν
739 3755 750 3770 .

752 3828 1204 3898 Ἀλεξανδρείας
1233 3827 1618 3895 πρεσϐύτεροι
1644 3824 1778 3896 (70).

544 3923 846 3988 Κόλλουθος
877 3922 1248 3996 πρεσϐύτερος
1293 3917 1580 3990 σύμψηφός
1627 3919 1742 3987 εἰμι
1789 3917 1904 3978 τοῖς
1961 3931 2053 3984 γε-

473 4018 832 4089 γραμμένοις,
861 4017 956 4070 καὶ
980 4018 1046 4088 τῇ
1083 4014 1396 4085 καθαιρέσει
1443 4011 1654 4083 ’Δρείου
1692 4009 1788 4064 καὶ¹
1817 4008 1925 4062 τῶν
1952 4009 2050 4062 σὺν

471 4110 620 4182 αὐτῷ
643 4111 1052 4181 ἀσεϐησάντων.

482 4201 827 4274 Ἀλέξανδρος
851 4199 1240 4274 πρεσϐύτερος,
1261 4196 1481 4269 ὁμοίως.

469 4297 757 4369 Διόσκορος
788 4293 1176 4368 πρεσϐύτερος,
1205 4291 1425 4362 ὁμοίιος.

468 4391 740 4455 Διονύσιος
773 4388 1161 4460 πρεσϐύτερος,
1189 4383 1412 4456 ὁμοίως.

467 4483 723 4545 Εὐσέϐιος
744 4481 1133 4553 πρεσϐύτερος,
1168 4477 1389 4551 ὁμοίως.

466 4575 812 4647 Ἀλέξανδρος
849 4573 1239 4647 πρεσϐύτερος,
1269 4568 1496 4642 ὁμοίως.

465 4667 736 4739 Νειλαρᾶς
765 4666 876 4737 (71)
909 4665 1295 4738 πρεσϐύτερος,
1330 4662 1550 4733 ὁμοίως.

464 4757 876 4831 Ἀρποκρατίων
904 4755 1293 4826 πρεσϐύτερος,
1322 4753 1542 4825 ὁμοίως.

461 4847 694 4918 Ἀγαθδς
723 4846 993 4919 πρεσϐύτε
1003 4863 1109 4916 ρος.

461 4940 725 5011 Νεμέσιος
754 4937 1143 5011 πρεσϐύτερος.

460 5030 664 5100 Λόγγος
693 5027 964 5102 πρεσϐύτε
973 5045 1080 5099 ρος.

459 5117 710 5183 Σιλϐανὸς
738 5114 1120 5188 πρεσϐύτερος.

461 5211 531 5262 Πε
541 5209 680 5282 ρὼὓς
714 5211 827 5284 (72)
862 5208 1252 5282 πρεσϐύτερος.

2168 1974 2354 2028 ctrinis
2381 1973 2759 2029 dwmoniorum
2789 1977 3059 2029 veritatem
3089 1976 3445 2031 aversantium
3477 1976 3546 2029 ".

2236 2065 2349 2120 Vll.
2392 2065 2528 2120 Cum
2555 2067 2740 2138 itaque
2789 2067 3058 2123 Dominus
3081 2075 3136 2124 et
3165 2066 3416 2123 Salvator
3445 2076 3634 2121 noster
3651 2063 3743 2122 Je-

2167 2177 2261 2218 sus
2286 2161 2542 2217 Christus
2570 2178 2669 2233 per
2695 2177 2754 2218 se
2780 2162 2896 2232 ipse
2923 2162 2999 2216 ita
3028 2161 3368 2233 prmeeperit,
3400 2169 3453 2215 et
3476 2175 3574 2230 per
3596 2157 3744 2230 Apo-

2165 2254 2366 2308 stolum
2388 2269 2477 2310 res
2498 2254 2656 2310 nobis
2683 2253 2997 2324 hujusmodi
3016 2252 3439 2325 signiﬁcaverit;
3465 2253 3590 2322 jure
3615 2265 3740 2317 nos,

2163 2347 2258 2418 qui
2288 2345 2621 2416 impietatem
2656 2346 2872 2400 illorum
2912 2346 3017 2416 ipsi
3049 2360 3234 2400 coram
3278 2343 3608 2408 audivimus,
3637 2343 3740 2398 ho-

2165 2439 2363 2502 mines,
2395 2439 2472 2493 uti
2504 2455 2667 2509 supra
2699 2437 2904 2493 dictum
2930 2445 3036 2503 est,
3082 2438 3424 2493 anathemate
3459 2439 3742 2494 damnavi-b

2163 2544 2308 2593 mus,
2335 2528 2595 2599 ipsosque
2640 2544 2670 2582 a
2713 2527 2981 2583 catholica
3015 2527 3261 2583 Ecclesia
3295 2534 3349 2582 et
3381 2527 3485 2584 fide
3534 2529 3742 2584 alienos

2162 2621 2604 2676 declara'vimus:
2641 2635 2885 2690 remque,
2934 2619 3248 2674 cbarissimi
3291 2627 3456 2690 atque
3506 2620 3741 2676 honora-

2161 2711 2362 2766 tissimi
2398 2711 2785 2776 comministri,
2825 2717 3021 2766 vestrae
3048 2709 3300 2781 religioni
3339 2710 3740 2780 indicavimus;

2164 2811 2223 2857 ut
2249 2819 2316 2859 ne
2343 2803 2611 2874 quosdam
2642 2820 2708 2859 ex
2739 2803 2869 2869 illis,
2905 2805 2950 2858 si
2984 2805 3295 2874 petulanter
3321 2819 3420 2859 vos
3447 2804 3597 2860 adire
3622 2805 3740 2862 ausi

2163 2896 2388 2964 fuerint,
2413 2896 2691 2966 recipiatis
2733 2916 2746 2952 :
2784 2911 2920 2951 neve
2971 2894 3208 2950 Eusebio
3248 2895 3334 2950 vel
3378 2895 3469 2949 alii
3504 2896 3740 2966 cuipiam

2165 2988 2232 3044 de
2260 2989 2369 3043 illis
2399 2989 2467 3042 ad
2495 3003 2596 3043 vos
2626 2987 2912 3051 scribenti,
2958 2986 3116 3042 ﬁdem
3152 2987 3422 3043 habeatis.
3455 2987 3566 3043 Nos
3593 2989 3740 3044 enim

2162 3091 2352 3156 utpote
2381 3083 2728 3138 Christianos
2756 3083 2934 3147 decet,
2983 3097 3177 3137 omnes
3211 3081 3303 3153 qui
3341 3088 3533 3136 contra
3582 3081 3739 3138 Chri-

2162 3190 2304 3235 stum
2335 3179 2635 3249 loquuntur
2662 3185 2756 3231 aut
2790 3178 3052 3242 sentiunt,
3074 3177 3224 3232 velut
3263 3175 3355 3231 Dei
3386 3176 3575 3232 hostes
3616 3175 3738 3230 ani-

2159 3285 2482 3340 marumque
2506 3278 2862 3338 corruptores
2891 3267 3156 3330 aversari,
3189 3281 3252 3320 ac
3280 3282 3350 3322 ne
3377 3267 3595 3337 quidem
3623 3266 3738 3322 Ave

2159 3363 2268 3419 illis
2288 3362 2511 3417 dicere:
2541 3377 2612 3416 ne
2649 3361 2870 3430 quando
2913 3359 3182 3414 scelerum
3231 3357 3475 3427 ipsorum
3508 3358 3736 3428 particio

2159 3469 2253 3525 pes
2282 3453 2477 3516 simus,
2513 3459 2573 3508 ut
2598 3451 2847 3522 praecipit
2886 3449 3083 3506 beatus
3120 3449 3364 3504 Joannes
3385 3449 3455 3504 “.
3490 3448 3737 3505 Salutate

2158 3543 2356 3599 fratres
2392 3543 2488 3614 qui
2529 3543 2812 3598 vobiscum
2849 3547 2978 3597 sunt
3010 3559 3024 3596 :
3051 3554 3150 3596 vos
3199 3540 3294 3610 qui
3344 3555 3558 3594 mecum
3605 3545 3735 3595 sunt

2156 3633 2414 3688 salutant.

2589 3809 2929 3865 Alexandria
2960 3811 3268 3881 presbyteri.

2224 3904 2512 3961 Colluthus
2543 3904 2830 3974 presbyter
2857 3903 3008 3959 hisce
3043 3903 3262 3974 scriptis
3311 3901 3596 3973 suﬂragor,
3629 3915 3730 3957 nec

2155 4014 2264 4055 non
2293 3997 2622 4069 depositioni
2650 3996 2789 4063 Arii,
2822 4011 3125 4068 eorumque
3163 3995 3257 4068 qui
3291 3995 3413 4068 ejus
3438 3992 3732 4066 impietatis

2152 4099 2453 4151 sectatores
2479 4097 2627 4146 sunt.

2153 4182 2457 4240 Alexander
2478 4181 2789 4252 presbyter,
2823 4179 3098 4236 similiter.

2155 4277 2453 4332 Dioscorus
2475 4274 2786 4346 presbyter,
2818 4272 3090 4330 similiter.

2151 4369 2446 4440 Dionysius
2473 4367 2781 4438 presbyter,
2820 4368 3099 4423 similiter.

2151 4461 2424 4516 Eusebius
2449 4459 2757 4531 presbyter,
2782 4461 3054 4514 similiter.

2077 4554 2124 4608 D
2152 4553 2462 4610 Alexander
2487 4552 2792 4624 presbyter,
2820 4551 3090 4606 similiter.
3187 4537 3190 4540 ’

2146 4648 2360 4704 Nilaras
2382 4646 2691 4718 presbyter,
2725 4643 3000 4700 similiter.

2147 4740 2514 4814 Arpocration
2541 4737 2848 4810 presbyter,
2888 4735 3158 4791 similiter.

2147 4835 2395 4906 Agathus
2417 4831 2723 4903 presbyter.

2146 4925 2439 4982 Nemesius
2468 4925 2778 4996 presbyter.
2871 4976 2875 4980 .

2145 5019 2364 5091 Longus
2387 5018 2695 5088 presbyter.

2149 5112 2408 5168 Silvanus
2438 5112 2746 5182 presbyter.

2144 5205 2353 5260 Perous
2385 5203 2692 5274 presbyter.

561 5363 610 5396 ⁸³
633 5363 702 5418 II
724 5365 860 5420 Tim.
893 5381 964 5431 ιι,
996 5365 1083 5421 17.
1132 5366 1179 5396 ⁵⁵
1209 5364 1334 5419 Luc.
1367 5381 1482 5430 XXI,
1511 5365 1566 5421 8.
1644 5364 1689 5396 ⁵⁸
1720 5361 1750 5416 1
1783 5361 1922 5416 Tim.
1947 5376 2024 5427 iv,

2189 5363 2236 5393 ⁸⁸
2269 5360 2336 5414 II
2357 5361 2523 5417 Joan.
2564 5357 2654 5414 lO.

529 5475 642 5616 (68)
680 5479 908 5550 Καιροῖς
935 5480 1086 5538 deest
1113 5479 1256 5552 apud
1288 5479 1468 5536 Gelas.

550 5548 640 5616 69)
682 5547 775 5604 Sic
817 5550 1028 5608 Socrat.
1085 5559 1140 5607 et
1201 5550 1382 5607 Gelas.
1433 5549 1468 5603 li

457 5547 640 5673 regitis)
682 5547 1028 5608 Sie'Socrat.
1085 5547 1163 5607 et'
1201 5550 1382 5607 Gelas.
1433 5549 1594 5623 lieg.,
1637 5551 1803 5622 ὑμᾶς,
1849 5549 2032 5605 minus

2215 5477 2329 5546 (7|)
2368 5476 2576 5539 Gelas.,
2601 5475 2781 5536 Σίλας.
2805 5471 2975 5546 Reg”
3010 5472 3303 5546 Νειλαρᾶς,
3332 5469 3480 5546 quod
3510 5483 3717 5546 nomen

2138 5539 2410 5613 reperitur
2456 5548 2584 5602 item
2621 5547 2676 5600 in
2733 5539 3235 5613 subscriptionibus
3291 5539 3358 5595 ad
3390 5540 3606 5613 apolog.
3632 5541 3714 5613 _S.

2136 5609 2422 5676 Athanasii
2458 5627 2627 5670 contr.
2670 5615 2882 5676 Arium,
2916 5609 3037 5684 pag.
3075 5613 3198 5667 190.
3243 5609 3477 5684 Ὁμοίως
3507 5609 3574 5665 ad
3603 5609 3712 5666 sin-

554 5687 641 5771 70)
682 5687 1261 5771 Hmnsubscriptiones
1317 5692 1590 5771 habentur
1638 5697 1849 5771 tantpm
1885 5688 2026 5761 apud
2134 5689 2512 5771 gulannolmiina
2539 5687 2737 5771 legitur
2765 5683 2907 5767 apud
2941 5683 3243 5740 Gelasium.

529 5689 641 5812 (70)
682 5689 776 5744 Ha:
827 5690 1261 5762 subscriptiones
1317 5692 1590 5747 habentur
1638 5697 1849 5746 tantum
1885 5689 2026 5761 apud

455 5758 731 5881 asnum
779 5760 1128 5832 Cyzicenum,
1166 5763 1262 5819 sed
1309 5763 1508 5817 mirum
1557 5761 1611 5815 in
1651 5761 1877 5832 modum
1907 5776 2027 5815 mu-

457 5839 579 5884 tuae.

2207 5760 2318 5831 (72)
2355 5759 2562 5825 Gelas.,
2594 5758 2869 5827 Πιρωούς.
