4132 6464
436 311 537 370 581

1084 430 1370 486 Διάκονοι.

432 541 722 613 Σαραπίων
753 541 1018 608 διάκονος,
1051 542 1273 613 ὁμοίως.

443 635 674 700 Ἰοῦστος
709 635 975 702 διάκονος,
999 635 1220 708 ὁμοίως.

429 727 659 799 Δίδυμος
690 728 955 793 διάκονος.

429 818 739 890 Δημήτριος
769 818 1037 882 διάκονος.

427 910 654 982 Μαῦρος
685 910 950 976 διάκονος.

442 1001 791 1074 Ἀλέξανδρος
823 1003 1086 1066 διάκονος.

426 1095 656 1166 Μάρκος
680 1095 948 1159 διάκονος.

427 1188 629 1258 Κόμων
654 1186 917 1253 διάκονος.

427 1278 661 1352 Τρύφων
689 1280 955 1346 διάκονος.

438 1371 750 1444 Ἀμμώνιος
774 1373 1042 1438 διάκονος.

426 1464 656 1537 Δίδυμος
687 1466 950 1531 διάκονος.

426 1559 773 1631 Πτολλαρίων
799 1559 1063 1625 διάκονος.

426 1651 600 1723 Σερὰς
630 1653 893 1718 διάκονος.

426 1743 584 1807 Γάϊος
609 1744 874 1809 διάκονος.

435 1834 607 1906 Ἱέραξ
629 1836 893 1901 διάκονος.

419 1927 645 1999 Μάρκος
678 1929 940 1992 διάκονος.

343 2084 354 2095 ο
421 2018 531 2089 (8ο)
560 2019 775 2087 Θεωνᾶς
800 2022 1061 2085 διάκονος.

418 2111 719 2183 Σαρμάτων
758 2114 1018 2180 διάκονος.

416 2202 661 2274 Κάρπων
679 2204 942 2273 διάκονος.

415 2291 614 2361 Ζώῖλος
646 2297 910 2370 διάκονος,
936 2301 1153 2370 ὁμοίως.

1864 317 2246 377 EPISTOLE.

2020 2469 2084 2483 ρ-

1998 2574 2089 2631 ΙΙΙ.

3595 352 3702 408 58?.

2785 437 3026 496 Diaconi.

2120 543 2388 617 Sarapion
2414 546 2703 614 diaconus,
2735 550 3011 609 similiter.

2116 634 2308 694 Justus
2335 638 2625 708 diaconus,
2653 641 2929 700 similiter.

2117 726 2381 800 Didymus
2409 730 2697 789 diaconus.

2118 819 2427 878 Demetrius
2452 823 2741 884 diaconus.

2117 910 2342 968 Maurus
2370 912 2657 972 diaconus.

2114 1000 2426 1059 Alexander
2447 1004 2734 1063 diaconus.

2116 1092 2335 1151 Marcus
2365 1095 2653 1153 diaconus.

2113 1182 2325 1239 Comon
2352 1184 2638 1243 diaconus.

2114 1273 2375 1347 Tryphon
2399 1277 2687 1337 diaconus.

2112 1369 2437 1426 Ammonius
2460 1370 2746 1429 diaconus.

2114 1457 2377 1530 Didymus
2401 1460 2687 1521 diaconus.

2108 1547 2411 1608 Ptollarion
2438 1553 2725 1614 diaconus.

2112 1639 2276 1699 Seras
2305 1643 2588 1704 diaconus.

2109 1733 2279 1792 Gaius
2305 1736 2595 1798 diaconus.

2034 1800 2078 1854 Β
2110 1823 2312 1881 Hierax
2339 1828 2628 1889 diaconus.

2110 1916 2330 1977 Marcus
2350 1922 2634 1983 diaconus.

2110 2011 2364 2071 Theonas
2387 2015 2670 2076 diaconus.

2111 2105 2403 2167 Sarmaton
2428 2111 2716 2171 diaconus.

2109 2196 2325 2272 Carpon
2359 2202 2646 2262 diaconus.

2108 2288 2294 2351 Zoilus
2324 2294 2613 2365 diaconus,
2646 2298 2920 2358 similiter.

1392 2709 1550 2783 Apud
1574 2713 1816 2771 eumdem
1844 2714 2208 2773 Athanasium
2248 2712 2382 2771 ibid.
2412 2728 2537 2784 pag.
2568 2710 2699 2770 596.

855 2842 1264 2897 ΚΑΘΑῙΡΕΣΙΣ
1290 2844 1546 2903 ΔΡΕΙΟΥ

310 2988 316 2995 ·
412 2958 513 3014 καὶ
558 2959 675 3013 τῶν
715 2958 838 3013 σὺν
876 2959 1055 3034 αὐτῷ,
1102 2960 1222 3034 ὑπὸ
1250 2959 1668 3034 ηἈλίεξάνδρου
1719 2963 1989 3034 ἀρχιεπι-

822 3033 1057 3085 cruda-mu
1100 3031 1570 3101 Ἀλεξανδρείας.

2619 2841 2985 2900 DEPOSITIO
3021 2844 3165 2899 ΔΒΗ

2093 2969 2143 3016 et
2168 2960 2434 3017 sociorum
2458 2958 2522 3014 ab
2548 2957 2854 3016 Alexandro
2884 2958 3229 3017 Alexandria:
3266 2964 3675 3039 archiepiscopo.

494 3122 854 3196 Ἀλέξανδρος,
888 3122 1279 3197 πρεσϐυτέροις
1320 3096 1414 3178 καὶ
1442 3096 1707 3189 διακόνοις
1748 3125 1984 3191 Ἀλεξαν-

2165 3120 2497 3186 Alexander,
2545 3119 2885 3192 presbyteris
2926 3120 3287 3195 diaconisque
3329 3125 3678 3185 Alexandriae

408 3216 593 3288 δρείας
622 3216 714 3270 καὶ
742 3216 1064 3288 Μαρεώτου,
1092 3216 1283 3289 παρὼν
1316 3216 1581 3289 παροῦσιν
1605 3216 1741 3289 (81),
1766 3218 1993 3290 ἀγαπη-

407 3311 522 3374 τοῖς
549 3294 797 3379 ἀδελφοῖέ
823 3311 881 3364 ἐν
902 3309 1090 3381 Κυρίῳ
1123 3309 1355 3382 χαίρειν.

478 3400 545 3454 Ei
576 3401 671 3454 καὶ
703 3399 1006 3468 φθάσαντες
1042 3398 1395 3471 ὑπεγράψατε
1427 3394 1510 3463 οἷς
1551 3398 1838 3455 ἐπέστειλα
1878 3403 1990 3466 τοῖς

408 3493 539 3563 περὶ
571 3493 821 3563 Ἀρειον,
875 3490 1196 3564 προτρέπων
1237 3492 1454 3557 αὐτοῖς,
1496 3492 1834 3565 ἀρνήσασθαι
1891 3494 1990 3566 μὲν

407 3583 508 3656 τὴν
537 3584 811 3650 ἀσέϐειαν,
842 3584 1126 3655 πεισθῆναι
1161 3583 1219 3637 δὲ.
1248 3586 1313 3656 τῇ
1348 3584 1666 3660 ὑγιαινούσῃ
1692 3585 1789 3640 καὶ
1826 3585 1989 3642 καθο-

407 3674 530 3747 λικῇ
558 3676 769 3730 πίστει·
806 3677 902 3731 καὶ
935 3675 1170 3742 ἐδείξατε
1215 3676 1424 3732 ἑαυτῶν
1463 3676 1630 3751 ὀρθὴν
1657 3677 1757 3751 τὴν
1791 3679 1988 3752 προαί-

408 3783 579 3838 ρεσιν,
615 3767 711 3821 καὶ
738 3766 836 3839 τὴν
883 3769 942 3822 ὲν
970 3770 1082 3832 τοῖς
1113 3767 1347 3839 δόγμασι
1394 3770 1714 3841 συμφωνίαν
1757 3770 1858 3842 τῆς
1889 3788 1989 3825 κα-

405 3855 625 3929 θολικῆς
649 3858 973 3930 Ἐκκλησίας
988 3876 1001 3890 ο
1018 3859 1169 3931 ὅμως
1189 3859 1374 3932 ἐπειδὴ
1400 3861 1654 3934 καὶπρὸς
1671 3862 1798 3927 τοὺς
1823 3863 1989 3918 ἁπαν-

401 3948 569 4021 ταχοῦ
631 3950 1076 4023 συλλειτουργοὺς
1144 3952 1432 4008 ἐπέστειλα
1492 3954 1622 4027 περὶ
1679 3954 1790 4009 τῶν
1857 3958 1988 4029 περὶ

408 4043 644 4116 Ἀρειον,
687 4043 980 4113 ἀναγκαῖον
1019 4045 1332 4118 ἡγησάμην,
1375 4047 1519 4118 ὑμᾶς
1562 4048 1682 4120 μὲν,
1715 4050 1841 4114 τοὺς
1888 4051 1986 4123 τῆς

405 4133 614 4199 πόλεως
639 4135 934 4208 κληρικοὺς
956 4140 1284 4206 συναγαγεῖν
1305 4155 1319 4168 ·
1347 4138 1493 4210 ὑμᾶς
1514 4138 1593 4205 δὲ,
1616 4140 1745 4204 τοὺς
1762 4141 1869 4195 ἀπὸ
1889 4140 1984 4195 τοῦ

402 4227 701 4299 Μαρεώτου
760 4227 1243 4300 μεταπέμψασθαι·
1289 4230 1523 4302 μάλιστα
1571 4233 1655 4286 ὅτι
1700 4233 1795 4304 ἀφ’
1831 4233 1985 4305 ὑμῶν

401 4319 591 4394 Χάρης
622 4322 716 4375 καὶ
757 4322 956 4386 Πιστὸς
983 4321 1092 4395 (82)
1120 4321 1506 4395 πρεσϐύτεροι,
1542 4325 1638 4379 καὶ
1670 4326 1982 4397 Σαραπίων,

401 4412 493 4465 καὶ
512 4413 854 4486 Παράμμων,
881 4415 977 4469 καὶ
995 4414 1264 4486 Ζώσιμος,
1292 4416 1389 4471 καὶ
1410 4417 1698 4488 Εἰρηναῖος
1724 4416 1980 4483 διάκονοι,

2093 3223 2147 3270 et
2165 3213 2439 3279 Mareotae,
2466 3226 2709 3284 praesens
2732 3213 3114 3284 praesentibus,
3135 3215 3350 3274 dilectis
3369 3217 3426 3273 in
3445 3217 3679 3277 Domino

2093 3306 2377 3372 fratribus,
2402 3305 2664 3361 salutem.

2160 3398 2316 3455 Licet
2341 3397 2456 3469 jam
2489 3396 2929 3468 subscripseritis
2963 3396 3164 3455 litteris
3190 3401 3326 3457 meis
3367 3401 3438 3457 ad
3481 3404 3677 3461 Arium

2091 3504 2332 3560 suosque
2362 3489 2570 3554 missis,
2604 3488 2807 3559 quibus
2845 3488 3107 3545 hortabar
3146 3491 3291 3557 illos,
3324 3500 3384 3547 ut
3409 3494 3678 3566 abnegata

2092 3580 2388 3652 impietate,
2421 3595 2570 3637 sanae
2607 3588 2663 3635 et
2689 3579 2978 3635 catholica:
3003 3580 3129 3636 ﬁdei
3183 3582 3627 3655 obtemperarent
3657 3607 3672 3643 :

2089 3684 2264 3742 eaque
2317 3671 2376 3726 in
2418 3684 2483 3726 re
2526 3678 2739 3726 rectum
2776 3671 3119 3742 propositum
3148 3681 3414 3741 vestrum,
3458 3692 3676 3734 necnon

2090 3760 2350 3820 Ecclesiae
2392 3762 2677 3818 catholicae
2721 3762 2871 3817 circa
2921 3760 3175 3835 dogmata
3229 3769 3672 3835 consonantiam,

2089 3855 2268 3925 palam
2298 3853 2572 3923 feceritis;
2614 3861 2857 3909 attamen
2900 3853 3031 3925 quia
3060 3855 3318 3913 omnibus
3355 3857 3521 3913 etiam
3552 3860 3676 3915 ubi-

2089 3962 2196 4019 que
2227 3954 2499 4002 terrarum
2521 3947 2958 4031 .comministris,
2985 3963 3107 4019 quae
3139 3948 3334 4004 Arium
3382 3950 3674 4022 sociosque

2087 4041 2208 4111 ejus
2237 4048 2487 4112 spectant
2513 4039 2716 4097 litteris
2744 4041 3086 4113 signiﬁcavi;
3112 4059 3344 4100 necesse
3366 4044 3520 4110 duxi,
3547 4061 3672 4111 vos,

2089 4131 2243 4187 urbis
2268 4131 2525 4197 clericos,
2557 4145 2888 4199 convocare,
2924 4147 3023 4188 vos
3059 4132 3190 4188 item
3219 4131 3549 4189 Mareoticos
3582 4149 3675 4189 ar-

2086 4236 2342 4280 cessere:
2373 4223 2675 4293 praesertim
2718 4237 2845 4278 cum
2877 4237 2946 4278 ex
2976 4222 3137 4279 vobis
3167 4222 3374 4280 Chares
3399 4233 3455 4279 et
3485 4222 3673 4282 Pistus

2085 4317 2428 4390 presbyteri:
2482 4316 2774 4388 Sarapion,
2804 4315 3156 4381 Parammon,
3189 4315 3441 4373 Zosimus
3481 4324 3537 4373 et
3559 4316 3673 4375 Ire-

2091 4426 2243 4468 naeus
2271 4411 2510 4477 diaconi,
2544 4410 2614 4465 ad
2646 4409 2763 4464 Arii
2791 4416 2978 4479 partes
3009 4408 3351 4477 transierint,
3382 4416 3546 4480 atque
3572 4425 3672 4467 vo-

398 4478 849 4574 ἐπηκολούθήσαν
869 4507 983 4569 τοῖς
1011 4478 1401 4577 περὶ-Ἀρειον,
1436 4478 1545 4561 κάκ’
1557 4478 1853 4579 ἠγάπησαν
1884 4478 1981 4563 σὺν

2085 4506 2289 4561 luerint
2335 4504 2536 4576 deponi
2586 4518 2711 4560 cum
2751 4478 2892 4571 illis;
2937 4508 2998 4557 ut
3028 4508 3161 4558 nota
3201 4502 3314 4559 sint
3363 4478 3518 4559 vobis
3547 4519 3670 4574 quae

397 4594 581 4656 αὐτοῖς
625 4592 1016 4665 καθαιρεθῆναι
1034 4612 1049 4627 ο
1105 4596 1191 4650 ἵνα
1250 4598 1371 4671 καὶΔ
1396 4596 1466 4652 τὰ
1514 4596 1609 4652 νῦν
1655 4598 1979 4671 γραφόμενα

397 4683 593 4754 γνῶτε,
620 4684 724 4755 τήν
750 4701 812 4737 τε
850 4685 909 4739 ὲν
950 4686 1160 4750 τούτοις
1195 4663 1511 4759 συμφῶνίαν
1540 4689 1747 4744 ἑαυτῶν
1775 4689 1979 4744 ἐπιδεί-

397 4777 583 4849 ξησθε,
618 4777 713 4831 καὶ
741 4779 809 4849 τῇ
839 4776 1155 4850 καθαιρέσει
1184 4778 1292 4833 τῶν
1338 4780 1468 4852 περὶ
1494 4782 1713 4853 Ἀρειον
1741 4782 1836 4837 καὶ¹
1868 4782 1978 4839 τῶν

398 4869 526 4942 περὶ
554 4868 756 4924 Πιστὸν
780 4867 1064 4941 σύμψηφοι
1092 4869 1346 4942 γένησθε.
1384 4871 1592 4943 Πρέπει
1619 4874 1729 4947 γὰρ
1754 4872 1824 4928 τὰ
1846 4874 1977 4947 παρ’

394 4960 532 5033 ἐμοῦ
575 4962 896 5035 γραφόμενα
936 4960 1223 5031 γινώσκειν
1263 4964 1429 5035 ὑμᾶς,
1471 4966 1565 5019 καὶ
1606 4965 1854 5033 ἕκαστον,
1901 4966 1979 5031 ὡς

396 5054 526 5127 παρ’
560 5053 725 5111 αὑτοῦ
759 5055 1103 5128 γραφόμενα,
1130 5056 1187 5111 ὲν
1208 5058 1275 5130 τῇ
1303 5056 1498 5131 καρδίᾳ
1529 5057 1802 5130 κατέχειν.

467 5279 580 5351 (80)
593 5280 911 5355 Hiqualuor
929 5281 1461 5355 postremi,_0ewvﬁ.¢,
1479 5280 1803 5353 Σαρμάτων,
1820 5280 1975 5355 Κάρ-

396 5367 534 5415 πων,
556 5352 776 5418 Ζώῖλος,
807 5352 1008 5410 desunt
1034 5353 1178 5423 apud
1203 5352 1506 5408 Galasium.

469 5422 583 5496 (81)
614 5423 826 5493 Παρὼν
851 5420 1175 5493 παροῦὰιν.
1209 5423 1518 5494 Singularis
1559 5421 1816 5496 loquendi
1861 5420 1976 5478 for-

396 5494 579 5639 ωἳίξέ)
617 5560 773 5622 Hunc
797 5562 1009 5622 Pistum
1052 5580 1179 5625 esse
1217 5572 1476 5639 putamus
1504 5563 1601 5639 qui
1629 5562 1973 5622 Alexandriae

2079 4600 2194 4670 jam
2237 4599 2443 4671 scripta
2471 4606 2620 4664 sunt,
2654 4604 2825 4668 utque
2864 4602 3106 4653 vestram
3136 4595 3194 4651 in
3231 4595 3386 4652 hisce
3437 4612 3669 4653 concor-
3764 4612 3769 4617 '

2083 4693 2231 4748 diam
2276 4692 2587 4761 declaretis,
2633 4704 2699 4746 ac
2748 4688 3079 4762 depositioni
3124 4688 3262 4755 Arii,
3311 4687 3447 4745 Pisti
3490 4690 3669 4747 socio-

2081 4800 2315 4859 rumque
2349 4783 2670 4858 suﬂragium
2692 4781 2908 4839 addatis
2935 4788 3205 4839 vestrum.
3230 4779 3337 4836 Par
3359 4783 3559 4854 quippe
3581 4792 3668 4841 est

2081 4886 2359 4947 comperta
2389 4876 2547 4933 vobis
2583 4888 2708 4931 esse
2738 4887 2861 4944 quae
2883 4886 2916 4928 a
2943 4886 3032 4928 me
3053 4871 3364 4942 conscripta
3391 4879 3541 4937 sunt,
3572 4886 3667 4927 ea-

2079 4984 2189 5042 que
2224 4968 2495 5040 singulos,
2542 4967 2705 5039 quasi
2748 4966 2984 5038 quisque
3027 4971 3275 5020 vestrum
3327 4962 3664 5034 scripsisset,

2082 5061 2250 5119 corde
2278 5061 2589 5133 complecti.

2079 5287 2380 5361 episcopus.
2423 5283 2495 5361 ab
2544 5280 2768 5361 A_ri_ani_s
2820 5280 3107 5361 ordinatus
3159 5284 3265 5361 est,
3307 5276 3511 5348 quippe
3554 5275 3662 5361 sub

2078 5352 2583 5429 ipsum'Arianismi
2631 5352 2851 5429 initium
2897 5353 3041 5407 inter
3062 5352 3474 5429 _antesi_gn_anos
3510 5359 3663 5429 com:

2076 5414 2488 5499 plutabatuilut
2521 5423 2686 5499 paulo
2718 5421 2862 5479 infra
2893 5429 2999 5492 est,
3022 5420 3131 5477 τῶν
3159 5414 3294 5492 περῖ
3322 5420 3538 5492 Ἀρειον
3562 5414 3664 5486 καὶ

2075 5495 2185 5554 τῶν
2212 5498 2340 5572 περὶ⁹
2366 5495 2585 5562 Πιστόν,
2612 5502 2741 5568 σξιο.⁸
