4132 6448
462 334 568 393 58.3
1594 328 1651 384 S.
1696 324 2090 384 ALEXAND!“
2133 324 2607 385 ALEXANDRINI
3628 326 3733 382 584

2050 465 2144 522 IV.

582 582 959 658 Fragmenta
992 576 1125 641 duo
1155 595 1235 640 ex
1266 576 1539 659 epistola
1573 579 1649 641 ad
1683 581 2019 660 JEglonem
2049 580 2589 664 Cynopolitanum
2621 579 3019 658 episcopum,
3055 581 3273 637 contra
3307 572 3603 634 Arianos.

563 721 721 793 Apud
774 719 833 776 S.
873 721 1170 779 Maximum
1222 724 1453 796 confess.
1494 727 1633 781 inter
1673 743 1855 797 cpusc.
1876 726 2254 855 ptheologiﬁgt5
2282 729 2497 799 polem.,
2548 726 2680 796 Opp.
2728 736 2855 780 tom.
2888 723 2957 788 ll,
3000 737 3157 792 pagg.
3192 718 3453 783 152455,
3487 715 3617 771 edit.

1926 816 2058 855 aris.
2260 838 2273 852 .

1926 816 2058 855 aris.
2114 816 2181 854 ‘10
2196 816 2273 855 Ιῖ).

460 1021 648 1079 Sancti
674 1022 970 1077 Alexandri
1008 1037 1159 1093 papa:
1204 1022 1574 1087 Alexandrini,
1623 1039 1689 1078 ex
1718 1023 1943 1092 epistola
1973 1025 2042 1078 ad
2072 1035 2092 1089 Α

2098 1035 2119 1090 ι
2153 1024 2264 1080 Τοῦ
2293 1022 2465 1093 ἁγίου
2506 1016 2904 1093 Ἀλεξάνδρου
2933 1014 3103 1069 adesa
3147 1009 3627 1093 ’έλεξιιῂιξρειαα
3660 1011 3730 1093 ἐξ

530 1093 818 1164 Αἰθιοηειη
843 1082 1290 1165 Cynopolitanum
1310 1082 1632 1164 episcopum,
1658 1082 1846 1150 contra
1879 1094 2039 1148 Aria-
2072 1082 2119 1090 ”

2102 1082 2119 1090 ’
2214 1095 2325 1165 τῆς
2342 1082 2491 1167 ἓῑρὸς
2511 1082 3137 1167 Αζγλωναξὲξίσκοπον
3155 1082 3554 1147 Κυνοπόλεως
3582 1084 3734 1138 κατὰ

530 1162 651 1221 ποὲ.
891 1162 907 1165 ⁷
994 1162 997 1163 ⁷
1340 1162 1349 1164 ἡ
1486 1162 1494 1164 ⁷
2227 1162 2535 1235 Ἀρειανῶν
2563 1162 2916 1227 ἐπιστολῆς.

529 1269 801 1329 Voluntas
843 1271 1133 1338 naturalis,
1181 1271 1540 1343 intelligentia
1600 1272 1783 1329 omnis
1833 1280 2046 1329 naturze

2211 1279 2441 1351 Θέλησίς
2481 1279 2597 1331 ἐστι
2650 1273 2875 1345 φυσικὴ,
2919 1269 3121 1333 παντὸς
3168 1265 3358 1339 νοεροῢ
3409 1263 3726 1337 αὐθαίρετος

457 1362 633 1420 libera
664 1363 896 1421 facultas
923 1366 1171 1434 exsistit;
1202 1375 1262 1421 ut
1289 1382 1411 1437 quae
1439 1366 1579 1421 nihil
1610 1362 2041 1423 involun'tarium

2141 1372 2389 1445 δύναμις,
2415 1372 2492 1436 ὡς
2516 1368 2682 1443 μηδὲν
2705 1364 2847 1423 κατὰ
2865 1365 2964 1438 τὴν
2989 1362 3178 1418 οὐσίαν
3209 1360 3469 1416 ἀκούσιον
3489 1358 3725 1430 ἔχοντος.

457 1456 676 1525 habeat,
700 1457 847 1530 quod
873 1472 937 1514 ex
967 1460 1222 1515 essentne
1241 1460 1454 1516 ratione
1477 1461 1554 1515 tit.

2059 1576 2129 1634 ll.

527 1685 784 1757 Operatio
836 1685 1129 1750 naturalis,
1187 1684 1408 1741 innatus
1453 1692 1538 1741 est
1588 1682 1861 1757 cujusque
1903 1686 2040 1743 sub-

2221 1684 2504 1757 Ἐνέργεια
2538 1682 2740 1760 φυσική
2775 1681 2942 1744 ἐστιν,
2967 1677 3002 1748 ἡ
3035 1674 3216 1747 πάσης
3259 1672 3447 1736 οὐσίας
3484 1671 3724 1743 ἔμφυτος

456 1780 673 1837 stantia
698 1787 901 1836 motus.
932 1777 1191 1849 Operatio
1218 1778 1508 1845 naturalis,
1541 1787 1752 1833 naturae
1789 1777 2038 1848 cujusvis

2139 1776 2373 1849 κίνησις.
2416 1775 2697 1847 Ἑνέργειά
2721 1774 2840 1826 ἐστι
2868 1770 3094 1841 φυσικὴ,
3126 1769 3155 1821 ὁ
3180 1767 3359 1838 πάσης
3386 1766 3601 1836 φύσεως
3634 1763 3725 1816 οὐ-

456 1869 834 1926 substantialis
867 1885 932 1924 ac
981 1868 1271 1924 notilicans
1301 1867 1443 1923 ratio
1482 1857 1589 1924 est.
1638 1864 1897 1939 Operatio
1938 1882 2038 1923 na-

2141 1867 2340 1940 σιώδης
2366 1868 2462 1922 καὶ
2483 1866 2785 1937 γνωστικδς
2809 1863 2985 1932 λόγος.
3032 1859 3316 1932 Ἐνέργειά
3344 1859 3462 1911 ἐστι
3494 1858 3720 1926 φυσικὴ,

456 1965 671 2031 turalis,
701 1963 1024 2022 substantia:
1059 1961 1306 2033 cujusvis
1335 1960 1626 2018 notiticans
1648 1960 1827 2018 virtus
1856 1968 1964 2017 est.

1535 1976 1626 2018 ans
1648 1960 1827 2018 virtus
1856 1968 1964 2017 est.
2141 1964 2176 2035 ἠ
2208 1960 2479 2034 δηλωτικὴ
2506 1960 2688 2031 πάσης
2709 1959 2898 2023 οὐσίας
2920 1957 3167 2028 δύναμις.

2127 2156 2391 2167 σ--αι-

2419 2147 3709 2178 Μέλπ-

1048 2166 1955 2184 mm
1967 2166 2127 2180 ἀι.ίῶ
2139 2166 2272 2180 diu...
2290 2167 2680 2180 ——-——b...—-——.-—-

2074 2166 2127 2180 ..ᾧ
2139 2166 2272 2180 sic...
2290 2166 3706 2180 ——-——:--.—.—————:—-———.——————.——.——-—_—__

785 2327 1373 2422 MONITUM
1457 2327 1583 2416 ΙΝ
1661 2326 2641 2432 SUBSEQUENTEM
2717 2325 3384 2420 SERMONEM

1529 2515 1668 2578 (Mal,
1693 2512 1989 2566 Bibliotheca
2010 2526 2134 2564 nova
2165 2516 2391 2576 Patrum,
2417 2515 2481 2577 Il,
2507 2516 2643 2580 529.)

523 2743 653 2797 Dixi
688 2743 745 2797 in
789 2739 1081 2813 Spicilcgio
1108 2736 1377 2802 Romano,
1409 2746 1448 2794 t.
1475 2735 1595 2801 111,
1618 2753 1673 2807 p.
1698 2735 1824 2800 694,
1857 2751 1923 2791 ex
1946 2735 2311 2793 Orientalibus
2343 2738 2671 2793 bibliothecae
2706 2737 2980 2793 Vaticana:
3001 2736 3268 2792 codicibus
3305 2736 3472 2792 multa
3492 2737 3722 2792 excitari

451 2838 655 2909 scripta
686 2846 915 2890 veterum
947 2850 1124 2903 posse,
1154 2849 1272 2904 qua:
1304 2832 1520 2887 omnino
1553 2828 1941 2884 desideramus.
1975 2829 2045 2883 Et
2066 2832 2277 2902 quidem
2302 2841 2496 2902 pra'ter
2519 2831 2673 2886 lauta
2696 2832 2793 2886 illa
2821 2848 2939 2903 quae
2971 2832 3084 2886 loco
3110 2832 3278 2886 citato
3309 2830 3450 2885 edidi
3492 2831 3722 2887 Patrum

452 2932 768 3002 fragmenta,
794 2927 1006 2997 majora
1036 2926 1266 2983 indidem
1285 2926 1406 2996 jam
1438 2933 1597 2978 antea
1625 2921 1941 2990 extuleram,
1971 2922 2251 2980 Zachariae
2282 2924 2518 2980 videlicet
2557 2924 2915 2980 Melitenensis
2948 2925 3128 2994 capita
3152 2923 3431 2991 historica,
3458 2924 3720 2980 Ebediesn

449 3032 501 3081 et
530 3022 918 3094 Abulpharagii
942 3028 1201 3075 tractatus
1232 3018 1535 3081 canonicos,
1559 3016 1929 3071 Armeniorum
1969 3019 2132 3073 etiam
2162 3034 2410 3082 canones,
2433 3016 2611 3074 Severi
2645 3017 2955 3073 Antiocheni
2977 3035 3243 3073 sermones
3285 3018 3510 3089 aliquot,
3545 3026 3595 3073 et
3622 3034 3722 3073 nu-

448 3134 543 3189 per
563 3120 735 3173 sancti
763 3116 955 3188 Cyrilli
987 3123 1173 3170 contra
1211 3114 1559 3185 Synusiastas
1580 3122 1632 3169 et
1661 3113 1958 3168 Diodorum
1986 3130 2049 3168 ac
2088 3112 2421 3168 Theodorum
2453 3112 2726 3184 reliquias.
2756 3110 2884 3166 Jam
2912 3129 3030 3167 vero
3061 3113 3200 3167 inter
3228 3112 3406 3181 prima
3444 3111 3540 3166 illa
3562 3152 3576 3175 ,
3604 3127 3722 3183 quae

448 3213 756 3277 memoravi,
785 3210 949 3266 codex
989 3209 1276 3266 Vaticanus
1297 3206 1561 3263 Arabicus
1596 3207 1695 3262 lOl
1732 3206 1923 3262 bonam
1955 3207 2088 3262 mihi
2119 3207 2443 3278 particulam
2468 3205 2893 3275 suppeditaverat
2935 3206 3192 3261 sermonis
3217 3205 3392 3259 sancti
3427 3204 3723 3260 Alexandri

446 3306 766 3376 patriarchae
795 3302 1149 3359 Alexandrini
1176 3302 1289 3373 (l);
1328 3317 1478 3372 quem
1501 3315 1792 3356 sermonem
1812 3298 2001 3355 deinde
2026 3300 2286 3369 integrum
2308 3300 2363 3353 in
2395 3297 2621 3370 Syriaco
2649 3307 2756 3352 vat.
2791 3297 2971 3353 codice
2996 3298 3103 3354 568
3131 3310 3318 3355 nactus
3342 3317 3481 3363 sum,
3510 3301 3565 3353 id
3580 3301 3722 3372 quod

446 3402 575 3458 olim
605 3402 662 3456 in
691 3398 1035 3471 Scriptorum
1063 3406 1171 3454 vet.
1204 3407 1331 3453 tom.
1368 3396 1412 3452 V
1430 3438 1444 3461 ,
1474 3413 1527 3467 p.
1560 3395 1651 3461 42,
1680 3394 1998 3466 signiﬁcavi.
2030 3392 2190 3448 Nunc
2217 3409 2335 3448 ecce
2356 3402 2475 3462 post
2503 3392 2855 3448 Alexandrini
2887 3390 3082 3465 Cyrilli
3127 3393 3317 3450 Graeca
3349 3396 3571 3466 scripta,
3605 3412 3720 3451 ser-

444 3515 651 3559 manem
673 3497 809 3552 hunc
829 3493 1181 3550 Alexandrini
1206 3491 1424 3564 Syriaca
1454 3491 1616 3546 simul
1641 3501 1797 3563 atque
1822 3489 2015 3544 Latine
2046 3487 2491 3559 (quandoquidem
2520 3488 2708 3544 Greca
2734 3489 2891 3546 verba
2914 3489 3324 3558 desideramus),
3350 3506 3565 3561 operam
3585 3493 3717 3546 mihi

444 3609 599 3649 suam
622 3587 1078 3645 commodantibus
1116 3583 1373 3639 Mattiaco
1410 3582 1716 3640 Sciahuano
1742 3590 1797 3637 et
1823 3580 2116 3637 Francisco
2148 3577 2454 3647 Mehasebo,
2476 3578 2764 3637 Maronitis
2790 3580 3197 3637 litteratissimis
3225 3620 3243 3649 ,
3286 3581 3345 3637 in
3384 3582 3552 3638 lucem
3578 3583 3724 3638 exire

445 3684 621 3752 iubeo,
651 3697 714 3736 ne
737 3689 902 3735 tantte
930 3679 1289 3749 antiquitatis,
1321 3676 1662 3731 auctoritatis
1689 3674 1950 3745 famisque
1977 3672 2207 3743 episcopi
2229 3672 2434 3729 diutius
2466 3690 2526 3729 os
2554 3675 2893 3729 conticescat.

523 3775 692 3829 Porro
718 3773 794 3827 rei
826 3787 960 3827 vera:
989 3769 1292 3825 testimonia
1316 3778 1477 3836 sunt,
1519 3768 1692 3838 primo
1737 3766 1947 3838 quidem
1996 3765 2299 3837 fragmenta
2323 3766 2424 3821 illa
2448 3782 2516 3822 ex
2539 3766 2719 3823 codice
2750 3766 3156 3839 Arabico,'qua:
3186 3767 3484 3823 Alexandri
3515 3768 3721 3824 archie-

445 3868 647 3940 piscopi
668 3864 1018 3922 Alexandrini
1052 3879 1241 3919 nomen
1268 3872 1456 3934 gerunt
1479 3860 1695 3934 (Spicil.
1729 3860 1917 3928 Rom.,
1948 3871 1991 3917 t.
2032 3859 2154 3927 111,
2182 3878 2238 3929 p.
2269 3862 2422 3934 699),
2452 3879 2668 3933 quasque
2705 3862 2763 3917 in
2787 3862 2990 3934 integro
3017 3877 3257 3917 sermone
3297 3861 3468 3918 eidem
3515 3860 3722 3918 auctori

446 3962 726 4031 inscripto,
758 3975 897 4015 nunc
928 3958 1039 4012 suis
1069 3956 1293 4011 recitata
1321 3954 1451 4009 locis
1479 3955 1717 4010 seriatim
1746 3962 2020 4023 apparent.
2062 3953 2265 4012 Deinde
2295 3955 2615 4011 Sabariesus
2648 3953 2818 4026 Syrus
2842 3963 3030 4010 auctor
3049 3954 3192 4025 apud
3210 3955 3565 4010 Assemanum
3595 3956 3718 4010 Bib.

448 4070 530 4109 or.
563 4061 601 4108 t.
634 4051 755 4118 111,
779 4066 832 4122 p.
856 4050 982 4115 545,
1005 4049 1199 4105 recitat
1236 4063 1302 4103 ex
1331 4045 1603 4118 Μυστιπωὶ
1631 4045 1878 4101 chronico
1907 4047 2160 4116 Arabico,
2183 4049 2482 4105 Alexandri
2503 4050 2678 4106 nostri
2709 4049 3097 4120 fragmentum,
3135 4047 3274 4120 quod
3297 4048 3501 4119 pariter
3530 4046 3721 4119 (mira-

450 4146 552 4202 bile
576 4147 781 4219 dictu!)
812 4147 868 4201 in
893 4161 1132 4203 sermone
1162 4144 1365 4215 integro
1393 4151 1575 4197 nostro
1615 4156 1670 4196 n.
1704 4141 1740 4197 5
1788 4142 2039 4198 occurrit.
2100 4142 2419 4216 Quanquam
2464 4160 2587 4201 vero
2625 4143 2941 4216 Hocaﬁ'teus
2973 4144 3342 4199 Alexandrum
3368 4143 3497 4197 dicit
3524 4156 3719 4212 papam

444 4237 777 4308 Romanum,
809 4238 856 4293 is
899 4235 1111 4310 quidem
1142 4233 1458 4304 manifestus
1478 4248 1631 4287 error
1657 4230 1723 4287 ab
1744 4230 2040 4288 Assemano
2061 4234 2117 4288 in
2137 4234 2313 4290 indice
2348 4251 2404 4306 p.
2441 4234 2547 4291 658
2575 4246 2714 4291 recte
2752 4236 3059 4306 corrigitur,
3090 4235 3182 4305 qui
3230 4232 3503 4305 legendum
3529 4233 3717 4288 suadet

444 4332 899 4390 Alexandrinum.
926 4327 1131 4386 Deinde
1164 4325 1539 4401 (prwterquam
1568 4324 1709 4397 quod
1743 4323 2095 4381 scribentibus
2118 4327 2311 4382 menda
2343 4327 2516 4381 multa
2539 4326 2783 4398 obrepere
2810 4329 3002 4397 solent)
3027 4327 3104 4382 rei
3141 4323 3416 4379 veritatem
3447 4341 3586 4381 nunc
3612 4325 3720 4397 Sy-

446 4428 625 4483 riacus
658 4424 824 4481 codex
850 4440 946 4480 nos
976 4422 1159 4487 docet,
1204 4421 1297 4494 qui
1324 4418 1633 4475 Alexandro
1660 4420 2041 4479 Alexandrina:
2070 4422 2219 4479 urbis
2268 4424 2501 4479 antistiti
2525 4423 2666 4478 hunc
2696 4439 2989 4477 sermonem
3013 4423 3278 4478 inscribit.
3314 4422 3447 4478 Tum
3475 4422 3609 4478 satis
3637 4430 3717 4476 est

448 4520 749 4591 exploratus
780 4531 893 4569 mos
926 4511 1283 4569 Orientalium
1311 4509 1580 4565 Romanos
1613 4512 1929 4567 nominandi
1961 4522 2215 4586 quotquot
2237 4514 2457 4583 imperio
2489 4511 2729 4567 Romano
2764 4511 3049 4577 suberant,
3079 4523 3129 4567 et
3150 4511 3359 4578 Grieca,
3395 4513 3585 4568 nedum
3611 4512 3721 4566 La-

447 4618 582 4679 tina,
616 4612 797 4681 lingua
824 4606 1131 4662 utebantur.
1165 4604 1307 4673 Quin
1341 4613 1391 4659 et
1418 4604 1594 4697 ipsum
1612 4602 1982 4697 rByzantinum
2012 4607 2293 4679 imperium
2319 4617 2625 4663 constanter
2645 4608 2947 4697 Ro‘nanum
2980 4607 3270 4676 appellant,
3294 4617 3352 4660 ut
3381 4607 3486 4678 ipsi
3514 4624 3718 4679 quoque

446 4702 736 4778 Byzantini
765 4699 1004 4756 historici
1031 4698 1219 4764 solent,
1249 4698 1342 4769 qui
1367 4697 1446 4751 ita
1472 4697 1530 4751 in
1559 4696 1710 4751 libris
1742 4697 1852 4752 suis
1887 4698 2167 4756 ambitiose
2190 4700 2502 4770 loquuntur,
2528 4696 2811 4772 postquam
2845 4701 3337 4769 Constantinopolis
3358 4717 3505 4756 nocte
3532 4700 3718 4757 Roma:

444 4814 634 4856 nomen
657 4795 870 4851 invasit.
894 4793 1064 4848 Locus
1087 4792 1250 4864 igitur
1277 4808 1311 4846 a
1335 4790 1616 4862 Mocaﬂteo
1640 4790 1837 4847 relatus
1859 4795 1938 4848 ita
1963 4811 2018 4850 se
2044 4794 2199 4850 habet
2222 4812 2241 4850 :
2280 4815 2299 4847 ι
2334 4795 2637 4852 Alexander
2657 4797 2929 4853 Romanus
2957 4796 3266 4867 patriarcha
3288 4796 3459 4869 inquit
3481 4809 3501 4847 .'
3518 4794 3718 4851 Ianus

443 4910 561 4964 qua:
591 4891 857 4946 Adamum
890 4888 1107 4951 creavit,
1141 4887 1260 4957 ipsa
1294 4889 1460 4943 clavis
1496 4890 1552 4944 in
1581 4906 1734 4947 cruce
1770 4889 2047 4960 perforata
2076 4899 2175 4945 est.
2213 4890 2287 4948 0s
2317 4892 2457 4962 quod
2487 4892 2541 4947 in
2584 4891 2852 4947 Adamum
2890 4892 3219 4962 spiraculum
3251 4891 3373 4946 vitte
3399 4890 3716 4960 inspiravit,

444 4994 652 5039 acetum
672 4981 820 5036 bibit.
847 4981 948 5039 Pes
972 4984 1062 5053 qui
1091 4982 1254 5037 clavis
1285 4982 1527 5051 conﬁxus
1550 4981 1686 5050 fuit,
1713 4992 1912 5037 terram
1942 4980 2204 5051 fundavit.
2237 5000 2256 5035 ι
2294 4981 2445 5060 (huc,
2469 4985 2692 5056 inquam
2716 4986 2880 5055 paulo
2908 4985 3116 5057 quidem
3150 4985 3390 5049 liberius,
3413 4986 3528 5039 sine
3555 4982 3716 5037 dubio

444 5086 622 5130 tamen
652 5091 719 5131 ex
750 5075 847 5131 hoc
874 5090 1054 5135 nostro
1080 5097 1317 5137 sermone
1346 5100 1402 5138 n.
1432 5082 1467 5138 5
1497 5090 1708 5151 sumpta
1733 5081 1896 5138 vides.
1937 5080 2310 5137 Verum-tamen
2341 5082 2433 5153 qui
2453 5082 2647 5137 ibidem
2670 5083 2840 5140 multo
2872 5083 3085 5138 uberior
3114 5084 3260 5138 locus
3289 5081 3561 5153 praecedit,
3592 5090 3649 5136 et
3673 5099 3707 5137 a

443 5166 593 5223 nobis
620 5168 838 5242 virgulis
871 5171 1155 5228 distinctus
1177 5173 1302 5244 fuit,
1342 5175 1388 5230 is
1419 5192 1539 5231 cum
1560 5175 1797 5231 Arabica
1831 5178 2090 5233 sermonis
2118 5178 2568 5248 interpretatione,
2599 5178 2657 5233 in
2681 5177 2976 5250 Spicilegio
2998 5185 3180 5233 nostro
3211 5176 3355 5232 edita
3376 5214 3391 5241 ,
3423 5174 3717 5229 evidentius

446 5260 620 5315 adhuc
657 5272 813 5334 atque
840 5264 1172 5322 adamussim
1211 5269 1476 5339 congruit.
1509 5268 1809 5342 Cxteroqui
1840 5289 1947 5328 non
1972 5281 2053 5328 est
2084 5272 2426 5339 mirandum,
2468 5273 2518 5330 si
2543 5273 2634 5344 qui
2681 5290 2854 5330 sermo
2882 5289 2948 5329 ex
2979 5271 3164 5328 Grceco
3197 5272 3256 5326 in
3296 5270 3618 5342 Syriacum,
3650 5282 3717 5322 ex

443 5353 627 5410 hocin
657 5356 948 5414 Arabicum
992 5358 1197 5414 idioma
1242 5360 1478 5425 transiit,
1508 5376 1710 5431 paucas
1742 5362 1945 5434 aliquot
1992 5364 2273 5420 varietates
2302 5366 2358 5419 in
2391 5365 2473 5422 his
2519 5366 2970 5437 transfusionibus
3026 5383 3220 5436 passus
3271 5367 3363 5422 sit.
3397 5365 3544 5432 Quin
3583 5360 3717 5416 adeo

445 5450 705 5504 sermonis
732 5449 889 5519 hujus
927 5450 1048 5506 dux
1072 5450 1314 5507 videntur
1345 5456 1611 5511 exstitisse
1642 5454 1782 5526 apud
1803 5455 2219 5527 Alexandrinos,
2239 5460 2347 5514 sive
2365 5458 2507 5529 apud
2533 5458 2855 5526 Orientales,
2883 5460 3173 5526 editiones;
3210 5457 3635 5532 quandoquidem
3660 5457 3715 5511 in

446 5542 623 5598 codice
644 5543 770 5615 Syr.
807 5543 954 5612 Vat.,
983 5555 1102 5616 post
1132 5549 1394 5618 integrum
1417 5565 1740 5616 sermonem,
1764 5548 1914 5605 aliud
1952 5552 2210 5607 attexitur
2238 5552 2477 5624 ejusdem
2508 5554 2863 5625 fragmentum
2888 5592 2906 5622 ,
2941 5571 3045 5609 non
3082 5557 3198 5611 sine
3224 5554 3409 5626 paucis
3439 5550 3601 5608 uariis
3633 5550 3712 5605 le—

520 5714 598 5796 (i)
617 5714 782 5799 idem
814 5717 1092 5799 iliacodex
1113 5718 1288 5799 _h_a_bet
1309 5719 1736 5799 fragmentaﬁs.
1763 5721 1976 5799 J_ulii__et
2008 5721 2255 5783 Silvestri
2279 5726 2597 5798 pontiﬁcum
2620 5724 3018 5795 Romanorum,
3049 5741 3171 5799 quae
3199 5741 3300 5799 ego
3321 5722 3510 5781 Graece
3541 5721 3716 5792 edidi,

449 5781 651 5854 Script.
681 5796 780 5841 vet.
811 5794 853 5845 t.
884 5786 994 5855 Vll,
1016 5804 1073 5859 p.
1104 5789 1208 5847 154
1235 5798 1290 5848 et
1320 5781 1443 5862 169,
1476 5793 1581 5847 col.
1612 5792 1669 5861 2,
1697 5808 1753 5849 v.
1782 5793 1934 5850 1-15.
