4132 6424
373 404 477 459 585
1434 388 1670 448 SERMO
1706 389 1797 446 DE
1835 389 2004 446 ᾹΝΙΜ

1991 391 2052 445 [Α
2087 390 2179 445 ΕΤ
2218 391 2564 449 CORPORIS.
3520 397 3623 454 886

370 513 646 570 ctionibus.
687 511 755 567 Ut
775 528 892 568 vero
918 511 1233 570 existimem,
1260 509 1742 579 interpretationem
1770 506 2054 561 Arabicam
2103 522 2168 561 ex
2202 506 2430 562 secunda
2464 506 2688 577 Syriaca
2719 524 2829 561 esse
2858 506 3169 574 derivatam,
3204 519 3324 564 utor
3350 511 3446 566 hoc
3481 514 3629 567 indi-

369 611 471 671 cio,
500 606 640 677 quod
667 604 956 660 Arabicum
989 602 1183 657 codicis
1225 600 1321 655 101
1371 601 1727 670 fragmentum
1755 615 1874 654 cum
1905 598 2000 652 illo
2037 599 2325 668 posteriore
2355 596 2577 668 Syriaco
2621 598 2789 668 magis
2819 599 3058 669 congruit
3100 616 3257 671 quam
3287 616 3403 654 cum
3430 604 3624 671 priore.

372 694 563 766 Itaque
585 695 798 750 etiamsi
826 694 1157 748 decreveram
1176 689 1598 745 additamentum
1631 689 1766 744 illud
1796 690 2058 753 omittere,
2082 690 2207 761 quia
2238 689 2390 744 valde
2421 690 2593 763 simile
2624 692 2855 745 sermoni
2890 693 3091 762 integro
3142 693 3441 763 videbatur,
3479 704 3625 749 atta-

369 804 488 842 men
508 788 633 859 quia
658 797 842 858 postea
868 784 1097 854 comperi
1122 791 1324 851 partem
1352 781 1639 836 Arabicam
1674 798 1795 836 cum
1849 781 1949 835 hac
1985 785 2161 851 potius
2190 791 2339 851 parte
2364 780 2591 851 Syriaca
2619 780 2943 849 conspirare,
2973 799 3038 837 ne
3069 785 3170 837 mei
3196 786 3495 854 argumenti
3524 787 3627 839 vim

368 879 638 933 ullatenus
661 880 1012 949 infirmarem,
1043 874 1179 928 hanc
1198 890 1398 944 quoque
1428 872 1709 943 Syriacam
1730 873 2094 943 repetitionem
2120 873 2412 928 minoribus
2439 876 2629 927 saltem
2673 873 2861 943 formis
2886 875 3288 943 imprimendam
3315 878 3520 933 curavi.

439 972 551 1043 Age
581 988 700 1027 vero
728 969 915 1025 edendi
943 968 1202 1023 sermonis
1233 965 1391 1034 hujus
1420 973 1577 1035 grata
1607 964 1973 1034 opportunitas
2002 962 2172 1029 adest,
2207 965 2332 1035 quia
2360 963 2455 1018 hoc
2496 972 2725 1033 tempore
2767 980 2832 1017 ex
2884 964 3173 1036 Anglorum
3199 968 3337 1036 typis
3365 966 3628 1036 prodeunt

371 1065 550 1135 magni
577 1063 861 1117 Athanasii
889 1059 1103 1131 festales
1138 1059 1372 1128 epistola:
1399 1074 1488 1112 seu
1514 1059 1778 1112 orationes
1810 1055 2011 1129 (erce
2039 1054 2345 1126 deperditie)
2379 1057 2430 1110 in
2465 1054 2686 1127 Syriaco
2714 1055 2918 1124 pariter
2939 1055 3115 1111 codice
3146 1056 3370 1124 inventa:
3389 1074 3408 1112 :
3441 1060 3629 1130 quibus

373 1154 456 1209 hic
472 1155 597 1224 jure
622 1155 907 1224 meritoque
944 1168 1114 1208 comes
1144 1152 1233 1221 ﬁet
1261 1150 1557 1206 Alexandri
1583 1167 1776 1205 sermo.
1810 1147 1938 1203 Fuit
1966 1150 2152 1220 quippe
2185 1148 2488 1205 Alexander
2519 1149 2805 1204 Athanasii
2835 1165 2869 1202 a
2909 1151 3089 1217 pueris
3138 1150 3394 1206 educator
3414 1192 3430 1218 ,
3474 1169 3628 1225 quem

366 1245 695 1317 familiarem
724 1260 946 1312 semper,
978 1244 1359 1300 adolescentem
1387 1258 1565 1307 senex,
1595 1251 1644 1296 et
1663 1243 2037 1298 charissimam
2064 1243 2269 1307 habuit,
2296 1259 2488 1296 mensa'
2502 1243 2669 1295 etiam
2697 1242 3022 1313 quotidiana:
3052 1244 3383 1314 participem,
3408 1257 3464 1300 et
3490 1248 3627 1315 {ide-

369 1354 470 1393 νεα
499 1337 776 1391 librarium
805 1350 824 1389 :
869 1337 1110 1392 eumdem
1138 1337 1249 1404 ipse
1275 1334 1558 1389 diaconum
1587 1334 1871 1400 ordinavit,
1906 1350 2181 1405 secumque
2209 1333 2277 1387 ad
2312 1332 2594 1388 Nicamum
2642 1334 2922 1388 concilium
2955 1332 3138 1401 duxit,
3170 1346 3227 1390 ut
3260 1337 3370 1392 illic
3407 1356 3627 1409 operam

368 1429 469 1485 sibi
495 1438 731 1493 navaret,
777 1430 1275 1500 συναγωνιζόμενον
1307 1426 1456 1499 αὐτῷ
1482 1429 1635 1495 ἐκεῖ,
1663 1434 1719 1481 ut
1749 1426 1944 1481 diserte
1982 1445 2000 1481 ι

1986 1427 2055 1481 ait
2088 1424 2336 1481 Socrates
2378 1424 2519 1483 Hist.
2555 1426 2648 1482 lib.
2675 1443 2728 1492 l,
2780 1428 2878 1495 15;
2906 1443 3060 1498 quem
3115 1428 3336 1500 denique
3386 1434 3618 1487 moriens

364 1539 506 1592 scere
528 1524 737 1578 nomine
767 1520 1120 1593 compellavit,
1141 1530 1296 1592 atque
1331 1529 1387 1575 ut
1413 1518 1515 1575 sibi
1533 1535 1805 1574 successor
1827 1520 1995 1590 fieret,
2015 1518 2436 1573 Alexandrinum
2470 1519 2668 1574 clerum
2691 1521 2851 1574 enixe
2880 1522 3111 1591 rogavit,
3139 1521 3280 1593 quod
3304 1540 3486 1593 reapse
3504 1542 3625 1579 cum

369 1620 579 1689 inﬁnita
610 1620 686 1674 rei
718 1617 1035 1674 Christiana:
1056 1617 1287 1671 utilitate
1311 1616 1528 1686 contigit
1556 1631 1575 1670 :
1610 1615 1688 1669 ita
1712 1613 2135 1667 utAthanasium
2162 1614 2318 1668 talem
2343 1622 2649 1684 tantumque
2676 1614 2976 1683 episcopum
2994 1657 3009 1683 ,
3035 1615 3331 1670 Alexandri
3363 1619 3505 1672 curis
3534 1636 3626 1673 ac-

361 1719 573 1780 ceptum
599 1709 912 1780 referamus.
944 1708 977 1761 J
985 1725 1072 1763 am
1101 1717 1157 1762 ut
1179 1705 1479 1762 Alexander
1496 1705 1854 1761 Athanasium
1886 1705 2267 1761 adolescentem
2289 1706 2432 1760 omni
2464 1706 2628 1773 officio
2664 1707 2965 1775 complexus
2988 1716 3092 1773 est,
3115 1710 3196 1762 ita
3220 1707 3362 1763 idem
3383 1709 3626 1767 Alexan-

358 1801 462 1856 der
492 1811 647 1857 antea
664 1802 875 1872 juvenis
910 1800 1069 1855 Petro
1097 1801 1338 1871 episcopo
1391 1800 1619 1870 martyri
1670 1796 1960 1868 familiaris
1989 1799 2225 1867 apprime
2260 1798 2436 1867 fuerat
2463 1837 2475 1859 ,
2522 1807 2676 1868 atque
2707 1799 2772 1850 ab
2823 1815 2883 1852 eo
2913 1815 3183 1855 successor
3212 1810 3331 1884 post
3359 1801 3627 1858 Achillam

355 1892 597 1963 ejusdem
627 1894 849 1965 fratrem
869 1893 1193 1964 designatus.
1221 1890 1485 1962 Namque,
1519 1899 1575 1943 ut
1597 1891 1785 1962 legitur
1810 1891 1868 1944 in
1901 1888 2046 1943 Petri
2085 1888 2206 1943 Vita
2227 1888 2303 1959 (a)
2333 1907 2365 1943 a
2396 1888 2545 1943 nobis
2572 1887 2715 1943 edita
2748 1888 2936 1960 Spicil.
2962 1899 2999 1946 t.
3031 1889 3093 1945 ΙΙ
3102 1891 3151 1956 1,
3175 1909 3228 1963 p.
3258 1892 3384 1961 682,
3413 1905 3623 1965 martyr

360 1986 595 2057 inclytus
625 1987 683 2041 in
708 2002 923 2041 carcere
944 1985 1169 2055 positus,
1200 1993 1247 2038 et
1262 1984 1381 2052 jam
1408 1998 1509 2053 pro
1537 1984 1642 2051 ﬁde
1674 1981 1999 2051 plectendus,
2032 1981 2213 2037 ambos
2246 1981 2367 2038 illos
2395 1982 2770 2039 Alexandrines
2799 1983 2913 2039 sedi
2944 1994 3064 2055 post
3094 2002 3149 2039 se
3181 1985 3464 2043 destinavit
3513 1991 3627 2057 epi-

365 2092 573 2145 scopos,
607 2076 784 2132 dicens
808 2092 827 2130 :
859 2095 878 2130 Ι
905 2075 978 2131 Te
1004 2075 1213 2147 quidem
1236 2074 1500 2129 Achillam
1529 2074 1782 2142 primum,
1804 2072 2171 2128 Alexandrum
2195 2089 2314 2127 vero
2337 2075 2643 2129 secundum.
2680 2075 2746 2129 Et
2778 2093 2902 2131 mox
2931 2094 2943 2106 ·
2976 2076 3290 2134 Osculantes
3314 2078 3463 2136 Petri
3506 2098 3625 2135 ma-

359 2185 465 2222 nus
493 2185 555 2223 ac
585 2168 738 2237 pedes
769 2168 1009 2222 Achillas
1027 2176 1183 2238 atque
1211 2163 1538 2231 Alexander,
1575 2164 1815 2219 conversi
1839 2164 1894 2218 in
1922 2163 2189 2234 lacrymas
2219 2165 2458 2236 singultu
2503 2168 2845 2221 amarissimo
2877 2167 3272 2238 quatiebantur.
3316 2188 3335 2222 ι

437 2258 707 2330 Quidquid
737 2259 990 2314 hactenus
1023 2260 1340 2328 scriptorum
1362 2257 1660 2313 Alexandri
1683 2255 1948 2322 exstabat,
1980 2254 2045 2309 ab
2077 2256 2343 2311 historicis
2366 2257 2742 2313 ecclesiasticis
2769 2270 3156 2327 conservatum,
3188 2262 3245 2314 id
3271 2263 3461 2314 Arium
3481 2263 3628 2331 ejus-

358 2365 465 2420 que
487 2350 729 2404 alumnos
760 2358 1055 2419 oppugnat;
1085 2348 1222 2403 duas
1262 2348 1496 2419 intellige
1514 2346 1793 2416 epistolas,
1824 2362 2051 2416 quarum
2088 2347 2236 2415 prior
2264 2363 2483 2416 prorsus
2511 2348 2731 2419 insignis
2750 2389 2766 2415 ,
2803 2359 3062 2404 tractatus
3112 2350 3406 2420 plenissimi
3450 2354 3627 2409 instar

360 2449 468 2506 cst,
498 2450 548 2495 et
567 2442 720 2496 omni
747 2442 905 2495 laude
928 2439 1119 2509 major.
1150 2440 1314 2510 Atqui
1344 2441 1426 2495 ha:
1452 2440 1574 2494 dum
1596 2454 1666 2494 'ex
1692 2439 2028 2510 septuaginta
2052 2451 2359 2511 supersunt,-
2422 2450 2497 2496 tot
2527 2444 2667 2499 enim
2695 2443 2761 2497 ab
2780 2460 2842 2498 eo
2883 2447 3108 2514 scriptas
3138 2456 3365 2501 testatur
3388 2447 3628 2519 Epipha-

367 2535 486 2588 nius
514 2534 645 2588 hcer.
674 2549 825 2598 ιιιι,
856 2533 928 2587 4:
962 2552 983 2585 ς
1034 2532 1380 2605 Ἀλέξανδρος
1410 2534 1708 2599 ἐπίσκοπος
1735 2532 1937 2605 γράφει
1982 2534 2271 2600 ἐπιστολὰς
2300 2537 2642 2605 ἐγκυκλίους,
2674 2537 2875 2602 αἳτινες
2905 2539 3056 2613 παρὰ
3084 2541 3392 2610 φιλοκάλοις
3418 2543 3498 2598 ἐτι
3521 2544 3628 2599 σώ-

362 2625 570 2692 ζονται,
592 2626 667 2691 ὡς
689 2625 781 2679 τὸν
800 2624 1045 2697 ’ἀριθμὸν
1074 2624 1464 2698 ἐϐδομήκοντα.
1502 2625 1803 2681 Alexander
1830 2626 1994 2696 episca

1963 2643 2101 2697 :opus
2130 2628 2316 2682 scribit
2351 2630 2603 2699 epistolas
2645 2630 2958 2700 encyclicas,
2995 2649 3112 2703 qua:
3142 2634 3314 2689 adhuc
3343 2636 3484 2706 apud
3509 2647 3595 2690 stu

359 2719 545 2775 .diosos
578 2730 872 2783 servantur,
901 2735 1114 2773 numero
1153 2721 1261 2790 fere
1307 2721 1660 2792 septuaginta.
1698 2739 1718 2774 ι
1755 2717 1923 2776 Unius
1948 2736 2017 2776 ex
2056 2722 2137 2782 his
2185 2722 2482 2794 fragmenta
2505 2726 2681 2780 tenuia
2703 2728 2936 2781 citantur
2962 2745 2996 2781 a
3024 2726 3264 2784 Maximo
3290 2745 3411 2800 app.
3456 2739 3495 2783 t.
3532 2728 3621 2791 ll,

365 2831 422 2885 p.
455 2814 581 2879 152,
612 2813 739 2869 155.
772 2810 987 2867 Utinam
1015 2815 1105 2866 lue
1126 2813 1180 2866 in
1216 2812 1488 2869 codicibus
1530 2814 1719 2869 saltem
1751 2814 1992 2887 Syriacis
2037 2814 2438 2884 conspiciendas
2467 2832 2522 2874 se
2548 2816 2760 2883 darent,
2790 2819 2928 2889 quod
2954 2836 3117 2890 nuper
3146 2820 3452 2892 felicissime
3479 2824 3653 2877 accio“

356 2907 443 2961 dit
467 2903 884 2961 Athanasianis!
909 2900 961 2954 Ν
970 2919 1068 2956 unc
1100 2902 1154 2956 in
1195 2910 1343 2957 tanto
1372 2905 1690 2974 scriptorum
1716 2906 2009 2962 Alexandri
2038 2908 2342 2979 naufragio,
2366 2924 2656 2963 sermonem
2684 2910 2872 2965 saltem
2899 2927 3060 2966 unum
3088 2913 3143 2967 in
3169 2915 3349 2983 populi
3373 2922 3637 2973 concione

360 2999 603 3055 habitum
629 2999 813 3055 libenti
837 2999 1022 3054 animo
1044 2999 1390 3070 excipiamus,
1415 3001 1472 3056 in
1495 3018 1619 3074 quo,
1652 3014 1847 3073 praeter
1886 3013 2083 3059 ca'tera
2117 3004 2294 3067 utilia,
2316 3001 2525 3061 Christi
2550 3004 2798 3060 divinitas
2818 3008 3020 3075 passim
3048 3009 3394 3077 praedicatur.
3439 3014 3625 3091 Neque

360 3094 513 3150 abest
535 3094 831 3166 eloquentia
861 3092 1038 3163 (quam
1065 3093 1114 3146 ei
1137 3093 1300 3146 tribui
1327 3110 1360 3147 a
1394 3091 1607 3149 Gelasio
1639 3095 1919 3167 diximus),
1952 3098 2122 3152 nitida
2148 3098 2367 3162 scilicet,
2393 3097 2685 3166 popularis,
2714 3109 2765 3153 et
2791 3117 2880 3155 ore
2905 3102 3191 3172 episcopali
3209 3104 3393 3177 digna.

438 3184 742 3243 Sermonem
763 3183 899 3239 hunc
912 3183 1204 3239 Alexandri
1223 3186 1574 3253 suppeditavit
1591 3187 1757 3242 :odex
1769 3187 2024 3260 Syriacus
2046 3187 2192 3253 Vat.,
2215 3189 2603 3253 membraneus,
2628 3197 2795 3253 vetus,
2816 3189 3123 3247 Chaldaicis
3151 3193 3342 3252 litteris
3355 3199 3554 3268 duplici
3568 3204 3623 3257 in

364 3279 624 3334 laterculo
650 3289 925 3332 exaratus.
954 3276 1160 3331 Habuit
1187 3278 1233 3332 is
1269 3278 1547 3348 sexaginta
1564 3279 1813 3334 homilias
1833 3279 2079 3351 (quorum
2107 3296 2243 3335 nunc
2263 3297 2464 3345 novem,
2483 3279 2549 3336 ob
2565 3281 2766 3337 amissa
2780 3281 2935 3351 folia,
2950 3282 3160 3355 desunt)
3180 3285 3407 3345 Patrum
3439 3293 3622 3347 ortho-

359 3371 620 3422 doxorum
638 3365 791 3436 Greg.
808 3365 1060 3436 Nysseni,
1076 3364 1228 3437 Greg.
1250 3367 1519 3439 Theologi,
1530 3368 1744 3435 Basilii,
1764 3369 2138 3440 Amphilochii,
2152 3371 2317 3441 Joan.
2329 3370 2714 3444 Chrysostomi,
2730 3372 2932 3436 Procli,
2953 3372 3134 3428 Isaaci
3149 3374 3332 3447 (unum
3348 3382 3507 3436 etiam
3523 3384 3625 3438 Eu-

362 3458 492 3514 sebii
512 3458 689 3522 Alex.,
717 3471 840 3510 nam
867 3455 1111 3509 mendum
1130 3464 1208 3510 est
1227 3457 1281 3510 in
1297 3459 1561 3530 catalogo,
1587 3460 1695 3513 alio
1713 3461 1923 3516 nomine
1942 3461 2249 3528 substituto,
2269 3463 2345 3520 De
2369 3463 2459 3521 die
2481 3462 2807 3533 Dominica).
2838 3462 2987 3519 Inter
3002 3466 3095 3521 has
3120 3469 3417 3526 vicesimum
3446 3476 3621 3530 locum

364 3558 502 3606 tenet
531 3547 823 3603 Alexandri
855 3549 941 3601 hic
969 3561 1177 3610 sermo;
1202 3564 1353 3619 quem
1392 3561 1579 3606 auctor
1607 3550 1786 3608 Graece
1814 3555 2120 3624 scripserat,
2149 3555 2278 3627 Syri
2315 3569 2366 3614 et
2398 3558 2622 3622 Arabes,
2660 3566 2719 3612 ut
2747 3555 3121 3629 demonstravi,
3154 3563 3209 3618 in
3258 3565 3464 3637 linguas
3494 3587 3620 3625 suas

361 3642 781 3704 transtulerunt;
809 3640 873 3695 de
896 3640 1049 3711 cujus
1080 3641 1383 3700 sinceritate
1406 3648 1711 3702 testimonia
1737 3648 1996 3716 prwdicta
2016 3648 2254 3704 codicum
2283 3661 2336 3706 et
2363 3662 2639 3706 auctorum
2668 3652 2914 3707 dubitare
2938 3670 3032 3708 nos
3060 3656 3208 3712 nullo
3229 3659 3384 3715 modo
3415 3664 3618 3723 sinunt.

430 3732 510 3805 (a)
549 3731 683 3787 Vide
718 3749 903 3803 supra,
933 3734 1038 3789 col.
1071 3732 1205 3789 458.

379 3860 2311 3891 W

455 3860 3606 3913 Μ

426 4000 806 4077 9-7.x
919 4005 1079 4077 ,νε-ι
1215 3982 1551 4077 VI.’
1786 3985 1830 4077 ἵ
1961 3982 2638 4077 νςτξηεν.
2866 3973 3004 4075 ἐ
3127 4026 3178 4073 ν
3282 4019 3349 4077 ,ρ

1048 4592 1131 4709 s.
1208 4592 1736 4766 ALEXAND!“
1806 4591 2228 4713 muscam
2281 4588 2395 4662 (⁸⁵)
2433 4534 3050 4732 nmmum

1789 4812 2194 4908 SERMO

755 4976 874 5039 DE
929 4978 1216 5041 ANIMA
1280 4983 1390 5045 ET
1457 4984 1899 5051 CORPORIS
1960 4989 2274 5067 DEQUE
2342 5000 2799 5070 PASSIONE
2856 5010 3219 5082 DOMINI.

394 5223 673 5283 νινν
838 5206 1037 5283 οτηξ
1248 5210 1519 5283 ne
1639 5244 1820 5283 γ.-
1974 5260 2018 5283 η.
2174 5249 2463 5283 .-Α
3486 5260 3493 5265 η

359 5247 1991 5400 ῥιξξαεέΙΜ-ἔαζιῖεέιιωὲ

1994 5260 2044 5365 "0
2163 5249 2217 5310 Α
2322 5280 2379 5345 1.
2413 5281 2722 5400 Verbum,
2754 5291 2928 5371 quod
2959 5295 3104 5360 sine
3130 5296 3376 5363 invidia
3392 5260 3626 5370 delam-

357 5436 431 5572 \z
904 5400 1196 5557 13-32
1233 5491 1365 5540 υοο
1397 5423 1734 5573 Ηυξ-ὀ
1772 5406 1989 5567 liii

2071 5444 2114 5482 η,
2244 5397 2306 5463 lo
2328 5397 2712 5486 demittitur,
2748 5414 3051 5479 cordibus
3078 5419 3313 5490 nostris
3342 5420 3626 5504 irrigan-

1994 5501 2139 5551 ’.³
2242 5522 2342 5573 dig
2377 5523 2682 5573 irinnnnm
2715 5540 2808 5573 net
2871 5535 2924 5573 ες
2969 5555 3087 5573 nne
3107 5541 3325 5573 ..:..s..i:
3357 5545 3495 5573 λε..-
3526 5564 3596 5573 ..-

372 5522 485 5634 ξ,
524 5522 861 5649 κ;’-;“
1233 5522 1363 5540 ’⁷⁷
1772 5522 2139 5654 νὲῖεῗυ
2242 5522 2342 5585 dis
2374 5523 2683 5593 idoneum
2715 5540 2835 5609 est,
2869 5535 2924 5599 si
2969 5555 3088 5602 nos
3107 5541 3328 5604 virtuti
3353 5545 3497 5625 ejus
3525 5564 3632 5627 pa-

423 5643 447 5654 Α
703 5629 722 5654 1
800 5650 818 5654 -
938 5630 956 5654 Ι
1199 5631 1218 5654 Ι
1246 5624 1286 5646 ⁸ο
1412 5653 1415 5654 ,
1911 5643 1930 5654 .
2026 5647 2043 5654 -
2343 5648 2356 5654 -
2391 5647 2413 5654 -
2535 5652 2545 5654 Α

356 5616 658 5726 65...;
703 5616 1976 5770 ὶξδιέοᾶιᾶεμᾷοεῖρ

2012 5616 2139 5737 ἑο,
2241 5648 2358 5710 rati
2381 5647 2721 5733 fuerimus,
2761 5675 2887 5723 non
2938 5661 3212 5728 dicendo
3239 5674 3632 5731 tantummo-

427 5796 1598 5901 iiii..'="‘.~..‘,‘.‘.f3.":ﬁffﬂd'SL‘iﬁhsﬁsm
1638 5815 1694 5901 ίιξ
1728 5832 1947 5901 masne.
1965 5818 2348 5901 ςὶιξςθρίειοιθ
2389 5821 2718 5901 Qesmatica.
2767 5839 2875 5901 non
2909 5827 3310 5901 ατςιιίιρίεσορε.
3351 5840 3412 5886 ιιι
3433 5820 3631 5887 deinde

358 5869 611 5937 appeﬂati
644 5869 864 5963 luerunt
891 5869 1154 5943 prxsulés
1174 5869 1576 5954 Alexandrini;
1604 5869 1691 5944 vel
1717 5869 2373 5963 nis"hié’iiziiti§'3€o

642 5961 911 6027 ΡΑτιιοι..
949 5967 1066 6029 Gn.
1108 5968 1339 6035 XVIII.
2271 5961 2274 5963 S

2271 5961 2291 5963 _
3234 5991 3309 6053 19
