4132 6406
350 397 464 460 815

1241 399 1336 454 DE
1363 399 1963 456 ENGASTRIMYTHO
1995 399 2285 456 CONTRA
2323 400 2704 459 ORIGENEM.

3511 404 3621 462 θη

359 593 3586 636 m

799 793 1506 912 ORIGENES
1583 791 1766 907 DE
1850 795 3140 930 ENGASTRIMYTHO.

1671 1017 1743 1097 ,(I
1779 1019 1935 1097 Reg.
1969 1016 2298 1100 XXVIII.)

908 1188 1075 1252 Vide
1107 1187 1379 1268 hujusce
1411 1187 1797 1265 Patrologiw
1825 1187 2330 1250 Graeco-Latinis
2360 1196 2512 1252 tom.
2545 1192 2692 1265 XII,
2727 1192 2849 1254 col.
2894 1193 3068 1254 1011.

980 1582 1328 1716 ΤΟΥ
1400 1575 1923 1713 ΑΓΙΟΥ
2021 1578 2991 1716 ΕΥΣΤΑΘΙΟΥ

838 1842 2131 1961 ΑΡΧΙΕΠΙΣΚΟΠΟΥ
2195 1844 3140 1961 ΑΝΤΙΟΧΕΙΑΣ

1696 2086 1884 2138 ΚΑΤΑ
1916 2087 2301 2140 ΩΡΙΓΕΝΟΥΣ

357 2274 531 2361 ΕΙΣ
603 2275 751 2360 ΤΟ
845 2274 1062 2359 ΤΗΣ
1150 2266 2084 2360 ΕΓΓΑΣΤΡΙΜΥΘΟΥ
2159 2269 2698 2360 ΘΕΩΡΗΜΑ
2771 2269 3606 2362 ΔΙΑΓΝΩΣΤΙΚΟΣ.

1117 2617 1789 2733 SANCTI
1873 2621 2874 2737 EUSTATHII

1502 2827 2028 2888 ARCHIEPISCOPI
2061 2829 2485 2888 ANTIOCHENI

815 2991 1149 3057 CONTRA
1186 2990 1652 3058 ORIGENEM
1670 2995 1787 3056 DE
1817 2995 2554 3061 ENGASTRIMYTHO
2585 2998 3144 3061 DISSERTATIO

1638 3156 1806 3207 Leone
1826 3159 2010 3209 Allatio
2035 3161 2356 3224 interprete?

434 3424 477 3476 ῐ.
521 3421 633 3476 Ἀεὶ
674 3419 772 3492 μὲν
799 3419 1010 3490 ἄγαμαι
1037 3420 1127 3473 τὸν
1157 3420 1420 3492 ἀξιοφανῆ
1449 3422 1546 3493 τῆς
1581 3421 1769 3476 ἐνθέου
1795 3423 1946 3476 πολι-

2116 3423 2160 3478 1.
2215 3420 2442 3490 Semper
2465 3419 2718 3490 equidem
2751 3419 2946 3473 divinae
2979 3418 3194 3473 vivendi
3241 3419 3470 3476 rationis
3511 3430 3622 3478 tum

362 3510 514 3574 τείας
560 3527 653 3562 σου
697 3508 878 3580 ζῆλον,
923 3503 968 3561 ὦ
1016 3509 1450 3580 διαπρεπέστατε
1494 3509 1595 3579 τῆς
1637 3510 1945 3581 όρθοδοξίας

365 3601 658 3674 ἱεροκήρυξ
690 3601 980 3673 Εὐτρόπιε·
1023 3601 1084 3654 τδ
1119 3601 1177 3655 δὲ
1218 3602 1316 3672 τῆς
1351 3601 1632 3667 εὐσεϐείας
1675 3620 1767 3656 σου
1807 3603 1948 3672 γνώ-

369 3710 538 3764 ρισμα
560 3691 842 3764 πολλαχῶς
876 3691 1310 3762 ἐκπληττόμενος
1345 3693 1444 3763 οὐχ
1466 3691 1666 3762 ἥκιστα
1693 3694 1788 3747 καὶ
1819 3695 1947 3765 περ)⁵

362 3786 483 3839 τόδε
533 3785 768 3856 μάλιστα
808 3783 1131 3856 τεθαύμακα
1159 3783 1219 3836 τὸ
1251 3783 1436 3855 μέρος·
1479 3785 1559 3837 ὅτι
1584 3785 1768 3854 σαφῶς
1789 3787 1946 3860 ἀκρι-

365 3877 540 3930 σῶσαι
569 3876 744 3947 βούλει
770 3875 888 3940 πῶς
923 3877 988 3930 ἂν
1014 3875 1194 3947 ἔχοιμι
1218 3875 1443 3946 γνώμης
1471 3875 1633 3930 ’ἑνεκα
1657 3877 1756 3948 τῆς
1785 3879 1950 3947 ἐγγα-

364 3967 662 4040 στριμύθου
702 3968 799 4038 τῆς
830 3968 886 4022 ὲν
928 3969 994 4038 τῇ
1031 3965 1223 4040 πρώτῃ
1248 3966 1355 4019 τῶν
1382 3966 1676 4022 Βασιλειῶν
1708 3969 1948 4040 ἱστορου-

367 4061 557 4132 μένης·
587 4061 647 4112 οὐ
681 4059 790 4130 γὰρ
819 4059 1148 4130 ἀρέσκεσθαι
1179 4059 1285 4129 φῂς
1312 4053 1392 4121 οἷς
1431 4058 1694 4124 ἐξέδωκεν
1737 4059 1948 4132 Ὠριγέ-

363 4169 464 4223 νης
489 4155 566 4216 εἰς
592 4151 749 4222 τήνδε
781 4151 880 4222 τὴν
914 4148 1189 4204 ὑπόθεσιν.
1232 4150 1306 4202 Ub
1345 4150 1450 4220 μὴν
1488 4149 1622 4204 ἀλλὰ
1645 4149 1819 4218 ἔγωγε
1853 4151 1946 4203 καὶ

364 4243 556 4307 ἄλλους
583 4239 697 4298 οἶδα
725 4243 802 4296 ἔτι
835 4243 1217 4315 μεμφομένους
1246 4243 1347 4296 οὑκ
1369 4242 1579 4312 ὀλίγους
1604 4243 1686 4312 ἐφ’
1715 4237 1795 4306 οἷς
1818 4242 1948 4315 ὠρί-

365 4351 499 4388 σατο
535 4337 859 4407 προχείρως,
886 4335 1022 4388 ἀλλὰ
1048 4335 1232 4406 συχνοὶ
1259 4334 1356 4406 μέν
1387 4337 1522 4388 εἰσιν
1547 4336 1596 4388 οἱ
1628 4335 1946 4405 δακνόμενοι

362 4425 463 4490 τὰς
493 4425 668 4498 ψυχὰς
697 4427 1051 4498 ἁσχάλλοντες
1075 4428 1135 4479 οὑ
1173 4427 1426 4498 μετρίως·
1459 4427 1569 4481 ἔσθ’
1595 4429 1682 4481 ὅτε
1720 4428 1774 4480 δέ
1804 4445 1947 4492 τινες

360 4511 445 4582 οἷς
491 4518 728 4590 ἔγραψεν
777 4521 982 4581 ἐκεῖνος
1015 4518 1346 4587 ὑπάγονται,
1389 4521 1456 4590 τῇ
1489 4518 1834 4592 προλαεούσῃ
1863 4519 1948 4572 δο-

361 4609 591 4681 ξοκοπίᾳ
625 4610 753 4680 ῥᾷον
777 4609 1178 4680 ἀνατιθέμενοι,
1213 4611 1437 4674 καὶτοῖς
1464 4611 1688 4680 ὀνόμασι
1727 4611 1945 4682 μᾶλλον,

362 4703 476 4757 ἀλλ’
505 4703 565 4756 οὐ
595 4703 705 4765 τοῖς
733 4701 1020 4773 πράγμασι
1050 4703 1425 4774 προσέχοντες,
1449 4704 1524 4768 ὡς
1549 4704 1688 4758 δέον.
1726 4706 1822 4758 ”Ῑν’
1853 4701 1945 4758 οὖν

2045 3515 2245 3575 zelum,
2282 3512 2506 3582 dignum
2539 3511 2632 3580 qui
2658 3521 2710 3566 et
2735 3510 2858 3565 aliis
2884 3511 3213 3577 innotescat,
3243 3525 3276 3565 ο
3306 3521 3467 3567 recta:
3493 3513 3619 3570 ﬁdei

2045 3603 2400 3661 celeberrime
2427 3609 2481 3657 et
2512 3617 2668 3656 sacer
2695 3602 3020 3672 prmdicator
3048 3601 3271 3672 Eutropi
3292 3643 3306 3668 ,
3341 3619 3620 3659 commen-

2045 3696 2115 3751 do
2141 3713 2154 3750 :
2185 3708 2374 3749 verum
2407 3700 2514 3747 tua:
2537 3693 2768 3764 insignis
2794 3693 3010 3762 pietatis
3035 3693 3234 3764 saepius
3259 3695 3620 3751 admiratione

2045 3797 2376 3849 commotus,
2410 3801 2520 3840 non
2552 3785 2732 3840 minus
2763 3793 2924 3856 atque
2944 3786 3021 3840 illi
3055 3787 3328 3858 praecipue
3349 3803 3468 3841 eam
3494 3789 3619 3844 lau-

2044 3879 2189 3936 davi.
2230 3877 2328 3934 Vis
2349 3878 2547 3948 quippe
2574 3884 2632 3931 ut
2663 3877 2989 3933 sententiam
3025 3893 3200 3932 meam
3236 3879 3303 3933 de
3337 3877 3622 3950 Engastri—

2044 3973 2232 4045 mytlIo
2252 4013 2266 4037 ,
2301 3971 2460 4041 cujus
2496 3970 2673 4041 primo
2699 3967 2908 4040 Regum
2935 3969 3161 4024 historia
3192 3970 3409 4040 legitur,
3437 3972 3623 4027 decla-

2043 4082 2160 4122 rem
2221 4064 2569 4134 dilucideque
2625 4067 2886 4132 aperiam.
2945 4059 3158 4116 Etenim
3209 4076 3331 4131 quae
3389 4063 3457 4118 de
3518 4065 3622 4120 hac

2046 4157 2276 4211 materia
2305 4155 2545 4226 vulgavit
2569 4150 2864 4223 Origenes,
2909 4151 3010 4206 tibi
3039 4167 3216 4222 neque
3247 4161 3401 4222 grata
3442 4171 3623 4226 neque

2046 4257 2270 4318 accepta
2295 4253 2441 4302 sunt.
2479 4243 2614 4298 Novi
2650 4243 2898 4312 equidem
2921 4242 3079 4306 alios,
3113 4257 3318 4313 eosque
3349 4260 3454 4298 non
3486 4261 3623 4316 pau-

2047 4355 2165 4406 cos,
2197 4348 2422 4409 questus
2442 4336 2509 4390 de
2539 4335 2607 4389 iis
2633 4349 2754 4404 qua:
2777 4343 2978 4388 temere
3005 4333 3073 4386 ab
3101 4332 3192 4387 illo
3217 4335 3426 4402 prolata
3459 4345 3620 4401 sunt,

2047 4429 2424 4500 plurimosque
2466 4425 2635 4479 fuisse
2659 4423 2750 4494 qui
2786 4430 3071 4494 propterea
3113 4423 3296 4477 animo
3330 4424 3622 4481 vehemen—

2048 4519 2257 4574 tissime
2285 4515 2696 4573 excruciantur.
2721 4512 2980 4568 Nonnulli
3012 4513 3142 4569 item
3166 4515 3312 4577 illius
3342 4531 3623 4570 commen-

2047 4611 2348 4665 tationibus
2410 4608 2804 4679 acquiescunt,
2862 4621 3178 4676 novumque
3233 4606 3428 4678 dogma
3482 4609 3624 4663 male

2049 4701 2324 4755 intrusum
2351 4698 2509 4754 facile
2537 4699 2972 4768 amplectuntur,
3008 4705 3061 4752 et
3090 4697 3409 4752 nominibus
3439 4698 3623 4768 potius

365 4796 440 4866 μὴ
473 4795 688 4865 δόξαιμι
735 4793 857 4846 κατ’
887 4793 1122 4864 ἐμαυτὸν
1158 4797 1342 4864 ἀγῶνα
1379 4795 1652 4850 δικανικὸν
1683 4797 1940 4866 εἰσάγειν,

2047 4808 2213 4864 quam
2238 4793 2422 4853 rebus,
2458 4791 2602 4860 quod
2634 4789 2778 4844 facto
2801 4804 2939 4858 opus
2969 4795 3135 4853 esset,
3163 4790 3408 4843 animum
3435 4789 3626 4843 adver-

361 4887 464 4940 οὒκ
493 4887 755 4941 ἀνοίκειον
785 4884 1023 4956 ἠγοῦμαι
1059 4887 1236 4940 πᾶσαν
1277 4887 1373 4958 μὲν
1402 4886 1534 4958 ὁμοῦ
1565 4887 1819 4954 συζεῦξαι
1851 4887 1947 4960 τὴν

2045 4891 2188 4939 tunt.
2224 4881 2302 4938 Ne
2349 4882 2514 4953 igitur
2553 4889 2746 4950 sponte
2787 4881 3006 4936 forense
3045 4895 3107 4935 ac
3163 4880 3624 4936 concertator-ium

364 4976 624 5048 ἐξήγησιν
671 4975 838 5030 αὑτοῦ
885 4975 1012 5047 τῇδε
1054 4976 1146 5030 τοῦ
1193 4977 1518 5048 γράμματος
1553 4977 1850 5049 ὑπαγορίᾳ,
1879 4978 1947 5030 δι’

2046 4973 2306 5046 iudiciale
2327 4986 2501 5043 genus
2533 4971 2770 5026 subiisse
2803 4969 3023 5033 videar,
3063 4983 3242 5038 operae
3272 4967 3625 5039 pretiumfe-

367 5067 629 5138 ἑκατέρου
679 5068 736 5122 δὲ
779 5067 1054 5140 τρανῶσαι
1086 5067 1148 5121 τὸ
1189 5069 1378 5137 σαφές·
1421 5068 1497 5132 ὡς
1531 5068 1596 5122 ἂν
1631 5070 1768 5140 μήτε
1803 5067 1949 5133 τινὲς

365 5154 566 5207 oi'owco
580 5159 932 5226 συκοφαντεῖν
957 5157 1106 5228 ἡμᾶς
1129 5157 1277 5220 ὅπως
1301 5157 1500 5228 δήποτε
1530 5156 1752 5222 δοξάσαι
1781 5173 1952 5231 προσ-

365 5245 664 5317 αχθέντας,
725 5249 848 5320 μήτ’
891 5244 956 5302 αὖ
1018 5248 1181 5304 πάλιν
1242 5249 1618 5321 ἀμφηρίστους
1663 5244 1802 5302 εἶναι
1853 5247 1954 5313 τὰς

365 5338 526 5403 δόξας
577 5340 876 5412 ἑκατέρων·
926 5340 1129 5396 οἴονται
1179 5341 1288 5412 γὰρ
1339 5343 1403 5394 ὲκ
1449 5341 1549 5414 τῆς
1609 5340 1952 5413 παραλλήλου

367 5427 709 5500 συγκρίσεως
735 5431 1074 5495 ἁνεξετάζειν
1107 5433 1204 5503 μὲν
1233 5433 1379 5495 ὅπως
1407 5430 1506 5503 ἔχῃ
1528 5431 1683 5503 δόξης
1717 5431 1952 5500 ἑκάτερα

365 5523 436 5576 τὰ
467 5522 628 5594 μέρη,
669 5523 769 5594 τὴν
798 5525 1058 5594 ἀμείνονα
1090 5526 1145 5578 δὲ
1174 5525 1401 5596 γνώμην
1448 5525 1506 5592 ἐξ
1538 5527 1738 5597 ἀμφοῖν
1772 5526 1948 5597 αἱρεῖ-

367 5614 494 5668 σθαι
537 5616 662 5678 τοὺς
703 5615 1036 5686 φιλολόγους.
1077 5617 1212 5672 Οὔτε
1264 5617 1395 5686 γοῦν
1441 5619 1606 5682 ἵππος
1646 5617 1950 5689 ἀγωνιστὴς

366 5701 504 5759 εἶναι
554 5704 802 5779 κρίνεται
855 5707 1075 5778 δόκιμος
1127 5709 1342 5781 ἐαυτῷ,
1383 5710 1599 5781 τρέχων
1649 5709 1942 5774 εὐσκελῶς,

367 5800 477 5855 οὐδ’
508 5803 556 5856 εί
585 5801 790 5875 σφόδρα
835 5800 1035 5872 κοῦφος
1079 5801 1154 5855 ὣν
1181 5801 1368 5878 ὥσπερ
1398 5801 1702 5875 ὑπόπτερος
1733 5801 1944 5886 ιἐπιδεί-

2047 5067 2216 5122 cerim
2253 5065 2300 5120 si
2331 5079 2546 5117 omnem
2579 5062 2728 5116 illius
2769 5062 3164 5132 expositionem
3195 5075 3304 5114 una
3347 5075 3475 5114 cum
3516 5058 3620 5114 hac

2047 5172 2167 5212 mea
2231 5155 2528 5225 scriptione
2578 5153 2943 5224 coniungam,
3003 5159 3058 5207 et
3115 5152 3375 5222 utrinque
3423 5167 3616 5207 verum

2049 5248 2289 5318 aperiam
2317 5265 2330 5301 :
2357 5262 2426 5302 ne
2457 5247 2554 5300 ulli
2585 5245 2846 5317 Opinandi
2879 5246 2951 5300 sit
2980 5245 3134 5299 locus
3163 5259 3266 5298 nos
3303 5252 3490 5314 aperte
3519 5259 3619 5298 ca-

2047 5339 2340 5403 lumniari,
2390 5337 2550 5410 quasi
2598 5335 2806 5392 homini
2845 5350 3038 5405 parum
3083 5336 3316 5406 ingenue
3347 5337 3624 5405 imposue-

2045 5430 2257 5499 rimus;
2300 5430 2532 5500 ideoque
2570 5427 2856 5499 utriusque
2897 5428 3202 5482 sententias
3246 5426 3443 5482 dubias
3476 5443 3619 5484 esse.

2047 5522 2356 5593 Opinantur
2383 5522 2530 5576 enim
2570 5520 2860 5588 utriusque
2888 5518 3298 5586 comparatione
3333 5519 3624 5589 utriusque

2046 5615 2222 5685 partis
2250 5614 2576 5669 sententiam
2621 5609 2815 5664 melius
2845 5607 3120 5674 discerni,
3157 5609 3414 5680 deinceps
3438 5608 3621 5678 philu-

2051 5709 2203 5778 logos
2228 5706 2295 5761 ad
2338 5705 2616 5761 meliorem
2653 5718 2774 5759 sese
2825 5703 3118 5772 applicare.
3154 5699 3275 5756 Non
3315 5701 3499 5771 itaque
3531 5701 3624 5758 ille

2050 5815 2226 5872 equus
2259 5803 2607 5856 concertator
2635 5811 2758 5853 esse
2792 5794 3024 5851 aliorum
3052 5791 3264 5865 judicio
3294 5790 3622 5864 comproba-
