4132 6412
470 417 583 473 6ιὸ

1357 396 1415 453 5.
1450 392 1822 452 EUSTATHII
1852 382 2375 446 A‘RCﬂlEPfSCOPi
2410 378 2826 442 ANTIOCHENI

3635 378 3743 434 616

479 542 569 586 tur
621 530 714 601 qui
776 527 1103 582 festinanter
1133 522 1317 577 'citato
1374 516 1544 589 gradu
1579 520 1875 588 properat,
1925 511 2054 563 licet

2168 523 2344 560 ινυται
2385 504 2482 569 τάς
2535 504 2796 574 κινήσεις·
2849 499 2958 554 οὔτ’
2999 493 3164 564 αὖθις
3210 496 3457 569 ἀθλητῶν
3490 494 3745 550 ὠκύτατα

472 620 784 675 incredibili
814 616 1125 676 celeritate.
1168 611 1327 685 quasi
1359 611 1461 665 alis
1493 609 1779 670 niteretur,
1807 603 2055 672 miraque

478 711 802 768 incitatione
856 708 1146 765 confestim
1206 705 1439 760 advolet.
1484 701 1671 772 Neque
1726 698 2055 753 athletarum

469 806 567 859 ille
594 803 836 873 Optimus
870 810 951 856 est
984 799 1076 871 qui
1126 798 1271 852 inter
1312 793 1637 850 certandum
1673 792 1829 847 ocius
1860 787 2056 861 pedem

474 894 729 949 conferre
764 900 977 965 potest,
1027 905 1129 945 nec
1182 888 1472 958 quisquam
1519 883 1697 947 alius,
1747 882 1865 936 sive
1910 880 2056 933 lucta

468 985 693 1054 agiliter
713 982 1026 1045 contendat,
1059 980 1172 1036 sive
1195 977 1495 1033 durissimo
1523 973 1807 1045 pancratio
1834 970 2060 1025 vulnera

473 1075 741 1146 patiatur,
778 1076 893 1129 sive
914 1081 1084 1128 caestu
1118 1083 1353 1140 pugnam
1386 1064 1727 1126 committat,
1763 1061 1849 1116 vel
1876 1074 2056 1116 aerem

478 1167 629 1222 inani
657 1167 1006 1223 brachiorum
1028 1162 1327 1233 jactatione
1357 1157 1657 1213 everberet.
1691 1153 1797 1207 Eos
1825 1165 2061 1221 namque

480 1259 575 1329 qui
607 1268 885 1314 certamen
929 1258 1154 1319 ineunt,
1207 1252 1458 1307 cominus
1493 1264 1616 1303 cum
1654 1245 1907 1301 hostibus
1958 1258 2060 1312 pu-

2161 588 2378 669 τρέχειν
2430 599 2488 649 ὲν
2542 594 2739 664 σταδίῳ
2798 592 3127 663 δυνάμενος,
3179 589 3306 645 οὔτε
3351 590 3508 654 ἄλλος
3546 587 3742 654 οὐδεὶς,

2161 690 2286 744 οὔτε
2332 688 2577 742 παλαίων
2628 684 2829 757 ὑγρῶς,
2874 682 2998 737 οὔτε
3042 682 3354 753 τραχύτατα
3407 680 3745 753 παγκρατιά-

2164 782 2293 846 ζων,
2332 780 2365 851 ἢ
2411 777 2737 849 πυγμαχῶν,
2783 776 2816 846 ἢ
2860 774 2953 831 τὸν
2994 776 3135 846 ἀέρα
3177 774 3352 846 δέρων
3385 772 3746 845 έωροκοπίαις

2162 872 2565 943 ὑποκειμένοις·
2593 868 2728 922 ἀλλά
2767 866 3026 921 συσταδὸν
3057 866 3319 939 ἁρμόττει
3356 863 3425 917 τά
3464 863 3748 935 μαχόμενα

2163 968 2275 1029 τοῖς
2308 964 2569 1025 ἐναντίοις
2594 963 2947 1015 ἀντιστατεῖν·
2983 959 3051 1012 ἵν’
3094 957 3153 1023 ἔξ
3194 958 3311 1022 ἑνὸς
3346 956 3605 1027 ὁποτέρου
3636 954 3749 1007 δια-

2157 1056 2500 1127 ’γινώσκηται
2548 1051 2610 1107 τὸ
2657 1049 2914 1125 προῦχον.
2964 1052 3123 1104 Ὥστε
3173 1049 3244 1103 τά
3292 1049 3389 1120 μὲν
3443 1046 3748 1118 Ὧριγένεια

2168 1148 2503 1221 προτακτέον
2537 1147 2594 1198 ἐν
2643 1144 2903 1217 πρώτοις.
2936 1144 3041 1214 ἰδία
3068 1142 3127 1196 δὲ
3154 1141 3306 1207 τάξει
3335 1140 3428 1193 καὶ
3467 1138 3559 1193 τὸν
3600 1139 3744 1193 ἀντι-

2168 1242 2433 1295 πίπτοντα
2461 1239 2584 1292 νοῦν
2608 1238 2833 1301 ἐκείνοις
2861 1236 3113 1301 ἐξετάσαι
3146 1232 3529 1287 σπουδαστέον.

478 1369 651 1425 gnare
699 1360 998 1420 contraque
1053 1350 1271 1405 obstare
1336 1348 1524 1405 decet,
1572 1353 1632 1396 ut
1660 1340 1789 1411 quis
1828 1338 2022 1392 melior
2065 1335 2137 1391 sit
2198 1335 2443 1406 dignosci
2495 1333 2656 1388 facile
2702 1333 2895 1403 possit.
2937 1330 3117 1396 Quare
3174 1329 3229 1383 in
3286 1327 3480 1399 primis
3527 1323 3745 1397 quidem
3834 1336 3839 1339 ·

472 1454 611 1500 ante
665 1445 771 1498 alia
850 1419 1103 1513 0rigenis
1167 1440 1317 1494 dicta
1386 1447 1798 1509 proponemus,
1864 1428 2062 1485 deinde
2108 1428 2446 1482 contrariam
2514 1425 2624 1479 illis
2683 1422 3013 1480 sententiam
3097 1419 3526 1484 subnectemus,
3580 1431 3746 1490 quam

478 1539 688 1609 ingenii
717 1536 985 1592 industria
1030 1542 1195 1604 atque
1239 1531 1519 1603 diligentia
1565 1527 1843 1581 discutere
1887 1537 2068 1593 opera:
2098 1522 2337 1592 pretium
2372 1519 2499 1575 erit.

540 1631 616 1696 JI.
650 1631 761 1699 Age
794 1629 958 1698 igitur
1001 1626 1245 1680 historia:
1275 1623 1471 1678 seriem
1495 1659 1511 1685 ,
1549 1616 1732 1690 quoad
1776 1617 1896 1687 ejus
1946 1614 2063 1668 lieri

473 1722 683 1795 poterit
711 1720 981 1789 nobisque
1004 1717 1237 1771 facultas
1262 1713 1505 1775 dabitur,
1537 1707 1907 1779 speculamur,
1938 1703 2065 1757 inde

2241 1614 2306 1666 ll.
2338 1612 2475 1684 Φέρε
2498 1607 2597 1664 οὖν
2628 1608 2760 1664 αὐτὸ
2787 1608 2847 1662 τὸ
2876 1607 2976 1679 τῆς
3011 1605 3252 1679 ἱστορίας
3277 1604 3511 1678 γράμμα
3540 1603 3749 1678 θεωρή-

2172 1723 2354 1776 σωμεν
2405 1705 2481 1768 ὡς
2522 1698 2633 1756 οἷόν
2686 1719 2747 1755 τε
2800 1701 2944 1755 κατά
2988 1699 3050 1753 τὸ
3094 1697 3313 1769 ἐφικτὸν
3343 1696 3551 1750 ἐνθένδε
3584 1697 3748 1752 πόθεν

480 1789 625 1869 unde
646 1827 746 1882 par
777 1818 863 1865 est
886 1815 1106 1879 sumpto
1131 1802 1462 1861 initio.Cum
1494 1798 1627 1854 Saul
1649 1796 1851 1868 optime
1877 1793 2061 1865 populi

2168 1797 2420 1869 ἀρκτέον.
2464 1794 2731 1865 Ὀπηνίκα
2772 1792 2873 1864 μὲν
2927 1793 2955 1844 ὁ
2996 1790 3171 1844 Σαοὺλ
3209 1789 3412 1861 ἀριστα
3453 1789 3749 1860 προΐστατο

478 1908 747 1975 przeesset
791 1896 1171 1960 multitudini,
1220 1909 1434 1958 omnes,
1465 1890 1643 1960 inquit
1677 1888 1733 1951 ι,
1796 1884 2056 1956 engastri-

482 1993 689 2066 mytlios
727 1992 911 2062 ejecit,
963 2002 1265 2058 omnesque
1305 1984 1548 2053 reliquos
1585 1986 1805 2052 gnosia:
1853 1976 2060 2040 dictos,

480 2086 651 2141 veluti
688 2080 1187 2154 perniciosissimas
1217 2085 1424 2149 pestes,
1459 2073 1555 2145 qui
1586 2072 1662 2125 ita
1695 2068 2059 2128 vocabantur,

481 2178 689 2232 ariolos
720 2173 945 2244 depulit.
983 2170 1183 2226 Verum
1221 2168 1310 2222 ubi
1346 2166 1511 2221 rebus
1538 2162 1794 2234 pessimis
1819 2158 2061 2212 animum

482 2267 738 2326 advertit,
767 2281 798 2319 a
828 2262 1167 2334 nequissimo
1194 2259 1441 2315 daemone
1460 2257 1604 2311 male
1640 2262 1904 2315 vexatus,
1940 2265 2066 2303 rur-

484 2374 605 2413 sum
647 2354 808 2409 all'ata
858 2352 1207 2407 fatidicorum
1249 2363 1313 2403 ac
1344 2354 1531 2401 vatum
1564 2343 1855 2397 ambitiose
1895 2338 2065 2394 nimis

474 2448 859 2520 amplectitur,
892 2444 1058 2515 paulo
1087 2448 1215 2515 ante
1248 2439 1516 2495 dissoluta
1550 2449 1909 2505 componens,
1941 2446 2067 2502 pro-

478 2551 782 2614 ptereaque
830 2537 1186 2607 semetipsum
1234 2532 1420 2587 violati
1480 2526 1722 2584 mandati
1776 2540 1933 2581 reum
1977 2539 2066 2577 ar-

482 2649 680 2708 guens.
739 2631 949 2702 Quippe
1012 2642 1138 2683 cum
1209 2623 1377 2680 vicini
1446 2621 1756 2690 alienigena:
1817 2614 2066 2672 unanimi

478 2741 761 2783 consensu
794 2723 994 2779 bellum
1022 2718 1327 2774 indicerent
1347 2719 1465 2781 ’,οι
1498 2711 1716 2768 collatis
1739 2710 1931 2781 signis,
1964 2723 2068 2761 nu-

483 2835 703 2877 merosa
737 2818 1069 2889 phalangum
1097 2812 1255 2883 copia
1279 2825 1430 2864 arma
1460 2810 1848 2868 consererent,
1878 2815 2070 2856 exser-

480 2914 668 2984 tisque
711 2910 908 2982 gladiis
955 2919 1169 2963 summa
1216 2900 1384 2956 animi
1434 2898 1783 2954 contentione
1831 2907 2069 2967 pugnam

486 3007 882 3075 deposcerent;
917 2998 1166 3053 misellus
1208 2991 1340 3048 Saul
1371 2989 1714 3047 tabernaculi
1756 3001 2066 3059 propugna-

484 3100 674 3152 culum
703 3103 758 3151 et
785 3094 994 3163 reliqua
1025 3091 1228 3150 omnia,
1257 3093 1318 3140 ut
1348 3086 1423 3138 ita
1454 3083 1671 3149 dicam,
1711 3080 1931 3136 oculata
1962 3076 2068 3131 ﬁde

2164 1890 2265 1961 τῆς
2289 1889 2383 1943 τοῦ
2414 1887 2544 1942 λαοῦ
2586 1884 2980 1955 πολυανδρίαςη
3022 1882 3182 1955 ἐξῆρε
3206 1881 3445 1948 πάντας
3476 1880 3619 1948 τοὺς
3650 1881 3746 1951 ἐτ-

2164 1982 2624 2053 γαστριμύθους,
2653 1978 2778 2049 ἔφη,
2808 1978 2904 2031 καλ¹
2931 1976 3057 2038 τοὺς
3077 1975 3218 2028 οὕτω
3239 1974 3607 2044 καλουμένους
3633 1973 3749 2027 ὀνόο

2169 2091 2297 2145 ματι
2335 2071 2628 2144 γνώω-τας,
2665 2071 2761 2126 ἆτε
2793 2070 2858 2141 δὴ
2903 2067 3190 2139 λυμεῶνας
3239 2064 3639 2137 ὲμφοχεῦοντας
3667 2064 3746 2136 (1)

2166 2163 2461 2235 ἐχθίστους.
2506 2161 2723 2232 Ἐπειδὴ
2751 2160 2808 2214 δὲ
2847 2159 3078 2231 τραπεὶς
3106 2158 3199 2210 ἐπὶ
3230 2156 3299 2209 τά
3335 2156 3582 2227 χείριστα
3612 2155 3749 2227 πρὸς

2164 2256 2259 2309 τοῦ
2314 2254 2594 2326 ἀλιτηρίου
2648 2251 2862 2326 πικρῶς
2917 2250 3181 2322 ἠλαύνετο
3235 2248 3522 2320 δαίμονος,
3578 2246 3750 2319 ᾤχετο

2169 2347 2330 2402 πάλιν
2358 2349 2450 2400 ἐπὶ
2493 2346 2563 2400 τὰ
2595 2347 2858 2417 φάσματα
2898 2345 2999 2415 τῆς
3033 2342 3287 2415 μαντείας
3317 2340 3519 2405 αὐτῶν,
3550 2339 3750 2394 οἰκοδο-

2171 2437 2437 2507 μούμενος
2469 2434 2506 2489 ἀ
2538 2435 2831 2488 κατέλυσεν
2862 2432 3026 2504 ὀλίγῳ
3055 2430 3313 2504 πρόσθεν,
3348 2430 3539 2484 ἑαυτὸν
3568 2429 3626 2482 δὲ
3654 2429 3750 2482 καὶ

2166 2529 2255 2583 διά
2293 2528 2450 2582 τοῦτο
2497 2526 2818 2599 παραϐάτην
2870 2525 3138 2596 ἐλέγχωνο
3194 2523 3269 2585 ῶς
3324 2522 3432 2595 γάρ
3479 2522 3529 2575 oi
3587 2519 3752 2592 πέριξ

2168 2618 2519 2690 ἀλλογενεῖς
2542 2617 2803 2689 ὁμοθύμῳ
2832 2617 3033 2687 σπουδῇ
3059 2613 3295 2685 πολέμου
3321 2613 3533 2682 γένεσιν
3562 2611 3752 2682 ἀνεκή-

2174 2729 2381 2783 ρυττον,
2422 2710 2799 2782 ἀθροισθέντες
2846 2708 2943 2778 μὲν
2980 2706 3056 2770 ὡς
3097 2707 3175 2760 ενι
3223 2705 3459 2777 μάλιστα
3486 2701 3749 2774 παμπληο

2171 2803 2255 2856 θεὶ
2282 2801 2383 2866 τάς
2429 2801 2717 2871 φάλαγγας
2761 2798 3245 2871 ἀντιπαρέταττον,
3279 2795 3420 2849 ὅπλα
3456 2793 3513 2847 δὲ
3542 2793 3753 2865 γυμνά-

2174 2916 2363 2963 σαντες
2387 2901 2467 2963 είς
2503 2898 2680 2969 μάχην
2710 2896 2922 2961 ἐξίεσαν
2956 2893 3261 2967 εὐρώστωςθ
3290 2895 3319 2947 ὁ
3350 2893 3596 2963 μέντοιγε
3632 2889 3754 2962 σχέ-

2171 2991 2316 3055 τλιος
2358 2991 2552 3056 Σαοὺλ,
2582 2988 2715 3044 αὐτὸ
2762 2990 2821 3041 τὺ
2857 2989 2957 3059 τῆς
3008 2986 3358 3058 παρεμϐολῆς
3405 2982 3753 3054 ἐπιτείχισμα

2170 3083 2559 3155 πεφραγμένον
2609 3080 2733 3135 ἰδὼν
2765 3080 3019 3150 αὑτοψελ,
3052 3078 3181 3141 καὶ,
3210 3077 3272 3130 τὸ
3306 3076 3527 3147 σύμπαν
3556 3076 3750 3139 εἰπεῖν,

480 3189 727 3245 hostium
752 3184 920 3241 armis
945 3182 1168 3237 occlusa
1200 3177 1479 3233 contuitus
1498 3216 1513 3240 ,
1541 3189 1569 3227 a
1595 3189 1655 3231 se
1678 3173 1795 3244 ipse
1814 3170 2068 3227 discessit

2175 3175 2367 3248 ἐξέστη
2412 3174 2812 3242 καταπλαγεὶς,
2845 3172 2923 3236 ῶς
2948 3174 2983 3242 ἡ
3029 3170 3149 3224 Θεία
3194 3167 3496 3241 διαγορεύει
3536 3166 3748 3240 Γραφή”

478 3280 785 3340 attonitus,
838 3282 903 3331 ut
961 3274 1159 3328 divinae
1203 3276 1478 3325 testantur
1531 3264 1770 3320 Littera).
1803 3261 2070 3329 Deinceps

487 3373 697 3427 addunt
716 3364 1063 3433 ,comulebat
1092 3361 1380 3416 Dominum
1404 3358 1429 3391 ³
1453 3399 1468 3424 ,
1517 3363 1781 3428 appetens
1819 3354 2072 3411 videlicet

477 3467 631 3522 scire
661 3463 793 3535 quid
821 3476 959 3531 Optts
989 3457 1135 3512 factu
1192 3461 1371 3520 esset;
1402 3460 1452 3507 et
1491 3451 1704 3505 omnino
1735 3464 1839 3502 non
1865 3460 2073 3516 respon-

476 3557 564 3613 dit
594 3558 643 3612 ei
674 3555 930 3610 Dominus
963 3552 1017 3605 in
1048 3548 1294 3611 somniis,
1324 3547 1377 3600 in
1398 3541 1991 3613 manifestationibuset
2014 3540 2070 3592 in

478 3648 773 3722 prophetis.
811 3645 1057 3701 Scelesto
1094 3656 1330 3712 namque
1370 3639 1644 3709 impieque
1685 3634 1866 3705 agenti
1916 3631 2071 3687 Sauli

489 3743 705 3798 Numen
736 3752 1003 3809 responsa
1031 3751 1138 3791 non
1163 3735 1278 3789 dat.
1322 3730 1465 3797 Quid
1505 3743 1637 3784 vero
1673 3727 1859 3782 divino
1896 3725 2068 3779 desti-

480 3841 645 3890 tutus
678 3830 880 3886 auxilio
901 3827 1129 3900 posthac
1156 3821 1537 3880 machinatur?
1556 3820 1674 3874 Non
1698 3820 1878 3889 placat
1901 3816 2070 3871 Deum

490 3925 750 3998 precibus
789 3921 1004 3978 iteratis
1041 3918 1377 3987 assiduoque
1424 3913 1593 3969 animi
1646 3913 1834 3975 cultu,
1877 3912 1901 3943 δ
1937 3910 2071 3981 quin

491 4014 789 4075 contrariis
826 4028 890 4069 ac
933 4010 1308 4083 pugnantibus
1356 4006 1555 4063 Studiis
1594 4004 1853 4060 resiliens
1898 4002 2071 4073 magis

486 4125 556 4165 ac
587 4108 761 4178 magis
778 4106 904 4178 jura
940 4104 1129 4159 violat.
1162 4100 1355 4157 Pueris
1383 4100 1499 4155 suis
1539 4098 1769 4168 imperat
1799 4093 2070 4148 mulierem

483 4198 967 4274 engastrimyllmm
994 4211 1247 4268 qnwrere,
1280 4202 1340 4246 ut
1377 4191 1445 4246 ad
1478 4207 1597 4246 eam
1631 4187 1880 4243 accedens
1910 4184 2073 4239 veluti

482 4309 556 4349 ex
578 4292 795 4346 oraculo
822 4288 1208 4345 sciscitaretur.
1240 4284 1285 4337 A
1309 4281 1579 4337 ministris
1608 4285 1788 4333 autem
1808 4274 2070 4349 pessimis

484 4390 641 4444 illico
684 4385 921 4441 fanatica
962 4381 1220 4453 prodita,
1263 4376 1396 4433 Saul
1430 4381 1680 4446 prompte
1730 4371 1923 4426 habitu
1968 4383 2070 4425 suo

485 4485 745 4543 mutato,
803 4475 1138 4544 iudutusque
1194 4470 1320 4525 aliis
1376 4464 1765 4529 vestimentis,
1821 4460 2073 4519 velocius.

2177 3268 2315 3340 μετά
2343 3268 2399 3322 δὲ
2441 3268 2598 3321 τοῦτό
2640 3282 2823 3339 φησιν,
2853 3264 3049 3333 ἠρώτα
3072 3262 3171 3317 διὰ
3200 3262 3306 3316 τοῦ
3335 3262 3577 3330 Κυρίου,
3611 3258 3742 3328 γνῶ-

2172 3378 2261 3414 ναι
2289 3360 2489 3431 δηλαδὴ
2512 3358 2578 3413 τὰ
2607 3357 2855 3430 πρακτέα
2882 3355 3215 3426 γλιχόμενος·
3252 3357 3283 3408 ό
3307 3352 3374 3406 δὲ
3402 3352 3615 3419 Κύριος
3642 3352 3748 3403 οὐκ

2172 3453 2532 3522 ἀπεκρίνατο
2560 3450 2625 3505 τὸ
2665 3448 2949 3519 παράπαν
2989 3445 3150 3513 αὺτῷ
3180 3446 3266 3501 διὰ
3294 3445 3390 3508 τὰς
3422 3444 3518 3516 τῆς
3546 3442 3752 3503 ἀδικίας

2174 3544 2513 3617 ὑπερϐολάς,
2563 3542 2698 3596 οὔτε
2744 3542 2814 3596 ἐν
2844 3540 3181 3605 ἐνυπνίοις,
3232 3540 3371 3593 οὔτε
3416 3537 3486 3591 ἐν
3523 3534 3753 3604 δήλοις.

2173 3638 2318 3691 οὔτε
2348 3636 2416 3689 ἐν
2461 3634 2587 3701 τοῖς
2626 3632 2981 3703 προφήταις.
3038 3627 3199 3683 Ἀλλά
3236 3628 3342 3701 μὴν
3373 3627 3566 3698 ἐκείνῳ
3606 3642 3670 3695 γε
3697 3626 3755 3680 τι

2172 3728 2325 3782 Θείον
2366 3727 2465 3780 οὐκ
2503 3724 2869 3799 ἐχρημάτιζεν
2901 3722 3152 3794 οὐδαμῶς
3199 3721 3430 3791 ἀθέμιτα
3478 3719 3754 3792 δράσαντι.

2174 3821 2238 3873 Τί
2263 3819 2319 3873 δὲ
2365 3818 2503 3891 μετά
2531 3818 2704 3871 ταῦτα
2747 3817 2978 3889 πράττει
3005 3815 3103 3885 τῆς
3137 3813 3396 3867 ἀνωτάτω
3427 3810 3756 3884 γυμνασθεὶς

2174 3912 2249 3982 (2)
2286 3910 2639 3982 έπικουρίας;
2682 3909 2804 3963 ἀντὶ
2847 3906 2943 3961 τοῦ
2996 3904 3192 3978 μᾶλλον
3238 3902 3626 3970 ἑξιλεώσασθαι
3662 3920 3756 3956 συ-

2164 4003 2402 4076 ,χνοτέρᾳ
2451 4002 2634 4074 δεήσει
2682 4001 2775 4055 καὶ
2831 3998 3074 4071 καρτερᾷ
3117 3996 3503 4067 ψυχολατρείᾳ,
3531 3996 3758 4049 τούναν-

2172 4095 2284 4149 τίον
2315 4093 2677 4165 ἀποπηδήσας
2712 4090 2866 4158 αὒξει
2905 4090 3003 4159 μὲν
3036 4087 3103 4141 τὰ
3147 4088 3249 4158 τῆς
3272 4087 3608 4149 ἀποστασίας
3637 4086 3756 4136 tm-

2169 4187 2504 4260 τηδεύματα.
2549 4186 2673 4248 Τοῖς
2714 4183 2774 4237 δὲ
2828 4180 3014 4235 παισὶν
3064 4178 3226 4232 αὐτοῦ
3275 4177 3606 4249 προσέταττε
3652 4194 3757 4246 γυ-

2172 4279 2351 4333 ναῖκα
2376 4277 2659 4347 ζητήσειν
2680 4274 3175 4345 ἐγγαστρίμυθον,
3194 4270 3296 4323 ἵνα
3313 4269 3584 4339 ἀφίκοιτο
3609 4267 3759 4336 πρὸς

2170 4374 2367 4443 αὐτὴν
2419 4370 2795 4438 πευσόμενος
2841 4369 2922 4434 ὡς
2970 4368 3041 4421 ἐν
3083 4365 3363 4435 μαντείῳ.
3417 4361 3537 4415 Τῶν
3591 4360 3648 4415 δὲ
3693 4359 3758 4431 δὴ

2173 4466 2462 4538 χειρίστων
2496 4459 2786 4533 ὑπηρετῶν
2816 4459 3013 4512 αὐτίκα
3056 4458 3121 4529 δὴ
3163 4456 3306 4528 μάλα
3337 4452 3758 4525 καταμηνυσάν-

484 4573 736 4631 exercitu
764 4568 995 4624 dimisso
1020 4562 1341 4637 pervolavit.
1380 4558 1482 4617 Ubi
1514 4557 1584 4612 ad
1624 4556 1799 4627 ipsam
1832 4555 2068 4610 accessit

2172 4575 2301 4619 των,
2338 4555 2436 4627 τὴν
2471 4552 2802 4626 ἔμπληκτον,
2826 4553 2855 4607 ὁ
2892 4552 2988 4623 μὲν
3024 4549 3197 4605 Σαοὺλ
3225 4547 3457 4620 ἀμελητὶ
3489 4562 3760 4618 μετασχη-

480 4680 616 4720 cum
651 4662 868 4717 duobus
896 4659 1026 4712 viris
1059 4665 1250 4716 nocte,
1284 4660 1419 4704 tunc
1467 4648 1699 4718 supplex
1751 4646 1899 4701 illam
1933 4646 2068 4700 allo-

2179 4647 2410 4720 ματίσας
2442 4645 2657 4709 ἑαυτὸν,
2692 4644 2791 4699 καὶ
2830 4643 2900 4697 τά
2944 4645 3042 4715 τῆς
3088 4641 3315 4713 ἐσθῆτος
3344 4639 3582 4711 ἀμείψας
3610 4634 3763 4691 aveo!

487 4756 793 4828 quebatur:
831 4751 1131 4806 Vaticinare
1157 4744 1305 4808 mihi,
1322 4743 1534 4805 dicens,
1556 4742 1611 4793 in
1632 4737 2068 4810 engastrimytho,

2179 4758 2345 4814 ματα,
2373 4739 2629 4811 δρομαῖος
2660 4736 2853 4810 ᾣχετο,
2886 4736 2985 4810 τὴν
3020 4734 3279 4808 στρατιὰν
3306 4730 3563 4787 ἐκλιπών·
3598 4729 3674 4793 ὡς
3703 4727 3762 4781 δὲ

484 4819 542 4905 et
572 4847 660 4918 [ac
681 4845 811 4899 mihi
830 4842 1113 4898 ascendere
1133 4851 1287 4906 quem
1303 4832 1496 4887 dixero
1517 4830 1634 4885 tibi.
1666 4828 1839 4903 Igitur
1866 4830 1914 4886 si
1936 4827 2068 4885 Saul

2177 4832 2428 4903 ἀφίκοιτο
2477 4830 2614 4904 πρὸς
2663 4828 2834 4901 αὐτὴν
2880 4829 2999 4900 ἅμα
3046 4828 3200 4881 δυσὶν
3248 4825 3475 4896 ἀνδράσι
3521 4819 3758 4888 νύκτωρ,

490 4912 589 5013 per
616 4936 1110 5011 engastrimythum
1139 4939 1201 4987 ut
1239 4926 1344 4983 sibi
1393 4925 1734 4981 divinaretur
1766 4923 2068 4989 exorabat,

2170 4925 2416 4995 ἀξιώσας
2456 4925 2595 4996 αὐτῇ
2647 4922 3013 4995 προσεφέρετο
3048 4916 3381 4991 τηνικαῦτα,
3416 4912 3763 4967 Μάντευσαι

490 4983 580 5013 γυ·
616 4983 942 5011 ἰ’-ου·-ν--υ--δ
960 4983 1110 4989 -------
1146 4983 1194 4987 τί
2058 4983 2068 4989 _

486 5047 652 5090 veras
683 5028 957 5101 quispiam
996 5024 1169 5081 fuisse
1209 5020 1330 5091 ejus
1358 5033 1521 5073 voces
1558 5014 1936 5072 asseverabit?
1964 5013 2068 5069 νε-

2176 4983 2253 5086 δ-ίῇ
2288 4983 2425 5089 μοι,
2473 4983 2647 5085 λέγῖον
2670 4983 2703 5080 ,’
2733 5014 2803 5068 ὲν
2979 4983 3450 5083 ἐγγαστριμύθῳ·
3502 4998 3765 5071 ἀνάγαγέ
3814 4983 3821 4994 ’

488 5138 612 5181 rum
660 5121 787 5192 quis
833 5119 993 5175 illum
1032 5117 1087 5170 in
1133 5114 1447 5184 deploratas
1478 5124 1812 5167 conversum
1858 5107 2068 5161 divina-

2173 5127 2307 5180 μοι.
2355 5109 2548 5180 φησιν,
2586 5106 2660 5161 ὃν
2708 5106 2786 5160 ἂν
2838 5105 2984 5160 εἴπω
3029 5118 3149 5157 σοι.
3198 5093 3502 5167 Τοιγαροῦν
3548 5092 3706 5163 εἴπερ
3735 5091 3764 5144 ὁ

483 5218 671 5273 tiones
696 5223 752 5273 et
780 5214 1083 5270 diabolicas
1114 5208 1423 5265 fabularum
1454 5203 1807 5276 operationes
1841 5200 2067 5256 immani

2178 5201 2350 5257 Σαοὺλ
2378 5201 2549 5259 ἐδεῖτο
2588 5198 2678 5253 διὰ
2709 5198 2807 5270 τῆς
2845 5190 3283 5266 ἐγγαστριμύθου
3320 5183 3724 5260 μαντεῦςασθαι
3744 5222 3761 5244 .

484 5309 677 5365 lurore
709 5323 737 5361 a
772 5307 1019 5362 daemone
1067 5309 1323 5357 vexatum
1371 5297 1541 5353 fuisse
1594 5292 1844 5369 ignqrat?
1877 5290 2068 5346 Nonne

2178 5292 2314 5363 φαίη
2350 5307 2436 5354 τις
2467 5288 2534 5343 ἂν
2576 5287 2796 5359 ἀληθεῖς
2826 5282 2965 5340 εἶναι
2993 5283 3092 5345 τάς
3122 5278 3331 5334 ἐκείνου
3367 5274 3585 5347 φωνάς;
3625 5270 3763 5325 Ἀλλ’

487 5398 658 5464 Deus,
688 5399 784 5471 qui
826 5399 881 5453 in
904 5414 968 5453 os
994 5394 1236 5449 Balaami
1272 5405 1556 5447 sermones
1583 5385 1847 5457 imposuit
1871 5422 1887 5447 ,
1922 5382 2068 5455 Moy-

2179 5384 2297 5438 ἑστι
2325 5400 2406 5446 τις
2433 5379 2645 5450 ἀγνοῶν
2671 5380 2749 5444 ὡς
2777 5381 2985 5440 ἐκεῖνος
3012 5373 3118 5427 ὑπὸ
3152 5370 3245 5425 τοῦ
3274 5369 3526 5442 δαίμονος
3552 5364 3765 5439 ἀγρίοις

485 5492 648 5564 sique
670 5502 731 5546 ut
758 5504 1019 5561 expresse
1053 5489 1109 5542 in
1150 5484 1404 5541 Numeris
1441 5482 1711 5538 scriberet
1743 5476 2034 5549 imperavit
2056 5517 2068 5540 ,

2183 5475 2436 5530 ἐλαύνετο
2462 5473 2654 5543 θυμοῖς
2691 5474 2772 5535 εἰς
2808 5466 3144 5540 ἀνηκέστους
3174 5464 3470 5535 ὲκτραπεὶς
3508 5455 3763 5532 μαντείας

562 5674 585 5707 ¹
619 5671 651 5728 ι
678 5672 805 5743 Reg.
846 5684 1041 5735 xxvut,
1080 5670 1135 5724 5.
1211 5667 1233 5699 ’
1261 5664 1392 5720 ibid.
1430 5664 1485 5721 ι.
1560 5662 1581 5693 ³
1605 5658 1736 5716 ibid.
1773 5658 1827 5716 6.
1906 5658 1929 5693 ⁵
1957 5654 2087 5711 ibid.
2121 5656 2170 5709 7.

564 5854 612 5929 (1
622 5853 1140 5933 γεμφοχεὺοντας,
1192 5844 1654 5919 Ἐμφωλεύοντας.
2263 5833 2343 5908 (2)
2368 5829 2771 5903 Γυμνασθείς.
2799 5824 3133 5906 Γυμνωθεις,
