4132 6404
394 364 502 421 617

1283 371 1370 425 DE
1410 370 2005 427 ENGASTRIMYTIIO
2044 370 2327 427 CONTRA
2366 370 2746 429 ORIGENEM.

3544 378 3647 434 618

394 488 488 541 καὶ
513 487 821 555 διαῶλικᾶς
855 491 1036 563 μύθων
1068 493 1377 565 ἐνεργείας;
1412 495 1478 547 Τί
1523 496 1667 567 γάρ;
1699 497 1800 550 οὐκ
1831 496 1963 562 ἀξιό-

2078 492 2182 549 ﬁde
2205 494 2419 566 dignior
2449 496 2576 552 est?
2605 492 2729 550 Non
2763 499 2901 549 enim
2941 503 3019 549 est
3065 497 3343 565 auguratio
3364 499 3418 552 in
3443 496 3610 555 Jacob
3631 543 3646 565 ,

394 595 581 642 πιστος
616 580 813 650 μᾶλλόν
843 582 986 634 ἐστιν
1014 584 1041 634 6
1060 580 1212 647 Θεὸς,
1242 583 1270 634 6
1292 583 1419 646 τοὺς
1448 584 1544 654 μὲν
1574 584 1763 651 λόγους
1795 586 1874 647 εἰς
1907 585 1968 638 τὸ

394 667 568 734 στόμα
620 669 714 722 τοῦ
766 670 994 741 Βαλαὰμ
1025 671 1272 743 ἐμϐαλὼν
1294 713 1308 736 ,
1352 673 1649 743 ἐπιτρέψας
1686 675 1743 728 δέ
1781 677 1973 729 Μωσεῖ

390 760 597 831 γράψαι
628 764 805 833 ῥητῶς
835 765 891 817 ἐν
920 768 1029 829 τοῖς
1077 766 1370 838 Ἀριθμοῖςο
1402 771 1483 822 υὺ
1508 767 1618 837 γάρ
1643 769 1813 822 ἐστιν
1842 773 1969 822 οίω-

389 854 609 923 νισμός
651 855 721 908 ἐν
762 856 977 923 Ἰακὼϐ,
1022 857 1163 911 οὐδὲ
1197 862 1450 927 μαντεία
1490 860 1560 913 ἐν
1596 861 1870 929 Ἰσραή.2;
1908 862 1971 914 Εἰ

389 943 572 998 τοίνυν
606 948 985 1019 ἀπαγορευτέα
1025 949 1203 1002 τοιάδε
1242 950 1598 1024 καθέστηκεν,
1634 948 1718 1005 οἷα
1764 952 1827 1024 δὴ
1857 952 1975 1022 βδε-

393 1035 644 1107 Αύγματα
691 1041 906 1112 μυσαρὰ
952 1042 1045 1095 καὶ
1092 1043 1191 1114 τῆς
1235 1042 1488 1114 ὲχθίστης
1532 1045 1975 1117 είδωλολατρείας

392 1130 559 1193 αἴτια,
586 1130 700 1195 πῶς
725 1131 791 1185 ἄν
815 1134 899 1205 εἴη
932 1134 1230 1205 φερέγγυος
1257 1137 1285 1189 6
1331 1137 1540 1207 μάρτυς
1574 1138 1602 1189 6
1639 1138 1848 1201 τούτοις
1877 1137 1973 1191 άν-

2077 603 2237 658 neque
2271 586 2526 643 divinatio
2573 591 2631 643 in
2682 588 2856 643 Israel
2888 588 2929 643 '.
2971 589 3160 659 Itaque
3219 591 3265 645 si
3310 592 3425 647 hau:
3479 595 3659 650 veluti-

2077 680 2414 735 exsecranda
2470 680 2898 751 detestandaque
2956 683 3162 737 scelera
3206 684 3649 759 odiosissimique

2078 771 2346 827 idolorum
2370 775 2551 830 cultus
2580 790 2759 831 causae
2784 776 3051 846 prohibita
3082 784 3240 842 sunt,
3274 782 3548 849 quomodo
3582 784 3648 837 ad

2078 860 2362 918 ferendum
2412 866 2785 922 testimonium
2833 868 2880 924 is
2915 869 3008 939 qui
3045 869 3371 940 impiissime
3410 874 3519 930 illis
3571 878 3648 930 uti

2077 962 2309 1011 conatus
2341 966 2459 1024 est,
2499 958 2729 1015 idoneus
2758 961 2905 1016 erit?
2943 960 3047 1016 Sed
3072 963 3186 1017 haec
3218 965 3383 1035 paulo
3421 966 3653 1023 inferius

2078 1046 2275 1102 iterum
2334 1059 2553 1121 arrepto
2612 1067 2866 1108 sermone
2916 1055 3212 1124 perfectius
3264 1061 3647 1120 tractabimus.

2078 1136 2259 1203 Quare
2294 1140 2362 1195 ad
2394 1142 2633 1198 historia:
2667 1147 2862 1200 seriem
2896 1156 3257 1208 revertamur.

389 1225 659 1281 οσιὼτατα
703 1229 1006 1300 χρήσασθαι
1055 1230 1373 1302 πειραθείς-ς
1423 1230 1579 1285 Ἀλλὰ
1610 1231 1782 1285 ταῦτα
1838 1233 1936 1304 μὲν
1968 1231 2150 1301 ὀλίγον
2201 1234 2423 1307 ὕστερον
2470 1239 2899 1305 ἐπαναλαϐόντες
2954 1245 3327 1320 ἐντελέστερον
3382 1249 3644 1322 ἐροῦμενσ

390 1322 669 1378 ἐπανιτέον
716 1324 773 1377 δὲ
827 1326 987 1380 πάλιν
1040 1328 1120 1390 είς
1167 1327 1264 1398 τὴν
1308 1326 1400 1380 τοῦ
1448 1328 1771 1399 γράμματος
1798 1328 2055 1401 ἱστορίαν.

459 1415 552 1468 III.
592 1416 678 1479 Ὧς
704 1412 797 1471 οὖν
828 1420 862 1489 ἡ
892 1419 1027 1489 γυνὴ
1066 1418 1157 1472 τὸν
1190 1418 1429 1492 ἔκφρονα
1462 1422 1634 1475 Σαοὺλ
1676 1422 1965 1489 ἐθεάσατο,

2150 1421 2234 1475 111.
2264 1423 2456 1479 Mulier
2489 1427 2654 1496 igitur
2685 1436 2954 1484 amentem
2984 1430 3202 1489 Saulem
3228 1435 3446 1505 intuita,
3476 1441 3648 1496 simu-

386 1504 728 1580 πλαττομένη
774 1510 847 1582 μὴ
895 1510 1092 1565 εἰδέναι
1140 1512 1231 1566 τὸν
1276 1512 1561 1585 δυνάστην,
1597 1515 1963 1589 ἀνθυπέφερεν

2079 1512 2198 1565 lans
2245 1530 2302 1568 se
2351 1515 2570 1569 minime
2610 1517 2910 1586 principem
2964 1535 3327 1591 cognoscere,
3366 1533 3650 1600 respondit

384 1595 461 1661 ὡς
481 1600 641 1664 αὐτὸς
663 1601 882 1671 ἄμεινον
903 1602 968 1657 ἂν
992 1605 1074 1675 εἴη
1099 1604 1400 1673 γινώσκων,
1431 1607 1529 1659 ὅσα
1553 1609 1839 1680 πεποιήκει
1860 1611 1963 1672 τοῖς

2079 1603 2229 1656 illum
2273 1624 2300 1657 ιι
2325 1604 2464 1661 elius
2524 1607 2695 1663 scisse
2750 1626 2871 1680 quae
2923 1612 3188 1671 adversus
3241 1618 3430 1673 talium
3466 1639 3645 1679 rerum

386 1692 516 1760 περὶ
546 1690 716 1744 ταῦτα
757 1692 945 1758 δεινοῖς
974 1697 1001 1749 6
1038 1696 1231 1759 Σαοὺλ,
1266 1698 1345 1764 ὡς
1384 1697 1792 1767 ἐξωλόθρευσε
1824 1701 1963 1768 τοὺς

2077 1695 2281 1762 peritos
2309 1695 2436 1750 Saul
2466 1706 2774 1767 patraverat
2813 1719 2827 1767 ;
2861 1704 3119 1772 quomodo
3157 1712 3523 1767 exterminavit
3556 1731 3650 1770 en-

383 1782 908 1855 ἐγγαστριμύθους,
939 1787 1064 1861 ἔφη,
1094 1790 1191 1843 καὶ
1231 1790 1372 1857 τοὺς
1410 1792 1828 1862 ἑκςρωνοῦντας
1853 1796 1963 1849 ἀστιὲ

2073 1787 2447 1857 gastrimythos
2475 1800 2522 1843 et
2548 1792 2945 1860 manifestantes
2966 1797 3028 1850 de
3053 1806 3214 1853 terra.
3247 1800 3373 1856 Ideo
3398 1804 3647 1870 laqueum

384 1873 494 1943 τῆς
528 1875 659 1946 τῆς·
692 1877 872 1934 ἕνεκα
923 1880 992 1934 δὲ
1040 1884 1254 1938 τούτου
1304 1884 1780 1954 παγιδεύσασθαι
1819 1888 1970 1957 πρὸς

382 1968 570 2023 αὐτοῦ
635 1970 713 2039 (5)
771 1970 886 2041 τὴν
947 1974 1161 2043 ψυχὴν
1220 1976 1493 2045 ἔφασκεν
1544 1982 1631 2045 είς
1688 1982 1965 2036 θάνατον.

395 2059 614 2132 Ἐπειδὴ
642 2062 701 2116 δὲ
733 2065 1148 2137 πιστωσάμενος
1173 2068 1322 2139 ὅρκῳ
1351 2068 1768 2126 διεϐεϐαιὼσατο
1805 2074 1968 2145 μηδὲν

382 2151 553 2223 αὐτὴν
606 2153 909 2224 ὑποστῆναι
961 2158 1181 2225 σκαιὸν,
1232 2158 1388 2225 αὖθις
1440 2163 1839 2235 ἐπιρρωσθεῖσα
1901 2171 1966 2239 τῇ

382 2242 574 2314 κακία,
608 2246 1075 2320 παρρησιέστερον
1118 2250 1472 2322 ἀποκρίνεται
1515 2252 1778 2325 δήπουθεν
1809 2258 1841 2327 ἡ
1869 2274 1968 2326 γυ-

381 2333 479 2404 νή·
515 2335 675 2400 Τίνα,
712 2338 897 2408 φησὶν,
943 2338 1142 2411 ἀνάγω
1174 2358 1306 2406 σοι;
1348 2344 1572 2417 Ποταπὴ
1606 2346 1699 2399 καὶ
1745 2348 1966 2419 ὀποίαή

383 2427 733 2499 κακοδαίμων
777 2430 1071 2501 ἐτύγχανεν
1117 2433 1254 2505 αὕτη
1286 2436 1488 2507 γραῦς,
1538 2438 1623 2492 ἵνα
1665 2439 1967 2511 ὑπόσχηται

379 2519 472 2573 τὸν
502 2520 757 2593 Σαμουὴλ
787 2524 851 2576 ἐκ
876 2525 1085 2597 νεκρῶν
1117 2526 1344 2595 ἀνάξαι;
1377 2530 1486 2583 Καὶ
1524 2530 1628 2601 μὴν
1652 2532 1766 2600 εἴγε
1797 2532 1879 2585 δεῖ
1908 2534 1968 2587 τὸ

380 2610 480 2683 τῆς
523 2612 676 2680 ἀξίας
718 2614 1120 2688 ὑπερθεμένους
1152 2620 1346 2686 εἰπεῖν,
1378 2623 1476 2694 οὐχ
1520 2623 1668 2688 ὅπως
1707 2624 1805 2677 οὐκ
1838 2625 1967 2695 ἡδύ-

380 2721 508 2758 νατο
535 2708 880 2779 προφητικὴν
907 2708 1100 2773 ἀνάξαι
1125 2711 1323 2784 ψυχὴν,
1351 2713 1464 2767 ἀλλ’
1501 2715 1620 2769 οὐδὲ
1652 2716 1760 2769 τῶν
1781 2718 1969 2770 ἐπιτυ-

380 2795 582 2865 χόντων
610 2799 819 2862 οὐδενὸς
844 2801 1090 2868 οὐδόλως,
1136 2803 1249 2857 ἀλλ’
1289 2805 1409 2859 ούδέ
1445 2806 1732 2879 μύρμηκος
1768 2809 1800 2880 ἦ
1831 2809 1966 2879 ψύλ-

379 2887 495 2959 λης’
533 2889 593 2942 οὐ
623 2890 731 2963 γὰρ
760 2894 808 2945 οί
846 2892 1099 2965 δαίμονες
1131 2895 1380 2963 ἐξουσίαν
1423 2897 1606 2969 ἔχουσι
1640 2904 1966 2973 πνευμάτων

379 3000 439 3036 τε
471 2984 567 3037 καὶ¹
607 2985 814 3057 ψυχῶν,
864 2989 977 3042 ἀλλ’
1010 2992 1038 3044 6
1076 2992 1295 3046 πάντων
1335 2992 1471 3064 ὁμοῦ
1511 2994 1785 3060 δεσπόζων
1812 2997 1961 3063 Θεός’

378 3074 520 3131 ὥστε
566 3080 632 3150 τῇ
684 3079 805 3152 θεία
834 3083 1012 3137 δοτέον
1043 3084 1199 3153 φύσει
1244 3086 1377 3158 μόνῃ
1420 3086 1479 3154 ἐξ
1522 3087 1648 3159 ᾅδου
1688 3088 1968 3163 μεταπέμ-

2074 1879 2192 1932 vita:
2221 1879 2367 1934 illius
2391 1881 2912 1953 intendere‘dicebat,
2944 1900 2999 1942 ut
3027 1892 3282 1947 occideret
3303 1894 3344 1950 ⁸.
3380 1895 3483 1951 Ubi
3517 1915 3647 1955 vero

2074 1970 2205 2026 Saul
2244 1973 2607 2043 jurejurando
2660 1978 2820 2034 fidem
2849 1982 3127 2053 alligasset
3181 2002 3373 2053 suam,
3433 1992 3643 2048 nullum

2071 2062 2245 2134 ipsam
2281 2067 2587 2123 subituram
2632 2072 2874 2140 malum;
2915 2077 3112 2132 mulier
3143 2077 3372 2136 firmatis
3399 2086 3645 2155 nequitia

2071 2157 2281 2214 viribus
2308 2160 2534 2217 liberius
2562 2162 2749 2234 utique
2770 2166 2949 2221 reddit
2980 2186 3277 2241 responsa:
3314 2174 3500 2241 Quem,
3540 2180 3608 2232 ait
3629 2224 3642 2240 .

2067 2250 2289 2305 evocabo
2316 2253 2410 2306 tibi
2422 2255 2480 2308 7?
2516 2254 2647 2321 Quae
2676 2258 2962 2329 qualisque
2985 2271 3103 2318 erat
3127 2263 3240 2320 haec
3263 2265 3421 2324 furiis
3444 2270 3646 2340 agitata

2069 2355 2239 2406 anus,
2277 2354 2336 2397 ut
2367 2342 2674 2401 Samuelem
2707 2364 2737 2403 a
2765 2351 2996 2406 mortuis
3037 2362 3382 2411 evocaturam
3417 2363 3613 2428 promit

2068 2437 2245 2490 teret?
2275 2436 2339 2490 Et
2370 2453 2525 2503 sane,
2550 2439 2833 2511 dignitatis
2857 2443 3164 2514 insignibus
3195 2450 3438 2518 omissis,
3469 2452 3647 2508 faten-

2068 2526 2198 2582 dum
2252 2536 2337 2585 est
2374 2546 2493 2586 eam
2536 2549 2647 2590 non
2678 2537 2925 2604 potuisse
2975 2539 3350 2609 propheticam
3404 2546 3641 2601 animam

2068 2634 2320 2687 evocare,
2351 2622 2447 2677 sed
2477 2640 2580 2680 nec
2602 2626 2991 2684 alteriusillius
3022 2631 3383 2698 omnino,nec
3400 2635 3645 2697 formicat

2069 2711 2308 2780 quidem,
2343 2728 2445 2770 nec
2467 2716 2685 2785 pulicis.
2713 2716 2925 2789 Quippe
2954 2720 3009 2774 in
3036 2728 3303 2790 potestate
3338 2724 3642 2791 daemonan

2069 2816 2179 2857 non
2212 2811 2342 2858 sunt
2371 2805 2486 2862 sive
2520 2807 2749 2877 spiritus
2793 2811 2908 2866 sive
2957 2813 3187 2880 animae,
3232 2816 3328 2872 sed
3376 2818 3431 2873 in
3471 2821 3644 2876 solius

2068 2893 2166 2951 Dei
2206 2912 2404 2964 manu,
2446 2900 2539 2970 qui
2576 2904 2821 2957 omnium
2866 2914 3051 2961 rector
3096 2911 3351 2966 omnibus
3390 2914 3642 2984 imperat.

2070 2985 2250 3054 Quare
2279 2991 2348 3046 ab
2387 2992 2578 3049 inferis
2618 2997 2832 3052 animas
2873 3000 3165 3055 revocandi
3220 3005 3646 3078 accersendique

2060 3066 2304 3136 facultas
2328 3084 2430 3138 soli
2467 3084 2667 3141 divina:
2692 3095 2903 3143 naturae
2938 3092 3226 3148 tribuenda
3260 3103 3364 3151 cst.
3415 3094 3522 3153 Sed
3556 3066 3643 3155 in-

380 3171 576 3225 πεσθαι
611 3174 705 3227 καὶ
740 3174 900 3227 πάλιν
935 3176 1322 3230 ἀνακαλεῖσθαι
1354 3178 1549 3249 ψυχάς.
1595 3180 1735 3235 Ἀλλ’
1767 3182 1795 3235 6
1827 3200 1963 3254 κομ-

2067 3171 2314 3229 dustrius
2371 3190 2503 3230 sane
2563 3176 2824 3249 Origenes
2890 3180 3213 3238 idololatriae
3274 3185 3640 3245 instrumenta

377 3260 478 3330 ψός
513 3263 813 3335 Ὠριγένης,
845 3267 1287 3339 είδωλολατρείας
1306 3269 1512 3341 ὄργανα
1541 3272 1635 3324 καὶ
1666 3289 1962 3345 νεκυομαν-

375 3353 526 3416 τείας
550 3354 832 3429 εὑρήματα
863 3357 941 3428 τῷ
964 3359 1065 3428 τῆς
1107 3360 1433 3432 Ἐκκλησίας
1466 3362 1634 3417 θέλων
1662 3367 1960 3439 ἐπισκυλῆ-

380 3458 470 3494 σαι
514 3443 615 3513 (5')
643 3444 811 3516 χορῷ,
860 3448 954 3523 τοῦ
985 3449 1128 3503 θείου
1163 3451 1560 3519 καταψεύδεται
1609 3455 1956 3528 γράμματος.

379 3533 558 3606 Αὐτῆς
593 3537 782 3607 γάρτοι
823 3540 921 3611 τῆς
960 3541 1181 3614 Γραφῆς
1226 3544 1528 3614 ἀναφανδὸν
1570 3546 1850 3619 ἐκόοώσης
1886 3548 1962 3613 ὡς

377 3619 594 3697 εἶπενή
640 3629 809 3701 γυνή’
858 3630 999 3687 Τίνα
1050 3632 1250 3704 ἀνάγ-ω
1295 3650 1430 3700 σοι;
1474 3637 1782 3692 τούναντίον
1815 3640 1961 3694 ἀντι-

377 3717 618 3789 στρέψας
658 3713 840 3785 οὗτος,
874 3725 933 3777 τὸ
980 3726 1270 3796 πρόσωπον
1313 3728 1416 3800 ἔφη
1461 3729 1634 3784 ταῦτα
1682 3733 1961 3804 εἰρηκέναι

373 3805 468 3859 τοῦ
513 3808 670 3877 ἁγίου
705 3811 1040 3883 Πνεύματος.
1085 3811 1218 3869 Εἶτα
1258 3817 1510 3872 τοσοῦτον
1540 3820 1810 3892 ἐξετράπη
1858 3839 1961 3876 πα-

379 3899 652 3968 ρασυρεὶς,
701 3898 841 3954 ὥστε
886 3905 989 3956 οὐκ
1034 3903 1266 3977 ἐρυθριᾷ
1309 3907 1386 3977 τῷ
1435 3909 1575 3980 ἁγίῳ
1622 3910 1958 3982 περιτιθέναι

376 3982 653 4058 Πνεύματι
682 3989 751 4044 τά
784 3992 884 4063 τῆς
914 3995 1208 4066 ἐπιλήπτου
1245 3998 1494 4069 ῥήματα·
1525 4001 1752 4055 τοιαῦτα
1779 4002 1838 4055 δὲ
1866 4019 1961 4071 γυ-

379 4080 616 4154 μνοτέρα
657 4087 722 4156 τῇ
768 4085 982 4161 γλώττῃ
1013 4086 1369 4161 βλασφημῶν,
1419 4094 1500 4156 είς
1535 4093 1597 4147 τὸ
1639 4093 1867 4165 Πνεῦμα
1900 4096 1960 4150 τὸ

377 4174 529 4244 ἅγιον
574 4176 833 4249 ἀναφέρει
875 4176 937 4230 τὸ
985 4179 1114 4243 πᾶν,
1152 4180 1448 4253 ἀξιοπίστῳ
1487 4185 1612 4249 τοὺς
1659 4186 1961 4257 αὐτηκόους

375 4268 597 4340 ὀνόματι
623 4270 937 4324 καταιδέσαι
970 4271 1325 4344 πειρώμενος.
1366 4276 1569 4349 Ἤρετο
1600 4276 1699 4347 μὲν
1737 4274 1849 4342 οὖν,
1885 4278 1961 4342 ὡς

374 4358 533 4431 ἔφην,
560 4362 592 4433 ἡ
622 4362 781 4433 γυνὴ,
814 4364 906 4417 καὶ
932 4364 1182 4436 καθάπερ
1209 4364 1457 4431 ἐξουσίαν
1495 4366 1693 4439 ἔχουσα
1726 4369 1820 4422 τοῦ
1859 4387 1957 4441 με-

372 4454 760 4525 ταπέμπεσθαι
808 4457 933 4521 τοὺς
982 4462 1237 4532 νεκροὺς,
1299 4462 1474 4528 Τίνα,
1517 4464 1714 4534 φησὶν,
1757 4462 1955 4533 ἀνάγω

372 4561 506 4610 σοι;
537 4545 631 4601 τοῦ
679 4547 736 4602 δὲ
785 4551 1185 4622 μαντευομένου
1228 4554 1498 4625 φήσαντος
1530 4554 1830 4627 ἀναχθῆναι
1861 4555 1952 4609 τὸν

374 4637 646 4710 Σαμουὴλ,
699 4636 854 4705 αὖθις
897 4643 1167 4715 ἐπιφέρειο
1216 4646 1323 4701 Kal
1358 4641 1520 4699 εἶδεν
1563 4648 1601 4715 ἠ
1646 4647 1800 4718 γυνὴ
1848 4646 1956 4701 τὸν

367 4729 674 4800 Σαμουὴλ,
703 4731 828 4803 ἐφη,
864 4734 959 4786 καὶ
994 4733 1186 4806 ἐϐόησε
1229 4739 1378 4809 φωνῇ
1416 4737 1649 4813 μεγάλῃ,
1693 4740 1787 4794 καί⁵
1833 4735 1954 4792 εἷπε

370 4820 449 4894 τῷ
496 4822 750 4898 δυνάστῃ·
800 4827 961 4880 Διατί
1014 4829 1391 4898 παρελογίσω
1448 4846 1563 4900 με;
1615 4831 1713 4886 καὶ
1765 4831 1846 4886 σὺ
1900 4828 1964 4885 εἷ

372 4913 590 4967 Σαούλ.
637 4913 724 4978 Ὡς
754 4914 811 4968 δὲ
835 4916 865 4967 6
892 4914 1144 4986 βασιλεὺς
1171 4917 1372 4991 ἔφησεν
1403 4920 1562 4994 αὐτῇ,
1601 4919 1700 4990 Μὴ
1740 4921 1951 4991 φοϐοῦ,

374 5003 574 5068 καὶτὸ,
611 5004 679 5059 Τί
709 5006 1003 5076 ἐώρακιις;
1036 5009 1248 5079 ἐπάγει·
1276 5008 1434 5075 αὖθις
1468 5010 1948 5081 ἁνθυπενεγκοῦσα

376 5092 537 5147 πάλιν
582 5097 617 5169 ὴ
663 5098 1000 5171 πυθόμαντις
1044 5100 1180 5173 ἔφη’
1223 5101 1406 5170 Θεοὺς
1446 5101 1677 5173 ἑώρακα
1702 5104 1948 5159 ἀναϐαί-

372 5199 592 5254 νοντας
615 5188 685 5243 ex
725 5189 857 5261 τῆς.
901 5191 1117 5264 Ἐπειδὴ
1147 5193 1203 5246 δὲ
1236 5194 1327 5246 καὶ
1357 5193 1420 5246 τὸ
1461 5193 1766 5248 τελευταῖον
1802 5197 1830 5248 6
1861 5195 1950 5247 δυ-

373 5279 577 5351 νάστης
605 5283 786 5355 ἤρετο,
818 5288 880 5343 Τί
906 5288 1130 5359 ἔγνως
1155 5291 1355 5346 αὐτίκα
1381 5290 1541 5346 πάλιν
1574 5291 1947 5364 ἀνθυπήνεγκε

372 5369 514 5441 πρὸς
535 5369 684 5437 ἐποςο
711 5372 925 5447 Ἄνδρα
945 5378 1144 5449 ὄρθιον
1166 5382 1565 5437 ἀναϐαίνοντα
1588 5382 1658 5436 ἐκ
1682 5381 1792 5449 τῆς
1815 5381 1946 5452 γῆς’

371 5462 470 5517 καί
522 5459 702 5532 οὗτος
743 5466 1221 5542 ἀναϐεϐλημένος
1262 5474 1561 5529 διπλοΐδα.
1612 5474 1678 5527 Τί
1723 5470 1816 5527 οὖν
1857 5474 1949 5527 ἐπὶ

442 5576 837 5647 'Num.uut,
880 5582 971 5641 25.
1044 5586 1066 5617 ⁸
1097 5585 1127 5640 1
1155 5586 1281 5657 Reg.
1334 5603 1528 5651 xxvm,
1570 5586 1623 5643 9.
1704 5589 1723 5618 "
1757 5586 1969 5642 ibid.“

445 5692 523 5764 (5)
561 5695 780 5749 Αὐτοῦ.
812 5678 971 5753 Forte
990 5700 1179 5764 αὐτῆς.

447 5763 546 5833 (5‘)
598 5765 1054 5836 Ἐπισκυλῆσαι.
1086 5763 1228 5835 Quid
1253 5771 1356 5826 sibi
1387 5771 1504 5827 vult
1534 5771 1678 5826 istud
1720 5774 1943 5826 ἐπισκυο

372 5831 555 5903 λῆσαι,
589 5836 732 5905 quod
763 5831 1246 5909 nihil'signiﬁ'care
1286 5841 1500 5911 potest?
1533 5839 1687 5901 Haud
1718 5843 1941 5903 dubium

694 5929 970 5992 PATROL.
1015 5931 1134 5994 Gn.
1180 5932 1408 5999 XVIII.

2064 3264 2584 3337 vaticiniorumque,
2604 3285 2793 3323 eorum
2820 3273 3093 3343 praacipue
3116 3292 3237 3345 quae
3255 3277 3391 3332 fiunt
3412 3284 3643 3339 mortuis

2065 3356 2338 3422 evocatis,
2373 3369 2522 3415 artes
2553 3360 2608 3414 in
2643 3362 3080 3419 ecclesiasticum
3113 3367 3341 3423 chorum
3379 3386 3504 3425 cum
3542 3373 3643 3428 ha-

2065 3444 2218 3501 beret
2280 3448 2334 3502 in
2381 3450 2564 3504 animo
2607 3454 2940 3520 obtrudere,
3005 3440 3061 3511 in
3109 3473 3321 3514 sacram
3380 3464 3642 3521 mentitur

2067 3534 2429 3609 Scripturam.
2472 3543 2682 3614 Quippe
2710 3544 2991 3617 Scriptura
3021 3565 3206 3621 aperte
3239 3553 3527 3627 palamque
3555 3559 3641 3612 di-

2063 3638 2225 3686 cente
2292 3635 2577 3691 mulierem
2648 3638 2854 3694 dixisse
2918 3660 2930 3694 :
2993 3643 3159 3708 Quem
3223 3648 3447 3704 evocabo
3505 3650 3644 3705 tibi?

2063 3722 2356 3778 consilium
2384 3723 2679 3796 Scriptura‘
2710 3729 2763 3783 in
2787 3734 3116 3788 contrariam
3151 3743 3359 3806 partem
3385 3724 3637 3807 all'erens,

2063 3826 2356 3881 personam
2383 3815 2457 3869 ait
2480 3816 2597 3872 haec
2625 3818 2830 3875 dixisse
2862 3820 3099 3891 Spiritus
3136 3816 3332 3882 sancti.
3361 3817 3641 3905 Deinceps

2064 3902 2264 3973 raptim
2285 3919 2458 3976 usque
2482 3923 2547 3962 eo
2581 3923 2610 3961 a
2645 3909 2877 3965 veritate
2908 3911 3125 3968 deﬂexit
3154 3923 3215 3970 ut
3237 3915 3490 3974 fanatica:
3518 3902 3641 3977 mn-

2064 3993 2214 4051 lieris
2246 3997 2407 4052 verba
2436 3997 2660 4068 Spiritui
2686 4012 2877 4056 sancto
2906 4019 3012 4059 non
3041 4014 3288 4062 vereatur
3314 4009 3638 4083 impingere.

2063 4083 2189 4142 Haec
2214 4103 2337 4143 cum
2366 4088 2747 4149 disertissimis
2773 4095 2955 4150 verbis
2990 4096 3156 4167 impie
3186 4098 3430 4169 effutiat,
3461 4111 3639 4160 totum

2060 4180 2228 4235 refert
2277 4180 2331 4235 in
2379 4179 2641 4251 Spiritum
2673 4194 2923 4241 sanctum
2959 4189 3259 4257 auditores,
3290 4196 3509 4251 nomine
3532 4197 3639 4252 fide

2061 4270 2228 4342 digno
2256 4275 2589 4342 persuadere
2615 4285 2865 4333 conatus.
2894 4277 3156 4343 Quaesivit
3180 4282 3365 4353 itaque
3386 4323 3401 4350 ,
3436 4294 3496 4340 ut
3522 4287 3635 4356 jam

2061 4360 2195 4426 dixi,
2226 4362 2443 4428 mulier,
2475 4370 2530 4419 et
2558 4366 2717 4436 quasi
2751 4374 2998 4425 mortuos
3027 4373 3289 4427 evocandi
3319 4371 3633 4431 facilitatem

2061 4453 2317 4520 haberet,
2344 4455 2544 4522 Quem,
2579 4458 2686 4523 ait,
2721 4458 2943 4514 evocabo
2985 4461 3118 4520 tibi?
3143 4461 3349 4520 Verum
3387 4468 3480 4537 qui
3511 4483 3639 4523 ora-

2059 4547 2181 4602 cula
2234 4549 2589 4616 consulebat,
2629 4561 2686 4606 ut
2734 4549 2950 4609 Samuel
2988 4555 3334 4623 educeretur,
3377 4568 3635 4630 petente.

2055 4638 2279 4695 subdit:
2315 4639 2385 4693 Et
2414 4641 2543 4695 vidit
2571 4642 2762 4697 mulier
2783 4643 3116 4712 Samuelem;
3156 4656 3210 4703 et
3248 4651 3461 4706 sublata
3502 4668 3637 4710 vove

2056 4730 2332 4796 clamavit,
2353 4730 2600 4803 dixitque
2627 4734 2861 4804 principi
2898 4755 2910 4790 :
2943 4736 3053 4791 Cur
3080 4739 3319 4809 fefellisti
3348 4758 3429 4796 me
3448 4743 3474 4795 ἰ)
3504 4751 3553 4796 et
3579 4751 3635 4794 tu

2055 4838 2110 4876 es
2142 4820 2298 4876 Saul.
2326 4823 2625 4894 Postquam
2666 4840 2760 4881 rex
2783 4827 3014 4884 dixisset
3074 4849 3087 4885 :
3150 4829 3232 4885 Ne
3279 4833 3507 4900 timeas,
3558 4843 3633 4897 et,

2058 4910 2199 4977 Quid
2230 4912 2409 4966 vidisti
2426 4916 2455 4984 2
2496 4930 2715 4970 rursum
2749 4918 3045 4988 pythonem
3082 4920 3287 4976 habens
3322 4924 3521 4979 mulier
3550 4925 3636 4978 in-

2058 5004 2165 5059 fert
2200 5025 2212 5059 :
2248 5004 2386 5061 Deos
2438 5006 2922 5066 vidi‘ascendentes
2968 5012 3032 5067 de
3089 5023 3249 5069 terra.
3311 5015 3450 5070 Cum
3501 5032 3634 5071 vero

2058 5099 2277 5154 tandem
2330 5101 2587 5172 princeps
2632 5103 3025 5175 interrogasset
3065 5125 3077 5160 :
3117 5107 3306 5173 Qualis
3344 5118 3421 5162 est
3460 5109 3635 5178 forma

2056 5191 2213 5261 ejus?
2243 5192 2313 5247 ad
2340 5194 2563 5248 verbum
2585 5196 2659 5250 ita
2693 5195 2853 5252 allata
2885 5206 3004 5254 est:
3036 5199 3278 5255 flaminis
3298 5203 3426 5255 recti
3457 5219 3637 5258 ascen-

2042 5284 2228 5339 ‘dentis
2264 5286 2328 5340 de
2360 5295 2534 5350 terra;
2580 5297 2631 5342 et
2661 5290 2769 5358 ipse
2810 5295 3033 5347 amictus
3079 5301 3156 5347 est
3207 5293 3456 5362 diplaide.
3492 5295 3633 5362 Quid

2057 5384 2511 5447 pratereasacra
2536 5379 2819 5452 Scriptura
2844 5386 3047 5439 tradit?
3079 5385 3143 5440 Et
3169 5389 3309 5442 novit
3342 5387 3476 5443 Saul
3496 5390 3633 5459 quod

2058 5466 2277 5522 Samuel
2305 5476 2438 5523 esset
2464 5464 2575 5534 hic,
2608 5479 2656 5525 et
2679 5472 2952 5526 inclinavit
2985 5491 3040 5543 se
3076 5491 3230 5545 super
3256 5475 3447 5544 [aciem
3479 5492 3633 5529 suam

2055 5694 2187 5788 quin
2217 5696 2500 5788 legendum
2531 5698 2601 5753 sit
2639 5698 3021 5788 ἐπικυκλῆσαιι)ξ
3060 5699 3153 5788 νειΙ
3177 5694 3628 5788 ἐπεισκυῇλῆἕξιθξ.

2051 5765 2240 5893 Ἆοάὶω
2266 5764 2377 5823 fere
2414 5782 2579 5827 sensu
2610 5786 2719 5842 quo
2752 5764 3103 5840 ἐπιτειχίζειν
3142 5771 3341 5839 legitur
3365 5766 3474 5823 col.
3500 5764 3631 5828 625,

2104 5874 2116 5891 .
2204 5852 2315 5892 Dl'l'.

3241 5931 3318 5991 20
