4132 6410
490 350 599 406 619

1458 336 1515 395 s.
1555 334 1927 396 EUSTATHII
1955 334 2279 392 Episcopi
2325 319 2744 393 ANTtoanm

3641 331 3749 388 620

490 474 549 527 in
578 478 721 522 terra
741 503 755 527 ,
796 471 845 519 et
869 458 1111 515 adoravit
1142 456 1323 513 eum'.
1358 455 1705 513 Manifestum
1738 459 1923 527 itaque
1952 463 2066 519 est,

2181 452 2384 517 τούτοις
2406 453 2712 526 διαγορεύει
2738 453 2771 523 ἡ
2802 451 2923 506 θεία
2949 450 3170 523 Γραφή;
3201 449 3309 506 Καὶ
3347 449 3502 521 ἔγνω
3525 453 3745 517 Σαοὺλ,

491 557 686 620 nullibi
728 553 955 609 omnino
989 564 1271 606 sacrarum
1318 548 1625 605 litterarum
1673 548 1869 604 seriem
1920 546 2065 601 allir-

492 663 799 721 masseper
822 645 1107 700 mulierem
1135 643 1282 697 illam
1313 641 1809 713 engastrimythum
1838 637 2071 694 Samue-

480 748 600 801 -lem
647 747 936 798 evocatum
992 736 1184 791 fuisse.
1227 733 1335 789 Sed
1383 735 1476 788 illa
1525 732 1746 804 quidem
1792 732 1848 786 in
1880 730 2070 801 primis

494 851 593 908 per
638 834 961 889 incitantem
1019 828 1193 899 ipsam
1224 826 1526 881 daemonem
1572 824 1707 879 dicit
1751 824 1905 879 illum
1948 836 2072 877 evo—

494 926 770 994 candum;
808 922 1007 980 deinde
1057 928 1111 976 et
1146 920 1278 975 deos
1331 918 1691 974 ascendentes
1738 916 1923 972 videre
1955 915 2071 984 glo-

496 1022 669 1085 riata,
708 1015 1088 1073 fraudulenter
1129 1012 1286 1082 signa
1314 1010 1551 1065 hominis
1583 1008 1869 1073 tradebat,
1915 1017 1975 1061 ut
2003 1021 2072 1061 ex

496 1110 716 1171 insidiis
742 1113 1055 1179 occuparet.
1090 1103 1155 1158 Et
1178 1102 1405 1159 demens
1431 1100 1563 1155 Saul
1596 1117 1664 1156 ex
1699 1100 1788 1156 his
1818 1114 1939 1170 quae
1966 1114 2070 1153 au-

497 1206 702 1273 dierat,
728 1202 1006 1257 intellexit
1027 1196 1171 1269 quod
1198 1196 1289 1250 ille
1311 1196 1427 1266 ipse
1456 1200 1603 1249 esset
1636 1191 1875 1247 Samuel.

572 1468 661 1527 IV.
691 1470 775 1525 An
824 1484 955 1541 ergo
994 1468 1127 1523 fides
1176 1465 1483 1521 adhibenda
1517 1464 1588 1521 sit
1622 1463 1707 1519 vel
1756 1478 1787 1517 a
1830 1461 2075 1517 dwmone

496 1572 693 1620 vexato
721 1562 893 1627 Sauli,
929 1561 1086 1631 quasi
1113 1574 1293 1614 veram
1324 1565 1682 1627 exactamque
1707 1554 2072 1626 cognitionem

496 1654 757 1719 haberet,
800 1652 886 1707 vel
945 1649 1177 1705 dazmoni
1214 1648 1281 1703 de
1337 1652 1510 1701 semet
1552 1644 1792 1716 gloriose
1834 1642 2075 1711 loquenti

498 1747 948 1820 promittentique
969 1744 1039 1799 ab
1069 1741 1557 1810 inferisjustorum
1597 1737 1811 1791 animas
1841 1734 2075 1790 eductu-

2169 543 2260 597 ὄτι
2288 542 2568 614 Σαμουὴλ
2595 544 2764 599 ἐστιν
2788 540 2985 610 οὗτος,
3010 541 3107 596 καὶ
3132 543 3365 611 ἔκυψεν
3394 544 3492 597 ἐπὶ
3517 548 3752 614 πρόσω-

2172 650 2290 690 πον
2316 636 2502 691 αὐτοῦ
2528 637 2627 689 ἐπὶ
2656 636 2773 705 τὴν
2793 636 2930 707 γῆν,
2959 636 3058 688 καὶ
3086 637 3544 705 προσεκύνησεν
3567 638 3746 705 αὐτῷ.

2171 727 2423 782 Φαίνεται
2455 725 2631 780 τοίνυν
2662 728 2739 790 ὡς
2770 725 3009 797 οὐδαμοῦ
3043 727 3103 780 τὸ
3136 726 3395 799 παράπαν
3421 730 3452 799 ή
3485 729 3578 782 τοῦ
3604 728 3748 783 θείου

2172 818 2496 890 γράμματος
2525 817 2724 890 ἔφησεν
2761 817 2956 889 ἐκδοχὴ
2996 818 3087 871 τὸν
3122 819 3373 889 Σαμουὴλ
3402 820 3634 890 ἀνῆχθαι
3661 820 3750 874 διά

2170 912 2271 983 τῆς
2307 911 2761 983 ἐγγαστριμύθου·
2792 912 2908 965 ἀλλ’
2933 912 3069 982 αὑτὴ
3101 913 3198 982 μὲν
3222 913 3642 985 προηγουμένως
3662 912 3750 966 διά

2172 1004 2264 1059 τοῦ
2284 1003 2708 1077 ἐκϐακχεύοντος
2723 1005 2860 1076 αὐτῇ
2881 1004 2948 1075 [Γ.
2971 1006 3163 1072 αὐτήν,
3181 1022 3226 1058 υ.
3244 1008 3301 1058 ἐν
3321 1004 3482 1076 αὐτῇ]
3499 1005 3750 1076 δαίμονος

2172 1097 2574 1167 ἀποφθέγγεται
2611 1097 2721 1151 δεῖν
2781 1098 3005 1167 ἀνάγειν
3030 1098 3211 1152 αὐτόν·
3278 1093 3398 1151 εἶτα
3451 1101 3545 1152 καὶ
3596 1098 3751 1161 θεοὺς

2172 1190 2420 1254 ἀνιόντας
2442 1190 2823 1261 ἐπικομποῦσα
2852 1190 3098 1263 θεωρεῖν,
3128 1192 3310 1262 ἀπάτῃ
3351 1191 3449 1263 μὲν
3472 1191 3640 1244 ἐδίδου
3679 1192 3747 1245 τά

2175 1284 2375 1351 σημεῖα
2423 1281 2648 1352 τάνδρὸς
2689 1283 2768 1345 είς
2820 1281 3061 1353 ἐνέδραν·
3109 1283 3137 1334 ὁ
3172 1282 3229 1335 δὲ
3268 1282 3572 1354 παράφρων
3609 1282 3751 1353 έγνω

2173 1371 2346 1425 Σαοὺλ
2383 1370 2443 1436 ἐξ
2479 1366 2555 1426 ὧν
2580 1373 2815 1443 ἀκήκοεν
2848 1372 2924 1436 ὡς
2954 1373 3115 1436 αὐτὸς
3147 1369 3299 1437 οὗτός
3327 1376 3442 1427 ἐστι
3475 1375 3747 1448 Σαμουὴλ,

2244 1461 2332 1514 IV.
2365 1463 2427 1515 Ei
2450 1462 2510 1514 δὲ
2539 1462 2620 1515 δεῖ
2646 1462 2920 1515 πιστεύειν
2948 1462 3080 1533 ἢτῷ
3109 1462 3536 1535 δαιμονιζομένῳ
3556 1464 3748 1527 Σαοὺλ.

2172 1554 2247 1617 ὡς
2279 1554 2453 1624 ἀληθῆ
2488 1554 2740 1623 γνώσεως
2764 1554 3094 1627 ἠκριϐωκότι
3122 1556 3443 1626 κατάληψιν,
3474 1556 3507 1628 ἢ
3539 1556 3750 1627 δαίμονι

2174 1646 2508 1717 καυχωμένῳ
2533 1646 2626 1699 καὶ
2652 1645 2829 1716 ψυχάς
2852 1646 3263 1717 ὑπισχνουμένῳ
3297 1645 3519 1701 δικαίων
3540 1646 3599 1712 ἐξ
3624 1646 3749 1717 ᾅδου

2179 1736 2655 1807 μεταπέμπεσθαι,
2686 1736 2959 1809 κρίνωμεν
2994 1738 3121 1808 παρ’
3158 1738 3371 1801 ἑαυτοῖς
3407 1738 3538 1807 ὅσης
3569 1737 3632 1791 ἂν
3665 1738 3751 1808 εῐη

498 1856 645 1908 rum,
678 1841 824 1897 inter
846 1854 948 1893 nos
970 1838 1120 1908 ipsos
1150 1832 1550 1905 dijudicemus,
1586 1830 2073 1896 discernamusque

2181 1845 2234 1898 γε
2278 1828 2587 1899 δυσφημίας
2620 1827 2885 1892 ἀνάπλεα,
2920 1829 3091 1883 ταῦτα
3121 1830 3214 1883 καὶ
3240 1829 3307 1882 τά
3334 1828 3558 1882 τοιαῦτα
3591 1832 3747 1893 νοεῖν.

500 1936 618 1992 haec
644 1940 699 1989 et
732 1931 933 1988 similia
964 1929 1068 1985 hoc
1098 1926 1260 1983 modo
1293 1924 1629 1994 intelligere,
1677 1936 1841 1992 quam
1872 1934 2072 1974 vanum

501 2028 839 2099 impiumque
870 2023 962 2089 sit,
998 2037 1031 2076 ο
1060 2020 1263 2090 optime
1290 2017 1572 2072 hominum
1608 2009 2074 2082 Eutropi.Mirum

498 2120 647 2175 enim
694 2122 960 2189 quantum
1014 2128 1045 2167 a
1091 2111 1356 2173 veritate,
1411 2115 1471 2162 ut
1520 2106 1757 2171 videtur,
1813 2101 2076 2173 Origenes

500 2207 862 2267 aberraverit.
892 2205 961 2260 Et
999 2206 1046 2261 si
1082 2203 1348 2259 Dominus
1377 2206 1567 2255 noster
1611 2195 1771 2252 Jesus
1819 2194 2075 2249 Christus

501 2303 570 2361 de
598 2294 1229 2366 diabOIOdieat’-‘°:Ipse
1266 2290 1532 2347 homicida
1567 2296 1682 2343 erat
1712 2287 1777 2341 ab
1804 2286 1988 2351 initio,
2024 2294 2076 2338 et

500 2396 801 2453 iuveritate
840 2409 945 2448 non
992 2391 1168 2453 stetit;
1211 2386 1462 2459 quoniam
1501 2382 1695 2437 veritas
1736 2380 1792 2433 in
1830 2380 1944 2449 ipso
1972 2395 2076 2432 non

499 2495 639 2543 erat.
671 2484 806 2541 Cum
829 2483 1064 2554 loquitur
1093 2477 1448 2540 mendacium,
1482 2490 1547 2530 ex
1573 2473 1799 2543 propriis
1823 2470 2073 2541 loquitur,

499 2578 751 2650 quoniam
785 2572 1011 2630 mendax
1036 2580 1113 2625 est
1130 2610 1146 2637 ,
1176 2578 1224 2625 et
1246 2576 1399 2639 pater
1436 2567 1640 2637 ipsius:
1673 2564 1803 2635 quid
1828 2564 1938 2628 hic,
1958 2562 2039 2617 ais
2061 2601 2077 2627 ,

501 2668 803 2742 Origenes?
836 2664 999 2721 Prius
1025 2665 1172 2720 enim
1202 2660 1623 2731 interrogandus
1666 2673 1727 2714 es
1759 2677 1770 2711 :
1808 2655 1932 2711 llaec
1956 2670 2078 2726 qum

499 2761 757 2817 Salvator
783 2759 923 2815 dixit
946 2770 1076 2813 vera
1098 2763 1256 2817 sunt,
1278 2768 1347 2807 an
1373 2750 1713 2823 respondens
1737 2747 2076 2806 contrarium

499 2850 693 2908 dices?
716 2850 909 2919 Itaque
945 2847 993 2902 si
1017 2845 1181 2900 verba
1216 2840 1433 2896 Domini
1462 2840 1531 2895 de
1574 2853 1725 2894 more
1753 2850 1882 2892 vera
1914 2842 2074 2901 sunt,

501 2956 635 3013 ergo
683 2939 896 2996 daemon
953 2935 1216 2990 audacter
1268 2932 1607 2989 iusolescens
1654 2928 1916 2984 mentitus
1970 2933 2074 2982 est.

502 3032 707 3090 Verum
737 3031 787 3088 si
820 3028 1085 3085 daemonis
1124 3040 1407 3083 sermones
1440 3023 1655 3080 veritati
1688 3038 1798 3077 non
1840 3021 2077 3076 absonos
2109 3093 2113 3097 ε

504 3123 723 3190 deﬁnis,
756 3119 1076 3176 mendacem
1103 3117 1395 3174 Dominum
1421 3116 1611 3186 utique
1640 3112 1810 3169 audes
1854 3111 2081 3168 demon-

506 3225 702 3273 strare.
745 3210 983 3269 Videsne
1020 3224 1184 3281 quam
1234 3208 1483 3263 inculcas
1550 3204 1913 3267 sententiam,
1957 3218 2080 3273 qua:
2105 3194 2147 3253 C

506 3303 744 3364 absurda
777 3303 1067 3373 ineptaque
1087 3298 1401 3355 contineat?
1427 3296 1766 3367 Quandoque
1795 3294 1939 3349 enim
1972 3293 2081 3348 dae-

504 3411 696 3455 mones
723 3395 793 3450 ad
831 3392 1117 3449 veritatem
1147 3389 1435 3445 dicendam
1459 3391 1512 3443 vi
1551 3386 1956 3458 compelluntur
1983 3385 2083 3440 do-

503 3488 716 3545 loribus
735 3484 869 3541 torti
901 3502 915 3539 :
946 3488 1322 3539 verumtamen
1353 3480 1490 3536 nihil
1520 3492 1753 3550 usquam
1775 3477 2083 3534 voluntarie

507 3581 626 3637 sine
656 3577 942 3634 mendacio
982 3573 1242 3631 dixerint.
1288 3570 1494 3628 Tamen
1537 3570 1582 3627 si
1618 3570 1746 3641 quis
1780 3571 2081 3625 daemonem

503 3671 687 3740 jnstos
721 3668 790 3723 ab
819 3664 1010 3721 inferis
1041 3677 1272 3720 evocare
1300 3661 1624 3726 allirmabit,
1670 3660 1943 3731 quomodo
1967 3673 2084 3713 ma-

506 3760 771 3816 nifestum
799 3773 913 3813 non
956 3756 1097 3821 erit,
1138 3753 1329 3811 fraude
1364 3753 1709 3809 mendacium
1751 3751 2081 3829 obtrudere,

510 3853 604 3908 illo
623 3851 805 3906 animo
826 3860 886 3904 ut
907 3849 1140 3919 aliquem
1165 3846 1499 3918 praecipitem
1523 3854 1705 3900 actum
1728 3843 2086 3900 consternat?

512 3946 591 4001 Ita
614 3951 731 4010 est,
762 3942 838 3997 ait
864 3960 879 3998 :
903 3940 971 3998 At
1005 3942 1096 3997 illa
1125 3940 1339 3996 daemon
1378 3940 1565 3996 nullus
1597 3938 1804 3995 ell‘atus
1831 3947 1950 4005 est,
1987 3937 2084 3993 sed

512 4052 745 4094 narrans
773 4034 1059 4107 scriptoris
1091 4049 1229 4103 vox;
1258 4048 1579 4090 sermonum
1602 4045 1734 4088 vero
1758 4030 2083 4101 scriptorem

507 4147 632 4191 esse
660 4129 922 4201 Spiritum
952 4137 1233 4193 sanctum,
1267 4134 1321 4183 et
1342 4142 1453 4184 non
1482 4126 1759 4181 hominem
1783 4124 2081 4180 credimus.

502 4224 675 4283 Forte
706 4224 870 4282 seriei
915 4221 1247 4279 narrationis
1293 4223 1593 4295 pugnantia
1625 4221 1681 4276 in
1723 4220 1963 4276 medium
2003 4217 2087 4274 af-

503 4319 657 4377 Ierre
695 4333 808 4374 non
858 4317 1016 4387 plane
1063 4316 1357 4389 intelligis?
1422 4314 1647 4370 Rectius
1709 4314 1930 4384 itaque,
1989 4310 2085 4382 qui

506 4409 774 4482 paulatim
818 4408 887 4463 ad
919 4408 1242 4465 omnifarios
1277 4423 1559 4464 sermones
1612 4406 1856 4461 animum
1904 4406 2087 4459 inten-

511 4505 644 4558 dere
692 4508 996 4567 noverunt,
1046 4499 1345 4555 tradidisse
1407 4498 1743 4553 narrativam
1797 4495 2091 4566 scriptoris

514 4593 880 4658 locutionem,
920 4607 1040 4663 qua:
1074 4591 1363 4648 videbatur
1407 4589 1586 4644 facere
1624 4589 1710 4644 vel
1747 4588 1932 4644 dicere
1963 4602 2089 4643 ora-

512 4685 660 4751 cula,
675 4684 887 4755 petenti
918 4682 1069 4739 Sauli
1101 4679 1571 4753 engastrimythus
1594 4720 1610 4745 ,
1641 4679 1709 4735 de
1744 4693 1809 4735 ea
1837 4678 2089 4735 videlicet

515 4781 706 4829 auctor
734 4785 968 4829 narrans
999 4772 1230 4843 ejusque
1281 4770 1345 4825 ad
1395 4769 1620 4825 verbum
1658 4770 1944 4826 sermones
1985 4786 2086 4826 ex-

513 4881 760 4940 ponens,
798 4864 977 4938 inquit
1031 4884 1057 4919 .:
1103 4862 1173 4918 Et
1208 4863 1345 4918 dixit
1384 4863 1573 4918 mulier
1601 4880 1620 4917 :
1654 4862 1823 4930 Quem
1864 4862 2085 4918 evocabo

510 4959 653 5017 tibi?
682 4958 817 5027 Quis
843 4957 917 5014 ita
948 4971 1140 5013 vecors
1168 4963 1224 5010 et
1254 4955 1485 5011 stolidus
1514 4955 1640 5020 erit,
1676 4962 1737 5009 ut
1775 4954 1995 5011 simulet
2027 4970 2088 5011 se

489 5052 740 5123 ,minime
771 5066 998 5122 capere,
1030 5064 1194 5104 voces
1233 5048 1333 5103 has
1362 5047 1647 5118 scriptoris
1680 5047 1906 5103 minime
1929 5062 2085 5111 esse,

478 5142 613 5201 sed
654 5142 910 5199 mulieris
950 5158 981 5197 a
1011 5141 1257 5197 daemone
1286 5141 1528 5196 vexatae?
1568 5139 1731 5198 Certe
1760 5141 1808 5198 si
1856 5141 1990 5213 quid
2029 5140 2087 5195 in

514 5236 619 5291 bac
639 5248 701 5291 re
721 5248 910 5291 verum
942 5234 1326 5305 sincerumque
1345 5234 1436 5298 sit,
1455 5233 1776 5305 perspicere
1800 5232 2087 5298 debemus,

513 5325 760 5381 narratio
782 5323 917 5379 illud
953 5331 1162 5387 tantum
1193 5324 1386 5380 habuit
1422 5344 1435 5378 :
1481 5323 1623 5379 Vidit
1648 5324 1839 5380 mulier
1863 5323 2089 5379 Samue-

515 5418 638 5475 tem.
698 5414 827 5473 Haec
888 5433 1052 5489 porro
1086 5417 1173 5472 ita
1233 5424 1558 5489 prosecutus
1611 5427 1698 5473 est
1757 5413 2087 5487 scriptione,

514 5510 674 5581 quasi
704 5510 774 5566 ad
806 5510 1032 5568 minime
1054 5510 1273 5583 ignaros
1296 5509 1363 5566 de
1387 5509 1723 5567 daemoniaca
1748 5509 2086 5581 loqueretur.

516 5597 705 5675 Neque
727 5601 873 5657 enim
903 5601 1127 5658 dubium
1152 5618 1277 5661 esse
1298 5602 1493 5672 debet,
1518 5602 1822 5660 daemonem
1857 5601 2095 5675 quipia-

627 5780 698 5839 ‘I
728 5779 848 5850 Reg.
877 5796 1067 5852 nun,
1102 5782 1283 5839 12-14.
1353 5783 1453 5817 ’νίθ
1484 5781 1649 5840 Joan.
1679 5799 1797 5856 vni,
1821 5784 1909 5840 ω.

2174 1915 2220 1974 ὧ
2262 1920 2519 1991 κράτιστε
2551 1920 2760 1993 ἀνδρῶν
2790 1921 3059 1993 Εὑτρόπιε
3078 1938 3092 1952 ο
3121 1921 3255 1975 πολὺ
3290 1921 3420 1993 γάρ,
3450 1920 3533 1984 ὡς
3553 1921 3748 1989 ἔοικεν,

2187 2015 2466 2086 Ὦριγένης
2485 2017 2585 2086 τῆς
2618 2013 2874 2085 ἀληθείας
2896 2014 3125 2085 ἐσφάλη·
3160 2015 3332 2068 καίτοι
3369 2014 3465 2068 τοῦ
3481 2014 3751 2068 Δεσπότου

2172 2109 2331 2177 ἡμῶν
2369 2104 2542 2177 Ἰησοῦ
2590 2105 2827 2176 Χριστοῦ
2878 2108 3008 2178 περὶ
3051 2106 3144 2160 τοῦ
3183 2107 3428 2162 διαῦόλου
3456 2092 3753 2180 διαρρήδην

2175 2198 2473 2269 εἰρηκότος·
2506 2196 2770 2263 Ἐκεῖνος
2794 2197 3286 2267 ἀνθρωποκτόνος
3311 2195 3389 2270 ἦν
3415 2199 3517 2253 ἀπ’
3538 2197 3751 2268 ἀρχῆς,

2171 2287 2273 2341 καὶ
2299 2287 2369 2339 ἐν
2398 2285 2474 2355 τῇ
2505 2287 2759 2355 ἀληθείᾳ
2784 2290 2896 2357 οὐχ
2938 2287 3215 2357 ἕστηκεν,
3247 2288 3335 2342 ὅτι
3363 2288 3612 2357 ἀλήθεια
3640 2291 3753 2343 οὐκ

2174 2375 2349 2428 ἔστιν
2391 2375 2461 2428 ἐν
2487 2375 2665 2441 αὐτῷ.
2706 2377 2883 2429 Ὅταν
2924 2376 3088 2447 λαλῇ
3138 2378 3201 2431 τὸ
3252 2379 3480 2447 ψεῦδος
3529 2380 3599 2433 ἐκ
3636 2378 3756 2432 τῶν

2175 2472 2340 2527 ἰδίων
2364 2471 2558 2538 λαλεῖ,
2593 2472 2681 2526 ὅτι
2718 2474 2990 2543 ψεύστης
3029 2474 3159 2528 ἐστὶ
3204 2475 3303 2527 καί
3347 2478 3381 2529 ό
3420 2475 3617 2544 πατὴρ
3651 2481 3757 2533 αὑ-

2176 2565 2302 2620 τοῦ.
2335 2565 2400 2618 Τί
2431 2566 2605 2620 τοίνυν
2634 2566 2758 2637 φῂς,
2793 2560 2839 2619 ὧ
2886 2566 3191 2637 Ὠρίγενες;
3226 2567 3437 2638 ἀνάγκη
3477 2568 3584 2640 γὰρ
3635 2569 3757 2638 ἐρέ-

2178 2656 2302 2711 σθαι
2348 2674 2407 2711 σε
2454 2658 2702 2730 πότερον,
2739 2657 2912 2730 ἀληθῆ
2959 2659 3132 2713 ταῦτά
3171 2660 3316 2713 ἐστιν
3345 2659 3486 2734 άπερ
3520 2659 3756 2734 ἔφρασεν

2176 2752 2205 2803 ὁ
2236 2750 2446 2822 Σωτὴρ,
2477 2750 2510 2821 ἦ
2542 2750 2850 2804 τούναντίον
2894 2751 3281 2824 ἀνθυποφέρων
3325 2753 3506 2823 ἐρεῖς;
3552 2755 3616 2808 El
3659 2755 3755 2826 μὲν

2178 2839 2269 2897 οὖν
2304 2842 2524 2914 ἀληθεῖς
2551 2844 2601 2896 ol
2631 2842 2726 2895 τοῦ
2761 2843 2966 2916 Κυρίου
3004 2845 3330 2915 τυγχάνουσι
3362 2845 3509 2914 λόγοι
3528 2887 3543 2911 ,
3573 2846 3758 2900 εἰωθό-

2177 2952 2305 3000 τως,
2336 2934 2444 3007 άρα
2490 2937 2518 2988 ὁ
2562 2935 2772 3006 δαίμων
2821 2935 3088 3005 ἐψεύσατο
3135 2935 3566 3010 θρασυνόμενος·
3605 2940 3653 2993 εἰ
3698 2939 3756 2994 δὲ

2179 3026 2382 3098 ἀψευδῆ
2410 3026 2478 3081 τά
2508 3027 2600 3080 τοῦ
2629 3026 2880 3099 δαίμονος
2910 3028 3069 3100 ὁρίζῃ
3093 3028 3333 3100 ῥήματα,
3361 3029 3600 3102 ψεύστην
3621 3033 3757 3086 ἀπο-

2183 3122 2346 3191 φῆναι
2373 3120 2464 3173 τὸν
2494 3119 2699 3191 Κύριον
2726 3121 3013 3192 ἐγχειρεῖς·
3040 3123 3171 3193 ὁρᾷς
3207 3124 3287 3186 εις
3317 3124 3451 3194 ὅσην
3476 3124 3760 3178 ἐκπέπτω-

2181 3230 2275 3267 κεν
2307 3211 2532 3267 ἀτοπίαν
2563 3212 2592 3266 ὁ
2621 3211 2772 3284 παρά
2796 3212 2879 3266 σοὶ
2905 3213 3360 3286 δογματιζόμενος
3380 3216 3535 3287 ὃρος;
3568 3218 3758 3271 Ἀκον-

2179 3322 2270 3371 τες
2300 3305 2397 3378 μέν
2421 3306 2530 3378 γάρ
2552 3306 2662 3361 ἔσθ’
2690 3308 2779 3362 ὅτε
2804 3307 3012 3380 τάληθῆ
3036 3307 3213 3378 λέγειν
3236 3310 3285 3362 οἱ
3312 3310 3565 3382 δαίμονες
3594 3311 3758 3379 ἀναγ-

2181 3397 2437 3463 κάζονται
2478 3399 2892 3475 στρεϐλούμενοι
2922 3404 3035 3465 τοῖς
3068 3402 3270 3466 πόνοις,
3316 3402 3377 3455 οὐ
3410 3402 3517 3474 μὴν
3545 3402 3759 3466 ἑκόντες

2181 3489 2429 3560 άψευδῶς
2468 3492 2672 3544 εἴποιεν
2713 3491 2779 3544 ἂν
2804 3490 3001 3547 ὁτιοῦν.
3034 3493 3098 3545 El
3120 3491 3177 3544 δὲ
3209 3491 3291 3545 δεῖ
3325 3492 3387 3563 (f.
3419 3492 3482 3564 δὴ
3520 3492 3599 3547 vel
3625 3492 3759 3564 δεῖν)

2182 3586 2279 3638 καὶ
2311 3582 2554 3647 δικαίους
2588 3582 2810 3652 ἀνάγειν
2830 3580 2891 3649 ἐξ
2919 3583 3241 3655 ᾇδουτοῦτον
3267 3586 3493 3657 ὁριεῖταί
3513 3602 3596 3649 τις
3626 3586 3765 3657 ἀμε-

2182 3672 2326 3744 λητὶ,
2360 3673 2479 3739 πῶς
2511 3676 2612 3729 οὐκ
2654 3675 2719 3728 ἂν
2753 3674 2840 3745 εἴη
2871 3691 2935 3743 γε
2969 3676 3138 3746 σαφὲς
3164 3677 3241 3740 ὡς
3267 3677 3451 3750 ἀπάτῃ
3480 3678 3541 3730 τὸ
3570 3677 3762 3749 ψεῦδος

2184 3765 2526 3834 ἀντεισάγει,
2575 3765 2894 3838 βουλόμενος
2940 3767 3367 3839 ἐκτραχηλιάσαι
3414 3768 3569 3832 τινά;
3622 3768 3760 3833 Ναὶ,

2186 3858 2371 3930 φησὶν,
2405 3858 2519 3912 ἀλλ’
2552 3859 2651 3930 οὐχ
2682 3861 2711 3913 ὁ
2754 3860 2964 3932 δαίμων
3010 3860 3182 3914 ταῦτα
3211 3861 3450 3933 εἴρηκεν,
3481 3860 3596 3914 ἀλλ’
3630 3860 3766 3932 ἠδι-

2185 3950 2504 4024 ηγηματικὴ
2548 3952 2640 4005 τοῦ
2675 3952 3031 4024 συγγραφέως
3090 3953 3273 4022 φωνή·
3323 3953 3669 4023 συγγραφεὺς
3705 3952 3763 4005 δὲ

2184 4042 2293 4096 τῶν
2326 4041 2499 4113 λόγων
2532 4039 2669 4098 εἶναι
2705 4045 3060 4098 πεπίστευται
3100 4043 3161 4096 τὸ
3208 4043 3433 4115 Πνεῦμα
3473 4043 3534 4095 τὸ
3586 4042 3759 4111 ἅγιον,

2184 4134 2299 4190 ἀλλ’
2332 4136 2433 4189 οὐκ
2459 4135 2761 4209 ἄνθρωπος.
2811 4132 2924 4191 Εἶτ’
2961 4137 3022 4190 οὐ
3057 4138 3165 4191 νοεῖ
3197 4135 3313 4200 πῶς
3339 4137 3556 4191 ἐναντία
3584 4136 3760 4207 φαίνει

2184 4231 2251 4300 τῇ
2279 4227 2374 4281 τοῦ
2422 4229 2757 4301 διηγήματος
2803 4230 3033 4301 Eudoxii;
3088 4226 3319 4282 Κάλλιον
3370 4224 3463 4282 οὖν
3504 4228 3679 4282 ἴσασιν
3714 4231 3763 4282 οἱ

2188 4318 2460 4384 παντοίοις
2500 4320 2869 4391 σχολαιότερον
2925 4320 3284 4391 ὁμιλήσαντες
3343 4319 3543 4389 λόγοις,
3594 4320 3670 4384 ὼς
3727 4323 3761 4390 ἡ

2185 4410 2556 4484 διηγηματικὴ
2585 4410 2679 4465 τοῦ
2725 4411 3084 4483 συγγραφέως
3114 4410 3420 4483 ὁμιλήσασα
3446 4410 3618 4465 ταῦτα
3653 4409 3767 4476 ἐξέ-

2189 4503 2382 4567 δωκεν,
2414 4504 2559 4574 άπερ
2600 4503 2773 4557 ἐδόκει
2818 4504 3076 4575 πράττειν
3117 4503 3362 4575 ῆλέγειν
3390 4501 3468 4574 τῷ
3508 4519 3769 4575 μαντευο-

2190 4593 2341 4665 μένῳ
2377 4591 2549 4646 Σαοὺλ
2596 4595 2630 4664 ῆ
2665 4592 3120 4667 ἐγγαστρίμυθος·
3152 4593 3346 4663 ἀμέλει
3388 4593 3515 4665 περὶ
3551 4591 3769 4665 ἐκείνης

2190 4683 2610 4757 ἐκδιηγούμενος
2644 4685 2673 4737 ὁ
2708 4685 3076 4756 συγγραφεὺς,
3111 4685 3357 4749 καὶτοὺς
3384 4684 3575 4753 λόγους
3598 4683 3768 4754 αὐτῆς

2189 4775 2283 4828 ἐπὶ
2326 4774 2523 4840 λέξεως
2569 4776 2935 4848 ἐκτιθέμενος,
2989 4776 3114 4849 ἔφη·
3152 4776 3261 4830 Καὶ
3302 4774 3471 4831 εἶπεν
3508 4776 3547 4843 ἠ

2204 4866 2344 4923 Τίνα
2371 4866 2646 4940 ἀναγάγω
2670 4884 2805 4932 σοι;
2837 4868 2934 4934 Τίς
2967 4868 3023 4922 δέ
3055 4868 3229 4933 οὕτως
3267 4868 3469 4940 εὐήθης
3522 4867 3669 4919 ἐστὶν
3694 4867 3771 4931 ὡς

2190 4959 2540 5031 ὑποκρίνεται
2565 4960 2632 5032 [Γ.
2660 4960 3072 5034 ὑποκρίνεσθαι]
3090 4962 3163 5033 μὴ
3195 4964 3354 5024 νοεῖν,
3384 4961 3467 5013 ὅτι
3492 4953 3650 5013 αὗται
3670 4959 3771 5031 μὲν

2194 5049 2288 5104 τοῦ
2316 5051 2676 5124 συγγραφέως
2696 5051 2795 5106 οῦκ
2807 5053 2912 5106 εἰσι
2927 5054 3122 5122 φωναὶ,
3137 5053 3235 5122 τῆς
3249 5047 3651 5121 δὲδαιμονώσης
3664 5049 3773 5103 εἰσὶ

2196 5144 2455 5213 γυναικός
2472 5161 2488 5209 ;
2516 5143 2674 5197 Ἀλλά
2691 5142 2796 5216 μὴν
2816 5144 2940 5213 εἴγε
2955 5145 3037 5198 δεῖ
3051 5141 3360 5214 φιλαλήθως
3383 5143 3577 5205 εἰπεῖν,
3601 5145 3634 5214 ἡ
3658 5142 3773 5213 διη-

2194 5234 2476 5309 γηματικὴ
2497 5234 2686 5289 τοῦτον
2706 5236 2770 5305 (f.
2800 5235 2983 5305 τοῦτο)
3007 5236 3176 5307 ἔφησε
3202 5235 3382 5306 μόνον,
3409 5234 3505 5300 ὡς,
3535 5231 3711 5289 Εἷδεν
3730 5234 3770 5303 ἡ

2196 5327 2350 5398 γυνὴ
2365 5327 2472 5382 τὸν
2498 5326 2802 5397 Σαμουὴλ·
2822 5328 2994 5391 οὕτως
3011 5327 3069 5381 δὲ
3097 5325 3267 5381 ταῦτα
3281 5325 3517 5400 ἔγραψεν
3533 5326 3609 5390 ὼς
3635 5325 3776 5399 πρὸς

2196 5416 2402 5482 ειδότας
2426 5418 2556 5490 περὶ
2579 5417 2920 5490 δαιμονώσης
2936 5415 3158 5488 ὁμιλῶν.
3176 5418 3249 5471 Οὐ
3264 5417 3373 5490 γάρ
3397 5420 3543 5472 ἐστιν
3569 5420 3749 5488 ἀμφισ

2196 5507 2399 5583 ϐητεῖν,
2419 5512 2500 5565 ὅτι
2522 5510 2732 5581 δαίμων
2750 5511 2849 5564 οὐκ
2877 5511 3068 5579 ἀνάγει
3092 5508 3275 5581 ψυχὴν
3295 5509 3530 5574 οὐδενὸς,
3558 5508 3639 5573 ὃς,
3667 5506 3773 5560 ὑπὸ

2196 5601 2307 5657 τῶν
2321 5601 2560 5657 εὐσεδῶν
2574 5601 2888 5673 ὁριζόμενος
2910 5601 3008 5658 ἀνθ
3016 5600 3231 5673 ρώπων,
3249 5599 3552 5666 ἐλαύνεται,
3570 5596 3775 5672 πυροῦ-
