4132 6428
481 385 586 441 ϐἒδ

1488 385 1550 442 S.
1594 383 1964 440 EUSTATHII
1989 383 2296 440 EPISCOPI
2333 384 2758 442 ANTIOCHENI

3630 387 3742 447 624

480 505 807 577 quandoque
865 510 918 558 et
976 503 1206 573 spiritus
1260 512 1314 557 et
1366 504 1560 561 animae
1614 506 1871 561 omnibus
1934 507 2035 561 suis

2155 503 2441 577 πνεύματα
2477 507 2570 559 καὶ
2590 505 2759 576 ψυχαὶ
2784 506 2895 570 τοῖς
2926 503 3234 577 ἀνθρώποις
3253 502 3570 575 ἐφίστανται
3597 524 3748 578 παμ-

481 594 741 652 membris
776 593 1061 658 absolutae,
1098 596 1478 665 humanasque
1509 596 1713 655 formas
1744 614 1855 669 prae
1889 614 1948 653 se
1978 599 2054 653 fe-

480 694 683 751 rentes,
713 685 1042 754 adveniunt;
1105 688 1158 740 in
1207 688 1410 758 quibus
1446 704 1551 743 non
1585 705 1715 757 una,
1767 690 1861 745 sed
1904 692 2053 745 varia

481 779 797 835 indumenta
848 779 1175 849 conspicies,
1215 796 1317 835 nec
1364 797 1472 835 non
1509 783 1854 845 cicatricum,
1896 793 2051 855 typo-

480 884 596 924 rum
638 869 1009 939 vibicumque,
1044 870 1175 939 quin
1212 879 1263 923 et
1302 870 1581 941 plagarum
1625 880 1679 925 et
1722 873 2053 927 vulneratio-

475 976 606 1015 num
656 969 816 1017 notas
871 962 1188 1032 impressas.
1242 960 1297 1015 Si
1342 964 1510 1033 igitur
1566 964 1802 1018 animam
1839 972 2049 1019 tantum

475 1063 791 1120 evocatam,
847 1071 951 1109 non
1004 1060 1122 1126 ipso
1165 1072 1393 1126 corpore
1441 1056 1714 1111 hominem
1764 1057 2045 1124 decernis;

475 1147 619 1215 quod
654 1149 818 1204 etiam
854 1149 898 1203 si
935 1150 1191 1213 volneris,
1233 1148 1531 1220 Scripturae
1565 1150 1737 1206 series
1770 1166 1877 1205 non
1915 1166 2049 1205 con-

476 1242 667 1308 cedet;
725 1243 935 1297 tibimet
976 1245 1074 1313 ipsi
1114 1245 1413 1314 pugnantia
1465 1247 1855 1316 contrariaque
1899 1247 2047 1317 loqui

475 1351 583 1392 non
615 1334 1133 1407 percipis?llocque
1158 1337 1253 1391 tibi
1280 1337 1480 1407 aliquis
1509 1351 1807 1409 opponeret
1831 1359 1843 1392 :
1867 1340 2047 1407 Quare

474 1442 581 1480 non
633 1427 769 1479 dixit
814 1427 1048 1479 mulier:
1080 1424 1447 1495 Propheticam
1495 1432 1730 1483 animam
1783 1431 1908 1497 ridi,
1951 1432 2044 1487 sed

472 1519 805 1589 Oppositum,
853 1519 1021 1572 virum
1058 1523 1331 1576 erectum?
1373 1528 1427 1576 et
1456 1523 1725 1589 eamdem,
1764 1540 1926 1594 quam
1962 1524 2047 1579 in-

470 1613 597 1667 nuis
632 1612 924 1676 rationem,
960 1627 1130 1681 quare
1165 1611 1449 1684 Scriptura
1485 1630 1595 1670 non
1628 1615 1711 1681 ita
1727 1617 1887 1671 effata
1918 1625 2042 1672 est:

479 1702 624 1756 Vidit
656 1703 846 1757 mulier
872 1702 1214 1770 daemonium,
1248 1704 1385 1774 quod
1418 1706 1650 1777 ﬁngebat
1693 1725 1748 1762 se
1796 1725 1907 1762 esse
1940 1706 2044 1763 Sa-

468 1796 730 1853 muelem?
762 1795 874 1851 Hac
908 1796 1096 1867 utique
1128 1797 1340 1853 ratione
1380 1814 1482 1870 ego
1503 1800 1598 1854 tibi
1639 1815 1920 1872 opponens
1947 1802 2046 1858 ob-

2167 598 2337 670 μελεὶ,
2361 598 2487 662 τοὺς
2507 596 2874 671 ἀνθρωπείους
2906 597 3341 669 ἐπιδεικνύμεναι
3371 600 3744 671 χαρακτῆρας·

2160 693 2222 746 ού
2259 692 2365 764 μὴν
2397 692 2532 745 ἀλλά
2568 708 2631 760 γε
2660 691 2755 745 καὶ
2784 690 3014 760 διάφορα
3059 689 3153 742 καὶ
3188 689 3408 743 ποικίλα
3455 690 3747 764 φοροῦντες

2161 784 2464 855 ἐσθήματα,
2496 784 2589 837 καὶ
2618 785 2892 855 σημασίας
2923 781 3115 847 οὐλῶν,
3152 781 3184 854 ἦ
3222 782 3515 854 κτύπων,ἢ
3553 781 3746 854 μωλὼο

2160 894 2276 930 πων
2323 877 2731 948 ἐπιφερόμενοι,
2765 876 2859 929 καὶ
2889 874 3131 947 πληγῶν,
3163 874 3196 945 ἢ
3230 872 3507 945 τρώσεων.
3537 873 3599 926 El
3632 874 3743 927 τοί-

2150 984 2253 1023 ’νυν
2285 966 2442 1041 ὁρίζῃ
2479 968 2653 1040 ψυχὴν
2686 967 2917 1038 ἀνῆχθαι
2955 968 3135 1038 μόνον,
3169 965 3283 1019 ἀλλ’
3312 965 3413 1018 ούκ
3460 964 3743 1037 ἄνθρωπον

2156 1061 2304 1131 αὐτῷ
2330 1060 2541 1131 σώματι
2590 1060 2732 1132 (οὐδὲ
2756 1059 2865 1130 γὰρ
2886 1060 2933 1112 εἰ
2958 1058 3137 1129 βούλει
3162 1056 3344 1110 δίδωσί
3374 1074 3457 1110 σοι
3481 1057 3541 1109 τὺ
3567 1058 3743 1129 γράμ-

2159 1153 2290 1226 μα),
2343 1154 2623 1225 μαχόμενα
2673 1152 2771 1225 μὲν
2824 1150 3003 1223 ἑαυτῷ
3036 1149 3306 1215 θεσπίζων
3335 1151 3435 1203 οὐκ
3466 1149 3738 1227 alo-Odm;

2156 1246 2491 1320 Σαυτὸν(5⁶“)
2508 1247 2564 1300 δὲ
2588 1246 2747 1299 τοῦτό
2773 1263 2855 1310 τις
2873 1244 3263 1316 ἁνθυποφὲρων
3284 1246 3401 1315 ἐρεῖ
3422 1260 3532 1296 σοι·
3561 1243 3626 1296 Τί
3653 1243 3740 1315 δή·

2155 1359 2284 1395 ποτε
2318 1342 2417 1394 οὐκ
2446 1336 2596 1394 εἶπεν
2626 1341 2659 1411 ἡ
2688 1338 2845 1411 γυνὴ,
2883 1337 3266 1407 Προερητικὴν
3300 1334 3464 1391 εἶδον
3503 1336 3735 1406 ψυχὴν,

2154 1432 2288 1487 ἀλλὰ
2302 1430 2629 1496 τούναντίον,
2652 1428 2840 1497 ἄνδρα
2864 1428 3092 1497 ὅρθιονς
3113 1420 3155 1495 ᾧ
3172 1428 3279 1499 γὰρ
3293 1425 3505 1499 ἔφησθα
3526 1426 3734 1497 τρόπῳ,

2153 1525 2246 1579 καὶ
2274 1524 2416 1578 διατί
2454 1523 2629 1591 λέγων
2654 1523 2753 1574 οὐκ
2787 1522 3029 1593 εἴρηται·
3060 1516 3240 1573 Εἷδεν
3267 1521 3305 1587 ἡ
3332 1518 3489 1589 γυνὴ
3530 1519 3735 1588 δαιμό-

2150 1634 2285 1671 ⁴νιον
2340 1616 2372 1669 ὃ
2426 1612 2841 1683 προσεποιεῖτο
2887 1609 3038 1669 εἶναι
3091 1610 3412 1682 Σιιμουήλ;
3440 1611 3629 1682 Τούτῳ
3656 1610 3735 1684 τῷ

2150 1708 2294 1780 λόγῳ
2342 1707 2507 1779 φαίην
2555 1705 2621 1760 ἂν
2665 1704 3072 1773 ἀνθυπενέγκας
3122 1702 3329 1772 ἔγωγε·
3364 1704 3521 1767 Τίνος
3548 1702 3731 1771 ἕνεκα,

2149 1800 2326 1871 ψυχῆς
2371 1798 2713 1870 ἀναχθείσης,
2765 1797 2863 1851 οὐκ
2914 1798 3134 1869 εἴρηκεν
3182 1794 3484 1867 ἑωρακέναι
3535 1795 3731 1867 ψυχὴν,

464 1889 692 1960 jicerem
715 1888 926 1955 :Quare
947 1896 1171 1944 evocata
1200 1891 1382 1944 anima
1412 1908 1520 1946 non
1549 1892 1686 1947 dixit
1714 1895 1951 1949 animam
1981 1911 2035 1951 se

2141 1894 2297 1965 εἴπερ
2324 1892 2495 1955 οὕτως
2527 1887 2691 1962 εἶχεν,
2752 1890 2866 1944 ἀλλ’
2888 1892 2951 1943 ἐκ
2980 1888 3088 1941 τῶν
3112 1887 3370 1942 ἐναντίων
3396 1888 3607 1956 ἄνδρα,
3640 1889 3733 1942 καὶ

464 1981 689 2047 vidisse,
740 1982 787 2037 si
850 1996 939 2038 res
981 1982 1055 2036 ita
1100 1998 1160 2038 se
1212 1983 1455 2048 haberet,
1496 1984 1628 2055 quin
1675 1988 2035 2053 contrarium,

464 2074 725 2128 hominem
750 2080 803 2128 et
833 2073 977 2128 hunc
1005 2083 1258 2139 erectum,
1297 2074 1445 2145 quod
1475 2075 1815 2132 habitudinis
1845 2094 2039 2149 corpo-

463 2180 590 2231 reaa,
647 2166 904 2236 illiusque
953 2175 1115 2221 certa:
1165 2166 1350 2238 figurae
1396 2170 1613 2240 signum
1669 2172 1796 2226 est?
1829 2172 2039 2243 Quippe

463 2272 667 2312 maenas
717 2258 808 2313 illa
871 2258 1095 2313 minime
1142 2275 1201 2314 se
1246 2259 1451 2315 vidisse
1497 2261 1801 2317 affirmabat
1852 2280 2037 2319 senem

463 2351 774 2419 gibbosum,
821 2351 1129 2419 incurvum,
1176 2351 1271 2407 sed
1310 2360 1571 2420 stantem,
1606 2355 1907 2419 intensum,
1954 2357 2038 2411 di-

462 2451 692 2510 rectum,
725 2444 952 2515 juvenili
989 2443 1181 2499 ardore
1213 2444 1411 2499 bellum
1446 2446 1797 2513 ambientem,
1839 2449 1904 2503 ad
1951 2465 2039 2504 ne-

461 2535 665 2605 quitias
706 2544 1040 2606 promptum,
1084 2552 1287 2593 vesano
1324 2537 1474 2592 Sauli
1514 2538 1759 2595 fraudem
1793 2540 2033 2609 faciens;

462 2637 623 2698 atque
651 2628 783 2681 illud
825 2629 1086 2685 suadebat
1130 2638 1474 2700 argumento,
1521 2632 1665 2701 quod
1699 2632 1862 2687 homo
1892 2641 2037 2688 esset

460 2722 554 2793 qui
589 2723 917 2778 ascendebat
948 2740 978 2778 e
1027 2731 1196 2789 terra,
1232 2742 1468 2797 eumque
1494 2726 1735 2798 diploide
1774 2729 2034 2784 amictum

460 2812 751 2869 fatebatur.
785 2813 925 2880 Quid
959 2815 1123 2886 igitur
1164 2817 1436 2888 quispiam
1471 2818 1560 2873 hic
1595 2818 1781 2876 dicere
1811 2822 2037 2891 posset?

459 2906 507 2961 si
543 2906 628 2961 vir
654 2907 743 2962 ille
767 2908 1045 2977 prodiens,
1076 2910 1194 2980 ipso
1224 2920 1528 2982 emergeret
1560 2928 1817 2984 corpore,
1852 2931 2034 2971 nonne

457 3013 582 3053 eum
634 2996 1046 3064 Saul-vidisset,
1092 3017 1266 3072 neque
1327 3004 1395 3058 ab
1448 3005 1557 3059 alio
1604 3006 1729 3076 quis
1770 3007 1818 3062 is
1863 3015 2028 3070 esset,

457 3091 618 3160 quasi
668 3093 912 3147 caecitate
962 3095 1273 3166 perculsus,
1336 3105 1632 3153 conaretur
1682 3097 2031 3169 perdiscere?

458 3181 628 3255 Igitur
676 3200 763 3241 res
794 3186 914 3256 ipsa
964 3186 1164 3242 clamat
1204 3204 1329 3243 eum
1384 3188 1658 3245 hominem
1693 3207 1802 3245 non
1837 3191 2029 3259 fuisse,
2059 3225 2102 3283 ο

456 3276 554 3332 sed
601 3277 871 3342 umbram,
923 3288 981 3332 ut
1032 3279 1264 3344 videtur,
1309 3283 1602 3336 obscuram
1651 3290 1708 3339 et
1758 3283 2026 3349 fallacem,

454 3381 633 3437 neque
665 3368 810 3422 enim
854 3368 1045 3423 oculos
1077 3369 1325 3441 fugisset.
1372 3370 1437 3426 Et
1466 3373 1512 3427 si
1547 3373 1814 3443 opinaris,
1839 3372 2032 3445 Orige-

455 3476 576 3525 nes,
610 3462 847 3515 animam
901 3461 1171 3519 Samuelis
1221 3465 1332 3519 illic
1381 3465 1570 3530 fuisse,
1623 3482 1795 3537 quare
1838 3468 2031 3523 umbra

455 3555 547 3609 illa
586 3556 843 3611 obvoluta
872 3554 1108 3627 diploide
1135 3558 1472 3628 apparebat?
1505 3548 1852 3615 Manifestum
1876 3560 2032 3631 equi-

454 3645 580 3701 dem
611 3656 693 3702 est
716 3653 917 3710 vestes,
949 3648 1288 3712 indumenta,
1320 3664 1422 3703 nec
1456 3664 1564 3703 non
1595 3650 1876 3705 involucra
1907 3650 2032 3704 cor‘-

454 3738 682 3807 poribus
716 3738 920 3808 potius,
957 3753 1120 3808 quam
1153 3740 1441 3796 animabus
1470 3741 1785 3795 convenire.
1816 3739 2028 3796 Etenim

453 3844 565 3885 non
609 3829 862 3883 existimo
912 3837 966 3884 te
1012 3831 1217 3885 urbane
1264 3830 1546 3901 facetoque
1606 3832 2029 3902 respondentem

452 3922 620 3979 etiam
650 3937 749 3994 per
776 3922 1177 3979 simulationem
1210 3923 1508 3989 dicturum,
1540 3924 1834 3996 diploidem
1876 3926 2026 3980 illam

452 4024 537 4073 tot
582 4018 741 4073 annis
781 4020 836 4072 in
868 4019 1121 4089 sepulcro
1149 4018 1218 4073 ad
1252 4018 1398 4072 illam
1428 4016 1572 4074 diem
1618 4027 2025 4085 conservatam,

455 4116 515 4165 ut
544 4111 822 4180 prophetze
844 4111 1027 4166 anima
1058 4112 1377 4176 vestirctur,
1425 4127 1524 4166 nec
1560 4112 1705 4167 nuda
1738 4112 1867 4169 hinc
1898 4114 2028 4170 inde

454 4202 716 4257 aberrans
744 4202 983 4274 degeret.
1017 4201 1083 4257 Et
1113 4218 1247 4258 sane
1276 4202 1483 4258 diceret
1514 4204 1788 4275 quispiam
1815 4206 2025 4260 nullum

453 4298 724 4368 ignorare,
776 4296 983 4351 sanctis
1012 4310 1043 4351 e
1090 4296 1230 4352 cmlo
1276 4297 1594 4352 indumenta
1635 4297 1841 4368 parari,
1890 4297 2027 4352 nulli

452 4387 795 4459 eorruptioni
842 4388 1098 4451 obnoxia,
1149 4388 1314 4444 claris
1352 4388 1657 4443 luminibus
1688 4388 1798 4444 late
1845 4389 2029 4459 splen-

451 4481 660 4545 dentia,
693 4496 802 4535 non
835 4481 975 4535 male
1000 4481 1229 4537 textoris
1263 4480 1475 4553 pectine
1504 4494 1787 4551 percussa.
1822 4478 2025 4535 Verum

2141 1986 2327 2041 τοῦτον
2388 1985 2609 2054 ὄρθιον,
2638 1987 2773 2057 ὅπερ
2803 1984 2920 2036 ἐστὶ
2973 1981 3260 2052 γνώρισμα
3290 1984 3608 2053 σωματικῆς
3641 1982 3731 2035 εὐ-

2140 2077 2322 2145 εξίας;
2358 2077 2553 2148 οὐγὰρ
2603 2076 2968 2149 ἀμφίκυρτον,
3017 2074 3137 2127 οὐδὲ
3183 2073 3456 2142 κεκυφότα
3503 2074 3732 2145 γέροντα

2141 2170 2364 2243 θεωρεῖν
2402 2169 2635 2238 ἔφασκεν
2662 2170 2696 2240 ἡ
2727 2168 2942 2239 μαινὰς,
2974 2168 3087 2222 ἀλλ’
3116 2166 3319 2237 ὄρθιον,
3356 2165 3729 2237 ἐντεταμένον,

2141 2260 2544 2334 ἀπηυθυμένον,
2575 2263 2654 2325 εἰς
2675 2261 2908 2332 πόλεμον
2930 2262 3015 2314 ἀεὶ
3040 2260 3319 2325 νεάζοντα,
3357 2259 3487 2331 περὶ
3508 2258 3607 2323 τὰς
3633 2258 3732 2329 τῆς

2140 2358 2340 2421 κακίας
2364 2356 2660 2420 ἀναδόσεις·
2691 2357 2876 2429 ἀπάτῃ
2905 2355 2962 2410 δὲ
2993 2356 3083 2411 τὸν
3116 2355 3354 2427 ἔκφρονα
3378 2351 3726 2421 δελεάζουσα,

2143 2449 2351 2521 σημείῳ
2413 2449 2511 2519 μὲν
2567 2447 2780 2502 ἔπειθεν
2825 2447 3019 2512 αὑτὸν,
3054 2447 3129 2511 ὡς
3175 2445 3459 2518 ἄνθρωπός
3511 2448 3659 2499 ἐστιν
3700 2443 3731 2498 ὁ

2139 2540 2303 2595 ἀνιὼν
2336 2543 2401 2594 ὲκ
2426 2543 2525 2612 τῆς
2551 2542 2653 2611 γῆς
2678 2579 2693 2605 ,
2729 2538 3130 2611 ἀναὸεὸλῆσθαι
3157 2538 3214 2592 δὲ
3243 2538 3407 2593 αὐτὸν
3438 2538 3623 2607 ἔφαινε
3651 2537 3703 2592 δι
3726 2576 3731 2580 α

2140 2628 2347 2682 πλοῖδα.
2379 2628 2444 2681 Τί
2466 2624 2559 2682 οὖν
2588 2627 2753 2699 (εἴποι
2768 2646 2849 2692 τις
2868 2628 2979 2700 civ);
2998 2622 3153 2701 εἴπερ
3183 2627 3327 2700 αὐτῷ
3355 2627 3566 2699 σώματι
3596 2644 3730 2701 προ-

2138 2721 2358 2774 κύπτων
2412 2721 2708 2792 ἐτύγχανεν
2755 2720 2915 2792 ἀνὴρ,
2947 2723 3049 2775 ούκ
3098 2720 3164 2776 ἂν
3220 2721 3463 2794 ἑώρακεν
3510 2723 3672 2775 αὐτὸν
3700 2725 3728 2777 ὁ

2137 2813 2344 2876 Σαοὺλ,
2404 2814 2540 2867 ἀλλὰ
2592 2814 2721 2885 παρ’
2754 2813 2943 2885 ἐτέρου
3002 2813 3247 2885 βούλεται
3311 2813 3500 2886 μαθεῖν
3545 2813 3728 2879 ὁποῖός

2136 2909 2303 2970 ἐστιν,
2334 2907 2409 2971 ὡς
2448 2908 2683 2978 ἀορασίᾳ
2731 2907 2995 2979 πληγείς;
3042 2907 3248 2977 Οὐκοῦν
3281 2907 3420 2961 αύτά
3470 2906 3541 2960 τὰ
3586 2906 3726 2979 πρά-

2136 3015 2320 3069 γματα
2354 2998 2645 3070 κέκραγεν,
2665 2997 2738 3061 ὡς
2766 2996 3049 3069 ἄνθρωπος
3081 2997 3177 3068 μὲν
3202 2998 3302 3049 οὐκ
3324 2991 3412 3068 ἦν,
3437 2995 3573 3049 ἀλλὰ
3597 2994 3723 3049 σκιά

2133 3109 2237 3155 τις,
2270 3091 2346 3155 ὼς
2379 3090 2575 3154 ἔοικεν,
2609 3089 2823 3159 ἀφανής
2844 3105 2856 3117 ·
2889 3091 2950 3141 ού
2976 3090 3084 3160 γὰρ
3110 3088 3175 3142 ἂν
3207 3088 3436 3159 ἀόρατος
3460 3082 3547 3159 ἦν.
3580 3087 3640 3140 Εί
3665 3085 3723 3140 δὲ

2135 3182 2394 3256 νομίζεις,
2413 3183 2703 3256 Ὠρίγενες,
2748 3184 2829 3236 ὅτι
2853 3181 2999 3254 ψυχὴ
3025 3180 3118 3234 τοῦ
3162 3179 3413 3252 Σαμουὴλ
3434 3180 3723 3251 ἐτύγχανεν

2134 3275 2341 3340 αὐτόθι,
2400 3274 2542 3328 διατί
2592 3273 2835 3328 διπλοΐδα
2880 3271 3344 3345 περιϐεϐλημένον
3396 3273 3608 3343 ἑωρᾶτο
3660 3268 3721 3324 τὸ

2134 3367 2358 3438 φάσμας
2407 3364 2667 3436 Προδήλῳ
2716 3363 2859 3434 γοῦν
2934 3364 3252 3432 ἐκφαίνεται
3307 3361 3591 3434 σημασίᾳ,
3646 3358 3722 3426 ὡς

2133 3460 2349 3514 ᾶπαντα
2377 3456 2446 3511 τὰ
2476 3457 2575 3528 τῆς
2623 3455 2848 3527 ἐσθῆτος
2896 3455 3167 3526 ἐνδύματα
3213 3456 3307 3509 καὶ
3359 3455 3721 3525 σκεπάσματα

2137 3549 2352 3623 σώμασι
2370 3549 2552 3614 πλέον,
2583 3548 2697 3603 ἀλλ’
2715 3549 2775 3601 ού
2794 3548 2991 3618 ψυχαῖς
3010 3548 3291 3620 ἁρμόττει·
3318 3547 3378 3600 οὐ
3406 3548 3514 3620 γὰρ
3539 3546 3720 3619 οἴομαί

2134 3663 2194 3698 σε
2225 3628 2394 3715 φῆσαι
2425 3643 2486 3716 (ί.
2523 3644 2743 3714 φήσειν)
2777 3642 2896 3712 μεθ’
2925 3641 3265 3712 ὑποκρίσεως
3315 3640 3716 3711 ἀστεϊζόμενον,

2131 3739 2211 3791 ὅτι
2231 3736 2540 3808 μεμένηκεν
2562 3736 2595 3804 ἡ
2614 3731 2820 3795 διπλοῖς
2842 3732 2934 3784 ἐπὶ
2952 3730 3047 3785 τοῦ
3066 3731 3238 3801 τάφου
3253 3731 3525 3794 τοσούτοις
3542 3730 3719 3784 ἐτεσιν

2131 3821 2259 3894 ἄχρι
2308 3820 2470 3892 τῆσδε
2517 3820 2617 3890 τῆς
2645 3820 2881 3892 ἡμέρας,
2918 3820 3004 3873 ἵνα
3046 3821 3079 3889 ἡ
3119 3818 3264 3891 ψυχὴ
3291 3818 3384 3872 τοῦ
3436 3820 3717 3892 προφήτου

2133 3917 2307 3987 φορῇ,
2345 3914 2418 3985 μή
2455 3929 2530 3983 πη
2556 3912 2666 3985 ἄρα
2696 3910 2877 3983 γυμνὴ
2914 3911 3201 3982 βαδίζουσα
3230 3911 3425 3979 διάγοι·
3462 3902 3718 3980 καίτοιγε

2133 4007 2265 4078 φαίη
2321 4023 2402 4069 τις
2434 4004 2521 4073 ἂν,
2544 4004 2619 4068 ὡς
2642 4003 2814 4069 οὐδεὶς
2845 4004 3017 4059 ἔοικεν
3037 4005 3274 4072 ἀγνοεῖν,
3299 4004 3380 4057 ὅτι
3409 4006 3517 4066 τοῖς
3542 4003 3718 4072 ἁγίοις

2132 4098 2432 4170 ἁδιάφθορα
2463 4096 2724 4169 πάρεστιν
2755 4089 3044 4168 οὐρανόθεν
3071 4094 3341 4165 ἐνδύματα
3367 4090 3716 4161 φεγγοσόλοις

2131 4191 2479 4264 ἐκλάμποντα
2508 4191 2921 4262 μαρμαρυγαῖς,
2951 4187 3063 4241 ἀλλ’
3092 4187 3192 4239 οὐκ
3214 4184 3440 4255 ἐσθῆτος
3462 4182 3715 4254 ὑφάσμα-

2130 4303 2197 4339 τα
2227 4283 2490 4347 ποικίλοις
2521 4281 2837 4351 εὐδιάφορα.
2866 4280 2930 4333 El
2961 4279 3018 4331 δὲ
3045 4276 3143 4349 τὴν
3175 4276 3267 4331 τοῦ
3304 4274 3558 4347 Σαμουὴλ
3600 4275 3715 4346 ὀρί-

2133 4376 2200 4449 ξῃ
2223 4373 2399 4446 ψυχὴν
2436 4373 2533 4445 μὲν
2565 4367 2705 4425 εἶναι
2728 4370 2826 4441 τὴν
2852 4369 3130 4439 ὀφθεῖσαν,
3164 4368 3376 4439 ἱμάτιον
3401 4367 3584 4439 μέντοι
3608 4366 3715 4438 φῂς

2132 4467 2405 4539 ἑωρᾶσθαι
2435 4465 2556 4521 κατ’
2592 4464 2819 4526 ἔννοιαν,
2851 4462 2915 4515 ἵν’
2948 4464 2976 4515 ό
3012 4461 3114 4532 τῆς
3157 4461 3466 4534 ἱερουργίας
3492 4458 3713 4531 ἔκδηλος

450 4571 500 4628 si
530 4570 800 4626 Samuelis
842 4570 1077 4624 animam
1112 4579 1387 4641 Speetrum
1424 4552 1557 4624 illud
1591 4568 1764 4624 fuisse
1806 4570 2026 4639 statuis,

2140 4558 2219 4630 εἴη
2268 4559 2469 4630 τρόπος
2513 4556 2834 4629 (ἀμφότερα
2883 4555 2939 4609 δὲ
2984 4553 3159 4609 ταῦτα
3192 4552 3396 4626 νοητῶν
3426 4554 3542 4606 ἐστι
3573 4562 3715 4625 πρα-

448 4661 764 4730 asserisque
810 4667 1013 4715 vestem
1052 4667 1263 4714 tantum
1304 4658 1585 4713 intellectu
1626 4656 2020 4727 deprehensam

449 4752 644 4815 fuisse,
685 4759 743 4805 ut
787 4750 932 4804 illius
971 4748 1307 4804 caeremoniae
1350 4747 1491 4801 ratio
1530 4745 2020 4813 manifestaretur;

450 4849 685 4912 utraque
740 4854 871 4894 vero
913 4840 1027 4893 haec
1082 4837 1506 4909 intelligibilium
1565 4851 1747 4891 rerum
1802 4837 2024 4906 propria

447 4941 577 4990 sunt
601 4952 615 4989 :
641 4932 984 4989 convincitur
1006 4930 1140 4984 nihil
1171 4944 1364 4985 sanum
1390 4944 1691 4999 verumque
1723 4927 2020 4983 maenadem

447 5028 596 5083 illam
646 5025 930 5082 elfutiisse.
987 5021 1097 5078 Res
1149 5022 1294 5075 enim
1338 5020 1500 5075 aliter
1531 5034 1595 5073 ac
1648 5034 1708 5074 se
1748 5018 2025 5074 habebant

444 5116 791 5181 enuntiabat,
821 5129 1010 5170 eorum
1049 5111 1273 5167 nomina
1318 5125 1440 5181 qua:
1489 5110 1593 5165 sub
1624 5124 1787 5165 sensu
1819 5109 2024 5165 eadunt

445 5210 743 5273 invertens,
767 5215 821 5265 et
848 5205 1240 5262 intellectualia
1270 5203 1656 5259 manifestans.
1700 5202 1884 5256 Virum
1916 5205 2024 5259 ita-

2132 4652 2359 4722 γμὰτων
2392 4649 2543 4719 ίδια),
2582 4648 2907 4721 συνέστηκεν
2942 4651 3015 4711 ὡς
3046 4647 3197 4701 οὐδὲν
3226 4646 3395 4715 ὑγιὲς,
3432 4645 3552 4698 οὐδὲ
3582 4642 3716 4717 ἀλη-

2132 4746 2241 4810 θῶς
2290 4744 2620 4817 ἀπήγγειλεν
2665 4744 2699 4814 ἡ
2760 4741 2955 4813 μαινάς
2978 4758 2992 4771 ·
3039 4740 3204 4813 ἕτερα
3231 4739 3340 4811 γὰρ
3375 4738 3527 4808 ἔλεγε
3563 4734 3714 4808 παρὰ

2131 4839 2199 4893 τὰ
2247 4836 2395 4902 ὄντα,
2431 4835 2501 4889 τὰ
2550 4835 2658 4889 τῶν
2709 4834 2982 4907 αἰσθητῶν
3032 4834 3271 4905 ὀνόματα
3301 4830 3710 4903 παραφέρουσα,

2133 4931 2227 4985 καὶ
2254 4931 2323 4984 τὰ
2351 4931 2516 4999 νοητά
2557 4927 2967 4982 διαδεικνύουσα
3005 4920 3547 4997 πράγματα.Ἅνδρα
3582 4919 3712 4988 γοῦν

2134 5021 2334 5091 ὄρθιον
2362 5020 2724 5092 όνομάζουσα,
2762 5019 2856 5072 καὶ
2902 5016 3192 5087 περιὸολῆς
3236 5008 3471 5081 ὑφαντὸν
3499 5009 3715 5081 ἕσθημα

2130 5116 2534 5188 χειρότευκτον,
2588 5112 2843 5185 ἀόρατον,
2903 5113 2966 5164 ἐκ
3025 5108 3133 5162 τῶν
3185 5104 3439 5160 ἐναντίων
3494 5103 3712 5175 εἰσῆγεν

2132 5206 2349 5278 πνεῦμα
2384 5205 2772 5277 φαντασιῶδες.

445 5321 552 5378 que
597 5313 827 5361 erectum
874 5304 1174 5375 appellans,
1226 5308 1281 5355 et
1343 5299 1531 5355 textile
1591 5300 1863 5354 involncri
1915 5300 2299 5358 indumentum
2343 5317 2511 5357 manu
2570 5301 2797 5364 factum,
2856 5296 3005 5369 quod
3062 5309 3172 5349 non
3226 5292 3557 5357 videbatur,
3637 5307 3702 5348 ex

445 5397 741 5454 contrariis
799 5396 1052 5467 spiritum
1118 5394 1507 5473 imaginatione
1556 5400 1768 5447 tantum
1827 5402 2146 5466 perceptum
2176 5395 2467 5452 inferebat.

512 5487 628 5546 νει.
669 5488 768 5544 Eia
814 5489 904 5545 dic
941 5503 1094 5560 ergo,
1149 5502 1183 5541 o
1233 5487 1438 5557 optime
1480 5485 1830 5557 dogmatista,
1879 5503 2019 5557 quo-

447 5583 610 5638 modo
624 5583 878 5653 cognovit
897 5581 1033 5637 Saul
1061 5581 1214 5636 illum
1246 5578 1419 5635 fuisse
1443 5577 1775 5644 Samuelem,
1800 5579 2021 5649 quando

452 5689 553 5728 nec
614 5675 818 5729 umbrae
877 5674 1097 5743 quidem
1164 5672 1444 5726 minimam
1498 5676 1744 5740 partem,
1805 5677 2020 5725 tantum

2203 5487 2313 5541 Vll.
2355 5488 2490 5541 Είπέ
2542 5489 2741 5553 τοίνυν,
2798 5479 2844 5539 ὧ
2888 5482 3127 5554 βέλτιστε
3180 5478 3544 5551 δογματιστά,
3593 5477 3711 5547 πῶς

2131 5579 2270 5648 ἔγνω
2295 5578 2485 5642 Σαοὺλ,
2508 5577 2582 5641 ὡς
2616 5577 2778 5641 αὐτὸς
2807 5568 2962 5639 οὗτος
2985 5573 3249 5645 ἐτύγχανε
3278 5569 3550 5647 Σαμουὴλ,
3576 5571 3711 5643 ὁπη-

2130 5673 2254 5725 νίκα
2286 5670 2422 5742 μηδέ
2461 5672 2617 5734 σκιᾶς
2643 5664 2749 5721 εἶδε
2776 5667 2989 5737 μόριον,
3017 5667 3115 5736 οὐχ
3143 5666 3290 5728 ὅπως
3312 5662 3502 5737 ἀνδρὸς
3530 5660 3711 5733 tua»;

517 5828 901 5900 (3")Savro'r.
951 5830 1043 5886 Sic
1081 5832 1268 5904 impr.,
1299 5843 1486 5904 prave.
1531 5826 1847 5902 Legendum
1875 5840 2107 5898 prorsus
2131 5826 2346 5884 videtur
2370 5826 2591 5894 ταυτόν,
2624 5833 2684 5883 ut
2706 5839 2829 5892 pag.
2865 5820 2994 5891 6M,
3030 5806 3093 5879 Β.
3124 5821 3277 5881 Eon.
