4132 6476
460 366 565 424 625

1346 365 1434 422 DE
1474 363 2073 421 ENGASTRIMYTHO
2101 364 2384 423 CONTRA
2414 365 2793 424 ORIGENEM.

3589 373 3694 429 626

470 479 605 533 Ἀλλ’
634 477 734 532 οὐκ
779 476 1035 550 ἐρυθριᾷς
1066 474 1332 549 εἰρηκὼς,
1370 477 1517 532 Ἔδει
1557 478 1897 550 γεγράφθαι,
1924 483 2003 532 Ka

2141 480 2298 536 abest
2325 490 2383 535 ut
2414 480 2642 537 formam
2686 481 2922 538 hominis
2950 486 3254 555 aspexerit?
3276 486 3386 543 Nec
3418 488 3698 546 erubescis

454 569 681 639 ἐνόμιζε
726 569 923 625 Σαοὺλ
972 565 1124 623 εἶναι
1170 570 1357 624 αὐτὸν
1382 568 1661 641 Σαμουὴλ
1681 611 1695 634 ,
1733 570 1827 624 νῦν
1856 571 1912 623 δὲ
1939 570 2030 639 γέ-

453 679 733 734 γραπται,
765 663 954 731 Ἔγνω
988 662 1216 724 Σαούλ;
1251 658 1382 714 Εἶτα
1416 663 1499 715 ὅτι
1543 662 1641 732 μὲν
1673 664 1701 714 ό
1728 662 2021 734 δαιμονιζό-

456 771 617 824 μενος
646 754 788 821 ἐγνω
821 754 970 828 παρὰ
1003 753 1344 825 δαιμονώσης
1375 753 1634 818 ἀκούσας,
1660 755 1772 808 ἄνω
1805 756 1898 808 καὶ
1932 754 2030 808 κά-

453 861 532 897 τω
561 844 768 914 λέγεις’
806 846 887 898 ὅτι
910 844 966 897 δὲ
995 845 1147 898 οὐδὲν
1179 844 1300 897 οὐδὲ
1332 845 1466 909 ὅλως
1503 844 1782 910 ἐθεάσατο,
1813 850 1938 919 σιγῇ
1967 848 2028 901 τὸ

454 933 689 1003 γράμμα
721 933 983 1002 κρύπτεις
1002 951 1014 963 ·
1045 931 1280 1005 οὐδαμοῦ
1302 933 1359 986 δὲ
1386 933 1448 1005 δὴ
1474 935 1814 1006 παραφέρει-ς
1840 937 1897 989 ὲν
1933 936 2028 1006 μὲ-

456 1043 534 1097 σῳ
579 1026 669 1079 τὸν
714 1026 948 1097 ἔλεγχον,
979 1027 1192 1096 ἀφελεῖς
1227 1026 1324 1098 μὲν
1362 1027 1602 1097 οἰόμενος
1633 1029 1907 1099 ἐξαπατᾷν
1935 1030 2026 1082 άν-

455 1115 724 1188 θρὼπους,
755 1116 969 1188 εὕρημα
1016 1118 1074 1171 δὲ
1127 1117 1386 1188 μαντείας
1431 1118 1775 1189 ἐπιτειχίζειν
1821 1120 2024 1174 ἅπασιν

455 1207 713 1271 ἀσεϐοῦς⁶
750 1210 782 1277 ἡ
817 1208 1006 1280 γάρτοι
1052 1208 1144 1262 τοῦ
1173 1208 1615 1280 δαιμονιζομένου
1670 1210 1869 1279 γνῶσις
1898 1210 2025 1276 ἀξία

453 1296 546 1349 τοῦ
580 1297 933 1370 κηρύγματος
962 1299 1254 1369 ἐτύγχανεν
1286 1300 1502 1369 ἐκείνης
1534 1299 1633 1370 τῆς
1662 1301 1755 1354 καὶ
1782 1302 1905 1365 τοὺς
1932 1302 2022 1355 λό-

452 1409 581 1461 γους
622 1393 771 1464 αὒτῷ
816 1393 1186 1464 διακονούσης.
1207 1391 1345 1445 Ἀλλ’
1378 1394 1653 1467 ἐπιστήμῃ
1683 1395 1776 1448 καὶ
1811 1396 2022 1448 συνέσει

451 1486 615 1557 φαίης
646 1485 713 1539 ἂν
759 1484 831 1551 ὡς
877 1486 1016 1555 ἔγνω
1070 1485 1144 1557 μὴ
1179 1485 1532 1557 θεασάμενος,
1567 1486 1680 1540 ἀλλ’
1717 1491 1816 1540 οὐκ
1841 1488 2019 1559 ἐνόμι-

448 1594 541 1632 σεν
561 1595 573 1605 ⁸
622 1578 848 1642 ἕκαστος
902 1578 1030 1646 γοῦν
1077 1578 1376 1649 ἀνθρώπων
1429 1580 1563 1650 ἀκοῇ
1611 1579 1808 1651 μᾶλλον
1836 1580 1868 1652 ἢ
1900 1581 2020 1650 ὄφει

446 1670 677 1741 πρᾶγμα
702 1663 1031 1741 παραλαϐὼν
1063 1671 1230 1724 οἴεται
1258 1672 1353 1724 καὶ
1381 1670 1607 1741 νομίζει,
1641 1670 1701 1723 τὸ
1734 1672 1901 1740 σαφὲς
1919 1673 2017 1725 οὐκ

442 1761 626 1825 εἰδὼς,
658 1760 831 1825 ἄλλως
861 1778 920 1815 τε
955 1760 1055 1815 κᾶν
1085 1762 1189 1815 ὑπὸ
1217 1761 1571 1832 δαιμονῶντος
1601 1760 1773 1835 ἀκούῃ
1799 1762 2013 1834 προσώ-

443 1866 577 1905 που·
635 1852 770 1924 μόνα
812 1853 921 1924 γὰρ
964 1853 1033 1906 τὰ
1085 1852 1177 1906 τοῦ
1228 1853 1361 1907 Θεοῦ
1409 1851 1745 1924 βεϐαιοῦνται
1794 1855 2014 1924 ῥήματα.

440 1943 575 2014 πρὸς
600 1945 798 2017 ἀκριϐῆ
833 1945 1134 2015 κατάληψιν
1164 1947 1259 1999 καὶ
1291 1945 1524 2010 πίστεως
1554 1946 1876 2018 ὀχυρότητα.
1902 1948 2011 1999 Καὶ

440 2035 546 2107 μὴν
592 2039 641 2090 εί
687 2038 815 2109 περὶ
858 2037 964 2090 τῶν
1008 2037 1309 2109 ἀνθρώπων
1352 2040 1551 2107 ἔφησεν
1589 2040 1618 2090 ὁ
1651 2037 2008 2111 μελογράφος,

448 2126 589 2196 Ἐγὼ
626 2124 765 2182 εἶπα
801 2127 965 2197 ἑντῇ
1002 2129 1283 2183 ἐκστάσει
1327 2146 1480 2198 μου·
1535 2129 1661 2195 Πᾶς
1705 2128 2011 2197 ἅνθρωπος

435 2220 741 2288 ψεύστης,
794 2220 944 2291 πόσῳ
989 2220 1119 2289 γοῦν
1166 2221 1229 2292 δὴ
1279 2221 1478 2292 μᾶλλον
1518 2222 1567 2274 εἰ
1599 2221 1726 2290 περὶ
1759 2222 2009 2289 γυναικὸς

433 2311 755 2382 ἐκδιηγῆται
804 2330 889 2376 τις
943 2312 1237 2385 ἐκφρονοςς
1290 2310 1424 2367 Εἶτα
1473 2312 1671 2382 λέγεις,
1715 2314 1791 2365 ὅτι
1837 2313 2007 2378 οὐδεὶς

433 2403 573 2471 ἔγνω
597 2402 660 2463 τὸ,
693 2403 767 2474 μὴ
796 2404 877 2469 ὃν,
908 2399 995 2458 οἷα
1031 2404 1337 2477 μειρακίοις
1359 2404 1854 2475 ἄντικρυςὸμιλῶν.
1874 2407 2008 2459 Εἰπὲ

429 2494 626 2559 τοίνυν,
662 2493 777 2558 πῶς
823 2494 963 2562 ἔγνω
999 2496 1058 2549 τὸ
1085 2495 1163 2556 ὃν,
1199 2496 1355 2566 εἴπερ
1398 2497 1562 2559 αὐτὸς
1610 2496 1708 2550 οὐκ
1749 2496 2007 2550 ἐθεάσατο

431 2584 851 2655 πυνθανόμενος,
878 2588 939 2638 οὐ
968 2586 1059 2639 τὸν
1088 2586 1257 2658 ἄνδρα
1286 2586 1377 2639 τὸν
1406 2586 1607 2656 ὄρθιον,
1635 2587 1695 2639 οὐ
1721 2586 1780 2639 τὸ
1817 2587 2007 2655 Ἐφοὺδ

428 2675 456 2727 ὂ
483 2680 775 2748 περιεῖχεν,
816 2679 876 2731 ού
920 2678 981 2731 τὸ
1013 2678 1395 2749 ἀρχιερατικὸν
1444 2677 1675 2749 ἱμάτιον,
1714 2677 1825 2731 ἀλλ’
1855 2677 2003 2732 οὐδὲν

427 2768 719 2840 οὐδαμόθεν
732 2769 871 2841 ὁρῶν
891 2771 1171 2834 ύποκένοις
1183 2769 1563 2841 ἀνερριπίζετο
1581 2768 1776 2838 λόγοις,
1795 2768 2004 2841 ὠσπερ-

427 2861 519 2914 οῦν
545 2863 734 2933 ἀμέλει
760 2864 854 2916 καὶ
877 2866 939 2917 σὺ
964 2862 1290 2934 κουφολογίᾳ
1316 2862 1441 2927 τοὺς
1473 2862 1742 2925 ἀστάτους
1768 2862 2002 2916 ἀναπτε-

430 2957 573 3024 ροῖς;
601 2956 739 3009 Ἀλλ’
767 2958 796 3009 ὁ
826 2957 922 3026 μὲν
950 2958 1358 3029 ἱστοριογράφος
1386 2957 1555 3026 ὄνομα
1586 2955 1806 3027 προθεὶς
1837 2957 2001 3023 ἐγγα-

427 3047 740 3117 στριμύθου,
764 3047 975 3119 πρῶτον
994 3049 1229 3119 ἐδήλωσε
1242 3048 1300 3101 τὸ
1316 3048 1624 3118 πρόσωπον,
1644 3046 1821 3100 ὁποῖόν
1833 3047 1997 3109 ἐστιν,

2133 587 2255 625 cum
2290 572 2429 629 dicis
2450 573 2799 630 scribendum
2831 575 3001 633 fuisse
3038 597 3050 631 :
3084 576 3153 631 Et
3181 578 3402 647 putabat
3447 578 3583 639 Saul
3629 583 3697 635 il-

2133 660 2242 715 lum
2286 680 2399 718 esse
2449 664 2788 732 Samuelem;
2829 683 2951 723 cum
2999 669 3259 738 scriptum
3308 670 3418 726 sit:
3452 670 3700 743 Cognovit

2131 754 2265 811 Saul
2283 760 2307 812 ?
2347 756 2457 812 Sub
2494 758 2638 824 haec,
2669 746 2812 832 quod
2849 776 2878 814 a
2908 761 3152 817 dmmone
3180 773 3406 820 vexatus
3432 780 3463 819 a
3496 766 3698 820 dromo-

2129 849 2288 903 niaca
2322 850 2551 905 audiens
2595 854 2932 923 cognoverit,
2972 855 3173 925 ubique
3219 856 3510 924 decantas;
3549 861 3697 929 quod

2127 956 2255 996 vero
2286 940 2422 994 nihil
2466 942 2687 997 omnino
2717 944 2929 1014 uspiam
2968 945 3186 1007 viderit,
3219 947 3436 1002 silentio
3473 958 3697 1019 praeter-

2126 1031 2195 1096 is,
2225 1046 2400 1101 neque
2428 1034 2908 1102 reprehensionem
2953 1037 3114 1090 ullam
3149 1038 3202 1091 in
3248 1038 3484 1094 medium
3509 1040 3690 1107 aﬁ‘ers,

2126 1117 2181 1171 id
2231 1118 2285 1172 in
2332 1120 2518 1175 animo
2562 1120 2769 1179 habens
2813 1131 2871 1177 ut
2905 1124 3182 1196 simplices
3222 1128 3470 1185 homines
3511 1130 3687 1196 fallas,

2123 1210 2488 1280 omnibusque
2517 1228 2711 1267 novam
2739 1215 3066 1286 impiamque
3098 1218 3486 1276 divinationem
3522 1224 3690 1277 incul-

2122 1317 2235 1356 ces.
2271 1301 2598 1359 Daemoniaci
2628 1306 2826 1376 quippe
2846 1309 3085 1378 cognitio
3117 1310 3264 1366 illius
3291 1327 3410 1382 quae
3441 1319 3497 1365 et
3526 1313 3690 1369 verba

2123 1393 2226 1462 ipsi
2256 1394 2708 1451 subministrabat
2744 1399 3018 1468 praeconio
3065 1399 3226 1471 digna
3271 1414 3405 1459 erat.
3438 1402 3595 1460 Dices
3632 1405 3691 1459 il-

2120 1485 2232 1539 lum
2269 1488 2498 1543 scientia
2530 1489 2764 1560 quadam
2804 1491 3201 1563 prudentiaque
3224 1495 3368 1565 quod
3397 1512 3506 1550 non
3536 1496 3688 1553 vide-

2121 1586 2205 1631 rat
2238 1580 2584 1650 cognovisse,
2622 1581 2715 1636 scd
2754 1598 2863 1636 non
2897 1582 3068 1640 fuisse
3108 1586 3409 1656 opinatum.
3441 1586 3686 1658 Namque

2120 1669 2347 1740 quilibet
2386 1670 2551 1724 homo
2595 1671 2688 1740 qui
2720 1672 2905 1727 auditu
2955 1676 3137 1745 potius
3166 1691 3328 1745 quam
3362 1677 3537 1732 oculis
3570 1693 3682 1734 rem

2118 1758 2354 1829 aliquam
2390 1760 2682 1830 acceperit,
2712 1776 2835 1815 cum
2877 1777 3062 1816 rerum
3087 1778 3194 1818 non
3227 1773 3541 1836 cognoscat,
3566 1768 3684 1836 epi-

2116 1857 2279 1902 natur
2309 1858 2362 1904 et
2405 1851 2601 1917 credit,
2636 1858 2799 1921 atque
2850 1854 3141 1925 pra-cipue,
3191 1855 3237 1910 si
3285 1871 3315 1909 a
3349 1855 3681 1915 dacmoniaca

2114 1956 2346 2010 persona
2384 1942 2531 1996 illam
2580 1944 2850 1999 hauserit.
2885 1944 3016 2000 Sola
3057 1947 3259 2002 etenim
3299 1946 3484 2003 divina
3515 1951 3679 2007 verba

2115 2033 2183 2086 ad
2212 2034 2538 2102 exquisitam
2568 2035 3111 2110 comprehensionem
3134 2045 3188 2091 et
3220 2038 3339 2093 ﬁdei
3367 2040 3677 2095 munimen-

2112 2129 2226 2176 tum
2259 2121 2565 2177 ﬁrmitatem
2609 2122 2829 2178 habent.
2867 2124 2999 2179 Nam
3030 2127 3075 2181 si
3109 2126 3175 2182 de
3217 2127 3529 2185 hominibus
3557 2144 3680 2183 car-

2112 2215 2319 2267 minum
2376 2215 2614 2285 scriptor
2656 2217 2878 2286 scripsit
2902 2218 2943 2249 ³⁸
2979 2236 2992 2270 :
3032 2217 3145 2289 Ego
3192 2218 3306 2273 dixi
3361 2219 3415 2272 in
3462 2235 3679 2276 excessu

2111 2322 2223 2359 meo
2248 2320 2266 2358 :
2296 2304 2479 2361 Omnis
2501 2307 2654 2361 homo
2678 2308 2923 2375 mendax,
2943 2307 3008 2363 de
3029 2309 3258 2364 muliere
3277 2309 3527 2367 demente
3546 2327 3678 2368 sane

2110 2399 2278 2452 multo
2308 2400 2489 2468 aptius
2524 2400 2631 2454 dici
2668 2401 2885 2470 poterit.
2926 2400 3073 2456 Dicis
3106 2408 3367 2470 pra-terea
3401 2402 3673 2458 neminem

2108 2503 2270 2543 nosse
2291 2489 2436 2558 quod
2461 2504 2572 2544 non
2602 2498 2714 2557 est;
2752 2490 2907 2560 quasi
2934 2504 3056 2544 cum
3090 2490 3331 2559 puerulis
3363 2505 3672 2546 sermonem

2106 2598 2446 2639 consereres.
2490 2583 2588 2638 Dic
2625 2586 2791 2655 igitur
2838 2585 3113 2655 quomodo
3146 2585 3401 2656 cognovit
3444 2585 3497 2639 id
3530 2587 3674 2656 quod

2105 2681 2242 2738 erat,
2297 2675 2341 2730 si
2378 2675 2493 2745 ipse
2539 2675 2651 2745 jam
2694 2676 3035 2746 interrogans
3068 2691 3177 2731 non
3223 2677 3453 2743 viderat,
3499 2692 3674 2750 neque

2104 2766 2378 2823 hominem
2412 2776 2679 2833 erectum,
2713 2783 2889 2838 neque
2920 2767 3111 2838 Ephod
3139 2768 3287 2838 quod
3333 2769 3671 2834 continebat,

2103 2876 2213 2914 non
2249 2875 2586 2915 summorum
2636 2860 2979 2915 sacerdotum
3010 2867 3237 2923 vestem,
3283 2861 3378 2915 sed
3412 2860 3547 2914 nihil
3575 2877 3671 2915 us-

2102 2941 2269 3019 quam
2325 2950 2675 3021 cormpiciens
2737 2952 2891 3007 vanis
2948 2951 3292 3006 sermonibus
3330 2951 3669 3020 jactabatur,

2101 3039 2563 3109 quemadmodum
2592 3048 2646 3095 et
2672 3048 2729 3094 tu
2765 3056 2872 3095 non
2907 3041 3105 3094 minori
3136 3042 3403 3121 orationis
3433 3041 3673 3097 vanitate

424 3136 682 3209 ἐμμανὲς·
701 3136 981 3202 εἷθόῦτως
1004 3138 1152 3208 αὐτῷ
1172 3137 1234 3209 [Ῑ.
1260 3138 1418 3210 αὐτὸ]
1435 3136 1531 3209 τὴν
1551 3136 1814 3191 ὀπτασίαν
1828 3138 2002 3208 ἑωρα-

2104 3146 2295 3200 parum
2349 3131 2534 3187 ﬁrmos
2594 3147 2925 3189 commoves.
2997 3131 3103 3187 Sed
3163 3134 3404 3189 historia:
3450 3134 3669 3204 quidem

422 3225 575 3280 κέναι
594 3226 899 3299 διέγραφεν,
917 3227 992 3292 ὡς
1030 3229 1227 3299 πρέπει
1254 3230 1364 3291 τοῖς
1384 3221 1442 3280 εῦ
1472 3227 1725 3300 φρονοῦσι
1748 3229 1873 3299 περὶ
1900 3227 1994 3282 τοῦ

2104 3223 2358 3294 scriptor,
2394 3222 2824 3294 Engastrimythi
2860 3225 3079 3279 nomine
3127 3225 3396 3296 apposito,
3433 3226 3668 3295 primum

423 3320 951 3393 παρα-πεπληγμένου
989 3322 1124 3371 νοεῖν
1145 3335 1158 3347 ·
1190 3318 1363 3381 οὐδεὶς
1418 3319 1529 3389 γὰρ
1558 3317 1622 3371 ἂν
1662 3318 1906 3392 ὑπολάϐῃ
1929 3318 1991 3389 (Ῑ.

2104 3331 2391 3386 personam
2442 3317 2623 3386 qualis
2676 3325 2840 3382 esset,
2885 3318 3044 3372 furiis
3096 3319 3345 3374 videlicet
3388 3322 3666 3389 agitatam,

418 3409 695 3482 ὑπολάϐοι)
715 3410 1052 3481 φρενοϐλαϐἧ
1076 3427 1216 3473 τινα,
1241 3409 1310 3462 τὰ
1330 3408 1515 3462 δέοντα
1535 3408 1776 3480 θεωρεῖν.
1796 3410 1993 3482 Ὀμοίῳ

2104 3407 2448 3479 signiﬁcavit.
2492 3407 2756 3478 Deinceps
2800 3409 2903 3478 ipsi
2952 3419 3227 3479 spectrum
3270 3409 3413 3480 quod
3460 3413 3669 3467 viderat

416 3502 473 3555 δὲ
488 3502 673 3575 τρόπῳ
693 3503 784 3555 καὶ
800 3502 888 3554 τὸν
903 3500 1140 3571 ἔκφρονα
1156 3498 1326 3553 Σαοὺλ
1339 3499 1537 3571 ἔφησεν
1553 3500 1848 3568 ἐγνωκέναι
1866 3517 1995 3569 μαν-

2104 3500 2350 3570 exposuit
2373 3514 2436 3554 ea
2461 3500 2692 3566 ratione,
2722 3516 2828 3570 qua
2859 3501 3057 3556 mentis
3080 3513 3359 3572 compotes
3380 3503 3446 3558 de
3470 3520 3667 3559 excor-

415 3593 687 3665 τευομένῳ
736 3592 801 3664 [Ῑ.
840 3588 1277 3663 μαντευόμενον],
1331 3589 1406 3653 ὡς
1458 3588 1605 3654 ἄξιον
1631 3590 1696 3644 ἂν
1728 3590 1814 3662 εἴη
1863 3592 1992 3661 περὶ

2104 3592 2257 3647 dibus
2287 3591 2487 3646 debent
2515 3590 2763 3662 judicare
2790 3613 2801 3646 :
2826 3608 2986 3648 nemo
3033 3593 3179 3648 enim
3212 3595 3526 3650 existimare
3564 3610 3664 3666 po-

415 3687 622 3739 ἐκείνου
658 3687 866 3756 νοῆσαι,
902 3684 996 3738 τοῦ
1032 3684 1319 3749 τοσαύταις
1347 3683 1482 3739 ἐτῶν
1524 3683 1789 3754 περιόδοις
1828 3684 1987 3738 ἐλαυ-

2104 3692 2201 3739 test
2240 3685 2474 3753 aliquem
2531 3690 2712 3738 mente
2756 3692 2974 3754 captum
3012 3683 3197 3740 videre
3238 3701 3302 3741 ea
3347 3702 3468 3756 quae
3500 3702 3665 3758 Opor-

412 3778 637 3849 νομένου
664 3779 874 3849 πικρῶς
895 3778 997 3832 ὑπὸ
1017 3777 1110 3831 τοῦ
1127 3778 1400 3848 δαίμονος.

2104 3782 2225 3831 teat.
2248 3774 2507 3828 Similiter
2534 3783 2586 3828 et
2606 3774 2908 3830 dementem
2934 3773 3174 3839 Saulem,
3202 3775 3329 3831 dum
3345 3776 3662 3831 vaticinium

411 3876 637 3936 peteret,
677 3868 887 3924 dixerat
914 3868 1264 3940 cognovisse;
1314 3867 1768 3937 quemadmodum
1799 3868 1866 3924 de
1900 3884 1964 3924 eo
1990 3868 2082 3940 qui
2129 3874 2207 3921 tot
2244 3866 2550 3921 animorum
2584 3866 3034 3922 conversionibus
3088 3881 3117 3920 a
3148 3867 3388 3938 pessimo
3418 3867 3662 3923 dmmone

409 3967 693 4030 correptus
724 3959 1046 4031 agitabatur,
1089 3975 1302 4029 aequum
1333 3968 1452 4016 erat
1480 3961 1807 4016 discernere.

484 4049 615 4103 Vill.
670 4050 827 4104 Ἀλλά
853 4051 959 4122 μὴν
986 4051 1068 4104 ὅτι
1092 4067 1153 4119 γε
1181 4052 1354 4105 ταῦτα
1386 4051 1574 4105 τοῦτον
1614 4051 1726 4123 ἔχει
1754 4051 1844 4105 τὸν
1870 4050 1993 4123 τρό-

2160 4048 2294 4103 Vlll.
2329 4048 2395 4102 Et
2430 4048 2542 4104 haec
2574 4048 2627 4103 in
2660 4064 2718 4105 se
2751 4049 2951 4105 habere
2982 4065 3071 4106 res
3097 4053 3227 4121 ipsa:
3271 4052 3509 4108 clamant
3544 4055 3658 4110 cla-

411 4158 531 4207 πον,
556 4141 695 4196 αὐτὰ
736 4140 806 4195 τὰ
853 4141 1151 4213 πράγματα
1185 4142 1311 4213 βοὰς
1337 4143 1561 4215 ἀφίησιν
1590 4144 1981 4214 ἐναργεῖς.Ἴνα

2104 4133 2307 4188 -issima
2340 4148 2493 4187 voce.
2523 4132 2723 4187 Verum
2765 4141 2823 4186 ut
2856 4140 2909 4187 et
2959 4134 3065 4187 alio
3106 4137 3354 4204 exemplo
3384 4151 3495 4190 rem
3552 4139 3659 4192 mia
3767 4173 3771 4177 -

406 4232 463 4286 δὲ
495 4232 585 4286 καὶ
615 4234 705 4302 ἀφ’
731 4234 919 4305 ἐτέρου
958 4233 1027 4286 τὰ
1065 4234 1227 4304 ὃμοια
1257 4238 1582 4307 συστήσαιμι
1610 4234 1980 4306 παραδείγμα-

2108 4225 2143 4277 ιὶ
2177 4224 2511 4294 propositam
2549 4224 2888 4287 conﬁrmem,
2929 4237 3025 4293 age
3070 4222 3198 4277 Elia:
3238 4226 3511 4294 propheta:
3568 4228 3653 4281 hi-

406 4339 516 4390 τος,
541 4324 673 4396 φέρε
714 4326 810 4399 τὴν
856 4326 949 4378 ἐπὶ
988 4326 1165 4380 Ἠλίου
1212 4327 1304 4380 τοῦ
1345 4329 1623 4400 προφήτου
1650 4328 1978 4398 προάγωμεν

2104 4317 2309 4370 εισι-ἰείη
2342 4316 2398 4369 in
2427 4314 2664 4368 medium
2720 4313 3011 4368 aderamus
3034 4313 3099 4377 ¹⁶,
3133 4329 3258 4368 cum
3306 4317 3504 4370 vellent
3549 4334 3657 4373 nu-

410 4417 667 4489 ίστορίαν,
697 4419 932 4491 ὁπηνίκα
960 4420 1051 4473 τὸν
1092 4419 1323 4491 ἀριθμὸν
1354 4419 1536 4490 ἠξίουν
1580 4419 1677 4489 μὲν
1722 4420 1779 4473 ἐν
1818 4417 1977 4489 θυσίᾳ

2104 4421 2236 4461 uero
2280 4407 2335 4460 in
2392 4405 2662 4460 sacriﬁcio
2714 4405 2886 4475 partis
2940 4405 3231 4476 utriusque
3279 4410 3651 4477 praestantiam

404 4506 502 4580 τὴν
542 4508 813 4580 ἑκατέρων
860 4509 1273 4577 ἁνεξετάζεσθαι
1316 4509 1489 4576 τάξιν,
1517 4510 1721 4582 μηδένα
1763 4508 1818 4561 δὲ
1866 4506 1977 4578 πῦρ

2104 4499 2406 4568 lijudicare,
2446 4498 2767 4568 nullumque
2790 4498 2995 4553 audere
3035 4498 3213 4570 ignem
3249 4500 3497 4570 injicere,
3551 4503 3647 4557 sed

404 4599 649 4669 ἐπάγειν,
686 4601 799 4654 ἀλλ’
830 4602 1014 4672 εὐχαῖς
1046 4601 1344 4670 ἐπάγεσθαι
1372 4601 1545 4674 πυρὸς
1576 4600 1859 4672 ἐπιφορὰν,
1889 4600 1976 4653 ἵνα

2104 4590 2340 4645 )recibus
2399 4590 2551 4644 illum
2584 4590 2637 4643 in
2691 4589 2830 4645 coelo
2873 4597 3198 4659 conceptum
3253 4590 3544 4661 subjicere,
3589 4600 3648 4646 ut

402 4690 470 4747 ἐκ
489 4690 586 4746 τοῦ
617 4692 1170 4763 κατακομπαζομένου
1210 4692 1483 4765 μετεώρου
1512 4693 1801 4766 οὐρανόθεν
1829 4691 1979 4763 ἔκδη-

2104 4680 2203 4735 nde
2226 4679 2465 4735 demisso
2488 4679 2704 4734 caelitus
2733 4679 2909 4750 signo,
2935 4694 3045 4749 quo
3068 4679 3255 4734 liceret
3276 4681 3517 4750 gloriari,
3550 4697 3646 4752 pa-

401 4783 492 4849 λος
527 4784 625 4855 μὲν
655 4784 721 4837 ἂν
752 4784 837 4854 εἴη
873 4786 1036 4837 πᾶσιν
1072 4783 1370 4837 ἐπακοῦσαι
1403 4783 1697 4855 δυνάμενος
1730 4785 1787 4836 ἐν
1817 4781 1977 4852 φλογὶ

2104 4778 2215 4825 erct
2246 4771 2501 4827 omnibus
2524 4770 2689 4837 Deus,
2717 4772 2808 4842 qui
2840 4778 3026 4841 posset
3046 4779 3101 4827 et
3122 4773 3381 4829 exaudire
3410 4784 3464 4829 et
3492 4774 3645 4845 ignes

401 4877 514 4949 πῦρ
561 4876 907 4930 ἀποστέλλειν
954 4876 1107 4940 Θεὸς,
1134 4878 1197 4930 ἐκ
1241 4875 1297 4927 δὲ
1339 4875 1526 4928 τούτου
1560 4873 1977 4945 διαγινώσκηται

398 4967 482 5034 τίς
511 4971 545 5041 ἡ
580 4967 672 5022 τοῦ
703 4969 1006 5038 κρείττονος
1052 4966 1285 5033 ἐξουσία,
1316 4967 1407 5018 καὶ
1459 4966 1592 5019 πᾶσι
1638 4966 1867 5037 φανερὸν
1909 4964 1976 5018 ἂν

400 5059 487 5130 εἴη
518 5075 581 5127 γε
610 5059 672 5111 τὸ
699 5059 939 5130 ἄμεινον.
959 5060 1044 5121 Ὡς
1080 5055 1172 5110 οὖν
1211 5058 1470 5111 ἐπέταττε
1515 5055 1750 5128 πρώτοις
1792 5059 1975 5111 ἐπιτεε

400 5146 512 5202 λεῖν
556 5149 801 5213 ἐκείνοις,
833 5150 882 5203 οἱ
931 5150 1028 5220 μὲν
1067 5147 1441 5219 ἐπιλεξάμενοι
1484 5149 1676 5219 βοΐδιον
1721 5148 1995 5219 ἐμέλιζονι

398 5236 683 5307 είωθάυως,
703 5241 1122 5312 ἐπικαλούμενοι
1148 5240 1204 5293 δὲ
1231 5240 1294 5311 δὴ
1323 5240 1381 5292 τὸ
1403 5239 1775 5312 τετράμορφον
1797 5241 1972 5311 ἐμμε-

396 5327 612 5400 λὲτημα
631 5328 727 5395 τοῦ
755 5331 1087 5403 καλουμένου
1115 5331 1279 5395 Βάαλ,
1316 5331 1464 5384 οὐδὲν
1493 5327 1653 5404 ἦττον
1675 5330 1964 5404 ἔπραττον,

394 5419 549 5477 οὐδὲν
571 5418 846 5490 οὐδαμῶς·
874 5423 1012 5477 ἀλλά
1041 5440 1106 5492 γε
1134 5422 1233 5477 καὶ
1265 5423 1689 5492 κατετέμνοντο
1724 5423 1873 5477 κατὰ
1898 5422 1964 5477 τὸ

391 5512 531 5578 ἔθος
560 5508 757 5566 αὐτῶν
773 5514 1109 5583 μαχαίραις,
1126 5518 1251 5585 ἔφη,
1281 5515 1381 5569 καὶ
1410 5513 1830 5584 σειρομάσταις
1852 5514 1967 5582 ἕως

389 5603 695 5673 ἐκχύσεως
723 5603 960 5673 αἵματος
980 5621 995 5637 ο
1026 5602 1145 5661 εἶτα
1173 5607 1266 5660 ἐπὶ
1291 5608 1499 5670 τούτοις
1527 5609 1560 5678 ἡ
1593 5606 1962 5679 διηγηματικὴ

390 5693 485 5748 τοῦ
530 5694 889 5765 συγγραφέως
929 5698 1177 5769 ἐπιφέρει
1220 5697 1315 5771 βοή
1338 5717 1352 5729 ο
1401 5697 1513 5753 Καὶ
1553 5699 1960 5769 προεφήτευον

2075 4864 2370 4919 suscitatos
2403 4864 2694 4934 depellere,
2724 4880 2788 4919 ex
2822 4880 2930 4936 quo
2958 4867 3188 4935 potioris
3235 4867 3471 4938 dignitas
3528 4869 3644 4923 elu-

2074 4966 2335 5021 cesceret,
2376 4965 2428 5011 et
2475 4957 2621 5027 quod
2669 4958 2865 5012 melius
2895 4967 3012 5013 erat
3052 4967 3355 5029 appareret.
3380 4959 3481 5016 Ubi
3513 4977 3642 5017 vero

2076 5048 2310 5119 primum
2342 5049 2450 5104 illis
2480 5057 2539 5103 ut
2566 5064 2706 5120 opus
2734 5050 3059 5121 perﬁcerent
3107 5053 3413 5123 imperavit,
3452 5053 3529 5107 illi
3552 5069 3641 5109 se-

2076 5140 2273 5196 lectam
2300 5141 2553 5197 buculam
2588 5156 2739 5197 more
2780 5159 2880 5198 suo
2914 5143 3298 5214 discerpebant
3350 5145 3403 5198 in
3432 5154 3636 5215 partes,

2071 5241 2125 5289 et
2174 5234 2429 5289 invocato
2483 5249 2591 5288 non
2648 5234 2998 5306 indiligenter
3047 5236 3417 5306 quadriforme
3457 5238 3667 5310 Baalis.

2070 5328 2315 5394 numine,
2367 5327 2505 5381 nihil
2543 5328 2727 5383 minus
2773 5329 3162 5399 operabantur,
3208 5329 3345 5382 nihil
3389 5316 3667 5399 omnino.§.

2070 5373 2315 5394 --νη----η
2544 5373 2726 5383 ---η-..ν
2775 5373 3162 5399 νγν....,....-..-,
3391 5373 3667 5390 ,πω-...νη

2068 5419 2232 5474 Addit
2262 5421 2303 5451 ³⁷
2331 5437 2344 5474 :
2370 5422 2438 5473 Et
2462 5418 2758 5472 incidebant
2776 5436 2830 5473 se
2849 5435 2913 5474 ea:
2942 5434 3083 5472 more
3110 5418 3301 5487 gladiis
3321 5428 3370 5474 et
3405 5373 3666 5538 siroma-p
3696 5438 3704 5451 ·

2071 5511 2234 5538 -ιιι..-
2269 5510 2334 5538 ,Α
2383 5511 2678 5538 ΑΠ’...ἓΛκι-..ι
2707 5526 2867 5538 ..-.....
2891 5513 3158 5538 -.νηιηηὶηέι
3211 5508 3403 5538 ρηὶυυὶῗο
3436 5511 3517 5538 Id-
3545 5527 3609 5538 η..

2066 5511 2234 5566 uibus
2266 5510 2334 5564 ad
2377 5511 2680 5579 e/j’usionem
2707 5526 2867 5581 usque
2887 5513 3179 5580 sanguinis.
3211 5508 3406 5566 Subdit
3436 5511 3520 5567 his
3544 5508 3653 5607 ηυνξ

2067 5611 2187 5658 ctor
2215 5603 2361 5657 illius
2388 5601 2718 5657 narrationis
2750 5603 2794 5633 “‘
2828 5621 2840 5655 :
2875 5601 2945 5655 Et
2962 5601 3340 5670 prophetabant
3367 5618 3634 5674 quousque

2064 5695 2316 5766 prwteriit
2350 5711 2581 5764 vespera.
2605 5694 2743 5751 Cum
2773 5695 2953 5765 itaque
2978 5677 3286 5764 Scriptura.
3313 5711 3423 5773 non
3461 5710 3632 5770 expo-

498 5811 542 5844 “
566 5810 717 5867 Psal.
752 5827 876 5873 ειν.
904 5813 990 5869 ll.
1070 5815 1112 5848 ¹⁶
1140 5814 1235 5871 ΙΙΙ
1266 5814 1393 5879 Rea.
1425 5834 1581 5887 xvru,
1611 5815 1777 5874 19-26
1838 5816 1878 5847 "
1909 5817 2003 5872 ibid

2104 5821 2160 5879 8.
2224 5822 2264 5856 ⁸⁸
2292 5823 2399 5880 ibid
2423 5825 2513 5883 29.
