4132 6410
454 340 560 396 627

1452 344 1509 405 S.
1547 343 1923 407 EUSTATHII
1952 344 2259 409 EPISCOPI
2294 348 2712 410 ANTIOCHENI

3580 352 3687 409 628

448 454 627 513 suerit
675 470 877 513 verane
929 467 1001 513 an
1055 456 1334 516 mendacia
1384 464 1792 533 prophetareut,
1824 468 2017 523 ideone

2134 466 2223 533 ἕως
2253 467 2521 535 παρῆλθε
2547 466 2613 519 τὸ
2637 465 2918 520 δειλινόν.
2967 464 3120 521 Ἐπεὶ
3143 463 3320 520 τοίνυν
3338 434 3399 519 ού
3426 463 3686 525 διέστειλε

451 548 574 603 illos
599 546 893 620 prophetas
921 547 1093 606 fuisse
1119 566 1341 609 veraces
1386 552 1585 625 aliquis
1626 556 2021 613 contenderet?

450 639 673 697 Scilicet
722 640 1014 699 dicendum
1044 656 1184 709 erat,
1219 656 1282 702 ut
1306 643 1567 719 Origenes
1611 650 1728 720 ipse
1760 649 2017 708 determi-

451 737 564 791 nat,
615 731 1013 802 prophetabant
1058 742 1118 788 ut
1172 735 1276 806 ipsi
1334 735 1719 805 opinabantur,
1753 752 1864 793 non
1912 737 2020 792 nisi

449 819 734 877 mendacia
778 824 1099 882 conﬂantes.
1130 824 1315 897 Neque
1342 827 1488 882 enim
1518 825 1601 882 fas
1634 834 1751 883 erat
1785 828 1840 883 in
1882 825 2018 899 ipsis

450 912 693 971 incidere
713 916 1189 988 praesagitionem;
1227 929 1283 974 et
1321 929 1503 976 tamen
1554 921 1821 977 extricato
1844 922 2021 977 claro-

450 1021 561 1074 que
616 1008 810 1063 scribit
868 1024 1120 1066 sermone
1153 1030 1168 1065 :
1201 1009 1269 1065 Et
1315 1012 1696 1081 prophetabant
1755 1027 2019 1083 quousque

450 1098 706 1167 prwtsriit
739 1114 971 1169 vespera.
1004 1100 1197 1158 Nonne
1222 1100 1341 1172 ipsa
1370 1114 1552 1158 rerum
1591 1113 2019 1174 eventorumque

451 1190 842 1260 consequentia
868 1191 983 1247 hac
1044 1191 1154 1249 illis
1196 1193 1392 1248 similia
1434 1194 1894 1264 comprobantur?
1922 1193 2020 1249 Et-

452 1280 600 1335 enim
638 1281 686 1338 si
713 1283 997 1339 amborum
1026 1283 1166 1340 idem
1193 1292 1277 1342 est
1306 1294 1520 1351 auctor,
1552 1302 1721 1342 unum
1750 1288 1918 1343 etiam
1952 1303 2021 1342 ex

451 1373 701 1444 utrisque
729 1389 950 1431 sensum
975 1376 1172 1434 elicere
1204 1392 1542 1449 consequens
1563 1387 1666 1436 est.
1702 1377 1809 1436 Sed
1836 1394 2024 1451 quem-

452 1464 745 1521 admodum
772 1466 862 1521 hic
900 1467 1310 1526 idololatrarum
1346 1470 1567 1542 praeﬁxo
1595 1472 1817 1527 nomine
1845 1471 1897 1527 id
1923 1487 2024 1527 no-

451 1557 538 1612 bis
584 1557 762 1613 innuit
797 1559 865 1615 de
917 1561 1026 1617 illis
1075 1563 1150 1617 ita
1211 1560 1558 1618 sentiendum
1603 1576 1747 1629 esse,
1814 1561 2022 1620 scilicet

455 1648 956 1723 pseudoprophetas
981 1652 1148 1710 fuisse
1169 1655 1315 1709 omni
1339 1656 1672 1726 pramotione
1700 1654 2019 1722 destitutos;

453 1741 533 1795 sic
563 1748 619 1797 et
649 1742 722 1797 ibi
758 1745 1010 1814 personis
1045 1746 1290 1802 dmmone
1323 1747 1541 1819 agitatis
1571 1748 1876 1820 praepositis
1928 1764 2020 1804 sa-

2118 557 2177 611 τὸ
2222 558 2475 629 γράμμα,
2512 558 2737 630 πότερον
2779 557 2953 630 ἀληθῆ
2998 558 3371 630 προύφήτευον
3412 556 3449 628 ἦ
3494 557 3685 628 ψευδῆ,

2116 649 2269 721 παρά
2320 648 2478 703 τοῦτο
2527 648 2659 720 φαίη
2707 667 2789 713 τις
2841 650 2906 703 ἂν
2951 648 3191 712 ἐκείνους
3237 644 3375 703 εἶναι
3405 652 3690 721 προφήτας

2118 733 2375 808 ἀληθεῖς;
2410 738 2558 791 Ἔδει
2608 739 2717 809 γάρ
2759 736 3039 810 εἰρηκέναι
3070 737 3210 790 κατά
3233 735 3334 807 τὴν
3383 736 3692 807 Ὦριγένους

2119 829 2423 898 ἀπόφασιν,
2468 830 2843 901 Προεφήτευον
2892 829 2968 893 ὡς
3009 828 3176 900 ᾣοντο
3207 828 3267 881 τὸ
3295 828 3489 890 δοκεῖν,
3521 828 3691 899 μηδὲν

2118 918 2315 992 ἀληθὲς
2344 918 2589 989 λέγοντες
2638 921 2782 991 (ἐπεὶ
2818 920 2951 992 μηδὲ
2978 920 3134 991 θέμις
3162 916 3606 990 ἐμπολιτεύεσθαι
3628 918 3689 971 ὲν

2118 1013 2302 1076 αὐτοῖς
2332 1012 2681 1084 πρόγνωσιν),
2715 1012 2828 1066 ἀλλ’
2851 1014 2949 1065 οὐκ
2982 1012 3325 1083 ἁνεπιπλόκῳ
3352 1012 3447 1065 καὶ
3469 1009 3687 1081 καθαρᾷ

2120 1102 2475 1176 προφωνῆσαι
2506 1102 2676 1169 λέξει*
2719 1104 2829 1159 Καὶ
2853 1104 3260 1174 προεφήτευον
3282 1103 3392 1169 ἕως
3417 1100 3689 1171 παρῆλθε

2117 1197 2186 1251 τὸ
2229 1195 2644 1269 δειλινόν-,Ἆρ’
2670 1191 2767 1250 οὖν
2813 1194 3119 1259 ἀκολούθως
3162 1197 3226 1248 ὲκ
3262 1195 3360 1265 τῆς
3392 1193 3561 1264 αὐτῆς
3591 1192 3688 1247 τοῦ

2120 1289 2448 1362 γράμματος
2495 1289 2735 1362 ἱστορίας
2775 1288 2921 1342 ἔστιν
2967 1287 3113 1353 ίδεῖν,
3144 1289 3229 1342 ὅτι
3265 1286 3436 1341 ταῦτα
3464 1285 3691 1350 ἐκείνοις

2121 1380 2396 1435 ἔειίςέοικενι
2428 1382 2478 1435 εί
2511 1380 2619 1452 γάρ
2651 1383 2680 1433 ὁ
2704 1378 2863 1443 αὑτός
2904 1379 3050 1433 ἐστιν
3093 1378 3366 1451 ἑκατέρων
3393 1379 3424 1431 ό
3452 1393 3694 1451 συγγρα-

2122 1473 2275 1543 φεὺς,
2304 1474 2486 1544 ὅμοιον
2513 1472 2573 1538 ἐξ
2600 1473 2801 1543 ἀμφοῖν
2828 1470 3019 1539 ἀνάγει
3044 1470 3135 1524 τὸν
3174 1470 3318 1524 νοῦν.
3335 1469 3471 1522 Ἀλλ’
3501 1470 3691 1542 ὥσπερ

2122 1562 2355 1617 ἐνταῦθα
2383 1562 2447 1615 τὸ
2474 1562 2581 1615 τῶν
2610 1560 3006 1632 εἰδωλολατρῶν
3048 1559 3217 1631 ὄνομα
3250 1560 3541 1631 προτάξας,
3573 1561 3693 1632 ese—

2122 1655 2261 1708 λωσε
2304 1654 2445 1709 κατά
2490 1654 2718 1719 ἔννοιαν,
2746 1654 2828 1706 ὅτι
2853 1652 2958 1725 χρὴ
2984 1654 3111 1725 περὶ
3138 1652 3341 1706 τούτων
3373 1651 3693 1723 ὑπολαμϐά-

2122 1762 2233 1798 νειν
2264 1746 2340 1810 ὡς
2361 1746 2470 1799 είσὶ
2500 1742 2943 1813 ψευδοπροφῆται
2974 1742 3280 1813 λειπόμενοι
3312 1740 3690 1814 προγνώσεως·

451 1833 749 1906 crilegiquc
809 1837 1049 1893 vaticinii
1106 1838 1462 1905 facinoribus,
1515 1856 1613 1911 per
1677 1841 2017 1897 reticentiam

2134 1837 2267 1892 οὕτω
2313 1839 2471 1891 κάκεῖ
2512 1837 2781 1908 πρόσωπα
2804 1834 3216 1907 δαιμονιζόμενα
3264 1833 3559 1906 προτάξας,
3601 1835 3694 1888 καὶ

451 1922 585 1992 quid
618 1924 687 1979 de
712 1927 1024 1983 amentibus
1053 1928 1163 1985 illis
1189 1928 1486 2000 prudentes
1521 1931 1728 1987 sentire
1760 1930 2021 1987 deberent

452 2013 846 2073 manifestavit.

528 2106 618 2161 IX.
651 2107 794 2167 Sane
837 2111 882 2167 si
928 2109 1118 2169 vellem
1172 2128 1355 2168 rerum
1401 2112 1659 2169 similium
1711 2113 2021 2169 testimonia

457 2196 671 2267 afferre,
701 2201 916 2259 deficiet
964 2203 1202 2262 fortasse
1238 2213 1456 2276 tempus
1493 2204 1803 2261 dicentibus
1838 2224 1851 2260 :
1886 2204 2023 2263 satis

458 2306 585 2347 vero
606 2293 731 2357 erit.
765 2294 813 2351 si
838 2296 1069 2352 alterum
1092 2297 1254 2368 hujus
1282 2295 1361 2353 rei
1388 2298 1698 2370 exemplum
1731 2299 2020 2354 adducam.

458 2380 518 2438 ln
548 2383 720 2441 Exodi
769 2402 899 2459 ergo
948 2387 1179 2444 historia
1217 2390 1449 2448 habetur
1474 2391 1541 2456 ¹⁹,
1574 2386 1745 2462 Moysi
1792 2390 2024 2447 Aaroni-

458 2488 567 2544 que
595 2472 880 2531 Dominum
904 2477 1080 2548 ipsum
1103 2480 1429 2551 praecepisse
1453 2489 1514 2535 ut
1540 2489 1662 2536 ante
1683 2477 2023 2537 Pharaonem

460 2564 516 2617 in
545 2569 745 2621 terram
773 2565 1024 2622 baculum
1048 2567 1369 2641 dejicerent,
1389 2569 1483 2641 qui
1500 2578 1829 2649 commutata
1850 2569 2024 2625 forma

460 2654 518 2711 in
569 2671 758 2713 eorum
799 2669 1097 2731 conspectu
1146 2660 1395 2733 prodigio
1444 2662 1693 2719 horribili
1737 2659 2026 2734 [Egyptios

458 2745 779 2808 deterreret.
810 2751 965 2821 Quod
992 2752 1083 2809 ubi
1117 2754 1355 2809 maxima
1380 2752 1626 2810 omnium
1666 2753 2027 2809 admiratione

460 2841 665 2899 iactum
692 2852 860 2911 esset,
892 2847 1148 2920 princeps
1196 2847 1314 2902 sine
1349 2846 1584 2903 consilio
1619 2843 1855 2902 amentia
1875 2845 2027 2902 delu-

459 2946 558 2989 sus
586 2935 800 2991 vocavit
827 2952 934 2991 una
960 2938 1126 2996 simul
1150 2953 1342 2994 omnes
1375 2946 1429 2994 et
1452 2937 1729 3009 sapientes
1753 2944 1808 2994 et
1834 2938 2026 2993 incan-

460 3035 667 3085 latores
689 3028 909 3102 IEgypti
935 3048 949 3086 ι
981 3030 1051 3085 Ει
1081 3031 1313 3101 fecerunt
1341 3033 1505 3085 etiam
1539 3030 1899 3087 incantatores
1922 3027 2028 3085 1E—

459 3120 778 3190 gyptiorum,
802 3120 961 3189 dixit,
987 3137 1078 3191 per
1112 3123 1497 3179 incantationes
1533 3123 1815 3188 similiter;
1854 3122 2028 3193 proje-

461 3223 741 3285 ceruntque
776 3215 971 3286 singuli
1007 3218 1180 3289 virgas
1208 3233 1356 3282 suas,
1390 3225 1441 3273 et
1479 3216 1638 3287 factm
1673 3226 1795 3272 sunt
1832 3215 2026 3272 draco-

462 3322 551 3360 nes
572 3323 591 3361 :
620 3316 670 3362 et
697 3307 962 3363 devorari:
1001 3309 1220 3365 baculus
1249 3310 1479 3365 Aaronis
1513 3311 1688 3381 virgas
1719 3310 1936 3366 illorum
1957 3310 2026 3365 ".

461 3396 718 3455 Refertur
748 3410 1008 3471 praeterea
1029 3403 1072 3434 ¹¹
1099 3401 1481 3474 Egyptiorum
1539 3401 1908 3458 incanlalores
1951 3402 2031 3457 si-

465 3491 665 3548 militer
692 3496 1012 3562 sanguinem
1054 3503 1110 3551 et
1156 3512 1318 3553 ranas
1368 3495 1565 3554 fecisse
1584 3499 1652 3552 ".
1682 3496 1817 3553 Cum
1864 3495 2034 3570 igitur

462 3586 707 3643 narratio
745 3603 920 3659 neque
975 3589 1065 3646 hic
1115 3591 1455 3664 singulorum
1498 3601 1658 3650 actus
1696 3592 2064 3659 subdividat,.

466 3676 565 3733 sed
585 3678 836 3736 similiter
864 3681 1234 3740 incantatores
1272 3684 1470 3741 fecisse
1508 3684 1776 3753 fateatur;
1810 3685 1936 3741 ideo
1966 3701 2037 3741 ne

474 3768 619 3825 dices
641 3786 761 3840 quae
789 3787 821 3830 ιι
843 3773 1017 3845 magis
1044 3775 1291 3833 confecta
1325 3785 1475 3841 sunt,
1509 3776 1619 3833 illis
1647 3792 1768 3847 quae
1793 3792 1825 3831 a
1851 3775 2036 3849 Moyse

469 3861 670 3917 similia
707 3863 864 3919 esse?
887 3864 1261 3937 Nequaquam,
1299 3869 1445 3925 dicet
1470 3868 1614 3939 quis,
1651 3883 1774 3922 cum
1804 3882 1906 3923 nec
1953 3866 2039 3924 ias

471 3953 546 4009 sit
576 3953 757 4011 dicere
790 3956 1007 4014 curiosa
1042 3958 1229 4015 istbmc
1251 3968 1305 4016 et
1332 3960 1712 4031 superstitiosa
1746 3978 1776 4014 ιι
1801 3959 1910 4016 Deo
1955 3958 2041 4016 fa-

470 4045 578 4102 ctis
601 4047 766 4103 rebus
787 4041 1107 4110 'assimilari.
1137 4050 1485 4124 Quaecunque
1523 4051 1734 4125 Moyses
1775 4067 2043 4124 exseque-

471 4136 653 4204 batur,
685 4141 970 4198 veritatem
1017 4159 1128 4215 praa
1179 4160 1240 4201 se
1278 4143 1525 4201 ferebant
1553 4163 1567 4201 :
1594 4152 1651 4199 at
1699 4161 1822 4216 quae
1853 4145 2043 4200 incan-

472 4234 684 4288 tatores
729 4234 1119 4302 ordiebantur,
1179 4236 1564 4309 imaginatione
1615 4246 1825 4294 tantum
1864 4239 2043 4295 visum

472 4318 773 4391 fallebant;
807 4327 1005 4396 quippe
1034 4341 1217 4381 rerum
1249 4327 1622 4388 imbecillitate
1657 4330 1794 4386 satis
1827 4328 2044 4385 abunde

479 4414 821 4470 mendacium
873 4416 1213 4472 eludebatur.
1266 4418 1740 4491 Quandoquidem,
1795 4435 1901 4491 qua
1959 4435 2044 4475 ra-

2129 1931 2384 2003 μαντείας
2404 1928 2659 2000 ἀθεμίτου
2685 1929 2953 2000 δράματα,
2975 1927 3113 1981 κατὰ
3147 1925 3523 1998 ἀποσιώπησιν
3555 1927 3694 1999 ἐμή-

2126 2038 2248 2077 νυσε
2261 2022 2313 2075 τί
2326 2021 2433 2075 δέοι
2449 2018 2695 2094 περὶτῶν
2711 2019 2986 2091 ἐκφρόνων
3006 2018 3247 2084 δοξάζειν
3257 2018 3383 2081 τοὺς
3398 2017 3693 2089 ἔμφρονας.

2197 2118 2290 2170 IX.
2338 2114 2496 2168 Ἀλλά
2524 2114 2592 2169 τά
2623 2112 2847 2166 τοιαῦτα
2884 2111 2981 2183 μὲν
3006 2114 3055 2164 εἰ
3079 2109 3450 2182 παραφέροιμι
3492 2109 3698 2181 μαρτύ-

2130 2224 2238 2278 ρια,
2285 2206 2425 2276 τάχα
2469 2205 2599 2270 ἴσως
2628 2207 2658 2259 ό
2684 2205 2877 2277 χρόνος
2914 2203 3059 2274 ἡμᾶς
3107 2201 3369 2271 ὲπιλείψοι
3402 2200 3657 2269 λέγοντας
3677 2214 3694 2230 ο

2127 2300 2291 2368 ἄλλην
2336 2298 2391 2350 δὲ
2427 2298 2555 2369 μίαν
2602 2295 3039 2369 παραδείγματος
3064 2294 3246 2348 εἰκόνα
3272 2292 3489 2365 προθεὶς
3530 2293 3701 2364 ἀρκε-

2131 2389 2419 2460 σθήσομαι.
2451 2388 2752 2460 Τοιγαροῦν
2802 2389 2860 2441 ἐν
2902 2385 2979 2457 τῷ
3019 2387 3119 2457 τῆς
3158 2385 3367 2451 Ἐξόδου
3396 2384 3700 2455 κατασεσή-

2133 2498 2332 2551 μανται
2377 2482 2683 2552 γράμματι,
2719 2478 2836 2543 πῶς
2884 2478 3174 2532 ἐπέταττεν
3217 2477 3327 2541 τοῖς
3376 2475 3520 2546 ἀμφὶ
3567 2475 3701 2529 Mai-

2133 2573 2229 2625 σὲα
2251 2573 2348 2625 καὶ
2380 2570 2588 2642 Ἀαρὼν
2617 2569 2777 2634 αὐτὸς
2808 2572 2837 2624 ό
2876 2569 3078 2639 Κύριος
3119 2568 3197 2631 είς
3228 2565 3418 2635 ἔδαφος
3458 2563 3699 2634 ἐκρίψειν

2130 2663 2228 2733 τὴν
2265 2661 2457 2735 ῥάϐδον
2478 2662 2700 2733 ἀντικρὺ
2724 2658 2945 2731 Φαραὼ,
2973 2660 3061 2712 ἴνα
3088 2660 3167 2723 είς
3191 2657 3310 2727 όψιν
3336 2656 3614 2728 ἀμείψασα
3637 2653 3703 2708 τὸ

2133 2756 2318 2827 σχῆμα
2345 2756 2554 2826 σημείῳ
2585 2755 2907 2826 καταπλήξῃ
2949 2752 3163 2825 φοϐερῴ
3201 2754 3327 2815 τοὺς
3352 2748 3700 2820 Αἰγυπτίους.

2143 2848 2233 2912 Ὠς
2260 2848 2316 2901 δὲ
2341 2847 2498 2901 τοῦτο
2518 2845 2724 2916 ἐγίνετο
2739 2846 3072 2917 παραδόξως,
3094 2845 3123 2897 ὁ
3148 2844 3414 2914 δυνάστης
3433 2842 3589 2915 ἀνοίᾳ
3610 2857 3707 2912 φε-

2133 2941 2481 3011 νακιζόμενος
2521 2938 2753 3011 άϐούλῳ,
2803 2938 3193 2992 συνεκαλέσατο
3246 2937 3344 3008 μὲν
3371 2936 3534 3009 ὁμόσε
3576 2937 3703 3001 τοὺς

2136 3033 2397 3103 σοφιστὰς
2437 3032 2529 3086 καὶ
2579 3034 2706 3095 τοὺς
2743 3032 3066 3105 φαρμακοὺς
3118 3029 3426 3099 Αἰγύπτουο
3470 3028 3704 3096 Ἐποίη-

2134 3141 2256 3181 σαν
2289 3124 2357 3179 δὲ
2398 3125 2496 3180 καί
2528 3127 2583 3179 al
2606 3123 2867 3180 ἐπαοιδοὶ
2894 3122 3014 3177 τῶν
3038 3122 3391 3191 Αἰγυπτίων,
3425 3121 3551 3192 ἔφη,
3575 3119 3705 3186 ταῖς

2130 3219 2517 3290 φαρμακείαις
2562 3216 2761 3272 αὐτῶν
2803 3217 3107 3283 ὡσαύτως,
3148 3216 3247 3270 καὶ
3285 3215 3532 3287 ἐῤῥιψεν
3568 3213 3706 3267 ἔκα-

2130 3328 2275 3377 στος
2300 3308 2414 3379 τὴν
2442 3309 2658 3364 ἑαυτοῦ
2675 3307 2919 3377 ῥάϐδον,
2944 3309 3038 3363 καί
3061 3307 3337 3378 ἐγένοντο
3359 3303 3705 3374 δράκοντες’

2131 3405 2231 3459 καί
2256 3402 2535 3458 κατέπιεν
2579 3404 2618 3471 ἡ
2650 3401 2872 3472 ῥάϐδος
2908 3401 3123 3469 Ἀαρὼν
3149 3401 3256 3468 τὰς
3293 3399 3542 3453 ἐκείνων
3558 3396 3707 3465 ῥάϐ-

2130 3497 2423 3564 δους.”Ετι
2447 3514 2509 3567 γε
2538 3495 2643 3568 μὴν
2670 3494 3070 3565 ἀναφερόμενόν
3098 3491 3355 3558 ὲστιν,ὡς
3383 3490 3589 3562 αἵματα
3613 3488 3712 3542 καὶ

2134 3588 2435 3660 βατράχους
2480 3588 2741 3658 ἐποίησαν
2786 3585 3024 3640 ὲπαοιδοὶ
3051 3584 3158 3638 τῶν
3183 3584 3491 3653 Αἰγυπτίων
3526 3578 3709 3634 ὡσαύ-

2132 3693 2259 3739 τως.
2277 3676 2430 3729 Ἐπεὶ
2453 3670 2545 3729 οὖν
2571 3678 2605 3746 ἡ
2635 3675 2793 3747 διηγη
2804 3673 3003 3746 ματικὴ
3033 3674 3167 3745 μηδὲ
3192 3673 3347 3746 δεῦρο
3378 3672 3575 3743 διαιρεῖ
3596 3688 3711 3741 φω-

2135 3766 2204 3841 νὴ
2227 3766 2325 3829 τάς
2349 3765 2623 3837 ἑκατέρων
2655 3763 2857 3829 τάξεις,
2880 3759 3138 3826 ὡσαύτως
3163 3761 3219 3814 δὲ
3249 3760 3344 3815 καὶ
3370 3761 3497 3825 τοὺς
3526 3761 3714 3813 ἐπαοιντ

2136 3857 2259 3921 δοὺς
2304 3856 2483 3923 ἐξεῖπε
2527 3856 2902 3925 πεποιηκέναι,
2937 3852 3088 3926 παρά
3120 3847 3277 3905 τοῦτο
3318 3851 3482 3922 φαίης
3514 3850 3600 3915 ἂν,
3630 3850 3713 3904 ὅτι

2136 3950 2207 4005 τά
2241 3951 2543 4023 δεδραμένα
2581 3952 2695 4012 τοῖς
2743 3949 3050 4021 φαρμακοῖς
3081 3949 3241 4019 ὅμοια
3277 3948 3390 4008 τοῖς
3429 3944 3517 3997 διὰ
3542 3944 3714 3998 Matii-

2142 4044 2278 4107 σέως
2303 4043 2611 4114 γενομένοις
2641 4041 2822 4107 ἐστίν;
2855 4039 3151 4112 Ούμενοῦν,
3184 4038 3324 4091 εἴποι
3377 4053 3459 4098 τις
3484 4034 3572 4099 ἂν,
3595 4032 3721 4088 ω’

2141 4136 2259 4189 οὐδὲ
2293 4134 2509 4206 θεμιτὸν
2539 4133 2606 4188 ἂν
2638 4133 2725 4205 εἴη
2751 4134 2948 4200 λέγειν,
2961 4132 3036 4196 ὡς
3060 4129 3393 4201 ἐξομοιοῦται
3417 4127 3483 4180 τά
3502 4126 3693 4199 περίερ

2141 4244 2215 4296 γα
2246 4227 2339 4280 καὶ
2363 4225 2539 4297 γοώδη
2565 4227 2674 4288 τοῖς
2702 4224 2969 4295 οὐρανίοις
2998 4220 3583 4293 ἀπομιμήμασιν.’¹οσα
3615 4216 3715 4289 μέν

2142 4335 2208 4388 γε
2230 4318 2316 4372 διὰ
2336 4318 2578 4380 Μωσέως
2604 4316 2924 4387 ἐπράττετο,
2951 4315 3049 4385 τὴν
3073 4313 3327 4384 ἀλήθειαν
3354 4315 3419 4365 ἐκ
3446 4310 3553 4364 τῶν
3579 4309 3718 4381 Spw-

2149 4409 2324 4480 μένων
2355 4406 2667 4477 ὲξέφαινεν’
2697 4406 2796 4459 ὅσα
2823 4405 2866 4457 δ’
2898 4401 2991 4458 οὖν
3008 4404 3096 4457 διὰ
3129 4402 3235 4455 τῶν
3263 4400 3527 4455 ἐπαοιδῶν
3557 4400 3718 4453 ἐκατ-

474 4507 627 4562 tione
649 4522 757 4562 una
789 4508 938 4579 virga
966 4508 1255 4579 derepente
1278 4526 1467 4568 omnes
1496 4513 1619 4569 illas
1645 4521 1698 4568 et
1725 4514 1927 4571 multas
1949 4512 2035 4570 de-

2147 4500 2326 4565 τύετο,
2363 4500 2424 4552 τὸ
2450 4499 2625 4553 δοκεῖν
2659 4498 2925 4569 ὲφάνταζε
2958 4496 3055 4560 τὰς
3080 4495 3262 4566 ὄψεις·
3308 4492 3573 4563 αὐτοτελῆ
3608 4491 3719 4564 γὰρ

478 4599 729 4654 voravit?
755 4599 941 4671 Neque
978 4600 1061 4656 fas
1091 4609 1175 4657 est
1221 4602 1406 4660 animo
1434 4603 1724 4673 concipere
1770 4604 2046 4674 quomodo

476 4690 558 4748 illi
594 4707 661 4746 ex
687 4691 851 4746 rebus
889 4691 1202 4750 inanimatis
1237 4704 1459 4765 possent
1493 4694 1672 4750 facere
1701 4710 1811 4749 uno
1843 4695 2046 4765 impetu

481 4790 544 4837 ut
574 4789 759 4839 essent
785 4782 1053 4841 animatae.
1089 4782 1244 4840 Tunc
1263 4785 1407 4841 enim
1444 4785 1601 4840 nobis
1632 4791 1815 4842 essent
1850 4784 2048 4842 fortas~

484 4889 546 4931 se
577 4873 837 4944 potiores,
866 4874 959 4946 qui
993 4875 1152 4946 lignis
1181 4876 1445 4934 emortuis
1474 4876 1710 4933 animam
1733 4876 1920 4933 indere
1946 4877 2047 4933 ha-

484 4966 678 5023 berent
731 4966 786 5021 in
831 4965 1108 5024 facultate.
1175 4966 1285 5023 Nec
1331 4966 1545 5038 Moyses
1593 4967 1711 5039 ipse
1764 4969 2046 5039 quidpiam
2081 4960 2094 4983 '

482 5059 631 5132 quod
662 5068 809 5116 esset
853 5059 1216 5116 admiratione
1266 5059 1489 5130 dignum
1527 5061 1837 5132 praestabat,
1861 5062 1906 5117 si
1942 5061 2054 5116 illis

480 5150 684 5208 similia
712 5150 1078 5220 perpetrabat.
1101 5147 1281 5213 Quare
1319 5164 1533 5222 mquam
1564 5157 1649 5205 est
1695 5150 1808 5204 haec
1849 5147 2055 5206 nullius

485 5256 609 5298 esse
644 5241 901 5297 momenti
937 5239 1226 5295 ostendere
1276 5237 1450 5311 ipsius
1502 5236 1798 5313 Scriptura:
1848 5238 2053 5301 verbis,

484 5334 619 5390 Nam
646 5335 695 5391 si
726 5334 892 5399 Deus,
918 5340 978 5388 ut
1003 5333 1382 5405 Egyptiorum
1431 5331 1659 5402 injurias
1711 5332 2057 5405 propulsaret

484 5444 691 5501 eosque
722 5426 964 5499 puniret,
1006 5440 1198 5483 omnes
1232 5440 1496 5496 aquarum
1520 5423 1718 5483 ﬂuctus
1749 5433 1811 5479 ut
1835 5424 1892 5480 in
1924 5439 2057 5479 san-

482 5523 704 5592 guinem
733 5527 1202 5578 commutarentur
1233 5518 1568 5589 imperabat;
1616 5519 1665 5574 si
1705 5517 1913 5576 similes
1941 5517 2058 5591 pla-

480 5627 583 5685 gas
646 5610 999 5681 accipientes,
1059 5609 1259 5666 ductus
1314 5622 1580 5681 aquarum
1623 5608 1680 5663 in
1738 5606 2061 5677 sanguinem

424 5797 449 5823 ν·
557 5791 608 5828 υ
636 5789 814 5851 Ετοά.
848 5805 944 5863 vn,
974 5790 1057 5850 ιο,
1137 5790 1185 5827 ’⁸
1211 5787 1346 5849 ibid.
1387 5789 1477 5855 il,
1554 5786 1643 5843 12.
1721 5786 1762 5821 ’⁸
1815 5786 1949 5844 ibid.
1976 5784 2087 5861 ﬁt

2150 4592 2371 4663 ἔλεγχον
2414 4594 2478 4645 ἐκ
2522 4592 2622 4662 τῆς
2652 4591 2909 4664 άδρανίας
2934 4589 3229 4661 ἐπεφέρετο
3264 4587 3326 4641 τὸ
3351 4584 3564 4656 ψεῦδος·
3596 4582 3723 4637 ἐπεὶ

2152 4683 2270 4747 πῶς
2295 4686 2328 4754 ἡ
2361 4683 2459 4753 μία
2485 4682 2711 4737 κατέπιε
2742 4682 2935 4754 ῥάϐδος
2962 4682 3113 4750 ἄφνω
3131 4680 3228 4743 τὰς
3251 4677 3453 4741 πολλὰς
3477 4674 3722 4739 ὲκείνας

2154 4771 2290 4825 Ούδέ
2321 4789 2383 4839 γε
2401 4770 2557 4842 θέμις
2581 4773 2728 4824 ἐστὶν
2757 4771 2977 4833 ἐννοεῖν,
3008 4769 3083 4832 ὡς
3100 4768 3166 4821 ἐκ
3195 4766 3303 4819 τῶν
3333 4763 3555 4833 ἀψύχων
3583 4760 3728 4812 ὲκεῖι-

2154 4881 2235 4921 νοι
2284 4863 2510 4935 ῥάϐδους
2556 4862 2831 4934 ἐμψύχους
2876 4861 3139 4931 ⁴ἠδύναντο
3170 4855 3449 4912 ἀποτελεῖν
3484 4852 3725 4925 ἀθρόωςο

2155 4954 2409 5031 ἀμείνους
2450 4952 2558 5024 γάρ
2587 4953 2652 5005 ἂν
2678 4949 2818 5023 ἦσαν
2847 4950 2975 5013 ἴσως
3004 4949 3159 5020 ἡμῶν
3191 4948 3241 4999 οἱ
3267 4944 3339 4997 τὰ
3371 4941 3541 5014 νεκρά
3569 4940 3703 4995 δυνά

2159 5062 2310 5123 μενοι
2337 5044 2587 5117 ψυχῶσαι
2619 5041 2781 5108 ξύλα·
2834 5041 2971 5112 τάχα
3003 5039 3062 5092 δὲ
3092 5037 3215 5090 οὐδὲ
3246 5033 3453 5102 Μωσῆς

2129 5119 2248 5200 ’ξον
2289 5132 2554 5209 ἔπραττεν
2598 5129 2667 5184 ἂν
2712 5128 2883 5192 οὐδὲν,
2911 5131 2959 5181 εί
3008 5126 3078 5180 τὰ
3121 5123 3474 5195 παραπλήσια
3520 5119 3731 5184 τούτοις

2157 5223 2462 5299 εἰργάζετο.
2490 5221 2682 5277 Καίτοι
2712 5220 2829 5283 πῶς
2857 5219 2918 5272 ού
2944 5217 3152 5271 δίκαιον
3168 5212 3373 5284 ἀδρανῆ
3402 5211 3611 5280 φαίνειν
3636 5211 3733 5262 αύ-

2160 5315 2231 5367 τά
2262 5314 2329 5367 δι’
2363 5311 2529 5369 αὑτοῦ
2564 5310 2659 5366 τοῦ
2679 5309 2955 5382 Γραφικοῦ
2989 5306 3339 5379 μηνύματος;
3372 5304 3436 5356 El
3459 5300 3567 5371 γὰρ
3591 5303 3735 5371 ἀμυ-

2161 5408 2386 5479 νόμενος
2407 5406 2531 5468 τοὺς
2550 5403 2880 5478 Αἰγυπτίους
2920 5402 2951 5453 ὁ
2982 5398 3135 5462 Θεὸς,
3166 5397 3379 5451 ἅπαντα
3416 5396 3512 5467 μὲν
3541 5397 3737 5447 ἐπεκε-

2162 5486 2350 5557 λεύετο
2392 5498 2461 5551 τά
2505 5497 2694 5576 ῥεῖθρα
2731 5497 2838 5551 τῶν
2886 5493 3092 5549 ὑδάτων
3120 5491 3201 5554 είς
3236 5484 3376 5561 αἷμα
3411 5487 3738 5561 μεταϐάλλε-

2168 5600 2289 5657 σθαι
2312 5597 2580 5673 τιμωρίας
2597 5599 2774 5674 χάριν⁵
2796 5602 2851 5655 εἰ
2866 5596 3012 5671 (ﬁo!)
3026 5594 3085 5649 δὲ
3100 5590 3376 5654 τοιαύταις
3404 5586 3737 5658 αίκιζόμενυι

2166 5785 2210 5819 ¹²
2271 5782 2443 5841 Exod.
2493 5795 2613 5852 vm,
2667 5779 2720 5837 7.
