4132 6410
389 348 495 407 629

1266 345 1355 402 DE
1382 345 1979 404 ENGASTRIMYTHO‘
2005 346 2287 405 CONTRA
2324 345 2700 405 OBlGEN.

3512 342 3631 401 630‘

389 465 619 535 πληγαῖς
660 464 739 527 είς
787 463 1011 536 αἵματος
1055 462 1199 519 ίδέαν
1245 464 1528 535 ἀμείϐουσι
1574 466 1700 529 τοὺς
1736 464 1952 536 ὀχετοὺς

2062 471 2274 522 vertunt
2315 480 2380 520 ea
2417 478 2547 519 cura
2577 468 2633 519 et
2679 460 2861 517 studio
2915 467 2976 516 ut
3034 457 3398 516 calamitatem
3450 461 3620 516 adau-

387 555 668 622 ὼσαύτως,
691 554 873 623 αὔξειν
893 555 1312 628 ἐπιτεχνώμενοι
1336 558 1395 611 τὸ
1417 557 1610 621 πάθος,
1632 558 1791 613 ἓνεκα
1816 557 1959 623 τίνος

387 648 596 714 ἀξιοῦσι
613 650 709 704 καὶ
734 650 962 717 δέονται,
983 650 1289 720 πιεζόμενοι
1307 653 1371 723 τῇ
1394 650 1959 741 δίψῃηκαθαρισθῆναι

387 739 457 793 τά
474 739 615 793 κατά
635 742 813 794 πᾶσαν
830 740 1100 810 Αἴγυπτον
1116 740 1283 795 ὕδατα
1297 741 1396 811 τῆς
1412 743 1466 795 αί
1475 739 1715 816 μοφόρου
1730 744 1925 815 μίξεως
1940 763 1956 812 ;

390 830 455 885 El
504 831 567 901 (f.
594 833 666 899 οἳ)
708 826 773 886 αὖ
816 832 977 885 πάλιν
1004 831 1423 904 ἀπειροπληθεὶς
1451 832 1602 901 ἄφνω
1637 833 1959 903 θεασάμενοι

394 921 716 994 βατράχους,
747 923 799 975 τί
831 922 1028 993 δήποτε
1056 922 1476 994 παραιτούμενοι
1504 923 1628 987 τοὺς
1650 922 1838 994 ὄχλους
1863 925 1961 979 αὐ-

394 1012 523 1079 τῶν,
560 1010 717 1089 αὖθις
759 1014 1015 1068 ἔπλαττον
1037 1013 1249 1078 ἄλλους,
1284 1016 1332 1067 εί
1362 1013 1434 1085 μὴ
1480 1016 1587 1069 τῶν
1618 1015 1716 1085 μὲν
1749 1017 1807 1071 ἐν
1833 1019 1961 1089 σκιᾷ

395 1105 491 1159 καὶ
537 1109 836 1175 φαντασίας
887 1109 1013 1161 εῖδει
1066 1107 1403 1178 φαινομένων
1426 1110 1524 1163 οὐκ
1554 1111 1977 1183 ἐπεφρόντιζον,

396 1196 500 1250 ὑπὸ
525 1197 582 1250 δέ
613 1197 718 1250 τῶν
754 1197 925 1253 ἄλλων
953 1198 1098 1270 ἔργῳ
1121 1198 1481 1271 δεικνυμένων
1505 1201 1838 1274 ἐλυμήναντο
1864 1205 1963 1257 δει-

395 1287 501 1352 νῶς
522 1305 538 1355 ;
563 1290 750 1354 Οὐδεὶς
778 1290 886 1362 γάρ
914 1290 1160 1345 ἀνέλοιτο
1179 1290 1254 1362 τῷ
1284 1292 1526 1364 πολεμίῳ
1554 1294 1744 1367 πλήθει
1776 1295 1960 1369 ἕτερον

396 1382 737 1453 προστιθέναι
762 1383 959 1455 πλῆθος
978 1384 1362 1456 ἀναρίθμητον,
1392 1387 1512 1439 ἀντὶ
1532 1386 1626 1440 τοῦ
1651 1389 1962 1454 νεολέκτους

396 1473 767 1545 στρατολογεῖν
792 1477 870 1539 εἰς
902 1475 1213 1547 συμμαχίαν
1244 1475 1588 1549 δορυφόρους·
1610 1479 1728 1533 οὐδὲ
1750 1483 1961 1550 ἐπεγεῖ-

398 1580 488 1634 ραι
517 1564 733 1636 πυρετῷ
760 1566 1011 1636 πυρετὸν,
1030 1566 1407 1638 ἀπαλλαγῆναι
1432 1566 1522 1621 τοῦ
1541 1565 1757 1640 πρώτου
1780 1570 1959 1642 γλιχό-

396 1671 577 1725 μενος,
611 1656 730 1710 οὐδὲ
757 1656 979 1728 πληγῶν
1005 1658 1290 1730 ἀφορήτων
1316 1657 1406 1730 βίᾳ
1433 1659 1845 1730 μαστιζόμενος,
1872 1661 1968 1720 άλ-

392 1741 490 1806 λας
521 1744 698 1816 ἐαυτῷ
734 1748 1127 1820 προσεπιφέρει
1176 1747 1408 1819 πληγὰς,
1459 1749 1713 1821 ἀνεθῆναι
1758 1751 1977 1807 τούτωνε

2059 562 2241 629 geant,
2298 569 2530 626 quanam
2578 553 2648 609 de
2702 566 2867 608 causa
2924 549 3201 621 supplices
3256 559 3486 606 exorant
3528 550 3620 606 siti

2059 647 2235 721 pressi
2291 662 2388 718 per
2456 645 2768 701 universam
2821 641 3114 714 Egyptum
3175 641 3621 713 sanguinolentas

2060 753 2230 810 aquas
2259 736 2587 809 expurgari?
2613 733 2711 790 Vel
2759 748 2974 789 rursum
3030 732 3265 789 inﬁnitis
3301 748 3384 789 ex.
3416 732 3622 802 impro~

2057 833 2177 888 viso
2214 829 2365 886 ranis
2408 827 2738 899 conspectis,
2778 825 2994 896 utquid,
3023 825 3402 881 cum.illarmn
3438 824 3627 880 multi-

2060 923 2248 979 tudine
2274 922 2711 984 molestarentur,
2760 917 2901 975 alias
2941 916 3304 988 efﬁngebant;
3339 915 3447 973 nisi
3475 916 3621 988 quod

2058 1015 2127 1071 de
2159 1015 2267 1071 illis
2296 1029 2417 1086 quae
2441 1014 2496 1068 in
2524 1011 2719 1067 umbra
2754 1017 2809 1067 et
2850 1008 3048 1080 spectri
3081 1016 3290 1064 tantum
3323 1007 3624 1077 formaap—

2058 1107 2322 1178 parebant
2346 1120 2457 1160 non
2477 1102 2769 1168 curabant,
2794 1118 2981 1159 verum
3021 1101 3092 1157 ab
3129 1100 3254 1158 aliis
3276 1114 3397 1170 qua:
3416 1114 3480 1155 re
3503 1098 3621 1170 ipsa

2059 1210 2214 1256 erant
2249 1207 2306 1255 et
2336 1198 2683 1263 videbantur,
2710 1199 2907 1251 mirum
2940 1197 2994 1251 in
3024 1195 3245 1250 modum
3281 1193 3396 1251 lmsi
3426 1192 3622 1264 perde-

2059 1290 2293 1348 bantur?
2318 1288 2490 1345 Nemo
2517 1288 2661 1344 enim
2701 1286 3036 1343 multitudini
3083 1285 3321 1342 hostium
3369 1284 3622 1340 multitu-

2060 1381 2243 1437 dinem
2286 1380 2446 1434 aliam
2491 1379 2836 1435 inimicorum
2893 1379 3234 1434 innumeram
3278 1375 3453 1442 addit,
3495 1389 3628 1430 cum

2061 1487 2231 1527 novos
2258 1472 2622 1527 ministrosac
2644 1471 2905 1528 satellites
2937 1470 3005 1526 ad
3039 1469 3124 1526 sui
3154 1469 3377 1522 tutelam
3402 1466 3635 1523 deberet

2061 1567 2401 1633 conducere;
2460 1579 2636 1636 neque
2689 1563 2881 1620 febrim
2948 1576 3056 1634 qua
3109 1559 3329 1615 liberari
3370 1565 3495 1615 avet
3539 1556 3623 1614 leo

2059 1657 2147 1712 bri
2201 1658 2441 1713 excitare
2498 1655 2733 1726 majori;
2770 1669 2948 1725 neque
2985 1654 3078 1724 qui
3108 1652 3284 1724 plagis
3327 1649 3624 1706 intoleran-

2061 1747 2147 1803 dis
2179 1747 2232 1802 vi
2261 1748 2487 1819 petitur,
2532 1747 2636 1801 alia
2669 1745 2891 1802 sibimet
2921 1744 3026 1816 ipsi
3067 1742 3283 1812 inﬂigit,
3313 1739 3443 1796 dum
3486 1755 3629 1811 puro

392 1834 574 1904 ἐφέσει
600 1837 816 1909 καθαρᾷ
835 1838 928 1892 καὶ
948 1840 1214 1911 πρεσϐείᾳ
1238 1840 1331 1894 καὶ
1344 1841 1527 1913 δεήσει
1550 1841 1954 1914 προσλιπαρῶν·

2062 1838 2243 1894 cordis
2269 1837 2464 1894 aii‘ectu
2491 1845 2546 1895 et
2583 1837 2834 1908 precibus
2865 1843 2922 1894 et
2961 1835 3208 1891 oratione
3257 1842 3377 1890 orat
3404 1841 3464 1889 ut
3490 1833 3627 1890 libe-

389 1926 505 1980 ἀλλ’
531 1927 650 1981 οὐδὲ
678 1929 786 1983 τῶν
835 1929 972 1984 οἴκοι
1001 1932 1419 2004 πιμπραμένων,
1452 1935 1573 1987 ἀντὶ
1603 1935 1698 1987 τοῦ
1739 1934 1977 2006 σϐεστὴς

395 2035 484 2087 ρτα
505 2019 902 2089 καταψεκάζειν
924 2022 1150 2094 ὄργανα,
1174 2024 1480 2079 τούναντίον
1508 2024 1687 2079 ἔλαιον
1712 2025 1756 2097 ἢ·
1771 2026 1962 2080 πίτταν

390 2111 644 2181 θπιχέων,
697 2114 777 2175 είς
823 2113 1058 2184 ἄμετρον
1091 2114 1190 2185 μὲν
1234 2115 1367 2186 ὕψος
1406 2117 1608 2188 ἐγείρει
1638 2116 1736 2188 τὴν
1770 2118 1960 2188 φλόγα,

391 2201 697 2273 φλεγομένη
732 2204 789 2257 δὲ
819 2205 1001 2275 μεῖζον
1038 2206 1101 2260 τὸ
1125 2207 1294 2271 πάθος
1330 2208 1503 2275 αὔξει,
1535 2212 1629 2265 καὶ
1667 2210 1778 2280 πῦρ
1813 2212 1979 2285 ἄρδει-

389 2292 534 2346 γατά
564 2293 736 2365 πυρὸς
756 2295 1149 2367 ἀπειροκάλως.
1177 2298 1363 2363 Οὕτως
1382 2298 1510 2372 ἄρα,
1534 2302 1601 2356 δι’
1631 2296 1706 2358 ὧν
1730 2303 1963 2372 ἐφιλοτι-

401 2381 598 2452 μοῦντο
628 2385 885 2465 πράττειν
917 2389 965 2441 οί
997 2391 1297 2461 φαρμακοὶ,
1332 2391 1419 2445 διά
1467 2392 1672 2448 τούτων
1716 2396 1962 2466 ἐναργεῖς

394 2473 648 2548 ἐξέφερον
678 2477 947 2549 ἐλέγχους,
976 2480 1053 2544 ὡς
1078 2483 1389 2556 οίησικοπίᾳ
1413 2483 1768 2555 φαντασιώδει
1788 2486 1962 2558 ψυχα-

390 2570 592 2637 γωγεῖν
624 2566 790 2640 ᾤοντο
814 2571 924 2624 δεῖν
950 2573 1360 2638 ἐαυτούς.Ἔστι
1385 2576 1515 2645 γοῦν
1533 2577 1759 2633 αὐτόθεν
1784 2579 1844 2632 οὐ
1872 2595 1966 2650 χα-

392 2653 571 2719 λεπῶς
602 2656 750 2722 ίδεῖν,
784 2657 866 2712 ὄτι
907 2658 1002 2713 καὶ
1026 2663 1145 2716 νυνὶ
1169 2663 1347 2736 πολλῷ
1374 2665 1596 2721 πλείονα
1622 2667 1717 2721 καὶ
1743 2666 1963 2739 μείζονα

389 2745 594 2801 τούτων
624 2749 683 2801 ἐν
714 2749 826 2813 τοῖς
855 2750 1102 2824 θεάτροις
1125 2753 1578 2827 οίκψηφοπαὶκται
1610 2757 1810 2830 δρῶσιν
1851 2762 1968 2815 είω-

394 2836 562 2904 θότως
582 2856 596 2869 ·
626 2839 743 2894 ἀλλ’
774 2842 924 2912 ὅμως
968 2845 1314 2917 αὐτοσχεδίῳ⁸
1332 2848 1560 2921 δυνάμει
1591 2851 1793 2906 τούτων
1818 2851 1965 2907 ἀντι-

394 2945 529 3001 κρυς
558 2931 924 3005 ἁλισκομένων
948 2936 1148 2990 ἑάλων·
1177 2938 1328 2992 οὐδὲν
1346 2935 1506 3012 ἦττον
1535 2942 1568 3012 ἡ
1594 2941 1964 3017 διηγηματικὴ

394 3022 701 3095 προγράφει
743 3027 927 3098 φωνή·
972 3026 1083 3082 Καὶ
1123 3028 1422 3098 ἐποίησαν
1454 3036 1508 3087 ol
1548 3033 1814 3088 ἐπαοιδοί
1846 3033 1967 3089 τῶν

390 3114 727 3184 Αἰγυπτίων
772 3118 902 3185 ταῖς
959 3123 1346 3190 φαρμακείαις
1402 3123 1600 3180 αὐτῶν
1658 3127 1960 3194 ὡσαύτως.

2061 1939 2233 1986 retur.
2271 1930 2363 1987 Sic
2387 1930 2550 1986 etiam
2583 1930 2669 1986 his
2687 1930 2781 2000 qui
2810 1929 2958 1984 domi
2998 1933 3326 1996 exuruntur,
3368 1941 3468 1999 pro
3509 1941 3629 1981 mae

2063 2022 2243 2078 chinis
2275 2022 2343 2077 ad
2372 2021 2548 2092 ignem
2570 2020 3028 2093 exstinguendum
3066 2019 3410 2092 adaptandis,
3446 2017 3627 2075 oleum

2062 2120 2121 2169 et
2141 2113 2314 2184 picem
2350 2113 2397 2166 si
2420 2112 2544 2183 quis
2577 2110 3013 2183 superinfundet,
3037 2109 3095 2165 in
3120 2110 3445 2166 immensum
3472 2107 3629 2164 llam-

2062 2219 2184 2261 mas
2223 2203 2504 2272 excitabit,
2535 2219 2656 2274 quae
2708 2203 2803 2259 ubi
2844 2203 3144 2267 invaluere,
3196 2202 3400 2257 malum
3445 2200 3628 2271 majus

2064 2295 2330 2361 exoritur,
2356 2296 2604 2367 ignisque
2634 2294 2816 2366 inepte
2854 2303 3045 2350 contra
3074 2295 3254 2365 ignem
3285 2292 3630 2350 accenditur.

2066 2384 2160 2440 Sic
2191 2385 2356 2457 igitur
2391 2386 2534 2456 magi
2570 2400 2669 2456 per
2715 2400 2780 2441 ea
2821 2401 2941 2456 quae
2992 2383 3281 2440 ambitiose
3321 2382 3628 2448 tentabant,

2065 2478 2351 2535 manifeste
2383 2477 2948 2548 deprehendehantur,
3006 2483 3217 2532 tantum
3275 2475 3444 2532 animi
3488 2490 3624 2531 con‘

2064 2578 2223 2641 ceptu
2255 2580 2416 2640 atque
2441 2569 2718 2640 opinione,
2749 2579 2810 2624 ut
2852 2570 2955 2627 sibi
2987 2569 3338 2635 videbantur,
3385 2566 3627 2623 animum

2064 2661 2388 2719 obiectasse.
2423 2660 2662 2733 Indeque
2687 2661 2756 2717 ad
2781 2661 2896 2717 haec
2929 2668 3172 2732 tempora
3204 2659 3379 2732 (quod
3408 2673 3522 2715 non
3541 2665 3628 2715 est

2064 2753 2285 2811 difﬁcile
2312 2752 2576 2828 cogitatu)
2613 2754 2723 2809 illis
2752 2738 2922 2809 multo
2964 2753 3172 2825 majora
3222 2751 3525 2824 maiorique
3567 2750 3626 2807 in

2065 2843 2222 2915 copia
2254 2844 2310 2898 in
2355 2843 2584 2899 theatris
2630 2842 2919 2899 saccularii
2967 2843 3037 2899 de
3081 2857 3234 2900 more
3278 2842 3494 2900 ludunt.
3522 2839 3637 2907 Qui

2065 2944 2247 2992 tamen
2275 2934 2538 2993 facultate
2579 2948 2700 2993 e're
2734 2942 2863 2990 nata
2888 2936 3012 2991 vani
3063 2935 3317 3007 irritique
3346 2935 3508 3008 plane
3531 2935 3628 2992 de-

2064 3026 2321 3100 prehensi
2348 3027 2699 3094 ceciderunt;
2727 3034 2784 3083 et
2802 3026 3157 3084 nihilominus
3181 3025 3466 3098 Scriptura
3500 3041 3631 3084 nar-

2064 3128 2151 3176 rat
2182 3141 2195 3176 :
2222 3119 2292 3174 Et
2342 3120 2577 3190 fecerunt
2625 3117 2999 3191 zEgyptiorum
3039 3120 3396 3176 incantatores
3424 3135 3517 3190 per
3546 3120 3632 3175 in-

395 3205 541 3260 Ἔδει
571 3207 770 3273 τοίνυν,
795 3210 871 3274 ὡς
908 3210 936 3263 6
959 3210 1320 3284 δογματιστὴς
1346 3213 1731 3287 ἐνομοθέτησεν
1762 3216 1963 3290 Ὠριγέ-

2064 3211 2391 3266 conlationes
2415 3226 2598 3265 eorum
2640 3210 2905 3265 similiter.
2933 3210 3231 3267 Dicendum
3275 3213 3462 3285 itaque
3489 3221 3630 3280 erat,

392 3314 510 3368 νης,
540 3300 714 3353 εἰπεῖν
734 3318 747 3331 ·
799 3298 1121 3370 Ἐποίησ-αν
1146 3304 1215 3359 δὲ
1245 3305 1318 3360 τὰ
1338 3308 1734 3375 παραπλήσια
1766 3310 1848 3376 τῷ
1872 3312 1963 3367 δο-

391 3388 523 3443 κεῖν
546 3393 601 3445 οἱ
627 3391 892 3448 ἐπαοιδοὶ
922 3393 1041 3448 τῶν
1076 3398 1412 3467 Αἰγυπτίων
1437 3415 1453 3431 ·
1487 3399 1623 3455 ἀλλὰ
1655 3403 1728 3472 μὴ
1761 3402 1960 3473 λέγειν,

390 3478 691 3547 ὡσαύτως,
720 3483 806 3536 ἵνα
853 3485 926 3557 μή
973 3503 1120 3553 τινες
1151 3489 1467 3544 ὑπολάϐοιεν
1495 3491 1564 3547 ἂν
1588 3492 1663 3559 ὡς
1686 3494 1745 3561 ἐξ
1772 3494 1964 3566 ὁμοίας

391 3569 628 3639 ὁρμᾶται
667 3570 980 3644 δυνάμεως·
1008 3578 1058 3629 εί
1087 3577 1195 3649 γάρ
1232 3579 1392 3650 ὅμοια
1429 3584 1540 3646 τοῖς
1569 3583 1716 3653 ἀμφὶ
1760 3584 1963 3639 Μωσέα

393 3660 650 3731 πράττειν
670 3657 846 3717 οἷοίτε
874 3661 1033 3736 ἦσαν,
1058 3668 1253 3724 οὐκοῦν
1275 3670 1536 3738 ὡσαύτως
1558 3673 1817 3744 ὴδύναντο
1836 3676 1963 3742 τοὺς

393 3751 665 3816 ἐναντίους
702 3753 1012 3824 ἀμύνασθαι
1049 3761 1161 3823 τοῖς
1201 3760 1353 3826 ἴσοις,
1386 3760 1527 3816 ὥστε
1572 3763 1700 3828 τοὺς
1746 3764 1963 3834 ἀγῶνας

393 3842 727 3915 ἑκατέρωθεν
751 3846 1015 3917 ὑπάρχειν
1046 3850 1370 3917 ἀντιπάλους
1387 3870 1402 3884 ·
1439 3855 1488 3907 εἱ
1516 3855 1560 3907 δ’
1579 3856 1769 3910 οὐδένα
1797 3858 1865 3912 δι’
1887 3852 1963 3915 ὧν

393 3937 754 4008 ἐσχημάτιζω
785 3938 1067 4007 ἔϐλαπτον,
1093 3944 1465 4017 ἀποκέχρηται
1499 3948 1595 4018 μὲν
1625 3949 1733 4021 ἄρα
1761 3951 1839 4022 τῷ
1868 3953 1965 4024 ρή-

396 4045 544 4098 ματι,
576 4030 814 4102 πρόδηλα
842 4031 899 4084 δὲ
920 4031 988 4086 τά
1026 4034 1125 4105 τῆς
1148 4034 1355 4106 ἀψύχου
1387 4040 1683 4107 φαντασίας
1716 4040 1964 4097 ἐκτυπώ-

396 4136 561 4191 ματα.
597 4116 699 4177 Οἷα
719 4122 782 4195 δὴ
803 4124 1077 4179 κάνταῦθα
1103 4126 1162 4180 τὸ
1186 4128 1296 4180 τῶν
1325 4129 1618 4186 ἐπαοιδῶν
1637 4133 1804 4205 ὄνομα
1828 4152 1964 4206 προ-

394 4210 559 4278 τάξας
594 4214 623 4265 ὁ
655 4217 1021 4287 συγγραφεὺς,
1056 4221 1151 4272 καὶ
1182 4216 1251 4272 τὰ
1273 4221 1373 4291 τῆς
1401 4224 1746 4294 φαρμακείας
1774 4228 1964 4298 ἐπιτη-

392 4301 653 4373 δεύματα,
693 4303 943 4372 διέδειξεν
983 4308 1059 4373 ὡς
1103 4310 1161 4363 οὐ
1196 4310 1370 4383 χρεὼν
1401 4314 1468 4369 ἂν
1493 4317 1578 4387 εἴη
1609 4317 1671 4370 τὸ
1706 4319 1975 4390 παράπαν

393 4396 772 4468 ἀμφισϐητεῖν,
799 4401 880 4453 ὅτι
925 4404 1039 4465 τοῖς
1087 4403 1282 4474 μάγοις
1306 4406 1511 4461 ἕκαστα
1544 4412 1861 4485 περιεργείιςι
1883 4413 1965 4467 δι-

393 4487 690 4560 επράττετο
726 4487 795 4542 τά
822 4489 1021 4562 γοώδη·
1046 4492 1269 4547 τοιαῦτα
1308 4495 1403 4549 καὶ
1430 4497 1497 4551 τά
1528 4499 1684 4571 τῆσδε
1704 4501 1803 4572 τῆς
1829 4504 1964 4557 ἱστο-

397 4578 516 4648 ρίας
540 4577 913 4650 ἀπογράφεται
953 4579 1201 4652 δράματα
1220 4598 1233 4612 ·
1260 4583 1427 4656 αὐτὴν
1452 4587 1560 4659 γὰρ
1588 4591 1958 4664 ἐγγαστρίμυ-

392 4672 481 4728 θον
510 4673 801 4744 ὀνομάσας,
831 4673 948 4729 εἷτα
972 4680 1064 4731 καὶ
1087 4680 1350 4752 μαντικῆς
1370 4681 1655 4753 εὑρήματα
1674 4683 1971 4757 διελέγχων

390 4764 585 4836 ἀσεϐῆ,
609 4765 1052 4838 δαιμονιζομένου
1088 4787 1149 4823 τε
1174 4771 1236 4824 τὸ
1265 4772 1554 4843 πρόσωπον
1577 4776 1863 4842 ἀποδείξας
1888 4774 1961 4832 εἴ·

389 4871 476 4908 ναι
516 4856 579 4908 τὸ
624 4856 1040 4928 μαντευόμενον,
1076 4860 1377 4925 αὐτοτελῶς
1410 4861 1685 4935 ἐξέφηνεν,
1718 4865 1800 4920 ὃτι
1826 4885 1959 4937 φαν-

391 4948 764 5013 τασιοκοπίαις
802 4948 1009 5004 ἕκαστα.
1057 4949 1433 5024 διαπράττοιτο
1476 4954 1766 5028 κιϐδήλοις.
1799 4958 1965 5016 Ἀλλὰ.

391 5039 562 5095 ταῦτα
597 5041 695 5112 μὲν
720 5044 852 5114 ἡμῖν
879 5042 1019 5097 οὕτω
1039 5044 1279 5116 νοητέον.

465 5130 536 5185 X.
558 5134 755 5206 Ἴωμεν
779 5135 836 5189 δὲ
868 5136 1028 5191 πάλιν
1056 5136 1412 5203 ἐξελίττοντες
1443 5140 1536 5193 ἐπὶ
1565 5142 1632 5194 τά
1655 5140 1764 5195 τῶν
1782 5140 1956 5211 λόγων

393 5223 538 5293 ἴχνη.
572 5223 635 5277 Τί
665 5225 755 5283 οὖν
774 5269 790 5295 ,
819 5229 894 5293 ὡς
926 5229 1089 5299 ἤρετο
1117 5229 1216 5300 τὴν
1246 5231 1674 5305 ἐγγαστρίμυθον
1706 5235 1735 5286 6
1760 5233 1963 5302 Σαοὺλ,

401 5314 463 5368 Τί
490 5311 777 5383 ἐώρακαω
811 5320 1006 5387 είπών;
1046 5322 1133 5376 Ἐν
1160 5320 1456 5394 πρώτοιςὴ
1499 5322 1794 5395 παραπλὴξ
1829 5323 1959 5378 avo—

396 5404 746 5474 υπενέγκασα
772 5408 869 5480 βοᾷ
885 5428 900 5441 ·
927 5412 1038 5466 Καὶ
1081 5415 1255 5480 θεοὺς
1277 5411 1503 5481 ἑώρακα
1526 5414 1959 5482 ἀναϐαίνοντας

391 5499 462 5552 ἐκ
512 5496 620 5566 τῆς
663 5496 807 5568 γῆς·
859 5503 1044 5576 ἐπειδὴ
1099 5505 1209 5577 γὰρ
1266 5504 1514 5559 ἐϐούλετο
1568 5505 1958 5577 ἐκτραχηλίσαι

397 5589 666 5654 παντοίως
700 5589 790 5646 τὸν
831 5590 996 5664 ἄνδρα
1036 5597 1389 5668 συναρπάσας
1432 5598 1461 5652 6
1502 5596 1763 5664 διάϐολος,
1809 5598 1958 5652 ἐπει-

469 5772 513 5802 ²⁸
548 5768 580 5825 1
635 5769 758 5843 Reg.
793 5786 987 5841 xxvnt,
1042 5775 1127 5829 l3.

2064 3311 2124 3358 ut
2156 3302 2471 3372 dogmatum
2502 3301 2645 3357 lator
2690 3299 2954 3373 Origenes
3006 3303 3167 3375 quasi
3204 3305 3324 3375 lege
3377 3303 3631 3367 sancivit.

2065 3393 2325 3449 Fecerunt
2388 3400 2565 3447 autem
2610 3391 2813 3446 similia
2874 3393 3205 3462 apparitione
3272 3392 3634 3450 incantatur“

2063 3485 2461 3556 Egyptiomm,
2499 3490 2555 3539 et
2580 3496 2696 3538 non
2743 3484 3023 3549 similiter;
3052 3497 3120 3540 ne
3148 3483 3275 3554 quis
3320 3483 3634 3555 suspicare-

2064 3585 2154 3631 tur
2179 3591 2244 3631 ex
2272 3574 2461 3631 eadem
2517 3579 2788 3645 potestate
2835 3573 3087 3646 produci.
3144 3571 3281 3627 Nam
3332 3573 3379 3630 si
3432 3574 3636 3632 similia

2061 3656 2317 3724 Mosaicis
2356 3667 2468 3724 illis
2517 3666 2844 3723 conﬁciendi
2890 3666 3122 3721 facultas
3165 3663 3382 3733 luisset,
3436 3665 3636 3724 fuisset

2063 3759 2252 3830 utique
2302 3757 2491 3814 eadem
2543 3759 2757 3814 ratione
2809 3758 2998 3813 hostes
3062 3745 3400 3823 ulciscendi,
3442 3757 3516 3811 ita
3571 3768 3635 3812 ut

2063 3851 2320 3921 utrinque
2343 3865 2500 3921 aequo
2540 3848 2711 3904 Marte
2737 3847 3059 3905 certandum
3086 3847 3250 3904 foret.
3274 3846 3334 3902 Si
3357 3862 3489 3903 vero
3520 3849 3637 3903 nul-

2071 3937 2155 3998 lus
2180 3957 2275 4013 per
2307 3956 2428 4011 qua:
2448 3939 2811 3997 eﬁ‘ormabant
2835 3938 3154 4008 laedebatur,
3203 3937 3449 3994 abutitur
3492 3954 3627 4010 ergo

2063 4049 2336 4098 sermone,
2375 4032 2787 4104 manifestaque
2819 4031 2957 4087 ﬁunt
3006 4031 3317 4087 inanimatae
3368 4031 3634 4103 imagina-

2063 4125 2231 4181 tionis
2276 4126 2510 4197 species.
2566 4124 3034 4194 Quemadmodum
3083 4131 3138 4179 et
3192 4124 3283 4179 hic
3329 4122 3633 4180 incantata-

2065 4233 2183 4271 rum
2212 4217 2435 4273 nomine
2456 4224 2517 4273 et.
2547 4219 2738 4289 magiae
2758 4216 2955 4273 studiis
2977 4231 3042 4270 ac
3072 4215 3283 4270 artibus
3321 4213 3633 4285 praepositis

2064 4308 2478 4374 demonstravit,
2511 4310 2735 4364 omnino
2775 4306 3134 4363 dubitandum
3157 4321 3267 4361 non
3297 4320 3420 4362 esse
3447 4307 3633 4363 omnia

2063 4399 2156 4452 illa
2181 4417 2213 4454 a
2237 4400 2412 4471 magis
2435 4400 2817 4472 superstitiosa
2848 4400 3165 4456 curiositate
3195 4399 3437 4474 perlecta
3461 4397 3634 4456 fuisse

2067 4489 2287 4556 similia,
2329 4498 2384 4547 et
2424 4490 2654 4562 hujusce
2679 4490 2924 4547 historiae
2948 4500 3102 4562 gesta
3142 4497 3630 4563 repraesentantur.

2063 4579 2199 4637 Nam
2253 4584 2684 4656 engastrimytho
2732 4584 2979 4652 inducta,
3017 4583 3279 4656 deinceps
3311 4584 3501 4667 magiae
3543 4599 3635 4639 ar-

2064 4675 2213 4731 tibus
2243 4676 2428 4747 impiis
2466 4676 2841 4748 deprehensis,
2862 4684 2915 4732 et
2942 4692 3179 4747 persona
3212 4692 3333 4748 qua:
3375 4675 3634 4733 vaticinia

2062 4769 2280 4839 petebat
2310 4769 2646 4825 daamoniaca
2690 4768 3057 4826 demonstrata
3083 4787 3106 4837 ;¹
3135 4770 3372 4840 perfecte
3403 4770 3632 4825 demon-

2062 4863 2258 4920 stravit
2325 4862 2812 4934 imaginationibus
2869 4862 3046 4934 iisque
3112 4862 3390 4919 ementitis
3448 4862 3634 4917 omnia

2061 4954 2234 5013 fuisse
2290 4964 2539 5026 peracta.
2604 4953 2711 5011 Sed
2770 4955 2885 5010 haec
2943 4955 3017 5009 ita
3063 4954 3224 5011 nobis
3284 4952 3631 5024 intelligenda

2061 5055 2210 5106 sunt.

2139 5139 2208 5195 Χ.
2236 5137 2408 5195 Porro
2451 5137 2649 5194 iterum
2682 5136 2727 5194 si
2755 5152 2876 5208 quae
2921 5144 3051 5192 sunt
3077 5136 3367 5193 verborum
3405 5134 3629 5203 indicia,

2060 5231 2489 5287 consideremus.
2560 5228 2702 5296 Quid
2763 5229 2968 5300 igitur?
3019 5236 3079 5283 ut
3139 5226 3628 5302 engastrimythum

2060 5320 2189 5378 Saul
2212 5321 2563 5393 interrogavit
2586 5340 2600 5376 :
2626 5319 2767 5388 Quid
2794 5319 2966 5373 uidisti
2984 5322 3010 5375 2
3034 5319 3287 5390 inquiens
3312 5318 3629 5388 ",primum

2056 5415 2281 5471 demens
2331 5414 2422 5469 illa
2471 5413 2667 5469 mulier
2723 5409 3063 5483 respondens
3114 5411 3356 5464 clamat:
3405 5408 3475 5463 Et
3504 5407 3628 5464 deos

2057 5505 2163 5561 uidi
2190 5503 2523 5560 ascendentes
2555 5519 2583 5557 ε
2616 5513 2779 5557 terra.
2815 5501 2951 5558 Cum
2993 5500 3139 5558 enim
3175 5500 3355 5558 modis
3375 5499 3630 5556 omnibus

2058 5598 2233 5656 virum
2253 5596 2587 5670 praecipitem
2608 5609 2768 5666 agere
2793 5593 2850 5651 in
2877 5595 3059 5650 animo
3101 5592 3328 5651 haberet
3354 5590 3627 5653 diabolus.
