4132 6414
490 333 585 388 6'51

1487 331 1543 387 S.
1589 331 1955 388 EUSTATIIII
1996 332 2306 393 EPISCOPI
2345 334 2775 406 ANTIOCHENI}

3616 332 3726 389 632

488 450 760 521 arripiens
810 449 984 521 palam
1017 451 1318 507 conabatur
1359 454 1670 522 ostendere,
1725 456 2035 511 daemoniun

2163 461 2292 531 ρεῑτο
2316 460 2587 513 δεικνύναι
2617 457 2825 527 σαφῶς,
2859 456 2941 509 ὅτι
2967 453 3028 508 τὸ
3062 452 3334 523 δαιμόνιον
3366 453 3453 506 ἐπ’
3481 450 3729 519 ἐξουσίας

486 544 754 597 arbitratu
783 557 883 597 suo
909 557 973 598 ac
1004 550 1272 612 potestate
1305 560 1466 614 posse
1505 563 1615 601 non
1648 555 1857 603 tantum
1887 564 2051 604 unam

485 636 720 687 animam
738 634 871 703 justi
906 650 1157 703 evocare,
1185 637 1280 692 sed
1310 652 1501 695 omnes
1550 640 1710 695 simul
1740 649 2051 696 sanctorum

484 725 760 793 virorum;
786 726 971 797 ibique
1000 728 1307 785 daemonum
1355 730 1539 787 hostili
1573 734 1814 789 exercitu
1847 734 2051 790 instru-

482 826 589 883 cto,
621 818 845 891 ictuque
871 822 1017 876 oculi
1047 825 1298 879 omnibus
1328 827 1381 880 in
1407 842 1574 881 unum
1615 828 1849 893 collatis,
1883 836 2050 885 cane-

481 910 556 964 ris
576 925 672 980 per
701 913 755 968 id
781 916 1085 971 conabatur
1129 918 1477 987 persuadere,
1516 927 1686 975 semet
1712 920 1805 990 qui
1834 928 1888 975 et
1914 921 2050 975 alios

479 1008 857 1069 congregarat,
913 1001 1082 1058 Deum
1134 1019 1274 1060 esse.
1320 1004 1453 1059 Eum
1489 1022 1617 1062 vero
1672 1010 1893 1079 propria
1923 1025 2052 1080 qua-

477 1089 602 1143 dam
640 1091 939 1149 stoliditate
972 1111 1093 1151 sese
1122 1096 1290 1151 Deum
1322 1096 1501 1153 facere
1525 1114 1844 1163 consuesse,
1880 1099 2049 1156 Isaias

478 1182 704 1239 adversa
757 1184 896 1240 facie
935 1203 1058 1241 eum
1109 1191 1529 1258 reprehendens.
1586 1193 1915 1262 propheticis
1959 1209 2049 1249 sa-

478 1275 701 1345 crisque
731 1279 962 1334 vocibus
992 1283 1254 1351 praedicat
1287 1304 1299 1338 ε
1334 1284 1411 1338 Tu
1453 1301 1572 1339 vero
1592 1285 1780 1340 dixisti
1801 1289 1853 1340 in
1892 1287 2049 1341 corde

479 1376 567 1421 tuo
591 1382 610 1418 :
637 1368 703 1423 In
732 1370 916 1424 caelum
944 1381 1246 1443 ascendam,
1294 1393 1449 1446 super
1467 1388 1615 1432 astra
1638 1395 1829 1448 ponam
1855 1380 2045 1433 solium

474 1473 646 1512 meum
674 1478 692 1514 :
722 1463 912 1517 sedebo
942 1463 999 1515 in
1022 1477 1196 1520 monte
1220 1468 1425 1522 excelso
1450 1485 1607 1537 super
1648 1480 1848 1525 montes
1875 1474 2048 1526 excel-

475 1569 563 1607 sos
589 1555 677 1623 qui
700 1558 982 1623 respiciunt
1009 1559 1316 1629 Aquilonem
1349 1576 1367 1613 :
1392 1560 1672 1615 ascendam
1691 1578 1846 1631 super
1863 1563 2044 1629 nubes,

2154 545 2297 620 εἶχεν
2337 550 2457 620 οὐχὶ
2493 550 2623 620 μίαν
2665 548 2825 618 μόνον
2867 543 3061 609 ἀνάξαι
3107 538 3560 615 δικαίουψυχὴν,
3593 543 3730 598 ἀλλά

2154 642 2248 694 καὶ
2279 641 2457 704 πάσας
2489 639 2624 709 ὁμοῦ
2660 637 2757 700 τὰς
2789 636 2897 691 τῶν
2931 636 3102 704 ἁγίων
3136 634 3365 706 ἀνδρῶν·
3384 637 3413 688 6
3439 634 3496 688 δὲ
3528 636 3593 688 ἐκ
3620 634 3728 687 τῶν

2153 732 2405 788 ἐναντίων
2422 733 2520 801 τὴν
2533 729 2641 783 τῶν
2655 728 2918 801 δαιμόνων
2935 726 3166 782 ἐνταῦθα
3190 727 3445 798 στρατιὰν
3464 727 3691 791 ὁπλίσας
3709 765 3727 791 ,

2153 827 2245 879 καὶ
2288 824 2502 878 σύνοδον
2535 827 2593 877 ἐν
2613 824 2710 894 μιᾷ
2758 821 2929 893 ῥοπῆς
2972 819 3090 892 ῶρᾳ
3126 820 3530 891 συστησάμενος
3559 819 3733 891 ἐκόμ⁴

2153 916 2313 984 παζε,
2352 917 2545 980 πείσας
2570 916 2630 983 (l.
2668 914 2873 982 πεῖσαι)
2907 913 2998 968 καὶ
3028 913 3115 966 διὰ
3152 912 3306 966 τοῦδε
3333 913 3459 975 τοὺς
3483 911 3730 975 ἅπαντας

2151 1011 2371 1077 ἐθέλων,
2396 1010 2473 1073 ὡς
2497 1008 2660 1071 αὐτὸς
2686 1008 2770 1078 είη
2798 1005 2929 1069 Θεὸς
2965 1006 2994 1057 ὁ
3025 1005 3372 1072 ωναγωγεύς
3395 1002 3505 1056 τῶν
3529 1001 3723 1056 ἄλλων.

2152 1104 2274 1156 Ὅτι
2296 1102 2339 1155 δ’
2366 1098 2458 1156 οὖν
2487 1100 2661 1171 οἰκείᾳ
2686 1097 2963 1170 χρώμενος
2989 1095 3217 1167 ἀπονοία
3247 1094 3511 1147 θεοποιεῖν
3537 1093 3727 1147 εἴωθεν

2150 1196 2363 1262 ἐαυτὸν,
2387 1196 2416 1246 6
2449 1194 2546 1265 μὲν
2582 1191 2806 1253 Ἡσαΐας
2831 1186 3259 1258 ἀντιπροσώπως
3284 1185 3521 1256 ἐλέγχων
3541 1186 3723 1248 αὐτὸν,

2154 1287 2442 1359 ἱεροφωνίᾳ
2477 1283 2736 1356 κηρύττει
2772 1283 3081 1353 προφητικῇ
3102 1297 3115 1310 ⁸
3148 1276 3224 1333 Σὺ
3260 1280 3327 1332 δὲ
3357 1281 3531 1346 εἴπας
3559 1281 3629 1333 ἐν
3652 1278 3725 1349 τῇ

2151 1378 2365 1446 καρδίᾳ
2413 1393 2566 1430 σου⁶
2622 1377 2724 1440 Εἰς
2764 1373 3024 1441 οὐρανὸν
3074 1370 3483 1440 ἀναϐήσομαι,
3526 1371 3727 1425 ἐπάνω

2148 1469 2266 1525 τῶν
2310 1468 2579 1535 ἀστέρων
2620 1466 2785 1531 θήσω
2804 1464 2936 1517 στὸν
2977 1463 3193 1530 θρόνον
3238 1477 3385 1530 μου·
3436 1459 3616 1515 καθιῶ
3656 1460 3727 1514 ἐν

2149 1563 2272 1630 ὄρει
2301 1559 2539 1629 ὑψηλῷ,
2578 1558 2675 1611 ἐπὶ
2714 1561 2783 1610 τὰ
2821 1556 2925 1623 ὅρη
2962 1554 3035 1608 τὰ
3071 1553 3279 1623 ὑψηλὰ
3305 1552 3377 1606 τὰ
3396 1552 3546 1620 πρὸς
3574 1553 3725 1621 Βορο

472 1653 521 1696 et
559 1660 647 1697 ero
673 1645 865 1700 similis
909 1647 1189 1702 Altissimo
1237 1649 1302 1702 “.
1356 1648 1455 1705 Ilis
1482 1666 1592 1707 non
1639 1652 1925 1709 dissimilia
1952 1670 2035 1725 pet

2141 1652 2288 1722 ρᾶν·
2332 1651 2711 1719 ἀναϐήσομαι
2757 1646 2957 1700 ἐπάνω
2997 1645 3116 1699 τῶν
3155 1644 3462 1715 νεφελῶν·
3513 1644 3727 1714 ἔσομαι

474 1730 808 1790 Ezecbielem
839 1738 1160 1807 prophetam
1211 1740 1329 1810 ipse
1373 1739 1635 1798 Dominus
1666 1752 1852 1814 aperte
1888 1746 2046 1802 testi-

472 1827 716 1881 monium
758 1831 979 1886 exhibet
1031 1851 1043 1886 :

470 1926 641 1983 tuum,
685 1930 737 1975 et
775 1922 1001 1979 dixisti:
1041 1925 1183 1980 Deus
1206 1943 1324 1981 sum
1362 1944 1476 1998 ego,
1509 1928 1757 1989 habitabo
1784 1933 1836 1984 in
1887 1932 2045 1988 corde

469 2014 635 2067 maris
652 2029 673 2077 ;
693 2024 749 2067 tu
782 2032 901 2070 vero
926 2017 1077 2073 homo
1098 2035 1174 2084 es,
1196 2030 1245 2074 et
1276 2037 1380 2075 non
1418 2020 1556 2076 Deus
1588 2023 1658 2077 ³⁸.
1688 2023 1837 2090 Quas
1860 2034 2039 2081 autem

470 2114 690 2176 propter
715 2108 767 2161 id
799 2124 992 2179 pmnas
1027 2110 1104 2165 illi
1138 2111 1397 2182 minetur,
1426 2129 1495 2168 ex
1523 2114 1611 2169 his
1631 2130 1752 2185 quae
1785 2116 1923 2171 intra
1957 2118 2043 2172 di-

467 2207 668 2253 cuntur
688 2198 848 2256 facile
875 2203 980 2256 erit
1030 2204 1236 2260 videre.
1290 2204 1360 2258 At
1411 2206 1599 2260 divino
1638 2223 1767 2263 sane
1818 2211 2043 2265 oraculo

465 2290 814 2346 manifestum
834 2300 940 2357 est,
970 2309 1095 2349 eum
1125 2296 1367 2366 quotidie
1391 2300 1623 2368 superbe
1647 2299 1909 2368 jactando
1965 2303 2042 2357 si-

465 2380 685 2437 milibus
736 2384 968 2453 spectris
995 2384 1174 2441 inniti.
1233 2386 1420 2457 Itaque
1450 2388 1495 2442 si
1524 2388 1737 2444 daemon
1768 2391 1860 2461 qui
1910 2393 2042 2449 deo-

466 2488 587 2527 rum
622 2476 841 2531 nomine
871 2476 1238 2547 insigniuntur
1267 2486 1453 2549 posset
1507 2480 1764 2551 educere,
1798 2500 1906 2540 non
1941 2502 2039 2542 ne-

464 2580 620 2620 cesse
649 2574 733 2621 est
757 2566 981 2623 credere
1027 2573 1271 2625 evocatis
1308 2582 1626 2628 evocantem
1653 2575 1832 2644 ipsum
1863 2580 2042 2647 potio.

464 2671 578 2711 rem
608 2673 750 2714 esse.
792 2658 859 2713 Et
892 2662 939 2714 si
970 2663 1176 2718 sanctis
1213 2663 1258 2718 is
1288 2672 1506 2734 praeest,
1552 2667 1907 2723 asserendum
1956 2682 2039 2726 est

462 2747 627 2803 etiam
654 2750 1046 2808 daemoniorum
1104 2755 1405 2825 principem
1436 2756 1514 2810 illi
1552 2772 1805 2827 praeesse.
1834 2761 1965 2827 Quae
1992 2765 2038 2817 si

462 2838 587 2909 quis
637 2846 993 2909 concesserit,
1039 2849 1373 2915 argumentis
1421 2851 1621 2920 quibus
1689 2852 1910 2909 minime
1952 2871 2041 2909 re-

461 2930 716 3000 sponderi
729 2943 926 3003 potest,
953 2937 1347 2992 demonstravit
1364 2937 1529 2997 Deufn
1548 2943 1770 2997 deorum
1787 2959 1927 3011 esse,
1942 2948 2035 3017 qui

460 3024 747 3080 ministros
800 3042 931 3082 suos
976 3044 1040 3083 ea
1069 3031 1238 3085 donat
1280 3041 1573 3102 potestate.
1608 3043 1669 3090 ut
1698 3038 1926 3107 spiritus
1980 3048 2035 3095 et

2150 1746 2352 1815 ὅμοιος
2409 1743 2488 1809 τῷ
2538 1742 2824 1810 Ὑψίστῳ.
2875 1740 3157 1810 Μαρτυρεῖ
3202 1737 3259 1791 δὲ
3304 1737 3514 1800 τούτοις
3564 1737 3726 1807 ὃμοια

1099 1809 1388 1903 Propterea
1429 1835 1567 1905 quod
1592 1809 1791 1891 elatum
1822 1849 1900 1893 est
1952 1857 2035 1894 cor

2147 1809 2239 1891 καὶ
2276 1809 2366 1890 ad
2405 1835 2499 1889 τοῦ
2535 1835 2809 1905 προφήτου
2862 1809 3228 1901 φθεγγόμενος
3273 1828 3531 1901 Ἰεζεκιὴλ
3563 1828 3725 1893 αὐτὸς

2144 1932 2173 1982 6
2214 1929 2417 2001 Κύριος
2466 1927 2721 1997 ἄντικρυς
2752 1942 2764 1953 ·
2834 1925 2985 1978 ’Λνθ’
3033 1916 3121 1976 ὧν
3168 1921 3381 1990 ὑψώθη
3432 1923 3471 1989 ἡ
3514 1920 3726 1988 καρδία

2144 2034 2298 2081 σου,
2352 2017 2449 2070 καὶ
2503 2012 2705 2079 εἶπας·
2774 2015 2917 2079 Θεός
2968 2015 3084 2082 ειμι
3127 2010 3276 2081 ἐγὼ,
3327 2008 3606 2064 κατοικιῶ
3656 2010 3727 2063 ἐν

2145 2112 2358 2182 καρδίᾳ
2407 2110 2755 2177 θαλάσσης·
2811 2107 2892 2160 σὺ
2941 2105 3010 2160 δὲ
3051 2101 3110 2159 εἷ
3150 2104 3484 2172 ἅνθρωπος,
3519 2101 3622 2156 καί
3650 2103 3726 2156 οὐ

2146 2210 2308 2272 Θεός.
2344 2206 2487 2260 Ἀντὶ
2512 2204 2699 2257 τούτου
2736 2201 2831 2273 μὲν
2864 2202 2989 2263 ὅσας
3022 2197 3171 2267 αὐτῷ
3194 2196 3461 2269 τιμωρίας
3489 2196 3724 2259 ἀπειλεῖ,

2145 2299 2274 2370 ῥᾷόν
2320 2298 2469 2349 ἐστιν
2503 2297 2568 2348 ἐκ
2597 2293 2705 2347 τῶν
2730 2291 3107 2362 ὑποκειμένων
3151 2286 3308 2342 ἰδεῖν·
3353 2290 3434 2342 ὅτι
3461 2288 3519 2342 δὲ
3550 2287 3728 2343 τοιού-

2143 2408 2255 2453 τοις
2322 2387 2659 2459 ἐπερείδεται
2719 2384 2969 2454 φάσμασι
3029 2381 3384 2465 κομπολογῶν
3441 2381 3725 2445 έκάστοτε,

2144 2483 2263 2553 θείᾳ
2300 2480 2595 2551 δεδήλωται
2633 2476 2968 2547 ψηφοφορίᾳ.
3011 2472 3314 2545 Τοιγαροῦν
3353 2472 3512 2544 εἰπερ
3552 2474 3582 2525 6
3610 2471 3727 2526 δαί-

2146 2591 2258 2644 μων
2286 2570 2398 2635 οἷός
2428 2587 2488 2623 τε
2516 2567 2584 2643 ἦν
2607 2569 2799 2635 ἀναξαι
2826 2570 2950 2630 τούς
2981 2566 3204 2637 ὀνόματι
3239 2564 3394 2627 θεοὺς
3426 2563 3726 2635 ἀνακικλη-

2144 2664 2467 2736 σκομένους,
2516 2665 2617 2716 οὐκ
2657 2662 2869 2732 ἀνάγκη
2911 2663 3072 2722 νοεῖν,
3104 2660 3187 2712 ὅτι
3231 2656 3430 2729 μείζων
3465 2657 3585 2710 ἐστὶ
3614 2674 3725 2713 των

2141 2757 2495 2829 ἀναγομένων
2540 2758 2569 2809 6
2611 2756 2863 2823 ἁνὰγων;
2914 2754 2978 2809 Εἰ
3026 2752 3085 2805 δὲ
3127 2750 3355 2824 προῦχει
3400 2751 3512 2804 τῶν
3557 2750 3722 2803 ὁσίων

2141 2846 2328 2914 οὗτος,
2405 2847 2695 2903 ἀκόλουθον
2751 2845 3157 2916 ὑπολαμϐάνειν
3178 2885 3193 2910 ,
3251 2844 3332 2896 ὃτι
3383 2843 3477 2897 καὶ
3531 2842 3720 2896 τούτου

2142 2941 2303 2995 πάλιν
2331 2941 2492 3004 αὐτὸς
2540 2943 2568 2993 6
2597 2938 2957 3012 ἀρχιδαίμων.
3010 2938 3072 2990 Ei
3099 2936 3158 2989 δὲ
3188 2934 3361 2988 ταῦτά
3392 2952 3477 2998 τις
3510 2933 3721 2988 ἀποδὼ-

2145 3050 2288 3087 σειεν
2339 3033 2718 3104 ἀναντιῤῥήτῳ
2769 3031 3016 3101 δυνάμει,
3075 3029 3387 3098 συνίστησιν
3437 3028 3514 3091 ὡς
3558 3028 3720 3091 αὐτός

461 3118 677 3172 animas
699 3119 975 3187 jnstorum
1027 3123 1096 3178 ab
1121 3122 1311 3180 inferis
1356 3127 1567 3197 possint
1611 3129 1863 3186 educere.
1902 3131 2029 3189 Ilaec

2141 3128 2255 3179 ἐστι
2295 3124 2426 3188 Θεὸς
2470 3123 2628 3187 θεῶν,
2667 3124 2696 3177 6
2719 3124 2833 3186 τοῖς
2875 3120 3174 3194 ὑπηρέταις
3222 3122 3331 3182 τοῖς
3368 3119 3562 3172 ἐαυτοῦ
3614 3135 3721 3172 τοι-

460 3224 642 3269 nemo.
666 3209 961 3267 dummodo
992 3227 1139 3269 sana:
1155 3216 1351 3272 mentis
1373 3220 1463 3285 sit,
1489 3219 2029 3289 aliirmabitomnino,

460 3315 532 3354 ne
552 3309 745 3355 contra
795 3302 979 3356 divina
1032 3306 1345 3361 testimonia
1400 3311 1672 3365 calculum
1730 3321 1908 3367 atrum
1937 3313 2034 3370 de-

461 3392 678 3450 mittere
707 3395 974 3452 rideatur.
1007 3398 1143 3453 Cum
1199 3400 1343 3454 enim
1372 3417 1561 3458 amens
1594 3405 1902 3474 quaesisset,
1936 3408 2033 3461 ad-

458 3486 652 3541 dens"
674 3506 685 3542 :
708 3485 778 3540 Et
799 3487 1156 3544 dixitmulieri
1175 3507 1193 3543 :
1215 3492 1356 3559 Quid
1371 3494 1594 3551 vidisti?
1619 3498 1803 3551 statim
1837 3499 2033 3553 mulier

459 3576 527 3630 ad
586 3579 921 3651 interrogata
976 3585 1315 3653 respondens
1368 3588 1552 3644 dixit:
1624 3589 1744 3644 Vidi
1769 3591 2031 3647 hominem

457 3678 657 3723 rectum
716 3673 1076 3729 ascendentem
1131 3693 1158 3730 e
1204 3687 1366 3741 terra,
1421 3689 1469 3733 et
1489 3682 1574 3735 hic
1604 3683 1827 3738 amictus
1846 3693 1925 3739 est
1946 3685 2030 3739 di-

454 3757 632 3829 ploide
649 3776 669 3824 ;
688 3769 744 3816 et
764 3777 887 3816 eum
911 3768 1178 3821 neminem
1203 3770 1429 3825 omnino
1458 3771 1706 3835 vidisset,
1739 3775 1831 3828 ubi
1866 3777 2028 3829 verba

457 3854 723 3921 percepit,
759 3856 1036 3922 cognovit,
1060 3865 1119 3911 ut
1152 3858 1266 3929 ipsc
1298 3860 1402 3915 sibi
1432 3862 1853 3931 imaginabatur,
1878 3865 2027 3918 illum

456 3957 582 3997 esse
606 3943 936 4011 Samuelcm,
968 3949 1167 4020 quippe
1195 3951 1291 4020 qui
1320 3951 1469 4005 intus
1500 3967 1529 4005 a
1558 3952 1804 4009 daemone
1855 3969 2031 4025 Oppu-

454 4048 733 4108 gnaretur.
770 4037 969 4094 Verum
1013 4049 1072 4096 ut
1121 4044 1401 4113 signorum
1458 4045 1679 4100 nomine
1729 4044 1832 4100 fuit
1870 4049 2028 4103 abre-

457 4142 603 4201 ptus,
645 4140 776 4187 tunc
831 4132 970 4189 facie
998 4134 1052 4189 in
1106 4143 1308 4190 terram
1348 4136 1612 4191 inclinata
1646 4138 1797 4193 illum
1833 4140 2030 4195 adora-

454 4226 549 4280 vit.
575 4223 758 4282 Primo
779 4226 997 4297 quidem
1046 4228 1350 4283 rectissime
1380 4229 1433 4283 id
1461 4228 1568 4284 dici
1597 4237 1803 4300 potest.
1839 4230 1896 4284 Si
1930 4230 2030 4286 Sa-

456 4318 597 4372 muel
624 4318 714 4374 ille
770 4320 985 4384 fuisset,
1024 4331 1215 4375 etnon
1254 4319 1677 4378 transformatus
1724 4323 1875 4379 vafer
1911 4340 2028 4379 ser-

454 4424 609 4479 pens,
636 4411 868 4466 dixisset
899 4411 988 4480 pia
1013 4412 1229 4481 quidem
1281 4424 1460 4467 mente
1492 4432 1503 4467 :
1542 4413 1826 4468 Dominum
1860 4414 2027 4469 Deum

2142 3218 2312 3288 αύτην
2341 3216 2627 3287 ἀπονέμων
2654 3213 2921 3279 ἐξουσίαν,
2947 3213 3088 3266 ῶστε
3111 3211 3398 3282 πνεύματα
3421 3212 3513 3265 καὶ
3540 3211 3717 3282 ψυχὰς

2140 3313 2199 3379 ἐξ
2235 3314 2361 3385 ᾅδου
2404 3312 2856 3385 μεταπέμπεσθαι
2907 3311 3152 3366 δικαίων.
3204 3310 3366 3364 Ἀλλά
3412 3308 3586 3364 ταῦτα
3619 3309 3718 3379 μὲν

2140 3406 2314 3469 οὐδείς
2354 3424 2442 3459 πω
2485 3405 2594 3459 τῶν
2642 3400 2702 3458 εὖ
2755 3403 3090 3475 φρονούντων
3117 3405 3344 3473 ὁριεῖται
3375 3401 3437 3456 τὸ
3475 3400 3715 3463 σύνολον,

2142 3498 2231 3551 ἶνα
2272 3496 2344 3568 μὴ
2382 3500 2503 3561 ταῖς
2541 3496 2724 3567 ἀγίαις
2763 3496 2982 3549 ἐναντία
3021 3496 3302 3565 ψηφιεῖται
3363 3493 3713 3566 μαρτυρίαις.

2139 3588 2357 3657 Ἐπειδὴ
2377 3587 2434 3640 δὲ
2467 3588 2527 3640 τὸ
2564 3586 2813 3658 δεύτερον
2846 3588 2876 3639 6
2905 3585 3197 3658 πτίραπλὴξ
3238 3587 3402 3658 ήρετο
3442 3585 3713 3653 συνάψας,

2138 3676 2629 3753 Καὶεῖπε(5⁶“)τῆ
2657 3678 2913 3748 γυναικὶ,
2968 3679 3029 3732 Τί
3053 3677 3275 3747 ﬁrmae;
3320 3677 3517 3733 αὐτίκα
3554 3676 3717 3732 πάλιν

2138 3771 2590 3840 ἀνθυπενέγκασα
2622 3770 2756 3841 πρὸς
2787 3770 2884 3841 τὴν
2920 3767 3209 3840 ἐρώτησιν,
3263 3769 3484 3841 ἔφησενο
3535 3768 3718 3823 Είόον

2137 3863 2326 3931 ἄνδρα
2358 3864 2560 3931 ὄρθιον
2591 3863 2991 3917 ἀναϐαίνοντα
3022 3862 3090 3915 ἐκ
3115 3861 3228 3930 τῆς
3251 3861 3384 3931 γῆς,
3416 3862 3516 3916 καὶ
3542 3857 3723 3923 οὗτος

2139 3955 2621 4024 ἀναϐεϐλημένος
2668 3953 2978 4008 διπλοΐδαο
3030 3954 3237 4025 μηδένα
3276 3954 3333 4007 δὲ
3362 3954 3424 4006 τὸ
3454 3954 3715 4025 παράπαν

2143 4046 2285 4111 ἰδὼν,
2334 4045 2410 4108 ὡς
2459 4046 2722 4116 αὐτήκοος
2766 4045 2983 4113 ἐγένετο
3027 4044 3134 4097 τῶν
3184 4044 3375 4113 λόγων,
3417 4043 3560 4112 ἔγνω
3612 4043 3713 4112 μὲν

2138 4137 2279 4192 κατά
2310 4138 2410 4208 τὴν
2435 4136 2643 4191 ἔννοιαν
2677 4136 2774 4207 τὴν
2806 4136 3000 4191 ἑαυτοῦ
3040 4134 3227 4189 τοῦτον
3269 4131 3405 4189 εἶναι
3434 4132 3709 4205 Σαμουὴλ,

2138 4232 2233 4285 ἅτε
2282 4228 2830 4300 διαπολιορκούμενος
2872 4228 2977 4282 ὐπὸ
3021 4228 3117 4282 τοῦ
3162 4226 3416 4297 δαίμονος
3464 4224 3706 4279 ἔνδοθεν

2134 4320 2211 4385 ὡς
2238 4321 2296 4374 δέ
2325 4324 2390 4393 τῇ
2421 4320 2530 4373 τῶν
2558 4320 2800 4390 σημείων
2837 4317 3099 4390 ὀνομασίᾳ
3130 4316 3484 4389 συηρπάσθη
3507 4357 3521 4382 ,
3555 4334 3711 4388 τηνι-

2137 4412 2311 4466 καῦτα
2349 4413 2412 4465 τὸ
2453 4412 2745 4483 πρόσωπον
2790 4412 3081 4475 ὐποκλίνας
3143 4412 3237 4464 ἐπὶ
3276 4413 3344 4483 τῇ
3396 4413 3489 4482 γῇ,
3545 4425 3713 4480 προσ-

453 4510 601 4556 tuum
634 4502 905 4568 adorabis,
932 4513 982 4558 et
1027 4503 1111 4557 illi
1143 4504 1245 4559 sali
1272 4507 1470 4561 cultum
1524 4506 1803 4577 prwstubis
1835 4510 1900 4562 ³⁷.
1927 4509 2024 4564 Se-

2141 4504 2392 4575 εκύνησεν
2412 4503 2579 4576 αὐτῷ.
2603 4504 2825 4576 Πρῶτον
2851 4503 2949 4576 μὲν
2964 4498 3057 4557 οὖν
3071 4503 3335 4577 ὀρθότατα
3356 4504 3490 4574 φαίη
3514 4520 3597 4566 τις
3619 4502 3707 4567 ἀν,

451 4598 636 4650 cundo
664 4612 856 4652 rursus
885 4598 1101 4663 addam,
1138 4615 1261 4654 cum
1299 4598 1517 4655 Samuel
1546 4602 1803 4657 universo
1825 4603 2025 4673 populo

451 4688 765 4757 imperaret,
827 4691 1141 4762 primasque
1200 4694 1343 4748 inter
1394 4694 1688 4764 prophetas
1724 4694 2011 4762 obtineret,

452 4779 585 4834 Saul
620 4779 763 4836 inter
785 4784 1027 4851 privatos
1059 4783 1235 4841 adhuc
1269 4788 1506 4857 parietes
1558 4785 1941 4853 delitescebat;
1970 4795 2026 4842 et

458 4872 578 4931 ium
610 4873 783 4942 patris
846 4874 1032 4929 asinas
1063 4878 1387 4947 requireret,
1440 4876 1705 4932 accedens
1746 4876 1811 4931 ad
1842 4877 2022 4947 ipsum

453 4964 616 5018 veluti
672 4965 989 5035 prophetam
1028 4968 1467 5039 interrogaturus
1520 4969 1587 5025 de
1609 4967 1873 5039 iumentis
1927 4970 2024 5024 de-

448 5054 761 5124 perditis”,
804 5070 1148 5129 nequaquam
1174 5058 1324 5112 illum
1357 5059 1673 5115 adoravisse
1705 5067 2023 5131 compertus

365 5210 373 5225 θ
446 5149 552 5209 est,
583 5145 687 5199 etsi
715 5144 861 5201 illius
896 5161 997 5216 ope
1024 5146 1292 5218 indigeret
1321 5158 1613 5220 aperteque
1637 5150 1711 5203 illi
1740 5159 1801 5205 ut
1833 5148 2021 5220 populi

376 5252 381 5269 ι
445 5236 662 5290 ductori
690 5236 1034 5293 subderetur.
1066 5238 1349 5305 Quomodo
1389 5241 1555 5311 igitur
1601 5242 1694 5311 qui
1754 5252 1885 5296 tunc
1912 5257 2021 5298 non

447 5327 696 5384 adoravit
727 5332 971 5400 privatus
1011 5333 1341 5404 principem,
1374 5348 1523 5388 nunc
1544 5349 1613 5389 ex
1643 5333 1897 5405 opposito
1924 5350 2021 5389 rex

445 5420 717 5489 privatum
776 5425 1001 5479 adorat?
1054 5424 1152 5483 His
1197 5427 1356 5480 tertio
1428 5427 1772 5491 subnectam,
1826 5427 2021 5496 utquid

444 5510 567 5565 deos
619 5520 954 5570 ascendentes
1010 5533 1133 5572 cum
1179 5517 1444 5582 audisset.
1505 5519 1699 5573 horum
1752 5520 2021 5574 neminem

2134 4599 2181 4650 εἰ
2222 4595 2475 4668 Σαμουὴλ
2507 4594 2799 4667 ἐτύγχανεν
2846 4599 3086 4661 ἐκεῖνος,
3137 4596 3273 4651 ἀλλὰ
3313 4597 3387 4668 μὴ
3433 4611 3709 4667 μεταμορ-

2134 4687 2335 4758 φωθεὶς
2381 4689 2410 4740 6
2442 4688 2779 4761 πολύτροπος
2813 4689 2971 4760 ὅφις,
3020 4688 3432 4757 ἀνθυπενέγκας
3475 4688 3710 4759 ἔφρασεν

2132 4779 2199 4834 ἂν
2227 4780 2441 4833 εὐσεϐεῖ
2477 4780 2719 4852 λογισμῷ
2745 4798 2759 4811 ο
2807 4784 3002 4851 Κυρίῳ
3038 4780 3117 4848 τῷ
3152 4781 3276 4847 Θεῷ
3298 4795 3416 4834 σου
3444 4793 3711 4848 προσκυ-

2131 4869 2343 4938 νήσεις
2361 4910 2376 4935 ,
2420 4871 2517 4925 καὶ
2562 4871 2723 4937 αὑτῷ
2753 4873 2920 4941 μόνῳ
2941 4873 3314 4939 λατρεύσεις.
3361 4868 3622 4939 Δεύτερον
3649 4867 3711 4921 δὲ

2133 4962 2295 5017 πάλιν
2325 4964 2528 5035 εἴποιμ’
2555 4963 2642 5027 ἂν,
2673 4964 2909 5034 ὁπηνίκα
2938 4964 3191 5035 Σαμουὴλ
3218 4961 3312 5015 τοῦ
3343 4959 3543 5023 παντὸς
3569 4955 3708 5031 ἦρχε

2128 5055 2260 5110 λαοῦ
2314 5058 2410 5112 καὶ
2452 5058 2738 5129 προφήτης
2794 5057 3091 5129 ἐτύγχανεν
3139 5055 3411 5126 έγκριτος,
3462 5053 3491 5104 6
3537 5053 3707 5107 Σαοὺλ

2132 5147 2418 5203 ἰδιωτεύων
2451 5148 2531 5202 ἔτι
2565 5151 2658 5203 καὶ
2695 5149 2797 5214 τὰς
2830 5149 2925 5203 τοῦ
2968 5147 3176 5218 πατρὸς
3203 5144 3359 5207 ὅνους
3397 5142 3704 5214 ἀναζητῶν,

2128 5240 2292 5312 ἀπῄει
2320 5241 2416 5312 μὲν
2438 5239 2515 5304 ὡς
2551 5241 2710 5295 αὐτὸν
2737 5242 3049 5314 ἐρωτήσων,
3082 5232 3171 5291 οἷα
3196 5236 3503 5307 προφήτην,
3544 5235 3708 5288 ἕνεκα

2128 5333 2236 5387 τῶν
2282 5334 2632 5405 ἀπολομένων
2695 5333 3025 5403 ὑποζυγίων,
3083 5328 3318 5398 οὐδαμοῦ
3364 5328 3420 5381 δὲ
3457 5327 3705 5397 φαίνεται

2131 5428 2514 5498 προσκυνήσας
2546 5425 2714 5497 αὐτῷ,
2747 5426 2926 5480 καίτοι
2959 5419 3177 5494 χρῄζων
3216 5420 3405 5482 αὐτοῦ,
3440 5420 3534 5473 κα)⁵
3567 5432 3704 5490 προ-

2135 5518 2319 5589 φανῶς
2351 5518 2711 5590 ὑποκείμενος
2742 5512 2831 5571 οἶα
2858 5515 3195 5587 καθηγεμόνι
3226 5511 3378 5565 λαοῦ.
3415 5510 3539 5574 Πῶς
3559 5506 3650 5565 οὖν
3674 5510 3706 5564 6

516 5646 561 5676 "
592 5645 703 5701 Isa.
740 5666 852 5715 xxv,
888 5653 973 5716 13,
1011 5654 1096 5709 Η.
1175 5656 1219 5685 ’³
1276 5653 1467 5709 Ezech.
1509 5671 1703 5717 xxvm.
1734 5654 1790 5708 2.
1865 5657 1912 5687 ³⁸⁸
1937 5654 1965 5711 I
1998 5656 2035 5711 Η

2147 5669 2342 5717 xxvm,
2372 5653 2455 5716 I3,
2498 5653 2583 5707 14.
2657 5652 2701 5682 ’⁷
2725 5650 2916 5705 Matth.
2951 5665 3025 5714 tv,
3062 5646 3145 5703 10.
3228 5644 3321 5699 ¹⁸1
3344 5643 3467 5714 Reg.
3498 5659 3573 5710 Ix,
3611 5649 3698 5708 14,

517 5780 857 5853 (5⁵⁸⁸)Ἡίιετο
882 5788 1183 5858 συνάψας·
1218 5794 1326 5849 Καὶ
1360 5790 1507 5849 εἷπε.
1534 5793 1624 5850 Sic
1649 5795 1991 5855 restituimus
2026 5815 2035 5852 ι

2141 5798 2172 5854 d
2204 5799 2260 5853 in
2293 5797 2452 5867 impr.
2483 5795 2701 5865 legitur,
2735 5794 2898 5864 ἤρετο
2928 5791 3020 5846 καὶ
3062 5789 3324 5860 συνάψας
3353 5780 3514 5841 Eine.
3545 5781 3683 5839 E011
