4132 6416
398 354 505 409 655

1292 346 1381 403 DE
1412 343 2010 404 ENGASTRIMYTIIO
2050 344 2334 405 CONTRA
2371 346 2745 407 ORIGENEM.‘

3527 347 3633 403 654

397 470 519 525 τότε
546 466 622 538 μὴ
643 468 1026 539 προσκυνήσας
1049 466 1123 530 ὡς
1154 464 1369 537 ἰδιώτης
1393 465 1637 537 ἄρχοντι,
1656 464 1750 518 νῦν
1766 465 1829 518 ἐγ
1855 463 1964 517 τῶν

2075 464 2293 533 adorat;
2323 482 2449 522 cum
2476 484 2606 541 vero
2633 470 2805 524 virum
2835 458 3033 521 rectu'm
3072 462 3325 533 intelligit
3349 461 3634 520 ascenden-

397 558 655 614 ἐναντίων
684 560 713 612 6
743 557 994 629 βασιλεὺς
1043 555 1367 612 ἰδιωτεύοντι
1404 556 1727 627 προσκυνεῖς
1770 554 1964 625 Τρίτον

397 652 489 704 ἐπὶ⁴
514 651 723 714 τούτοις
748 650 858 721 ἔχω
886 650 1084 720 λέγειν,
1114 650 1167 702 τί
1194 648 1392 719 δήποτε
1419 647 1593 712 θεοὺς
1616 647 1967 701 ἀναϐαίνω-ο

396 758 503 808 τας
550 742 810 805 ἀκούσας,
850 741 1022 795 οὑδενὶ
1060 739 1264 794 τούτων
1314 738 1751 811 προσεκύνησεν·
1794 738 1882 790 ὅτε
1909 736 1967 790 δὲ

396 833 503 886 τὸν
526 831 717 900 ἄνδρα
743 831 941 900 ὄρθιον
964 831 1199 901 ἀκήκοεν
1221 828 1648 895 ἀναϐεϐηκότα,
1669 825 1967 898 τηνικαῦτα

398 924 781 993 προσκυνήσας
811 920 1082 990 ὑπέκυψε;
1119 919 1230 972 Καὶ
1266 916 1393 988 μὴν,
1429 916 1506 980 ὡς
1557 914 1833 987 Ὠριγένης
1865 914 1970 967 ἀπ-

397 1013 635 1083 εφήνατο
661 1011 967 1084 τολμηρῶς,
999 1010 1158 1081 εἴπερ
1180 1008 1398 1078 ἄγγελοί
1425 1024 1569 1071 τινες
1593 1002 1731 1077 ἦσαν
1761 1007 1824 1058 ἐκ
1843 1004 1970 1058 τού-

398 1121 505 1160 των
547 1103 580 1175 ἢ
618 1105 772 1177 χοροὶ
805 1102 1120 1176 προφητῶν,
1166 1100 1270 1155 ἔδει
1315 1103 1427 1164 τοῖς
1477 1099 1783 1171 κρείττοσιν
1837 1098 1969 1151 ὑπο-

400 1197 592 1267 κύψαι.
642 1196 850 1252 Οὐκοῦν
888 1200 954 1251 ἐκ
982 1197 1199 1251 πάντων
1232 1192 1367 1267 ὁμοῦ
1390 1192 1499 1247 τῶν
1527 1192 1704 1263 ἔργων
1729 1189 1972 1262 εὐχερῶς

399 1290 546 1343 ἐστιν
599 1286 745 1354 ίδεῖν,
780 1289 862 1341 ὅτι
896 1288 988 1343 τὸν
1014 1286 1253 1359 ἡγεμόνα
1291 1285 1389 1356 μὲν
1427 1282 1550 1337 νοῦν
1581 1281 1917 1352 ὲτύφλωττεν
1942 1283 1971 1334 6

399 1381 593 1448 Σαοὺλ,
613 1382 718 1436 ὑπὸ
736 1379 830 1434 τοῦ
852 1381 1101 1452 δαίμονος
1123 1378 1493 1448 ἐλαυνόμενος·
1515 1378 1542 1431 6
1562 1375 1619 1429 δὲ
1636 1374 1879 1438 διάϐολος
1892 1374 1973 1437 είς

397 1472 687 1544 διαφόρους
711 1470 1030 1542 ἐξήλλαττεν
1058 1468 1246 1522 ἐαυτὸν
1267 1468 1430 1531 ἰδέας,
1460 1465 1564 1519 ὑπὸ
1584 1462 1678 1518 τοῦ
1709 1463 1972 1518 δυνάστου

398 1563 840 1634 προσκυνηθῆναι
902 1559 1441 1632 πραγματευόμενος,
1511 1557 1598 1610 ἵνα
1663 1558 1730 1610 ἐκ
1784 1553 1973 1609 τούτου

2068 564 2192 620 tem,
2223 563 2356 613 tunc
2386 572 2453 613 eo
2473 558 2701 615 adorato
2721 558 2875 613 humi
2905 573 2965 613 se
2992 555 3226 611 stravit?
3250 554 3317 609 Et
3344 562 3549 622 tamen,
3575 573 3635 615 ut

2066 642 2332 716 Origenes
2392 647 2559 704 nimis
2613 648 2875 704 audacter
2932 645 3337 709 determinavit,
3384 647 3432 701 si
3459 649 3635 718 angeli

2069 735 2143 789 illi
2171 737 2257 791 vel
2284 736 2439 791 chori
2488 739 2880 808 prOphetarum
2915 736 3170 800 fuissent,
3215 735 3322 805 ipsi
3379 742 3639 805 tanquam

2068 829 2476 896 pratstantiores
2502 836 2658 884 erant
2698 828 2982 884 adorandi.
3031 826 3199 897 Igitur
3225 827 3312 882 his
3336 826 3501 883 rebus
3525 842 3640 882 om-

2068 916 2230 972 nibus
2284 918 2449 972 simul
2500 919 2901 982 consideratis,
2945 917 3106 972 facile
3163 923 3247 972 est
3300 916 3639 987 intelligere,

2072 1007 2252 1065 Saulis
2279 1025 2311 1065 a
2349 1009 2594 1067 daemone
2640 1010 2817 1065 vexati
2849 1009 3151 1080 principem
3197 1008 3392 1063 anima:
3426 1015 3640 1078 partem

2071 1100 2412 1168 caecutiisse;
2457 1101 2738 1157 diabolum
2780 1117 2910 1156 vero
2935 1102 2990 1154 in
3024 1101 3204 1155 varias
3234 1098 3438 1155 formas
3467 1109 3646 1152 muta-

2074 1200 2185 1245 tum
2211 1232 2229 1254 ,
2277 1192 2407 1248 dum
2442 1209 2471 1247 a
2502 1209 2628 1265 rege
2660 1193 2875 1249 adorari
2905 1191 3094 1256 ambit,
3128 1199 3186 1246 ut
3217 1189 3645 1262 quamplurimas

2074 1281 2308 1348 falleret,
2363 1284 2738 1341 adorationem
2769 1285 2874 1340 sibi
2908 1286 3195 1340 adstruere
3237 1284 3497 1340 voluisse.
3529 1281 3648 1339 Hoc

2074 1390 2206 1430 sane
2231 1377 2457 1433 minime
2508 1379 2707 1432 mirum
2739 1385 2846 1443 est,
2898 1392 3000 1433 nec
3057 1383 3253 1447 praeter
3286 1378 3648 1447 exspectatio-

2074 1482 2240 1521 nem:
2295 1483 2422 1523 nam
2474 1470 2580 1525 etsi
2612 1469 2819 1525 Christi
2866 1484 3102 1540 persona
3130 1477 3444 1539 conspecta,
3482 1483 3647 1539 quem

2074 1557 2222 1614 intus
2245 1573 2301 1614 re
2322 1565 2377 1614 et
2406 1561 2728 1630 operatione
2759 1560 2928 1617 Deum
2955 1562 3024 1627 ’⁸,
3061 1567 3368 1631 naturaque
3400 1559 3494 1614 Dei
3523 1559 3648 1631 legi-

399 1654 677 1718 πλείστους
692 1655 850 1717 ὅσους
869 1653 1184 1724 ἐξαπατήσῃ
1199 1650 1499 1721 λεληθότως
1515 1648 1975 1719 ὑποκύπτωνξδωξ

2077 1647 2269 1702 timum
2304 1648 2505 1705 Filium
2559 1651 2799 1718 videbat,
2850 1650 3072 1706 homine
3108 1665 3268 1721 puro,
3302 1650 3646 1721 incorrupto,

399 1745 565 1815 αὐτῷ.
591 1744 782 1799 Καίτοι
811 1760 875 1812 γε
902 1744 958 1796 δὲ
992 1741 1056 1814 [Ῑ.
1079 1742 1165 1814 δὴ]
1191 1742 1250 1795 ού
1278 1740 1428 1806 ξένον
1451 1742 1597 1793 ἐστὶν
1626 1742 1818 1804 εἰπεῖν,
1842 1738 1975 1791 ὅπου

2077 1738 2246 1793 nullis
2301 1741 2558 1797 sordibus
2603 1741 3002 1797 commaculato
3045 1741 3466 1807 circumdatum,
3497 1750 3650 1797 extra

396 1851 462 1901 γε
489 1836 583 1888 καλ⁸
626 1834 687 1888 τὸ
717 1834 811 1888 τοῦ
842 1832 1080 1905 Χριστοῦ
1116 1831 1407 1906 πρόσωπον
1436 1829 1667 1895 εἰσιδὼν,
1701 1829 1848 1901 ἔργῳ
1887 1829 1975 1900 μέκ.

2084 1846 2213 1887 vero
2234 1834 2494 1903 templum
2527 1835 2976 1904 pulcherrimum,
3001 1842 3400 1897 consecratum,
3428 1834 3654 1889 inviola-

396 1926 603 1981 ἔνδοθεν
625 1924 770 1998 ἐώρα
796 1925 889 1980 καὶ
908 1924 1101 1995 πράξει
1121 1923 1271 1988 Θεὸν,
1294 1924 1390 1977 καὶ
1414 1922 1572 1992 φύσει
1594 1920 1728 1974 Θεοῦ
1749 1922 1972 1993 γνήσιον

396 2014 546 2079 Υίὸν,
581 2013 869 2085 ἄνθρωπον
902 2014 958 2067 δὲ
987 2012 1225 2084 καθαρὸν
1245 2051 1261 2072 ,
1300 2013 1599 2083 ἄχραντον,
1643 2011 1972 2083 άκηλίδωτον

395 2106 646 2173 ἐξωτάτω
701 2105 1082 2178 περικείμενον
1117 2102 1454 2168 ἐποπτεύων,
1483 2103 1600 2171 ζκαὶ
1628 2102 1756 2158 ναοῦ
1786 2101 1974 2173 χρῆμα

401 2196 756 2270 περικαλλὲς,
810 2194 1218 2267 ἀφιερωμένον,
1271 2193 1565 2265 ἀσύλητον,
1614 2193 1765 2247 οὐδὲν
1811 2189 1974 2264 ἦττον

393 2287 738 2360 ἐκπειράζων
763 2286 923 2341 αὑτὸν
948 2287 1181 2359 ἀμελητὶ
1209 2286 1435 2358 προσείη
1457 2288 1517 2357 (ί.
1542 2285 1817 2357 προσῄει),
1852 2284 1972 2337 θεο-

398 2379 586 2451 μαχῶν
602 2378 886 2441 είωθότως·
907 2378 982 2441 ὡς
1000 2378 1078 2444 δὲ,
1099 2378 1166 2431 τὰ
1188 2377 1380 2449 πρῶτα
1402 2380 1496 2432 καὶ
1517 2378 1584 2432 τά
1599 2378 1827 2448 δεύτερα
1851 2376 1971 2431 καθ’

392 2469 586 2526 ἑαυτοῦ
615 2469 1113 2542 προκαλεσάμενος,
1142 2469 1348 2540 ἡττήθη
1378 2470 1583 2541 ραγεὶς,
1613 2469 1795 2533 ἄθλιος
1816 2466 1972 2534 αὖθις

393 2565 473 2627 είς
514 2562 641 2618 ἄλλο
682 2560 1023 2631 μεταλλάξας
1060 2556 1230 2632 ἦθος,
1266 2560 1645 2614 ὑποδεικνύναι
1683 2560 1782 2631 μὲν
1825 2560 1974 2631 αὑτῷ

394 2657 575 2710 πᾶσαν
603 2654 702 2724 τὴν
732 2653 886 2707 τοῦδε
914 2650 1008 2706 τοῦ
1041 2653 1244 2724 κόσμου
1273 2652 1619 2725 περιγραφὴν
1647 2652 1970 2725 ἐπεχείρησε

398 2746 491 2804 καὶ
536 2745 636 2809 τὰς
680 2743 956 2814 βασιλείας
997 2743 1197 2815 αὑτῆς,
1245 2744 1473 2815 ἀπονοίᾳ
1526 2745 1582 2798 δὲ
1627 2745 1721 2799 καὶ
1768 2744 1972 2817 ψευδη-

395 2834 559 2908 γορίᾳ
596 2835 993 2907 θρασυνόμενος
1032 2833 1345 2906 ἐκόμπαζε·
1408 2834 1597 2890 Ταῦτα
1636 2835 1834 2890 πάντα
1872 2852 1972 2892 σοι

335 2946 340 2951 ί
393 2926 598 2990 δώσω.
641 2927 748 2983 ἐὰν
788 2925 995 2980 πεσὼν
1042 2927 1480 2997 προσκυνήσῃς
1527 2947 1652 2999 μοι.
1704 2931 1974 2997 Τοιαύτας

398 3017 498 3089 μὲν
543 3013 636 3073 οὖν
682 3020 711 3073 6
752 3018 955 3090 ἀσεϐὴς
1007 3018 1205 3091 ἔρρηξε
1259 3019 1418 3092 δεῦρο
1465 3021 1676 3089 φωνὰς,
1729 3023 1973 3095 οἰόμενος

395 3112 476 3175 εἰς
527 3109 699 3183 ὀργὴν
749 3110 1150 3166 ἐκκαλέσασθαι
1193 3111 1264 3165 τὰ
1302 3111 1402 3182 τῆς
1441 3112 1794 3178 ἀνεξικακίας
1841 3115 1970 3189 ἤθη,

2078 1926 2228 1989 tum;
2292 1925 2650 1981 nihilominus
2706 1925 2775 1980 ad
2840 1926 2992 1980 illum
3052 1925 3319 1980 accedens
3364 1939 3650 1995 perperam

2081 2013 2346 2075 tentabat,
2404 2028 2507 2067 suo
2562 2014 2725 2068 modo
2757 2022 2811 2071 et
2859 2030 3012 2070 more
3042 2030 3278 2085 pugnam
3305 2013 3416 2069 Deo
3470 2015 3653 2070 inten»

2078 2106 2240 2161 dens.
2275 2103 2381 2159 Ubi
2408 2120 2539 2161 vero
2574 2105 2772 2161 iterum
2828 2113 2991 2176 atque
3033 2107 3231 2161 iterum
3277 2112 3468 2160 contra
3492 2121 3552 2161 se
3582 2105 3653 2162 ad

2078 2212 2312 2269 pugnam
2343 2212 2648 2266 provocans
2678 2197 2925 2253 devictus
2982 2205 3087 2265 est,
3115 2197 3312 2253 misere
3346 2197 3651 2268 disruptus,

2078 2304 2218 2344 nova
2248 2288 2353 2344 sibi
2379 2289 2558 2357 specie
2584 2289 2778 2354 ascita,
2814 2290 3128 2344 universum
3180 2297 3446 2344 terrarum
3479 2289 3656 2344 ambi-

2079 2387 2195 2434 tum
2217 2386 2271 2433 et
2299 2393 2463 2448 regna
2489 2387 2770 2434 ostentare
2805 2393 3012 2445 ausus;
3044 2378 3281 2433 amentia
3324 2377 3655 2433 mendaciis-

2078 2483 2186 2539 que
2210 2467 2534 2537 superbiens
2580 2466 2819 2535 jactahat
2857 2486 2867 2519 :
2908 2466 3035 2520 Ilmc
3065 2467 3243 2533 οηιηὶα
3290 2465 3388 2519 tibi
3417 2464 3576 2528 dabo,
3606 2467 3655 2521 si

2079 2559 2271 2613 cadens
2312 2559 2615 2614 adoraveris
2640 2576 2719 2613 me
2749 2560 2815 2614 ³ο.
2850 2556 3068 2613 Similes
3109 2558 3198 2613 hic
3260 2558 3460 2628 impius
3491 2574 3654 2615 voces

2077 2653 2279 2716 emisit,
2332 2668 2397 2707 eo
2449 2653 2632 2707 animo
2688 2660 2745 2706 ut
2792 2653 2847 2706 in
2884 2653 3021 2705 iram
3076 2652 3421 2706 clementiam
3471 2651 3649 2721 ipsam

2079 2752 2443 2814 provocaret;
2483 2760 2591 2813 quo
2612 2743 2889 2798 videretur
2916 2742 3133 2813 aggredi
3166 2743 3514 2813 imparatum.
3553 2739 3656 2798 Ve-

2080 2854 2200 2893 rum
2234 2837 2525 2897 tolerantia
2551 2836 2803 2891 malefico
2845 2836 3101 2901 daemonii,
3134 2844 3193 2891 ut
3223 2836 3332 2892 Deo
3362 2837 3656 2893 conveniec

2078 2931 2191 2993 bat,
2227 2930 2501 2986 silentium
2531 2928 2813 2996 imposuit.
2866 2925 3051 2998 Splius
3078 2928 3279 2999 quippe
3334 2928 3427 2983 Dei
3450 2934 3536 2984 est
3571 2937 3656 2984 to-

2078 3021 2320 3077 lerantcr
2372 3021 2559 3076 omnia
2622 3021 2784 3077 ferre.
2818 3018 2877 3074 Si
2936 3020 3100 3090 igitur
3126 3020 3228 3090 ipsi
3266 3019 3493 3075 Domino
3525 3020 3656 3075 talia

2079 3113 2228 3183 etIari
2264 3128 2457 3184 parum
2515 3112 2591 3166 illi
2625 3127 2770 3168 cura:
2822 3112 2940 3178 fuit,
2970 3112 3247 3183 quomodo
3303 3110 3655 3168 manifestum

397 3199 490 3254 καὶ
514 3198 601 3253 διὰ
627 3200 720 3253 τοῦ
762 3200 970 3254 τοιοῦδε
1010 3200 1186 3254 δοκεῖν
1226 3200 1712 3271 ἐπιλαμϐάνεσθαι·
1775 3186 1975 3278 μακρο-

2080 3222 2191 3262 non
2217 3205 2322 3260 erit
2342 3222 2453 3261 non
2485 3205 2669 3261 minus
2701 3205 2823 3275 ipso
2853 3203 2964 3261 Deo
2994 3204 3369 3261 adorationem
3401 3204 3655 3263 ambien-

396 3292 669 3384 θυμία.δέ
712 3293 1041 3361 κατεσίγασε
1097 3292 1188 3346 τὸν
1243 3292 1519 3365 ἀλάστορα
1595 3294 1915 3367 θεοπρεπῶς
1945 3301 1973 3353 6

2078 3305 2187 3353 tem
2227 3297 2320 3351 illa
2374 3296 2659 3352 tentasse?
2686 3295 2821 3351 Hoc
2846 3295 2939 3365 qui
2970 3310 3119 3351 sanae
3148 3296 3347 3350 mentis
3380 3303 3510 3350 sunt
3546 3310 3660 3350 om-

395 3382 621 3454 Κύριος·
669 3384 800 3437 ίδιον
852 3383 960 3455 γάρ
1000 3384 1066 3437 ἂν
1124 3382 1210 3454 εἴη
1249 3383 1368 3456 Θεῷ
1413 3386 1590 3440 πάντα
1636 3388 1973 3454 ἀνεξικάκως

2078 3403 2176 3444 nes
2213 3386 2373 3443 facile
2402 3387 2729 3457 intelligunt,
2757 3401 2787 3440 a
2815 3386 3058 3441 daemone
3091 3400 3187 3455 per
3213 3385 3472 3440 furiosam
3508 3386 3657 3440 illam

398 3473 604 3545 φέρειν.
658 3475 720 3529 Et
764 3474 944 3529 τοίνυν
990 3476 1144 3547 αὑτῷ
1186 3477 1263 3549 τῷ
1306 3477 1496 3549 Κυρίῳ
1536 3480 1761 3534 τοιαῦτα
1803 3498 1970 3552 προσ-

2075 3478 2358 3533 mulierem
2404 3477 2711 3532 dementem
2755 3490 2936 3546 regem
2982 3474 3272 3545 deceptum
3325 3483 3523 3545 praeter
3565 3476 3660 3545 jus

396 3567 540 3618 οϊσαι
588 3567 807 3637 ῥήματα
856 3567 984 3638 παρ’
1017 3567 1169 3621 οὐδὲν
1204 3569 1478 3639 ἡγήσατο,
1552 3569 1670 3632 πῶς
1710 3571 1810 3625 οὐκ
1849 3570 1964 3625 ἔστι

2075 3586 2193 3627 sese
2222 3570 2540 3625 inclinasse.

402 3659 591 3729 σαφὲς,
623 3662 704 3715 ὄτι
738 3661 1157 3733 προσκυνεῖσθαι
1189 3662 1511 3734 βουλόμενος
1564 3663 1654 3718 ῐσα
1680 3664 1798 3737 Θεῷ
1842 3665 2015 3720 ταῦτα
2045 3665 2426 3737 διεπράττετο;
2451 3661 2620 3717 Τοῦτο
2646 3662 2762 3733 μὲν,
2788 3655 2961 3730 οἶμαι,
2988 3660 3100 3723 τοῖς
3122 3653 3181 3712 εὖ
3201 3656 3457 3729 φρονοῦσι
3487 3656 3659 3715 κατά-

398 3772 578 3826 φωρον
601 3757 833 3829 ὑπάρχει
850 3760 1033 3823 πᾶσιν,
1050 3759 1235 3814 ὅτιδιά
1251 3761 1504 3829 γυναικὸς
1520 3761 1799 3834 ἐμμανοῦς
1823 3762 2074 3834 ὴπάτησε
2103 3760 2195 3815 τὸν
2216 3758 2453 3830 ἔκφρονα
2484 3756 2753 3827 δυνάστην
2779 3752 3056 3822 ὑποκῦψαι
3084 3751 3233 3823 αὑτῷ
3256 3752 3406 3826 παρὰ
3431 3753 3492 3807 τὸ
3517 3754 3657 3809 δέον.

469 3870 559 3927 XI.
601 3872 722 3925 Ἔτι
754 3873 812 3926 δὲ
850 3873 1173 3945 διαληπτέον
1211 3874 1352 3931 αὑτὰ
1392 3876 1463 3930 τὰ
1502 3877 1712 3943 τούτοις
1751 3878 1972 3932 ὑποκεί-

2144 3874 2237 3931 XI.
2293 3871 2670 3929 Examinanda
2729 3869 2856 3925 item
2912 3877 3041 3923 sunt
3079 3883 3201 3938 quae
3247 3867 3411 3922 dictis
3465 3870 3659 3926 ordine

403 3982 539 4037 μενα
584 3962 838 4035 καθεξῆς.
894 3964 981 4029 Ὠς
1025 3960 1119 4019 οὖν
1157 3966 1186 4018 6
1216 3966 1389 4020 Σαοὺλ
1419 3968 1714 4040 ὑπεκλίνθη
1764 3969 1841 4038 τῷ
1869 3970 1973 4038 φά-

2075 3970 2395 4023 continuato
2453 3964 2781 4019 subduntur.
2835 3958 2904 4014 Ut
2960 3959 3093 4013 Saul
3152 3958 3303 4014 bumi
3366 3961 3660 4030 procubuit

402 4073 567 4128 σματι
611 4057 1015 4129 προσκυνήσας,
1053 4052 1211 4121 αὖθις
1255 4058 1604 4131 ὑποκρίνεται
1649 4059 1973 4114 πεπονθέναι

2076 4059 2305 4115 adorato
2328 4064 2566 4128 spectro,
2585 4055 2766 4110 denuo
2794 4052 3018 4107 dolosus
3039 4050 3150 4119 ille,
3183 4048 3453 4107 Samuelis
3482 4051 3660 4109 forma

402 4148 524 4220 βίαν
586 4152 616 4204 6
667 4150 1002 4222 δολομήτης,
1072 4153 1154 4216 εἰς
1204 4151 1264 4205 τὸ
1319 4153 1503 4224 σχῆμα
1566 4152 1663 4206 τοῦ
1723 4153 1975 4224 Σαμουὴλ

2077 4158 2381 4222 assumpta,
2409 4150 2520 4203 vim
2548 4147 2754 4219 perpeti
2786 4145 2967 4215 tingit;
3021 4149 3209 4212 postea
3230 4158 3327 4212 per
3347 4143 3662 4200 dissimula-

400 4241 641 4313 ἀμείψας
689 4241 903 4296 ἑαυτόν·
954 4240 1074 4296 εἶτα
1118 4243 1257 4314 μετά
1297 4243 1586 4316 εἰρωνείας,
1620 4245 1975 4317 ἀποκρίνεται

2080 4243 2286 4298 tionem
2304 4241 2571 4310 vultuque
2586 4235 2851 4292 mazstiori
2869 4233 3165 4303 respondet
3186 4251 3198 4286 :
3237 4230 3432 4303 Ulqm'd
3450 4243 3658 4302 pertur-

402 4334 852 4406 οκυθρωπότερον
870 4351 885 4366 ⁶
943 4335 1127 4390 Ἰνατί
1187 4336 1672 4406 παρηνώχλησάς
1710 4355 1807 4407 με,
1863 4336 1975 4408 φά-

2080 4332 2222 4387 bastt‘
2280 4348 2382 4396 me,
2419 4330 2633 4393 dicens,
2687 4325 2929 4395 faciendo
2980 4339 3061 4376 me
3090 4321 3367 4377 ascendere
3399 4322 3484 4376 "‘i
3533 4321 3660 4378 llaec

400 4442 569 4481 σκων
620 4427 954 4494 ἀναϐῆναι;
992 4426 1178 4482 Ταῦτα
1222 4428 1279 4482 δὲ
1314 4429 1680 4500 πλαττόμενος
1727 4431 1901 4501 ἀπαρε
1911 4447 1975 4501 μ-

2080 4421 2210 4478 dum
2248 4421 2487 4484 simulat,
2524 4420 2750 4474 innuere
2800 4416 2971 4471 voluit
3005 4414 3305 4478 indefinite,
3355 4413 3655 4469 daemonem

283 4546 291 4553 -
401 4515 588 4587 φάτως
646 4514 897 4569 ἐϐούλετο
959 4516 1281 4589 σημαίνειν,
1342 4519 1424 4572 ὅτι
1485 4519 1578 4571 καὶ
1633 4518 1833 4573 ἄκοντα
1884 4519 1975 4573 τὸν

2080 4525 2244 4580 posse
2303 4509 2620 4579 prophetam
2662 4507 2789 4560 licet
2837 4505 3070 4559 invitum
3127 4518 3378 4568 evocare,
3415 4511 3660 4575 potesta-

401 4609 689 4681 προφήτην
734 4607 764 4659 6
803 4607 1012 4677 δαίμων
1069 4608 1296 4678 ἠδύνατο
1345 4610 1825 4682 μεταπέμπεσθαι,
1882 4611 1975 4665 καὶ

2080 4608 2298 4671 temque
2326 4601 2380 4655 in
2405 4616 2529 4656 eum
2578 4598 2802 4653 habere.
2855 4595 2922 4650 Et
2955 4596 3118 4651 modo
3149 4595 3225 4650 ita
3273 4595 3522 4651 nonnulli
3554 4610 3660 4649 cae-

402 4699 523 4754 κατ’
558 4696 726 4752 αὑτοῦ
770 4697 1029 4770 τοιαύτην
1069 4697 1212 4770 ἔχειν
1253 4698 1520 4765 ἐξουσίαν.
1553 4697 1686 4755 Εἶτα
1725 4700 1975 4756 τοσοῦτον

2080 4694 2316 4757 cutiunt,
2349 4700 2411 4747 ut
2452 4692 2757 4762 intelligere
2783 4696 3077 4758 nequeant,
3125 4702 3318 4744 omnes
3361 4687 3453 4757 qui
3478 4686 3660 4741 animo

400 4787 799 4863 ἀμϐλυωποῦσί
840 4806 1014 4855 τινες,
1053 4790 1128 4854 ὡς
1167 4792 1227 4846 οὑ
1256 4791 1513 4847 δύνασθαι
1543 4795 1705 4857 νοεῖν,
1735 4792 1816 4846 ὅτι
1852 4793 1975 4857 τοὺς

2075 4801 2211 4856 puro
2236 4786 2565 4855 sinceroque
2587 4796 2651 4838 ea
2682 4795 2804 4851 quae
2826 4778 3035 4835 Christi
3066 4787 3193 4834 sunt
3224 4776 3567 4847 profitentur,
3601 4776 3659 4830 in

401 4879 660 4952 δαίμονας
701 4881 760 4935 ἐν
795 4879 874 4952 τῷ
909 4879 1038 4953 θείῳ
1078 4882 1471 4951 φυγαδεύουσιν
1511 4884 1735 4955 ὀνόματι
1775 4884 1975 4947 πάντες

2075 4878 2258 4936 divino
2285 4879 2507 4933 nomine
2528 4875 2797 4931 daemonia
2823 4873 3053 4942 ejicere;
3097 4880 3151 4926 at
3180 4885 3290 4926 non
3347 4885 3415 4925 ex
3438 4882 3661 4926 contra~

403 4977 452 5028 οἱ
482 4973 555 5029 τὰ
592 4973 685 5029 τοῦ
723 4972 965 5047 Χριστοῦ
1010 4973 1330 5046 φρονοῦντες
1379 4975 1716 5047 εἰλικρινῶς,
1755 4975 1876 5047 οὐχὶ
1918 4974 1975 5028 δὲ

2075 4974 2156 5027 rio
2178 4970 2249 5025 ab
2274 4969 2384 5024 illis
2409 4967 2611 5022 invitos
2634 4965 2826 5036 jussos
2869 4961 3166 5017 ascendere
3189 4961 3257 5015 ab
3280 4959 3489 5024 inferis,
3515 4972 3580 5012 ac
3608 4958 3656 5014 si

405 5066 713 5121 τούναντίον
746 5065 823 5131 ὡς
860 5065 1212 5136 ὑποκείμενοι
1247 5065 1456 5131 τούτοις
1494 5067 1717 5130 ἄκοντες
1752 5065 1975 5120 ἀναϐαί-

2075 5062 2155 5118 eis
2180 5058 2416 5128 subjecti
2448 5063 2654 5112 essent.
2705 5052 2911 5109 Verum
2971 5052 3017 5107 si
3049 5051 3175 5121 quis
3214 5049 3493 5105 existimat
3551 5048 3661 5103 dte—

406 5171 588 5209 νουσιν
628 5157 688 5222 ἐξ
722 5156 871 5228 ᾅδου,
900 5158 1383 5229 μεταπεμπόμενοι
1408 5158 1547 5231 πρὸς
1580 5157 1780 5212 αὐτῶν.
1821 5158 1886 5211 Εἰ
1917 5156 1975 5209 δέ

2075 5153 2319 5208 monium
2358 5145 2805 5220 engastrimythi,
2833 5158 2957 5198 cum
2991 5141 3205 5198 caeteris
3234 5141 3356 5195 aliis
3405 5139 3663 5210 superius

404 5263 491 5310 τις
543 5245 713 5301 οἴεται
760 5249 822 5302 τὸ
862 5249 962 5320 τῆς
1011 5248 1452 5326 ἐγγαστριμύθου
1507 5248 1782 5320 δαιμόνιον
1831 5246 1975 5300 οὑδε-

2077 5245 2172 5310 sit,
2202 5259 2310 5299 non
2363 5254 2527 5313 posse
2554 5238 2692 5294 verti
2723 5237 2781 5292 in
2816 5236 3019 5306 fugam,
3074 5239 3328 5290 recurrat
3365 5232 3434 5286 ad
3485 5232 3661 5288 Actus

408 5336 629 5391 πώποτε
670 5339 1098 5408 φυγαδεύεσθαι,
1143 5324 1379 5411 προῦχον
1411 5340 1666 5394 ἁπάντων
1699 5337 1835 5410 ὁμοῦ
1871 5337 1975 5391 τῶν

2076 5335 2565 5407 apostolorum;et
2588 5330 2681 5385 ubi
2737 5329 2803 5384 ad
2858 5329 2977 5382 loca
3010 5325 3337 5396 pervenerit,
3387 5324 3660 5379 examinet

405 5429 610 5492 ἄλλων,
667 5428 1022 5502 ἀναδραμέτω
1081 5433 1179 5503 μὲν
1229 5435 1311 5496 είς
1360 5431 1462 5496 τὰς
1504 5431 1613 5485 τῶν
1667 5429 1975 5485 ἀποστόλων

2083 5438 2145 5483 ut
2184 5443 2340 5485 sacer
2378 5441 2560 5498 praeco
2591 5423 2797 5478 Paulus
2826 5421 3172 5478 errabundus
3199 5416 3480 5490 Philippos
3502 5417 3661 5472 deve-

405 5519 661 5590 Πράξεις,
726 5520 812 5573 ἐπ’
858 5522 1037 5581 αὐτῶν
1093 5522 1151 5576 δὲ
1191 5522 1300 5576 τῶν
1347 5522 1560 5595 χωρίων
1614 5520 1975 5593 ἐμϐατεύσας,

2084 5522 2167 5576 nit
2202 5541 2215 5576 :
2252 5527 2312 5575 ut
2336 5535 2463 5576 vero
2484 5517 2767 5572 mulierem
2815 5513 3037 5570 nomine
3064 5510 3286 5583 Lydiam
3317 5510 3535 5582 pictatis
3566 5523 3658 5564 co-

406 5611 562 5665 ίδέτω
603 5608 722 5674 πῶς
754 5612 783 5664 ό
812 5611 1136 5682 περιοδεύων
1184 5614 1472 5686 ἱεροκήρυξ
1514 5611 1743 5682 ἀφίκετο
1775 5610 1975 5674 Παῦλος

2096 5613 2338 5685 gnitione
2403 5609 2752 5675 illuminavit,
2802 5607 2936 5662 abiit
2959 5613 3019 5662 ut
3046 5620 3236 5676 preces
3258 5602 3387 5678 ~Deo
3417 5602 3660 5661 eﬂundc-

476 5722 520 5756 "
551 5721 835 5791 ΡΙιίιίροιι,
859 5723 912 5776 6.
988 5725 1033 5758 ³ο
1055 5723 1250 5778 Matth.
1279 5741 1352 5791 Iv,
1379 5725 1431 5780 9.
1509 5724 1552 5756 ³⁸
1575 5721 1604 5778 1
1623 5722 1748 5793 Reg.
1781 5738 1975 5789 xxvut,
1995 5721 2083 5777 t5.

478 5813 1040 5889 (5’⁶⁹)Ὑποκύπτων.
1083 5815 1244 5873 Forte
1285 5816 1573 5889 legendum
1621 5813 1975 5886 ὑποκύπτειν,

2075 5812 2370 5870 ,rcieratur
2395 5810 2462 5866 ad
2494 5808 2775 5874 πλείστους
2808 5808 2982 5872 ὅσους.
3012 5805 3169 5862 Eutr.
