4132 6428
466 345 571 401 635
1440 341 1499 397 S.
1540 340 1912 397 EUSTATHII
1955 340 2267 398 EPISCOPI
2309 338 2733 399 ANTIOCHENI
3595 344 3701 401 636

465 466 569 512 ret.
630 453 833 510 Accidit
871 463 1047 510 autem
1092 462 1153 508 ut
1185 454 1361 522 puella
1397 453 1658 524 quardam,
1691 454 1785 519 ait,
1841 455 2033 509 habens
2062 461 2097 517 Α

2072 461 2107 516 Α
2135 456 2214 518 εἰς
2247 456 2542 520 Φιλίππους
2561 473 2575 486 ο
2615 454 2693 518 ὡς
2738 452 2795 508 δὲ
2830 451 2926 525 τὴν
2956 452 3298 525 καλουμένην
3337 454 3568 526 ἐφώτισε
3597 457 3704 512 Δυ-

466 546 710 615 spiri.um
742 543 995 613 Pythonis
1018 554 1331 609 occurreret,
1363 562 1478 615 qua:
1504 555 1762 614 quaestum
1787 563 2031 616 magnum

2136 543 2253 597 δίαν
2274 545 2565 615 ςεὺσεϐείας
2594 542 2913 613 ἐπιγνώσει,
2944 543 3245 615 τηνικαῦτα
3278 542 3377 614 μὲν
3404 543 3577 615 ᾤχετο
3605 546 3704 611 τὰς

466 635 755 707 praestabat
779 635 1008 689 dominis
1033 637 1146 690 suis
1175 636 1480 691 divinando.
1515 637 1687 706 Igitur
1712 637 1822 691 lucc
1854 637 2033 691 subse-

2132 636 2298 706 εύχάς
2327 637 2557 691 ἀνοίσων
2575 654 2590 667 ·
2640 636 2910 706 Ἐγένετο
2954 635 3023 688 δὲ
3062 635 3394 704 παιδίσκην
3436 637 3704 707 ἀπαντῆ-

467 737 589 780 cuta
616 725 845 780 Paulum
867 735 916 779 et
947 743 1062 789 nos,
1103 725 1389 789 clamabat,
1439 726 1614 781 dicens
1639 728 1749 781 sic:
1799 726 1901 781 Isti
1940 728 2034 781 Ito-

2133 729 2238 781 σαί
2262 745 2414 790 τινα,
2446 729 2632 799 φησιν,
2664 727 2934 796 ἔχουσαν
2964 727 3201 797 πνεῦμα
3226 728 3526 793 Πύθωνος,
3550 727 3702 797 ἢπερ

467 818 630 873 mines
651 820 785 874 servi
804 818 902 871 Dei
915 817 1258 873 excelsissimi
1272 827 1413 883 sunt,
1435 819 1523 887 qui
1545 820 1863 873 annuntiant
1885 820 2031 875 nobis

2133 820 2418 891 ἐργασίαν
2475 819 2717 890 πολλὴν
2770 820 3035 889 παρέσχε
3081 820 3205 885 τοῖς
3244 821 3471 888 κυρίοις
3511 820 3703 889 αὐτῆς

467 910 605 964 viam
641 910 855 965 salutis.
883 908 951 961 Et
979 909 1075 963 lioc
1104 908 1327 977 faciebat
1346 924 1436 976 per
1452 909 1643 963 multos
1683 909 1793 964 dies
1827 912 1890 964 ³³.
1925 910 2033 966 Sed

2128 913 2560 983 μαντευομένη.
2595 914 2913 985 Τοιγαροῦν
2940 915 3090 981 αὕτη
3120 912 3704 979 κατακολουθήσασα

466 1003 677 1057 daemon
703 1002 1065 1058 invisibilibus
1099 1001 1280 1072 flagris
1311 1017 1485 1059 cmsus
1505 1006 1693 1057 nolens
1719 1002 1767 1055 vi
1797 1003 2035 1073 pelleba-

2135 1004 2213 1068 τῷ
2236 1006 2452 1072 Παύλῳ
2488 1003 2586 1058 καὶ
2609 1004 2753 1074 ἡμῖν
2778 1001 2980 1071 ἐκραζε
3006 1001 3272 1073 λέγουσα
3295 1002 3501 1067 οὕτως.
3527 996 3704 1057 Οὗτοι

468 1103 559 1148 tur
583 1101 640 1147 ut
668 1094 792 1148 illas
819 1095 1004 1149 ederet
1027 1111 1205 1149 voces.
1242 1094 1435 1149 Verum
1466 1094 1667 1148 Paulus
1698 1094 1843 1148 illius
1877 1098 2036 1150 testi-

2135 1098 2188 1148 ol
2222 1096 2519 1164 ἅνθρωποι
2566 1096 2775 1149 δοῦλοι
2811 1094 2918 1148 τοῦ
2958 1093 3106 1148 Θεοῦ
3129 1093 3235 1147 τοῦ
3269 1093 3534 1161 ὑψίστου
3561 1091 3701 1155 εισι,

468 1188 654 1240 monio
687 1184 845 1240 fidem
882 1200 991 1240 non
1009 1201 1132 1241 esse
1163 1186 1523 1240 adhibendam
1579 1186 1922 1251 existimans,
1952 1186 2034 1240 id-

2136 1186 2353 1252 οἵτινες
2415 1184 2929 1255 καταγγέλλουσιν
2984 1183 3128 1252 ἡμῖν
3183 1183 3327 1236 ὁδὸν
3387 1182 3697 1249 σωτηρίας.

467 1291 574 1345 que
601 1278 922 1341 rectissime,
947 1293 1088 1347 aegre
1117 1277 1297 1333 ferens
1328 1278 1464 1332 dixit
1486 1279 1700 1347 spiritui
1728 1298 1741 1333 :
1776 1279 2034 1347 Pra'cipio

2136 1277 2246 1331 Καὶ
2283 1277 2441 1330 τοῦτο
2469 1277 2562 1330 ἐπὶ
2587 1277 2787 1340 πολλάς
2820 1276 3084 1346 ἔπραττεν
3122 1275 3332 1346 ἡμέρας
3354 1291 3368 1304 ·
3401 1273 3515 1327 ἀλλ’
3546 1276 3577 1327 6
3605 1272 3704 1345 μὶν

470 1367 563 1421 tibi
620 1370 674 1421 in
727 1370 932 1423 nomine
986 1368 1115 1423 Iesu
1150 1369 1348 1424 Christi
1378 1380 1435 1423 ut
1458 1386 1617 1425 exeas
1663 1370 1726 1424 ab
1779 1387 1862 1426 ca.
1900 1371 2034 1426 Rem

2135 1368 2343 1439 δαίμων
2378 1371 2595 1441 ἀοράτῳ
2633 1369 2857 1438 μάστιγι
2891 1367 3335 1438 στρεϐλούμενος,
3361 1367 3509 1421 ἄκων
3534 1368 3702 1436 ἠναγ-

468 1468 672 1526 gestam
703 1471 893 1513 auctor
929 1475 1159 1515 narrans
1178 1462 1364 1516 subdit
1391 1481 1403 1516 :
1427 1461 1495 1516 Et
1525 1464 1651 1519 exiit
1673 1463 1853 1518 eadem
1881 1465 2032 1520 liora.

2137 1460 2331 1524 χάζετο
2375 1463 2628 1524 τοιαύτας
2670 1462 2886 1531 ἀφιέναι
2934 1461 3148 1531 φωνάς·
3193 1461 3223 1513 6
3262 1459 3318 1512 δὲ
3350 1458 3561 1522 Παῦλος
3603 1458 3707 1511 οὐκ

471 1548 603 1603 Cum
632 1552 879 1606 vidissent
908 1570 1031 1622 ergo
1081 1554 1283 1608 domini
1307 1556 1518 1609 ancillae
1549 1555 1687 1626 quod
1739 1573 1855 1626 spes
1888 1573 2035 1627 qua:-

2138 1552 2447 1616 άξιόπιστον
2492 1548 2633 1606 εἶναι
2675 1552 2773 1622 τὴν
2818 1549 3024 1604 ἐκείνου
3079 1548 3381 1621 μαρτυρίαν
3424 1549 3706 1618 ἐννοήσας,

468 1650 583 1695 stus
607 1642 819 1695 illorum
848 1644 1091 1712 funditus
1120 1647 1429 1709 evanuisset,
1474 1647 1849 1716 apprehensum
1890 1647 2038 1701 Pau-

2137 1645 2419 1716 ὀρθότατα.
2465 1643 2807 1715 διαπονηθεὶς
2858 1642 2961 1713 ἔφη
2999 1640 3077 1711 τῷ
3117 1640 3416 1709 πνεύματι,
3477 1642 3707 1708 Παρατ-

468 1730 576 1784 lum
606 1741 656 1786 et
676 1732 846 1787 Silam
868 1743 1145 1790 traxerunt
1174 1738 1227 1790 in
1256 1738 1429 1806 forum
1451 1739 1519 1792 ad
1551 1741 1808 1809 principes
1829 1740 1907 1807 ³³;
1940 1741 2035 1811 qui

2137 1734 2332 1803 γέλλω
2370 1750 2468 1788 σοι
2489 1774 2503 1797 ,
2562 1734 2755 1803 λέγων,
2805 1734 2875 1787 ἐν
2915 1733 3156 1801 ὀνόματι
3210 1730 3403 1798 Ἰησοῦ
3430 1728 3705 1798 ,Χριστοῦ

468 1823 683 1879 illorum
707 1826 999 1882 calumniis
1047 1829 1315 1884 seditione
1348 1838 1465 1884 orta
1497 1829 1715 1898 injuriis
1764 1833 1905 1887 male
1936 1832 2036 1887 ha-
2066 1868 2100 1922 Β

2074 1868 2109 1922 Β
2138 1824 2404 1889 ἐξελθεῖν
2435 1824 2535 1878 ἀπ’
2569 1823 2781 1892 αὐτῆς.
2830 1817 2963 1876 Εἶτα
3002 1823 3062 1875 τὸ
3093 1824 3324 1894 πρᾶγμα
3353 1821 3706 1922 διηγούμενος

466 1912 563 1968 biti
592 1915 875 1987 plagisque
901 1919 1025 1973 caesi
1066 1927 1214 1976 sunt.
1255 1918 1425 1990 Igitur
1476 1921 1522 1976 si
1555 1911 1759 1978 Paulus
1779 1923 2033 1992 spiritum
2068 1911 2098 1922 ”

2071 1911 2108 1922 “’
2138 1919 2168 1971 6
2209 1918 2555 1989 συγγραφεὺς
2608 1917 2857 1988 ἐπιφέρει
2888 1933 2905 1946 ·
2960 1917 3067 1970 Καὶ
3127 1914 3382 1983 ἐξῆλθεν
3426 1912 3581 1982 αὐτῇ
3632 1911 3703 1981 τῇ

469 2006 756 2077 increpans
790 2010 936 2065 illico
992 2009 1292 2081 Pythonem
1320 2012 1529 2082 depulit
1558 2015 1677 2085 ipso
1731 2015 1839 2069 ictu
1867 2016 2034 2079 oculi,

2133 2006 2272 2077 ὥρᾳ.
2311 2007 2675 2077 Θεασάμενοι
2706 2003 2820 2062 οὖν
2851 2010 2905 2061 ol
2934 2007 3124 2074 κύριοι
3153 2003 3261 2073 τῆς
3290 2003 3706 2074 θεραπαινίδος

464 2106 519 2153 et
550 2100 775 2169 spiritus
800 2108 1068 2171 potestate
1097 2104 1247 2158 verbi
1279 2103 1511 2174 aufugit,
1539 2120 1664 2160 cum
1715 2106 1914 2177 lingua:
1947 2124 2037 2164 so-

2134 2101 2214 2166 ὠς
2240 2099 2513 2154 ἐκποδὼν
2535 2099 2722 2169 ᾤχετο
2750 2098 2861 2166 τῆς
2886 2098 3171 2166 ἐργασίας
3208 2096 3405 2152 αὐτῶν
3438 2098 3477 2165 ἡ
3507 2096 3707 2163 ἐλπίς,

464 2203 594 2241 num
620 2203 729 2243 non
757 2191 1025 2259 potuisset
1047 2193 1318 2247 sustinere
1341 2236 1356 2259 ,
1398 2194 1546 2248 dicat
1574 2194 1629 2248 in
1661 2206 1907 2265 apertum
1944 2212 2039 2251 ve-

2133 2191 2547 2259 ἐπιλαϐόμενοι
2591 2190 2698 2244 τὸν
2723 2191 2970 2244 Παῦλον
3007 2192 3105 2243 καὶ
3149 2190 3256 2243 τὸν
3292 2190 3480 2243 Σίλαν
3508 2190 3712 2244 εἵλκυ-

463 2281 624 2335 niens
651 2282 746 2349 qui
780 2282 926 2335 illam
975 2283 1300 2338 sententiam
1346 2285 1561 2354 probat,
1599 2301 1709 2356 qua
1751 2288 2038 2357 potestatis

2135 2296 2257 2336 σαν
2295 2284 2383 2348 εις
2415 2280 2531 2350 τὴν
2568 2282 2792 2350 ἀγορὰν
2821 2281 2917 2334 ἐπὶ
2962 2280 3107 2346 τοὺς
3145 2280 3473 2347 ἄρχοντας·
3518 2279 3708 2351 ὕϐρεσι

463 2370 518 2423 vi
550 2384 658 2423 una
685 2387 807 2426 cum
860 2371 1030 2427 Paulo
1078 2374 1397 2430 sentientem
1442 2374 1750 2433 Samuelem
1805 2378 2035 2433 invitum

2134 2373 2193 2426 δὲ
2229 2374 2323 2427 καὶ
2359 2373 2592 2444 πληγαῖς
2639 2374 2800 2426 αἴτιοι
2843 2372 3117 2440 γεγόνασι,
3151 2370 3484 2443 συκοφαντίᾳ
3522 2372 3708 2426 στάσιν

463 2461 676 2517 daemon
702 2480 938 2521 evocans
970 2467 1039 2521 ab
1066 2467 1254 2522 inferis
1276 2469 1458 2524 eduxit
1484 2471 1508 2524 ’ἰ
1533 2469 1639 2525 Sed
1673 2471 1809 2525 nihil
1842 2472 2037 2527 horum

2135 2467 2533 2538 ἐπεγείροντες.
2578 2465 2641 2517 El
2685 2464 2865 2518 τοίνυν
2904 2464 2933 2516 6
2975 2462 3220 2527 Παῦλος,
3262 2464 3596 2534 ἐπιτιμήσας
3632 2463 3707 2536 τῷ

465 2553 609 2622 quod
639 2569 825 2608 verum
849 2557 919 2610 sit
948 2559 1145 2627 poterit
1172 2559 1567 2616 demonstrare.
1594 2561 1670 2615 lta
1702 2572 1759 2617 ut
1781 2563 1869 2617 hic
1898 2579 2037 2633 quo-

2136 2562 2439 2629 πνεύματι,
2491 2558 2582 2611 τὸν
2637 2557 2737 2628 μὲν
2788 2557 3123 2628 πυθόμαντιν
3176 2557 3388 2629 ἀθρόως
3449 2556 3708 2628 ἐξήλασεν

464 2660 572 2713 que
600 2644 743 2699 facili
767 2648 983 2717 negotio
1012 2649 1310 2720 intelligere
1339 2652 1614 2721 possimus
1631 2653 2036 2709 fraudulentum

2137 2652 2194 2704 ἐν
2234 2652 2370 2723 αὑτῇ
2410 2653 2475 2722 τῇ
2520 2652 2694 2721 ῥοπῇ,
2738 2650 2799 2702 τὸ
2838 2650 2895 2702 δὲ
2946 2649 3166 2720 πνεῦμα
3211 2653 3280 2721 τῇ
3323 2648 3418 2702 τοῦ
3467 2650 3710 2720 ῥήματος

465 2738 639 2802 illum,
669 2740 799 2795 dum
826 2742 1029 2798 diceret
1066 2762 1081 2799 :
1110 2744 1304 2815 thuid
1332 2747 1652 2815 perturbain
1686 2765 1766 2803 me
1796 2749 1879 2803 “‘1
1900 2748 2039 2804 Sau-

2137 2742 2440 2813 άπὲδρασεν
2489 2740 2736 2811 ἐξουσίᾳ,
2801 2739 2875 2811 μὴ
2928 2739 3224 2811 δυνάμενον
3276 2739 3574 2810 ὑποστῆναι
3618 2740 3716 2793 τὸν

465 2827 571 2882 lem
602 2838 811 2884 mutata
842 2832 1015 2887 forma
1045 2835 1338 2890 allocutum
1353 2836 1548 2893 fuisse.
1581 2838 1849 2894 lnnuebat
1879 2841 2039 2910 quip-

2137 2834 2239 2903 τῆς
2281 2833 2532 2901 γλώσσης
2564 2828 2726 2903 ἦχον·
2777 2833 2983 2886 εἰπάτω
3018 2831 3227 2903 παριὼν
3284 2835 3364 2895 εἰς
3400 2831 3709 2902 τούμφανὲς

463 2934 533 2989 pe
563 2935 622 2977 se
658 2937 770 2978 non
801 2939 901 2979 sua
927 2926 1231 2990 voluntate,
1271 2928 1366 2983 sed
1423 2929 1653 2984 invitum
1701 2933 2034 2999 ascendisse,

2138 2926 2166 2978 6
2202 2924 2281 2996 τῷ
2314 2925 2499 2996 τοιῷδε
2554 2924 2942 2995 συνιστάμενος
2981 2926 3114 2997 ὅρῳ,
3164 2925 3389 2996 Ποταπῇ
3426 2924 3707 2995 δυνάμεως

465 3012 775 3079 nolentem,
823 3017 1146 3072 necessitate
1205 3027 1258 3073 et
1307 3020 1358 3073 vi
1418 3021 1584 3075 veluti
1641 3024 2036 3092 praestantioris

2139 3018 2307 3089 ἀρετῇ
2363 3016 2456 3070 τὸν
2512 3015 2762 3087 ὁμόδοξον
2812 3016 2889 3087 τῷ
2943 3017 3142 3086 Παύλῳ
3201 3014 3453 3087 Σαμουὴλ
3509 3016 3710 3070 ἄκοντα

466 3104 693 3174 imperio
718 3114 968 3161 coactum
1022 3108 1252 3164 missum
1285 3110 1474 3167 fuisse.
1531 3111 1645 3168 Rex
1672 3130 1805 3170 vero
1838 3116 1915 3169 illi
1948 3132 2036 3172 re-

2144 3109 2616 3181 μετακαλούμενος
2663 3111 2692 3161 ὁ
2728 3109 2935 3179 δαίμων
2980 3109 3253 3181 ἀνήγαγεν
3293 3108 3351 3174 ἐξ
3390 3107 3550 3179 ᾆδους
3592 3107 3711 3161 ἀλλ’

465 3194 686 3262 spondit
734 3215 748 3252 :
812 3197 1059 3253 Tribulor
1102 3200 1268 3265 valde,
1301 3210 1350 3257 et
1378 3203 1683 3274 alienigena:
1729 3206 1925 3260 bellant
1973 3209 2028 3262 in
2058 3212 2097 3270 C

2074 3212 2100 3270 ζ]
2133 3204 2233 3257 οὐκ
2271 3203 2336 3257 ἂν
2375 3202 2487 3273 ἔχοι
2528 3202 2799 3257 δεικνύναι
2842 3201 3045 3255 τούτων
3090 3202 3241 3255 οὐδὲν
3287 3200 3500 3272 ἀληθές.
3548 3200 3706 3255 ’Ὥστε

463 3302 581 3352 me;
602 3297 651 3342 et
678 3287 841 3355 Deus,
875 3292 971 3355 ait,
999 3293 1238 3348 discessit
1266 3313 1297 3348 a
1324 3312 1425 3360 me,
1457 3307 1504 3351 et
1535 3315 1637 3352 non
1668 3299 1933 3354 exaudivit
1952 3317 2031 3354 me

2137 3296 2226 3349 καὶ
2266 3293 2355 3347 διὰ
2394 3293 2562 3347 τῶνδε
2613 3294 2755 3364 μάλα
2803 3293 3000 3364 ῥαδίως
3038 3293 3185 3345 ἐστὶν
3228 3292 3374 3355 ἰδεῖν,
3414 3293 3497 3344 ὃτι
3524 3308 3708 3367 διετα-

464 3377 629 3441 ultra,
654 3381 815 3435 etiam
845 3383 901 3436 in
930 3400 1089 3438 manu
1124 3386 1497 3455 prophetarum
1521 3398 1570 3442 et
1623 3390 1677 3442 in
1707 3392 1923 3443 somniis
1942 3407 1960 3453 ,'
1982 3399 2031 3444 et

2136 3386 2564 3457 μορφωσάμενος
2594 3386 2820 3457 ἠγόρευε
2846 3383 2921 3454 τῷ
2948 3382 3118 3436 Σαοὺλ
3139 3385 3169 3436 ὁ
3188 3382 3516 3454 δολομήτηςο
3560 3382 3711 3438 τινα.

463 3485 603 3522 nunc
632 3473 810 3525 vocavi
843 3483 891 3527 te
919 3473 988 3526 ad
1022 3475 1403 3545 notiﬁcandum
1427 3478 1555 3532 milii
1583 3479 1708 3548 quid
1740 3480 1937 3549 faciam
1960 3482 2027 3535 ³⁵.

2131 3481 2190 3532 τί
2227 3475 2712 3547 παρηνώχλησάς
2761 3491 2873 3544 ps;
2922 3478 3120 3546 φήσας.
3172 3474 3518 3545 Ἐπῃνίττετο
3577 3473 3706 3547 γὰρ,

464 3559 663 3617 lterum
694 3564 857 3634 igitur
909 3567 1349 3635 respondendum
1403 3577 1488 3625 est
1520 3590 1532 3624 :
1576 3569 1787 3637 Nonne,
1822 3572 1868 3628 si
1904 3587 2030 3642 spe-

2132 3571 2214 3623 ὅτι
2242 3569 2393 3637 παρὰ
2427 3568 2679 3640 βούλησιν
2711 3568 2857 3621 ἄκων
2900 3564 3205 3629 ἀνέϐαινεν,
3239 3565 3300 3617 οὐ
3343 3564 3533 3630 θέλων,
3574 3563 3711 3620 ἀλλὰ

463 3652 680 3708 ctabilis
714 3654 803 3709 ille
828 3654 1045 3711 Samuel
1074 3659 1335 3729 propheta
1369 3659 1583 3717 fuisset.
1616 3663 1791 3717 virum
1826 3663 1881 3717 in
1916 3680 2032 3719 me-

2133 3660 2348 3733 ἀνάγκῃ
2386 3660 2481 3712 καὶ
2512 3658 2623 3730 βίᾳ,
2652 3657 2899 3729 καθάπερ
2933 3657 3023 3709 ὑπ’
3053 3656 3216 3710 αὑτοῦ
3248 3656 3710 3727 μεταπεμφθῆναι

464 3740 655 3796 liorem
680 3740 890 3814 frugem
922 3745 1037 3799 suis
1065 3747 1285 3801 monitis
1336 3748 1683 3804 reduxisset?
1713 3748 1903 3805 Nonne
1955 3750 2031 3804 illi

2133 3752 2225 3806 τοῦ
2282 3753 2590 3825 κρείττονος
2653 3751 2988 3822 ἐπιταχθείς.
3057 3751 3117 3803 ’0
3158 3750 3217 3803 δὲ
3270 3749 3536 3820 δυνάστης
3583 3750 3712 3802 ἀνθ·-

463 3832 698 3902 primum
731 3833 958 3888 dixisset
986 3854 1002 3890 :
1028 3835 1121 3891 Dic
1152 3838 1307 3900 mihi,
1341 3839 1583 3892 omnium
1613 3840 1892 3895 hominum
1924 3843 2029 3896 mi-

2138 3845 2447 3913 υπενέγκας
2493 3844 2627 3915 ἔφη·
2681 3846 2963 3913 Θλίϐομαι
3007 3841 3273 3911 σφόδρα,
3322 3842 3418 3895 καὶ
3445 3845 3500 3895 ol
3531 3841 3710 3896 ἀλλό-

466 3921 713 3987 serrime,
768 3924 816 3979 si
859 3926 1174 3995 alienigena:
1200 3928 1465 3983 instructa
1503 3932 1620 3986 acie
1648 3933 1899 3989 cominus
1933 3934 2032 3988 ob-

2133 3941 2313 4006 φυλοι
2341 3935 2713 4005 πολεμοῦσιν
2737 3936 2806 3988 ἐν
2838 3936 2989 4005 ἐμοὶ,
3016 3936 3109 3988 καὶ
3147 3937 3179 3988 ό
3209 3933 3353 3999 Θεὸς
3380 3932 3705 4002 ἀφέστηκε,

463 4013 666 4068 vallant
689 4031 868 4086 pugna
897 4016 1249 4081 decertaturi,
1284 4022 1328 4076 si
1381 4020 1522 4077 Deus
1551 4022 1807 4078 discessit
1836 4039 1866 4077 a
1896 4034 1949 4080 te
1977 4034 2032 4080 et

2134 4028 2317 4097 φησὶν,
2352 4028 2452 4081 ἀπ’
2484 4026 2650 4095 ἐμοῦ.
2684 4027 2779 4080 καὶ
2811 4029 2922 4080 οὐκ
2961 4024 3183 4091 ἀκήκοε
3201 4041 3320 4093 μου
3352 4024 3459 4087 ἔτι,
3483 4022 3605 4075 οὔτ’
3638 4022 3706 4074 ἐν

461 4105 678 4177 penitus
700 4122 809 4162 non
836 4108 1101 4176 exaudiit,
1147 4127 1324 4181 neque
1352 4114 1646 4184 prophetae,
1679 4116 1808 4170 dum
1857 4133 1956 4187 pro
1978 4125 2033 4175 te

2134 4120 2282 4191 χειρὶ
2318 4117 2436 4171 τῶν
2466 4117 2806 4187 προφητῶν,
2834 4117 2955 4171 οὒτ’
2990 4118 3059 4170 ἐν
3082 4115 3422 4180 ἐνυπνιόιςο
3458 4113 3558 4166 καὶ
3590 4112 3704 4166 νῦν

464 4193 784 4264 legationem
834 4199 1089 4266 subeunt,
1121 4201 1416 4273 quidquam
1465 4207 1796 4276 percipiunt,
1856 4224 2033 4279 neque

2135 4209 2404 4279 κέκληκα
2441 4226 2514 4263 σε
2556 4210 2841 4279 γνωρίσαι
2875 4226 2977 4277 μοι
3018 4208 3075 4260 τί
3110 4204 3359 4271 ποιήσω.
3406 4204 3575 4259 Πάλιν
3609 4201 3702 4259 οὖν

464 4287 607 4342 inter
631 4288 1007 4347 dormiendum
1030 4308 1208 4365 neque
1262 4298 1399 4352 inter
1429 4298 1763 4369 vigilandum
1798 4302 1926 4370 quid
1951 4302 2032 4356 fa-

2134 4302 2455 4374 ἀποκριτέον
2481 4319 2494 4332 ο
2554 4303 2619 4355 El
2666 4300 2917 4371 Σαμουὴλ
2959 4302 2987 4353 6
3029 4298 3385 4369 περίϐλεπτος
3441 4297 3705 4368 ἐτύγχανε

463 4387 550 4432 clo
574 4394 711 4449 opus
743 4381 815 4437 sit
836 4382 1179 4453 admoneris;
1211 4402 1388 4444 nonne
1412 4388 1482 4443 ibi
1511 4391 1692 4459 potius
1723 4398 1883 4445 terra:
1914 4408 2033 4462 pro-

2135 4395 2434 4466 προφήτης,
2471 4395 2571 4448 οὐκ
2612 4392 2678 4447 ἂν
2710 4393 3040 4463 ἐσωφρόνισε
3075 4391 3164 4443 τὸν
3203 4390 3371 4463 ἄνδρα
3411 4389 3703 4456 νουθετῶν;

462 4470 726 4526 cumbens
755 4471 920 4527 Deum
952 4475 1048 4529 tibi
1083 4479 1371 4547 propitium
1402 4480 1627 4534 reddere
1658 4482 1947 4548 debueras,
1976 4493 2032 4539 et
2062 4544 2094 4554 _

2073 4544 2099 4554 _
2134 4485 2233 4538 οὑκ
2265 4485 2330 4539 ἂν
2367 4481 2517 4538 εἶπεν
2560 4483 2709 4554 αὐτῷ
2745 4484 2806 4536 τὸ
2848 4481 3094 4552 πρῶτον;
3138 4481 3273 4535 Εἰπέ
3322 4500 3435 4554 μοι,
3494 4482 3705 4553 σχέτλιε

461 4561 820 4634 eleemosynis
855 4566 912 4620 in
939 4581 1204 4636 pauperes
1225 4571 1464 4641 erogatis
1513 4581 1862 4641 peccatorum
1896 4591 2030 4630 cau-
2061 4544 2093 4599 Π

2073 4544 2106 4599 D
2135 4577 2350 4630 πάντων
2387 4544 2707 4648 ἀνθρώπων,
2749 4578 2797 4629 εἰ
2849 4544 3213 4645 περιέστηκαν
3272 4544 3335 4628 οἱ.
3373 4544 3705 4643 ἀλλογενεῖς,

461 4668 553 4708 sas
582 4654 820 4720 abluere,
845 4664 1026 4711 etnon
1056 4659 1120 4713 ad
1154 4670 1327 4715 vatem
1364 4665 1855 4735 engastrimythum
1891 4683 2026 4723 con-

2134 4667 2215 4729 εἰς
2263 4666 2496 4736 πόλεμον
2552 4666 3143 4738 ἁντιπαραταττόμενοι
3204 4664 3486 4730 συσταδὸν,
3548 4664 3707 4738 εἴπερ

460 4742 671 4815 fugere,
701 4756 753 4800 et
780 4762 879 4816 pro
923 4746 1131 4804 furiosa
1160 4750 1495 4809 divinatione
1529 4754 1747 4823 pietatis
1789 4757 2026 4829 insignia

2133 4760 2161 4810 ὁ
2195 4756 2327 4820 Θεὸς
2377 4758 2685 4828 ἀφέστηκεν
2734 4759 2844 4811 ἀπὸ
2898 4758 2992 4811 σοῦ
3046 4760 3140 4811 καὶ
3189 4759 3249 4812 τὸ
3302 4758 3561 4829 παράπαν
3605 4758 3708 4811 οὐκ

459 4847 816 4903 commutare,
855 4856 1029 4910 neque
1079 4858 1190 4897 non
1228 4845 1396 4899 semel
1440 4847 1748 4904 calamitate
1798 4852 2027 4907 auctiori

2134 4849 2411 4921 ἐπακήκοέ
2445 4868 2558 4914 σου,
2585 4849 2708 4904 οὔτε
2740 4851 2797 4903 δὲ
2824 4851 3099 4923 προφῆται
3140 4848 3530 4921 πρεσϐεύοντες
3563 4848 3705 4917 ὑπὲρ

458 4928 811 4999 opprimere?
837 4928 921 4985 An
950 4940 1003 4987 te
1035 4930 1177 5004 fugit
1202 4936 1536 4989 exsecranda
1564 4937 1678 4993 ha:c
1707 4937 1875 4994 Deum
1931 4958 2029 4997 ex-

2136 4939 2231 4992 σοῦ
2273 4940 2619 5011 κατῄδεισαν,
2653 4939 2777 4993 οὕτε
2810 4941 2963 5011 ὄναρ,
3009 4940 3132 4994 οὔτε
3164 4939 3313 5009 ῦπαρ
3343 4936 3703 5010 ἀπεκαλύφθη

460 5021 666 5090 pressis
698 5023 881 5078 verbis
915 5040 1010 5094 per
1037 5024 1258 5096 Moysen
1288 5026 1340 5079 in
1375 5025 1615 5083 Levitico
1643 5030 2029 5100 prohibuisse?

2139 5052 2218 5087 σοι
2251 5033 2312 5086 τὸ
2349 5033 2485 5098 δέον,
2524 5035 2583 5087 οὐ
2617 5034 2791 5106 ταύτῃ
2835 5035 3033 5105 μᾶλλον
3078 5032 3283 5103 ὤφελες
3334 5030 3704 5101 ἐξιλεούμενος

462 5109 586 5164 Νοη
642 5114 927 5182 sequamini
978 5115 1438 5185 engastrimytltos,
1496 5128 1546 5171 et
1603 5120 2027 5176 incantatoribus

2135 5124 2381 5194 κλιθῆναι
2422 5119 2560 5191 θεῷ,
2602 5124 2698 5177 καὶ
2736 5126 2984 5196 πενήτων
3040 5119 3433 5193 ἐλεημοσύναις
3482 5121 3705 5175 ἀπολού-

461 5217 567 5255 non
597 5201 947 5270 adhaerebitis,
1012 5215 1067 5258 ut
1118 5207 1462 5275 inquinemini
1500 5211 1554 5265 in
1604 5213 1703 5269 eis.
1742 5213 1854 5283 Ego
1911 5230 2029 5267 sum

2138 5212 2331 5266 σασθαι
2384 5211 2453 5266 τά
2508 5212 2615 5264 τῶν
2677 5213 3037 5286 ἐγκλημάτων
3094 5211 3242 5264 αἴτια
3263 5249 3278 5274 ,
3341 5212 3469 5281 μήτι
3521 5229 3585 5281 γε
3639 5212 3703 5284 δὴ

463 5290 717 5349 Dominus
769 5293 909 5352 Deus
934 5306 1100 5352 vester
1124 5298 1189 5353 ³⁸.
1218 5298 1409 5355 Nonne
1460 5305 1667 5359 scelera
1715 5306 1831 5362 ham
1862 5306 2028 5376 impia

2136 5306 2501 5374 καταφεύγειν
2534 5306 2627 5358 ἐπὶ
2664 5305 2858 5377 μάντιν
2890 5301 3345 5375 ἐγγαστρίμυθον,
3377 5302 3470 5355 καὶ
3507 5303 3706 5374 μανιώ-

462 5392 622 5455 putas
652 5385 762 5442 Deo
796 5388 1093 5447 adversari.
1126 5397 1179 5446 et
1198 5391 1428 5447 similem
1463 5393 1700 5451 fabulam
1730 5412 1889 5467 agere
1930 5412 2030 5450 an-

2133 5395 2212 5449 δει
2261 5400 2491 5469 μαντικῇ
2539 5397 2606 5451 τὰ
2648 5397 2751 5467 τῆς
2796 5396 3079 5458 εὐσεϐείας
3121 5394 3704 5451 ἀντικαταλλάττεσθαι

451 5472 583 5531 des?
603 5476 741 5533 Audi
766 5497 887 5552 qua:
913 5496 1234 5556 sequuntur,
1261 5486 1372 5543 Deo
1401 5490 1519 5559 ipso
1558 5493 1768 5547 oraculi
1800 5492 1905 5546 ritu
1943 5508 2037 5546 su-

2136 5485 2398 5559 σύμϐολα,
2434 5487 2528 5540 καὶ
2556 5486 2675 5541 καθ’
2700 5483 2894 5539 ἑαυτοῦ
2922 5485 2981 5537 τὸ
3009 5481 3181 5547 πάθος
3207 5483 3440 5555 αὐξῆσαι
3471 5483 3701 5550 διττῶς;

449 5578 544 5631 per
571 5566 672 5623 hoc
708 5568 950 5630 facinore
988 5578 1305 5633 enuntiante
1344 5597 1355 5632 :
1397 5579 1461 5633 Et
1493 5582 1695 5647 anima,
1724 5581 1897 5650 inquit
1934 5582 2024 5650 ³⁸⁸,

2132 5577 2167 5653 ἦ
2192 5583 2299 5655 γάρ
2327 5582 2388 5637 ού
2418 5581 2746 5655 διανοητέον,
2774 5581 2856 5633 ὅτι
2882 5578 2953 5632 τὰ
2977 5577 3155 5631 τοιάδε
3200 5578 3483 5649 μιάσματα
3526 5575 3704 5649 ῥητῶς

466 5669 871 5797 “uie/inf“,
909 5676 1085 5733 15.18,
1200 5679 1390 5735 “ibid.
1426 5685 1614 5755 18,19.
1716 5695 1759 5727 ”
1795 5695 1826 5750 1
1858 5697 1981 5772 Reg.
2008 5717 2098 5758 ut

642 5761 689 5795 ν.
718 5761 804 5804 λι,
834 5746 884 5798 ϐ.

2069 5717 2198 5772 :vm,
2232 5701 2319 5758 l5.
2428 5703 2472 5735 ⁸³
2491 5699 2619 5757 ibid.
2726 5698 2769 5730 "
2794 5694 2914 5749 Lev.
2942 5709 3033 5761 xx,
3069 5692 3176 5761 97;
3240 5693 3395 5747 Deut.
3429 5706 3584 5761 xvnt,
3610 5689 3701 5749 li.
