4132 6408
372 366 482 425 037

1285 359 1370 418 DE
1401 354 2001 418 ENGASTBIMYTHO
2038 351 2320 413 CONTRA
2354 348 2731 410 ORIGENEM.

3492 355 3598 412 658

370 488 744 557 ἀπηγόρευσεν
787 480 816 534 6
851 478 980 544 Θεὸς
1027 478 1085 532 ἐν
1126 474 1203 548 τῷ
1243 473 1513 547 Λευῖτικῷ
1555 473 1642 530 διὰ
1690 473 1962 545 Μωσέως,

2061 488 2149 527 'ua:
2204 470 2480 526 subsecuta
2517 469 2676 537 fuerit
2717 468 3158 540 engastrimytltos
3207 478 3257 523 et
3298 469 3600 526 incantato-

373 576 540 633 εἰπών
555 594 568 605 ·
588 576 710 629 Οὐκ
738 568 1255 636 ἐπακολουθήσετε
1280 567 1403 633 τοῖς
1428 564 1931 636 ἐγγαστριμύθοις,

373 666 473 723 καί
510 665 634 731 τοῖς
666 660 964 726 ἐπαοιδοῖς
1004 661 1074 713 οὐ
1106 656 1738 727 προσκολληθήσεσθε,
1759 669 1934 722 μιαν-

375 758 547 827 θῆναι
569 757 639 811 ἐν
664 752 887 819 αὐτοῖς.
942 751 1086 821 Ἐγώ
1110 752 1225 819 εἰμι
1258 749 1473 815 Κύριος
1507 749 1539 800 ὁ
1571 744 1714 811 Θεὸς
1741 744 1932 814 ὑμῶν·

375 850 488 904 ἀλλ’
514 849 613 903 οὐκ
637 844 806 916 ἀσεϐῆ
833 843 957 898 τάδε
988 842 1057 895 τὰ
1087 839 1427 912 βδελύγματα
1457 837 1693 909 νομίζεις
1723 834 1940 889 ἐναντία

375 940 453 1013 τῷ
491 938 629 1010 Θεῷ,
660 935 1086 1008 δραματουργεῖν
1126 930 1422 1003 ἐγχειρῶν;
1461 929 1655 983 Ἀκουε
1697 929 1789 981 καὶ
1821 926 1937 999 μεθ’

377 1033 541 1105 ἕτερα
584 1028 677 1083 τοῦ
721 1026 854 1081 Θεοῦ
899 1023 1348 1097 χρησμῳδοῦντος
1381 1019 1471 1074 ἐπὶ
1500 1019 1578 1091 τῷ
1607 1019 1793 1090 τοιῷδε
1823 1017 1942 1071 τολ-

384 1126 628 1195 μήματι·
681 1117 790 1175 Καὶ
834 1116 1039 1187 ψυχὴ,
1100 1115 1283 1185 φησὶν,
1340 1113 1470 1181 ἥτις
1505 1112 1581 1165 ἂν
1611 1112 1941 1164 ἐπακολου-

381 1216 540 1285 θήσῃ
592 1212 717 1279 τοῖς
770 1209 1256 1282 ἐγγαστριμύθοις
1312 1202 1351 1275 ἢ
1400 1201 1732 1268 ἐπαοιδοῖς,
1789 1199 1943 1254 ὥστε
1972 1268 1983 1281 η

381 1306 776 1377 ἑκπορνεῦσαι
820 1304 1010 1357 ὀπίσω
1050 1299 1265 1356 αὐτῶν.
1307 1299 1496 1351 Ὀποῖα
1542 1295 1637 1348 καὶ⁴
1669 1294 1792 1347 τίνα
1827 1293 1944 1347 πεί-

384 1417 536 1455 σεται
580 1397 833 1470 προσθεὶς
869 1393 1148 1465 ἀπέφρασε
1197 1388 1422 1462 προϊὼν,
1496 1384 1836 1453 Ἐπιστήσω
1878 1383 1944 1438 τὸ

384 1493 705 1562 πρόσωπόν
725 1506 869 1560 μου,
898 1487 1157 1558 φάμενος,
1184 1482 1283 1537 ἐπὶ
1305 1481 1420 1550 τὴν
1448 1478 1660 1550 ψυχὴν
1683 1477 1943 1543 ἐκείνην,

384 1586 480 1639 καὶ
528 1580 736 1638 ἀπολῶ
782 1578 976 1646 αὐτὴν
1013 1577 1083 1630 ἐκ
1126 1575 1232 1629 τοῦ
1276 1572 1429 1629 λαοῦ
1475 1568 1684 1638 αὐτῆς.
1729 1568 1793 1621 Εἰ
1855 1562 1948 1620 οὖν

382 1670 619 1747 ἀρχῆθεν
667 1666 1038 1739 νομοθετήσας
1086 1666 1113 1718 ὁ
1154 1662 1287 1727 Θεὸς
1329 1659 1620 1731 αὐστηροῖς
1665 1653 1949 1710 ἀπέστειλε

384 1762 782 1836 προγράμμασι
819 1759 945 1821 τοὺς
998 1755 1273 1817 τοιαύταις
1309 1747 1820 1823 ἐγχαλινευομένους
1855 1748 1949 1799 ἐπ-

2034 579 2137 631 res,
2166 562 2534 632 ut'fornicetur
2559 569 2675 629 post
2704 577 2791 615 eos
2823 578 2844 614 :
2876 575 2997 630 qua:
3021 567 3075 615 et
3103 560 3286 631 qualia
3339 569 3468 616 sunt
3511 563 3603 618 illa
3640 552 3644 556 ’

2035 669 2155 726 quae
2188 652 2441 725 patietur,
2476 651 2669 722 paucis
2705 650 2934 706 annexis
2972 651 3196 721 exponit
3230 651 3604 709 :Constituam

2036 746 2225 817 faciem
2257 760 2427 798 meam
2451 745 2504 796 in
2529 744 2761 797 animam
2801 741 2975 808 illam,
3004 752 3054 797 et
3100 742 3319 813 perdam
3362 742 3516 798 illam
3541 744 3605 799 de

2035 839 2222 909 populo
2253 836 2423 893 illius.
2478 836 2666 907 Itaque
2695 851 2822 890 cum
2874 837 3110 906 primum
3160 835 3306 892 Deus
3349 838 3497 907 leges
3526 835 3607 893 fe-

2037 947 2185 995 rens,
2223 931 2427 986 severis
2457 927 2744 1000 prazceptis
2795 929 2864 983 ab
2892 928 3355 984 incantationibus
3393 934 3448 983 et
3475 927 3609 982 divi-

2040 1021 2354 1077 nationibus
2404 1019 2673 1083 inhibuit,
2727 1017 3039 1074 miseranda
3073 1034 3204 1074 vero
3260 1019 3609 1089 obscuraque

2041 1118 2434 1167 tormentorum
2465 1111 2582 1165 loca
2609 1116 2802 1164 contra
2829 1123 2924 1164 eos
2949 1110 3040 1178 qui
3066 1108 3256 1163 talium
3279 1124 3460 1163 rerum
3483 1124 3611 1164 con-

2043 1205 2164 1259 victi
2199 1203 2404 1259 ruerint
2436 1201 2694 1257 terribilis
2725 1201 3003 1266 minatur;
3034 1216 3216 1257 nonne
3241 1202 3335 1271 qui
3382 1215 3414 1254 a
3459 1208 3610 1257 tene-

2042 1298 2142 1361 ris,
2178 1296 2430 1359 utaiunt,
2476 1292 2785 1363 unguiculis
2840 1291 2951 1346 Deo
3006 1298 3125 1346 erat
3169 1299 3527 1348 consecratus
3556 1298 3612 1347 et

2045 1394 2303 1444 constans
2333 1388 2512 1456 legum
2567 1385 2884 1440 observator
2915 1382 3031 1437 haec
3092 1382 3148 1437 in
3182 1383 3385 1453 'primis
3417 1382 3614 1439 debue-

2045 1488 2131 1534 rat
2159 1478 2453 1535 accusare?
2481 1476 2589 1533 Sed
2616 1484 2671 1532 et
2694 1476 2787 1546 qui
2834 1475 2950 1544 jam
2979 1490 3009 1529 a
3038 1491 3207 1545 puero
3258 1474 3467 1545 legibus
3496 1480 3617 1529 erat

2046 1570 2363 1633 instructus,
2396 1568 2594 1638 quippe
2620 1566 2823 1637 legales
2839 1565 3009 1621 libros
3031 1566 3380 1621 exactissime
3408 1579 3614 1636 cogno-

2047 1676 2200 1717 scere
2257 1667 2491 1730 poterat,
2538 1673 2809 1729 nusquam
2861 1672 3104 1713 errorem
3148 1656 3489 1727 requisisset,
3547 1671 3618 1712 ne

2048 1754 2246 1808 misere
2277 1752 2466 1807 fraude
2518 1752 2730 1824 decepti
2759 1752 2815 1807 in
2859 1752 3098 1807 furiosas
3123 1749 3374 1804 nonnulli
3405 1748 3617 1803 divina-

383 1851 635 1925 ἀοιδαῖςῆ
669 1849 968 1924 μαντείαις,
998 1847 1212 1902 ἀπειλεῖ
1236 1845 1293 1897 δέ
1311 1839 1608 1913 σκυθρωπά
1635 1839 1728 1893 καὶ
1750 1837 1949 1907 σκιώδη

2061 1842 2227 1899 tiones
2275 1852 2611 1912 raperentur.
2662 1841 2766 1898 Sed
2801 1842 2995 1897 horum
3054 1839 3190 1895 nihil
3247 1840 3333 1895 vel
3361 1837 3498 1893 dixit
3536 1838 3620 1893 vel

382 1946 716 2018 κολαστήρια
771 1940 913 1995 κατὰ
962 1937 1070 1992 τῶν
1128 1934 1495 2006 ἁλισκομένων
1547 1930 1639 1983 ἐπὶ
1703 1926 1762 1995 τῇ
1827 1926 1951 1998 δίκῃ

382 2035 658 2108 φοϐερῶς,
715 2033 774 2086 ού
820 2032 911 2085 τὸν
951 2028 1308 2099 ἀνακείμενον
1357 2024 1417 2088 ἐξ
1463 2021 1684 2078 ἁπαλῶν
1745 2020 1950 2090 ὀνύχων

2048 1931 2381 2002 elllagitavit.
2415 1930 2599 2001 Neque
2627 1932 2772 1986 enim
2805 1930 3025 1987 Samuel
3064 1937 3182 1985 erat
3215 1950 3229 1984 :
3266 1928 3362 1985 sed
3387 1927 3481 1998 qui
3505 1927 3621 1982 hac

2049 2021 2232 2076 omnia
2263 2036 2291 2073 ιι
2314 2021 2489 2090 prima
2520 2019 2606 2074 sui
2639 2019 2849 2091 origine
2890 2019 3329 2083 machinabatur,
3361 2017 3478 2072 haec
3502 2031 3624 2086 pro-

382 2131 461 2202 τῷ
490 2130 609 2202 Θεῷ
651 2128 746 2183 καὶ
791 2124 1142 2198 νομοφύλακα
1188 2122 1402 2193 βὲῗαιον
1447 2119 1551 2172 ἔδει
1592 2115 1951 2189 περὶτούτων

2061 2110 2225 2180 pheta:
2253 2110 2488 2180 speciem
2514 2124 2626 2179 prae
2657 2125 2716 2165 se
2751 2109 2930 2165 ferens
2959 2108 3240 2179 respondit
3269 2109 3313 2140 "
3349 2127 3363 2163 :
3405 2105 3621 2177 thuid,

386 2200 678 2289 ἐγκαλέσαι
707 2216 953 2287 πρῶτον;
985 2212 1123 2265 Ἀλλ’
1150 2214 1179 2265 6
1209 2208 1524 2282 νομομαθὴς
1553 2209 1617 2260 ἐκ
1647 2205 1951 2277 μειρακίου,

2061 2203 2261 2268 dicens,
2287 2204 2581 2273 interrogas
2611 2218 2713 2266 me,
2767 2209 2817 2256 et
2853 2201 3105 2256 Dominus
3156 2200 3399 2255 discessit
3429 2216 3461 2253 a
3484 2208 3552 2262 te,
3575 2208 3625 2252 et

386 2313 480 2364 καὶ
514 2309 613 2371 τὰς
650 2305 881 2379 νομικὰς
920 2301 1225 2375 ἀκριϐῶσαι
1260 2298 1522 2373 γραμμὰς
1558 2297 1834 2369 ἀκρότατα
1870 2295 1956 2348 δυ-

2061 2294 2224 2362 factus
2251 2303 2328 2347 est
2355 2311 2474 2348 cum
2506 2297 2748 2364 proximo
2785 2296 2913 2349 tuo?
2943 2293 3012 2347 Et
3045 2294 3169 2363 fecit
3203 2292 3300 2346 tibi
3340 2291 3623 2355 Dominus,

385 2401 588 2474 νηθεὶς,
618 2400 717 2453 οὐκ
767 2398 833 2453 ἂν
874 2395 1177 2467 ἐπεζήτησε
1218 2394 1278 2447 τὸ
1323 2395 1597 2463 πταῖσμα,
1650 2390 1803 2460 μήπη
1849 2387 1956 2459 ἄρα

2061 2385 2193 2437 sicut
2222 2383 2426 2438 locutus
2448 2393 2524 2439 est
2554 2385 2608 2438 in
2625 2400 2785 2438 manu
2815 2401 2950 2438 mea.
2986 2384 3112 2439 Haec
3141 2384 3308 2455 igitur
3346 2382 3493 2437 velut
3525 2382 3627 2436 hoc

384 2487 473 2545 διὰ
498 2491 686 2545 τούτου
718 2489 862 2551 τινές
895 2489 975 2550 εἰς
1001 2486 1232 2557 μανικὰς
1271 2481 1632 2548 ἐξελκυσθῶσι
1675 2479 1953 2550 μαντείας,

2061 2476 2180 2540 stis,
2205 2476 2366 2530 simul
2386 2483 2439 2531 et
2462 2475 2747 2531 decessum
2777 2476 3067 2539 simulans,
3096 2475 3270 2539 aﬂ‘ert,
3295 2474 3506 2529 libellos
3535 2486 3630 2528 δερ

387 2583 570 2655 ἀπάτῃ
642 2579 1034 2653 συλληφθέντες
1100 2577 1319 2640 ἀθλίως.
1389 2573 1547 2627 Ἀλλά
1600 2571 1805 2626 τούτων
1858 2571 1955 2641 μὲν

2061 2567 2361 2623 cusationis
2381 2569 2754 2639 prosequitur.

387 2679 540 2734 οὐδὲν
571 2678 692 2733 οὒτε
734 2671 882 2730 εἶπεν
930 2672 1054 2727 οὕτε
1095 2673 1389 2743 ἐζήτησεν·
1433 2670 1493 2722 οὐ
1523 2667 1631 2739 γὰρ
1669 2662 1736 2738 ἦν
1789 2667 1817 2718 6
1857 2662 2142 2735 Σαμουὴλ,
2172 2662 2286 2715 ἀλλ’
2335 2665 2364 2716 6
2415 2662 2486 2716 τὰ
2511 2663 2690 2717 τοιάδε
2748 2663 3000 2734 δράματα
3053 2661 3296 2733 τυρεύων
3344 2656 3630 2712 ἀνέκαθεν.

401 2771 526 2828 Ἐπὶ
573 2772 630 2825 δέ
684 2770 892 2834 τούτοις
937 2766 1317 2839 ἀποκρίνεται,
1370 2765 1431 2818 τὸ
1474 2763 1761 2836 πρόσωπον
1798 2756 1892 2814 τοῦ
1941 2759 2219 2830 προφήτου
2276 2758 2496 2824 ὑποδὺς,
2560 2758 2762 2824 Ἶνατί,
2813 2757 3005 2827 λέγων,
3060 2753 3355 2824 ἐπερωτᾷς
3391 2771 3485 2824 με,
3531 2752 3632 2807 καί

391 2871 424 2922 ό
446 2870 662 2935 Κύριος
703 2864 1046 2935 ἀφέστηκεν
1081 2860 1199 2917 ἀπὸ
1255 2859 1403 2924 σοῦ,
1453 2858 1553 2913 καὶ
1594 2856 1804 2927 γέγονε
1842 2855 1994 2926 μετὰ
2040 2854 2149 2909 τοῦ
2205 2854 2470 2923 πλησίον
2522 2869 2683 2918 σου;
2740 2854 2851 2909 Καὶ
2909 2851 3201 2922 πεποίηκέ
3255 2866 3355 2905 σοι
3404 2849 3622 2916 Κύριος

392 2960 545 3017 καθὰ
584 2957 888 3027 ἐλάλησεν
949 2956 1019 3010 ἐν
1077 2955 1226 3026 χειρί
1264 2971 1405 3024 μου.
1454 2950 1640 3006 Ταῦτα
1687 2950 1784 3021 μὲν
1815 2945 1909 3002 οὖν
1942 2948 2018 3013 ὡς
2055 2948 2246 3021 ἐχθρὸς
2298 2948 2415 3020 ἅμα
2465 2948 2560 3001 καὶ
2602 2948 2867 3019 ἐκδημίαν
2910 2944 3351 3017 ὑποτυπούμενος
3402 2942 3634 3010 εἰσάγει,

394 3053 752 3125 ἀναγινώσκει
777 3051 847 3105 τὰ
874 3051 973 3122 τῆς
1007 3047 1334 3121 κατηγορίας
1367 3046 1756 3117 ὑπομνήματα.

464 3167 579 3224 ΧΗ.
616 3164 929 3238 Θεωρητέον
949 3163 1006 3217 δὲ
1030 3161 1147 3225 πῶς
1174 3158 1312 3213 αὐτά
1335 3156 1404 3211 τὰ
1437 3155 1727 3211 συνεκτικὰ
1758 3154 1957 3225 παρεὶς

2128 3147 2254 3203 ΧΗ.
2286 3146 2755 3214 Considerandum
2789 3147 2977 3215 utique
3011 3110 3094 3199 est
3134 3159 3370 3213 quanam
3412 3145 3627 3202 ratione

396 3261 730 3331 ἐγκλήματα,
748 3258 1038 3311 πλάττεται
1058 3256 1153 3325 μὲν
1166 3250 1448 3322 ὑποκρίσει
1460 3248 1844 3319 δεικτικωτὲρα
1863 3247 1959 3318 (4)

398 3350 761 3422 φθέγγεσθαιο
827 3348 989 3420 μηδὲν
1040 3346 1098 3399 δὲ
1151 3341 1509 3416 προγνώσεως
1575 3340 1723 3407 ἄξιον
1772 3337 1961 3403 εἰπὼν,

402 3447 583 3498 ἐκεῖνα
606 3442 847 3512 δευτεροῖ
869 3437 1267 3508 τεχνασμένως,
1290 3436 1393 3487 ὅσα
1426 3432 1629 3505 περιὼν
1653 3433 1683 3485 6
1713 3429 1965 3501 Σαμουὴλ

402 3538 484 3591 ἐτι
514 3533 777 3606 προῦλεγε
812 3528 1191 3599 συνενεχθῆναι
1223 3526 1300 3597 τῷ
1328 3524 1519 3587 Σαοὺλ,
1564 3522 1707 3594 ἆπερ
1747 3522 1822 3586 ὡς
1862 3522 1963 3593 ἤδη

402 3626 663 3696 γεγονότα
708 3619 1077 3696 προανεφώνει
1126 3615 1500 3690 προφητεύων.
1548 3614 1711 3668 Ἀλλά
1756 3630 1820 3681 γε
1863 3611 1966 3684 μήν

403 3720 434 3773 6
462 3735 527 3788 γε
566 3717 742 3788 φήσας
773 3711 938 3783 αὐτῷ,
975 3712 1036 3767 Τί
1054 3727 1130 3780 με
1155 3707 1486 3777 ἐπερωτᾷς;
1514 3704 1809 3777 διαρρήδην
1836 3706 1967 3775 ὁμο-

404 3810 555 3879 λογεῖ
578 3808 752 3862 ταῦτα
790 3807 826 3861 ἃ
852 3806 947 3860 καὶ
974 3805 1237 3878 πρότερον
1271 3802 1480 3873 εἰρήκει
1500 3817 1514 3832 ’
1543 3793 1967 3863 διαυτολογεῖ(4“)

403 3901 463 3956 δὲ
482 3900 545 3973 δὴ
576 3899 645 3953 τὰ
668 3896 981 3970 πρῶτα,μδιὰ
1011 3895 1118 3950 τῶν
1144 3895 1331 3949 ἔπειτα
1355 3889 1582 3963 βεϐαιῶν
1607 3889 1700 3942 ἐπὶ¹
1728 3886 1969 3958 προσχή-

410 4009 540 4064 ματι
592 3989 847 4061 γοωδῶς⁹
912 3987 1194 4060 Ὠριγένης
1241 3985 1299 4038 δὲ
1352 3978 1655 4036 τούναντίον
1712 3976 1850 4031 αὐτὰ
1901 3975 1971 4028 τὰ

408 4083 574 4139 πάλαι
604 4082 681 4154 τῷ
708 4083 959 4153 προφήτῃ
989 4074 1518 4150 προαναφωνηθέντα
1548 4072 1765 4143 ῥήματα
1790 4084 1969 4138 παρα-

407 4172 587 4230 λαϐὼν
615 4173 707 4226 ἐπὶ
735 4172 966 4237 λέξεως,
1000 4171 1077 4233 ὡς
1108 4168 1269 4239 ἄρτια
1301 4168 1396 4219 καὶ
1440 4165 1600 4218 καινά
1641 4159 1973 4232 προφητείας

410 4268 805 4338 ἀποφθέγματα
815 4263 1123 4338 διορίζεται·
1146 4260 1235 4315 διά
1254 4277 1335 4314 τοι
1363 4258 1428 4329 [Γ.
1448 4256 1532 4328 τε]
1551 4255 1709 4309 τοῦτο
1731 4253 1972 4324 βούλεται

406 4360 500 4415 τὸν
543 4358 794 4431 Σαμουὴλ
837 4356 1065 4427 ἀνῆχθαι
1084 4393 1099 4417 ,
1136 4353 1315 4408 καίτοι
1346 4352 1443 4421 τῆς
1468 4348 1691 4420 Γραφῆς
1717 4346 1971 4416 ἄντικρυς

412 4454 735 4527 ἐλεγχούσης
775 4452 954 4514 αὐτὸν,
995 4450 1069 4514 ῶς
1105 4465 1169 4516 γε
1206 4445 1552 4517 συνομολογεϊ
1589 4442 1683 4496 καὶ
1723 4439 1884 4502 αὐτὸς
1915 4439 1973 4492 ἐν

2061 3242 2247 3297 causis
2275 3240 2334 3294 in
2362 3255 2422 3296 se
2451 3254 2668 3296 errores
2698 3237 3083 3293 cohibentibus
3110 3236 3364 3299 omissis,
3396 3236 3549 3306 lingit
3576 3253 3636 3293 se

2063 3331 2410 3388 simulatione
2445 3329 2619 3400 magis
2659 3332 2876 3397 patente
2918 3326 3132 3392 dicere,
3165 3339 3289 3384 cum
3321 3324 3459 3378 nihil
3487 3327 3636 3394 quod

2063 3425 2396 3496 pramotione
2433 3421 2659 3491 dignum
2707 3419 2778 3473 sit
2814 3415 3035 3481 afferat;
3069 3415 3158 3468 illa
3205 3430 3273 3468 ex
3309 3421 3426 3467 arte
3473 3414 3638 3469 iterat

2063 3533 2184 3588 quae
2214 3514 2469 3577 Samuel,
2496 3513 2626 3568 dum
2650 3511 2828 3565 adhuc
2857 3509 2916 3563 in
2937 3506 3077 3562 vivis
3105 3513 3250 3562 esset
3267 3547 3283 3571 ,
3310 3504 3638 3576 praedicebat

2068 3605 2218 3661 Sauli
2243 3604 2573 3674 contigisse,
2609 3603 2698 3656 illa
2731 3616 2795 3655 ac
2826 3600 2872 3656 si
2905 3599 3046 3653 facta
3077 3604 3262 3653 essent
3291 3597 3639 3652 vaticinando

2067 3694 2482 3767 prmnuntiabat.
2536 3691 2640 3747 Sed
2670 3701 2817 3746 certe
2865 3690 2957 3761 qui
3008 3689 3112 3759 ipsi
3160 3687 3406 3742 dixerat:
3442 3684 3638 3757 thuid

2068 3807 2149 3845 me
2192 3787 2519 3856 interrogas?
2567 3786 2703 3839 satis
2732 3790 2918 3853 aperte
2968 3796 3089 3852 qua:
3131 3787 3185 3835 et
3233 3779 3386 3849 prius
3422 3778 3639 3833 dixerat

2070 3879 2285 3936 fatetur.
2310 3877 2494 3931 Prima
2516 3890 2647 3931 vero
2669 3875 2757 3928 illa
2780 3888 2874 3943 per
2894 3887 2957 3929 ea
2980 3886 3101 3942 quae
3123 3878 3311 3941 postea
3334 3870 3635 3939 contigere,

2070 3988 2134 4027 ac
2165 3971 2212 4027 si
2240 3969 2654 4032 vaticinaretur,
2685 3967 2880 4021 iterum
2910 3965 3121 4020 recitat.
3152 3960 3413 4032 Origenes
3442 3978 3473 4017 e
3503 3977 3613 4016 con.
3636 3986 3650 4001 ν

2070 4063 2240 4117 trario
2278 4060 2555 4132 prophetae
2601 4059 2762 4114 verba
2810 4074 2931 4128 qua:
2965 4059 3078 4127 jam
3113 4057 3240 4110 olim
3282 4053 3637 4127 praedixerat,

2071 4155 2137 4209 ad
2167 4153 2391 4209 verbum
2424 4153 2669 4222 exposita
2690 4190 2706 4217 ,
2734 4150 2902 4205 veluti
2931 4148 3169 4220 perfecta
3199 4153 3254 4202 et
3283 4161 3423 4200 nova
3455 4145 3640 4200 vatici-

2071 4248 2307 4303 nationis
2331 4245 2552 4299 oracula
2582 4242 2876 4308 discernit;
2908 4248 3302 4311 proptereaque
3331 4236 3640 4291 Samuelem

2072 4345 2356 4396 evocatum
2393 4334 2563 4389 fuisse
2593 4333 2741 4398 vult,
2792 4332 2897 4387 etsi
2932 4332 3085 4385 illum
3137 4329 3419 4399 Scriptura
3462 4328 3641 4397 palam

2074 4428 2468 4501 reprehendat,
2517 4432 2577 4480 ut
2634 4425 2752 4495 ipse
2797 4425 2958 4480 etiam
3016 4422 3215 4477 fatetur
3260 4420 3535 4476 nonnullis
3583 4419 3642 4473 in

596 4512 851 4609 τοπικῶς.
889 4512 1061 4595 Ἅλλρὰ⁷
1081 4512 1134 4594 τί
1170 4538 1306 4611 μετὰ
1338 4512 1525 4590 ταῦτα
1571 4532 1828 4606 προετίθη
1871 4531 1962 4585 πά.

2075 4522 2231 4576 locis.
2262 4519 2432 4575 Porro
2463 4516 2594 4588 quid
2621 4522 2845 4586 postea,
2875 4529 3000 4568 cum
3038 4526 3218 4583 regem
3252 4512 3640 4580 alloqueretur,

2110 4608 2123 4621 ι
2404 4606 2418 4621 ι
2444 4606 2456 4621 ι
2497 4605 2619 4621 1,.n
2695 4603 2738 4621 ιι
2818 4603 2830 4621 9
2878 4601 2954 4621 Δ-.
3012 4601 3256 4621 Π-..,Ξμμ---
3316 4615 3524 4621 _.__---.-..
3584 4597 3640 4621 ,1-

412 4638 518 4701 λιν,
571 4634 804 4705 ὁπηνίκα
863 4631 941 4703 τῷ
995 4630 1241 4699 δυνάστῃ⁴
1290 4626 1560 4695 διελέγετο
1626 4622 1687 4676 τὸ
1752 4621 1975 4691 φάσμα;

414 4725 723 4799 Διαῤῥήξει
749 4722 957 4791 Κύριος
1002 4721 1116 4789 τὴν
1136 4718 1461 4784 ,βασιλείαν
1499 4715 1567 4768 ἐκ
1605 4714 1804 4783 χειρός
1840 4725 1976 4774 σου,

416 4822 516 4876 καὶ
568 4819 745 4872 δώσει
800 4812 993 4882 αὐτὴν
1044 4810 1125 4876 τῷ
1176 4809 1442 4876 πλησίον
1498 4821 1613 4860 σου
1660 4803 1742 4868 τῷ
1778 4800 1977 4866 Δαυῒδ,

419 4911 565 4965 διότι
607 4911 721 4963 οὐκ
763 4905 1033 4973 ἤκουσας
1073 4900 1185 4968 τῆς
1213 4897 1417 4968 φωνῆς
1444 4897 1685 4964 Κυρίου,
1729 4893 1827 4951 καὶ
1869 4894 1982 4946 οὐκ

421 5001 697 5069 ἐπλησας
740 4995 930 5066 θυμὸν
972 4992 1153 5063 ὀργῆς
1195 4988 1379 5045 αὑτοῦ
1421 4990 1490 5041 ἐν
1544 4984 1826 5055 Ἀμαλήκ.
1881 4982 1983 5037 Διὰ

424 5091 490 5145 τὸ
520 5092 685 5162 ῥῆμα
731 5089 907 5144 τοῦτο
956 5086 1204 5151 ἐποίησε
1264 5081 1478 5147 Κύριος
1532 5077 1711 5132 τοῦτό
1756 5088 1856 5130 σοι
1907 5072 1984 5142 τῇ

338 5182 342 5189 ’
425 5180 615 5250 ἡμέρᾳ
669 5182 855 5249 ταύτῃ
879 5193 898 5206 ⁸
944 5176 1041 5232 καὶ
1097 5174 1275 5228 δώσει
1310 5171 1525 5238 Κύριος
1578 5167 1687 5222 τὸν
1741 5165 1985 5235 Ἰσραὴλ

421 5271 574 5342 μετὰ
609 5272 724 5327 σοῦ
759 5274 846 5338 εὶς
873 5269 1072 5341 χεῖρας
1106 5264 1490 5333 ἀλλοφύλων.
1525 5262 1588 5314 Ei
1620 5259 1679 5313 δέ
1709 5275 1792 5321 τις
1826 5257 1984 5328 ἀκρι-

427 5365 604 5419 ϐῶσαι
634 5361 868 5434 βούλοιτο
906 5362 967 5415 τὸ
1008 5358 1209 5429 σαφὲς,
1249 5355 1484 5410 ἐπανίτω
1526 5352 1622 5425 μὲν
1651 5350 1743 5404 ἐπὶ
1770 5348 1868 5421 τὴν
1892 5346 1987 5401 τοῦ

427 5455 759 5527 Γράμματος
818 5450 1075 5523 ἱστορίαν,
1125 5446 1288 5518 ὀλίγῳ
1338 5444 1571 5518 πρόσθεν
1629 5437 1981 5515 ἀναδραμὼν·

427 5546 562 5602 αὐτὸ
616 5544 672 5597 δὲ
715 5543 778 5597 τὸ
818 5542 1011 5614 χωρίον
1050 5536 1381 5604 ἀναπτύξας,
1438 5534 1566 5589 ἔνθα
1609 5533 1700 5587 τὸν
1741 5530 1984 5607 Ἀμαλήκ

427 5637 667 5708 ἡττήσας
721 5632 1099 5705 ἐσφετερίσατο
1160 5630 1230 5684 τὰ
1281 5628 1544 5706 κράτιστα
1600 5623 1707 5677 τῶν
1756 5620 1982 5685 σκύλων,

501 5730 543 5762 ³⁷
575 5727 605 5783 1
652 5726 775 5799 Reg.
807 5742 1003 5789 xxvm,
1037 5727 1125 5790 16,
1158 5725 1244 5780 Π.
1317 5723 1362 5754 ³⁸
1399 5721 1528 5776 ibid.
1580 5715 1765 5773 17-19.

505 5819 603 5893 (4)
640 5816 1070 5887 Δεικτικωτέρᾳ.
1104 5815 1266 5874 Forte
1291 5812 1696 5888 δεικτικώτερα.
1724 5811 1880 5868 Ευιτ.

2073 4608 2301 4679 phasma
2354 4605 2619 4662 addebat?
2681 4601 2955 4658 Abscindet
3005 4601 3258 4655 Dominus
3312 4615 3528 4669 regnum
3578 4597 3645 4653 de

2075 4718 2237 4756 manu
2280 4709 2392 4765 tua,
2422 4709 2469 4754 et
2496 4696 2645 4752 dabit
2691 4694 2825 4749 illud
2854 4695 3096 4763 proximo
3125 4702 3213 4746 tuo
3246 4691 3417 4746 David
3453 4708 3472 4746 :
3505 4689 3643 4761 quod

2077 4809 2180 4847 non
2208 4790 2438 4845 audieris
2466 4804 2639 4844 uocem
2676 4785 2907 4852 Domini,
2935 4794 2984 4839 et
3015 4801 3118 4838 non
3143 4782 3367 4851 implesti
3396 4780 3643 4851 indigna-

2078 4885 2271 4939 tionem
2301 4884 2393 4936 ira:
2415 4897 2526 4936 sua:
2549 4881 2606 4933 in
2635 4878 2869 4933 Amalec.
2906 4877 3129 4946 Propter
3157 4876 3252 4930 hoc
3283 4874 3490 4929 verbum
3521 4872 3642 4934 fecit

2078 4975 2333 5029 Dominus
2354 4972 2448 5026 hoc
2469 4972 2563 5026 tibi
2583 4972 2636 5024 in
2669 4971 2755 5024 die
2769 4970 2898 5032 hac;
2927 4976 2975 5022 et
2999 4965 3169 5021 tradet
3193 4966 3447 5021 Dominus
3471 4962 3645 5017 Israel

2080 5073 2248 5119 tecum
2295 5064 2350 5117 in
2397 5078 2585 5116 manus
2636 5058 3061 5130 atienigenarum,
3097 5058 3164 5111 ³⁸.
3207 5055 3264 5110 Si
3308 5054 3432 5125 quis
3478 5052 3645 5122 hujus

2079 5159 2361 5213 veritatem
2402 5152 2673 5224 expiscari
2718 5152 2904 5222 cupit,
2938 5150 3111 5218 ipsius
3137 5145 3432 5217 Scripturae
3467 5144 3644 5200 histo-

2080 5251 2218 5307 riam
2237 5264 2348 5305 non
2376 5247 2545 5302 multo
2576 5253 2732 5301 antea
2762 5250 3148 5317 pertractatam
3177 5241 3336 5296 adeat
3365 5260 3379 5295 :
3410 5239 3484 5293 ibi
3509 5254 3646 5295 enu-

2084 5342 2257 5399 cleate
2297 5337 2675 5401 considerato,
2708 5337 2798 5392 ubi
2839 5335 3057 5391 devicto
3083 5333 3304 5388 Amalec
3347 5332 3644 5403 spoliorum

2087 5434 2370 5507 potissima
2394 5436 2754 5502 usurpaverat
2771 5468 2786 5493 ,
2816 5427 3052 5497 indeque
3093 5436 3349 5495 tanquam
3372 5421 3647 5495 primitias

2087 5528 2405 5583 holocausta
2440 5521 2712 5579 offerenda
2754 5534 2877 5576 esse
2907 5516 3362 5585 existimabat;et
3401 5513 3645 5585 exquisi-

2084 5620 2210 5676 tiori
2237 5618 2512 5690 diligentia
2544 5615 2778 5673 scienter
2806 5617 2861 5669 et
2890 5611 3061 5683 perite
3090 5625 3150 5666 re
3185 5609 3489 5668 examinata
3531 5608 3648 5664 hac

2170 5805 2272 5881 (4⁸)
2290 5803 2680 5875 Διαυτολοτεῒ.
2711 5802 2872 5860 Forte
2894 5799 3213 5870 ταυτολογεῐ.
