4132 6432
487 393 590 449 639

1469 391 1530 447 S.
1573 390 1944 447 EUS'I‘ATHII
1983 384 2290 449 EPISCOPI
2330 388 2751 446 ANTIOCHENI

3628 394 3735 451 640

487 510 669 567 omnia
707 506 867 563 verba
912 514 1041 560 tunc
1087 506 1348 575 temporis
1391 506 1460 561 ad
1485 507 1712 561 verbum
1758 506 2061 561 Samuelem

2168 508 2263 561 καὶ
2291 506 2390 569 τάς
2416 509 2480 560 ἐκ
2506 505 2707 560 τούτων
2733 502 2868 576 ᾤετο
2898 502 3007 558 δεῖν
3030 504 3318 576 ἀναφέρειν
3345 505 3734 570 ὁλοκαυτώσεις

489 600 885 674 ρηοηιιηιὶειεεο
930 598 1248 667 comperiet.
1298 597 1444 651 Dixit
1486 599 1630 653 enim
1669 617 1681 651 :
1720 596 1787 651 Et
1836 598 2062 652 abscidit

491 693 748 747 Dominus
779 690 844 745 de
884 706 1043 744 manu
1072 689 1185 759 ejus
1219 704 1433 759 regnum
1464 689 1541 757 '9;
1570 697 1699 744 tunc
1731 704 1853 744 cum
1883 704 1913 743 a
1938 705 2063 760 rege

486 782 878 854 apprehensam
906 781 1052 852 pallii
1081 782 1332 836 laciniam
1365 779 1542 835 scidit.
1575 780 1654 834 Ad
1685 780 1797 836 haec
1828 782 2058 836 ulterius

487 872 817 946 pmdicebat
839 889 1065 943 regnum
1090 874 1236 928 illius
1268 872 1625 928 scindendum
1652 872 1787 938 fore,
1823 873 2059 928 dandum

488 966 736 1038 proximo
769 979 871 1019 suo
900 964 991 1034 qui
1027 980 1091 1019 eo
1132 965 1321 1019 melior
1367 972 1503 1019 erat.
1547 962 1893 1034 Prophetavit
1927 980 2061 1034 pra:-

486 1066 639 1113 terea
681 1071 789 1127 qua
840 1057 1050 1111 ratione
1094 1055 1258 1111 Israel
1302 1066 1524 1127 propter
1575 1056 1681 1111 hoc
1735 1056 2064 1112 scindendus

488 1154 605 1203 erat
624 1186 639 1211 ,
670 1161 771 1202 nec
800 1147 1033 1215 amplius
1062 1160 1402 1200 reversurus.
1435 1144 1531 1200 His
1557 1147 1874 1210 enuntiatis,
1901 1132 2076 1201 verba

487 1254 654 1310 opere
684 1238 804 1308 ipso
847 1236 1225 1293 conﬁrmabat.
1269 1235 1389 1291 Non
1431 1238 1524 1292 diu
1550 1239 1693 1292 enim
1727 1245 1850 1307 post
1877 1238 2063 1293 divino

485 1330 693 1400 judicio
733 1329 887 1383 unxit
915 1343 1090 1398 regem
1140 1327 1304 1381 David
1321 1328 1389 1383 “.
1435 1326 1620 1399 Itaque
1656 1328 1747 1399 qui
1779 1343 1876 1397 per
1900 1342 2065 1398 euga-

491 1420 841 1492 strimythum
881 1418 1083 1473 dicitur
1121 1425 1379 1473 evocatus
1424 1419 1559 1473 nihil
1598 1419 1665 1474 de
1692 1434 1834 1475 novo
1861 1418 2061 1481 attulit,

491 1510 585 1568 sed
607 1526 727 1581 quae
755 1508 972 1564 Samuel
999 1509 1151 1579 prius
1177 1510 1389 1567 dixerat
1411 1512 1579 1566 veluti
1604 1512 1824 1582 propria
1852 1510 2064 1565 allecta-

489 1604 618 1667 bat,
650 1601 841 1656 fraude
863 1615 926 1655 ac
948 1601 1074 1656 dolo
1096 1616 1382 1671 personam
1415 1617 1700 1657 assumens
1719 1644 1734 1668 ,
1758 1611 1812 1657 et
1833 1602 2064 1657 artificio

488 1691 752 1765 probabili
782 1692 978 1748 iterum
1010 1705 1263 1762 repetens
1303 1693 1694 1764 prophetarum
1725 1708 1895 1756 more,
1923 1695 2063 1750 vati-

485 1784 659 1839 cinari
677 1784 992 1838 simulabat.
1020 1782 1125 1839 Sed
1149 1791 1205 1838 ut
1233 1785 1658 1855 praestigiatores
1676 1783 1900 1838 divitum
1916 1784 2061 1840 ardes

2166 601 2241 663 ὡς
2294 599 2585 670 ἀπαρχάς·
2652 596 3003 669 ἀκριϐολογίᾳ
3059 596 3114 650 δὲ
3171 598 3485 671 τρανωτέρᾳ⁴
3554 598 3734 672 ζητῶν

2162 690 2555 760 ἐπιστημόνως,
2607 690 2884 761 εὐρήσειεν
2924 686 3012 753 ἂν,
3048 688 3123 753 ὡς
3161 689 3370 743 ἅπαντα
3411 690 3478 743 τὰ
3517 693 3734 763 ῥήματα

2161 780 2331 834 ταῦτα
2382 782 2501 834 κατ’
2551 783 2727 859 ἐκεῖνο
2774 779 2967 851 καιροῦ
3017 782 3275 851 προεῖπεν
3324 780 3416 833 ἐπὶ
3468 781 3665 847 λέξεως
3704 786 3733 837 ό

2163 873 2445 944 Σαμουήλ·
2501 872 2602 944 ἔφη
2644 871 2752 942 γάρ
2796 872 2905 924 ὅτι·
2945 871 3055 925 Καὶ
3098 870 3369 939 διέρῤηξε
3413 875 3628 942 Κύριος
3664 875 3733 928 ἐκ

2163 963 2361 1031 χειρὸς
2406 963 2591 1018 αὑτοῦ
2636 963 2752 1031 τὴν
2789 962 3149 1027 βασιλείαν·
3198 963 3357 1017 ὁπότε
3408 965 3502 1018 καὶ
3539 965 3602 1019 τὸ
3638 966 3731 1020 τοῦ

2162 1056 2450 1110 διπλοῖδίου
2496 1055 2785 1127 πτερύγιον
2827 1054 3216 1125 ἐπιλαϐόμενος
3265 1056 3293 1108 ό
3324 1055 3588 1129 δυνάστης
3628 1058 3734 1112 ἐδί-

2163 1164 2293 1217 χασε
2319 1165 2333 1178 ο
2378 1146 2640 1219 προύλεγε
2670 1146 2726 1199 δὲ
2760 1144 2909 1215 αὐτῷ
2958 1144 3093 1215 πρὸς
3141 1145 3232 1197 ἐπὶ
3255 1145 3462 1209 τούτοις
3498 1146 3619 1217 μὲν,
3656 1146 3732 1212 ὡς

2132 1237 2394 1310 ιῆμελλεν
2443 1240 2475 1310 ἡ
2520 1236 2761 1308 βασιλεία
2818 1235 3139 1308 δοθήσεσθαι
3178 1236 3256 1308 τῷ
3298 1237 3523 1308 πλησίον
3567 1240 3730 1293 αὐτοῦ

2162 1326 2239 1397 τῷ
2278 1328 2475 1399 μᾶλλον
2518 1327 2659 1399 ὑπὲρ
2695 1327 2856 1381 αὐτὸν
2896 1326 3104 1398 ἀγαθῷ,
3162 1328 3495 1399 προεφήτευε
3541 1328 3599 1382 δὲ
3640 1332 3732 1383 καὶ

2161 1419 2282 1473 τίνα
2316 1420 2514 1491 τρόπον
2548 1418 2653 1472 ἔδει
2682 1418 2772 1471 τὸν
2817 1418 3030 1490 Ἰσραὴλ
3078 1418 3237 1472 ἕνεκα
3288 1419 3479 1472 τούτου
3529 1420 3732 1491 διασχι-

2165 1510 2455 1581 σθησεσθαι
2489 1511 2580 1564 καὶ
2614 1509 2807 1581 μηκέτι
2846 1509 3190 1581 ἐπιπρέψαι.
3238 1509 3421 1563 Ταῦτα
3451 1510 3506 1564 δὲ
3533 1512 3728 1581 φήσας,

2161 1603 2297 1673 όμοῦ
2338 1605 2451 1666 τοῖς
2488 1602 2670 1672 ἔργοις
2708 1600 2954 1655 ἐϐεϐαίου
2999 1600 3068 1655 τά
3105 1601 3327 1655 λεκτέα·
3368 1604 3489 1673 μετν
3511 1604 3571 1656 οὐ
3600 1603 3729 1655 πολὺ

2163 1692 2271 1763 γάρ
2305 1694 2369 1744 ἐκ
2401 1691 2552 1755 θείας
2577 1690 2899 1754 ἀποσταλεὶς
2941 1691 3266 1762 ἐπικρίσεως
3297 1691 3477 1764 ἔχρισε
3512 1691 3732 1762 βασιλέα
3823 1701 3837 1715 ⁸

2162 1786 2253 1838 τὸν
2301 1784 2484 1838 Δαυῖὁ.
2531 1784 2653 1855 ’Ἆρ’
2709 1780 2801 1837 οὖν
2841 1785 2993 1837 οὐδὲν
3038 1784 3341 1855 ἀπήγγειλε
3389 1782 3535 1847 ξένον
3582 1786 3611 1838 ὁ
3645 1783 3731 1839 διὰ

487 1875 765 1946 pulsantes
791 1875 1226 1945 uniuscujusque
1255 1891 1342 1930 res
1378 1877 1508 1930 olim
1537 1884 1720 1947 gestas
1754 1875 1940 1930 sedula
1971 1876 2059 1929 in-

2161 1875 2598 1947 έγγαστριμύθου
2624 1875 2933 1953 ¹λεγόμενος
2970 1874 3223 1946 ἀνῆχθαι,
3273 1874 3341 1928 τά
3396 1875 3451 1928 δὲ
3489 1875 3594 1929 ὑπὸ
3636 1875 3731 1929 τοῦ

485 1967 780 2037 quisitione
826 1967 1136 2021 clanculum
1191 1966 1511 2033 odorantur,
1561 1982 1793 2037 moxque
1837 1965 2055 2022 easdem

483 2056 640 2128 quasi
692 2072 759 2112 ex
801 2057 1098 2128 improviso
1146 2064 1405 2114 canentes
1449 2056 1735 2113 confestim
1782 2057 2057 2113 auditores

486 2149 539 2202 in
584 2157 863 2219 stuporem
903 2150 1160 2219 rapiunt,
1196 2149 1376 2218 iisque
1410 2148 1465 2203 in
1504 2147 1712 2205 futilem
1748 2150 2057 2219 opinionem

484 2240 754 2305 inductis,
797 2239 864 2295 de
911 2238 1114 2293 futuris
1168 2253 1266 2309 pro
1314 2239 1542 2295 libidine
1582 2239 1948 2307 mentiuntur;
1978 2238 2059 2293 sic

482 2338 541 2387 et
582 2331 994 2402 engastrimythi
1043 2340 1317 2401 spectrum
1364 2346 1503 2386 nova
1553 2332 1728 2386 forma
1775 2331 2058 2386 inductum

485 2419 802 2492 prophetica
865 2420 1136 2475 Samuelis
1190 2421 1439 2474 enuntiat
1484 2421 1743 2483 oracula,
1803 2419 2061 2489 opinione

483 2525 615 2566 vero
654 2511 964 2575 vaticinari.
995 2525 1119 2565 cum
1164 2511 1298 2566 nihil
1354 2526 1451 2581 pro
1486 2517 1763 2581 comperto
1805 2511 2056 2573 haberet,

492 2601 813 2665 videbatur,
864 2602 1057 2657 alienis
1100 2603 1267 2657 veluti
1313 2603 1551 2674 propriis
1593 2601 1901 2672 praepositis
1939 2602 2059 2655 exi-

493 2693 692 2748 tiosum
740 2692 888 2746 illum
935 2694 1300 2762 perterrebat,
1353 2694 1461 2747 illis
1520 2692 1780 2747 facillimo
1840 2693 2062 2763 negotio

481 2782 605 2852 ejus
648 2791 881 2839 mentem
931 2793 1203 2853 arreptam
1253 2784 1686 2853 depraedabatur.
1717 2783 1858 2851 Quid
1890 2786 2057 2856 igitur

484 2873 631 2927 aliud
683 2874 770 2929 bis
822 2890 1095 2929 annexum
1145 2875 1262 2929 est?
1314 2873 1379 2927 Et
1420 2885 1513 2939 tu,
1552 2874 1764 2945 inquit,
1810 2892 1966 2939 cras,
2013 2885 2065 2929 et

485 2965 631 3034 ﬁlius
661 2976 782 3019 tuus
823 2964 1097 3020 Jonathan
1127 2983 1348 3021 mecum.
1386 2965 1454 3019 Et
1485 2975 1663 3019 castra
1699 2965 1875 3021 Israel
1916 2966 2065 3021 dabit

486 3054 747 3109 Dominus
779 3057 831 3110 in
864 3073 1052 3111 manus
1082 3058 1498 3127 alienigenarum
1528 3058 1593 3112 ".
1622 3055 1727 3113 Sed
1758 3059 1871 3113 haec
1898 3074 2065 3130 porro

486 3144 697 3200 daemon
726 3161 790 3200 ac
817 3149 860 3203 si
888 3149 1103 3218 propria
1132 3156 1317 3204 essent
1344 3149 1643 3204 asserebat.

2158 1966 2412 2038 Σαμουὴλ
2454 1966 2719 2039 εἰρημένα
2759 1966 3042 2039 πρότερον,
3091 1966 3166 2031 ὡς
3212 1967 3317 2020 ἴδια
3353 1968 3451 2038 μὲν
3494 1969 3737 2039 ἐσχημά-

2157 2059 2271 2123 τιξε
2300 2059 2728 2130 προσωποποιῶν
2759 2057 3175 2130 ἀπάτη,πιθανῇ
3192 2058 3247 2110 δὲ
3262 2057 3565 2129 τεχνοποιίᾳ
3594 2074 3728 2110 ταυο

2157 2148 2414 2217 τολογῶν,
2448 2149 2776 2220 ὑπεκρίνατο
2815 2149 2880 2220 δὴ
2930 2148 3279 2221 προφητικῶς
3329 2147 3554 2219 ὁμιλεῖν.
3590 2146 3714 2199 Ἀλλ

2159 2238 2344 2310 ὥσπερ
2392 2239 2628 2309 ἀγύρται
2672 2237 2896 2309 μάντεις
2939 2238 3030 2291 ἐπὶ
3078 2238 3346 2291 πλουσίων
3392 2238 3525 2290 ἰέναι
3561 2237 3732 2311 θύρας

2161 2329 2525 2398 ἐπειγόμενοι,
2584 2328 2653 2381 τὰ
2707 2329 2805 2399 μὲν
2856 2328 2956 2400 ήδη
3014 2328 3419 2401 παροδεύσαντα
3485 2325 3579 2380 τοῦ
3614 2327 3730 2398 βίου

2161 2418 2459 2488 πράγματα
2501 2415 2998 2480 πολυπευστοῦντες
3042 2415 3378 2487 ἀνιχνεύουσι
3413 2415 3730 2487 λεληθότως,

2162 2510 2301 2563 αὐτά
2336 2511 2393 2563 δέ
2420 2510 2486 2563 τὰ
2516 2508 2621 2587 πρὸ
2651 2508 2844 2561 πολλοῦ
2872 2509 3131 2577 γεγονότα
3159 2509 3335 2577 λέγειν
3379 2508 3733 2579 αὐτοσχεδίως

2164 2601 2570 2671 ύπονοούμενοι,
2623 2602 2965 2672 παραχρῆμα
3030 2602 3126 2671 μὲν
3188 2601 3543 2671 ἐκπλήττουσι
3608 2600 3732 2662 τοὺς

2163 2696 2480 2765 αὐτηκόους,
2513 2698 2596 2756 εἰς
2636 2695 2800 2767 εὐήθη
2838 2693 2896 2747 δὲ
2930 2695 3109 2747 πίστιν
3146 2695 3340 2758 αὐτοὺς
3376 2694 3730 2766 ἀπαγόμενοι,

2163 2804 2230 2839 πε
2239 2788 2290 2858 pl.
2316 2786 2420 2839 τῶν
2440 2787 2738 2857 μελλόντων
2761 2786 2903 2858 ἅπερ
2940 2786 3180 2839 ἐθέλουσι
3202 2787 3540 2841 πλάττουσιν·
3563 2784 3731 2847 οὕτως

2164 2878 2271 2950 ἄρα
2315 2878 2407 2931 καὶ
2453 2878 2513 2930 τὺ
2554 2877 2656 2945 τῆς
2700 2877 3139 2948 ἐγγαστριμύθου
3204 2880 3395 2948 φάσμα
3460 2876 3731 2949 μεταμορ-

2165 2969 2453 3041 φούμενον,
2507 2968 2647 3021 αὐτά
2701 2968 2798 3038 μὲν
2846 2966 3137 3040 ἐξηγόρευε
3188 2970 3255 3022 τά
3305 2967 3613 3040 προφητικά
3637 2966 3731 3021 τοῦ

2166 3058 2418 3130 Σαμουὴλ
2458 3057 2890 3127 ἀποφθέγματα,
2940 3058 3018 3127 τῷ
3053 3059 3108 3111 δὲ
3148 3059 3324 3111 δοκεῖν
3353 3056 3487 3129 ᾤετο
3525 3073 3734 3129 προφη-

2165 3150 2362 3212 τεύειν,
2379 3148 2526 3201 οὐδὲν
2546 3148 2907 3219 ἐπιστάμενος
2925 3144 3064 3220 ιν)-
3083 3147 3217 3202 ἀλλά
3246 3147 3315 3201 τά
3361 3148 3458 3220 μὲν
3478 3145 3732 3220 ἀλλότρια

437 3300 447 3313 4
488 3235 820 3308 προύταττεν
857 3240 933 3304 ὡς
973 3241 1109 3303 ἴδια,
1144 3241 1237 3294 καὶ
1276 3240 1613 3311 κατέπληττε
1642 3242 1732 3294 τὸν
1757 3242 2050 3314 ἀλάστορα,
2096 3241 2183 3295 διὰ
2217 3241 2274 3294 δὲ
2308 3242 2512 3296 τούτων
2543 3239 2781 3311 εὐχερῶς
2822 3239 3064 3294 ὑπεσύλα
3105 3244 3199 3295 καὶ
3236 3242 3325 3296 τὸν
3390 3240 3515 3296 νοῦν
3576 3239 3729 3293 ἐκλε-

490 3345 621 3382 πτεν
666 3328 891 3385 ἐκείνου.
941 3331 1004 3384 Τί
1046 3327 1138 3385 οὖν
1166 3331 1301 3385 ,ἀλλο
1344 3332 1483 3403 μετὰ
1519 3332 1692 3387 ταῦτα
1724 3334 2059 3405 προσετέθη;
2098 3334 2209 3388 Καὶ
2243 3335 2347 3402 σὺ,
2384 3334 2569 3405 φησὶν,
2626 3333 2855 3402 αὔριον,
2888 3334 2986 3388 καί
3030 3337 3061 3387 ό
3115 3336 3244 3400 υἱός
3288 3351 3404 3388 σου
3460 3331 3730 3387 Ἰωνάθην

488 3420 615 3491 μετ’
645 3422 792 3491 ἐμοῦ
829 3439 843 3454 ·
902 3422 1002 3477 καὶ
1042 3425 1157 3492 τὴν
1202 3424 1587 3495 παρεμϐολὴν
1647 3426 1886 3495 Ἰσραὴλ
1931 3426 2114 3482 δώσει
2164 3430 2386 3496 Κύριος
2426 3431 2512 3493 είς
2545 3427 2747 3497 χεῖρας
2784 3426 3167 3494 ἀλλοφύλων.
3226 3425 3386 3479 ama:
3421 3423 3595 3480 ταῦτα
3634 3424 3735 3495 μὲν

489 3514 652 3583 ἐῴκει
685 3513 862 3582 λέγειν
893 3515 922 3566 ό
952 3514 1161 3585 δαίμων
1193 3516 1268 3580 ὡς
1300 3516 1428 3571 ἴδια.

568 3601 706 3660 ΧΙΙΙ.
757 3604 917 3662 Prius
967 3613 1145 3662 autem
1187 3608 1323 3663 illud
1359 3607 1800 3664 discutiendum:
1831 3622 2057 3674 verane,

2231 3606 2372 3659 ΧΙιῐ.
2414 3603 2686 3675 Ζητητέον
2731 3602 2787 3656 δὲ
2839 3602 3061 3674 πότερον
3094 3600 3263 3672 ἀληθῆ
3310 3601 3624 3673 προῦλεγεν,
3655 3605 3732 3671 ὡς

490 3696 571 3752 uti
598 3696 715 3765 ipse
741 3695 1112 3760 existimabat,
1147 3698 1509 3768 praedicebat;
1532 3706 1587 3754 et
1622 3706 1807 3753 utrum
1832 3700 2061 3756 consul-

492 3801 567 3854 te.
606 3806 676 3845 an
707 3806 836 3846 vero
876 3807 1010 3847 casu
1047 3799 1101 3848 et
1134 3792 1361 3848 fortuito
1392 3794 1749 3860 enuntiabat;
1779 3801 2061 3862 pmterea,

493 3898 564 3939 an
597 3882 888 3953 praesagire
913 3883 1094 3954 aliqua
1136 3885 1331 3954 possit.
1376 3882 1617 3938 Primum
1657 3884 1899 3954 quidem,
1927 3882 2066 3939 Sau-

489 3972 598 4032 lem
652 3975 737 4029 die
784 3975 1035 4045 sequenti
1085 3984 1422 4045 peremptum
1468 3974 1659 4042 fuisse,
1692 3983 1752 4030 ut
1786 3982 2064 4047 spectrum

493 4065 821 4131 aliirmabat,
852 4082 962 4121 non
992 4075 1238 4137 apparet.
1268 4066 1477 4137 Quippe
1522 4068 1569 4124 si
1615 4082 1868 4124 sermone
1899 4083 2058 4123 exce-

493 4164 612 4229 pto,
644 4173 880 4213 manare
911 4158 1313 4227 invalescente,
1346 4175 1457 4214 non
1485 4160 1721 4215 comedit
1754 4175 1946 4230 panem
1980 4167 2057 4214 to~

492 4258 548 4305 ιο
566 4250 654 4306 die
682 4259 735 4306 et
756 4258 870 4307 tota
895 4258 1055 4307 nocte
1082 4252 1205 4315 illa,
1224 4261 1283 4307 ut
1311 4251 1509 4307 divina:
1537 4258 1811 4307 testantur
1842 4251 2058 4318 litterae;

490 4349 613 4412 post
645 4341 760 4397 haec
792 4342 987 4397 iterum
1028 4343 1226 4397 mulier
1263 4342 1582 4397 adhortatur
1608 4344 1970 4414 admonetque
2002 4349 2062 4397 ut

491 4433 671 4489 cibum
706 4441 1082 4504 praegustaret,
1107 4448 1230 4487 cum
1258 4435 1362 4489 iter
1378 4434 1597 4506 aggredi
1619 4434 1839 4489 deberet
1857 4451 1872 4499 ;
1890 4434 2063 4489 mani-

492 4520 691 4578 festum
722 4529 828 4587 est,
859 4523 1031 4577 altera
1071 4523 1281 4578 scilicet
1309 4522 1396 4579 die
1444 4531 1569 4593 post
1618 4521 1878 4577 diurnum
1927 4520 2060 4575 illud

490 4621 936 4683 nocturnumque
963 4620 1286 4683 perpetuum
1312 4615 1604 4684 jejunium,
1625 4613 1729 4682 ipsi
1762 4612 1910 4666 humi
1934 4627 2061 4681 pro-

491 4708 664 4756 strato
695 4702 1035 4771 persuasisse
1086 4709 1146 4756 ut
1178 4704 1427 4772 expedite
1480 4708 1812 4772 assurgeret,
1858 4701 2061 4756 decen-

491 4790 711 4861 tinsque
757 4792 969 4848 sederet
1022 4793 1077 4847 in
1121 4808 1346 4849 scamno
1382 4812 1395 4849 :
1441 4793 1673 4847 vitulum
1728 4808 1857 4848 vero
1897 4809 2057 4863 quem

493 4884 731 4940 habebat
750 4885 1069 4941 subrumum
1098 4893 1346 4956 prompte
1367 4892 1644 4955 arreptum
1670 4885 2062 4949 occidit.obso-

2164 3694 2328 3767 ᾦετοο
2371 3696 2465 3749 καὶ
2512 3695 2737 3764 πότερον
2792 3693 2899 3748 ἀπὺ
2947 3694 3135 3763 στόχου
3176 3692 3250 3763 (5)
3286 3694 3382 3747 καὶ⁵
3436 3696 3731 3768 συγκυρίας

2164 3786 2529 3857 ἀπήγγειλεν
2567 3785 2822 3856 καὶπρὸς
2865 3785 2957 3837 ἐπὶ
2984 3785 3192 3849 τούτοις
3242 3788 3290 3838 εί
3332 3789 3730 3856 προεγνωκέναι

2164 3879 2395 3948 ἡδύνατό
2425 3896 2567 3933 τινα.
2598 3876 2817 3949 Πρῶτον
2863 3876 2962 3947 μὲν
2995 3872 3089 3930 οὖν
3125 3877 3183 3929 οὐ
3225 3878 3470 3945 φαίνεται
3506 3882 3571 3949 τῇ
3606 3878 3732 3949 ἑξῆς

2164 3969 2344 4042 ἡμέρα
2391 3969 2706 4039 διαφθαρεὶς
2744 3968 2773 4019 ὁ
2808 3968 3010 4030 Σαοὺλ,
3057 3968 3131 4030 ὼς
3181 3967 3383 4035 ἔφασκε
3426 3968 3487 4021 τὸ
3539 3970 3731 4038 φάσμα

2164 4061 2562 4132 φθεγγόμενον.
2613 4063 2660 4114 εί
2710 4060 2817 4131 γὰρ
2847 4059 3084 4123 ἀκούσας
3122 4058 3227 4112 τῶν
3276 4058 3467 4127 λόγων,
3519 4061 3582 4111 ἐκ
3630 4058 3729 4130 τῆς

2162 4154 2300 4222 ἀγαν
2327 4152 2564 4223 ἀθυμίας
2588 4152 2688 4204 οὐκ
2709 4150 2907 4220 ἔφαγεν
2936 4151 3097 4222 ἄρτον
3120 4149 3245 4218 ὃλην
3272 4149 3369 4219 τὴν
3396 4148 3604 4220 ἡμέραν
3634 4148 3728 4202 καὶ

2162 4244 2287 4315 ὃλην
2338 4243 2437 4314 τὴν
2465 4241 2655 4306 νύκτα,
2708 4243 2891 4313 φησὶν,
2939 4241 3181 4310 ἐκείνην,
3218 4239 3293 4301 ὡς
3323 4242 3356 4309 ἡ
3401 4238 3516 4292 θεία
3549 4238 3729 4308 διαγο-

2164 4335 2313 4410 ρεύει
2359 4334 2397 4387 Γ
2402 4332 2570 4405 ραφὴ,
2636 4332 2774 4404 μετά
2813 4332 2870 4385 δὲ
2910 4331 3065 4384 τοῦτο
3109 4329 3445 4401 παραινοῦσα
3478 4329 3636 4384 πάλιν
3691 4333 3726 4401 ἡ

2158 4423 2298 4495 γυνὴ
2321 4422 2660 4495 προύτρεπεν
2689 4423 2886 4492 ἐδωδῆς
2910 4419 3169 4490 ἅψασθαι,
3199 4419 3561 4491 προκειμένης
3585 4418 3722 4472 ὀδοῦ·

2164 4516 2448 4588 πρόδηλον,
2486 4517 2568 4569 ὃτι
2599 4520 2664 4588 τῇ
2693 4515 2920 4585 δευτέρᾳ
2941 4511 3202 4583 δήπουθεν
3230 4512 3429 4584 ἡμέρᾳ,
3465 4511 3600 4583 μετά
3629 4512 3728 4581 τὴν

2163 4608 2462 4662 πάννυκτον
2486 4608 2578 4661 καὶ
2603 4609 2920 4679 πανήμερον
2946 4604 3159 4673 ἐκείνην
3175 4603 3403 4667 ἀσιτίαν,
3430 4602 3609 4656 ἔπεισε
3630 4603 3729 4674 μὲν

2161 4699 2344 4762 αὐτὸν,
2377 4701 2456 4763 είς
2495 4698 2754 4768 τοῦδαφος
2792 4696 3119 4769 ἐρριμμένον
3151 4695 3406 4759 ἐκλύτως,
3432 4694 3725 4763 ἀναστῆναι

2162 4791 2254 4844 καὶ
2284 4789 2610 4859 καθεσθῆναι
2644 4787 3012 4859 κοσμιώτερον
3058 4788 3149 4840 ἐπὶ
3182 4786 3273 4839 τοῦ
3312 4785 3520 4857 δίφρου·
3570 4784 3629 4837 τὸ
3670 4784 3727 4837 δὲ

2165 4884 2485 4956 μοσχάριον,
2520 4884 2655 4954 ὅπερ
2697 4878 2808 4952 εἶχε
2850 4881 3173 4952 γαλαθηνὸν,
3214 4878 3443 4952 ἀμελητὶ
3487 4876 3723 4932 λαϐοῦσα

494 4975 585 5030 nia
623 4976 752 5032 item
783 4977 1065 5032 instruens
1093 4986 1146 5031 et
1181 4991 1406 5047 azymos
1434 4976 1693 5046 subigens
1709 4977 1892 5032 edulia
1922 4992 2061 5047 prte-

2165 4975 2388 5044 σφάττει
2411 4992 2423 5005 ·
2456 4973 2783 5044 ὀψοποιοῦσα
2807 4973 2863 5025 δὲ
2889 4974 2980 5027 καί
3006 4972 3276 5025 πέττουσα
3310 4969 3433 5032 τοὺς
3459 4969 3718 5041 ἀζήμους,

490 5069 722 5139 paravit,
759 5083 879 5138 qua:
917 5068 1012 5123 ubi
1053 5067 1147 5121 illa
1191 5066 1394 5137 optime
1426 5067 1646 5124 condita
1673 5069 2058 5139 instructaque

491 5160 606 5233 regi
634 5168 689 5216 et
724 5160 847 5230 ejus
881 5159 1149 5216 ministris
1181 5161 1501 5225 obtulisset,
1536 5176 1633 5216 rex
1673 5161 2058 5217 admonitioni-

495 5250 598 5306 bus
624 5249 882 5305 delinitus
910 5249 1093 5305 cibum
1117 5250 1351 5320 sumpsit
1378 5269 1391 5305 :
1430 5265 1655 5306 necesse
1692 5258 1777 5306 est
1803 5250 1977 5314 illum,
2012 5250 2060 5306 si

495 5349 656 5398 nocte
684 5343 835 5398 illinc
869 5357 929 5398 se
962 5341 1110 5397 foras
1152 5344 1442 5413 proripuit,
1491 5342 1614 5399 aliis
1648 5343 1932 5399 nocturnis
1959 5342 2062 5395 ho-

495 5433 573 5490 ris
595 5434 651 5490 in
673 5449 828 5490 suam
854 5448 914 5491 se
943 5434 1236 5491 stationem
1269 5436 1560 5506 recepisse.
1597 5434 1677 5489 Ita
1710 5442 1770 5489 ut
1797 5434 1912 5504 jam
1941 5448 2058 5488 ma-

2163 5066 2486 5139 ηὐτρέπιζεν
2519 5065 2745 5128 έδωδάςο
2782 5065 2967 5136 ἐπειδὴ
3003 5062 3059 5116 δέ
3097 5061 3426 5133 προσέφερεν
3452 5060 3598 5130 αὐτῷ
3626 5059 3721 5113 καὶ

2162 5163 2275 5222 τοῖς
2289 5160 2462 5230 ’ἀμφ’
2495 5159 2656 5213 αὐτὸν
2700 5158 3163 5230 ἀριστοποιήσασα
3196 5150 3517 5213 σπουδαίως,
3559 5151 3587 5203 ὁ
3626 5150 3724 5221 μὲν

2163 5250 2348 5304 αὐτόθι
2383 5250 2563 5304 σιτίων
2592 5249 2813 5304 ὲλάδετο
2844 5244 3207 5319 προτραπείς⁶
3240 5243 3448 5312 ἀνάγκη
3474 5241 3531 5294 δὲ
3564 5244 3725 5305 νοεῖν,

2163 5341 2237 5405 ὡς
2268 5343 2346 5403 είς
2377 5339 2540 5403 ἄλλας
2568 5339 2794 5409 ἀφίκετο
2823 5336 3134 5408 νυκτερίους
3161 5331 3308 5404 ὥρας
3329 5372 3342 5397 ,
3372 5332 3529 5403 εῐπερ
3558 5329 3728 5402 ᾤχετο

2164 5429 2353 5492 νυκτὸς
2382 5428 2587 5482 ἐκεῖθεν
2627 5427 2951 5501 ἐξορμήσας.
2998 5422 3159 5476 Ὥστε
3188 5418 3341 5473 τοῦτο
3375 5419 3473 5490 μὲν
3512 5419 3729 5472 αὐτοτε-

570 5551 618 5583 ⁸³
650 5550 681 5606 Ῑ
705 5552 832 5622 Reg.
876 5569 968 5617 xv,
995 5552 1084 5608 28.
1164 5550 1245 5604 “l
1275 5551 1400 5622 Reg.
1426 5569 1534 5617 xvn,
1570 5553 1658 5608 15.
1736 5552 1779 5584 ’⁵⁸
1816 5550 1845 5605 1
1883 5549 2009 5620 Reg.
2038 5565 2230 5615 xxvm,
2269 5551 2357 5605 i9.

501 5638 690 5836 ﬁgi")
717 5645 1153 5713 Ἐπιστάμενος.
1187 5646 1349 5702 Forte
1387 5647 1762 5717 ἐπιστάμενον.
1794 5644 1953 5700 Ent'r.

593 5712 647 5781 5)
685 5714 824 5768 Ἀπὸ
869 5718 1112 5785 στόχου.
1145 5716 1303 5771 Forte
1362 5716 1469 5769 ἀπὸ
1517 5714 1839 5787 στοχασμοῦ.
1897 5716 1953 5785 ('.

594 5797 688 5836 you
739 5785 831 5836 καὶ
889 5787 1201 5836 συγκυρίας.
1231 5786 1530 5836 coniectura
1575 5797 1623 5836 et
1659 5802 1784 5836 casu
1818 5786 1953 5836 fam

593 5712 647 5781 5)
685 5714 824 5787 Ἀπὸ
869 5712 1121 5785 στόχου.
1145 5716 1303 5771 Forte
1340 5716 1469 5787 ,ἀπὸ
1517 5712 1839 5787 στοχασμοῦ.
1897 5713 2061 5787 (ᾏπὸ

594 5797 688 5853 χου
739 5785 831 5839 καὶ
889 5787 1201 5859 συγκυρίας,
1231 5786 1530 5856 conjectura
1575 5785 1784 5843 et‘casu
1816 5785 2055 5856 fortuito.

2178 5646 2371 5715 Στόχος
2411 5644 2735 5715 vocabulum
2769 5637 3040 5713 poeticum
3096 5642 3217 5702 est;
3279 5631 3424 5688 unde
3453 5628 3724 5698 εὐστοχος,

2166 5714 2406 5786 ἄστοχος.
2434 5714 2633 5791 Eutr.)
