4132 6410
399 392 494 447 641
1276 390 1360 445 DE
1391 383 1982 445 ENGASTRIMYTHO
2021 385 2301 443 CONTRA
2339 386 2714 444 ORIGENEM.

3533 397 3639 454 642

393 509 503 573 λῶς
553 509 833 580 ἐλέγχεται
877 508 1215 580 ψευσάμενος
1267 511 1295 561 6
1355 510 1592 581 δαίμων·
1641 511 1700 563 οὐ
1742 509 1848 580 γὰρ
1897 505 1958 569 ὼς

2075 504 2272 561 nifesto
2299 506 2459 562 modo
2485 506 2754 561 mendacii
2784 506 2995 563 daemon
3044 509 3500 580 deprehendatur.
3534 513 3641 570 Ne-

396 598 567 667 εἷπεν,
604 602 823 669 Αὔριον
867 603 983 669 ἔσῃ
1028 601 1107 654 σὺ
1144 603 1271 670 μετ’
1310 602 1486 671 ἐμοῦ,
1518 604 1738 671 γέγονεν
1772 601 1963 667 οὕτως,

393 694 632 765 ὁπηνίκα
652 694 749 765 τὴν
789 693 914 764 ἐξῆς
946 694 1139 747 αύτςσε
1182 693 1451 764 διέτριψεν
1491 694 1702 766 ἡμέραν
1749 695 1961 759 ἄσιτος·

397 781 514 838 εἶτα
539 787 604 856 τῇ
631 784 855 855 δευτέρᾳ
881 784 978 854 τῆς
1002 784 1200 854 ἐδωδῆς
1226 784 1497 853 ἁψάμενος
1528 783 1770 848 ἐϐάδιζεν
1801 786 1879 847 είς
1906 784 1967 838 τὸ

399 874 776 946 στρατόπεδον.
809 874 940 943 Οὐχὶ
971 873 1027 927 δέ
1053 874 1208 927 τοῦτο
1243 874 1399 945 μόνον
1426 875 1703 930 ἁλίσκεται
1732 876 1881 948 ποιρά
1906 877 1966 929 τὸ

397 969 619 1038 γεγονὸς
652 967 907 1040 εἰρηκὼς,
942 967 1076 1022 ἀλλά
1103 969 1197 1021 καὶ
1236 968 1325 1020 τὸν
1368 970 1619 1023 Ἰωνάθαν
1649 969 1751 1039 ἔφη
1791 969 1964 1040 μονώ-

399 1075 560 1113 τατον
587 1057 721 1130 ὁμοῦ
760 1057 835 1128 τῷ
869 1060 1034 1131 πατρὶ
1077 1058 1374 1129 καταλῆξαι
1403 1060 1539 1130 πρὸς
1570 1060 1727 1113 αὐτόν
1747 1080 1759 1090 ·
1804 1064 1867 1114 ἐκ
1907 1061 1963 1114 δέ

399 1149 508 1203 τῶν
542 1150 794 1203 ἐναντίων
824 1151 856 1220 ή
890 1149 1257 1220 διηγηματικὴ
1289 1148 1381 1201 τοῦ
1423 1150 1756 1221 Γράμματος
1783 1150 1963 1220 διαγο-

401 1241 550 1313 ρεύει
585 1241 754 1312 φωνὴ,
787 1241 877 1294 τὸν
907 1241 1077 1293 Σαοὺλ
1109 1240 1223 1311 ἅμα
1252 1241 1426 1312 τρισὶν
1457 1240 1804 1311 ἀπεσφάχθαι
1835 1259 1963 1294 παι-

402 1334 507 1395 σὶν,
555 1334 668 1387 ἀλλ’
712 1334 808 1404 οὐχ
842 1335 919 1387 ἐνὶ
953 1333 1116 1404 μόνῳ,
1152 1333 1226 1396 ὼς
1254 1332 1451 1405 ἔφησεν
1498 1336 1719 1397 ἐκεῖνος.
1756 1334 1963 1387 Οὐκοῦν

397 1424 602 1498 ἀπορίᾳ
635 1425 990 1498 προγνώσεως
1020 1426 1168 1478 οὐδὲν
1200 1423 1395 1497 ἀληθὲς
1428 1425 1636 1490 ἐξεῖπεν
1662 1428 1691 1479 6
1719 1425 1925 1496 δαίμων
1945 1444 1957 1455 ·

396 1516 459 1569 οὐ
483 1516 591 1588 γὰρ
626 1516 690 1570 ἂν
719 1516 930 1570 ἐναντία
964 1516 1071 1569 τῶν
1100 1516 1397 1585 γεγονότων
1428 1515 1787 1588 ἀπήγγειλεν·
1827 1514 1964 1570 ἀλλά

396 1605 467 1660 τὰ
492 1606 569 1678 τῷ
608 1606 859 1679 Σαμουὴλ
898 1607 1162 1679 εἰρημένα
1199 1606 1481 1678 πρότερον,
1531 1607 1605 1672 ὡς
1640 1607 1796 1678 ἔφην,
1826 1608 1960 1661 ὑπο-

396 1694 621 1765 κλέψας,
650 1696 801 1764 όλίγα
828 1697 964 1751 ἄττα
994 1696 1285 1767 προσετίθη
1319 1697 1547 1762 τούτοις,
1587 1700 1652 1752 ἐκ
1683 1698 1790 1752 τῶν
1819 1698 1961 1752 είκό-

394 1803 502 1839 των
531 1787 857 1858 ὁμοιότροπα
888 1785 1225 1858 συμπλέξας·
1262 1786 1432 1853 οὕτως
1461 1789 1568 1861 ἄρα
1597 1791 1690 1844 καὶ
1733 1790 1957 1845 θάνατον

394 1876 604 1946 ἠπείλει
635 1876 712 1948 τῷ
737 1877 989 1952 δυνάστῃ,
1022 1882 1139 1940 ταῖς
1163 1878 1368 1932 ἐκείνου
1398 1882 1600 1948 φωναῖς
1633 1880 1960 1951 ἀποχρώμε-

392 1984 513 2032 νος·
550 1969 664 2023 an“
705 1969 783 2023 ἔτι
813 1987 877 2039 γε
923 1972 1016 2026 καὶ
1045 1971 1142 2043 τήν
1184 1971 1278 2026 τοῦ
1319 1971 1531 2045 Ἰσραὴλ
1573 1972 1818 2026 ἐκδοῦναι
1864 1990 1962 2026 πα-

394 2061 662 2134 ρεμϐολὴν
684 2064 1012 2135 ὑπισχνεῖτο,
1044 2065 1120 2135 τῷ
1142 2066 1233 2118 τὸν
1265 2067 1547 2137 προφήτην
1584 2066 1857 2139 ἐμϐριθῶς
1885 2068 1961 2120 εί-

395 2154 617 2223 ρηκέναι
661 2152 1201 2223 διασχισθήσεσθαι
1245 2156 1350 2210 τὸν
1396 2159 1570 2211 λαόν.
1640 2159 1815 2230 Ὁρῶν
1865 2156 1959 2214 οῦν

391 2246 863 2316 ἐπιτετειχισμένα
894 2248 1129 2318 πολέμου
1172 2250 1564 2321 μηχανήματα,
1605 2253 1701 2306 καὶ
1739 2254 1832 2307 τὸν
1862 2252 1957 2306 τοῦ

390 2335 519 2390 λαοῦ
555 2338 875 2408 προεστῶτα
922 2340 1163 2411 περιδεῆ,
1209 2342 1429 2413 προσέτι
1467 2343 1523 2396 δὲ
1577 2346 1671 2398 καὶ
1721 2345 1961 2399 καταλει-

391 2428 592 2497 φθέντα
643 2431 779 2501 πρὸς
829 2431 994 2484 αὐτοῦ
1046 2432 1136 2485 τοῦ
1182 2433 1316 2486 Θεοῦ
1369 2433 1466 2506 (δι’
1501 2430 1575 2490 ὧν
1616 2438 1645 2489 6
1693 2438 1962 2511 δυνάστης

385 2518 655 2589 ὡμολόγει
685 2522 1092 2592 στοχαζόμενος,
1119 2525 1200 2578 ὅτι
1226 2525 1384 2599 δεῦρο
1416 2528 1737 2599 περαιοῦται
1768 2530 1829 2583 τὸ
1864 2530 1957 2583 τοῦ

390 2614 668 2684 προφήτου
710 2614 1030 2685 κήρυγμα),
1068 2615 1203 2687 πρὸς
1253 2617 1350 2682 τὰς
1381 2618 1683 2684 ἐνεστώσας
1728 2623 1928 2694 ὑπεκρί

390 2721 519 2759 νατο
576 2707 815 2777 κινήσεις
862 2709 1193 2777 ἀναφωνεῖν·
1238 2709 1338 2763 ὅσα
1390 2711 1571 2781 μέντοι
1621 2714 1957 2785 προσέθηκεν

391 2791 498 2845 [δια
524 2794 644 2847 καθ’
663 2794 851 2858 ἑαυτὰ,
881 2796 1124 2867 φανερῶς
1146 2797 1287 2852 ἑάλω
1310 2798 1669 2872 ψευσάμενος·
1700 2802 1821 2857 οὔτε
1850 2805 1958 2878 γὰρ

389 2885 490 2957 τὴν
537 2884 631 2938 τοῦ
681 2885 910 2939 θανάτου
949 2887 1177 2956 ἠδύνατο
1221 2896 1499 2961 προειπεῖν
1543 2895 1774 2966 ἡμέραν,
1834 2896 1957 2951 οὔτε

389 2976 490 3040 τὰς
523 2975 629 3030 τῶν
656 2978 814 3031 υἱέων
838 2977 931 3031 τοῦ
972 2979 1141 3034 Σαοὺλ
1170 2982 1495 3054 ἀναιρέσεις,
1527 2979 1603 3039 ὧν
1636 2988 1728 3039 ἐπὶ
1758 2987 1956 3059 ὀνόμα-

390 3084 483 3132 τος
509 3069 908 3142 ἐμνημόνευσεν
936 3073 967 3141 ή
1007 3073 1217 3145 Γραφή.
1260 3076 1353 3128 Ἐκ
1385 3076 1440 3129 δὲ
1472 3077 1674 3131 τούτων
1705 3080 1764 3133 οὐ
1798 3080 1957 3151 χαλε-

2068 613 2174 667 que
2193 599 2361 662 enim,
2393 606 2453 651 ut
2507 597 2599 652 ille
2628 597 2863 661 dixerat,
2894 598 3031 652 Cras
3062 601 3167 653 eris
3200 609 3255 652 tu
3285 617 3643 665 mecum,cve—

2067 692 2170 754 nit,
2212 706 2335 745 cum
2371 692 2445 746 ibi
2479 691 2567 747 die
2602 692 2849 764 sequenti
2878 692 3101 761 jejunus
3129 700 3499 748 commoratus
3524 693 3641 749 fue—

2071 786 2174 851 rit;
2202 784 2459 855 deinceps
2480 786 2673 849 altcra,
2696 786 2819 839 cibo
2838 785 3146 855 degustato,
3166 786 3464 840 exercitum
3487 801 3644 858 repe-

2069 876 2237 931 tierit.
2274 875 2460 947 Neque
2507 884 2718 930 tantum
2765 877 2868 931 hoc
2919 877 3070 930 illum
3105 877 3424 932 ementitum
3469 876 3642 934 fuisse

2068 983 2131 1023 ac
2164 970 2324 1023 aliter
2353 984 2515 1039 quam
2546 969 2788 1023 evenerit
2833 968 3222 1038 pronuntiasse
3254 968 3639 1037 convincitur;

2066 1061 2159 1117 sed
2190 1058 2481 1115 Jonatham
2536 1062 2711 1116 solum
2749 1075 2857 1113 una
2894 1073 3016 1112 cum
3049 1067 3201 1129 patre
3230 1058 3298 1113 ad
3350 1059 3528 1130 ipsum
3558 1060 3641 1115 di-

2064 1169 2350 1208 versurum
2384 1153 2521 1207 dixit
2554 1170 2567 1206 :
2600 1168 2787 1206 verum
2824 1151 3156 1205 narrationis
3203 1152 3374 1207 series
3421 1150 3640 1206 Saulem

2064 1259 2187 1297 cum
2222 1244 2397 1299 tribus
2457 1242 2601 1308 liliis,
2642 1249 2696 1297 et
2750 1257 2856 1295 non
2920 1255 3028 1294 uno
3083 1241 3229 1305 solo,
3274 1249 3335 1296 ut
3366 1241 3456 1297 ille
3492 1241 3644 1297 dixe-

2063 1340 2169 1397 rat,
2193 1341 2490 1388 mactatum
2516 1332 2688 1387 fuisse
2718 1332 2934 1387 asserit.
2962 1330 3136 1402 Igitur
3167 1332 3525 1403 praenotionis
3553 1330 3644 1387 de.

2064 1425 2209 1482 fectu
2237 1425 2374 1479 nihil
2403 1424 2514 1479 veri
2544 1423 2755 1479 daemon
2800 1424 2986 1478 retulit
3016 1443 3030 1479 :
3060 1439 3238 1494 neque
3286 1424 3432 1478 enim
3480 1423 3644 1479 factis

2062 1516 2198 1588 ipsis
2229 1515 2529 1587 pugnantia
2578 1515 2923 1571 enuntiasset
2954 1532 2968 1566 ε
3005 1514 3101 1569 sed
3126 1530 3155 1567 a
3204 1512 3458 1570 Samuele
3486 1516 3641 1585 prius

2062 1609 2378 1663 memoratis
2407 1607 2695 1677 surreptis,
2729 1607 2919 1677 paucis
2948 1606 3251 1669 nonnullis,
3287 1606 3465 1676 iisque
3493 1608 3641 1661 veri-

2062 1697 2352 1761 similibus,
2403 1697 2651 1754 annexis.
2695 1702 2924 1749 mortem
2956 1694 3069 1763 regi
3103 1694 3453 1764 praenuntiat,
3489 1693 3638 1749 iilius

2063 1790 2289 1845 vocibus
2320 1789 2543 1845 abusus.
2581 1786 2838 1853 Quinimo
2860 1800 2983 1840 cum
3015 1785 3277 1856 propheta
3326 1784 3460 1839 satis
3484 1799 3641 1855 aper-

2065 1887 2121 1935 te
2143 1878 2484 1933 scindendum
2524 1877 2773 1947 populum
2804 1876 3058 1940 dixisset,
3093 1876 3210 1946 ipse
3257 1884 3436 1930 castra
3470 1874 3644 1931 Israel

2068 1971 2327 2026 tradenda
2354 1971 2729 2042 pollicebatur.
2770 1968 2957 2038 itaque
2988 1983 3111 2023 cum
3152 1969 3493 2038 conspiceret
3541 1984 3641 2039 pa-

2065 2071 2217 2119 ratas
2247 2064 2373 2119 belli
2405 2063 2692 2117 machinas
2712 2101 2727 2124 ,
2755 2061 2947 2116 ducem
2981 2060 3167 2131 populi
3201 2060 3398 2115 timore
3434 2069 3643 2131 perter-

2064 2162 2256 2225 ritum,
2289 2159 2825 2219 contremiscentem,
2863 2156 2928 2211 ad
2975 2157 3091 2211 haec
3126 2156 3195 2211 ab
3236 2156 3356 2227 ipso
3393 2155 3505 2211 ι).ιο
3546 2156 3643 2212 de-

2064 2252 2316 2307 relictum
2353 2248 2574 2321 (quibus
2608 2248 2865 2319 princeps
2907 2247 3221 2317 conjectura
3266 2262 3377 2302 non
3410 2248 3514 2303 levi
3546 2263 3639 2302 as-

2064 2349 2288 2398 secutus
2326 2339 2630 2411 pr0phetici
2664 2338 2874 2393 oraculi
2918 2338 3031 2407 jam
3065 2339 3225 2393 ﬁnem
3252 2353 3376 2395 esse
3401 2354 3641 2394 comme-

2064 2431 2355 2503 morabat),
2390 2430 2456 2484 ad
2496 2435 2795 2500 praesentes
2828 2435 3013 2484 motus
3042 2430 3347 2484 orationem
3401 2443 3634 2485 conver-

2065 2531 2181 2578 tere
2206 2523 2519 2595 simulavit”
2545 2520 2893 2591 Quaecunque
2942 2519 3127 2591 itaque
3173 2521 3242 2575 de
3276 2534 3377 2576 suo
3411 2519 3638 2587 addidit,

2065 2613 2173 2669 illis
2199 2622 2383 2683 aperte
2411 2612 2671 2667 mentitus
2687 2619 2770 2668 est
2794 2630 2806 2665 :
2831 2611 3032 2682 quippe
3060 2626 3237 2681 neque
3261 2612 3449 2668 mortis
3471 2610 3636 2675 diem,

2063 2721 2243 2777 neque
2288 2704 2519 2759 ﬁliorum
2576 2700 2758 2759 Saulis
2797 2718 3029 2773 quorum
3085 2692 3375 2772 Scriptura
3417 2701 3638 2755 nomina

2064 2798 2221 2859 dixit,
2256 2796 2435 2867 potuit
2468 2794 2782 2864 praesagire.
2814 2793 2910 2848 llis
2950 2792 3109 2848 facile
3142 2808 3434 2865 possumus
3464 2807 3639 2865 agno-

2065 2905 2237 2952 scere,
2284 2887 2419 2943 nihil
2448 2886 2752 2957 preprium,
2792 2886 2927 2941 nihil
2958 2900 3145 2941 verum
3198 2885 3448 2956 spiritum
3499 2899 3641 2955 prata

2063 2984 2369 3047 nuntiasse,
2390 2981 2486 3037 sed
2518 2977 2788 3035 Samuelis
2809 2979 2972 3035 verba
2998 2978 3321 3035 suﬂ‘uratum
3345 2986 3399 3033 ct
3431 2986 3487 3031 ut
3518 2992 3640 3048 pro-

2063 3077 2184 3148 pria
2224 3075 2592 3130 venditantem
2646 3074 2995 3131 existimasse
3056 3087 3115 3128 se
3164 3073 3513 3143 prophetare,
3558 3080 3635 3136 et,

388 3161 505 3226 πῶς
526 3161 592 3216 ἆυ
628 3163 711 3234 εἰη
741 3167 898 3229 νοεῖν,
927 3165 1002 3228 ὡς
1040 3165 1190 3219 οὐδὲν
1223 3165 1350 3220 ῐδιον
1382 3168 1499 3222 ούδέ
1539 3169 1737 3240 ἀληθὲς
1777 3174 1958 3242 ἀπήγ-

2065 3167 2207 3237 quod
2229 3168 2560 3237 praecipuum
2592 3173 2696 3228 est,
2718 3182 2894 3237 neque
2914 3181 2979 3222 ea
3007 3164 3213 3233 absque
3248 3163 3531 3218 mendacio
3554 3161 3640 3218 di—

394 3256 533 3324 γειλε
564 3257 626 3310 τὸ
668 3257 911 3328 πνεῦμα·
950 3259 1037 3311 ὅτε
1075 3259 1132 3312 δέ
1164 3259 1259 3314 τοῦ
1300 3261 1551 3333 Σαμουὴλ
1590 3263 1957 3328 ὑπεξέκλεπτε

389 3346 631 3416 ῥήματα,
685 3345 857 3400 ταῦτα
903 3348 1351 3420 σφετεριζόμενον
1396 3350 1531 3421 ᾤετο
1575 3354 1955 3423 προφητεύειν.

400 3435 561 3491 Ἀλλὰ
586 3435 815 3507 μάλιστα
844 3438 939 3508 μὲν
970 3439 1069 3492 οὐκ
1100 3439 1241 3493 ἔστιν
1264 3442 1456 3506 εἰπεῖν,
1499 3442 1580 3495 ὅτι
1606 3443 1763 3497 τοῦτο
1793 3445 1960 3518 προὺ-

387 3530 620 3601 φήτευεν
664 3530 937 3600 ἀψευδῶς·
988 3533 1037 3584 εί
1080 3531 1125 3584 δ’
1169 3531 1277 3603 ἄρα
1326 3535 1420 3587 καὶ
1465 3533 1701 3605 πολέμου
1746 3535 1959 3605 γένεσιν

334 3618 337 3621 ’
387 3622 749 3695 ἀνεκήρυττεν
775 3623 841 3676 τὰ
858 3624 954 3693 τῆς
981 3624 1372 3695 αἱματοχυσίας
1391 3627 1662 3698 ἀνήκεστα
1690 3628 1955 3700 ῥεύματα,

386 3709 470 3775 τίς
507 3713 536 3764 ὁ
566 3710 674 3763 τῶν
708 3711 960 3765 ἁπάντων
988 3712 1157 3776 αἴτιός
1201 3715 1313 3766 ἐστι
1344 3714 1627 3785 πολέμων;
1656 3718 1751 3787 οὐχ
1784 3719 1812 3770 6
1843 3718 1957 3773 διά-

387 3799 570 3867 ϐολος;
629 3803 742 3857 Οὐκ
790 3803 950 3866 αὐτὸς
1005 3802 1303 3876 ἐξῃτήσατο
1356 3807 1447 3860 τὸν
1512 3805 1666 3873 Ἰὡ6;
1720 3810 1819 3864 οὐκ
1858 3811 1956 3863 ἐπ-

2060 3261 2299 3315 vinasse.
2336 3258 2393 3313 Si
2425 3275 2553 3329 ergo
2583 3268 2638 3314 et
2684 3259 2949 3314 bellorum
3000 3268 3166 3311 a-stus
3199 3256 3637 3326 eﬂ‘usionumque

2062 3352 2351 3421 sanguinis
2380 3350 2580 3404 ﬂuenta
2612 3349 2992 3403 crudelissima
3016 3348 3355 3418 praecineret,
3379 3347 3504 3417 quis
3519 3361 3639 3400 om-

2061 3444 2212 3497 nium
2262 3449 2348 3497 est
2400 3442 2553 3511 origo
2601 3438 2907 3495 bellorum?
2956 3454 3137 3493 nonne
3190 3440 3303 3508 ipse
3352 3438 3640 3494 diabolus?

2060 3534 2253 3589 Nonne
2304 3532 2498 3587 Jobum
2554 3532 2670 3602 ipse
2717 3530 2997 3601 deposcit?
3044 3546 3223 3584 nonne
3266 3529 3369 3598 ipsi
3433 3529 3635 3584 bellum

2064 3626 2401 3683 inexorabile
2438 3625 2737 3680 excitavit?
2769 3638 2953 3678 nonne
2985 3622 3184 3692 srrpius
3209 3625 3263 3675 in
3299 3621 3481 3690 varias
3520 3619 3637 3675 for-

2065 3736 2183 3775 mas
2207 3725 2448 3773 mutatus
2482 3718 2599 3788 ipse
2630 3716 2856 3771 nuntius
2888 3715 3049 3770 simul
3082 3722 3136 3769 et
3166 3713 3344 3778 testis,
3373 3720 3427 3768 et
3460 3713 3637 3767 tribu-

2065 3829 2171 3868 nus
2192 3812 2448 3874 militum,
2468 3810 2524 3863 in
2543 3810 2821 3863 hominum
2845 3809 3055 3863 viscera
3076 3814 3372 3876 penetrans
3389 3804 3636 3863 exstitit?

385 3896 604 3967 ήγειρεν
636 3896 782 3967 αὐτῷ
805 3898 1038 3968 πόλεμον
1069 3898 1325 3970 ἐξαίφνης
1351 3899 1456 3971 ἁκή
1468 3916 1680 3970 ρυκτον,
1716 3904 1775 3956 οὐ
1805 3907 2318 3978 μεταμορφούμενος
2360 3904 2542 3959 ἄλλοθι
2568 3902 2761 3968 ἄλλως,
2794 3900 3126 3971 αὐτάγγελος
3160 3899 3276 3971 ἅμα
3306 3899 3400 3953 καὶ
3430 3900 3639 3971 μάρτυς

385 3988 632 4056 ἐγίγνετο
669 3990 763 4043 καὶ
812 3988 1171 4060 πολέμαρχος,
1217 3990 1297 4053 είς
1350 3990 1417 4044 τὰ
1461 3991 1567 4045 τῶν
1602 3994 1901 4067 ἀνθρώπων
1934 3998 2181 4053 ἐντόσθια
2207 3996 2540 4068 παρεισδύς;

455 4083 596 4161 XIV.
647 4080 805 4135 Ἀλλά
828 4082 1033 4152 ἀσαφὲς
1058 4077 1276 4136 εἶναιτὸ
1309 4083 1493 4156 σχῆμα
1524 4086 1830 4158 νενόμισται
1850 4092 1962 4154 τοῖς

385 4171 598 4235 ⁴πολλοῖς
615 4188 628 4202 ·
681 4171 817 4225 ἰτέον
854 4170 947 4225 οῦν
974 4172 1280 4236 ἀκολούθως
1307 4175 1386 4237 είς
1410 4175 1477 4228 τά
1505 4174 1603 4246 τῆς
1631 4178 1820 4249 τρίτης
1848 4177 1956 4232 τῶν

389 4263 685 4319 Βασιλειῶν
721 4267 860 4335 ἴχνη.
909 4266 1163 4319 Φαίνεται
1200 4265 1378 4319 τοίνυν
1423 4268 1571 4333 ὄπως
1612 4270 1641 4321 6
1672 4272 1956 4343 προφήτης

390 4359 730 4429 ἐπερωτᾶται
752 4359 989 4428 Μιχαίας
1013 4357 1117 4411 ὑπὸ
1138 4358 1233 4414 τοῦ
1263 4359 1486 4430 Ἀχαάϐ·
1522 4361 1635 4415 ἀλλ’
1658 4363 1956 4436 ἐπειδήπερ

387 4448 727 4521 ἠναγκάζετο
770 4449 974 4520 τάληθῆ
1015 4448 1194 4518 λέγειν
1238 4451 1735 4522 ἀπαρακαλύπτως,
1774 4455 1954 4523 ἑωρα-

2140 4089 2282 4147 XIV.
2318 4089 2424 4145 Sed
2453 4089 2571 4143 haec
2611 4087 2786 4143 forma
2821 4095 2985 4156 atque
3024 4084 3193 4155 ﬁgura
3223 4085 3639 4156 quamplurimiz

2063 4183 2297 4239 obscura
2327 4183 2575 4237 videtur:
2610 4178 2994 4249 itaqueordine
3017 4191 3129 4230 non
3156 4175 3377 4230 inverso
3399 4175 3516 4245 ipsa
3531 4172 3641 4231 Re»

2063 4290 2291 4346 gnorum
2339 4272 2568 4328 historia
2620 4270 2743 4324 libri
2790 4267 2935 4323 tertii
2988 4266 3361 4336 investiganda
3408 4272 3510 4321 est.
3558 4265 3635 4324 lbi

2063 4367 2341 4440 quippe",
2372 4376 2430 4421 ut
2461 4372 2704 4437 apparet,
2744 4359 2995 4416 Michazas
3044 4357 3307 4430 propheta
3338 4357 3406 4412 ab
3452 4355 3638 4413 Achab

2063 4462 2434 4531 interrogatur
2460 4478 2473 4512 :
2509 4457 2600 4512 sed
2628 4470 2753 4511 cum
2778 4469 2908 4508 vera
2932 4451 3089 4507 fateri
3122 4458 3429 4522 cogeretur,
3458 4450 3636 4519 palam

386 4542 556 4598 κέναι
588 4543 684 4613 μέν
718 4541 919 4610 ἔφασκε
952 4542 1058 4595 τὸν
1088 4545 1307 4611 Κύριον
1328 4545 1426 4597 ἐπὶ
1457 4546 1673 4613 θρόνου
1705 4546 1958 4617 καθήμε-

2064 4570 2121 4610 se
2160 4552 2442 4606 Dominum
2488 4549 2713 4612 uidisse,
2770 4547 2880 4613 ait,
2933 4543 3193 4599 sedentem
3242 4558 3396 4611 super
3444 4542 3634 4596 solium

386 4652 516 4701 νον,
541 4631 668 4689 εἶτα
700 4634 798 4687 καὶ
832 4634 1112 4701 στρατιὰς
1142 4634 1387 4690 ἑστάναι
1415 4636 1546 4704 περὶ
1572 4636 1759 4691 αὑτὸν
1784 4640 1958 4707 οὐρα-

384 4726 557 4792 νίους
580 4725 650 4780 ἐκ
673 4742 738 4778 τε
760 4723 972 4789 δεξιῶν
999 4725 1118 4795 ἅμα
1144 4727 1240 4780 καὶ
1269 4728 1615 4797 εὐωνύμων·
1640 4729 1773 4800 ὁμοῦ
1806 4729 1861 4783 δὲ
1887 4733 1953 4802 τῇ

383 4819 484 4890 τῆς
515 4818 690 4888 ὅψεως
746 4817 974 4891 ἱστορίᾳ,
1023 4819 1118 4871 καὶ
1168 4819 1349 4889 φωνῆς
1408 4818 1605 4890 ἔφησεν
1664 4822 1957 4893 ἀκηκοέναι

385 4911 601 4965 τοιᾶσδέ
631 4927 801 4975 τινος·
834 4912 927 4977 Τίς
951 4908 1245 4976 ἀπατήσει
1269 4910 1376 4963 τὸν
1414 4912 1639 4981 Ἄχαὰὸ,
1685 4914 1782 4967 καὶ
1810 4915 1955 4968 ἀνα-

388 5004 631 5073 ϐήσεται
661 5006 749 5070 είς
794 5001 1047 5073 Ῥεμμὼδ
1075 5002 1338 5069 Γαλαὰδ,
1370 5003 1468 5058 καὶ
1495 5004 1762 5059 πεσεῖται
1798 5004 1957 5070 ἐκεῖ;

388 5096 684 5167 τηνικαῦτα
709 5095 766 5150 δέ
791 5111 974 5168 φησιν,
1007 5093 1115 5166 [ἵνα
1136 5094 1204 5149 τὰ
1233 5098 1289 5149 ἐν
1314 5096 1464 5167 μέσῳ
1491 5096 1824 5168 παραλείψας
1847 5097 1958 5169 ἐρῶ

390 5187 455 5242 τὸ
490 5185 872 5261 ζητούμενον·]
918 5186 1171 5255 Ἐξῆλθε
1216 5187 1471 5258 πνεῦμα,
1526 5188 1627 5241 καὶ
1666 5170 1949 5257 ἕσταίέν-

387 5279 579 5332 ὠπιον
609 5280 849 5349 Κυρίου,
890 5281 984 5335 καί
1017 5277 1203 5334 εἴπεν·
1244 5280 1390 5350 Ἐγὼ
1420 5279 1709 5347 ἀπατήσω
1738 5282 1951 5335 αὐτόν·

387 5373 464 5438 ὡς
501 5371 558 5426 δέ
604 5374 633 5426 6
669 5372 871 5445 Κύριος
902 5374 1310 5441 ἀνθυπενέγκας
1356 5371 1619 5444 ἔφρασεν,
1679 5373 1775 5425 Ἐν
1802 5373 1957 5438 τίνι;

389 5463 757 5537 ἀνθυποφέρει
809 5464 999 5519 πάλιν·
1078 5465 1531 5535 Ἐξελεύσομαι,
1586 5464 1682 5519 καὶ
1744 5467 1957 5534 ἔσομαι

388 5553 624 5624 πνεῦμα
661 5552 882 5623 ψευδὲς
911 5556 982 5610 ἐν
1017 5558 1271 5627 στόματι
1303 5556 1545 5611 πάντων
1576 5556 1694 5612 τῶν
1727 5573 1955 5626 προφη-

390 5647 509 5701 τῶν
533 5646 738 5701 αὐτοῦ.
769 5645 912 5718 Πρὸς
936 5648 1106 5703 ταῦτα
1133 5649 1232 5721 μὲν
1252 5645 1344 5705 οῦν
1370 5649 1590 5722 εἴρηκεν
1615 5653 1646 5704 6
1674 5650 1953 5722 κρείττων·

462 5799 505 5833 δ’
537 5798 631 5854 II!
658 5798 785 5870 Reg.
808 5815 943 5869 xm,
981 5801 1049 5859 i9
1078 5808 1132 5859 et
1161 5818 1281 5874 sqq.

2063 4660 2256 4708 suum;
2283 4643 2524 4712 deinceps
2552 4642 2811 4697 exercitus
2843 4639 3092 4693 assistere
3113 4638 3161 4691 ei
3194 4635 3423 4690 caelestes
3461 4644 3569 4687 tum
3604 4651 3637 4688 ιι

2063 4735 2264 4789 dextris
2308 4742 2415 4787 tum
2466 4749 2499 4785 ιι
2532 4729 2798 4791 sinistris;
2843 4741 2968 4780 cum
3003 4724 3105 4779 hac
3133 4722 3341 4778 visione
3368 4728 3423 4775 et
3449 4733 3635 4774 vocem

2065 4826 2285 4882 audisse
2317 4823 2486 4878 tradit
2522 4816 2945 4891 hujuscemodi:
2979 4815 3109 4882 Quis
3160 4812 3381 4881 decipiet
3434 4808 3635 4871 Achab,

2064 4928 2114 4971 et
2158 4916 2400 4971 ascendet
2445 4916 2500 4969 in
2535 4910 2783 4968 Remmod
2824 4905 3060 4972 Galaad,
3091 4917 3139 4962 et
3185 4905 3332 4960 cadet
3366 4903 3638 4959 ibi?tunc

2066 5007 2272 5069 subdit,
2302 5013 2364 5061 ut
2396 5003 2592 5060 mediis
2625 5004 2843 5058 silentio
2865 4998 3137 5055 obvolutis
3164 4995 3518 5068 quzestionem
3540 5011 3639 5051 ex-

2065 5101 2257 5156 tricem
2295 5119 2307 5155 :
2344 5097 2601 5170 Egressus
2644 5104 2722 5151 est
2750 5094 2991 5164 spiritus,
3019 5101 3068 5145 et
3101 5092 3243 5146 stetit
3300 5104 3478 5143 coram
3529 5085 3639 5142 Do-

2067 5198 2232 5255 mino,
2268 5202 2316 5247 et
2347 5194 2422 5246 ait
2454 5208 2471 5245 :
2520 5188 2632 5261 Ego
2665 5187 2917 5256 decipiam
2953 5183 3143 5247 illum;
3173 5197 3203 5236 a
3238 5194 3346 5251 quo
3387 5194 3509 5235 cum
3544 5194 3638 5249 pe-

2062 5291 2197 5339 teret
2222 5281 2483 5336 Dominus
2518 5299 2531 5336 :
2569 5277 2636 5333 In
2671 5280 2821 5349 quo?
2855 5289 3073 5331 rursum
3090 5268 3380 5342 respondet
3418 5286 3431 5323 :
3467 5265 3636 5339 Egreo

2062 5377 2206 5440 diar,
2237 5385 2285 5429 et
2312 5390 2401 5429 ero
2444 5372 2663 5442 spiritus
2710 5367 2937 5425 mendax
2986 5367 3041 5420 in
3091 5380 3181 5419 ore
3228 5362 3464 5416 omnium
3512 5376 3637 5429 pro-

2061 5467 2336 5537 phetarum
2369 5464 2538 5518 illius.
2580 5461 2677 5518 His
2716 5462 2896 5532 potior
2934 5457 3070 5512 dixit
3105 5475 3117 5510 :
3163 5452 3394 5521 Decipies
3419 5463 3465 5506 et
3496 5465 3634 5521 prte-

2060 5557 2279 5614 valebis.
2332 5546 2401 5611 Et
2449 5569 2587 5608 nunc
2630 5552 2770 5622 jam,
2828 5552 2921 5615 ait,
2985 5545 3248 5619 egredere,
3302 5555 3352 5601 et
3410 5544 3630 5614 facila.

2067 5649 2199 5718 Quae
2217 5662 2339 5707 cum
2369 5646 2633 5721 propheta
2663 5643 2778 5716 regi
2809 5647 3107 5707 narrasset,
3124 5639 3272 5695 illico
3285 5637 3505 5696 subdit-
3533 5634 3644 5690 De-
