4132 6454
494 354 600 410 645

1445 349 1506 406 S.
1548 343 1917 404 EUSTATHII
1947 339 2256 398 EPISCOPI
2296 339 2715 398 ANTIOCHENI

3623 336 3729 392 844

492 466 573 522 dit
600 466 853 520 Dominus
890 464 1106 532 spiritus
1153 464 1412 517 mendacii
1450 465 1506 518 in
1546 479 1635 518 ore
1667 464 1897 517 omnium
1946 475 2062 529 pro-

2174 457 2540 525 Ἀπατήσεις,
2569 459 2671 512 καί
2694 473 2762 527 τε
2796 454 3061 525 δυνήσῃ.
3086 454 3197 509 Kal
3223 454 3341 508 νῦν
3366 454 3514 520 ἰδοὺ,
3545 455 3730 525 φησιν,

491 560 765 630 pltetarum
799 567 1009 609 tuorum
1058 556 1148 625 qui
1187 555 1270 608 hic
1305 564 1451 618 sunt,
1488 563 1538 609 et
1569 555 1824 609 Dominus
1857 553 2060 606 locutus

490 658 571 707 est
596 658 782 703 contra
811 657 859 700 te
888 648 1052 701 mala.
1088 647 1228 717 Ergo
1259 648 1302 702 si
1336 647 1589 717 spiritum
1616 646 1760 703 hunc
1785 644 1878 716 qui
1908 660 2061 699 men-

490 741 632 795 dacii
659 740 760 792 fuit
791 750 1004 801 auctor,
1036 739 1260 793 minime
1284 740 1485 792 bonum
1510 737 1604 792 sed
1639 752 1862 807 pravum
1896 735 2065 791 fuisse

490 835 797 904 intelligere
824 847 1050 887 necesse
1069 832 1160 893 sit,
1194 832 1459 901 sequitur,
1492 828 1639 882 hunc
1670 830 1799 883 item
1831 828 2061 883 creden-

490 924 622 978 dum
674 925 845 979 fuisse
889 923 1089 978 diaboli
1123 923 1561 976 instrumentum.
1611 918 1745 974 Cum
1794 928 1973 973 autem
2006 933 2066 972 re

490 1015 610 1086 ipsa
656 1016 732 1071 illi
784 1016 1081 1084 contigisse
1125 1021 1324 1083 pateat,
1344 1028 1473 1082 ergo
1500 1013 1654 1082 prius
1683 1012 1928 1065 audierat
1955 1023 2064 1080 quo

491 1111 654 1173 pacto
682 1104 1103 1159 scelestissimus
1121 1101 1393 1156 Acbabad
1426 1101 1627 1155 bellum
1658 1100 1958 1171 procedens
1972 1115 2065 1153 oc-

493 1196 781 1249 cubiturus
825 1203 990 1250 esset.
1040 1191 1174 1246 Nam
1222 1192 1311 1246 ille
1344 1192 1688 1246 mendacium
1717 1207 1815 1262 pro
1837 1192 2066 1245 veritate

492 1282 789 1338 obtrudere
845 1283 1033 1345 voluit,
1085 1290 1145 1335 ut
1184 1281 1309 1335 belli
1365 1297 1589 1336 causam
1644 1282 1931 1335 moliretur
1959 1282 2065 1335 im-

492 1375 755 1446 piumque
788 1372 1037 1442 perderet
1073 1372 1309 1442 turpius.
1345 1370 1423 1425 Ita
1449 1380 1507 1426 ut
1538 1373 1688 1427 hisce
1722 1374 1912 1434 rebus.
1948 1387 2066 1426 ma-

492 1466 544 1520 la
579 1479 698 1535 qua:
726 1463 973 1518 scelestis
1020 1462 1333 1519 inferuntur
1371 1464 1650 1519 diabolum
1700 1464 2061 1535 praesciv-isse,

491 1556 845 1610 manifestum
888 1558 979 1621 sit,
1017 1570 1141 1610 cum
1174 1557 1536 1626 pessimorum
1569 1557 1812 1610 omnium
1843 1557 1959 1628 ipse
1995 1557 2067 1612 sit

492 1648 691 1720 opifex.
721 1648 779 1702 ln
804 1647 966 1702 Saule
986 1663 1116 1702 vero
1138 1648 1400 1718 quidquid
1424 1664 1455 1703 e
1481 1663 1540 1703 re
1553 1649 1770 1719 propria
1797 1648 2063 1705 Samuelis

494 1741 734 1796 oraculis
752 1741 958 1796 addens
989 1741 1307 1804 immiscuit,
1338 1756 1449 1794 non
1480 1748 1687 1794 tantum
1715 1741 2065 1811 probabiliter

2162 549 2389 615 ἔξελθε,
2424 552 2523 604 καὶ
2551 551 2814 618 ποίησον
2841 548 3046 613 οὕτως.
3092 548 3150 599 Ὀ
3191 547 3247 600 δὲ
3282 547 3563 619 προφήτης
3594 546 3735 600 αὑτά

2160 640 2330 694 ταῦτα
2357 640 2435 711 τῷ
2469 640 2675 711 βασιλεῖ
2702 640 3052 711 διηγούμενος
3081 637 3281 701 εὐθέως
3314 638 3563 710 ἐπιφέρει
3584 656 3598 667 ·
3633 637 3734 691 Δέ-

2160 730 2350 785 δωκεν
2373 734 2404 785 ό
2440 732 2583 797 Θεὸς
2611 730 2847 799 πνεῦμα
2870 729 3095 798 ψευδὲς
3120 731 3188 782 ἐυν
3215 730 3463 798 στόματι
3496 727 3737 783 πάντων·

2160 822 2280 877 τῶν
2308 823 2625 893 προφητῶν
2647 840 2763 877 σου
2791 824 3035 885 τούτων,
3079 822 3177 875 καὶ
3211 821 3479 889 ἐλάλησε
3518 823 3737 891 Κύριος

2159 914 2258 967 ἐπὶ
2307 912 2381 966 σὲ
2422 914 2595 967 κακά.
2642 913 2938 984 Τοιγαροῦν
2984 913 3139 988 εἴπερ
3186 913 3398 983 ἀνάγκη
3448 917 3588 968 νοεῖν
3636 913 3737 967 οὐκ

2162 1006 2382 1075 ἀγαθὸν,
2410 1007 2546 1061 ἀλλά
2572 1006 2805 1075 πονηρὸν
2836 1002 2972 1059 εἶναι
2998 1007 3153 1059 τοῦτο
3179 1007 3239 1059 τὸ
3267 1006 3502 1077 πνεῦμα,
3540 1006 3601 1060 τὸ
3636 1007 3736 1078 τῆς

2160 1099 2522 1169 ψευδηγορίας
2576 1100 2767 1165 αἴτιον,
2819 1097 3107 1152 ἀκόλουθον
3161 1099 3558 1168 ὑπολαμϐάνειν
3605 1100 3739 1153 αὐτὸ

2162 1189 2319 1243 τοῦτο
2344 1190 2404 1243 τὸ
2434 1189 2733 1244 διαϐολικὸν
2764 1190 2991 1260 ὄργανον
3026 1190 3312 1261 ὑπάρχειν.
3343 1192 3407 1243 El
3433 1191 3491 1244 δέ
3532 1191 3737 1263 κυρίως

2163 1281 2543 1335 ἀποδείκνυται
2596 1282 2754 1335 τοῦτο
2822 1278 2982 1345 εἶναι,
3042 1283 3383 1353 προακήκοεν
3449 1281 3557 1353 ἄρα
3618 1281 3738 1345 πῶς

2163 1374 2391 1445 ἤμελλεν
2441 1378 2468 1428 6
2499 1375 2691 1446 μιαρὸς
2756 1373 2958 1444 Ἀχαάϐ
3002 1376 3082 1437 εἰς
3120 1373 3352 1443 πόλεμον
3381 1373 3559 1427 ἀπιὼν
3604 1374 3737 1429 ἀπο-

2166 1466 2414 1538 θνήσκειν
2433 1483 2447 1497 ⁸
2489 1466 2618 1519 αὐτὸ
2653 1465 2761 1536 γὰρ
2793 1466 2992 1535 ἠξίωσε
3019 1464 3078 1517 τὸ
3100 1464 3292 1535 ψεῦδος
3332 1465 3454 1518 ἀντὶ
3484 1465 3585 1536 τῆς
3609 1465 3739 1536 ἀλη-

2166 1558 2316 1623 θείας
2344 1558 2645 1622 ἐκϐάλλειν,
2674 1557 2761 1611 ἵνα
2783 1558 3015 1628 πολέμου
3041 1557 3253 1626 γένεσιν
3276 1559 3619 1632 αὐτουργὴσῃ
3644 1560 3739 1612 καὶ

2165 1648 2445 1719 διαφθείρῃ
2471 1648 2561 1701 τὸν
2599 1648 2781 1701 ἄδικον
2818 1647 3062 1716 αἰσχίως.
3103 1647 3263 1700 Ὥστε
3298 1648 3392 1700 καὶ
3421 1647 3508 1701 διά
3536 1649 3738 1701 τούτων

2166 1741 2544 1793 ἀποδείκνυται
2579 1739 2686 1792 τῶν
2713 1738 2910 1811 ἔργων,
2957 1740 3039 1791 ὅτι
3087 1738 3155 1791 τὰ
3198 1740 3344 1792 κακά
3375 1743 3486 1802 τοῖς
3533 1740 3738 1804 ἀδίκοις

492 1833 775 1897 mentitus,
804 1833 899 1888 sed
932 1833 1094 1903 impie
1135 1832 1545 1903 irreligioseque
1575 1833 1791 1890 locutus
1841 1842 1948 1890 est.
1996 1834 2063 1889 At

2166 1832 2537 1902 ἐπιφερόμενα
2571 1832 2993 1904 προμεμάθηκεν
3038 1835 3067 1886 6
3102 1831 3365 1898 διάϐολος,
3408 1832 3593 1903 ἐπειδὴ
3632 1833 3738 1887 τῶν

494 1925 730 1995 primum
760 1925 907 1978 illius
936 1923 1160 1993 impium
1187 1922 1392 1993 dictum
1418 1925 1504 1980 vel
1543 1924 1670 1979 inde
1707 1925 2059 1995 deprehendi-

494 2024 618 2072 tur:
647 2017 880 2087 primum
913 2016 1131 2086 quidem
1165 2015 1338 2085 quod,
1372 2016 1830 2086 quemadmodum
1880 2016 2066 2073 Domi-

491 2123 599 2164 nus
624 2107 954 2177 latroni,qui
984 2108 1133 2176 regni
1168 2107 1288 2177 ejus
1319 2108 1617 2177 potentiam
1634 2109 1923 2164 confessus
1947 2108 2065 2165 fue-

490 2206 612 2262 rat,
647 2199 785 2253 dixit
823 2199 869 2230 ⁸³
908 2219 919 2253 :
953 2198 1122 2253 Hodie
1168 2217 1367 2254 mecum
1411 2202 1515 2255 eris
1565 2201 1619 2254 in
1667 2201 1954 2270 paradiso;
1990 2202 2065 2256 ita

488 2301 545 2348 et
577 2292 666 2345 hic
715 2292 932 2345 illorum
985 2292 1260 2356 imitator,
1316 2291 1468 2346 Sauli
1517 2295 1744 2363 magicis
1790 2295 2064 2351 vaticiniis

490 2383 740 2453 expletis,
784 2384 1007 2438 dolosus
1056 2384 1252 2437 artifex
1300 2385 1647 2439 enuntiavit:
1681 2383 1815 2438 Cras
1866 2387 1969 2439 eris
2007 2395 2075 2438 tu

491 2491 714 2538 mecum,
743 2484 789 2529 et
814 2474 1087 2529 Jonatlian
1112 2475 1260 2544 ﬁlius
1286 2486 1406 2529 tuus
1438 2476 1505 2528 “.
1552 2474 1825 2540 Secundo,
1852 2477 2061 2546 justum

488 2566 562 2622 ab
592 2566 795 2636 injusto
836 2568 967 2621 nihil
1001 2569 1194 2623 abesse
1224 2576 1460 2622 conatur
1492 2567 1744 2638 probare,
1771 2578 1830 2621 ut
1871 2568 2064 2622 callide

489 2659 707 2729 piorum
745 2668 977 2713 conatus
1024 2667 1188 2728 atque
1229 2659 1465 2729 impetus
1498 2660 1839 2729 comprimat.
1873 2658 2064 2726 Nemo,

489 2756 550 2802 ut
569 2746 807 2811 videtur,
842 2748 998 2817 plane
1040 2764 1152 2803 non
1185 2749 1356 2811 novit,
1397 2747 1602 2802 nullam
1655 2747 1798 2803 inter
1853 2748 2062 2804 fidelem

485 2845 545 2895 et
596 2838 874 2895 infidelem
919 2839 1363 2893 communionem
1424 2839 1809 2895 intercedere:
1852 2855 2064 2895 necnon

487 2944 707 2994 rursus,
743 2936 853 2999 Quo
907 2937 1066 2997 pacto
1118 2931 1211 3000 qui
1269 2931 1583 2986 divitiarum
1615 2934 1772 3004 copia
1824 2933 2065 3004 profusis

486 3024 800 3073 marcuerat
829 3017 1027 3086 epulis,
1061 3018 1219 3089 longe
1254 3035 1283 3073 a
1331 3018 1523 3079 Lazari
1558 3022 1920 3078 contubernio
1979 3040 2066 3079 se-

483 3106 715 3179 iunctus
744 3116 1100 3180 secretusque
1131 3110 1295 3166 fuerit
1317 3111 1385 3176 ⁸⁵,
1407 3114 1658 3182 quamvis
1687 3114 1821 3168 nihil
1840 3116 1895 3168 in
1915 3116 2063 3170 illum

489 3215 679 3256 ausus.
714 3200 857 3257 Sane
887 3201 1023 3256 nihil
1054 3204 1265 3273 uspiam
1291 3205 1643 3275 reliquiarum
1674 3214 1767 3261 aut
1800 3207 2064 3262 micarum

488 3291 547 3346 in
577 3291 948 3361 pavimentum
982 3294 1294 3349 cadentium
1324 3296 1605 3362 exhibuit,
1637 3298 1731 3353 sed
1767 3314 1866 3353 nec
1896 3300 2068 3370 plagis

486 3381 667 3439 virum
698 3382 988 3448 amiserat,
1044 3400 1146 3440 nec
1195 3385 1380 3457 ﬂagris
1431 3403 1631 3443 cassum
1693 3389 1800 3444 alio
1854 3391 2067 3460 longius

455 3490 462 3497 '
485 3473 829 3530 amandarat.
856 3473 1059 3529 Verum
1083 3493 1209 3531 cum
1244 3479 1407 3533 ambo
1432 3480 1558 3533 hinc
1580 3480 1885 3551 migrantes
1901 3483 2066 3536 vitam

485 3570 921 3618 commutassent
937 3580 1061 3620 cum
1093 3574 1289 3629 morte,
1310 3568 1401 3623 hic
1418 3568 1639 3639 quidem
1665 3571 1719 3624 in
1754 3572 1877 3626 sinu
1901 3570 2068 3627 Abrav

486 3651 573 3707 hie
590 3655 808 3724 generis
824 3657 1069 3711 auctoris
1100 3658 1326 3726 quievit,
1354 3661 1445 3714 ille
1483 3664 1816 3730 perennibus
1834 3662 2067 3721 ﬂammis

486 3751 653 3815 atque
682 3747 1221 3818 inexstinguibilihus
1250 3760 1541 3822 correptus
1575 3762 1656 3808 est
1689 3774 1700 3808 :
1737 3756 1824 3810 hic
1850 3756 1980 3810 dum
2010 3758 2067 3812 in

486 3836 683 3893 inferis
704 3844 885 3894 tortus
914 3844 1331 3910 cremaretur“,
1369 3844 1516 3899 videt
1550 3861 1580 3899 a
1621 3847 1781 3917 longe
1814 3851 2067 3920 progeni-

486 3935 916 3995 torem,necnon
941 3942 994 3987 et
1009 3930 1276 3987 Lazarum
1307 3935 1362 3990 in
1394 3936 1518 3990 sinu
1543 3938 1662 4006 ejus
1689 3958 1701 3992 :
1726 3948 1778 3992 at
1798 3941 1918 4010 igne
1941 3956 2064 3995 cum

490 4015 733 4082 arderet,
767 4035 832 4072 ex
871 4022 1056 4077 animo
1088 4021 1362 4078 Abraham
1396 4027 1625 4097 rogabat
1660 4037 1718 4082 ut
1743 4030 1808 4084 ad
1832 4044 1891 4086 se
1913 4047 2067 4086 men-

487 4106 670 4162 dicum
716 4110 958 4166 mitteret
990 4131 1004 4167 :
1037 4114 1239 4185 quippe
1280 4116 1482 4173 obnixe
1514 4120 1842 4189 precabatur
1867 4130 1927 4176 ut
1956 4122 2064 4177 La-

488 4215 652 4256 zarus
682 4205 746 4257 ad
768 4219 893 4259 eum
914 4207 1141 4263 veniens
1167 4217 1469 4265 extremum
1496 4211 1649 4284 digiti
1674 4216 1758 4271 sui
1786 4216 1839 4270 in
1868 4232 2062 4287 aquam

488 4293 806 4367 intingeret,
864 4299 1054 4369 sicque
1103 4300 1343 4373 linguam
1380 4318 1533 4359 suam
1567 4308 1709 4362 roris
1741 4307 2065 4365 humiditate

487 4394 880 4443 contrectatam
920 4390 1311 4463 refrigeraret:
1353 4395 1537 4466 itaque
1576 4398 1764 4468 ignitis
1803 4401 2062 4456 cruciati-

2166 1922 2427 1994 ἐχθίστων
2451 1927 2478 1978 6
2501 1926 2914 1997 δραματουργὸς
2947 1925 3108 1987 αὑτός
3131 1925 3276 1980 ἐστιν
3297 1926 3571 1979 ἁπάντων.
3614 1925 3739 1980 Ἐπὶ

2169 2012 2349 2081 μέντοι
2372 2012 2466 2065 τοῦ
2490 2014 2681 2077 Σαοὺλ,
2710 2014 2809 2066 ὅσα
2842 2011 3098 2084 προσθεὶς
3120 2013 3211 2084 ἀφ’
3234 2014 3426 2067 ἑαυτοῦ
3454 2012 3740 2080 συνέζευξε

2164 2108 2277 2169 τοῖς
2314 2104 2404 2157 τοῦ
2436 2104 2686 2175 Σαμουὴλ
2726 2104 3160 2177 ἀποφθέγμασιν,
3194 2105 3254 2159 οὐ
3290 2106 3446 2176 μόνον
3475 2104 3741 2174 ἐψεύσατο

2167 2196 2426 2259 πιθανῶς,
2470 2196 2605 2250 ἀλλά
2637 2197 2730 2250 καὶ
2768 2197 3188 2270 ἐϐλασφήμησεν
3220 2197 3450 2261 ἀσεϐῶς.
3500 2196 3740 2251 Ἐνθένδε

2166 2287 2331 2341 ποθέν
2359 2287 2690 2359 διελέγχεται
2718 2290 2749 2359 ή
2780 2288 2968 2361 πρώτη
3012 2290 3322 2361 δυσφημία·
3358 2291 3577 2361 Πρῶτον
3618 2288 3738 2361 μὲν,

2165 2379 2247 2431 ὅτι
2277 2378 2414 2433 κατά
2436 2380 2685 2451 μίμησιν,
2706 2381 2780 2443 ὡς
2804 2381 2832 2432 ὁ
2854 2380 3056 2451 Κύριος
3080 2381 3183 2453 ἔφη
3204 2380 3282 2452 τῷ
3301 2382 3497 2454 λῃστῇ,
3526 2381 3587 2434 τὸ
3610 2381 3742 2454 κρά-

2164 2484 2256 2530 τος
2279 2467 2672 2539 ὁμολογήσαντι
2698 2470 2796 2541 τῆς
2821 2469 3095 2539 βασιλείας
3125 2470 3312 2535 αὑτοῦ,
3334 2471 3605 2541 Σήμερον
3624 2471 3739 2540 ἔσῃ

2160 2560 2288 2627 μετ’
2330 2560 2505 2630 ἐμοῦ,
2541 2562 2736 2630 λέγων,
2770 2562 2841 2615 ἐν
2888 2560 2969 2627 τῷ
3022 2563 3380 2631 παραδείσῳ,
3426 2566 3624 2617 ταυτὸν
3675 2561 3740 2634 δὴ

2166 2653 2323 2706 τοῦτο
2356 2654 2449 2707 καὶ
2475 2653 2551 2725 τῷ
2580 2653 2749 2707 Σαοὺλ
2778 2654 3190 2726 ἐκπληρώσαντι
3212 2658 3311 2720 τὰς
3344 2655 3610 2728 μαντικὰς
3641 2657 3739 2710 αύ-

2165 2746 2259 2796 τοῦ
2305 2744 2560 2815 μαντείας
2599 2745 2799 2818 ἔφησεν
2841 2748 2869 2798 ό
2896 2746 3214 2818 δολομήτης⁶
3247 2746 3462 2814 Αὔριον
3501 2746 3617 2815 ἔσῃ
3654 2747 3740 2802 σὺ

2162 2835 2289 2905 μετ’
2340 2834 2508 2905 ἐμοῦ,
2557 2837 2659 2891 καὶ
2719 2837 3003 2893 Ἰωνὰθαν
3041 2841 3075 2891 ό
3127 2840 3257 2904 υἱός
3287 2854 3425 2893 σου.
3478 2839 3741 2911 Δεύτερον

2170 2928 2415 2999 βούλεται
2450 2929 2721 2984 δεικνύναι
2756 2931 2844 2986 διά
2884 2930 3106 2996 τούτων,
3142 2932 3223 2984 ὅτι
3265 2932 3430 3003 μηδὲν
3464 2933 3493 2985 ό
3536 2933 3742 2999 δίκαιος

2168 3016 2350 3070 ἀδίκου
2399 3017 2664 3089 διαφέρει,
2707 3017 2807 3082 τάς
2841 3018 2951 3072 τῶν
2994 3019 3231 3073 εὐσεϐῶν
3271 3020 3499 3090 ἐκκόψαι
3541 3023 3743 3094 προθυ-

2092 3147 2135 3203 C
2173 3109 2300 3178 μίας
2337 3108 2785 3181 ἐπιτεχνώμενος.
2830 3111 3016 3175 Οὐδεὶς
3046 3112 3221 3166 ἔοικεν
3259 3114 3494 3182 ἀγνοεῖν,
3525 3117 3607 3169 ὅτι
3640 3134 3743 3188 μη-

2170 3200 2329 3271 δεμία
2366 3201 2698 3273 συνυπάρχει
2733 3202 2990 3257 κοινωνία
3018 3202 3192 3274 πιστῷ
3235 3204 3372 3275 μετὰ
3411 3206 3666 3276 ἀπίστου,
3706 3206 3741 3282 ἢ

2168 3290 2235 3347 αὖ
2271 3293 2450 3359 πάλιν,
2494 3295 2639 3359 ὅπως
2682 3298 2710 3348 6
2744 3295 2957 3368 πλούτῳ
2990 3300 3412 3370 κατατρυφήσας
3458 3300 3742 3374 ἀπλήστῳ,

2169 3385 2356 3456 πόρρω
2381 3386 2481 3456 τῆς
2516 3386 2767 3458 Λαζάρου
2801 3386 3011 3458 διαίτης
3041 3388 3336 3461 ἀπεκρίθη,
3368 3390 3545 3444 καίτοι
3578 3393 3743 3464 μηδὲν

2168 3478 2348 3546 ὅμοιον
2374 3473 2666 3546 ἐκείνι;›(5⁶)
2678 3477 2900 3548 δράσας.
2918 3478 3055 3531 Ἀλλ’
3069 3471 3223 3544 οὗτος
3246 3480 3344 3551 μὲν
3358 3481 3507 3535 οὐδὲν
3521 3482 3743 3541 πώποτε

2171 3567 2439 3637 μετέδωκε
2473 3567 2550 3639 τῷ
2579 3568 2877 3640 πενομένῳ,
2907 3569 2968 3623 τὸ
2995 3573 3256 3641 παράπαν
3284 3573 3456 3638 οὐδὲν,
3485 3573 3607 3627 οὔτε
3640 3594 3742 3629 πε-
3780 3608 3783 3611 -

2169 3662 2559 3732 ριττευμάτων,
2578 3660 2700 3714 οὔτε
2727 3660 2901 3732 ψιχῶν
2926 3665 3005 3726 εἰς
3030 3664 3290 3734 τούδαφος
3313 3667 3740 3740 ἐκριπτομένων⁹

2167 3753 2280 3807 ἀλλ’
2313 3753 2420 3807 οὐδ’
2455 3754 2760 3826 ἐλυμήνατο
2796 3754 2885 3808 τὸν
2917 3755 3086 3827 ἄνδρα
3114 3756 3366 3828 πληγαῖς,
3397 3760 3457 3813 ού
3491 3760 3742 3831 μάστιξιν

2167 3847 2519 3917 αἰκισάμενος
2558 3845 2742 3911 ἐδίωξε
2774 3847 3084 3919 περαιτέρω
3128 3866 3231 3902 που
3258 3850 3395 3921 γῆς·
3446 3851 3559 3905 ἀλλ’
3595 3853 3741 3915 ὅπως

2165 3935 2350 4007 ἐπειδὴ
2405 3935 2745 4006 μετήλλαξαν
2800 3936 2967 4005 ἄμφω
3023 3937 3355 4010 μετάραντες
3395 3940 3666 4007 ἐντεῦθεν,
3711 3944 3740 3994 6

2168 4024 2265 4095 μὲν
2303 4025 2385 4087 είς
2428 4024 2659 4088 κόλπους
2696 4022 2849 4094 ἔληξε
2893 4023 2984 4077 τοῦ
3019 4025 3363 4096 προπάτορος
3414 4024 3679 4097 Ἀϐραὰμ,
3710 4027 3738 4077 ὁ

2163 4116 2219 4169 δὲ
2252 4119 2374 4179 ταῖς
2407 4116 2723 4188 ἀκοιμήτοις
2754 4116 2908 4185 ἐδόθη
2960 4116 3113 4187 φλοξὶ
3153 4117 3247 4171 τοῦ
3282 4118 3485 4189 πυρός’
3523 4118 3598 4181 ὡς
3642 4113 3736 4169 οὖν

2165 4207 2220 4260 ἐν
2254 4205 2333 4277 τῷ
2382 4206 2479 4279 ᾄδῃ
2530 4207 2947 4278 βασανιζόμενος
2979 4209 3265 4277 ἐφλέγετο,
3311 4208 3591 4280 πόρρωθεν
3638 4209 3736 4279 μὲν

2162 4298 2265 4370 ὁρᾷ
2304 4298 2392 4351 τὸν
2431 4299 2770 4371 προπάτορα,
2813 4298 3006 4370 θεωρεῖ
3040 4299 3096 4351 δὲ
3136 4300 3229 4351 καὶ
3267 4298 3356 4352 τὸν
3396 4298 3645 4370 Λάζαρον
3679 4300 3737 4351 ἐν

2164 4393 2276 4455 τοῖς
2310 4391 2532 4454 κόλποις
2564 4391 2727 4444 αὐτοῦ
2749 4409 2760 4420 ·
2793 4395 2857 4463 τῇ
2894 4391 2950 4446 δέ
2982 4392 3044 4464 δὴ
3091 4392 3249 4462 φλογὶ
3280 4392 3615 4464 πυρούμενος
3647 4396 3740 4448 ἐκ-

485 4478 592 4533 bus
621 4479 762 4534 male
786 4488 1014 4536 vexatus
1040 4483 1267 4553 supplex
1300 4484 1415 4540 haec
1443 4488 1609 4543 miser
1625 4490 1904 4545 exorabat.
1922 4492 2059 4547 Cum

2166 4483 2353 4555 θύμως
2376 4484 2527 4555 ἠξίου
2559 4485 2649 4538 τὸν
2691 4486 2939 4558 Ἀϐραάμ
2957 4488 3102 4549 ὅπως
3132 4486 3387 4560 ἐκπέμψῃ
3414 4487 3506 4540 τὸν
3531 4488 3739 4558 πένητα

486 4583 652 4637 porro
685 4571 1005 4640 progenitor
1035 4573 1102 4627 ad
1129 4577 1409 4644 postulata
1438 4578 1834 4648 respondisset,
1864 4596 2060 4650 quem-

485 4657 619 4712 libet
668 4659 724 4712 in
755 4660 996 4728 qualibet
1042 4672 1198 4733 parte
1245 4666 1425 4735 justas
1456 4669 1732 4737 recepisse
1781 4671 2060 4728 mercedes

487 4749 697 4819 praemii
720 4750 863 4815 loco,
899 4760 1031 4807 tunc
1060 4758 1325 4827 temporis
1349 4757 1592 4813 subdidit
1625 4778 1637 4813 :
1665 4757 1734 4811 Et
1762 4760 1818 4813 in
1841 4760 1920 4815 his
1949 4780 2062 4816 om-

487 4840 640 4895 nibus
669 4842 806 4895 inter
828 4858 923 4897 nos
964 4853 1015 4898 et
1063 4864 1150 4901 ros
1175 4848 1333 4902 chaos
1375 4866 1623 4920 magnum
1652 4851 1925 4920 ﬁrmatum
1961 4864 2059 4922 est,

484 4940 545 4986 ut
593 4933 647 4986 lii
681 4935 772 5004 qui
807 4935 982 4990 volunt
1018 4937 1138 4992 hinc
1181 4941 1411 4995 transire
1441 4941 1510 4993 ad
1553 4958 1641 4996 vos
1684 4961 1787 4998 non
1832 4947 2058 5015 possint,

488 5040 648 5096 neque
672 5025 793 5081 inde
820 5025 891 5081 ad
931 5045 1024 5083 nos
1067 5039 1392 5087 transmeare
1412 5032 1477 5085 ‘7.
1507 5032 1564 5086 Si
1593 5034 1776 5105 itaque
1807 5052 2060 5107 magnum

486 5115 655 5171 chaos
687 5126 772 5173 est
794 5119 938 5189 quod
970 5120 1152 5189 justos
1174 5121 1244 5176 ab
1262 5123 1485 5193 injustis
1511 5124 1775 5199 seiungit,
1794 5127 1867 5183 ita
1892 5136 1949 5182 ut
1966 5129 2058 5199 qui

485 5205 599 5259 illic
632 5216 761 5262 sunt
788 5224 899 5263 non
930 5211 1144 5280 possint
1167 5212 1273 5266 huc
1317 5214 1621 5281 transvebi,
1655 5231 1835 5288 neque
1851 5219 1945 5288 qui
1969 5219 2058 5273 hic

484 5308 899 5354 commorantur
925 5300 1056 5355 illuc
1087 5301 1321 5371 adduci;
1346 5312 1497 5374 patet
1524 5306 1813 5363 manifeste
1838 5306 2055 5363 Saulem

487 5386 582 5456 qui
612 5388 851 5458 injustus
877 5399 1017 5456 erat,
1047 5408 1155 5446 una
1199 5409 1322 5448 eum
1351 5397 1615 5467 propheta
1660 5397 1913 5455 Samuele
1947 5415 2053 5455 non

488 5477 703 5549 degere.
724 5480 856 5536 Nam
890 5483 937 5539 si
977 5485 1131 5541 dives
1172 5494 1226 5542 et
1256 5502 1465 5560 pauper
1491 5506 1602 5545 non
1626 5500 1858 5561 possunt
1891 5494 2054 5550 simul

2163 4578 2300 4649 πρὸς
2335 4578 2520 4630 αὐτόν·
2567 4578 2733 4632 ἐδεῖτο
2773 4578 2883 4651 γὰρ
2931 4579 2995 4632 ἵν’
3045 4579 3373 4650 ἀφικόμενος
3405 4582 3432 4633 ὁ
3462 4580 3734 4650 Λάζαρος,

2161 4668 2223 4721 τὸ
2257 4668 2355 4738 μὲν
2386 4668 2552 4740 ἀκρον
2585 4668 2736 4723 ὕδατι
2760 4670 2905 4743 βάψῃ
2928 4669 3018 4723 τοῦ
3040 4670 3326 4733 δακτύλου,
3366 4668 3650 4742 καταψύξῃ
3677 4668 3738 4722 δὲ

2163 4759 2261 4830 τὴν
2294 4758 2534 4827 γλῶτταν
2546 4759 2731 4823 αὐτοῦ,
2751 4761 2952 4825 νοτίδος
2978 4761 3399 4833 ἐπαφησάμενος
3428 4758 3553 4830 (5")
3581 4756 3739 4829 ἰκμά-

2162 4849 2246 4903 δα·
2280 4850 2602 4921 πυροφόροις
2642 4846 2735 4903 οὗν
2771 4851 3134 4922 ἀλγυνόμενος
3170 4850 3401 4914 ὀδύναις,
3438 4848 3736 4921 ἐπρέσϐευε

2165 4942 2389 4996 τοιαῦτα
2424 4942 2540 5013 μεθ’
2577 4943 2810 5007 ἱκετείας
2837 4946 2866 4997 ό
2892 4944 3081 5009 τάλας.
3121 4943 3336 5014 Ἐπειδὴ
3360 4942 3417 4995 δὲ
3443 4943 3578 5012 πρὸς
3609 4941 3737 5007 ἔπος

2166 5038 2598 5109 ἀποκρινάμενος
2629 5040 2657 5091 ὁ
2690 5038 3009 5109 προπάτωρ,
3042 5037 3271 5090 ἕκαστον
3304 5036 3360 5086 ἐν
3393 5033 3604 5105 ἑκάστῳ
3642 5033 3739 5104 μέ-

2169 5147 2249 5201 ρει
2281 5129 2379 5193 τάς
2416 5129 2569 5196 ἀξίας
2598 5128 2814 5198 ἔφαινεν
2842 5127 3076 5200 ἀμοιϐὰς
3118 5126 3351 5181 ἐπάθλου
3397 5126 3557 5197 χάριν
3595 5125 3741 5196 εἰλη-

2166 5223 2344 5293 φέναι,
2394 5219 2693 5292 τηνικαῦτα
2744 5220 3001 5292 προσθεὶς
3043 5217 3451 5286 ἐπεφθέγξατο’
3486 5217 3594 5270 Καὶ
3637 5216 3736 5269 ἐπὶ

2164 5314 2312 5369 πᾶσι
2337 5315 2569 5379 τούτοις
2590 5312 2817 5381 μεταξὺ
2849 5309 3018 5383 ὑμῶν
3052 5309 3150 5364 καὶ
3179 5308 3347 5377 ἡμῶν
3379 5307 3602 5377 χάσμα,
3630 5325 3736 5380 φη·-

2164 5407 2267 5473 σὶν,
2294 5404 2637 5473 ἐστήρικται
2662 5404 2835 5474 μέγα,
2875 5403 3034 5468 ὅπως
3061 5404 3115 5455 οἱ
3143 5400 3421 5467 θέλοντες
3458 5399 3736 5468 διαϐῆναι

2162 5494 2338 5550 ἐνθεν
2382 5495 2532 5563 πρὸς
2563 5493 2720 5565 ὑμᾶς
2748 5493 2835 5564 μὴ
2870 5492 3186 5556 δύνωνται,
3221 5490 3377 5561 μηδὲ
3417 5493 3473 5546 οἱ
3503 5490 3736 5546 ἐκεῖθεν

562 5591 609 5624 ⁸³
652 5591 781 5649 Luc.
832 5611 990 5662 XXIII,
1024 5600 1113 5655 £5.
1188 5601 1234 5633 “
1266 5601 1297 5658 1
1334 5606 1457 5676 Heg.
1494 5622 1690 5671 xxvm,
1733 5608 1822 5665 l9.
1901 5608 1946 5639 ⁸⁸
1987 5607 2063 5663 ιιι

2163 5626 2268 5674 m,
2327 5606 2395 5663 l9
2423 5622 2544 5679 sqq.
2622 5606 2669 5639 ιε
2714 5606 2844 5663 ibid.
2875 5606 2965 5663 sa.
3048 5605 3095 5638 ιτ
3124 5606 3256 5660 ibid.
3286 5604 3376 5662 26.

558 5681 661 5753 (5‘)
699 5686 959 5756 Ἐκείνῳ.
986 5689 1205 5749 Scilicet
1223 5693 1291 5746 τ’
1313 5692 1315 5697 ⁴

558 5766 579 5807 s
612 5753 800 5821 ἐκείιῳ
821 5756 901 5821 [ad
934 5758 1221 5821 Lazarum.
1257 5712 1315 5821 Ἠ)

486 5765 579 5807 ras
612 5753 800 5826 ικειιῳ
821 5753 1221 5832 Ιεάἰιιῑειθυπι,
1263 5753 1401 5825 forte
1446 5753 1933 5837 legendumidiitdu
1953 5753 2057 5853 pro

1332 5696 1570 5775 iiiis-cii);
1604 5700 1687 5775 sin
1709 5708 1901 5775 autem
1918 5701 2057 5758 refe-
2161 5704 2363 5775 ὅμοιον.
2396 5700 2556 5775 Eg)”.

2153 5847 2160 5855 ,
2195 5769 2207 5775 ’
2235 5774 2357 5841 (5")
2394 5770 2911 5842 Ἔπαφησὰμενος.
2938 5770 3552 5843 Ιεόῐῑοδπαφυσάμενος.
3574 5769 3733 5826 Emr.
