4132 6406
434 363 539 420 645
1320 364 1409 419 DE
1445 363 2037 421 ENGASTRIMYTHO
2072 363 2350 422 CONTRA
2390 362 2769 420 ORIGENEM.
3577 372 3683 424 ϐω

432 479 582 547 πρὸς
619 480 779 548 ἡμᾶς
817 477 1204 548 διαπερῶσιν.
1252 480 1316 532 Εἰ
1360 479 1540 533 τοίνυν
1577 480 1697 533 ἐστὶ
1738 479 2014 551 χάσματος

2115 494 2261 544 esse,
2293 478 2443 533 nulla
2490 475 2615 531 licet
2645 490 2934 545 pauperem
2982 476 3181 548 injuria
3205 478 3477 546 aﬂ'ecerit,
3509 497 3687 554 neque

431 570 577 623 εἰδέα
606 570 916 642 διείργουσα
962 569 1168 641 μεταξὺ
1196 570 1420 623 δικαίων
1450 570 1529 639 ἡδ’
1558 570 1780 636 ἀδίκων,
1825 569 1901 634 ώς
1946 569 2014 641 μὴ

2121 569 2383 640 abegerit,
2415 576 2628 622 tantum
2672 583 2782 621 non
2824 568 2902 622 illi
2931 580 3181 640 prompte
3213 588 3332 641 quae
3373 573 3489 643 ipse
3520 575 3690 632 habe-

431 661 692 715 δύνασθαι
738 663 869 725 τοὺς
922 661 1073 715 ἔνθεν
1129 663 1306 715 ἐκεῖσε
1361 660 1829 732 διαπορθμεῦσαι,
1884 664 2014 733 μήτε

2118 661 2212 714 bat
2237 676 2302 731 εξ
2336 669 2488 731 parte
2521 662 2830 717 distributis
2855 680 2868 716 :
2890 670 3096 732 quanto
3121 664 3294 734 magis
3330 666 3596 723 scelestus
3627 683 3687 725 ac

434 750 597 823 δεῦρο
617 754 740 816 τοὺς
766 751 976 806 ἐκεῖθεν
1001 750 1315 820 ἀφικέσθαι·
1346 752 1674 821 συνέστηκεν
1701 753 1775 815 ώς
1798 752 1826 803 6
1849 752 2014 805 Σαοὺλ

2119 760 2413 807 contumax
2441 754 2604 810 homo
2634 754 2891 824 indignus
2930 764 3034 819 est,
3065 756 3159 826 qui
3192 765 3506 813 sanctorum
3534 774 3689 814 com—

435 843 620 906 ἄδικος
650 844 727 897 ὢν
754 844 858 897 οὐκ
899 844 1015 898 ἐστι
1057 843 1194 914 μετά
1217 842 1312 895 τοῦ
1351 843 1633 913 προφήτου
1674 843 1942 914 Σαμουήλ·
1971 843 2014 895 εί

2119 837 2433 898 munionem
2460 845 2782 914 participet?

436 938 547 1010 γὰρ
572 942 605 994 6
632 940 884 1005 πλούσιος
914 942 975 994 ού
1010 940 1234 994 δύναται
1281 940 1419 1009 μετὰ
1450 937 1545 990 τοῦ
1581 940 1810 1010 πένητος
1852 935 2012 1003 εἶναι,
2045 938 2140 991 καὶ
2169 938 2339 991 ταῦτα
2369 940 2534 1010 μηδὲν
2568 940 2833 1009 ἀδικήσας
2882 940 3014 1009 μηδὲ
3076 939 3269 1007 διώξας
3326 942 3508 1006 αὑτὸν,
3556 942 3689 995 ἀλλά

442 1033 516 1103 μὴ
549 1032 808 1102 μεταδοὺς
846 1032 995 1103 αὐτῷ
1030 1035 1335 1105 προχείρως
1370 1032 1428 1098 ἐξ
1472 1029 1546 1087 ὧν
1583 1033 1716 1103 εἶχε,
1755 1033 1905 1102 πόσῳ
1942 1031 2007 1102 δὴ
2030 1030 2228 1100 μᾶλλον
2268 1034 2296 1085 6
2354 1030 2594 1101 σχέτλιος
2622 1033 2762 1103 ἀνὴρ
2796 1030 3012 1097 ἀνάξιός
3048 1035 3163 1086 ἐστι
3206 1034 3307 1104 τῆς
3358 1034 3464 1088 τῶν
3520 1033 3691 1101 ἁγίων

436 1124 741 1179 ἀπολαῦσαι
782 1127 1062 1189 κοινωνίας
1079 1143 1093 1192 ;

510 1211 629 1267 XV.
672 1212 809 1266 Ἀλλ’
842 1214 903 1265 οὐ
952 1213 1256 1286 διανοητέον
1281 1217 1430 1280 ὅπως
1468 1213 1695 1285 αἰσχροῦ
1728 1213 1825 1284 μὲν
1848 1213 2013 1266 ’ἑνεκα

439 1306 664 1376 κέρδους
681 1307 862 1360 ἀθετεῖ
874 1308 935 1360 τὸ
955 1306 1097 1360 θεῖον
1117 1308 1415 1378 ἐπίταγμα,
1450 1310 1663 1381 δαίμονι
1696 1310 1752 1363 δὲ
1784 1308 2014 1379 πληγεὶς

432 1397 694 1462 ἀνιάτως,
728 1398 1009 1453 ἐλαύνεται
1042 1399 1309 1473 βασκανίᾳ
1339 1401 1553 1454 διώκειν
1580 1379 1670 1454 τὸν
1701 1399 2012 1470 ἀγιοπρεπῆ

437 1488 602 1542 Δαυῒδ
630 1490 805 1543 οὐδενὶ
846 1490 1036 1561 κόσμῳ
1062 1493 1341 1563 πρέποντι,
1374 1492 1548 1546 καίτοι
1574 1490 1862 1563 ψαλμῳδίᾳ
1883 1508 2013 1562 προ-

439 1583 639 1651 φητικῇ
693 1580 793 1649 τὴν
839 1581 1135 1651 ἀγριότητα
1171 1583 1265 1635 τοῦ
1300 1580 1725 1652 ὲκὸακχεύοντος
1767 1583 1825 1633 ὲν
1863 1578 2011 1650 αύτῷ

429 1671 685 1743 δαίμονος
714 1672 1019 1744 ήμεροῦντα
1038 1690 1052 1704 ο
1080 1675 1206 1738 τοὺς
1230 1676 1394 1745 ἱερεῖς
1416 1674 1748 1743 ἀποσφάττει
1773 1670 1865 1725 τοῦ
1895 1673 2009 1724 Κυ-

432 1762 554 1834 ρίου
610 1764 956 1834 τριακοσίους
1007 1764 1167 1828 δντας
1203 1766 1339 1835 πρὸς
1389 1770 1504 1829 τοῖς
1547 1765 1882 1834 πεντήκοντα
1920 1763 2013 1815 τὸν

429 1856 665 1927 ἀριθμόν
689 1874 702 1887 '
738 1858 1026 1927 ἀφίσταται
1051 1859 1144 1912 τοῦ
1179 1858 1312 1913 Θεοῦ
1363 1859 1753 1931 μαντευόμενος
1779 1858 2008 1921 ἀσεϐῶς.
2045 1890 2087 1945 Β

435 1948 500 2001 Ei
527 1948 585 2001 δὲ
616 1949 789 2003 ταῦτα
815 1950 910 2002 καὶ
938 1950 1006 2004 τὰ
1036 1949 1244 2015 τούτοις
1277 1950 1483 2021 ἀδελφά
1519 1950 1866 2023 διεπράξατο,
1895 1948 2012 2012 πῶς

426 2034 545 2093 ὀἷόν
586 2057 647 2093 τε
702 2039 963 2109 νομίζειν,
999 2043 1080 2095 ὅτι
1123 2042 1258 2113 μετὰ
1285 2042 1376 2095 τοῦ
1425 2023 1836 2114 θαυματοῦργοῦ
1884 2058 2015 2096 κατ-

431 2130 597 2204 έληξε
625 2132 896 2203 Σαμουὴλ,
913 2133 972 2197 ὃς
1005 2135 1061 2186 ἐν
1090 2133 1210 2205 ὥρᾳ
1228 2132 1418 2205 θέρους
1450 2134 1604 2187 ὑετὸν
1632 2132 1832 2203 ἠξίωσε
1865 2134 2015 2202 γενέ-

440 2225 584 2288 σθαι,
602 2224 698 2277 καὶ
724 2226 854 2295 παρ’
880 2224 1028 2295 αὐτῷ
1059 2224 1631 2296 (5””⁶)κατεσκεδάσθη
1650 2224 1851 2295 πλῆθος
1879 2225 2015 2295 ἀμέ-

429 2330 634 2387 τρητον
667 2315 911 2382 ύδάτων;
947 2317 1010 2369 Εἰ
1035 2316 1093 2369 δὲ
1116 2316 1217 2370 οὐκ
1262 2315 1409 2370 ἔστιν
1468 2319 1663 2381 εἰπεῖν,
1713 2317 1795 2370 ὅτι
1841 2317 2015 2371 Σαούλ

434 2407 553 2458 ἐστι
589 2408 705 2476 μετ’
737 2405 901 2459 αὐτοῦ
936 2406 1013 2476 (6)
1057 2407 1330 2477 Σαμουὴλ,
1367 2407 1631 2477 ἐψεύσατο
1666 2408 1764 2478 μὲν
1790 2409 1818 2460 6
1840 2408 2013 2477 λέγων

437 2498 587 2569 αὐτῷ
605 2515 619 2528 ·
650 2498 870 2566 Αὕριον
895 2499 1009 2568 ἔσῃ
1040 2501 1120 2553 σὺ
1138 2500 1265 2567 μετ’
1290 2500 1452 2567 ἐμοῦ.
1482 2500 1781 2571 Τοιγαροῦν
1814 2503 1862 2554 εί
1883 2501 2015 2571 ψεύ-

441 2606 574 2660 στης
600 2592 634 2644 6
662 2589 831 2643 ταῦτα
880 2590 1118 2661 εἰρηκὼς
1173 2591 1431 2662 ὑπάρχει,
1480 2591 1767 2663 πρόδηλον,
1802 2593 1879 2656 ὼς
1914 2594 2015 2646 οὐκ

432 2680 584 2734 ἔστιν
613 2683 642 2733 6
682 2682 932 2752 Σαμουὴλ
966 2678 1152 2747 οὗτος
1189 2683 1249 2735 ού
1301 2682 1409 2754 γάρ
1458 2683 1521 2737 ἂν
1560 2684 1734 2749 οὕτως
1770 2685 2014 2757 ἀχρόνως

427 2772 467 2825 ὖ
497 2772 592 2826 τοῦ
620 2771 825 2843 Κυρίου
865 2773 1124 2842 ψεύσαιτο
1155 2775 1441 2845 προφήτης
1460 2791 1473 2804 ο
1506 2774 1645 2828 ὥστε
1677 2775 1904 2830 τοιαῦτα
1933 2776 2012 2847 (7)

436 2861 561 2932 δίχα
588 2861 919 2933 πτισσόμενα
941 2865 1179 2935 ῥήματα,
1211 2864 1415 2935 γυμνὸν
1447 2865 1783 2919 ὑποδεικνύει
1801 2866 1893 2921 τὸν
1918 2884 2017 2920 πο-

437 2952 794 3025 λυπρόσωπον
854 2954 1119 3009 ὲνδοτάτιο
1184 2955 1325 3025 θῆρα
1386 2956 1778 3027 κρυπτόμενον.
1845 2957 2014 3021 Δύτὸς

433 3040 568 3110 γοῦν
597 3043 741 3095 ἐστιν
775 3044 803 3096 6
844 3044 1199 3107 κατασπάσας
1250 3046 1330 3107 είς
1369 3044 1430 3097 τὸ
1464 3043 1557 3097 τοῦ
1599 3047 1874 3116 ταρτάρου
1918 3046 2016 3115 χά-

441 3150 552 3204 σμα
596 3134 692 3188 καὶ
737 3133 830 3190 τὸν
888 3135 1110 3207 ὲμμανῆ
1169 3134 1371 3191 Σαούλ·
1428 3134 1548 3188 ὅθεν
1601 3136 1815 3199 οἰκείως
1867 3135 2015 3208 αύτῷ

2190 1201 2309 1256 XV.
2352 1201 2459 1257 Sed
2510 1203 2734 1259 minime
2789 1205 3133 1275 cogitandum
3181 1217 3264 1264 est
3296 1194 3533 1269 'infamis
3562 1230 3685 1271 eum

2119 1295 2257 1349 lucri
2288 1310 2455 1349 causa
2485 1303 2812 1364 praaceptum
2840 1298 3076 1355 violasse
3119 1300 3363 1357 divinum
3391 1304 3439 1336 ⁸⁸
3470 1324 3483 1360 :
3520 1322 3551 1361 a
3579 1308 3688 1363 daa-

2121 1402 2283 1441 mone
2311 1402 2441 1441 vero
2471 1388 2759 1441 insanabili
2792 1388 2978 1445 furore
3018 1393 3255 1460 percitus
3277 1434 3291 1458 ,
3330 1396 3531 1451 invidia
3560 1414 3689 1456 san-

2118 1480 2461 1543 ctissimum,
2510 1481 2662 1534 nullo
2707 1481 2924 1536 decoris
2973 1490 3137 1553 atque
3174 1484 3390 1542 honesti
3437 1502 3687 1561 respectu

2118 1567 2337 1633 habito,
2370 1582 2691 1639 persecutus
2736 1579 2821 1625 est
2870 1570 3041 1628 David
3096 1573 3164 1639 ⁸³,
3221 1577 3314 1646 qui
3357 1581 3688 1650 propheticis

2117 1657 2459 1714 Psalmorum
2502 1663 2858 1718 concentibus
2899 1663 3233 1721 ferocitatem
3281 1669 3335 1722 in
3372 1671 3465 1726 illo
3491 1674 3689 1730 debac-

2119 1750 2336 1805 chantis
2377 1751 2641 1808 daemonis
2687 1753 3045 1811 demulcebat.
3102 1756 3424 1815 Sacerdotes
3474 1762 3689 1819 Domini

2120 1851 2390 1899 trecentos
2424 1853 2477 1900 et
2516 1846 2911 1917 quinquaginta
2961 1864 3188 1905 numero
3231 1854 3506 1911 occisione
3543 1857 3690 1911 occi-

2114 1933 2194 1987 dit
2224 1934 2271 1965 5"
2301 1955 2313 1988 :
2338 1935 2538 1990 defecit
2568 1952 2601 1989 a
2643 1936 2781 2004 Deo,
2810 1938 3223 1998 vaticinationes
3247 1957 3309 1996 ac
3339 1951 3519 1999 vatum
3548 1962 3689 2016 pree-

2115 2026 2265 2094 sagia
2295 2025 2459 2096 impie
2494 2042 2814 2097 exposcens.
2853 2028 2980 2083 llzec
3014 2038 3068 2086 et
3105 2032 3191 2089 his
3224 2033 3419 2088 similia
3464 2036 3510 2091 si
3554 2052 3689 2093 con-

2115 2116 2276 2183 fecit,
2305 2134 2412 2189 qua
2442 2121 2654 2174 ratione
2686 2123 2908 2177 credere
2936 2138 3229 2192 possumus
3258 2142 3383 2180 eum
3413 2129 3690 2198 quievisse

2115 2226 2227 2266 una
2258 2228 2381 2268 cum
2409 2214 2798 2267 miraculorum
2830 2216 3083 2271 eifectore
3116 2215 3368 2275 Samuele
3390 2260 3405 2284 ,
3440 2222 3533 2291 qui
3572 2238 3689 2277 ma-

2115 2305 2261 2358 ximo
2288 2306 2343 2359 in
2364 2313 2497 2360 azstu
2526 2306 2726 2361 nubem
2748 2308 3055 2377 impetravit
3081 2310 3151 2374 ἰ,
3177 2310 3312 2365 adeo
3339 2319 3398 2367 ut
3425 2313 3688 2371 immensa

2115 2410 2378 2467 aquarum
2409 2399 2565 2466 copia
2616 2398 2759 2452 circa
2792 2398 2969 2469 ipsum
3010 2402 3300 2457 exundarit
3340 2404 3364 2457 ?
3402 2404 3600 2460 Verum
3642 2410 3687 2461 si

2115 2489 2471 2544 assereudum
2503 2505 2611 2543 non
2644 2499 2728 2545 cst
2755 2489 2972 2545 Saulem
3009 2507 3133 2546 cum
3170 2492 3420 2549 Samuele
3456 2496 3650 2567 degere
3671 2537 3687 2560 ,

2114 2580 2337 2633 omnino
2379 2580 2637 2634 mentitus
2688 2589 2773 2636 est
2822 2582 2914 2651 qui
2955 2582 3031 2636 illi
3077 2583 3211 2637 dixit
3257 2600 3277 2638 :
3324 2584 3456 2641 Cras
3493 2589 3597 2642 eris
3632 2600 3690 2641 tu

2115 2686 2315 2725 mecum
2363 2672 2432 2727 ⁵³.
2478 2669 2647 2740 igitur
2694 2673 2740 2727 si
2785 2673 2878 2742 qui
2922 2673 3037 2728 haec
3076 2673 3273 2730 effatur
3301 2677 3530 2732 mendax
3570 2686 3686 2741 est,

2114 2760 2486 2827 manifestum,
2514 2763 2655 2817 hunc
2684 2762 2990 2819 Samuelem
3014 2780 3122 2819 non
3145 2781 3302 2831 esse;
3338 2782 3514 2838 neque
3541 2769 3687 2824 enim

2116 2856 2195 2911 sic
2212 2855 2359 2910 circa
2382 2862 2625 2925 tempora
2645 2856 2907 2926 prepheta
2933 2856 3145 2912 Domini
3168 2859 3432 2915 mentitus
3454 2858 3686 2917 fuisset:

2115 2949 2190 3003 ita
2220 2957 2280 3003 ut
2317 2964 2381 3004 ex
2416 2949 2502 3005 his
2539 2949 2619 3004 sic
2646 2949 2907 3020 expositis
2950 2951 3301 3006 multiformis
3331 2952 3475 3007 intra
3510 2952 3688 3023 ipsum

2116 3042 2317 3112 degens
2342 3042 2521 3097 bellua
2544 3050 2819 3111 appareat.
2846 3041 3083 3113 Hicergo
3102 3052 3206 3108 est,
3229 3045 3320 3114 qui
3345 3052 3400 3098 et
3421 3045 3688 3102 furiosum

2120 3131 2337 3188 Saulem
2371 3134 2425 3188 in
2467 3133 2683 3187 Tartari
2714 3132 2900 3189 fauces
2949 3134 3202 3190 detrusit.
3249 3135 3428 3202 Quare
3457 3152 3569 3193 non
3605 3139 3690 3194 in-

435 3226 874 3298 προσεφθέγγετο
911 3228 1210 3300 κρατήσας
1243 3226 1465 3294 Αὔριον
1493 3225 1574 3279 σὺ
1606 3227 1706 3280 καὶ
1738 3228 2014 3283 Ἰωνάθην

2115 3241 2357 3295 congrue
2374 3224 2466 3280 illo
2488 3226 2589 3281 sibi
2611 3227 2919 3295 mancipato
2942 3226 3142 3281 fatetur
3163 3244 3178 3282 :
3196 3225 3329 3282 Cras
3344 3228 3448 3283 eris
3465 3245 3686 3295 mecum,

430 3321 473 3372 ό
502 3318 634 3383 υἱός
672 3332 789 3373 σου
813 3321 941 3388 μετ’
966 3319 1135 3388 ἐμοῦ.
1168 3318 1341 3387 Διττῷ
1371 3319 1429 3372 δὲ
1448 3320 1712 3391 συστῆσαι
1741 3317 2015 3390 προσώπῳ

438 3410 796 3481 πειρώμενος,
817 3411 893 3473 ὡς
912 3410 1162 3464 οὐδέποτε
1182 3410 1388 3476 δίκαιος
1412 3411 1599 3466 ἀδίκου
1622 3411 1888 3481 διαφέρει,
1921 3412 2014 3463 καὶ

430 3499 527 3554 σὺν
573 3500 825 3555 Ἰωνάθαν
845 3501 960 3572 ἅμα
985 3502 1062 3572 τῷ
1095 3504 1261 3574 πατρὶ
1283 3503 1374 3556 τὸν
1406 3503 1569 3556 αὐτὸν
1596 3501 1788 3572 ἐκείνῳ
1815 3502 2013 3574 κλῆρον

435 3590 840 3659 ἀπενέγκασθαι
885 3590 1279 3663 συνωμολόγει,
1312 3593 1488 3647 καίτοι
1521 3594 1594 3664 μὴ
1633 3592 2014 3663 συνενεχθέντα

434 3678 501 3748 τῇ
548 3676 738 3731 τούτου
781 3677 1043 3749 ὠμότητι.
1093 3680 1188 3744 Τίς
1224 3680 1281 3734 δὲ
1319 3680 1428 3735 τῶν
1460 3681 1626 3734 ὄντων
1665 3682 2013 3753 ὑποκρίνεται

436 3766 514 3839 μὴ
564 3772 726 3836 νοεῖν,
780 3770 862 3823 ὅτι
913 3771 1179 3841 κράτιστα
1236 3770 1438 3841 βιώσας
1494 3775 1523 3827 6
1572 3773 1666 3827 τοῦ
1732 3774 2011 3845 προφήτου

434 3858 598 3913 Δαυῗδ
636 3860 889 3933 ἐραστὴς,
950 3862 1085 3917 ἀλλά
1140 3864 1214 3936 μὴ
1237 3863 1424 3932 διῶξαι
1457 3864 1663 3919 δίκαιον
1702 3865 1900 3928 ἀδίκως
1929 3866 2015 3934 έγ-

436 3951 703 4023 χειρίσας,
730 3955 792 4007 οὐ
819 3955 917 4027 τὴν
932 3954 1101 4026 αὐτὴν
1122 3956 1441 4029 ἐπιφέρεται
1466 3955 1533 4029 [Ῑ.
1554 3956 1915 4028 ἀποφέρεται]
1935 3956 2012 4028 τῷ

424 4041 682 4108 διώξαντι
708 4044 1061 4117 μισθοφορίαν
1078 4062 1092 4113 ;
1110 4048 1171 4100 ού
1187 4046 1296 4119 γάρ
1319 4047 1690 4113 ἀποθανεῖται,
1716 4049 1778 4102 τὸ
1795 4048 2012 4119 ξύμπαν

426 4136 607 4190 εἰπεῖν
625 4175 642 4200 ,
686 4137 800 4201 υίὸς
836 4138 976 4209 ὑπὲρ
1008 4138 1193 4192 ἀδίκου
1234 4140 1460 4211 πατρός.
1504 4140 1664 4195 Ἀλλά
1709 4141 1815 4213 μὴν
1863 4141 2013 4211 ἐλέγ-

430 4225 589 4295 χεται
633 4241 699 4294 γε
764 4227 859 4280 καὶ
895 4226 981 4280 διὰ
1020 4227 1170 4281 τοῦδε
1213 4227 1305 4281 τοῦ
1348 4227 1663 4300 μηνύματος
1710 4229 1739 4281 6
1786 4228 2013 4300 ψευδορ-

431 4316 628 4387 ρἀος.

513 4408 647 4465 XVI.
693 4410 1096 4483 Ἀπαραλήπτῳ
1146 4411 1208 4483 (f.
1254 4411 1673 4484 ἀπαραλείπτῳ)
1710 4412 1767 4465 δὲ
1807 4412 2013 4480 τάξεως

434 4502 743 4575 ἀκολουθίᾳ,
779 4503 1035 4575 προσθεὶς
1072 4502 1271 4574 ἔφησεν
1304 4504 1333 4554 6
1365 4505 1733 4576 συγγραφεὺς,
1767 4504 1869 4569 ὅτι,
1900 4506 2008 4559 Καὶ

432 4593 703 4649 ἔσπευσε
730 4594 950 4658 Σαοὺλ,
980 4594 1078 4648 καὶ
1105 4594 1327 4649 ἔπεσεν
1340 4594 1610 4664 ἑστηκὼς
1625 4596 1722 4649 ἐπὶ
1736 4596 1850 4665 τὴν
1868 4595 2003 4667 γῆν,
2041 4576 2085 4630 D

435 4687 534 4743 καὶ
564 4685 823 4757 ἐφοϐήθη
847 4687 1100 4756 σφόδρα,
1134 4687 1326 4757 λέγων,
1361 4687 1479 4742 ἀπὸ
1514 4688 1633 4742 τῶν
1662 4690 1860 4759 λόγων
1890 4692 2003 4743 Σα-

422 4778 652 4851 μουήλο
686 4779 925 4842 ἐκείνους
958 4780 1065 4851 γὰρ
1080 4775 1187 4832 οἶδε
1213 4780 1306 4832 τοῦ
1332 4778 1585 4851 Σαμουὴλ
1608 4774 1889 4843 εἶναιτοὺς
1909 4780 1999 4833 λὸ-

435 4890 587 4942 γους,
607 4870 701 4936 οὒς
730 4872 1102 4943 προεφήτευσε
1130 4871 1226 4942 μὲν
1251 4870 1399 4941 αύτῷ
1429 4870 1642 4941 σώματι
1672 4872 1766 4924 καὶ
1793 4870 2006 4942 γλώττῃ

436 4964 724 5038 παρώνοτὸ
747 4965 804 5018 δὲ
829 4963 1019 5034 φάσμα
1040 4962 1260 5026 τούτους
1289 4961 1635 5029 ἀνεξελέξατο
1661 4964 1806 5025 τοὺς.
1841 5000 1855 5015 .
1891 5002 1906 5016 .
1938 5003 1955 5018 .
1990 5004 2004 5018 .

436 5056 532 5110 καὶ
588 5056 894 5131 προύφερεν
943 5055 1019 5119 ώς
1053 5054 1215 5118 ἰδίους
1238 5071 1251 5085 ·
1288 5048 1362 5109 ὧν
1394 5056 1422 5107 6
1454 5054 1720 5125 δυνάστης
1759 5054 2006 5124 ὑπομνη-

441 5146 605 5211 σθεὶς,
664 5149 759 5203 καὶ
787 5147 856 5201 τά
917 5145 1011 5200 τοῦ
1067 5145 1307 5217 πολέμου
1335 5145 1577 5217 σύμϐολα
1620 5144 1837 5218 θεωρῶν
1861 5146 2007 5199 ἀντι-

438 5254 576 5310 κρυς
608 5238 884 5309 ἱδρυμένα,
932 5237 1185 5309 περιδεὴς
1214 5238 1476 5307 ἐγεγόνει,
1520 5237 1583 5290 τὸ
1610 5236 1784 5309 πέρας
1824 5236 2004 5290 αύτῶν

434 5328 652 5383 ἐννοῶν.
700 5328 837 5381 Ἀλλ’
895 5329 1176 5401 Ὠριγένης
1235 5328 1415 5399 ἑαυτῷ
1455 5328 1700 5399 δόγματα
1736 5328 2004 5391 πλάττων,

433 5419 612 5486 είδὼς,
662 5423 742 5475 ὅτι
792 5421 1032 5476 πλεῖστοι
1077 5421 1176 5493 μὲν
1219 5422 1333 5475 ὅσοι
1374 5421 1730 5492 τυγχάνουσιν
1760 5422 1807 5474 ei
1835 5419 2004 5473 ταῦτα

2117 3327 2171 3371 ιιι
2198 3328 2246 3371 et
2280 3318 2422 3387 ﬁlius
2453 3328 2571 3370 tuus
2612 3316 2903 3369 Jonatlzan.
2938 3315 3146 3386 Duplici
3188 3331 3421 3387 persona
3450 3334 3691 3377 comme-

2114 3418 2324 3464 morata
2377 3409 2701 3463 confirmare
2758 3409 2971 3472 nititur,
3026 3424 3307 3479 nunquam
3361 3410 3574 3479 justum
3619 3412 3690 3467 ab

2114 3500 2318 3570 injuste
2366 3499 2614 3567 diﬂ'erre;
2664 3499 2937 3554 Jonathan
3001 3515 3125 3554 cum
3182 3508 3335 3571 patre
3392 3518 3564 3558 unum
3629 3497 3685 3560 et

2113 3590 2363 3646 eumdem
2391 3589 2550 3645 ﬁnem
2574 3599 2627 3645 et
2652 3598 2855 3647 sortem
2881 3590 3214 3655 habiturum,
3238 3591 3365 3646 licet
3390 3592 3534 3649 illius
3560 3610 3687 3649 cru-

2113 3682 2321 3738 delitati
2366 3682 2589 3738 minime
2638 3684 3015 3743 consenserit,
3049 3682 3342 3739 fatebatur.
3378 3684 3511 3750 Quis
3555 3702 3688 3741 vero

2114 3773 2425 3827 mortalium
2454 3789 2513 3828 se
2534 3789 2642 3828 non
2670 3789 2865 3844 capere
2894 3772 3193 3842 simulabit,
3213 3790 3336 3829 eum
3366 3775 3458 3846 qui
3484 3776 3687 3847 optime

2111 3864 2342 3931 vixerit,
2372 3864 2652 3935 prophetae
2687 3862 2854 3918 David
2885 3874 3215 3928 amatorem,
3261 3872 3316 3920 et
3347 3869 3441 3937 qui
3476 3882 3686 3938 nequa-

2113 3970 2276 4023 quam
2303 3956 2514 4025 justum
2542 3956 2747 4026 injuste
2781 3957 3033 4026 persequi
3065 3972 3236 4013 ausus
3275 3957 3504 4025 fuisset,
3534 3973 3686 4015 eam-

2113 4046 2236 4103 dem
2278 4064 2401 4103 cum
2454 4056 2803 4120 persecutore
2843 4049 3146 4105 mercedem
3200 4050 3491 4119 accipere?
3531 4049 3686 4106 Nunc

2112 4154 2276 4211 quam
2306 4140 2483 4207 enim,
2520 4150 2581 4196 ut
2609 4141 2776 4196 verbo
2806 4142 3083 4211 expleam,
3130 4156 3231 4211 pro
3279 4140 3486 4210 inju'sto
3529 4150 3683 4211 patre

2112 4242 2343 4288 mortem
2397 4233 2569 4288 obibit
2623 4232 2785 4288 ﬁlius.
2833 4232 3067 4303 Ideoque
3117 4233 3221 4287 hoc
3267 4233 3431 4288 etiam
3479 4234 3683 4292 indicio

2112 4324 2526 4378 mendaciorum
2557 4322 2740 4393 opifex
2767 4322 3213 4392 deprehenditur.

2184 4412 2323 4468 XVI.
2352 4412 2551 4467 Rerum
2581 4429 2741 4482 porro
2770 4421 3042 4484 gestarum
3071 4412 3213 4469 serie
3240 4427 3351 4468 non
3379 4413 3679 4484 interrupta

2115 4510 2308 4559 auctor
2333 4504 2547 4560 subdit:
2572 4503 2641 4557 Et
2665 4505 2931 4575 festinavit
2955 4503 3108 4569 Saul,
3136 4513 3185 4559 et
3207 4504 3391 4558 cecidit
3409 4514 3678 4573 porrectus

2112 4610 2269 4665 super
2294 4604 2524 4657 terram,
2560 4603 2609 4648 et
2646 4595 2823 4649 timuit
2862 4594 3011 4648 ualde
3038 4611 3071 4648 a
3096 4596 3420 4649 sermonibus
3458 4594 3680 4651 Samue-

2111 4686 2177 4739 lis
2203 4686 2269 4739 ⁸³.
2301 4685 2408 4740 Eos
2436 4686 2579 4741 enim
2612 4702 2892 4742 sermones
2923 4686 3194 4741 Samuelis
3217 4701 3340 4741 esse
3365 4697 3675 4769 agnoverat,

2112 4792 2250 4848 quos
2276 4792 2399 4831 cum
2421 4777 2600 4832 adhuc
2632 4785 2776 4833 esset
2808 4781 2862 4831 iu
2893 4777 3032 4832 vivis
3056 4784 3111 4832 et
3146 4791 3374 4846 corpore
3412 4785 3466 4832 et
3495 4778 3678 4850 lingua

2112 4870 2550 4941 praphctaverat.
2583 4868 2709 4925 Haec
2738 4886 2769 4923 a
2798 4878 3014 4940 spectro
3040 4870 3247 4925 delecta
3276 4871 3432 4939 quasi
3459 4872 3679 4941 pr0pria

2116 4958 2549 5030 proferebantur.
2610 4958 2853 5025 Quorum
2896 4974 3020 5014 cum
3066 4961 3402 5016 meminisset
3454 4975 3580 5026 rex,
3623 4970 3678 5015 et

2113 5049 2489 5119 conspexisset
2530 5049 2663 5104 satis
2708 5057 2889 5119 aperte
2927 5049 3054 5104 belli
3082 5048 3237 5120 signa
3272 5056 3486 5113 erecta,
3515 5047 3675 5103 ﬁnem

2112 5140 2486 5195 imminentem
2517 5138 2951 5194 animadvertens
2981 5146 3130 5194 metu
3162 5137 3366 5193 fractus
3398 5152 3462 5193 ac
3486 5138 3678 5194 debili-

2112 5240 2259 5286 tatus
2271 5238 2378 5286 est.
2394 5231 2464 5283 At
2478 5228 2759 5300 Origenes,
2778 5231 2994 5286 sibimet
3007 5231 3108 5301 ipsi
3125 5230 3377 5302 dogmata
3392 5228 3674 5301 efﬁngens.

2113 5324 2293 5380 sciens
2318 5322 2582 5393 plurimos
2606 5336 2729 5378 esse
2757 5322 2849 5392 qui
2880 5322 2995 5377 haec
3037 5322 3401 5378 determinant
3419 5362 3434 5387 ,
3480 5321 3547 5376 ad
3577 5337 3677 5377 sua

2114 5415 2259 5469 dicta
2312 5419 2688 5483 oppugnantes
2738 5411 2984 5467 oratione
3028 5424 3291 5468 conversa
3344 5408 3568 5465 minime
3621 5409 3676 5464 id

505 5535 630 5609 “LI!
663 5535 788 5609 Reg.
818 5553 911 5604 xv,
939 5538 992 5593 9.
1023 5538 1067 5571 "
1100 5537 1131 5592 Ι
1187 5537 1313 5609 Reg.
1358 5553 1474 5603 xxx,
1507 5536 1561 5593 9.
1649 5535 1694 5567 ⁸⁸
1733 5531 1759 5588 I
1792 5532 1919 5605 Reg.
1986 5546 2123 5596 xm,
2169 5529 2256 5583 18.
2336 5527 2379 5559 ⁸⁸
2431 5524 2463 5581 1
2511 5524 2637 5596 Reg.
2689 5539 2788 5591 xu,
2840 5523 2927 5579 l8.
3008 5523 3054 5556 “
3123 5521 3152 5576 I
3187 5521 3317 5593 Reg.
3353 5538 3548 5587 xxvm,
3580 5521 3673 5579 £9.

439 5607 487 5642 ⁸⁸⁸
516 5606 650 5662 ibid.
680 5607 771 5663 20.

508 5701 654 5771 (5”)
692 5698 836 5768 Παρ⁹
861 5698 1038 5767 αὐτῷ.
1063 5698 1227 5754 Forte
1256 5698 1384 5768 παρ’
1402 5694 1556 5763 αὐτό,
1583 5694 1667 5753 vel
1688 5693 1817 5766 παρ’
1837 5692 1994 5749 αυτά.

436 5770 595 5915 Εοῖὧ.
611 5844 750 5900 Μετ’
774 5840 981 5897 αὑτοῦ.
1007 5836 1170 5897 Forte
1196 5838 1333 5912 μετά
1347 5836 1463 5893 τοῦ.

2176 5689 2254 5763 (7)
2294 5690 2553 5763 Τοιαῦτα.
2584 5685 2959 5763 Εοιιομταῦτα.
2991 5684 3198 5759 (Ταῦτα
3222 5686 3437 5760 ῥήματα
3463 5702 3571 5745 non
3587 5704 3667 5750 est

2112 5757 2302 5819 Graeca
2339 5759 2561 5819 locutio.
2590 5757 2788 5831 Enn.)
