4132 6422
503 356 609 413 σιτ

1489 355 1548 411 S.
1584 352 1960 410 EUSTA'I‘H"
1999 352 2309 410 EPISCOPI
2349 353 2767 411 ANTIOCHENI

3647 357 3754 413 648

501 484 650 525 cura:
700 468 888 526 habuit
938 474 996 521 ut
1045 468 1230 522 debito
1262 476 1512 538 respectu
1559 468 1612 522 id
1666 468 1810 538 quod
1860 481 2065 537 :equum

2179 464 2559 540 ψηφιζόμενοι,
2592 467 2727 538 πρὸς
2763 466 2889 530 τοὺς
2924 466 3301 535 ἀντιλέγοντας
3328 466 3478 538 αὐτῷ
3510 468 3755 540 διαλεγό-

503 575 623 621 erat
642 562 1020 631 conquireret,
1071 561 1166 615 sed
1201 560 1354 630 prius
1376 560 1790 629 engastrimythi
1838 558 2078 612 fabulam

502 662 568 717 ad
616 674 807 715 omnes
846 659 1124 728 pertinere
1176 657 1391 719 fassus,
1429 656 1657 711 veritate
1702 656 1768 709 ad
1825 672 2079 712 necessa-

499 754 637 808 riam
664 753 1124 807 cxaminationcm
1164 752 1415 804 invoca'a
1458 748 1738 803 veritatem
1774 748 1946 820 ipsam
1982 764 2079 818 pa-

499 843 605 897 lam
644 853 940 913 oppugnat.
993 841 1260 910 Deinceps
1292 840 1564 894 Samuelis
1608 839 1865 895 laudibus
1899 856 1964 894 ex
1995 838 2080 893 di-

498 933 641 987 vinis
668 933 869 987 litteris
898 933 1026 986 hinc
1061 932 1186 986 inde
1218 931 1470 986 deductis
1500 940 1555 983 ct
1595 932 1913 998 recensitis,
1948 940 2079 985 tunc

501 1023 700 1078 iterum
734 1023 837 1078 sub
873 1031 1135 1094 potestate
1174 1022 1437 1077 daemonis
1473 1022 1624 1075 illum
1654 1037 1892 1091 ponens,
1929 1023 2079 1077 hisce

499 1117 683 1173 verbis
733 1106 1062 1187 syllabisque
1110 1132 1222 1170 rem
1260 1116 1367 1185 agit
1417 1133 1430 1168 :
1483 1114 1735 1169 Fortasse
1780 1126 1959 1168 tantus
2001 1116 2078 1168 vir

505 1212 601 1266 sub
652 1220 794 1264 terra
854 1213 1012 1265 erat?
1058 1218 1106 1263 et
1156 1210 1337 1263 eduxit
1396 1208 1548 1262 illum
1590 1209 2078 1279 engastrimythus?

505 1301 741 1357 Habetne
772 1302 1076 1370 facultatem
1117 1301 1323 1354 daamon
1350 1302 1402 1354 in
1428 1302 1661 1355 animam
1682 1300 2078 1369 propheticum?

500 1394 605 1450 Sed
648 1396 762 1449 haac
793 1396 947 1463 quasi
978 1393 1236 1447 haesitans
1271 1394 1354 1447 vel
1388 1393 1623 1447 fortasse
1647 1394 1812 1446 etiam
1840 1393 2077 1448 interro-

497 1503 632 1557 gans
657 1486 869 1541 videtur
908 1486 1010 1541 sibi
1044 1486 1187 1554 apud
1228 1486 1520 1541 nonnullos
1551 1486 1846 1555 aliquando
1872 1484 2074 1541 dicere.

496 1576 696 1633 Verum
728 1585 787 1631 ut
833 1591 931 1646 per
968 1575 1367 1645 subsequentes
1413 1577 1790 1646 perorationes
1838 1576 1953 1631 haec
2002 1575 2075 1628 ita

496 1687 557 1727 se
580 1671 779 1726 habere
808 1669 1177 1731 confirmaret,
1210 1669 1444 1724 clariore
1478 1671 1665 1724 nescio
1695 1683 1805 1739 quo
1835 1669 2075 1722 clamore

2185 576 2361 629 μενος,
2415 560 2514 612 ούκ
2564 558 2862 612 ἐσπούδασε
2907 559 3043 629 μετά
3087 559 3189 629 τῆς
3222 560 3579 632 ὀφειλομένης
3597 563 3758 616 εύλα-

2180 654 2329 715 ὅείας
2363 651 2667 725 ἀκριϐὦσαι
2702 652 2764 705 τὸ
2811 651 2950 717 δέον,
2976 651 3111 707 ἀλλά
3138 669 3202 721 γε
3229 653 3292 707 τὸ
3324 654 3427 724 τῆς
3463 656 3757 727 ἐγγαστρι-

2182 744 2350 815 μύθου
2395 745 2580 816 δρᾶμα
2628 744 2847 797 πάντων
2897 744 3164 798 ἅπτεσθαι
3204 744 3507 816 προλέγων,
3538 748 3631 801 καὶ
3657 747 3755 819 τὴν

2178 837 2434 909 ἀλήθειαν
2490 839 2570 900 εἰς
2619 837 2717 907 τὴν
2764 836 3007 900 ἐξέτασιν
3035 837 3322 907 ἀνειμαίαν
3355 837 3433 908 (8)
3465 838 3757 893 ἐπικαλού-

2182 946 2361 1000 μενος,
2393 929 2527 999 αύτῇ
2558 930 2622 1000 τῇ
2652 927 2877 998 ἀληθείᾳ
2906 928 3136 998 μάχεται
3159 929 3467 1000 προφανῶς.
3499 925 3633 984 Εἶτα
3659 931 3756 986 τοῦ

2179 1018 2431 1091 Σαμουὴλ
2454 1018 2703 1088 ἐγκώμια
2747 1017 2977 1084 διεξιὼν,
3004 1020 3104 1072 ὅσα
3137 1019 3266 1091 περὶ
3296 1019 3460 1073 αὑτοῦ
3478 1020 3757 1077 διαλαλοῦ-

2180 1129 2263 1165 σιν
2316 1113 2373 1165 αἱ
2426 1111 2565 1165 θεῖαι
2598 1112 2834 1184 Γραφαὶ,
2872 1110 3170 1182 τηνικαῦτα
3207 1112 3369 1165 πάλιν
3408 1111 3513 1165 ὑπὸ
3540 1112 3638 1184 τὴν
3656 1113 3755 1169 τοῦ

2175 1202 2425 1274 δαίμονος
2469 1202 2715 1269 ἐξουσίαν
2774 1202 3088 1271 ἀποφαίνων
3122 1202 3305 1267 αὑτὸν,
3338 1204 3521 1267 αὐτοῖς
3544 1206 3755 1276 ῥήμασι

2178 1297 2273 1350 καὶ
2329 1298 2519 1360 αὐταῖς
2569 1293 2846 1366 ὲπέφραζε
2872 1294 3163 1359 συλλαϐαῖς
3187 1312 3201 1326 ·
3226 1293 3345 1364 Ἆρ’
3378 1292 3492 1351 οὖν
3528 1301 3561 1351 ό
3590 1301 3753 1365 τηλι-

2178 1390 2394 1457 κοῦτος
2421 1390 2540 1443 ὑπὸ
2565 1389 2679 1457 τὴν
2705 1389 2822 1458 γῆν
2848 1385 2960 1458 ἦν;
3001 1388 3097 1441 καὶ
3138 1388 3443 1458 ἀνήγγιγεν
3486 1389 3675 1443 αὐτὸν
3710 1392 3751 1459 ἡ

2175 1482 2676 1552 ἑγταστρίμυθοα
2723 1480 3038 1544 Ἐξουσίαν
3061 1479 3185 1549 ἔχει
3215 1479 3523 1550 δαιμόνιον
3548 1478 3754 1551 ψυχῆς

2177 1573 2587 1644 προφητικῆς;
2633 1573 2793 1627 Ἀλλά
2859 1572 3033 1627 ταῦτα
3094 1574 3194 1645 μὲν
3237 1573 3314 1637 ὼς
3359 1573 3674 1647 ἐπαπορῶν,
3716 1575 3749 1641 ἦ

2176 1669 2317 1738 τάχα
2368 1667 2496 1729 ἴσως
2541 1669 2799 1739 ἐρόμενος
2844 1668 3148 1720 ύπονοεῖται
3181 1666 3359 1735 λέγειν
3389 1666 3561 1720 ἐνίοτε
3602 1668 3753 1739 παρά

493 1765 810 1833 obstrepeus
824 1771 877 1817 et
891 1762 1219 1828 elocutione,
1238 1763 1355 1831 subj
1366 1764 1517 1834 ungit
1535 1782 1548 1817 :
1566 1762 1779 1832 Scripta
1801 1772 1923 1817 sunt
1938 1762 2065 1818 Izch

2177 1778 2335 1815 τισιν.
2369 1761 2484 1813 ’Ὶνα
2534 1761 2591 1814 δὲ
2628 1760 2717 1814 διὰ
2744 1759 2854 1813 τῶν
2885 1759 3075 1813 ἔπειτα
3112 1760 3427 1830 συστήσειεν
3463 1759 3750 1828 ἐπιλόγων,

494 1855 602 1910 ait:
624 1870 810 1908 verane
836 1863 955 1907 sunt
983 1855 1092 1907 haec
1110 1872 1176 1908 an
1196 1857 1328 1910 non?
1346 1854 1455 1908 Illa
1481 1872 1583 1909 non
1614 1870 1729 1909 esse
1757 1871 1879 1909 vera
1906 1854 2068 1924 afﬁr-

496 1964 640 2000 mare
663 1948 718 2000 in
744 1946 1107 2014 inﬁdelitatem
1127 1945 1308 2012 ducit,
1334 1963 1451 2015 qua:
1475 1948 1529 1999 in
1557 1946 1844 2000 dicentium
1868 1947 2066 2014 capita,

493 2047 554 2093 ut
592 2038 709 2108 ipse
749 2036 916 2105 dicit,
950 2040 1138 2093 veniet.
1173 2036 1233 2093 Si
1279 2055 1401 2092 vera
1447 2048 1606 2104 sunt,
1648 2038 1985 2108 quwstionem
2019 2048 2066 2091 et

492 2131 873 2186 dubitationem
918 2131 1069 2186 nobis
1102 2132 1365 2185 exhibent.
1394 2130 1474 2184 Ad
1507 2131 1623 2185 haec
1657 2146 1848 2186 rursus
1873 2146 2067 2201 parum

492 2232 652 2279 caute
696 2239 817 2298 quae
860 2223 963 2279 fert
1010 2224 1329 2289 stabiliens,
1356 2233 1410 2278 et
1448 2223 1786 2278 contrarium
1830 2223 2069 2279 sentien-

492 2317 628 2371 tium
655 2317 1006 2387 opinionibus
1034 2318 1301 2387 expositis
1322 2359 1337 2382 ,
1380 2317 1565 2371 subdit
1600 2336 1613 2371 :
1651 2315 1719 2370 Et
1760 2325 1933 2371 tamen
1962 2317 2068 2372 sci-

493 2424 610 2461 mus
649 2408 931 2461 nonnullos
967 2422 1030 2462 ex
1076 2409 1271 2462 nostris
1316 2408 1578 2477 fratribus
1623 2408 1846 2462 adverso
1891 2408 2067 2462 animo

494 2496 826 2567 Scripturam
889 2498 1150 2552 contnilos
1183 2498 1353 2553 dicere
1394 2516 1411 2552 :
1456 2498 1576 2553 Non
1623 2498 1774 2554 credo
1809 2501 2070 2570 engastrio

491 2588 690 2661 rnytlto.
717 2587 1180 2659 Engastrimytltus
1203 2590 1331 2643 dicit
1358 2588 1655 2645 Samuelem
1678 2590 1903 2656 vidisse;
1922 2608 2067 2646 men-

492 2682 644 2737 titur.
689 2679 850 2735 Plura
879 2681 984 2734 alia
1013 2689 1274 2751 praeterea
1298 2683 1614 2746 interserit,
1647 2683 1847 2753 quibus
1883 2692 2067 2754 aperte

488 2771 737 2843 increpat
786 2787 979 2828 omnes
1038 2772 1132 2842 qui
1181 2774 1599 2830 vaticinationes
1650 2776 2066 2849 engastrimythi

490 2859 659 2916 falsas
689 2876 812 2916 esse
842 2861 1222 2932 pronuntiant,
1249 2872 1301 2916 et
1345 2863 1628 2919 maledicta
1664 2865 1715 2919 in
1746 2866 1925 2936 capita
1955 2882 2064 2922 non

487 2951 825 3008 credentium
881 2952 958 3007 illi
1012 2952 1291 3022 congerit;
1343 2961 1398 3009 et
1446 2956 1597 3009 nullo
1644 2958 1860 3027 negotio
1906 2957 2063 3014 facile

489 3043 688 3098 animis
725 3043 1016 3099 mobilibus
1048 3059 1107 3099 se
1137 3059 1525 3114 persuasurum
1566 3054 1750 3111 ratus,
1782 3049 1886 3117 ipsi
1916 3048 2064 3104 Scri-

487 3142 661 3205 plura;
708 3134 1077 3189 narrationem
1120 3136 1370 3207 impingit
1421 3156 1434 3191 :

2175 1857 2256 1908 ὅτι
2296 1853 2469 1907 ταῦτα
2515 1851 2690 1917 οὓτως
2726 1853 2861 1924 ἔχει,
2909 1853 3205 1925 λευκοτέρᾳ
3250 1852 3544 1924 προσετίθη
3591 1853 3752 1923 φάσει

2174 1965 2226 1999 τι
2280 1946 2694 2024 ὑποκεκραγὼς,
2763 1945 3188 2016 Ἐγηιέγραπται
3248 1944 3476 2008 ταῦτας
3544 1946 3747 2016 φησιν’

2173 2036 2369 2105 ἀληθῆ
2410 2038 2600 2100 ἐστιν,
2648 2036 2686 2105 ἣ
2727 2039 2838 2090 οὐκ
2888 2037 3058 2090 ἐστιν
3094 2036 3333 2105 eundi};
3376 2036 3444 2090 Τὸ
3481 2036 3568 2106 μὴ
3600 2033 3750 2091 εἶναι

2172 2128 2368 2196 ἀληθῆ
2406 2127 2607 2199 λέγειν
2643 2130 2730 2194 εις
2771 2129 3059 2184 ἀπιστίαν
3102 2127 3447 2197 προτρέπει·
3493 2128 3751 2196 χωρήσει

2173 2220 2274 2273 ἐπὶ
2304 2222 2591 2290 κεφαλὰς,
2628 2221 2886 2292 φάμενος,
2917 2219 3038 2273 τῶν
3059 2223 3394 2289 λεγόντων·
3425 2219 3493 2273 τὸ
3514 2219 3583 2272 δὲ
3598 2220 3751 2274 εἶναι

2172 2309 2370 2381 ἀληθῆ
2431 2311 2677 2381 ζήτησιν
2729 2313 2825 2367 καὶ
2866 2312 3248 2380 ἐπαπόρησιγ
3290 2311 3437 2381 ἡμῖν
3483 2310 3745 2381 παρέχει.

2175 2401 2324 2457 Μετά
2373 2404 2428 2457 δὲ
2470 2404 2647 2469 τοῦτο,
2683 2403 2844 2458 πάλιν
2895 2402 3125 2473 βεϐαιῶν
3155 2403 3566 2467 ἀνεπισκέπτως
3605 2402 3749 2474 άπερ

2172 2493 2533 2563 εἰσαγγέλλει,
2579 2494 2672 2547 καὶ
2709 2493 2808 2556 τάς
2848 2493 2957 2547 τῶν
2991 2493 3404 2559 ἀντιδοξούντων
3433 2491 3582 2563 αὑτῷ
3617 2492 3749 2561 γνὼ-

2176 2598 2282 2652 μας
2313 2581 2656 2652 ἐκτιθέμενος
2686 2581 2969 2654 ἐπιφέρειο
3022 2582 3132 2638 Καὶ
3193 2582 3322 2652 μὴν
3360 2583 3540 2651 ἴσμεν
3580 2581 3749 2649 τινὰς

2170 2672 2290 2726 τῶν
2307 2672 2607 2741 ἡμετέρων
2623 2672 2903 2743 ἀδελφῶν
2915 2674 3394 2743 ἀναϐλέψαντας
3420 2674 3496 2744 τῇ
3511 2675 3743 2746 Γραφῇ,

2171 2764 2270 2819 καί
2330 2763 2652 2832 λέγοντας·
2707 2765 2789 2817 Οὐ
2848 2766 3108 2817 πιστεύω
3150 2763 3224 2833 τῇ
3277 2766 3741 2836 ἐγγαστριμύθῳ.

2169 2856 2338 2925 Λέγει
2369 2856 2409 2923 ἡ
2438 2855 2904 2925 ἐγγαστρίμυθος
2938 2855 3259 2923 ἑωρακέναι
3286 2858 3393 2911 τὸν
3426 2857 3708 2928 Σαμουήλ
3727 2875 3741 2888 ’

2168 2941 2471 3011 ψεύδεται.
2520 2944 2629 2997 Καὶ
2688 2944 2860 2998 πολλά
2902 2946 2981 3013 γε’
3010 2946 3146 3018 πρὸς
3188 2948 3282 3000 ἐπὶ
3303 2946 3515 3011 τούτοις
3542 2948 3704 3021 ἔτερα
3726 2965 3742 2981 ·

2167 3036 2256 3090 διὰ
2287 3037 2344 3091 δὲ
2374 3037 2577 3093 τούτων
2608 3039 3085 3111 ἀπαρακαλύπτως
3114 3041 3341 3113 ἐπιτιμᾷ
3370 3045 3482 3106 τοῖς
3506 3044 3743 3113 ἀποφαί-

1490 3137 1699 3205 Scripta
1750 3140 1858 3195 lucc
1904 3150 2026 3196 sunt
2047 3182 2061 3206 ,

2170 3146 2319 3182 νουσι
2351 3129 2517 3201 ψευδῆ
2550 3130 2619 3184 τά
2645 3132 2742 3202 τῆς
2774 3132 3212 3205 ἐγγαστριμύθου
3248 3134 3619 3206 μαντεύματα,
3651 3139 3745 3192 καὶ

486 3224 711 3290 dicens,
749 3242 817 3280 an
849 3244 952 3282 non
987 3227 1186 3296 scripta
1230 3232 1397 3285 sunt?
1440 3228 1505 3283 Et
1538 3232 1974 3291 ratiocinationis
2012 3235 2062 3290 vi

2169 3220 2556 3294 καταρώμενος
2613 3222 2685 3293 (9)
2720 3226 2813 3277 ἐπὶ
2858 3224 3098 3294 κεφαλὰς
3143 3226 3406 3299 ἀναφέρει
3461 3227 3570 3282 τῶν
3612 3230 3741 3283 ἀπι-

487 3317 604 3373 ιιωο
637 3319 827 3375 eadem
861 3329 1113 3389 repetens
1160 3320 1325 3377 infert
1356 3338 1367 3372 :
1417 3321 1617 3378 Verane
1662 3334 1783 3378 sunt
1827 3324 1969 3392 lucc,
1995 3343 2065 3381 an

485 3426 589 3465 non
614 3420 735 3465 sunt
761 3416 920 3468 vera?
943 3412 1139 3467 Tamen
1178 3414 1441 3483 prop/tcta:
1470 3416 1703 3469 animam
1736 3433 2063 3487 nequaquam

487 3500 649 3555 fuisse
688 3511 957 3557 evocatam
1005 3502 1385 3559 dubitationem
1431 3504 1615 3570 nobis,
1666 3516 1717 3561 et
1756 3509 2063 3578 scrupulum

481 3591 676 3663 injicit.
734 3593 806 3648 At
858 3595 1059 3651 similia
1104 3597 1335 3652 daamoni
1382 3599 1710 3663 concedere,
1765 3603 1911 3671 quod
1959 3605 2063 3659 erit

484 3682 617 3737 illud
649 3684 869 3739 scelus?
908 3701 1028 3755 qua:
1058 3686 1356 3757 impietas?
1393 3686 1645 3745 Nondum
1682 3690 1929 3757 haesitat,
1962 3709 2059 3749 ne-

485 3789 593 3845 que
643 3790 779 3844 pura
825 3793 889 3831 ac
933 3793 1081 3834 mera
1124 3780 1399 3835 dementia
1442 3780 1771 3850 depravatus
1817 3786 2058 3839 animum

483 3864 740 3921 advertit.
802 3866 1013 3938 Quippe
1056 3869 1433 3938 hujuscemodi
1503 3872 1815 3930 facultatem
1867 3884 2060 3945 prazter

482 3953 652 4011 Deum
702 3959 912 4015 animas
965 3962 1033 4018 ab
1089 3962 1280 4019 inferis
1334 3966 1629 4021 revocandi
1682 3967 2059 4041 educendique

481 4062 645 4103 nemo
689 4050 830 4107 alius
859 4053 1039 4108 habet.
1072 4054 1257 4126 itaque
1283 4055 1464 4111 denuo
1493 4056 1582 4112 hic
1616 4060 2054 4131 respondendum

478 4147 593 4207 est,
622 4141 738 4197 haec
767 4144 987 4214 quidem
1022 4146 1075 4201 in
1119 4148 1293 4203 sacris
1332 4145 1632 4218 Scripturis
1664 4152 1970 4218 contineri,
2001 4164 2057 4209 at

479 4246 589 4287 non
632 4248 700 4288 ex
738 4250 972 4305 persona
1019 4239 1242 4308 propria
1272 4238 1325 4294 id
1358 4249 1539 4295 actum
1574 4241 1743 4298 fuisse
1772 4253 2051 4300 auctorem

479 4325 794 4395 praedicere.
823 4327 1011 4399 Neque
1044 4330 1189 4384 enim
1229 4331 1370 4386 liber
1402 4332 1734 4403 propheticis
1780 4336 2052 4391 semani-

476 4416 580 4473 bus
613 4420 909 4490 pugnantia
961 4422 1131 4475 multa
1175 4422 1339 4477 simul
1385 4424 1440 4478 in
1486 4440 1653 4479 unum
1700 4435 2049 4496 congereret,

2170 3315 2433 3369 στούντων
2460 3316 2619 3389 αὐτῇ.
2681 3317 2881 3389 Ῥᾷστα
2914 3319 3096 3390 μέντοι
3117 3322 3301 3373 πεῖσαι
3333 3321 3457 3385 τοὺς
3500 3322 3745 3395 εὐχερεῖς

2166 3406 2388 3472 ἐθέλων,
2422 3408 2557 3480 αὐτῇ
2606 3409 2895 3480 περιάπτει
2927 3412 2994 3482 τῇ
3033 3411 3217 3483 Γραφῇ
3236 3412 3319 3497 ,τὸ
3351 3414 3613 3484 διήγημα,
3642 3414 3742 3468 Γέ·

2165 3514 2416 3568 πραπται
2443 3500 2649 3566 ταῦτα,
2678 3500 2871 3570 λέγων,
2919 3501 2958 3570 ἢ
2998 3505 3070 3557 οὺ
3099 3502 3450 3573 remaneat;
3490 3506 3743 3574 Συλλογι-

2165 3598 2322 3665 στικῇ
2336 3594 2393 3647 δὲ
2413 3592 2675 3665 δεινότητι
2700 3594 2979 3668 χρώμενος
2998 3597 3356 3666 ἐπάγειδευτε
3365 3598 3492 3669 ρῶν,
3529 3598 3739 3668 Ἀληθῆ

2162 3686 2349 3740 ταῦτά
2379 3687 2569 3751 ἐστιν,
2618 3687 2657 3756 ἧ
2701 3689 2813 3741 οὐκ
2851 3687 3024 3742 ἔστιν
3047 3688 3246 3758 ἀληθῆ
3268 3706 3286 3754 ;
3310 3694 3511 3744 Καίτοι
3541 3691 3607 3745 τὸ
3624 3691 3741 3760 μὲν

2163 3780 2273 3833 οὐκ
2292 3778 2551 3848 ἀνῆχθαι
2569 3779 2684 3847 τὴν
2707 3781 2813 3834 τοῦ
2842 3782 3151 3849 προφήτου
3179 3782 3411 3853 ψυχὴν,
3437 3783 3740 3853 ἐπηπόρη-

2161 3886 2266 3925 σιν
2280 3871 2444 3941 ἡμῖν,
2476 3870 2601 3943 ἔφη,
2628 3872 2874 3941 παρέχει
2903 3873 2999 3926 καὶ
3028 3871 3277 3942 ζήτησιν
3295 3889 3310 3904 ·
3339 3873 3471 3927 αὐτὸ
3498 3874 3554 3927 δὲ
3584 3874 3643 3926 τὸ
3669 3875 3739 3927 τὰ

2159 3962 2385 4017 τοιαῦτα
2437 3961 2744 4033 διδόναιτῷ
2790 3962 3039 4035 δαίμονι,
3095 3965 3267 4035 πόσης
3316 3965 3575 4029 ἀσεϐείας
3620 3966 3738 4019 ἐστὶ

2162 4055 2389 4125 μεστόν;
2424 4055 2620 4109 Οὐκέτι
2653 4056 2799 4125 λέγει
2836 4055 3033 4127 ζητῶν,
3060 4056 3182 4110 οὐδὲ
3217 4058 3471 4129 προσέχει
3496 4057 3585 4111 τὸν
3609 4055 3733 4109 νοῦν

2157 4149 2384 4220 ἀκράτῳ
2418 4149 2646 4221 πληγεὶς
2687 4151 2964 4221 ἀσυνεσίᾳ.
3000 4150 3119 4224 Θεῷ
3167 4151 3277 4225 γάρ
3317 4153 3549 4230 ύπᾴρχει
3587 4150 3734 4221 μόνῳ

2155 4241 2375 4313 τοιαύτῃ
2398 4241 2614 4313 ἐξουσίᾳ
2649 4242 2984 4307 ἐπιτάσσειν,
3008 4242 3145 4296 ὥστε
3186 4243 3362 4314 ψυχὰς
3392 4241 3450 4307 ἐξ
3472 4242 3598 4313 ᾅδου
3637 4258 3735 4312 με-

2155 4332 2541 4403 ταπέμπεσθαι
2588 4334 2680 4387 καὶ
2733 4334 2935 4389 καλεῖν.
3008 4334 3455 4389 Ἀνθυπενεκτέον
3514 4330 3607 4387 οὖν
3654 4336 3736 4387 ἐν-

2153 4423 2328 4477 ταῦθα
2379 4424 2539 4478 πάλιν
2562 4442 2576 4455 ·
2614 4426 2702 4479 Ἐν
2734 4426 2832 4497 μὲν
2862 4430 2982 4490 ταῖς
3017 4428 3189 4499 ἱεραῖς
3220 4428 3537 4499 ἀνείληπται
3560 4425 3734 4480 ταῦτα

476 4516 539 4564 ιιι
575 4515 630 4565 et
670 4511 825 4580 prius
869 4511 1243 4579 ostendimus,
1286 4524 1340 4569 et
1375 4516 1538 4585 paulo
1582 4514 1725 4570 infra
1767 4517 2042 4585 dicemus;

2168 4519 2413 4591 .‘pazpaiq,
2446 4519 2507 4573 ού
2536 4518 2640 4591 μὴν
2684 4520 2742 4588 ἐξ
2788 4520 2912 4574 ίδίου
2953 4521 3245 4593 προσώπου
3290 4522 3350 4576 τὸ
3379 4523 3586 4576 τοιοῦτο
3617 4521 3734 4577 δια-

475 4599 569 4671 qui
609 4603 1025 4675 engastrimythi
1056 4605 1219 4660 verba
1241 4647 1255 4670 ,
1287 4613 1342 4661 et
1374 4606 1637 4663 furiosam
1670 4607 1817 4678 regis
1851 4610 2033 4679 cogni-

2158 4610 2472 4681 πεπρᾶχθαι
2510 4612 2741 4684 γράμμα
2773 4613 2882 4684 (10)
2919 4612 3214 4685 προύλεγεν
3272 4615 3300 4667 ὁ
3347 4612 3727 4685 συγγραφεύς·

473 4695 679 4749 tionem
720 4695 976 4765 operibus
1022 4697 1344 4768 ignorantiae
1388 4698 1603 4769 plenam
1652 4697 2044 4769 deprehensam

2168 4704 2213 4757 >ὑ
2247 4703 2355 4775 γάρ
2390 4701 2457 4757 ἂν
2503 4704 2860 4777 ἐκκλησίαζεν
2902 4708 2935 4779 ἡ
2970 4706 3169 4778 βίϐλος,
3204 4706 3423 4761 ἐναντία
3453 4707 3572 4768 ταῖς
3602 4722 3732 4775 προ-

473 4785 812 4858 designabat.
850 4786 983 4843 Nam
1037 4806 1215 4861 neque
1268 4800 1456 4861 aptum
1512 4806 1689 4862 neque
1742 4809 2045 4866 congruum

2168 4796 2411 4864 ρητικαῖς
2450 4794 2754 4849 ἀντιϐοῶσα
2801 4801 3034 4866 φωναῖς,
3097 4796 3171 4861 ὥς
3217 4814 3281 4866 γε
3339 4797 3434 4850 καὶ
3495 4794 3731 4868 πρόσθεν

471 4878 579 4933 erit
618 4878 693 4932 ita
742 4878 957 4937 divinas
991 4881 1201 4939 litteras
1253 4894 1606 4953 pertractare.
1657 4884 1867 4956 Quippe
1919 4903 2042 4943 cum

2168 4885 2449 4957 εδείξαμεν,
2484 4887 2577 4942 καὶ
2610 4890 2802 4961 μικρὸν
2844 4889 3068 4962 ὕστερον
3110 4889 3370 4961 ἐροῦμεν·
3404 4888 3539 4943 ἀλλὰ
3565 4887 3628 4959 δὴ
3661 4887 3730 4942 τὰ

473 4970 606 5041 ipsa:
634 4970 905 5028 fateantur
932 4971 1206 5029 diabolum
1245 4986 1415 5032 semet
1454 4977 1632 5048 ipsum
1662 4977 1832 5034 Deum
1865 4990 2047 5050 aperte

2168 4975 2249 5047 τῆς
2281 4977 2717 5050 ἐγγαστριμύθου
2764 4979 3082 5053 διεχάραττε
3112 4983 3352 5053 ῥήματα,
3395 4979 3490 5033 καὶ
3516 4977 3611 5050 τὴν
3636 4979 3731 5049 ἐμ-

474 5063 865 5134 pronuntiare;
902 5064 1025 5120 ideo
1071 5081 1137 5119 ne
1175 5067 1290 5121 sola
1342 5070 1677 5125 narrationis
1719 5070 1864 5125 illius
1907 5072 2048 5127 serie

2168 5070 2292 5140 ιανῆ
2332 5071 2427 5124 τοῦ
2463 5070 2720 5125 δυνάστου
2756 5072 2956 5140 γνῶσιν
3006 5072 3185 5145 ἔργοις
3226 5072 3502 5140 ἀγνωσίας
3529 5069 3729 5123 ἀποδε-

475 5153 553 5208 illi
603 5155 931 5211 credendum
981 5157 1118 5220 erit,
1158 5172 1221 5211 ac
1262 5160 1445 5214 omnia
1500 5161 1577 5215 illi
1629 5161 1954 5227 deferenda,
1986 5170 2047 5216 ut

474 5243 591 5314 ipse
631 5243 893 5318 Origenes
948 5250 1184 5305 asserit?
1229 5250 1281 5305 id
1332 5253 1476 5307 enim
1530 5253 1583 5308 in
1633 5256 1804 5310 sacris
1852 5255 2048 5311 litteris

473 5332 734 5403 scriptum
750 5334 1115 5393 habetur.Vel
1145 5353 1385 5405 rursum,
1436 5355 1562 5395 cum
1609 5339 1897 5397 immodica
1934 5344 2046 5397 ela-

2147 5161 2434 5234 δειγμένην
2487 5164 2771 5219 ἀνάπλεον.
2825 5166 2888 5219 Εἰ
2945 5165 3055 5237 γὰρ
3104 5165 3278 5229 οὕτως
3336 5162 3567 5236 ἁρμόσει
3607 5163 3729 5225 ταῖς

2149 5254 2329 5323 ἁγίαις
2355 5256 2657 5327 ἐπισκῆψαι
2682 5256 2946 5329 Γραφαῖς,
2994 5256 3190 5312 οὐκοῦν
3216 5254 3404 5327 ἐπειδή
3437 5270 3620 5323 φασιν,
3643 5253 3729 5306 ὄτι

2147 5345 2238 5397 καὶ
2261 5344 2392 5398 Θεὸν
2428 5346 2687 5418 ἄντικρυς
2735 5350 2763 5402 ὀ
2803 5347 3045 5411 διάϐολος
3078 5346 3267 5401 ἑαυτὸν
3300 5344 3641 5416 ἀναγορεύει.
3675 5346 3727 5397 εί

473 5431 563 5478 tus
589 5425 844 5496 superbia
873 5443 1089 5484 omnem
1120 5431 1281 5487 simul
1310 5434 1499 5489 mundi
1533 5435 1697 5505 hujus
1732 5440 2040 5496 machinam

2168 5437 2294 5509 ταρά
2329 5437 2483 5492 τοῦτο
2524 5438 2705 5512 δεήσει
2743 5440 3014 5494 πιστεύειν
3046 5440 3212 5512 αὐτῷ,
3240 5443 3307 5512 τῇ
3352 5439 3725 5512 διηγηματικῇ

663 5717 1006 5797 Ἆγειμάιαν.
1055 5722 1200 5797 _Leg.
1249 5726 1567 5796 ἀναγκαίαν.
1615 5754 1687 5772 σ-
1726 5723 2035 5797 Legendum

544 5728 619 5797 (ts)
668 5728 1006 5788 Ἀνειμαιαν.
1072 5728 1200 5794 Leg.
1249 5728 1567 5796 ἀναγκαίαν.
1615 5754 1687 5772 ρ-
1726 5728 2035 5797 Legendum
2216 5728 2288 5794 (9)
2324 5732 2764 5802 Karapcbyemc.
2801 5731 3255 5805 Forte,xat<ipa;.

474 5794 672 5858 potius,
705 5787 1017 5860 ἀνειμένως.
1055 5791 1208 5850 Εοιτ.
2218 5798 2330 5860 (10)
2355 5800 2622 5860 Pedium.
2657 5803 2821 5860 Fdrte
2859 5806 3108 5860 πρᾶγμα.

2218 5798 2330 5871 (10)
2355 5798 2622 5874 Γράμμὶι.
2657 5803 2821 5861 Ftlrte
2859 5806 3108 5876 πρᾶγμα.
