4132 6406
380 376 486 435 649

1253 379 1343 434 DE
1375 377 1960 434 ENGASTRIMYTHO
1997 375 2280 433 CONTRA
2317 377 2691 436 ORIGENEM.

3509 388 3615 446 650

378 497 473 554 τοῦ
511 497 835 570 γράμματος
872 496 1065 570 ἐκδοχῇ
1099 496 1162 551 τὸ
1195 501 1302 553 πᾶν
1326 497 1782 562 ἀνατιθέντας,ὼς
1817 497 1941 566 Ὦρι-

2057 497 2142 551 vel
2172 512 2339 568 regna
2387 498 2534 555 illius
2579 514 2676 555 sua
2727 513 2850 555 esse
2896 500 3136 567 dicat“,
3177 502 3367 560 idcone
3410 504 3617 563 diceret

378 589 547 661 γένης
592 591 929 661 είσηγεῖται;
977 592 1071 645 καὶ
1117 589 1275 644 τοῦτο
1319 591 1427 663 γάρ
1462 593 1541 655 είς
1562 590 1731 653 αύτάς
1760 588 1956 657 ἀναγέ-

376 696 617 752 γραπται
644 682 743 746 τὰς
765 683 1013 754 Γραφάς’
1042 682 1077 754 ἤ
1121 677 1189 736 αὖ
1237 682 1398 737 πάλιν
1426 683 1640 737 ἐπειδὰν
1671 684 1953 754 ὑπερηφα-

376 774 467 846 νίᾳ
521 774 801 847 χρώμενος
851 775 1074 848 ἀμέτρῳ
1119 778 1298 830 πᾶσαν
1340 775 1473 848 ὁμοῦ
1533 776 1630 848 τὴν
1669 775 1821 829 τοῦδε
1857 772 1951 826 τοῦ

376 865 583 936 κόσμου
638 866 984 941 περιγραφὴν
1028 867 1149 938 ἦτοι
1199 868 1294 921 καὶ
1323 866 1422 931 τάς
1469 866 1741 937 βασιλείας
1780 864 1952 934 αὐτῆς

380 958 515 1022 ιδίας
564 954 700 1014 εἶναι
754 960 919 1030 λέγοι,
955 959 1107 1032 παρά
1157 959 1314 1014 τοῦτο
1343 960 1474 1031 φαίη
1502 977 1586 1021 τις
1607 957 1695 1022 ἂν,
1727 956 1802 1021 ὡς
1839 956 1947 1028 ἄρα

383 1053 652 1123 προσήκει
680 1055 840 1118 νοεῖν,
887 1055 970 1108 ὅτι
1011 1053 1340 1127 δημιουργὸς
1377 1052 1539 1116 αὑτός
1606 1053 1752 1104 ἐστιν
1775 1048 1947 1102 ἀπάν-

376 1159 516 1210 των;
555 1143 847 1216 Οῠμενουν,
877 1144 1020 1199 εῐποι
1045 1162 1131 1210 τις
1154 1144 1243 1200 ἀν·
1280 1145 1314 1216 ὴ
1342 1144 1450 1216 γάρ
1471 1159 1553 1196 τοι
1577 1139 1946 1212 διηγηματικὴ

374 1233 656 1307 διεχάραεε
695 1236 847 1309 φωνὴ
889 1238 987 1302 τὰς
1024 1237 1231 1291 ἐκείνου
1280 1233 1699 1307 μεγαληγορίας,
1732 1231 1794 1285 οὗ
1838 1228 1947 1301 μὴν

2055 587 2327 657 quispiam
2375 587 2704 644 credendum
2757 604 2880 647 esse
2934 592 3087 647 illum
3136 608 3317 648 rerum
3373 597 3611 652 omnium

2054 678 2305 749 opiﬁcem
2354 680 2520 738 esse?
2555 681 2623 735 At
2658 697 2820 738 nemo
2864 696 2998 739 sane
3039 683 3094 739 id
3141 684 3357 741 dixerit.
3406 684 3615 759 Quippe

2051 770 2098 827 si
2130 772 2461 830 narrationis
2496 773 2635 829 ordo
2689 773 2860 831 futilis
2906 774 3055 833 illius
3089 776 3404 847 jactationis
3449 781 3615 835 verba

2052 865 2342 934 expressit,
2367 876 2421 921 at
2438 881 2547 922 non
2567 883 2696 923 vera
2724 867 2816 923 illa
2845 869 3016 927 fuisse
3039 869 3365 927 determinat
3396 891 3409 928 :
3438 888 3617 944 neque

2052 954 2108 1014 id
2161 960 2305 1016 ullus
2354 961 2564 1032 uspiam
2594 961 2828 1031 probare
2880 965 3098 1034 pdterit.
3133 965 3242 1023 Sed
3288 966 3486 1023 similia
3529 967 3616 1025 his

2050 1047 2266 1104 inﬁnita
2305 1057 2434 1106 sunt
2463 1052 2519 1106 in
2557 1058 2844 1122 promptu,
2889 1068 3011 1124 quae
3038 1054 3093 1109 in
3143 1055 3381 1112 medium
3421 1054 3616 1113 aﬁ‘erre

2050 1140 2276 1199 minime
2305 1143 2460 1209 libet,
2489 1160 2559 1200 ne
2584 1145 2875 1201 verborum
2906 1147 3069 1218 longo
3096 1147 3328 1203 circuitu
3362 1148 3616 1220 quaestio-

2050 1232 2138 1287 nis
2162 1232 2366 1289 nodum
2394 1234 2632 1306 eﬁugere
2662 1236 2963 1294 videamur.

375 1330 594 1404 ἀληθείς
624 1334 912 1404 ἀποφαίνει
940 1332 1140 1397 αὑτάς·
1176 1331 1282 1386 οὐδ’
1308 1331 1425 1385 ἐστὶ
1451 1329 1528 1393 δὲ,
1577 1329 1658 1381 ὅτι
1688 1325 1846 1380 τοῦτο
1892 1322 2062 1391 δεῖξαι
2094 1326 2388 1401 δυνάμενος
2413 1331 2588 1396 οὐδεὶς
2613 1332 2882 1405 οὐδαμῶς.
2946 1333 3106 1389 Ἀλλά
3167 1336 3336 1407 μυρία
3367 1338 3464 1408 μὲν
3499 1339 3616 1394 ἐστι

374 1424 593 1479 τοιαῦτα
625 1426 763 1497 πρὸς
791 1428 885 1480 ἐπὶ
914 1426 1120 1491 τούτοις
1154 1426 1301 1488 ἰδεῖν,
1326 1425 1425 1496 ούχ
1457 1419 1567 1477 οἷόν
1599 1439 1659 1476 τε
1707 1419 1764 1473 δὲ
1789 1419 1968 1473 πάντα
2006 1423 2295 1495 παράγειν,
2333 1424 2424 1479 ἵνα
2469 1425 2545 1498 μὴ
2580 1428 2930 1502 μακρηγορίᾳ
2971 1427 3211 1502 δόξωμεν
3261 1432 3617 1505 ὲκκρούεσθαι

374 1515 467 1570 τοῦ
494 1515 822 1589 ζητήματος.

441 1608 605 1664 XVII.
620 1611 710 1675 Ὠς
727 1605 820 1665 οῦν
835 1607 1006 1695 ξδόκει
1028 1613 1138 1675 τοῖς
1163 1609 1427 1683 ὀρθότατα
1447 1605 1733 1679 φρονοῦσιν
1754 1604 1814 1658 ού
1828 1619 1938 1695 με·

372 1698 536 1769 τρίως
554 1700 829 1772 ἐπιτιμᾷν,
844 1694 1000 1764 αὖθις
1017 1700 1366 1770 ύπεκκλέψας
1382 1698 1466 1751 ἐπ’
1484 1696 1646 1767 ἄλλην
1662 1694 1940 1765 ἀπεπήδη-

2115 1597 2279 1654 XVII.
2318 1596 2520 1656 Verum
2553 1609 2840 1674 postquam
2891 1604 3203 1662 rectissime
3248 1609 3614 1670 sentientibus

2045 1705 2155 1745 non
2199 1692 2548 1749 mediocriter
2591 1695 2890 1754 insultasse
2924 1698 3077 1755 visus
3104 1707 3219 1766 est,
3255 1701 3451 1758 iterum
3506 1720 3615 1761 non

371 1804 462 1842 σεν
489 1787 713 1854 ἔννοιαν,
745 1790 1057 1844 ὲδεινοποίει
1077 1790 1134 1842 δὲ
1154 1787 1518 1860 δημαγωγῶν,
1556 1787 1637 1840 ὅτι
1672 1785 1940 1856 φάσκουσι

2046 1781 2280 1839 obscure
2307 1784 2660 1843 dissimulans
2688 1787 2746 1842 in
2775 1789 2936 1846 aliam
2965 1790 3225 1847 transiliit
3262 1795 3611 1860 sententiam,

370 1879 505 1950 πρὸς
531 1883 643 1945 τοῖς
672 1880 872 1947 ἀλλοις,
903 1882 977 1946 ὡς
1013 1880 1100 1951 εἴη
1121 1879 1387 1952 φρικῶδες
1417 1877 1797 1942 ύπολαϐεῑν,ὲν
1814 1875 1940 1947 ᾇδου

370 1972 648 2042 γεγονέναι
668 1973 760 2027 τὸν
777 1973 970 2043 εὐκλεῆ
990 1971 1264 2045 Σαμουὴλ,
1285 1970 1344 2035 ὃς
1359 1969 1595 2043 ὲκκρίτῳ
1611 1966 1943 2042 προφητείας

368 2064 495 2136 ἀξίᾳ
522 2066 827 2136 τετίμηται.
848 2063 1019 2119 Τοῦτο
1051 2065 1147 2136 μὲν
1167 2060 1259 2117 οὖν
1279 2064 1390 2119 ἄνω
1407 2064 1464 2117 δὲ
1479 2062 1568 2116 καὶ
1586 2062 1735 2116 κάτω
1750 2078 1941 2115 ταυτο-

369 2156 517 2225 λογεί
563 2156 845 2228 γραωδῶς,
894 2156 952 2222 ἐξ
985 2154 1158 2209 ἄλλων
1192 2158 1271 2221 είς
1310 2153 1444 2210 ἄλλα
1473 2149 1941 2227 μεταχειρίζεσθαι

368 2249 493 2314 τοὺς
541 2250 840 2320 αὐτηκόους
900 2249 1085 2321 ἀπάτῃ
1107 2246 1463 2319 τεχνώμενος.
1501 2245 1691 2316 Ἡμεῖς
1718 2244 1776 2298 δὲ
1812 2242 1942 2315 περὶ

366 2339 569 2394 τούτων
600 2340 661 2393 οὐ
692 2339 1059 2412 διαφερόμεθα
1081 2340 1209 2411 περὶ
1223 2331 1298 2393 ὧν
1323 2338 1494 2392 ἅπασι
1513 2325 1942 2407 ωνομολογητέα

366 2431 740 2502 καθέστηκεν,
806 2431 922 2485 ἀλλ’
964 2423 1041 2485 ὧν
1091 2431 1253 2484 ἕνεκα
1314 2430 1519 2501 κυρίως
1577 2428 1942 2499 ἀμφισϐητεῖν

365 2521 684 2595 ἐγνώκαμεν
701 2541 714 2555 ·
750 2523 812 2577 ού
844 2523 955 2596 γάρ
984 2526 1031 2577 εί
1054 2522 1305 2595 Σαμουὴλ
1328 2522 1519 2591 γέγονε
1545 2519 1801 2591 ζητητέα,
1825 2518 1942 2573 ἀλλ’

365 2617 415 2669 εί
442 2616 695 2689 τοιαύτην
728 2615 840 2688 ἔχει
863 2615 1070 2688 δαίμων
1100 2615 1368 2680 ἐξουσίαν,
1394 2612 1536 2667 ὥστε
1566 2611 1790 2666 δικαίων
1814 2612 1943 2665 ἀνα-

364 2708 646 2763 καλεῖσθαι
697 2708 875 2780 ψυχὰς
937 2709 996 2775 ἐξ
1043 2708 1191 2781 ᾂδου,
1222 2708 1314 2761 καὶ
1359 2706 1521 2759 πάλιν
1567 2704 1936 2774 ἀποπέμπειν.

377 2800 532 2855 Ἐπεὶ
559 2799 738 2855 τοίνυν
768 2800 1142 2873 ὲπαυτοφὼρῳ
1172 2799 1396 2872 ληφθεὶς
1422 2798 1564 2852 ἑάλω
1593 2796 1941 2868 βλασφημίας

365 2893 667 2958 ἐπαντλῶν,
713 2892 849 2948 ἀλλά
878 2894 977 2959 τὰς
1013 2893 1122 2946 τῶν
1163 2891 1449 2964 ἀκροατῶν
1482 2891 1653 2953 ἀκοάς
1686 2886 1941 2962 ἀπατηλῇ

367 2986 466 3057 μὲν
499 2985 812 3040 ύπεκκλίνει
862 2986 1050 3060 τέχνῃ,
1093 2983 1423 3054 καταφεύγει
1450 2983 1505 3037 δὲ
1527 2980 1686 3054 δῆθεν
1725 2981 1818 3034 ἐπὶ
1847 2977 1940 3033 τοῦ

364 3077 602 3150 Χριστοῦ
628 3077 938 3150 πρόσωπον,
981 3077 1048 3130 ἵν’
1087 3075 1447 3141 ἀντεξετάσας
1477 3074 1607 3129 αὐτὸ
1626 3073 1738 3137 τοῖς
1770 3070 1942 3141 ἁγίοις

2043 1875 2454 1948 orationemque
2501 1881 2740 1937 oratorie
2776 1877 3029 1954 augens,‘
3067 1883 3211 1940 inter
3239 1885 3343 1940 alia
3371 1902 3492 1956 qua:
3524 1885 3611 1943 di-

2042 1974 2203 2031 cunt,
2247 1968 2580 2026 horrendum
2619 1987 2753 2029 sane
2783 1973 2840 2029 id
2870 1974 2993 2031 esse
3020 1976 3329 2042 intellectu,
3363 1977 3610 2039 indutum

2044 2059 2351 2119 Samuelem
2409 2065 2683 2136 pracipua
2737 2067 2982 2122 vaticinii
3041 2068 3302 2140 dignitate
3344 2070 3611 2126 illustrem

2041 2150 2215 2209 fuisse
2249 2155 2394 2224 apud
2427 2155 2656 2212 inferos.
2697 2154 2813 2213 Hoc
2855 2159 3037 2228 itaque
3076 2161 3212 2217 satis
3255 2161 3470 2218 aniliter
3510 2179 3613 2219 ειε-

2041 2242 2165 2312 pius
2215 2244 2377 2299 iterat
2417 2245 2741 2317 repetendo,
2793 2263 2859 2303 ex
2893 2248 3015 2304 aliis
3060 2251 3117 2305 in
3171 2250 3280 2305 alia
3333 2253 3610 2311 auditores

2042 2334 2362 2406 impellens,
2407 2338 2555 2409 quod
2602 2337 2795 2394 fraude
2831 2339 3087 2412 deceptos
3143 2345 3401 2399 adversos
3453 2359 3612 2415 agere

2042 2435 2294 2482 conatur.
2344 2426 2450 2484 Sed
2497 2443 2598 2484 nos
2646 2430 2715 2485 de
2760 2430 2846 2486 his
2892 2446 3014 2503 quae
3062 2447 3173 2487 uno
3205 2434 3388 2489 animo
3420 2452 3611 2494 omnes

2041 2517 2311 2587 recipiunt
2340 2534 2451 2574 non
2477 2518 2840 2585 dissidemus,
2876 2538 3062 2578 verum
3095 2524 3162 2579 de
3203 2524 3290 2581 his
3333 2540 3453 2597 quae
3485 2542 3612 2597 pro‘

2040 2611 2158 2681 prie
2189 2610 2245 2665 in
2281 2610 2507 2668 dubium
2535 2615 2675 2670 verti
2702 2630 2865 2685 posse
2904 2617 3309 2687 cognoscimus.
3337 2616 3472 2672 Nam
3504 2619 3612 2675 mi-

2041 2705 2189 2761 nime
2204 2704 2592 2777 disputandum
2622 2722 2692 2763 an
2729 2708 2948 2764 Samuel
2973 2708 3155 2773 fuerit,
3180 2711 3276 2765 sed
3308 2724 3376 2766 an
3399 2711 3611 2767 daemon

2042 2798 2207 2852 talem
2238 2790 2437 2854 habeat
2464 2806 2812 2870 potestatem,
2848 2800 3124 2871 iustorum
3151 2802 3362 2858 scilicet
3400 2803 3612 2861 animas

2042 2888 2113 2944 ab
2153 2888 2345 2947 inferis
2388 2891 2685 2958 evocandi,
2716 2907 3020 2965 rursusque
3051 2894 3472 2951 transmittendi.
3503 2892 3613 2951 lta~

2042 2996 2148 3052 que
2186 2996 2248 3038 re
2295 2983 2585 3039 manifesta
2619 2982 2992 3055 deprehensus
3035 2985 3400 3057 blasphemias
3431 2985 3615 3041 fundi-

2045 3080 2180 3139 tare,
2211 3072 2548 3129 audientium
2579 3088 2741 3130 aures
2771 3074 3000 3130 subdola
3029 3083 3146 3132 arte
3177 3075 3433 3140 declinat,
3464 3084 3518 3133 et
3542 3077 3612 3133 ad

364 3149 639 3243 ἀνδράσιν,
676 3149 1034 3235 ἀποδείξειεν,
1090 3170 1171 3222 ὅτι
1205 3169 1297 3221 καὶ
1345 3167 1505 3230 αὐτὸς
1534 3168 1613 3229 εις
1645 3163 1769 3238 ᾅδου
1809 3180 1941 3218 κατ-

2042 3162 2249 3221 Christi
2282 3164 2549 3220 duntaxat
2601 3178 2891 3236 personam
2939 3165 3212 3238 confugit,
3257 3174 3316 3222 ut
3372 3182 3436 3223 ea
3484 3182 3610 3223 cum

366 3260 527 3333 ἦλθεν
558 3263 586 3315 ὁ
615 3260 848 3333 Χριστὸς
878 3257 1015 3331 ὁμοῦ
1053 3260 1165 3320 τοῖς
1189 3256 1367 3319 ἄλλοις
1391 3254 1591 3308 ἅπασιν
1610 3271 1623 3284 ’
1662 3251 1796 3307 ἀλλά
1827 3250 1935 3324 γὰρ

365 3351 443 3415 ὡς
468 3350 789 3427 ἀπεδείκνυε
833 3348 1011 3412 τοῦτο,
1041 3347 1134 3400 καὶ
1152 3344 1215 3417 δὴ
1243 3345 1336 3399 καὶ
1366 3344 1428 3396 τὸ
1455 3343 1576 3398 κατ’
1601 3342 1769 3415 ἄνδρα
1806 3359 1940 3413 παρ-

369 3443 534 3498 αινῶν
593 3442 981 3512 ἐπεφθέγγετο,
1040 3440 1103 3494 Τί
1139 3436 1314 3509 φοϐῇ,
1348 3436 1540 3505 λέγων,
1588 3435 1798 3503 εἰπεῖν,
1847 3434 1938 3488 ὅτι

367 3533 487 3601 πᾶς
508 3530 705 3604 χρῄζει
741 3534 924 3599 τόπος
951 3531 1136 3587 αὐτοῦ
1175 3549 1237 3585 τε
1274 3530 1380 3585 τοῦ
1406 3526 1665 3600 Χριστοῦ
1690 3525 1789 3580 καὶ
1820 3524 1939 3579 τῶν

365 3625 725 3696 προφητῶν;
751 3623 907 3693 ὀλίγα
954 3623 1090 3679 ἄττα
1150 3622 1240 3677 διά
1286 3623 1451 3694 μέσου
1490 3619 1719 3684 τάττων,
1771 3617 1938 3689 ἀλλην

367 3723 652 3778 ὲπιπλὲκει
688 3724 1019 3796 δυσφημίαν,
1066 3721 1354 3791 ὲκφαίνων,
1393 3722 1474 3774 ὅτι
1496 3719 1595 3774 καὶ
1631 3715 1788 3773 κάτω
1808 3734 1938 3785 τυτ-

366 3813 568 3884 χάνων
586 3818 618 3869 ό
636 3812 911 3884 Χριστὸς,
929 3814 994 3868 ἶν’
1018 3811 1190 3876 οὕτως
1214 3813 1370 3876 είπω,
1393 3811 1576 3883 φησὶν,
1589 3808 1659 3862 ἐν
1677 3803 1761 3871 τῷ
1780 3806 1937 3861 κάτω

364 3906 527 3969 τόπῳ
547 3905 650 3969 ὢν,
680 3904 756 3974 τῇ
800 3904 1139 3974 προαιρέσει
1174 3903 1295 3957 ἄνω
1320 3899 1400 3973 ἦν
1417 3918 1431 3932 ο
1472 3901 1549 3965 ὡς
1567 3900 1694 3971 περὶ
1725 3896 1934 3969 ἀνθρὼ-

367 4015 472 4052 που
499 3997 554 4051 δὲ
586 3999 746 4069 μόνου
775 3997 1137 4069 προσομιλῶν,
1179 3996 1291 4051 ἀλλ’
1315 3995 1501 4049 οὐκέτι
1525 3992 1627 4063 τῆς
1666 3992 1816 4056 θείας
1847 3991 1936 4043 αύ-

362 4088 459 4144 τοῦ
491 4088 879 4161 στοχαζόμενος
911 4088 1145 4159 φύσεως,
1168 4091 1226 4142 ὲν
1256 4091 1367 4151 τοῖς
1396 4087 1692 4141 κατωτάτω
1714 4084 1815 4155 μὲν
1838 4082 1936 4136 αύ-

364 4183 458 4239 τδν
513 4182 749 4253 ἔφασκεν
804 4181 1054 4254 ἀφῖχθαι,
1083 4180 1399 4255 προαιρέσει
1442 4178 1499 4232 δὲ
1531 4175 1796 4249 δήπουθεν
1823 4175 1935 4229 ἀνω

367 4281 676 4353 βεϐηκέναι,
709 4279 958 4351 καθάπερ
991 4274 1084 4332 οὗν
1134 4275 1324 4348 ἀμέλει
1350 4274 1443 4329 καὶ
1473 4273 1597 4335 τοὺς
1625 4268 1817 4334 ἀλλους
1849 4269 1935 4323 ἀν-

366 4375 638 4448 θρώπους.
694 4373 857 4427 Οὕτω
897 4373 1039 4442 γὰρ,
1086 4370 1210 4440 ἔφη,
1260 4367 1357 4423 καὶ
1397 4369 1450 4420 ol
1495 4361 1791 4433 προφῆται
1834 4359 1932 4415 καὶ

365 4465 666 4537 Σαμουὴλ,
692 4465 807 4519 κᾶν
855 4462 1189 4558 καταϐῶσιν
1219 4461 1372 4514 ὅπου
1410 4460 1469 4512 αἱ
1502 4455 1716 4558 ψυχαὶ,
1749 4453 1931 4558 φησὶν,
1964 4501 2012 4558 D

366 4562 426 4615 αἱ
454 4557 629 4622 κάτω,
659 4558 729 4611 ἐν
768 4552 848 4621 τῷ
888 4554 1044 4609 κάτω
1082 4551 1200 4625 μὲν
1234 4552 1519 4606 δύνανται
1563 4544 1716 4602 εἶναι
1750 4546 1932 4611 τόπῳ,

365 4655 437 4710 οὐ
458 4650 615 4707 κάτω
641 4650 709 4706 δέ
737 4652 857 4704 εισι
899 4648 975 4719 τῇ
1016 4647 1373 4718 προαιρέσει.
1414 4642 1757 4715 Κουφολογίᾳ
1792 4641 1850 4695 δὲ
1873 4640 1937 4713 δὴ

366 4745 705 4817 περιηχήσας
751 4740 1142 4814 ἀπειροπληθεί
1189 4739 1281 4793 τὸν
1324 4738 1548 4809 κόσμον,
1609 4736 1731 4789 οὐδὲ
1778 4732 1938 4788 τοῦτο

366 4834 628 4908 ξυνίησιν,
659 4835 742 4888 ὅτι
764 4833 873 4896 πᾶς
899 4830 1143 4885 ὁστισοῦν
1188 4827 1508 4901 ἀνθρώπων,
1531 4828 1580 4879 εί
1609 4827 1702 4880 καὶ
1734 4825 1939 4897 σφόδρα

371 4927 606 4998 σχέτλιός
630 4926 799 4990 ἐστιν,
840 4926 896 4978 ὲν
950 4923 1078 4996 ᾅδου
1108 4917 1404 4984 κατελθὼν,
1438 4920 1550 4975 ἄνω
1580 4920 1646 4989 τῇ
1680 4917 1939 4989 προαιρέ-

372 5034 455 5070 σει
508 5017 840 5090 καθέστηκεν
857 5033 872 5048 ·
902 5014 1078 5079 οὐδεὶς
1105 5013 1237 5082 γοῦν
1269 5012 1331 5067 ἂν
1379 5011 1465 5083 εἴη
1487 5027 1552 5080 γε
1576 5012 1801 5066 δικαίων
1829 5011 1937 5065 οὐδ’

372 5108 568 5163 ἀδίκων
593 5110 651 5176 ὃς
676 5112 737 5165 οὐ
757 5109 999 5181 γλίχεται
1042 5104 1302 5160 ἀνωτάτω
1336 5104 1432 5176 μὲν
1455 5103 1712 5158 ἑκάστοτε
1742 5100 1941 5173 διατρί-

372 5200 485 5256 ϐων
512 5202 742 5273 ἔχεσθαι,
767 5202 876 5257 τῶν
896 5202 953 5255 δὲ
980 5197 1345 5270 καταχθονίων
1368 5196 1708 5269 ἀπηλλάχθαι
1736 5195 1934 5249 τόταυν.

372 5295 438 5348 Et
470 5294 647 5349 τοίνυν
676 5296 908 5360 ἅπαντες
938 5293 1072 5367 ὁμοῦ
1101 5295 1148 5347 οἱ
1182 5291 1541 5363 καταχθέντες
1556 5280 1647 5356 ἐίς
1673 5290 1798 5364 ᾅδου
1831 5288 1937 5344 τῶν

373 5387 487 5443 ἀνω
510 5384 701 5457 φορῶνῖ
722 5385 831 5459 (ii)
862 5387 1026 5459 ἐρῶσι
1080 5386 1421 5465 προαιρέσει,
1474 5385 1569 5439 καὶ
1605 5385 1665 5438 οὐ
1702 5385 1839 5439 πάνυ
1867 5383 1939 5438 δι-

374 5477 532 5533 καίου
562 5475 704 5541 τινὲς
730 5478 1134 5549 ὲπεμελήσαντο
1159 5477 1294 5548 βίου,
1329 5475 1568 5529 ποταπὸν
1596 5475 1813 5546 ἀξίωμα
1841 5473 1936 5529 τοῦ

258 5608 267 5611 -
373 5566 712 5638 προφητικοῦ
731 5566 972 5637 διεσάφει
1000 5565 1161 5639 χοροῦ
1188 5582 1204 5632 ;
1232 5565 1285 5619 τί
1316 5566 1375 5619 δὲ
1400 5565 1460 5619 τὸ
1492 5567 1743 5639 περιττὸν
1765 5566 1940 5638 ἀπήγ-

371 5658 519 5726 γειλε
567 5656 660 5711 τοῦ
712 5658 938 5731 Κυρίου,
967 5660 1132 5714 πᾶσιν
1170 5659 1354 5731 ὅμοιον
1397 5658 1713 5729 ἀποφαίνων
1733 5660 1935 5729 αὐτόν;

444 5750 491 5783 ³⁸
517 5749 711 5808 Hattlt.
742 5768 815 5817 tv,
846 5752 901 5813 8,
933 5752 984 5807 9.

445 5843 555 5914 (Η)
583 5842 804 5911 Φορῶν.
832 5841 993 5899 Forte
1025 5845 1217 5917 xoptbv.

663 5937 962 6020 Ἐπειοί..
1008 5935 1126 6000 Gn.
1174 5936 1396 6001 XVIII.

2042 3256 2251 3312 sanctis
2276 3256 2412 3313 viris
2439 3256 2659 3320 collata,
2689 3273 2799 3312 una
2830 3271 2955 3311 cum
3000 3258 3122 3314 aliis
3170 3258 3423 3315 omnibus
3451 3258 3612 3315 Chri-

2041 3357 2185 3405 stum
2212 3348 2392 3419 ipsum
2424 3348 2490 3404 ad
2517 3347 2723 3405 inferos
2744 3347 3097 3405 descendisse
3118 3349 3474 3407 demonstret.
3503 3353 3610 3409 Sed

2041 3441 2136 3497 ubi
2180 3441 2315 3497 illud
2359 3442 2645 3514 probavit,
2677 3442 2746 3498 ad
2785 3442 3062 3497 hominem
3105 3441 3414 3499 hortatione
3443 3460 3611 3516 agens

2040 3534 2234 3591 scribit
2266 3553 2279 3589 :
2319 3533 2461 3601 Quid
2502 3534 2683 3589 horres
2704 3573 2722 3601 ,
2752 3533 3005 3606 inquiens
3028 3572 3044 3600 ,
3075 3534 3247 3589 dicere
3279 3551 3484 3591 omnem
3530 3538 3613 3593 to-

2040 3643 2159 3680 cum
2179 3627 2344 3695 ipsius
2361 3624 2560 3682 Christi
2585 3634 2635 3680 et
2648 3625 3021 3696 prophetarum
3047 3625 3309 3697 indigere?
3329 3626 3393 3684 Et
3418 3630 3610 3700 paucis

2041 3714 2343 3785 interiectis
2387 3730 2589 3772 novum
2620 3715 2955 3773 horrendum
2996 3717 3145 3773 dictu
3176 3720 3485 3786 connectit,
3515 3721 3610 3777 de-

2039 3810 2282 3875 clarans,
2316 3807 2440 3864 licet
2484 3807 2722 3865 Christus
2754 3809 2971 3879 inferius
3002 3820 3170 3876 esset,
3204 3817 3264 3866 ut
3294 3811 3366 3867 ita
3395 3813 3571 3870 dicam
3591 3854 3607 3881 ,

2038 3908 2089 3953 et
2119 3898 2360 3969 inferiori
2399 3898 2512 3953 loco
2530 3938 2545 3963 ,
2574 3899 2820 3954 electione
2849 3907 3022 3955 tamen
3047 3908 3097 3955 et
3125 3900 3392 3957 voluntate
3428 3903 3481 3958 in
3513 3919 3608 3959 su-

2039 3991 2238 4061 periori
2264 4000 2399 4044 erat.
2437 3987 2515 4045 De
2543 4006 2654 4062 quo
2679 3991 2836 4062 quasi
2869 3990 2937 4047 de
2955 3992 3081 4049 solo
3110 3993 3330 4049 homine
3360 3981 3635 4065 loquere:

2039 4088 2149 4146 tur,
2184 4082 2336 4137 nulla
2365 4080 2514 4138 illius
2561 4080 2759 4136 divinae
2801 4088 3011 4137 naturae
3051 4082 3262 4139 ratione
3307 4082 3522 4152 habita,
3550 4085 3610 4140 in

2039 4172 2226 4228 inﬁma
2265 4173 2417 4230 illum
2458 4172 2596 4229 dixit
2622 4175 2939 4239 devenisse,
2968 4183 3023 4230 et
3050 4176 3099 4230 si
3122 4176 3404 4230 voluntate
3440 4190 3607 4247 supra

2040 4265 2408 4332 ascendisset,
2435 4281 2501 4324 eo
2534 4266 2655 4337 ipso
2709 4266 2872 4322 modo
2917 4265 3127 4322 scilicet
3180 4281 3290 4338 quo
3330 4274 3386 4323 et
3425 4267 3609 4325 caeteri

2040 4361 2314 4417 homines.
2342 4359 2434 4416 Sic
2461 4360 2596 4414 enim
2618 4400 2633 4427 ,
2668 4358 2879 4429 inquit,
2911 4367 2960 4413 et
2990 4357 3254 4428 propheta
3283 4369 3333 4414 et
3353 4358 3605 4429 Samuel,

2041 4455 2253 4510 tametsi
2288 4470 2347 4511 eo
2375 4451 2691 4510 descendant
2723 4453 2812 4506 ubi
2852 4451 3045 4523 degunt
3085 4451 3279 4506 anime
3317 4468 3431 4524 qua:
3474 4453 3609 4525 infe-

2039 4549 2151 4604 rius
2190 4556 2344 4615 sunt,
2372 4556 2591 4617 possunt
2619 4546 2826 4618 quidem
2856 4548 2912 4601 in
2947 4545 3041 4601 illo
3072 4546 3310 4616 inferiori
3343 4547 3455 4602 loco
3491 4564 3611 4619 per-

2039 4656 2272 4706 manere,
2303 4636 2596 4708 atinferius
2625 4628 2889 4691 voluntate
2920 4653 3025 4691 non
3053 4644 3199 4692 sunt.
3226 4637 3278 4695 ls
3303 4637 3452 4694 inani
3485 4655 3610 4696 ver-

2037 4734 2235 4790 borum
2280 4731 2439 4803 copia
2491 4729 2749 4801 profusa,
2799 4743 3034 4800 quorum
3071 4744 3173 4786 nec
3222 4717 3419 4788 modus
3461 4732 3610 4793 ullus

2039 4840 2142 4882 nec
2188 4824 2316 4881 ﬁnis
2363 4822 2597 4879 inveniri
2635 4829 2847 4893 potest,
2890 4819 3037 4876 haud
3078 4820 3345 4878 intellexit
3387 4837 3605 4887 omnem

2039 4914 2352 4982 hominem,
2388 4911 2517 4968 licet
2548 4911 2607 4966 in
2650 4910 2874 4967 miseria
2922 4911 3058 4966 alios
3100 4911 3362 4977 excedat,
3396 4912 3489 4968 ubi
3534 4912 3605 4968 ad

2040 5005 2245 5062 inferos
2282 5003 2556 5076 migravit,
2589 5002 2842 5075 superius
2868 5001 3066 5075 degere
3092 5003 3389 5060 voluntate.
3419 5002 3607 5076 Itaque

2039 5101 2256 5166 nullus,
2289 5099 2404 5156 sive
2446 5098 2630 5169 justus
2676 5098 2791 5153 sive
2839 5097 3074 5167 iniustus
3097 5137 3113 5163 ,
3152 5097 3364 5166 uspiam
3395 5105 3478 5151 est
3509 5097 3604 5167 qui

2039 5208 2149 5249 non
2182 5192 2444 5250 continuo
2497 5190 2712 5261 semper
2738 5195 2992 5245 teneatur
3020 5187 3291 5245 desiderio
3323 5203 3354 5242 a
3387 5188 3606 5245 subter-

2036 5286 2221 5344 raneis
2249 5285 2317 5340 ad
2358 5296 2615 5356 suprema
2655 5282 2778 5338 loca
2805 5281 3088 5338 redeundi.
3122 5279 3310 5352 Itaque
3338 5283 3385 5336 si
3413 5295 3606 5337 omnes

2040 5379 2205 5436 simul
2244 5376 2312 5433 ad
2356 5377 2564 5433 inferos
2600 5374 2842 5440 devecti,
2882 5373 3012 5430 licet
3065 5374 3233 5429 vitam
3287 5381 3488 5430 rectam
3540 5387 3607 5427 ac

2039 5474 2304 5544 integram
2335 5470 2560 5527 minime
2586 5469 2759 5526 secuti
2787 5467 2926 5533 sint,
2964 5480 3233 5537 supernas
3260 5481 3475 5538 semper
3503 5480 3602 5537 ap-

2039 5572 2230 5638 petunt
2281 5564 2546 5621 stationes
2583 5561 2864 5619 voluntate
2886 5599 2902 5625 ,
2928 5573 3093 5631 quam
3138 5559 3259 5629 ipse
3300 5556 3610 5631 prophetici

2038 5657 2192 5714 chori
2230 5655 2641 5728 prerogativam
2688 5653 2972 5726 agnoscit?
3011 5665 3173 5724 quam
3208 5649 3424 5708 Domini
3470 5650 3610 5711 επιἱαὶ

3164 5921 3240 5983 21
