4132 6448
508 377 610 434 651

1478 369 1536 424 S.
1577 364 1944 422 EUSTATIIII
1981 361 2288 418 EPISCOPI
2325 355 2738 416 ANTIOCHENI

3619 349 3728 404 65?.

514 495 754 547 nentiam
798 485 1138 549 manifestat,
1168 499 1292 539 cum
1338 485 1592 540 omnibus
1646 484 1877 539 similem
1913 482 2062 535 illum

2183 479 2316 532 Ἀλλ’
2342 479 2512 542 οὕτως
2557 475 2782 548 ἀμαθῶς
2818 475 3047 545 ἐξήχησε
3073 471 3172 542 τὴν
3204 471 3404 541 φωνὴν,
3435 469 3534 522 οὐκ
3554 469 3728 542 ἐννοή-

514 581 797 639 enuntiat?
830 578 920 632 Sic
949 577 1193 648 imperite
1221 591 1408 631 vocem
1449 577 1666 641 emisit,
1712 590 1820 628 non
1871 573 2069 626 intelli-

513 692 643 748 gens
669 673 902 729 Verbum
931 686 1054 727 esse
1097 677 1151 724 et
1179 668 1368 732 Deum,
1387 668 1479 737 qui
1518 682 1625 721 non
1651 676 1762 719 tam
1797 665 2070 719 voluntate

509 781 675 838 quam
718 763 1018 818 divinitatis
1058 761 1111 814 vi
1162 759 1342 814 omnia
1390 759 1551 814 simul
1603 763 1868 828 penetrat.
1915 755 1980 810 Et
2022 755 2068 811 si

513 866 639 912 ante
669 855 852 910 omnia
891 852 1186 923 spectabile
1219 865 1378 906 suum
1414 849 1672 918 templum
1709 855 1767 900 ut
1807 846 2070 903 dissolve-

512 957 666 1004 retur
694 946 990 1018 .permisit,
1035 956 1155 1015 post
1202 943 1422 997 tertium
1473 941 1612 994 diem
1658 955 1798 994 nova
1837 936 2068 1009 quadam

512 1041 726 1094 ratione
773 1038 953 1094 statim
1011 1053 1075 1092 ac
1118 1037 1312 1090 iterum
1356 1033 1610 1090 excitavit
1652 1052 1664 1086 :
1713 1033 1890 1087 anima
1942 1045 2071 1085 vero

515 1130 662 1185 illius
704 1130 953 1183 humana:
985 1124 1330 1180 habitationis
1367 1124 1423 1178 in
1451 1124 1664 1177 inﬁmas
1697 1130 1854 1178 terrae
1890 1129 2071 1192 partes

513 1221 866 1292 perveniens,
905 1227 1088 1288 portas
1115 1232 1233 1287 quae
1262 1216 1336 1270 ibi
1367 1223 1520 1271 erant
1549 1216 1750 1284 impetu
1781 1214 1924 1268 facto
1952 1229 2073 1281 ape-

514 1317 644 1381 ruit,
665 1317 977 1388 animasque
995 1313 1069 1367 ibi
1084 1313 1330 1367 detentas
1341 1310 1590 1365 extraxit:
1609 1311 1688 1364 sic
1701 1317 1878 1362 autem
1891 1307 2071 1360 divina

514 1409 870 1463 corroborata
893 1406 992 1460 fuit
1007 1406 1206 1460 virtute
1227 1410 1448 1475 propter
1466 1401 1558 1456 Dei
1572 1410 1625 1456 et
1642 1400 1802 1456 Verbi
1835 1415 2051 1454 commu

514 1502 754 1564 nionem,
773 1505 830 1552 ut
855 1511 1068 1550 omnem
1093 1496 1147 1549 in
1173 1495 1465 1551 seomnino
1488 1500 1806 1564 potestatem
1828 1492 2067 1546 haberet.

583 1586 766 1644 XVIII.
807 1586 918 1657 Ego
960 1600 1090 1640 vero
1142 1583 1305 1638 credo
1350 1583 1512 1653 hujus
1555 1581 1922 1650 conjecturam
1952 1595 2074 1635 esse

515 1683 736 1737 minime
780 1681 972 1735 levem.
1013 1677 1148 1732 Cum
1181 1678 1326 1736 enim
1379 1677 1436 1731 in
1487 1676 1870 1732 subterraneos
1925 1675 2072 1729 locos

514 1776 786 1848 pervenit,
819 1775 944 1828 inde
977 1771 1204 1828 latronis
1226 1772 1462 1848 animam
1492 1771 1678 1826 eodem
1711 1770 1798 1824 die
1825 1770 1880 1822 in
1914 1783 2072 1838 para-

514 1869 690 1923 disum
721 1865 1041 1922 introduxit.
1076 1863 1209 1918 Nam
1252 1864 1297 1918 si
1333 1879 1429 1933 per
1452 1879 1616 1916 unum
1647 1863 1912 1917 hominem
1945 1861 2068 1914 uni-

515 1959 692 2014 versis
748 1956 1069 2012 mortalibus
1115 1955 1262 2010 salus
1302 1954 1552 2017 advenit,
1585 1952 1927 2008 manifestum
1975 1951 2067 2014 ﬁt,

515 2052 753 2104 animam
787 2050 995 2103 animas
1026 2063 1145 2117 quae
1181 2045 1425 2116 ejusdem
1465 2053 1591 2100 sunt
1619 2044 1834 2115 generis
1864 2042 2070 2098 redem-

517 2148 636 2209 ptas
685 2139 985 2202 liberasse,
1038 2145 1151 2190 tum
1201 2136 1256 2190 in
1310 2133 1787 2190 subterranearum
1836 2133 2072 2202 partium

517 2231 683 2285 chaos
719 2242 940 2283 accessu
959 2267 975 2291 ,
1020 2234 1132 2280 tum
1162 2227 1217 2279 in
1247 2225 1678 2294 antiquissimam
1697 2223 1933 2293 paradisi
1963 2228 2073 2277 sta-

517 2321 718 2374 tionem
751 2315 1110 2380 restitutione,
1155 2315 1305 2385 regni
1356 2314 1738 2385 insuperabilis
1788 2319 2072 2383 potestate.

522 2413 617 2468 His
642 2428 881 2468 consona
910 2410 1003 2466 Dei
1034 2410 1204 2464 Filius
1243 2421 1529 2479 antequam
1564 2408 1678 2463 haec
1713 2415 1896 2462 essent
1939 2423 2076 2478 pra:-

517 2499 735 2562 ‘diccbat
764 2523 777 2558 :
813 2502 980 2556 Nemo
1014 2499 1245 2554 ascendit
1275 2501 1330 2553 in
1357 2501 1540 2555 calum
1561 2540 1575 2563 ,
1617 2501 1720 2553 nisi
1751 2500 1838 2569 qui
1865 2497 1929 2551 de
1951 2498 2077 2552 caelo

510 2592 807 2657 "descendit,
832 2591 1005 2646 Filius
1041 2590 1265 2644 hominis
1303 2591 1392 2659 qui
1425 2592 1480 2643 in
1520 2590 1660 2644 catis
1689 2600 1765 2642 est
1791 2590 1857 2644 ⁸⁸.
1893 2588 2080 2657 Itaque

526 2685 572 2743 Si
600 2686 870 2741 fatebatur
898 2700 1021 2740 eum
1058 2686 1153 2755 qui
1182 2700 1249 2741 ex
1275 2683 1514 2738 humano
1549 2697 1746 2752 genere
1769 2690 1946 2736 ortum
1979 2680 2079 2735 du-

525 2783 694 2842 ceret,
714 2776 889 2832 solum
910 2791 974 2830 ex
1000 2774 1252 2829 omnibus
1280 2775 1338 2828 in
1365 2773 1561 2829 coelum
1583 2771 1915 2830 ascendisse.
1931 2770 2081 2826 inde-

521 2885 626 2936 que
665 2882 882 2924 rursum
913 2867 1021 2920 huc
1052 2863 1430 2930 descendisse,
1462 2863 1658 2934 bicque
1688 2869 2081 2918 commoratum

520 2961 581 3018 in
613 2962 810 3016 coelum
841 2958 1096 3022 tendere,
1130 2963 1276 3026 patet
1307 2955 1502 3009 animae
1535 2955 1584 3009 vi
1615 2969 1680 3010 ac
1707 2954 1940 3024 quadam
1981 2969 2082 3008 ex-

524 3052 772 3109 cellentia
797 3051 889 3105 illa
919 3049 1236 3105 absolvisse.
1269 3047 1466 3102 Sancta
1495 3047 1637 3104 enim
1672 3045 1875 3101 Christi
1904 3045 2084 3099 anima

2173 589 2291 634 σας,
2345 571 2426 623 ὅτι
2467 570 2597 633 Θεὸς
2637 565 2705 640 ἦν
2742 569 2775 620 ὁ
2820 567 3021 635 Λόγοςο
3062 565 3123 618 οὐ
3159 565 3474 636 προαιρέσει
3507 562 3726 633 μᾶλλον,

2169 665 2460 736 ἀλλ’ἀρετῇ
2482 663 2582 732 τῆς
2606 662 2855 731 θεότητος
2875 656 3182 728 ἁπανταχοῦ
3209 657 3468 727 πάρεστιν
3497 655 3726 726 ἀθρόως.

2168 760 2232 812 El
2259 758 2317 811 δὲ
2348 757 2523 810 καὶτὸ
2559 755 2790 825 μάλιστα
2820 753 2908 805 τὸν
2943 751 3190 822 ἔκκριτον
3220 747 3413 802 ἑαυτοῦ
3447 747 3572 802 ναὸν
3598 745 3727 799 ἐπέ-

2167 852 2331 923 τρεψε
2362 849 2604 920 λυθῆναι,
2633 849 2922 919 τριήμερον
2951 845 3046 915 μὲν
3071 843 3266 897 αὐτίκα
3293 841 3451 896 πάλιν
3471 841 3726 911 ἀνήγειρε

2170 943 2548 1014 καινοπρεπῶς
2567 958 2580 972 ο
2611 940 2718 1011 ἡδὲ
2740 938 2882 1008 ψυχὴ
2914 936 3065 990 τοῦδε
3097 934 3188 988 τοῦ
3224 932 3559 1004 ἀνθρωπείου
3593 949 3725 1002 σκη-

2171 1037 2416 1108 νώματός
2445 1038 2524 1098 είς
2563 1034 2632 1087 τά
2655 1031 2939 1086 κατώτατα
2960 1027 3290 1083 κατελθοῦσα
3313 1027 3450 1098 μέρη
3479 1027 3575 1096 τῆς
3602 1024 3726 1096 γῆς,

2170 1128 2468 1184 ἀνεπέτασε
2522 1125 2618 1188 τὰς
2679 1127 2855 1177 ἐκεῖσε
2913 1121 3082 1184 πύλας
3124 1119 3292 1191 ἀθρόᾳ
3330 1120 3489 1190 ῥοπῇ,
3523 1116 3729 1179 καὶτὰς

2171 1221 2356 1275 αὐτόθι
2383 1215 2776 1290 καθειργμένας
2805 1215 2970 1283 ἀνῆκε
3003 1213 3175 1282 ψυχάς
3193 1228 3206 1240 ·
3236 1209 3376 1263 οὐτω
3397 1205 3732 1278 δὲΐθεσπεσίᾳ

2171 1310 2570 1383 κεκραταίωται
2617 1309 2842 1377 δυνάμει
2894 1303 2982 1356 διὰ
3028 1299 3126 1372 τὴν
3146 1301 3239 1355 τοῦ
3272 1301 3404 1353 Θεοῦ
3441 1301 3533 1353 καὶ
3557 1300 3730 1367 Λόγου

2174 1405 2478 1469 συνουσίαν,
2501 1403 2639 1456 ὥστε
2674 1401 2768 1454 καὶ
2797 1397 3128 1466 παντέφορον
3157 1395 3296 1465 ἔχειν
3326 1395 3588 1460 ἐξουσίαν.

2240 1559 2427 1615 XVIII.
2485 1557 2643 1610 Ἀλλά
2704 1555 2809 1625 μὴν
2859 1552 3032 1620 ἐγωγε
3090 1548 3342 1619 πείθομαι
3397 1549 3487 1600 καὶ
3545 1545 3732 1599 τούτου

2171 1655 2465 1725 τεκμήριον
2497 1645 2631 1703 εἶναι
2666 1646 2860 1715 σαφές’
2895 1644 3127 1715 ὁπηνίκα
3175 1643 3272 1713 μὲν
3305 1643 3382 1704 είς
3411 1640 3536 1701 τοὺς
3572 1654 3737 1692 κατα-

2172 1743 2410 1814 χθονίους
2439 1741 2713 1810 ἀφικνεῖτο
2738 1738 2953 1800 τόπους,
2986 1737 3043 1788 ἐν
3083 1733 3260 1804 ταυτῷ
3291 1733 3346 1784 δὲ
3385 1732 3477 1784 καὶ
3516 1730 3611 1799 τὴν
3642 1728 3734 1782 τοῦ

2172 1833 2366 1906 λῃστοῦ
2393 1833 2567 1904 ψυχὴν
2597 1831 2900 1901 αὐθήμερον
2923 1828 3139 1897 εἰσῆγεν
3173 1826 3249 1887 εἰς
3277 1825 3363 1876 τὸν
3394 1822 3735 1893 παράδεισον.

2171 1929 2232 1982 Εἰ
2256 1927 2363 2000 γὰρ
2396 1925 2460 1979 δι’
2511 1925 2627 1987 ἐνὸς
2671 1921 2953 1993 ἀνθρώπου
2985 1918 3098 1984 τοῖς
3143 1919 3342 1972 ἆπασιν
3378 1915 3613 1988 ὑπῆρξεν
3642 1915 3734 1967 ἀν-

2172 2019 2406 2092 θρώποις
2433 2019 2467 2088 ἡ
2502 2013 2761 2086 σωτηρία,
2793 2012 3073 2084 πρόδηλον,
3118 2011 3194 2072 ὡς
3229 2011 3262 2080 ἡ
3307 2007 3451 2078 ψυχὴ
3479 2005 3576 2070 τὰς
3605 2005 3736 2076 ὁμο-

2172 2113 2347 2180 γενεῖς
2377 2106 2764 2177 ἀναλυτροῦται
2804 2103 2999 2174 ψυχὰς,
3047 2103 3160 2173 ἅμα
3205 2101 3302 2172 μὲν
3344 2103 3422 2162 εἰς
3461 2099 3530 2151 τά
3572 2115 3738 2151 κατα-

2173 2205 2356 2276 χθόνια
2393 2201 2653 2256 κατιοῦσα
2677 2198 2818 2270 μέρη
2855 2196 2949 2250 τοῦ
2978 2197 3160 2266 χάους,
3191 2194 3306 2263 ἅμα
3332 2192 3387 2245 δὲ
3425 2190 3520 2244 καὶ
3547 2193 3611 2260 τῇ
3642 2190 3740 2260 ἀρ-

2174 2294 2429 2366 χαιοτάτῃ
2462 2288 2554 2346 τοῦ
2587 2289 2906 2362 παραδείσου
2955 2286 3114 2341 πάλιν
3159 2283 3575 2338 ἀποκαθιστῶσα
3605 2281 3740 2351 νομῇ

2175 2389 2264 2442 τὸν
2295 2385 2679 2441 ὐπεισδύνοντα
2702 2381 2780 2453 τῷ
2809 2381 2995 2452 κράτει
3024 2379 3121 2448 τῆς
3150 2379 3412 2448 ἀηττήτου
3447 2374 3739 2445 βασιλείας.

2190 2480 2480 2535 Ἀκόλουθα
2496 2479 2551 2531 δέ
2574 2477 2668 2530 καὶ
2687 2475 2792 2547 πρὸ
2815 2471 3014 2527 τούτων
3035 2474 3063 2525 ό
3078 2468 3170 2523 τοῦ
3191 2468 3322 2522 Θεοῦ
3345 2469 3478 2529 Παῖς
3509 2461 3746 2537 ἐμαρτύ-

2182 2589 2322 2644 ρετο,
2341 2569 2640 2642 προλέγων,
2672 2569 2753 2620 ὅτι
2787 2566 2877 2619 καὶ
2899 2563 3103 2627 Οὐδεὶς
3137 2561 3498 2628 ἀναϐέϐηκεν
3525 2561 3610 2625 είς
3639 2557 3747 2613 τὸν

2179 2663 2456 2734 οὐρανὸν,
2477 2664 2527 2716 ει
2556 2661 2638 2731 μὴ
2672 2662 2704 2714 ὀ
2735 2660 2802 2712 ἐκ
2836 2658 2939 2712 τοῦ
2973 2655 3228 2723 οὐρανοῦ
3263 2653 3540 2718 καταϐὰς,
3571 2652 3746 2716 ὁΥἱὸς

2179 2757 2286 2813 τοῦ
2303 2754 2634 2824 ἀνθρώπου,
2657 2756 2689 2807 ὁ
2709 2753 2792 2806 ὢν
2811 2751 2878 2804 ἐν
2895 2748 2976 2815 τῷ
2995 2747 3246 2817 οἰξρανῷ.
3270 2745 3568 2816 Τοιγαροῦν
3590 2745 3746 2813 εἴπερ

2181 2850 2385 2920 ἔφασκε
2412 2847 2500 2900 τὸν
2529 2847 2594 2898 ἐκ
2625 2843 2716 2896 τοῦ
2747 2841 3079 2912 ἀνθρωπείου
3109 2839 3297 2908 γένους
3327 2836 3642 2910 ὁρμώμενον
3669 2836 3747 2896 εἰς

2181 2941 2406 3014 οὐρανὸν
2449 2938 2545 2997 μὲν
2569 2932 2958 3006 ἀναϐεϐηκέναι
2992 2931 3291 3004 μονώτατον
3325 2931 3389 2982 ἐκ
3422 2928 3658 2989 πάντων,
3685 2927 3748 2978 ἐκ

2183 3013 2366 3089 δὲίτῶν
2395 3031 2571 3084 ἐκεῖσε
2603 3029 2762 3083 πάλιν
2790 3023 3216 3096 καταϐεϐηκέναι
3250 3020 3452 3075 ἐνθάδε.
3475 3020 3570 3073 καὶ
3595 3013 3752 3088 δεῦρο

527 3158 650 3198 cum
679 3143 788 3198 Deo
811 3149 866 3198 et
907 3140 1084 3196 Verbo
1112 3140 1432 3204 convivens,
1463 3138 1645 3194 omnia
1673 3137 1891 3208 quidem
1912 3136 2080 3193 simul

2187 3128 2454 3200 βεϐηκότα
2489 3125 2674 3194 φοιτᾷν
2711 3125 2768 3175 ἐν
2801 3117 3033 3192 οὐρανῷ,
3067 3117 3423 3186 συνέστηκεν,
3459 3111 3544 3168 δτι
3577 3108 3752 3180 ψυχῆς

526 3236 742 3300 lustrat,
778 3233 833 3289 in
864 3235 1039 3304 ipsum
1071 3247 1382 3302 supremum
1413 3231 1612 3286 caelum
1645 3229 1926 3293 ascendit,
1973 3243 2084 3298 quo

527 3342 686 3383 nemo
708 3325 986 3380 hominum
1009 3323 1274 3394 pervenit.
1305 3320 1516 3392 Quippe
1543 3322 1610 3373 ad
1643 3320 1756 3374 haec
1778 3319 1982 3375 elevata
2001 3325 2084 3373 est

524 3427 580 3474 et
610 3419 842 3474 humana
875 3415 1047 3471 forma
1074 3455 1088 3477 ,
1138 3429 1300 3485 quam
1333 3413 1474 3467 Deus
1502 3421 1556 3468 et
1581 3407 1820 3466 Verbum
1861 3418 2084 3466 susten-

507 3511 678 3565 ‘-tavit.
711 3509 911 3564 Verum
943 3506 1038 3562 Dei
1067 3504 1259 3560 Filium
1298 3505 1499 3575 ubique
1545 3510 1597 3559 et
1636 3509 1859 3573 repente
1896 3501 2087 3558 adesse

525 3605 643 3676 ipse
673 3603 834 3658 etiam
875 3599 1112 3656 Joannes
1141 3606 1374 3655 testatus
1419 3603 1534 3662 est,
1581 3596 1675 3666 qui
1701 3595 1978 3650 Christum
2005 3595 2088 3665 ip-

529 3711 649 3751 sum
678 3692 916 3758 audivit,
961 3691 1273 3762 ingentique
1324 3703 1458 3744 voce
1490 3689 1688 3743 clamat
1713 3687 1780 3742 ad
1813 3688 2034 3743 verbum
2067 3705 2084 3742 :

527 3784 694 3839 Deum
706 3800 866 3838 nemo
895 3781 1019 3837 uidit
1050 3797 1278 3851 unquam
1304 3797 1322 3836 :
1354 3779 1647 3850 unigenitus
1689 3777 1866 3832 Filius
1895 3777 1983 3848 qui
2011 3786 2088 3832 est

529 3877 586 3930 in
614 3877 731 3930 sinu
756 3874 960 3938 Patris,
996 3873 1084 3928 ille
1111 3873 1348 3941 exposuit
1378 3872 1445 3926 ⁵⁸.
1468 3870 1536 3924 Ει
1564 3878 1743 3925 tamen
1777 3884 1902 3924 cum
1930 3867 2092 3924 Chri-

519 3976 651 4023 stus
677 3967 764 4022 hic
787 3966 1031 4036 degeret,
1069 3979 1295 4034 corpore
1324 3962 1657 4026 ambulabat,
1687 3961 1814 4016 dum
1846 3961 1948 4016 hos
1969 3977 2088 4016 ser-

530 4075 719 4114 mones
755 4057 989 4113 Joannes
1006 4055 1305 4124 .eﬂ‘erebat;
1337 4055 1460 4126 qui,
1518 4053 1666 4109 illius
1713 4052 1895 4109 verbis
1935 4068 2092 4109 exce-

531 4153 656 4224 ptis,
677 4151 1029 4222 praedicabat,
1053 4150 1204 4204 illum
1242 4149 1460 4220 quidem
1489 4149 1546 4203 in
1569 4146 1694 4202 sinu
1723 4144 1900 4202 Patris
1931 4161 2053 4201 esse
2072 4186 2087 4212 ,

530 4246 623 4315 qui
655 4260 825 4315 super
853 4254 992 4299 terra
1025 4257 1132 4298 una
1161 4257 1282 4297 cum
1316 4243 1435 4313 ipso
1463 4254 1692 4310 corpore
1727 4239 2048 4294 convivebat
2074 4256 2090 4307 ;

530 4337 800 4408 quomodo
825 4353 944 4393 non
972 4335 1379 4405 intelligendum
1428 4339 1510 4388 est
1541 4339 1673 4386 tunc
1719 4331 1882 4386 etiam
1925 4331 2094 4385 caelos

530 4427 847 4493 ascendere,
881 4433 935 4482 et
959 4425 1088 4481 dum
1127 4425 1182 4478 in
1229 4425 1353 4480 sinu
1379 4421 1560 4478 Patris
1591 4421 1831 4493 degeret,
1863 4421 1916 4476 in
1946 4429 2094 4476 terra

2186 3219 2354 3289 ἀρετῇ
2385 3213 2556 3269 ταῦτα
2580 3213 2843 3282 ἔπραττεν
2873 3207 2902 3262 ό
2937 3207 3218 3278 ἄνθρωπος
3250 3203 3542 3275 ἐκκρίτως’
3577 3203 3608 3271 ἡ
3647 3200 3752 3270 γὰρ

2184 3309 2314 3377 ἁγία
2336 3305 2428 3359 τοῦ
2453 3303 2687 3375 Χριστοῦ
2707 3303 2849 3372 ψυχὴ
2873 3299 2949 3370 τῷ
2966 3297 3084 3368 Θεῷ
3113 3295 3532 3364 συνδιαιτωμένη
3551 3291 3642 3344 καὶ
3663 3290 3755 3342 Λό-

2185 3419 2287 3471 γῳ,
2305 3401 2477 3454 πάντα
2503 3398 2598 3468 μὲν
2621 3393 2966 3466 ἐκπεριπολεῖ
2983 3389 3298 3460 συλλήϐδην,
3317 3388 3395 3450 είς
3414 3385 3574 3438 αὐτὸν
3593 3383 3649 3436 δὲ
3677 3380 3756 3451 βέε

2186 3485 2322 3563 ϐηκε
2362 3490 2453 3543 τὸν
2488 3486 2757 3542 ἀνώτατον
2799 3482 3044 3555 οὐρανὸν,
3080 3482 3157 3543 εἰς
3187 3479 3244 3531 ὃν
3277 3477 3451 3539 οὐδεὶς
3482 3474 3636 3538 ἄλλος
3666 3474 3757 3526 ἀν-

2185 3583 2316 3654 ῆλθε
2341 3581 2449 3636 τῶν
2473 3579 2769 3652 ἀνθρώπων
2785 3594 2798 3606 ·
2828 3574 2961 3629 ἀλλά
2980 3573 3149 3626 ταῦτα
3171 3572 3248 3633 είς
3275 3569 3443 3641 αὐτὴν
3465 3568 3758 3638 ἀνήρτηται

2187 3676 2286 3747 τὴν
2316 3669 2655 3745 ἀνθρωπείαν
2675 3670 2865 3732 εἰδέαν,
2891 3667 2957 3738 ἢν
2977 3669 3005 3719 ὁ
3028 3664 3159 3727 Θεὸς
3187 3662 3411 3733 ὲφόρεσε
3435 3662 3530 3714 καὶ
3558 3659 3755 3726 Λόγος·

2189 3769 2270 3823 ὅτι
2300 3769 2356 3824 δὲ
2390 3763 2660 3835 πανταχοῦ
2698 3764 2954 3833 πάρεστιν
2997 3756 3206 3828 ἀθρόως
3242 3756 3269 3808 ὁ
3303 3753 3396 3807 τοῦ
3427 3751 3561 3806 Θεοῦ
3603 3752 3758 3833 Παίς,

2189 3865 2288 3936 οὐχ
2313 3863 2512 3932 ἥκιστα
2529 3830 2620 3912 καὶ
2649 3830 2984 3929 περὶ-τούτου
3009 3850 3214 3921 μάρτυς
3236 3848 3463 3916 ἕστηκεν
3491 3830 3760 3913 Ἰωάννης,

2191 3933 2454 4028 αὐτήκοος
2503 3953 2598 4024 μὲν
2641 3947 2900 4019 ὑπάρχων
2930 3941 3091 3997 αὐτοῦ
3121 3938 3213 3993 τοῦ
3263 3937 3529 4009 Χριστοῦ,
3571 3935 3666 4005 βοᾷ
3705 3933 3761 3986 δὲ

2192 4024 2503 4119 γεγῶνότως
2529 4037 2800 4105 αὐτολεξεί
2817 4055 2830 4067 ·
2861 4035 3011 4089 ’Θεὸν
3034 4030 3231 4096 οὐδεὶς
3257 4028 3473 4097 ἑώρακε
3497 4024 3725 4077 πώποτε
3741 4037 3758 4053 ο

2194 4115 2227 4198 ό
2269 4115 2601 4211 μονογενὴς
2645 4131 2777 4196 Υἱὸς
2805 4132 2837 4183 ὁ
2866 4127 2951 4181 ὢν
2975 4129 3060 4192 είς
3098 4125 3205 4177 τὸν
3233 4123 3459 4175 κόλπον
3499 4115 3600 4168 τοῦ
3644 4117 3760 4166 Πα-

2194 4206 2332 4303 τρός
2359 4206 2585 4293 ἐκεῖνος
2616 4223 2975 4293 ἐξηγήσατο.
3004 4217 3114 4271 Καὶ
3138 4217 3242 4288 μὴν
3276 4216 3322 4267 εἰ
3371 4212 3524 4281 δεῦρο
3574 4206 3762 4280 παρὼν

2196 4302 2452 4395 ἐπεφοίτα
2498 4315 2820 4389 σωματικῶς
2874 4317 2902 4368 ὁ
2953 4309 3215 4382 Χριστὸς,
3267 4305 3496 4376 ὁπηνίκα
3545 4302 3764 4363 τούτους

2197 4393 2526 4488 ἀπήγγειλεν
2566 4408 2815 4478 Ἰωάννης
2845 4406 2969 4466 τοὺς
3013 4403 3222 4470 λόγους,
3263 4401 3292 4452 ὁ
3329 4396 3385 4450 δὲ
3431 4393 3529 4458 τὰς
3572 4393 3764 4446 τούτου

532 4486 985 4592 quemadmodum
1015 4517 1185 4572 Deum
1216 4515 1442 4572 decebat
1464 4486 1863 4582 deambulasse,
1893 4521 1949 4568 et
1972 4528 2080 4568 om-

2200 4486 2382 4583 phaci;
2413 4503 2800 4574 ὑποδεξάμενος
2828 4500 3085 4571 ἐκήρυττε
3114 4495 3210 4567 μὲν
3241 4493 3399 4547 αὐτὸν
3423 4493 3478 4543 ἐν
3503 4491 3614 4551 τοῖς
3643 4486 3766 4540 κόλ-

530 4613 694 4668 nibus
723 4610 905 4676 simul,
940 4609 1106 4664 veluti
1134 4606 1300 4662 Deum
1335 4603 1613 4660 adfuisse?

2202 4577 2324 4665 ποις
2346 4595 2482 4653 εῖναι
2507 4595 2600 4649 τοῦ
2625 4592 2855 4665 Πατρὸς,
2886 4589 3208 4659 ἐστιώμενον
3241 4585 3332 4638 ἐπὶ
3357 4585 3458 4652 γῆς
3487 4578 3632 4650 αὐτῷ
3665 4577 3765 4630 σώ-

536 4723 696 4779 ματι’
731 4704 851 4769 πῶς
873 4672 971 4789 οὐκ
999 4702 1291 4774 ἐννοητέον,
1317 4701 1400 4754 ὅτι
1428 4698 1521 4752 καὶ
1551 4696 1663 4750 τῶν
1721 4696 1962 4768 οὐρανῶν
1995 4699 2316 4769 ἐπεϐεϐήκει
2342 4693 2448 4748 τῶν
2478 4692 2634 4746 τοῦτο
2690 4687 2801 4761 (I2)
2843 4686 2937 4740 καὶ
2987 4685 3062 4747 ώς
3105 4681 3318 4736 κόλπων
3377 4678 3507 4730 εἴσω
3553 4672 3766 4727 διαιτώ-

538 4819 696 4874 μενος
745 4801 839 4854 καὶ
883 4783 948 4870 τῇ
999 4800 1069 4870 γῇ
1119 4794 1435 4868 θεοπρεπῶς
1473 4793 1732 4865 ἐπεδήμει
1755 4834 1770 4860 ,
1821 4793 1914 4849 καὶ
1956 4796 2118 4850 πᾶσιν
2143 4793 2278 4866 ὁμοῦ
2313 4791 2513 4863 παρῆν,
2537 4783 2625 4841 οἷα
2657 4785 2822 4848 Θεὸς;

605 4894 748 4953 XIX.
791 4893 850 4949 Si
896 4893 1019 4964 quis
1052 4898 1232 4947 autem
1273 4887 1500 4943 Iudaica
1534 4887 1787 4947 laborans
1816 4888 2092 4950 caecitate,

535 4987 876 5060 evangelicas
899 4998 1062 5040 voces
1090 4998 1200 5038 non
1230 4979 1458 5049 recipit,
1505 4977 1609 5048 ipsi
1642 4976 1950 5035 Salomonis
1973 4993 2098 5034 ora-

537 5083 658 5139 cula
688 5079 1057 5142 adducemus,
1107 5083 1161 5130 et
1211 5074 1292 5129 sic
1341 5073 1640 5128 orationem
1699 5069 2097 5129 formabimus:

540 5175 738 5243 Quippe
778 5187 895 5226 cum
924 5170 1154 5240 quietum
1198 5165 1465 5220 silentium
1496 5165 1779 5218 contineret
1803 5165 1985 5218 omnia
2006 5204 2021 5227 ,
2053 5173 2102 5217 et

2271 4860 2410 4940 XIX:
2441 4884 2504 4936 Εί
2528 4881 2583 4934 δέ
2604 4897 2686 4943 τις
2720 4875 3010 4946 Ἰουδαῖκὴν
3035 4867 3328 4943 ἀρρωστῶν
3375 4861 3633 4932 esseom
3668 4860 3769 4924 τὰς

2205 4975 2558 5047 εὐαγγελικάς
2583 4973 2642 5026 οὐ
2676 4969 2951 5042 προσίεται
2997 4965 3198 5035 φωνὰς,
3238 4955 3670 5047 ἐπακτέον-αὐτῷ
3700 4952 3773 5007 τὰ

2207 5072 2300 5126 τοῦ
2319 5045 2666 5139 ἽΣολομῶντος
2697 5060 3111 5132 ἀποφθέγματα,
3145 5057 3238 5110 καὶ
3270 5054 3455 5125 ῥητέον
3484 5045 3587 5105 ὧδέ
3623 5065 3768 5139 πωςξ

2212 5137 2476 5232 Ἦσύχου
2509 5159 2616 5231 γὰρ
2657 5153 2832 5226 σιγῆς
2873 5151 3267 5221 περιεχούσης
3314 5145 3383 5199 τὰ
3424 5143 3637 5203 πάντα,
3673 5137 3774 5191 καὶ

540 5282 643 5321 nos:
674 5268 728 5319 in
764 5280 859 5318 suo
887 5277 1044 5316 cursu
1083 5258 1308 5313 medium
1345 5259 1445 5312 iter
1469 5255 1726 5319 (haberet,
1778 5257 2080 5325 omnipoten.

2207 5231 2426 5320 νυκτός
2459 5252 2527 5306 ἐν
2558 5250 2682 5314 ἰδίῳ
2719 5247 2879 5316 τάχει
2911 5240 3306 5312 μεσαζούσης,
3340 5241 3371 5291 ό
3400 5231 3774 5325 erm-106131?-

537 5370 689 5412 tuum
722 5356 946 5410 Verbum
973 5369 1002 5408 e
1034 5352 1159 5407 caelo
1187 5368 1221 5405 a
1247 5349 1508 5420 regalibus
1543 5348 1742 5403 thronis
1767 5364 1940 5402 ensem
1971 5363 2098 5400 acu-

543 5463 675 5515 tum,
705 5451 963 5504 sincerum
987 5447 1182 5502 scilicet
1216 5443 1522 5499 mandatum
1557 5454 1704 5498 tuum
1729 5443 1918 5512 ferens,
1952 5451 2098 5496 stans

625 5609 671 5640 ⁵³
697 5606 859 5661 Joan.
915 5622 995 5668 ιιι,
1046 5605 1132 5659 1‘5.
1208 5605 1253 5636 ⁸⁸
1286 5603 1448 5658 Joan.
1484 5619 1524 5666 ι,
1558 5600 1648 5658 18.

583 5765 587 5772 ⁴
618 5768 735 5840 (12)
774 5767 894 5822 Τῶν
921 5768 1112 5823 τοῦτο.
1145 5764 1304 5821 Forte
1329 5762 1436 5816 τῶν
1470 5761 1685 5832 τρίτων.

2201 5348 2316 5416 μός
2346 5318 2460 5399 σου
2487 5343 2671 5410 Λόγος
2700 5340 2798 5394 ἀπ’
2823 5333 3078 5403 οὐρανοῦ
3107 5333 3174 5384 ἐκ
3196 5332 3418 5398 θρόνων
3435 5318 3778 5391 βασιλικῶν

2207 5415 2378 5509 ξίφος
2399 5435 2507 5504 ὀξὺ
2537 5434 2648 5504 τὴν
2678 5433 3073 5498 ἀνυπόκριτον
3097 5421 3380 5490 ἐπιταγήν
3411 5434 3526 5475 σου
3557 5415 3778 5484 φέρων,
