4132 6406
347 395 453 452 655

1225 394 1312 450 DE
1351 394 1944 450 ENGASTRIMYTHO
1981 394 2262 451 CONTRA
2305 393 2682 452 ORIGENEM.

3499 403 3604 458 655

338 535 487 584 στας
518 516 833 586 ἐπλήρωσε
867 513 1125 569 θανάτου
1169 519 1242 572 τὰ
1278 526 1504 574 πάντα·
1540 521 1636 574 καί
1668 522 1910 589 οὐρανοὶ

2031 531 2196 576 morte
2219 522 2394 575 omnia
2417 522 2662 590 replevit;
2690 529 2739 574 et
2773 519 2959 572 caelum
2987 516 3192 586 quidem
3219 512 3482 584 tangebat,
3511 531 3604 586 pe-

338 612 454 683 μὲν
481 611 718 678 ἥπτετο,
741 610 987 677 βεϐήκει
1013 611 1080 664 δὲ
1114 613 1212 665 ἐπὶ
1245 613 1375 682 γῆς.
1416 616 1480 668 Et
1515 617 1691 668 τοίνυν
1714 621 1742 670 ό
1770 635 1926 687 μονο-

341 703 504 773 γενὴς
550 703 674 766 Υἱὸς
705 703 868 755 αὐτοῦ
900 704 991 756 τοῦ
1036 704 1170 757 Θεοῦ
1211 706 1384 774 Λόγος
1416 709 1804 780 ἀναγορεύεται
1836 712 1928 764 καὶ

341 793 472 856 Θεὸς
497 792 732 864 ὀμοδόξῳ
769 794 999 864 συνοδίᾳ,
1034 796 1101 848 δι’
1139 791 1200 850 οῦ
1243 799 1530 866 γεγόνασιν
1558 801 1796 871 ἄγγελοι,
1836 804 1924 856 ού-

342 888 514 958 ρανοὶ,
555 887 644 940 καὶ
678 888 770 958 γῆ,
795 890 888 943 καὶ
908 889 1163 954 θάλαττα,
1197 891 1290 943 καὶ
1320 890 1492 960 βυθοὶ,
1522 895 1614 947 καὶ
1642 896 1926 968 φωστῆρες

339 980 741 1050 ούρανοδρόμοι,
779 983 870 1034 καὶ
902 982 1198 1054 συλλήϐδην
1236 985 1409 1038 εἰπεῖν
1447 985 1634 1040 ἅπασα
1666 988 1774 1040 τῶν
1805 1006 1927 1057 γεν-

340 1071 516 1142 νητῶν
553 1075 584 1142 ὴ
617 1074 904 1136 σύστασιςο
948 1069 1102 1136 οὗτος
1132 1075 1187 1128 δὲ
1226 1076 1408 1149 δικαίᾳ.
1439 1081 1616 1150 κρίσει
1665 1082 1926 1152 σωφρονί-

341 1161 448 1226 ζων
479 1163 721 1228 ἅπαντας
752 1165 937 1235 θρόνου
969 1167 1067 1238 μὲν
1094 1168 1382 1240 οὐρανόθεν
1414 1171 1595 1241 ἔχεται
1625 1173 1723 1243 τῆς
1753 1174 1922 1226 ἀϊδίου

341 1253 638 1338 βασιλείας,
676 1258 824 1329 ὀξείᾳ
874 1259 929 1313 δὲ
969 1265 1287 1331 τιμωρεῖται
1340 1262 1464 1336 δίκῃ
1505 1265 1631 1328 τοὺς
1678 1265 1918 1330 ἀδίκουςο

337 1346 474 1400 ἀλλὰ
509 1349 614 1419 μὴν
644 1349 792 1420 ἔργῳ
835 1353 928 1405 καὶ
955 1352 1148 1424 πράξει
1172 1354 1576 1425 παντοδύναμος
1606 1355 1701 1421 ῶν,
1733 1357 1827 1411 ἆτε
1860 1357 1922 1429 δὴ

336 1436 467 1502 Θεὸς
507 1441 598 1494 καί
649 1442 788 1498 Θεοῦ
825 1443 1023 1514 Λόγος,
1073 1445 1302 1513 ούρανοῦ
1348 1447 1444 1518 μὲν
1489 1449 1709 1518 ἥπτετο,
1760 1451 1921 1521 βεϐή-

334 1547 420 1584 κει
457 1531 514 1584 δὲ
554 1533 644 1585 ἐπὶ
674 1534 777 1603 γῆς
821 1535 878 1586 ἐν
919 1538 1129 1610 ταυτῷ·
1180 1538 1430 1608 θεότητος
1468 1541 1635 1611 ἀρετῇ
1682 1542 1920 1612 δηλονότι

335 1623 513 1677 πάντα
559 1625 756 1696 πληροῖ
802 1626 1106 1697 πανταχῶς.
1135 1629 1342 1682 Οὐκοῦν
1383 1632 1432 1682 εἰ
1474 1631 1730 1702 τοιαύτης
1769 1633 1917 1686 ἐπεί-

333 1711 533 1784 ληπται
578 1715 811 1784 φύσεως,
848 1716 1103 1769 ἀσεϐοῦσι
1141 1718 1237 1788 μὲν
1268 1721 1315 1770 οἰ
1350 1720 1658 1790 νομίζοντες
1694 1722 1921 1796 ἀϐουλίᾳ

332 1806 480 1876 τόπῳ
534 1806 626 1858 καὶ
681 1807 828 1878 ῥητῷ
872 1825 976 1862 τινι
1016 1810 1216 1880 χωρίου
1258 1813 1430 1882 μορίῳ
1482 1814 1917 1884 περιγράφεσθαι

333 1897 391 1950 τὸ
446 1897 616 1951 θεῖον·
673 1899 882 1971 ἀμαθίᾳ
938 1901 994 1952 δὲ
1047 1900 1242 1971 μᾶλλον
1308 1903 1340 1974 ἢ
1389 1907 1644 1977 φρονήσει
1716 1911 1917 1980 κοσμία

332 1990 626 2060 φθέγγεται
652 1991 957 2062 προχείρως
995 1993 1294 2066 Ὠριγένης,
1327 1996 1408 2048 ὅτι
1443 1998 1717 2052 κατελθὼν
1744 2002 1823 2063 είς
1848 2000 1916 2054 τά

332 2082 617 2136 κατώτατα
661 2085 800 2154 μέρη
827 2085 924 2154 τῆς
960 2085 1063 2154 γῆς
1105 2087 1134 2137 ὁ
1164 2087 1414 2157 Χριστὸς,
1456 2088 1567 2143 ἄνω
1610 2093 1674 2160 τῇ
1726 2110 1916 2162 προαι-

334 2175 480 2245 ρέσει
511 2174 802 2246 διέτριϐεν·
851 2175 910 2228 οὐ
945 2175 1051 2248 γάρ
1087 2175 1328 2247 ἐνόησεν,
1364 2179 1443 2232 ὅτι
1479 2180 1607 2244 Θεὸς
1637 2181 1711 2236 ὢν
1738 2179 1910 2250 οὗτος,

331 2267 470 2320 οὕτω
498 2267 611 2340 (15)
645 2267 924 2340 προθυμίᾳ
953 2267 1175 2341 γνώμης
1203 2271 1314 2324 ἄνω
1345 2272 1421 2344 τῷ
1444 2273 1617 2328 δοκεῖν
1647 2277 1913 2351 ἐπιθυμίᾳ

330 2359 531 2431 παρῆν,
579 2361 689 2430 ὅσῳ
736 2360 1004 2430 θειότητος
1039 2361 1287 2434 ἐνεργείᾳ
1338 2367 1450 2430 τοῖς
1486 2366 1686 2422 ἅπασιν
1723 2370 1796 2435 ῶς
1833 2371 1910 2426 ἕνι

329 2455 564 2526 μάλιστα
592 2457 768 2511 πάντα
802 2457 997 2529 πληροῖ
1025 2458 1331 2528 πανταχῶς.

396 2659 512 2713 ΧΧ.
553 2661 710 2716 Ἀλλά
732 2663 956 2719 τοιαῦτα
982 2667 1078 2736 μὲν
1113 2667 1370 2739 ἁρμόττει
1403 2671 1530 2743 περί
1557 2673 1649 2726 τοῦ
1674 2673 1908 2746 Χριστοῦ

323 2749 563 2817 δοξάζειν
589 2756 812 2819 ἐκεῖνον,
833 2757 890 2820 ὃς
914 2758 1018 2812 ὑπὸ
1039 2759 1289 2831 δαίμονος
1321 2761 1559 2834 ὁρίζεται
1579 2765 1755 2835 ψυχάς
1782 2767 1910 2820 ἀνά-

324 2846 515 2916 γεσθαι
553 2850 910 2920 προφητικάς·
963 2852 994 2921 ἡ
1035 2851 1091 2904 δὲ
1142 2852 1478 2924 πυθόμαντις
1522 2854 1597 2920 ὡς
1650 2857 1910 2912 ἐθεάσατο

322 2939 450 3001 τοὺς
472 2940 865 3013 όμογαστρίους
895 2943 1031 3013 αὐτῇ
1065 2943 1341 3014 δαίμονας,
1371 2942 1457 3000 οἵα
1493 2948 1555 3020 δή
1599 2966 1752 3014 τινας
1776 2953 1907 3021 ὁμο-

323 3028 550 3094 κοιλίους
602 3029 862 3100 ἀδελφοὺς
914 3033 1214 3103 ἐπαίρουσά
1268 3035 1338 3088 τά
1393 3037 1704 3109 ὁμομήτρια
1752 3042 1905 3113 γένη,

324 3115 425 3188 βοᾷ
477 3117 652 3184 θεοὺς
692 3119 1010 3187 ἑωρακέναι
1057 3122 1491 3192 ἀναϐαίνοντας
1523 3127 1593 3181 ἐκ
1633 3129 1743 3198 τῆς
1769 3130 1902 3200 γῆς.

2028 612 2182 665 dibus
2212 600 2330 666 vero
2362 612 2602 666 calcabat
2637 622 2832 664 terram
2875 611 2943 662 ⁵⁷.
2987 606 3044 661 Si
3075 608 3258 676 itaque
3292 606 3606 674 unigenitus

2027 707 2198 762 Filius
2230 706 2323 761 Dei
2356 706 2628 776 coaequale
2663 705 2838 774 ipsius
2878 700 3148 768 Verbum,
3190 715 3288 770 per
3315 698 3462 770 quod
3509 714 3605 754 an—

2026 797 2129 866 geli
2161 795 2288 850 facti
2319 807 2467 861 sunt,
2500 804 2554 852 et
2596 796 2719 851 cmli
2740 837 2755 861 ,
2789 801 2842 849 et
2874 801 3054 856 terra,
3081 798 3136 846 et
3173 807 3356 856 mare,
3389 798 3442 846 et
3479 806 3607 861 pro-

2027 888 2343 955 funditates,
2374 896 2428 944 et
2465 890 2753 944 luminaria
2789 903 2885 959 per
2913 885 3111 940 ccelum
3141 886 3402 952 errantia,
3435 893 3509 948 ct,
3545 893 3607 940 ut

2027 997 2136 1035 uno
2161 983 2327 1037 verbo
2353 983 2553 1046 dicam,
2587 997 2771 1038 rerum
2794 980 3036 1035 omnium
3066 984 3370 1033 creatarum
3398 977 3606 1033 consti-

2025 1074 2184 1138 tutio,
2222 1074 2365 1131 Deus
2400 1074 2755 1131 denuntiatur
2788 1093 2800 1128 :
2838 1074 2928 1127 hic
2957 1075 3110 1144 justo
3147 1071 3356 1142 judicio
3387 1071 3606 1126 caelitus

2025 1167 2280 1224 omnibus
2310 1175 2546 1224 mentem
2583 1169 2720 1223 dans
2752 1168 3033 1223 meliorem
3062 1168 3317 1222 thronum
3358 1163 3606 1236 perpetui

2024 1259 2178 1328 regni
2225 1259 2477 1324 obtinet,
2522 1268 2575 1315 et
2625 1259 2788 1315 celeri
2832 1259 3104 1314 sententia
3157 1259 3313 1330 punit
3345 1259 3601 1328 i‘njustos.

2024 1350 2166 1416 Quin
2210 1366 2373 1420 opera
2430 1359 2484 1407 et
2529 1353 2782 1420 actione,
2826 1367 2950 1407 cum
2988 1353 3060 1406 sit
3110 1353 3452 1422 omnipotens
3479 1389 3494 1415 ,
3544 1359 3605 1405 ut

2023 1427 2166 1497 Deus
2194 1449 2248 1496 ct
2279 1441 2374 1498 Dei
2413 1439 2677 1506 Verbum,
2712 1444 2912 1498 caelum
2962 1445 3255 1514 tangebat,
3305 1443 3605 1513 eodemque

2020 1544 2267 1604 tempore
2323 1536 2634 1590 ambulabat
2684 1537 2744 1590 in
2793 1537 2988 1602 terris,
3039 1535 3343 1591 divinitatis
3394 1536 3604 1591 scilicet

2022 1627 2264 1696 potentia
2316 1629 2498 1683 omnia
2553 1629 2789 1700 replens.
2827 1629 2970 1700 Ergo
3010 1630 3058 1686 si
3089 1630 3254 1685 talem
3286 1629 3484 1684 retinet
3511 1643 3603 1683 na-

2023 1723 2225 1782 turam,
2260 1718 2410 1788 impii
2441 1719 2660 1788 quidem
2697 1727 2825 1774 sunt
2857 1720 2949 1789 qui
2987 1719 3603 1775 inconsiderate'existi-

2021 1813 2174 1859 mant
2201 1807 2320 1862 loco
2351 1807 2566 1878 locique
2611 1809 2794 1879 aliqua
2838 1815 2993 1879 parte
3017 1808 3377 1864 determinata
3401 1807 3602 1863 divini-

1949 1883 1990 1937 Β
2021 1903 2186 1951 tatem
2244 1898 2643 1954 circumscribi.
2706 1899 2772 1954 Et
2829 1899 3141 1972 ignorantia
3196 1901 3378 1970 potius
3435 1892 3600 1971 quam

2016 1998 2197 2045 mente
2245 1992 2522 2046 moderata
2553 1993 2957 2049 inconsiderate
2995 1993 3258 2065 Origenes
3313 1992 3556 2063 loquitur
3580 2032 3596 2058 ,

2015 2082 2204 2138 dicens
2234 2082 2535 2149 Christum,
2568 2085 2699 2140 dum
2729 2087 2797 2141 ad
2838 2087 3054 2143 inﬁmas
3079 2096 3240 2144 terrae
3268 2096 3450 2158 partes
3476 2103 3599 2158 per-

2013 2173 2272 2238 venisset,
2308 2175 2590 2230 voluntate
2643 2177 2897 2246 superius
2954 2185 3347 2234 commoratum
3400 2177 3593 2234 fuisse.

2013 2263 2133 2319 Non
2163 2265 2307 2320 enim
2338 2266 2603 2322 intellexit
2631 2269 2775 2338 quod
2797 2310 2811 2335 ,
2867 2285 2992 2325 cum
3048 2270 3095 2326 is
3132 2278 3277 2326 esset
3307 2269 3450 2325 Deus
3471 2312 3486 2334 ,
3517 2271 3597 2325 sic

2011 2357 2308 2412 voluntatis
2335 2355 2550 2423 alfectu,
2582 2369 2640 2413 ut
2673 2359 2981 2425 videbatur,
3009 2371 3065 2416 et
3113 2362 3384 2417 desiderio
3431 2361 3598 2417 fuerit

2013 2449 2288 2517 superius,
2320 2451 2414 2520 qui
2447 2451 2753 2506 divinitatis
2782 2453 3100 2522 operatione
3132 2453 3388 2509 omnibus
3412 2454 3597 2508 omnia

2012 2540 2215 2610 ubique
2244 2551 2507 2612 quantum
2540 2543 2655 2598 ﬁeri
2679 2553 2860 2615 potest
2884 2546 3203 2616 compleret.

2083 2654 2199 2710 XX.
2223 2652 2327 2711 Sed
2352 2655 2718 2712 concedamus
2736 2656 2850 2712 haec
2869 2659 2935 2714 de
2947 2658 3169 2716 Christo
3191 2659 3343 2714 illum
3366 2659 3593 2723 sentire,

2010 2748 2101 2820 qui
2121 2749 2505 2820 prophetarum
2529 2751 2739 2807 animas
2769 2766 2800 2805 a
2829 2737 3072 2808 daemone
3091 2753 3306 2809 evocari
3325 2753 3592 2809 decernit.

2009 2838 2388 2911 Pythomantis
2414 2847 2474 2895 ut
2503 2841 2608 2897 sibi
2639 2842 2849 2898 similes
2871 2852 3060 2899 ventre
3099 2843 3373 2899 daemones
3396 2845 3596 2898 intuita

2008 2939 2112 2998 est,
2146 2933 2313 2989 veluti
2347 2934 2615 3004 quosdam
2655 2950 2723 2990 ex
2754 2935 2944 2992 eodem
2975 2945 3165 2992 ventre
3194 2937 3396 2992 fratres
3418 2937 3595 2993 extol-

2008 3025 2126 3081 lens
2155 3026 2250 3096 qui
2297 3025 2366 3080 ab
2406 3026 2597 3081 eadem
2637 3035 2767 3082 sunt
2807 3029 2921 3082 nati
2950 3036 3156 3096 matre,
3201 3030 3433 3095 clamat,
3467 3029 3592 3084 deos

2008 3120 2338 3189 comperisse
2382 3120 2716 3174 ascendentes
2758 3136 2786 3173 e
2820 3129 2962 3175 terra
2989 3121 3058 3176 ⁸⁸.
3096 3121 3167 3176 At
3197 3122 3611 3194 grandiloquus!

335 3207 472 3260 Ἀλλ’
492 3211 520 3262 ὁ
551 3210 922 3282 μεγαληγόρος
946 3211 1044 3264 οὐκ
1077 3212 1275 3267 ἔδεισεν
1306 3215 1582 3287 Ὠριγένης
1611 3219 1806 3283 εἰπεῖν,
1829 3221 1909 3274 ὅτι

2013 3210 2131 3282 ipse
2176 3208 2442 3281 Origenes
2483 3227 2593 3266 non
2644 3211 2917 3266 dubitavit
2966 3212 3150 3268 dicere
3187 3230 3202 3269 ;
3252 3213 3594 3273 Daemonium

319 3299 382 3352 τὸ
408 3299 679 3370 δαιμόνιον
700 3302 820 3372 οὐχὶ
836 3301 932 3374 τὴν
962 3302 1054 3356 τοῦ
1077 3308 1356 3376 προφήτου
1374 3307 1534 3376 μόνον
1554 3309 1795 3380 ἀνήγαγε
1811 3311 1906 3382 ψυ-

320 3392 442 3463 χὴν,
477 3391 862 3466 άλλά·Μήτιγε
903 3394 1000 3448 καὶ
1034 3396 1188 3450 ἄλλαι
1233 3399 1752 3472 συναναϐεϐήκασιν,
1777 3403 1904 3478 ἔφη,

320 3483 488 3555 ψυχαὶ
524 3487 815 3557 προφητῶν
842 3488 1023 3556 amt;
1060 3490 1151 3560 Μὴ
1201 3490 1478 3562 κορεσθεὶς
1506 3493 1562 3546 δὲ
1588 3497 1652 3565 τῇ
1682 3496 1905 3567 τοιαύτῃ

321 3575 610 3647 παρανοίᾳ,
625 3578 718 3631 καὶ
735 3579 858 3642 τοὺς
880 3580 1144 3648 ἀγγέλους
1155 3581 1393 3654 ὡρίσατο
1410 3585 1904 3656 συναναϐεϐηκέναι

318 3671 432 3732 τοῖς
461 3667 763 3740 πνεύμασιν
796 3670 973 3724 αὐτῶν
992 3689 1006 3703 ο
1035 3673 1223 3744 εἴρηκε
1255 3673 1383 3747 γάρ,
1417 3677 1499 3729 ὅτι
1523 3677 1626 3748 τῆς
1653 3678 1760 3734 τῶν
1789 3680 1921 3733 δεοεο

321 3759 499 3832 μένων
527 3761 687 3816 ἕνεκα
712 3765 982 3837 σωτηρίας
1011 3766 1231 3820 ἀνίεσαν
1259 3767 1470 3822 ὲνθάδε’
1501 3771 1759 3842 μεγίστας
1787 3769 1899 3841 οῦν,

315 3851 394 3916 ὡς
414 3851 605 3919 έοικεν,
638 3856 913 3929 Ὠριγένης
936 3857 1156 3922 ἐλπίδας
1185 3859 1494 3914 ὑποτίθεται
1519 3866 1631 3927 τοῖς
1653 3865 1903 3934 ἀγγέλοις

317 3945 413 4002 καὶ
458 3949 782 4019 προφήταις,
821 3950 938 4020 ἦτοι
979 3951 1070 4003 καὶ
1094 3952 1258 4005 παντὶ
1298 3952 1374 4023 τῷ
1406 3953 1512 4006 τῶν
1545 3955 1714 4023 ἁγίων
1739 3958 1902 4028 ὁμόσε

317 4037 490 4112 χορῷο
519 4037 732 4109 πρῶτον
756 4041 852 4110 μὲν
875 4042 1111 4110 εἰσάγων
1140 4042 1215 4106 ὡς
1242 4043 1346 4096 ὑπὸ
1368 4044 1620 4115 δαίμονος
1654 4046 1902 4112 ἐξουσίαν

316 4128 473 4192 εἰσὶν,
508 4129 695 4184 ἔπειτα
723 4130 778 4183 δὲ
812 4132 1051 4204 μηνύων,
1081 4133 1161 4186 ὅτι
1190 4133 1278 4188 διά
1312 4135 1565 4204 μαινάδος
1590 4138 1902 4209 ἀνήχθησαν

315 4220 547 4277 ἐνταῦθα
573 4223 827 4292 γυναικὸς
863 4224 1143 4296 ἰατρεῦσαι
1187 4227 1309 4290 τοὺς
1353 4227 1678 4298 πάσχοντας,
1710 4224 1797 4283 οἷα
1825 4231 1903 4284 δε-

317 4314 530 4385 σμῶται
563 4315 954 4386 προαχθέντες·
985 4316 1100 4371 οὔτι
1125 4317 1189 4385 γέ
1217 4335 1306 4388 μοι
1335 4318 1482 4372 δοκεῖ
1517 4324 1663 4390 μεῖον
1687 4323 1900 4394 ἐκείνης

313 4405 755 4475 ἀποφθέγγεσθαι
792 4409 1188 4479 φρενοϐλαὸῶς.
1230 4412 1408 4466 Ἔστω
1437 4413 1545 4485 γὰρ
1588 4413 1789 4480 οὕτως·
1825 4419 1900 4469 ol-

313 4498 494 4572 κτρῶς
527 4499 845 4569 ἓξεφαύλισε
888 4502 1014 4565 τοὺς
1063 4502 1251 4570 ἁγίους
1291 4504 1508 4575 ἄνδρας,
1540 4506 1662 4560 οὐδὲ
1699 4507 1760 4560 τὸ
1790 4506 1898 4560 τῶν

313 4593 690 4664 ούρανοπετῶν
708 4592 953 4662 ἀγγέλων
975 4593 1214 4666 ᾐσχύνθη
1237 4596 1421 4667 τάγμα
1441 4597 1743 4653 διαλλαϐεῖν
1758 4600 1889 4669 (M)'
1925 4581 1971 4636 D

314 4683 348 4752 ἢ
383 4683 643 4738 δεικνύτω
672 4683 881 4755 τρανῶς
922 4687 950 4739 ὁ
986 4685 1062 4755 τῷ
1098 4686 1320 4757 τοιούτῳ
1358 4690 1743 4761 συνιστάμενος
1786 4692 1897 4763 ὅρῳ

313 4774 478 4828 πόθεν
505 4773 684 4828 λαϐὼν
715 4776 778 4828 ὲκ
805 4775 904 4845 τῆς
937 4774 1039 4843 γῆς
1072 4775 1273 4846 ἔφησεν
1307 4779 1512 4831 ἀνιέναι
1537 4781 1662 4844 τοὺς
1699 4783 1757 4835 ὲν
1785 4784 1897 4846 τοῖς

314 4867 558 4938 οὐρανοῖς
591 4867 950 4937 ἑστιωμένους
978 4867 1268 4935 ἀγγέλους·
1306 4871 1366 4921 οὐ
1412 4870 1520 4942 γὰρ
1551 4865 1695 4925 οῦτοι
1736 4890 1896 4927 κατε-

315 4956 604 5028 ληλύθασιν
634 4960 714 5023 είς
744 4959 868 5030 ᾇδου
897 4959 1179 5031 λυτηρίους
1208 4963 1537 5031 ἐπαγόμενοι
1562 4967 1672 5027 τοῖς
1697 4967 1895 5036 αἰχμα-

316 5045 505 5112 λώτοις
537 5051 773 5119 ἀφέσεις,
798 5050 911 5105 ἀλλ’
933 5052 960 5102 ὁ
983 5051 1233 5122 Χριστὸς,
1264 5053 1449 5126 ἐπειδὴ
1480 5055 1574 5108 καὶ
1600 5058 1894 5128 νικηφόρον

316 5133 470 5201 οὗτος
511 5141 686 5211 ἵδρυσε
733 5141 873 5196 κατά
916 5142 1009 5196 τοῦ
1052 5143 1308 5215 πολεμίου
1352 5146 1630 5216 τρόπαιον,
1672 5146 1894 5211 καὶτὰς

315 5233 425 5287 τῶν
452 5233 804 5302 αἰχμαλώτων
834 5236 1154 5300 ἀποσπάσας
1179 5237 1326 5300 λείας
1357 5238 1503 5309 αύτῷ
1528 5238 1737 5310 σώματι
1766 5257 1897 5310 μετ-

315 5324 520 5398 αρσίω;
560 5323 783 5394 ἀνῆλθεν
829 5330 907 5392 εἰς
947 5328 1236 5402 οὐρανούς·
1290 5330 1508 5399 ἄγγελοι
1553 5331 1610 5384 δὲ
1654 5331 1732 5402 τῷ
1775 5331 1894 5403 Θεῷ

314 5415 662 5489 παρεστῶσιν
687 5417 962 5485 ἑκάστοτε,
989 5421 1086 5484 τὰς
1120 5421 1470 5492 ὀφειλομένας
1497 5422 1732 5477 ἐκτελεῖν
1755 5424 1897 5478 ἐπει-

311 5509 533 5580 γόμενοι
557 5507 828 5580 λατρείας,
862 5511 974 5566 ἀλλ’
990 5514 1109 5583 ούχί
1139 5513 1229 5568 τὸν
1255 5501 1386 5586 ᾆδῆν
1415 5515 1671 5572 οἰκοῦσιν.

418 5693 462 5726 ⁸⁷
498 5699 629 5764 sap.
673 5709 830 5761 xvm,
874 5694 1059 5751 N-iG.
1113 5697 1160 5730 ³⁸
1187 5695 1217 5751 1
1245 5696 1372 5770 Reg.
1404 5713 1603 5767 xxvrn,
1631 5697 1718 5754 l3.

383 5883 496 5950 (15)
530 5884 712 5940 Οὕτω.
741 5881 824 5940 An
861 5882 1139 5952 τοσούτῳ;

2007 3318 2118 3357 non
2154 3311 2367 3357 tantum
2411 3304 2691 3374 propheta:
2719 3304 2956 3357 animam
2978 3303 3186 3370 eduxit,
3219 3305 3315 3360 sed
3339 3304 3510 3360 :Num
3539 3316 3594 3362 et

2008 3396 2128 3449 alia:
2152 3409 2258 3447 una
2288 3395 2451 3448 simul
2479 3393 2846 3449 ascenderunt
2887 3395 3086 3449 anima:
3126 3404 3328 3450 sancta:
3353 3399 3593 3467 prophe-

2006 3489 2222 3543 tarum?
2248 3486 2420 3542 Porro
2445 3503 2568 3542 cum
2592 3487 2670 3541 illi
2711 3495 2861 3542 tanta
2885 3487 3159 3542 dementia
3188 3504 3297 3543 non
3326 3499 3474 3544 esset
3501 3505 3592 3544 sa-

2005 3583 2099 3644 tis,
2129 3580 2351 3650 angelos
2380 3579 2510 3635 item
2542 3577 2753 3634 del‘miit
2781 3579 2944 3634 simul
2979 3581 3292 3636 ascendisse
3315 3595 3439 3635 cum
3470 3581 3591 3636 illo-

2006 3687 2128 3726 rum
2154 3672 2440 3744 spiritibus
2471 3689 2485 3726 :
2519 3671 2659 3726 dixit
2677 3670 2877 3743 quippe
2899 3671 3173 3742 egentium
3195 3672 3391 3728 salutis
3423 3687 3592 3730 causa

2005 3757 2136 3820 illuc
2181 3765 2486 3821 advenisse.
2534 3763 2744 3834 Itaque,
2778 3771 2840 3818 ut
2885 3771 3141 3834 apparet,
3195 3765 3433 3819 maxima
3491 3778 3590 3835 spe

2005 3859 2228 3928 angelos
2262 3866 2317 3912 et
2345 3858 2666 3931 prophetas,
2697 3864 2873 3912 totum
2899 3855 3136 3927 denique
3169 3865 3487 3912 sanctorum
3511 3857 3588 3914 si-

2004 3951 2117 4004 mul
2150 3951 2378 4006 chorum
2404 3991 2417 4015 ,
2453 3950 2686 4016 excitat;
2720 3950 2896 4020 primo
2945 3947 3080 4002 illud
3107 3947 3409 4004 decernens
3434 3989 3450 4015 ,
3491 3963 3589 4004 eos

2004 4044 2107 4098 sub
2161 4051 2423 4113 potestate
2473 4043 2738 4098 daemonis
2788 4057 2948 4111 esse;
3005 4042 3246 4097 secundo
3305 4056 3589 4112 exponens

2003 4135 2265 4190 nuenadis
2299 4135 2546 4190 mulieris
2580 4149 2744 4205 opera
2777 4134 2908 4188 illuc
2934 4133 3182 4196 eductos,
3216 4132 3382 4194 veluti
3406 4135 3585 4202 capti-

2001 4242 2100 4282 vos
2131 4226 2454 4289 conductos,
2489 4236 2548 4279 ut
2591 4225 2968 4280 laborantibus
3002 4224 3372 4279 mederentur.
3405 4223 3586 4290 Quare

2000 4333 2111 4372 non
2134 4317 2315 4370 minus
2343 4331 2506 4386 quam
2537 4315 2627 4368 illa
2656 4324 2838 4369 mente
2882 4315 3045 4370 laesus
3099 4313 3390 4368 enuntiare
3429 4315 3584 4371 vlde-

2000 4417 2111 4464 tur.
2151 4407 2241 4462 Sic
2267 4409 2410 4461 enim
2440 4424 2498 4462 se
2549 4407 2747 4462 habet:
2783 4406 2984 4460 misere
3012 4404 3222 4461 sanctis
3266 4404 3584 4461 hominibus

2001 4499 2316 4565 insultavit;
2353 4499 2668 4571 angelorum
2703 4498 2831 4553 item
2857 4496 3105 4552 ordinem
3142 4495 3234 4567 qui
3264 4511 3363 4566 per
3383 4497 3585 4552 cmlum

1999 4594 2219 4657 volant,
2273 4593 2412 4646 male
2447 4599 2682 4646 tractare
2722 4607 2829 4646 non
2872 4598 2958 4646 est
2987 4591 3214 4647 veritus.
3246 4588 3345 4644 Vel
3387 4591 3584 4646 saltem

2000 4693 2186 4756 aperte
2216 4685 2364 4739 dicat
2403 4686 2498 4755 qui
2544 4684 2871 4740 sententiam
2906 4683 3049 4739 hanc
3077 4682 3350 4749 defendit,
3407 4683 3584 4738 unde-

1999 4795 2125 4834 nam
2160 4779 2371 4841 habuit,
2415 4792 2446 4832 e
2480 4785 2628 4832 terra
2657 4778 2878 4848 angelos
2910 4778 2966 4831 in
2995 4777 3150 4835 caelis
3175 4783 3581 4833 commorantes

1998 4873 2314 4929 ascendere.
2339 4870 2524 4943 Neque
2554 4871 2697 4926 enim
2724 4870 3198 4927 hidescenderunt
3227 4871 3280 4923 in
3304 4869 3580 4925 infernum

2000 4983 2184 5022 secum
2209 4965 2549 5022 liberatrices
2571 4963 2806 5019 ferentes
2845 4964 3078 5036 captivis
3099 4963 3452 5027 emissiones;
3480 4963 3578 5018 sed

1997 5060 2273 5123 Christus,
2306 5058 2399 5124 qui
2447 5074 2512 5112 ex
2572 5059 2730 5112 hoste
2781 5068 2998 5128 raptum
3028 5057 3204 5110 victor
3254 5055 3358 5108 sibi
3404 5054 3578 5108 erexit

1999 5158 2283 5223 tropaeum,
2315 5157 2368 5203 et
2402 5151 2740 5220 captivorum
2779 5150 2962 5220 praeda
2982 5159 3159 5230 .parta
3186 5163 3416 5219 corpore
3458 5149 3577 5216 ipso

1998 5243 2067 5298 ad
2096 5243 2266 5298 cwlos
2301 5241 2551 5298 sublimis
2585 5241 2851 5297 ascendit.
2897 5240 3098 5296 Verum
3127 5241 3306 5310 angeli
3344 5239 3454 5294 Deo
3484 5240 3582 5310 juo'

1999 5332 2139 5406 giter
2171 5341 2467 5402 praesentes
2499 5332 2678 5387 cultus
2708 5331 2922 5386 debitos
2951 5331 3260 5400 persolvere
3283 5337 3578 5400 conantur.

1998 5440 2101 5480 nec
2125 5424 2330 5481 inferos
2350 5424 2620 5479 habitant.

2066 5878 2179 5953 (14)
2211 5879 2580 5940 Διαλλασεῐν.
2609 5876 2772 5940 Forte
2801 5878 3128 5938 διασάλλειν.
