4132 6452
532 374 641 434 655

1509 363 1568 418 S.
1611 362 1982 418 EUSTATHII
2020 361 2330 420 EPISCOPI
2365 362 2782 420 ANTIOCHENI

3683 373 3788 431 656

608 487 747 548 X-Xl.
790 485 893 542 Sed
927 483 1210 555 Origenes,
1249 495 1310 539 ut
1335 485 1569 550 videtur,
1604 486 1717 541 haec
1754 501 1813 542 se
1843 500 1948 540 non
1989 501 2094 554 per-

2289 486 2426 541 ΧΧΙ.
2457 487 2613 551 Ἀλλ’,
2656 487 2731 551 ὡς
2773 487 2964 554 ἔοικεν,
3007 487 3284 559 Ὠριγένης
3326 490 3672 561 ὑποκρίνεται
3713 494 3790 566 μὴ

532 587 713 654 cipere
769 579 1022 644 simulat,
1074 586 1136 633 ut
1184 578 1596 648 superstitiosus
1628 579 1861 634 inculcet
1894 577 2094 649 prazsti-

2214 579 2370 642 νοεῖν,
2403 577 2488 630 ῖνα
2519 577 2884 649 δεισιδαίμονα
2923 581 3316 655 παρασκευάσῃ
3354 584 3611 653 μαντείαν
3631 602 3644 614 ο
3673 581 3790 640 εἶτα

530 678 665 748 gias.
695 672 985 735 Praeterea,
1021 671 1114 742 qui
1145 669 1329 725 omnia
1381 667 1676 738 Scriptura:
1713 670 1876 724 verba
1908 669 2110 739 allego-

531 769 628 822 riis
652 778 923 835 exponere
950 779 1120 818 ausus
1147 771 1253 827 est,
1288 762 1392 816 hoc
1431 762 1612 816 solum
1641 759 1710 815 ad
1735 761 1966 816 litteram
1992 770 2106 815 tra-

529 858 658 913 dere
691 871 801 911 non
831 855 1108 911 erubescit
1132 894 1147 920 ,
1181 869 1278 926 per
1307 853 1712 910 simulationem
1761 862 1816 908 et
1848 853 2014 908 veluti
2043 870 2108 908 ex

530 949 753 1004 oraculo
782 947 1176 1012 determinans,
1203 961 1303 1002 nec
1336 945 1500 1002 etiam
1528 945 1595 1001 de
1618 946 1739 1016 ipso
1761 960 1989 1016 corpore
2024 961 2109 1002 re-

529 1051 616 1099 cte
642 1041 918 1112 judicans.
949 1037 1204 1105 Quinimo
1251 1037 1320 1093 de
1362 1037 1619 1108 paradiso
1673 1053 1832 1108 quem
1877 1037 2020 1094 Deus
2052 1043 2109 1095 in

528 1133 698 1190 Edem
732 1134 1070 1204 plantaverat
1093 1132 1138 1163 ⁵⁸
1165 1130 1327 1185 verba
1351 1129 1580 1194 faciens,
1603 1145 1706 1186 nec
1738 1145 1847 1185 non
1878 1146 1984 1201 qua
2018 1146 2109 1184 ra-

519 1228 677 1284 tione
707 1229 853 1298 ligna
885 1224 1165 1280 fructifera
1189 1225 1560 1294 germinarunt
1582 1239 1838 1279 enarrare
1865 1233 2103 1290 tentans,

528 1330 671 1376 inter
698 1321 802 1375 alia
843 1319 1027 1376 subdit
1055 1337 1067 1371 :
1101 1315 1235 1371 Cum
1281 1317 1502 1388 legentes
1523 1358 1537 1382 ,
1569 1317 1785 1389 inquit,
1829 1335 1862 1371 a
1908 1318 2105 1387 fabulis

527 1415 757 1483 serieque
809 1427 927 1481 qua:
983 1407 1271 1464 secundum
1328 1411 1561 1464 litteram
1611 1420 1688 1465 est
1737 1410 1906 1481 gradu
1961 1410 2105 1480 facta

527 1505 880 1570 ascendimus,
911 1520 1156 1575 quantum
1209 1503 1306 1558 illa
1355 1505 1499 1574 ligna
1526 1505 1630 1557 sint
1659 1520 1776 1574 qui:
1808 1503 1948 1559 Deus
1978 1507 2104 1559 colit

525 1597 807 1668 qua’rimus
825 1611 844 1648 :
872 1596 1095 1650 dicimus
1118 1597 1175 1650 in
1205 1613 1264 1650 eo
1287 1595 1408 1649 loco
1442 1596 1582 1667 ligna
1608 1613 1725 1667 qua:
1753 1612 1907 1650 sensu
1935 1599 2103 1666 accipi

523 1699 760 1759 possunt,
797 1706 901 1744 non
930 1690 1169 1758 reperiri.
1224 1688 1351 1744 Haec
1404 1705 1527 1745 cum
1563 1704 1659 1760 per
1692 1689 2102 1746 translationem

522 1791 778 1853 exponat,
811 1797 922 1839 non
982 1781 1169 1837 horret
1223 1781 1437 1850 fabulas
1479 1781 1752 1851 appellare
1792 1797 1912 1851 quae
1956 1780 2101 1837 Deus

523 1885 707 1932 creata
735 1875 1033 1946 perfecisse
1052 1875 1308 1941 traditur,
1333 1875 1743 1945 ﬁdissimusqne
1758 1875 1878 1944 ejus
1909 1890 2103 1945 servus

524 1966 734 2039 Moyses
785 1967 1007 2037 scriptis
1057 1965 1424 2037 consignavit.
1471 1964 1538 2018 Et
1587 1980 1655 2020 ex
1694 1967 1980 2037 opposito,
2036 1983 2102 2022 ea

521 2074 642 2128 quae
679 2057 861 2112 fabula
888 2058 945 2111 in
976 2064 1165 2113 ventre
1183 2057 1391 2127 efﬁngit
1422 2066 1474 2111 et
1496 2057 1730 2112 obscure
1764 2059 2004 2122 insonat.
2035 2073 2101 2114 ac

519 2155 566 2207 si
594 2151 849 2222 dogmata
881 2158 1100 2219 essent,
1133 2157 1534 2222 programmate
1567 2150 1798 2217 stabilit,
1828 2166 1955 2207 vera
1978 2166 2103 2208 esse

521 2243 926 2301 demonstrans.
982 2242 1050 2297 Et
1113 2244 1277 2298 verba
1325 2241 1754 2315 Engastrimythi
1804 2259 1835 2297 a
1893 2242 2102 2314 Spiritu

517 2346 711 2409 sancto
729 2337 931 2392 dictata
959 2335 1320 2398 contendens,
1341 2350 1426 2400 ea,
1452 2341 1514 2388 ut
1542 2335 1646 2391 sibi
1672 2336 1906 2401 videtur,
1931 2336 2104 2393 ascri-

520 2426 656 2484 bcns
674 2430 982 2498 scripturae,
1004 2428 1118 2482 vult
1142 2427 1365 2481 immota
1386 2442 1735 2497 permanere;
1754 2428 1954 2484 divinis
1971 2444 2102 2484 vero

522 2521 762 2575 oraculis
784 2536 814 2574 a
831 2519 1014 2590 Moyse
1032 2518 1243 2574 traditis
1260 2517 1564 2587 fabularum
1581 2519 1804 2575 nomine
1826 2521 2100 2592 insignitis

521 2630 742 2669 sensum
769 2612 1022 2677 invertit,
1065 2612 1366 2681 litteraeque
1416 2612 1700 2668 traditioni
1744 2629 1854 2669 non
1895 2616 2009 2669 vult
2042 2623 2101 2669 ut

519 2707 641 2775 quis
675 2708 917 2761 animum
967 2703 1232 2759 intendat.
1273 2701 1465 2759 Nonne
1521 2704 1652 2759 item
1702 2705 1770 2760 ab
1820 2706 2098 2762 Abraham

518 2809 712 2871 puteos
739 2799 969 2856 eﬂ‘ossos
985 2800 1052 2864 ⁸ο,
1073 2800 1288 2871 aliaque
1317 2799 1384 2855 ad
1414 2813 1508 2854 eos
1531 2800 1874 2870 pertinentia,
1893 2801 2099 2870 allego-

517 2894 618 2950 riis
646 2895 891 2964 exponit,
929 2883 1194 2962 tantaque
1234 2907 1550 2948 sermonum
1584 2892 1739 2962 copia
1779 2892 1835 2946 in
1867 2893 2098 2947 immen-

519 2999 639 3041 sum
666 2990 940 3056 protracta
972 2998 1133 3037 omne
1178 2982 1244 3038 de
1275 2982 1385 3038 illis
1433 2983 1708 3052 negotium
1751 2981 2098 3036 disterminat

518 3075 576 3130 in
603 3076 763 3131 aliam
789 3074 1115 3131 sententiam
1144 3074 1490 3137 translatum,
1526 3074 1652 3130 licet
1683 3073 1748 3127 ad
1778 3074 1890 3127 haec
1924 3087 2098 3144 usque

518 3177 765 3238 tempora
799 3167 856 3223 in
885 3167 1107 3240 regione
1128 3168 1218 3221 illa
1248 3167 1422 3223 oculis
1448 3166 1625 3221 adhuc
1645 3166 2096 3238 conspiciantur?

516 3259 706 3316 Nonne
750 3259 902 3316 lsaac
945 3267 999 3314 et
1027 3258 1285 3314 Rebeccae
1318 3275 1407 3314 res
1440 3266 1622 3330 gestas
1651 3259 1692 3289 ⁶¹
1744 3259 2090 3325 immutavit,

517 3354 736 3407 inaures
762 3359 814 3406 et
847 3351 1087 3406 armillas
1123 3367 1384 3405 sermones
1414 3365 1537 3406 esse
1564 3365 1750 3404 aureos
1776 3348 1964 3405 dicens
1985 3389 2000 3414 ,
2039 3356 2094 3404 et

515 3445 832 3500 universum
869 3442 1105 3512 denique
1153 3448 1533 3514 argumentum
1594 3456 1692 3512 per
1735 3442 1846 3497 vim
1889 3441 2095 3497 distor-

515 3544 650 3605 tum,
685 3537 754 3592 ad
778 3551 842 3592 ea
880 3551 1000 3606 qua:
1026 3537 1207 3590 animo
1240 3546 1542 3590 cernuntur
1565 3542 1619 3590 et
1647 3535 1861 3590 ratione
1895 3533 2093 3590 intelli-

513 3641 715 3702 guntur
737 3629 1070 3695 traductum,
1095 3627 1534 3684 cavillationibus
1554 3627 1894 3698 deturpavit?
1918 3626 2090 3682 Porro

513 3721 581 3776 de
631 3719 735 3776 Job
776 3719 871 3791 qui
927 3720 1099 3773 multa
1159 3734 1358 3790 passus
1415 3727 1500 3776 est
1556 3721 1602 3752 °'
1666 3720 2090 3776 commentarios

513 3813 713 3877 edens,
765 3828 874 3868 non
935 3813 1237 3867 admiratur
1283 3813 1658 3877 tolerantiam,
1720 3827 1826 3867 non
1878 3813 2090 3867 extollit

513 3903 750 3967 labores,
783 3919 890 3958 non
922 3903 1266 3958 commendat
1296 3903 1589 3967 virtutem,
1629 3918 1738 3958 non
1785 3905 1980 3974 probat
2020 3903 2088 3958 fi-

512 3993 655 4061 dem,
680 4011 790 4050 non
822 3994 1156 4050 fortitudinis
1185 3995 1349 4049 animi
1385 3995 1631 4066 exempla
1655 3995 1937 4058 describit,
1974 4010 2084 4050 non

512 4087 718 4144 tirones
749 4088 951 4144 milites
994 4089 1367 4159 magnitudine
1410 4089 1578 4144 animi
1626 4089 1917 4160 vigoreque
1954 4104 2087 4159 pru-

511 4176 705 4233 tientia:
729 4177 796 4232 a’d
822 4177 1076 4232 virtutem
1108 4176 1354 4233 hortatur
1373 4219 1389 4245 ,
1437 4193 1547 4233 non
1582 4187 1756 4231 armat
1786 4186 2085 4234 certatores

509 4275 570 4319 nt
611 4266 824 4323 fortiter
875 4282 975 4338 pro
1027 4268 1224 4338 pietate
1264 4277 1534 4342 pugnent;
1597 4270 1692 4325 sed
1737 4269 1850 4326 haec
1897 4272 2084 4326 omnia

509 4368 928 4427 praatergressus
950 4357 1166 4415 sublimi
1197 4361 1411 4417 dicendi
1443 4360 1604 4416 modo
1639 4361 1869 4416 filiarum
1905 4361 2085 4418 nomi-

509 4449 670 4506 nibus
702 4451 1042 4520 exponendis
1079 4453 1296 4507 aniliter
1342 4455 1510 4507 multa
1545 4468 1677 4508 sane
1718 4454 2079 4523 consumpsit.

2212 671 2391 733 πάσας
2420 671 2786 743 ἀλληγορῆσαι
2815 671 2910 735 τὰς
2941 672 3160 742 Γραφὰς
3182 674 3510 746 ἐγχειρίσας,
3535 677 3634 730 οὐκ
3666 679 3790 749 ἐρυ-

2212 762 2337 836 θριᾷ
2369 763 2523 817 τοῦτο
2546 765 2704 835 μόνον
2736 767 2826 819 ἐπὶ
2864 764 2957 820 τοῦ
2980 766 3302 840 γράμματος
3327 766 3660 837 ἐκδέχεσθαι,
3703 770 3789 824 θε-

2211 855 2418 920 σπίζων
2465 857 2770 928 ὑποκρίσει,
2798 859 2974 913 καίτοι
3020 859 3141 930 μηδ’
3177 858 3324 930 αύτῷ
3371 859 3582 932 σώματι
3623 878 3785 933 προσ-

2209 948 2348 1020 έχων
2379 950 2763 1020 εὐγνωμόνως’
2791 950 2928 1004 ἀλλά
2957 950 3020 1023 δὴ
3054 951 3181 1022 περὶ
3208 950 3298 1004 τοῦ
3332 952 3658 1021 παραδείσου
3683 954 3783 1008 διας

2208 1039 2496 1112 λεγόμενος
2535 1041 2593 1096 ὃν
2632 1041 2923 1112 ἐφύτευσεν
2972 1044 3001 1095 ὁ
3041 1043 3172 1106 Θεὸς
3217 1044 3274 1096 ἐν
3313 1043 3500 1114 Ἐδέμ,
3533 1039 3649 1096 εἶτα
3695 1047 3782 1098 καὶ

2208 1133 2326 1186 τίνα
2348 1133 2544 1205 τρόπον
2570 1133 2869 1200 ἐξανέτειλε
2897 1134 2964 1188 τά
2991 1135 3314 1207 καρποφόρα
3339 1134 3468 1200 ξύλα
3489 1135 3785 1206 διηγεῖσθαι

2209 1225 2548 1296 βουλόμενος,
2583 1227 2817 1300 ἐπέφερε
2844 1227 2979 1299 πρὸς
3017 1230 3128 1291 τοῖς
3173 1227 3385 1292 ἀλλοις’
3433 1229 3607 1282 Ὅταν
3642 1229 3783 1283 ἀνα-

2205 1319 2600 1390 γινώσκοντες
2645 1320 3042 1390 ἀναϐαίνομεν
3079 1320 3197 1375 ἀπὸ
3234 1319 3352 1374 τῶν
3384 1322 3608 1390 μύθων,
3657 1320 3779 1392 ἔφη,

2206 1408 2440 1477 καὶτῆς
2477 1411 2628 1464 κατὰ
2666 1411 2733 1463 τὸ
2777 1409 3009 1480 ποάμμα
3045 1409 3320 1480 ἐκδοχῆς,
3358 1410 3616 1480 ζητῶμεν
3651 1413 3782 1466 τινα

2205 1500 2277 1553 τὰ
2309 1500 2482 1565 ξύλα,
2519 1501 2700 1572 φησὶν,
2753 1501 2926 1555 ἐστὶν
2954 1501 3154 1555 ἐκεῖνα
3192 1501 3231 1556 d
3272 1505 3305 1556 ὀ
3334 1501 3482 1570 Θεὸς
3511 1502 3777 1574 γεωργεῖ·

2203 1592 2478 1662 λέγομεν,
2507 1593 2595 1647 ὅτι
2618 1596 2728 1648 οὐκ
2767 1593 2859 1648 ἔνι
2905 1596 3163 1664 αἰσθητὰ
3197 1595 3353 1660 ξύλα
3382 1597 3452 1650 ἐν
3490 1595 3570 1663 τῷ
3601 1599 3778 1667 τόπῳ.

2205 1685 2387 1740 Ταῦτα
2423 1687 2479 1740 δέ
2514 1687 2578 1759 δὴ
2625 1687 2964 1759 τροπολογῶν
2991 1689 3052 1742 ού
3087 1690 3297 1761 φρίττει
3329 1691 3560 1760 μύθους
3585 1693 3782 1763 ὀνομά-

2204 1779 2316 1844 ζειν
2348 1780 2447 1834 ὅσα
2477 1780 3000 1854 δεδημιουργηκέναι
3032 1783 3128 1854 μὲν
3166 1785 3457 1854 ἱστορεῖται
3487 1784 3640 1851 Θεὸς,
3669 1788 3696 1839 ὁ
3724 1787 3780 1841 δέ

2133 1862 2176 1918 Β
2205 1871 2519 1936 πιστότατος
2551 1873 2643 1926 τοῦ
2676 1873 2809 1927 Θεοῦ
2846 1873 3097 1946 Θεράπων
3133 1875 3338 1947 ἔγραψε
3366 1877 3606 1947 Μωῢσῆς
3625 1895 3638 1908 θ
3667 1878 3780 1932 ἀλλ’

2121 3216 2165 3276 ο

2205 1966 2269 2017 ἐκ
2296 1964 2404 2017 τῶν
2430 1966 2704 2031 ἐναντίων,
2736 1968 2877 2039 ἆπερ
2905 1970 2933 2021 ὁ
2968 1967 3134 2040 μῦθος
3167 1972 3224 2022 ἐν
3255 1971 3451 2041 γαστρὶ
3490 1969 3784 2042 πλαττόμε-

2203 2073 2292 2120 νος
2325 2057 2545 2126 ἀφανῶς
2587 2059 2805 2130 ὑπηχεῖ,
2850 2059 3022 2115 ταῦτα
3061 2062 3374 2133 δογματικῷ
3417 2062 3622 2132 βεϐαιοῖ
3652 2083 3785 2136 προ-

2202 2149 2511 2219 γράμματι,
2538 2150 2794 2205 δεικνύων
2821 2151 3014 2224 άληθῆ.
3047 2153 3128 2206 Τά
3157 2154 3255 2226 μέν
3286 2172 3349 2224 γε
3373 2156 3471 2226 τῆς
3497 2159 3784 2229 ἐγγαστρι-

2207 2242 2374 2312 μύθου
2405 2244 2626 2314 ῥήματα
2645 2243 2733 2296 διὰ
2761 2244 2852 2297 τοῦ
2877 2245 3034 2313 ἁγίου
3058 2248 3196 2300 Πνεύ
3207 2267 3371 2319 ματος
3396 2250 3644 2321 εἰρῆσθαι
3670 2268 3785 2305 συν-

2207 2333 2387 2400 ιστῶν,
2444 2335 2714 2388 ἀσάλευτα
2761 2337 2941 2408 μένειν
2986 2338 3125 2403 ἀξιοῖ
3166 2343 3232 2412 τῇ
3281 2341 3468 2413 Γραφῇ
3505 2343 3565 2395 τὸ
3609 2343 3782 2398 δοκεῖν

2203 2425 2421 2489 ἀναθείς
2437 2443 2448 2456 ·
2480 2426 2618 2481 αὐτὰ
2639 2428 2695 2480 δὲ
2718 2428 2784 2481 τὰ
2806 2429 2898 2482 τοῦ
2927 2429 3061 2484 Θεοῦ
3091 2431 3180 2484 διὰ
3201 2434 3476 2497 Μωῦσέως
3498 2435 3780 2489 ἐκδοθέντα

2206 2517 2494 2589 μηνύματα
2505 2521 2732 2588 μύθους
2750 2521 3041 2592 ὀνομάσας,
3061 2524 3417 2578 ἐνδιαλλάττει
3438 2526 3532 2598 τὴν
3555 2527 3778 2592 ἔννοιαν,

2200 2609 2260 2661 ού
2295 2609 2514 2663 δικαιῶν
2548 2609 2804 2680 ἐμμένειν
2835 2616 2898 2684 τῇ
2923 2613 3016 2666 τοῦ
3047 2615 3370 2685 γράμματος
3398 2616 3608 2688 ἐκῶχῇ.
3641 2617 3780 2670 Ἀλλ’

2200 2699 2318 2770 οὐχὶ
2357 2698 2426 2752 τὰ
2469 2700 2575 2753 ὑπὸ
2611 2700 2703 2753 τοῦ
2741 2701 2990 2775 ’Δϐραάμ
3028 2705 3384 2778 ὀρωρυγμέναι
3428 2709 3655 2780 φρέατα,
3686 2712 3779 2763 καὶ

2198 2794 2306 2846 τῶν
2334 2793 2443 2867 (15)
2471 2795 2607 2866 ἀμφ’
2633 2795 2812 2848 αὐτῶν
2844 2798 3163 2871 ἀλληγορεῖ,
3219 2802 3311 2854 καὶ
3347 2803 3596 2856 τοσοῦτον
3641 2805 3776 2855 ἀπο-

2198 2881 2378 2946 τείνας
2408 2883 2563 2953 λόγου
2603 2884 2790 2954 ὲσμὸν,
2825 2886 3044 2941 ἃπασαν
3084 2889 3217 2959 ὁμοῦ
3260 2890 3358 2962 τὴν
3402 2875 3777 2963 πραγματείαν

2198 2978 2374 3031 αὐτῶν
2401 2979 2632 3050 ἀναιρεῖ,
2667 2980 2916 3050 μεταθεὶς
2945 2984 3023 3045 είς
3069 2983 3254 3055 ἕτερον
3283 2984 3427 3049 νοῦν,
3469 2985 3642 3039 καίτοι
3669 2984 3776 3040 τῶν

2199 3070 2446 3142 φρεάτων
2489 3070 2581 3124 ἐπὶ
2621 3070 2804 3143 χώρας
2846 3071 2925 3126 ἔτι
2967 3073 3061 3128 καὶ
3107 3074 3201 3128 νῦν
3239 3075 3357 3146 ὄψει
3405 3079 3774 3149 φαινομένωνς

2199 3163 2334 3233 Οὐχὶ
2365 3162 2434 3217 τὰ
2458 3161 2551 3216 τοῦ
2595 3164 2780 3218 Ἰσαὰκ
2811 3165 2904 3218 καὶ
2937 3165 3002 3218 τά
3031 3166 3128 3236 τῆς
3167 3161 3458 3232 Ῥεϐέκκας
3491 3171 3773 3242 ἐτροπολό-

2195 3272 2332 3326 γησε
2361 3257 2680 3328 πράγματα,
2717 3257 2785 3310 τὰ
2827 3257 2927 3328 μὲν
2959 3256 3151 3312 ἐνώτια
3199 3260 3302 3332 καὶἒ
3340 3260 3530 3330 ψέλλια
3556 3264 3772 3332 λόγους

2194 3345 2333 3402 εἶναι
2359 3327 2628 3419 χρυσοῦς
2655 3327 2911 3422 εἰρηκὼς,
2943 3351 3157 3405 ἃπασαν
3190 3351 3246 3404 δὲ
3404 3327 3655 3409 ὑπόθεσιν
3684 3327 3774 3408 ἐκζ

2194 3439 2540 3511 ϐιασάμενος,
2572 3439 2788 3510 ἐκείνην
2816 3439 2907 3492 ἐπὶ
2935 3438 3028 3492 τοῦ
3069 3439 3258 3512 νοητοῦ
3289 3442 3619 3513 παραλαϐὼν
3648 3447 3770 3498 ἐσυ-

2192 3529 2536 3601 κοφάντησε;
2580 3528 2716 3602 Περὶ
2756 3529 2812 3583 δέ
2848 3546 2912 3598 γε
2950 3530 3042 3583 τοῦ
3092 3530 3328 3584 πολύτλα
3371 3534 3770 3606 προσομιλήσας

2203 3620 2345 3687 Ἰὼϐ,
2389 3622 2510 3676 ἀντὶ
2556 3620 2650 3674 τοῦ
2696 3620 2970 3692 θαυμάσαι
3010 3621 3110 3692 τὴν
3154 3623 3449 3695 ὑπομονὴν,
3495 3625 3770 3681 ἐπαινέσαι

2185 3695 2316 3776 9τοὺς
2348 3713 2561 3779 πόνους,
2597 3713 2915 3786 εὐφημῆσαι
2948 3714 3046 3785 τὴν
3081 3715 3379 3785 ἀριστείαν,
3417 3717 3771 3784 ἀποδέξασθαι

2189 3803 2286 3876 τὴν
2313 3805 2515 3871 πίστιν,
2547 3805 2816 3876 ἐκφράσαι
2861 3804 2930 3859 τὰ
2959 3807 3057 3878 τῆς
3094 3808 3528 3880 καρτεροψυχίας
3559 3811 3772 3865 ὑποδεί-

2188 3913 2394 3968 γματα,
2430 3896 2836 3969 προτρέψασθαι
2862 3897 2950 3950 διὰ
2981 3898 3168 3952 τούτου
3197 3900 3320 3963 τοὺς
3355 3901 3665 3966 νεολέκτους
3690 3905 3770 3966 είς

2189 3985 2388 4059 ἀρετὴν
2415 3987 2644 4057 εὐψυχία
2683 3986 2778 4040 καὶ
2825 3985 2985 4061 ῥώμῃ
3027 3990 3361 4062 φρονήσεως,
3397 3991 3613 4046 ὁπλίσαι
3643 3995 3770 4058 τοὺς

2188 4078 2491 4147 ἀγωνιστάς
2522 4079 2781 4152 ἀνδρείως
2808 4080 2949 4152 ὑπὲρ
2977 4081 3077 4152 τῆς
3105 4082 3382 4150 εὐσεϐείας
3412 4085 3610 4151 ἀθλεῖν,
3638 4086 3771 4156 ἀφέ-

2189 4186 2347 4240 μενος
2380 4171 2609 4235 ἐκείνου,
2639 4171 2928 4243 μετεώρως
2964 4174 3044 4236 είς
3090 4175 3159 4228 τά
3194 4173 3298 4229 τῶν
3337 4175 3644 4248 θυγατέρων
3673 4180 3768 4249 ὁρ-

2190 4263 2367 4334 μήσας
2399 4261 2637 4333 ὀνόματα
2687 4264 2978 4336 κατετρίϐη
3023 4265 3302 4337 γραωδῶς.
3342 4265 3477 4319 Ἀλλ’
3532 4262 3619 4322 οἷα
3667 4271 3767 4340 μὲν

2187 4344 2524 4426 ἐφλύάρησεν
2557 4356 2636 4418 εἰς
2668 4355 2728 4409 τὸ
2757 4355 2867 4425 τῆς
2895 4357 3138 4426 Ἡμέρας
3169 4358 3335 4430 ὄνομα
3359 4361 3624 4432 ὁρμήσας,
3672 4365 3768 4416 καὶ

2184 4447 2459 4512 Κασσίας
2489 4447 2629 4517 ἦτοι,
2679 4448 2772 4501 καὶ
2809 4447 2873 4502 τὸ
2905 4448 3016 4517 τῆς
3050 4450 3386 4520 Ἀμαλθείας
3417 4452 3613 4523 κέρας,
3645 4456 3766 4509 οὐδὲ

509 4538 705 4594 Verum
737 4556 858 4610 qua:
876 4543 944 4596 de
969 4540 1088 4597 Diei
1114 4545 1355 4608 nomine,
1382 4551 1436 4599 et
1460 4544 1664 4599 Cassia:
1692 4535 1854 4614 atque
1874 4544 2084 4599 Cornu-

2195 4534 2363 4604 λὲγειν
2391 4533 2500 4591 οἷόν
2534 4554 2622 4589 τε·
2660 4538 2856 4610 χλεύης
2893 4540 3001 4612 γάρ
3042 4543 3157 4594 ἐστι
3198 4545 3461 4609 παντοίας
3499 4548 3761 4604 ἀνάπλεα.

507 4633 668 4700 copia:
705 4641 941 4704 nugatus
993 4642 1096 4700 est,
1130 4635 1220 4689 hic
1249 4650 1676 4690 commemorare
1705 4636 1923 4692 difficile
1953 4645 2039 4693 est
2065 4654 2080 4703 ;

508 4723 794 4792 multiplici
826 4739 1063 4795 namque
1095 4735 1307 4782 scatent
1331 4727 1602 4780 futilitate.
1632 4726 1714 4780 Ad
1735 4725 2003 4782 Lazarum
2038 4728 2084 4759 ⁸³

507 4816 728 4871 accedo.
758 4818 895 4872 tium
926 4817 1203 4876 debuisset
1232 4818 1435 4874 Christi
1468 4819 1658 4888 ingens
1702 4833 1839 4891 Opus
1871 4820 2082 4893 magni-

505 4906 684 4964 facere
703 4949 717 4974 ,
752 4908 955 4979 illoque
985 4910 1162 4980 palam
1195 4909 1572 4965 demonstrare
1615 4909 1784 4964 Deum
1814 4927 1956 4975 esse,
1985 4911 2080 4982 qui

503 5008 778 5054 mortuum
803 5000 918 5070 jam
957 5000 1212 5056 fetentem
1263 5015 1293 5054 e
1341 5007 1694 5055 monumento
1754 5002 2081 5058 auctoritate

503 5098 863 5158 evocaverat,
908 5097 962 5144 et
1007 5089 1159 5144 verbi
1192 5090 1485 5146 emissione
1521 5103 1750 5160 corpora
1784 5089 2079 5146 tumefacta

503 5183 962 5250 animaverat,liis
985 5182 1240 5238 omnibus
1267 5182 1486 5239 silentio
1516 5183 2076 5249 involutis,Lazarum

503 5275 737 5329 amicum
767 5273 1006 5339 Domini,
1036 5289 1196 5345 quem
1233 5289 1340 5328 non
1363 5274 1458 5330 abs
1484 5288 1545 5329 re
1565 5283 1786 5346 propter
1817 5275 2074 5329 virtutem

503 5363 779 5436 diligebat,
802 5368 856 5420 in
886 5366 1126 5436 peccatis
1158 5365 1490 5422 laborantem
1513 5375 1568 5421 et
1595 5375 1870 5421 mortuum
1895 5375 2074 5422 trans-

571 5527 618 5558 ”
641 5523 773 5584 Gen.
805 5544 868 5592 1|,
901 5527 990 5581 21.
1067 5527 1270 5611 “Gen.
1306 5545 1422 5594 xxi,
1463 5529 1554 5584 25.
1633 5529 1675 5561 ⁸¹
1708 5528 1836 5583 Gen.
1860 5545 2012 5594 nlv,
2045 5526 2136 5582 22.

573 5681 688 5752 (l5)
722 5683 862 5735 Τῶν.
904 5685 984 5737 An
1019 5687 1118 5752 τά;

536 5821 544 5827 _
571 5753 680 5827 illi)
716 5755 854 5820 Περὶ
881 5754 949 5827 δὲ
973 5756 1079 5827 τοῦ
1102 5757 1364 5822 Λαζάρου
1385 5756 1603 5827 πράρω,
1627 5755 1855 5827 Huetius
1881 5758 1933 5810 in
1969 5771 2072 5809 n0-

407 5877 422 5887 ,
508 5825 580 5875 tis
611 5826 676 5877 ad
703 5825 977 5890 cxcgetica
1011 5825 1278 5892 Origenis,
1305 5825 1435 5895 ως.
1475 5825 1594 5892 122,
1633 5843 1729 5890 pro
1757 5826 1952 5892 γράφω
1985 5843 2071 5882 re~

2186 4627 2322 4700 Περὶ
2345 4629 2401 4682 δὲ
2430 4629 2524 4682 τοῦ
2549 4628 2801 4702 Λαζάρου
2837 4631 3033 4704 γράφω
3061 4633 3194 4706 (l6).
3235 4637 3379 4691 Ἀντί
3424 4639 3517 4693 τοῦ
3546 4640 3764 4706 δοξάσαι

2183 4720 2283 4792 τὴν
2313 4719 2406 4774 τοῦ
2438 4722 2672 4793 Χριστοῦ
2715 4724 3112 4797 μεγαλουργίαν
3146 4729 3239 4783 καὶ
3268 4730 3354 4784 διὰ
3384 4732 3587 4788 τούτων
3632 4735 3766 4790 ἀπο-

2181 4812 2350 4880 δεῖξαι
2381 4815 2586 4883 σαφῶς,
2608 4816 2691 4868 ὅτι
2714 4817 2845 4882 Θεός
2870 4820 3034 4883 ἐστιν,
3057 4822 3086 4872 ὁ
3113 4820 3202 4876 τὸν
3234 4823 3461 4878 ὀδωδότα
3485 4827 3674 4898 νεκρὸν
3696 4829 3764 4881 ἐκ

2183 4903 2290 4958 τῶν
2322 4907 2617 4978 μνημάτων
2644 4907 2860 4981 ἐξουσίᾳ
2894 4912 3406 4984 μεταπεμψάμενος,
3445 4919 3539 4972 καὶ
3571 4922 3636 4991 τῇ
3667 4919 3763 4973 τοῦ

2192 4998 2434 5068 ῥήματος
2480 5001 2672 5071 ἀφέσει
2719 5001 2787 5056 τὰ
2839 5003 3134 5076 διῳδηκότα
3187 5005 3414 5078 σώματα
3461 5011 3718 5083 ψυχώσας
3744 5054 3763 5077 ,

2187 5091 2336 5145 οὐδὲν
2368 5093 2468 5163 μὲν
2513 5094 2672 5148 ἕνεκα
2719 5095 2908 5149 τούτου
2942 5096 3136 5166 λέγων,
3172 5099 3418 5172 Λάζαρον
3450 5103 3507 5155 δὲ
3551 5104 3641 5158 τὸν
3665 5103 3762 5159 τοῦ

2186 5183 2390 5255 Κυρίου
2425 5185 2595 5254 φίλον,
2635 5187 2694 5240 ὃν
2729 5187 2827 5240 οὐκ
2875 5189 3179 5253 ἀπεικότως
3205 5192 3394 5262 ἠγάπα
3431 5195 3497 5248 δι’
3541 5197 3760 5268 ἀρετὴν,

2183 5276 2263 5337 είς
2313 5275 2404 5330 τὸν
2447 5276 2772 5332 ἀσθενοῦντα
2821 5279 2916 5333 καὶ
2954 5280 3246 5337 τεθνειῶτα
3293 5287 3412 5347 ταῖς
3465 5287 3763 5359 ἁμαρτίαις

2182 5367 2476 5439 ἀνήγαγεν.
2519 5368 2704 5433 Οὐδεὶς
2741 5369 2797 5422 δὲ
2841 5371 2984 5426 κατὰ
3007 5370 3102 5426 τοῦ
3138 5372 3342 5430 δικαίου
3375 5377 3552 5433 ταῦτα
3586 5374 3757 5443 εἶπεν,

2208 5528 2253 5559 ⁶²
2281 5527 2383 5582 Job
2407 5545 2539 5596 xLu,
2573 5529 2660 5584 M.
2739 5531 2785 5562 ⁸³
2813 5529 2974 5584 Joan.
3025 5546 3080 5586 ιι
3112 5570 3128 5594 ,
3157 5532 3244 5587 45.

2181 5687 2375 5767 scribit
2404 5686 2740 5767 γράφων,ρθ
2755 5686 2988 5767 Qrigene
3016 5701 3242 5742 vernum
3271 5691 3414 5767 istud
3444 5694 3758 5767 accipiens;

2181 5757 2368 5842 sicque
2391 5757 2609 5842 reddit:
2646 5758 2723 5842 De
2755 5758 2962 5812 Lazaro
3003 5769 3174 5813 autem
3211 5763 3442 5818 scribens
3469 5757 3761 5842 Origenes;

2176 5842 2293 5881 cum
2323 5829 2603 5889 debuisset,
2631 5835 2734 5884 ctc.
