4132 6466
438 412 542 469 657

1320 412 1409 467 DE
1447 409 2035 468 ENGASTRIMYTIIO
2074 409 2352 468 CONTRA
2394 406 2771 464 ORIGENEM.

3586 404 3690 462 658

431 527 543 584 οὔτ’
574 527 836 600 ἔγραψεν·
867 527 928 581 ού
969 527 1078 602 γὰρ
1121 527 1189 583 ἂν
1219 527 1390 593 οὕτως
1427 529 1664 600 ἀκρίτως
1693 529 1804 601 (i7)
1833 528 1984 602 ἔστερ

2084 577 2092 592 _
2119 529 2264 584 tulit.
2298 527 2429 595 Quae
2461 541 2620 582 nemo
2649 525 2717 582 de
2739 525 2894 596 justo
2920 530 3012 580 aut
3039 523 3196 589 dixit,
3243 531 3336 579 aut
3372 524 3513 580 dicta
3549 527 3689 580 scri-

431 637 525 675 γεν
547 623 576 672 ό
597 619 799 691 Κύριος
815 619 996 683 αὐτὸν,
1022 621 1071 672 εί
1095 618 1169 691 μὴ
1194 618 1483 684 θεσπεσίας
1501 620 1704 692 ἐξῆπτο
1721 620 2010 685 πολιτείας.

428 713 546 768 υύκ
573 711 791 765 ἔλαττον
814 711 871 764 δὲ
897 712 992 766 καὶ
1019 712 1080 765 τὸ
1104 713 1204 784 τῆς
1235 713 1534 777 λιθοδολίας
1563 714 1746 784 δρᾶμα
1773 713 2011 785 θεωρῶν,

429 804 615 876 ἐπειδὴ
653 805 747 858 καὶ
784 805 938 859 τοῦτο
981 807 1234 878 πειρᾶται
1275 807 1689 880 τροπολογῆσαι,
1725 806 1820 860 τοῦ
1853 808 2015 875 εὐαγκ

427 896 646 965 γελικοῦ
677 899 1067 970 καταψεύδεται
1098 901 1454 972 γράμματος·
1491 903 1574 956 Οὐ
1618 899 1782 956 πάνυ
1811 918 1887 964 τι,
1922 901 2010 954 λέ-

425 1003 558 1056 γων,
584 989 851 1058 εὕρομεν,
875 988 1235 1058 ζητήσαντες
1261 991 1330 1045 ἐν
1357 991 1483 1058 τοῖς
1513 990 1628 1060 πρὸ
1659 993 1892 1057 τούτου,
1921 993 2010 1047 ὅτι

424 1078 768 1134 ἐϐάστασαν
795 1085 850 1136 οἱ
889 1081 1154 1136 Ἰουδαῖοι
1178 1086 1388 1149 λίθους
1411 1083 1512 1136 ἵνα
1540 1082 1874 1138 λιθάσωσιν
1899 1087 2007 1140 αὐ-

427 1171 559 1223 τόν’
591 1166 712 1225 εἶτα
742 1174 859 1242 μετ’
887 1172 1042 1242 ὀλίγα
1066 1172 1228 1245 φησίν
1247 1189 1260 1203 °
1290 1175 1357 1227 El
1393 1173 1502 1244 γὰρ
1532 1174 1720 1229 πάλιν
1753 1174 2017 1230 ἐϐάσται

425 1278 566 1326 σαν,
603 1264 892 1333 πρότερον
920 1264 1290 1320 ἐϐάστασαν*
1319 1267 1428 1321 ἄνω
1451 1267 1508 1320 δὲ
1532 1267 1624 1321 καὶ
1646 1269 1794 1322 κάτω
1823 1268 2018 1339 βούλει

421 1371 510 1408 ται
537 1355 943 1410 κατασκεύασαι
974 1357 1048 1429 μὴ
1091 1358 1449 1430 προηγεῖσθαι
1490 1361 1584 1412 καὶ
1613 1359 1778 1432 ἀλλην
1805 1361 2006 1432 ὁμοίως

421 1445 668 1518 ἐκδοχὴν,
694 1448 782 1502 ἶνα
808 1449 1146 1518 συστήσειεν,
1168 1450 1252 1503 ὃτι
1273 1449 1485 1520 λόγους,
1512 1450 1625 1504 ἀλλ’
1652 1452 1772 1523 οὐχὶ
1802 1452 2002 1519 λίθους,

419 1537 725 1593 ἐϐάστασαν
753 1540 982 1612 ἀμελητὶ
1022 1541 1143 1594 κατ’
1191 1542 1386 1595 αὐτοῦ’
1430 1543 1606 1598 καίτοι
1647 1544 1740 1597 τοῦ
1775 1545 2003 1615 εὐαγγε-

417 1628 600 1683 λιστοῦ
651 1632 883 1702 πρόσθεν
926 1633 1237 1705 εἰρηκότοςο
1271 1630 1456 1702 Ἦραν
1501 1631 1615 1691 οὖν
1648 1636 1858 1703 λίθους
1899 1638 2007 1692 ἵνα

409 1721 690 1786 ,βάλωσιν
710 1725 804 1777 ἐπ’
835 1726 1040 1780 αὐτόν.
1073 1726 1159 1790 Ὦς
1183 1727 1240 1780 δὲ
1264 1727 1438 1781 ταῦτα
1467 1727 1816 1801 προύγραψεν
1839 1732 1896 1783 έν
1921 1731 1998 1802 τῷ

415 1814 616 1885 μεταξὺ
645 1815 804 1870 πέντε
830 1835 933 1871 που
957 1818 1051 1872 καὶ
1070 1819 1363 1892 τριάκοντα
1387 1821 1521 1892 πρὸς
1539 1824 1650 1885 τοῖς
1675 1821 1866 1877 έκατδν
1893 1824 1998 1876 στί-

411 1922 540 1975 κους
578 1905 841 1977 ὑπερϐάς,
889 1909 1139 1980 ἐπιφέρει
1179 1909 1858 1979 προσθείςοἘϐάστασαν
1882 1908 1996 1968 οὖν

410 2001 464 2052 οι
500 1998 766 2054 Ἰουδαῖοι
807 2001 1018 2067 λίθους
1059 2002 1159 2056 ἵνα
1211 2003 1545 2057 λιθάσωσιν
1586 2005 1791 2058 αὐτόν.
1836 2005 1996 2060 Ἀλλὰ

405 2089 580 2144 ταῦτα
612 2091 711 2162 μὲν
742 2090 939 2155 διττοϊς
981 2092 1396 2163 ἀναγέγραπται
1435 2094 1674 2165 χωρίοις,
1717 2097 1776 2148 ἐν
1811 2096 1994 2167 διαφό-

408 2197 522 2251 ροις
547 2181 603 2234 δὲ
633 2181 878 2253 φαίνεται
905 2184 1268 2255 πεπραγμένα
1292 2187 1503 2256 καιροῖς
1540 2187 1647 2240 άπὸ
1669 2186 1763 2240 τοῦ
1793 2187 1870 2259 μὴ
1894 2189 1991 2252 τὰς

405 2273 576 2336 αὐτὰς
607 2273 752 2344 ἔχειν
797 2274 904 2330 τῶν
952 2275 1211 2347 ῥημάτων
1262 2276 1561 2341 ἐπιπλοκὰς
1613 2277 1647 2350 ἢ
1697 2278 1986 2348 συζυγίας·

401 2364 516 2418 ἀλλ’
550 2366 850 2437 Ὠριγένης.
897 2369 926 2420 6
969 2368 1148 2431 πάσας
1190 2368 1434 2438 οἰόμενος
1475 2369 1675 2423 εἰδέναι
1711 2369 1810 2434 τὰς
1851 2371 1992 2443 Γρα-

401 2456 528 2524 φάς,
557 2457 655 2510 οὐκ
697 2458 904 2525 ἀνέγνω
935 2458 1092 2511 τοῦτο
1126 2459 1221 2510 καὶ
1261 2457 1436 2513 ταῦτα
1475 2461 1702 2532 γράφων
1749 2460 1826 2526 ὡς
1869 2461 1989 2514 ὅλον

398 2548 536 2620 ὁμοῦ
564 2549 625 2602 τὺ
651 2549 980 2619 Εὑαγγέλιον
1008 2551 1101 2604 ἐπὶ
1133 2550 1350 2617 λέξεως.

466 2727 632 2784 XXII.
665 2728 729 2784 Εἰ
755 2729 810 2784 δέ
839 2748 923 2794 τις
944 2730 1316 2802 ὑπολαμϐάνει
1337 2730 1512 2786 ταῦτα
1536 2729 1790 2786 πλάττειν
1813 2732 1980 2804 ἡμᾶς,

396 2823 586 2886 αὐταῖς
600 2826 721 2887 ταῖς
741 2825 1124 2894 εὐαγγελικαῖς
1147 2825 1386 2896 ἐντυχὼν
1413 2825 1739 2896 ἀποφάσεσι,
1757 2825 1852 2880 καὶ
1873 2829 1984 2890 τοῖς

394 2916 776 2987 ἐμπονηθεῖσιν
797 2917 943 2988 αὐτῷ
967 2919 1095 2990 περὶ
1117 2917 1276 2972 τοῦτο
1302 2919 1729 2990 σπουδάσμασιν,
1759 2919 1982 2991 εὑρήσει

397 3007 561 3078 μηδὲν
581 3010 728 3080 ἡμᾶς
752 3009 1031 3082 εἰρηκέναι
1053 3010 1268 3081 ψευδές.
1302 3011 1464 3065 Ἀλλά
1487 3030 1540 3066 τι
1559 3013 1639 3066 δεῖ
1670 3013 1982 3086 περαιτέρω

391 3097 604 3168 λέγειν;
643 3101 895 3155 ’Ἀπαντα
921 3102 1041 3174 μὲν,
1073 3102 1151 3166 ὡς
1173 3101 1303 3167 ἔπος
1329 3105 1524 3170 εἰπεῖν,
1554 3107 1620 3158 ὲκ
1640 3103 1750 3158 τῶν
1777 3104 1980 3176 ὀνομά-

389 3207 498 3245 των
527 3193 864 3265 ἀλληγορῶν,
890 3195 1106 3267 ἀναιρεῖ
1139 3195 1238 3261 τὰς
1260 3198 1371 3249 τῶν
1409 3196 1750 3267 πραγμάτων
1787 3199 1980 3252 ὑποθέ-
2007 3232 2050 3292 C

391 3301 525 3348 σεις,
558 3285 682 3338 οὐδὲ
717 3285 874 3339 τοῦτο
909 3287 1129 3350 ἐννοῶν,
1161 3289 1244 3341 ὅτι
1275 3287 1468 3343 πολλαὶ¹
1516 3289 1616 3359 μέν
1655 3292 1791 3345 εἰσιν
1833 3291 1980 3361 ὁμω-

386 3376 575 3446 νυμίαι
606 3377 831 3431 δικαίων
862 3378 944 3448 ἡδ’
975 3379 1197 3444 ἀδίκων,
1231 3381 1333 3440 οὐχ
1373 3378 1486 3436 οἷόν
1525 3399 1586 3434 τε
1615 3381 1686 3452 ζδὲ
1717 3383 1816 3447 τὰς
1850 3385 1976 3438 ἀνο-

390 3467 574 3538 μοίους
603 3469 698 3522 τοῦ
727 3468 844 3539 βίου
889 3471 1164 3535 πολιτείας
1202 3473 1268 3526 ὲκ
1292 3472 1386 3526 τοῦ
1427 3473 1546 3538 ἑνὸς
1566 3473 1828 3539 ὡσαύτως
1860 3476 1976 3529 ὀνό-

389 3576 558 3630 ματος
592 3560 900 3632 κρίνεσθαιο
943 3561 1060 3615 ἔστι
1094 3560 1226 3630 γοῦν
1273 3563 1473 3627 Ἰούδας
1503 3567 1534 3618 6
1563 3566 1848 3637 προδότης,
1879 3566 1974 3620 καὶ

385 3650 612 3723 θάτερος
649 3653 849 3717 Ἰούδας
887 3655 1210 3720 ἀπόστολος·
1270 3656 1302 3727 ἢ
1352 3651 1420 3710 αὖ
1482 3658 1646 3711 πάλιν
1702 3659 1973 3730 Ζαχαρίας

383 3740 718 3806 ἀδικώτατος
766 3742 1039 3813 βασιλεὺς,
1084 3746 1179 3799 καὶ
1225 3747 1504 3818 Ζαχαρίας
1537 3749 1724 3820 ἕτερος
1762 3751 1791 3802 6
1838 3768 1971 3823 προ-

384 3833 580 3904 φήτης.
623 3834 698 3887 Ού
725 3834 830 3906 μὴν
855 3835 990 3889 ἀλλὰ
1020 3838 1112 3890 καὶ
1144 3839 1172 3891 ό
1203 3836 1418 3910 βληθεὶς
1449 3841 1507 3894 ὲν
1535 3843 1598 3912 τῇ
1639 3841 1854 3913 καμίνῳ
1877 3844 1970 3896 τοῦ

382 3926 553 3996 πυρὸς
589 3926 834 3991 Ἀνανίας
853 3945 866 3958 ·
895 3927 1091 3982 ἔστιδὲ
1137 3929 1288 4001 παρὰ
1311 3929 1498 3982 τοῦτον
1533 3930 1691 3994 ἄλλος
1723 3932 1970 3996 Ἀνανίας

377 4019 408 4072 6
442 4015 654 4073 διώκων
700 4020 798 4091 μὲν
841 4018 939 4091 τὴν
984 4020 1311 4092 Ἐκκλησίαν
1352 4022 1472 4075 ἀντὶ
1524 4021 1617 4076 τοῦ
1656 4022 1966 4089 διώκεσθαι,

379 4109 733 4180 προστάττων
787 4109 846 4163 δὲ
887 4110 1187 4164 τύπτεσθαι
1238 4111 1330 4166 τὸν
1370 4112 1725 4178 Ἀπόστολον,
1781 4108 1826 4182 ᾧ
1877 4116 1969 4171 καὶ

380 4201 708 4274 καταντικρὺ
739 4203 879 4274 πρὸς
900 4202 1030 4267 έπος
1067 4203 1096 4256 6
1143 4201 1356 4267 Παῦλος
1390 4204 1788 4274 ἀντεφθέγξατο
1807 4222 1822 4236 ’
1864 4208 1968 4261 Τύ-

377 4306 550 4348 πτειν
585 4311 659 4349 σε
681 4295 894 4365 μέλλει
937 4298 972 4349 δ
1004 4295 1170 4363 Θεὸς,
1203 4296 1366 4365 τοῖχε
1410 4298 1799 4368 κεκονιαμένε
1816 4317 1829 4330 ·
1869 4300 1968 4355 καί

376 4381 458 4437 σὺ
485 4383 638 4455 κάθῃ
669 4385 866 4455 κρῖναι
891 4404 970 4456 με
999 4389 1150 4458 μετὰ
1184 4387 1293 4441 τὸν
1331 4390 1542 4460 νόμον,
1574 4390 1675 4445 καὶ
1703 4405 1964 4460 παρανο-

373 4474 504 4545 μῶν
522 4493 601 4545 με
624 4477 894 4544 κελεύεις
919 4478 1283 4544 mixturam;
1312 4480 1614 4552 Τοιγαροῦν
1655 4481 1814 4555 εἴπερ
1851 4483 1966 4538 ὀνό-

2118 621 2228 691 ptis
2257 619 2567 687 mandavit;
2602 634 2779 688 neque
2807 617 2952 674 enim
2980 632 3104 672 eum
3135 624 3245 670 tam
3295 615 3475 672 valido
3502 632 3688 675 amore

2117 711 2380 769 Dominus
2411 720 2735 784 prosecutus
2781 711 3012 775 fuisset,
3064 709 3174 765 nisi
3202 710 3326 764 vitae
3355 709 3494 765 ratio
3522 726 3686 780 quam

2113 805 2472 874 proﬁtebatur
2501 806 2683 862 divina
2713 804 2926 861 fuisset.
2959 801 3144 874 Neque
3173 803 3356 860 minus
3393 805 3514 870 his,
3554 805 3684 860 dum

2113 897 2460 968 lapidationis
2506 897 2710 952 factum
2748 898 3100 968 speculatur,
3148 897 3281 952 illud
3318 897 3480 953 etiam
3527 913 3591 952 ac
3635 898 3679 954 si

2111 1004 2208 1060 per
2233 997 2420 1060 tropos
2447 987 2650 1044 factum
2684 989 2738 1043 in
2767 989 2926 1043 aliam
2956 990 3278 1045 sententiam
3327 989 3558 1045 educere
3585 991 3686 1044 ob-

2109 1082 2310 1148 nitens,
2344 1083 2399 1136 in
2427 1080 2754 1150 evangelicis
2793 1081 2976 1135 verbis
3009 1079 3145 1136 mire
3178 1080 3480 1135 mentitur:
3515 1079 3679 1146 Licet,

2107 1173 2324 1243 inquit,
2364 1172 2589 1226 multum
2620 1174 2938 1241 perscrutati
2969 1173 3244 1242 fuerimus,
3277 1171 3507 1226 nondum
3537 1173 3684 1226 inve.

2109 1264 2282 1318 nimus
2311 1264 2375 1318 in
2404 1264 2484 1318 his
2513 1280 2629 1333 qua:
2654 1265 2851 1332 scripta
2874 1277 3018 1326 sunt,
3043 1264 3261 1319 Judteos
3288 1265 3575 1332 arripuisse
3595 1263 3677 1318 la-

2104 1354 2250 1424 pides
2282 1364 2341 1408 ut
2369 1357 2423 1410 in
2455 1354 2607 1408 illum
2637 1355 2931 1425 iujicerent.
2964 1355 3029 1410 Et
3055 1357 3242 1427 paucis
3265 1357 3501 1412 additis:
3537 1356 3682 1412 Nam

2105 1451 2152 1504 si
2180 1451 2372 1504 iterum
2397 1457 2791 1517 assumpserunt
2817 1488 2832 1511 ,
2888 1449 3037 1517 prius
3091 1460 3510 1518 assumpserunt.
3555 1449 3684 1506 νυιι

2103 1550 2283 1598 autem
2312 1553 2424 1596 tum
2455 1543 2507 1596 in
2539 1541 2914 1612 superioribus
2959 1548 3073 1595 tum
3115 1542 3172 1596 in
3219 1541 3682 1602 inferioribusnil

2101 1635 2210 1690 tale
2227 1633 2594 1705 praecessisse,
2612 1642 2670 1686 ut
2686 1631 2876 1703 probet
2889 1647 2981 1688 eos
2999 1631 3184 1696 verba,
3209 1631 3304 1686 sed
3317 1647 3426 1687 non
3446 1633 3676 1704 lapides,

2101 1723 2466 1794 assumpsisse
2504 1737 2791 1792 perperam
2840 1721 2896 1776 in
2931 1721 3114 1788 illum;
3151 1728 3208 1777 et
3233 1731 3416 1777 tamen
3445 1738 3679 1794 evange-

2103 1813 2226 1869 lista
2265 1813 2420 1885 prius
2456 1812 2622 1868 dixit:
2651 1811 2904 1866 Tulerunt
2930 1814 3095 1882 igitur
3123 1811 3324 1880 lapides
3357 1821 3415 1866 ut
3439 1811 3680 1882 jacerent

2097 1903 2154 1957 in
2180 1903 2332 1958 illum
2357 1904 2421 1957 °".
2481 1902 2611 1970 Quae
2639 1903 2730 1958 ubi
2765 1902 3098 1974 scripsisset,
3131 1911 3350 1958 centum
3372 1912 3429 1960 et
3457 1905 3678 1976 triginta

2096 1997 2338 2068 quinque
2368 1996 2656 2052 versiculis
2681 1996 2980 2066 interiectis
3000 2035 3016 2060 ,
3062 1996 3247 2050 subdit
3279 2013 3292 2052 :
3334 1995 3678 2054 Sustuierunt

2095 2092 2272 2161 itaque
2317 2089 2498 2144 Judaei
2547 2088 2746 2157 lapides
2794 2099 2852 2142 ut
2883 2088 3186 2157 tapidarent
3212 2089 3392 2159 ipsum
3431 2090 3498 2146 ⁸³.
3548 2089 3676 2147 Haec

2093 2181 2313 2253 quidem
2341 2181 2544 2251 duplici
2569 2183 2688 2237 loco
2711 2180 2984 2251 descripta
3000 2189 3154 2247 sunt,
3173 2181 3516 2252 diversisque
3536 2189 3674 2238 tem-

2091 2275 2318 2344 poribus
2351 2282 2504 2346 gesta
2533 2283 2814 2346 apparent,
2840 2275 2986 2344 quod
3018 2290 3130 2330 non
3174 2276 3412 2332 habeant
3444 2276 3666 2332 eosdem

2093 2367 2384 2422 verborum
2435 2382 2610 2423 nexus
2664 2367 2749 2421 vel
2780 2367 3217 2436 conjunctiones.
3253 2366 3360 2423 Sed
3405 2365 3670 2440 Origenes

2089 2459 2230 2529 ipse,
2251 2459 2345 2530 qui
2381 2474 2440 2515 se
2464 2457 2780 2529 Scripturas
2801 2473 2992 2514 omnes
3018 2465 3206 2514 tenere
3233 2461 3531 2525 existimat,
3556 2462 3669 2518 haec

2088 2552 2361 2617 scribens,
2391 2567 2502 2606 non
2523 2553 2777 2622 cognovit
2801 2560 2972 2604 totum
3005 2549 3059 2605 id
3094 2551 3371 2623 Evangelii
3403 2555 3666 2624 scriptum

2087 2643 2154 2698 ad
2184 2642 2441 2697 litteram.
3613 2713 3616 2716 ἢ
3679 2637 3692 2650 “

2157 2732 2323 2790 XXII.
2364 2733 2536 2789 Porro
2568 2734 2614 2789 si
2644 2733 2768 2805 quis
2795 2735 2909 2790 haec
2937 2751 3038 2792 nos
3070 2735 3330 2807 effingere
3346 2737 3624 2792 existimat
3647 2776 3663 2801 ,

2085 2827 2374 2884 sententiis
2431 2827 2763 2899 evangelicis
2823 2827 3115 2899 perlectis,
3170 2828 3426 2900 illiusque
3477 2829 3533 2883 in
3571 2844 3666 2886 eas

2083 2919 2524 2985 commentariis,
2556 2920 2626 2975 ah
2673 2919 2824 2974 omni
2858 2934 2959 2974 nos
2998 2919 3331 2976 abstinuisse
3381 2919 3665 2975 mendacio

2082 3012 2401 3082 comperiet.
2430 3010 2572 3078 Quid
2602 3011 2726 3067 inde
2755 3005 2893 3083 Opus
2916 3020 3000 3070 est
3031 3013 3176 3068 ultra
3207 3012 3506 3084 progredi?
3533 3011 3666 3067 Om-

2083 3101 2194 3165 nia,
2220 3109 2282 3156 ut
2327 3100 2496 3157 verbo
2535 3101 2854 3172 expediam,
2915 3103 3188 3174 allegoriis
3223 3118 3291 3158 ex
3344 3103 3662 3160 nominibus

2082 3193 2385 3263 desumptis
2413 3193 2656 3262 exponit,
2688 3209 2872 3250 rerum
2906 3202 3226 3264 argumenta
3258 3195 3324 3250 de
3347 3196 3526 3250 medio
3553 3197 3661 3250 tol-

2080 3283 2174 3352 lit;
2221 3298 2400 3354 neque
2441 3284 2574 3339 illud
2612 3285 2940 3355 percipiens,
2976 3287 3178 3340 multas
3216 3302 3340 3342 esse
3382 3287 3659 3356 iustorum

2077 3383 2130 3430 et
2167 3375 2498 3446 injustorum
2525 3375 2746 3431 easdem
2779 3376 3289 3443 deuominationes,
3331 3394 3508 3449 neque
3541 3380 3658 3436 ﬁeri

2076 3482 2240 3537 posse
2268 3475 2330 3522 ut
2347 3468 2575 3523 diversae
2597 3473 2722 3522 vita:
2751 3467 2996 3524 rationes
3027 3469 3096 3522 ab
3121 3484 3230 3524 uno
3260 3471 3481 3527 nomine
3501 3471 3658 3526 simi-

2077 3560 2202 3615 liter
2225 3558 2617 3630 dijudicentur.
2637 3559 2729 3615 Est
2755 3559 2939 3630 itaque
2953 3558 2982 3614 J
2989 3561 3123 3615 udas
3140 3561 3406 3631 proditor,
3438 3573 3492 3619 et
3518 3565 3657 3620 alter

2073 3648 2244 3707 Judas
2272 3652 2584 3721 apostolus;
2623 3651 2707 3706 vel
2746 3666 2990 3718 rursum,
3027 3650 3320 3709 Zacharias
3349 3669 3447 3710 rex
3508 3655 3655 3724 inju-

2074 3742 2371 3808 stissimus,
2405 3749 2458 3799 et
2493 3742 2788 3798 Zacharias
2830 3743 2968 3798 alter
3007 3744 3292 3814 propheta.
3342 3744 3409 3799 Et
3458 3747 3551 3816 qui
3596 3747 3652 3802 in

2073 3836 2351 3892 fornacem
2400 3835 2543 3906 ignis
2587 3835 2824 3904 injectus
2853 3843 2974 3899 est,
3019 3836 3264 3892 Ananias
3312 3839 3648 3907 vocabatur;

2071 3927 2209 3982 alter
2235 3933 2416 3982 autem
2444 3933 2528 3981 est
2554 3933 2751 3996 praeter
2778 3925 2925 3981 hunc
2954 3925 3196 3981 Anauias
3222 3927 3316 3997 qui
3346 3927 3651 3984 Ecclesiam

2070 4017 2519 4088 persequebatur,
2543 4031 2666 4072 cum
2701 4017 2820 4090 ipse
2852 4017 3035 4088 potius
3063 4020 3500 4089 persecutionem
3533 4021 3650 4092 pati

2069 4109 2371 4177 debuisset,
2409 4110 2818 4181 imperabatque
2848 4119 2910 4165 ut
2943 4110 3128 4180 ﬂagris
3157 4111 3476 4167 crederetur
3499 4114 3648 4184 Apo-

2069 4203 2266 4267 stolus,
2302 4203 2390 4257 cui
2422 4203 2476 4256 in
2499 4201 2694 4257 faciem
2727 4202 2794 4256 ad
2823 4203 3050 4257 verbum
3076 4201 3281 4258 Paulus
3309 4203 3390 4258 sic
3415 4219 3648 4274 respon-

2067 4292 2148 4347 dit
2181 4311 2194 4347 :
2227 4290 2588 4346 Percussurus
2620 4302 2697 4346 est
2732 4300 2780 4345 te
2813 4290 2973 4356 Deus,
3009 4307 3159 4345 mure
3192 4291 3454 4347 dealbate.
3485 4292 3557 4347 Et
3587 4304 3644 4348 tu

2067 4385 2214 4440 sedes
2236 4395 2284 4440 et
2302 4384 2522 4456 judicas
2548 4403 2630 4440 me
2657 4385 2944 4440 secundum
2973 4387 3156 4458 legem,
3193 4394 3242 4440 et
3280 4394 3463 4440 contra
3509 4389 3643 4459 leges

2066 4495 2146 4534 me
2162 4478 2318 4549 jubes
2340 4479 2542 4548 percuti
2574 4479 2661 4533 ‘6?
2694 4477 2863 4550 igitur
2890 4481 2936 4536 si
2963 4480 3187 4536 nomine
3232 4495 3327 4536 res
3371 4481 3501 4551 ipsae
3527 4482 3643 4538 dis-

379 4585 506 4638 ματι
557 4569 625 4624 τὰ
675 4570 977 4642 πράγματα
1024 4571 1300 4643 κρίνεται,
1363 4572 1673 4643 λεγέτωσαν
1739 4577 1789 4631 οἱ
1843 4580 1963 4640 ταῖς

2084 4580 2388 4639 :ernuntur,
2422 4573 2515 4644 qui
2537 4574 2808 4631 similibus
2836 4575 3160 4646 tropologiis
3184 4575 3526 4638 incumbunt,
3555 4577 3642 4631 di-

373 4659 648 4725 τοιαύταις
685 4662 1083 4734 ὲπερειδόμενοι
1121 4663 1529 4736 τροπολογίαις,
1553 4667 1714 4738 ὁποίᾳ
1751 4667 1957 4740 μεθόδῳ

371 4750 470 4816 τὰς
494 4752 781 4824 ἀνομοίους
813 4755 1122 4826 ἐπιστήμας
1157 4755 1192 4827 ἢ
1237 4756 1523 4812 πολιτειῶν
1568 4759 1859 4828 ὰναγωγὰς
1891 4761 1957 4814 ὲκ

371 4844 472 4915 τῆς
500 4845 819 4916 ὁμωνυμίας
852 4845 1092 4911 ἀξιοῦσιν
1130 4848 1474 4920 ἑρμηνεύειν.
1517 4851 1731 4920 Ἀμέλει
1769 4851 1954 4906 πολλοὶ

375 4936 474 5005 μὲν
493 4937 573 4992 ἔτι
603 4940 698 4993 καὶ
726 4940 962 5012 τήμερον
996 4940 1233 4996 Ἰουδαῖοι
1270 4943 1627 5015 προπατόρων
1670 4944 1704 5014 ἢ
1741 4962 1953 5017 προφη-

370 5024 478 5079 τῶν
509 5028 747 5099 ὀνόματα
790 5028 1105 5100 βαλλόμενοι
1136 5031 1336 5103 δρῶσιν
1373 5033 1636 5098 ἀθέμιτα⁶
1685 5035 1870 5089 πολλοὶ
1894 5036 1951 5090 δὲ

373 5115 466 5166 καὶ
487 5122 611 5189 παρ’
638 5121 861 5192 Ἕλλησι
883 5122 1079 5194 Πέτροι
1110 5125 1206 5178 καὶ
1226 5124 1426 5180 Παῦλοι
1446 5126 1766 5198 καλούμενοι
1785 5127 1952 5198 πράτ-

371 5223 552 5262 τουσιν
591 5213 882 5284 ἀνήκεστα.
922 5216 1002 5268 Τὰ
1048 5217 1149 5286 μὲν
1171 5220 1349 5273 τοίνυν
1379 5220 1618 5274 ύπόκενα
1641 5219 1750 5273 τῶν
1775 5219 1951 5288 λόγων

383 5293 686 5366 Ὧριγένους
716 5301 814 5372 οὐχ
844 5303 1044 5374 ἥκιστα
1078 5306 1170 5359 καὶ
1203 5308 1291 5363 διὰ
1325 5309 1426 5380 τῆς
1451 5310 1708 5382 τοιαύτης
1735 5309 1950 5364 ἁλίσκε-

367 5399 460 5436 ται
496 5387 847 5456 κουφολογίας
866 5409 880 5422 ·
925 5396 1025 5448 ὅσα
1061 5395 1117 5449 δὲ
1147 5397 1244 5468 τῆς
1275 5399 1624 5465 ἀναστάσεως
1657 5402 1822 5458 ἕνεκα
1847 5421 1947 5458 κα-

2063 4670 2190 4718 cant
2214 4679 2320 4734 qua
2361 4664 2615 4720 methodo
2645 4663 2890 4722 diversas
2913 4667 3174 4722 scientias
3197 4675 3290 4722 aut
3318 4667 3442 4722 vita:
3474 4667 3642 4723 ratio-

2063 4769 2164 4810 nes
2187 4770 2252 4810 ex
2296 4756 2486 4812 eodem
2515 4757 2738 4813 nomine
2777 4760 3068 4830 explicant.
3119 4759 3270 4816 Multi
3319 4760 3528 4816 scilicet
3581 4761 3638 4814 in

2061 4846 2207 4903 hunc
2234 4848 2377 4904 diem
2412 4850 2819 4920 progenitorum
2855 4859 2949 4906 aut
2977 4853 3367 4923 prophetarum
3399 4851 3638 4906 nomini-

2061 4940 2175 4996 bus.
2218 4941 2464 5014 insigniti
2505 4941 2677 4998 Judaei
2720 4944 2810 5014 jus
2855 4945 3060 4999 violant
3105 4954 3160 5001 et
3217 4946 3380 5015 impie
3408 4945 3633 5012 vivunt;

2056 5032 2215 5087 multi
2240 5035 2368 5088 item
2399 5041 2453 5089 et
2481 5035 2623 5106 apud
2643 5043 2832 5106 gentes
2859 5035 3006 5092 Petri
3036 5045 3090 5092 et
3119 5036 3272 5092 Pauli
3311 5036 3631 5106 nuncupati,

2057 5126 2263 5183 nefarie
2290 5142 2402 5182 rem
2433 5142 2586 5183 suam
2618 5138 2832 5199 gerunt.
2858 5127 3044 5199 Itaque
3071 5130 3299 5185 futilitas
3331 5129 3633 5198 levitasque

2059 5234 2374 5275 sermonum
2389 5216 2640 5289 Origenis
2662 5234 2770 5275 non
2792 5221 2974 5275 minus
2996 5235 3094 5291 per
3118 5221 3258 5274 hanc
3275 5219 3631 5289 vaniloquen-

2056 5310 2186 5366 tiam
2210 5309 2652 5380 deprehenditur.
2677 5311 2808 5377 Quae
2839 5327 3004 5381 porro
3027 5313 3446 5369 resurrectionis
3465 5327 3628 5368 causa

2056 5405 2200 5460 male
2221 5405 2465 5461 sentiens
2498 5405 2746 5470 intrudit,
2773 5406 3052 5475 publicare
3075 5422 3184 5462 non
3221 5413 3307 5462 est
3346 5410 3630 5477 praesentis

367 5475 600 5542 κοδόξως
635 5480 952 5552 εἰσηγεῖται,
981 5487 1218 5559 δηλῶσαι
1267 5491 1366 5562 μὲν
1409 5493 1502 5547 ἐπὶ
1546 5494 1638 5548 τοῦ
1679 5496 1944 5566 παρόντος

2084 5499 2279 5572 iegotii.
2320 5498 2646 5557 Methodius.
2667 5500 2816 5558 enim
2845 5509 3050 5557 sanetae
3099 5475 3375 5558 memoriae
3406 5502 3460 5556 in
3494 5500 3630 5558 illud

443 5657 487 5687 “
511 5654 672 5711 Ioan.
703 5672 821 5723 vin,
848 5660 934 5718 59.
1022 5664 1067 5697 ⁸⁸
1098 5664 1260 5722 Joan.
1293 5685 1348 5734 x,
1383 5671 1472 5728 3i.
1545 5672 1731 5729 “Act.
1764 5690 1927 5742 xm],
1958 5675 2019 5732 5.

435 5837 545 5906 (Π)
584 5840 1048 5908 Ἀκρίτως,ἰ²“‹)ι·ιο
1081 5848 1362 5917 ἐκκρίτως.
