4132 6430
508 371 614 428 659

1460 366 1518 423 S.
1562 367 1929 424 EUS'I'ATHII
1970 364 2276 422 EPISCOPI
2310 363 2726 422 ANTIOCHENI

3651 364 3757 421 660

510 488 796 561 quaesitum
834 485 968 540 satis
998 483 1212 539 abunde
1258 485 1499 555 scripsit,
1526 496 1817 556 aperteque
1841 487 2073 542 ostendit

2180 485 2277 554 οὐχ
2301 479 2411 536 οἷόν
2443 501 2520 535 τε.
2549 482 2801 545 Μεθόδιος
2833 479 2938 554 γάρ
2978 481 3006 534 ὁ
3038 481 3137 551 τῆς
3165 481 3325 549 ἁγίαις
3355 481 3502 547 ἄξιος
3541 478 3758 551 μνήμης

509 581 655 651 quod
680 577 924 633 haeresim
956 575 1334 632 affectantibus
1369 592 1559 633 ansam
1608 578 1897 648 praebuerit
1939 580 2079 632 male

509 669 797 732 sentiendi,
830 670 885 722 in
914 667 1116 738 specie,
1143 683 1253 722 non
1298 668 1418 739 ipso
1458 683 1688 738 corpore
1721 670 2080 725 resurrectio-

506 780 628 818 nem
660 762 776 818 fieri
815 761 1205 818 determinans.
1229 761 1410 830 Ipsum
1441 777 1570 816 vero
1597 762 1874 832 allegoriis
1897 763 2079 818 omnia

507 855 797 910 invertisse
817 893 833 918 ,
884 869 1171 924 pravaeque
1222 853 1500 926 opinionis
1526 854 1725 923 ubique
1756 856 1964 909 semina
1995 855 2080 910 in-

505 947 765 1016 gessisse,
797 945 959 1001 facile
987 945 1211 1016 cognitu
1266 953 1383 1012 est;
1433 945 1739 1015 saepiusque
1782 946 1909 1002 hinc
1953 946 2080 1002 inde

503 1037 694 1095 eadem
726 1039 1092 1093 revolventem
1126 1051 1190 1091 ac
1243 1044 1575 1107 repetentem
1600 1077 1616 1103 ,
1669 1046 1844 1093 totum
1891 1039 2078 1094 orbem

504 1129 796 1185 immodica
829 1144 1072 1198 vanaque
1124 1129 1404 1198 loquentia
1436 1129 1711 1200 implesse.
1772 1129 1885 1184 Hac
1936 1131 2078 1186 dun-

503 1231 653 1275 taxat
679 1221 936 1275 methodo
962 1236 1025 1275 ex
1060 1234 1210 1275 more
1244 1222 1428 1274 omnia
1459 1221 1662 1290 ubique
1689 1221 1962 1291 allegoriis
1992 1223 2078 1276 in-

504 1309 762 1376 farciens,
789 1319 996 1365 tantum
1019 1309 1442 1382 Engastrimythi
1477 1311 1637 1366 verba
1665 1311 1892 1383 figurate
1919 1313 2082 1368 extri-

502 1417 630 1457 oare
655 1418 762 1456 non
790 1403 984 1471 potuit,
1017 1418 1194 1472 neque
1223 1402 1340 1473 ipsa
1363 1418 1548 1457 rerum
1579 1411 1856 1475 gestarum
1885 1419 2079 1460 conse-

500 1494 724 1563 quentia
754 1494 810 1547 in
843 1494 1018 1548 lucem
1047 1495 1293 1548 veritatis
1327 1495 1594 1564 proferre.

571 1583 757 1638 XXIII.
799 1584 941 1650 Quid
991 1593 1252 1654 praeterea
1283 1587 1465 1640 attulit
1504 1587 1766 1658 religione
1799 1589 1904 1645 sibi
1949 1591 2079 1645 sub-

499 1675 731 1746 terfugia
763 1677 1014 1746 ﬁngens?
1045 1676 1180 1732 Cum
1205 1664 1496 1748 spectrum'
1518 1678 1667 1734 Sauli
1690 1680 1896 1737 dixisse
1927 1681 2078 1736 vide-

499 1778 651 1820 retur
680 1785 692 1820 :
729 1764 1014 1819 Abscindet
1040 1765 1297 1820 Dominus
1323 1783 1538 1836 regnum
1565 1767 1629 1821 de
1666 1784 1826 1822 manu
1875 1778 1967 1823 tua
1991 1769 2033 1800 ⁸⁷
2060 1785 2074 1833 ;

2180 576 2412 647 ἔγραψεν
2441 576 2803 646 ἀποχρώντως
2831 575 2912 637 είς
2941 575 3055 628 τόδε
3095 573 3158 626 τὸ
3203 573 3485 644 θεώρημα,
3528 573 3621 625 καὶ¹
3661 573 3761 626 διέο

2177 666 2317 732 δειξέ
2344 682 2407 733 γε
2437 665 2653 734 φανδὸν,
2685 667 2767 718 ὅτι
2803 667 2916 727 τοῖς
2956 663 3302 734 αἱρεσιώταις
3338 664 3504 716 ἔδωκε
3529 662 3760 734 πάροδον

2178 758 2418 821 ἀϐούλως
2445 759 2538 811 ἐπὶ
2561 758 2752 822 εἴδους,
2793 756 2908 811 ἀλλ’
2935 758 3034 809 οὐκ
3071 758 3162 809 ἐπὶ
3192 755 3440 826 σώματος
3466 755 3628 808 αὑτοῦ
3661 754 3759 826 τὴν

2178 940 2386 1009 λογίαις
2429 938 2729 1011 ἀνέτρεψε,
2771 938 2865 991 καὶ
2888 936 2956 990 τά
3002 938 3100 1006 τῆς
3140 937 3456 1003 κακοδοξίας
3511 935 3759 1007 ἔσπειρεν

2178 1030 2481 1101 ἑκασταχοῦ
2517 1031 2828 1102 σπέρματα,
2863 1028 2991 1099 ῥᾷόν
3028 1030 3174 1082 ἐστιν
3223 1028 3378 1081 ἰδεῖνο
3423 1029 3534 1082 ἄνω
3573 1029 3630 1080 δὲ
3666 1029 3762 1082 καὶ

2179 1125 2328 1178 κάτω
2357 1122 2691 1191 ταυτολογῶν
2723 1122 3007 1194 ἐπλήρωσε
3053 1122 3148 1194 τὴν
3181 1122 3502 1192 οἰκουμένην
3538 1123 3762 1193 ἀμέτρῳ

2179 1216 2434 1287 φλυαρίᾳ.
2500 1215 2733 1285 Τοιαύτη
2789 1214 2870 1266 δὲ·
2903 1214 3108 1284 μεθόδῳ
3160 1214 3400 1284 συνήθως
3450 1214 3761 1285 ἀλληγορῶν

2179 1308 2392 1362 ἅπαντα
2426 1306 2730 1375 πανταχῶς,
2761 1307 2857 1376 οὐχ
2889 1301 2996 1370 οἷός
3027 1323 3087 1358 τε
3121 1306 3334 1373 ἐγένετο
3371 1306 3438 1358 τά
3473 1307 3573 1375 τῆς
3604 1308 3764 1374 ἐγγα-

2181 1399 2475 1472 στριμύθου
2531 1398 2930 1469 τροπολογῆσαι
2980 1401 3197 1471 ῥήματα
3253 1398 3433 1467 μόνον,
3485 1398 3593 1451 οὐδ’
3630 1398 3762 1451 αὐτὸ

2181 1488 2366 1559 σαφῶς
2388 1488 2447 1554 ἐξ
2476 1488 2644 1557 αὐτῆς
2673 1487 2954 1559 ἱστορῆσαι
2982 1488 3078 1557 τῆς
3108 1485 3443 1549 ἀκολουθίας.

2247 1604 2435 1659 XXIII.
2469 1604 2626 1658 Ἀλλὰ
2664 1604 2716 1657 τί
2761 1604 2896 1674 πρὸς
2929 1603 3020 1656 ἐπὶ
3061 1602 3268 1665 τούτοις
3299 1602 3588 1672 εἰσήγαγεν
3627 1600 3762 1668 ἀφο-

2179 1698 2361 1751 σιώσει
2394 1696 2758 1766 πλαττόμενος
2790 1694 3106 1763 ἀποφυγάς;
3151 1693 3476 1762 Ἐπειδήπερ
3505 1692 3677 1745 ἐδόκει
3701 1690 3764 1745 τὸ

2181 1787 2371 1858 φάσμα
2395 1785 2473 1856 τῷ
2502 1785 2671 1838 Σαοὺλ
2705 1785 3000 1855 εἰρηκέναι·
3042 1783 3349 1852 Διαῤῥήξει
3393 1784 3606 1849 Κύριος
3648 1780 3764 1849 τὴν

500 1857 586 1913 bis
610 1857 963 1926 probabiliter
993 1856 1184 1912 dicens
1241 1859 1566 1922 subintulit,
1619 1876 1734 1916 non
1774 1876 1911 1931 opus
1951 1879 2073 1920 esse

2174 1856 2497 1944 βασιλείαν
2521 1877 2590 1930 ἐκ
2624 1879 2822 1946 χειρός
2855 1893 2992 1939 σου,
3021 1877 3156 1946 πρὸς
3191 1876 3363 1928 ταῦτα
3397 1872 3764 1940 πιθανολογῶν

499 1947 805 2018 intelligere
834 1947 1161 2004 daemonium
1194 1950 1262 2004 de
1298 1965 1462 2021 regno
1484 1949 1850 2006 lsraelitarum
1884 1953 2078 2007 vatici-

498 2047 687 2094 natum
713 2039 899 2096 fuisse.
932 2039 1053 2095 Jam
1077 2041 1330 2111 superius
1353 2043 1669 2098 dicebamus
1695 2045 1859 2100 verba
1885 2045 1954 2100 ab
1981 2044 2079 2100 Sa-

498 2133 675 2186 muele
733 2134 942 2201 prolata
1003 2133 1302 2188 daemonem
1358 2133 1684 2189 suﬂ‘uratum
1742 2136 1948 2200 fuisse,
2020 2144 2078 2192 ut

498 2231 712 2280 amente
740 2224 902 2280 Saule
932 2224 1157 2294 decepto
1183 2241 1248 2280 ex
1286 2227 1518 2297 propriis
1549 2243 1860 2284 sermonem
1891 2235 2077 2284 texere

497 2315 794 2370 videretur.
846 2315 916 2367 At.
955 2315 1046 2368 hic
1092 2316 1314 2370 simulat
1342 2316 1549 2373 similes
1597 2317 1800 2372 diaboli
1844 2329 2078 2374 conatus

497 2421 611 2463 non
644 2406 848 2461 habere
875 2417 1203 2476 compertos.
1236 2405 1306 2461 Ut
1333 2422 1464 2478 ergo
1486 2409 1769 2462 vaticinari
1792 2409 2076 2466 videbatur

497 2495 772 2550 dementis
803 2511 1018 2564 regnum
1045 2494 1484 2562 abscindendum,
1509 2505 1639 2551 tunc
1680 2498 1928 2568 adjunxit
1960 2520 1971 2553 :
2006 2499 2076 2553 Et

495 2587 648 2643 dabit
678 2588 812 2642 illud
842 2589 1081 2658 proximo
1121 2599 1209 2644 tuo
1241 2591 1428 2644 David.
1459 2591 1527 2644 At
1552 2591 1856 2662 polyhistor
1888 2592 2078 2665 Orige-

496 2697 598 2737 nes
626 2675 716 2736 hic
745 2692 926 2739 motus
949 2683 1086 2738 dixit
1121 2702 1135 2738 :
1166 2682 1502 2737 Daemonium
1534 2699 1640 2738 non
1681 2692 1858 2755 potest
1908 2701 2076 2756 agno-

497 2789 652 2830 scere
704 2790 935 2845 regnum
965 2775 1135 2828 David
1164 2773 1353 2829 divino
1401 2773 1660 2846 suffragio
1715 2777 2072 2835 destinatum.

496 2865 626 2921 Mihi
660 2882 788 2922 vero
817 2868 904 2922 hic
944 2867 1136 2922 subest
1167 2867 1475 2934 admiratio,
1510 2883 1744 2937 quonam
1795 2869 1884 2923 hic
1915 2877 2074 2939 pacto

495 2958 642 3028 apud
676 2961 864 3028 plures
893 2959 1014 3013 sani
1043 2959 1260 3013 consilii
1290 2959 1538 3028 gloriam,
1566 2975 1630 3015 ac
1659 2961 1703 3016 si
1729 2962 1968 3030 prudens
1997 2963 2071 3018 si-

497 3049 609 3101 mul
631 3058 686 3102 et
717 3049 773 3102 in
814 3050 1096 3104 sententiis
1120 3047 1358 3104 ferendis
1392 3050 1632 3118 optimus
1656 3058 1819 3114 esset,
1848 3067 2071 3107 assecu-

496 3146 589 3193 tus
620 3140 710 3194 sit.
752 3139 921 3210 Igitur
973 3140 1020 3196 si
1068 3157 1291 3212 regnum
1343 3147 1487 3195 esset
1513 3143 1839 3208 obscurum,
1888 3144 2069 3198 forsan

496 3244 608 3283 non
642 3229 941 3301 incongrue
988 3247 1048 3286 se
1077 3231 1212 3286 illud
1260 3233 1442 3302 aliquo
1471 3233 1631 3288 modo
1663 3235 1879 3290 nescire
1907 3236 2071 3291 dissi—
2098 3208 2139 3265 Ο

493 3323 795 3378 mulasset:
830 3339 952 3377 cum
983 3339 1112 3379 vero
1151 3326 1220 3381 de
1252 3326 1346 3380 illo
1385 3323 1616 3382 testatus
1650 3327 1721 3382 sit
1749 3326 1921 3390 Deus,
1965 3327 2071 3382 Da-

493 3415 692 3484 vidque
721 3431 751 3469 a
791 3414 1042 3471 Samuele
1077 3426 1276 3474 unctus
1301 3458 1317 3484 ,
1351 3428 1406 3475 et
1455 3433 1670 3489 semper
1693 3420 1749 3473 in
1780 3420 1922 3475 bello
1958 3421 2070 3490 pri-

491 3523 609 3564 mas
635 3508 834 3577 ferens,
869 3512 1014 3581 regis
1041 3528 1207 3583 gener
1234 3515 1306 3568 sit
1330 3515 1578 3579 effectus,
1609 3515 1683 3570 ita
1708 3521 1766 3570 ut
1792 3515 1921 3570 huic
1947 3517 2070 3584 qui-

489 3602 612 3655 dem
650 3603 1008 3672 tripudiantes
1043 3606 1340 3676 myriadas,
1371 3606 1522 3662 Sauli
1567 3608 1832 3665 chiliadas
1865 3608 2068 3664 decan-

487 3692 689 3758 tarint;
740 3694 786 3747 si
821 3695 934 3748 ha'c
967 3702 1020 3749 et
1067 3694 1149 3751 his
1193 3696 1391 3751 similia
1439 3698 1886 3765 manifestarant,
1932 3699 2064 3772 quid

488 3784 686 3836 mirum
715 3793 808 3838 aut
837 3794 1032 3855 prater
1061 3792 1521 3858 exspectationem
1556 3793 1691 3856 erit,
1739 3794 1784 3849 si
1834 3810 2063 3865 regnum

488 3875 675 3929 divino
734 3876 991 3948 suffragio
1047 3895 1142 3950 per
1185 3881 1503 3951 prophetam
1543 3886 1812 3939 munitum
1848 3886 2062 3942 daemon

488 3969 849 4036 agnosceret?
874 3969 1007 4024 Nam
1055 3972 1100 4026 si
1132 3988 1320 4028 verum
1354 3973 1536 4030 dicere
1558 3976 1810 4042 velimus,
1838 3994 1948 4033 non
1978 3980 2062 4034 in-

487 4057 834 4128 telligendum
901 4062 1051 4116 illum
1119 4066 1296 4121 solum
1372 4082 1634 4138 corporea
1689 4085 2054 4140 cognoscere,

485 4151 942 4218 quemadmodum
973 4155 1074 4209 olei
1107 4171 1262 4221 usus,
1284 4159 1443 4228 cujus
1471 4161 1664 4216 eﬂusio
1685 4171 1862 4220 tactus
1893 4181 2057 4222 sensu

486 4244 801 4312 percipitur.
837 4244 942 4300 Sed
974 4248 1157 4303 nullus
1182 4251 1417 4321 ambiget
1453 4252 1567 4308 haec
1601 4256 1854 4313 omnibus
1884 4259 2059 4313 mani-

486 4332 624 4386 feste
654 4335 1014 4393 innotescere.
1041 4338 1248 4394 Addam
1281 4357 1409 4397 vero
1431 4347 1575 4414 quod
1599 4349 1811 4403 excedit
1837 4360 2051 4406 caetera.

487 4423 545 4478 Si
569 4426 686 4480 haec
715 4429 1000 4485 manifesta
1030 4447 1140 4486 non
1175 4442 1378 4499 essent,
1414 4438 1689 4506 quodnam
1733 4443 1910 4512 majus
1940 4453 2052 4510 est,

2181 1970 2574 2040 ἀνθυπέφερεν,
2609 1969 2684 2032 ὡς
2723 1969 2784 2022 ού
2831 1967 3004 2040 χρεὼν
3041 1967 3127 2037 εἴη
3172 1969 3333 2030 νοεῖν,
3371 1968 3450 2019 ὅτι
3493 1966 3763 2035 δαιμόνιον

2165 2060 2512 2131 ’προφητεύει
2562 2061 2691 2132 περὶ
2739 2059 3013 2129 βασιλείας
3057 2058 3468 2131 Ἰσραηλιτικῆς.
3513 2057 3650 2128 Ἤδη
3705 2057 3763 2109 δὲ

2177 2155 2274 2208 καὶ⁵
2305 2152 2537 2224 πρόσθεν
2567 2153 2773 2223 έφαμεν
2819 2153 2901 2204 ὅτι
2941 2150 3112 2205 ταῦτα
3157 2151 3226 2203 τὰ
3269 2152 3491 2219 ῥήματα
3533 2148 3611 2218 τῷ
3653 2149 3762 2202 Σα-

2183 2244 2352 2316 μουὴλ
2393 2245 2656 2316 εἰρημένα
2699 2244 2931 2314 πρόσθεν
2971 2242 3192 2312 ἔκλεψεν
3234 2244 3262 2295 ό
3293 2241 3520 2311 δαίμων,
3565 2241 3650 2293 ἵνα
3696 2241 3762 2311 δὴ

2177 2337 2268 2391 τὸν
2321 2337 2558 2408 ἔκφρονα
2603 2336 2774 2388 Σαοὺλ
2837 2334 3184 2404 ἐξαπατήσας
3232 2332 3339 2385 ἴδια
3379 2333 3504 2402 δόξῃ
3561 2331 3761 2399 λέγειν.

2191 2429 2328 2481 Ἀλλ’
2356 2422 2507 2492 οὗτος
2545 2428 2607 2480 οὐ
2636 2427 3011 2498 προσποιεῖται
3053 2425 3124 2477 τά
3163 2426 3342 2478 τοιάδε
3381 2424 3474 2478 τοῦ
3515 2423 3761 2478 διαϐόλου

2176 2521 2428 2593 δράματα
2475 2519 2793 2590 γινώσκεινο
2853 2519 2928 2581 ὡς
2976 2516 3070 2572 οὖν
3116 2518 3287 2571 ὲδόκει
3333 2517 3636 2589 προλέγειν,
3678 2517 3761 2569 ὅτι

2175 2612 2562 2683 διαρῤαγήσοι
2603 2612 2694 2666 τοῦ
2755 2611 3114 2682 παραπλῆγος
3158 2613 3196 2679 ἠ
3243 2610 3564 2674 βασιλεία,
3615 2626 3762 2678 τηνι-

2176 2705 2351 2758 καῦτα
2398 2703 2726 2776 προσετίθει·
2753 2704 2863 2757 Καὶ
2891 2702 3069 2757 δώσει
3115 2703 3308 2770 αὐτὴν
3361 2702 3442 2768 τῷ
3493 2700 3761 2769 πλησίον

2175 2813 2292 2850 σου
2335 2797 2417 2862 τῷ
2465 2796 2664 2850 Δαυτδ.
2710 2797 2767 2850 '0
2818 2795 3063 2867 μέντοιγε
3117 2795 3421 2864 πολυῖστωρ
3480 2794 3760 2865 Ὠριγένης

2173 2889 2408 2943 ἐνταῦθα
2461 2888 2699 2960 κινηθεὶς
2731 2887 2867 2958 ἔφη’
2923 2887 3205 2958 Δαιμόνιον
3237 2887 3293 2939 δὲ
3339 2886 3533 2954 λέγων,
3567 2885 3627 2937 ού
3669 2883 3759 2937 δύ-

2174 2999 2330 3035 ναται
2359 2981 2552 3034 εἰδέναι
2577 2981 2675 3050 τὴν
2708 2979 2982 3049 βασιλείαν
3013 2977 3175 3032 Δαυῖδ
3207 2979 3312 3031 ὑπὸ
3340 2978 3544 3049 Κυρίου
3576 2994 3754 3047 χειροο

2172 3073 2518 3143 τονηθείσαν·
2580 3071 2695 3125 ἀλλ’
2751 3071 2940 3141 ἔμοιγε
2997 3069 3295 3142 θαυμάζειν
3346 3070 3553 3124 ἔπεισιν
3610 3071 3759 3134 ὅπως

2174 3157 2327 3228 οὗτος
2350 3163 2681 3234 ἀποφέρεται
2707 3161 2864 3226 δόξαν
2897 3164 2982 3215 ἐπ’
3016 3161 3266 3233 εὐϐουλία
3300 3163 3448 3233 παρά
3483 3165 3593 3223 τοῖς
3625 3162 3756 3214 πολ-

2175 3258 2304 3320 λοῖς,
2339 3258 2414 3320 ὡς
2457 3256 2679 3326 ἔμφρων
2723 3257 2839 3326 ἄμα
2876 3257 2969 3309 καὶ
3002 3255 3226 3326 γνώμης
3267 3256 3504 3327 ἄριστος.
3551 3257 3612 3308 Εἰ
3660 3257 3757 3326 μὲν

2173 3345 2266 3402 οὖν
2300 3349 2491 3419 ἄδηλος
2514 3345 2581 3419 ἦν
2615 3350 2647 3418 ή
2678 3348 2941 3418 βασιλεία,
2971 3347 3098 3417 ἐξῆν
3124 3348 3188 3401 ἂν
3218 3349 3345 3411 ἴσως
3378 3349 3596 3415 ἄγνοιαν
3626 3348 3757 3400 ὑπο-

2175 3438 2452 3508 κρίνεσθαί
2480 3455 2602 3491 τινα
2627 3438 3032 3508 σκηπτόμενον·
3067 3439 3115 3490 εἰ
3149 3438 3206 3491 δὲ
3243 3439 3631 3510 μεμαρτύρητο
3660 3438 3757 3507 μὲν

2176 3531 2279 3583 ὑπὸ
2310 3528 2403 3582 τοῦ
2435 3528 2591 3593 Θεοῦ,
2625 3530 2880 3600 κέχριστο
2912 3528 2956 3581 δ’
2989 3528 3083 3581 ἐπὶ
3123 3528 3331 3590 τούτοις
3367 3530 3472 3582 ὑπὸ
3518 3529 3609 3581 τοῦ
3657 3529 3757 3580 Σα-

2175 3620 2364 3692 μουὴλ,
2405 3620 2461 3673 έν
2505 3637 2564 3672 τε
2609 3622 2720 3683 τοῖς
2757 3620 3010 3690 πολέμοις
3050 3620 3349 3692 ἀριστεύων
3392 3621 3478 3673 ἀεὶ
3511 3620 3757 3692 γαμϐρὸς

2172 3713 2511 3766 ἀναδέδεικτο
2533 3713 2624 3766 τοῦ
2653 3713 2935 3783 βασιλέως,
2964 3711 3104 3766 ὥστε
3124 3712 3298 3783 τούτῳ
3327 3713 3423 3784 μὲν
3451 3713 3546 3776 τὰς
3575 3730 3758 3784 χορευ-

2168 3805 2334 3869 ούσας
2352 3805 2616 3875 ἀναϐῆναι
2639 3806 2738 3868 τὰς
2769 3804 3051 3875 μυριάδας,
3082 3802 3159 3873 τῷ
3186 3803 3242 3858 δὲ
3272 3804 3441 3857 Σαοὺλ
3467 3804 3755 3857 ἀποδοῦναι

2166 3897 2264 3962 τάς
2287 3897 2527 3969 χιλιάδας
2546 3915 2560 3927 ·
2605 3899 2652 3950 εἰ
2686 3897 2740 3950 δὲ
2762 3897 2931 3950 ταῦτα
2953 3897 3046 3950 καὶ
3076 3895 3146 3949 τά
3180 3896 3403 3950 τοιαῦτα
3430 3896 3754 3968 καθεστήκει

2169 3991 2336 4061 σαφῆ,
2358 3991 2410 4044 τί
2443 3989 2588 4055 ξένον
2617 3989 2722 4061 ῆτί
2757 3987 3057 4060 παράδοξον
3085 3983 3171 4058 ἦν,
3197 3990 3244 4040 εί
3277 3987 3372 4058 τὴν
3391 3984 3554 4041 οὖσαν
3575 4005 3754 4057 κεχει-

2169 4084 2527 4155 ροτονημένην
2551 4083 2655 4136 ὑπὸ
2682 4083 2775 4135 τοῦ
2804 4081 3008 4153 Κυρίου
3046 4080 3134 4133 διά
3166 4080 3258 4133 τοῦ
3283 4082 3558 4152 προφήτου
3593 4080 3750 4149 βασι-

2164 4177 2310 4231 λείαν
2345 4177 2711 4245 ὲπεγίνωσκεν
2752 4177 2780 4228 ὁ
2819 4176 3058 4247 δαίμων;
3091 4177 3154 4228 Ei
3185 4173 3293 4245 γὰρ
3325 4175 3385 4227 ού
3416 4171 3746 4243 διανοητέον,

2164 4268 2278 4336 εἴγε
2305 4268 2386 4321 δεῖ
2409 4267 2584 4335 λέγειν
2613 4267 2672 4331 ὲξ
2695 4267 3020 4339 ὑπερϐολῆς,
3053 4267 3133 4320 ὅτι
3174 4267 3242 4320 τὰ
3273 4265 3553 4338 σωματικά
3589 4264 3750 4336 μόνον

2163 4355 2322 4423 εἶδεν,
2351 4359 2425 4422 ὠς
2459 4361 2491 4430 ἡ
2526 4357 2620 4410 τοῦ
2651 4358 2829 4412 ἐλαίου
2863 4359 3057 4430 χρῆσις
3084 4357 3347 4431 αἰσθητὴν
3381 4358 3494 4428 ἔχει
3519 4357 3620 4429 τὴν
3650 4357 3751 4428 τῆς

2163 4451 2305 4521 ἀφῆς
2356 4450 2648 4521 ὲπιφοράνο
2700 4449 2833 4503 ἀλλά
2876 4451 3048 4504 ταῦτα
3101 4452 3200 4521 μὲν
3245 4451 3417 4514 οὐδεὶς
3465 4449 3750 4520 ἀμφιλέξει

485 4526 545 4571 ιιι
583 4520 744 4574 simul
775 4521 1118 4580 conferamus
1139 4567 1152 4589 ,
1196 4542 1422 4598 regnum
1454 4529 1625 4585 David
1675 4548 1772 4602 per
1820 4537 1923 4590 olei
1954 4553 2055 4590 un-

2174 4520 2401 4610 πρόδηλα
2442 4520 2766 4593 καθεστάναι
2817 4542 3013 4594 πᾶσιν·
3073 4520 3157 4595 τισι
3199 4541 3258 4594 δι
3302 4541 3364 4593 τὸ
3412 4539 3749 4612 ὑπερϐάλλον

462 4616 720 4751 -ςιιοηεηι
752 4626 1067 4680 agnoscere,
1102 4629 1169 4669 an
1211 4618 1596 4686 prophetarum
1631 4623 1838 4680 animas
1871 4627 1939 4680 ab
1969 4628 2056 4682 in-

507 4700 618 4751 eris
649 4700 944 4751 eduxisse?
990 4704 1054 4751 El.
1088 4713 1263 4751 tamen
1315 4710 1442 4751 illud
1484 4711 1550 4751 (In
1586 4714 1781 4751 nntini-i
1827 4732 2052 4751 nol-cnnn

2174 4631 2270 4703 ἐρῶ
2294 4631 2566 4701 προσθείς.
2601 4634 2664 4686 Εἰ
2685 4633 2791 4703 γὰρ
2825 4633 2919 4687 καὶ
2952 4633 3024 4705 μὴ
3049 4633 3270 4687 τοιαῦτα
3299 4632 3408 4704 (18)
3438 4632 3747 4701 καθέστηκε

2174 4724 2302 4751 .-.ΑΖ
2357 4723 2583 4751 ..λ---.ιη
2621 4726 2682 4751 1“...
2709 4726 2786 4751 Α..
2825 4725 2986 4751 .--.'."._
3021 4726 3154 4751 _-1-
3192 4726 3472 4751 _.'.-...-.-...
3511 4724 3567 4751 ...λ
3603 4723 3713 4751 ..υἱέι

486 4700 618 4786 feris
649 4700 944 4758 eduxisse?
988 4704 1054 4758 Et
1088 4713 1267 4762 tamen
1314 4710 1444 4764 illud
1484 4711 1550 4766 de
1586 4714 1782 4782 potiori
1825 4732 2055 4786 persona

2174 4700 2583 4795 rupibirrérspov
2617 4700 2788 4797 ἂνεῖη
2823 4700 2990 4796 μείζω
3013 4700 3154 4797 -πρὸς
3189 4700 3474 4796 σύγκρισιν
3510 4724 3570 4776 τὸ
3603 4700 3746 4792 γνῶ-

484 4803 969 4850 commonstratum
996 4806 1098 4854 est.
1139 4799 1273 4853 Nam
1299 4816 1327 4853 a
1353 4800 1572 4858 Christo
1599 4806 1871 4862 daemones
1905 4813 2053 4877 torti,

2174 4830 2243 4865 ναι
2270 4813 2367 4884 τὴν
2393 4813 2482 4866 τοῦ
2513 4815 2675 4869 Δαυῒδ
2703 4817 2996 4887 βασιλείαν,
3025 4817 3254 4889 ἢψυχάς
3289 4818 3346 4883 ὲξ
3377 4817 3503 4887 ᾅδου
3535 4833 3748 4887 προφη-

483 4884 641 4938 inviti
685 4887 920 4942 clamant
957 4890 1041 4945 his
1073 4892 1252 4946 verbis
1284 4911 1296 4946 :
1333 4891 1473 4956 Quid
1497 4895 1644 4950 nobis
1693 4908 1742 4951 et
1771 4899 1898 4968 tibi,
1940 4902 2056 4956 Fili

2174 4903 2312 4967 τικάς
2350 4905 2578 4973 (indiget;
2615 4910 2805 4962 Καίτοι
2840 4910 2996 4965 τοῦτο
3042 4911 3134 4965 καὶ
3170 4911 3264 4963 ἐπὶ
3299 4909 3392 4962 τοῦ
3438 4907 3744 4979 κρείττονος

481 4976 625 5034 Dei?
672 4978 872 5034 Venisti
899 4993 1020 5036 ante
1051 4994 1252 5052 Iempus
1289 4985 1460 5041 delere
1491 5006 1584 5044 nos
1615 4990 1696 5043 ‘9?
1731 4991 1800 5046 At
1845 4996 2056 5051 animas

2174 4999 2533 5055 ἀποδέδεικται
2557 5005 2844 5074 προσώπου
2865 5023 2877 5034 ·
2905 5006 2998 5058 καὶ
3023 5005 3131 5076 γὰρ
3158 5005 3250 5059 καὶ⁹
3276 5005 3369 5057 ἐπὶ
3389 4976 3744 5074 τοῦ-,Χριστοῦ

484 5069 554 5123 ab
584 5069 774 5126 inferis
796 5074 1078 5137 evocandi,
1097 5082 1151 5130 ct
1179 5085 1354 5132 cmtus
1376 5081 1688 5150 angelorum
1714 5085 1804 5152 qui
1829 5101 1925 5153 per
1947 5101 2058 5141 coe-

2174 5092 2572 5164 ττρεϐλούμενοι
2597 5096 2690 5148 καὶ
2719 5097 2938 5160 ἄκοντες
2963 5097 3224 5150 έκϐοῶσιν
3245 5098 3293 5150 οἱ
3319 5096 3569 5165 δαίμονες
3591 5094 3745 5146 αὺτο-

480 5158 592 5212 lum
633 5163 817 5216 volant
856 5168 1105 5220 eumdem
1149 5167 1203 5221 in
1249 5168 1428 5224 locum
1460 5175 1816 5239 convocandi,
1853 5193 1912 5231 re
1940 5178 2058 5247 ipsa

2174 5158 2322 5248 ιεξεὶ,
2356 5158 2588 5254 Τίυήμῐν
2609 5186 2709 5240 καὶ
2733 5189 2851 5251 σοὶ,
2893 5158 3243 5260 κεκραγότες,
3284 5187 3377 5240 Υἱὲ
3409 5158 3514 5239 τοῦ
3559 5184 3745 5248 Θεοῦ;

479 5259 692 5306 tantum
725 5254 868 5312 Deus
912 5266 967 5312 et
1013 5259 1387 5319 divinissimus
1433 5265 1553 5332 ejus
1599 5265 1769 5322 Filius
1819 5278 2059 5337 potesta-

2174 5270 2368 5341 Ηλθες
2399 5276 2510 5343 πρὸ
2550 5278 2758 5345 καιροῦ
2795 5254 3091 5332 ἀπολέσαι
3122 5277 3315 5348 ἡμᾶς
3344 5277 3416 5329 Τὸ
3463 5276 3522 5330 δὲ
3560 5275 3742 5345 ψυχὰς

479 5350 588 5397 ιον-ι
623 5345 803 5410 habet,
837 5357 1141 5421 prteterque
1168 5368 1261 5410 eos
1291 5358 1476 5411 nullus
1511 5360 1755 5414 omnino.
1790 5360 1846 5414 Si
1870 5361 2055 5432 itaque

2174 5364 2212 5430 ιξ
2242 5365 2363 5436 ᾅδου
2396 5369 2868 5439 μεταπέμπεσθαι,
2901 5370 2994 5423 καὶ
3018 5345 3210 5440 χορούς
3237 5366 3483 5436 ἀγγέλων
3512 5367 3741 5437 ούρανο-

479 5435 755 5493 invisibile
803 5437 895 5494 Dei
945 5457 1173 5514 regnum
1229 5460 1292 5500 ac
1337 5455 1527 5503 sancto
1567 5448 1771 5522 Spiritu
1829 5460 2051 5509 unctum

2174 5435 2335 5522 τετεῖς
2364 5435 2422 5513 ἐν
2461 5435 2625 5533 αὐτῷ-
2642 5435 3096 5534 μετακαλείσθαι,
3135 5462 3290 5533 μόνος
3337 5435 3588 5526 ἐξουσίαν
3623 5457 3742 5528 ἔχει

555 5594 603 5628 ⁸⁷
630 5590 657 5644 I
687 5592 810 5663 Reg.
847 5610 1038 5660 xxvm,
1074 5601 1158 5656 17.
1249 5603 1295 5635 ⁸⁸
1326 5602 1522 5661 Matth.
1560 5604 1768 5674 “11,29

554 5769 667 5837 (t8)
709 5772 967 5829 Τοιαῦτα.
997 5775 1160 5833 Forte
1189 5780 1378 5835 ταῦτα.
