  <div class='ocr_page' id='page_1' title='image "/cluster/home/n/w/nwhite01/storage/ocr_20150623/18/coo.31924054872985/344.png"; bbox 0 0 4132 6406; ppageno 0'>
   <div class='ocr_carea' id='block_1_1' title="bbox 408 379 509 435">
    <p class='ocr_par' dir='ltr' id='par_1_1' title="bbox 408 379 509 435">
     <span class='ocr_line' id='line_1_1' title="bbox 408 379 509 435; baseline 0 0"><span class='ocrx_word' id='word_1_1' title='bbox 408 379 509 435; x_wconf 70' lang='grc'><strong>661</strong></span> 
     </span>
    </p>
   </div>
   <div class='ocr_carea' id='block_1_2' title="bbox 1319 324 2764 425">
    <p class='ocr_par' dir='ltr' id='par_1_2' title="bbox 1319 324 2764 425">
     <span class='ocr_line' id='line_1_2' title="bbox 1319 324 2764 425; baseline -0.011 0"><span class='ocrx_word' id='word_1_2' title='bbox 1319 368 1408 425; x_wconf 74' lang='grc' dir='ltr'><strong>οε</strong></span> <span class='ocrx_word' id='word_1_3' title='bbox 1443 330 2042 424; x_wconf 75' lang='lat' dir='ltr'><strong>ENGAS&#39;riuMYrHo</strong></span> <span class='ocrx_word' id='word_1_4' title='bbox 2071 355 2355 417; x_wconf 79' lang='lat' dir='ltr'><strong>CONTRA</strong></span> <span class='ocrx_word' id='word_1_5' title='bbox 2384 324 2764 413; x_wconf 70' lang='lat' dir='ltr'><strong>ORIGENEM.</strong></span> 
     </span>
    </p>
   </div>
   <div class='ocr_carea' id='block_1_3' title="bbox 3543 341 3653 399">
    <p class='ocr_par' dir='ltr' id='par_1_3' title="bbox 3543 341 3653 399">
     <span class='ocr_line' id='line_1_3' title="bbox 3543 341 3653 399; baseline -0.009 -1"><span class='ocrx_word' id='word_1_6' title='bbox 3543 341 3653 399; x_wconf 67' lang='lat'><strong>662</strong></span> 
     </span>
    </p>
   </div>
   <div class='ocr_carea' id='block_1_4' title="bbox 404 475 1997 564">
    <p class='ocr_par' dir='ltr' id='par_1_4' title="bbox 404 483 1987 564">
     <span class='ocr_line' id='line_1_4' title="bbox 404 483 1987 564; baseline -0.007 -16"><span class='ocrx_word' id='word_1_7' title='bbox 404 492 827 564; x_wconf 80' lang='grc' dir='ltr'>διαπράττεσθαι</span> <span class='ocrx_word' id='word_1_8' title='bbox 848 492 978 557; x_wconf 82' lang='grc' dir='ltr'>Θεὸς</span> <span class='ocrx_word' id='word_1_9' title='bbox 1005 491 1096 546; x_wconf 72' lang='grc' dir='ltr'><strong>καὶ</strong></span> <span class='ocrx_word' id='word_1_10' title='bbox 1122 493 1149 545; x_wconf 98' lang='lat'><strong>6</strong></span> <span class='ocrx_word' id='word_1_11' title='bbox 1178 490 1446 553; x_wconf 75' lang='grc' dir='ltr'>θειότατος</span> <span class='ocrx_word' id='word_1_12' title='bbox 1470 486 1634 543; x_wconf 81' lang='grc' dir='ltr'>αὐτοῦ</span> <span class='ocrx_word' id='word_1_13' title='bbox 1654 487 1809 550; x_wconf 83' lang='grc' dir='ltr'>Παῖς,</span> <span class='ocrx_word' id='word_1_14' title='bbox 1831 483 1987 549; x_wconf 77' lang='grc' dir='ltr'>ἄλλος</span> 
     </span>
    </p>
   </div>
   <div class='ocr_carea' id='block_1_5' title="bbox 2093 475 3652 564">
    <p class='ocr_par' dir='ltr' id='par_1_5' title="bbox 2093 475 3652 564">
     <span class='ocr_line' id='line_1_5' title="bbox 2093 475 3652 564; baseline -0.01 -18"><span class='ocrx_word' id='word_1_15' title='bbox 2093 496 2448 564; x_wconf 87' lang='lat' dir='ltr'><strong>agnoverunt,</strong></span> <span class='ocrx_word' id='word_1_16' title='bbox 2468 500 2649 543; x_wconf 85' lang='lat' dir='ltr'><strong>nonne</strong></span> <span class='ocrx_word' id='word_1_17' title='bbox 2680 481 2853 539; x_wconf 89' lang='lat' dir='ltr'><strong>multo</strong></span> <span class='ocrx_word' id='word_1_18' title='bbox 2882 477 3057 550; x_wconf 83' lang='lat' dir='ltr'><strong>magis</strong></span> <span class='ocrx_word' id='word_1_19' title='bbox 3098 475 3240 532; x_wconf 89' lang='lat' dir='ltr'><strong>scire</strong></span> <span class='ocrx_word' id='word_1_20' title='bbox 3268 481 3519 547; x_wconf 73' lang='lat' dir='ltr'><strong>poterant</strong></span> <span class='ocrx_word' id='word_1_21' title='bbox 3564 489 3652 530; x_wconf 81' lang='lat' dir='ltr'><strong>re-</strong></span> 
     </span>
    </p>
   </div>
   <div class='ocr_carea' id='block_1_6' title="bbox 401 574 1979 657">
    <p class='ocr_par' dir='ltr' id='par_1_6' title="bbox 401 574 1979 657">
     <span class='ocr_line' id='line_1_6' title="bbox 401 574 1979 657; baseline -0.008 -17"><span class='ocrx_word' id='word_1_22' title='bbox 401 585 461 640; x_wconf 72' lang='grc' dir='ltr'>δὲ</span> <span class='ocrx_word' id='word_1_23' title='bbox 505 585 691 640; x_wconf 80' lang='grc' dir='ltr'>καὶτὸ</span> <span class='ocrx_word' id='word_1_24' title='bbox 724 586 979 657; x_wconf 87' lang='grc' dir='ltr'>παράπαν</span> <span class='ocrx_word' id='word_1_25' title='bbox 1026 584 1218 647; x_wconf 79' lang='grc' dir='ltr'>οὐδείς.</span> <span class='ocrx_word' id='word_1_26' title='bbox 1250 584 1313 636; x_wconf 79' lang='lat' dir='ltr'><strong>Et</strong></span> <span class='ocrx_word' id='word_1_27' title='bbox 1346 577 1438 637; x_wconf 83' lang='grc' dir='ltr'>οὖν</span> <span class='ocrx_word' id='word_1_28' title='bbox 1478 579 1575 652; x_wconf 84' lang='grc' dir='ltr'><strong>τὴν</strong></span> <span class='ocrx_word' id='word_1_29' title='bbox 1619 578 1846 649; x_wconf 86' lang='grc' dir='ltr'>ἀόρατον</span> <span class='ocrx_word' id='word_1_30' title='bbox 1884 574 1979 629; x_wconf 87' lang='grc' dir='ltr'><strong>τοῦ</strong></span> 
     </span>
    </p>
   </div>
   <div class='ocr_carea' id='block_1_7' title="bbox 404 667 1978 746">
    <p class='ocr_par' dir='ltr' id='par_1_7' title="bbox 404 667 1978 746">
     <span class='ocr_line' id='line_1_7' title="bbox 404 667 1978 746; baseline -0.006 -17"><span class='ocrx_word' id='word_1_31' title='bbox 404 674 539 729; x_wconf 87' lang='grc' dir='ltr'>Θεοῦ</span> <span class='ocrx_word' id='word_1_32' title='bbox 570 675 841 746; x_wconf 82' lang='grc' dir='ltr'>βασιλείαν</span> <span class='ocrx_word' id='word_1_33' title='bbox 884 675 1126 745; x_wconf 71' lang='grc' dir='ltr'>ἔγνωσαν</span> <span class='ocrx_word' id='word_1_34' title='bbox 1159 673 1298 745; x_wconf 79' lang='grc' dir='ltr'>ἁγίῳ</span> <span class='ocrx_word' id='word_1_35' title='bbox 1342 671 1616 742; x_wconf 87' lang='grc' dir='ltr'>Πνεύματι</span> <span class='ocrx_word' id='word_1_36' title='bbox 1646 667 1978 740; x_wconf 85' lang='grc' dir='ltr'>χρισθεῖσαν,</span> 
     </span>
    </p>
   </div>
   <div class='ocr_carea' id='block_1_8' title="bbox 402 759 1983 838">
    <p class='ocr_par' dir='ltr' id='par_1_8' title="bbox 402 759 1983 838">
     <span class='ocr_line' id='line_1_8' title="bbox 402 759 1983 838; baseline -0.008 -15"><span class='ocrx_word' id='word_1_37' title='bbox 402 767 467 823; x_wconf 78' lang='grc' dir='ltr'><strong>οὐ</strong></span> <span class='ocrx_word' id='word_1_38' title='bbox 508 766 686 838; x_wconf 84' lang='grc' dir='ltr'>πολλῷ</span> <span class='ocrx_word' id='word_1_39' title='bbox 719 767 878 822; x_wconf 83' lang='grc' dir='ltr'>πλέον</span> <span class='ocrx_word' id='word_1_40' title='bbox 907 766 1200 837; x_wconf 74' lang='grc' dir='ltr'><strong>ἐπιγνῶναι</strong></span> <span class='ocrx_word' id='word_1_41' title='bbox 1243 764 1340 838; x_wconf 84' lang='grc' dir='ltr'><strong>τὴν</strong></span> <span class='ocrx_word' id='word_1_42' title='bbox 1383 763 1478 817; x_wconf 88' lang='grc' dir='ltr'><strong>τοῦ</strong></span> <span class='ocrx_word' id='word_1_43' title='bbox 1522 760 1683 816; x_wconf 78' lang='grc' dir='ltr'>Δαυῒδ</span> <span class='ocrx_word' id='word_1_44' title='bbox 1733 759 1983 814; x_wconf 75' lang='grc' dir='ltr'><strong>ἐδύναντο</strong></span> 
     </span>
    </p>
   </div>
   <div class='ocr_carea' id='block_1_9' title="bbox 403 850 1979 931">
    <p class='ocr_par' dir='ltr' id='par_1_9' title="bbox 403 850 1979 931">
     <span class='ocr_line' id='line_1_9' title="bbox 403 850 1979 931; baseline -0.007 -17"><span class='ocrx_word' id='word_1_45' title='bbox 403 859 490 914; x_wconf 84' lang='grc' dir='ltr'>διὰ</span> <span class='ocrx_word' id='word_1_46' title='bbox 541 861 839 931; x_wconf 80' lang='grc' dir='ltr'><strong>χρίσματος</strong></span> <span class='ocrx_word' id='word_1_47' title='bbox 893 857 1151 930; x_wconf 71' lang='grc' dir='ltr'>αἰσθητοῦ</span> <span class='ocrx_word' id='word_1_48' title='bbox 1198 857 1291 911; x_wconf 78' lang='grc' dir='ltr'><strong>καὶ</strong></span> <span class='ocrx_word' id='word_1_49' title='bbox 1352 854 1694 916; x_wconf 87' lang='grc' dir='ltr'>καταλύσεως</span> <span class='ocrx_word' id='word_1_50' title='bbox 1742 850 1979 923; x_wconf 77' lang='grc' dir='ltr'>ὁρατῆςς</span> 
     </span>
    </p>
   </div>
   <div class='ocr_carea' id='block_1_10' title="bbox 419 939 1983 1023">
    <p class='ocr_par' dir='ltr' id='par_1_10' title="bbox 419 939 1983 1023">
     <span class='ocr_line' id='line_1_10' title="bbox 419 939 1983 1023; baseline -0.008 -18"><span class='ocrx_word' id='word_1_51' title='bbox 419 950 556 1005; x_wconf 85' lang='grc' dir='ltr'><strong>Ἀλλ’</strong></span> <span class='ocrx_word' id='word_1_52' title='bbox 583 952 680 1005; x_wconf 84' lang='grc' dir='ltr'><strong>οὐκ</strong></span> <span class='ocrx_word' id='word_1_53' title='bbox 707 951 823 1023; x_wconf 75' lang='grc' dir='ltr'>ᾔδει</span> <span class='ocrx_word' id='word_1_54' title='bbox 859 949 927 1005; x_wconf 80' lang='grc' dir='ltr'>τὰ</span> <span class='ocrx_word' id='word_1_55' title='bbox 955 948 1317 1021; x_wconf 86' lang='grc' dir='ltr'>πεπραγμένα</span> <span class='ocrx_word' id='word_1_56' title='bbox 1365 946 1459 1001; x_wconf 79' lang='grc' dir='ltr'><strong>καὶ</strong></span> <span class='ocrx_word' id='word_1_57' title='bbox 1494 946 1737 1018; x_wconf 85' lang='grc' dir='ltr'>Γραφαῖς</span> <span class='ocrx_word' id='word_1_58' title='bbox 1765 939 1983 996; x_wconf 87' lang='grc' dir='ltr'>ἀνακεί-</span> 
     </span>
    </p>
   </div>
   <div class='ocr_carea' id='block_1_11' title="bbox 411 1031 1984 1115">
    <p class='ocr_par' dir='ltr' id='par_1_11' title="bbox 411 1031 1984 1115">
     <span class='ocr_line' id='line_1_11' title="bbox 411 1031 1984 1115; baseline -0.01 -16"><span class='ocrx_word' id='word_1_59' title='bbox 411 1061 547 1115; x_wconf 84' lang='grc' dir='ltr'>μενα</span> <span class='ocrx_word' id='word_1_60' title='bbox 578 1043 704 1113; x_wconf 60' lang='grc' dir='ltr'><strong>περὶ¹</strong></span> <span class='ocrx_word' id='word_1_61' title='bbox 733 1043 826 1097; x_wconf 89' lang='grc' dir='ltr'><strong>τοῦ</strong></span> <span class='ocrx_word' id='word_1_62' title='bbox 855 1042 1015 1097; x_wconf 79' lang='grc' dir='ltr'>Δαυῒδ</span> <span class='ocrx_word' id='word_1_63' title='bbox 1042 1045 1071 1096; x_wconf 85' lang='lat'><strong>6</strong></span> <span class='ocrx_word' id='word_1_64' title='bbox 1098 1042 1391 1113; x_wconf 81' lang='grc' dir='ltr'>ἀλιτήριος,</span> <span class='ocrx_word' id='word_1_65' title='bbox 1416 1040 1444 1093; x_wconf 82' lang='grc' dir='ltr'><strong>ὃ</strong></span> <span class='ocrx_word' id='word_1_66' title='bbox 1471 1055 1535 1107; x_wconf 89' lang='grc' dir='ltr'><strong>γε</strong></span> <span class='ocrx_word' id='word_1_67' title='bbox 1565 1038 1659 1092; x_wconf 73' lang='grc' dir='ltr'><strong>καὶ</strong></span> <span class='ocrx_word' id='word_1_68' title='bbox 1693 1034 1770 1106; x_wconf 80' lang='grc' dir='ltr'>τῷ</span> <span class='ocrx_word' id='word_1_69' title='bbox 1794 1031 1984 1105; x_wconf 83' lang='grc' dir='ltr'>Κυρίῳ</span> 
     </span>
    </p>
   </div>
   <div class='ocr_carea' id='block_1_12' title="bbox 405 1125 1986 1207">
    <p class='ocr_par' dir='ltr' id='par_1_12' title="bbox 405 1125 1986 1207">
     <span class='ocr_line' id='line_1_12' title="bbox 405 1125 1986 1207; baseline -0.007 -18"><span class='ocrx_word' id='word_1_70' title='bbox 405 1133 847 1207; x_wconf 73' lang='grc' dir='ltr'>περιϐαλλομένῳ</span> <span class='ocrx_word' id='word_1_71' title='bbox 871 1134 932 1188; x_wconf 81' lang='grc' dir='ltr'><strong>τὸ</strong></span> <span class='ocrx_word' id='word_1_72' title='bbox 951 1134 1110 1205; x_wconf 86' lang='grc' dir='ltr'>σῶμα</span> <span class='ocrx_word' id='word_1_73' title='bbox 1128 1130 1437 1201; x_wconf 86' lang='grc' dir='ltr'>προσελθὼν</span> <span class='ocrx_word' id='word_1_74' title='bbox 1464 1130 1567 1200; x_wconf 79' lang='grc' dir='ltr'>ἔφη</span> <span class='ocrx_word' id='word_1_75' title='bbox 1588 1125 1890 1200; x_wconf 80' lang='grc' dir='ltr'><strong>τολμηρῶς·</strong></span> <span class='ocrx_word' id='word_1_76' title='bbox 1914 1125 1986 1178; x_wconf 82' lang='lat' dir='ltr'><strong>Ei</strong></span> 
     </span>
    </p>
   </div>
   <div class='ocr_carea' id='block_1_13' title="bbox 416 1217 1986 1294">
    <p class='ocr_par' dir='ltr' id='par_1_13' title="bbox 416 1217 1986 1294">
     <span class='ocr_line' id='line_1_13' title="bbox 416 1217 1986 1294; baseline -0.007 -13"><span class='ocrx_word' id='word_1_77' title='bbox 416 1226 549 1293; x_wconf 73' lang='grc' dir='ltr'><strong>Υἱὸς</strong></span> <span class='ocrx_word' id='word_1_78' title='bbox 577 1223 636 1280; x_wconf 80' lang='grc' dir='ltr'>εἷ</span> <span class='ocrx_word' id='word_1_79' title='bbox 658 1225 763 1280; x_wconf 83' lang='grc' dir='ltr'><strong>τοῦ</strong></span> <span class='ocrx_word' id='word_1_80' title='bbox 789 1226 953 1294; x_wconf 86' lang='grc' dir='ltr'><strong>Θεοῦ,</strong></span> <span class='ocrx_word' id='word_1_81' title='bbox 967 1224 1165 1290; x_wconf 81' lang='grc' dir='ltr'>,ϐάλλε</span> <span class='ocrx_word' id='word_1_82' title='bbox 1187 1223 1445 1279; x_wconf 81' lang='grc' dir='ltr'>σεαυτὸν</span> <span class='ocrx_word' id='word_1_83' title='bbox 1464 1220 1637 1276; x_wconf 84' lang='grc' dir='ltr'>κάτω·</span> <span class='ocrx_word' id='word_1_84' title='bbox 1667 1217 1986 1289; x_wconf 67' lang='grc' dir='ltr'>γέγραπται</span> 
     </span>
    </p>
   </div>
   <div class='ocr_carea' id='block_1_14' title="bbox 408 1307 1985 1388">
    <p class='ocr_par' dir='ltr' id='par_1_14' title="bbox 408 1307 1985 1388">
     <span class='ocr_line' id='line_1_14' title="bbox 408 1307 1985 1388; baseline -0.009 -15"><span class='ocrx_word' id='word_1_85' title='bbox 408 1319 538 1388; x_wconf 72' lang='grc' dir='ltr'>γὰρ,</span> <span class='ocrx_word' id='word_1_86' title='bbox 572 1317 662 1371; x_wconf 68' lang='grc' dir='ltr'>ὄττι</span> <span class='ocrx_word' id='word_1_87' title='bbox 693 1317 816 1384; x_wconf 85' lang='grc' dir='ltr'>τοῖς</span> <span class='ocrx_word' id='word_1_88' title='bbox 855 1316 1130 1388; x_wconf 73' lang='grc' dir='ltr'><strong>ἀγγέλοις</strong></span> <span class='ocrx_word' id='word_1_89' title='bbox 1171 1313 1378 1379; x_wconf 80' lang='grc' dir='ltr'>αὐτοῦ,</span> <span class='ocrx_word' id='word_1_90' title='bbox 1423 1312 1587 1384; x_wconf 74' lang='grc' dir='ltr'>φησὶν</span> <span class='ocrx_word' id='word_1_91' title='bbox 1610 1354 1624 1378; x_wconf 86' lang='grc'><strong>,</strong></span> <span class='ocrx_word' id='word_1_92' title='bbox 1661 1307 1985 1363; x_wconf 77' lang='grc' dir='ltr'><strong>ἐντελεῖται</strong></span> 
     </span>
    </p>
   </div>
   <div class='ocr_carea' id='block_1_15' title="bbox 407 1401 1987 1478">
    <p class='ocr_par' dir='ltr' id='par_1_15' title="bbox 407 1401 1987 1478">
     <span class='ocr_line' id='line_1_15' title="bbox 407 1401 1987 1478; baseline -0.007 -16"><span class='ocrx_word' id='word_1_93' title='bbox 407 1409 541 1478; x_wconf 79' lang='grc' dir='ltr'>περὶ</span> <span class='ocrx_word' id='word_1_94' title='bbox 568 1408 702 1476; x_wconf 86' lang='grc' dir='ltr'>σοῦ,</span> <span class='ocrx_word' id='word_1_95' title='bbox 725 1408 823 1463; x_wconf 80' lang='grc' dir='ltr'>καὶ</span> <span class='ocrx_word' id='word_1_96' title='bbox 847 1408 945 1461; x_wconf 79' lang='grc' dir='ltr'><strong>ἐπὶ</strong></span> <span class='ocrx_word' id='word_1_97' title='bbox 968 1405 1179 1478; x_wconf 83' lang='grc' dir='ltr'>χειρῶν</span> <span class='ocrx_word' id='word_1_98' title='bbox 1195 1405 1412 1476; x_wconf 84' lang='grc' dir='ltr'>ἀροῦσι</span> <span class='ocrx_word' id='word_1_99' title='bbox 1439 1421 1532 1470; x_wconf 89' lang='grc' dir='ltr'><strong>σε,</strong></span> <span class='ocrx_word' id='word_1_100' title='bbox 1551 1401 1784 1473; x_wconf 82' lang='grc' dir='ltr'>μήποτε</span> <span class='ocrx_word' id='word_1_101' title='bbox 1808 1413 1987 1468; x_wconf 85' lang='grc' dir='ltr'>προσ-</span> 
     </span>
    </p>
   </div>
   <div class='ocr_carea' id='block_1_16' title="bbox 408 1492 1987 1571">
    <p class='ocr_par' dir='ltr' id='par_1_16' title="bbox 408 1492 1987 1571">
     <span class='ocr_line' id='line_1_16' title="bbox 408 1492 1987 1571; baseline -0.01 -10"><span class='ocrx_word' id='word_1_102' title='bbox 408 1504 607 1571; x_wconf 63' lang='grc' dir='ltr'>κόψῃς</span> <span class='ocrx_word' id='word_1_103' title='bbox 643 1501 794 1570; x_wconf 80' lang='grc' dir='ltr'>πρὸς</span> <span class='ocrx_word' id='word_1_104' title='bbox 819 1503 993 1557; x_wconf 83' lang='grc' dir='ltr'><em>λίθον</em></span> <span class='ocrx_word' id='word_1_105' title='bbox 1014 1501 1122 1556; x_wconf 84' lang='grc' dir='ltr'>τὸν</span> <span class='ocrx_word' id='word_1_106' title='bbox 1148 1500 1305 1554; x_wconf 80' lang='grc' dir='ltr'>πόδα</span> <span class='ocrx_word' id='word_1_107' title='bbox 1334 1516 1471 1554; x_wconf 89' lang='grc' dir='ltr'>σου.</span> <span class='ocrx_word' id='word_1_108' title='bbox 1499 1495 1709 1552; x_wconf 80' lang='grc' dir='ltr'>Οὐκοῦν</span> <span class='ocrx_word' id='word_1_109' title='bbox 1739 1495 1898 1563; x_wconf 74' lang='grc' dir='ltr'>εἴπερ</span> <span class='ocrx_word' id='word_1_110' title='bbox 1922 1492 1987 1545; x_wconf 84' lang='grc' dir='ltr'>ὲκ</span> 
     </span>
    </p>
   </div>
   <div class='ocr_carea' id='block_1_17' title="bbox 407 1581 1986 1665">
    <p class='ocr_par' dir='ltr' id='par_1_17' title="bbox 407 1581 1986 1665">
     <span class='ocr_line' id='line_1_17' title="bbox 407 1581 1986 1665; baseline -0.008 -18"><span class='ocrx_word' id='word_1_111' title='bbox 407 1594 514 1647; x_wconf 83' lang='grc' dir='ltr'>τῶν</span> <span class='ocrx_word' id='word_1_112' title='bbox 549 1594 717 1662; x_wconf 80' lang='grc' dir='ltr'>ἁγίων</span> <span class='ocrx_word' id='word_1_113' title='bbox 757 1592 1122 1648; x_wconf 85' lang='grc' dir='ltr'>ὑποτυποῦται</span> <span class='ocrx_word' id='word_1_114' title='bbox 1167 1590 1400 1665; x_wconf 85' lang='grc' dir='ltr'>Γραφῶν</span> <span class='ocrx_word' id='word_1_115' title='bbox 1441 1589 1667 1661; x_wconf 82' lang='grc' dir='ltr'><strong>ὁμιλεῖν,</strong></span> <span class='ocrx_word' id='word_1_116' title='bbox 1700 1581 1839 1640; x_wconf 81' lang='grc' dir='ltr'>οἶδεν</span> <span class='ocrx_word' id='word_1_117' title='bbox 1879 1581 1986 1654; x_wconf 80' lang='grc' dir='ltr'><strong>ἄρα</strong></span> 
     </span>
    </p>
   </div>
   <div class='ocr_carea' id='block_1_18' title="bbox 409 1674 1985 1757">
    <p class='ocr_par' dir='ltr' id='par_1_18' title="bbox 409 1674 1985 1757">
     <span class='ocr_line' id='line_1_18' title="bbox 409 1674 1985 1757; baseline -0.011 -13"><span class='ocrx_word' id='word_1_118' title='bbox 409 1686 473 1741; x_wconf 68' lang='grc' dir='ltr'>τὰ</span> <span class='ocrx_word' id='word_1_119' title='bbox 496 1685 854 1757; x_wconf 82' lang='grc' dir='ltr'>γεγραμμένα</span> <span class='ocrx_word' id='word_1_120' title='bbox 891 1685 1249 1757; x_wconf 85' lang='grc' dir='ltr'>κακομαθῶς·</span> <span class='ocrx_word' id='word_1_121' title='bbox 1286 1687 1334 1738; x_wconf 82' lang='grc' dir='ltr'><strong>εί</strong></span> <span class='ocrx_word' id='word_1_122' title='bbox 1373 1683 1430 1737; x_wconf 84' lang='grc' dir='ltr'>δὲ</span> <span class='ocrx_word' id='word_1_123' title='bbox 1470 1680 1675 1735; x_wconf 83' lang='grc' dir='ltr'>τούτων</span> <span class='ocrx_word' id='word_1_124' title='bbox 1706 1678 1765 1731; x_wconf 83' lang='grc' dir='ltr'>ὲν</span> <span class='ocrx_word' id='word_1_125' title='bbox 1788 1674 1985 1746; x_wconf 78' lang='grc' dir='ltr'><strong>γνώσει</strong></span> 
     </span>
    </p>
   </div>
   <div class='ocr_carea' id='block_1_19' title="bbox 409 1766 1985 1850">
    <p class='ocr_par' dir='ltr' id='par_1_19' title="bbox 409 1766 1985 1850">
     <span class='ocr_line' id='line_1_19' title="bbox 409 1766 1985 1850; baseline -0.001 -20"><span class='ocrx_word' id='word_1_126' title='bbox 409 1776 760 1850; x_wconf 82' lang='grc' dir='ltr'><strong>καθέστηκεν,</strong></span> <span class='ocrx_word' id='word_1_127' title='bbox 779 1778 881 1832; x_wconf 85' lang='grc' dir='ltr'><strong>οὐκ</strong></span> <span class='ocrx_word' id='word_1_128' title='bbox 905 1778 1012 1849; x_wconf 76' lang='grc' dir='ltr'>ἄρα</span> <span class='ocrx_word' id='word_1_129' title='bbox 1036 1777 1135 1849; x_wconf 77' lang='grc' dir='ltr'>τὴν</span> <span class='ocrx_word' id='word_1_130' title='bbox 1160 1774 1256 1831; x_wconf 89' lang='grc' dir='ltr'><strong>τοῦ</strong></span> <span class='ocrx_word' id='word_1_131' title='bbox 1285 1774 1447 1830; x_wconf 78' lang='grc' dir='ltr'>Δαυῒδ</span> <span class='ocrx_word' id='word_1_132' title='bbox 1473 1772 1656 1844; x_wconf 73' lang='grc' dir='ltr'>ἠγνόει</span> <span class='ocrx_word' id='word_1_133' title='bbox 1690 1766 1985 1841; x_wconf 67' lang='grc' dir='ltr'>βασιλείαν,</span> 
     </span>
    </p>
   </div>
   <div class='ocr_carea' id='block_1_20' title="bbox 2085 579 3653 669">
    <p class='ocr_par' dir='ltr' id='par_1_20' title="bbox 2085 579 3653 669">
     <span class='ocr_line' id='line_1_20' title="bbox 2085 579 3653 669; baseline -0.013 -16"><span class='ocrx_word' id='word_1_134' title='bbox 2085 614 2252 669; x_wconf 89' lang='lat' dir='ltr'><strong>gnum</strong></span> <span class='ocrx_word' id='word_1_135' title='bbox 2274 595 2443 650; x_wconf 83' lang='lat' dir='ltr'>David</span> <span class='ocrx_word' id='word_1_136' title='bbox 2472 609 2569 665; x_wconf 89' lang='lat' dir='ltr'><strong>per</strong></span> <span class='ocrx_word' id='word_1_137' title='bbox 2598 589 2870 647; x_wconf 77' lang='lat' dir='ltr'><strong>visibilem</strong></span> <span class='ocrx_word' id='word_1_138' title='bbox 2918 583 3232 640; x_wconf 83' lang='lat' dir='ltr'><strong>unctionem</strong></span> <span class='ocrx_word' id='word_1_139' title='bbox 3275 579 3653 651; x_wconf 82' lang='lat' dir='ltr'><strong>visibilemque</strong></span> 
     </span>
    </p>
   </div>
   <div class='ocr_carea' id='block_1_21' title="bbox 2085 669 3657 747">
    <p class='ocr_par' dir='ltr' id='par_1_21' title="bbox 2085 669 3657 747">
     <span class='ocr_line' id='line_1_21' title="bbox 2085 669 3657 747; baseline -0.013 -2"><span class='ocrx_word' id='word_1_140' title='bbox 2085 688 2565 745; x_wconf 73' lang='lat' dir='ltr'><strong>commutationem</strong></span> <span class='ocrx_word' id='word_1_141' title='bbox 2587 684 2612 736; x_wconf 87' lang='lat'><strong>?</strong></span> <span class='ocrx_word' id='word_1_142' title='bbox 2641 680 2842 736; x_wconf 84' lang='lat' dir='ltr'><strong>Verum</strong></span> <span class='ocrx_word' id='word_1_143' title='bbox 2862 692 2951 732; x_wconf 85' lang='lat' dir='ltr'><strong>res</strong></span> <span class='ocrx_word' id='word_1_144' title='bbox 2987 682 3167 747; x_wconf 92' lang='lat' dir='ltr'><strong>gestas</strong></span> <span class='ocrx_word' id='word_1_145' title='bbox 3192 672 3327 731; x_wconf 69' lang='lat' dir='ltr'><strong>etin</strong></span> <span class='ocrx_word' id='word_1_146' title='bbox 3359 669 3657 740; x_wconf 85' lang='lat' dir='ltr'><strong>Scripturis</strong></span> 
     </span>
    </p>
   </div>
   <div class='ocr_carea' id='block_1_22' title="bbox 2085 761 3655 852">
    <p class='ocr_par' dir='ltr' id='par_1_22' title="bbox 2085 761 3655 852">
     <span class='ocr_line' id='line_1_22' title="bbox 2085 761 3655 852; baseline -0.015 -13"><span class='ocrx_word' id='word_1_147' title='bbox 2085 783 2386 852; x_wconf 90' lang='lat' dir='ltr'><strong>descriptas</strong></span> <span class='ocrx_word' id='word_1_148' title='bbox 2434 779 2502 833; x_wconf 93' lang='lat' dir='ltr'><strong>de</strong></span> <span class='ocrx_word' id='word_1_149' title='bbox 2552 776 2750 830; x_wconf 87' lang='lat' dir='ltr'><strong>Davide</strong></span> <span class='ocrx_word' id='word_1_150' title='bbox 2770 769 3171 844; x_wconf 83' lang='lat' dir='ltr'><strong>perditissimus</strong></span> <span class='ocrx_word' id='word_1_151' title='bbox 3213 781 3326 821; x_wconf 90' lang='lat' dir='ltr'><strong>non</strong></span> <span class='ocrx_word' id='word_1_152' title='bbox 3364 764 3522 828; x_wconf 87' lang='lat' dir='ltr'><strong>vidit,</strong></span> <span class='ocrx_word' id='word_1_153' title='bbox 3561 761 3655 832; x_wconf 89' lang='lat' dir='ltr'><strong>qui</strong></span> 
     </span>
    </p>
   </div>
   <div class='ocr_carea' id='block_1_23' title="bbox 2085 852 3656 939">
    <p class='ocr_par' dir='ltr' id='par_1_23' title="bbox 2085 852 3656 939">
     <span class='ocr_line' id='line_1_23' title="bbox 2085 852 3656 939; baseline -0.015 -11"><span class='ocrx_word' id='word_1_154' title='bbox 2085 872 2373 928; x_wconf 87' lang='lat' dir='ltr'><strong>Dominum</strong></span> <span class='ocrx_word' id='word_1_155' title='bbox 2402 882 2633 939; x_wconf 89' lang='lat' dir='ltr'><strong>corpore</strong></span> <span class='ocrx_word' id='word_1_156' title='bbox 2656 861 3056 921; x_wconf 87' lang='lat' dir='ltr'><strong>circumdatum</strong></span> <span class='ocrx_word' id='word_1_157' title='bbox 3086 870 3375 929; x_wconf 76' lang='lat' dir='ltr'><strong>aggressus</strong></span> <span class='ocrx_word' id='word_1_158' title='bbox 3396 852 3656 908; x_wconf 86' lang='lat' dir='ltr'><strong>audacter</strong></span> 
     </span>
    </p>
   </div>
   <div class='ocr_carea' id='block_1_24' title="bbox 2085 946 3658 1024">
    <p class='ocr_par' dir='ltr' id='par_1_24' title="bbox 2085 946 3658 1024">
     <span class='ocr_line' id='line_1_24' title="bbox 2085 946 3658 1024; baseline -0.016 -2"><span class='ocrx_word' id='word_1_159' title='bbox 2085 966 2261 1022; x_wconf 81' lang='lat' dir='ltr'><strong>dixit:</strong></span> <span class='ocrx_word' id='word_1_160' title='bbox 2290 963 2351 1020; x_wconf 91' lang='lat' dir='ltr'><strong>Si</strong></span> <span class='ocrx_word' id='word_1_161' title='bbox 2377 960 2552 1015; x_wconf 87' lang='lat' dir='ltr'><strong>Filius</strong></span> <span class='ocrx_word' id='word_1_162' title='bbox 2583 958 2680 1013; x_wconf 87' lang='lat' dir='ltr'><strong>Dei</strong></span> <span class='ocrx_word' id='word_1_163' title='bbox 2715 974 2789 1024; x_wconf 89' lang='lat' dir='ltr'><strong>es,</strong></span> <span class='ocrx_word' id='word_1_164' title='bbox 2820 954 2968 1008; x_wconf 90' lang='lat' dir='ltr'><strong>mitte</strong></span> <span class='ocrx_word' id='word_1_165' title='bbox 2993 960 3039 1007; x_wconf 88' lang='lat' dir='ltr'><strong>te</strong></span> <span class='ocrx_word' id='word_1_166' title='bbox 3071 949 3352 1012; x_wconf 88' lang='lat' dir='ltr'><strong>deorsum;</strong></span> <span class='ocrx_word' id='word_1_167' title='bbox 3403 946 3658 1015; x_wconf 87' lang='lat' dir='ltr'><strong>scriptum</strong></span> 
     </span>
    </p>
   </div>
   <div class='ocr_carea' id='block_1_25' title="bbox 2084 1047 3657 1134">
    <p class='ocr_par' dir='ltr' id='par_1_25' title="bbox 2084 1047 3657 1134">
     <span class='ocr_line' id='line_1_25' title="bbox 2084 1047 3657 1134; baseline -0.015 -11"><span class='ocrx_word' id='word_1_168' title='bbox 2084 1076 2163 1123; x_wconf 87' lang='lat' dir='ltr'><strong>est</strong></span> <span class='ocrx_word' id='word_1_169' title='bbox 2188 1068 2326 1122; x_wconf 87' lang='lat' dir='ltr'><strong>enim</strong></span> <span class='ocrx_word' id='word_1_170' title='bbox 2347 1082 2366 1121; x_wconf 86' lang='lat'><strong><em>:</em></strong></span> <span class='ocrx_word' id='word_1_171' title='bbox 2388 1061 2600 1134; x_wconf 82' lang='lat' dir='ltr'><strong>Angelis</strong></span> <span class='ocrx_word' id='word_1_172' title='bbox 2632 1060 2741 1115; x_wconf 89' lang='lat' dir='ltr'><strong>suis</strong></span> <span class='ocrx_word' id='word_1_173' title='bbox 2768 1055 3037 1112; x_wconf 81' lang='lat' dir='ltr'><strong>mandauit</strong></span> <span class='ocrx_word' id='word_1_174' title='bbox 3061 1052 3123 1107; x_wconf 90' lang='lat' dir='ltr'><strong>de</strong></span> <span class='ocrx_word' id='word_1_175' title='bbox 3153 1062 3232 1116; x_wconf 85' lang='lat' dir='ltr'><strong>te;</strong></span> <span class='ocrx_word' id='word_1_176' title='bbox 3265 1060 3314 1105; x_wconf 85' lang='lat' dir='ltr'><strong>et</strong></span> <span class='ocrx_word' id='word_1_177' title='bbox 3332 1050 3387 1104; x_wconf 87' lang='lat' dir='ltr'><strong>in</strong></span> <span class='ocrx_word' id='word_1_178' title='bbox 3417 1047 3657 1102; x_wconf 86' lang='lat' dir='ltr'><strong>manibus</strong></span> 
     </span>
    </p>
   </div>
   <div class='ocr_carea' id='block_1_26' title="bbox 2087 1142 3659 1225">
    <p class='ocr_par' dir='ltr' id='par_1_26' title="bbox 2087 1142 3659 1225">
     <span class='ocr_line' id='line_1_26' title="bbox 2087 1142 3659 1225; baseline -0.014 -10"><span class='ocrx_word' id='word_1_179' title='bbox 2087 1161 2329 1216; x_wconf 90' lang='lat' dir='ltr'><strong>attollent</strong></span> <span class='ocrx_word' id='word_1_180' title='bbox 2379 1166 2465 1225; x_wconf 90' lang='lat' dir='ltr'><strong>te,</strong></span> <span class='ocrx_word' id='word_1_181' title='bbox 2513 1172 2577 1211; x_wconf 90' lang='lat' dir='ltr'><strong>ne</strong></span> <span class='ocrx_word' id='word_1_182' title='bbox 2619 1154 2752 1224; x_wconf 78' lang='lat' dir='ltr'><strong>forte</strong></span> <span class='ocrx_word' id='word_1_183' title='bbox 2804 1149 3039 1220; x_wconf 76' lang='lat' dir='ltr'><strong>offendas</strong></span> <span class='ocrx_word' id='word_1_184' title='bbox 3087 1146 3157 1200; x_wconf 88' lang='lat' dir='ltr'><strong>ad</strong></span> <span class='ocrx_word' id='word_1_185' title='bbox 3198 1142 3426 1215; x_wconf 87' lang='lat' dir='ltr'><strong>lapidem</strong></span> <span class='ocrx_word' id='word_1_186' title='bbox 3480 1143 3659 1211; x_wconf 85' lang='lat' dir='ltr'><strong>pedem</strong></span> 
     </span>
    </p>
   </div>
   <div class='ocr_carea' id='block_1_27' title="bbox 2089 1248 3657 1335">
    <p class='ocr_par' dir='ltr' id='par_1_27' title="bbox 2089 1248 3657 1335">
     <span class='ocr_line' id='line_1_27' title="bbox 2089 1248 3657 1335; baseline -0.015 -12"><span class='ocrx_word' id='word_1_187' title='bbox 2089 1278 2238 1325; x_wconf 84' lang='lat' dir='ltr'><strong>tuum</strong></span> <span class='ocrx_word' id='word_1_188' title='bbox 2268 1267 2333 1321; x_wconf 71' lang='grc'><strong>⁸³.</strong></span> <span class='ocrx_word' id='word_1_189' title='bbox 2370 1263 2541 1335; x_wconf 85' lang='lat' dir='ltr'><strong>Igitur</strong></span> <span class='ocrx_word' id='word_1_190' title='bbox 2592 1260 2637 1317; x_wconf 89' lang='lat' dir='ltr'><strong>si</strong></span> <span class='ocrx_word' id='word_1_191' title='bbox 2687 1275 2756 1316; x_wconf 87' lang='lat' dir='ltr'><strong>ex</strong></span> <span class='ocrx_word' id='word_1_192' title='bbox 2799 1254 2999 1311; x_wconf 88' lang='lat' dir='ltr'><strong>divinis</strong></span> <span class='ocrx_word' id='word_1_193' title='bbox 3028 1252 3224 1308; x_wconf 85' lang='lat' dir='ltr'><strong>litteris</strong></span> <span class='ocrx_word' id='word_1_194' title='bbox 3245 1248 3515 1318; x_wconf 88' lang='lat' dir='ltr'><strong>colloquia</strong></span> <span class='ocrx_word' id='word_1_195' title='bbox 3564 1261 3657 1300; x_wconf 89' lang='lat' dir='ltr'><strong>ne-</strong></span> 
     </span>
    </p>
   </div>
   <div class='ocr_carea' id='block_1_28' title="bbox 2088 1342 3659 1430">
    <p class='ocr_par' dir='ltr' id='par_1_28' title="bbox 2088 1342 3659 1430">
     <span class='ocr_line' id='line_1_28' title="bbox 2088 1342 3659 1430; baseline -0.015 -14"><span class='ocrx_word' id='word_1_196' title='bbox 2088 1368 2236 1416; x_wconf 88' lang='lat' dir='ltr'><strong>ctere</strong></span> <span class='ocrx_word' id='word_1_197' title='bbox 2260 1358 2444 1430; x_wconf 84' lang='lat' dir='ltr'><strong>ﬁngit,</strong></span> <span class='ocrx_word' id='word_1_198' title='bbox 2477 1356 2583 1413; x_wconf 90' lang='lat' dir='ltr'><strong>scit</strong></span> <span class='ocrx_word' id='word_1_199' title='bbox 2621 1367 2742 1425; x_wconf 86' lang='lat' dir='ltr'><strong>quae</strong></span> <span class='ocrx_word' id='word_1_200' title='bbox 2777 1348 2981 1419; x_wconf 89' lang='lat' dir='ltr'><strong>scripta</strong></span> <span class='ocrx_word' id='word_1_201' title='bbox 3014 1353 3165 1411; x_wconf 88' lang='lat' dir='ltr'><strong>sunt,</strong></span> <span class='ocrx_word' id='word_1_202' title='bbox 3198 1342 3417 1397; x_wconf 84' lang='lat' dir='ltr'><strong>tametsi</strong></span> <span class='ocrx_word' id='word_1_203' title='bbox 3463 1353 3659 1409; x_wconf 85' lang='lat' dir='ltr'><strong>prave;</strong></span> 
     </span>
    </p>
   </div>
   <div class='ocr_carea' id='block_1_29' title="bbox 2087 1431 3659 1525">
    <p class='ocr_par' dir='ltr' id='par_1_29' title="bbox 2087 1431 3659 1525">
     <span class='ocr_line' id='line_1_29' title="bbox 2087 1431 3659 1525; baseline -0.017 -15"><span class='ocrx_word' id='word_1_204' title='bbox 2087 1468 2209 1525; x_wconf 72' lang='lat' dir='ltr'><strong>quae</strong></span> <span class='ocrx_word' id='word_1_205' title='bbox 2232 1453 2279 1508; x_wconf 90' lang='lat' dir='ltr'><strong>si</strong></span> <span class='ocrx_word' id='word_1_206' title='bbox 2307 1450 2581 1523; x_wconf 78' lang='lat' dir='ltr'><strong>cognovit,</strong></span> <span class='ocrx_word' id='word_1_207' title='bbox 2610 1443 2857 1517; x_wconf 88' lang='lat' dir='ltr'><strong>profecto</strong></span> <span class='ocrx_word' id='word_1_208' title='bbox 2894 1453 3124 1512; x_wconf 78' lang='lat' dir='ltr'><strong>regnum</strong></span> <span class='ocrx_word' id='word_1_209' title='bbox 3150 1433 3322 1491; x_wconf 84' lang='lat' dir='ltr'><strong>David</strong></span> <span class='ocrx_word' id='word_1_210' title='bbox 3360 1449 3470 1489; x_wconf 87' lang='lat' dir='ltr'><strong>non</strong></span> <span class='ocrx_word' id='word_1_211' title='bbox 3501 1431 3659 1502; x_wconf 83' lang='lat' dir='ltr'><strong>igno-</strong></span> 
     </span>
    </p>
   </div>
   <div class='ocr_carea' id='block_1_30' title="bbox 2089 1542 3661 1626">
    <p class='ocr_par' dir='ltr' id='par_1_30' title="bbox 2089 1542 3661 1626">
     <span class='ocr_line' id='line_1_30' title="bbox 2089 1542 3661 1626; baseline -0.012 -17"><span class='ocrx_word' id='word_1_212' title='bbox 2089 1556 2261 1621; x_wconf 88' lang='lat' dir='ltr'><strong>rabat,</strong></span> <span class='ocrx_word' id='word_1_213' title='bbox 2285 1554 2433 1626; x_wconf 90' lang='lat' dir='ltr'><strong>quod</strong></span> <span class='ocrx_word' id='word_1_214' title='bbox 2473 1549 2674 1607; x_wconf 88' lang='lat' dir='ltr'><strong>divinis</strong></span> <span class='ocrx_word' id='word_1_215' title='bbox 2698 1546 2899 1604; x_wconf 88' lang='lat' dir='ltr'><strong>litteris</strong></span> <span class='ocrx_word' id='word_1_216' title='bbox 2927 1551 3049 1602; x_wconf 89' lang='lat' dir='ltr'><strong>erat</strong></span> <span class='ocrx_word' id='word_1_217' title='bbox 3077 1543 3377 1613; x_wconf 88' lang='lat' dir='ltr'><strong>scriptum;</strong></span> <span class='ocrx_word' id='word_1_218' title='bbox 3409 1542 3483 1593; x_wconf 81' lang='lat' dir='ltr'><strong>ita</strong></span> <span class='ocrx_word' id='word_1_219' title='bbox 3517 1548 3574 1593; x_wconf 88' lang='lat' dir='ltr'><strong>ut</strong></span> <span class='ocrx_word' id='word_1_220' title='bbox 3597 1554 3661 1590; x_wconf 74' lang='lat' dir='ltr'><strong>ea</strong></span> 
     </span>
    </p>
   </div>
   <div class='ocr_carea' id='block_1_31' title="bbox 2087 1640 3664 1729">
    <p class='ocr_par' dir='ltr' id='par_1_31' title="bbox 2087 1640 3664 1729">
     <span class='ocr_line' id='line_1_31' title="bbox 2087 1640 3664 1729; baseline -0.015 -16"><span class='ocrx_word' id='word_1_221' title='bbox 2087 1672 2208 1729; x_wconf 71' lang='lat' dir='ltr'><strong>quae</strong></span> <span class='ocrx_word' id='word_1_222' title='bbox 2234 1655 2440 1725; x_wconf 87' lang='lat' dir='ltr'><strong>scripta</strong></span> <span class='ocrx_word' id='word_1_223' title='bbox 2459 1658 2587 1708; x_wconf 80' lang='lat' dir='ltr'><strong>sunt</strong></span> <span class='ocrx_word' id='word_1_224' title='bbox 2625 1649 2840 1706; x_wconf 64' lang='lat' dir='ltr'><strong>daemon</strong></span> <span class='ocrx_word' id='word_1_225' title='bbox 2860 1643 3223 1719; x_wconf 79' lang='lat' dir='ltr'><strong>pronuntians</strong></span> <span class='ocrx_word' id='word_1_226' title='bbox 3268 1640 3402 1696; x_wconf 80' lang='lat' dir='ltr'><strong>nihil</strong></span> <span class='ocrx_word' id='word_1_227' title='bbox 3441 1642 3664 1705; x_wconf 81' lang='lat' dir='ltr'><strong>omnino</strong></span> 
     </span>
    </p>
   </div>
   <div class='ocr_carea' id='block_1_32' title="bbox 2086 1758 2530 1819">
    <p class='ocr_par' dir='ltr' id='par_1_32' title="bbox 2086 1758 2530 1819">
     <span class='ocr_line' id='line_1_32' title="bbox 2086 1758 2530 1819; baseline -0.016 -1"><span class='ocrx_word' id='word_1_228' title='bbox 2086 1762 2417 1819; x_wconf 87' lang='lat' dir='ltr'><strong>vaticinatus</strong></span> <span class='ocrx_word' id='word_1_229' title='bbox 2442 1758 2530 1814; x_wconf 91' lang='lat' dir='ltr'><strong>sit.</strong></span> 
     </span>
    </p>
   </div>
   <div class='ocr_carea' id='block_1_33' title="bbox 410 1838 3667 1949">
    <p class='ocr_par' dir='ltr' id='par_1_33' title="bbox 410 1838 3667 1949">
     <span class='ocr_line' id='line_1_33' title="bbox 410 1838 3667 1949; baseline -0.017 -8"><span class='ocrx_word' id='word_1_230' title='bbox 410 1875 575 1944; x_wconf 77' lang='grc' dir='ltr'>ἢτοῖς</span> <span class='ocrx_word' id='word_1_231' title='bbox 610 1838 774 1949; x_wconf 58' lang='grc' dir='ltr'>ἱέροῖε</span> <span class='ocrx_word' id='word_1_232' title='bbox 801 1838 1206 1947; x_wconf 53' lang='grc' dir='ltr'>ἐγκεγάρακται</span> <span class='ocrx_word' id='word_1_233' title='bbox 1261 1838 1580 1945; x_wconf 71' lang='grc' dir='ltr'>γράμμασιν</span> <span class='ocrx_word' id='word_1_234' title='bbox 1626 1885 1641 1899; x_wconf 74' lang='grc' dir='ltr'><strong>ο</strong></span> <span class='ocrx_word' id='word_1_235' title='bbox 1681 1838 1822 1919; x_wconf 66' lang='grc' dir='ltr'>ὥστε</span> <span class='ocrx_word' id='word_1_236' title='bbox 1854 1860 1925 1916; x_wconf 82' lang='grc' dir='ltr'><strong>τὰ</strong></span> <span class='ocrx_word' id='word_1_237' title='bbox 1983 1856 2344 1931; x_wconf 83' lang='grc' dir='ltr'>γεγραμμένα</span> <span class='ocrx_word' id='word_1_238' title='bbox 2386 1854 2557 1923; x_wconf 80' lang='grc' dir='ltr'>λέγων</span> <span class='ocrx_word' id='word_1_239' title='bbox 2590 1853 2637 1906; x_wconf 52' lang='lat'><em>6*</em></span> <span class='ocrx_word' id='word_1_240' title='bbox 2678 1850 2909 1921; x_wconf 78' lang='grc' dir='ltr'>δαίμων,</span> <span class='ocrx_word' id='word_1_241' title='bbox 2945 1844 3095 1900; x_wconf 74' lang='grc' dir='ltr'>οὐδὲν</span> <span class='ocrx_word' id='word_1_242' title='bbox 3136 1842 3539 1915; x_wconf 60' lang='grc' dir='ltr'>προεφήτευσεν</span> <span class='ocrx_word' id='word_1_243' title='bbox 3576 1838 3667 1890; x_wconf 71' lang='lat'><strong>06;.</strong></span> 
     </span>
    </p>
   </div>
   <div class='ocr_carea' id='block_1_34' title="bbox 410 1965 614 2038">
    <p class='ocr_par' dir='ltr' id='par_1_34' title="bbox 410 1965 614 2038">
     <span class='ocr_line' id='line_1_34' title="bbox 410 1965 614 2038; baseline 0.015 -20"><span class='ocrx_word' id='word_1_244' title='bbox 410 1965 468 2020; x_wconf 76' lang='lat' dir='ltr'><strong>5a</strong></span> <span class='ocrx_word' id='word_1_245' title='bbox 477 1965 614 2038; x_wconf 86' lang='grc' dir='ltr'>μῶς.</span> 
     </span>
    </p>
   </div>
   <div class='ocr_carea' id='block_1_35' title="bbox 478 2041 1997 2151">
    <p class='ocr_par' dir='ltr' id='par_1_35' title="bbox 478 2065 1979 2151">
     <span class='ocr_line' id='line_1_35' title="bbox 478 2065 1979 2151; baseline -0.009 -18"><span class='ocrx_word' id='word_1_246' title='bbox 478 2078 666 2133; x_wconf 77' lang='lat' dir='ltr'><strong>XXIV.</strong></span> <span class='ocrx_word' id='word_1_247' title='bbox 722 2079 860 2133; x_wconf 84' lang='grc' dir='ltr'><strong>Ἀλλ’</strong></span> <span class='ocrx_word' id='word_1_248' title='bbox 894 2082 922 2133; x_wconf 92' lang='lat'><strong>6</strong></span> <span class='ocrx_word' id='word_1_249' title='bbox 966 2078 1284 2149; x_wconf 81' lang='grc' dir='ltr'>πολύφημος</span> <span class='ocrx_word' id='word_1_250' title='bbox 1328 2075 1628 2151; x_wconf 83' lang='grc' dir='ltr'>Ὦριγένης,</span> <span class='ocrx_word' id='word_1_251' title='bbox 1659 2070 1768 2125; x_wconf 76' lang='grc' dir='ltr'>οὐδ’</span> <span class='ocrx_word' id='word_1_252' title='bbox 1800 2065 1979 2122; x_wconf 80' lang='grc' dir='ltr'>ὁτιοῦν</span> 
     </span>
    </p>
   </div>
   <div class='ocr_carea' id='block_1_36' title="bbox 2093 2041 3665 2151">
    <p class='ocr_par' dir='ltr' id='par_1_36' title="bbox 2163 2041 3665 2115">
     <span class='ocr_line' id='line_1_36' title="bbox 2163 2041 3665 2115; baseline -0.011 -6"><span class='ocrx_word' id='word_1_253' title='bbox 2163 2052 2352 2115; x_wconf 71' lang='lat' dir='ltr'><strong>XXIV.</strong></span> <span class='ocrx_word' id='word_1_254' title='bbox 2397 2051 2502 2112; x_wconf 86' lang='lat' dir='ltr'><strong>Sed</strong></span> <span class='ocrx_word' id='word_1_255' title='bbox 2550 2047 2709 2105; x_wconf 88' lang='lat' dir='ltr'><strong>multi</strong></span> <span class='ocrx_word' id='word_1_256' title='bbox 2747 2044 2987 2111; x_wconf 83' lang='lat' dir='ltr'><strong>nominis</strong></span> <span class='ocrx_word' id='word_1_257' title='bbox 3046 2041 3330 2112; x_wconf 77' lang='lat' dir='ltr'><strong>Origenes,</strong></span> <span class='ocrx_word' id='word_1_258' title='bbox 3371 2055 3494 2094; x_wconf 91' lang='lat' dir='ltr'><strong>cum</strong></span> <span class='ocrx_word' id='word_1_259' title='bbox 3554 2053 3665 2092; x_wconf 90' lang='lat' dir='ltr'><strong>non</strong></span> 
     </span>
    </p>
   </div>
   <div class='ocr_carea' id='block_1_37' title="bbox 414 2161 1978 2245">
    <p class='ocr_par' dir='ltr' id='par_1_37' title="bbox 414 2161 1978 2245">
     <span class='ocr_line' id='line_1_37' title="bbox 414 2161 1978 2245; baseline -0.006 -22"><span class='ocrx_word' id='word_1_260' title='bbox 414 2171 676 2245; x_wconf 73' lang='grc' dir='ltr'>εὑρίσκων</span> <span class='ocrx_word' id='word_1_261' title='bbox 701 2173 893 2238; x_wconf 83' lang='grc' dir='ltr'>εἰπεῖν,</span> <span class='ocrx_word' id='word_1_262' title='bbox 914 2173 1002 2239; x_wconf 83' lang='grc' dir='ltr'><strong>¹είς</strong></span> <span class='ocrx_word' id='word_1_263' title='bbox 1026 2171 1185 2226; x_wconf 86' lang='grc' dir='ltr'>τοῦτο</span> <span class='ocrx_word' id='word_1_264' title='bbox 1212 2169 1487 2239; x_wconf 80' lang='grc' dir='ltr'>κατέφυγε</span> <span class='ocrx_word' id='word_1_265' title='bbox 1514 2161 1978 2237; x_wconf 85' lang='grc' dir='ltr'>τετεχνασμένως,</span> 
     </span>
    </p>
   </div>
   <div class='ocr_carea' id='block_1_38' title="bbox 406 2254 1984 2337">
    <p class='ocr_par' dir='ltr' id='par_1_38' title="bbox 406 2254 1984 2337">
     <span class='ocr_line' id='line_1_38' title="bbox 406 2254 1984 2337; baseline -0.001 -21"><span class='ocrx_word' id='word_1_266' title='bbox 406 2262 633 2335; x_wconf 78' lang='grc' dir='ltr'>ἑτέρωθι</span> <span class='ocrx_word' id='word_1_267' title='bbox 665 2263 803 2337; x_wconf 85' lang='grc' dir='ltr'>πρὸς</span> <span class='ocrx_word' id='word_1_268' title='bbox 831 2265 923 2318; x_wconf 75' lang='grc' dir='ltr'><strong>ἐπὶ</strong></span> <span class='ocrx_word' id='word_1_269' title='bbox 961 2266 1171 2328; x_wconf 79' lang='grc' dir='ltr'>τούτοις</span> <span class='ocrx_word' id='word_1_270' title='bbox 1200 2259 1526 2331; x_wconf 75' lang='grc' dir='ltr'>ἐπαγαγών·</span> <span class='ocrx_word' id='word_1_271' title='bbox 1573 2257 1715 2329; x_wconf 78' lang='grc' dir='ltr'><strong>Ἐγὼ</strong></span> <span class='ocrx_word' id='word_1_272' title='bbox 1749 2254 1838 2319; x_wconf 77' lang='grc' dir='ltr'><strong>δὲ,</strong></span> <span class='ocrx_word' id='word_1_273' title='bbox 1858 2269 1984 2323; x_wconf 35' lang='grc' dir='ltr'>λφη-</span> 
     </span>
    </p>
   </div>
   <div class='ocr_carea' id='block_1_39' title="bbox 412 2341 2041 2424">
    <p class='ocr_par' dir='ltr' id='par_1_39' title="bbox 412 2341 2041 2424">
     <span class='ocr_line' id='line_1_39' title="bbox 412 2341 2041 2424; baseline -0.007 -19"><span class='ocrx_word' id='word_1_274' title='bbox 412 2351 515 2416; x_wconf 70' lang='grc' dir='ltr'>σιν,</span> <span class='ocrx_word' id='word_1_275' title='bbox 542 2355 614 2407; x_wconf 85' lang='grc' dir='ltr'>οὐ</span> <span class='ocrx_word' id='word_1_276' title='bbox 644 2352 897 2424; x_wconf 72' lang='grc' dir='ltr'>δύναμαι</span> <span class='ocrx_word' id='word_1_277' title='bbox 924 2352 1151 2407; x_wconf 79' lang='grc' dir='ltr'>διδόναι</span> <span class='ocrx_word' id='word_1_278' title='bbox 1176 2351 1457 2422; x_wconf 78' lang='grc' dir='ltr'>δαιμονίῳ</span> <span class='ocrx_word' id='word_1_279' title='bbox 1477 2346 1847 2417; x_wconf 80' lang='grc' dir='ltr'>τηλικαύτην</span> <span class='ocrx_word' id='word_1_280' title='bbox 1876 2341 1982 2395; x_wconf 87' lang='grc' dir='ltr'>δύ-</span> <span class='ocrx_word' id='word_1_281' title='bbox 2032 2382 2041 2388; x_wconf 94' lang='grc'>.</span> 
     </span>
    </p>
   </div>
   <div class='ocr_carea' id='block_1_40' title="bbox 406 2431 1982 2517">
    <p class='ocr_par' dir='ltr' id='par_1_40' title="bbox 406 2431 1982 2517">
     <span class='ocr_line' id='line_1_40' title="bbox 406 2431 1982 2517; baseline -0.007 -19"><span class='ocrx_word' id='word_1_282' title='bbox 406 2444 741 2517; x_wconf 47' lang='grc' dir='ltr'>ναμινλνα</span> <span class='ocrx_word' id='word_1_283' title='bbox 776 2445 1121 2514; x_wconf 76' lang='grc' dir='ltr'>προφητεύῃ</span> <span class='ocrx_word' id='word_1_284' title='bbox 1157 2444 1292 2513; x_wconf 79' lang='grc' dir='ltr'>περὶ</span> <span class='ocrx_word' id='word_1_285' title='bbox 1322 2441 1528 2499; x_wconf 87' lang='grc' dir='ltr'>Σαοὺλ·</span> <span class='ocrx_word' id='word_1_286' title='bbox 1560 2439 1661 2494; x_wconf 80' lang='grc' dir='ltr'>καὶ</span> <span class='ocrx_word' id='word_1_287' title='bbox 1692 2436 1799 2502; x_wconf 88' lang='grc' dir='ltr'><strong>τοῦ</strong></span> <span class='ocrx_word' id='word_1_288' title='bbox 1827 2431 1982 2490; x_wconf 84' lang='grc' dir='ltr'>λαοῦ</span> 
     </span>
    </p>
   </div>
   <div class='ocr_carea' id='block_1_41' title="bbox 408 2523 1982 2605">
    <p class='ocr_par' dir='ltr' id='par_1_41' title="bbox 408 2523 1982 2605">
     <span class='ocr_line' id='line_1_41' title="bbox 408 2523 1982 2605; baseline -0.008 -16"><span class='ocrx_word' id='word_1_289' title='bbox 408 2534 513 2589; x_wconf 83' lang='grc' dir='ltr'><strong>τοῦ</strong></span> <span class='ocrx_word' id='word_1_290' title='bbox 549 2535 717 2598; x_wconf 82' lang='grc' dir='ltr'>Θεοῦ,</span> <span class='ocrx_word' id='word_1_291' title='bbox 752 2535 849 2589; x_wconf 79' lang='grc' dir='ltr'>καὶ</span> <span class='ocrx_word' id='word_1_292' title='bbox 883 2535 1228 2605; x_wconf 63' lang='grc' dir='ltr'>προφητεύῃ</span> <span class='ocrx_word' id='word_1_293' title='bbox 1265 2534 1398 2603; x_wconf 79' lang='grc' dir='ltr'>περὶ</span> <span class='ocrx_word' id='word_1_294' title='bbox 1418 2530 1759 2599; x_wconf 72' lang='grc' dir='ltr'>,ϐασιλείας</span> <span class='ocrx_word' id='word_1_295' title='bbox 1781 2523 1982 2591; x_wconf 82' lang='grc' dir='ltr'>Δαυῒδ,</span> 
     </span>
    </p>
   </div>
   <div class='ocr_carea' id='block_1_42' title="bbox 410 2616 1986 2695">
    <p class='ocr_par' dir='ltr' id='par_1_42' title="bbox 410 2616 1986 2695">
     <span class='ocr_line' id='line_1_42' title="bbox 410 2616 1986 2695; baseline -0.007 -15"><span class='ocrx_word' id='word_1_296' title='bbox 410 2625 501 2689; x_wconf 78' lang='grc' dir='ltr'>ὅτι</span> <span class='ocrx_word' id='word_1_297' title='bbox 534 2625 747 2695; x_wconf 80' lang='grc' dir='ltr'>μέλλει</span> <span class='ocrx_word' id='word_1_298' title='bbox 772 2625 1151 2691; x_wconf 76' lang='grc' dir='ltr'>βασιλεύειν.</span> <span class='ocrx_word' id='word_1_299' title='bbox 1188 2619 1318 2679; x_wconf 75' lang='grc' dir='ltr'>Εἶτα</span> <span class='ocrx_word' id='word_1_300' title='bbox 1349 2621 1482 2693; x_wconf 86' lang='grc' dir='ltr'>φαίη</span> <span class='ocrx_word' id='word_1_301' title='bbox 1513 2638 1597 2685; x_wconf 91' lang='grc' dir='ltr'><strong>τις</strong></span> <span class='ocrx_word' id='word_1_302' title='bbox 1618 2619 1703 2674; x_wconf 74' lang='grc' dir='ltr'><strong>ἄν·</strong></span> <span class='ocrx_word' id='word_1_303' title='bbox 1736 2617 1801 2670; x_wconf 83' lang='grc' dir='ltr'><strong>Ὦ</strong></span> <span class='ocrx_word' id='word_1_304' title='bbox 1824 2616 1986 2687; x_wconf 88' lang='grc' dir='ltr'>ἀνοη-</span> 
     </span>
    </p>
   </div>
   <div class='ocr_carea' id='block_1_43' title="bbox 407 2708 1987 2794">
    <p class='ocr_par' dir='ltr' id='par_1_43' title="bbox 407 2708 1987 2794">
     <span class='ocr_line' id='line_1_43' title="bbox 407 2708 1987 2794; baseline -0.006 -26"><span class='ocrx_word' id='word_1_305' title='bbox 407 2715 597 2775; x_wconf 73' lang='grc' dir='ltr'>τότατε</span> <span class='ocrx_word' id='word_1_306' title='bbox 629 2714 858 2788; x_wconf 85' lang='grc' dir='ltr'>ἀνδρῶν,</span> <span class='ocrx_word' id='word_1_307' title='bbox 881 2716 940 2768; x_wconf 84' lang='grc' dir='ltr'><strong>οὐ</strong></span> <span class='ocrx_word' id='word_1_308' title='bbox 963 2715 1119 2778; x_wconf 80' lang='grc' dir='ltr'>δίδως</span> <span class='ocrx_word' id='word_1_309' title='bbox 1148 2714 1245 2794; x_wconf 74' lang='grc' dir='ltr'>μὲν</span> <span class='ocrx_word' id='word_1_310' title='bbox 1266 2712 1417 2784; x_wconf 82' lang='grc' dir='ltr'>αὐτῷ</span> <span class='ocrx_word' id='word_1_311' title='bbox 1444 2708 1832 2785; x_wconf 81' lang='grc' dir='ltr'>προφητεύειν,</span> <span class='ocrx_word' id='word_1_312' title='bbox 1866 2709 1987 2761; x_wconf 82' lang='grc' dir='ltr'>ὲπι-</span> 
     </span>
    </p>
   </div>
   <div class='ocr_carea' id='block_1_44' title="bbox 409 2799 1987 2883">
    <p class='ocr_par' dir='ltr' id='par_1_44' title="bbox 409 2799 1987 2883">
     <span class='ocr_line' id='line_1_44' title="bbox 409 2799 1987 2883; baseline -0.004 -23"><span class='ocrx_word' id='word_1_313' title='bbox 409 2807 630 2880; x_wconf 75' lang='grc' dir='ltr'>τρέπεις</span> <span class='ocrx_word' id='word_1_314' title='bbox 679 2808 738 2862; x_wconf 85' lang='grc' dir='ltr'><strong>δὲ</strong></span> <span class='ocrx_word' id='word_1_315' title='bbox 784 2807 932 2879; x_wconf 85' lang='grc' dir='ltr'>αὐτῷ</span> <span class='ocrx_word' id='word_1_316' title='bbox 977 2807 1262 2883; x_wconf 80' lang='grc' dir='ltr'>προφήτας</span> <span class='ocrx_word' id='word_1_317' title='bbox 1311 2806 1532 2881; x_wconf 81' lang='grc' dir='ltr'>ἀνάγειν</span> <span class='ocrx_word' id='word_1_318' title='bbox 1584 2803 1644 2871; x_wconf 73' lang='grc' dir='ltr'><strong>ἐξ</strong></span> <span class='ocrx_word' id='word_1_319' title='bbox 1692 2801 1842 2874; x_wconf 68' lang='grc' dir='ltr'>ᾅδου,</span> <span class='ocrx_word' id='word_1_320' title='bbox 1890 2799 1987 2854; x_wconf 71' lang='grc' dir='ltr'><strong>καὶ</strong></span> 
     </span>
    </p>
   </div>
   <div class='ocr_carea' id='block_1_45' title="bbox 411 2888 1987 2968">
    <p class='ocr_par' dir='ltr' id='par_1_45' title="bbox 411 2888 1987 2968">
     <span class='ocr_line' id='line_1_45' title="bbox 411 2888 1987 2968; baseline -0.004 -18"><span class='ocrx_word' id='word_1_321' title='bbox 411 2897 733 2966; x_wconf 83' lang='grc' dir='ltr'>ἀγγελικοὺς</span> <span class='ocrx_word' id='word_1_322' title='bbox 763 2897 916 2968; x_wconf 77' lang='grc' dir='ltr'>ἄφνω</span> <span class='ocrx_word' id='word_1_323' title='bbox 950 2895 1402 2968; x_wconf 77' lang='grc' dir='ltr'>μεταστέλλεσθαι</span> <span class='ocrx_word' id='word_1_324' title='bbox 1433 2895 1649 2968; x_wconf 85' lang='grc' dir='ltr'>χοροὺς,</span> <span class='ocrx_word' id='word_1_325' title='bbox 1682 2893 1823 2964; x_wconf 82' lang='grc' dir='ltr'>ὅπερ</span> <span class='ocrx_word' id='word_1_326' title='bbox 1867 2888 1987 2945; x_wconf 68' lang='grc' dir='ltr'>ἐστὶ</span> 
     </span>
    </p>
   </div>
   <div class='ocr_carea' id='block_1_46' title="bbox 415 2979 1988 3069">
    <p class='ocr_par' dir='ltr' id='par_1_46' title="bbox 415 2979 1988 3069">
     <span class='ocr_line' id='line_1_46' title="bbox 415 2979 1988 3069; baseline -0.004 -28"><span class='ocrx_word' id='word_1_327' title='bbox 415 2988 607 3069; x_wconf 73' lang='grc' dir='ltr'>μεῖζον</span> <span class='ocrx_word' id='word_1_328' title='bbox 628 2989 721 3043; x_wconf 73' lang='grc' dir='ltr'><strong>καὶ</strong></span> <span class='ocrx_word' id='word_1_329' title='bbox 749 2986 984 3065; x_wconf 81' lang='grc' dir='ltr'>προῦχον</span> <span class='ocrx_word' id='word_1_330' title='bbox 1006 2989 1100 3043; x_wconf 68' lang='grc' dir='ltr'>καὶ</span> <span class='ocrx_word' id='word_1_331' title='bbox 1126 2987 1403 3060; x_wconf 74' lang='grc' dir='ltr'>θειοτέρας</span> <span class='ocrx_word' id='word_1_332' title='bbox 1421 2986 1681 3057; x_wconf 75' lang='grc' dir='ltr'>ἐχόμενον</span> <span class='ocrx_word' id='word_1_333' title='bbox 1703 2979 1988 3051; x_wconf 66' lang='grc' dir='ltr'>ἐξουσιαςς</span> 
     </span>
    </p>
   </div>
   <div class='ocr_carea' id='block_1_47' title="bbox 414 3071 1991 3155">
    <p class='ocr_par' dir='ltr' id='par_1_47' title="bbox 414 3071 1991 3155">
     <span class='ocr_line' id='line_1_47' title="bbox 414 3071 1991 3155; baseline -0.005 -20"><span class='ocrx_word' id='word_1_334' title='bbox 414 3077 525 3153; x_wconf 86' lang='grc' dir='ltr'><strong>ἆρά</strong></span> <span class='ocrx_word' id='word_1_335' title='bbox 550 3095 615 3149; x_wconf 89' lang='grc' dir='ltr'><strong>γε</strong></span> <span class='ocrx_word' id='word_1_336' title='bbox 643 3080 727 3144; x_wconf 84' lang='grc' dir='ltr'><strong>τίς</strong></span> <span class='ocrx_word' id='word_1_337' title='bbox 748 3079 918 3145; x_wconf 76' lang='grc' dir='ltr'>οὕτως</span> <span class='ocrx_word' id='word_1_338' title='bbox 942 3080 1160 3155; x_wconf 71' lang='grc' dir='ltr'>ἐνόησεν</span> <span class='ocrx_word' id='word_1_339' title='bbox 1181 3077 1421 3142; x_wconf 82' lang='grc' dir='ltr'>ἀσθενῶς</span> <span class='ocrx_word' id='word_1_340' title='bbox 1449 3077 1484 3149; x_wconf 83' lang='grc' dir='ltr'>ἦ</span> <span class='ocrx_word' id='word_1_341' title='bbox 1519 3073 1787 3147; x_wconf 85' lang='grc' dir='ltr'>πτωχῶς;</span> <span class='ocrx_word' id='word_1_342' title='bbox 1827 3071 1991 3127; x_wconf 78' lang='grc' dir='ltr'><strong>Ἀλλά</strong></span> 
     </span>
    </p>
   </div>
   <div class='ocr_carea' id='block_1_48' title="bbox 416 3165 1992 3251">
    <p class='ocr_par' dir='ltr' id='par_1_48' title="bbox 416 3165 1992 3251">
     <span class='ocr_line' id='line_1_48' title="bbox 416 3165 1992 3251; baseline -0.018 -8"><span class='ocrx_word' id='word_1_343' title='bbox 416 3172 650 3251; x_wconf 62' lang='grc' dir='ltr'><strong>Ρςάλιστα</strong></span> <span class='ocrx_word' id='word_1_344' title='bbox 680 3173 779 3243; x_wconf 82' lang='grc' dir='ltr'><strong>μὲν</strong></span> <span class='ocrx_word' id='word_1_345' title='bbox 807 3172 980 3243; x_wconf 63' lang='grc' dir='ltr'>ἔγωγε</span> <span class='ocrx_word' id='word_1_346' title='bbox 1011 3173 1178 3251; x_wconf 79' lang='grc' dir='ltr'>φαίην</span> <span class='ocrx_word' id='word_1_347' title='bbox 1209 3170 1275 3226; x_wconf 86' lang='grc' dir='ltr'>ἂν</span> <span class='ocrx_word' id='word_1_348' title='bbox 1308 3168 1739 3237; x_wconf 83' lang='grc' dir='ltr'>ἀνθυπενέγκας,</span> <span class='ocrx_word' id='word_1_349' title='bbox 1767 3165 1850 3220; x_wconf 80' lang='grc' dir='ltr'><strong>ὅτι</strong></span> <span class='ocrx_word' id='word_1_350' title='bbox 1882 3182 1992 3236; x_wconf 63' lang='grc' dir='ltr'><strong>μηε</strong></span> 
     </span>
    </p>
   </div>
   <div class='ocr_carea' id='block_1_49' title="bbox 412 3256 1991 3337">
    <p class='ocr_par' dir='ltr' id='par_1_49' title="bbox 412 3256 1991 3337">
     <span class='ocr_line' id='line_1_49' title="bbox 412 3256 1991 3337; baseline -0.005 -20"><span class='ocrx_word' id='word_1_351' title='bbox 412 3264 500 3317; x_wconf 86' lang='grc' dir='ltr'>δὲν</span> <span class='ocrx_word' id='word_1_352' title='bbox 528 3266 932 3337; x_wconf 83' lang='grc' dir='ltr'>προεφήτευσεν</span> <span class='ocrx_word' id='word_1_353' title='bbox 959 3265 988 3318; x_wconf 90' lang='lat'><strong>6</strong></span> <span class='ocrx_word' id='word_1_354' title='bbox 1009 3263 1239 3335; x_wconf 81' lang='grc' dir='ltr'>δαίμων,</span> <span class='ocrx_word' id='word_1_355' title='bbox 1275 3260 1351 3327; x_wconf 82' lang='grc' dir='ltr'>ὥς</span> <span class='ocrx_word' id='word_1_356' title='bbox 1372 3279 1437 3331; x_wconf 89' lang='grc' dir='ltr'><strong>γε</strong></span> <span class='ocrx_word' id='word_1_357' title='bbox 1468 3258 1828 3330; x_wconf 74' lang='grc' dir='ltr'>καὶπρόσθεν</span> <span class='ocrx_word' id='word_1_358' title='bbox 1857 3256 1991 3310; x_wconf 63' lang='grc' dir='ltr'>ἐδείο</span> 
     </span>
    </p>
   </div>
   <div class='ocr_carea' id='block_1_50' title="bbox 415 3347 1991 3431">
    <p class='ocr_par' dir='ltr' id='par_1_50' title="bbox 415 3347 1991 3431">
     <span class='ocr_line' id='line_1_50' title="bbox 415 3347 1991 3431; baseline -0.006 -23"><span class='ocrx_word' id='word_1_359' title='bbox 415 3354 619 3425; x_wconf 77' lang='grc' dir='ltr'>ξαμεν·</span> <span class='ocrx_word' id='word_1_360' title='bbox 668 3358 714 3408; x_wconf 88' lang='grc' dir='ltr'><strong>εί</strong></span> <span class='ocrx_word' id='word_1_361' title='bbox 752 3355 797 3408; x_wconf 84' lang='grc' dir='ltr'>δ’</span> <span class='ocrx_word' id='word_1_362' title='bbox 844 3355 952 3431; x_wconf 82' lang='grc' dir='ltr'>ἄρα</span> <span class='ocrx_word' id='word_1_363' title='bbox 991 3355 1086 3411; x_wconf 75' lang='grc' dir='ltr'><strong>καὶ</strong></span> <span class='ocrx_word' id='word_1_364' title='bbox 1133 3354 1470 3426; x_wconf 84' lang='grc' dir='ltr'>προφητείας</span> <span class='ocrx_word' id='word_1_365' title='bbox 1518 3352 1646 3418; x_wconf 80' lang='grc' dir='ltr'>ἀξια</span> <span class='ocrx_word' id='word_1_366' title='bbox 1686 3347 1991 3419; x_wconf 77' lang='grc' dir='ltr'>διαλεχθεὶς</span> 
     </span>
    </p>
   </div>
   <div class='ocr_carea' id='block_1_51' title="bbox 414 3420 2060 3517">
    <p class='ocr_par' dir='ltr' id='par_1_51' title="bbox 414 3420 2060 3517">
     <span class='ocr_line' id='line_1_51' title="bbox 414 3420 2060 3517; baseline -0.005 -19"><span class='ocrx_word' id='word_1_367' title='bbox 414 3420 734 3517; x_wconf 77' lang='grc' dir='ltr'>ἐτύγχανεν,</span> <span class='ocrx_word' id='word_1_368' title='bbox 752 3446 859 3499; x_wconf 86' lang='grc' dir='ltr'>οὐδ’</span> <span class='ocrx_word' id='word_1_369' title='bbox 883 3420 1058 3509; x_wconf 77' lang='grc' dir='ltr'>οὕτως</span> <span class='ocrx_word' id='word_1_370' title='bbox 1085 3420 1696 3517; x_wconf 28' lang='grc' dir='ltr'>ὲχρτῆννύπολαμσάνειν,</span> <span class='ocrx_word' id='word_1_371' title='bbox 1718 3436 1993 3500; x_wconf 75' lang='grc' dir='ltr'>ὅτιπνεύ-</span> <span class='ocrx_word' id='word_1_372' title='bbox 2017 3420 2060 3480; x_wconf 70' lang='grc' dir='ltr'><strong>(ἶ</strong></span> 
     </span>
    </p>
   </div>
   <div class='ocr_carea' id='block_1_52' title="bbox 420 3532 1985 3610">
    <p class='ocr_par' dir='ltr' id='par_1_52' title="bbox 420 3532 1985 3610">
     <span class='ocr_line' id='line_1_52' title="bbox 420 3532 1985 3610; baseline -0.005 -18"><span class='ocrx_word' id='word_1_373' title='bbox 420 3557 565 3610; x_wconf 87' lang='grc' dir='ltr'>ματα</span> <span class='ocrx_word' id='word_1_374' title='bbox 597 3540 691 3593; x_wconf 77' lang='grc' dir='ltr'><strong>καὶ</strong></span> <span class='ocrx_word' id='word_1_375' title='bbox 717 3537 894 3609; x_wconf 78' lang='grc' dir='ltr'>ψυχὰς</span> <span class='ocrx_word' id='word_1_376' title='bbox 922 3536 1145 3592; x_wconf 89' lang='grc' dir='ltr'>δικαίων</span> <span class='ocrx_word' id='word_1_377' title='bbox 1165 3541 1194 3591; x_wconf 92' lang='lat'><strong>6</strong></span> <span class='ocrx_word' id='word_1_378' title='bbox 1218 3537 1427 3609; x_wconf 84' lang='grc' dir='ltr'>δαίμων</span> <span class='ocrx_word' id='word_1_379' title='bbox 1455 3537 1729 3609; x_wconf 80' lang='grc' dir='ltr'>ἀνήγαγεν</span> <span class='ocrx_word' id='word_1_380' title='bbox 1754 3533 1815 3599; x_wconf 77' lang='grc' dir='ltr'>ἐξ</span> <span class='ocrx_word' id='word_1_381' title='bbox 1839 3532 1985 3603; x_wconf 68' lang='grc' dir='ltr'>ᾃδοψ</span> 
     </span>
    </p>
   </div>
   <div class='ocr_carea' id='block_1_53' title="bbox 416 3625 1991 3706">
    <p class='ocr_par' dir='ltr' id='par_1_53' title="bbox 416 3625 1991 3706">
     <span class='ocr_line' id='line_1_53' title="bbox 416 3625 1991 3706; baseline -0.005 -19"><span class='ocrx_word' id='word_1_382' title='bbox 416 3633 511 3687; x_wconf 71' lang='grc' dir='ltr'><strong>καὶ</strong></span> <span class='ocrx_word' id='word_1_383' title='bbox 542 3632 651 3706; x_wconf 80' lang='grc' dir='ltr'><strong>γὰρ</strong></span> <span class='ocrx_word' id='word_1_384' title='bbox 682 3634 711 3686; x_wconf 93' lang='lat'><strong>6</strong></span> <span class='ocrx_word' id='word_1_385' title='bbox 737 3632 992 3702; x_wconf 83' lang='grc' dir='ltr'>Καϊάφας</span> <span class='ocrx_word' id='word_1_386' title='bbox 1023 3631 1117 3684; x_wconf 75' lang='grc' dir='ltr'>ἐπὶ</span> <span class='ocrx_word' id='word_1_387' title='bbox 1138 3633 1211 3705; x_wconf 75' lang='grc' dir='ltr'>τῇ</span> <span class='ocrx_word' id='word_1_388' title='bbox 1236 3630 1378 3690; x_wconf 83' lang='grc' dir='ltr'>κατὰ</span> <span class='ocrx_word' id='word_1_389' title='bbox 1401 3628 1495 3684; x_wconf 89' lang='grc' dir='ltr'><strong>τοῦ</strong></span> <span class='ocrx_word' id='word_1_390' title='bbox 1519 3625 1757 3700; x_wconf 80' lang='grc' dir='ltr'>Χριστοῦ</span> <span class='ocrx_word' id='word_1_391' title='bbox 1793 3625 1991 3680; x_wconf 67' lang='grc' dir='ltr'>συστάμ</span> 
     </span>
    </p>
   </div>
   <div class='ocr_carea' id='block_1_54' title="bbox 420 3717 1993 3799">
    <p class='ocr_par' dir='ltr' id='par_1_54' title="bbox 420 3717 1993 3799">
     <span class='ocr_line' id='line_1_54' title="bbox 420 3717 1993 3799; baseline -0.003 -23"><span class='ocrx_word' id='word_1_392' title='bbox 420 3741 501 3776; x_wconf 89' lang='grc' dir='ltr'><strong>σει</strong></span> <span class='ocrx_word' id='word_1_393' title='bbox 535 3724 962 3796; x_wconf 83' lang='grc' dir='ltr'>προεφήτευσεν,</span> <span class='ocrx_word' id='word_1_394' title='bbox 988 3719 1246 3799; x_wconf 81' lang='grc' dir='ltr'>εἰρηκὼς,</span> <span class='ocrx_word' id='word_1_395' title='bbox 1274 3720 1357 3774; x_wconf 84' lang='grc' dir='ltr'>ὅτι</span> <span class='ocrx_word' id='word_1_396' title='bbox 1390 3719 1689 3789; x_wconf 77' lang='grc' dir='ltr'>Συμςρέρει</span> <span class='ocrx_word' id='word_1_397' title='bbox 1716 3717 1864 3788; x_wconf 75' lang='grc' dir='ltr'><strong>ἡμῖν</strong></span> <span class='ocrx_word' id='word_1_398' title='bbox 1890 3717 1993 3772; x_wconf 78' lang='grc' dir='ltr'>ἵνα</span> 
     </span>
    </p>
   </div>
   <div class='ocr_carea' id='block_1_55' title="bbox 419 3807 1991 3885">
    <p class='ocr_par' dir='ltr' id='par_1_55' title="bbox 419 3807 1991 3885">
     <span class='ocr_line' id='line_1_55' title="bbox 419 3807 1991 3885; baseline 0.001 -16"><span class='ocrx_word' id='word_1_399' title='bbox 419 3811 499 3882; x_wconf 80' lang='grc' dir='ltr'>εἵς</span> <span class='ocrx_word' id='word_1_400' title='bbox 552 3816 861 3885; x_wconf 81' lang='grc' dir='ltr'>ἄνθρωπος</span> <span class='ocrx_word' id='word_1_401' title='bbox 899 3814 1170 3883; x_wconf 77' lang='grc' dir='ltr'>ἀποθάνῃ</span> <span class='ocrx_word' id='word_1_402' title='bbox 1215 3812 1369 3883; x_wconf 80' lang='grc' dir='ltr'>ὑπὲρ</span> <span class='ocrx_word' id='word_1_403' title='bbox 1407 3813 1513 3868; x_wconf 86' lang='grc' dir='ltr'><strong>τοῦ</strong></span> <span class='ocrx_word' id='word_1_404' title='bbox 1551 3810 1729 3875; x_wconf 83' lang='grc' dir='ltr'>λαοῦ,</span> <span class='ocrx_word' id='word_1_405' title='bbox 1778 3809 1877 3865; x_wconf 82' lang='grc' dir='ltr'>καὶ</span> <span class='ocrx_word' id='word_1_406' title='bbox 1904 3807 1991 3879; x_wconf 68' lang='grc' dir='ltr'><strong>μὴ</strong></span> 
     </span>
    </p>
   </div>
   <div class='ocr_carea' id='block_1_56' title="bbox 422 3903 1994 3976">
    <p class='ocr_par' dir='ltr' id='par_1_56' title="bbox 422 3903 1994 3976">
     <span class='ocr_line' id='line_1_56' title="bbox 422 3903 1994 3976; baseline -0.004 -12"><span class='ocrx_word' id='word_1_407' title='bbox 422 3907 571 3964; x_wconf 82' lang='grc' dir='ltr'>ὅλον</span> <span class='ocrx_word' id='word_1_408' title='bbox 618 3908 683 3962; x_wconf 78' lang='grc' dir='ltr'>τὸ</span> <span class='ocrx_word' id='word_1_409' title='bbox 727 3908 903 3974; x_wconf 79' lang='grc' dir='ltr'>ἔθνος</span> <span class='ocrx_word' id='word_1_410' title='bbox 941 3908 1256 3975; x_wconf 74' lang='grc' dir='ltr'>ἀπόληται.</span> <span class='ocrx_word' id='word_1_411' title='bbox 1298 3905 1490 3961; x_wconf 88' lang='grc' dir='ltr'>Ταῦτα</span> <span class='ocrx_word' id='word_1_412' title='bbox 1529 3904 1646 3976; x_wconf 82' lang='grc' dir='ltr'><strong>μὲν</strong></span> <span class='ocrx_word' id='word_1_413' title='bbox 1672 3906 1784 3959; x_wconf 80' lang='grc' dir='ltr'>οὐκ</span> <span class='ocrx_word' id='word_1_414' title='bbox 1826 3903 1994 3959; x_wconf 73' lang='grc' dir='ltr'>εἶπεν</span> 
     </span>
    </p>
   </div>
   <div class='ocr_carea' id='block_1_57' title="bbox 420 3994 1995 4070">
    <p class='ocr_par' dir='ltr' id='par_1_57' title="bbox 420 3994 1995 4070">
     <span class='ocr_line' id='line_1_57' title="bbox 420 3994 1995 4070; baseline -0.004 -15"><span class='ocrx_word' id='word_1_415' title='bbox 420 4000 521 4070; x_wconf 70' lang='grc' dir='ltr'>ἀφ’</span> <span class='ocrx_word' id='word_1_416' title='bbox 553 3999 792 4054; x_wconf 82' lang='grc' dir='ltr'>ἑαυτοῦ·</span> <span class='ocrx_word' id='word_1_417' title='bbox 826 3998 1078 4070; x_wconf 80' lang='grc' dir='ltr'>καθάπερ</span> <span class='ocrx_word' id='word_1_418' title='bbox 1102 4001 1130 4052; x_wconf 92' lang='lat'><strong>6</strong></span> <span class='ocrx_word' id='word_1_419' title='bbox 1162 3997 1470 4068; x_wconf 86' lang='grc' dir='ltr'>σοφώτατος</span> <span class='ocrx_word' id='word_1_420' title='bbox 1502 3995 1763 4063; x_wconf 81' lang='grc' dir='ltr'>ἐξέδωκεν</span> <span class='ocrx_word' id='word_1_421' title='bbox 1812 3994 1995 4049; x_wconf 81' lang='grc' dir='ltr'>Ἰωάν-</span> 
     </span>
    </p>
   </div>
   <div class='ocr_carea' id='block_1_58' title="bbox 420 4085 1992 4165">
    <p class='ocr_par' dir='ltr' id='par_1_58' title="bbox 420 4085 1992 4165">
     <span class='ocr_line' id='line_1_58' title="bbox 420 4085 1992 4165; baseline -0.005 -18"><span class='ocrx_word' id='word_1_422' title='bbox 420 4109 550 4165; x_wconf 88' lang='grc' dir='ltr'>νης·</span> <span class='ocrx_word' id='word_1_423' title='bbox 587 4091 897 4161; x_wconf 83' lang='grc' dir='ltr'>ἀρχιερεὺς</span> <span class='ocrx_word' id='word_1_424' title='bbox 924 4089 992 4144; x_wconf 86' lang='grc' dir='ltr'>δὲ</span> <span class='ocrx_word' id='word_1_425' title='bbox 1037 4088 1350 4159; x_wconf 79' lang='grc' dir='ltr'>τυγχάνων</span> <span class='ocrx_word' id='word_1_426' title='bbox 1383 4088 1620 4142; x_wconf 79' lang='grc' dir='ltr'>ἐκείνου</span> <span class='ocrx_word' id='word_1_427' title='bbox 1651 4085 1758 4141; x_wconf 86' lang='grc' dir='ltr'><strong>τοῦ</strong></span> <span class='ocrx_word' id='word_1_428' title='bbox 1796 4085 1992 4151; x_wconf 74' lang='grc' dir='ltr'>ἔτους,</span> 
     </span>
    </p>
   </div>
   <div class='ocr_carea' id='block_1_59' title="bbox 422 4172 1997 4254">
    <p class='ocr_par' dir='ltr' id='par_1_59' title="bbox 422 4172 1997 4254">
     <span class='ocr_line' id='line_1_59' title="bbox 422 4172 1997 4254; baseline -0.007 -15"><span class='ocrx_word' id='word_1_429' title='bbox 422 4184 892 4254; x_wconf 71' lang='grc' dir='ltr'>προεφήτευσεν.</span> <span class='ocrx_word' id='word_1_430' title='bbox 927 4183 991 4236; x_wconf 83' lang='lat' dir='ltr'><strong>El</strong></span> <span class='ocrx_word' id='word_1_431' title='bbox 1017 4181 1075 4234; x_wconf 86' lang='grc' dir='ltr'>δὲ</span> <span class='ocrx_word' id='word_1_432' title='bbox 1101 4172 1257 4246; x_wconf 75' lang='grc' dir='ltr'>οὗτος</span> <span class='ocrx_word' id='word_1_433' title='bbox 1284 4181 1314 4233; x_wconf 85' lang='grc' dir='ltr'>ὁ</span> <span class='ocrx_word' id='word_1_434' title='bbox 1351 4179 1493 4234; x_wconf 85' lang='grc' dir='ltr'><strong>κατά</strong></span> <span class='ocrx_word' id='word_1_435' title='bbox 1526 4177 1622 4232; x_wconf 87' lang='grc' dir='ltr'><strong>τοῦ</strong></span> <span class='ocrx_word' id='word_1_436' title='bbox 1641 4175 1849 4247; x_wconf 79' lang='grc' dir='ltr'>Κυρίου</span> <span class='ocrx_word' id='word_1_437' title='bbox 1883 4174 1997 4245; x_wconf 83' lang='grc' dir='ltr'>βου-</span> 
     </span>
    </p>
   </div>
   <div class='ocr_carea' id='block_1_60' title="bbox 421 4269 1999 4349">
    <p class='ocr_par' dir='ltr' id='par_1_60' title="bbox 421 4269 1999 4349">
     <span class='ocr_line' id='line_1_60' title="bbox 421 4269 1999 4349; baseline -0.006 -18"><span class='ocrx_word' id='word_1_438' title='bbox 421 4278 518 4342; x_wconf 74' lang='grc' dir='ltr'>λὰς</span> <span class='ocrx_word' id='word_1_439' title='bbox 547 4278 764 4340; x_wconf 84' lang='grc' dir='ltr'>ἀδίκους</span> <span class='ocrx_word' id='word_1_440' title='bbox 791 4277 1085 4349; x_wconf 86' lang='grc' dir='ltr'>ἀράμενος,</span> <span class='ocrx_word' id='word_1_441' title='bbox 1116 4276 1265 4347; x_wconf 86' lang='grc' dir='ltr'>ὅμως</span> <span class='ocrx_word' id='word_1_442' title='bbox 1303 4274 1404 4327; x_wconf 84' lang='grc' dir='ltr'><strong>οὐκ</strong></span> <span class='ocrx_word' id='word_1_443' title='bbox 1434 4272 1527 4342; x_wconf 82' lang='grc' dir='ltr'>ἀφ’</span> <span class='ocrx_word' id='word_1_444' title='bbox 1559 4269 1755 4325; x_wconf 81' lang='grc' dir='ltr'>ἑαυτοῦ</span> <span class='ocrx_word' id='word_1_445' title='bbox 1786 4285 1999 4343; x_wconf 80' lang='grc' dir='ltr'>προφη-</span> 
     </span>
    </p>
   </div>
   <div class='ocr_carea' id='block_1_61' title="bbox 419 4360 1997 4441">
    <p class='ocr_par' dir='ltr' id='par_1_61' title="bbox 419 4360 1997 4441">
     <span class='ocr_line' id='line_1_61' title="bbox 419 4360 1997 4441; baseline -0.006 -16"><span class='ocrx_word' id='word_1_446' title='bbox 419 4372 587 4435; x_wconf 83' lang='grc' dir='ltr'>τεύει,</span> <span class='ocrx_word' id='word_1_447' title='bbox 617 4369 932 4441; x_wconf 87' lang='grc' dir='ltr'>κινούμενος</span> <span class='ocrx_word' id='word_1_448' title='bbox 957 4369 1015 4424; x_wconf 77' lang='grc' dir='ltr'>δὲ</span> <span class='ocrx_word' id='word_1_449' title='bbox 1041 4367 1306 4440; x_wconf 84' lang='grc' dir='ltr'>δήπουθεν</span> <span class='ocrx_word' id='word_1_450' title='bbox 1330 4367 1420 4433; x_wconf 76' lang='grc' dir='ltr'><strong>ὑφ’</strong></span> <span class='ocrx_word' id='word_1_451' title='bbox 1442 4365 1632 4437; x_wconf 77' lang='grc' dir='ltr'>ἑτέρου</span> <span class='ocrx_word' id='word_1_452' title='bbox 1658 4364 1779 4419; x_wconf 83' lang='grc' dir='ltr'>καθ’</span> <span class='ocrx_word' id='word_1_453' title='bbox 1803 4360 1997 4417; x_wconf 76' lang='grc' dir='ltr'>ἑαυτοῦ</span> 
     </span>
    </p>
   </div>
   <div class='ocr_carea' id='block_1_62' title="bbox 422 4453 2016 4532">
    <p class='ocr_par' dir='ltr' id='par_1_62' title="bbox 422 4453 2016 4532">
     <span class='ocr_line' id='line_1_62' title="bbox 422 4453 2016 4532; baseline -0.005 -15"><span class='ocrx_word' id='word_1_454' title='bbox 422 4466 655 4517; x_wconf 88' lang='grc' dir='ltr'>ποιεῖται</span> <span class='ocrx_word' id='word_1_455' title='bbox 691 4461 782 4515; x_wconf 85' lang='grc' dir='ltr'>τὸν</span> <span class='ocrx_word' id='word_1_456' title='bbox 814 4460 1057 4532; x_wconf 67' lang='grc' dir='ltr'>ἐλεγχονυ</span> <span class='ocrx_word' id='word_1_457' title='bbox 1090 4460 1212 4514; x_wconf 83' lang='grc' dir='ltr'>οὐδὲ</span> <span class='ocrx_word' id='word_1_458' title='bbox 1252 4460 1413 4523; x_wconf 75' lang='grc' dir='ltr'>εἴτις</span> <span class='ocrx_word' id='word_1_459' title='bbox 1457 4457 1614 4522; x_wconf 78' lang='grc' dir='ltr'>ἄλλος</span> <span class='ocrx_word' id='word_1_460' title='bbox 1648 4457 1758 4531; x_wconf 75' lang='grc' dir='ltr'>ἄρα</span> <span class='ocrx_word' id='word_1_461' title='bbox 1787 4453 2016 4511; x_wconf 81' lang='grc' dir='ltr'>τοιοῦτό·</span> 
     </span>
    </p>
   </div>
   <div class='ocr_carea' id='block_1_63' title="bbox 422 4546 2000 4628">
    <p class='ocr_par' dir='ltr' id='par_1_63' title="bbox 422 4546 2000 4628">
     <span class='ocr_line' id='line_1_63' title="bbox 422 4546 2000 4628; baseline -0.005 -20"><span class='ocrx_word' id='word_1_462' title='bbox 422 4574 474 4609; x_wconf 87' lang='grc' dir='ltr'><strong>τι</strong></span> <span class='ocrx_word' id='word_1_463' title='bbox 517 4556 642 4628; x_wconf 77' lang='grc' dir='ltr'>δρᾷ,</span> <span class='ocrx_word' id='word_1_464' title='bbox 685 4553 1033 4625; x_wconf 80' lang='grc' dir='ltr'>προσεκτέον,</span> <span class='ocrx_word' id='word_1_465' title='bbox 1065 4553 1147 4606; x_wconf 84' lang='grc' dir='ltr'>ὅτι</span> <span class='ocrx_word' id='word_1_466' title='bbox 1182 4552 1333 4625; x_wconf 86' lang='grc' dir='ltr'>παρὰ</span> <span class='ocrx_word' id='word_1_467' title='bbox 1362 4549 1521 4605; x_wconf 86' lang='grc' dir='ltr'>τοῦτο</span> <span class='ocrx_word' id='word_1_468' title='bbox 1561 4550 1841 4622; x_wconf 80' lang='grc' dir='ltr'>θειοτέρας</span> <span class='ocrx_word' id='word_1_469' title='bbox 1872 4546 2000 4620; x_wconf 76' lang='grc' dir='ltr'><strong>ἑξῆ-</strong></span> 
     </span>
    </p>
   </div>
   <div class='ocr_carea' id='block_1_64' title="bbox 424 4642 2017 4717">
    <p class='ocr_par' dir='ltr' id='par_1_64' title="bbox 424 4642 2017 4717">
     <span class='ocr_line' id='line_1_64' title="bbox 424 4642 2017 4717; baseline -0.004 -15"><span class='ocrx_word' id='word_1_470' title='bbox 424 4666 557 4702; x_wconf 85' lang='grc' dir='ltr'>πται</span> <span class='ocrx_word' id='word_1_471' title='bbox 597 4646 895 4717; x_wconf 86' lang='grc' dir='ltr'>δυνάμεως.</span> <span class='ocrx_word' id='word_1_472' title='bbox 945 4645 1081 4699; x_wconf 79' lang='grc' dir='ltr'>Οὐδὲ</span> <span class='ocrx_word' id='word_1_473' title='bbox 1129 4644 1476 4717; x_wconf 88' lang='grc' dir='ltr'>ἀνασχετέον,</span> <span class='ocrx_word' id='word_1_474' title='bbox 1527 4645 1578 4707; x_wconf 80' lang='grc' dir='ltr'><strong>εί</strong></span> <span class='ocrx_word' id='word_1_475' title='bbox 1622 4642 1872 4713; x_wconf 83' lang='grc' dir='ltr'>λέγοντες</span> <span class='ocrx_word' id='word_1_476' title='bbox 1917 4642 2017 4701; x_wconf 82' lang='grc' dir='ltr'>ὅτι</span> 
     </span>
    </p>
   </div>
   <div class='ocr_carea' id='block_1_65' title="bbox 427 4721 2000 4817">
    <p class='ocr_par' dir='ltr' id='par_1_65' title="bbox 427 4721 2000 4817">
     <span class='ocr_line' id='line_1_65' title="bbox 427 4721 2000 4817; baseline -0.004 -21"><span class='ocrx_word' id='word_1_477' title='bbox 427 4739 656 4813; x_wconf 79' lang='grc' dir='ltr'>μαντείᾳ</span> <span class='ocrx_word' id='word_1_478' title='bbox 681 4735 1021 4809; x_wconf 83' lang='grc' dir='ltr'>δαιμονιώδει</span> <span class='ocrx_word' id='word_1_479' title='bbox 1061 4735 1238 4817; x_wconf 77' lang='grc' dir='ltr'>ψυχὰς</span> <span class='ocrx_word' id='word_1_480' title='bbox 1270 4721 1490 4806; x_wconf 77' lang='grc' dir='ltr'>ἀνάγειν</span> <span class='ocrx_word' id='word_1_481' title='bbox 1544 4736 1718 4791; x_wconf 70' lang='grc' dir='ltr'>ἔοικεν</span> <span class='ocrx_word' id='word_1_482' title='bbox 1763 4735 1822 4804; x_wconf 75' lang='grc' dir='ltr'>ἐξ</span> <span class='ocrx_word' id='word_1_483' title='bbox 1871 4735 2000 4808; x_wconf 79' lang='grc' dir='ltr'>ᾷδου</span> 
     </span>
    </p>
   </div>
   <div class='ocr_carea' id='block_1_66' title="bbox 425 4825 2002 4905">
    <p class='ocr_par' dir='ltr' id='par_1_66' title="bbox 425 4825 2002 4905">
     <span class='ocr_line' id='line_1_66' title="bbox 425 4825 2002 4905; baseline -0.004 -16"><span class='ocrx_word' id='word_1_484' title='bbox 425 4835 520 4889; x_wconf 73' lang='grc' dir='ltr'>καὶ</span> <span class='ocrx_word' id='word_1_485' title='bbox 563 4830 821 4905; x_wconf 77' lang='grc' dir='ltr'>στρατιὰς</span> <span class='ocrx_word' id='word_1_486' title='bbox 858 4829 1124 4899; x_wconf 84' lang='grc' dir='ltr'>ἀγγέλων,</span> <span class='ocrx_word' id='word_1_487' title='bbox 1168 4825 1257 4883; x_wconf 81' lang='grc' dir='ltr'>οἷα</span> <span class='ocrx_word' id='word_1_488' title='bbox 1291 4830 1422 4893; x_wconf 82' lang='grc' dir='ltr'>Θεός</span> <span class='ocrx_word' id='word_1_489' title='bbox 1441 4847 1454 4860; x_wconf 91' lang='grc'>·</span> <span class='ocrx_word' id='word_1_490' title='bbox 1498 4829 1864 4885; x_wconf 82' lang='grc' dir='ltr'>ὲπακουστέον</span> <span class='ocrx_word' id='word_1_491' title='bbox 1890 4827 2002 4901; x_wconf 84' lang='grc' dir='ltr'>γὰρ</span> 
     </span>
    </p>
   </div>
   <div class='ocr_carea' id='block_1_67' title="bbox 425 4908 2005 4999">
    <p class='ocr_par' dir='ltr' id='par_1_67' title="bbox 425 4908 2005 4999">
     <span class='ocr_line' id='line_1_67' title="bbox 425 4908 2005 4999; baseline -0.004 -19"><span class='ocrx_word' id='word_1_492' title='bbox 425 4921 512 4980; x_wconf 74' lang='grc' dir='ltr'>οἶα</span> <span class='ocrx_word' id='word_1_493' title='bbox 544 4925 672 4999; x_wconf 72' lang='grc' dir='ltr'>περὶ</span> <span class='ocrx_word' id='word_1_494' title='bbox 707 4922 817 4977; x_wconf 85' lang='grc' dir='ltr'>τῶν</span> <span class='ocrx_word' id='word_1_495' title='bbox 856 4920 1112 4975; x_wconf 88' lang='grc' dir='ltr'>τοιούτων</span> <span class='ocrx_word' id='word_1_496' title='bbox 1153 4919 1465 4995; x_wconf 75' lang='grc' dir='ltr'>ἐξαγορεύει</span> <span class='ocrx_word' id='word_1_497' title='bbox 1495 4919 1790 4993; x_wconf 85' lang='grc' dir='ltr'>προφητῶν</span> <span class='ocrx_word' id='word_1_498' title='bbox 1822 4922 1883 4975; x_wconf 74' lang='grc' dir='ltr'>ὲν</span> <span class='ocrx_word' id='word_1_499' title='bbox 1921 4908 2005 4992; x_wconf 68' lang='grc' dir='ltr'>τῷ</span> 
     </span>
    </p>
   </div>
   <div class='ocr_carea' id='block_1_68' title="bbox 429 4990 2010 5090">
    <p class='ocr_par' dir='ltr' id='par_1_68' title="bbox 429 4990 2010 5090">
     <span class='ocr_line' id='line_1_68' title="bbox 429 4990 2010 5090; baseline -0.003 -19"><span class='ocrx_word' id='word_1_500' title='bbox 429 4990 843 5090; x_wconf 51' lang='grc' dir='ltr'><strong>ΔευτερονομίῳΔ</strong></span> <span class='ocrx_word' id='word_1_501' title='bbox 859 5013 1130 5079; x_wconf 84' lang='grc' dir='ltr'>θεσπίζων</span> <span class='ocrx_word' id='word_1_502' title='bbox 1150 5015 1179 5066; x_wconf 90' lang='lat'><strong>6</strong></span> <span class='ocrx_word' id='word_1_503' title='bbox 1200 4990 1460 5086; x_wconf 78' lang='grc' dir='ltr'>Μωῦσῆςο</span> <span class='ocrx_word' id='word_1_504' title='bbox 1653 4990 1722 5067; x_wconf 76' lang='grc' dir='ltr'>δὲ</span> <span class='ocrx_word' id='word_1_505' title='bbox 1738 4990 2010 5082; x_wconf 44' lang='grc' dir='ltr'><strong>ἀναστῂί,⁸</strong></span> 
     </span>
    </p>
   </div>
   <div class='ocr_carea' id='block_1_69' title="bbox 432 5104 2012 5179">
    <p class='ocr_par' dir='ltr' id='par_1_69' title="bbox 432 5104 2012 5179">
     <span class='ocr_line' id='line_1_69' title="bbox 432 5104 2012 5179; baseline -0.003 -16"><span class='ocrx_word' id='word_1_506' title='bbox 432 5110 674 5179; x_wconf 81' lang='grc' dir='ltr'>φάσκων,</span> <span class='ocrx_word' id='word_1_507' title='bbox 711 5111 782 5164; x_wconf 79' lang='grc' dir='ltr'>ἐν</span> <span class='ocrx_word' id='word_1_508' title='bbox 813 5109 915 5164; x_wconf 79' lang='grc' dir='ltr'>σοὶ</span> <span class='ocrx_word' id='word_1_509' title='bbox 959 5106 1291 5177; x_wconf 73' lang='grc' dir='ltr'>προφήτης,</span> <span class='ocrx_word' id='word_1_510' title='bbox 1331 5107 1371 5176; x_wconf 75' lang='grc' dir='ltr'>ἢ</span> <span class='ocrx_word' id='word_1_511' title='bbox 1410 5105 1910 5176; x_wconf 80' lang='grc' dir='ltr'>ἐνυπνιαζόμενος</span> <span class='ocrx_word' id='word_1_512' title='bbox 1933 5104 2012 5158; x_wconf 70' lang='grc' dir='ltr'>τὸ</span> 
     </span>
    </p>
   </div>
   <div class='ocr_carea' id='block_1_70' title="bbox 433 5195 2005 5269">
    <p class='ocr_par' dir='ltr' id='par_1_70' title="bbox 433 5195 2005 5269">
     <span class='ocr_line' id='line_1_70' title="bbox 433 5195 2005 5269; baseline -0.002 -15"><span class='ocrx_word' id='word_1_513' title='bbox 433 5201 737 5267; x_wconf 72' lang='grc' dir='ltr'>ἐνύπνιον,</span> <span class='ocrx_word' id='word_1_514' title='bbox 754 5202 854 5256; x_wconf 75' lang='grc' dir='ltr'>καὶ</span> <span class='ocrx_word' id='word_1_515' title='bbox 869 5199 954 5267; x_wconf 85' lang='grc' dir='ltr'>δῷ</span> <span class='ocrx_word' id='word_1_516' title='bbox 970 5214 1071 5255; x_wconf 86' lang='grc' dir='ltr'><strong>σοι</strong></span> <span class='ocrx_word' id='word_1_517' title='bbox 1098 5198 1350 5269; x_wconf 83' lang='grc' dir='ltr'>σημεῖον</span> <span class='ocrx_word' id='word_1_518' title='bbox 1366 5196 1405 5268; x_wconf 79' lang='grc' dir='ltr'><strong><em>ἣ</em></strong></span> <span class='ocrx_word' id='word_1_519' title='bbox 1419 5197 1623 5269; x_wconf 75' lang='grc' dir='ltr'>τέρας,</span> <span class='ocrx_word' id='word_1_520' title='bbox 1641 5198 1741 5252; x_wconf 74' lang='grc' dir='ltr'>καὶ</span> <span class='ocrx_word' id='word_1_521' title='bbox 1764 5198 1913 5267; x_wconf 69' lang='grc' dir='ltr'><strong>ἔλθῃ</strong></span> <span class='ocrx_word' id='word_1_522' title='bbox 1936 5195 2005 5252; x_wconf 85' lang='grc' dir='ltr'>τὸ</span> 
     </span>
    </p>
   </div>
   <div class='ocr_carea' id='block_1_71' title="bbox 435 5288 2002 5362">
    <p class='ocr_par' dir='ltr' id='par_1_71' title="bbox 435 5288 2002 5362">
     <span class='ocr_line' id='line_1_71' title="bbox 435 5288 2002 5362; baseline -0.003 -14"><span class='ocrx_word' id='word_1_523' title='bbox 435 5292 683 5362; x_wconf 85' lang='grc' dir='ltr'>σημεῖον</span> <span class='ocrx_word' id='word_1_524' title='bbox 712 5292 751 5362; x_wconf 78' lang='grc' dir='ltr'><strong>ἢ</strong></span> <span class='ocrx_word' id='word_1_525' title='bbox 782 5293 850 5348; x_wconf 82' lang='grc' dir='ltr'>τὸ</span> <span class='ocrx_word' id='word_1_526' title='bbox 879 5293 1057 5362; x_wconf 82' lang='grc' dir='ltr'>τέρας</span> <span class='ocrx_word' id='word_1_527' title='bbox 1087 5291 1119 5347; x_wconf 86' lang='grc' dir='ltr'>ὃ</span> <span class='ocrx_word' id='word_1_528' title='bbox 1151 5290 1423 5361; x_wconf 78' lang='grc' dir='ltr'>ἐλάλησε</span> <span class='ocrx_word' id='word_1_529' title='bbox 1461 5290 1614 5360; x_wconf 83' lang='grc' dir='ltr'>πρὸς</span> <span class='ocrx_word' id='word_1_530' title='bbox 1645 5290 1741 5355; x_wconf 79' lang='grc' dir='ltr'>σὲ,</span> <span class='ocrx_word' id='word_1_531' title='bbox 1788 5288 2002 5361; x_wconf 69' lang='grc' dir='ltr'>λέγων·</span> 
     </span>
    </p>
   </div>
   <div class='ocr_carea' id='block_1_72' title="bbox 434 5378 2011 5452">
    <p class='ocr_par' dir='ltr' id='par_1_72' title="bbox 434 5378 2011 5452">
     <span class='ocr_line' id='line_1_72' title="bbox 434 5378 2011 5452; baseline -0.003 -14"><span class='ocrx_word' id='word_1_532' title='bbox 434 5381 839 5451; x_wconf 79' lang='grc' dir='ltr'>Πορευθῶμεν,</span> <span class='ocrx_word' id='word_1_533' title='bbox 866 5383 969 5437; x_wconf 74' lang='grc' dir='ltr'>καὶ</span> <span class='ocrx_word' id='word_1_534' title='bbox 995 5382 1419 5452; x_wconf 84' lang='grc' dir='ltr'>λατρεύσωμεν</span> <span class='ocrx_word' id='word_1_535' title='bbox 1443 5382 1601 5449; x_wconf 85' lang='grc' dir='ltr'>θεοῖς</span> <span class='ocrx_word' id='word_1_536' title='bbox 1629 5380 1874 5449; x_wconf 76' lang='grc' dir='ltr'>ἑτέροις,</span> <span class='ocrx_word' id='word_1_537' title='bbox 1903 5378 2011 5447; x_wconf 84' lang='grc' dir='ltr'>οῦς</span> 
     </span>
    </p>
   </div>
   <div class='ocr_carea' id='block_1_73' title="bbox 435 5471 2010 5544">
    <p class='ocr_par' dir='ltr' id='par_1_73' title="bbox 435 5471 2010 5544">
     <span class='ocr_line' id='line_1_73' title="bbox 435 5471 2010 5544; baseline -0.003 -14"><span class='ocrx_word' id='word_1_538' title='bbox 435 5477 548 5530; x_wconf 84' lang='grc' dir='ltr'>οὐκ</span> <span class='ocrx_word' id='word_1_539' title='bbox 583 5473 812 5539; x_wconf 79' lang='grc' dir='ltr'>οἴδατε,</span> <span class='ocrx_word' id='word_1_540' title='bbox 851 5478 963 5529; x_wconf 83' lang='grc' dir='ltr'><strong>οὐκ</strong></span> <span class='ocrx_word' id='word_1_541' title='bbox 1009 5476 1351 5530; x_wconf 75' lang='grc' dir='ltr'>ἀκούσεσθε</span> <span class='ocrx_word' id='word_1_542' title='bbox 1391 5472 1511 5528; x_wconf 86' lang='grc' dir='ltr'>τῶν</span> <span class='ocrx_word' id='word_1_543' title='bbox 1536 5475 1736 5544; x_wconf 67' lang='grc' dir='ltr'>λόγων</span> <span class='ocrx_word' id='word_1_544' title='bbox 1773 5471 2010 5526; x_wconf 76' lang='grc' dir='ltr'>ἐκείνου</span> 
     </span>
    </p>
   </div>
   <div class='ocr_carea' id='block_1_74' title="bbox 434 5562 2010 5640">
    <p class='ocr_par' dir='ltr' id='par_1_74' title="bbox 434 5562 2010 5640">
     <span class='ocr_line' id='line_1_74' title="bbox 434 5562 2010 5640; baseline -0.003 -18"><span class='ocrx_word' id='word_1_545' title='bbox 434 5567 543 5622; x_wconf 81' lang='grc' dir='ltr'><strong>τοῦ</strong></span> <span class='ocrx_word' id='word_1_546' title='bbox 588 5565 915 5636; x_wconf 61' lang='grc' dir='ltr'>προφήτου,</span> <span class='ocrx_word' id='word_1_547' title='bbox 946 5568 1132 5640; x_wconf 78' lang='grc' dir='ltr'>φησὶν,</span> <span class='ocrx_word' id='word_1_548' title='bbox 1170 5567 1211 5636; x_wconf 78' lang='grc' dir='ltr'><strong>ἢ</strong></span> <span class='ocrx_word' id='word_1_549' title='bbox 1258 5566 1368 5622; x_wconf 87' lang='grc' dir='ltr'><strong>τοῦ</strong></span> <span class='ocrx_word' id='word_1_550' title='bbox 1393 5562 1902 5634; x_wconf 80' lang='grc' dir='ltr'>ἐνυπνιαζομένου</span> <span class='ocrx_word' id='word_1_551' title='bbox 1941 5562 2010 5618; x_wconf 82' lang='grc' dir='ltr'>τὸ</span> 
     </span>
    </p>
   </div>
   <div class='ocr_carea' id='block_1_75' title="bbox 435 5653 2007 5731">
    <p class='ocr_par' dir='ltr' id='par_1_75' title="bbox 435 5653 2007 5731">
     <span class='ocr_line' id='line_1_75' title="bbox 435 5653 2007 5731; baseline 0.01 -16"><span class='ocrx_word' id='word_1_552' title='bbox 435 5661 724 5717; x_wconf 76' lang='grc' dir='ltr'>ἐνύπνιον</span> <span class='ocrx_word' id='word_1_553' title='bbox 739 5658 954 5728; x_wconf 80' lang='grc' dir='ltr'>ἐκεῖνο,</span> <span class='ocrx_word' id='word_1_554' title='bbox 984 5661 1072 5715; x_wconf 76' lang='grc' dir='ltr'>ὅτι</span> <span class='ocrx_word' id='word_1_555' title='bbox 1090 5658 1345 5731; x_wconf 75' lang='grc' dir='ltr'>πειράζει</span> <span class='ocrx_word' id='word_1_556' title='bbox 1368 5660 1582 5729; x_wconf 77' lang='grc' dir='ltr'>Κύριος</span> <span class='ocrx_word' id='word_1_557' title='bbox 1605 5661 1638 5712; x_wconf 83' lang='grc' dir='ltr'><strong><em>ό</em></strong></span> <span class='ocrx_word' id='word_1_558' title='bbox 1660 5658 1806 5724; x_wconf 82' lang='grc' dir='ltr'><strong>Θεὸς</strong></span> <span class='ocrx_word' id='word_1_559' title='bbox 1830 5653 2007 5727; x_wconf 68' lang='grc' dir='ltr'><strong>ὑμᾶς’</strong></span> 
     </span>
    </p>
   </div>
   <div class='ocr_carea' id='block_1_76' title="bbox 2081 2132 3662 2217">
    <p class='ocr_par' dir='ltr' id='par_1_76' title="bbox 2081 2132 3662 2217">
     <span class='ocr_line' id='line_1_76' title="bbox 2081 2132 3662 2217; baseline -0.013 -13"><span class='ocrx_word' id='word_1_560' title='bbox 2081 2148 2309 2210; x_wconf 79' lang='lat' dir='ltr'><strong>haberet</strong></span> <span class='ocrx_word' id='word_1_561' title='bbox 2354 2145 2484 2217; x_wconf 90' lang='lat' dir='ltr'><strong>quid</strong></span> <span class='ocrx_word' id='word_1_562' title='bbox 2533 2144 2759 2207; x_wconf 87' lang='lat' dir='ltr'><strong>diceret,</strong></span> <span class='ocrx_word' id='word_1_563' title='bbox 2788 2140 2858 2203; x_wconf 90' lang='lat' dir='ltr'><strong>ad</strong></span> <span class='ocrx_word' id='word_1_564' title='bbox 2897 2139 3002 2194; x_wconf 86' lang='lat' dir='ltr'><strong>hoc</strong></span> <span class='ocrx_word' id='word_1_565' title='bbox 3035 2134 3328 2192; x_wconf 84' lang='lat' dir='ltr'><strong>artiﬁciose</strong></span> <span class='ocrx_word' id='word_1_566' title='bbox 3382 2132 3662 2201; x_wconf 83' lang='lat' dir='ltr'><strong>confugit,</strong></span> 
     </span>
    </p>
   </div>
   <div class='ocr_carea' id='block_1_77' title="bbox 2082 2223 3658 2310">
    <p class='ocr_par' dir='ltr' id='par_1_77' title="bbox 2082 2223 3658 2310">
     <span class='ocr_line' id='line_1_77' title="bbox 2082 2223 3658 2310; baseline -0.013 -13"><span class='ocrx_word' id='word_1_567' title='bbox 2082 2241 2305 2305; x_wconf 89' lang='lat' dir='ltr'><strong>aliunde</strong></span> <span class='ocrx_word' id='word_1_568' title='bbox 2352 2237 2692 2310; x_wconf 77' lang='lat' dir='ltr'><strong>argumentis</strong></span> <span class='ocrx_word' id='word_1_569' title='bbox 2722 2232 3047 2304; x_wconf 83' lang='lat' dir='ltr'><strong>excogitatis</strong></span> <span class='ocrx_word' id='word_1_570' title='bbox 3078 2249 3091 2285; x_wconf 90' lang='lat'><strong>:</strong></span> <span class='ocrx_word' id='word_1_571' title='bbox 3134 2228 3245 2300; x_wconf 85' lang='lat' dir='ltr'><strong>Ego</strong></span> <span class='ocrx_word' id='word_1_572' title='bbox 3278 2244 3426 2291; x_wconf 83' lang='lat' dir='ltr'><strong>sane,</strong></span> <span class='ocrx_word' id='word_1_573' title='bbox 3459 2223 3658 2303; x_wconf 83' lang='lat' dir='ltr'><strong>inquit,</strong></span> 
     </span>
    </p>
   </div>
   <div class='ocr_carea' id='block_1_78' title="bbox 2085 2300 3663 2392">
    <p class='ocr_par' dir='ltr' id='par_1_78' title="bbox 2085 2300 3663 2392">
     <span class='ocr_line' id='line_1_78' title="bbox 2085 2300 3663 2392; baseline -0.01 -6"><span class='ocrx_word' id='word_1_574' title='bbox 2085 2332 2218 2388; x_wconf 78' lang='lat' dir='ltr'><strong>tales</strong></span> <span class='ocrx_word' id='word_1_575' title='bbox 2251 2330 2482 2386; x_wconf 72' lang='lat' dir='ltr'><strong>dwmoni</strong></span> <span class='ocrx_word' id='word_1_576' title='bbox 2529 2329 2665 2383; x_wconf 78' lang='lat' dir='ltr'><strong>vires</strong></span> <span class='ocrx_word' id='word_1_577' title='bbox 2726 2300 3007 2380; x_wconf 70' lang='lat' dir='ltr'><strong>concedere</strong></span> <span class='ocrx_word' id='word_1_578' title='bbox 3063 2338 3279 2392; x_wconf 81' lang='lat' dir='ltr'><strong>nequeo,</strong></span> <span class='ocrx_word' id='word_1_579' title='bbox 3312 2328 3371 2383; x_wconf 82' lang='lat' dir='ltr'><strong>ut</strong></span> <span class='ocrx_word' id='word_1_580' title='bbox 3400 2318 3471 2377; x_wconf 85' lang='lat' dir='ltr'><strong>de</strong></span> <span class='ocrx_word' id='word_1_581' title='bbox 3499 2300 3663 2373; x_wconf 28' lang='lat' dir='ltr'><strong>Sa‘ute</strong></span> 
     </span>
    </p>
   </div>
   <div class='ocr_carea' id='block_1_79' title="bbox 2083 2408 3663 2495">
    <p class='ocr_par' dir='ltr' id='par_1_79' title="bbox 2083 2408 3663 2495">
     <span class='ocr_line' id='line_1_79' title="bbox 2083 2408 3663 2495; baseline -0.012 -14"><span class='ocrx_word' id='word_1_582' title='bbox 2083 2435 2135 2481; x_wconf 87' lang='lat' dir='ltr'><strong>et</strong></span> <span class='ocrx_word' id='word_1_583' title='bbox 2165 2425 2358 2495; x_wconf 85' lang='lat' dir='ltr'><strong>populo</strong></span> <span class='ocrx_word' id='word_1_584' title='bbox 2384 2421 2602 2477; x_wconf 86' lang='lat' dir='ltr'><strong>Domini</strong></span> <span class='ocrx_word' id='word_1_585' title='bbox 2641 2417 2897 2475; x_wconf 85' lang='lat' dir='ltr'><strong>vaticinia</strong></span> <span class='ocrx_word' id='word_1_586' title='bbox 2925 2414 3079 2482; x_wconf 86' lang='lat' dir='ltr'><strong>edat,</strong></span> <span class='ocrx_word' id='word_1_587' title='bbox 3116 2411 3335 2471; x_wconf 82' lang='lat' dir='ltr'><strong>itemde</strong></span> <span class='ocrx_word' id='word_1_588' title='bbox 3362 2426 3521 2487; x_wconf 86' lang='lat' dir='ltr'><strong>regno</strong></span> <span class='ocrx_word' id='word_1_589' title='bbox 3551 2408 3663 2462; x_wconf 91' lang='lat' dir='ltr'><strong>Da-</strong></span> 
     </span>
    </p>
   </div>
   <div class='ocr_carea' id='block_1_80' title="bbox 2085 2501 3663 2585">
    <p class='ocr_par' dir='ltr' id='par_1_80' title="bbox 2085 2501 3663 2585">
     <span class='ocr_line' id='line_1_80' title="bbox 2085 2501 3663 2585; baseline -0.014 -10"><span class='ocrx_word' id='word_1_590' title='bbox 2085 2518 2192 2584; x_wconf 72' lang='lat' dir='ltr'><strong>vid,</strong></span> <span class='ocrx_word' id='word_1_591' title='bbox 2220 2518 2375 2574; x_wconf 87' lang='lat' dir='ltr'><strong>illum</strong></span> <span class='ocrx_word' id='word_1_592' title='bbox 2423 2514 2625 2573; x_wconf 81' lang='lat' dir='ltr'><strong>scilicet</strong></span> <span class='ocrx_word' id='word_1_593' title='bbox 2653 2526 2812 2583; x_wconf 87' lang='lat' dir='ltr'><strong>regno</strong></span> <span class='ocrx_word' id='word_1_594' title='bbox 2850 2508 3166 2585; x_wconf 82' lang='lat' dir='ltr'><strong>potiturum.</strong></span> <span class='ocrx_word' id='word_1_595' title='bbox 3188 2502 3313 2567; x_wconf 82' lang='lat' dir='ltr'><strong>Sed</strong></span> <span class='ocrx_word' id='word_1_596' title='bbox 3344 2502 3487 2559; x_wconf 80' lang='lat' dir='ltr'><strong>dicet</strong></span> <span class='ocrx_word' id='word_1_597' title='bbox 3511 2501 3663 2572; x_wconf 81' lang='lat' dir='ltr'><strong>quis—</strong></span> 
     </span>
    </p>
   </div>
   <div class='ocr_carea' id='block_1_81' title="bbox 2086 2596 3665 2685">
    <p class='ocr_par' dir='ltr' id='par_1_81' title="bbox 2086 2596 3665 2685">
     <span class='ocr_line' id='line_1_81' title="bbox 2086 2596 3665 2685; baseline -0.012 -18"><span class='ocrx_word' id='word_1_598' title='bbox 2086 2612 2232 2685; x_wconf 87' lang='lat' dir='ltr'><strong>piam</strong></span> <span class='ocrx_word' id='word_1_599' title='bbox 2269 2630 2284 2666; x_wconf 91' lang='lat'><strong>:</strong></span> <span class='ocrx_word' id='word_1_600' title='bbox 2344 2607 2390 2666; x_wconf 90' lang='grc'>0</span> <span class='ocrx_word' id='word_1_601' title='bbox 2443 2606 2688 2665; x_wconf 88' lang='lat' dir='ltr'><strong>omnium</strong></span> <span class='ocrx_word' id='word_1_602' title='bbox 2735 2601 3120 2665; x_wconf 83' lang='lat' dir='ltr'><strong>stolidissime!</strong></span> <span class='ocrx_word' id='word_1_603' title='bbox 3158 2598 3257 2657; x_wconf 75' lang='lat' dir='ltr'><strong>illi:</strong></span> <span class='ocrx_word' id='word_1_604' title='bbox 3277 2596 3534 2654; x_wconf 88' lang='lat' dir='ltr'><strong>vaticinia</strong></span> <span class='ocrx_word' id='word_1_605' title='bbox 3566 2610 3665 2649; x_wconf 87' lang='lat' dir='ltr'><strong>ne-</strong></span> 
     </span>
    </p>
   </div>
   <div class='ocr_carea' id='block_1_82' title="bbox 2087 2691 3665 2778">
    <p class='ocr_par' dir='ltr' id='par_1_82' title="bbox 2087 2691 3665 2778">
     <span class='ocr_line' id='line_1_82' title="bbox 2087 2691 3665 2778; baseline -0.015 -15"><span class='ocrx_word' id='word_1_606' title='bbox 2087 2720 2206 2778; x_wconf 84' lang='lat' dir='ltr'><strong>gas,</strong></span> <span class='ocrx_word' id='word_1_607' title='bbox 2262 2711 2319 2761; x_wconf 91' lang='lat' dir='ltr'><strong>et</strong></span> <span class='ocrx_word' id='word_1_608' title='bbox 2374 2701 2667 2775; x_wconf 77' lang='lat' dir='ltr'><strong>prephetas</strong></span> <span class='ocrx_word' id='word_1_609' title='bbox 2709 2699 2778 2759; x_wconf 86' lang='lat' dir='ltr'><strong>ab</strong></span> <span class='ocrx_word' id='word_1_610' title='bbox 2829 2693 3021 2751; x_wconf 81' lang='lat' dir='ltr'><strong>inferis</strong></span> <span class='ocrx_word' id='word_1_611' title='bbox 3067 2691 3320 2755; x_wconf 86' lang='lat' dir='ltr'><strong>educere,</strong></span> <span class='ocrx_word' id='word_1_612' title='bbox 3364 2694 3665 2756; x_wconf 76' lang='lat' dir='ltr'><strong>&#39;cmtusque</strong></span> 
     </span>
    </p>
   </div>
   <div class='ocr_carea' id='block_1_83' title="bbox 2088 2776 3667 2865">
    <p class='ocr_par' dir='ltr' id='par_1_83' title="bbox 2088 2776 3667 2865">
     <span class='ocr_line' id='line_1_83' title="bbox 2088 2776 3667 2865; baseline -0.016 -13"><span class='ocrx_word' id='word_1_613' title='bbox 2088 2776 2382 2865; x_wconf 86' lang='lat' dir='ltr'><strong>derepente</strong></span> <span class='ocrx_word' id='word_1_614' title='bbox 2409 2791 2747 2861; x_wconf 85' lang='lat' dir='ltr'><strong>angelorum,</strong></span> <span class='ocrx_word' id='word_1_615' title='bbox 2777 2783 2925 2857; x_wconf 92' lang='lat' dir='ltr'><strong>quod</strong></span> <span class='ocrx_word' id='word_1_616' title='bbox 2950 2780 3129 2852; x_wconf 82' lang='lat' dir='ltr'><strong>majus</strong></span> <span class='ocrx_word' id='word_1_617' title='bbox 3158 2786 3244 2836; x_wconf 89' lang='lat' dir='ltr'><strong>est</strong></span> <span class='ocrx_word' id='word_1_618' title='bbox 3271 2776 3667 2845; x_wconf 84' lang='lat' dir='ltr'><strong>diviniorisque</strong></span> 
     </span>
    </p>
   </div>
   <div class='ocr_carea' id='block_1_84' title="bbox 2087 2867 3667 2961">
    <p class='ocr_par' dir='ltr' id='par_1_84' title="bbox 2087 2867 3667 2961">
     <span class='ocr_line' id='line_1_84' title="bbox 2087 2867 3667 2961; baseline -0.013 -18"><span class='ocrx_word' id='word_1_619' title='bbox 2087 2887 2347 2961; x_wconf 71' lang='lat' dir='ltr'><strong>potentiae</strong></span> <span class='ocrx_word' id='word_1_620' title='bbox 2387 2889 2791 2955; x_wconf 88' lang='lat' dir='ltr'><strong>argumentum,</strong></span> <span class='ocrx_word' id='word_1_621' title='bbox 2817 2876 3120 2935; x_wconf 66' lang='lat' dir='ltr'><strong>concedis?</strong></span> <span class='ocrx_word' id='word_1_622' title='bbox 3143 2872 3279 2940; x_wconf 86' lang='lat' dir='ltr'><strong>Quis</strong></span> <span class='ocrx_word' id='word_1_623' title='bbox 3325 2871 3399 2925; x_wconf 90' lang='lat' dir='ltr'><strong>ita</strong></span> <span class='ocrx_word' id='word_1_624' title='bbox 3451 2867 3667 2924; x_wconf 83' lang='lat' dir='ltr'><strong>inﬁrme</strong></span> 
     </span>
    </p>
   </div>
   <div class='ocr_carea' id='block_1_85' title="bbox 2089 2964 3668 3040">
    <p class='ocr_par' dir='ltr' id='par_1_85' title="bbox 2089 2964 3668 3040">
     <span class='ocr_line' id='line_1_85' title="bbox 2089 2964 3668 3040; baseline -0.015 -2"><span class='ocrx_word' id='word_1_625' title='bbox 2089 2987 2185 3037; x_wconf 86' lang='lat' dir='ltr'><strong>aut</strong></span> <span class='ocrx_word' id='word_1_626' title='bbox 2210 2979 2426 3037; x_wconf 81' lang='lat' dir='ltr'><strong>exiliter</strong></span> <span class='ocrx_word' id='word_1_627' title='bbox 2453 2992 2570 3032; x_wconf 88' lang='lat' dir='ltr'><strong>rem</strong></span> <span class='ocrx_word' id='word_1_628' title='bbox 2602 2972 2914 3030; x_wconf 81' lang='lat' dir='ltr'><strong>intellexit?</strong></span> <span class='ocrx_word' id='word_1_629' title='bbox 2938 2969 3032 3027; x_wconf 74' lang='lat' dir='ltr'><strong>Na:</strong></span> <span class='ocrx_word' id='word_1_630' title='bbox 3073 2983 3174 3040; x_wconf 85' lang='lat' dir='ltr'><strong>ego</strong></span> <span class='ocrx_word' id='word_1_631' title='bbox 3199 2964 3546 3037; x_wconf 89' lang='lat' dir='ltr'><strong>potissimum</strong></span> <span class='ocrx_word' id='word_1_632' title='bbox 3579 2976 3668 3015; x_wconf 88' lang='lat' dir='ltr'><strong>re-</strong></span> 
     </span>
    </p>
   </div>
   <div class='ocr_carea' id='block_1_86' title="bbox 2089 3052 3667 3150">
    <p class='ocr_par' dir='ltr' id='par_1_86' title="bbox 2089 3052 3667 3150">
     <span class='ocr_line' id='line_1_86' title="bbox 2089 3052 3667 3150; baseline -0.016 -20"><span class='ocrx_word' id='word_1_633' title='bbox 2089 3071 2438 3150; x_wconf 78' lang='lat' dir='ltr'><strong>sponderem,</strong></span> <span class='ocrx_word' id='word_1_634' title='bbox 2485 3067 2808 3129; x_wconf 61' lang='lat' dir='ltr'><strong>daemonem,</strong></span> <span class='ocrx_word' id='word_1_635' title='bbox 2868 3069 2930 3117; x_wconf 92' lang='lat' dir='ltr'><strong>ut</strong></span> <span class='ocrx_word' id='word_1_636' title='bbox 2969 3069 3027 3118; x_wconf 88' lang='lat' dir='ltr'><strong>et</strong></span> <span class='ocrx_word' id='word_1_637' title='bbox 3074 3067 3236 3116; x_wconf 89' lang='lat' dir='ltr'><strong>antea</strong></span> <span class='ocrx_word' id='word_1_638' title='bbox 3267 3052 3667 3112; x_wconf 84' lang='lat' dir='ltr'><strong>demonstravi-</strong></span> 
     </span>
    </p>
   </div>
   <div class='ocr_carea' id='block_1_87' title="bbox 2088 3146 3666 3230">
    <p class='ocr_par' dir='ltr' id='par_1_87' title="bbox 2088 3146 3666 3230">
     <span class='ocr_line' id='line_1_87' title="bbox 2088 3146 3666 3230; baseline -0.014 -10"><span class='ocrx_word' id='word_1_639' title='bbox 2088 3146 2236 3230; x_wconf 81' lang='lat' dir='ltr'><strong>mus,</strong></span> <span class='ocrx_word' id='word_1_640' title='bbox 2267 3161 2407 3219; x_wconf 80' lang='lat' dir='ltr'><strong>nihil</strong></span> <span class='ocrx_word' id='word_1_641' title='bbox 2453 3157 2813 3213; x_wconf 89' lang='lat' dir='ltr'><strong>vaticinatum</strong></span> <span class='ocrx_word' id='word_1_642' title='bbox 2850 3151 3058 3220; x_wconf 88' lang='lat' dir='ltr'><strong>fuisse;</strong></span> <span class='ocrx_word' id='word_1_643' title='bbox 3089 3151 3185 3223; x_wconf 88' lang='lat' dir='ltr'><strong>qui</strong></span> <span class='ocrx_word' id='word_1_644' title='bbox 3223 3150 3351 3204; x_wconf 82' lang='lat' dir='ltr'><strong>licet</strong></span> <span class='ocrx_word' id='word_1_645' title='bbox 3379 3146 3666 3218; x_wconf 80' lang='lat' dir='ltr'><strong>praphetia</strong></span> 
     </span>
    </p>
   </div>
   <div class='ocr_carea' id='block_1_88' title="bbox 2090 3238 3668 3323">
    <p class='ocr_par' dir='ltr' id='par_1_88' title="bbox 2090 3238 3668 3323">
     <span class='ocr_line' id='line_1_88' title="bbox 2090 3238 3668 3323; baseline -0.014 -11"><span class='ocrx_word' id='word_1_646' title='bbox 2090 3270 2203 3311; x_wconf 87' lang='lat' dir='ltr'><strong>non</strong></span> <span class='ocrx_word' id='word_1_647' title='bbox 2254 3253 2480 3323; x_wconf 86' lang='lat' dir='ltr'><strong>indigna</strong></span> <span class='ocrx_word' id='word_1_648' title='bbox 2524 3248 2832 3304; x_wconf 91' lang='lat' dir='ltr'><strong>collocutus</strong></span> <span class='ocrx_word' id='word_1_649' title='bbox 2877 3243 3091 3311; x_wconf 82' lang='lat' dir='ltr'><strong>fuisset,</strong></span> <span class='ocrx_word' id='word_1_650' title='bbox 3145 3255 3259 3297; x_wconf 92' lang='lat' dir='ltr'><strong>non</strong></span> <span class='ocrx_word' id='word_1_651' title='bbox 3310 3238 3432 3294; x_wconf 89' lang='lat' dir='ltr'><strong>ideo</strong></span> <span class='ocrx_word' id='word_1_652' title='bbox 3486 3247 3668 3291; x_wconf 88' lang='lat' dir='ltr'><strong>tamen</strong></span> 
     </span>
    </p>
   </div>
   <div class='ocr_carea' id='block_1_89' title="bbox 2091 3328 3670 3406">
    <p class='ocr_par' dir='ltr' id='par_1_89' title="bbox 2091 3328 3670 3406">
     <span class='ocr_line' id='line_1_89' title="bbox 2091 3328 3670 3406; baseline -0.012 -5"><span class='ocrx_word' id='word_1_653' title='bbox 2091 3341 2517 3402; x_wconf 85' lang='lat' dir='ltr'><strong>existimandum</strong></span> <span class='ocrx_word' id='word_1_654' title='bbox 2570 3348 2709 3402; x_wconf 89' lang='lat' dir='ltr'><strong>erat,</strong></span> <span class='ocrx_word' id='word_1_655' title='bbox 2740 3334 2968 3406; x_wconf 88' lang='lat' dir='ltr'><strong>spiritus</strong></span> <span class='ocrx_word' id='word_1_656' title='bbox 3021 3341 3077 3389; x_wconf 92' lang='lat' dir='ltr'><strong>et</strong></span> <span class='ocrx_word' id='word_1_657' title='bbox 3128 3333 3403 3403; x_wconf 91' lang='lat' dir='ltr'><strong>justorum</strong></span> <span class='ocrx_word' id='word_1_658' title='bbox 3456 3328 3670 3382; x_wconf 85' lang='lat' dir='ltr'><strong>animas</strong></span> 
     </span>
    </p>
   </div>
   <div class='ocr_carea' id='block_1_90' title="bbox 2096 3421 3667 3494">
    <p class='ocr_par' dir='ltr' id='par_1_90' title="bbox 2096 3421 3667 3494">
     <span class='ocr_line' id='line_1_90' title="bbox 2096 3421 3667 3494; baseline -0.013 -1"><span class='ocrx_word' id='word_1_659' title='bbox 2096 3452 2222 3494; x_wconf 84' lang='lat' dir='ltr'><strong>eum</strong></span> <span class='ocrx_word' id='word_1_660' title='bbox 2254 3436 2322 3490; x_wconf 90' lang='lat' dir='ltr'><strong>ab</strong></span> <span class='ocrx_word' id='word_1_661' title='bbox 2355 3432 2547 3488; x_wconf 88' lang='lat' dir='ltr'><strong>inferis</strong></span> <span class='ocrx_word' id='word_1_662' title='bbox 2587 3443 2868 3486; x_wconf 80' lang='lat' dir='ltr'><strong>evocasse.</strong></span> <span class='ocrx_word' id='word_1_663' title='bbox 2904 3425 3119 3482; x_wconf 85' lang='lat' dir='ltr'><strong>Etenim</strong></span> <span class='ocrx_word' id='word_1_664' title='bbox 3159 3430 3214 3479; x_wconf 92' lang='lat' dir='ltr'><strong>et</strong></span> <span class='ocrx_word' id='word_1_665' title='bbox 3269 3421 3507 3491; x_wconf 80' lang='lat' dir='ltr'><strong>Caiphas</strong></span> <span class='ocrx_word' id='word_1_666' title='bbox 3542 3434 3667 3473; x_wconf 90' lang='lat' dir='ltr'><strong>cum</strong></span> 
     </span>
    </p>
   </div>
   <div class='ocr_carea' id='block_1_91' title="bbox 2098 3510 3670 3594">
    <p class='ocr_par' dir='ltr' id='par_1_91' title="bbox 2098 3510 3670 3594">
     <span class='ocr_line' id='line_1_91' title="bbox 2098 3510 3670 3594; baseline -0.016 -8"><span class='ocrx_word' id='word_1_667' title='bbox 2098 3530 2165 3586; x_wconf 91' lang='lat' dir='ltr'><strong>de</strong></span> <span class='ocrx_word' id='word_1_668' title='bbox 2193 3526 2416 3583; x_wconf 85' lang='lat' dir='ltr'><strong>Christo</strong></span> <span class='ocrx_word' id='word_1_669' title='bbox 2445 3522 2869 3594; x_wconf 79' lang='lat' dir='ltr'><strong>prophetasset,</strong></span> <span class='ocrx_word' id='word_1_670' title='bbox 2917 3516 3056 3572; x_wconf 81' lang='lat' dir='ltr'><strong>dixit</strong></span> <span class='ocrx_word' id='word_1_671' title='bbox 3088 3534 3102 3571; x_wconf 89' lang='lat'>:</span> <span class='ocrx_word' id='word_1_672' title='bbox 3137 3510 3360 3584; x_wconf 67' lang='lat' dir='ltr'><strong>Expedit</strong></span> <span class='ocrx_word' id='word_1_673' title='bbox 3417 3510 3565 3563; x_wconf 87' lang='lat' dir='ltr'><strong>nobis</strong></span> <span class='ocrx_word' id='word_1_674' title='bbox 3610 3518 3670 3562; x_wconf 90' lang='lat' dir='ltr'><strong>ut</strong></span> 
     </span>
    </p>
   </div>
   <div class='ocr_carea' id='block_1_92' title="bbox 2097 3609 3670 3683">
    <p class='ocr_par' dir='ltr' id='par_1_92' title="bbox 2097 3609 3670 3683">
     <span class='ocr_line' id='line_1_92' title="bbox 2097 3609 3670 3683; baseline -0.014 -7"><span class='ocrx_word' id='word_1_675' title='bbox 2097 3639 2234 3678; x_wconf 87' lang='lat' dir='ltr'><strong>unus</strong></span> <span class='ocrx_word' id='word_1_676' title='bbox 2265 3619 2419 3674; x_wconf 84' lang='lat' dir='ltr'><strong>homo</strong></span> <span class='ocrx_word' id='word_1_677' title='bbox 2447 3616 2708 3671; x_wconf 87' lang='lat' dir='ltr'><strong>moriatur</strong></span> <span class='ocrx_word' id='word_1_678' title='bbox 2727 3628 2822 3683; x_wconf 85' lang='lat' dir='ltr'><strong>pro</strong></span> <span class='ocrx_word' id='word_1_679' title='bbox 2837 3609 3050 3682; x_wconf 82' lang='lat' dir='ltr'><strong>populo,</strong></span> <span class='ocrx_word' id='word_1_680' title='bbox 3072 3616 3122 3663; x_wconf 90' lang='lat' dir='ltr'><strong>et</strong></span> <span class='ocrx_word' id='word_1_681' title='bbox 3143 3622 3246 3661; x_wconf 82' lang='lat' dir='ltr'><strong>non</strong></span> <span class='ocrx_word' id='word_1_682' title='bbox 3279 3613 3388 3659; x_wconf 87' lang='lat' dir='ltr'><strong>tota</strong></span> <span class='ocrx_word' id='word_1_683' title='bbox 3405 3620 3528 3674; x_wconf 87' lang='lat' dir='ltr'><strong>gens</strong></span> <span class='ocrx_word' id='word_1_684' title='bbox 3550 3617 3670 3671; x_wconf 88' lang='lat' dir='ltr'><strong>per-</strong></span> 
     </span>
    </p>
   </div>
   <div class='ocr_carea' id='block_1_93' title="bbox 2098 3693 3672 3770">
    <p class='ocr_par' dir='ltr' id='par_1_93' title="bbox 2098 3693 3672 3770">
     <span class='ocr_line' id='line_1_93' title="bbox 2098 3693 3672 3770; baseline -0.014 -2"><span class='ocrx_word' id='word_1_685' title='bbox 2098 3723 2184 3770; x_wconf 86' lang='lat' dir='ltr'><strong>eat</strong></span> <span class='ocrx_word' id='word_1_686' title='bbox 2207 3714 2276 3765; x_wconf 89' lang='lat'><strong>&quot;°.</strong></span> <span class='ocrx_word' id='word_1_687' title='bbox 2332 3709 2463 3763; x_wconf 71' lang='lat' dir='ltr'><strong>Hm:</strong></span> <span class='ocrx_word' id='word_1_688' title='bbox 2500 3716 2676 3761; x_wconf 88' lang='lat' dir='ltr'><strong>autem</strong></span> <span class='ocrx_word' id='word_1_689' title='bbox 2706 3722 2811 3759; x_wconf 90' lang='lat' dir='ltr'><strong>non</strong></span> <span class='ocrx_word' id='word_1_690' title='bbox 2855 3702 2991 3756; x_wconf 69' lang='lat' dir='ltr'><strong>dixit</strong></span> <span class='ocrx_word' id='word_1_691' title='bbox 3015 3714 3103 3754; x_wconf 78' lang='lat' dir='ltr'><strong>ea:</strong></span> <span class='ocrx_word' id='word_1_692' title='bbox 3140 3697 3435 3765; x_wconf 79' lang='lat' dir='ltr'><strong>semetipso,</strong></span> <span class='ocrx_word' id='word_1_693' title='bbox 3470 3701 3531 3749; x_wconf 92' lang='lat' dir='ltr'><strong>ut</strong></span> <span class='ocrx_word' id='word_1_694' title='bbox 3563 3693 3672 3748; x_wconf 89' lang='lat' dir='ltr'><strong>sci-</strong></span> 
     </span>
    </p>
   </div>
   <div class='ocr_carea' id='block_1_94' title="bbox 2099 3785 3683 3862">
    <p class='ocr_par' dir='ltr' id='par_1_94' title="bbox 2099 3785 3683 3862">
     <span class='ocr_line' id='line_1_94' title="bbox 2099 3785 3683 3862; baseline -0.013 -2"><span class='ocrx_word' id='word_1_695' title='bbox 2099 3804 2347 3862; x_wconf 90' lang='lat' dir='ltr'><strong>tissimus</strong></span> <span class='ocrx_word' id='word_1_696' title='bbox 2390 3799 2617 3855; x_wconf 88' lang='lat' dir='ltr'><strong>tradidit</strong></span> <span class='ocrx_word' id='word_1_697' title='bbox 2649 3796 2920 3862; x_wconf 82' lang='lat' dir='ltr'><strong>Joannes;</strong></span> <span class='ocrx_word' id='word_1_698' title='bbox 2962 3793 3052 3848; x_wconf 88' lang='lat' dir='ltr'><strong>sed</strong></span> <span class='ocrx_word' id='word_1_699' title='bbox 3084 3807 3203 3845; x_wconf 88' lang='lat' dir='ltr'><strong>cum</strong></span> <span class='ocrx_word' id='word_1_700' title='bbox 3254 3800 3384 3843; x_wconf 83' lang='lat' dir='ltr'><strong>esset</strong></span> <span class='ocrx_word' id='word_1_701' title='bbox 3434 3785 3683 3856; x_wconf 51' lang='lat' dir='ltr'><strong>pontifex</strong></span> 
     </span>
    </p>
   </div>
   <div class='ocr_carea' id='block_1_95' title="bbox 2102 3879 3672 3963">
    <p class='ocr_par' dir='ltr' id='par_1_95' title="bbox 2102 3879 3672 3963">
     <span class='ocr_line' id='line_1_95' title="bbox 2102 3879 3672 3963; baseline -0.013 -10"><span class='ocrx_word' id='word_1_702' title='bbox 2102 3898 2228 3953; x_wconf 87' lang='lat' dir='ltr'><strong>anni</strong></span> <span class='ocrx_word' id='word_1_703' title='bbox 2253 3895 2400 3950; x_wconf 87' lang='lat' dir='ltr'><strong>illius</strong></span> <span class='ocrx_word' id='word_1_704' title='bbox 2429 3889 2778 3963; x_wconf 82' lang='lat' dir='ltr'><strong>prophetavit.</strong></span> <span class='ocrx_word' id='word_1_705' title='bbox 2808 3886 2866 3942; x_wconf 89' lang='lat' dir='ltr'><strong>Si</strong></span> <span class='ocrx_word' id='word_1_706' title='bbox 2899 3886 3009 3950; x_wconf 89' lang='lat' dir='ltr'><strong>hic,</strong></span> <span class='ocrx_word' id='word_1_707' title='bbox 3038 3885 3133 3955; x_wconf 90' lang='lat' dir='ltr'><strong>qui</strong></span> <span class='ocrx_word' id='word_1_708' title='bbox 3163 3890 3356 3938; x_wconf 88' lang='lat' dir='ltr'><strong>contra</strong></span> <span class='ocrx_word' id='word_1_709' title='bbox 3378 3879 3672 3935; x_wconf 90' lang='lat' dir='ltr'><strong>Dominum</strong></span> 
     </span>
    </p>
   </div>
   <div class='ocr_carea' id='block_1_96' title="bbox 2102 3969 3680 4054">
    <p class='ocr_par' dir='ltr' id='par_1_96' title="bbox 2102 3969 3680 4054">
     <span class='ocr_line' id='line_1_96' title="bbox 2102 3969 3680 4054; baseline -0.016 -7"><span class='ocrx_word' id='word_1_710' title='bbox 2102 3988 2431 4047; x_wconf 88' lang='lat' dir='ltr'><strong>sententiam</strong></span> <span class='ocrx_word' id='word_1_711' title='bbox 2462 3983 2727 4054; x_wconf 89' lang='lat' dir='ltr'><strong>injustam</strong></span> <span class='ocrx_word' id='word_1_712' title='bbox 2770 3979 2914 4044; x_wconf 85' lang='lat' dir='ltr'><strong>tulit,</strong></span> <span class='ocrx_word' id='word_1_713' title='bbox 2952 3985 3133 4032; x_wconf 87' lang='lat' dir='ltr'><strong>tamen</strong></span> <span class='ocrx_word' id='word_1_714' title='bbox 3166 3989 3278 4029; x_wconf 91' lang='lat' dir='ltr'><strong>non</strong></span> <span class='ocrx_word' id='word_1_715' title='bbox 3307 3988 3338 4028; x_wconf 91' lang='lat' dir='ltr'><strong>a</strong></span> <span class='ocrx_word' id='word_1_716' title='bbox 3374 3969 3680 4042; x_wconf 84' lang='lat' dir='ltr'><strong>semetipso.</strong></span> 
     </span>
    </p>
   </div>
   <div class='ocr_carea' id='block_1_97' title="bbox 2101 4062 3674 4144">
    <p class='ocr_par' dir='ltr' id='par_1_97' title="bbox 2101 4062 3674 4144">
     <span class='ocr_line' id='line_1_97' title="bbox 2101 4062 3674 4144; baseline -0.013 -7"><span class='ocrx_word' id='word_1_717' title='bbox 2101 4080 2455 4144; x_wconf 89' lang='lat' dir='ltr'><strong>vaticinatur,</strong></span> <span class='ocrx_word' id='word_1_718' title='bbox 2491 4074 2588 4132; x_wconf 88' lang='lat' dir='ltr'><strong>sed</strong></span> <span class='ocrx_word' id='word_1_719' title='bbox 2636 4079 2819 4128; x_wconf 91' lang='lat' dir='ltr'><strong>motus</strong></span> <span class='ocrx_word' id='word_1_720' title='bbox 2851 4069 3119 4125; x_wconf 81' lang='lat' dir='ltr'><strong>duntaxat</strong></span> <span class='ocrx_word' id='word_1_721' title='bbox 3158 4066 3229 4122; x_wconf 82' lang='lat' dir='ltr'><strong>ab</strong></span> <span class='ocrx_word' id='word_1_722' title='bbox 3283 4066 3391 4122; x_wconf 87' lang='lat' dir='ltr'><strong>alio</strong></span> <span class='ocrx_word' id='word_1_723' title='bbox 3420 4062 3674 4136; x_wconf 85' lang='lat' dir='ltr'><strong>coargui-</strong></span> 
     </span>
    </p>
   </div>
   <div class='ocr_carea' id='block_1_98' title="bbox 2103 4155 3681 4242">
    <p class='ocr_par' dir='ltr' id='par_1_98' title="bbox 2103 4155 3681 4242">
     <span class='ocr_line' id='line_1_98' title="bbox 2103 4155 3681 4242; baseline -0.011 -16"><span class='ocrx_word' id='word_1_724' title='bbox 2103 4180 2223 4240; x_wconf 88' lang='lat' dir='ltr'><strong>tur;</strong></span> <span class='ocrx_word' id='word_1_725' title='bbox 2249 4185 2430 4242; x_wconf 87' lang='lat' dir='ltr'><strong>neque</strong></span> <span class='ocrx_word' id='word_1_726' title='bbox 2460 4183 2591 4241; x_wconf 90' lang='lat' dir='ltr'><strong>ergo</strong></span> <span class='ocrx_word' id='word_1_727' title='bbox 2643 4166 2692 4221; x_wconf 87' lang='lat' dir='ltr'><strong>si</strong></span> <span class='ocrx_word' id='word_1_728' title='bbox 2720 4164 2849 4235; x_wconf 80' lang='lat' dir='ltr'><strong>quis</strong></span> <span class='ocrx_word' id='word_1_729' title='bbox 2893 4161 3036 4216; x_wconf 87' lang='lat' dir='ltr'><strong>alius</strong></span> <span class='ocrx_word' id='word_1_730' title='bbox 3076 4158 3221 4220; x_wconf 87' lang='lat' dir='ltr'><strong>idem</strong></span> <span class='ocrx_word' id='word_1_731' title='bbox 3259 4155 3522 4220; x_wconf 83' lang='lat' dir='ltr'><strong>ell&#39;ecerit,</strong></span> <span class='ocrx_word' id='word_1_732' title='bbox 3554 4155 3681 4215; x_wconf 21' lang='lat' dir='ltr'><strong>ideo,</strong></span> 
     </span>
    </p>
   </div>
   <div class='ocr_carea' id='block_1_99' title="bbox 2103 4245 3673 4337">
    <p class='ocr_par' dir='ltr' id='par_1_99' title="bbox 2103 4245 3673 4337">
     <span class='ocr_line' id='line_1_99' title="bbox 2103 4245 3673 4337; baseline -0.011 -18"><span class='ocrx_word' id='word_1_733' title='bbox 2103 4270 2392 4337; x_wconf 83' lang='lat' dir='ltr'><strong>propterea</strong></span> <span class='ocrx_word' id='word_1_734' title='bbox 2439 4258 2727 4317; x_wconf 88' lang='lat' dir='ltr'><strong>divinioris</strong></span> <span class='ocrx_word' id='word_1_735' title='bbox 2771 4270 2896 4311; x_wconf 89' lang='lat' dir='ltr'><strong>eum</strong></span> <span class='ocrx_word' id='word_1_736' title='bbox 2922 4257 3285 4315; x_wconf 4' lang='lat' dir='ltr'><strong>essesnaturae</strong></span> <span class='ocrx_word' id='word_1_737' title='bbox 3320 4245 3673 4302; x_wconf 88' lang='lat' dir='ltr'><strong>censendum.</strong></span> 
     </span>
    </p>
   </div>
   <div class='ocr_carea' id='block_1_100' title="bbox 2105 4339 3678 4430">
    <p class='ocr_par' dir='ltr' id='par_1_100' title="bbox 2105 4339 3678 4430">
     <span class='ocr_line' id='line_1_100' title="bbox 2105 4339 3678 4430; baseline -0.013 -17"><span class='ocrx_word' id='word_1_738' title='bbox 2105 4358 2291 4430; x_wconf 84' lang='lat' dir='ltr'><strong>Neque</strong></span> <span class='ocrx_word' id='word_1_739' title='bbox 2313 4353 2692 4413; x_wconf 88' lang='lat' dir='ltr'><strong>sustinendum</strong></span> <span class='ocrx_word' id='word_1_740' title='bbox 2721 4360 2805 4406; x_wconf 90' lang='lat' dir='ltr'><strong>est</strong></span> <span class='ocrx_word' id='word_1_741' title='bbox 2838 4349 2887 4404; x_wconf 89' lang='lat' dir='ltr'><strong>si</strong></span> <span class='ocrx_word' id='word_1_742' title='bbox 2941 4347 3126 4402; x_wconf 87' lang='lat' dir='ltr'><strong>dicant</strong></span> <span class='ocrx_word' id='word_1_743' title='bbox 3174 4340 3466 4414; x_wconf 63' lang='lat' dir='ltr'><strong>praestigiis</strong></span> <span class='ocrx_word' id='word_1_744' title='bbox 3488 4339 3678 4395; x_wconf 88' lang='lat' dir='ltr'><strong>diabo-</strong></span> 
     </span>
    </p>
   </div>
   <div class='ocr_carea' id='block_1_101' title="bbox 2105 4432 3680 4507">
    <p class='ocr_par' dir='ltr' id='par_1_101' title="bbox 2105 4432 3680 4507">
     <span class='ocr_line' id='line_1_101' title="bbox 2105 4432 3680 4507; baseline -0.015 0"><span class='ocrx_word' id='word_1_745' title='bbox 2105 4452 2230 4507; x_wconf 89' lang='lat' dir='ltr'><strong>licis</strong></span> <span class='ocrx_word' id='word_1_746' title='bbox 2258 4450 2471 4506; x_wconf 87' lang='lat' dir='ltr'><strong>animas</strong></span> <span class='ocrx_word' id='word_1_747' title='bbox 2520 4444 2588 4500; x_wconf 87' lang='lat' dir='ltr'><strong>ab</strong></span> <span class='ocrx_word' id='word_1_748' title='bbox 2624 4442 2816 4498; x_wconf 82' lang='lat' dir='ltr'><strong>inferis</strong></span> <span class='ocrx_word' id='word_1_749' title='bbox 2841 4438 3220 4506; x_wconf 81' lang='lat' dir='ltr'><strong>exercitusque</strong></span> <span class='ocrx_word' id='word_1_750' title='bbox 3248 4432 3585 4503; x_wconf 88' lang='lat' dir='ltr'><strong>angelorum,</strong></span> <span class='ocrx_word' id='word_1_751' title='bbox 3616 4437 3680 4485; x_wconf 85' lang='lat' dir='ltr'><strong>ut</strong></span> 
     </span>
    </p>
   </div>
   <div class='ocr_carea' id='block_1_102' title="bbox 2104 4518 3679 4600">
    <p class='ocr_par' dir='ltr' id='par_1_102' title="bbox 2104 4518 3679 4600">
     <span class='ocr_line' id='line_1_102' title="bbox 2104 4518 3679 4600; baseline -0.015 -7"><span class='ocrx_word' id='word_1_752' title='bbox 2104 4536 2345 4600; x_wconf 89' lang='lat' dir='ltr'><strong>videtur,</strong></span> <span class='ocrx_word' id='word_1_753' title='bbox 2377 4532 2545 4590; x_wconf 78' lang='lat' dir='ltr'><strong>veluti</strong></span> <span class='ocrx_word' id='word_1_754' title='bbox 2565 4530 2757 4594; x_wconf 88' lang='lat' dir='ltr'><strong>Deum,</strong></span> <span class='ocrx_word' id='word_1_755' title='bbox 2793 4525 3069 4584; x_wconf 71' lang='lat' dir='ltr'><strong>eduxisse.</strong></span> <span class='ocrx_word' id='word_1_756' title='bbox 3109 4518 3451 4576; x_wconf 76' lang='lat' dir='ltr'><strong>Attendenda</strong></span> <span class='ocrx_word' id='word_1_757' title='bbox 3480 4518 3679 4598; x_wconf 85' lang='lat' dir='ltr'><strong>quippe</strong></span> 
     </span>
    </p>
   </div>
   <div class='ocr_carea' id='block_1_103' title="bbox 2109 4610 3678 4699">
    <p class='ocr_par' dir='ltr' id='par_1_103' title="bbox 2109 4610 3678 4699">
     <span class='ocr_line' id='line_1_103' title="bbox 2109 4610 3678 4699; baseline -0.015 -13"><span class='ocrx_word' id='word_1_758' title='bbox 2109 4636 2240 4687; x_wconf 81' lang='lat' dir='ltr'><strong>sunt</strong></span> <span class='ocrx_word' id='word_1_759' title='bbox 2269 4642 2397 4699; x_wconf 63' lang='lat' dir='ltr'><strong>quas</strong></span> <span class='ocrx_word' id='word_1_760' title='bbox 2434 4626 2502 4682; x_wconf 88' lang='lat' dir='ltr'><strong>de</strong></span> <span class='ocrx_word' id='word_1_761' title='bbox 2542 4625 2630 4680; x_wconf 80' lang='lat' dir='ltr'><strong>his</strong></span> <span class='ocrx_word' id='word_1_762' title='bbox 2684 4619 2967 4693; x_wconf 84' lang='lat' dir='ltr'><strong>prophetis</strong></span> <span class='ocrx_word' id='word_1_763' title='bbox 3014 4614 3337 4688; x_wconf 63' lang='lat' dir='ltr'><strong>praecipiens</strong></span> <span class='ocrx_word' id='word_1_764' title='bbox 3386 4610 3599 4683; x_wconf 79' lang='lat' dir='ltr'><strong>Moyses</strong></span> <span class='ocrx_word' id='word_1_765' title='bbox 3622 4611 3678 4664; x_wconf 90' lang='lat' dir='ltr'><strong>in</strong></span> 
     </span>
    </p>
   </div>
   <div class='ocr_carea' id='block_1_104' title="bbox 2110 4703 3680 4780">
    <p class='ocr_par' dir='ltr' id='par_1_104' title="bbox 2110 4703 3680 4780">
     <span class='ocr_line' id='line_1_104' title="bbox 2110 4703 3680 4780; baseline -0.015 -2"><span class='ocrx_word' id='word_1_766' title='bbox 2110 4718 2533 4780; x_wconf 78' lang='lat' dir='ltr'><strong>Deuteronomio</strong></span> <span class='ocrx_word' id='word_1_767' title='bbox 2577 4713 2819 4772; x_wconf 79' lang='lat' dir='ltr'><strong>effatur:</strong></span> <span class='ocrx_word' id='word_1_768' title='bbox 2862 4710 2924 4768; x_wconf 89' lang='lat' dir='ltr'><strong>Si</strong></span> <span class='ocrx_word' id='word_1_769' title='bbox 2975 4707 3351 4764; x_wconf 68' lang='lat' dir='ltr'><strong>surrexerit-in</strong></span> <span class='ocrx_word' id='word_1_770' title='bbox 3381 4703 3550 4760; x_wconf 86' lang='lat' dir='ltr'><strong>medio</strong></span> <span class='ocrx_word' id='word_1_771' title='bbox 3603 4703 3680 4755; x_wconf 84' lang='lat' dir='ltr'><strong>tui</strong></span> 
     </span>
    </p>
   </div>
   <div class='ocr_carea' id='block_1_105' title="bbox 2039 4783 3681 4895">
    <p class='ocr_par' dir='ltr' id='par_1_105' title="bbox 2039 4783 3681 4895">
     <span class='ocr_line' id='line_1_105' title="bbox 2039 4783 3681 4895; baseline -0.013 -22"><span class='ocrx_word' id='word_1_772' title='bbox 2039 4783 2084 4840; x_wconf 66' lang='grc' dir='ltr'><strong>θ</strong></span> <span class='ocrx_word' id='word_1_773' title='bbox 2108 4816 2381 4895; x_wconf 73' lang='lat' dir='ltr'><strong>propheta,</strong></span> <span class='ocrx_word' id='word_1_774' title='bbox 2433 4828 2526 4868; x_wconf 87' lang='lat' dir='ltr'><strong>seu</strong></span> <span class='ocrx_word' id='word_1_775' title='bbox 2580 4812 2839 4866; x_wconf 78' lang='lat' dir='ltr'><strong>somniant</strong></span> <span class='ocrx_word' id='word_1_776' title='bbox 2887 4806 3181 4868; x_wconf 88' lang='lat' dir='ltr'><strong>somnians,</strong></span> <span class='ocrx_word' id='word_1_777' title='bbox 3234 4810 3285 4856; x_wconf 89' lang='lat' dir='ltr'><strong>et</strong></span> <span class='ocrx_word' id='word_1_778' title='bbox 3328 4799 3533 4855; x_wconf 85' lang='lat' dir='ltr'><strong>dederit</strong></span> <span class='ocrx_word' id='word_1_779' title='bbox 3583 4795 3681 4852; x_wconf 83' lang='lat' dir='ltr'><strong>tibi</strong></span> 
     </span>
    </p>
   </div>
   <div class='ocr_carea' id='block_1_106' title="bbox 2108 4893 3681 4980">
    <p class='ocr_par' dir='ltr' id='par_1_106' title="bbox 2108 4893 3681 4980">
     <span class='ocr_line' id='line_1_106' title="bbox 2108 4893 3681 4980; baseline -0.014 -16"><span class='ocrx_word' id='word_1_780' title='bbox 2108 4893 2319 4980; x_wconf 81' lang='lat' dir='ltr'><strong>signum</strong></span> <span class='ocrx_word' id='word_1_781' title='bbox 2350 4902 2791 4974; x_wconf 52' lang='lat' dir='ltr'><strong>uel~prodigium,</strong></span> <span class='ocrx_word' id='word_1_782' title='bbox 2818 4907 2869 4955; x_wconf 86' lang='lat' dir='ltr'><strong>et</strong></span> <span class='ocrx_word' id='word_1_783' title='bbox 2903 4898 3127 4954; x_wconf 81' lang='lat' dir='ltr'><strong>evenerit</strong></span> <span class='ocrx_word' id='word_1_784' title='bbox 3179 4896 3384 4966; x_wconf 82' lang='lat' dir='ltr'><strong>signum</strong></span> <span class='ocrx_word' id='word_1_785' title='bbox 3421 4893 3526 4947; x_wconf 77' lang='lat' dir='ltr'><strong>sive</strong></span> <span class='ocrx_word' id='word_1_786' title='bbox 3556 4906 3681 4960; x_wconf 80' lang='lat' dir='ltr'><strong>pro-</strong></span> 
     </span>
    </p>
   </div>
   <div class='ocr_carea' id='block_1_107' title="bbox 2106 4985 3679 5074">
    <p class='ocr_par' dir='ltr' id='par_1_107' title="bbox 2106 4985 3679 5074">
     <span class='ocr_line' id='line_1_107' title="bbox 2106 4985 3679 5074; baseline -0.015 -17"><span class='ocrx_word' id='word_1_787' title='bbox 2106 5003 2309 5074; x_wconf 80' lang='lat' dir='ltr'><strong>digium</strong></span> <span class='ocrx_word' id='word_1_788' title='bbox 2331 4997 2470 5071; x_wconf 84' lang='lat' dir='ltr'><strong>quod</strong></span> <span class='ocrx_word' id='word_1_789' title='bbox 2501 4997 2706 5052; x_wconf 83' lang='lat' dir='ltr'><strong>locutus</strong></span> <span class='ocrx_word' id='word_1_790' title='bbox 2734 5004 2813 5049; x_wconf 87' lang='lat' dir='ltr'><strong>est</strong></span> <span class='ocrx_word' id='word_1_791' title='bbox 2833 4994 3002 5060; x_wconf 78' lang='lat' dir='ltr'><strong>ad‘te,</strong></span> <span class='ocrx_word' id='word_1_792' title='bbox 3032 4991 3209 5044; x_wconf 83' lang='lat' dir='ltr'><strong>dicens</strong></span> <span class='ocrx_word' id='word_1_793' title='bbox 3235 5003 3252 5041; x_wconf 89' lang='lat'><strong><em>:</em></strong></span> <span class='ocrx_word' id='word_1_794' title='bbox 3278 4985 3479 5043; x_wconf 84' lang='lat' dir='ltr'><strong>Eamus</strong></span> <span class='ocrx_word' id='word_1_795' title='bbox 3512 4991 3563 5038; x_wconf 86' lang='lat' dir='ltr'><strong>et</strong></span> <span class='ocrx_word' id='word_1_796' title='bbox 3595 4998 3679 5035; x_wconf 82' lang='lat' dir='ltr'><strong>co-</strong></span> 
     </span>
    </p>
   </div>
   <div class='ocr_carea' id='block_1_108' title="bbox 2109 5072 3679 5162">
    <p class='ocr_par' dir='ltr' id='par_1_108' title="bbox 2109 5072 3679 5162">
     <span class='ocr_line' id='line_1_108' title="bbox 2109 5072 3679 5162; baseline -0.017 -10"><span class='ocrx_word' id='word_1_797' title='bbox 2109 5072 2283 5152; x_wconf 76' lang='lat' dir='ltr'><strong>lamus</strong></span> <span class='ocrx_word' id='word_1_798' title='bbox 2306 5093 2429 5149; x_wconf 86' lang='lat' dir='ltr'><strong>deos</strong></span> <span class='ocrx_word' id='word_1_799' title='bbox 2452 5092 2651 5146; x_wconf 87' lang='lat' dir='ltr'><strong>alienos</strong></span> <span class='ocrx_word' id='word_1_800' title='bbox 2669 5102 2799 5159; x_wconf 85' lang='lat' dir='ltr'><strong>quos</strong></span> <span class='ocrx_word' id='word_1_801' title='bbox 2821 5082 3078 5162; x_wconf 80' lang='lat' dir='ltr'><strong>ignoratis</strong></span> <span class='ocrx_word' id='word_1_802' title='bbox 3095 5097 3114 5144; x_wconf 87' lang='lat'><em>;</em></span> <span class='ocrx_word' id='word_1_803' title='bbox 3131 5096 3243 5134; x_wconf 77' lang='lat' dir='ltr'><strong>non</strong></span> <span class='ocrx_word' id='word_1_804' title='bbox 3269 5076 3497 5132; x_wconf 82' lang='lat' dir='ltr'><strong>audietis</strong></span> <span class='ocrx_word' id='word_1_805' title='bbox 3523 5072 3679 5127; x_wconf 77' lang='lat' dir='ltr'><strong>verba</strong></span> 
     </span>
    </p>
   </div>
   <div class='ocr_carea' id='block_1_109' title="bbox 2106 5164 3676 5260">
    <p class='ocr_par' dir='ltr' id='par_1_109' title="bbox 2106 5164 3676 5260">
     <span class='ocr_line' id='line_1_109' title="bbox 2106 5164 3676 5260; baseline -0.018 -15"><span class='ocrx_word' id='word_1_806' title='bbox 2106 5188 2372 5260; x_wconf 64' lang='lat' dir='ltr'><strong>propheta!</strong></span> <span class='ocrx_word' id='word_1_807' title='bbox 2398 5184 2568 5251; x_wconf 82' lang='lat' dir='ltr'><strong>illius,</strong></span> <span class='ocrx_word' id='word_1_808' title='bbox 2600 5182 2697 5246; x_wconf 81' lang='lat' dir='ltr'><strong>ait,</strong></span> <span class='ocrx_word' id='word_1_809' title='bbox 2721 5188 2816 5234; x_wconf 88' lang='lat' dir='ltr'><strong>aut</strong></span> <span class='ocrx_word' id='word_1_810' title='bbox 2852 5174 3170 5233; x_wconf 87' lang='lat' dir='ltr'><strong>somniantis</strong></span> <span class='ocrx_word' id='word_1_811' title='bbox 3206 5170 3468 5226; x_wconf 87' lang='lat' dir='ltr'><strong>somnium</strong></span> <span class='ocrx_word' id='word_1_812' title='bbox 3519 5164 3676 5228; x_wconf 86' lang='lat' dir='ltr'><strong>illud,</strong></span> 
     </span>
    </p>
   </div>
   <div class='ocr_carea' id='block_1_110' title="bbox 2110 5261 3679 5352">
    <p class='ocr_par' dir='ltr' id='par_1_110' title="bbox 2110 5261 3679 5352">
     <span class='ocr_line' id='line_1_110' title="bbox 2110 5261 3679 5352; baseline -0.017 -17"><span class='ocrx_word' id='word_1_813' title='bbox 2110 5268 2424 5352; x_wconf 18' lang='lat' dir='ltr'><strong>quia‘tentat</strong></span> <span class='ocrx_word' id='word_1_814' title='bbox 2461 5292 2550 5330; x_wconf 73' lang='lat' dir='ltr'><strong>vos</strong></span> <span class='ocrx_word' id='word_1_815' title='bbox 2570 5272 2842 5333; x_wconf 81' lang='lat' dir='ltr'><strong>Dominus</strong></span> <span class='ocrx_word' id='word_1_816' title='bbox 2873 5268 3036 5332; x_wconf 84' lang='lat' dir='ltr'><strong>Deus,</strong></span> <span class='ocrx_word' id='word_1_817' title='bbox 3068 5274 3125 5318; x_wconf 85' lang='lat' dir='ltr'><strong>ut</strong></span> <span class='ocrx_word' id='word_1_818' title='bbox 3158 5265 3338 5333; x_wconf 82' lang='lat' dir='ltr'><strong>palam</strong></span> <span class='ocrx_word' id='word_1_819' title='bbox 3362 5261 3457 5330; x_wconf 80' lang='lat' dir='ltr'><strong>ﬁat</strong></span> <span class='ocrx_word' id='word_1_820' title='bbox 3492 5266 3679 5312; x_wconf 82' lang='lat' dir='ltr'><strong>utrum</strong></span> 
     </span>
    </p>
   </div>
   <div class='ocr_carea' id='block_1_111' title="bbox 2109 5348 3681 5444">
    <p class='ocr_par' dir='ltr' id='par_1_111' title="bbox 2109 5348 3681 5444">
     <span class='ocr_line' id='line_1_111' title="bbox 2109 5348 3681 5444; baseline -0.017 -16"><span class='ocrx_word' id='word_1_821' title='bbox 2109 5348 2348 5444; x_wconf 84' lang='lat' dir='ltr'><strong>diligatis</strong></span> <span class='ocrx_word' id='word_1_822' title='bbox 2400 5367 2688 5423; x_wconf 86' lang='lat' dir='ltr'><strong>Dominum</strong></span> <span class='ocrx_word' id='word_1_823' title='bbox 2738 5363 2908 5418; x_wconf 88' lang='lat' dir='ltr'><strong>Deum</strong></span> <span class='ocrx_word' id='word_1_824' title='bbox 2963 5354 3194 5414; x_wconf 82' lang='lat' dir='ltr'><strong>vestrum</strong></span> <span class='ocrx_word' id='word_1_825' title='bbox 3233 5356 3298 5411; x_wconf 86' lang='lat'><strong>&#39;“.</strong></span> <span class='ocrx_word' id='word_1_826' title='bbox 3342 5352 3541 5408; x_wconf 83' lang='lat' dir='ltr'><strong>Verum</strong></span> <span class='ocrx_word' id='word_1_827' title='bbox 3590 5348 3681 5402; x_wconf 88' lang='lat' dir='ltr'><strong>hic</strong></span> 
     </span>
    </p>
   </div>
   <div class='ocr_carea' id='block_1_112' title="bbox 2108 5447 3681 5525">
    <p class='ocr_par' dir='ltr' id='par_1_112' title="bbox 2108 5447 3681 5525">
     <span class='ocr_line' id='line_1_112' title="bbox 2108 5447 3681 5525; baseline -0.017 -2"><span class='ocrx_word' id='word_1_828' title='bbox 2108 5466 2426 5523; x_wconf 83' lang='lat' dir='ltr'><strong>dualitatem</strong></span> <span class='ocrx_word' id='word_1_829' title='bbox 2456 5458 2639 5514; x_wconf 88' lang='lat' dir='ltr'><strong>Patris</strong></span> <span class='ocrx_word' id='word_1_830' title='bbox 2663 5466 2717 5513; x_wconf 88' lang='lat' dir='ltr'><strong>et</strong></span> <span class='ocrx_word' id='word_1_831' title='bbox 2755 5456 2875 5525; x_wconf 86' lang='lat' dir='ltr'><strong>ejus</strong></span> <span class='ocrx_word' id='word_1_832' title='bbox 2906 5449 3172 5524; x_wconf 82' lang='lat' dir='ltr'><strong>unigeniti</strong></span> <span class='ocrx_word' id='word_1_833' title='bbox 3213 5447 3338 5503; x_wconf 86' lang='lat' dir='ltr'><strong>Filii</strong></span> <span class='ocrx_word' id='word_1_834' title='bbox 3378 5458 3681 5515; x_wconf 65' lang='lat' dir='ltr'><strong>repraesen-</strong></span> 
     </span>
    </p>
   </div>
   <div class='ocr_carea' id='block_1_113' title="bbox 2108 5536 3660 5627">
    <p class='ocr_par' dir='ltr' id='par_1_113' title="bbox 2108 5536 3660 5627">
     <span class='ocr_line' id='line_1_113' title="bbox 2108 5536 3660 5627; baseline -0.015 -14"><span class='ocrx_word' id='word_1_835' title='bbox 2108 5566 2254 5623; x_wconf 82' lang='lat' dir='ltr'><strong>tans,</strong></span> <span class='ocrx_word' id='word_1_836' title='bbox 2286 5557 2519 5612; x_wconf 87' lang='lat' dir='ltr'><strong>alterum</strong></span> <span class='ocrx_word' id='word_1_837' title='bbox 2569 5551 2792 5627; x_wconf 78' lang='lat' dir='ltr'><strong>quidem</strong></span> <span class='ocrx_word' id='word_1_838' title='bbox 2825 5546 3116 5604; x_wconf 90' lang='lat' dir='ltr'><strong>Dominum</strong></span> <span class='ocrx_word' id='word_1_839' title='bbox 3154 5548 3454 5600; x_wconf 87' lang='lat' dir='ltr'><strong>tentantem</strong></span> <span class='ocrx_word' id='word_1_840' title='bbox 3502 5536 3660 5609; x_wconf 87' lang='lat' dir='ltr'><strong>appet</strong></span> 
     </span>
    </p>
   </div>
   <div class='ocr_carea' id='block_1_114' title="bbox 2107 5632 3679 5720">
    <p class='ocr_par' dir='ltr' id='par_1_114' title="bbox 2107 5632 3679 5720">
     <span class='ocr_line' id='line_1_114' title="bbox 2107 5632 3679 5720; baseline -0.014 -14"><span class='ocrx_word' id='word_1_841' title='bbox 2107 5654 2203 5720; x_wconf 89' lang='lat' dir='ltr'><strong>lat,</strong></span> <span class='ocrx_word' id='word_1_842' title='bbox 2234 5654 2464 5708; x_wconf 87' lang='lat' dir='ltr'><strong>alterum</strong></span> <span class='ocrx_word' id='word_1_843' title='bbox 2489 5662 2612 5705; x_wconf 86' lang='lat' dir='ltr'><strong>esse</strong></span> <span class='ocrx_word' id='word_1_844' title='bbox 2643 5642 2932 5701; x_wconf 86' lang='lat' dir='ltr'><strong>Dominum</strong></span> <span class='ocrx_word' id='word_1_845' title='bbox 2964 5640 3093 5695; x_wconf 87' lang='lat' dir='ltr'><strong>item</strong></span> <span class='ocrx_word' id='word_1_846' title='bbox 3130 5644 3187 5694; x_wconf 90' lang='lat' dir='ltr'><strong>et</strong></span> <span class='ocrx_word' id='word_1_847' title='bbox 3208 5634 3375 5692; x_wconf 89' lang='lat' dir='ltr'><strong>Deum</strong></span> <span class='ocrx_word' id='word_1_848' title='bbox 3397 5632 3679 5695; x_wconf 79' lang='lat' dir='ltr'><strong>dilectum.</strong></span> 
     </span>
    </p>
   </div>
   <div class='ocr_carea' id='block_1_115' title="bbox 511 5779 2117 5895">
    <p class='ocr_par' dir='ltr' id='par_1_115' title="bbox 511 5779 2117 5895">
     <span class='ocr_line' id='line_1_115' title="bbox 511 5779 2117 5895; baseline 0 -23"><span class='ocrx_word' id='word_1_849' title='bbox 511 5820 553 5853; x_wconf 75' lang='lat'>”</span> <span class='ocrx_word' id='word_1_850' title='bbox 573 5818 766 5873; x_wconf 75' lang='lat' dir='ltr'><strong>Matth.</strong></span> <span class='ocrx_word' id='word_1_851' title='bbox 812 5834 886 5886; x_wconf 82' lang='lat' dir='ltr'><strong>tv,</strong></span> <span class='ocrx_word' id='word_1_852' title='bbox 928 5819 983 5876; x_wconf 83' lang='lat'><strong>6.</strong></span> <span class='ocrx_word' id='word_1_853' title='bbox 1028 5822 1093 5895; x_wconf 32' lang='grc' dir='ltr'><strong>,⁷ο</strong></span> <span class='ocrx_word' id='word_1_854' title='bbox 1122 5817 1283 5873; x_wconf 81' lang='lat' dir='ltr'><strong>Joan.</strong></span> <span class='ocrx_word' id='word_1_855' title='bbox 1323 5779 1398 5885; x_wconf 50' lang='grc' dir='ltr'>ξι,</span> <span class='ocrx_word' id='word_1_856' title='bbox 1425 5820 1512 5875; x_wconf 77' lang='lat'><strong>50.</strong></span> <span class='ocrx_word' id='word_1_857' title='bbox 1591 5819 1632 5851; x_wconf 87' lang='grc'>⁷¹</span> <span class='ocrx_word' id='word_1_858' title='bbox 1670 5817 1825 5873; x_wconf 80' lang='lat' dir='ltr'><strong>Deut.</strong></span> <span class='ocrx_word' id='word_1_859' title='bbox 1857 5831 1977 5881; x_wconf 80' lang='lat' dir='ltr'><strong>xui,</strong></span> <span class='ocrx_word' id='word_1_860' title='bbox 2010 5814 2117 5872; x_wconf 76' lang='grc'><strong>1-5.</strong></span> 
     </span>
    </p>
   </div>
  </div>
