4112 6474
1410 362 1469 418 S.
1509 360 1883 418 EUSTATHI!
1920 361 2228 421 EPISCOPI
2264 358 2682 423 ANTIOCHENI

3552 370 3653 427 66‘

429 489 492 536 ut
520 485 623 536 hoc
658 492 885 536 numero
934 477 1147 534 binario
1194 494 1358 536 unam
1409 480 1674 538 Deitatem
1718 483 1992 554 probaret,

2096 486 2202 540 τοῦ
2243 486 2392 541 ίὸεῒν
2430 489 2483 542 εὶ
2532 486 2799 558 ἀγαπᾶτε
2849 487 3069 557 Κύριον
3115 487 3225 543 τὸν
3275 488 3424 544 Θεὸν
3467 487 3651 558 ὑμῶν,

429 589 723 645 veramque
776 570 870 627 Dei
921 572 1348 643 generationem.
1401 575 1460 630 Si
1514 585 1694 631 autem
1724 576 1991 647 propheta

430 667 522 722 ille
566 667 660 737 qui
697 664 910 735 signum
972 671 1067 718 aut
1098 672 1412 735 portentum
1464 666 1750 723 ostendere
1787 667 1992 738 promi-

429 764 597 817 serat.
618 754 872 811 omnibus
901 754 1078 812 modis
1106 755 1450 827 abjiciendus
1468 766 1572 823 est,
1588 758 1711 814 ideo
1732 759 1877 830 quod
1896 774 1993 815 ne-

429 846 622 904 farium
675 848 945 903 idolorum
1001 850 1221 904 cultum'
1257 849 1646 915 introduceret,
1680 850 1808 906 licet
1846 850 1989 923 signi

426 940 668 1012 potentia
699 942 1060 1012 praecesserit,
1077 950 1284 1014 quanto
1306 945 1481 1015 magis
1511 944 1764 1010 daemoni,
1798 946 1889 1016 qui
1922 944 1993 1000 ab

425 1028 618 1085 inferis
648 1030 877 1100 spiritus
922 1031 1200 1101 justorum
1233 1048 1463 1090 evocare
1501 1034 1809 1105 pollicetur,
1842 1037 1993 1091 nulla

426 1121 563 1178 ﬁdes
590 1130 676 1179 est
720 1122 1062 1179 adhibenda?
1096 1123 1267 1181 Nemo
1297 1134 1558 1196 praeterea
1610 1128 1860 1199 quamvis
1890 1128 1993 1183 im-

424 1216 550 1285 pius
585 1215 810 1280 diceret,
836 1216 942 1274 illis
966 1217 1186 1273 oracula
1210 1220 1645 1285 consulentibus,
1674 1219 1846 1276 Deum
1875 1227 1994 1276 ten-

422 1314 631 1363 tantem
677 1307 926 1378 impium,
975 1309 1276 1366 suscitasse
1323 1308 1659 1380 Samuelem;
1694 1321 1753 1367 ut
1791 1312 1993 1369 factum

425 1407 615 1469 postea
670 1401 1022 1456 subsecutum
1052 1401 1315 1458 daemonis
1344 1404 1695 1475 promissioni
1752 1406 1995 1462 ascribe-

422 1496 596 1552 retur,
622 1506 795 1561 eoque
840 1493 1061 1550 nomine
1114 1509 1212 1564 per
1239 1493 1484 1553 fraudem
1524 1497 1729 1553 deleret
1754 1498 1989 1569 aliquos.

423 1581 558 1638 Nam
589 1585 811 1641 omnino
856 1585 1161 1642 cavendum
1194 1595 1335 1654 erat,
1360 1597 1420 1644 ut
1447 1588 1625 1662 legum
1672 1591 1815 1645 lator
1838 1607 1996 1648 man-

422 1673 665 1741 daverat,
723 1691 753 1731 a
784 1676 1030 1734 vaticinii
1091 1679 1315 1736 scelere.
1348 1678 1433 1735 An
1491 1696 1597 1736 non
1643 1682 1870 1753 auguria
1900 1697 1997 1739 eo-

422 1779 654 1835 rumque
708 1781 906 1823 causas
936 1770 1302 1826 exsecrandas
1347 1772 1540 1840 putas?
1568 1786 1751 1828 nonne
1796 1774 1989 1829 vatici-

2104 578 2242 632 Ἀλλ’
2287 577 2519 634 ἐνταῦθα
2568 579 2667 651 μὲν
2706 580 2804 650 τὴν
2850 579 3016 635 δυάδα
3056 578 3267 653 Πατρός
3310 597 3371 633 τε
3421 579 3516 639 καὶ
3554 579 3650 634 τοῦ

2094 668 2414 740 μονογενοῦς
2446 669 2577 723 Υἱοῦ
2605 669 2908 741 παριστῶν,
2938 669 3096 724 ἀλλον
3142 671 3242 741 μέν
3275 670 3367 724 τὸν
3418 668 3647 741 κπειρά-

2092 756 2251 823 ζοντα
2284 756 2487 828 Κύριον
2528 759 2801 830 ὀνομάζει,
2836 758 2994 813 ἀλλον
3027 758 3084 812 δέ
3113 758 3265 831 παρὰ
3302 755 3488 811 τοῦτον
3514 752 3652 817 εἶναι

2090 847 2181 901 τὸν
2206 846 2567 920 ἀγαπώμενον
2604 849 2803 920 Κύριόν
2832 866 2891 904 τε
2930 850 3023 904 καὶ
3050 849 3202 914 Θεὸν,
3238 849 3326 902 ἵνα
3366 849 3431 901 ἐκ
3465 847 3648 913 δυάδος

2089 940 2187 1013 τὴν
2215 940 2345 1012 μίαν
2366 940 2617 1013 ἀποδείξῃ
2652 941 2879 1013 θεότητα
2903 942 2997 996 καὶ
3020 941 3119 1012 τὴν
3150 939 3322 1010 ἀληθῆ
3356 937 3649 1006 θεογονίαν.

2090 1034 2156 1088 Εί
2191 1034 2249 1088 δὲ
2275 1037 2303 1089 6
2331 1035 2617 1106 προφήτης
2644 1035 2847 1098 ἐκεῖνος
2874 1036 2903 1087 6
2929 1034 2990 1087 τὸ
3028 1034 3253 1105 σημεῖον
3289 1031 3649 1101 ὑποσχόμενος

2092 1126 2126 1198 ἢ
2156 1125 2219 1180 τὸ
2255 1126 2420 1198 τέρας
2448 1122 2722 1191 ὑποδεῖξαι
2763 1123 3109 1179 παντάπασιν
3150 1123 3473 1195 ἀποκριτέος
3516 1123 3651 1187 ἐστὶ,

2090 1216 2170 1289 τῷ
2215 1217 2314 1290 τὴν
2345 1217 2601 1289 ἀθέμιτον
2627 1216 3065 1287 εἰδωλολατρείαν
3094 1214 3449 1286 εἰσηγεῖσθαι,
3489 1214 3592 1268 κᾶν
3618 1218 3651 1286 ἡ

2090 1308 2185 1362 τοῦ
2216 1309 2440 1382 σημείου
2467 1309 2695 1380 δύναμις
2735 1306 3031 1380 ἐνεργοῦσα
3060 1307 3337 1379 προτρέχῃ
3356 1322 3369 1336 ·
3414 1306 3564 1376 πόσῳ
3591 1304 3654 1376 δὴ

2095 1399 2296 1472 μᾶλλον
2346 1401 2407 1455 οὑ
2449 1400 2556 1474 χρὴ
2602 1400 2813 1471 δαίμονι
2875 1397 3147 1452 πιστεύειν
3206 1396 3656 1468 ἐπαγγελλομένῳ

2091 1492 2270 1564 ψυχὰς
2320 1492 2379 1560 ἐξ
2427 1493 2553 1565 ᾅδου
2606 1491 3058 1564 μεταπέμπεσθαι
3105 1492 3197 1546 καὶ
3245 1491 3529 1562 πνεύματα
3577 1490 3656 1544 δι·-

2093 1584 2293 1650 καίων;
2340 1583 2479 1638 Ἀλλ’
2510 1584 2630 1638 οὐδέ
2658 1585 2791 1655 φαίη
2822 1601 2906 1649 τις
2935 1584 3000 1638 ἂν
3024 1584 3259 1649 ἀσεϐῶν,
3287 1584 3369 1637 ὅτι
3397 1600 3657 1654 μαντευο-

2097 1676 2272 1749 μένων
2302 1676 2526 1731 ἐκείνων
2549 1680 2577 1732 ό
2604 1678 2738 1742 Θεὸς
2770 1677 3036 1748 ἀνέστησε
3067 1678 3159 1732 τὸν
3186 1678 3438 1750 Σαμουὴλ
3468 1679 3658 1733 ἐκπει-

2096 1770 2259 1843 ράσαι
2288 1770 2379 1824 τὸν
2407 1769 2592 1826 ἄδικον
2636 1758 2859 1836 ἐθέλων,
2899 1771 2986 1824 ἵνα
3019 1770 3300 1843 ἐπιγράψῃ
3325 1774 3392 1843 τῇ
3424 1769 3519 1824 τοῦ
3546 1770 3659 1825 δαί-

422 1856 672 1913 nationes
714 1858 1132 1933 engastrimythi
1172 1872 1226 1917 et
1262 1839 1494 1916 sortium
1538 1863 1824 1935 symbola?
1852 1865 1994 1922 Audi

2097 1839 2256 1933 μονος
2286 1861 2587 1933 ἐπαγγελίᾳ
2614 1861 2676 1916 τὸ
2712 1861 2916 1934 δρᾶμα,
2948 1862 3043 1916 καὶ
3073 1839 3165 1917 sui
3523 1880 3659 1935 προ-

421 1961 542 2017 qua:
562 1947 723 2018 paulo
743 1960 865 2018 post
887 1949 1083 2004 iterum
1104 1952 1397 2022 praecepit:
1419 1951 1481 2007 Si
1503 1953 1769 2009 introieris
1799 1956 1854 2009 in
1891 1964 1996 2011 ter-

421 2056 537 2093 ram
568 2057 727 2112 quam
750 2039 1009 2097 Dominus
1028 2041 1169 2098 Deus
1190 2052 1311 2098 tuus
1333 2042 1427 2098 dat
1458 2046 1574 2110 tibi,
1594 2062 1698 2101 non
1718 2045 1888 2102 disces
1909 2047 1996 2116 fa-

315 2132 326 2140 ’
420 2142 530 2183 cere
548 2128 832 2183 secundum
849 2129 1265 2187 abominationes
1282 2134 1499 2189 illarum
1516 2137 1768 2207 gentium.
1786 2135 1908 2192 Non
1920 2139 1997 2193 in-

418 2221 657 2275 ueniatur
677 2222 733 2276 in
751 2230 801 2277 te
820 2223 910 2293 qui
928 2222 1113 2279 lustret
1127 2224 1301 2294 ﬁlium
1318 2243 1473 2280 suum
1491 2229 1569 2282 vet
1582 2227 1750 2296 ﬁliam
1772 2245 1925 2283 suam
1941 2230 1997 2284 in

419 2313 558 2384 igne,
573 2323 625 2369 et
646 2315 940 2371 vaticinans
959 2317 1234 2383 vaticinia,
1251 2327 1302 2373 et
1323 2320 1533 2375 mittens
1550 2329 1738 2385 sortes,
1755 2329 1805 2375 et
1827 2337 1997 2391 augu-

412 2420 546 2462 rans
576 2407 1028 2464 incantationibus
1071 2410 1507 2479 incarnationem,
1539 2413 1915 2485 eentriloquus,
1944 2423 1995 2468 et

416 2510 778 2568 portentorum
817 2502 1098 2573 inspector,
1138 2514 1193 2559 et
1218 2506 1550 2577 interrogans
1608 2516 1840 2562 mortuas
1871 2523 1890 2562 :
1918 2516 1995 2563 est

417 2593 559 2647 enim
613 2592 935 2649 abominatio
984 2595 1215 2652 Domino
1262 2599 1433 2653 omnis
1476 2599 1567 2671 qui
1605 2599 1737 2669 facit
1775 2599 1886 2655 hare
1920 2601 1990 2655 τ’.

418 2681 548 2740 Post
577 2685 692 2742 haec
721 2688 954 2745 innuens
981 2690 1148 2745 etiam
1171 2690 1495 2762 alienigenis
1534 2701 1821 2763 propterea
1854 2708 1997 2747 mor-

418 2782 526 2831 tem
585 2785 638 2833 et
696 2778 1122 2835 internecionem
1181 2780 1400 2846 minari,
1462 2781 1646 2836 statim
1701 2782 1990 2839 subdidit:

418 2867 644 2938 Propter
666 2872 805 2925 enim
834 2872 970 2928 tales
1013 2873 1430 2928 abominationes
1461 2873 1717 2930 Dominus
1755 2876 1997 2930 extermi-

418 2960 567 3014 nabit
597 2962 724 3017 ilIos
757 2981 789 3017 a
826 2972 892 3018 te.
940 2963 1291 3019 Manifestum
1345 2965 1530 3037 itaque
1572 2975 1686 3030 est,
1723 2967 1994 3039 engastri-

419 3051 590 3122 mythi
612 3053 1058 3111 vaticinationem
1099 3071 1226 3111 cum
1271 3056 1485 3112 caeteris
1526 3055 1845 3113 idololatria:
1874 3075 1996 3114 cau-

419 3143 499 3198 sis
542 3143 893 3213 conjunctam
921 3162 1063 3203 esse.
1098 3145 1178 3202 ita
1208 3148 1352 3204 enim
1388 3147 1445 3201 in
1476 3146 1719 3205 febribus
1761 3150 1994 3207 internae

419 3235 609 3291 sordes
657 3236 910 3291 morbum
966 3238 1285 3301 incendunt,
1340 3239 1674 3311 vitiososque
1733 3245 1991 3301 humores

419 3335 715 3393 exacuunt,
762 3328 898 3385 adeo
930 3338 989 3385 ut
1027 3346 1093 3386 ex
1129 3338 1344 3388 tumore
1398 3345 1452 3392 et
1503 3336 1856 3405 corruptione
1883 3338 1993 3407 ple-

419 3437 649 3493 rumque
683 3430 887 3492 pestem
917 3422 1178 3479 inferant.
1217 3422 1281 3478 Et
1332 3424 1460 3481 dum
1509 3434 1882 3498 portentorum
1914 3429 1993 3483 in-

421 3514 729 3583 spectiones
770 3515 958 3571 tristes
990 3516 1235 3573 visiones
1265 3519 1502 3584 vocavit,
1535 3535 1657 3590 quae
1699 3536 1796 3590 per
1823 3519 1992 3589 Euga-

419 3604 740 3677 strimythos
792 3605 949 3661 facta:
996 3604 1229 3663 historia
1283 3607 1596 3673 traduntur,
1628 3609 1880 3679 probavit
1936 3612 1992 3665 in

420 3696 529 3751 illis
556 3696 693 3750 nihil
729 3697 843 3751 veri
885 3697 1176 3755 contineri.
1208 3698 1354 3765 Ideo,
1400 3707 1459 3755 ut
1484 3701 1761 3768 existimo,
1797 3718 1992 3758 rursus

418 3789 474 3844 in
494 3787 739 3846 Levitico
773 3790 1103 3846 atrociorem
1138 3799 1329 3847 contra
1350 3808 1446 3848 eos
1470 3793 1798 3849 sententiam
1828 3795 1989 3860 dixit,

419 3880 509 3936 his
564 3881 700 3952 ipsis
748 3881 931 3937 verbis
980 3889 1258 3953 peractam
1293 3902 1306 3938 :
1339 3882 1409 3937 Et
1452 3884 1532 3938 vir
1577 3893 1671 3937 aut
1700 3883 1909 3950 mulier,
1945 3886 1991 3940 si

420 3973 553 4044 facti
593 3974 791 4044 fuerint
834 3975 1141 4047 ventriloqui
1176 3976 1254 4032 vel
1300 3977 1663 4033 incantatores
1704 3977 1844 4047 apud
1880 3995 1991 4042 vos,

421 4075 589 4120 morte
654 4068 1001 4132 moriantur;
1070 4068 1337 4138 lapidibus
1399 4069 1523 4124 illos
1588 4069 1793 4124 obruite
1848 4086 1868 4124 :
1918 4071 1994 4124 rei

419 4168 545 4213 sunt
580 4160 650 4214 ’³.

2095 1944 2310 2023 φάσεως
2373 1954 2557 2026 ἀπάτῃ
2627 1953 2825 2027 φθείρῃ
2902 1954 3084 2018 τινάς·
3147 1954 3358 2026 ἀνάγκη
3432 1954 3543 2027 γάρ
3599 1955 3661 2020 ἐξ

2094 2046 2332 2109 ἅπαντος
2380 2044 2739 2116 φυλάττεσθαι
2776 2046 2838 2099 τὸ
2878 2046 2977 2118 τῆς
3025 2046 3280 2118 μαντείας
3326 2046 3479 2115 ἄγος,
3526 2046 3601 2110 ὡς
3630 2049 3659 2101 6

2094 2136 2389 2210 νομοθέτης
2416 2136 2719 2191 ἐθέσπισεν·
2748 2136 2859 2190 ἀλλ’
2893 2137 2955 2190 οὐ
2987 2136 3207 2210 μυσαρά
3237 2155 3320 2201 τις
3347 2138 3561 2208 ἡγεῖται
3589 2137 3685 2199 τά,

2093 2227 2195 2298 τῆς
2233 2226 2620 2290 οἰωνοσκοπίας
2660 2225 2827 2290 αἴτια,
2858 2226 2956 2281 καὶ
2983 2227 3052 2281 τά
3081 2227 3181 2298 τῆς
3222 2228 3657 2300 ἐγγαστριμύθον

2099 2321 2325 2390 μαντεῖα
2353 2320 2447 2373 καὶ
2471 2318 2711 2392 σύμϐολα
2743 2321 3039 2395 κλῃδόνων;
3077 2320 3347 2376 Ἀκουέτω
3367 2320 3483 2385 πῶς
3506 2320 3662 2391 ὀλίγα

2097 2410 2332 2482 πρόσθεν
2357 2411 2600 2483 ὑπερϐάς
2624 2412 2943 2482 ἐδογμάτισε
2967 2413 3154 2468 πάλιν·
3195 2412 3328 2466 Ἐὰν
3350 2411 3439 2475 δὲ,
3470 2413 3660 2483 φησὶν,

2095 2504 2374 2575 είσέλθῃς
2405 2507 2492 2571 είς
2521 2504 2638 2574 τὴν
2673 2504 2791 2576 γῆν
2819 2504 2900 2574 ἤν
2946 2508 3160 2575 Κύριος
3187 2509 3219 2560 ὀ
3255 2506 3399 2572 Θεός
3428 2520 3543 2561 σου
3580 2505 3662 2559 δι’·

2093 2595 2245 2650 δωσί
2267 2612 2386 2661 σοι,
2415 2598 2487 2650 οὑ
2514 2595 2763 2666 μαθήσῃ
2784 2596 2980 2651 ποιεῖν
2998 2597 3147 2651 κατὰ
3175 2596 3246 2651 τὰ
3270 2596 3662 2668 ,ϐδελύγματα

2095 2688 2212 2744 τῶν
2256 2691 2447 2747 ἐθνῶν
2490 2689 2769 2744 ἐκείνων
2834 2692 2944 2759 οὐχ
2999 2688 3382 2759 εὑρεθήσεται
3436 2691 3507 2745 ἐν
3559 2690 3660 2744 σοὶ

2094 2780 2525 2849 περικαθαίρων
2559 2779 2667 2834 τὸν
2709 2777 2843 2834 υίὸν
2879 2780 3065 2834 αὑτοῦ
3098 2779 3197 2833 καὶ
3221 2780 3336 2849 τὴν
3371 2780 3662 2850 θυγατέρα

2094 2872 2281 2927 αὐτοῦ
2316 2872 2386 2927 ἐν
2429 2872 2596 2941 πυρὶ,
2632 2871 2731 2925 καί
2765 2872 3206 2942 μαντευόμενος
3223 2873 3529 2942 μαντείαν,
3563 2871 3663 2926 καὶ

2095 2959 2612 3031 κλῃδονιζόμενος,
2697 2961 2799 3015 καὶ
2865 2960 3264 3030 οἰωνιζόμενος
3325 2962 3658 3043 φαρμακοις

2093 3052 2404 3121 ἐπαοιδὴν,
2436 3053 2922 3125 ἐγγαστρίμυθος,
2957 3054 3415 3120 τερατοσκόπος,
3447 3052 3663 3122 ἐπερω-

2095 3145 2214 3201 τῶν
2240 3146 2382 3213 τοὺς
2401 3148 2672 3215 νεκρούς·
2700 3145 2833 3201 ἐστι
2859 3147 2968 3216 τὰρ
2989 3144 3304 3215 βδέλυγμα
3325 3147 3518 3214 Κιρίῳ
3547 3144 3665 3214 πᾶς

2097 3244 2130 3295 ὁ
2174 3241 2359 3295 ποιῶν
2397 3241 2606 3319 ταῷτα.
2652 3239 2808 3294 Μετὰ
2846 3238 3004 3293 τοῦτο
3050 3238 3286 3311 μηνύων,
3320 3239 3400 3292 ὅτι
3434 3240 3663 3303 καὶτοῖς

2098 3332 2409 3403 ἀλλογενέσι
2452 3332 2542 3386 διὰ
2585 3331 2759 3387 ταῦτα
2800 3330 3030 3386 θανάτου
3073 3330 3283 3399 γένεσιν
3322 3330 3534 3384 ἀπειλεί
3573 3331 3666 3385 κα)⁹

2099 3425 2336 3497 φθορὰν,
2382 3426 2661 3497 ἐπήγαγεν
2701 3424 2902 3488 εὐθέως
2927 3441 2941 3456 ο
2976 3425 3198 3480 Ἕνεκα
3229 3424 3337 3493 γὰρ
3372 3421 3493 3477 τῶν
3521 3421 3667 3488 ,βδε-

2096 3515 2413 3587 λυγμάτων
2430 3517 2654 3570 τούτων
2663 3516 2873 3584 Κύριος
2888 3514 3302 3583 ἐξολοθρεύσει
3317 3515 3535 3580 αὐτοὺς
3549 3513 3667 3569 ἀπὸ

2098 3610 2232 3664 σοῦ.
2267 3608 2517 3662 Φαίνεται
2562 3606 2760 3673 τοίνυν,
2803 3607 2879 3670 ὡς
2912 3609 2946 3679 ἡ
2984 3607 3210 3678 μαντεία
3250 3607 3349 3678 τῆς
3377 3608 3666 3677 ἐγγαστρι-

2103 3699 2271 3770 μύοου
2314 3697 2663 3764 συνέζευκται
2700 3697 2839 3769 μετά
2885 3696 3103 3750 πάντων
3131 3696 3265 3764 ὁμοῦ
3301 3696 3408 3750 τῶν
3458 3697 3557 3767 τῆς
3588 3696 3667 3749 εί-

2096 3790 2489 3862 δωλολατρείας
2535 3786 2757 3843 αἰτιῶνο
2807 3788 2995 3859 ῶσπερ
3031 3788 3090 3844 ἐν
3130 3787 3347 3859 πυρετῷ
3389 3787 3669 3842 σκυϐάλων

2097 3882 2305 3937 ἔνδοθεν
2370 3884 2746 3956 ὑποκειμένων
2813 3881 3113 3956 ἐγερτικῶν
3181 3882 3279 3952 μὲν
3334 3881 3664 3953 ἀρρωστίας,

2098 3976 2537 4048 ὑπεκκαυμάτων
2568 3977 2626 4030 δὲ
2660 3975 2967 4047 μοχθηρῶν,
3005 3973 3205 4046 οίδήσει
3238 3974 3332 4026 καὶ
3365 3972 3540 4045 φθορᾷ
3566 3972 3666 4042 τὴν

2098 4067 2316 4141 λυμώδη
2358 4068 2509 4123 νόσον
2551 4068 2811 4121 ἀποκύειν
2843 4065 3132 4120 εἰωθότων.
3167 4066 3231 4118 Εἰ
3262 4065 3318 4118 δὲ
3349 4064 3413 4135 δὴ
3444 4065 3537 4118 καὶ
3577 4080 3666 4116 τε·

2102 4162 2468 4236 ρατοσκοπίας
2518 4142 2764 4233 ὠνόμασε
2807 4159 2906 4223 τὰς
2944 4160 3186 4231 ἀμειδεῖς
3225 4158 3523 4241 ὀπτασίας,⁴
3540 4156 3662 4209 ὅσαι

420 4251 508 4306 διὰ
532 4251 640 4307 τῶν
669 4254 1122 4327 ἐγγαστριμύθων
1149 4256 1504 4329 ἱστοροῦνται,
1538 4259 1881 4331 συνέστησεν,
1905 4260 1986 4313 ὅτι
2020 4259 2185 4331 μηδέν
2208 4260 2355 4312 ἐστιν
2378 4257 2574 4329 ἀληθὲς
2601 4257 2659 4309 ἐν
2683 4256 2865 4319 αὑτοῖς
2913 4271 2927 4286 ·
2960 4254 3226 4318 ἐντεῦθεν,
3284 4249 3455 4323 οἶμαι,
3505 4251 3667 4304 πάλιν

421 4348 480 4400 ἐν
510 4348 588 4421 τῷ
619 4349 888 4423 Λευῖτικῷ
927 4351 1383 4425 σκυθρωποτέραν
1420 4355 1693 4424 ἀπόφασιν
1748 4356 2006 4429 ἐξήνεγκε
2065 4357 2183 4410 κατ’
2217 4355 2414 4419 αὑτῶν,
2449 4350 2745 4422 ἐπαγαγὼν
2786 4352 2967 4414 αὐτοῖς
3000 4352 3226 4423 ρήμασι’
3282 4351 3392 4405 Καὶ
3436 4347 3595 4417 ἀνὴρ
3627 4348 3666 4418 ἢ

419 4444 597 4514 τυνὴν
625 4444 884 4517 φάμενος,
911 4446 989 4501 ἂν
1013 4446 1252 4518 γένηται
1280 4451 1748 4524 ἐγγαστρίμυθος
1774 4453 1813 4523 ἢ
1838 4451 2112 4516 ἐπαοιδός
2164 4452 2236 4507 ἐν
2280 4451 2444 4523 ὑμῖν,
2494 4447 2723 4511 θανάτῳ
2776 4446 3301 4509 θανατούσθωσαν,
3339 4444 3531 4510 λίθοις
3586 4443 3650 4497 λί

422 4543 774 4597 θοϐολίσατε
802 4544 1024 4611 αὐτούς
1041 4562 1055 4575 ο
1087 4544 1290 4617 ἔνοχοί
1315 4549 1497 4603 εἰσιν.

491 4631 664 4691 XXV.
703 4632 845 4700 Quid
873 4635 964 4691 hic
1019 4637 1187 4709 igitur
1238 4639 1424 4695 dicent
1469 4640 1563 4711 qui
1602 4655 1774 4696 novas
1813 4639 1994 4713 Orige-

2166 4635 2334 4692 XXV.
2374 4634 2441 4687 Τί
2492 4632 2671 4687 τοίνυν
2720 4632 2879 4702 φασὶν
2914 4630 2965 4685 οἱ
2991 4628 3090 4693 τὰς
3142 4626 3449 4698 Ὠριγένους
3491 4628 3671 4682 ἀσπα-

423 4727 513 4786 nis
579 4727 881 4784 sententias
955 4728 1362 4801 amplectendas
1434 4746 1557 4789 esse
1626 4732 1996 4789 contendunt?

425 4816 624 4873 Utrum
648 4815 816 4871 veluti
840 4815 1204 4886 pessimarum
1244 4820 1446 4875 artium
1472 4830 1789 4891 operatores
1817 4820 1997 4895 Enga-

425 4908 748 4980 strimythos
782 4908 937 4979 jubet
987 4911 1187 4977 occidi,
1218 4912 1305 4968 vel
1346 4928 1377 4967 e
1414 4913 1692 4967 contrario
1731 4914 2000 4971 bonorum

425 5017 651 5074 operum
683 5004 1083 5074 praceptores?
1125 5002 1263 5058 Nam
1324 5003 1373 5059 si
1418 5003 1710 5075 impiorum
1749 5015 1877 5062 sunt
1898 5023 2000 5062 au-

427 5102 608 5153 ctores
630 5096 961 5162 facinorum,
979 5096 1103 5165 jure
1127 5096 1306 5166 legum
1342 5096 1484 5151 lator
1503 5096 1876 5163 detestandos,
1907 5098 2002 5169 qui

429 5187 567 5243 nihil
613 5189 727 5245 veri
777 5174 1160 5261 pronuntiant,
1204 5187 1491 5258 eliminat;
1542 5189 1628 5244 sin
1671 5191 2001 5262 optimarum

429 5280 707 5337 actionum
758 5280 1005 5354 magistri
1041 5287 1191 5346 sunt,
1226 5280 1430 5336 frustra
1479 5281 1537 5337 in
1581 5297 1679 5340 eos
1709 5283 1793 5340 lex
1832 5282 1998 5338 anim-

432 5373 685 5429 advertit.
740 5372 952 5444 Quippe
1002 5373 1049 5430 si
1095 5374 1165 5429 ab
1226 5373 1419 5431 inferis
1488 5376 1702 5431 animas
1760 5375 2001 5432 educunt

430 5480 553 5535 quae
579 5479 706 5520 cum
745 5465 855 5519 huc
884 5464 1204 5522 advenerint
1237 5466 1418 5523 futura
1447 5466 1770 5539 praedicant,
1814 5482 2003 5523 neces-

433 5558 580 5612 saria
613 5556 980 5628 indigentibus
1021 5559 1229 5615 utiliter
1267 5568 1601 5631 suggerunt;
1636 5559 1840 5629 injuste
1869 5575 2000 5632 ergo

431 5650 709 5722 lapidibus
740 5648 900 5705 obrui
927 5650 1303 5709 benefactores
1327 5652 1505 5724 legum
1528 5652 1668 5707 lator
1698 5653 1955 5724 praecepit
1983 5672 1996 5707 :

505 5830 554 5867 ”
576 5831 735 5887 Deut.
762 5847 919 5899 XVIII,
956 5832 1101 5890 9-12.
1162 5833 1209 5867 ⁷³
1228 5832 1395 5891 Lavit.
1434 5850 1528 5899 xx,
1559 5832 1648 5889 27.

2104 4731 2266 4794 στέας
2294 4726 2434 4782 εἶναι
2465 4725 2737 4797 τιθέμενοι
2771 4722 3120 4788 δοξοκοπίας;
3152 4721 3386 4794 Πότερον
3413 4719 3489 4784 ὡς
3531 4718 3673 4790 ἐχθί-

2105 4841 2245 4879 στων
2278 4820 2723 4893 ἐπιτηδευμάτων
2751 4816 2957 4880 αἰτίους
2987 4812 3327 4887 ἀναιρεῖσθαι
3352 4812 3674 4884 προστάττει

2080 4917 2231 4979 -τοὺς
2264 4912 2755 4986 ἐγγαστριμύθους,
2792 4910 2827 4982 ἢ
2852 4907 3159 4964 τούναντίον
3187 4905 3263 4970 ὡς
3292 4904 3514 4974 ἀγαθῶν
3547 4905 3673 4956 ὑπο-

2103 5007 2344 5080 θήμονας
2376 5005 2590 5079 ἔργων;
2622 5006 2684 5058 Et
2721 5002 2818 5074 μὲν
2857 4996 2949 5055 οὖν
2988 4997 3203 5054 ἀσεϐῶν
3236 4995 3344 5050 εἰσὶ
3382 4994 3674 5068 δραμάτων

2103 5099 2416 5171 αὐτουργοὶ,
2445 5096 2667 5160 δικαίως
2693 5097 2722 5149 6
2749 5092 3045 5165 νομοθέτης
3072 5090 3371 5147 ἀπελαύνει
3393 5099 3519 5151 τοὺς
3548 5091 3673 5141 ἐνα-

2104 5194 2243 5262 γεῖς,
2274 5191 2424 5244 οὑδέν
2456 5186 2906 5257 εἰσαγγέλλοντας
2944 5182 3139 5255 ἀληθές
3157 5200 3171 5212 ’
3215 5183 3264 5235 εἰ
3292 5180 3350 5234 δὲ
3378 5178 3673 5233 καλλίστων

2107 5283 2326 5354 εὑρεταὶ
2361 5279 2611 5353 πράξεών
2654 5280 2779 5341 είσι,
2810 5275 3079 5349 περιττῶς
3120 5276 3149 5330 6
3176 5273 3338 5345 νόμος
3375 5270 3672 5342 ἐψηφίσατο

2108 5374 2225 5430 κατ’
2260 5373 2457 5428 αὐτῶν.
2486 5373 2551 5424 Et
2591 5370 2699 5442 γὰρ
2728 5370 2987 5438 ἀνάγουσι
3019 5367 3119 5438 μὲν
3159 5364 3218 5432 ἐξ
3244 5364 3369 5436 ᾅδου
3393 5362 3590 5433 ψυχὰς,
3617 5359 3673 5413 αι

2105 5466 2162 5521 δὲ
2182 5464 2572 5537 ἀφικνούμεναι
2603 5463 2761 5536 δεῦρο
2789 5461 3112 5534 κηρύττουσι
3140 5460 3202 5512 τὸ
3230 5457 3440 5529 μέλλον,
3464 5450 3649 5524 ἐφόδιά

2107 5559 2260 5625 ζουσι
2317 5559 2444 5622 τοὺς
2491 5557 2776 5630 δεομένους
2826 5552 3145 5622 ἐπωφελῶς,
3186 5552 3247 5604 οὑ
3296 5548 3520 5612 δικαίως
3566 5545 3671 5613 ἀρα

2104 5650 2495 5707 λιθοϐολεῖσθαι
2522 5653 2646 5716 τοὺς
2669 5649 2961 5722 εὐεργέτας
2986 5644 3269 5701 ἐθέστ-ισεν
3300 5647 3329 5699 6
3358 5640 3668 5715 νομοθέτης
