4112 6450
383 395 489 450 665
1296 387 1386 442 DE
1417 385 2005 443 ENGASTRIMYTHO
2026 385 2304 443 CONTRA
2331 383 2701 441 ORIGENEM.
3509 383 3615 441 666

380 515 522 570 ὥστε
543 515 688 568 δυοῖν
721 515 934 584 ἀνάγκη
964 513 1210 582 θάτερον,
1235 513 1268 582 ἢ
1303 511 1506 574 ταύτας
1537 509 1834 582 ἀχρειῶσαι
1853 509 1913 562 τὰ

2019 558 2026 571 _
2055 513 2129 563 ita
2165 516 2223 564 ut
2251 524 2420 563 unum
2460 524 2528 563 ex
2570 507 2783 562 duobus
2829 519 3054 562 necesse
3081 502 3228 558 factu
3265 502 3359 567 sit,
3385 509 3480 573 aut
3512 503 3613 560 bas

379 607 584 680 φωνὰς,
619 608 653 678 ἢ
689 607 759 660 τά
800 607 898 677 τῆς
945 603 1381 676 ἐγγαστριμύθου
1429 604 1648 673 ῥήματα
1682 601 1913 655 διαϐαλεῖ

2053 616 2214 656 voces
2248 609 2510 671 tanquam
2540 599 2761 654 inutiles
2799 597 3058 668 abjicere,
3085 597 3168 653 vel
3195 597 3610 668 engastrimythi

379 701 455 764 ὡς
484 700 624 753 ἕωλα
662 701 756 753 καὶ
790 698 982 770 ψευδῆ.
1029 697 1187 751 Ἀλλά
1215 697 1268 750 τί
1295 695 1517 767 φῶμεν;
1563 694 1913 761 Ἀντιδοξοῦσι

2051 695 2214 748 verba
2269 699 2528 764 tanquam
2579 692 2713 747 falsa
2767 698 2927 761 atque
2981 705 3122 745 vana
3161 689 3463 744 criminari.
3503 688 3607 745 Sed

381 792 600 855 ἑαυταῖς
631 795 685 846 αἱ
716 791 854 847 θεῖαι
884 791 1095 862 Γραφαί
1119 807 1134 856 ;
1161 792 1279 853 ταῖς
1307 789 1365 842 δὲ
1397 788 1615 852 πολλαῖς
1643 789 1675 859 ἠ
1717 787 1812 859 μία
1847 787 1913 858 μά

2047 788 2178 857 quid
2225 786 2509 842 dicemus?
2540 785 2858 857 Pugnantne
2902 785 3045 839 inter
3074 800 3132 840 se
3169 799 3338 840 sacrae
3382 783 3612 839 litterae?

380 900 533 954 χεται
573 884 790 954 ψῆφος
834 884 897 936 Et
943 883 986 936 δ’
1033 883 1142 954 ἄρα
1181 882 1274 935 καὶ
1321 881 1465 951 μάχη
1506 881 1589 942 τίς
1627 881 1794 943 ἐστιν,
1827 879 1913 930 ἐπι

2047 890 2116 929 an
2156 891 2263 930 una
2294 876 2562 930 sententia
2601 875 2786 929 multis
2816 873 3173 929 adversatur?
3203 872 3260 927 Si
3288 887 3408 943 qua:
3429 881 3609 928 tamen

378 974 642 1047 κρατοῦσι
692 974 902 1029 πολλαί.
945 974 1054 1027 Καὶ
1108 974 1213 1045 μὴν
1253 975 1318 1025 ἐκ
1347 973 1455 1025 τῶν
1489 970 1745 1024 ἐναντίων
1775 967 1913 1022 οὕτω

2046 969 2190 1023 inter
2233 983 2326 1024 eas
2385 966 2755 1022 controversia
2801 972 2918 1030 est,
2966 964 3163 1035 potiori
3221 979 3410 1020 eorum
3465 967 3608 1036 parti

375 1065 641 1138 ὁμοφώνῳ
683 1066 898 1138 συνοδίᾳ
928 1065 1395 1135 καταψηφίζονται
1426 1063 1533 1116 τῶν
1575 1061 1942 1133 ἐγγαστριμύ-

377 1159 485 1214 θων
513 1161 588 1226 ὡς
616 1161 803 1215 ἀνόσια
833 1160 1094 1232 δρῶνται·
1139 1159 1290 1212 οὐδὲν
1317 1155 1477 1232 ἦττον
1513 1157 1591 1211 ἐτι
1623 1159 1727 1212 κάν
1760 1161 1823 1229 τῇ
1852 1175 1941 1211 τε·

373 1252 547 1326 τάρτῃ
589 1253 696 1306 τῶν
723 1253 1020 1306 Βασιλειῶν
1058 1253 1452 1324 ἀνειλημμένον
1489 1254 1659 1316 ἐστὶν,
1708 1252 1790 1305 ὅτι
1817 1254 1942 1306 Μα-

2043 1063 2224 1134 palma
2264 1060 2444 1116 danda
2497 1066 2602 1114 est.
2663 1056 2729 1111 Et
2774 1064 2953 1112 tamen
3017 1058 3302 1111 contraria:
3355 1057 3609 1112 omnibus

2043 1152 2331 1210 sententiis
2404 1152 2462 1206 in
2521 1150 3072 1222 engastrimythorum
3134 1149 3604 1214 condemnatione,

2043 1255 2300 1317 tanquam
2330 1258 2520 1298 eorum
2558 1243 2651 1313 qui
2695 1242 2862 1312 impie
2890 1249 3076 1312 agunt,
3110 1253 3462 1297 concurrunt.
3495 1242 3607 1298 Nec

371 1345 576 1415 νασσῆς
609 1343 706 1415 μὲν
739 1344 994 1408 ἀσεϐείας
1025 1343 1294 1414 ὑπερϐολῇ
1323 1343 1459 1415 πρὸς
1491 1339 1575 1407 οἷς
1615 1341 1913 1396 ἐδικαιοκτό

2041 1337 2223 1392 minus
2255 1345 2514 1406 praeterea
2543 1335 2599 1388 in
2625 1344 2822 1405 quarto
2848 1334 3054 1406 Regum
3088 1335 3315 1391 relatum
3352 1344 3458 1402 est,
3492 1335 3608 1390 Ma-

371 1450 472 1498 νει,
518 1435 610 1489 καὶ
641 1435 898 1500 παντοίας
928 1435 1260 1507 ἐθρήσκευεν
1304 1435 1737 1507 εἰδωλομόρφους
1785 1433 1913 1496 ὑλας

2040 1443 2258 1483 nassem
2289 1427 2584 1498 impietatis
2612 1442 2862 1490 excessu,
2901 1435 3095 1497 praeter
3119 1427 3391 1497 justorum
3417 1444 3603 1496 neces,

381 1523 695 1591 Ἐποίησεν
749 1525 960 1591 ἐαυτῷ,
1025 1525 1209 1596 φησὶν,
1267 1525 1774 1595 ἐγγαστριμύθους
1839 1543 1913 1578 κα

2037 1517 2293 1572 omnibus
2339 1518 2502 1571 rebus
2545 1531 2664 1587 quae
2696 1516 2838 1571 idola
2871 1533 2983 1587 prae
3040 1533 3099 1574 se
3137 1517 3382 1572 ferebant
3429 1519 3602 1575 servi-

365 1615 666 1685 γνώστας·
715 1617 1084 1689 ἀντιστρόφως
1125 1616 1170 1669 δ’
1221 1611 1286 1670 αὖ
1322 1616 1482 1671 πάλιν
1527 1619 1555 1670 6
1595 1614 1913 1686 δικαιοσύνη

2037 1605 2182 1664 visse
2216 1627 2230 1663 :
2267 1608 2416 1663 Fecit
2445 1608 2548 1663 sibi
2582 1609 2706 1677 ipsi,
2740 1608 2814 1662 ait
2836 1608 2902 1673 7",
2935 1609 3377 1678 engastrimythos
3404 1618 3452 1663 et
3473 1626 3605 1680 gno-

361 1708 530 1779 ἀρετῇ
578 1708 884 1780 διαπρέψας
941 1710 1150 1773 Ἰωσίας
1195 1710 1224 1762 6
1277 1707 1528 1779 βασιλεὺς
1576 1708 1791 1761 ἅπαντα
1837 1707 1913 1777 μέι

2038 1711 2172 1756 stas.
2211 1699 2287 1755 Ex
2322 1701 2494 1756 altera
2546 1715 2674 1756 vero
2720 1710 2897 1773 parte,
2945 1700 3038 1771 qui
3079 1701 3305 1770 justitiaa
3345 1701 3506 1756 laude
3536 1703 3603 1755 il-

359 1797 494 1870 ὀμοῦ
537 1799 606 1853 τὰ
643 1802 996 1873 χειρότευκτα
1029 1801 1276 1856 καθεῖλεν
1309 1799 1677 1872 ἀφιδρύματα,
1722 1799 1852 1871 πυρὶ
1876 1798 1913 1850 δὲ

2037 1791 2195 1856 luxit,
2228 1789 2409 1847 Josias
2443 1807 2538 1846 rex
2581 1806 2770 1846 omnes
2815 1790 2977 1845 simul
3012 1788 3354 1846 manufactas
3392 1799 3602 1845 statuas

359 1859 676 1961 retpptbaaqn
699 1859 991 1962 ήφάνισεψ
1035 1893 1096 1946 οὐ
1149 1892 1254 1964 μὴν
1284 1859 1423 1946 ἀλλά
1443 1859 1526 1960 ’γέ
1560 1859 1695 1963 πρὸς
1723 1859 1913 1952 τούτοις

2035 1885 2299 1953 dejectas,
2333 1885 2459 1955 igne
2491 1893 2844 1954 consumptas
2875 1883 3095 1939 delevit.
3135 1879 3282 1937 lnter
3307 1889 3505 1938 uetera
3545 1887 3602 1938 et

355 1982 624 2052 ἀφεῖλεν,
677 1983 817 2056 ἔφη,
873 1986 1014 2052 τοὺς
1056 1985 1600 2055 ἐγγαστριμύθους,
1646 1982 1743 2037 καὶ
1787 1981 1913 2048 τοὺς

2035 1976 2091 2030 id
2121 1985 2420 2030 memoratu
2449 1976 2671 2048 dignum
2714 1977 2824 2047 egit
2851 1995 2866 2028 :
2900 1975 3154 2041 Sustulit,
3178 1975 3354 2046 inquit
3374 1975 3442 2043 ⁷⁸,
3487 1991 3602 2030 ven-

353 2075 646 2144 τνώστας,
692 2079 794 2132 καὶ
849 2079 922 2133 τὰ
953 2077 1223 2147 θεραφὶμ,
1272 2077 1370 2130 καὶ
1419 2077 1492 2130 τὰ
1541 2075 1779 2140 εἴδωλα,
1829 2077 1928 2130 καὶ

352 2166 426 2220 τὰ
475 2169 823 2234 καρασαείν·
882 2165 1002 2224 εἶτα
1061 2169 1154 2223 καὶ⁹
1221 2169 1338 2240 μετ’
1405 2167 1561 2236 ὀλίγα
1606 2167 1790 2238 φησὶν,
1842 2168 1926 2221 ὅτι

351 2255 445 2308 καὶ
469 2257 851 2326 ἐνεπύρισεν,
879 2260 954 2324 ὼς
988 2259 1221 2330 ἀθέμιτα
1265 2256 1485 2329 δηλαδή.
1519 2257 1817 2326 Τοιγαροῦν
1849 2257 1926 2311 ei-

352 2365 459 2418 περ
489 2351 517 2402 ό
563 2350 728 2416 αὐτός
771 2353 887 2405 ἐστι
920 2353 1270 2424 συγγραφεὺς
1313 2350 1572 2422 ἐκατέρου
1619 2349 1713 2404 τοῦ
1746 2351 1928 2422 γράμ-

352 2457 538 2512 ματος,
585 2444 817 2498 ἐνταῦθα
856 2444 913 2498 δὲ
944 2444 1038 2497 δύο
1069 2443 1336 2516 πρόσωπα
1369 2441 1600 2512 βιολογεί
1641 2442 1920 2512 βασιλέων,

345 2529 466 2586 εἶτα
507 2535 718 2588 τούτοιν
741 2536 802 2589 τὸ
834 2537 931 2606 μὲν
960 2535 1143 2590 ἄδικον
1171 2537 1380 2606 εἰσάγει
1410 2537 1514 2611 [ὅτι
1556 2537 1714 2612 πρὸς]
1742 2539 1922 2604 ἄλλοις

345 2627 518 2680 εἵλετο
544 2629 639 2681 καὶ
671 2627 779 2680 τῶν
804 2627 1277 2699 ἐγγαστριμύθων,
1306 2629 1368 2684 τὸ
1391 2630 1446 2682 δέ
1471 2631 1614 2703 ζήλῳ
1633 2632 1919 2701 διεγηγερσ·

349 2721 509 2790 μένον
544 2721 774 2784 ἐπαινεῖ,
809 2719 889 2790 τῷ
926 2721 1019 2774 xat
1055 2722 1181 2785 τοὺς
1219 2722 1689 2794 ἐγγαστριμύθους
1729 2722 1917 2792 ἐξᾶραι

345 2813 482 2882 πρὸς
520 2811 691 2866 ἀπασι
729 2815 842 2876 τοῖς
885 2811 1118 2884 ἐχθροῖς.
1151 2814 1214 2866 Ei
1259 2814 1316 2867 δὲ
1348 2813 1522 2868 ταῦτα
1565 2814 1735 2878 οὕτως
1783 2813 1914 2884 ἔχει,

345 2903 692 2973 συνέστηκεν,
733 2904 814 2956 ὅτι
844 2904 942 2974 οὑχ
982 2904 1158 2976 ἐαυτῷ
1194 2905 1502 2976 μαχομένας
1534 2903 1762 2970 ἐξεδίδου
1805 2923 1917 2974 φω-

341 2993 458 3057 νάς.
501 2994 624 3046 Οὐδ’
658 2989 726 3047 αὖ
759 2995 821 3047 τὸ
849 2993 1072 3066 Πνεῦμα
1103 2997 1164 3049 τὸ
1191 2997 1345 3066 ἅγιον
1382 2995 1619 3066 ἔφασκεν
1648 2996 1915 3068 ἀναϐεϐη-

340 3087 497 3139 κέναι
538 3087 631 3139 τὸν
675 3086 948 3158 Σαμουὴλ,
993 3086 1128 3140 ἀλλά
1164 3090 1292 3151 τοὺς
1338 3088 1436 3158 τῆς
1475 3089 1913 3160 ἐγγαστριμύθου

337 3179 575 3252 διηγεῖτο
601 3179 811 3249 λόγους,
845 3181 921 3244 ὡς
963 3179 1100 3251 ῷετο
1135 3180 1230 3233 καὶ
1272 3181 1332 3233 τὸ
1379 3181 1556 3234 δοκεῖν
1603 3183 1914 3254 ἐκόμπαζεν

338 3273 523 3342 ἐκείνη
566 3274 1049 3342 φαντασιοκοπίαις
1100 3273 1480 3344 ἀναπτεροῠσα
1526 3274 1617 3328 τὸν
1649 3275 1916 3347 δυνάστην

337 3365 570 3435 ἀδήλοις·
622 3365 681 3416 οὑ
717 3366 826 3436 γὰρ
869 3364 935 3417 ἂν
973 3363 1152 3434 ἐαυτῷ
1183 3365 1275 3418 καὶ
1302 3367 1422 3428 ταῖς
1460 3365 1646 3429 ἄλλαις
1676 3367 1915 3431 ἁπάσαις

339 3456 571 3527 ἐμάχετό
599 3472 715 3518 πως
743 3456 1005 3528 Γραφαῖς.
1049 3454 1185 3507 Ἀλλ’
1215 3456 1336 3526 οὐχὶ⁹
1373 3457 1532 3526 μόνον
1563 3452 1721 3511 αὗται
1746 3456 1914 3512 ταῦτα

338 3545 702 3615 διελέγχουσιν
745 3547 802 3597 αἱ
849 3545 1054 3615 ῥήσεις,
1102 3544 1218 3598 ἀλλ’
1248 3545 1328 3598 ἔτι
1357 3561 1422 3615 γε
1467 3544 1676 3610 τούτοις
1715 3547 1914 3618 ἐπιψη-

340 3633 554 3704 φίζεται
603 3635 696 3687 καὶ⁹
747 3633 956 3705 μάρτυς
997 3633 1153 3697 ἄλλος
1199 3633 1513 3705 ἀξιοφανὴς,
1559 3635 1590 3686 6
1629 3636 1913 3706 προφήτης

346 3727 595 3792 Ἠσαίας,
631 3729 706 3800 πὴ
739 3729 837 3796 μὲν
871 3726 1228 3800 ἀπαγορεύων
1273 3729 1342 3782 τὰ
1386 3729 1564 3783 τοιάδε
1621 3729 1788 3800 μύση,
1835 3731 1911 3801 πή

331 3819 390 3875 δὲ
421 3820 700 3893 παραινῶν
737 3821 1002 3892 ὀρθότατα
1041 3823 1154 3885 τοῖς
1194 3821 1454 3893 ὑπηκόοις
1494 3823 1644 3893 αὐτῷ
1673 3823 1907 3877 κελαδείο

335 3909 443 3964 Καὶ
475 3910 584 3964 ἐὰν
619 3910 832 3965 εἴπωσι
881 3910 1030 3980 πρὸς
1070 3911 1244 3982 ὑμᾶς’
1284 3912 1595 3982 Ζητήσατε
1635 3914 1777 3983 τοὺς
1816 3917 1911 3985 ἐγ-

334 4005 789 4074 γαστριμύθους,
817 4003 912 4059 καὶ
937 4004 1081 4070 τοὺς
1110 4005 1229 4059 ἀπὸ
1259 4004 1370 4074 τῆς
1401 4004 1515 4074 γῆς
1539 4007 1905 4076 φωνοῦντας,

331 4097 475 4162 τοὺς
493 4095 989 4166 κενολογοῦντας,
1017 4095 1072 4148 οἳ
1093 4096 1162 4148 ἐκ
1192 4095 1301 4164 τῆς
1324 4097 1555 4163 κοιλίας
1579 4099 1905 4166 φωνοῦσινο

332 4191 470 4259 οὐχὶ
494 4191 668 4258 ἔθνος
693 4190 840 4259 πρὸς
865 4190 1031 4243 Θεόν.
1064 4184 1198 4243 Εἷτά
1217 4207 1268 4242 τι
1295 4189 1434 4260 μετά
1453 4191 1626 4244 ταῦτα
1653 4191 1909 4264 προσθεὶς

333 4285 603 4356 ἐπιφέρει·
657 4285 716 4338 Τί
774 4282 1145 4352 ἐκζητοῦσιν,
1191 4283 1315 4356 ἔφη,
1353 4284 1486 4352 περὶ
1531 4283 1648 4338 τῶν
1681 4283 1909 4348 ζώντων

335 4380 477 4445 τοὺς
523 4379 812 4447 νεκρούς;
850 4379 1052 4448 Νέμον
1081 4377 1193 4447 γὰρ
1223 4380 1310 4443 εὶς
1340 4377 1630 4445 ,βοήθειαν
1663 4377 1904 4446 ἔδωκεν,

331 4471 433 4526 ἵνα
461 4471 713 4526 εἴπωσιν
744 4472 856 4539 οὐχ
886 4471 965 4536 ὡς
997 4469 1063 4524 τὸ
1084 4468 1251 4538 ῥῆμα
1281 4469 1477 4533 τοῦτο,
1512 4468 1648 4538 περὶ
1685 4465 1758 4524 οὗ
1795 4472 1907 4523 οὐκ

2035 2068 2313 2140 triloquos,
2343 2078 2394 2122 et
2419 2078 2658 2139 gnostas,
2691 2079 2740 2124 et
2763 2067 3078 2139 theraphim,
3097 2076 3148 2122 et
3177 2067 3345 2134 idola,
3364 2076 3416 2122 et
3444 2083 3600 2121 cara-

2031 2162 2170 2216 saim
2199 2176 2219 2214 :
2247 2169 2302 2217 et
2332 2163 2524 2232 paucis
2549 2161 2876 2232 interiectis,
2899 2178 2960 2217 ea
2981 2161 3285 2227 combussit,
3311 2160 3407 2226 ait,
3431 2158 3599 2215 veluti

2030 2252 2258 2308 nefaria.
2314 2251 2500 2324 Itaque
2542 2255 2591 2310 si
2623 2255 2909 2325 utriusque
2958 2253 3273 2324 scriptionis
3317 2267 3460 2306 unus
3512 2257 3600 2306 est

2030 2351 2242 2413 auctor,
2289 2345 2347 2401 in
2394 2346 2594 2417 quibus
2639 2347 2870 2401 duorum
2928 2361 3118 2416 regum
3164 2345 3307 2401 vitas
3352 2343 3594 2414 scripsit,

2028 2436 2223 2491 borum
2265 2438 2498 2493 alterum
2534 2439 2797 2508 injustum
2835 2436 3008 2493 fuisse
3062 2437 3159 2502 ait,
3209 2436 3355 2506 quod
3399 2442 3596 2504 praeter

2028 2530 2134 2584 alia
2156 2531 2526 2602 ventriloquos
2555 2531 2852 2596 induxerit,
2889 2532 3118 2586 alterum
3141 2529 3393 2584 laudibus
3428 2527 3598 2583 extol-

2026 2622 2088 2676 lit
2117 2624 2261 2693 quod
2291 2624 2478 2680 divino
2502 2625 2618 2681 zelo
2646 2625 2916 2680 excitatus
2938 2625 3306 2693 ventriloquos
3347 2635 3457 2692 prae
3483 2635 3597 2674 om-

2025 2715 2186 2770 nibus
2237 2716 2476 2772 inimicis
2503 2717 2782 2772 deleverit.
2817 2715 2943 2771 Haec
2971 2717 3018 2772 si
3059 2716 3136 2772 ita
3163 2731 3222 2770 se
3244 2714 3465 2778 habent,
3495 2725 3596 2782 pa-

2025 2813 2100 2862 tet
2153 2823 2265 2863 non
2310 2811 2413 2866 sibi
2465 2809 2820 2866 adversantes
2862 2823 3025 2864 voces
3075 2807 3347 2864 emisisse.
3403 2804 3591 2876 Neque

2025 2901 2262 2973 Spiritus
2281 2913 2506 2961 sanctus
2535 2904 2762 2961 dixisset
2784 2903 3090 2978 Sarpuelem
3133 2901 3466 2965 ascendisse,
3496 2899 3590 2954 sed

2021 2997 2432 3068 engastrimythi
2479 2995 3107 3060 referebabsermones,
3155 2996 3326 3060 illam,
3378 2992 3456 3046 uti
3488 2992 3592 3050 sibi

2022 3089 2306 3145 videbatur
2339 3101 2502 3160 atque
2533 3090 2879 3160 opinabatur,
2925 3090 3212 3160 magnilice
3243 3104 3302 3143 se
3329 3087 3590 3157 iactasse,

2020 3181 2253 3250 spectris
2286 3195 2408 3250 qua:
2441 3189 2654 3235 tantum
2694 3181 3084 3250 imaginatione
3117 3180 3351 3235 obscure
3392 3179 3592 3252 deprc-

2021 3272 2418 3336 bendebantur,
2463 3287 2646 3343 regem
2694 3287 2792 3342 spe
2845 3272 2986 3328 bona
3039 3273 3357 3329 cxtollendi.
3407 3274 3593 3346 Neque

2020 3365 2168 3417 enim
2196 3362 2414 3418 sibimet
2457 3363 2562 3432 ipsi
2593 3363 2822 3432 aliisque
2855 3361 3156 3433 Scripturis
3211 3365 3465 3420 omnibus
3493 3365 3592 3420 ad~

2020 3462 2349 3509 versaretur.
2407 3452 2595 3524 Neque
2649 3462 2858 3508 tantum
2921 3455 3005 3509 hae
3059 3455 3418 3512 auctoritates
3482 3456 3588 3512 ista

2019 3545 2302 3609 damnant,
2332 3546 2425 3602 sed
2456 3555 2654 3616 praeter
2692 3546 2794 3601 has
2827 3546 2969 3601 alius
3003 3547 3132 3601 item
3183 3546 3345 3602 testis
3375 3547 3478 3603 ﬁde
3505 3548 3589 3603 di-

2018 3652 2159 3709 gnus
2189 3636 2357 3692 Isaias
2394 3636 2680 3706 propheta,
2713 3636 2983 3692 calculum
3018 3637 3186 3691 addit.
3230 3636 3330 3691 Hic
3370 3637 3586 3708 quidem

2019 3727 2226 3783 similes
2273 3727 2708 3783 abominationes
2761 3735 3078 3784 exsecratus
3132 3728 3245 3783 haec
3291 3727 3493 3794 subdit,
3528 3737 3590 3783 ut

2018 3821 2094 3876 ita
2134 3822 2392 3887 sentiant,
2423 3821 2728 3876 rectissime
2780 3821 3098 3878 adhortatus
3135 3839 3149 3876 :
3187 3820 3254 3874 Et
3286 3822 3333 3875 si
3356 3821 3590 3875 dixerint

2016 3911 2159 3967 vobis
2182 3928 2200 3967 :
2226 3911 2458 3978 Quaerite
2506 3912 2877 3983 uentriloquos,
2900 3923 2950 3968 et
2985 3931 3071 3970 eos
3101 3917 3190 3987 qui
3237 3933 3270 3971 a
3297 3927 3439 3973 terra
3481 3918 3590 3973 cla-

2017 4017 2184 4072 mant,
2213 4007 2304 4077 qui
2338 4023 2468 4060 vane
2502 4007 2807 4077 loquuntur,
2856 4009 2937 4062 vel
2967 4027 2995 4064 ε
3025 4019 3200 4064 ventre
3238 4011 3455 4066 dicunt:
3484 4029 3588 4067 non

2014 4111 2092 4155 est
2150 4117 2274 4172 gens
2313 4100 2383 4154 ad
2428 4100 2617 4156 Deum.
2671 4100 2876 4157 Deinde
2926 4104 3117 4172 paucis
3175 4104 3412 4160 additis:
3447 4105 3586 4170 Quid

2014 4202 2256 4264 quaerunt
2282 4192 2346 4247 de
2393 4195 2520 4248 vivis
2559 4195 2837 4248 mortuos?
2865 4193 3048 4265 Legem
3088 4197 3270 4266 quippe
3319 4197 3375 4250 in
3432 4199 3587 4250 auxi-

2014 4284 2146 4339 lium
2201 4285 2364 4351 dedit,
2409 4293 2468 4338 ut
2497 4283 2698 4349 dicant,
2731 4302 2835 4338 non
2889 4286 2966 4338 sic
2997 4295 3054 4338 ut
3090 4286 3301 4339 uerbum
3342 4287 3457 4353 hoc,
3487 4304 3585 4357 pro

2013 4394 2114 4447 quo
2137 4395 2241 4432 non
2262 4386 2340 4432 est
2373 4375 2503 4430 dare
2541 4393 2763 4430 munera
2789 4392 2884 4444 pro
2922 4393 2982 4431 eo
3007 4378 3074 4444 ",
3107 4378 3252 4431 clara
3286 4387 3587 4449 sanctaque

2013 4484 2147 4525 voce
2206 4484 2377 4539 genus
2433 4483 2595 4523 omne
2650 4468 3122 4538 ventriloquorum
3151 4469 3404 4539 explosit.
3437 4469 3504 4524 Et
3535 4471 3584 4525 si

329 4564 464 4620 ἔστι
499 4562 658 4631 δῶρα
704 4561 932 4615 δοῦναι·
971 4560 1221 4632 προδήλῳ
1262 4561 1358 4631 μὲν
1391 4561 1681 4633 ἱεροφωνίᾳ
1712 4560 1772 4612 τὸ
1800 4561 1907 4615 τῶν

2019 4564 2428 4633 vaniloquorum
2480 4562 2712 4619 similem
2758 4577 3080 4618 consessum
3111 4562 3428 4631 declaravit,
3465 4566 3586 4620 sine

331 4655 786 4727 ἐγγαστριμύθων
833 4653 1146 4727 ἀπεκήρυξε
1186 4655 1360 4722 γένος.
1401 4656 1464 4707 Εἰ
1505 4654 1562 4707 δὲ
1609 4653 1906 4722 κενολόγων

330 4747 576 4818 ἀπέφηνε
606 4747 667 4799 τὸ
694 4746 903 4800 τοιοῦτο
944 4747 1238 4817 συνέδριον,
1279 4742 1661 4816 ἀναμφιλόγως
1693 4743 1906 4798 ἀπέδει-

331 4837 437 4904 ξεν,
477 4840 560 4893 ὄτι
604 4838 808 4892 τούτων
848 4838 999 4892 οὐδὲν
1037 4838 1212 4902 οὐδεὶς
1263 4837 1606 4890 οὐδεπώποτε
1649 4831 1797 4904 λέγει
1842 4836 1904 4889 τὸ

330 4932 589 5002 παράπαν
651 4930 870 5003 ἀληθὲς,
924 4930 1060 4984 ἀλλά
1118 4928 1453 5002 ψευδηγορίᾳ
1513 4929 1610 5000 μὲν
1658 4927 1906 4998 ὑποκένῳ

331 5020 618 5076 πλάττουσι
661 5021 760 5093 τὴν
800 5022 1036 5092 ἀπάτην,
1081 5021 1232 5092 ἐώλῳ
1267 5023 1324 5076 δὲ
1365 5019 1646 5091 κενολογίᾳ
1679 5019 1902 5088 φενακίο

331 5109 483 5174 ζουσι
529 5116 655 5179 τοὺς
698 5114 949 5187 ἀμαθεῖς.
995 5114 1158 5168 Ὅθεν
1197 5113 1505 5175 ἀκολούθως
1545 5113 1902 5166 ἐπέσκωπτεν

329 5203 554 5271 ἐκείνοις
586 5209 700 5261 ὅσοι
719 5208 846 5278 περὶ
866 5207 974 5260 τῶν
996 5206 1210 5272 ζώντων
1237 5205 1479 5278 ἐρωτῶσι
1502 5207 1627 5269 τοὺς
1653 5204 1900 5275 νεκρούς·

329 5294 485 5348 αὐτοὶ
513 5296 642 5370 γὰρ,
671 5298 779 5352 ὅλοι
811 5300 995 5372 νεκροὶ
1020 5298 1113 5352 καὶ
1143 5299 1309 5370 πηροὶ
1330 5297 1706 5367 τυγχάνοντες,
1730 5297 1780 5348 οἱ
1809 5313 1901 5350 κε-

329 5386 536 5456 νολόγοι
565 5388 665 5452 τὰς
709 5389 816 5443 τῶν
843 5391 1053 5462 νεκρῶν
1101 5389 1502 5444 ὑποτυποῦνται
1540 5388 1901 5442 διακονεῖσθαι

329 5481 513 5550 φωνάς
532 5497 545 5510 ·
567 5483 594 5534 6
609 5481 667 5534 δὲ
690 5484 969 5556 προφήτης
1000 5483 1412 5556 ἐπεμαρτύρετο
1447 5482 1604 5553 βοῶν,
1629 5484 1710 5535 ὃτι
1739 5483 1900 5553 νόμος

327 5570 574 5642 ἀρραγὴς
603 5570 847 5624 ἔκκειται
865 5575 1232 5646 περὶτούτων,
1253 5576 1338 5629 ἵνα
1369 5574 1443 5646 μὴ
1469 5574 1608 5628 κατὰ
1620 5575 1745 5638 τοὺς
1766 5576 1898 5628 ἀπο-

327 5662 728 5735 φθεγγομένους
758 5664 1042 5738 ὑπαχθῶσι
1077 5669 1456 5738 κουφολογίαις
1486 5664 1671 5732 ἑώλοις
1690 5685 1702 5698 ·
1732 5669 1896 5741 ἀκρο-

319 5825 326 5886 ;
396 5819 441 5850 ⁷⁸
472 5817 554 5873 ιγ
578 5819 704 5886 Reg.
732 5836 845 5886 nl,
879 5822 931 5878 6.
1009 5826 1052 5857 ⁷⁸
1087 5824 1170 5880 IV
1203 5825 1324 5890 Req.
1355 5842 1508 5888 χχιιι.
1542 5826 1636 5882 ει.

2011 4655 2178 4710 dubio
2203 4656 2598 4710 demonstravit
2621 4656 2817 4711 horum
2843 4657 3118 4712 neminem
3149 4658 3311 4712 ullam
3341 4675 3582 4730 unquam

2010 4748 2236 4802 omnino
2276 4746 2523 4819 proferre
2560 4748 2865 4814 veritatem,
2894 4749 2990 4804 sed
3040 4749 3361 4817 mendaciis,
3408 4753 3584 4823 iisque

2013 4839 2290 4905 inanibus,
2325 4841 2554 4911 ingestis
2606 4841 2827 4923 fraudes
2875 4856 3222 4912 componere,
3277 4844 3489 4914 levique
3516 4860 3582 4900 ac

2014 4931 2208 4987 frivolo
2239 4947 2493 4989 sermone
2537 4934 2776 4990 indoctis
2805 4933 3104 5006 imponere.
3144 4934 3320 5001 Quare
3355 4951 3465 4990 non
3505 4937 3583 4991 in-

2012 5038 2252 5092 congrue
2279 5025 2387 5080 illis
2417 5027 2783 5096 exprobrabat
2815 5029 2908 5098 qui
2938 5027 3006 5083 de
3035 5028 3177 5084 vivis
3215 5036 3460 5086 mortuos
3491 5031 3580 5083 in-

2011 5123 2311 5187 terrogant.
2343 5117 2449 5187 Ipsi
2478 5119 2627 5172 enim
2653 5119 2955 5189 vaniloqui,
2994 5135 3118 5174 cum
3159 5121 3359 5175 mortui
3389 5122 3497 5176 sint
3525 5128 3581 5175 et

2009 5208 2162 5272 caeci,
2185 5217 2522 5264 mortuorum
2551 5225 2713 5267 voces
2735 5212 2947 5268 deferre
2977 5229 3036 5269 se
3061 5212 3342 5268 simulant.
3375 5213 3580 5269 Contra

2008 5313 2146 5367 quos
2173 5299 2544 5356 testimonium
2567 5301 2783 5357 dicebat
2812 5303 3075 5374 propheta
3104 5305 3366 5368 clamans,
3404 5305 3576 5375 legem

2003 5391 2118 5461 jam
2152 5392 2220 5446 de
2241 5391 2328 5447 his
2356 5391 2528 5448 fuisse
2557 5395 2743 5459 latam,
2781 5411 2848 5450 ne.
2891 5395 3042 5449 inani
3073 5395 3346 5451 sermonis
3373 5395 3578 5452 dicaci-

2007 5489 2118 5536 tate
2147 5483 2546 5551 subducantur,
2575 5485 3030 5555 quemadmodum
3059 5494 3114 5542 et
3161 5487 3215 5540 bi
3259 5487 3354 5557 qui
3389 5487 3576 5542 talium

2005 5592 2187 5632 rerum
2231 5586 2361 5632 sunt
2406 5587 2680 5636 auctores.
2742 5579 2840 5635 Est
2886 5581 3032 5636 enim
3084 5580 3397 5638 ﬁrmissima
3443 5583 3580 5653 legis

2004 5667 2272 5733 custodia,
2309 5671 2534 5728 cmleste
2554 5673 2814 5728 auxilium
2855 5673 3167 5746 implorare,
3198 5681 3252 5730 et
3286 5689 3394 5730 non
3425 5690 3456 5731 e
3494 5691 3580 5732 re-

1710 5829 1754 5857 ’⁸
1799 5825 1914 5882 Isa.
1943 5843 2060 5888 vm.
2097 5827 2183 5887 l9.
2215 5827 2302 5885 20.
