4112 6462
509 374 616 434 067

1472 377 1532 436 S.
1571 376 1943 437 LUS‘TA'I‘HII
1980 376 2288 435 EPISCOPI
2324 370 2736 433 ANTIOCHENI

3624 365 3730 424 668

510 494 615 551 bus
638 494 889 562 terrenis,
920 496 977 551 in
1004 495 1139 567 ipsis
1163 497 1533 556 subterraneis
1551 501 1792 556 animum
1822 500 2065 572 ﬁgentes,

2178 496 2303 567 τάτη
2326 497 2455 567 γὰρ,
2488 491 2661 565 οἶμαι,
2695 491 2907 564 φυλακὴ
2933 492 3096 563 νόμου
3124 489 3475 560 καθέστηκεν,
3507 484 3730 559 οὐρανό-

510 602 667 658 opem
690 588 1063 646 emendicare.

577 850 768 907 XXVI.
812 851 921 909 Sed
949 855 1054 925 qui-
1075 870 1266 913 omnes
1286 856 1402 927 jam
1454 856 1766 930 Scripturas
1806 861 2073 931 interpre-

507 951 761 1001 tatumse
788 961 911 1003 esse
956 947 1231 1005 existimat
1274 949 1554 1022 Origenes,
1600 953 1715 1009 haec
1764 954 2073 1009 testimonia

506 1033 758 1104 ignorare
790 1034 1030 1104 simulat,
1058 1053 1235 1108 neque
1263 1041 1340 1095 uti
1363 1041 1519 1096 decet
1549 1055 1795 1114 usurpat,
1836 1046 1930 1101 sed
1954 1062 2074 1117 qua:

508 1124 578 1179 ad
608 1127 947 1197 propositum
986 1130 1207 1186 minime
1240 1130 1447 1187 iaciunt
1469 1133 1708 1202 iniarcit,
1736 1136 1805 1193 iis
1852 1146 2074 1208 praeter-

507 1216 598 1273 itis
624 1234 744 1289 quae
772 1229 966 1276 natura
1001 1238 1101 1278 sua
1128 1226 1514 1296 congruebant.
1549 1226 1705 1294 Quod
1747 1228 1792 1283 si
1820 1230 2074 1300 ignoran-

507 1310 608 1377 tia,
637 1311 833 1368 stolide
872 1313 1110 1383 quidem,
1146 1322 1207 1370 ut
1257 1316 1489 1383 videtur,
1520 1318 1729 1386 eﬁ’ecit;
1751 1320 1797 1375 si
1830 1321 2077 1392 maligni-

508 1407 639 1469 tate,
693 1404 967 1475 negotium
1032 1406 1296 1463 audacter
1344 1409 1536 1467 obivit.
1573 1409 1713 1477 Quin
1744 1427 1869 1467 cum
1901 1414 2075 1469 ambi-

508 1510 649 1564 guus
676 1504 731 1551 et
761 1511 960 1569 anceps
990 1499 1221 1557 dixisset
1251 1520 1263 1555 :
1290 1500 1432 1567 Quid
1460 1504 1627 1573 igitur
1657 1504 1757 1559 hie
1776 1506 1906 1575 facit
1949 1524 2072 1563 ven-

510 1586 780 1658 triloqua?
804 1589 945 1655 Quid
972 1591 1135 1661 igitur
1181 1593 1311 1662 facit
1350 1596 1677 1667 ventriloqua
1714 1598 1856 1651 circa
1885 1599 2074 1654 anima:

506 1677 637 1747 iusti
693 1680 1057 1738 eductionem?
1112 1685 1383 1742 sermonis
1434 1685 1710 1743 dubietate
1766 1689 2072 1746 sublimiter

2172 588 2262 642 θεν
2292 588 2664 643 ἐπικαλεῖσθαι
2684 587 2782 658 τὴν
2809 586 3078 657 βοήθειαν,
3106 583 3240 637 ἀλλά
3271 582 3346 654 μὴ
3372 582 3438 635 ἐκ
3466 579 3577 633 τῶν
3607 578 3733 651 τηι-

2170 698 2275 735 νων
2306 680 2647 751 ἐρανίζεσθαι
2673 678 2770 751 τὴν
2809 676 3148 747 ἐπικουρίαν,
3179 676 3260 738 εἰς
3297 672 3437 726 αὐτὰ
3471 669 3540 725 τὰ
3569 687 3735 725 κατα-

2171 771 2357 840 χθόνιοι
2384 769 2695 839 βλέποντας.

2243 858 2431 914 XXVI.
2487 860 2626 917 Ἀλλ’
2654 861 2683 911 ὁ
2706 857 2885 921 πάσας
2911 854 3243 930 ἑρμηνεῦσαι
3263 853 3360 919 τὰς
3386 852 3607 926 Γραφάς
3629 854 3735 924 οἰη-

2173 952 2286 1016 θεὶς
2330 953 2607 1024 Ὧριγένης
2635 952 2695 1004 οὐ
2747 952 3120 1022 προσποιεῖται
3154 947 3356 1010 ταύτας
3397 945 3596 999 εἰδέναι
3634 942 3736 1007 τάς

2177 1043 2497 1115 μαρτυρίας,
2541 1043 2667 1098 οὐδέ
2701 1041 2912 1114 τίθησιν
2940 1040 3131 1105 αύτάς,
3166 1040 3241 1104 ὡς
3280 1038 3420 1103 δέον,
3455 1036 3570 1092 ἀλλ’
3615 1036 3737 1089 ἐπεὶ

2175 1135 2433 1204 αυγκαλεῖ
2460 1134 2556 1206 μὲν
2597 1135 2808 1197 ὲκείνας
2850 1135 2971 1187 ὃσαι
3019 1132 3182 1204 μηδὲν
3215 1133 3273 1184 ἐν
3315 1126 3501 1201 μηδενὶ
3530 1127 3610 1199 τῷ
3640 1125 3737 1199 ζη-

2172 1226 2373 1296 τήματι
2403 1224 2765 1297 διαφέρουσιν,
2813 1223 3126 1295 ὑπερϐαίνει
3163 1221 3220 1275 δὲ
3267 1219 3366 1284 τὰς
3395 1220 3531 1290 αὐτῇ
3578 1216 3738 1288 φύσει

2175 1315 2551 1388 προσηκούσας
2571 1332 2585 1346 ο
2620 1316 2739 1387 ήτοι
2765 1314 2873 1387 γὰρ
2902 1314 3111 1387 ἀμαθίᾳ
3146 1312 3303 1368 τοῦτο
3344 1312 3601 1385 πράττειν
3629 1311 3735 1366 ἐοι-

2173 1428 2269 1465 κεν
2300 1411 2569 1483 ἀφρόνως,
2610 1410 2646 1481 ἢ
2679 1408 2969 1481 κακοθελία
3011 1405 3495 1480 πραγματεύεσθαι
3538 1404 3739 1475 τολμη-

2178 1501 2314 1573 ρῶς·
2365 1501 2501 1555 ἀλλά
2549 1500 2644 1554 καὶ
2697 1498 2948 1570 καθάπερ
2983 1496 3435 1569 ἐπαμφοτερίζων
3479 1493 3737 1567 εἰρηκὼς,

2172 1594 2276 1660 ὅτι,
2315 1593 2376 1647 Τί
2398 1590 2513 1648 οὖν
2548 1592 2709 1647 ποιεῖ
2742 1592 3211 1661 ἐγγαστρίμυθος
3249 1587 3493 1652 ἐνθάδε;
3522 1587 3581 1641 Τί
3627 1580 3740 1640 οὖν

2175 1684 2333 1741 ποιεῖ
2349 1685 2819 1756 ἐγγαστρίμυθος
2842 1682 2976 1751 περί
3002 1680 3116 1751 τὴν
3142 1678 3460 1750 ἀναγωγὴν
3482 1675 3592 1746 τῆς
3622 1679 3739 1744 ibi).

506 1768 715 1840 eiiugit,
749 1772 893 1842 quod
918 1773 1035 1843 ipse
1063 1773 1268 1831 fecerat
1292 1778 1414 1833 aliis
1437 1779 1649 1835 donans
1685 1799 1697 1834 :
1733 1787 1905 1836 totum
1942 1798 2075 1839 vero

2178 1777 2292 1848 χῆς
2320 1777 2427 1831 τοῦ
2462 1775 2695 1830 δικαίου
2717 1791 2736 1839 ;
2761 1775 2919 1844 λόγου
2944 1773 3040 1845 μὲν
3064 1771 3265 1843 ἀπορίᾳ
3292 1768 3579 1842 μετεώρως
3609 1765 3743 1820 ἀπέ-

510 1857 804 1932 Scriptnrae
844 1866 1173 1934 attribuens,
1231 1867 1538 1926 Samuelem
1589 1872 1847 1928 eductum
1903 1874 2076 1932 fuisse

2178 1846 2364 1936 φυγενο
2400 1865 2513 1919 ἀλλ’
2549 1866 2577 1918 ὁ
2601 1864 2759 1919 τοῦτο
2792 1863 3110 1937 ἐπιγράφων
3141 1865 3278 1932 ὅπερ
3309 1862 3529 1933 ἔδρασεν
3560 1859 3739 1923 αὑτός·

508 1956 843 2013 conﬁdenter
872 1972 1170 2027 asseverat,
1217 1971 1274 2018 at
1316 1980 1425 2019 non
1457 1967 1700 2022 secundo
1727 1968 1896 2024 audet
1921 1985 2075 2041 repe-

510 2057 663 2104 tere:
696 2050 827 2116 Quis
873 2053 1044 2121 ipsum
1080 2054 1300 2112 eduxit?
1341 2055 1454 2129 Ego
1497 2074 1661 2129 porro
1696 2061 1952 2118 existimo
1977 2077 2075 2134 pro

508 2142 685 2211 prima
722 2143 1172 2215 interpretatione
1205 2164 1235 2203 a
1268 2152 1572 2208 rectissime
1600 2169 1816 2224 semper
1837 2156 2076 2212 sentien-

509 2230 657 2287 tibus
696 2235 1108 2303 reprebensum,
1157 2241 1396 2296 secunda
1450 2246 1791 2314 expositione
1832 2262 1955 2301 cum
1985 2262 2076 2303 re-

509 2323 834 2392 sponderet,
880 2328 1087 2386 dixisse
1142 2330 1489 2386 observatum
1533 2336 1946 2407 engastrimytbi
1995 2336 2077 2391 lo-

509 2429 654 2470 cum.
705 2414 969 2487 Deinceps
1014 2419 1197 2476 subdit
1243 2423 1550 2494 scriptum:
1583 2425 2077 2499 Engastrimytltum

508 2500 737 2570 aliquem
765 2503 1044 2571 eduxisse;
1071 2508 1329 2579 itemque,
1362 2510 1837 2571 SaulemSamueli
1856 2518 2075 2587 dixisse,

509 2588 728 2649 Litteris
751 2596 1024 2665 proditum
1049 2614 1192 2656 esse.
1235 2600 1329 2659 His
1372 2605 1575 2661 similia
1618 2609 1898 2679 complura
1926 2611 2078 2666 inani

510 2682 803 2739 verborum
846 2688 1051 2746 ambitu
1076 2691 1272 2749 iterum
1300 2699 1462 2765 atque
1491 2696 1687 2752 iterum
1721 2702 1935 2769 repetit,
1960 2707 2077 2755 tum

508 2772 691 2831 denuo
713 2778 837 2833 inﬁt
866 2798 881 2835 :
916 2780 1040 2838 Non
1073 2793 1251 2839 autem
1272 2788 1585 2856 enuntiavit,
1604 2791 1654 2845 si
1689 2791 1864 2848 volens
1892 2810 2077 2849 ascen-

507 2866 608 2921 dit.
641 2867 766 2926 Non
798 2874 937 2928 enim
974 2874 1151 2942 habes,
1175 2878 1372 2949 inquit,
1398 2889 1618 2948 textum,
1643 2884 1693 2937 si
1723 2883 1902 2939 eduxit
1925 2885 2078 2941 illum

504 2962 970 3033 engastrimytltus.
1020 2964 1081 3021 Si
1131 2954 1333 3035 minus,
1387 2968 1721 3041 Scripturam
1770 2991 2083 3044 percurrens

508 3050 707 3120 aliquis
737 3070 817 3110 me
842 3056 1204 3125 reprehendat.
1239 3060 1409 3131 igitur
1430 3079 1498 3118 ex
1529 3065 1763 3123 adverso
1786 3070 2079 3140 reprehen-

2175 1958 2311 2029 αὺτῇ
2348 1957 2405 2012 δὲ
2437 1959 2502 2028 τῇ
2533 1957 2724 2027 Γραφῇ
2757 1955 2819 2009 τὸ
2864 1957 2972 2009 πᾶν
3004 1953 3243 2019 ἀναθεὶς,
3281 1953 3612 2025 ἰσχυρίζεται
3646 1954 3743 2025 μὲν

2172 2049 2404 2121 ἀνῆχθαι
2442 2049 2531 2102 τὸν
2578 2047 2849 2119 Σαμουὴλ,
2880 2050 2983 2105 οὐκ
3014 2047 3095 2101 ἐτι
3123 2046 3180 2100 δὲ
3213 2046 3386 2117 τολμᾷ
3415 2045 3744 2117 δευτερῶσαι

2171 2142 2251 2195 τό·
2291 2142 2385 2206 ΤΙς
2412 2139 2714 2210 ἀνήγαγεν
2750 2141 2973 2204 αὑτόν;
3004 2135 3170 2210 Οἶμαι
3212 2138 3291 2203 δέ,
3337 2138 3418 2192 ὅτι
3459 2138 3555 2191 καὶ
3588 2137 3746 2208 μετέ-

2174 2246 2336 2283 πειτα
2367 2227 2772 2299 διελεγχόμενος
2819 2228 2923 2284 ὑπὸ
2953 2227 3059 2282 τῶν
3102 2228 3367 2300 ὀρθότατα
3410 2227 3748 2300 φρονούντων

2172 2321 2281 2384 ἀεὶ,
2326 2322 2552 2393 δευτέρᾳ
2594 2321 2754 2376 πάλιν
2795 2320 3223 2393 ἀπολογούμενος
3262 2322 3541 2394 ἐξηγήσει,
3586 2340 3748 2396 τετηο.

2176 2413 2370 2486 ρῆσθαι
2406 2415 2504 2485 μὲν
2537 2413 2639 2486 ἐφη
2674 2414 2765 2469 τὸν
2796 2413 2898 2484 τῆς
2928 2414 3368 2486 ἐγγαστριμύθου
3399 2415 3563 2469 τόπον
3582 2434 3595 2445 ⁸
3627 2412 3748 2475 εἶτα

2175 2505 2443 2575 λέγεικαὶ
2479 2508 2560 2561 ὅτι
2596 2507 2695 2577 μὲν
2735 2509 2774 2576 ἡ
2813 2508 3285 2577 ἐγγωτρίμυθός
3317 2525 3452 2562 τινα
3484 2508 3748 2580 ἀνήγαγε

2175 2601 2480 2673 γέγραπται
2505 2619 2518 2630 ·
2554 2602 2648 2654 καὶ
2668 2598 2754 2654 ὅτι
2783 2599 2983 2655 Σαοὺλ
3015 2596 3145 2653 εἷπε
3173 2599 3254 2664 τῷ
3287 2603 3574 2669 Σαμουὴλ
3619 2602 3750 2655 ἀνα-

2176 2694 2507 2764 γέγραπται.
2552 2692 2796 2764 Φλυαρίᾳ
2838 2692 2895 2745 δὲ
2939 2691 3108 2764 πολλῇ
3152 2691 3376 2746 τοιαῦτα
3415 2692 3585 2763 συχνά
3600 2740 3607 2753 η,
3623 2710 3749 2749 τινα

2175 2785 2594 2858 ταυτολογήσας,
2621 2786 2869 2857 ἐπιφέρει
2888 2785 3069 2839 πάλιν·
3099 2786 3221 2856 Οὐχ
3236 2786 3436 2854 simu
3452 2785 3540 2851 δὲ,
3564 2788 3752 2859 φησὶν,

2177 2882 2227 2935 εἰ
2258 2879 2548 2947 ἑκουσίως
2575 2879 2976 2947 ἀναϐέϐηκεν·
3010 2880 3083 2933 οὐ
3108 2879 3219 2949 γὰρ
3249 2878 3428 2948 ἔχεις,
3465 2879 3591 2952 ἐφη,
3612 2938 3615 2941 _
3639 2882 3753 2937 κεί-

2172 2988 2360 3041 μενον
2383 2974 2437 3026 εἰ
2464 2971 2765 3043 ἀνήγαγεν
2795 2971 2983 3026 αὐτὸν
3013 2971 3577 3042 ἡηέγγαστρίμυθος·
3617 2973 3763 3031 ἐπει

2177 3063 2477 3134 ἐλεγξάτω
2506 3064 2584 3133 μέ
2614 3080 2707 3130 τις
2738 3062 3043 3133 ἀναγνοὺς
3083 3062 3197 3131 τὴν
3226 3063 3498 3133 Γραφήν.
3542 3064 3761 3123 Οὐκοῦν

509 3155 607 3196 sus
627 3152 812 3213 aperte
843 3150 1059 3219 negavit
1087 3167 1208 3223 quae
1239 3156 1391 3225 prius
1420 3150 1603 3215 sensit
1648 3161 2074 3219 inconsiderate.

509 3229 582 3255 ’.ηε
622 3234 749 3255 -_!__,
818 3238 884 3255 2,-
1014 3242 1025 3253 ι
1143 3246 1175 3255 ,ξ
1238 3245 1268 3255 μ.
1343 3249 1354 3255 -
1723 3252 1731 3255 _
1863 3253 1874 3255 _
1944 3254 1951 3255 ,

2178 3157 2604 3229 ἀντιπροσώπως
2651 3157 3010 3228 ἐλεγχόμενος
3055 3158 3330 3228 ⁴ἰλρνήσατο
3371 3156 3580 3222 λευκῶς
3599 3160 3755 3255 Δεἰπερ

506 3229 587 3287 hii
616 3234 760 3291 enim
800 3238 1183 3299 determinavit
1236 3245 1575 3317 Scripturam
1622 3252 1807 3322 potius
1845 3253 2074 3322 dixisse,

507 3339 618 3381 non
641 3327 924 3389 mulierem
952 3352 965 3387 :
996 3334 1164 3402 Quem
1200 3339 1418 3395 evocabo
1454 3341 1589 3398 tibi?
1622 3343 1720 3399 Hic
1739 3361 1870 3400 vero
1898 3346 2079 3400 mani-

505 3416 646 3474 feste
671 3422 957 3480 convictus
983 3427 1258 3486 oblivione
1298 3436 1704 3491 accusationem
1744 3438 1921 3501 vitare
1960 3445 2078 3493 ειυς

505 3507 645 3568 duit.
684 3512 775 3570 Sic
806 3520 1009 3591 ubique
1051 3522 1159 3577 sibi
1189 3524 1543 3583 adversantes
1590 3529 1882 3599 opiniones
1909 3545 2080 3601 expo-

504 3602 609 3668 nit,
632 3610 1086 3674 quemadmodum
1112 3621 1168 3670 et
1218 3616 1307 3679 hic
1337 3633 1620 3689 perperam
1672 3620 1813 3676 inter
1865 3622 2079 3692 opinio-

504 3709 637 3749 num
673 3713 883 3770 pugnas
926 3718 989 3759 ac
1034 3708 1226 3763 turbas
1273 3712 1519 3768 criminis
1555 3714 1824 3770 actionem
1852 3727 2078 3775 coactus

508 3785 611 3842 fuit
653 3790 909 3861 effugere.
939 3796 1169 3862 Quando
1227 3802 1392 3873 igitur
1424 3805 1476 3859 vi
1527 3805 1763 3876 quadam
1810 3809 2080 3868 adductus

507 3879 794 3936 mulierem
828 3888 1105 3956 pr0phetae
1153 3892 1388 3946 animam
1428 3910 1541 3949 non
1588 3911 1848 3956 evocasse
1898 3900 2082 3958 fassus

507 3977 614 4033 est,
644 3973 788 4029 dicat
812 3979 936 4046 quis
953 3994 1071 4035 eam
1112 3982 1318 4038 eduxit.
1349 3984 1469 4057 Ipse
1502 3988 1646 4043 enim
1672 3990 1729 4046 in
1758 4006 1825 4047 eo
1855 3991 2081 4050 ﬁrmiter

509 4069 678 4129 stetit,
700 4081 979 4129 evocatam
1028 4085 1238 4133 tantum
1269 4095 1388 4135 eam
1437 4082 1680 4140 tradens.
1733 4084 1853 4157 lpsa
1898 4086 2080 4158 itaque

507 4159 623 4212 sola
666 4166 1033 4233 pythomantis
1081 4180 1218 4237 erat,
1263 4182 1318 4229 et
1359 4173 1489 4230 Saul
1521 4187 1775 4235 exorator
1810 4181 1980 4247 illius,
2013 4192 2075 4238 ut

509 4252 826 4320 prophetam
849 4252 1124 4318 educeret.
1166 4265 1234 4317 At
1260 4266 1349 4323 bic
1378 4284 1721 4342 nequaquam
1754 4273 1917 4329 fuerit
1971 4290 2071 4329 au-

506 4347 628 4394 ctor
657 4342 853 4403 tabula:
882 4367 1096 4423 :neque
1136 4356 1281 4411 enim
1305 4368 1470 4416 noctu
1496 4362 1566 4418 ad
1594 4365 1741 4419 illam
1772 4365 2067 4423 deveniens

507 4438 995 4511 engastrimythum
1032 4458 1367 4514 precaretur.
1409 4450 1466 4506 Si
1494 4470 1625 4509 vero
1649 4456 1850 4511 factum
1892 4458 2081 4512 subse-

2181 3248 2404 3321 ἀϐουλίᾳ
2434 3248 2668 3321 πρόσθεν
2700 3248 2978 3316 ἐδόξασεν·
3012 3248 3128 3302 ἐκεῖ
3155 3250 3264 3321 γὰρ
3311 3250 3480 3322 αὐτὴν
3507 3250 3764 3321 ὡρίσατο,

2177 3340 2276 3413 τὴν
2308 3340 2530 3413 Γραφὴν
2558 3340 2835 3412 εἰρηκέναι
2873 3340 3093 3412 μᾶλλον,
3127 3341 3243 3394 ἀλλ’
3271 3342 3333 3394 ού
3368 3342 3465 3413 τὴν
3498 3346 3751 3412 γυναῖκα,

2178 3433 2257 3487 τό·
2306 3435 2448 3488 Τίνα
2489 3431 2767 3504 ἀναγάγω
2808 3448 2943 3498 σοι;
2984 3432 3155 3505 Δεῦρο
3191 3433 3248 3487 δὲ
3275 3435 3602 3504 καταφανῶς
3637 3437 3752 3496 ἀλι-

2183 3527 2442 3597 σκόμενος
2465 3526 2723 3595 ἐκφυγεῖν
2745 3525 3044 3580 ἐσπούδασε
3064 3525 3203 3600 λήθῃ
3224 3525 3518 3598 τὴνῆαίτίαν
3538 3546 3551 3558 ·
3583 3528 3755 3594 οὕτως

2181 3619 2482 3690 ἑκασταχοῦ
2513 3618 2823 3691 μαχομένας
2845 3618 3020 3690 ἐαυτῷ
3040 3619 3198 3685 δόξας
3220 3619 3500 3679 ἐκτιθέναι,
3511 3621 3757 3693 γυμνῶς,

2182 3709 2369 3783 ῶσπερ
2392 3706 2484 3765 οὖν
2513 3710 2705 3781 ἀμέλει
2731 3709 3007 3767 κάνταῦθα
3032 3712 3458 3781 γνωσιμαχήσας
3487 3712 3627 3767 ἑάλω
3653 3713 3756 3785 τὴν

2180 3802 2589 3874 ἐγκληματικὴν
2628 3802 2932 3874 ἀποδρᾶναι
2964 3802 3120 3873 δίκην
3161 3802 3464 3873 ἐπειχθείς·
3498 3804 3618 3857 ἐπεὶ
3646 3803 3759 3859 τοί-

2179 3913 2273 3949 νυν
2316 3895 2463 3950 ἄκων
2508 3895 2797 3966 ἑλκόμενος
2837 3893 3185 3966 ὡμολόγησεν
3224 3894 3299 3957 ὡς
3344 3896 3445 3949 οὐκ
3482 3896 3757 3967 ἀνήγαγεν

2180 3990 2215 4059 ἡ
2247 3988 2384 4060 γυνὴ
2415 3988 2512 4058 τὴν
2541 3986 2635 4040 τοῦ
2669 3988 2953 4063 προφήτου
2982 3986 3181 4058 ψυχὴν,
3222 3988 3431 4042 εἰπάτω
3457 3988 3542 4051 τίς
3570 3990 3598 4041 ὁ
3627 3987 3757 4042 ταύ-

2178 4096 2277 4151 την
2309 4078 2626 4149 ἀναγαγών
2672 4079 2916 4150 ἐνέμεινε
2946 4079 3055 4152 γὰρ
3087 4080 3479 4151 ἀμεταστάτως
3512 4080 3761 4150 ἀνῆφθαι¹

2184 4172 2342 4243 μόνον
2390 4171 2560 4243 αὐτὴν
2602 4172 2942 4243 ὁρισάμενος·
2994 4171 3133 4243 αὕτη
3174 4172 3304 4241 γοῦν
3341 4174 3373 4244 ἠ
3422 4171 3765 4242 πυθόμαντις.

2181 4261 2444 4333 ἐτύγχανε
2481 4262 2639 4333 μόνη,
2672 4262 2767 4315 καί
2812 4262 2984 4316 Σαοὺλ
3023 4262 3052 4313 ὁ
3088 4263 3337 4334 δεόμενος
3377 4263 3590 4335 ἐκείνης
3623 4265 3767 4317 ἀνα-ς

2183 4352 2385 4418 ξαιτὸν
2410 4354 2713 4425 προφήτην.
2758 4354 2895 4407 Ἀλλ’
2929 4350 3081 4418 οὗτος
3109 4356 3207 4426 μὲν
3235 4356 3337 4409 οὑκ
3363 4354 3429 4409 ἂν
3459 4353 3544 4427 εἴη
3568 4372 3631 4425 γε
3658 4355 3754 4409 τοῦ

2181 4445 2455 4518 δράματος
2499 4446 2820 4518 αὐτουργόςο
2871 4448 2931 4501 ού
2977 4448 3087 4519 γὰρ
3136 4448 3202 4502 ἂν
3251 4448 3420 4503 ἐδεῖτο
3454 4449 3564 4521 τῆς,
3593 4450 3760 4518 ἐγγα-

503 4535 692 4582 cutum
746 4543 864 4601 est,
911 4538 1048 4591 nulli
1100 4540 1190 4596 alii
1237 4559 1403 4613 quam
1458 4548 1890 4619 engastrimytho
1937 4564 2076 4620 opus

2184 4539 2481 4610 στριμύθου
2527 4538 2743 4611 νύκτωρ
2794 4540 3190 4611 ἀφικνούμενος
3238 4540 3315 4605 ὡς
3354 4541 3559 4612 αὐτήν
3604 4542 3653 4593 εἰ
3700 4540 3773 4603 δὲ,

505 4620 710 4675 ascribi
741 4621 921 4686 debet.
965 4626 1041 4683 lta
1089 4639 1145 4685 ut
1174 4648 1244 4689 ex
1272 4634 1356 4690 his
1371 4634 1586 4691 duobus
1608 4652 1777 4691 unum
1811 4635 2079 4695 aﬁtrmare

504 4724 732 4769 necesse
763 4716 855 4781 sit,
900 4720 984 4775 vel
1016 4721 1120 4778 hoc
1151 4742 1432 4797 nunquam
1485 4729 1710 4785 omnino
1738 4744 1903 4799 opere
1942 4747 2079 4800 prae-

505 4804 696 4872 stitum
746 4807 934 4878 fuisse,
992 4816 1077 4872 vel
1121 4818 1190 4874 ab
1244 4821 1678 4891 engastrimytho
1729 4828 1783 4876 et
1833 4821 2083 4881 daemone

504 4894 780 4954 hominem
810 4911 1020 4960 rectum
1072 4908 1326 4965 eductum
1354 4900 1558 4967 'fuisse.
1606 4910 1797 4968 Nonne
1825 4914 1921 4983 qui
1951 4915 2080 4970 reli-

502 4989 662 5061 gione
692 5010 853 5053 voces
897 5001 1151 5070 proprias
1188 5002 1320 5057 dum
1348 5020 1549 5076 negare
1590 5005 1826 5072 videtur,
1863 5006 2086 5063 diversa

505 5084 762 5142 methodo
790 5091 1036 5147 eamdem
1061 5094 1373 5163 opinionem
1405 5096 1782 5154 fraudulenter
1801 5100 2089 5157 obtrudit?

508 5170 612 5229 Sed
635 5192 731 5247 per
762 5183 1066 5238 orationem
1096 5200 1207 5255 qua
1230 5201 1290 5242 se
1331 5186 1625 5245 defendere
1652 5191 1884 5259 videtur,
1916 5207 2075 5248 men-

506 5268 740 5337 dacium,
806 5286 872 5327 ac
926 5274 972 5329 si
1036 5277 1239 5334 veritas
1273 5289 1440 5345 esset,
1486 5280 1746 5339 inculcat.
1770 5283 1958 5354 Neque
1997 5282 2091 5337 illi

507 5361 768 5429 pudorem
822 5367 1098 5425 incutiunt
1147 5379 1226 5426 tot
1281 5380 1544 5445 tantaque
1613 5379 1790 5449 legum
1847 5378 2089 5432 latorum.

507 5453 753 5523 decreta,
808 5474 1050 5518 consona
1118 5467 1508 5539 prophetarum
1572 5470 1908 5535 testimonia,
1956 5469 2091 5524 reli-s

506 5563 759 5622 quusque
790 5556 949 5610 seriei
978 5556 1257 5615 historicen
1287 5577 1432 5618 unus
1475 5577 1539 5617 ac
1581 5562 1721 5618 idem
1752 5578 2091 5619 consensus-

509 5638 652 5706 Quin
684 5645 1046 5705 sanetissimis
1076 5653 1319 5708 oraculis
1346 5668 1514 5724 prava
1541 5655 1759 5710 ratione
1786 5655 2081 5725 perversis,

506 5733 678 5790 libere
728 5742 1142 5813 engastrimythi
1190 5747 1354 5800 verba
1400 5745 1724 5813 conﬁrmat,
1778 5749 2083 5802 recentiora

506 5826 777 5886 idolorum
833 5833 1015 5891 cultus
1042 5836 1405 5895 instrumenta
1433 5840 1779 5909 decernens,
1812 5856 1932 5908 quae
1967 5841 2083 5908 pla-

2180 4630 2399 4699 γέγονεν
2436 4632 2470 4701 ἡ
2507 4632 2725 4702 πρᾶξις,
2765 4633 2865 4703 οὐχ
2894 4633 3064 4705 ἑτέρῳ
3093 4634 3200 4685 τινὶ
3220 4634 3281 4686 τὸ
3310 4632 3505 4705 δραθὲν
3528 4635 3759 4705 ἐπιγρα-

2184 4721 2364 4775 πτέον·
2412 4720 2552 4775 ὥστε
2580 4722 2725 4778 δυοῖν
2768 4723 2982 4793 ἀνάγκη
3034 4723 3261 4795 θάτερόν
3299 4726 3447 4777 ἐστιν
3483 4726 3678 4791 εἰπεῖν,
3720 4724 3757 4796 ἢ

2179 4813 2345 4872 τοῦτο
2387 4814 2745 4887 μηδεπώποτε
2788 4816 3071 4889 γεγονέναι
3116 4816 3403 4889 μηδαμῶς,
3451 4818 3484 4888 ἢ
3530 4818 3620 4872 διὰ
3660 4819 3771 4889 τῆς.

2190 4908 2636 4981 ἐγγαστριμύθου
2666 4912 2759 4963 καὶ
2786 4909 2887 4962 τοῦ
2913 4910 3167 4982 δαίμονος
3198 4910 3432 4980 ἀνῆχθαι
3474 4910 3565 4963 τὸν
3592 4909 3761 4982 ἄνδρα

2180 5000 2270 5054 τὸν
2299 5000 2500 5072 ὄρθιον.
2546 4997 2674 5072 'Ap’
2720 4997 2819 5059 οὖν,
2861 5003 3157 5073 ἀφοσιώσει
3192 5003 3292 5067 τὰς
3339 5002 3533 5059 ἑαυτοῦ
3577 5002 3770 5074 φωνὰς.

2182 5093 2465 5169 ἀρνεῖσθαι
2498 5094 2670 5149 δοκῶν
2706 5095 2842 5169 ἄλλῃ
2881 5096 3089 5167 μεθόδῳ
3131 5096 3228 5168 τὴν
3261 5097 3431 5168 αὐτὴν
3459 5099 3761 5169 εἰσηγεῖται

2182 5186 2500 5253 δοξοκοπίαν
2531 5186 2853 5258 ἀπατηλῶςς
2901 5187 3059 5243 Ἀλλὰ
3085 5187 3152 5241 δι’
3188 5178 3262 5242 ὧν
3293 5188 3393 5259 μὲν
3421 5186 3597 5243 ἔοικεν
3624 5190 3762 5242 ἀπο-

2183 5280 2479 5350 λογεῖσθαι,
2527 5279 2616 5335 διὰ
2655 5280 2860 5335 τούτων
2903 5281 2979 5344 ὡς
3020 5279 3283 5350 ἀλήθειαν
3338 5282 3644 5352 εἰσηγεῖται
3698 5280 3764 5334 τὸ

2182 5373 2396 5443 ψεῦδος.
2457 5373 2531 5426 Οὐ
2597 5372 2907 5427 καταιδοῦσι
2958 5372 3015 5425 δέ
3067 5370 3231 5426 αὐτὸν
3273 5373 3331 5429 αἰ
3374 5372 3633 5427 τοσαῦται
3667 5372 3766 5427 καὶ

2185 5463 2431 5517 τοιαῦται
2462 5463 2808 5535 νομοθετικαὶ
2829 5462 3190 5535 ψηφοφορίαι,
3216 5464 3276 5517 οὐ
3310 5464 3597 5537 σύμφωνοι
3630 5481 3736 5537 προ

2186 5558 2412 5626 φητικαὶ
2445 5557 2763 5630 μαρτυρίαι,
2785 5559 2884 5628 οὐχ
2913 5559 2969 5611 αἰ
2991 5556 3175 5610 λοιπαὶ
3195 5557 3766 5630 τῆςίοτοριογραφίας

2182 5652 2424 5723 ὁμόδοξοι
2458 5651 2695 5709 συνοδίαι
2715 5669 2728 5682 ·
2761 5651 2830 5706 τὰ
2859 5649 2915 5703 δέ
2945 5650 3011 5721 δὴ
3047 5652 3289 5720 πανάγια
3318 5651 3764 5723 παραλογισάμε-

2184 5761 2273 5806 νος
2318 5742 2737 5813 ἀποφθέγματα,
2771 5740 3087 5811 προαιρέσει
3127 5739 3334 5810 βεϐαιοῖ
3368 5741 3437 5794 τά
3468 5740 3564 5811 τῆς
3596 5741 3764 5806 ἐγγα-

2190 5835 2483 5907 στριμύθθυ
2535 5836 2774 5905 ῥήματα,
2825 5835 3113 5906 καινότερα
3170 5833 3271 5905 μὲν
3318 5831 3764 5902 εἰδωλολατρείας
