4112 6494
471 430 573 486 669

1382 433 1468 483 Dis
1507 430 2097 489 ENGASTRIMYTHO
2134 432 2411 490 CONTRA
2447 435 2821 496 ORIGENEM.

3598 448 3703 502 670

467 545 674 618 ὄργανα
716 543 1009 610 θεσπίζων,
1049 545 1234 599 ἀσε6εῖ
1271 546 1328 599 δὲ
1360 548 1588 620 μαντείᾳ
1626 549 1895 621 δαιμόνων
1919 553 2015 605 επις

2139 552 2313 624 giaria
2358 553 2666 610 daemonum
2722 554 3113 614 vaticinatione
3161 558 3481 616 obtrudunt.
3520 560 3702 632 Ipsum

468 636 701 691 σκυλῶν.
735 638 807 690 Οὐ
842 637 1018 690 πείθει
1049 637 1105 690 δὲ
1138 637 1299 692 αὑτὸν
1328 637 1453 691 οὐδὲ
1488 639 1548 693 τὸ
1582 640 1832 696 σύνθετον
1867 643 2037 714 ὄνομα

467 729 718 800 ποταπὴν
756 728 866 800 ἔχει
918 729 1217 802 διαγωγήν,
1274 730 1341 784 Ἠ
1379 730 1489 805 γὰρ
1536 733 2033 804 Ἐγγαστρίμυθος

466 822 823 894 ἑρμηνεύεται
855 822 1007 896 παρὰ
1038 823 1102 876 τὸ
1127 823 1323 893 μῦθον
1345 823 1415 879 ἐν
1444 826 1655 896 γαστρί
1689 827 2032 897 πεπλασμέ-

465 932 577 969 νον
607 915 947 985 ἐμφαίνειν·
995 918 1029 987 ἡ
1067 916 1124 969 δὲ
1159 915 1254 970 τοῦ
1298 916 1466 988 μύθου
1509 918 1755 983 σύνθεσις
1785 920 2029 992 ἐσχημά-

465 1022 643 1059 τισται
671 1007 1181 1078 σκηνοπηγουμένου
1215 1008 1457 1074 πιθανῶς
1488 1008 1619 1062 εἴσω
1644 1008 2031 1082 γαστρὸς,-οὐκ

464 1097 740 1169 ἀλήθειαν,
771 1097 907 1151 ἀλλά
952 1099 1014 1152 τὸ
1059 1098 1254 1169 ψεῦδος
1293 1100 1553 1173 ἄντικρυς
1607 1103 1859 1172 ὲκφωνεῖ.
1908 1102 2032 1156 Μα-

464 1187 584 1260 κρῷ
614 1189 743 1258 γοῦν
786 1190 1005 1261 ἄμεινον
1053 1191 1230 1245 ἴσασιν
1271 1193 1318 1245 οί
1362 1191 1632 1257 ποικίλαις
1674 1192 2031 1265 ὁμιλήσαντες

461 1277 635 1348 λόγων
662 1282 977 1354 ἀναφοραῖς,
1002 1284 1184 1339 ὁποῖόν
1207 1287 1321 1339 ἐστι
1352 1285 1412 1338 τὸ
1435 1285 1588 1355 γένος
1618 1284 1809 1339 αὐτοῦ·
1838 1285 1941 1339 κᾶν
1960 1285 2029 1339 τά

464 1371 696 1442 μάλιστα
722 1374 781 1427 δὲ
804 1374 1220 1446 δεισιδαιμονίαν
1245 1377 1528 1449 πυρέττων
1559 1377 1871 1450 Ἑλληνικὴν
1899 1395 2032 1448 μαν-

457 1462 606 1517 τείαν
638 1466 938 1536 εἰσηγεῖται
976 1468 1293 1540 λεληθότως.

526 1556 742 1612 XXVII.
797 1560 934 1613 Ἀλλ’
963 1562 1113 1633 ὅμως
1138 1563 1200 1616 οὐ
1229 1565 1595 1636 παραιτητέον
1621 1564 1862 1637 ἠγοῦμαι
1896 1565 2025 1620 κάν-

454 1648 644 1702 τεῦθεν
686 1651 899 1719 ἐλέγξαι
931 1653 1029 1724 τὴν
1059 1653 1341 1720 ἀξυνεσίαν
1385 1656 1551 1710 αὐτοῦ
1593 1658 1661 1711 δι’
1691 1657 1908 1727 ὀλίγων,
1948 1655 2025 1721 ὡς

452 1739 590 1792 δέον.
625 1742 691 1792 Αἰ
714 1742 823 1813 γάρ
848 1760 929 1798 τοι
960 1746 1245 1817 ῥητορικαὶ
1270 1746 1487 1818 δηλοῦσι
1510 1749 1897 1821 τεχνογραφίαι
1929 1766 2024 1801 σα-

454 1831 589 1901 φῶς,
613 1833 694 1887 ὅτι
726 1835 893 1906 μῦθός
936 1839 1055 1891 ἔστι
1094 1839 1318 1910 πλάσμα
1365 1841 1715 1912 συγκείμενον
1748 1841 1887 1913 μετά
1922 1841 2095 1938 ιῖλυο.Β

452 1927 732 1996 χαγωγίας
773 1930 912 2002 πρός
940 1949 990 1985 τι
1021 1932 1135 1988 τῶν
1158 1935 1216 1987 ὲν
1262 1933 1338 2004 τῷ
1376 1934 1474 2005 βίῳ
1509 1936 1701 2006 χρήσει
1733 1935 2018 2007 διαφέρον·

451 2018 677 2092 πλάσμα
730 2021 787 2075 δὲ
833 2023 1107 2095 δήπουθεν
1153 2024 1366 2099 εἴρηται
1406 2025 1556 2096 παρά
1599 2026 1660 2079 τὸ
1691 2027 2018 2092 πεπλάσθαι,

452 2112 638 2183 φασὶν,
670 2112 833 2168 αὐτὸν
877 2116 1455 2188 συνομολογουμένως·
1502 2119 1563 2172 ού
1609 2119 1723 2190 γὰρ
1749 2119 1830 2173 ἔτι
1871 2121 2022 2192 νομί-

451 2200 597 2265 ζοιτο
630 2202 833 2271 μῦθος,
869 2205 921 2257 εἰ
961 2204 1197 2274 γεγονὼς
1237 2207 1322 2279 εἰη
1360 2208 1503 2263 κατά
1548 2207 1842 2280 ἀλήθειαν·
1872 2211 1920 2262 εἰ
1964 2209 2021 2263 δὲ

450 2292 769 2366 πλάσματος
805 2295 1151 2368 αὐτοσχεδίου
1187 2298 1434 2363 σύνθεσίς
1463 2300 1608 2353 ἐστιν
1640 2302 1672 2372 ἡ
1714 2300 2016 2372 μυθοποιία,

449 2386 638 2458 πόρρω
668 2387 768 2457 μὲν
793 2386 940 2459 ἔργῳ
962 2389 1061 2460 τῆς
1096 2389 1352 2461 ἀληθείας
1379 2391 1700 2463 ἐλήλεγκται
1717 2434 1733 2458 ,
1758 2393 1901 2464 λόγῳ
1925 2394 2019 2449 καὶ

447 2478 787 2549 πραγμάτων
820 2480 953 2545 ὔλας
976 2481 1229 2545 εἰκονίζει
1254 2486 1320 2555 τῇ
1351 2484 1547 2557 πράξει
1578 2484 1903 2557 λειπομένη·
1950 2486 2019 2542 τὰ

445 2568 553 2641 γὰρ
595 2571 696 2624 οὐκ
726 2571 856 2627 ὄντα
888 2572 1256 2644 πιθανολογεῖν
1286 2575 1461 2630 ἔοικεν
1491 2576 1567 2641 ὡς
1596 2577 1743 2645 ὅντα,
1774 2580 1868 2633 καὶ
1898 2580 2016 2651 διη-

444 2658 605 2730 γήσει
653 2661 882 2733 μίμησιν
927 2664 1133 2733 εἰσάγει
1182 2665 1613 2738 πεπλασμένην·
1668 2667 2018 2724 ἀνυπόστατα

445 2750 625 2804 τοίνυν
667 2752 921 2807 εἰδοποιεῖ
959 2755 1284 2826 πράγματα,
1333 2759 1607 2831 μηδεμιᾶς
1653 2759 2017 2832 ὑποκειμένης

443 2840 625 2912 ἕδρας,
677 2842 752 2907 ὡς
783 2841 895 2898 οἷόν
931 2862 990 2898 τε
1018 2845 1270 2916 βεϐαίως.
1307 2849 1472 2904 Οὐδὲν
1509 2851 1566 2904 δέ
1596 2868 1686 2923 μοι
1723 2851 1870 2905 δοκεῖ
1904 2850 2018 2905 δια-

445 2933 633 3005 φέρειν
660 2935 868 3008 ἀψύχου
903 2940 1273 3011 σκιαγραφίας
1317 2942 1354 3011 ἡ
1387 2941 1480 2995 τοῦ
1514 2942 1683 3014 μύθου
1717 2943 2017 3016 πλαστουρ-

442 3024 570 3092 γία·
619 3025 742 3078 καθ’
784 3028 1073 3099 ὁμοιότητα
1109 3030 1239 3104 γὰρ,
1274 3028 1448 3103 οἶμαι,
1482 3032 1578 3087 τοῦ
1615 3034 1843 3099 πίνακος
1875 3036 2012 3109 αὐτῇ

440 3113 859 3187 διαχαράττεται
880 3122 945 3191 τῇ
973 3123 1236 3193 γραμμῇ·
1265 3123 1630 3197 παραπλησίῳ
1659 3126 1723 3194 γέ
1754 3142 1833 3180 τοι
1855 3143 2015 3199 προσ-

2138 658 2340 699 nomen
2391 646 2758 715 compositum
2812 649 3103 717 persuadet
3152 666 3388 721 quanam
3445 653 3501 707 in
3547 663 3702 723 parte

2135 742 2408 790 versatur.
2433 734 2898 805 Engastrimythus
2925 737 3071 791 enim
3103 737 3492 808 interpretatur
3521 754 3552 795 a
3581 756 3703 795 ven—

2139 831 2218 877 tre
2248 830 2301 878 et
2329 822 2536 892 fabula,
2575 826 2732 895 quasi
2757 825 2997 894 fabulam
3030 828 3083 881 in
3112 838 3285 882 ventre
3312 831 3591 899 conﬁctam
3617 829 3704 884 dc-

2136 924 2459 969 monstram.
2490 913 2825 985 Compositio
2854 925 3036 972 autem
3066 916 3262 973 fabulae
3286 919 3428 973 intra
3456 928 3700 975 ventrem

2133 1005 2490 1077 probabiliter
2523 1006 2977 1076 quemadmodum
3019 1015 3074 1063 et
3115 1010 3348 1064 tentoria
3389 1010 3694 1078 efformata,

2135 1113 2247 1153 non
2276 1097 2584 1162 veritatem,
2611 1098 2708 1153 sed
2758 1099 3101 1154 mendacium
3137 1108 3323 1169 aperte
3350 1103 3688 1171 pronuntiat.

2132 1188 2311 1247 .Multo
2330 1190 2526 1245 melius
2558 1190 2744 1261 itaque
2776 1192 2868 1261 qui
2901 1191 3055 1246 varia
3086 1191 3247 1262 periti
3285 1199 3412 1249 sunt
3442 1193 3694 1260 lectione,

2135 1291 2403 1338 noverunt
2437 1281 2709 1353 quodnam
2740 1283 2889 1339 illius
2914 1300 3088 1355 genus
3114 1304 3127 1340 :
3163 1284 3258 1355 qui
3285 1301 3394 1340 non
3423 1286 3584 1341 modo
3606 1287 3697 1342 ille

2136 1375 2540 1446 superstitiosis
2577 1375 2867 1446 praestigiis
2905 1376 3150 1446 apprime
3183 1377 3423 1443 deditus,
3454 1378 3695 1449 gentium

2134 1469 2550 1538 superstitiones
2572 1469 2881 1523 clanculum
2922 1469 3239 1525 introducit.

2202 1559 2416 1616 XXVII.
2458 1559 2827 1616 Nihilominus
2849 1560 2975 1617 inde
3006 1561 3170 1617 etiam
3199 1562 3393 1631 paucis
3416 1562 3537 1633 ejus
3586 1571 3696 1622 sto-

2129 1654 2411 1718 liditatem,
2455 1653 2534 1708 uti
2591 1669 2689 1724 par
2720 1661 2825 1719 est,
2885 1654 3299 1725 reprehendere,
3332 1658 3693 1715 omittendum

2127 1729 2243 1800 non
2264 1753 2367 1801 est.
2400 1744 2613 1801 Etenim
2648 1746 2939 1802 rhetoricae
2991 1747 3127 1803 artis
3180 1748 3506 1806 traditiones
3557 1752 3693 1815 satis

2126 1840 2408 1894 commode
2437 1846 2733 1909 exponunt,
2769 1839 3007 1895 fabulam
3047 1856 3170 1896 esse
3200 1841 3469 1897 ﬁctionem
3497 1858 3719 1915 quam-_

2122 1925 2246 1981 dam
2280 1943 2403 1983 cum
2433 1928 2793 1984 delectatione
2833 1929 2901 1984 ad
2926 1929 3162 1999 aliquem
3221 1931 3344 1986 vitae
3396 1948 3553 1988 usum
3591 1916 3689 1989 ne-

2120 2017 2443 2072 cessarium.
2468 2016 2643 2072 Fictio
2693 2034 2823 2074 vero
2862 2020 3006 2075 dicta
3062 2030 3147 2077 est
3188 2021 3357 2091 quod,
3391 2029 3454 2077 ut
3497 2038 3687 2081 omnes

2120 2124 2274 2179 aeque
2312 2108 2572 2177 fatentur,
2610 2109 2840 2165 conﬁcta
2868 2111 2960 2167 sit.
2998 2110 3185 2183 Neque
3214 2114 3360 2169 enim
3389 2114 3574 2183 fabula
3602 2116 3689 2171 di-

2119 2207 2354 2267 ceretur,
2381 2202 2427 2256 si
2458 2217 2516 2257 re
2553 2202 2672 2272 ipsa
2695 2212 2846 2274 gesta
2877 2202 3089 2259 fuisset.
3117 2204 3298 2272 Quare
3323 2207 3368 2262 si
3398 2206 3581 2262 fabula
3608 2210 3686 2264 rei

2120 2292 2261 2349 ﬁcta:
2287 2310 2351 2350 ex
2388 2295 2683 2365 improviso
2742 2297 3067 2367 compositio
3097 2306 3202 2361 est,
3229 2313 3289 2354 re
3313 2298 3532 2369 quidem
3568 2301 3687 2372 ipsa

2118 2385 2277 2456 longe
2308 2385 2463 2441 abest
2493 2401 2524 2440 a
2552 2385 2803 2449 veritate,
2835 2396 2892 2441 at
2936 2402 3120 2442 rerum
3172 2389 3381 2445 ratione
3428 2391 3688 2446 materias

2118 2479 2518 2550 suppeditanda
2546 2488 2900 2551 repraesentat
2930 2482 3146 2537 actione
3167 2482 3449 2538 destituta.
3475 2483 3686 2555 Quippe

2116 2586 2237 2642 quae
2264 2589 2372 2629 non
2415 2580 2564 2640 sunt,
2591 2573 3094 2640 verisimilitudine,
3129 2574 3287 2646 quasi
3315 2582 3517 2643 essent,
3558 2591 3688 2647 pro-

2117 2663 2290 2733 ponit,
2330 2664 2756 2734 narrationeque
2797 2666 3158 2722 imitationem
3192 2665 3480 2721 conﬁctam
3512 2668 3687 2723 intro-

2116 2754 2283 2811 ducit.
2311 2754 2418 2812 Res
2443 2756 2627 2827 itaque
2648 2772 2769 2828 qua:
2790 2772 2899 2812 non
2926 2757 3255 2821 subsistunt,
3290 2756 3483 2814 formis
3513 2764 3678 2827 atque

2117 2844 2310 2916 ﬁguris
2352 2854 2607 2911 ornatas,
2656 2847 2806 2902 nulla
2853 2845 3103 2902 suﬂultas
3152 2845 3446 2911 ﬁrmitate,
3502 2847 3682 2917 quoad

2116 2937 2232 2992 ﬁeri
2255 2944 2458 3009 potest,
2490 2936 2720 2993 stabilit.
2756 2936 2885 2992 Mihi
2916 2952 3048 2993 vero
3077 2936 3294 2991 videtur
3324 2936 3521 2992 fabula:
3553 2951 3687 2992 con-

2117 3029 2270 3085 ﬁctio
2299 3029 2438 3084 nihil
2467 3029 2537 3084 ab
2570 3028 2881 3083 inanimatae
2916 3028 3127 3084 umbrae
3167 3027 3533 3084 delineatione
3573 3027 3682 3082 dif-

2117 3119 2278 3176 ferre.
2312 3120 2395 3175 Ad
2428 3120 2839 3176 similitudinem
2869 3121 3070 3191 quippe
3120 3121 3317 3176 tabula:
3344 3120 3501 3177 lineis
3544 3119 3681 3190 ipsis

441 3208 712 3279 εμιρερείᾳ
755 3215 1166 3281 προσωποποιεῖ
1211 3214 1309 3285 μὲν
1335 3214 1610 3282 ὑπόθεσιν,
1643 3216 1724 3281 εἰς
1759 3235 1811 3271 τι
1848 3220 2014 3292 μέρος

2115 3210 2520 3281 designatae,~et
2548 3211 2667 3281 pari
2698 3211 3010 3280 aequalitate
3037 3218 3381 3282 argumento,
3424 3211 3480 3265 in
3512 3225 3678 3266 unam

440 3297 842 3364 ἀποϐλέπουσα,
877 3302 1015 3356 αὐτά
1060 3303 1116 3356 δὲ
1165 3306 1487 3375 σχηματίζει
1540 3311 1607 3380 τῇ
1663 3311 1888 3382 μιμήσει
1943 3311 2012 3365 τά

440 3388 743 3460 πράγματα
771 3396 1055 3463 γραμμαῖς
1087 3396 1487 3468 ἐντεταμέναις,
1523 3400 1877 3472 ἀνομολογίαν
1914 3402 2012 3473 μὲν

439 3475 533 3532 οὖν
568 3481 653 3548 ἐφ’
698 3482 943 3536 ἑκάστων
974 3486 1031 3548 ἐς
1058 3486 1124 3540 τὰ
1161 3488 1390 3558 μάλιστα
1429 3494 1588 3562 τηρεῖ
1622 3492 1730 3545 τῶν
1768 3492 2007 3565 ῥυθμῶν.

444 3571 623 3643 ’Ἄκρα
653 3590 714 3626 τε
746 3575 984 3646 πολέμου
1027 3579 1225 3651 γράφει
1253 3582 1346 3635 καὶ
1380 3582 1552 3646 τέλος,
1593 3584 1804 3638 ἐοικότα
1836 3585 2007 3656 βάσει,

437 3662 534 3715 καὶ
580 3664 731 3737 χείλη
787 3667 1153 3739 φθεγγόμενα,
1204 3672 1300 3725 καὶ
1346 3674 1538 3742 φωνῶν
1583 3674 1867 3746 ἰδιώματα,
1914 3678 2010 3731 καὶ

437 3754 696 3821 γέλωτας,
742 3758 837 3811 καὶ
864 3758 1192 3832 κλαυθμοὺς,
1225 3763 1257 3834 ἢ
1294 3764 1633 3838 δημηγορίας
1662 3770 2005 3840 άρχοντικάς,

435 3844 470 3916 ἢ
515 3845 790 3916 συμπόσια
831 3850 926 3902 καὶ
963 3848 1203 3920 κώμους,
1236 3852 1269 3923 ἢ
1322 3852 1573 3923 βακχίας,
1614 3854 1649 3926 ἢ
1697 3856 2001 3930 τελετὰς,ἢ

340 3959 344 3963 ·
439 3936 606 4008 μέθας
636 3938 986 4006 ἀκολάστους,
1014 3940 1046 4012 ἢ
1081 3943 1364 4015 παροινίας
1401 3945 1691 4017 ἐρωτικὰς,
1724 3947 1758 4018 ἢ
1788 3948 2007 4022 λῃστρι-

435 4024 538 4087 κάς
568 4025 843 4097 ἁρπαγὰς,
874 4027 907 4098 ἦ
930 4028 1135 4099 φθορὰς
1162 4031 1513 4101 ἀνηκέστους,
1541 4036 1574 4106 ἢ
1608 4037 1822 4106 σφαγάς
1849 4039 2008 4111 ἀκρί-

436 4134 583 4182 τους,
632 4118 666 4189 ἢ
714 4120 906 4183 πενίας
954 4121 1290 4194 ὑποκρίσεις,
1330 4125 1363 4195 ἢ
1408 4125 1655 4180 πλούτων
1700 4131 2002 4203 ἐπιρροίας.

436 4207 785 4281 Εἰκοτολογίᾳ
816 4209 914 4279 μὲν
959 4205 1053 4264 οὖν
1101 4209 1313 4265 ἅπαντα
1343 4216 1752 4288 χαρακτηρίζει,
1793 4233 2008 4291 προσω-

437 4300 638 4353 ποποία
663 4299 722 4353 δὲ
765 4304 1167 4374 προσεμφερεῖς
1208 4302 1513 4376 διαγορεύει
1555 4308 1783 4380 πράξεις
1812 4310 2006 4384 ἀνδρα-

435 4396 545 4457 νεῖς
564 4411 576 4421 ·
608 4392 658 4445 οί
682 4392 790 4465 γάρ
822 4410 903 4447 τοι
939 4394 1223 4466 μυθοποιοί
1262 4397 1361 4461 τὰς
1399 4398 1642 4471 ἀνθηράς
1669 4402 2002 4475 ἀναλεγόμε-

434 4503 516 4541 νοι
541 4486 715 4555 λέξεις
756 4488 1115 4560 αὐτουργοῦσι
1145 4490 1361 4546 ποικίλα
1402 4494 1708 4564 χρωμάτων
1731 4496 1866 4567 είδη,
1909 4498 2003 4551 καί.

2115 3310 2329 3371 partem
2373 3301 2706 3369 reSpiciens,
2754 3313 3044 3370 personam
3092 3299 3372 3370 conﬁngit,
3417 3299 3680 3356 imitatio-

2112 3406 2289 3462 neque
2322 3405 2408 3445 res
2457 3391 2604 3460 ipsas
2650 3389 2812 3445 lineis
2861 3389 3103 3445 inductis
3132 3389 3347 3460 ﬁgurat,
3389 3397 3445 3445 et
3472 3391 3529 3445 in
3560 3406 3680 3446 om-

2110 3485 2276 3540 nibus
2299 3484 2669 3553 inaaqualitate
2696 3496 2984 3537 numerum
3008 3480 3265 3537 observat
3296 3482 3674 3551 potissimum;

2113 3577 2304 3646 sicque
2334 3586 2489 3631 ortus
2519 3582 2574 3631 et
2600 3573 2739 3630 ﬁnes
2771 3573 3036 3629 bellorum
3059 3589 3170 3627 non
3206 3573 3430 3628 dissona
3452 3573 3676 3630 basibus

2111 3668 2306 3740 pingit,
2348 3666 2492 3723 labia
2533 3664 2804 3737 loquacia,
2836 3678 3035 3719 vocum
3066 3664 3451 3735 pr0prietates,
3503 3664 3674 3732 risus,

2109 3761 2385 3831 planctus,
2429 3764 2524 3813 aut
2573 3757 2868 3813 conciones
2902 3756 3231 3828 principum,
3262 3756 3532 3823 convivia,
3566 3756 3676 3811 sal-

2108 3850 2369 3915 tatioues,
2422 3848 2638 3904 furores
2677 3845 2991 3912 bacchicos,
3043 3845 3328 3917 mysteria,
3375 3844 3673 3900 ebrietates

2106 3940 2478 4012 turpissimas,
2509 3938 2841 4011 petulantias
2884 3939 3201 4004 amatorias,
3227 3938 3553 4008 {praedonum
3585 3936 3674 3990 die

2106 4033 2406 4103 reptiones,
2442 4026 2755 4101 deploratas
2783 4029 2982 4093 caedes,
3015 4028 3199 4084 clades
3236 4043 3509 4093 enormes,
3546 4041 3678 4097 pau-

2107 4123 2334 4194 pertatis
2386 4121 2787 4186 simulationes,
2839 4120 3155 4176 divitiarum
3197 4119 3523 4176 aﬂluentias.
3569 4119 3673 4175 Dc-

2106 4215 2251 4272 eenti
2289 4214 2456 4286 igitur
2499 4215 2749 4269 oratione
2803 4220 2964 4267 notas
3012 4212 3266 4283 apponit,
3310 4218 3365 4267 et
3407 4226 3672 4281 persona-

2105 4322 2231 4362 rum
2279 4305 2499 4361 ﬁctione
2552 4305 2621 4361 ad
2674 4303 2919 4359 actiones
2977 4303 3184 4359 similes
3231 4318 3353 4373 quae
3396 4304 3545 4358 viros
3572 4302 3670 4359 de—

2104 4408 2251 4463 cent,
2286 4397 2555 4468 designat.
2590 4394 2949 4451 Fabulatores
2979 4395 3182 4465 quippe
3204 4393 3412 4449 ﬂoridis
3442 4395 3670 4451 vocibus

2105 4489 2321 4547 selectis
2339 4467 2532 4544 'varias
2559 4487 2806 4543 colorum
2854 4484 3067 4555 species
3115 4484 3398 4550 adhibent,
3443 4484 3671 4554 compli-

430 4581 498 4650 τῇ
534 4580 927 4650 προσωποποίᾳ
955 4581 1376 4652 συμπλέκουσιν·
1404 4580 1526 4639 εἶτα
1554 4578 1739 4655 λόγοις
1769 4589 2008 4660 ἐπιχρώ-

2115 4590 2342 4654 eantque
2391 4595 2748 4653 personarum
2797 4576 3042 4646 ﬁctioni;
3096 4577 3356 4647 deinceps
3405 4576 3671 4634 orationis

433 4688 625 4735 σαντες
647 4670 822 4743 ἡδέσι,
858 4673 1036 4727 πᾶσαν
1064 4675 1162 4745 μὲν
1183 4677 1572 4746 ὲπισυνάγουσι
1594 4678 1692 4750 τὴν
1711 4679 1807 4750 re}?
1834 4680 2005 4751 μύθου

431 4764 713 4835 διήγησιν·
740 4763 929 4835 ὥσπερ
958 4764 1015 4818 δὲ
1044 4765 1404 4841 ζωδιογράφοι
1443 4771 1543 4842 τὴν
1588 4771 1687 4842 τῆς
1716 4770 1892 4842 ὅψεως
1929 4775 2006 4826 εί-

430 4857 735 4922 κονίζουσιν
763 4856 933 4929 ὥραν,
962 4857 1210 4931 ἐρυθροῖς
1239 4863 1322 4931 ἠδ’
1347 4863 1580 4927 ἀνθινοῖς
1621 4863 1874 4936 χρώμασι
1898 4882 2002 4938 κη-

433 4948 861 5021 ρογραφοῧντες·
911 4950 1114 5021 ῥήμασι
1167 4952 1368 5009 δὲ’καί
1414 4957 1656 5028 σχήμασι
1701 4959 2004 5030 μελοποιεῖν

432 5044 793 5113 ἐπειγόμενοι,
825 5043 1179 5116 χαρακτῆρας
1202 5044 1417 5111 ὑλικοὺς
1447 5048 1590 5120 ἔργῳ
1622 5050 1723 5122 τῆς
1745 5051 2001 5122 ἀληθείας

434 5134 600 5203 αὐτῆς
647 5134 985 5191 ἀποδέουσιν.
1032 5134 1172 5188 Ἀλλ’
1219 5129 1366 5191 οὗτοι
1405 5138 1503 5209 μέν
1543 5156 1625 5194 τοι
1669 5141 1844 5213 τούτῳ
1875 5158 1998 5196 ποι-

433 5224 671 5280 κίλλουσι
695 5228 881 5300 τρόπῳ
906 5227 1005 5293 τὰς
1030 5227 1140 5281 τῶν
1170 5228 1355 5299 μύθων
1387 5230 1601 5297 εἰκόνας
1620 5249 1634 5263 ·
1666 5233 1913 5288 ἐντεῦθεν
1941 5234 2000 5288 δὲ

437 5316 666 5386 μουσικὴ
700 5334 783 5380 τις
814 5319 1048 5390 ἁρμονία
1078 5318 1413 5388 συνίσταται,
1446 5322 1543 5376 καὶ
1569 5324 1858 5396 ποιητικῆς
1883 5326 2001 5396 οίη-

435 5406 682 5471 σικοπίας
714 5407 948 5481 εὖρεσις.

497 5580 732 5637 XXVIII.
775 5584 988 5657 Ἀμέλει
1016 5587 1148 5657 γοῦν
1181 5587 1532 5662 ἐρωτώμενος
1557 5593 1586 5646 ό
1611 5591 1836 5646 Πλάτων
1860 5610 1992 5665 μου·

427 5672 586 5753 ωκῆς
631 5674 731 5747 μὲν
759 5670 896 5731 εἶναι
936 5676 1129 5747 λόγους
1154 5679 1414 5751 ὁρίζεται,
1459 5682 1663 5752 λέγων·
1695 5683 1898 5757 Λόγων
1925 5681 1995 5737 δὲ

425 5766 626 5822 διττὸν
666 5762 857 5835 εἶδος,
890 5769 990 5842 ἔφη
1008 5813 1024 5838 ,
1082 5771 1147 5825 τὸ
1193 5772 1309 5841 μὲν
1361 5774 1581 5841 ἀληθὲς
1598 5815 1613 5839 ,
1647 5774 1872 5843 ψεῦδος
1926 5774 1996 5828 δὲ

427 5859 669 5923 θάτερον
684 5874 698 5889 ·
732 5860 1083 5918 παιδευτέον
1117 5862 1187 5917 δὲ
1221 5865 1290 5919 ἐν
1333 5865 1706 5933 ἀμφοτέροις,
1742 5866 1900 5923 ἀλλά
1930 5884 1995 5932 γε

2107 4676 2375 4733 suavitate
2407 4671 2803 4729 adumbrantes
2833 4685 3052 4727 omnem
3080 4669 3298 4740 quidem
3330 4668 3524 4724 fabula:
3542 4682 3671 4722 nar-

2103 4768 2372 4823 rationem
2425 4764 2741 4836 expediunt.
2793 4762 2860 4818 Et
2895 4762 3064 4819 veluti
3116 4762 3396 4833 signorum
3433 4759 3671 4831 pictores

2112 4868 2366 4930 aspectus
2399 4856 2862 4928 pulchritudinem
2898 4854 3085 4911 rubeis
3113 4852 3431 4924 ﬂoridisque
3468 4852 3671 4907 colori-

2102 4950 2229 5014 bus,
2261 4963 2326 5003 ac
2355 4948 2399 5002 si
2432 4962 2557 5002 cera
2586 4947 2894 5017 pingerent,
2922 4943 3303 5014 distinguunt;
3334 4941 3514 4997 verbis
3536 4942 3666 4998 item
3738 4990 3743 4999 .

2103 5041 2401 5112 ﬁgurisque
2422 5038 2552 5093 dum
2584 5049 2874 5092 numerum
2914 5035 3333 5091 accommodare
3372 5043 3662 5105 coguntur,

2103 5132 2517 5190 characteribus
2557 5130 2853 5202 pinguibus
2879 5168 2895 5195 ν
2949 5129 3196 5185 veritatis
3246 5143 3448 5192 causa,
3503 5130 3662 5199 quasi

2103 5225 2454 5296 compedibus
2494 5224 2762 5279 vinciunt.
2821 5223 2891 5277 At
2940 5221 2997 5276 hi
3044 5220 3267 5292 quidem
3307 5220 3409 5274 hac
3450 5221 3664 5277 ratione

2100 5318 2407 5373 fabularum
2440 5315 2709 5387 imagines
2749 5322 3038 5370 exornant.
3083 5312 3223 5367 Hinc
3266 5312 3472 5366 musica
3511 5327 3663 5382 quae-

2103 5413 2227 5467 dam
2269 5408 2556 5465 harmonia
2600 5408 2979 5471 constituitur,
3023 5419 3089 5459 ac
3122 5404 3348 5475 poeticae
3390 5404 3659 5476 imagina-

2103 5503 2268 5560 tionis
2300 5500 2560 5555 inventio.

2169 5591 2408 5650 XXVIII.
2448 5591 2635 5662 Itaque
2665 5590 2820 5645 Plato
2861 5589 3230 5659 interrogatus
3278 5587 3502 5645 musicae
3535 5588 3660 5659 qui-

2099 5686 2222 5742 dem
2264 5684 2563 5740 orationem
2614 5695 2739 5737 esse
2786 5678 3132 5742 determinat,
3172 5677 3361 5735 dicens
3402 5679 3656 5733 orationis

2099 5778 2233 5831 duas
2264 5790 2378 5829 esse
2403 5773 2617 5841 species,
2666 5786 2826 5824 unam
2854 5783 3051 5832 ceram,
3083 5767 3307 5823 atteram
3334 5770 3563 5839 falsam;
3597 5771 3654 5823 in

2100 5866 2335 5935 utrisque
2366 5880 2483 5919 vero
2508 5859 2884 5917 instimendum
2909 5858 3165 5930 (civitatis
3194 5860 3522 5932 custodem),
3561 5861 3652 5916 sed
