4112 6500
421 408 518 464 671

1401 401 1461 458 S.
1503 395 1870 458 Ευετιιτηιι
1899 394 2204 454 EPISCOPI
2243 394 2660 452 ANTIOCHENI

3547 396 3652 452 672

421 529 649 597 primum
669 522 876 594 quidem
906 522 959 575 in
1002 518 1314 576 mendaciis.
1344 518 1506 575 Prius
1529 520 1731 590 quippe
1767 518 1984 573 dixerat

2103 514 2370 580 τρότερον
2388 512 2457 566 ἐν
2481 513 2603 578 τοῖς
2634 511 2915 581 ψεύδεσι·
2950 515 3371 583 προηγουμένως
3390 510 3500 583 γὰρ
3532 507 3654 565 εἶπε

422 635 624 692 pueros
650 615 955 671 fabularum
987 619 1151 666 cantu
1179 611 1420 667 deliniri.
1455 609 1644 681 Itaque
1665 611 1720 663 in
1743 624 1984 679 unaqua-

421 727 519 783 que
536 727 589 765 re
623 708 914 762 maximum
955 715 1031 761 est
1066 713 1220 775 atque
1249 702 1746 772 praestantissimum
1783 698 1985 770 princi-

422 817 603 872 pium;
628 800 957 867 potissimum
977 814 1095 852 vero
1107 796 1287 866 juveni
1312 802 1360 848 et
1383 803 1556 848 tenero
1579 791 1809 846 cuilibet.
1842 791 1986 846 Tum:

421 898 564 949 enim
602 891 832 946 maxime
866 889 1129 960 formatur
1158 897 1208 942 et
1239 886 1509 940 inducitur
1541 886 1715 956 figura
1747 885 1862 952 ejus
1887 885 1984 949 rei,

424 999 583 1054 quam
620 982 736 1052 quis
769 981 1051 1050 unicuique
1080 977 1377 1048 imprimere
1417 984 1568 1045 atque
1609 973 1884 1046 obsignare
1914 988 1990 1027 ue—

427 1075 506 1132 lit.
530 1075 740 1142 Quibus
766 1073 929 1128 dictis
972 1071 1106 1128 illud
1135 1077 1368 1126 conatur
1410 1068 1718 1134 ostendere,
1763 1068 1987 1123 minime

427 1183 552 1224 esse
573 1166 944 1223 necessarium
966 1162 1274 1219 immodicis
1294 1161 1556 1231 purisque
1574 1159 1874 1214 mendaciis
1891 1159 1952 1227 ju
1971 1187 1984 1199 -

427 1273 632 1313 venum
657 1258 871 1313 animos
898 1269 1202 1326 occupare;
1230 1269 1355 1309 cum
1385 1267 1508 1324 quae
1529 1251 1773 1321 puerulis
1798 1265 1988 1306 recen-

427 1346 659 1403 tioribus
688 1362 869 1417 pravce
890 1345 1164 1416 opinionis
1191 1353 1334 1400 notae
1357 1343 1761 1414 imprimuntur,
1793 1342 1882 1397 vix
1905 1341 1990 1395 di—

427 1436 558 1492 velli
594 1445 688 1491 aut
727 1437 928 1492 aboleri
974 1437 1208 1506 possint.
1239 1434 1582 1505 Quapmpter
1625 1432 1838 1488 ratione
1879 1447 1989 1486 non

428 1526 734 1597 interrupta
761 1526 982 1583 subdit:
1007 1525 1213 1581 Adeone
1251 1525 1405 1594 facile
1441 1524 1802 1594 permittemus
1837 1538 1992 1592 quas-

428 1614 555 1668 libet
573 1615 782 1685 fabulas
800 1633 832 1669 a
844 1616 1156 1688 quibuslibet
1176 1632 1268 1685 pro
1285 1613 1546 1668 arbitratu
1562 1614 1795 1668 inventas
1810 1610 1992 1666 audire

427 1723 639 1776 pueros,
670 1725 858 1779 easque
881 1710 1059 1764 animo
1084 1709 1342 1777 suscipere
1365 1709 1628 1777 opiniones
1651 1723 1766 1778 qua:
1793 1715 1849 1759 ut
1874 1707 1992 1775 plu—

2084 606 2156 660 τὰ
2201 607 2391 660 παιδία
2441 605 2835 675 καταλέγεσθαι
2889 605 3072 676 μύθων
3121 605 3364 676 ἐπαοιδῇ.
3420 605 3655 660 Οὐκοῦν

2085 697 2242 767 ἀρχὴ
2291 697 2518 764 παντὸς
2560 698 2735 768 ἔργου
2760 695 3048 766 μέγιστον
3067 712 3081 728 ·
3109 695 3309 762 ἄλλως
3332 712 3394 748 τε
3415 697 3511 750 καί
3539 694 3656 762 νέῳ

2088 790 2185 843 καὶ
2216 787 2427 854 ἀπαλῷ
2458 788 2684 856 ὁτῳοῦν
2704 807 2716 820 ·
2748 789 3014 858 μάλιστα
3045 788 3152 858 γὰρ
3185 786 3261 856 δὴ
3298 787 3432 842 τότε
3469 787 3658 842 πλάτ-

2087 897 2245 934 τεται
2287 880 2385 934 καὶ
2436 880 2708 935 ἐνδύεται
2761 881 2967 947 τύπος,
2997 879 3069 933 ὃν
3099 879 3180 933 ἄν
3232 897 3323 946 τις
3369 879 3660 944 ,βούλεται

2087 972 2540 1041 ἐνσημήνασθαι
2574 971 2825 1038 ἑκάστῳ.
2867 971 2966 1025 Διά
3009 971 3065 1024 δέ
3102 971 3210 1024 τῶν
3249 970 3504 1024 τοιούτων
3538 987 3659 1024 πει-

2092 1065 2250 1135 ρᾶται
2303 1065 2512 1134 ῥήσεων
2564 1064 2838 1134 ἐκφαίνειν
2863 1104 2878 1131 ,
2922 1064 2998 1128 ὡς
3028 1065 3086 1117 ού
3135 1063 3311 1136 χρεὼν
3358 1063 3424 1118 ἂν
3455 1065 3538 1136 εἴη
3593 1082 3658 1134 γε

2088 1156 2472 1228 ψευδηγορίαις
2515 1156 2795 1209 ἐπαντλεῖν
2827 1155 3084 1227 ἀκράτοις
3113 1155 3212 1219 τὰς
3245 1155 3352 1209 τῶν
3388 1155 3659 1227 νεηλύδων

2091 1248 2291 1313 ἀκοάς·
2321 1249 2504 1321 ἐπειδὴ
2542 1251 2654 1312 τοῖς
2685 1248 2882 1318 ἀρτίως
2924 1247 3374 1319 ἐνσημαινόμενοι
3415 1245 3659 1319 μείραξιν

2090 1343 2140 1396 οί
2173 1343 2368 1396 κτύποι
2422 1342 2521 1411 τῆς
2566 1341 2882 1407 κακοδοξίας
2914 1341 3277 1412 ἀμετάστατοι
3320 1341 3532 1410 φιλοῦσι
3571 1340 3658 1408 γί-

2092 1433 2276 1487 νεσθαι
2317 1433 2411 1485 καὶ
2441 1433 2782 1485 δυσέκνιπτοι
2801 1449 2813 1462 ·
2861 1431 3051 1502 διόπερ
3079 1431 3383 1495 ἀκολούθως
3412 1429 3662 1502 ἐπιφέρει

2093 1524 2282 1579 πάλιν·
2322 1521 2443 1592 Ἆρ’
2486 1520 2600 1578 οὖν
2637 1524 2858 1592 ,ῥᾳδίως
2899 1524 3052 1578 οὕτω
3100 1523 3483 1593 παρήσομεν,
3521 1522 3657 1593 ἔφη,

2094 1616 2235 1682 τοὺς
2269 1616 2662 1684 ἐπιτυχόντας
2689 1614 2807 1671 ὑπὸ
2850 1615 2969 1668 τῶν
2999 1617 3402 1684 ἐπι-τυχόντων
3433 1615 3662 1685 μύθους

2095 1707 2476 1772 πλασθέντας
2495 1706 2738 1759 ἀκούειν
2766 1705 2906 1772 τοὺς
2939 1704 3173 1771 παῖδας,
3206 1705 3304 1758 καί
3336 1702 3662 1773 λαμϐάνειν

431 1800 621 1852 rimum
661 1809 782 1854 sunt
819 1801 884 1855 iis
915 1801 1217 1866 contrarite,
1265 1818 1398 1872 quas
1439 1801 1527 1854 ubi
1556 1800 1624 1854 ad
1667 1809 1993 1854 constantem

2103 1798 2165 1851 ἐν
2202 1797 2330 1864 ταῖς
2363 1796 2608 1866 ψυχαῖς,
2631 1797 2710 1862 ὡς
2741 1797 2839 1850 ἐπὶ
2876 1795 2942 1849 τὸ
2976 1796 3133 1850 πολὺ
3175 1795 3453 1862 ἐναντίας
3479 1795 3663 1862 δόξας

429 1898 637 1946 (etatem
665 1893 1008 1961 pervenerint,
1039 1893 1226 1948 habere
1253 1893 1373 1948 illos
1413 1892 1595 1948 debere
1631 1892 1999 1948 arbitramur?

2103 1888 2347 1954 ἐκείναις
2367 1886 2459 1953 ἂς,
2480 1887 2724 1942 ἐπειδὰν
2742 1886 3148 1953 τελειωθῶσιν,
3166 1886 3330 1956 ἔχειν
3343 1888 3664 1956 οἰησόμεθα

435 1982 600 2036 Nullo
632 1985 686 2037 id
723 1984 929 2055 quidem
953 1984 1128 2050 modo,
1159 1985 1318 2050 dixit,
1341 1989 1721 2056 permittemus.
1752 1984 1994 2038 Primum

429 2075 638 2146 quidem
669 2077 1018 2130 constituendi
1041 2085 1161 2132 sunt
1184 2076 1570 2147 fabulatoribus
1599 2077 1708 2132 illis
1733 2092 1995 2142 censores,

431 2170 541 2238 qui,
573 2170 622 2223 si
658 2186 814 2240 quam
842 2170 926 2224 illi
954 2171 1144 2226 bonam
1171 2171 1412 2240 fabulam
1441 2171 1678 2240 fecerint,
1713 2181 1994 2225 excernunt

431 2267 588 2330 atque
609 2259 853 2331 seligant,
885 2261 1056 2316 malas
1089 2270 1264 2315 autem
1291 2259 1565 2330 repudient
1591 2260 1769 2316 eodem
1795 2259 1888 2314 illo
1904 2260 1998 2329 ju-

432 2349 570 2404 dicio
600 2359 752 2421 atque
778 2351 1037 2406 examine.
1069 2351 1215 2418 Quas
1243 2367 1360 2406 vero
1390 2350 1603 2420 fabulas
1629 2367 1656 2405 e
1683 2359 1997 2404 cwterarum

434 2455 647 2493 numero
680 2441 1042 2504 exemerimus,
1078 2439 1321 2494 dabimus
1356 2456 1568 2509 operam
1599 2449 1654 2492 ut
1676 2449 1726 2493 et
1769 2439 1996 2492 nutrices

432 2541 484 2584 et
527 2539 720 2586 matres
751 2533 924 2600 pueris
968 2549 1058 2587 eas
1091 2543 1491 2589 commemorent
1518 2541 1615 2587 :ut
1663 2532 1768 2587 illis
1800 2531 1998 2602 fabulis

433 2622 607 2690 potius
645 2623 994 2692 informentur
1034 2633 1186 2695 atque
1217 2611 1564 2678 instituantur
1595 2640 1775 2678 eorum
1807 2623 1998 2688 animi,

435 2731 594 2784 quam
616 2732 834 2785 corpora
870 2716 1110 2771 manibus
1131 2726 1398 2771 curentur.
1427 2717 1496 2770 At
1525 2719 1676 2771 exiis
1701 2733 1831 2788 quas
1861 2732 2000 2772 nunc

436 2817 864 2872 commemorant,
888 2809 1067 2863 multa:
1089 2794 1240 2862 erant
1263 2809 1621 2879 repudiandae.
1650 2809 1853 2865 Deinde
1871 2824 1999 2863 cum

437 2897 505 2950 de
543 2913 731 2951 earum
783 2913 880 2969 pro
911 2899 1122 2952 ratione
1173 2897 1494 2954 differentiis
1545 2899 2001 2970 interrogaretur,

440 2987 508 3042 In
532 2989 840 3058 majoribus,
866 2989 1101 3056 dicebat,
1135 2989 1330 3060 fabulis
1353 2999 1401 3044 et
1443 2991 1666 3044 minores
1690 2989 2001 3044 videbimus.

439 3076 577 3132 Cum
609 3093 802 3132 rursus
841 3077 1184 3140 Adimantus,
1226 3094 1318 3133 eas
1346 3095 1403 3133 se
1433 3095 1542 3133 non
1572 3079 1869 3148 intelligere
1910 3078 1997 3132 in-

441 3181 638 3233 nuens,
679 3178 968 3239 quaereret,
1014 3171 1336 3226 subintulit:
1372 3172 1517 3238 Quas
1551 3180 1600 3226 et
1646 3170 1906 3225 Hesiodus
1951 3181 2000 3226 et

2090 1981 2220 2036 δεῖν
2248 1980 2469 2046 αὺτὰς;
2498 1980 2633 2035 Οὐδ’
2665 1980 3023 2045 ὁπωστιοῦν,
3047 1979 3258 2052 εἴρηκε,
3287 1979 3662 2049 παρήσομεν.

2092 2074 2334 2145 Πρῶτον
2381 2075 2497 2145 μὲν
2541 2074 2686 2144 ἡμῖν
2729 2075 2809 2141 ὡς
2852 2074 3048 2128 ἔοικεν
3084 2074 3514 2141 ἐπιστατητέον
3543 2072 3666 2138 τοῖς

2087 2167 2466 2238 μυθοποιοῖς·
2511 2168 2608 2221 καὶ
2655 2166 2728 2221 ὃν
2750 2166 2887 2237 μὲν,
2927 2167 3004 2222 ἂν
3034 2167 3222 2221 καλὸν
3258 2167 3452 2236 μῦθον
3495 2163 3666 2232 ποιή-

2093 2274 2306 2324 σωσιν,
2353 2259 2685 2329 ἐγκριτέον·
2719 2259 2792 2313 ὃν
2839 2258 2908 2313 δὲ
2939 2259 3059 2329 μὴ,
3093 2259 3479 2328 ἀποκριτέον·
3528 2257 3668 2324 τοὺς

2094 2351 2164 2406 δὲ
2191 2353 2569 2422 ἐγκριθέντας
2620 2351 2950 2422 ποθήσομεν
2999 2352 3107 2417 τὰς
3149 2351 3407 2420 τροφούς
3455 2366 3519 2404 τε
3568 2349 3668 2406 καὶ

2091 2446 2355 2516 μητέρας
2415 2446 2617 2517 λέγειν
2668 2445 2794 2512 τοῖς
2847 2445 3048 2510 παισὶ,
3095 2445 3191 2498 καὶ
3238 2443 3525 2498 πλάττειν
3563 2443 3670 2508 τὰς

2095 2539 2301 2608 ψυχὰς
2347 2538 2546 2593 αὐτῶν
2600 2538 2723 2604 τοῖς
2753 2539 2986 2608 μύθοις,
3022 2536 3178 2590 πολὺ
3223 2533 3466 2606 μᾶλλον
3505 2534 3544 2603 ἣ
3598 2533 3669 2588 τὰ

2097 2629 2339 2699 σώματα
2386 2629 2515 2696 ταῖς
2545 2630 2786 2698 χερσίν·
2833 2623 2920 2682 ὧν
2955 2627 3023 2682 δὲ
3078 2628 3194 2682 νῦν
3243 2626 3490 2697 λέγουσι
3526 2625 3668 2692 τοὺς

2097 2722 2365 2787 πολλοὺς
2393 2722 2738 2790 ἐκϐλητέον.
2761 2716 2894 2775 Εἶτα
2925 2720 3112 2790 ἐπειδὴ
3145 2720 3273 2791 περὶ
3299 2719 3396 2788 τῆς
3426 2717 3668 2772 ἑκάστων

2098 2809 2362 2878 ἀναλόγου
2395 2810 2658 2881 διαφορᾶς
2686 2809 3056 2881 ἐρωτώμενος,
3104 2811 3204 2863 Ἐν
3238 2809 3358 2875 τοῖς
3383 2809 3668 2878 μείζοσιν,

2097 2900 2336 2970 ἔφασκε,
2383 2903 2595 2970 μύθοις
2635 2901 3139 2972 ἀναγνωρίᾱσθαι.
3180 2902 3319 2967 τοὺς
3350 2901 3668 2966 ἐλάττους·

2098 2991 2174 3056 ὼς
2209 2992 2373 3064 ἤρετο
2401 2992 2562 3047 πάλιν
2601 2995 2629 3046 ὁ
2667 2995 3032 3064 Ἀδείμαντος,
3063 2993 3182 3046 οὐδὲ
3221 2993 3441 3055 τούτους
3479 2991 3673 3045 εἰδέναι

2097 3080 2293 3152 δηλῶν,
2329 3077 2484 3145 αὖθις
2527 3081 2934 3150 ἁνθυπενέγκας
2985 3082 3200 3152 ἔφησεν·
3252 3081 3376 3148 Οὓς
3409 3081 3674 3147 Ἡσίοδός

2098 3191 2182 3240 τε,
2240 3168 2430 3237 εἷπον,
2457 3174 2554 3229 καί
2599 3175 2858 3243 Ὅμηρος
2887 3171 3031 3242 ἡμῖν
3049 3173 3349 3243 ἐλεγέτην·
3380 3169 3545 3251 οὗτοι
3567 3171 3674 3241 γάρ

443 3260 705 3316 Homerus
759 3263 906 3318 nobis
958 3273 1452 3318 commemorarunt.
1521 3263 1593 3318 Hi
1633 3265 1772 3318 enim
1830 3262 2001 3333 falsas

2103 3279 2218 3316 που
2246 3263 2476 3332 μύθους
2505 3262 2834 3332 ἀνθρώποις
2855 3262 3098 3332 ψευδεῖς
3129 3261 3514 3328 συντιθέντες
3545 3261 3674 3316 ἕλει

439 3355 698 3424 quasdam
741 3354 953 3423 fabulas
974 3355 1279 3423 efﬁnxerunt
1312 3372 1443 3424 quas
1483 3355 1778 3410 hominibus
1811 3370 2006 3424 propo-

441 3457 642 3508 nerent,
686 3455 736 3500 et
773 3463 889 3516 quae
913 3445 1033 3516 jam
1065 3447 1190 3499 olim
1237 3446 1596 3515 invaluerunl,
1645 3457 1802 3517 atque
1842 3447 2008 3500 etiam

442 3553 580 3591 nunc
609 3537 860 3591 obtinent.

513 3628 704 3684 XXIX.
746 3628 932 3699 Itaque
967 3628 1015 3684 si
1048 3627 1267 3682 Homeri
1299 3629 1542 3682 carmina
1575 3635 1738 3698 atque
1785 3627 2006 3685 llesiodi

441 3721 657 3777 fabulas
686 3721 854 3776 falsas
883 3720 1102 3785 fatetur,
1149 3735 1270 3790 quas
1301 3721 1643 3790 potissimum
1683 3721 2007 3780 eruditionis

444 3832 611 3872 causa
641 3814 918 3870 auditores
943 3813 1232 3880 delectant,
1267 3815 1402 3884 quin
1433 3823 1488 3870 et
1527 3817 1786 3872 dictionis
1810 3825 2008 3871 ornatu

445 3914 682 3962 mentem
710 3906 776 3960 ad
801 3906 1094 3977 perfectam
1124 3908 1485 3978 eloquentiam
1517 3909 1778 3974 excitant,
1803 3917 2010 3978 quanto

447 4001 618 4072 magis
649 4016 930 4057 sermones
961 4001 1084 4056 illos
1113 4017 1251 4072 quos
1293 4001 1530 4056 fanatica
1559 4002 1758 4057 mulier
1790 4001 2006 4064 ell’utiit,

447 4097 620 4150 malas
675 4095 889 4152 fabulas
951 4112 1104 4160 esse,
1150 4113 1352 4167 easque
1394 4096 1656 4164 fallaces,
1714 4098 2008 4165 fatebitur,

450 4186 668 4255 quando
690 4197 742 4243 et
786 4187 1203 4259 Engastrimythi
1235 4204 1434 4244 nomen
1467 4191 1648 4260 ipsum
1676 4191 1782 4247 hoc
1814 4192 2012 4263 praedi-

449 4284 558 4334 cat.
597 4278 766 4335 Graeci
794 4282 962 4345 enim,
987 4282 1081 4356 qui
1113 4282 1391 4336 nominum
1425 4284 1691 4354 cujusque
1718 4285 1800 4340 rei
1839 4286 2014 4356 impo-

451 4371 704 4427 sitionem
753 4381 1010 4427 accurata
1052 4375 1441 4446 exquisitaque
1492 4377 1769 4448 diligentia
1807 4379 2014 4434 exami-

451 4473 603 4527 nant,
636 4464 691 4519 in
719 4481 782 4520 ea
815 4467 996 4537 lingua
1027 4466 1274 4522 ﬁctiones
1300 4467 1466 4525 falsas
1492 4470 1714 4540 μύθους,
1740 4471 1794 4526 id
1815 4479 1901 4527 est
1930 4471 2014 4540 fa-

2104 3356 2210 3423 γόν
2238 3372 2302 3408 τε
2325 3355 2423 3408 καὶ
2451 3354 2760 3418 λέγουσιν.

2177 3639 2372 3696 XXIX.
2408 3641 2469 3694 ΕΞ
2501 3641 2556 3694 δὲ
2580 3640 2758 3694 τοίνυν
2797 3642 3036 3712 Ὁμήρου
3064 3640 3132 3693 τὰ
3165 3639 3268 3711 ἔπη
3301 3640 3395 3692 καὶ
3434 3639 3678 3693 Ἡσιόδου

2111 3732 2309 3803 μύθους
2329 3732 2620 3802 ἀποφαίνει
2651 3731 2884 3801 ψευδεῖς,
2913 3731 2949 3784 ἃ
2975 3731 3031 3785 δὲ
3056 3731 3149 3784 καὶ
3176 3731 3408 3802 μάλιστα
3432 3732 3525 3785 καὶ
3554 3749 3679 3784 παι-

2106 3821 2254 3886 δείας
2275 3823 2438 3876 ἕνεκα
2463 3822 2781 3892 ψυχαγωγεῖ
2815 3823 2939 3884 τοὺς
2964 3820 3280 3891 αύτηκόους,
3311 3822 3370 3872 ού
3411 3820 3515 3891 μὴν
3545 3820 3681 3876 ἀλλά

2109 3931 2173 3984 γε
2197 3917 2291 3968 καὶ
2319 3908 2626 3984 καλλιλεξίᾳ
2648 3913 2904 3984 διεγείρει
2923 3913 2983 3965 τὸ
3003 3913 3256 3984 φρόνημα
3290 3911 3426 3983 πρὸς
3449 3910 3680 3979 εύγλωτ-

2109 4006 2230 4060 τίαν
2267 4005 2488 4077 ἐντελῆ·
2532 4006 2685 4076 πόσῳ
2735 4004 2802 4076 δὴ
2831 4003 3030 4074 μᾶλλον
3079 4004 3238 4067 ὅσους
3285 4005 3319 4074 ἡ
3369 4001 3678 4074 δαιμονῶσα

2111 4098 2284 4170 γραῦς
2320 4096 2700 4167 ἀπεφθέγξατο
2743 4096 2932 4164 λόγους
2964 4095 3083 4166 ούχὶ
3126 4094 3443 4166 μυθοποιίας
3473 4092 3678 4164 ὀρεῖται

2111 4211 2194 4258 τις
2223 4189 2360 4246 εἶναι
2389 4191 2621 4262 ψευδεῖς,
2663 4189 2896 4260 ὁπηνίκα
2937 4189 3030 4243 καὶ
3067 4188 3302 4260 τοῦνομα
3333 4189 3432 4258 τῆς
3481 4189 3678 4258 Ἐγνα-

2112 4285 2435 4352 στριμύθου
2498 4280 2685 4334 τοῦτον
2739 4280 3066 4352 ὑπαγορεύει
3119 4281 3210 4334 τὸν
3256 4280 3417 4347 νοῦν;
3463 4281 3523 4334 Οἱ
3572 4280 3681 4352 γὰρ

2125 4374 2389 4447 Ἑλλήνων
2433 4375 2640 4438 παῖδες,
2673 4376 2723 4427 οἱ
2757 4377 2849 4429 καὶ
2880 4375 2978 4439 τὰς
3013 4373 3423 4445 ὀνοματοποιίας
3453 4373 3680 4426 ἑκάστου

2115 4468 2440 4538 πράγματος
2485 4465 2839 4537 ἀκριϐοῦντες
2875 4469 2932 4520 ἐν
2977 4468 3044 4538 τῇ
3079 4465 3286 4519 Ἐλλάδι
3336 4468 3516 4537 φωνῇ,
3553 4465 3686 4519 πλά-

455 4555 629 4620 bulas,
677 4558 971 4626 appellant.
1005 4558 1264 4629 Sequitur
1287 4576 1418 4632 ergo
1442 4578 1558 4618 rem
1590 4563 1762 4634 ipsam
1804 4579 1871 4618 ex
1914 4579 2003 4618 no-

2119 4574 2300 4629 σματα
2323 4556 2492 4627 ψευδῆ
2513 4557 2638 4620 τοὺς
2673 4557 2870 4627 μύθους
2899 4556 3271 4630 ὀνομάζουσιν,
3301 4557 3593 4612 ἀκόλουθον
3621 4559 3687 4611 ἐκ

454 4646 602 4701 mine
645 4663 755 4718 quo
802 4651 1018 4719 proprie
1051 4651 1388 4721 nominatur,
1435 4658 1774 4725 conspicere.
1822 4654 2011 4726 tEsopi

455 4738 673 4810 quidem
703 4738 911 4794 ludicra
939 4741 1145 4796 similes
1172 4757 1281 4813 pra:
1317 4757 1376 4798 se
1406 4741 1586 4799 ferunt
1615 4743 1922 4798 fabularum
1955 4742 2019 4796 li—

458 4831 688 4896 ctiones,
736 4847 873 4901 quas
915 4833 1069 4902 pueri
1099 4833 1154 4888 in
1199 4835 1344 4891 ludis
1375 4834 1556 4891 facere
1601 4835 1916 4906 urbaneque
1940 4833 2019 4904 jo-

457 4926 633 4980 cando
678 4927 931 4991 recitant,
977 4935 1032 4982 et
1077 4944 1216 4984 anus
1253 4928 1623 5001 Corybantum
1673 4944 1826 4983 more
1868 4930 2018 4984 insa-

456 5018 672 5075 nientes
725 5020 947 5089 garrulo
995 5035 1250 5076 sermone
1305 5021 1634 5086 decantant;
1692 5020 2021 5092 quandoque

458 5111 623 5164 etiam
655 5109 781 5164 dum
816 5111 931 5166 haec
963 5121 1150 5182 agunt,
1182 5113 1332 5183 larga
1361 5113 1486 5166 vina
1523 5113 1732 5184 gutturi
1763 5113 2019 5178 fundunt,

459 5201 727 5271 calicique
757 5210 812 5257 et
848 5203 1056 5274 potioni
1088 5204 1310 5259 intentu:
1353 5205 1554 5260 mirum
1601 5214 1867 5276 quantum
1902 5205 2022 5261 bla-

463 5302 663 5349 terant.
694 5293 796 5360 Qui
825 5310 956 5350 vero
985 5295 1343 5367 philosophiae
1377 5312 1558 5353 mores
1589 5299 1830 5369 apprime
1859 5298 2025 5368 proﬁ-

463 5397 666 5450 tentur,
695 5393 749 5440 et
779 5402 936 5443 veras
981 5387 1258 5444 Musarum
1309 5391 1612 5455 cautiones,
1666 5393 1831 5448 veluti
1867 5392 2028 5447 falso-

463 5495 584 5534 rum
617 5481 1108 5537 iabulamentorum
1138 5481 1371 5552 species,
1421 5481 1499 5534 uti
1531 5497 1628 5551 par
1657 5492 1763 5547 est,
1802 5496 2026 5537 accusa-

467 5573 617 5627 bant.
685 5635 700 5646 _

538 5664 707 5720 XXX.
750 5665 805 5722 Si
853 5683 1049 5723 nomen
1098 5669 1280 5738 itaque
1313 5669 1491 5738 ipsum
1523 5675 1671 5723 recte
1716 5668 1785 5723 de
1820 5683 1879 5722 re
1909 5666 2026 5736 ipsa

471 5757 706 5826 positum
733 5768 837 5824 est,
869 5761 1359 5830 engastrimythum.
1391 5761 1580 5829 utique
1620 5759 1734 5814 haec
1762 5759 2029 5829 engastri-

471 5849 691 5916 mytbus
732 5849 1014 5908 eﬂ‘ormare
1063 5851 1297 5909 videtur.
1339 5852 1521 5924 Neque
1557 5852 1701 5907 enim
1733 5867 1762 5905 a
1795 5849 2030 5907 naturali

2117 4649 2209 4703 τοῦ
2241 4649 2501 4720 ὀνόματος
2546 4648 2880 4704 ἐποπτεῦσαι
2911 4651 2974 4704 τὸ
3001 4652 3232 4722 πρᾶγμα
3269 4651 3391 4704 καθ’
3423 4646 3486 4704 οῦ
3526 4651 3685 4705 τέτα-

2117 4759 2242 4796 κται
2264 4741 2466 4813 κυρίως
2485 4757 2497 4770 ·
2529 4740 2640 4793 ἀλλ’
2665 4742 2723 4794 αἱ
2752 4743 2848 4813 μὲν
2873 4741 3122 4796 Αἰσώπου
3146 4744 3442 4812 λογοποιίαι
3464 4744 3690 4798 τοιαῦτα

2121 4834 2304 4905 μύθων
2334 4835 2479 4887 ἴσασι
2505 4834 2818 4906 πλάσματα,
2845 4830 2934 4890 οἷα
2971 4837 3066 4890 καὶ
3098 4837 3166 4891 τὰ
3200 4837 3455 4908 μειράκια
3488 4837 3687 4890 πολλα-

2119 4927 2228 4997 χῶς
2263 4929 2320 4979 ἐν
2346 4928 2468 4989 ταῖς
2498 4926 2734 4990 παιδιαῖς
2773 4927 3126 4998 ἀστεῖζόμενα
3157 4928 3358 4993 παίζει,
3386 4929 3480 4981 καί¹
3509 4930 3688 4999 Κορυ-

2122 5019 2417 5099 6αντιῶσαι
2449 5021 2638 5090 γραῖαι
2676 5019 2920 5083 κωτίλοις
2952 5021 3208 5092 ἐπᾴδουσι
3234 5021 3411 5090 λόγοις
3431 5039 3442 5050 ·
3469 5021 3578 5074 ἔσθ’
3602 5022 3690 5075 ὅτι

2121 5112 2294 5167 ταῦτα
2323 5112 2520 5184 δρῶσιν
2553 5113 2679 5184 οἴνῳ
2709 5113 2806 5183 μὲν
2863 5113 3247 5185 ἐπιϐρέχουσαι
3294 5115 3386 5169 τὸν
3437 5115 3692 5187 φάρυγγα

2126 5203 2330 5276 συχνῷ·
2382 5205 2561 5259 κύλικι
2605 5205 2662 5257 δὲ
2715 5205 3075 5276 προσέχουσαι
3119 5206 3306 5276 ποτῷ,
3365 5208 3692 5280 φλυαροῦσιν

2123 5296 2402 5366 ἀμέτρως·
2456 5296 2506 5348 οἱ
2553 5293 2799 5365 μέντοιγε
2844 5295 3156 5364 φιλοσοφίας
3215 5295 3318 5367 ἤθη
3367 5294 3690 5369 πρεσϐεύειν

2125 5385 2445 5455 ἡγούμενοι,
2487 5384 2580 5439 καὶ
2633 5383 2731 5449 τὰς
2757 5384 3063 5456 ἐμμούσους
3107 5387 3352 5456 ποιήσεις
3401 5381 3490 5439 οἷα
3524 5385 3693 5456 ψευδῆ

2131 5477 2311 5546 μύθων
2346 5477 2461 5548 εἴδη
2501 5477 2798 5545 διέϐαλλον,
2825 5477 2899 5540 ὡς
2924 5476 3060 5530 δέον.

2199 5659 2366 5714 XXX.
2406 5661 2470 5714 Εί
2496 5654 2587 5714 οῦν
2625 5659 2755 5714 αὐτὸ
2781 5658 3018 5728 τοῦνομα
3059 5657 3200 5711 κατά
3237 5659 3330 5712 τοῦ
3369 5655 3692 5728 πράγματός

2130 5757 2244 5808 ἐστι
2274 5753 2601 5826 τεταγμένον
2620 5751 2814 5824 ὀρθῶς,
2846 5752 3317 5822 ἑγγαστρίμυθον
3355 5749 3530 5804 ἔοικεν
3561 5751 3694 5801 ἀνα-

2132 5848 2386 5904 πλάττειν
2423 5847 2456 5916 ὴ
2491 5845 2940 5915 ἐγγαστρίμυθος.
2968 5845 3041 5897 Ού
3082 5844 3188 5914 γὰρ
3231 5846 3294 5898 ἐκ
3333 5843 3426 5898 τοῦ
3466 5839 3698 5910 φυσικοῦ
