4112 6486
444 373 550 432 673

1515 368 1906 426 ALLOCUTIO
1942 369 2035 424 AD
2072 366 2638 425 CONSTANTINUM.

3574 376 3678 432 674

446 488 734 563 φθέγγεται
757 484 848 539 νοῦ
878 485 1167 555 σωφρόνως
1186 499 1199 512 ·
1230 480 1342 534 ἀλλ’
1372 483 1430 535 ὲν
1462 485 1575 546 τοῖς
1606 482 1870 537 ἐνδοτάτω
1911 499 2007 553 μο-

2110 495 2355 550 sanaque
2395 489 2574 536 mente
2609 481 2872 551 loquitur,
2916 481 3012 536 sed
3042 482 3098 537 in
3133 482 3342 539 intimis
3371 485 3675 548 visceribus

443 579 580 654 ρίοις
608 575 937 649 ὲμφωλεύων
968 575 997 627 ὁ
1042 574 1282 646 δαίμων,
1330 573 1500 644 αὑτὴν
1536 575 1885 648 ἐπινέμεται,
1913 577 2007 632 καλ⁸

443 672 670 746 βλάπτει
703 672 803 741 τὴν
845 669 1138 741 φρόνησιν·
1184 672 1250 723 ὲκ
1294 669 1351 724 δὲ
1399 668 1499 739 τῆς
1547 670 1783 740 γαστρὸς
1827 670 2010 743 ὲξηχεῖ

444 766 662 840 μυθώδη
695 764 992 837 πλάσματα
1018 762 1332 835 συγκροτῶν
1352 781 1364 792 ο
1401 763 1481 826 είς
1508 763 1726 817 ποικίλα
1758 764 1813 817 δὲ
1846 782 2010 836 μετα-

443 857 815 932 μορφούμενος
848 857 983 929 εἴδη.
1021 857 1297 931 διαφόροις
1332 857 1644 929 ίνδάλμασιν
1672 859 1869 929 ὑπάγει
1910 859 2008 932 τὴν

335 988 347 1009 \
440 953 636 1023 ψυχήν.
656 951 873 1022 Ἐπειδὴ
899 950 956 1004 δὲ
978 948 1334 1014 παντοδαποῖς
1358 949 1741 1005 ὲναλλάττεται
1769 952 2008 1023 σχήμασι

442 1044 868 1115 πολυπρόσωπος
906 1040 1012 1107 ὢν,
1044 1042 1195 1096 οὐδὲν
1224 1036 1386 1114 ἦττον
1426 1040 1505 1096 ἔτι
1554 1043 1649 1097 καὶ
1685 1044 1748 1096 ὲκ
1780 1043 1880 1113 τῆς
1904 1042 2009 1114 γῆς

440 1134 754 1191 ἀναϐαίνειν
793 1134 1141 1205 ὑποκρίνεται
1180 1134 1277 1188 καὶ
1301 1136 1496 1204 φωνεῖν
1516 1151 1531 1165 ·
1569 1130 1687 1189 εἶτα
1720 1136 1849 1207 παρ’
1881 1134 2010 1189 ἑκά-

440 1244 573 1299 τερα
624 1227 722 1292 τὰς
769 1226 1043 1290 διακονίας
1092 1225 1334 1298 ἀμείϐων
1385 1225 1522 1298 ὁμοῦ
1576 1229 1699 1292 ταῖς
1741 1232 2006 1301 μορφαῖς,

441 1320 598 1375 ἄλλον
634 1321 734 1393 μὲν
764 1321 856 1376 τὸν
890 1320 1248 1376 ἀναϐαίνοντα
1281 1319 1434 1392 παρά
1462 1322 1553 1375 τὸν
1582 1323 1678 1377 τοῦ
1721 1323 2011 1388 καλοῦντος

439 1413 585 1468 δοκεῖ
610 1416 880 1487 παριστᾷν
901 1432 915 1445 °
954 1417 983 1469 ὁ
1014 1414 1176 1480 αὐτὸς
1213 1414 1293 1480 δὲ,
1328 1416 1453 1487 τῇδε
1487 1417 1710 1472 κάκεῖσε
1756 1419 2010 1492 περιτρέ-

440 1522 570 1577 χων,
606 1504 854 1560 ἀλλάττει
878 1505 976 1570 τὰς
1011 1505 1181 1571 ἰδέας,
1220 1506 1308 1560 ἴνα
1331 1505 1515 1579 ἔργοις
1547 1507 1890 1563 ἀποδεικνύοι
1918 1512 2012 1565 καὶ

440 1594 648 1666 λόγοις,
688 1598 770 1652 ὅτι
809 1596 1048 1669 ψεύστης
1075 1598 1255 1652 ἐστίν·
1293 1597 1662 1654 ὑποτυποῦται
1698 1600 1828 1669 γοῦν
1869 1603 2011 1657 αὑτά

438 1687 508 1741 τά
544 1689 810 1759 πρόσωπα
836 1689 1043 1761 νεκρῶν
1078 1690 1328 1760 ἀνάγειν,
1357 1692 1432 1756 ὡς
1473 1693 1621 1756 εἰκός
1650 1694 1797 1748 ἐστιν
1820 1695 1883 1749 ὲκ
1914 1694 2008 1750 τοῦ

438 1778 645 1833 τοιοῦδε
670 1779 946 1853 δράματος
979 1781 1269 1836 ὑπολαϐεῖν
1291 1799 1306 1814 °
1338 1784 1548 1855 ἀμειδεί
1574 1784 1673 1856 μὲν
1706 1785 1845 1856 ὄψει,
1876 1790 2008 1840 σκυ-

440 1867 632 1943 θρωπὰ
678 1870 736 1924 δὲ
779 1872 1040 1944 φάσματα
1085 1872 1480 1946 πεπλασμένως
1521 1876 1785 1944 είσάγων·
1827 1877 1924 1932 ὅλα
1952 1880 2009 1934 δὲ

439 1959 660 2031 κατηφῆ
688 1961 782 2015 καὶ
808 1965 1009 2036 νεκρᾶς
1037 1964 1211 2036 ὀδμῆς
1239 1965 1484 2020 ἀνάπλεα
1515 1968 1816 2040 παριστῶν,
1840 1970 1917 2035 ὼς
1949 1971 2008 2039 ἐξ

439 2050 566 2122 ᾅδου
595 2054 1047 2128 μετακεκλημένα
1068 2058 1374 2124 δεινοποιεῖ,
1397 2059 1490 2115 καὶ
1515 2060 1765 2133 καθάπερ
1787 2062 2010 2135 εἱρκτῆς

436 2143 473 2213 ἢ
503 2143 716 2215 δεσμῶν
742 2146 1005 2218 ἀνειμένα
1035 2149 1170 2221 πρὸς
1204 2148 1402 2219 ὀλίγον,
1428 2146 1546 2205 εἶτα
1574 2153 1735 2207 πάλιν
1763 2153 2010 2208 ἐντεῦθεν

440 2236 621 2289 ἐκεῖσε
648 2236 1010 2293 διαϐαίνοντα.
1052 2241 1341 2313 Τοιγάρτοι
1370 2243 1463 2296 καὶ
1503 2245 1868 2317 καταπλήττει
1899 2250 2008 2313 τοῖς

437 2324 655 2398 δείμασι
688 2327 785 2401 τὴν
814 2329 992 2402 ψυχὴν
1041 2333 1108 2386 ὲκ
1154 2332 1263 2387 τῶν
1290 2333 1499 2405 ὄψεων·
1547 2336 1701 2409 ὠχρά
1754 2337 1851 2409 μὲν
1893 2339 2009 2411 εἴδη

441 2417 729 2473 πλάττων·
779 2420 934 2491 ὄμμα
985 2422 1042 2476 δὲ
1088 2423 1346 2497 βλοσυρὸν
1397 2426 1430 2497 ἢ
1478 2428 1754 2500 κατηφὲς,
1805 2428 1900 2484 ἆτε
1946 2430 2010 2503 δὴ

438 2510 645 2580 νεκρῶν
673 2510 873 2582 ἀρτίως
909 2515 1135 2584 ἐμπνεῖν
1157 2557 1171 2581 ,
1214 2516 1307 2570 καὶ
1348 2517 1508 2572 πάλιν
1549 2521 2006 2593 ὑπισχνουμένων.

440 2600 611 2655 Εῖωθε
634 2602 743 2676 γάρ
771 2605 1058 2678 ὑποκρίσει
1088 2610 1584 2680 συσχηματίζεσθαι
1616 2615 1730 2677 τοῖς
1765 2614 1957 2678 δεινοῖς
1982 2616 2010 2669 ὁ

440 2694 874 2770 πλαστογράφος.
928 2699 1065 2753 Ἀλλ’
1103 2700 1215 2755 ἔσθ’
1247 2703 1334 2756 ὅτε
1378 2703 1436 2757 δὲ
1482 2709 1761 2776 συνεργοῖς
1805 2708 2008 2761 ἀποκέ-

440 2804 638 2859 χρηται
666 2792 777 2855 τοῖς
799 2792 1089 2864 ὁμοηθέσιν
1114 2794 1265 2866 αὺτῷ
1289 2795 1537 2867 δαίμοσιν
1555 2814 1568 2828 ·
1593 2796 1717 2851 οὔτε
1743 2798 1800 2852 δὲ
1832 2799 2011 2870 ψυχὰς

441 2879 502 2944 ἐξ
552 2878 678 2951 ᾅδου
726 2883 1142 2954 μεταπέμπεται
1186 2887 1507 2957 προφητῶν·
1561 2888 1684 2942 οὔτε
1727 2888 2009 2959 πνεύματα

439 2970 682 3037 δικαίων,
714 2972 837 3027 οὔτε
874 2974 974 3040 τὰς
999 2977 1290 3048 ἀγγελικάς
1320 2979 1494 3046 ἀξίας,
1534 2980 1670 3035 ἀλλὰ
1702 2982 2010 3038 τούναντίον

440 3066 657 3135 ἐγένετο
692 3069 790 3141 μὲν
836 3073 918 3137 είς
955 3073 1015 3126 τὸ
1063 3074 1490 3141 καταπιέζεσθαι
1532 3078 1669 3150 πρὸς
1701 3078 1809 3133 τῶν
1841 3078 2009 3148 ἀγγέ-

2108 574 2319 628 daemon
2344 573 2651 642 diversans,
2681 585 2917 630 mentem
2948 575 3123 644 ipsam
3163 576 3472 647 depascitur
3501 590 3555 637 et
3582 584 3674 638 lte-

2109 665 2209 730 dit,
2249 673 2304 720 et
2346 681 2414 720 ex
2469 674 2661 722 ventre
2710 664 2990 722 fabulosas
3044 665 3291 723 fictiones
3340 683 3672 740 componens

2109 758 2397 829 strepitum
2427 757 2559 823 edit,
2592 772 2695 813 nec
2724 772 2831 813 non
2862 759 2919 813 in
2958 758 3138 816 varias
3171 768 3540 819 commutatus
3562 762 3676 821 for-

2107 867 2228 908 mas
2262 851 2434 908 variis
2463 851 2696 922 spectris
2729 850 2943 908 seducit
2992 853 3250 910 animam.
3282 853 3514 921 Quando
3542 874 3679 915 vero

2108 945 2296 1001 multis
2321 943 2536 1009 formis,
2576 944 2694 1016 ipse
2721 944 3077 1002 multiformis
3109 961 3232 1002 cum
3277 949 3372 1015 sit,
3407 951 3674 1020 varietur,

2108 1051 2217 1091 non
2250 1036 2429 1092 minus
2470 1043 2536 1092 .et
2563 1051 2712 1091 nunc
2759 1052 2790 1092 e
2835 1046 2977 1093 terra
3011 1039 3309 1098 ascendere
3340 1057 3400 1098 se
3431 1043 3677 1112 simulat,

2109 1137 2163 1183 et
2190 1128 2409 1181 clamat.
2459 1126 2526 1181 Et
2575 1126 2645 1181 ad
2689 1128 2980 1185 ministerii
3025 1129 3154 1186 bina
3198 1134 3441 1189 membra
3489 1133 3681 1207 ﬁguris

2109 1220 2480 1286 commutatis,
2514 1221 2681 1277 alium
2710 1222 2932 1293 quidem
2967 1224 3374 1292 ascendentem,
3402 1227 3474 1284 ab
3498 1230 3677 1301 coqui

2108 1312 2165 1367 in
2206 1320 2437 1369 vocante
2482 1321 2588 1377 est,
2631 1313 2851 1370 videtur
2877 1315 2947 1371 ob
2977 1316 3168 1373 oculos
3218 1318 3496 1377 exhibere.
3529 1318 3678 1378 Idem

2109 1418 2238 1459 vero
2266 1404 2373 1460 huc
2400 1404 2636 1475 illucque
2672 1405 2991 1464 discurrens
3021 1410 3233 1478 species
3273 1417 3469 1479 mutat,
3505 1423 3568 1468 ut
3598 1414 3679 1470 fa-

2110 1492 2215 1549 ctis
2254 1494 2711 1567 sermonibusque
2753 1496 3008 1554 ostendat
3054 1513 3116 1554 se
3159 1513 3284 1555 esse
3334 1502 3675 1560 mendacem.

2113 1582 2350 1640 Simulat
2368 1587 2551 1658 itaque
2570 1602 2834 1658 personas
2862 1588 3014 1659 ipsas
3041 1596 3383 1646 mortuorum
3416 1592 3675 1661 educere,

2112 1686 2171 1730 ut
2210 1692 2276 1733 ex
2323 1678 2401 1733 rei
2432 1687 2598 1749 gestat
2630 1680 2772 1737 serie
2817 1679 3005 1736 videre
3051 1688 3156 1738 est.
3208 1680 3276 1736 Et
3317 1696 3443 1737 cum
3482 1683 3679 1740 tetrico

2111 1769 2263 1825 vultu
2284 1771 2463 1826 tristia
2490 1779 2703 1843 spectra
2727 1771 2854 1829 ficte
2875 1772 3120 1841 inducat,
3150 1775 3514 1845 universaque
3540 1789 3679 1831 ma:-

2043 1838 2084 1895 B
2113 1868 2220 1925 sta,
2257 1838 2709 1934 mortuorumque
2737 1871 2933 1934 putore
2970 1838 3128 1934 plena
3171 1838 3488 1933 ostendens,
3519 1867 3677 1936 quasi

2118 1952 2189 2006 ab
2214 1950 2406 2010 inferis
2439 1963 2667 2011 evocata
2699 1954 2921 2011 horride
2953 1964 3333 2028 repraesentat,
3375 1964 3430 2013 et
3453 1957 3620 2012 veluti
3645 1972 3678 2013 a

2115 2061 2338 2103 carcere
2360 2046 2704 2118 vinculisque
2735 2049 2933 2114 soluta,
2961 2064 3072 2105 non
3098 2049 3192 2105 diu
3220 2057 3345 2121 post
3370 2066 3588 2108 rursum
3610 2068 3679 2108 ex

2110 2137 2214 2194 hoc
2241 2140 2362 2195 loco
2398 2139 2529 2195 illuc
2562 2149 2922 2197 transmeare.
2970 2142 3116 2208 Quin
3150 2142 3262 2197 imo
3293 2149 3348 2198 et
3379 2142 3514 2199 visis
3544 2142 3679 2213 ipsis

2110 2236 2326 2286 terrore
2357 2231 2595 2301 percutit
2621 2232 2888 2297 animum,
2930 2233 3164 2304 pallidas
3194 2233 3402 2290 formas
3442 2234 3675 2307 ﬁngens,

2109 2329 2163 2377 et
2202 2323 2394 2379 oculos
2424 2323 2728 2380 horrendos
2766 2332 2933 2395 atque
2983 2325 3277 2391 demissos,
3310 2326 3500 2397 quales
3532 2341 3679 2380 mor-

2111 2423 2330 2469 tuorum
2364 2431 2489 2471 esse
2518 2417 2718 2482 solent,
2749 2417 2843 2486 qui
2872 2414 3101 2486 jamjam
3135 2417 3371 2471 animam
3399 2417 3577 2473 efﬂare
3598 2417 3682 2473 vi—

2109 2507 2326 2563 dentur.
2361 2507 2497 2562 Nam
2533 2509 2793 2565 similium
2843 2524 3026 2564 rerum
3062 2507 3219 2565 fictor
3245 2525 3343 2579 per
3375 2510 3681 2566 simulatio-

2110 2616 2233 2656 nem
2263 2601 2604 2657 terribilibus
2635 2600 2891 2657 omnibus
2920 2616 3042 2658 sese
3072 2603 3467 2659 accommodat.
3497 2603 3681 2670 Quan-

2109 2692 2289 2764 doque
2335 2694 2500 2749 etiam
2546 2709 2656 2748 non
2701 2691 3063 2748 dissimilibus
3107 2693 3192 2749 sui
3233 2694 3571 2751 demoni’uus
3610 2693 3681 2748 ad

2107 2802 2246 2859 opus
2270 2790 2498 2845 ascitis:
2535 2789 2631 2845 sed
2674 2802 2855 2858 neque
2895 2788 3283 2858 prophetarum
3307 2790 3539 2856 animas,
3583 2785 3703 2846 ne;

2110 2896 2216 2951 que
2247 2881 2523 2951 iustorum
2571 2882 2825 2951 Spiritus,
2873 2896 3054 2951 neque
3085 2881 3374 2952 dignitates
3405 2882 3681 2953 angelicas

2109 2973 2179 3028 ab
2212 2973 2403 3030 inferis
2447 2974 2669 3042 educit;
2699 2976 2834 3046 quin
2870 2991 2939 3031 ex
2991 2976 3221 3030 adverso
3254 2975 3324 3030 ab
3353 2975 3559 3045 angelis
3582 2975 3681 3030 de-

2112 3065 2386 3135 primitur,
2439 3066 2712 3138 datusque
2761 3075 2849 3124 est
2895 3067 3120 3139 optimis
3159 3067 3315 3132 viris,
3363 3073 3423 3121 ut
3468 3066 3537 3121 ab
3575 3065 3681 3121 illis

439 3159 579 3219 λων·
608 3160 822 3236 ἐξεδόθη
851 3164 907 3219 δὲ
932 3169 1046 3230 τοῖς
1092 3168 1334 3239 ἀρίστοις
1375 3167 1664 3240 ἀνδράσιν,
1719 3170 1858 3225 ὥστε
1904 3189 2011 3225 πα-

2114 3159 2534 3215 conculcaretur
2569 3160 2720 3217 humi
2751 3158 2957 3217 effusus
2987 3161 3405 3229 disruptusque.
3456 3157 3563 3214 Sed
3592 3157 3683 3212 bic

393 3324 402 3332 _
440 3253 648 3309 τείσθαι
678 3258 892 3329 πρηνὴς
917 3261 997 3322 είς
1022 3258 1286 3329 τοῦδαφος
1304 3261 1654 3333 άπορῤαγείς.
1692 3261 1831 3316 Ἀλλ’
1856 3256 2011 3328 οὗτος

444 3344 544 3415 μὲν
576 3349 641 3400 ὲκ
683 3346 792 3401 τῶν
819 3350 1078 3404 ἀνωτάτω
1095 3390 1110 3416 ,
1153 3349 1439 3424 ῥοιζήματι
1481 3352 1639 3426 βιαίῳ
1669 3355 2012 3426 κατενεχθεὶς

442 3435 775 3509 ὑπεστόρεσε
792 3439 862 3493 τά
883 3440 1046 3494 νῶτα·
1083 3443 1229 3515 μόνῳ
1255 3445 1312 3499 δὲ
1333 3444 1411 3516 τῷ
1441 3446 1837 3519 παντοκράτορι
1870 3448 2014 3520 πάρ-

441 3543 558 3581 εστι
599 3527 719 3599 Θεῷ
761 3529 853 3583 καὶ
901 3531 981 3602 τῷ
1031 3533 1290 3607 θειοτάτῳ
1341 3535 1534 3590 τούτου
1582 3537 1741 3592 Παιδί⁵
1788 3539 2012 3608 ἀνάγειν

440 3619 618 3692 ψυχὰς
643 3623 702 3688 ἐξ
734 3622 862 3696 ᾅδου
882 3641 897 3657 ο
925 3626 1020 3681 καὶ
1044 3628 1238 3700 χοροὺς
1278 3628 1526 3698 ἀγγέλων
1558 3632 1617 3684 ὲν
1655 3629 1807 3697 τάξει
1844 3650 2014 3706 παρε-

443 3709 656 3776 στῶτας
683 3713 848 3784 ἔχειν,
882 3716 1019 3790 ὅπερ
1058 3716 1188 3772 ῐδιον
1223 3718 1472 3793 ἔκκριτον
1511 3722 1746 3794 ὑπάρχει
1786 3723 1886 3797 τῆς
1914 3723 2009 3779 τοῦ

438 3802 586 3859 θείου
620 3806 848 3877 φύσεως.

466 3959 704 3978 h—

2113 3267 2144 3305 a
2174 3251 2444 3323 supremis
2469 3252 2578 3307 illis
2609 3260 2768 3322 raptu
2800 3253 3038 3309 violento
3065 3252 3298 3316 deletus,
3331 3259 3484 3322 terga
3506 3251 3679 3306 illisit.

2119 3342 2301 3399 Solius
2325 3359 2455 3400 vero
2487 3343 2583 3400 Dei
2621 3344 3010 3415 omnipotentis
3049 3351 3156 3410 est,
3187 3342 3418 3413 ejusque
3451 3342 3683 3400 divinis-

2118 3436 2243 3491 simi
2278 3434 2397 3491 Filii
2432 3437 2645 3493 animas
2674 3436 2743 3491 ab
2772 3436 2962 3493 inferis
2985 3435 3239 3500 educere,
3265 3444 3553 3505 coetusque
3583 3449 3684 3489 an-

2118 3529 2363 3599 gelorum
2385 3529 2579 3584 ordine
2617 3536 2861 3586 astantes
2903 3530 3126 3595 habere,
3173 3530 3318 3599 quod
3347 3529 3546 3585 divinae
3584 3542 3684 3584 na-

2117 3626 2255 3676 tura:
2282 3620 2588 3692 proprium,
2625 3620 2889 3678 eximium
2909 3636 2977 3678 ac
3008 3620 3289 3694 singulare
3311 3631 3414 3679 est.

1287 4112 1854 4245 SANCTI
1970 4111 2836 4245 EUSTATHII

1620 4352 1980 4417 EPISCOPI
2012 4352 2509 4417 ANTIOCHENI
2903 4441 2911 4449 η

609 4533 1302 4628 ALLOCUTIO
1374 4534 1524 4624 AD
1607 4534 2479 4628 lMPEBATOREM
2555 4535 3510 4634 CONSTANTINUM

1722 4745 1785 4789 IN
1819 4747 2109 4793 CONCILIO
2147 4749 2420 4795 NICBNO.

546 4896 712 4961 (Apud
741 4898 1033 4962 Gregorium
1056 4898 1402 4963 presbyterum
1423 4898 1794 4963 Casariensem,
1820 4902 1958 4954 Orat.
1980 4894 2033 4947 in
2052 4894 2282 4949 Nicst
2301 4898 2510 4960 Patres;
2537 4910 2601 4948 ex
2624 4897 2900 4951 Combefisll
2924 4903 3121 4952 Auctor.
3150 4899 3349 4960 navist"
3373 4899 3438 4965 II,
3457 4900 3590 4966 555.)

510 5118 952 5194 Εὑχαριστοῦμεν
1006 5118 1145 5190 Θεῷ,
1201 5119 1459 5192 κράτιστε
1512 5118 1755 5190 βασιλεῦ,
1795 5120 1873 5193 τῷ
1909 5124 2013 5197 τὴν

2189 5122 2301 5179 Deo
2329 5122 2534 5195 gratias
2563 5122 2798 5193 agimus,
2832 5122 3036 5192 optime
3080 5122 3399 5193 imperator,
3442 5123 3537 5194 qui
3567 5129 3676 5180 ter-

446 5213 682 5282 ἐπίγειον
723 5210 1031 5267 συνθύνοντί
1062 5227 1145 5265 σοι
1193 5210 1466 5283 βασιλείαν
1489 5228 1505 5243 ·
1551 5212 1629 5285 τῷ
1657 5213 1757 5285 τὴν
1805 5213 2012 5287 πλάνην

445 5302 552 5357 τῶν
578 5304 807 5359 εἰδώλων
833 5303 923 5358 διὰ
957 5301 1050 5357 σοῦ
1092 5304 1518 5375 καταργήσαντι,
1547 5304 1644 5358 καὶ
1669 5304 1779 5359 τῶν
1808 5306 2012 5362 πιστῶν

444 5398 841 5467 καταστήσαντι
882 5396 940 5450 ὲν
986 5394 1268 5467 παρρησίᾳ
1302 5394 1395 5449 τὸν
1442 5392 1694 5466 εὔθυμον.
1730 5393 2011 5451 Πέπαυται

445 5488 640 5545 κνίσσα
671 5486 966 5561 δαιμόνων·
995 5487 1352 5543 καταλέλυται
1378 5487 1667 5552 πολυθεΐας
1698 5488 2013 5560 Ἑλληνικῆς

443 5580 513 5635 τὰ
532 5561 877 5650 σεϐάσματα·
907 5578 969 5633 τὸ
993 5578 1094 5650 τῆς
1121 5577 1396 5648 ἀγνωσίας
1424 5577 1781 5633 ἀπελαύνεται
1803 5580 2011 5649 σκότος’

442 5672 521 5746 τῷ
547 5673 646 5742 τῆς
683 5669 1010 5738 θεογνωσίας
1037 5668 1176 5740 φωτὶ
1205 5672 1239 5741 ἡ
1267 5667 1555 5740 οἰκουμένη
1588 5666 2010 5739 καταυγάζεται·

445 5763 634 5835 Πατὴρ
656 5760 1013 5831 δοξολογεῖται
1030 5777 1043 5791 ·
1072 5760 1201 5824 Υἱὸς
1220 5776 1283 5813 συ
1291 5761 1712 5831 μπροσκυνεῖται
1729 5777 1743 5790 ·
1768 5761 1831 5812 τὸ
1853 5759 2018 5815 Πνεῦ-

447 5867 523 5922 μα
567 5850 628 5904 τὸ
671 5850 824 5920 ἆγιον
872 5847 1322 5918 καταγγέλλεται·
1354 5849 1399 5902 Τ
1402 5849 1525 5921 ριάς
1561 5849 1872 5922 ὁμοούσιος,
1917 5849 2014 5921 μία

2117 5230 2311 5273 renum
2343 5215 2440 5271 tibi
2467 5214 2755 5284 imperium
2777 5214 2963 5286 dirigit
2996 5234 3010 5271 :
3043 5214 3137 5285 qui
3156 5214 3573 5271 simulacrorum
3595 5230 3675 5273 er-

2118 5323 2297 5364 rorem
2323 5322 2421 5379 per
2446 5315 2503 5364 te
2527 5307 2783 5373 abolevit,
2816 5320 2881 5361 ac
2912 5321 3098 5377 aequos
3126 5304 3363 5361 fidelium
3393 5307 3604 5363 animos
3626 5309 3681 5365 in

2120 5402 2370 5457 libertate
2424 5401 2731 5457 collocavit.
2791 5398 3040 5457 Cessavit
3091 5398 3402 5454 daemonum
3451 5399 3611 5456 nidor
3663 5418 3681 5458 :

2118 5494 2406 5564 multiplici
2434 5493 2661 5550 deorum
2694 5493 2847 5549 cultu
2897 5507 3089 5550 eversa
3136 5499 3221 5548 est
3250 5492 3540 5569 gentilium
3587 5510 3685 5549 su-

2116 5584 2369 5653 perstitio
2406 5602 2420 5639 :
2455 5582 2803 5654 expelluntur
2844 5584 3082 5639 tenebrae
3141 5584 3439 5654 impietatis
3490 5602 3503 5641 :
3558 5584 3684 5641 illu-

2116 5679 2323 5729 stratur
2356 5672 2509 5728 orbis
2533 5680 2805 5728 terrarum
2836 5673 2961 5728 luce
2992 5673 3189 5729 divinae
3216 5674 3476 5729 scientiae.
3520 5672 3674 5732 Pate.

2112 5760 2471 5832 glorificatur,
2532 5760 2706 5818 Filius
2764 5763 2929 5818 simul
2975 5762 3256 5827 adoratur,
3323 5764 3682 5818 annuntiatur

2115 5850 2352 5920 Spiritus
2380 5858 2652 5908 sanctus:
2698 5848 2948 5923 Trinitas
3004 5851 3517 5919 consubstantialis,
3570 5865 3681 5906 una
