4112 6452
431 353 536 408 675

1445 355 1503 409 S.
1540 353 1912 411 EUSTATHll
1951 353 2258 410 EPISCOPI
2297 351 2712 409 ANTIOCHENI

3553 349 3660 404 676

428 469 688 526 divinitas
718 469 772 524 in
794 469 970 524 tribus
994 471 1247 540 personis
1293 478 1348 527 et
1374 470 1762 543 hypostasibus
1788 475 1979 543 pradi-

2091 471 2278 543 θεότης
2309 472 2366 522 ἐν
2393 471 2538 542 τρισὶ
2574 469 2883 542 προσώποις
2919 471 3012 524 καὶ
3037 469 3360 523 ὑποστάσεσι
3392 464 3660 537 κηρύττε-

429 569 608 616 catur.
658 559 762 615 Per
809 575 951 624 eam,
999 561 1318 630 imperator,
1363 565 1608 619 munitur
1638 573 1743 619 tua
1770 567 1987 635 pietatis

430 652 747 722 imperium;
776 666 893 705 eam
925 652 1083 706 nobis
1106 669 1263 707 serva
1294 655 1628 712 inviolatam.
1665 655 1858 711 Nullus
1881 658 1988 710 ha-

426 745 628 797 reticus
676 743 732 796 in
774 741 1074 799 Ecclesiam
1121 746 1441 800 subintrans
1495 763 1661 801 unum
1708 748 1912 817 aliquid
1956 763 1986 802 a

427 830 694 886 Trinitate
726 830 963 895 auferat,
988 832 1106 887 sine
1130 833 1336 887 honore
1369 834 1728 903 affectumque
1759 834 1987 903 ignomi-

425 924 518 978 nia
549 923 887 994 relinquens,
915 923 1061 993 quod
1087 931 1172 979 est
1196 925 1484 994 reliquum.
1517 925 1679 980 Arius
1712 925 1871 980 nobis
1891 925 1986 995 qui

425 1031 456 1070 a
487 1015 671 1070 furore
693 1031 894 1070 nomen
927 1017 1159 1087 accepit,
1191 1017 1454 1072 orationis
1472 1031 1638 1070 causa
1671 1024 1754 1072 est
1778 1025 1831 1071 et
1855 1032 1987 1071 con-

424 1115 663 1174 ventus;
711 1107 805 1177 qui
833 1109 1020 1162 nescio
1047 1106 1341 1177 quomodo,
1375 1107 1432 1161 in
1461 1105 1719 1161 Ecclesia
1756 1108 1988 1162 Alexan-

427 1199 601 1253 drina
643 1200 1048 1270 presbyterium
1095 1199 1344 1263 allectus,
1384 1200 1756 1254 nescientibus
1802 1199 1983 1264 nobis,

428 1288 640 1343 alienus
683 1304 713 1342 a
755 1289 1002 1344 doctrina
1028 1289 1468 1345 beatissimorum
1499 1290 1885 1360 prophetarum
1931 1300 1986 1345 et

425 1382 799 1451 apostolorum
833 1382 1084 1437 inventus
1130 1381 1253 1437 fuit.
1310 1381 1660 1452 Unigenitum
1705 1383 1849 1438 enim
1895 1381 1988 1436 Fi-

426 1473 560 1527 lium
594 1483 646 1529 et
678 1473 914 1529 Verbum
944 1472 1123 1529 Patris
1162 1490 1271 1528 non
1316 1485 1536 1530 veretur
1583 1474 1826 1544 ejusdem
1859 1489 1985 1530 cum

423 1563 604 1620 Patris
629 1567 950 1621 substantia
991 1568 1270 1624 consortio
1300 1570 1534 1638 privare,
1566 1576 1620 1622 et
1647 1567 1982 1633 Creatorem,

424 1664 686 1712 creatura
714 1658 911 1722 cultor,
943 1659 1225 1713 contendit
1253 1662 1452 1717 creatis
1499 1676 1808 1716 accensere.
1848 1659 1984 1714 Eum

424 1754 606 1801 autem
654 1751 1016 1818 persuaseris,
1063 1751 1381 1820 imperator,
1445 1761 1652 1807 mutata
1717 1753 1984 1808 sententia

2087 580 2196 617 ται.
2226 561 2409 632 Ταύτῃ
2436 562 2745 632 τειχίζεται,
2779 561 3014 632 βασιλεῦ,
3042 561 3102 614 τὸ
3133 562 3230 632 τῆς
3259 559 3538 621 εὐσεϐείας
3565 576 3660 614 σου

2088 656 2284 726 κράτος
2307 670 2320 682 ·
2377 653 2577 723 ταύτην
2636 657 2767 724 ἡμῖν
2813 654 3006 708 ἄσυλον
3057 652 3400 722 διαφύλαττε.
3455 651 3662 720 Μηδεὶς

2086 745 2376 819 αἱρετικὸς,
2409 745 2606 809 ὑποδὺς
2655 747 2753 817 τὴν
2791 745 3131 816 Ἐκκλησίαν,
3172 745 3230 797 ἐν
3273 762 3325 796 τι
3363 744 3461 813 τῆς
3491 745 3659 814 Τριά-

2085 840 2173 902 δος
2196 839 2517 909 ἀφαιρείτω,
2552 839 2973 908 καταλιμπάνων
3004 838 3066 891 τὸ
3084 837 3400 907 λειπόμενον
3443 837 3656 905 ἄτιμον.

2091 928 2307 998 Ἀρειος
2345 929 2474 997 ἡμῖν
2500 929 2528 979 ὁ
2559 927 2658 997 τῆς
2697 928 2892 998 μανίας
2935 926 3217 997 ἐπώνυμος
3251 926 3344 979 τοῦ
3378 927 3536 994 λόγου
3566 924 3661 978 καὶ

2087 1019 2185 1088 τῆς
2219 1018 2578 1082 συνελεύσεως
2611 1019 2811 1082 αἴτιος·
2851 1019 2930 1083 ὃς,
2968 1019 3041 1082 ὼς
3062 1020 3162 1072 ούκ
3197 1018 3352 1088 ἴσμεν
3386 1019 3553 1082 ὅπως,
3580 1015 3660 1087 τῷ

2088 1108 2460 1181 πρεσϐυτερίῳ
2506 1110 2606 1180 τῆς
2658 1109 3040 1183 Ἀλεξανδρέων
3089 1110 3473 1179 ἐγκαταλεγεὶς
3537 1109 3661 1161 Ἐκ-

2087 1197 2331 1270 κλησίας,
2381 1200 2666 1255 ἐλάνθανεν
2713 1203 2887 1271 ἡμᾶς,
2939 1203 3038 1272 τῆς
3083 1202 3191 1254 τῶν
3246 1200 3660 1272 τρισμακαρίων

2087 1291 2377 1363 προφητῶν
2408 1295 2503 1345 καὶ
2531 1294 2842 1347 ἀποστόλων
2863 1293 3205 1357 διδασκαλίας
3226 1294 3484 1364 ὑπάρχων
3507 1293 3659 1346 ἁλλό-

2085 1401 2253 1455 τριος.
2278 1385 2378 1438 Τὸν
2404 1384 2512 1455 γὰρ
2541 1385 2796 1454 μονογενῆ
2836 1385 2962 1437 Υίὸν
2991 1386 3084 1437 καὶ
3113 1386 3284 1452 Λόγον
3310 1383 3403 1436 τοῦ
3444 1382 3657 1454 Πατρὸς

2085 1476 2403 1546 ἀποστερεῖν
2430 1477 2528 1546 τῆς
2556 1477 2968 1546 ὁμοουσιότητος
2990 1475 3083 1528 τοῦ
3113 1476 3324 1546 Πατρὸς
3353 1475 3454 1527 ούκ
3477 1474 3656 1544 ἐντρέ-

2086 1585 2268 1632 πεται,
2302 1569 2394 1620 καὶ
2416 1571 2479 1638 τῇ
2509 1569 2680 1621 κτίσει
2711 1569 2801 1622 τὸν
2825 1568 3045 1638 κτίστην
3065 1569 3093 1619 ό
3123 1567 3508 1638 κτιστολάτρης
3535 1583 3658 1619 συν-

2086 1659 2210 1731 αριθ
2219 1663 2335 1730 μεῖν
2363 1659 2662 1727 ἐπείγεται.
2687 1659 2882 1712 Τοῦτον
2904 1659 2968 1713 ἂν
2994 1660 3252 1722 πείσειας,
3276 1659 3653 1729 αὐτοκράτωρ,

2089 1753 2543 1825 μεταφρονοῦντα,
2581 1757 2691 1816 τοῖς
2722 1754 3094 1816 ἀποστολικοῖς
3127 1753 3200 1824 μὴ
3231 1752 3543 1806 ἀντιτείνειν
3574 1750 3655 1804 δι-

423 1852 533 1891 non
560 1854 866 1909 repugnare
906 1842 1224 1912 apostolicis
1255 1842 1550 1912 doctrinis;
1601 1852 1696 1898 aut
1738 1844 1785 1899 si
1816 1845 1872 1899 in
1906 1843 1979 1898 si-

2082 1847 2349 1916 δάγμασιν
2368 1862 2380 1875 ·
2423 1844 2456 1914 ἢ
2489 1847 2599 1909 τοῖς
2632 1846 2690 1898 ἐν
2717 1840 2796 1908 οἷς
2827 1845 2967 1898 ἑάλω
2994 1844 3309 1909 κακοδοξίας
3342 1843 3654 1912 ἐγκείμενον

422 1929 611 1985 nistra
637 1931 908 2001 opinionis
939 1934 1098 2003 cujus
1125 1943 1206 1989 est
1226 1937 1530 2000 convictus,
1560 1937 1835 2007 impietate
1858 1952 1984 2008 per-

424 2021 646 2085 stiterit,
673 2039 705 2077 ιι
733 2023 940 2080 Christi
969 2035 1022 2081 et
1049 2038 1238 2082 nostro
1264 2035 1408 2082 catu
1457 2042 1682 2097 prorsus
1718 2028 1980 2083 extermi-

421 2115 662 2184 naveris,
687 2132 754 2171 ne
777 2119 1166 2190 simpliciorum
1196 2122 1410 2177 animus
1433 2122 1670 2177 turbidis
1691 2123 1980 2177 verborum

423 2219 645 2260 suorum
680 2207 968 2266 lenociniis
990 2209 1291 2282 depradari
1312 2211 1616 2282 contingat.

2088 1939 2444 2009 ἀσεϐήμασιν,
2467 1938 2634 2008 ἄρδην
2657 1937 2755 2006 τῆς
2783 1937 3017 2009 Χριστοῦ
3044 1939 3136 1990 καὶ
3158 1936 3312 2007 ἡμῶν
3339 1936 3655 2004 ἀφανίσειας

2089 2030 2384 2093 ἐπαύλεως,
2424 2028 2499 2092 ὼς
2533 2027 2597 2081 ἂν
2630 2028 2704 2099 μὴ
2733 2029 2830 2099 τῆς
2859 2028 3077 2100 θολερᾶς
3107 2027 3268 2081 αὐτοῦ
3292 2026 3656 2096 λογοθωπείας

2086 2121 2184 2185 τὰς
2210 2121 2317 2174 τῶν
2344 2119 2722 2193 ἁπλουστέρων
2751 2120 2927 2192 ψυχὰς
2955 2121 3252 2192 ἐργάσηται
3288 2120 3519 2191 θέραμα.

1607 2533 2479 2650 FRAGMENTA

793 2773 903 2836 EX
935 2771 1189 2834 LIBRlS
1233 2772 1297 2834 S.
1341 2770 1768 2834 EUSTATHII
1828 2767 2177 2832 EPISCOPI
2248 2768 2748 2834 ANTIOCHENI
2777 2770 3256 2834 DEPERDITIS

561 3015 619 3070 In
645 3015 780 3070 illud
807 3014 1066 3071 Proverb.
1099 3029 1219 3080 vm,
1242 3013 1336 3080 22,
1365 3015 1620 3071 Dominus
1648 3015 1846 3070 creavit
1878 3033 1977 3072 me.
2007 3045 2076 3056 —
2106 3014 2262 3087 Apud
2297 3013 2711 3082 Theodoritum,
2752 3015 2849 3071 lib.
2889 3031 2907 3070 ι
2945 3013 3087 3070 Hist.
3117 3016 3267 3081 εδει,
3303 3031 3422 3087 cap.
3451 3018 3505 3072 8.

491 3126 716 3184 Veniam
744 3138 929 3185 autem
957 3144 1102 3184 nunc
1123 3129 1196 3184 ad
1225 3145 1288 3185 ea
1319 3146 1440 3202 qua
1467 3139 1618 3202 gesta
1653 3141 1799 3189 sunt.
1834 3133 1976 3200 Quid

2152 3130 2448 3202 Βαδιώμαι
2494 3129 2550 3184 δὲ
2601 3129 2849 3186 ἐντεῦθεν
2897 3131 2998 3202 ἤδη
3043 3131 3135 3184 καὶ
3178 3131 3270 3186 ἐπὶ
3325 3131 3394 3184 τά
3434 3147 3648 3204 πεπρα-

418 3221 629 3293 igitur?
677 3221 813 3277 Cum
845 3223 916 3277 ob
941 3238 1034 3279 eas
1066 3238 1154 3278 res
1187 3223 1423 3277 maxima
1469 3224 1710 3295 synodus
1741 3224 1976 3280 Nicaam

419 3315 782 3379 convenisset,
836 3314 1086 3370 ducentis
1113 3315 1338 3369 circiter
1368 3331 1433 3370 ac
1465 3317 1810 3387 septuaginta
1860 3317 1978 3387 epi-

417 3408 598 3478 scopis
628 3410 828 3478 (neque
856 3408 1001 3462 enim
1031 3422 1318 3462 numerum
1351 3415 1504 3463 certo
1523 3407 1724 3464 referre
1756 3424 1978 3479 possum

417 3503 487 3556 ob
516 3501 785 3572 ingentem
809 3509 1112 3555 conventus
1143 3501 1289 3556 illius
1329 3501 1752 3566 multitudinem,
1779 3503 1980 3572 quippe

414 3607 538 3647 cum
567 3609 667 3660 nec
686 3593 739 3645 in
775 3608 842 3647 eo
863 3593 1237 3662 investigando
1264 3593 1421 3648 valde
1450 3593 1705 3650 curiosus
1737 3594 1976 3664 fuerim),

415 3695 705 3756 postquam
730 3686 796 3740 de
819 3685 980 3739 modo
1015 3685 1138 3740 ﬁdei
1169 3687 1337 3755 quari
1362 3693 1601 3756 captum
1629 3694 1732 3753 est,
1764 3685 1978 3740 libellus

415 3775 638 3831 Eusebii
676 3775 920 3844 prolatus
951 3781 1036 3828 est
1069 3775 1126 3828 in
1175 3775 1433 3840 medium,
1482 3775 1600 3845 ejus
1629 3775 1979 3845 blasphemia

414 3865 778 3920 certissimum
809 3872 1208 3934 argumentum.
1243 3865 1345 3930 Qui
1373 3881 1499 3921 cum
1533 3867 1711 3936 palam
1753 3865 1980 3919 audien-

413 3958 563 4012 tibus
593 3956 807 4009 cunctis
866 3956 1126 4010 recitatus
1157 3956 1381 4027 fuissetf,
1420 3959 1601 4013 statim
1637 3957 1978 4014 auditoribus

413 4053 632 4124 quidem
670 4053 995 4108 immensum
1057 4051 1300 4106 dolorem
1356 4054 1539 4108 attulit
1595 4053 1664 4106 ob
1714 4053 1977 4107 doctrina

414 4149 732 4218 pravitatem
765 4165 777 4199 :
814 4155 1088 4201 auctorem
1119 4156 1297 4202 autem
1335 4147 1513 4216 ipsum
1544 4147 1745 4217 ingenti
1772 4146 1976 4216 pudore

413 4256 478 4295 ac
523 4241 786 4295 dedecore
817 4239 1014 4295 affecit.
1070 4240 1242 4296 Porro
1274 4255 1399 4295 cum
1430 4239 1858 4295 Eusebianorum
1891 4240 1974 4295 of-

414 4335 572 4388 ficina
597 4333 708 4402 jam
733 4332 943 4387 detecta
975 4341 1142 4399 esset,
1169 4343 1221 4389 et
1246 4332 1445 4402 impius
1480 4333 1694 4388 libellus
1736 4333 1791 4386 in
1837 4347 1974 4386 con-

412 4434 598 4495 spectu
631 4421 872 4477 omnium
931 4421 1284 4493 discerptus;
1348 4423 1567 4492 quidam
1619 4423 1974 4477 nihilominus

2084 3223 2280 3295 γμένα.
2318 3222 2382 3275 Τί
2417 3216 2540 3287 οὗνς
2571 3223 2756 3293 ἐπειδὴ
2779 3222 2866 3276 διὰ
2891 3223 3060 3275 ταῦτα
3090 3222 3303 3285 σύνοδος
3323 3224 3404 3285 είς
3429 3222 3526 3294 τὴν
3552 3223 3649 3275 Νι-

2083 3318 2261 3372 καέων
2290 3318 2595 3387 ἀφικνεῖται
2628 3317 2887 3389 μεγίστη,
2932 3318 3218 3372 διακοσίων
3255 3319 3384 3389 μήτι
3434 3336 3497 3387 γε
3556 3319 3651 3372 καὶ

2085 3409 2451 3478 ἐϐδομήκοντα
2477 3407 2566 3461 τὸν
2591 3408 2820 3480 ἀριθμὸν
2846 3409 3011 3480 ὁμόσε
3036 3409 3422 3480 συναχθέντωνο
3454 3410 3514 3463 τὸ
3541 3410 3648 3482 γὰρ

2086 3500 2252 3569 σαφὲς
2290 3498 2379 3551 διὰ
2421 3499 2512 3553 τὸν
2559 3499 2659 3568 τῆς
2700 3500 3058 3572 πολυανδρίας
3101 3500 3254 3571 ὄχλον
3286 3504 3384 3572 οὐχ
3436 3497 3546 3566 οἷός
3586 3503 3648 3555 τέ

2083 3593 2199 3660 ειμι
2222 3589 2470 3660 γράφειν,
2489 3590 2672 3662 ἐπειδὴ
2697 3590 2770 3662 μὴ
2799 3591 2973 3663 πάντη
2996 3591 3153 3645 τοῦτο
3174 3593 3650 3664 περισπουδάστως

2083 3681 2391 3751 ἀνίχνευονσ
2427 3680 2503 3744 ὡς
2537 3681 2592 3734 δὲ
2642 3681 2886 3751 ἐζητεῖτο
2927 3683 3027 3753 τῆς
3083 3683 3316 3746 πίστεως
3364 3685 3392 3736 ό
3429 3683 3648 3754 τρόπος,

2083 3769 2314 3841 ἐναργὴς
2346 3770 2450 3840 μὴν
2485 3770 2702 3840 ἔλεγχος
2733 3771 2794 3824 τὸ
2822 3773 3052 3842 γράμμα
3078 3773 3177 3842 τῆς
3202 3773 3462 3826 Εὑσεϐίου
3493 3774 3651 3845 πρού-

2083 3859 2305 3914 ϐάλλετο
2340 3860 2704 3932 βλασφημίας.
2767 3863 2889 3915 Ἐπὶ
2934 3863 3148 3916 πάντων
3191 3863 3248 3916 δὲ
3282 3864 3645 3932 ἀναγνωσθὲν,

2082 3952 2278 4005 αὐτίκα
2333 3953 2615 4024 συμφορὰν
2671 3953 2776 4025 μὴν
2832 3953 3176 4025 ἀστάθμητον
3225 3958 3324 4028 τῆς
3377 3957 3649 4028 ἐκτροπῆς

2082 4045 2244 4099 ἕνεκα
2296 4049 2407 4110 τοῖς
2440 4048 2727 4116 αύτηκόοις
2762 4047 3076 4117 προύξένει·
3125 4051 3388 4122 αἰσχύνην
3431 4051 3474 4102 δ’
3515 4052 3644 4121 ἀνή-

2083 4153 2270 4189 κεστον
2301 4136 2378 4207 τῷ
2412 4137 2682 4207 γράψαντι
2724 4140 3002 4208 παρεῖχεν.
3053 4140 3266 4211 Ἐπειδὴ
3303 4141 3359 4193 δὲ
3387 4141 3446 4192 τὸ
3478 4142 3641 4212 ἐργα-

2085 4230 2303 4299 στήριον
2330 4228 2438 4282 τῶν
2463 4230 2603 4300 ἀμφὶ
2631 4230 2720 4282 τὸν
2746 4230 3002 4283 Εύσέϐιον
3025 4233 3206 4300 σαφῶς
3233 4233 3392 4297 ἑάλω,
3420 4233 3511 4286 τοῦ
3541 4252 3643 4286 πα-

2083 4321 2316 4391 ρανόμου
2347 4323 2672 4394 γράμματος
2711 4321 3094 4393 διαῤῥαγέντος
3127 4325 3217 4376 ὑπ’
3259 4325 3376 4393 ὄψει
3408 4326 3643 4389 πάντων,

2081 4413 2214 4482 ὁμοῦ
2249 4431 2390 4476 τινες
2424 4415 2487 4466 ἐκ
2520 4414 2806 4483 σὐσκευῆς,
2831 4414 3066 4484 τοῠνομα
3098 4417 3517 4488 προϐαλλόμενοι
3549 4419 3647 4489 τῆς

409 4533 478 4572 ex
509 4516 812 4583 composito
845 4531 1042 4570 nomen
1075 4518 1226 4586 pacis
1281 4514 1679 4586 prateudentes
1700 4553 1714 4578 ,
1751 4513 1976 4582 reliquis

2083 4507 2325 4576 εἰρήνης,
2361 4504 2722 4574 κατεσίγησαν
2764 4506 2860 4576 μὲν
2901 4507 3145 4570 ἅπαντας
3177 4509 3302 4572 τοὺς
3335 4511 3531 4580 ἄριστα
3561 4510 3647 4563 λέ-

407 4608 665 4662 omnibus
693 4607 784 4675 qui
821 4607 1024 4676 optima
1062 4607 1243 4663 dicere
1301 4611 1747 4668 consueverant,
1808 4606 1977 4660 silen-

409 4698 546 4754 tium
583 4699 979 4769 imposuerunt.
1013 4699 1199 4753 Ariani
1230 4714 1380 4762 vero,
1415 4702 1720 4768 metuentes
1775 4712 1865 4758 ne,
1898 4703 1977 4750 tot

408 4792 681 4862 episcopis
726 4792 783 4846 in
820 4808 986 4847 unum
1011 4791 1374 4862 congregatis,
1409 4791 1514 4860 ipsi
1549 4788 1790 4843 Ecclesia
1814 4789 1978 4858 ejicec

409 4891 618 4948 rentur,
642 4883 695 4945 in
721 4883 956 4937 medium
987 4884 1355 4954 prosilientes,
1378 4881 1572 4951 dogma
1603 4880 1744 4950 quod
1773 4879 1976 4950 impro-

408 4975 593 5030 batum
618 4973 814 5037 fuerat,
845 4974 1192 5029 anathemate
1213 4973 1565 5036 damnarunt,
1587 4979 1640 5026 et
1672 4971 1854 5025 libello
1882 4973 1975 5042 qui

407 5067 655 5121 unanimi
679 5067 920 5121 omnium
950 5081 1223 5121 consensu
1256 5065 1602 5134 conscriptus
1627 5064 1820 5128 fuerat,
1850 5081 1976 5135 pro-

407 5160 525 5229 pria
555 5175 718 5214 manu
735 5159 1203 5228 subscripserunt.
1233 5155 1434 5211 Verum
1469 5158 1766 5228 episcopali
1796 5158 1975 5228 digni-

407 5257 519 5306 tate
553 5266 647 5320 per
690 5251 954 5305 ambitum
984 5255 1038 5303 et
1064 5247 1318 5304 assiduas
1368 5248 1830 5318 interpellationes
1883 5263 1972 5301 re-

407 5351 578 5408 tenta,
620 5358 744 5398 cum
777 5357 871 5396 eos
908 5342 1279 5412 paenitentiam
1306 5355 1467 5411 agere
1496 5349 1789 5411 oporteret,
1821 5341 1974 5395 dam-

407 5444 565 5489 natas
621 5435 905 5505 Opiniones
948 5447 1093 5488 nunc
1143 5432 1305 5496 clam,
1359 5448 1506 5488 nunc
1552 5443 1740 5509 aperte
1784 5432 1972 5487 defen-

408 5526 564 5588 dunt,
588 5526 756 5581 variis
776 5522 1338 5597 argumentationibus
1366 5523 1710 5579 insidiantes.
1744 5522 1975 5592 Cupien-

407 5624 494 5671 tes
524 5624 701 5671 autem
730 5617 1068 5672 zizaniorum
1100 5618 1306 5672 semina
1333 5617 1598 5680 stabilire,
1648 5615 1852 5686 peritos
1874 5615 1973 5669 ho-

406 5709 582 5762 mines
598 5705 972 5771 reformidant,
997 5717 1050 5762 et
1072 5723 1295 5778 sagaces
1312 5710 1648 5776 inspectores
1662 5706 1935 5776 refugiunt
1955 5725 1967 5760 :

405 5806 571 5868 atque
604 5795 806 5853 idcirco
837 5797 1054 5866 pietatis
1084 5811 1364 5867 pracones
1389 5797 1531 5852 bello
1559 5802 1837 5866 appetunt.
1869 5792 1971 5849 Ve-

2079 4615 2193 4666 γειν
2221 4597 2494 4659 εἰωθότας.
2527 4600 2587 4650 Οἱ
2623 4598 2665 4650 δ’
2709 4599 3104 4670 Ἀρειομανῖται
3133 4601 3422 4665 δείσαντες,
3451 4605 3645 4674 μήπως
3702 4588 3718 4608 ’

2078 4692 2183 4760 ἄρα
2233 4689 2496 4759 τοσαύτης
2545 4691 2602 4742 ἐν
2645 4691 2823 4761 ταύτῷ
2870 4693 3083 4746 συνόδου
3135 4697 3645 4766 συγκεκροτημένης

2078 4779 2561 4851 ἐξοστρακισθεῖεν,
2591 4779 3042 4849 ἀναθεματίζουσι
3071 4781 3169 4852 μὲν
3201 4783 3647 4853 προπηδήσαντες

2076 4873 2136 4926 τὸ
2200 4873 2642 4943 ἀπηγορευμένον
2702 4871 2895 4943 δόγμα,
2959 4872 3268 4943 συμφώνοις
3321 4874 3643 4944 γράμμασιν

2078 4965 2488 5035 ύπογράψαντες
2550 4966 2841 5036 αύτοχειρί.
2914 4965 3032 5018 Τῶν
3093 4965 3148 5017 δὲ
3207 4966 3501 5037 προεδριῶν
3557 4965 3644 5018 διὰ

2077 5053 2334 5123 πλείστης
2365 5055 2494 5125 ὅσης
2521 5055 2854 5126 περιδρομῆς
2885 5056 3276 5126 κρατήσαντες,
3302 5055 3419 5108 δέον
3448 5054 3642 5118 αὐτοὺς

2077 5149 2388 5202 ὐπόπτωσιν
2428 5147 2746 5217 λαμϐάνειν,
2777 5145 2899 5198 τοτέ
2949 5145 3046 5216 μὲν
3080 5145 3395 5216 λεληθότως,
3439 5146 3557 5198 τοτέ
3585 5145 3642 5198 δὲ

2078 5242 2366 5313 προφανῶς
2406 5240 2503 5304 τὰς
2543 5240 3014 5312 ἀποψηφισθείσας
3065 5239 3424 5310 πρεσϐεύουσι
3451 5239 3637 5303 δόξας,

2074 5333 2349 5403 διαφόροις
2381 5331 2815 5394 ἐπιϐουλεύοντες
2856 5334 2966 5394 τοῖς
3015 5329 3271 5399 ἐλέγχοις.
3320 5328 3638 5400 Βουλόμενοι

2073 5425 2129 5477 δέ
2169 5423 2446 5492 παγιῶσαι
2477 5422 2545 5476 τὰ
2576 5421 2861 5492 ζιζανιὼδη
2891 5423 3336 5492 φυτουργήματα,
3373 5420 3638 5474 δεδοίκασι

2072 5519 2198 5582 τοὺς
2229 5516 2624 5586 ἐπιγνώμονας,
2646 5517 2739 5568 καὶ
2763 5515 3064 5569 ἐκκλίνουσι
3097 5516 3221 5578 τοὺς
3249 5515 3475 5587 ἐφόρους
3493 5531 3507 5544 ·
3546 5517 3639 5567 καὶ

2071 5611 2244 5684 ταύτῃ
2289 5610 2413 5673 τοὺς
2459 5610 2558 5680 τῆς
2611 5607 2889 5671 εὐσεϐείας
2930 5609 3175 5678 κήρυκας
3221 5608 3634 5677 ἐκπολεμώσιν.

2073 5705 2186 5775 Οὐχ
2218 5703 2357 5756 οὕτω
2388 5703 2444 5755 δὲ
2478 5700 2823 5770 πιστεύομεν,
2865 5701 2939 5763 ὠς
2975 5698 3292 5770 ἀνθρώπους
3319 5700 3514 5763 ἀθέους
3543 5698 3636 5752 δύ-

2073 5794 2266 5850 νασθαι
2309 5792 2577 5864 κρατῆσαι
2623 5791 2839 5846 πώποτε
2890 5790 2981 5846 τοῦ
3029 5789 3192 5845 θείου.
3223 5790 3348 5847 ,Κᾶν
3389 5792 3497 5858 γὰρ
3535 5793 3624 5848 πάι
