4112 6422
355 363 461 424 677
1766 347 1960 404 ΕΒΑΟ]

2059 345 2214 401 NTA.
3478 342 3582 396 (578

355 483 440 538 λιν
473 480 751 552 ἰσχύσωσι,
794 478 886 531 καὶ
913 475 1074 530 πάλιν
1108 472 1497 545 ἡττηθήσονται
1540 469 1678 524 κατά
1701 470 1790 523 τὸν
1834 487 1920 520 σε-
1951 510 1960 545 Δ

2059 482 2142 520 um
2172 480 2240 520 ne
2273 464 2355 520 sic
2382 463 2599 534 quidem
2630 463 2924 529 credimus,
2973 461 3174 533 impios
3226 459 3478 515 homines
3502 463 3588 514 dl-

359 575 636 651 μνόφωνον
664 572 946 644 προφήτην
976 571 1219 626 Ἡσαΐαν.

2059 560 2207 612 inum
2245 573 2446 612 numen
2500 571 2738 626 unquam
2790 571 2955 626 posse
3011 567 3289 624 superare.
3329 551 3584 617 Quamvis

2022 650 2165 705 enim
2181 649 2326 703 vires
2343 649 2521 704 denuo
2542 656 2879 718 comparent,
2906 647 3084 702 denuo
3102 647 3409 713 vincentur,
3429 644 3587 715 juxta

2023 739 2368 811 magniﬁcum
2395 740 2715 811 prOphetam
2746 737 2962 795 Isaiam.

1055 855 1205 926 Apud
1239 852 1488 909 eumdem
1511 848 1920 906 Theodoritum.
1961 853 2100 909 Dial.
2138 871 2175 914 ι.
2195 853 2334 925 Opp.
2365 865 2495 909 tom.
2519 853 2613 919 IV,
2642 869 2763 926 pag.
2795 853 2885 908 '58.

367 970 476 1028 Τοῦ
507 967 692 1028 αὑτοῦ
739 969 809 1024 ἐκ
839 965 947 1021 τοῦ
972 967 1154 1034 λόγου
1188 966 1273 1029 είς
1303 965 1390 1016 τόο
1421 981 1439 1013 ι
1485 963 1698 1028 Κύριος
1725 963 1926 1019 ἕκτισέ

2059 966 2305 1037 Ejusdem,
2328 981 2393 1020 ex
2418 983 2652 1020 sermone
2677 968 2734 1019 in
2766 965 2899 1018 illud
2919 980 2937 1018 :
2963 983 2982 1015 ι
3015 963 3268 1017 Dominus
3295 962 3488 1017 creavit
3512 979 3592 1016 me

742 1078 818 1130 με
859 1059 1053 1128 ἀρχὴν
1083 1059 1238 1112 ὀδών
1265 1054 1473 1110 αὐτοῦ.
1517 1075 1535 1106 ι

2452 1038 2654 1089 initium
2677 1039 2877 1090 viarum
2898 1051 3132 1088 suarum.
3149 1056 3167 1086 ι

435 1155 496 1207 Εἰ
525 1153 622 1224 μὲν
649 1123 1069 1223 οὗν-ἀρχηνϋτλῆς
1095 1150 1394 1220 γεννήσεως
1423 1140 1642 1218 εἴληφεν
1675 1149 1702 1200 6
1734 1148 1923 1216 Λόγος»

2103 1127 2161 1182 Si
2183 1144 2311 1199 ergo
2341 1129 2706 1199 generationis
2737 1127 3062 1198 principium
3083 1126 3298 1196 accepit
3328 1123 3588 1190 Verbum,

364 1250 456 1319 ἀφ’
485 1218 544 1302 ού
584 1248 670 1301 διὰ
701 1218 824 1318 τῆς.
845 1218 1399 1317 μητρῴαςδιοδεύσας
1428 1240 1660 1312 γαστρὸς
1691 1241 1790 1304 τὰς
1819 1259 1924 1293 σω-

2059 1239 2098 1284 3x
2120 1237 2227 1292 quo
2271 1237 2368 1291 per
2396 1227 2702 1275 maternum
2733 1220 3008 1275 transiens
3043 1226 3256 1272 uterum
3289 1218 3595 1287 corporalia

369 1310 602 1410 ματικάς
643 1310 918 1409 ιφόρεσέν’
943 1310 1226 1406 ἀρμονίας,
1273 1310 1625 1404 συνέστηκεν,
1658 1332 1738 1384 ὅτι
1767 1331 1923 1400 γέγο-

2059 1313 2274 1370 nembra
2304 1313 2557 1384 gestavit,
2591 1319 2805 1367 constat
2833 1312 2976 1381 quod
3025 1310 3202 1366 factus
3232 1318 3318 1365 est
3355 1327 3421 1365 ex
3474 1326 3596 1363 mu-

367 1399 455 1480 νεν
485 1429 548 1481 ὲκ
575 1399 856 1496 γυναικός
893 1426 942 1478 εί
1066 1423 1234 1490 Λόγος
1277 1421 1370 1474 καὶ¹
1399 1399 1529 1482 Θεδς
1557 1414 1624 1489 ἦν
1665 1399 1925 1471 ἀνέκαθεν

2059 1407 2183 1460 iere.
2218 1406 2286 1458 At
2317 1405 2362 1460 si
2407 1403 2646 1460 Verbum
2676 1412 2730 1457 et
2761 1402 2902 1458 Deus
2945 1411 3104 1457 antea
3149 1410 3267 1456 erat
3306 1401 3448 1471 apud
3495 1399 3598 1454 Pa-

369 1522 521 1593 παρά
549 1519 626 1591 τῷ
659 1520 852 1589 Πατρὶ,
901 1517 993 1570 καὶ
1032 1514 1100 1568 τά
1141 1514 1428 1584 σύμπαντα
1464 1512 1529 1564 δι’
1572 1510 1735 1564 αὐτοῦ
1768 1526 1926 1578 γεγε-

2060 1513 2171 1552 rem
2201 1505 2254 1552 et
2288 1497 2541 1550 universa
2572 1509 2667 1565 per
2691 1495 2868 1564 ipsum
2895 1492 3036 1546 facta
3061 1507 3182 1548 esse
3205 1492 3459 1557 dicimus,
3485 1507 3596 1545 non

369 1584 560 1684 νῆσθαί
593 1584 802 1682 φαμεν,
841 1613 940 1664 οὐκ
970 1611 1077 1681 ἄρα
1105 1609 1324 1677 γέγονεν
1367 1608 1432 1660 ὲκ
1470 1605 1724 1675 γυναικὸς
1760 1605 1788 1656 6
1831 1603 1926 1666 ὢν,

2059 1598 2118 1646 :st
2144 1592 2329 1660 utique
2379 1587 2555 1643 factus
2583 1603 2649 1642 ex
2673 1587 2900 1641 muliere
2926 1626 2940 1650 ,
2976 1585 3070 1655 qui
3108 1593 3211 1648 est,
3246 1592 3299 1639 et
3329 1584 3600 1640 creaturis

369 1705 601 1768 καὶτοῖς
631 1705 904 1774 γεννητοῖς
946 1702 1145 1755 ἆπασιν
1184 1699 1353 1763 αἴτιος
1387 1697 1461 1752 ὥν
1482 1715 1495 1728 ·
1530 1697 1642 1750 ἀλλ’
1684 1696 1796 1749 ἔστι
1835 1695 1933 1765 τὴν

2059 1683 2290 1739 »ωηὶὺυε
2319 1693 2378 1737 ιιι
2410 1683 2521 1736 sint
2552 1695 2771 1736 causam
2801 1679 3042 1749 praebet:
3091 1677 3185 1733 sed
3217 1677 3359 1732 Deus
3403 1690 3599 1732 natura

370 1797 528 1866 φύσιν
560 1771 690 1861 Θεος
723 1771 1020 1867 αύτόιρκης,
1052 1794 1294 1864 ἄπειρος,
1327 1792 1677 1864 άπερινόητος
1697 1807 1710 1819 ·
1749 1791 1812 1842 ὲκ
1838 1805 1934 1856 γυ-

2059 1785 2139 1842 :st,
2159 1774 2582 1830 omnibusbonis
2599 1773 2903 1837 abundans,
2934 1771 3199 1836 inﬁnitus,
3232 1779 3286 1826 et
3312 1773 3404 1840 qui
3421 1778 3603 1826 mente

369 1863 551 1953 ναικὸς
580 1890 634 1943 δὲ
672 1863 892 1958 γέγονεν
925 1863 1225 1958 ἄνθρωπος,
1254 1887 1282 1938 6
1317 1888 1374 1939 ὲν
1404 1863 1469 1955 τῇ
1500 1883 1798 1956 παρθενικῇ
1831 1883 1934 1953 μή·

2059 1867 2422 1940 :omprehendi
2454 1866 2642 1936 nequit
2670 1885 2682 1920 :
2714 1881 2780 1920 ex
2810 1865 3035 1919 muliere
3080 1872 3261 1917 autem
3313 1863 3490 1917 factus
3519 1870 3603 1916 est

369 1995 475 2052 τρᾳ
499 1951 775 2052 Πνεύματι
804 1979 1000 2047 παγεὶς
1028 1951 1193 2047 ἀγίῳ.
1443 1951 1469 1955 Π
1582 1951 1594 1956 “
1772 1951 1796 1954 Π
1835 1951 1843 1953 ἡ
1894 1951 1899 1952 ν

2059 1972 2224 2021 nomo,
2249 1959 2341 2027 qui
2370 1956 2428 2010 in
2446 1954 2700 2027 virginali
2729 1961 2884 2009 utero
2902 1953 3107 2024 Spiritu
3125 1959 3316 2009 sancto
3339 1951 3606 2008 formatus

2039 2057 2144 2106 est.

1873 2165 2078 2219 Ιοιοειι.

633 2290 742 2345 Τοῦ
774 2289 990 2354 αὑτοῦ,
1017 2290 1085 2344 ἐκ
1125 2289 1231 2344 τοῦ
1270 2287 1456 2342 αὐτοῦ
1483 2289 1688 2356 λόγου.

447 2383 590 2447 Ναὸς
621 2383 730 2455 γὰρ
758 2382 961 2454 κυρίως
987 2384 1015 2436 ὀ
1043 2382 1280 2454 καθαρὸς
1307 2381 1400 2433 καὶ
1426 2380 1708 2450 ἄχραντος,
1742 2378 1775 2448 ἡ
1802 2375 1943 2429 κατὰ

375 2474 467 2528 τὸν
504 2471 784 2544 ἄνθρωπόν
815 2473 930 2523 ὲστι
962 2470 1090 2538 περί⁹
1119 2469 1210 2522 τὸν
1236 2469 1406 2536 Λόγον
1440 2466 1633 2536 σκηνὴ,
1657 2463 1782 2517 ἔνθα
1813 2479 1945 2532 προ-

379 2565 562 2636 φανῶς
591 2562 895 2635 σκηνώσας,
922 2562 1135 2634 ᾤκησεν
1166 2563 1194 2614 6
1224 2560 1377 2623 Θεός.
1409 2559 1518 2612 Καὶ
1551 2555 1724 2610 ταῦτα
1755 2556 1853 2608 οὐκ
1881 2557 1944 2606 ὲκ

378 2659 487 2712 τῶν
529 2657 750 2710 εἰκότων
784 2656 979 2726 φαμέν.
1015 2655 1217 2708 Τούτου
1267 2652 1374 2723 γὰρ
1407 2653 1436 2704 6
1475 2650 1633 2720 φύσει
1668 2647 1761 2702 τοῦ
1809 2648 1942 2702 Θεοῦ

382 2745 529 2809 Υἱὸς,
584 2745 681 2816 τὴν
732 2743 882 2796 λύσιν
929 2745 1024 2798 καὶ
1083 2744 1375 2798 ἀνάστασιν
1420 2739 1806 2814 προαγορεύων
1850 2738 1945 2793 τοῦ

381 2835 519 2901 νεὼ,
571 2834 954 2906 ἀναμφιϐόλως
998 2836 1146 2905 ἡμᾶς
1197 2833 1462 2887 διδάσκων
1513 2830 1781 2900 ὲφοδιάζει
1833 2832 1948 2893 τοῖς

386 2928 688 3000 μιαιφόνοις
735 2928 956 2997 φάσκων
1013 2926 1318 2989 Ἰουδαίοις·
1361 2925 1598 2979 Λύσατε
1640 2921 1747 2976 τὸν
1797 2920 1949 2978 ναὸν

385 3022 618 3088 τοῦτον,
650 3021 748 3077 καί
779 3021 848 3076 ἐν
874 3020 1070 3091 τρισίν
1094 3019 1339 3089 ἡμέραις
1365 3016 1546 3088 ἐγερῶ
1571 3017 1776 3072 αὐτόν.

2392 2276 2667 2346 Ejusdem,
2699 2292 2762 2331 ex
2795 2275 2974 2330 eodem
3001 2291 3256 2329 sermone.

2115 2371 2394 2442 Templum
2418 2371 2563 2425 enim
2587 2370 2802 2439 proprie
2831 2367 3090 2422 mundum
3110 2375 3163 2423 et
3179 2367 3610 2433 immaculatum,
3681 2350 3684 2354 ’

2045 2473 2129 2520 est
2162 2464 2458 2517 humanum
2499 2460 2663 2515 Verbi
2693 2459 3126 2524 tabernaculum,
3158 2461 3214 2513 in
3243 2473 3352 2528 quo
3386 2474 3445 2514 se
3475 2475 3609 2513 con-

2049 2555 2388 2626 spiciendum
2410 2554 2655 2623 praebens
2676 2552 2940 2607 habitavit
2954 2550 3121 2608 Deus.
3141 2551 3326 2621 Neque
3346 2566 3476 2605 vero
3497 2551 3613 2606 haec

2046 2647 2422 2719 probabili-bus
2451 2645 2600 2700 ducti
2637 2645 2966 2715 coniecturis
2996 2644 3249 2699 dicimus.
3279 2642 3415 2698 Nam
3453 2644 3505 2698 is
3519 2644 3613 2714 qui

2046 2747 2244 2794 natura
2290 2736 2460 2793 Filius
2491 2736 2582 2792 Dei
2616 2746 2730 2800 est,
2765 2737 2932 2806 hujus
2968 2737 3151 2806 templi
3183 2736 3614 2791 destructionem

2047 2837 2102 2885 et
2129 2830 2581 2885 instaurationem
2609 2828 2930 2899 praadicens,
2981 2830 3099 2884 sine
3129 2829 3237 2882 ulla
3261 2828 3617 2899 ambiguitate

2052 2939 2154 2980 nos
2183 2923 2286 2977 hac
2318 2924 2386 2978 de
2401 2939 2460 2977 re
2488 2922 2691 2985 docuit,
2721 2922 2966 2978 cruentis
2994 2920 3197 2977 Iudaeis
3229 2921 3418 2976 dicens
3444 2939 3458 2976 :
3494 2919 3618 2977 Sol-

2052 3017 2152 3070 vite
2187 3017 2434 3085 templum
2477 3015 2610 3084 hoc,
2641 3025 2691 3070 et
2719 3016 2779 3069 in
2811 3014 2978 3070 tribus
3027 3014 3210 3070 diebus
3258 3013 3500 3070 excitabo
3537 3014 3620 3084 ip-

1979 3092 2021 3146 C
2055 3123 2172 3161 sum
2205 3108 2272 3161 ⁷⁷.

1883 3222 2086 3280 lumen.

629 3343 740 3399 Τοῦ
786 3342 1004 3405 αὐτοῦ,
1055 3341 1124 3394 ἐκ
1164 3339 1269 3394 τοῦ
1303 3338 1488 3394 αὐτοῦ
1514 3339 1720 3407 λόγου.

461 3434 734 3507 ὐπηνίκα
766 3429 857 3486 οὖν
888 3433 976 3486 τὸν
1015 3431 1295 3502 ἄνθρωπον
1325 3430 1667 3501 ναουργήσας
1695 3429 1954 3500 ἐφόρεσεν

389 3531 418 3582 6
441 3529 626 3596 Λόγος,
657 3526 867 3596 σώματι
898 3526 995 3596 μὲν
1019 3525 1129 3586 τοῖς
1152 3522 1455 3593 ἀνθρώποις
1483 3521 1794 3590 ἐπιφοιτῶν,
1820 3540 1955 3576 παν-

390 3621 624 3683 τοδαπὰς
656 3618 900 3689 ἀοράτως
940 3615 1383 3687 θαυματουργίας
1424 3613 1766 3667 ἐπεδείκνυτο
1785 3653 1800 3678 ,
1831 3616 1956 3677 τοὺς

391 3711 448 3766 δὲ
496 3711 820 3775 ἀποστόλους
865 3710 1112 3780 κήρυκας
1161 3707 1262 3777 τῆς
1300 3707 1469 3760 ἀϊδίου
1519 3705 1792 3775 βασιλείας
1837 3705 1954 3770 ἐξέ-

393 3823 460 3858 πε
469 3822 595 3876 μπε.

2452 3337 2724 3403 Ejusdem,
2762 3351 2826 3390 ea:
2854 3335 3031 3390 eodem
3065 3333 3218 3387 libro.

2129 3431 2356 3498 Quando
2403 3433 2566 3502 igitur
2610 3431 2882 3485 hominem
2939 3437 3199 3496 tanquam
3248 3424 3509 3495 templum
3545 3423 3624 3477 l‘a-

2057 3521 2589 3579 bricatumVerbum
2652 3521 2925 3594 gestavit,
2968 3533 3199 3587 corpore
3231 3516 3448 3587 quidem
3483 3515 3625 3569 inter

2062 3616 2312 3670 homines
2334 3625 2610 3670 versatum
2625 3620 2730 3676 est,
2746 3607 2900 3664 varia
2924 3616 3104 3665 autem
3139 3609 3401 3663 miracula
3432 3608 3485 3661 in
3497 3608 3625 3662 visi-

2060 3707 2241 3762 biliter
2293 3706 2461 3762 edidit
2516 3715 2569 3762 et
2599 3705 2874 3777 apostolos
2919 3702 3109 3759 aeterni
3159 3701 3311 3774 regni
3348 3714 3628 3771 praecones

2061 3799 2231 3856 misit.

1298 3911 1456 3982 Apud
1486 3924 1736 3967 eumdem
1764 3910 2172 3980 Theodoritum,
2208 3914 2356 3970 Μαι.
2381 3932 2442 3982 ιι,
2472 3931 2594 3987 pag.
2621 3914 2710 3970 90.

399 4061 508 4115 Τοῦ
548 4055 751 4121 αὑτοῦ,
796 4055 863 4107 ἐκ
905 4053 1010 4107 τοῦ
1055 4055 1239 4120 λόγου
1288 4052 1392 4122 τοῦ
1425 4054 1512 4118 εὶς
1561 4054 1646 4106 τό·
1685 4071 1704 4103 ι
1741 4053 1956 4122 Κύριος

658 4125 858 4180 ἐκτισέ
879 4142 956 4195 με
981 4123 1177 4193 ἀρχὴν
1211 4121 1366 4176 ὁδῶν
1408 4123 1615 4177 αὑτοῦ.
1666 4143 1685 4176 ι

464 4240 539 4294 Ub
571 4239 679 4311 γὰρ
711 4234 862 4291 εἶπεν
890 4238 918 4290 6
949 4236 1160 4299 Παῦλος
1190 4236 1544 4307 συμμόρφους
1571 4235 1664 4289 τοῦ
1703 4235 1834 4290 Υίοῦ
1865 4235 1958 4290 τοῦ

394 4334 551 4397 Θεοῦ,
576 4331 709 4387 ἀλλὰ
736 4331 1126 4400 συμμόρφους
1148 4326 1256 4397 τῆς
1285 4330 1518 4394 εἰκόνος
1551 4329 1657 4403 (oi)
1702 4329 1838 4383 Υἱοῦ
1863 4331 1963 4384 αὺ-

397 4428 534 4482 τοῦο
577 4425 703 4480 ἄλλο
741 4423 838 4495 μέν
867 4441 920 4476 τι
950 4421 1205 4475 δεικνύων
1238 4421 1329 4473 τὸν
1365 4420 1490 4473 Υἱὸν
1533 4415 1692 4486 εἶναι,
1737 4419 1864 4474 ἄλλο
1900 4421 1957 4475 δὲ

396 4520 494 4591 τὴν
526 4517 707 4572 εἰκόνα
751 4515 932 4568 αὑτοῦ·
977 4515 1005 4567 6
1036 4513 1132 4584 μὲν
1166 4513 1271 4587 γὰρ
1302 4513 1450 4577 Υἱὸς,
1479 4512 1544 4566 τὰ
1574 4513 1692 4568 θεῖα
1734 4513 1832 4584 τῆς
1866 4531 1966 4566 πα-

397 4611 579 4684 τρῴας
622 4608 819 4679 ἀρετῆς
857 4607 1209 4678 γνωρίσματα
1254 4605 1456 4678 φέρων,
1509 4606 1669 4660 εἰκών
1714 4607 1828 4659 ἐστι
1873 4605 1966 4660 τοῦ

399 4702 631 4774 Πατρὸς,
674 4697 862 4769 ἐπειδὴ
909 4699 1004 4751 καὶ
1045 4699 1217 4768 ὅμοιοι
1261 4695 1320 4761 ἐξ
1369 4697 1569 4768 ὁμοίων
1617 4698 1966 4769 γεννώμενοι,

399 4795 607 4856 εἰκόνες
659 4793 708 4845 oi
765 4790 1071 4860 τικτόμενοι
1128 4789 1407 4858 φαίνονται
1464 4788 1571 4842 τῶν
1629 4789 1969 4861 γεννητόρων

402 4885 640 4956 ἀληθεῖς.
689 4881 746 4936 '0
776 4880 833 4935 δὲ
881 4879 1182 4951 ἄνθρωπος,
1219 4876 1278 4931 ὃν
1321 4878 1607 4949 ὲφόρησεν,
1645 4877 1807 4931 είκών
1851 4879 1968 4930 ὲστι

401 4978 498 5034 τοῦ
552 4975 682 5031 Υἱοῦ
704 5015 718 5039 ,
771 4972 863 5028 τοῦ
915 4971 1008 5026 καὶ
1061 4969 1121 5035 ἐξ
1183 4969 1447 5040 ἀνομοίων
1507 4969 1969 5042 κηρογραφεῖσθαι

405 5069 711 5142 χρωμάτων
747 5067 988 5127 εἰκόνας·
1026 5061 1250 5124 καὶτὰς
1287 5061 1384 5132 μὲν
1426 5056 1562 5114 εἶναι
1603 5059 1746 5113 θέσει
1790 5078 1968 5132 χειρο-

405 5161 682 5225 τεύκτους,
708 5159 808 5222 τὰς
848 5157 901 5211 δὲ
937 5154 1093 5225 φύσει
1122 5154 1215 5207 καὶ
1257 5153 1532 5223 ὁμοιότητι
1578 5152 1968 5222 γεγενημένας.

413 5251 619 5315 Ἄλλως
650 5268 708 5302 τε
749 5250 842 5303 καὶ
883 5247 1042 5311 αὐτὸς
1079 5247 1106 5299 6
1139 5244 1240 5315 τῆς
1272 5242 1525 5314 ἀληθείας
1570 5241 1714 5295 τοῦθ’
1769 5243 1973 5310 ὑπαγο-

411 5341 561 5418 ρεύει
611 5341 824 5411 θεσμός.
877 5339 950 5392 Οὐ
1015 5336 1123 5408 γὰρ
1179 5335 1236 5389 τὸ
1293 5333 1580 5404 ἀσώματον
1625 5333 1724 5404 τῆς
1783 5334 1973 5402 σοφίας

411 5435 627 5506 πνεῦμα
700 5432 1013 5504 σύμμορφόν
1088 5431 1202 5493 τοῖς
1276 5427 1606 5498 σωματικοῖς
1667 5425 1974 5497 ἀνθρώποις

411 5527 581 5590 ἐστὶν,
618 5523 731 5579 ἀλλ’
763 5525 791 5577 6
826 5523 903 5595 τῷ
944 5521 1210 5592 πνεύματι
1253 5516 1722 5589 σωματοποιηθεὶς
1766 5517 1974 5588 ἀνθρω-

2064 4055 2338 4125 Ejusdem,
2369 4071 2434 4110 ex
2460 4070 2696 4110 sermone
2725 4069 2777 4105 in
2805 4051 2974 4104 illud:
2995 4067 3014 4098 ι
3041 4048 3294 4102 Dominus
3327 4049 3517 4102 creavit
3549 4066 3629 4104 me

2448 4127 2656 4180 initium
2679 4125 2880 4177 viarum
2910 4137 3150 4175 suarum.
3181 4139 3200 4171 ›

2134 4216 2253 4271 Νοη
2284 4217 2428 4270 enim
2463 4214 2601 4269 dixit
2633 4213 2858 4276 Paulus,
2890 4210 3199 4265 conformcs
3223 4207 3356 4262 Filio
3387 4207 3502 4273 Dei,
3534 4211 3628 4264 sed

2067 4307 2360 4376 conformes
2385 4304 2605 4374 imagini
2627 4300 2755 4355 Filii
2786 4300 2950 4368 ipsius
2975 4297 3051 4350 7‘:
3096 4295 3240 4350 aliud
3276 4296 3480 4350 docens
3507 4311 3631 4350 esse

1991 4383 2036 4438 Β
2068 4400 2264 4454 Filium
2286 4398 2401 4462 Dei,
2421 4398 2568 4451 aliud
2593 4394 2880 4464 imaginem
2910 4390 3051 4460 ejus.
3083 4387 3218 4442 Nam
3251 4385 3423 4441 Filius
3447 4387 3629 4441 divina

2061 4503 2299 4565 paternae
2321 4490 2540 4546 virtutis
2603 4486 2838 4557 insignia
2861 4496 3079 4553 gerens,
3109 4481 3288 4550 imago
3310 4485 3395 4534 cst
3412 4476 3628 4543 Patris;

2062 4588 2190 4660 quia
2223 4586 2427 4641 similes
2458 4599 2524 4639 ex
2551 4581 2823 4638 similibus
2849 4575 3036 4648 geniti,
3063 4589 3205 4630 vera:
3242 4570 3505 4642 imagines
3535 4569 3631 4624 ﬁlii

2065 4690 2194 4740 sunt
2237 4686 2545 4751 parentum.
2582 4675 2755 4729 Homo
2795 4689 2926 4729 vero
2959 4686 3119 4742 quem
3161 4666 3412 4739 gestavit,
3455 4664 3635 4734 imago

2064 4783 2148 4832 est
2165 4775 2318 4840 Filii;
2374 4770 2633 4842 quoniam
2668 4775 2721 4822 et
2749 4782 2816 4821 ex
2845 4762 3204 4821 dissimilibus
3239 4759 3535 4828 pinguntur
3577 4754 3633 4808 in

2071 4880 2197 4922 cera
2217 4862 2776 4930 coloribusimagines
2813 4877 2826 4913 :
2874 4866 2927 4913 et
2956 4857 3038 4910 hae
3073 4852 3290 4924 quidem
3319 4863 3482 4903 manu
3524 4846 3636 4900 for-

2072 4968 2310 5021 mantur,
2327 4956 2444 5010 aliae
2472 4969 2601 5009 vero
2627 4961 2822 5008 natura
2839 4957 2894 5005 et
2923 4945 3281 5004 similitudine
3312 4941 3466 4994 ﬁunt.
3489 4937 3635 4990 Prae-

2072 5062 2217 5110 terea
2246 5055 2332 5108 lex
2365 5053 2482 5121 ipsa
2523 5048 2768 5105 veritatis
2794 5047 2898 5102 hoc
2943 5044 3203 5099 declarat.
3232 5038 3350 5093 Non
3375 5037 3515 5091 cnim
3549 5034 3636 5086 in-

2072 5160 2367 5216 corporeus
2403 5141 2681 5213 sapientiae
2729 5141 2954 5210 spiritus
3004 5132 3302 5191 conformis
3330 5137 3412 5184 est
3442 5140 3640 5195 corpo-

2074 5240 2184 5294 reis
2218 5236 2528 5293 hominibus
2559 5255 2570 5289 :
2609 5233 2704 5288 sed
2728 5233 2819 5303 qui
2843 5245 2938 5301 per
2967 5227 3218 5298 spiritum
3263 5221 3530 5275 formatus
3553 5223 3638 5271 est

2075 5330 2238 5384 homo
2266 5330 2582 5390 character,
2617 5325 2709 5395 qui
2753 5323 2874 5378 aliis
2904 5318 3158 5375 omnibus
3211 5311 3363 5384 paria
3410 5322 3638 5395 numero

2075 5423 2319 5478 membra
2355 5421 2513 5492 gerit,
2547 5427 2602 5475 et
2631 5417 2863 5474 similem
2892 5409 3186 5479 unicuique
3211 5404 3440 5461 formam
3477 5392 3642 5453 indu-

2075 5523 2167 5570 tus
2197 5524 2300 5570 est.

411 5642 512 5688 πος
551 5584 930 5695 γαρακτὴρίὸ
959 5584 1286 5685 τοῖς-ἀλλοις
1336 5584 1553 5667 ⁷ἅπασιν
1593 5584 1880 5684 ’ἰσάριθμα
1910 5611 2048 5684 μέλη
2085 5610 2286 5683 φορῶν,
2344 5608 2438 5663 καὶ
2486 5608 2585 5678 τὴν
2639 5604 2829 5676 ὁμοίαν
2888 5599 3135 5661 ἑκάστοις
3181 5584 3642 5665 περιδεῦλημένος

415 5722 576 5777 ἰδέαν.

487 5835 530 5868 ⁷⁷
565 5833 726 5888 Jaan.
781 5846 842 5896 ll,
881 5828 968 5885 19.
1044 5828 1091 5859 ’⁸
1119 5825 1274 5894 Rom.
1317 5837 1440 5888 vui,
1480 5821 1580 5878 αθ.
