4112 6422
483 349 588 408 679
1532 333 1589 389 S.
1623 328 1991 389 EUSTATHII
2032 324 2339 382 EPISCOPI
2379 319 2790 378 ANTIOCHENI
3623 321 3726 379 βω

1988 447 2191 501 ιιιιιιειι.

843 581 1114 652 Ejusdem,
1138 595 1202 634 ex
1238 576 1418 634 eadem
1449 576 1706 630 oratione.

2430 561 2538 616 Τοῦ
2563 560 2769 626 αὐτοῦ,
2797 562 2865 614 ἐκ
2899 559 3004 613 τοῦ
3032 558 3217 613 αὑτοῦ
3251 558 3458 628 λόγου.

561 677 716 746 Quod
733 683 912 733 autem
938 690 1136 746 corpus
1158 673 1301 728 dicat
1330 669 1608 726 conforme
1636 667 1892 722 humanis
1911 679 2054 729 esse,

492 774 735 844 apertius
773 786 874 826 nos
913 770 1072 825 docet
1129 767 1377 822 scribens
1432 764 1498 819 ad
1554 762 1932 832 Philippenses
1969 762 2052 817 "z

492 863 700 920 Nostra
737 862 1083 925 conversatio,
1139 858 1335 928 inquit,
1381 857 1436 910 in
1475 855 1618 910 cretis
1648 863 1725 910 est
1765 871 1784 908 :
1841 852 1980 906 unde
2003 863 2054 906 et

491 957 820 1013 Satuatorem
849 961 1208 1023 exspectamus
1232 950 1510 1004 Dominum
1542 946 1725 1002 Jesum
1759 943 2051 1010 Christum,

489 1052 580 1116 qui
609 1047 1010 1119 transﬁgurabit
1053 1063 1240 1115 corpus
1289 1044 1608 1098 humilitatis
1644 1053 1859 1104 nostrae,
1897 1050 1954 1093 ut
1983 1040 2052 1092 sit

490 1143 663 1211 ipsum
708 1138 977 1208 conformo
1016 1137 1222 1204 corpori
1265 1135 1450 1206 gloria:
1473 1134 1659 1203 ipsius.
1689 1132 1845 1200 Quod
1870 1133 1915 1186 si
1951 1131 2052 1184 hu-

490 1236 618 1290 mile
647 1247 849 1303 corpus
882 1229 1158 1284 hominum
1181 1227 1601 1298 transfigurans,
1626 1223 1906 1281 conforme
1935 1237 2056 1294 pro-

491 1326 836 1401 priocorpori
866 1323 1046 1398 edicit,
1105 1335 1246 1376 vana
1276 1335 1502 1392 prorsus
1554 1318 1925 1374 demonstrata
1970 1323 2055 1372 est

490 1422 924 1478 adversariorum
954 1415 1248 1472 calumnia.

2236 656 2355 707 Ὅτι
2387 653 2440 707 δὲ
2484 654 2543 707 τὸ
2583 653 2740 725 σῶμα
2785 653 2932 722 λέγει
2961 651 3282 723 σύμμορφον
3308 655 3421 715 τοῖς
3453 652 3724 725 ἀνθρωπί-

2161 764 2272 811 νοις
2303 742 2462 809 εῐναι,
2511 745 2836 816 σαφέστερον
2882 745 3028 814 ἡμᾶς
3071 742 3310 796 διδάσκει
3348 743 3725 815 Φιλιππησίοις

2161 839 2510 893 ἐπιστέλλωνο
2559 835 2752 906 Ἦμῶν
2791 836 2859 890 τὸ
2893 836 3241 905 πολίτευμα,
3277 836 3462 907 φησὶν,
3510 836 3580 890 ἐν
3628 840 3724 892 οὺ-

2157 933 2366 1002 ρανοῒς
2417 931 2692 1001 ὑπάρχει,
2725 931 2793 995 ἐξ
2843 924 2930 984 ὧν
2968 930 3068 984 καί
3117 927 3360 998 Σωτῆρα
3407 929 3726 1000 ἀπεκδεχόο

2153 1028 2304 1094 μεθα
2341 1025 2558 1093 Κύριον
2612 1022 2858 1091 Ἰησοῦν
2907 1021 3186 1090 Χριστὸν,
3241 1021 3309 1087 ὃς
3349 1037 3724 1092 μετασχημαρ

2158 1120 2310 1173 τίσει
2340 1118 2402 1172 τὸ
2440 1117 2611 1187 σῶμα
2642 1115 2748 1184 τῆς
2780 1115 3187 1183 ταπεινώσεως
3224 1114 3394 1185 ἡμῶν
3428 1119 3514 1181 είς
3546 1115 3612 1169 τὸ
3636 1133 3725 1185 τιε-

2155 1210 2364 1266 νέσθαι
2411 1209 2558 1265 αὐτὸ
2597 1211 2950 1279 σύμμορφον
2994 1207 3074 1273 τῷ
3116 1207 3340 1277 σώματι
3385 1206 3495 1277 τῆς
3545 1207 3726 1275 δόξης

2157 1301 2364 1355 αὑτοῦ.
2399 1301 2462 1355 Ei
2487 1301 2545 1354 δὲ
2573 1301 2634 1354 τὸ
2673 1300 2926 1354 ταπεινὸν
2961 1297 3450 1371 μετασχηματίζων
3481 1299 3590 1353 τῶν
3636 1299 3724 1352 ἀν-

2160 1389 2393 1462 θρώπων
2439 1390 2618 1462 σῶμα,
2660 1389 2982 1462 σύμμορφον
3020 1389 3098 1462 τῷ
3145 1391 3260 1460 ἰδίῳ
3297 1389 3511 1462 σώματι
3561 1407 3724 1444 κατα-

2162 1483 2449 1549 σκευάζει,
2506 1484 2671 1548 ἕωλος
2728 1484 3060 1555 πανταχόθεν
3111 1482 3478 1539 ἀποδέδεικται
3531 1485 3566 1555 ἠ
3620 1483 3726 1537 τῶν

2159 1575 2417 1631 ἐναντίων
2457 1577 2808 1647 συκοφαντία.

1862 1690 2066 1759 lennem,
2105 1703 2224 1751 ιηιο.
2256 1694 2317 1750 9i
2332 1736 2346 1750 .

839 1805 1115 1876 Ejusdem,
1145 1821 1210 1860 ea:
1237 1804 1420 1861 eadem
1442 1806 1698 1862 oratione.

559 1899 664 1956 Sed
693 1898 1151 1971 quemadmodum
1196 1913 1264 1953 ex
1306 1897 1514 1968 virgine
1565 1908 1730 1954 natus
1760 1899 1954 1965 homo,
1985 1917 2051 1957 ex
2085 1921 2126 1977 Β

486 1991 714 2048 muliere
737 1989 940 2045 dicitur
973 1987 1150 2042 factus
1173 2002 1315 2052 esse,
1351 1987 1425 2042 ita
1471 1996 1526 2044 et
1572 1990 1674 2044 sub
1701 1988 1840 2061 Lege
1873 1990 2048 2047 factus

483 2101 608 2142 esse
639 2085 861 2148 dicitur,
893 2084 1019 2154 quia
1048 2097 1145 2154 per
1178 2081 1371 2152 legalia
1396 2082 1724 2154 quandoque
1781 2097 2049 2156 praecepta

485 2178 746 2245 incessit;
782 2185 841 2232 ut
887 2191 1011 2232 cum
1069 2175 1328 2230 infantem
1364 2175 1539 2245 ipsum
1571 2191 1696 2231 octo
1727 2177 1934 2232 dierum
1964 2195 2053 2248 pa-

485 2277 666 2325 rentes
681 2266 1072 2323 circumcidere
1086 2274 1336 2338 prompto
1351 2269 1534 2323 animo
1551 2267 1895 2336 festinarunt,
1909 2270 2052 2326 sicut

483 2360 661 2416 Lucas
707 2360 1040 2431 evangelista
1088 2358 1257 2413 tradit
1284 2360 1354 2412 3°.
1399 2357 1597 2415 Postea
1631 2363 1794 2415 etiam
1827 2360 1882 2414 in
1914 2369 2054 2414 tem-

484 2456 632 2523 plum
657 2449 1024 2516 adduxerunt,
1056 2456 1118 2504 ut
1155 2449 1413 2505 sisterent
1442 2465 1567 2505 eum
1597 2448 1828 2505 Domino
1856 2451 2050 2520 purifi-

483 2543 715 2599 cationis
746 2542 1072 2598 oblationem
1099 2551 1442 2614 peragentes,
1478 2552 1537 2597 ut
1568 2544 1803 2598 hostiam
1833 2545 2047 2611 darent,

483 2637 624 2692 sicut
654 2635 917 2706 scriptum
949 2641 1033 2693 est
1079 2635 1134 2690 in
1168 2634 1310 2706 Lege
1357 2635 1594 2700 Domini,
1636 2651 1736 2707 par
1768 2644 2048 2692 turturum

483 2737 574 2784 aut
601 2729 740 2784 duos
773 2729 950 2800 pullos
1009 2728 1408 2783 columbarum.
1459 2725 1516 2782 Si
1547 2742 1676 2798 ergo
1708 2729 2050 2800 purgationis

483 2836 708 2876 munera
760 2819 1061 2878 secundum
1106 2821 1278 2890 legem
1313 2835 1412 2890 pro
1453 2820 1574 2890 ipso
1609 2820 1792 2875 oblata
1821 2830 1968 2888 sunt,
1995 2830 2050 2878 et

482 2913 657 2967 octavi
685 2911 794 2967 diei
826 2910 1299 2966 circumcisionem
1330 2911 1571 2980 pertulit,
1602 2925 1709 2965 non
1737 2910 1834 2967 abs
1866 2927 1924 2966 re
1945 2912 2047 2966 hac

483 3004 549 3059 de
576 3017 745 3059 causa
768 3003 870 3059 sub
915 3001 1057 3073 Lege
1085 3000 1288 3056 factum
1319 3017 1442 3056 esse
1470 3003 1678 3057 scribit.
1706 3001 1890 3072 Neque
1918 3019 2048 3058 vero

483 3095 720 3152 Verbum
745 3095 1062 3165 subjacebat
1088 3093 1238 3165 Legi,
1258 3101 1318 3149 ut
1345 3093 1642 3164 opinantur
1671 3095 2042 3165 sycophantas,

483 3205 607 3245 cum
650 3191 766 3260 ipse
793 3189 904 3245 Lex
933 3187 1005 3244 sit
1037 3209 1048 3244 :
1076 3203 1254 3259 neque
1283 3186 1424 3243 Deus
1449 3187 1725 3258 indigebat
1760 3187 2046 3244 sacrificiis

2403 1809 2512 1865 Τοῦ
2557 1811 2762 1877 αὐτοῦ,
2807 1811 2877 1866 ἐκ
2917 1811 3023 1866 τοῦ
3063 1809 3249 1865 αὑτοῦ
3278 1810 3485 1879 λόγου.

2241 1901 2378 1954 Ἀλλ’
2411 1901 2600 1974 ῶσπερ
2627 1905 2692 1958 ὲκ
2719 1904 2816 1974 τῆς
2862 1903 3130 1977 παρθένου
3157 1903 3367 1974 τεχθεὶς
3393 1903 3422 1954 6
3447 1901 3723 1974 ἅνθρωπος

2154 1994 2217 2046 ὲκ
2254 1995 2506 2062 γυναικὸς
2532 1995 2748 2064 λέγεται
2775 1996 3074 2066 γεγονέναι,
3103 1995 3244 2049 οὕτω
3282 1994 3346 2066 δὴ
3371 1995 3463 2048 καὶ
3493 1995 3601 2048 ὑπὸ
3625 1994 3724 2047 Νό-

2156 2101 2255 2154 μον
2293 2086 2620 2157 γεγενῆσθαι
2654 2088 2924 2159 γράφεται
2967 2087 3044 2158 τῷ
3079 2087 3168 2142 διά
3213 2087 3320 2140 τῶν
3347 2087 3584 2158 νομικῶν
3614 2087 3722 2140 ἔσθ’

2151 2177 2238 2229 ὅτε
2277 2175 2490 2246 βαδίσαι
2534 2180 2892 2250 μηνυμάτωνο
2935 2181 3094 2234 ὁπότε
3143 2180 3377 2251 μάλιστα
3423 2180 3585 2233 παῖδα
3627 2180 3724 2250 μὲν

2153 2268 2312 2322 αὑτὸν
2345 2269 2472 2322 ὅντα
2504 2270 2866 2343 όκταήμερον,
2916 2271 3213 2344 προθύμως
3257 2273 3306 2324 οἱ
3345 2275 3521 2340 γονεῖς
3567 2289 3723 2343 περιη

2151 2361 2366 2432 τέμνειν
2392 2361 2698 2432 ἠπείγοντο,
2728 2363 2977 2436 καθάπερ
3003 2365 3032 2416 6
3059 2362 3447 2434 εὐαγγελιστὴς
3478 2361 3722 2415 ἐκδίδωσι

2152 2453 2382 2517 Λουκᾶς.
2413 2455 2507 2517 Et;
2537 2454 2676 2508 δὲτὸ
2703 2455 2845 2526 ἱερὸν
2875 2455 3078 2525 ἀνῆγον
3122 2455 3411 2526 μετέπειτα
3445 2453 3724 2524 παραστῆ-

2155 2545 2346 2616 σαιτῷ
2383 2547 2592 2618 Κυρίῳ,
2626 2546 2724 2610 τὰς
2759 2545 3089 2618 καθαρσίους
3125 2546 3498 2608 ἐπιτελοῦντες
3526 2546 3724 2612 ἀναφο-

2152 2636 2275 2706 ρὰς,
2306 2634 2400 2688 τοῦ
2437 2635 2620 2689 δοῦναι
2651 2635 2840 2689 θυσίαν
2869 2638 3011 2691 κατά
3046 2636 3107 2689 τὸ
3142 2636 3427 2708 εἰρημένον
3467 2636 3524 2686 ὲν
3555 2633 3722 2702 Νόμῳ

2151 2725 2377 2797 Κυρίου,
2397 2726 2588 2796 ζεῦγος
2607 2727 2903 2798 τρυγόνων,
2923 2727 2956 2798 ἢ
2977 2727 3069 2780 δύο
3086 2728 3338 2790 νεοσσοὺς
3361 2724 3717 2798 περιστερῶν.

2150 2817 2213 2870 Εἰ
2257 2817 2434 2872 τοίνυν
2473 2817 2544 2872 τὰ
2576 2819 2849 2890 καθάρσια
2880 2819 3028 2890 δῶρα
3058 2818 3202 2872 κατά
3236 2818 3328 2871 τὸν
3358 2818 3538 2888 Νόμον
3581 2817 3720 2887 ὑπὲρ

2150 2909 2314 2964 αὑτοῦ
2348 2912 2734 2984 προσεφέρετο,
2770 2913 2864 2966 καὶ
2898 2915 3200 2986 περιτομὴν
3227 2912 3568 2983 ὀκταήμερον
3596 2911 3723 2980 ἑξό-

2151 3022 2262 3076 ρει·
2287 3005 2461 3079 ταύτῃ
2488 3008 2581 3060 καὶ
2623 3008 2728 3061 ὑπὸ
2759 3009 2939 3079 Νόμον
2971 3008 3133 3062 αὐτὸν
3165 3008 3265 3060 οὐκ
3297 3007 3603 3069 ἀπεικότως
3627 3022 3721 3075 γε-

2149 3097 2410 3168 γενῆσθαι
2457 3100 2680 3172 γράφει.
2740 3101 2876 3154 Οΰτε
2936 3101 2994 3154 δὲ
3040 3103 3069 3154 6
3113 3101 3284 3168 Λόγος
3339 3099 3592 3154 ὑπέκειτο
3645 3097 3722 3168 τῷ

2150 3191 2338 3261 Νόμῳ,
2371 3191 2617 3266 καθάπερ
2645 3195 2696 3247 οἱ
2734 3193 3064 3262 συκοφάνται
3093 3191 3424 3258 δοξάζουσιν,
3459 3192 3620 3256 αὐτὸς
3646 3189 3721 3243 ὢν

482 3285 862 3360 purgantibus.
893 3284 987 3356 qui
1018 3284 1136 3339 solo
1167 3290 1304 3338 nutu
1331 3283 1514 3338 omnia
1531 3290 1722 3355 purgat
1755 3292 1808 3338 et
1837 3283 2046 3338 sancti-

2154 3284 2178 3336 6
2213 3283 2424 3354 Νόμος
2468 3262 2599 3338 οὔτε*
2627 3286 2658 3336 6
2698 3285 2830 3350 Θεὸς
2877 3285 3049 3339 ἐδεῖτο
3091 3284 3344 3354 θυμάτων
3391 3283 3719 3354 καθαρσίων,

481 3379 626 3434 ﬂeat.
660 3377 766 3434 Sed
783 3377 1031 3450 quamvis
1063 3383 1402 3447 assumptum
1433 3392 1500 3431 ex
1518 3376 1728 3447 virgine
1750 3375 2047 3430 humanum

481 3486 742 3542 organum
767 3470 1014 3542 gestavit,
1041 3477 1094 3525 et
1124 3469 1228 3526 sub
1259 3468 1401 3541 Lege
1431 3467 1610 3526 factus
1640 3477 1746 3533 est,
1772 3462 2051 3540 primoge-

481 3570 719 3620 nitorum
749 3563 856 3619 ritu
879 3571 1182 3634 purgatus;
1213 3577 1324 3618 non
1353 3563 1499 3634 quod
1527 3564 1643 3634 ipse
1675 3562 1779 3618 hoc
1809 3563 2048 3618 remedio

480 3659 766 3730 indigeret,
797 3659 896 3714 bas
930 3659 1341 3714 observationes
1365 3656 1649 3722 sustinuit,
1681 3657 1775 3713 sed
1804 3667 1865 3712 ut
1895 3671 1926 3711 a
1948 3655 2049 3713 Le-

483 3751 564 3821 gis
615 3750 875 3806 servitute
925 3765 1020 3806 eos
1050 3751 1366 3816 redimeret,
1418 3750 1512 3822 qui
1559 3750 1856 3806 venundati
1889 3757 2047 3806 erant

483 3841 921 3897 condemnationi
950 3839 1244 3897 maledicti.

2149 3375 2322 3448 ἀθρόᾳ
2353 3379 2483 3448 ῥιπῇ
2515 3377 2824 3449 καθαρίζων
2857 3377 3095 3441 ἅπαντα,
3140 3379 3235 3432 καὶ
3269 3376 3531 3445 ἁγιάζων.
3584 3375 3720 3429 Ἀλλ’

2153 3472 2201 3522 εί
2235 3472 2330 3523 καὶ
2360 3472 2423 3524 ἐκ
2451 3471 2549 3541 τῆς
2579 3471 2854 3543 Παρθένου
2883 3470 2944 3524 τὸ
2973 3469 3310 3541 ἀνθρώπινον
3342 3469 3569 3541 ὄργανον
3596 3470 3723 3523 ἀναο

2154 3559 2334 3614 λαϐὼν
2369 3563 2627 3634 ἐφόρησε,
2662 3564 2758 3616 καὶ
2807 3564 2913 3617 ὑπὸ
2958 3563 3142 3634 Νόμον
3175 3564 3410 3631 ἐγένετο,
3445 3561 3584 3615 κατὰ
3621 3561 3722 3626 τὰς

2150 3652 2258 3707 τῶν
2289 3654 2646 3726 πρωτοτόκων
2689 3655 2845 3721 ἀξίας
2882 3654 3255 3728 καθαρισθεὶς,
3283 3655 3382 3708 οὐκ
3417 3655 3578 3718 αὐτὸς
3605 3652 3720 3709 δεόο

2157 3762 2315 3817 μενος
2338 3746 2435 3818 τῆς
2465 3747 2668 3801 τούτων
2697 3748 2958 3820 χορηγίας
2991 3749 3249 3820 ὑπέμεινε
3277 3748 3374 3811 τὰς
3409 3745 3718 3818 θεραπείας,

2155 3840 2268 3893 ἀλλ’
2319 3839 2406 3893 ἵνα
2455 3839 2553 3912 τῆς
2583 3839 2675 3892 τοῦ
2725 3840 2909 3911 Νόμου
2954 3840 3194 3905 δουλείας
3243 3839 3550 3914 ἐξαγοράσῃ
3595 3841 3720 3902 τοὺς

2155 3931 2537 4003 πεπραμένους
2565 3933 2630 4002 τῇ
2655 3931 2779 4002 δίκῃ
2809 3931 2910 4001 τῆς
2933 3933 3093 4002 ἀρᾶς.

1356 4045 1512 4118 Apud
1538 4046 1789 4102 eumdem
1816 4047 2232 4117 Theodoritum,
2269 4050 2412 4106 Dial.
2445 4065 2529 4114 ιιι,
2559 4066 2686 4122 pag.
2723 4050 2845 4105 156.

485 4156 756 4226 Eiusdem,
777 4175 843 4214 ea:
871 4163 1108 4246 oratione
1139 4164 1192 4246 in
1226 4165 1396 4221 illud:
1436 4187 1454 4218 ι
1477 4167 1731 4223 Dominus
1761 4171 1954 4226 creavit
1973 4189 2053 4229 me

880 4247 1091 4288 mitium
1115 4251 1320 4290 viarum
1347 4255 1585 4294 suarum.
1619 4259 1638 4292 ι

550 4347 682 4403 Nam
711 4349 873 4404 homo
906 4350 997 4420 qui
1029 4359 1280 4406 mortuus
1319 4360 1458 4419 erat,
1489 4353 1650 4409 tertia
1675 4356 1764 4411 die
1795 4373 2048 4413 resurre-

483 4442 578 4504 xit,
613 4451 666 4498 et
691 4441 872 4496 Maria:
891 4459 1012 4512 quae
1039 4445 1106 4498 ad
1137 4453 1327 4501 sancta
1360 4449 1604 4503 membra
1638 4450 1913 4520 tangenda
1931 4465 2046 4504 ma-

483 4554 586 4608 gna
609 4537 890 4592 alacritate
921 4535 1217 4606 ferebatur,
1249 4541 1535 4611 respondit
1559 4542 1604 4573 δι
1630 4562 1645 4597 ι
1683 4540 1811 4595 Noli
1836 4559 1915 4596 me
1936 4552 2049 4598 tan-

2156 4171 2265 4225 Τοῦ
2294 4169 2500 4236 αὑτοῦ,
2529 4171 2599 4224 ἐκ
2627 4169 2732 4223 τοῦ
2760 4170 2962 4239 λόγου
2981 4171 3067 4235 είς
3096 4170 3185 4224 τό·
3227 4188 3244 4220 ι
3281 4169 3492 4236 Κύριος
3517 4165 3721 4222 ἐκτισό

2532 4257 2609 4310 με
2638 4238 3020 4309 ἀρχὴνόδῶν
3051 4240 3255 4294 αὑτοῦ.
3305 4259 3322 4291 ι

2240 4354 2298 4407 '0
2324 4353 2611 4426 ἄνθρωπος
2645 4351 2750 4423 γάρ
2780 4353 2808 4405 6
2838 4350 3120 4406 ἀποθανὼν
3150 4353 3443 4423 τριήμερος
3471 4351 3567 4421 μὲν
3601 4349 3719 4403 ἀνί-

2155 4462 2365 4510 σταται,
2394 4447 2459 4516 τῇ
2501 4444 2558 4497 δὲ
2601 4443 2850 4517 Μαριὰμ,
2883 4447 3174 4515 καρτερίαν
3204 4444 3304 4514 μὲν
3333 4443 3525 4514 ψυῂς,
3559 4443 3724 4496 ἀπτε-

2155 4537 2278 4591 σθαι
2308 4536 2729 4608 προθυμουμένῃ
2752 4535 2858 4588 τῶν
2886 4537 3056 4606 ἁγίων
3088 4535 3282 4607 μελῶν,
3315 4534 3722 4602 ἀνθυπενέγκας

482 4646 638 4702 gere;
668 4628 898 4684 nondum
935 4632 1072 4685 enim
1111 4633 1323 4688 ascendi
1349 4634 1416 4687 ad
1447 4634 1664 4689 Patrem
1709 4653 1878 4691 meum
1907 4655 1926 4692 :
1957 4638 2048 4693 sed

2156 4627 2418 4698 ἐκφωνεῖο
2454 4625 2549 4692 Μή
2595 4644 2714 4695 μου
2762 4625 2987 4680 ἅπτου·
3024 4627 3187 4680 οὔπω
3239 4624 3347 4694 γὰρ
3390 4621 3724 4689 ἀναϐέϐηκα

483 4721 608 4778 vade
637 4721 706 4775 ad
738 4722 931 4789 fratres
991 4741 1152 4786 meos,
1183 4736 1233 4780 et
1277 4726 1362 4780 die
1391 4728 1466 4782 eis
1491 4747 1508 4782 :
1542 4729 1781 4784 Aseendo
1821 4731 1889 4783 ad
1939 4731 2049 4786 Pa-

483 4828 611 4871 trem
641 4830 811 4868 meum
841 4822 891 4868 et
937 4811 1150 4870 Patrem
1197 4827 1447 4883 vestrum,
1498 4828 1546 4871 et
1583 4818 1746 4872 Deum
1795 4838 1964 4876 meum
1998 4834 2047 4878 et

485 4913 648 4966 Deum
697 4919 946 4966 vestrum.
987 4910 1120 4964 Illud
1170 4909 1670 4967 autemzNondum
1722 4917 1934 4971 ascendi
1971 4919 2045 4972 ad

486 5004 697 5060 Patrem
713 5018 906 5066 meum,
929 5017 1038 5057 non
1061 5001 1198 5056 dixit
1219 5001 1459 5056 Verbum
1476 5011 1530 5057 et
1559 5001 1702 5058 Deus
1728 5007 1820 5075 qui
1851 5023 1881 5062 e
1906 5008 2047 5063 coelo

485 5093 836 5151 Jescenderat
877 5104 930 5148 et
967 5093 1020 5148 in
1055 5093 1179 5149 sinu
1227 5091 1406 5148 Patris
1445 5097 1784 5165 versabatur,
1821 5114 1923 5154 nec
1953 5083 2092 5154 δτι-⁸

485 5183 683 5253 pientia
716 5200 836 5255 quae
864 5199 953 5241 res
1005 5200 1197 5242 omnes
1230 5193 1443 5242 creatas
1475 5187 1754 5245 continet:
1806 5190 1899 5246 sed
1933 5190 2050 5260 ipse

488 5275 573 5346 qui
599 5291 664 5330 ex
692 5275 924 5333 diversis
960 5275 1224 5332 membris
1285 5287 1600 5348 compactus
1629 5290 1767 5344 erat,
1799 5281 1962 5338 homo
1995 5282 2052 5337 id

484 5367 740 5434 protulit;
771 5369 863 5438 qui
896 5384 962 5423 ex
975 5368 1207 5423 mortuis
1239 5380 1633 5435 resurrexerat,
1661 5379 1717 5426 et
1751 5371 1816 5425 ad
1830 5369 2047 5427 Patrem

483 5459 721 5515 nondum
751 5471 874 5530 post
909 5467 1138 5516 mortem
1183 5461 1427 5527 ‘abierat,
1459 5463 1562 5518 sibi
1619 5471 1800 5518 autem
1863 5463 2045 5520 ιιι-οἴε-

479 5551 678 5609 etionis
704 5553 976 5624 primitias
1006 5555 1343 5611 reservabat.

2156 4719 2307 4788 πρὸς
2351 4718 2458 4772 τὸν
2502 4718 2729 4786 Πατέρα
2760 4735 2912 4786 μου’
2961 4719 3217 4786 πορεύου
3267 4716 3335 4770 δὲ
3383 4715 3532 4786 πρὸς
3586 4715 3725 4781 τοὺς

2155 4810 2457 4878 ἀδελφούς
2479 4827 2616 4879 μου,
2652 4811 2747 4864 καὶ
2779 4808 2909 4863 εἰπὲ
2935 4808 3171 4875 αὐτοῖς·
3219 4809 3530 4864 Ἀναϐαίνω
3578 4808 3726 4876 πρὸς

2157 4902 2262 4955 τὸν
2293 4901 2522 4970 Πατέρα
2541 4919 2659 4970 μου
2693 4901 2790 4955 καί
2825 4901 3055 4969 Πατέρα
3086 4900 3270 4971 ὑμῶν,
3303 4900 3401 4953 καὶ
3437 4900 3584 4954 Θεόν
3605 4916 3724 4967 μου

2155 4993 2252 5047 καί
2288 4994 2434 5047 Θεὸν
2459 4993 2640 5063 ὑμῶν.
2675 4994 2749 5047 Τὸ
2776 4993 2851 5046 δέ·
2880 4994 3051 5047 Οὔπω
3077 4993 3414 5058 ἀναϐέϐηκα
3441 4990 3590 5059 πρὸς
3619 4989 3726 5043 τὸν

2154 5085 2383 5154 Πατέρα
2408 5104 2547 5155 μου,
2575 5087 2673 5157 οὐχ
2699 5087 2728 5138 6
2759 5087 2928 5154 Λόγος
2961 5085 3186 5155 ἔφασκε,
3213 5086 3306 5138 καὶ
3340 5084 3470 5145 Θεὸς
3505 5086 3532 5136 6
3563 5083 3725 5153 οὐρα-

2153 5178 2303 5232 νόθεν
2351 5179 2670 5252 ὁρμώμενος
2691 5220 2703 5243 ,
2735 5180 2829 5232 καὶ
2864 5182 2921 5233 ὲν
2970 5182 3079 5244 τοῖς
3127 5179 3344 5242 κόλποις
3375 5176 3724 5246 διαιτώμενος

2151 5272 2244 5326 τοῦ
2283 5273 2516 5346 Πατρὸς,
2574 5272 2682 5325 οὐδ’
2731 5274 2765 5343 ἡ
2818 5273 2992 5327 πάντα
3049 5273 3118 5327 τά
3154 5271 3355 5344 γενητά
3401 5271 3725 5342 περιέχουσα

2155 5364 2345 5433 Σοφία,
2375 5364 2488 5417 ἀλλ’
2524 5364 2683 5429 αὐτὸς
2721 5365 2750 5417 6
2803 5365 2866 5417 ἐκ
2897 5364 3250 5418 παντοδαπῶν
3285 5361 3725 5435 ὴρμολογημένος

2156 5457 2331 5527 μελῶν
2366 5456 2648 5528 ἄνθρωπος
2691 5455 2852 5510 τοῦτο
2882 5457 3180 5526 έπέφηνενο
3223 5459 3251 5510 ὁ
3280 5459 3342 5510 ὲκ
3375 5455 3483 5508 τῶν
3513 5450 3723 5522 νεκρῶν

2153 5546 2418 5619 ἐγερθεὶς.
2448 5549 2544 5601 καὶ
2569 5548 2780 5602 οὐδέπω
2811 5548 2908 5618 μὲν
2939 5547 3071 5620 πρὸς
3105 5551 3196 5604 τὸν
3226 5549 3442 5621 Πατέρα
3470 5547 3606 5618 μετά
3632 5544 3722 5596 τὸν

2154 5639 2380 5692 θάνατον
2405 5639 2664 5704 ἀνελθὼν,
2699 5641 3084 5711 ταμιευόμενος
3110 5641 3164 5695 δὲ
3186 5641 3334 5712 αὑτιῖι
3360 5641 3458 5710 τῆς
3496 5635 3722 5710 προόδου

2154 5732 2252 5802 τὴν
2283 5732 2558 5802 ἀπαρχήν.

549 5837 596 5871 τ’
622 5836 855 5910 Philipp.
887 5852 974 5904 ιιι,
1004 5837 1096 5910 20,
1148 5840 1238 5894 Ωιι
1278 5839 1325 5872 ⁸⁸
1349 5837 1481 5894 Luc.
1517 5855 1579 5906 ιι,
1613 5840 1676 5897 21
1716 5857 1867 5905 seqq.
1946 5845 1986 5876 ⁸¹
2019 5843 2052 5897 ,1

2154 5864 2180 5899 ι.
2212 5861 2306 5904 xx.
2341 5844 2435 5901 17.
