  <div class='ocr_page' id='page_1' title='image "/cluster/home/n/w/nwhite01/storage/ocr_20150623/18/coo.31924054872985/354.png"; bbox 0 0 4112 6420; ppageno 0'>
   <div class='ocr_carea' id='block_1_1' title="bbox 375 345 491 405">
    <p class='ocr_par' dir='ltr' id='par_1_1' title="bbox 375 345 491 405">
     <span class='ocr_line' id='line_1_1' title="bbox 375 345 491 405; baseline 0 -1"><span class='ocrx_word' id='word_1_1' title='bbox 375 345 491 405; x_wconf 68' lang='grc'><strong>’681</strong></span> 
     </span>
    </p>
   </div>
   <div class='ocr_carea' id='block_1_2' title="bbox 1792 339 2226 397">
    <p class='ocr_par' dir='ltr' id='par_1_2' title="bbox 1792 339 2226 397">
     <span class='ocr_line' id='line_1_2' title="bbox 1792 339 2226 397; baseline 0.002 -3"><span class='ocrx_word' id='word_1_2' title='bbox 1792 339 2226 397; x_wconf 70' lang='lat' dir='ltr'><strong>FRAGMENTA.</strong></span> 
     </span>
    </p>
   </div>
   <div class='ocr_carea' id='block_1_3' title="bbox 3505 343 3615 403">
    <p class='ocr_par' dir='ltr' id='par_1_3' title="bbox 3505 343 3615 403">
     <span class='ocr_line' id='line_1_3' title="bbox 3505 343 3615 403; baseline 0.045 -5"><span class='ocrx_word' id='word_1_3' title='bbox 3505 343 3615 403; x_wconf 65' lang='lat'><strong>083</strong></span> 
     </span>
    </p>
   </div>
   <div class='ocr_carea' id='block_1_4' title="bbox 1716 452 2264 521">
    <p class='ocr_par' dir='ltr' id='par_1_4' title="bbox 1716 452 2264 521">
     <span class='ocr_line' id='line_1_4' title="bbox 1716 452 2264 521; baseline 0.011 -13"><span class='ocrx_word' id='word_1_4' title='bbox 1716 452 1922 521; x_wconf 67' lang='lat' dir='ltr'><strong>latnt-zu,</strong></span> <span class='ocrx_word' id='word_1_5' title='bbox 1975 470 2090 512; x_wconf 69' lang='lat' dir='ltr'><strong>rso.</strong></span> <span class='ocrx_word' id='word_1_6' title='bbox 2140 455 2264 514; x_wconf 79' lang='grc'><strong>157,</strong></span> 
     </span>
    </p>
   </div>
   <div class='ocr_carea' id='block_1_5' title="bbox 675 569 1676 640">
    <p class='ocr_par' dir='ltr' id='par_1_5' title="bbox 675 569 1676 640">
     <span class='ocr_line' id='line_1_5' title="bbox 675 569 1676 640; baseline -0.01 -9"><span class='ocrx_word' id='word_1_7' title='bbox 675 571 790 632; x_wconf 81' lang='grc' dir='ltr'><strong>Τοῦ</strong></span> <span class='ocrx_word' id='word_1_8' title='bbox 807 573 1017 640; x_wconf 83' lang='grc' dir='ltr'>αὐτοῦ,</span> <span class='ocrx_word' id='word_1_9' title='bbox 1043 571 1115 627; x_wconf 69' lang='grc' dir='ltr'><strong>ἐκ</strong></span> <span class='ocrx_word' id='word_1_10' title='bbox 1134 570 1242 626; x_wconf 78' lang='grc' dir='ltr'><strong>τοῦ</strong></span> <span class='ocrx_word' id='word_1_11' title='bbox 1261 569 1446 626; x_wconf 82' lang='grc' dir='ltr'>αὐτοῦ</span> <span class='ocrx_word' id='word_1_12' title='bbox 1472 572 1676 639; x_wconf 69' lang='grc' dir='ltr'>λόγου.</span> 
     </span>
    </p>
   </div>
   <div class='ocr_carea' id='block_1_6' title="bbox 460 659 1953 742">
    <p class='ocr_par' dir='ltr' id='par_1_6' title="bbox 460 659 1953 742">
     <span class='ocr_line' id='line_1_6' title="bbox 460 659 1953 742; baseline -0.01 -16"><span class='ocrx_word' id='word_1_13' title='bbox 460 669 666 742; x_wconf 81' lang='grc' dir='ltr'>Κύριον</span> <span class='ocrx_word' id='word_1_14' title='bbox 698 668 754 723; x_wconf 83' lang='grc' dir='ltr'>δὲ</span> <span class='ocrx_word' id='word_1_15' title='bbox 776 667 877 739; x_wconf 85' lang='grc' dir='ltr'>τῆς</span> <span class='ocrx_word' id='word_1_16' title='bbox 899 665 1056 736; x_wconf 83' lang='grc' dir='ltr'>δόξης</span> <span class='ocrx_word' id='word_1_17' title='bbox 1077 664 1237 718; x_wconf 78' lang='grc' dir='ltr'>αὐτὸν</span> <span class='ocrx_word' id='word_1_18' title='bbox 1257 663 1346 716; x_wconf 88' lang='grc' dir='ltr'>τὸν</span> <span class='ocrx_word' id='word_1_19' title='bbox 1373 662 1650 732; x_wconf 78' lang='grc' dir='ltr'>ἄνθρωπον</span> <span class='ocrx_word' id='word_1_20' title='bbox 1679 659 1770 713; x_wconf 80' lang='grc' dir='ltr'>τὸν</span> <span class='ocrx_word' id='word_1_21' title='bbox 1792 675 1953 713; x_wconf 69' lang='grc' dir='ltr'>σταυ-</span> 
     </span>
    </p>
   </div>
   <div class='ocr_carea' id='block_1_7' title="bbox 389 750 1950 834">
    <p class='ocr_par' dir='ltr' id='par_1_7' title="bbox 389 750 1950 834">
     <span class='ocr_line' id='line_1_7' title="bbox 389 750 1950 834; baseline -0.009 -18"><span class='ocrx_word' id='word_1_22' title='bbox 389 761 635 834; x_wconf 84' lang='grc' dir='ltr'>ρωθέντα</span> <span class='ocrx_word' id='word_1_23' title='bbox 659 759 843 828; x_wconf 81' lang='grc' dir='ltr'><strong>σαφῶς</strong></span> <span class='ocrx_word' id='word_1_24' title='bbox 867 757 1138 828; x_wconf 79' lang='grc' dir='ltr'><strong>ὀνομάζει,</strong></span> <span class='ocrx_word' id='word_1_25' title='bbox 1154 754 1396 825; x_wconf 75' lang='grc' dir='ltr'>γράφωνο</span> <span class='ocrx_word' id='word_1_26' title='bbox 1423 751 1606 823; x_wconf 79' lang='grc' dir='ltr'>ἐπειδὴ</span> <span class='ocrx_word' id='word_1_27' title='bbox 1629 752 1722 805; x_wconf 75' lang='grc' dir='ltr'><strong>καὶ</strong></span> <span class='ocrx_word' id='word_1_28' title='bbox 1751 750 1950 821; x_wconf 79' lang='grc' dir='ltr'><strong>Κύριον</strong></span> 
     </span>
    </p>
   </div>
   <div class='ocr_carea' id='block_1_8' title="bbox 391 841 1952 926">
    <p class='ocr_par' dir='ltr' id='par_1_8' title="bbox 391 841 1952 926">
     <span class='ocr_line' id='line_1_8' title="bbox 391 841 1952 926; baseline -0.01 -18"><span class='ocrx_word' id='word_1_29' title='bbox 391 856 485 908; x_wconf 73' lang='grc' dir='ltr'><strong>καὶ</strong></span> <span class='ocrx_word' id='word_1_30' title='bbox 520 853 750 926; x_wconf 84' lang='grc' dir='ltr'>Χριστὸν</span> <span class='ocrx_word' id='word_1_31' title='bbox 787 850 1052 916; x_wconf 73' lang='grc' dir='ltr'><strong>ἀνέδειξεν</strong></span> <span class='ocrx_word' id='word_1_32' title='bbox 1082 848 1265 908; x_wconf 81' lang='grc' dir='ltr'>αὐτὸν,</span> <span class='ocrx_word' id='word_1_33' title='bbox 1292 843 1542 915; x_wconf 84' lang='grc' dir='ltr'>καθάπερ</span> <span class='ocrx_word' id='word_1_34' title='bbox 1577 845 1627 896; x_wconf 80' lang='grc' dir='ltr'>οἱ</span> <span class='ocrx_word' id='word_1_35' title='bbox 1669 841 1952 895; x_wconf 84' lang='grc' dir='ltr'><strong>ἀπόστολοι</strong></span> 
     </span>
    </p>
   </div>
   <div class='ocr_carea' id='block_1_9' title="bbox 390 929 1950 1015">
    <p class='ocr_par' dir='ltr' id='par_1_9' title="bbox 390 929 1950 1015">
     <span class='ocr_line' id='line_1_9' title="bbox 390 929 1950 1015; baseline -0.011 -18"><span class='ocrx_word' id='word_1_36' title='bbox 390 943 469 1015; x_wconf 84' lang='grc' dir='ltr'><strong>τῷ</strong></span> <span class='ocrx_word' id='word_1_37' title='bbox 503 940 743 1014; x_wconf 78' lang='grc' dir='ltr'>αἰσθητῷ</span> <span class='ocrx_word' id='word_1_38' title='bbox 784 939 996 1013; x_wconf 82' lang='grc' dir='ltr'>Ἰσραὴλ</span> <span class='ocrx_word' id='word_1_39' title='bbox 1031 935 1324 1008; x_wconf 81' lang='grc' dir='ltr'><strong>ὁμοφώνως</strong></span> <span class='ocrx_word' id='word_1_40' title='bbox 1359 933 1724 1002; x_wconf 84' lang='grc' dir='ltr'>διαλεγόμενοι</span> <span class='ocrx_word' id='word_1_41' title='bbox 1757 929 1950 1000; x_wconf 85' lang='grc' dir='ltr'>φασίν·</span> 
     </span>
    </p>
   </div>
   <div class='ocr_carea' id='block_1_10' title="bbox 407 1020 1958 1104">
    <p class='ocr_par' dir='ltr' id='par_1_10' title="bbox 407 1020 1958 1104">
     <span class='ocr_line' id='line_1_10' title="bbox 407 1020 1958 1104; baseline -0.011 -14"><span class='ocrx_word' id='word_1_42' title='bbox 407 1033 706 1104; x_wconf 67' lang='grc' dir='ltr'>Ἀσφαλῶς</span> <span class='ocrx_word' id='word_1_43' title='bbox 742 1029 854 1089; x_wconf 78' lang='grc' dir='ltr'>οὖν</span> <span class='ocrx_word' id='word_1_44' title='bbox 882 1029 1216 1102; x_wconf 73' lang='grc' dir='ltr'><strong>γινωσκέτω</strong></span> <span class='ocrx_word' id='word_1_45' title='bbox 1242 1026 1359 1093; x_wconf 81' lang='grc' dir='ltr'>πᾶς</span> <span class='ocrx_word' id='word_1_46' title='bbox 1384 1023 1545 1090; x_wconf 75' lang='grc' dir='ltr'>οἶκος</span> <span class='ocrx_word' id='word_1_47' title='bbox 1581 1020 1838 1090; x_wconf 81' lang='grc' dir='ltr'>Ἰσραὴλ,</span> <span class='ocrx_word' id='word_1_48' title='bbox 1869 1020 1958 1074; x_wconf 85' lang='grc' dir='ltr'>ὅτι</span> 
     </span>
    </p>
   </div>
   <div class='ocr_carea' id='block_1_11' title="bbox 396 1110 1958 1195">
    <p class='ocr_par' dir='ltr' id='par_1_11' title="bbox 396 1110 1958 1195">
     <span class='ocr_line' id='line_1_11' title="bbox 396 1110 1958 1195; baseline -0.012 -13"><span class='ocrx_word' id='word_1_49' title='bbox 396 1129 614 1195; x_wconf 82' lang='grc' dir='ltr'><strong>Κύριον</strong></span> <span class='ocrx_word' id='word_1_50' title='bbox 651 1125 834 1180; x_wconf 84' lang='grc' dir='ltr'>αὐτὸν</span> <span class='ocrx_word' id='word_1_51' title='bbox 869 1124 967 1176; x_wconf 79' lang='grc' dir='ltr'><strong>καὶ</strong></span> <span class='ocrx_word' id='word_1_52' title='bbox 999 1119 1256 1190; x_wconf 77' lang='grc' dir='ltr'>Χριστὸν</span> <span class='ocrx_word' id='word_1_53' title='bbox 1283 1121 1316 1173; x_wconf 85' lang='grc' dir='ltr'><em>ὀ</em></span> <span class='ocrx_word' id='word_1_54' title='bbox 1343 1117 1485 1182; x_wconf 77' lang='grc' dir='ltr'>Θεὸς</span> <span class='ocrx_word' id='word_1_55' title='bbox 1519 1115 1786 1181; x_wconf 76' lang='grc' dir='ltr'>ἐποίησε,</span> <span class='ocrx_word' id='word_1_56' title='bbox 1822 1110 1958 1165; x_wconf 77' lang='grc' dir='ltr'>τοῦ·</span> 
     </span>
    </p>
   </div>
   <div class='ocr_carea' id='block_1_12' title="bbox 396 1204 1956 1286">
    <p class='ocr_par' dir='ltr' id='par_1_12' title="bbox 396 1204 1956 1286">
     <span class='ocr_line' id='line_1_12' title="bbox 396 1204 1956 1286; baseline -0.011 -13"><span class='ocrx_word' id='word_1_57' title='bbox 396 1236 501 1272; x_wconf 81' lang='grc' dir='ltr'><strong>τον</strong></span> <span class='ocrx_word' id='word_1_58' title='bbox 527 1217 635 1272; x_wconf 82' lang='grc' dir='ltr'>τὸν</span> <span class='ocrx_word' id='word_1_59' title='bbox 674 1216 904 1286; x_wconf 83' lang='grc' dir='ltr'><strong>Ἰησοῦν</strong></span> <span class='ocrx_word' id='word_1_60' title='bbox 933 1216 1004 1268; x_wconf 81' lang='grc' dir='ltr'>ὃν</span> <span class='ocrx_word' id='word_1_61' title='bbox 1041 1212 1209 1284; x_wconf 79' lang='grc' dir='ltr'>ὑμεῖς</span> <span class='ocrx_word' id='word_1_62' title='bbox 1239 1208 1673 1277; x_wconf 75' lang='grc' dir='ltr'><strong>ἐσταυρώσατε,</strong></span> <span class='ocrx_word' id='word_1_63' title='bbox 1717 1204 1818 1257; x_wconf 79' lang='grc' dir='ltr'><strong>Τὸν</strong></span> <span class='ocrx_word' id='word_1_64' title='bbox 1848 1220 1956 1257; x_wconf 80' lang='grc' dir='ltr'>,πα-</span> 
     </span>
    </p>
   </div>
   <div class='ocr_carea' id='block_1_13' title="bbox 398 1293 1957 1381">
    <p class='ocr_par' dir='ltr' id='par_1_13' title="bbox 398 1293 1957 1381">
     <span class='ocr_line' id='line_1_13' title="bbox 398 1293 1957 1381; baseline -0.012 -17"><span class='ocrx_word' id='word_1_65' title='bbox 398 1310 558 1364; x_wconf 89' lang='grc' dir='ltr'>θόντα</span> <span class='ocrx_word' id='word_1_66' title='bbox 588 1308 870 1381; x_wconf 79' lang='grc' dir='ltr'><strong>τοιγαροῦν</strong></span> <span class='ocrx_word' id='word_1_67' title='bbox 912 1305 1117 1377; x_wconf 79' lang='grc' dir='ltr'>Ἰησοῦν</span> <span class='ocrx_word' id='word_1_68' title='bbox 1142 1302 1344 1374; x_wconf 79' lang='grc' dir='ltr'>Κύριον</span> <span class='ocrx_word' id='word_1_69' title='bbox 1375 1299 1620 1370; x_wconf 76' lang='grc' dir='ltr'>ἐποίησε,</span> <span class='ocrx_word' id='word_1_70' title='bbox 1647 1296 1742 1350; x_wconf 63' lang='grc' dir='ltr'><strong>καὶ¹</strong></span> <span class='ocrx_word' id='word_1_71' title='bbox 1773 1295 1830 1348; x_wconf 82' lang='grc' dir='ltr'>οὑ</span> <span class='ocrx_word' id='word_1_72' title='bbox 1860 1293 1957 1365; x_wconf 79' lang='grc' dir='ltr'>τὴν</span> 
     </span>
    </p>
   </div>
   <div class='ocr_carea' id='block_1_14' title="bbox 401 1385 1958 1473">
    <p class='ocr_par' dir='ltr' id='par_1_14' title="bbox 401 1385 1958 1473">
     <span class='ocr_line' id='line_1_14' title="bbox 401 1385 1958 1473; baseline -0.012 -17"><span class='ocrx_word' id='word_1_73' title='bbox 401 1404 592 1473; x_wconf 84' lang='grc' dir='ltr'>σοφίαν</span> <span class='ocrx_word' id='word_1_74' title='bbox 641 1403 761 1456; x_wconf 81' lang='grc' dir='ltr'>οὐδὲ</span> <span class='ocrx_word' id='word_1_75' title='bbox 811 1401 900 1454; x_wconf 83' lang='grc' dir='ltr'>τὸν</span> <span class='ocrx_word' id='word_1_76' title='bbox 953 1398 1121 1467; x_wconf 85' lang='grc' dir='ltr'><strong>Λόγον</strong></span> <span class='ocrx_word' id='word_1_77' title='bbox 1168 1395 1259 1450; x_wconf 82' lang='grc' dir='ltr'>τὸν</span> <span class='ocrx_word' id='word_1_78' title='bbox 1315 1390 1573 1450; x_wconf 80' lang='grc' dir='ltr'>ἀνέκαθεν</span> <span class='ocrx_word' id='word_1_79' title='bbox 1624 1388 1810 1459; x_wconf 77' lang='grc' dir='ltr'>ἔχοντα</span> <span class='ocrx_word' id='word_1_80' title='bbox 1860 1385 1958 1455; x_wconf 77' lang='grc' dir='ltr'>τῆς</span> 
     </span>
    </p>
   </div>
   <div class='ocr_carea' id='block_1_15' title="bbox 398 1474 1958 1562">
    <p class='ocr_par' dir='ltr' id='par_1_15' title="bbox 398 1474 1958 1562">
     <span class='ocr_line' id='line_1_15' title="bbox 398 1474 1958 1562; baseline -0.012 -17"><span class='ocrx_word' id='word_1_81' title='bbox 398 1491 709 1555; x_wconf 81' lang='grc' dir='ltr'><strong>δεσποτείας</strong></span> <span class='ocrx_word' id='word_1_82' title='bbox 731 1491 790 1545; x_wconf 85' lang='grc' dir='ltr'>τὺ</span> <span class='ocrx_word' id='word_1_83' title='bbox 812 1490 1030 1562; x_wconf 86' lang='grc' dir='ltr'>κράτος.</span> <span class='ocrx_word' id='word_1_84' title='bbox 1052 1485 1185 1543; x_wconf 81' lang='grc' dir='ltr'><strong>ἀλλά</strong></span> <span class='ocrx_word' id='word_1_85' title='bbox 1207 1485 1298 1538; x_wconf 79' lang='grc' dir='ltr'>τὸν</span> <span class='ocrx_word' id='word_1_86' title='bbox 1327 1482 1617 1554; x_wconf 71' lang='grc' dir='ltr'>μετέωρον,</span> <span class='ocrx_word' id='word_1_87' title='bbox 1640 1477 1716 1550; x_wconf 80' lang='grc' dir='ltr'>τῷ</span> <span class='ocrx_word' id='word_1_88' title='bbox 1744 1474 1958 1547; x_wconf 81' lang='grc' dir='ltr'>σταυρῷ</span> 
     </span>
    </p>
   </div>
   <div class='ocr_carea' id='block_1_16' title="bbox 401 1579 1282 1655">
    <p class='ocr_par' dir='ltr' id='par_1_16' title="bbox 401 1579 1282 1655">
     <span class='ocr_line' id='line_1_16' title="bbox 401 1579 1282 1655; baseline -0.001 -19"><span class='ocrx_word' id='word_1_89' title='bbox 401 1583 914 1655; x_wconf 82' lang='grc' dir='ltr'>προσεκπετάσαντα</span> <span class='ocrx_word' id='word_1_90' title='bbox 947 1579 1046 1644; x_wconf 82' lang='grc' dir='ltr'><strong>τὰς</strong></span> <span class='ocrx_word' id='word_1_91' title='bbox 1075 1580 1282 1653; x_wconf 72' lang='grc' dir='ltr'>χεῖρας,</span> 
     </span>
    </p>
   </div>
   <div class='ocr_carea' id='block_1_17' title="bbox 2407 565 3259 635">
    <p class='ocr_par' dir='ltr' id='par_1_17' title="bbox 2407 565 3259 635">
     <span class='ocr_line' id='line_1_17' title="bbox 2407 565 3259 635; baseline 0.001 -15"><span class='ocrx_word' id='word_1_92' title='bbox 2407 566 2678 635; x_wconf 75' lang='lat' dir='ltr'><strong>Ejusdem,</strong></span> <span class='ocrx_word' id='word_1_93' title='bbox 2707 580 2771 621; x_wconf 77' lang='lat' dir='ltr'><strong>ea:</strong></span> <span class='ocrx_word' id='word_1_94' title='bbox 2795 565 2974 621; x_wconf 83' lang='lat' dir='ltr'><strong>eadem</strong></span> <span class='ocrx_word' id='word_1_95' title='bbox 3003 567 3259 622; x_wconf 77' lang='lat' dir='ltr'><strong>oratione.</strong></span> 
     </span>
    </p>
   </div>
   <div class='ocr_carea' id='block_1_18' title="bbox 2133 657 3612 728">
    <p class='ocr_par' dir='ltr' id='par_1_18' title="bbox 2133 657 3612 728">
     <span class='ocr_line' id='line_1_18' title="bbox 2133 657 3612 728; baseline 0.003 -16"><span class='ocrx_word' id='word_1_96' title='bbox 2133 657 2418 713; x_wconf 89' lang='lat' dir='ltr'><strong>Dominum</strong></span> <span class='ocrx_word' id='word_1_97' title='bbox 2448 674 2574 713; x_wconf 86' lang='lat' dir='ltr'><strong>vero</strong></span> <span class='ocrx_word' id='word_1_98' title='bbox 2601 658 2786 728; x_wconf 67' lang='lat' dir='ltr'><strong>gloriae</strong></span> <span class='ocrx_word' id='word_1_99' title='bbox 2837 658 3014 728; x_wconf 91' lang='lat' dir='ltr'><strong>ipsum</strong></span> <span class='ocrx_word' id='word_1_100' title='bbox 3063 659 3338 716; x_wconf 88' lang='lat' dir='ltr'><strong>hominem</strong></span> <span class='ocrx_word' id='word_1_101' title='bbox 3392 663 3612 718; x_wconf 77' lang='lat' dir='ltr'><strong>crucifi-</strong></span> 
     </span>
    </p>
   </div>
   <div class='ocr_carea' id='block_1_19' title="bbox 2057 747 3614 819">
    <p class='ocr_par' dir='ltr' id='par_1_19' title="bbox 2057 747 3614 819">
     <span class='ocr_line' id='line_1_19' title="bbox 2057 747 3614 819; baseline 0.001 -13"><span class='ocrx_word' id='word_1_102' title='bbox 2057 766 2185 806; x_wconf 81' lang='lat' dir='ltr'><strong>xum</strong></span> <span class='ocrx_word' id='word_1_103' title='bbox 2213 749 2415 805; x_wconf 89' lang='lat' dir='ltr'><strong>diserte</strong></span> <span class='ocrx_word' id='word_1_104' title='bbox 2441 750 2685 804; x_wconf 90' lang='lat' dir='ltr'><strong>nominat</strong></span> <span class='ocrx_word' id='word_1_105' title='bbox 2715 749 2990 812; x_wconf 82' lang='lat' dir='ltr'><strong>scribens,</strong></span> <span class='ocrx_word' id='word_1_106' title='bbox 3022 749 3148 819; x_wconf 84' lang='lat' dir='ltr'><strong>quia</strong></span> <span class='ocrx_word' id='word_1_107' title='bbox 3176 761 3230 805; x_wconf 89' lang='lat' dir='ltr'><strong>et</strong></span> <span class='ocrx_word' id='word_1_108' title='bbox 3253 747 3538 807; x_wconf 88' lang='lat' dir='ltr'><strong>Dominum</strong></span> <span class='ocrx_word' id='word_1_109' title='bbox 3560 763 3614 808; x_wconf 89' lang='lat' dir='ltr'><strong>et</strong></span> 
     </span>
    </p>
   </div>
   <div class='ocr_carea' id='block_1_20' title="bbox 2055 841 3614 912">
    <p class='ocr_par' dir='ltr' id='par_1_20' title="bbox 2055 841 3614 912">
     <span class='ocr_line' id='line_1_20' title="bbox 2055 841 3614 912; baseline 0.002 -15"><span class='ocrx_word' id='word_1_110' title='bbox 2055 842 2330 897; x_wconf 67' lang='lat' dir='ltr'><strong>Christum</strong></span> <span class='ocrx_word' id='word_1_111' title='bbox 2365 841 2661 897; x_wconf 79' lang='lat' dir='ltr'><strong>declaravit</strong></span> <span class='ocrx_word' id='word_1_112' title='bbox 2692 841 2890 910; x_wconf 87' lang='lat' dir='ltr'><strong>ipsum,</strong></span> <span class='ocrx_word' id='word_1_113' title='bbox 2930 842 3074 895; x_wconf 89' lang='lat' dir='ltr'><strong>sicut</strong></span> <span class='ocrx_word' id='word_1_114' title='bbox 3124 842 3355 912; x_wconf 84' lang='lat' dir='ltr'><strong>apostoli</strong></span> <span class='ocrx_word' id='word_1_115' title='bbox 3383 859 3494 899; x_wconf 91' lang='lat' dir='ltr'><strong>uno</strong></span> <span class='ocrx_word' id='word_1_116' title='bbox 3520 859 3614 900; x_wconf 78' lang='lat' dir='ltr'><strong>ore.</strong></span> 
     </span>
    </p>
   </div>
   <div class='ocr_carea' id='block_1_21' title="bbox 2059 931 3616 1006">
    <p class='ocr_par' dir='ltr' id='par_1_21' title="bbox 2059 931 3616 1006">
     <span class='ocr_line' id='line_1_21' title="bbox 2059 931 3616 1006; baseline 0.002 -19"><span class='ocrx_word' id='word_1_117' title='bbox 2059 935 2125 988; x_wconf 91' lang='lat' dir='ltr'><strong>ad</strong></span> <span class='ocrx_word' id='word_1_118' title='bbox 2153 934 2411 1004; x_wconf 84' lang='lat' dir='ltr'><strong>populum</strong></span> <span class='ocrx_word' id='word_1_119' title='bbox 2453 932 2620 990; x_wconf 84' lang='lat' dir='ltr'><strong>Israel</strong></span> <span class='ocrx_word' id='word_1_120' title='bbox 2648 931 2839 988; x_wconf 91' lang='lat' dir='ltr'><strong>dicunt</strong></span> <span class='ocrx_word' id='word_1_121' title='bbox 2865 931 2910 963; x_wconf 82' lang='grc'>⁸³</span> <span class='ocrx_word' id='word_1_122' title='bbox 2939 950 2953 986; x_wconf 87' lang='lat'><strong>:</strong></span> <span class='ocrx_word' id='word_1_123' title='bbox 3000 931 3301 990; x_wconf 86' lang='lat' dir='ltr'><strong>Certissime</strong></span> <span class='ocrx_word' id='word_1_124' title='bbox 3327 935 3460 988; x_wconf 87' lang='lat' dir='ltr'><strong>sciat</strong></span> <span class='ocrx_word' id='word_1_125' title='bbox 3492 953 3616 1006; x_wconf 86' lang='lat' dir='ltr'><strong>ergo</strong></span> 
     </span>
    </p>
   </div>
   <div class='ocr_carea' id='block_1_22' title="bbox 2061 1026 3616 1099">
    <p class='ocr_par' dir='ltr' id='par_1_22' title="bbox 2061 1026 3616 1099">
     <span class='ocr_line' id='line_1_22' title="bbox 2061 1026 3616 1099; baseline 0.001 -18"><span class='ocrx_word' id='word_1_126' title='bbox 2061 1027 2230 1081; x_wconf 83' lang='lat' dir='ltr'><strong>omnis</strong></span> <span class='ocrx_word' id='word_1_127' title='bbox 2252 1027 2444 1082; x_wconf 85' lang='lat' dir='ltr'><strong>domus</strong></span> <span class='ocrx_word' id='word_1_128' title='bbox 2469 1026 2663 1092; x_wconf 83' lang='lat' dir='ltr'><strong>Israel,</strong></span> <span class='ocrx_word' id='word_1_129' title='bbox 2688 1028 2830 1099; x_wconf 81' lang='lat' dir='ltr'><strong>quod</strong></span> <span class='ocrx_word' id='word_1_130' title='bbox 2855 1036 2905 1081; x_wconf 86' lang='lat' dir='ltr'><strong>et</strong></span> <span class='ocrx_word' id='word_1_131' title='bbox 2934 1026 3216 1083; x_wconf 78' lang='lat' dir='ltr'><strong>Dominum</strong></span> <span class='ocrx_word' id='word_1_132' title='bbox 3241 1043 3361 1081; x_wconf 81' lang='lat' dir='ltr'><strong>cum</strong></span> <span class='ocrx_word' id='word_1_133' title='bbox 3383 1037 3433 1082; x_wconf 87' lang='lat' dir='ltr'><strong>et</strong></span> <span class='ocrx_word' id='word_1_134' title='bbox 3458 1029 3616 1084; x_wconf 82' lang='lat' dir='ltr'><strong>Chri-</strong></span> 
     </span>
    </p>
   </div>
   <div class='ocr_carea' id='block_1_23' title="bbox 2058 1116 3611 1189">
    <p class='ocr_par' dir='ltr' id='par_1_23' title="bbox 2058 1116 3611 1189">
     <span class='ocr_line' id='line_1_23' title="bbox 2058 1116 3611 1189; baseline 0.003 -19"><span class='ocrx_word' id='word_1_135' title='bbox 2058 1126 2196 1170; x_wconf 78' lang='lat' dir='ltr'><strong>stum</strong></span> <span class='ocrx_word' id='word_1_136' title='bbox 2220 1116 2342 1189; x_wconf 74' lang='lat' dir='ltr'><strong>fecit</strong></span> <span class='ocrx_word' id='word_1_137' title='bbox 2376 1116 2537 1182; x_wconf 67' lang='lat' dir='ltr'><strong>Deus,</strong></span> <span class='ocrx_word' id='word_1_138' title='bbox 2577 1116 2713 1175; x_wconf 77' lang='lat' dir='ltr'><strong>hunc</strong></span> <span class='ocrx_word' id='word_1_139' title='bbox 2745 1116 2927 1173; x_wconf 86' lang='lat' dir='ltr'><strong>Jesum</strong></span> <span class='ocrx_word' id='word_1_140' title='bbox 2958 1133 3109 1186; x_wconf 80' lang='lat' dir='ltr'><strong>quem</strong></span> <span class='ocrx_word' id='word_1_141' title='bbox 3141 1133 3228 1172; x_wconf 81' lang='lat' dir='ltr'><strong>vos</strong></span> <span class='ocrx_word' id='word_1_142' title='bbox 3249 1119 3611 1188; x_wconf 72' lang='lat' dir='ltr'><strong>cruciﬁxistis.</strong></span> 
     </span>
    </p>
   </div>
   <div class='ocr_carea' id='block_1_24' title="bbox 2052 1199 3612 1275">
    <p class='ocr_par' dir='ltr' id='par_1_24' title="bbox 2052 1199 3612 1275">
     <span class='ocr_line' id='line_1_24' title="bbox 2052 1199 3612 1275; baseline 0.006 -19"><span class='ocrx_word' id='word_1_143' title='bbox 2052 1199 2238 1256; x_wconf 89' lang='lat' dir='ltr'><strong>Jesum</strong></span> <span class='ocrx_word' id='word_1_144' title='bbox 2269 1203 2433 1275; x_wconf 77' lang='lat' dir='ltr'><strong>igitur</strong></span> <span class='ocrx_word' id='word_1_145' title='bbox 2455 1203 2546 1273; x_wconf 90' lang='lat' dir='ltr'><strong>qui</strong></span> <span class='ocrx_word' id='word_1_146' title='bbox 2577 1217 2774 1274; x_wconf 90' lang='lat' dir='ltr'><strong>passus</strong></span> <span class='ocrx_word' id='word_1_147' title='bbox 2798 1217 2900 1269; x_wconf 90' lang='lat' dir='ltr'><strong>est,</strong></span> <span class='ocrx_word' id='word_1_148' title='bbox 2930 1203 3217 1266; x_wconf 88' lang='lat' dir='ltr'><strong>Dominum</strong></span> <span class='ocrx_word' id='word_1_149' title='bbox 3245 1206 3395 1272; x_wconf 78' lang='lat' dir='ltr'><strong>fecit,</strong></span> <span class='ocrx_word' id='word_1_150' title='bbox 3428 1217 3483 1264; x_wconf 90' lang='lat' dir='ltr'><strong>et</strong></span> <span class='ocrx_word' id='word_1_151' title='bbox 3503 1225 3612 1266; x_wconf 89' lang='lat' dir='ltr'><strong>non</strong></span> 
     </span>
    </p>
   </div>
   <div class='ocr_carea' id='block_1_25' title="bbox 2057 1291 3610 1372">
    <p class='ocr_par' dir='ltr' id='par_1_25' title="bbox 2057 1291 3610 1372">
     <span class='ocr_line' id='line_1_25' title="bbox 2057 1291 3610 1372; baseline 0.006 -25"><span class='ocrx_word' id='word_1_152' title='bbox 2057 1291 2387 1366; x_wconf 86' lang='lat' dir='ltr'><strong>Sapientiam</strong></span> <span class='ocrx_word' id='word_1_153' title='bbox 2419 1311 2595 1365; x_wconf 90' lang='lat' dir='ltr'><strong>neque</strong></span> <span class='ocrx_word' id='word_1_154' title='bbox 2626 1293 2860 1350; x_wconf 83' lang='lat' dir='ltr'><strong>Verbum</strong></span> <span class='ocrx_word' id='word_1_155' title='bbox 2897 1297 3043 1365; x_wconf 89' lang='lat' dir='ltr'><strong>quod</strong></span> <span class='ocrx_word' id='word_1_156' title='bbox 3075 1297 3144 1352; x_wconf 87' lang='lat' dir='ltr'><strong>ab</strong></span> <span class='ocrx_word' id='word_1_157' title='bbox 3191 1301 3341 1359; x_wconf 85' lang='lat' dir='ltr'><strong>omni</strong></span> <span class='ocrx_word' id='word_1_158' title='bbox 3370 1303 3610 1372; x_wconf 86' lang='lat' dir='ltr'><strong>antiqui-</strong></span> 
     </span>
    </p>
   </div>
   <div class='ocr_carea' id='block_1_26' title="bbox 2055 1385 3609 1460">
    <p class='ocr_par' dir='ltr' id='par_1_26' title="bbox 2055 1385 3609 1460">
     <span class='ocr_line' id='line_1_26' title="bbox 2055 1385 3609 1460; baseline 0.008 -22"><span class='ocrx_word' id='word_1_159' title='bbox 2055 1392 2165 1440; x_wconf 87' lang='lat' dir='ltr'><strong>tate</strong></span> <span class='ocrx_word' id='word_1_160' title='bbox 2209 1385 2300 1454; x_wconf 84' lang='lat' dir='ltr'><strong>jus</strong></span> <span class='ocrx_word' id='word_1_161' title='bbox 2327 1385 2489 1442; x_wconf 82' lang='lat' dir='ltr'><strong>habet</strong></span> <span class='ocrx_word' id='word_1_162' title='bbox 2518 1387 2784 1456; x_wconf 84' lang='lat' dir='ltr'><strong>dominii;</strong></span> <span class='ocrx_word' id='word_1_163' title='bbox 2837 1387 2935 1446; x_wconf 87' lang='lat' dir='ltr'><strong>sed</strong></span> <span class='ocrx_word' id='word_1_164' title='bbox 2967 1404 3091 1442; x_wconf 93' lang='lat' dir='ltr'><strong>eum</strong></span> <span class='ocrx_word' id='word_1_165' title='bbox 3139 1391 3235 1460; x_wconf 86' lang='lat' dir='ltr'><strong>qui</strong></span> <span class='ocrx_word' id='word_1_166' title='bbox 3281 1391 3338 1447; x_wconf 92' lang='lat' dir='ltr'><strong>in</strong></span> <span class='ocrx_word' id='word_1_167' title='bbox 3375 1394 3609 1455; x_wconf 83' lang='lat' dir='ltr'><strong>sublimo</strong></span> 
     </span>
    </p>
   </div>
   <div class='ocr_carea' id='block_1_27' title="bbox 2057 1481 3250 1557">
    <p class='ocr_par' dir='ltr' id='par_1_27' title="bbox 2057 1481 3250 1557">
     <span class='ocr_line' id='line_1_27' title="bbox 2057 1481 3250 1557; baseline 0.004 -25"><span class='ocrx_word' id='word_1_168' title='bbox 2057 1486 2214 1536; x_wconf 86' lang='lat' dir='ltr'><strong>actus</strong></span> <span class='ocrx_word' id='word_1_169' title='bbox 2243 1485 2348 1544; x_wconf 72' lang='lat' dir='ltr'><strong>est,</strong></span> <span class='ocrx_word' id='word_1_170' title='bbox 2381 1487 2436 1535; x_wconf 90' lang='lat' dir='ltr'><strong>et</strong></span> <span class='ocrx_word' id='word_1_171' title='bbox 2465 1493 2660 1538; x_wconf 86' lang='lat' dir='ltr'><strong>manus</strong></span> <span class='ocrx_word' id='word_1_172' title='bbox 2685 1481 2942 1557; x_wconf 76' lang='lat' dir='ltr'><strong>expandit</strong></span> <span class='ocrx_word' id='word_1_173' title='bbox 2973 1481 3030 1542; x_wconf 84' lang='lat' dir='ltr'><strong>in</strong></span> <span class='ocrx_word' id='word_1_174' title='bbox 3066 1495 3250 1544; x_wconf 82' lang='lat' dir='ltr'><strong>cruce,</strong></span> 
     </span>
    </p>
   </div>
   <div class='ocr_carea' id='block_1_28' title="bbox 1899 1678 2104 1736">
    <p class='ocr_par' dir='ltr' id='par_1_28' title="bbox 1899 1678 2104 1736">
     <span class='ocr_line' id='line_1_28' title="bbox 1899 1678 2104 1736; baseline 0.02 -4"><span class='ocrx_word' id='word_1_175' title='bbox 1899 1678 2104 1736; x_wconf 61' lang='lat' dir='ltr'><strong>Iamsi.</strong></span> 
     </span>
    </p>
   </div>
   <div class='ocr_carea' id='block_1_29' title="bbox 661 1799 1686 1870">
    <p class='ocr_par' dir='ltr' id='par_1_29' title="bbox 661 1799 1686 1870">
     <span class='ocr_line' id='line_1_29' title="bbox 661 1799 1686 1870; baseline -0.013 -6"><span class='ocrx_word' id='word_1_176' title='bbox 661 1808 772 1863; x_wconf 83' lang='grc' dir='ltr'>Τοῦ</span> <span class='ocrx_word' id='word_1_177' title='bbox 802 1806 1008 1870; x_wconf 79' lang='grc' dir='ltr'>αὐτοῦ,</span> <span class='ocrx_word' id='word_1_178' title='bbox 1037 1804 1106 1858; x_wconf 80' lang='grc' dir='ltr'><strong>ἐκ</strong></span> <span class='ocrx_word' id='word_1_179' title='bbox 1137 1802 1243 1857; x_wconf 82' lang='grc' dir='ltr'><strong>τοῦ</strong></span> <span class='ocrx_word' id='word_1_180' title='bbox 1271 1799 1455 1855; x_wconf 81' lang='grc' dir='ltr'>αὐτοῦ</span> <span class='ocrx_word' id='word_1_181' title='bbox 1481 1799 1686 1868; x_wconf 76' lang='grc' dir='ltr'>λόγου.</span> 
     </span>
    </p>
   </div>
   <div class='ocr_carea' id='block_1_30' title="bbox 470 1884 1959 1972">
    <p class='ocr_par' dir='ltr' id='par_1_30' title="bbox 470 1884 1959 1972">
     <span class='ocr_line' id='line_1_30' title="bbox 470 1884 1959 1972; baseline -0.013 -16"><span class='ocrx_word' id='word_1_182' title='bbox 470 1901 534 1956; x_wconf 80' lang='lat' dir='ltr'><strong>El</strong></span> <span class='ocrx_word' id='word_1_183' title='bbox 566 1898 676 1972; x_wconf 84' lang='grc' dir='ltr'>γὰρ</span> <span class='ocrx_word' id='word_1_184' title='bbox 704 1897 990 1970; x_wconf 80' lang='grc' dir='ltr'>ἀσώματός</span> <span class='ocrx_word' id='word_1_185' title='bbox 1021 1897 1189 1958; x_wconf 80' lang='grc' dir='ltr'>ἐστιν,</span> <span class='ocrx_word' id='word_1_186' title='bbox 1219 1891 1344 1946; x_wconf 75' lang='grc' dir='ltr'>οὔτε</span> <span class='ocrx_word' id='word_1_187' title='bbox 1381 1892 1494 1962; x_wconf 81' lang='grc' dir='ltr'><strong>ἀφῇ</strong></span> <span class='ocrx_word' id='word_1_188' title='bbox 1527 1887 1722 1960; x_wconf 82' lang='grc' dir='ltr'>χειρῶν</span> <span class='ocrx_word' id='word_1_189' title='bbox 1760 1884 1959 1939; x_wconf 75' lang='grc' dir='ltr'>ὑποπί-</span> 
     </span>
    </p>
   </div>
   <div class='ocr_carea' id='block_1_31' title="bbox 403 1977 1958 2061">
    <p class='ocr_par' dir='ltr' id='par_1_31' title="bbox 403 1977 1958 2061">
     <span class='ocr_line' id='line_1_31' title="bbox 403 1977 1958 2061; baseline -0.011 -16"><span class='ocrx_word' id='word_1_190' title='bbox 403 2008 548 2056; x_wconf 81' lang='grc' dir='ltr'>πτει,</span> <span class='ocrx_word' id='word_1_191' title='bbox 601 1989 710 2044; x_wconf 75' lang='grc' dir='ltr'>οὔτ’</span> <span class='ocrx_word' id='word_1_192' title='bbox 763 1987 1038 2061; x_wconf 77' lang='grc' dir='ltr'><strong>αἰσθητοῖς</strong></span> <span class='ocrx_word' id='word_1_193' title='bbox 1091 1986 1301 2056; x_wconf 82' lang='grc' dir='ltr'>δμμασι</span> <span class='ocrx_word' id='word_1_194' title='bbox 1350 1979 1842 2054; x_wconf 77' lang='grc' dir='ltr'>περιλαμὸάνεταιο</span> <span class='ocrx_word' id='word_1_195' title='bbox 1897 1977 1958 2028; x_wconf 82' lang='grc' dir='ltr'>οὒ</span> 
     </span>
    </p>
   </div>
   <div class='ocr_carea' id='block_1_32' title="bbox 401 2068 1958 2153">
    <p class='ocr_par' dir='ltr' id='par_1_32' title="bbox 401 2068 1958 2153">
     <span class='ocr_line' id='line_1_32' title="bbox 401 2068 1958 2153; baseline -0.012 -15"><span class='ocrx_word' id='word_1_196' title='bbox 401 2083 601 2153; x_wconf 88' lang='grc' dir='ltr'>τρῶσιν</span> <span class='ocrx_word' id='word_1_197' title='bbox 632 2081 910 2153; x_wconf 82' lang='grc' dir='ltr'>ὑπομένει,</span> <span class='ocrx_word' id='word_1_198' title='bbox 932 2080 1030 2149; x_wconf 72' lang='grc' dir='ltr'><strong>οὐχ</strong></span> <span class='ocrx_word' id='word_1_199' title='bbox 1053 2077 1205 2148; x_wconf 74' lang='grc' dir='ltr'>ἥλοις</span> <span class='ocrx_word' id='word_1_200' title='bbox 1236 2073 1614 2148; x_wconf 77' lang='grc' dir='ltr'><strong>προσηλοῦται,</strong></span> <span class='ocrx_word' id='word_1_201' title='bbox 1655 2071 1715 2124; x_wconf 83' lang='grc' dir='ltr'>οὑ</span> <span class='ocrx_word' id='word_1_202' title='bbox 1744 2068 1958 2138; x_wconf 82' lang='grc' dir='ltr'><strong>Θανάτῳ</strong></span> 
     </span>
    </p>
   </div>
   <div class='ocr_carea' id='block_1_33' title="bbox 401 2160 1955 2241">
    <p class='ocr_par' dir='ltr' id='par_1_33' title="bbox 401 2160 1955 2241">
     <span class='ocr_line' id='line_1_33' title="bbox 401 2160 1955 2241; baseline -0.007 -15"><span class='ocrx_word' id='word_1_203' title='bbox 401 2175 662 2232; x_wconf 85' lang='grc' dir='ltr'>κοινωνεῖ,</span> <span class='ocrx_word' id='word_1_204' title='bbox 693 2172 754 2224; x_wconf 80' lang='grc' dir='ltr'>οὐ</span> <span class='ocrx_word' id='word_1_205' title='bbox 799 2168 1093 2241; x_wconf 81' lang='grc' dir='ltr'>κρύπτεται</span> <span class='ocrx_word' id='word_1_206' title='bbox 1136 2169 1228 2238; x_wconf 78' lang='grc' dir='ltr'><strong>τῇ,</strong></span> <span class='ocrx_word' id='word_1_207' title='bbox 1263 2167 1321 2220; x_wconf 79' lang='grc' dir='ltr'><strong>οὐ</strong></span> <span class='ocrx_word' id='word_1_208' title='bbox 1359 2162 1516 2235; x_wconf 86' lang='grc' dir='ltr'>τάφῳ</span> <span class='ocrx_word' id='word_1_209' title='bbox 1558 2160 1955 2220; x_wconf 72' lang='grc' dir='ltr'>κατακλείεται,</span> 
     </span>
    </p>
   </div>
   <div class='ocr_carea' id='block_1_34' title="bbox 401 2256 1243 2334">
    <p class='ocr_par' dir='ltr' id='par_1_34' title="bbox 401 2256 1243 2334">
     <span class='ocr_line' id='line_1_34' title="bbox 401 2256 1243 2334; baseline -0.008 -18"><span class='ocrx_word' id='word_1_210' title='bbox 401 2262 503 2316; x_wconf 73' lang='grc' dir='ltr'><strong>οὐκ</strong></span> <span class='ocrx_word' id='word_1_211' title='bbox 528 2263 590 2315; x_wconf 80' lang='grc' dir='ltr'><strong>ὲκ</strong></span> <span class='ocrx_word' id='word_1_212' title='bbox 625 2259 916 2334; x_wconf 81' lang='grc' dir='ltr'><strong>μνημάτων</strong></span> <span class='ocrx_word' id='word_1_213' title='bbox 945 2256 1243 2310; x_wconf 80' lang='grc' dir='ltr'>ἀνίσταται.</span> 
     </span>
    </p>
   </div>
   <div class='ocr_carea' id='block_1_35' title="bbox 2408 1790 3269 1862">
    <p class='ocr_par' dir='ltr' id='par_1_35' title="bbox 2408 1790 3269 1862">
     <span class='ocr_line' id='line_1_35' title="bbox 2408 1790 3269 1862; baseline 0.005 -17"><span class='ocrx_word' id='word_1_214' title='bbox 2408 1790 2680 1862; x_wconf 74' lang='lat' dir='ltr'><strong>Ejusdem,</strong></span> <span class='ocrx_word' id='word_1_215' title='bbox 2703 1807 2775 1847; x_wconf 73' lang='lat' dir='ltr'><strong>ea:</strong></span> <span class='ocrx_word' id='word_1_216' title='bbox 2805 1792 2983 1848; x_wconf 86' lang='lat' dir='ltr'><strong>eadem</strong></span> <span class='ocrx_word' id='word_1_217' title='bbox 3015 1796 3269 1850; x_wconf 77' lang='lat' dir='ltr'><strong>oratione.</strong></span> 
     </span>
    </p>
   </div>
   <div class='ocr_carea' id='block_1_36' title="bbox 2132 1883 3609 1954">
    <p class='ocr_par' dir='ltr' id='par_1_36' title="bbox 2132 1883 3609 1954">
     <span class='ocr_line' id='line_1_36' title="bbox 2132 1883 3609 1954; baseline 0.005 -16"><span class='ocrx_word' id='word_1_218' title='bbox 2132 1883 2188 1938; x_wconf 90' lang='lat' dir='ltr'><strong>Si</strong></span> <span class='ocrx_word' id='word_1_219' title='bbox 2218 1883 2362 1939; x_wconf 89' lang='lat' dir='ltr'><strong>enim</strong></span> <span class='ocrx_word' id='word_1_220' title='bbox 2387 1891 2471 1939; x_wconf 91' lang='lat' dir='ltr'><strong>est</strong></span> <span class='ocrx_word' id='word_1_221' title='bbox 2495 1885 2984 1954; x_wconf 85' lang='lat' dir='ltr'><strong>incorporeus,nec</strong></span> <span class='ocrx_word' id='word_1_222' title='bbox 2997 1901 3257 1942; x_wconf 85' lang='lat' dir='ltr'><strong>manuum</strong></span> <span class='ocrx_word' id='word_1_223' title='bbox 3273 1890 3444 1943; x_wconf 71' lang='grc' dir='ltr'>ισοῑυὶ</span> <span class='ocrx_word' id='word_1_224' title='bbox 3471 1891 3609 1946; x_wconf 76' lang='lat' dir='ltr'><strong>sub-</strong></span> 
     </span>
    </p>
   </div>
   <div class='ocr_carea' id='block_1_37' title="bbox 2056 1975 3613 2046">
    <p class='ocr_par' dir='ltr' id='par_1_37' title="bbox 2056 1975 3613 2046">
     <span class='ocr_line' id='line_1_37' title="bbox 2056 1975 3613 2046; baseline 0.006 -18"><span class='ocrx_word' id='word_1_225' title='bbox 2056 1975 2220 2044; x_wconf 80' lang='lat' dir='ltr'><strong>jacet,</strong></span> <span class='ocrx_word' id='word_1_226' title='bbox 2250 1989 2352 2029; x_wconf 90' lang='lat' dir='ltr'><strong>nec</strong></span> <span class='ocrx_word' id='word_1_227' title='bbox 2377 1990 2542 2030; x_wconf 86' lang='lat' dir='ltr'><strong>sensu</strong></span> <span class='ocrx_word' id='word_1_228' title='bbox 2572 1975 2852 2031; x_wconf 88' lang='lat' dir='ltr'><strong>oculorum</strong></span> <span class='ocrx_word' id='word_1_229' title='bbox 2884 1976 3179 2046; x_wconf 88' lang='lat' dir='ltr'><strong>percipitur</strong></span> <span class='ocrx_word' id='word_1_230' title='bbox 3206 1994 3222 2044; x_wconf 89' lang='lat'><strong>;</strong></span> <span class='ocrx_word' id='word_1_231' title='bbox 3249 1977 3472 2034; x_wconf 81' lang='lat' dir='ltr'><strong>vulnera</strong></span> <span class='ocrx_word' id='word_1_232' title='bbox 3497 1997 3613 2038; x_wconf 81' lang='lat' dir='ltr'><strong>non</strong></span> 
     </span>
    </p>
   </div>
   <div class='ocr_carea' id='block_1_38' title="bbox 2062 2061 3610 2142">
    <p class='ocr_par' dir='ltr' id='par_1_38' title="bbox 2062 2061 3610 2142">
     <span class='ocr_line' id='line_1_38' title="bbox 2062 2061 3610 2142; baseline 0.006 -26"><span class='ocrx_word' id='word_1_233' title='bbox 2062 2063 2282 2132; x_wconf 89' lang='lat' dir='ltr'><strong>accipit,</strong></span> <span class='ocrx_word' id='word_1_234' title='bbox 2305 2063 2474 2118; x_wconf 84' lang='lat' dir='ltr'><strong>clavis</strong></span> <span class='ocrx_word' id='word_1_235' title='bbox 2502 2078 2613 2118; x_wconf 91' lang='lat' dir='ltr'><strong>nou</strong></span> <span class='ocrx_word' id='word_1_236' title='bbox 2637 2061 2888 2134; x_wconf 74' lang='lat' dir='ltr'><strong>anigitur,</strong></span> <span class='ocrx_word' id='word_1_237' title='bbox 2915 2071 3142 2120; x_wconf 84' lang='lat' dir='ltr'><strong>mortem</strong></span> <span class='ocrx_word' id='word_1_238' title='bbox 3165 2081 3270 2122; x_wconf 92' lang='lat' dir='ltr'><strong>non</strong></span> <span class='ocrx_word' id='word_1_239' title='bbox 3300 2069 3610 2142; x_wconf 65' lang='lat' dir='ltr'><strong>participat,</strong></span> 
     </span>
    </p>
   </div>
   <div class='ocr_carea' id='block_1_39' title="bbox 2058 2154 3614 2227">
    <p class='ocr_par' dir='ltr' id='par_1_39' title="bbox 2058 2154 3614 2227">
     <span class='ocr_line' id='line_1_39' title="bbox 2058 2154 3614 2227; baseline 0.008 -20"><span class='ocrx_word' id='word_1_240' title='bbox 2058 2167 2168 2209; x_wconf 88' lang='lat' dir='ltr'><strong>non</strong></span> <span class='ocrx_word' id='word_1_241' title='bbox 2211 2154 2415 2223; x_wconf 80' lang='lat' dir='ltr'><strong>tegitur</strong></span> <span class='ocrx_word' id='word_1_242' title='bbox 2454 2160 2628 2215; x_wconf 75' lang='lat' dir='ltr'><strong>terra,</strong></span> <span class='ocrx_word' id='word_1_243' title='bbox 2658 2155 2911 2224; x_wconf 88' lang='lat' dir='ltr'><strong>sepulcro</strong></span> <span class='ocrx_word' id='word_1_244' title='bbox 2943 2172 3051 2212; x_wconf 91' lang='lat' dir='ltr'><strong>non</strong></span> <span class='ocrx_word' id='word_1_245' title='bbox 3083 2157 3400 2227; x_wconf 81' lang='lat' dir='ltr'><strong>includitur,</strong></span> <span class='ocrx_word' id='word_1_246' title='bbox 3449 2178 3552 2220; x_wconf 83' lang='lat' dir='ltr'><strong>nec</strong></span> <span class='ocrx_word' id='word_1_247' title='bbox 3575 2180 3614 2222; x_wconf 69' lang='lat' dir='ltr'><strong>ss</strong></span> 
     </span>
    </p>
   </div>
   <div class='ocr_carea' id='block_1_40' title="bbox 2057 2243 2680 2313">
    <p class='ocr_par' dir='ltr' id='par_1_40' title="bbox 2057 2243 2680 2313">
     <span class='ocr_line' id='line_1_40' title="bbox 2057 2243 2680 2313; baseline -0.002 -17"><span class='ocrx_word' id='word_1_248' title='bbox 2057 2251 2409 2299; x_wconf 87' lang='lat' dir='ltr'><strong>monumento</strong></span> <span class='ocrx_word' id='word_1_249' title='bbox 2423 2243 2680 2313; x_wconf 76' lang='lat' dir='ltr'><strong>resurgit,</strong></span> 
     </span>
    </p>
   </div>
   <div class='ocr_carea' id='block_1_41' title="bbox 1902 2357 2104 2415">
    <p class='ocr_par' dir='ltr' id='par_1_41' title="bbox 1902 2357 2104 2415">
     <span class='ocr_line' id='line_1_41' title="bbox 1902 2357 2104 2415; baseline -0.005 0"><span class='ocrx_word' id='word_1_250' title='bbox 1902 2357 2104 2415; x_wconf 73' lang='lat' dir='ltr'><strong>Inlusit.</strong></span> 
     </span>
    </p>
   </div>
   <div class='ocr_carea' id='block_1_42' title="bbox 671 2475 1693 2548">
    <p class='ocr_par' dir='ltr' id='par_1_42' title="bbox 671 2475 1693 2548">
     <span class='ocr_line' id='line_1_42' title="bbox 671 2475 1693 2548; baseline -0.016 -6"><span class='ocrx_word' id='word_1_251' title='bbox 671 2487 782 2542; x_wconf 81' lang='grc' dir='ltr'><strong>Τοῦ</strong></span> <span class='ocrx_word' id='word_1_252' title='bbox 807 2483 1014 2548; x_wconf 84' lang='grc' dir='ltr'>αὐτοῦ,</span> <span class='ocrx_word' id='word_1_253' title='bbox 1046 2482 1114 2536; x_wconf 83' lang='grc' dir='ltr'><strong><em>ἐκ</em></strong></span> <span class='ocrx_word' id='word_1_254' title='bbox 1145 2478 1250 2534; x_wconf 84' lang='grc' dir='ltr'>τοῦ</span> <span class='ocrx_word' id='word_1_255' title='bbox 1282 2475 1468 2532; x_wconf 88' lang='grc' dir='ltr'>αὐτοῦ</span> <span class='ocrx_word' id='word_1_256' title='bbox 1490 2477 1693 2545; x_wconf 75' lang='grc' dir='ltr'>λόγου.</span> 
     </span>
    </p>
   </div>
   <div class='ocr_carea' id='block_1_43' title="bbox 476 2562 1961 2646">
    <p class='ocr_par' dir='ltr' id='par_1_43' title="bbox 476 2562 1961 2646">
     <span class='ocr_line' id='line_1_43' title="bbox 476 2562 1961 2646; baseline -0.013 -11"><span class='ocrx_word' id='word_1_257' title='bbox 476 2580 685 2646; x_wconf 76' lang='grc' dir='ltr'><strong>οὐδεὶς</strong></span> <span class='ocrx_word' id='word_1_258' title='bbox 717 2578 869 2646; x_wconf 78' lang='grc' dir='ltr'>αἴρει</span> <span class='ocrx_word' id='word_1_259' title='bbox 911 2576 1023 2643; x_wconf 78' lang='grc' dir='ltr'>τὴν</span> <span class='ocrx_word' id='word_1_260' title='bbox 1060 2571 1272 2643; x_wconf 75' lang='grc' dir='ltr'><strong>ψυχὴν</strong></span> <span class='ocrx_word' id='word_1_261' title='bbox 1306 2572 1406 2626; x_wconf 83' lang='grc' dir='ltr'><strong>ἀπ’</strong></span> <span class='ocrx_word' id='word_1_262' title='bbox 1456 2569 1631 2640; x_wconf 85' lang='grc' dir='ltr'>ἐμοῦ·</span> <span class='ocrx_word' id='word_1_263' title='bbox 1673 2562 1961 2629; x_wconf 76' lang='grc' dir='ltr'>ἐξουσίαν</span> 
     </span>
    </p>
   </div>
   <div class='ocr_carea' id='block_1_44' title="bbox 401 2656 1962 2744">
    <p class='ocr_par' dir='ltr' id='par_1_44' title="bbox 401 2656 1962 2744">
     <span class='ocr_line' id='line_1_44' title="bbox 401 2656 1962 2744; baseline -0.013 -15"><span class='ocrx_word' id='word_1_264' title='bbox 401 2675 518 2744; x_wconf 68' lang='grc' dir='ltr'><strong>ἔχω</strong></span> <span class='ocrx_word' id='word_1_265' title='bbox 563 2671 746 2726; x_wconf 77' lang='grc' dir='ltr'>θεῖναι</span> <span class='ocrx_word' id='word_1_266' title='bbox 790 2667 906 2736; x_wconf 81' lang='grc' dir='ltr'><strong>τὴν</strong></span> <span class='ocrx_word' id='word_1_267' title='bbox 938 2663 1149 2736; x_wconf 73' lang='grc' dir='ltr'>ψυχήν</span> <span class='ocrx_word' id='word_1_268' title='bbox 1181 2681 1319 2733; x_wconf 82' lang='grc' dir='ltr'>μου,</span> <span class='ocrx_word' id='word_1_269' title='bbox 1376 2661 1472 2716; x_wconf 78' lang='grc' dir='ltr'><strong>καὶ</strong></span> <span class='ocrx_word' id='word_1_270' title='bbox 1507 2657 1802 2724; x_wconf 78' lang='grc' dir='ltr'><strong>ἐξουσίαν</strong></span> <span class='ocrx_word' id='word_1_271' title='bbox 1844 2656 1962 2725; x_wconf 69' lang='grc' dir='ltr'><strong>ἔχω</strong></span> 
     </span>
    </p>
   </div>
   <div class='ocr_carea' id='block_1_45' title="bbox 403 2748 1960 2827">
    <p class='ocr_par' dir='ltr' id='par_1_45' title="bbox 403 2748 1960 2827">
     <span class='ocr_line' id='line_1_45' title="bbox 403 2748 1960 2827; baseline -0.012 -7"><span class='ocrx_word' id='word_1_272' title='bbox 403 2764 590 2819; x_wconf 71' lang='grc' dir='ltr'>πάλιν</span> <span class='ocrx_word' id='word_1_273' title='bbox 615 2760 822 2816; x_wconf 71' lang='grc' dir='ltr'>λαϐεῖν</span> <span class='ocrx_word' id='word_1_274' title='bbox 849 2757 1060 2827; x_wconf 80' lang='grc' dir='ltr'>αὑτήν.</span> <span class='ocrx_word' id='word_1_275' title='bbox 1092 2755 1157 2811; x_wconf 87' lang='lat' dir='ltr'><strong>El</strong></span> <span class='ocrx_word' id='word_1_276' title='bbox 1191 2755 1246 2812; x_wconf 80' lang='grc' dir='ltr'>δὲ</span> <span class='ocrx_word' id='word_1_277' title='bbox 1278 2753 1550 2825; x_wconf 74' lang='grc' dir='ltr'><strong>ἑκατέρων</strong></span> <span class='ocrx_word' id='word_1_278' title='bbox 1587 2750 1685 2822; x_wconf 81' lang='grc' dir='ltr'>τὴν</span> <span class='ocrx_word' id='word_1_279' title='bbox 1711 2748 1960 2816; x_wconf 69' lang='grc' dir='ltr'>ἐξουσίαν</span> 
     </span>
    </p>
   </div>
   <div class='ocr_carea' id='block_1_46' title="bbox 401 2839 1960 2926">
    <p class='ocr_par' dir='ltr' id='par_1_46' title="bbox 401 2839 1960 2926">
     <span class='ocr_line' id='line_1_46' title="bbox 401 2839 1960 2926; baseline -0.012 -17"><span class='ocrx_word' id='word_1_280' title='bbox 401 2852 543 2926; x_wconf 73' lang='grc' dir='ltr'>εἶχεν</span> <span class='ocrx_word' id='word_1_281' title='bbox 575 2849 661 2907; x_wconf 76' lang='grc' dir='ltr'>οἶα</span> <span class='ocrx_word' id='word_1_282' title='bbox 696 2851 846 2914; x_wconf 86' lang='grc' dir='ltr'>Θεὸς,</span> <span class='ocrx_word' id='word_1_283' title='bbox 887 2847 1175 2922; x_wconf 74' lang='grc' dir='ltr'>συνεχώρει</span> <span class='ocrx_word' id='word_1_284' title='bbox 1204 2846 1304 2919; x_wconf 85' lang='grc' dir='ltr'>μὲν</span> <span class='ocrx_word' id='word_1_285' title='bbox 1327 2844 1507 2907; x_wconf 80' lang='grc' dir='ltr'>αὐτοῖς</span> <span class='ocrx_word' id='word_1_286' title='bbox 1537 2841 1684 2895; x_wconf 84' lang='grc' dir='ltr'>λύειν</span> <span class='ocrx_word' id='word_1_287' title='bbox 1719 2839 1960 2902; x_wconf 77' lang='grc' dir='ltr'>ἀϐούλως</span> 
     </span>
    </p>
   </div>
   <div class='ocr_carea' id='block_1_47' title="bbox 399 2931 1959 3014">
    <p class='ocr_par' dir='ltr' id='par_1_47' title="bbox 399 2931 1959 3014">
     <span class='ocr_line' id='line_1_47' title="bbox 399 2931 1959 3014; baseline -0.012 -13"><span class='ocrx_word' id='word_1_288' title='bbox 399 2948 492 3002; x_wconf 83' lang='grc' dir='ltr'>τὸν</span> <span class='ocrx_word' id='word_1_289' title='bbox 541 2944 676 3000; x_wconf 84' lang='grc' dir='ltr'>νεὼν</span> <span class='ocrx_word' id='word_1_290' title='bbox 740 2939 1094 3014; x_wconf 74' lang='grc' dir='ltr'><strong>ἐγχειροῦσιν,</strong></span> <span class='ocrx_word' id='word_1_291' title='bbox 1153 2937 1578 3006; x_wconf 79' lang='grc' dir='ltr'>ἐπιφανέστερον</span> <span class='ocrx_word' id='word_1_292' title='bbox 1623 2933 1680 2986; x_wconf 86' lang='grc' dir='ltr'>δὲ</span> <span class='ocrx_word' id='word_1_293' title='bbox 1729 2931 1959 2988; x_wconf 84' lang='grc' dir='ltr'>ἀνιστῶν</span> 
     </span>
    </p>
   </div>
   <div class='ocr_carea' id='block_1_48' title="bbox 401 3023 1957 3109">
    <p class='ocr_par' dir='ltr' id='par_1_48' title="bbox 401 3023 1957 3109">
     <span class='ocr_line' id='line_1_48' title="bbox 401 3023 1957 3109; baseline -0.01 -17"><span class='ocrx_word' id='word_1_294' title='bbox 401 3037 695 3109; x_wconf 74' lang='grc' dir='ltr'>ὲνεούργει.</span> <span class='ocrx_word' id='word_1_295' title='bbox 759 3035 848 3099; x_wconf 79' lang='grc' dir='ltr'><strong>Ἐξ</strong></span> <span class='ocrx_word' id='word_1_296' title='bbox 889 3032 1289 3104; x_wconf 76' lang='grc' dir='ltr'>ἀναντιρῤήτων</span> <span class='ocrx_word' id='word_1_297' title='bbox 1323 3028 1587 3082; x_wconf 84' lang='grc' dir='ltr'>δέδεικται</span> <span class='ocrx_word' id='word_1_298' title='bbox 1614 3025 1826 3096; x_wconf 79' lang='grc' dir='ltr'>ψήφων,</span> <span class='ocrx_word' id='word_1_299' title='bbox 1875 3023 1957 3078; x_wconf 82' lang='grc' dir='ltr'><strong>ὅτι</strong></span> 
     </span>
    </p>
   </div>
   <div class='ocr_carea' id='block_1_49' title="bbox 2419 2466 3272 2538">
    <p class='ocr_par' dir='ltr' id='par_1_49' title="bbox 2419 2466 3272 2538">
     <span class='ocr_line' id='line_1_49' title="bbox 2419 2466 3272 2538; baseline 0.002 -15"><span class='ocrx_word' id='word_1_300' title='bbox 2419 2466 2697 2538; x_wconf 74' lang='lat' dir='ltr'><strong>Ejusdem,</strong></span> <span class='ocrx_word' id='word_1_301' title='bbox 2723 2484 2789 2522; x_wconf 77' lang='lat' dir='ltr'><strong>ea:</strong></span> <span class='ocrx_word' id='word_1_302' title='bbox 2810 2469 2997 2524; x_wconf 73' lang='lat' dir='ltr'><strong>eadem</strong></span> <span class='ocrx_word' id='word_1_303' title='bbox 3014 2469 3272 2526; x_wconf 80' lang='lat' dir='ltr'><strong>oratione.</strong></span> 
     </span>
    </p>
   </div>
   <div class='ocr_carea' id='block_1_50' title="bbox 2133 2555 3615 2629">
    <p class='ocr_par' dir='ltr' id='par_1_50' title="bbox 2133 2555 3615 2629">
     <span class='ocr_line' id='line_1_50' title="bbox 2133 2555 3615 2629; baseline 0.002 -19"><span class='ocrx_word' id='word_1_304' title='bbox 2133 2555 2300 2611; x_wconf 83' lang='lat' dir='ltr'><strong>Nemo</strong></span> <span class='ocrx_word' id='word_1_305' title='bbox 2329 2557 2465 2611; x_wconf 77' lang='lat' dir='ltr'><strong>tollit</strong></span> <span class='ocrx_word' id='word_1_306' title='bbox 2522 2559 2758 2613; x_wconf 79' lang='lat' dir='ltr'><strong>animant</strong></span> <span class='ocrx_word' id='word_1_307' title='bbox 2785 2575 2818 2611; x_wconf 89' lang='lat' dir='ltr'><strong>a</strong></span> <span class='ocrx_word' id='word_1_308' title='bbox 2848 2576 2926 2612; x_wconf 89' lang='lat' dir='ltr'><strong>me</strong></span> <span class='ocrx_word' id='word_1_309' title='bbox 2948 2576 2966 2612; x_wconf 90' lang='lat'><em>:</em></span> <span class='ocrx_word' id='word_1_310' title='bbox 2996 2567 3300 2628; x_wconf 81' lang='lat' dir='ltr'><strong>potestatem</strong></span> <span class='ocrx_word' id='word_1_311' title='bbox 3326 2558 3490 2616; x_wconf 80' lang='lat' dir='ltr'><strong>habeo</strong></span> <span class='ocrx_word' id='word_1_312' title='bbox 3516 2575 3615 2629; x_wconf 63' lang='lat' dir='ltr'><strong>po.</strong></span> 
     </span>
    </p>
   </div>
   <div class='ocr_carea' id='block_1_51' title="bbox 2062 2651 3618 2721">
    <p class='ocr_par' dir='ltr' id='par_1_51' title="bbox 2062 2651 3618 2721">
     <span class='ocr_line' id='line_1_51' title="bbox 2062 2651 3618 2721; baseline 0.003 -16"><span class='ocrx_word' id='word_1_313' title='bbox 2062 2651 2219 2706; x_wconf 81' lang='lat' dir='ltr'><strong>neudi</strong></span> <span class='ocrx_word' id='word_1_314' title='bbox 2267 2653 2499 2706; x_wconf 84' lang='lat' dir='ltr'><strong>animam</strong></span> <span class='ocrx_word' id='word_1_315' title='bbox 2539 2669 2743 2721; x_wconf 78' lang='lat' dir='ltr'><strong>meam,</strong></span> <span class='ocrx_word' id='word_1_316' title='bbox 2781 2662 2832 2707; x_wconf 87' lang='lat' dir='ltr'><strong>et</strong></span> <span class='ocrx_word' id='word_1_317' title='bbox 2864 2661 3173 2721; x_wconf 84' lang='lat' dir='ltr'><strong>potestatem</strong></span> <span class='ocrx_word' id='word_1_318' title='bbox 3215 2651 3380 2707; x_wconf 73' lang='lat' dir='ltr'><strong>habeo</strong></span> <span class='ocrx_word' id='word_1_319' title='bbox 3421 2654 3618 2709; x_wconf 80' lang='lat' dir='ltr'><strong>iterum</strong></span> 
     </span>
    </p>
   </div>
   <div class='ocr_carea' id='block_1_52' title="bbox 2058 2742 3616 2814">
    <p class='ocr_par' dir='ltr' id='par_1_52' title="bbox 2058 2742 3616 2814">
     <span class='ocr_line' id='line_1_52' title="bbox 2058 2742 3616 2814; baseline 0.001 -16"><span class='ocrx_word' id='word_1_320' title='bbox 2058 2745 2300 2798; x_wconf 81' lang='lat' dir='ltr'><strong>sumendi</strong></span> <span class='ocrx_word' id='word_1_321' title='bbox 2321 2761 2438 2800; x_wconf 85' lang='lat' dir='ltr'><strong>eam</strong></span> <span class='ocrx_word' id='word_1_322' title='bbox 2469 2744 2537 2797; x_wconf 80' lang='grc'><strong>⁸⁸.</strong></span> <span class='ocrx_word' id='word_1_323' title='bbox 2574 2742 2731 2810; x_wconf 85' lang='lat' dir='ltr'><strong>Quod</strong></span> <span class='ocrx_word' id='word_1_324' title='bbox 2771 2745 2818 2801; x_wconf 88' lang='lat' dir='ltr'><strong>si</strong></span> <span class='ocrx_word' id='word_1_325' title='bbox 2846 2745 3132 2814; x_wconf 88' lang='lat' dir='ltr'><strong>utriusque</strong></span> <span class='ocrx_word' id='word_1_326' title='bbox 3159 2751 3482 2814; x_wconf 80' lang='lat' dir='ltr'><strong>potestatem</strong></span> <span class='ocrx_word' id='word_1_327' title='bbox 3510 2747 3616 2802; x_wconf 82' lang='lat' dir='ltr'><strong>ha-</strong></span> 
     </span>
    </p>
   </div>
   <div class='ocr_carea' id='block_1_53' title="bbox 2061 2835 3616 2908">
    <p class='ocr_par' dir='ltr' id='par_1_53' title="bbox 2061 2835 3616 2908">
     <span class='ocr_line' id='line_1_53' title="bbox 2061 2835 3616 2908; baseline 0.002 -16"><span class='ocrx_word' id='word_1_328' title='bbox 2061 2835 2225 2892; x_wconf 87' lang='lat' dir='ltr'><strong>bebat</strong></span> <span class='ocrx_word' id='word_1_329' title='bbox 2273 2843 2335 2892; x_wconf 87' lang='lat' dir='ltr'><strong>ut</strong></span> <span class='ocrx_word' id='word_1_330' title='bbox 2373 2835 2536 2900; x_wconf 88' lang='lat' dir='ltr'><strong>Deus,</strong></span> <span class='ocrx_word' id='word_1_331' title='bbox 2582 2836 2828 2907; x_wconf 81' lang='lat' dir='ltr'><strong>permisit</strong></span> <span class='ocrx_word' id='word_1_332' title='bbox 2881 2837 3100 2907; x_wconf 87' lang='lat' dir='ltr'><strong>quidem</strong></span> <span class='ocrx_word' id='word_1_333' title='bbox 3169 2837 3302 2907; x_wconf 88' lang='lat' dir='ltr'><strong>ipsis</strong></span> <span class='ocrx_word' id='word_1_334' title='bbox 3351 2838 3616 2908; x_wconf 74' lang='lat' dir='ltr'><strong>templum</strong></span> 
     </span>
    </p>
   </div>
   <div class='ocr_carea' id='block_1_54' title="bbox 2065 2927 3617 2998">
    <p class='ocr_par' dir='ltr' id='par_1_54' title="bbox 2065 2927 3617 2998">
     <span class='ocr_line' id='line_1_54' title="bbox 2065 2927 3617 2998; baseline 0.003 -16"><span class='ocrx_word' id='word_1_335' title='bbox 2065 2927 2279 2982; x_wconf 85' lang='lat' dir='ltr'><strong>solvere</strong></span> <span class='ocrx_word' id='word_1_336' title='bbox 2352 2927 2755 2984; x_wconf 87' lang='lat' dir='ltr'><strong>inconsiderate</strong></span> <span class='ocrx_word' id='word_1_337' title='bbox 2823 2930 3131 2986; x_wconf 84' lang='lat' dir='ltr'><strong>volentibus</strong></span> <span class='ocrx_word' id='word_1_338' title='bbox 3165 2967 3182 2994; x_wconf 88' lang='lat'><strong>,</strong></span> <span class='ocrx_word' id='word_1_339' title='bbox 3235 2928 3382 2998; x_wconf 90' lang='lat' dir='ltr'><strong>quod</strong></span> <span class='ocrx_word' id='word_1_340' title='bbox 3435 2937 3617 2986; x_wconf 89' lang='lat' dir='ltr'><strong>tamen</strong></span> 
     </span>
    </p>
   </div>
   <div class='ocr_carea' id='block_1_55' title="bbox 2057 3021 3618 3090">
    <p class='ocr_par' dir='ltr' id='par_1_55' title="bbox 2057 3021 3618 3090">
     <span class='ocr_line' id='line_1_55' title="bbox 2057 3021 3618 3090; baseline 0.004 -18"><span class='ocrx_word' id='word_1_341' title='bbox 2057 3021 2628 3090; x_wconf 77' lang='lat' dir='ltr'><strong>resurgensillustrius</strong></span> <span class='ocrx_word' id='word_1_342' title='bbox 2656 3021 2996 3078; x_wconf 82' lang='lat' dir='ltr'><strong>instauravit.</strong></span> <span class='ocrx_word' id='word_1_343' title='bbox 3025 3022 3461 3080; x_wconf 83' lang='lat' dir='ltr'><strong>Demonstratum</strong></span> <span class='ocrx_word' id='word_1_344' title='bbox 3473 3024 3618 3081; x_wconf 85' lang='lat' dir='ltr'><strong>enim</strong></span> 
     </span>
    </p>
   </div>
   <div class='ocr_carea' id='block_1_56' title="bbox 403 3109 1957 3195">
    <p class='ocr_par' dir='ltr' id='par_1_56' title="bbox 403 3113 1956 3195">
     <span class='ocr_line' id='line_1_56' title="bbox 403 3113 1956 3195; baseline -0.014 -10"><span class='ocrx_word' id='word_1_345' title='bbox 403 3131 566 3195; x_wconf 82' lang='grc' dir='ltr'>αὐτὸς</span> <span class='ocrx_word' id='word_1_346' title='bbox 607 3127 672 3184; x_wconf 84' lang='grc' dir='ltr'>δι’</span> <span class='ocrx_word' id='word_1_347' title='bbox 719 3124 914 3183; x_wconf 75' lang='grc' dir='ltr'>,ἑαυτοῦ</span> <span class='ocrx_word' id='word_1_348' title='bbox 954 3123 1044 3176; x_wconf 76' lang='grc' dir='ltr'>τὸν</span> <span class='ocrx_word' id='word_1_349' title='bbox 1078 3123 1205 3178; x_wconf 83' lang='grc' dir='ltr'>ἴδιον</span> <span class='ocrx_word' id='word_1_350' title='bbox 1250 3119 1584 3188; x_wconf 84' lang='grc' dir='ltr'>άνεστήσατο</span> <span class='ocrx_word' id='word_1_351' title='bbox 1625 3113 1956 3186; x_wconf 71' lang='grc' dir='ltr'>νεοι-ργήσας</span> 
     </span>
    </p>
   </div>
   <div class='ocr_carea' id='block_1_57' title="bbox 2058 3109 3617 3195">
    <p class='ocr_par' dir='ltr' id='par_1_57' title="bbox 2060 3109 3617 3184">
     <span class='ocr_line' id='line_1_57' title="bbox 2060 3109 3617 3184; baseline 0.003 -21"><span class='ocrx_word' id='word_1_352' title='bbox 2060 3115 2144 3163; x_wconf 89' lang='lat' dir='ltr'><strong>est</strong></span> <span class='ocrx_word' id='word_1_353' title='bbox 2165 3109 2490 3166; x_wconf 89' lang='lat' dir='ltr'><strong>certissimis</strong></span> <span class='ocrx_word' id='word_1_354' title='bbox 2506 3112 2850 3180; x_wconf 88' lang='lat' dir='ltr'><strong>testimoniis,</strong></span> <span class='ocrx_word' id='word_1_355' title='bbox 2869 3114 3012 3184; x_wconf 78' lang='lat' dir='ltr'><strong>quod</strong></span> <span class='ocrx_word' id='word_1_356' title='bbox 3027 3112 3146 3182; x_wconf 73' lang='lat' dir='ltr'><strong>ipse</strong></span> <span class='ocrx_word' id='word_1_357' title='bbox 3161 3127 3256 3183; x_wconf 85' lang='lat' dir='ltr'><strong>per</strong></span> <span class='ocrx_word' id='word_1_358' title='bbox 3273 3128 3331 3169; x_wconf 90' lang='lat' dir='ltr'><strong>se</strong></span> <span class='ocrx_word' id='word_1_359' title='bbox 3342 3115 3617 3184; x_wconf 84' lang='lat' dir='ltr'><strong>propriam</strong></span> 
     </span>
    </p>
   </div>
   <div class='ocr_carea' id='block_1_58' title="bbox 396 3203 1956 3285">
    <p class='ocr_par' dir='ltr' id='par_1_58' title="bbox 396 3203 1956 3285">
     <span class='ocr_line' id='line_1_58' title="bbox 396 3203 1956 3285; baseline -0.014 -7"><span class='ocrx_word' id='word_1_360' title='bbox 396 3220 564 3278; x_wconf 78' lang='grc' dir='ltr'>οἷκον.</span> <span class='ocrx_word' id='word_1_361' title='bbox 610 3219 918 3276; x_wconf 79' lang='grc' dir='ltr'>Ἀναθετέον</span> <span class='ocrx_word' id='word_1_362' title='bbox 939 3217 996 3272; x_wconf 84' lang='grc' dir='ltr'>δὲ</span> <span class='ocrx_word' id='word_1_363' title='bbox 1021 3215 1120 3268; x_wconf 74' lang='grc' dir='ltr'>καὶ</span> <span class='ocrx_word' id='word_1_364' title='bbox 1149 3212 1228 3285; x_wconf 72' lang='grc' dir='ltr'>τῷ</span> <span class='ocrx_word' id='word_1_365' title='bbox 1256 3210 1512 3278; x_wconf 84' lang='grc' dir='ltr'>θειοτάτῳ</span> <span class='ocrx_word' id='word_1_366' title='bbox 1539 3206 1712 3277; x_wconf 77' lang='grc' dir='ltr'>Πατρὶ</span> <span class='ocrx_word' id='word_1_367' title='bbox 1737 3207 1836 3269; x_wconf 88' lang='grc' dir='ltr'><strong>τάς</strong></span> <span class='ocrx_word' id='word_1_368' title='bbox 1862 3203 1956 3259; x_wconf 88' lang='grc' dir='ltr'><strong>τοῦ</strong></span> 
     </span>
    </p>
   </div>
   <div class='ocr_carea' id='block_1_59' title="bbox 399 3295 1959 3384">
    <p class='ocr_par' dir='ltr' id='par_1_59' title="bbox 399 3295 1959 3384">
     <span class='ocr_line' id='line_1_59' title="bbox 399 3295 1959 3384; baseline -0.013 -16"><span class='ocrx_word' id='word_1_369' title='bbox 399 3315 532 3369; x_wconf 80' lang='grc' dir='ltr'>Υἱοῦ</span> <span class='ocrx_word' id='word_1_370' title='bbox 570 3309 986 3384; x_wconf 82' lang='grc' dir='ltr'>μεγαλουργίας.</span> <span class='ocrx_word' id='word_1_371' title='bbox 1015 3305 1153 3359; x_wconf 78' lang='grc' dir='ltr'>Οὔτε</span> <span class='ocrx_word' id='word_1_372' title='bbox 1181 3303 1289 3374; x_wconf 84' lang='grc' dir='ltr'>γὰρ</span> <span class='ocrx_word' id='word_1_373' title='bbox 1327 3303 1455 3364; x_wconf 86' lang='grc' dir='ltr'><strong>Υἱὸς</strong></span> <span class='ocrx_word' id='word_1_374' title='bbox 1483 3300 1610 3384; x_wconf 72' lang='grc' dir='ltr'>ἄνευ</span> <span class='ocrx_word' id='word_1_375' title='bbox 1634 3296 1726 3354; x_wconf 87' lang='grc' dir='ltr'><strong>τοῦ</strong></span> <span class='ocrx_word' id='word_1_376' title='bbox 1747 3295 1959 3366; x_wconf 76' lang='grc' dir='ltr'>Πατρὸς</span> 
     </span>
    </p>
   </div>
   <div class='ocr_carea' id='block_1_60' title="bbox 397 3383 1958 3477">
    <p class='ocr_par' dir='ltr' id='par_1_60' title="bbox 397 3383 1958 3477">
     <span class='ocr_line' id='line_1_60' title="bbox 397 3383 1958 3477; baseline -0.012 -17"><span class='ocrx_word' id='word_1_377' title='bbox 397 3383 717 3477; x_wconf 79' lang='grc' dir='ltr'>δημιουργεῖ</span> <span class='ocrx_word' id='word_1_378' title='bbox 756 3398 896 3456; x_wconf 81' lang='grc' dir='ltr'>κατὰ</span> <span class='ocrx_word' id='word_1_379' title='bbox 927 3399 1024 3462; x_wconf 86' lang='grc' dir='ltr'><strong>τὰς</strong></span> <span class='ocrx_word' id='word_1_380' title='bbox 1055 3397 1319 3471; x_wconf 74' lang='grc' dir='ltr'>ἀρραγείς</span> <span class='ocrx_word' id='word_1_381' title='bbox 1349 3392 1454 3446; x_wconf 85' lang='grc' dir='ltr'>τῶν</span> <span class='ocrx_word' id='word_1_382' title='bbox 1503 3383 1663 3466; x_wconf 68' lang='grc' dir='ltr'>ιερῶν</span> <span class='ocrx_word' id='word_1_383' title='bbox 1699 3386 1958 3459; x_wconf 81' lang='grc' dir='ltr'>γραμμά-</span> 
     </span>
    </p>
   </div>
   <div class='ocr_carea' id='block_1_61' title="bbox 398 3478 1958 3563">
    <p class='ocr_par' dir='ltr' id='par_1_61' title="bbox 398 3478 1958 3563">
     <span class='ocr_line' id='line_1_61' title="bbox 398 3478 1958 3563; baseline -0.013 -13"><span class='ocrx_word' id='word_1_384' title='bbox 398 3513 506 3550; x_wconf 85' lang='grc' dir='ltr'><strong>των</strong></span> <span class='ocrx_word' id='word_1_385' title='bbox 545 3495 864 3563; x_wconf 74' lang='grc' dir='ltr'><strong>ἀποφάσεις.</strong></span> <span class='ocrx_word' id='word_1_386' title='bbox 915 3487 1114 3541; x_wconf 83' lang='grc' dir='ltr'>Τούτου</span> <span class='ocrx_word' id='word_1_387' title='bbox 1167 3486 1275 3556; x_wconf 85' lang='grc' dir='ltr'>γὰρ</span> <span class='ocrx_word' id='word_1_388' title='bbox 1315 3484 1378 3554; x_wconf 82' lang='grc' dir='ltr'>δὴ</span> <span class='ocrx_word' id='word_1_389' title='bbox 1423 3481 1583 3553; x_wconf 85' lang='grc' dir='ltr'>χάριν</span> <span class='ocrx_word' id='word_1_390' title='bbox 1625 3479 1748 3534; x_wconf 86' lang='grc' dir='ltr'>τοτὲ</span> <span class='ocrx_word' id='word_1_391' title='bbox 1789 3478 1884 3548; x_wconf 85' lang='grc' dir='ltr'>μὲν</span> <span class='ocrx_word' id='word_1_392' title='bbox 1930 3479 1958 3530; x_wconf 86' lang='grc' dir='ltr'><strong>ὁ</strong></span> 
     </span>
    </p>
   </div>
   <div class='ocr_carea' id='block_1_62' title="bbox 399 3573 1958 3653">
    <p class='ocr_par' dir='ltr' id='par_1_62' title="bbox 399 3573 1958 3653">
     <span class='ocr_line' id='line_1_62' title="bbox 399 3573 1958 3653; baseline -0.012 -12"><span class='ocrx_word' id='word_1_393' title='bbox 399 3587 667 3650; x_wconf 83' lang='grc' dir='ltr'>θειότατος</span> <span class='ocrx_word' id='word_1_394' title='bbox 696 3583 973 3653; x_wconf 87' lang='grc' dir='ltr'>γεννήτωρ</span> <span class='ocrx_word' id='word_1_395' title='bbox 1011 3580 1101 3633; x_wconf 77' lang='grc' dir='ltr'><strong>τὸν</strong></span> <span class='ocrx_word' id='word_1_396' title='bbox 1132 3577 1362 3649; x_wconf 78' lang='grc' dir='ltr'>Χριστὸν</span> <span class='ocrx_word' id='word_1_397' title='bbox 1395 3578 1459 3629; x_wconf 82' lang='grc' dir='ltr'><strong>ὲκ</strong></span> <span class='ocrx_word' id='word_1_398' title='bbox 1489 3573 1696 3646; x_wconf 80' lang='grc' dir='ltr'>νεκρῶν</span> <span class='ocrx_word' id='word_1_399' title='bbox 1727 3573 1958 3643; x_wconf 78' lang='grc' dir='ltr'>ἐγηγερ-</span> 
     </span>
    </p>
   </div>
   <div class='ocr_carea' id='block_1_63' title="bbox 399 3665 1958 3749">
    <p class='ocr_par' dir='ltr' id='par_1_63' title="bbox 399 3665 1958 3749">
     <span class='ocr_line' id='line_1_63' title="bbox 399 3665 1958 3749; baseline -0.01 -17"><span class='ocrx_word' id='word_1_400' title='bbox 399 3679 554 3732; x_wconf 80' lang='grc' dir='ltr'>κὲναι</span> <span class='ocrx_word' id='word_1_401' title='bbox 581 3676 864 3749; x_wconf 81' lang='grc' dir='ltr'>γράφεται·</span> <span class='ocrx_word' id='word_1_402' title='bbox 893 3671 1010 3726; x_wconf 86' lang='grc' dir='ltr'>τοτὲ</span> <span class='ocrx_word' id='word_1_403' title='bbox 1038 3671 1095 3723; x_wconf 84' lang='grc' dir='ltr'>δὲ</span> <span class='ocrx_word' id='word_1_404' title='bbox 1111 3667 1156 3728; x_wconf 78' lang='grc' dir='ltr'>,ό</span> <span class='ocrx_word' id='word_1_405' title='bbox 1195 3668 1320 3733; x_wconf 74' lang='grc' dir='ltr'><strong>Υἱὸς</strong></span> <span class='ocrx_word' id='word_1_406' title='bbox 1342 3667 1433 3720; x_wconf 83' lang='grc' dir='ltr'>τὸν</span> <span class='ocrx_word' id='word_1_407' title='bbox 1467 3665 1595 3720; x_wconf 75' lang='grc' dir='ltr'>ἴδιον</span> <span class='ocrx_word' id='word_1_408' title='bbox 1639 3665 1958 3734; x_wconf 86' lang='grc' dir='ltr'>ἀναστήσειν</span> 
     </span>
    </p>
   </div>
   <div class='ocr_carea' id='block_1_64' title="bbox 401 3755 1959 3839">
    <p class='ocr_par' dir='ltr' id='par_1_64' title="bbox 401 3755 1959 3839">
     <span class='ocr_line' id='line_1_64' title="bbox 401 3755 1959 3839; baseline -0.012 -15"><span class='ocrx_word' id='word_1_409' title='bbox 401 3771 736 3839; x_wconf 79' lang='grc' dir='ltr'>ὑπισχνεῖται</span> <span class='ocrx_word' id='word_1_410' title='bbox 781 3765 928 3819; x_wconf 89' lang='grc' dir='ltr'>ναόν.</span> <span class='ocrx_word' id='word_1_411' title='bbox 975 3765 1038 3817; x_wconf 86' lang='lat' dir='ltr'><strong>El</strong></span> <span class='ocrx_word' id='word_1_412' title='bbox 1075 3759 1166 3816; x_wconf 82' lang='grc' dir='ltr'><strong>οῦν</strong></span> <span class='ocrx_word' id='word_1_413' title='bbox 1217 3763 1281 3815; x_wconf 80' lang='grc' dir='ltr'>ἐκ</span> <span class='ocrx_word' id='word_1_414' title='bbox 1319 3759 1425 3814; x_wconf 84' lang='grc' dir='ltr'>τῶν</span> <span class='ocrx_word' id='word_1_415' title='bbox 1474 3755 1959 3830; x_wconf 80' lang='grc' dir='ltr'>προεξητασμὲνων</span> 
     </span>
    </p>
   </div>
   <div class='ocr_carea' id='block_1_65' title="bbox 397 3847 1963 3924">
    <p class='ocr_par' dir='ltr' id='par_1_65' title="bbox 397 3847 1963 3924">
     <span class='ocr_line' id='line_1_65' title="bbox 397 3847 1963 3924; baseline -0.011 -8"><span class='ocrx_word' id='word_1_416' title='bbox 397 3861 606 3924; x_wconf 76' lang='grc' dir='ltr'>ἀπαθὲς</span> <span class='ocrx_word' id='word_1_417' title='bbox 628 3859 900 3914; x_wconf 83' lang='grc' dir='ltr'>δέδεικται</span> <span class='ocrx_word' id='word_1_418' title='bbox 934 3857 994 3909; x_wconf 83' lang='grc' dir='ltr'>τὸ</span> <span class='ocrx_word' id='word_1_419' title='bbox 1023 3855 1161 3908; x_wconf 78' lang='grc' dir='ltr'>θεῖον</span> <span class='ocrx_word' id='word_1_420' title='bbox 1199 3852 1291 3906; x_wconf 91' lang='grc' dir='ltr'><strong>τοῦ</strong></span> <span class='ocrx_word' id='word_1_421' title='bbox 1321 3850 1556 3924; x_wconf 79' lang='grc' dir='ltr'>Χριστοῦ</span> <span class='ocrx_word' id='word_1_422' title='bbox 1596 3847 1830 3919; x_wconf 88' lang='grc' dir='ltr'>πνεῦμα,</span> <span class='ocrx_word' id='word_1_423' title='bbox 1866 3863 1963 3899; x_wconf 72' lang='grc' dir='ltr'><strong>περ</strong></span> 
     </span>
    </p>
   </div>
   <div class='ocr_carea' id='block_1_66' title="bbox 402 3942 1960 4026">
    <p class='ocr_par' dir='ltr' id='par_1_66' title="bbox 402 3942 1960 4026">
     <span class='ocr_line' id='line_1_66' title="bbox 402 3942 1960 4026; baseline -0.009 -20"><span class='ocrx_word' id='word_1_424' title='bbox 402 3951 596 4026; x_wconf 87' lang='grc' dir='ltr'>ριττῶς</span> <span class='ocrx_word' id='word_1_425' title='bbox 630 3953 741 4014; x_wconf 89' lang='grc' dir='ltr'>τοῖς</span> <span class='ocrx_word' id='word_1_426' title='bbox 763 3947 1137 4010; x_wconf 84' lang='grc' dir='ltr'>ἀποστολικοῖς</span> <span class='ocrx_word' id='word_1_427' title='bbox 1162 3945 1584 4014; x_wconf 83' lang='grc' dir='ltr'>ὲπισκήπτουσιν</span> <span class='ocrx_word' id='word_1_428' title='bbox 1621 3942 1764 4013; x_wconf 81' lang='grc' dir='ltr'>ὅροις</span> <span class='ocrx_word' id='word_1_429' title='bbox 1789 3942 1843 3994; x_wconf 88' lang='grc' dir='ltr'>οἱ</span> <span class='ocrx_word' id='word_1_430' title='bbox 1875 3943 1960 3993; x_wconf 76' lang='grc' dir='ltr'><strong>ὲν-</strong></span> 
     </span>
    </p>
   </div>
   <div class='ocr_carea' id='block_1_67' title="bbox 397 4032 1962 4114">
    <p class='ocr_par' dir='ltr' id='par_1_67' title="bbox 397 4032 1962 4114">
     <span class='ocr_line' id='line_1_67' title="bbox 397 4032 1962 4114; baseline -0.01 -14"><span class='ocrx_word' id='word_1_431' title='bbox 397 4048 570 4114; x_wconf 83' lang='grc' dir='ltr'>αγεῖς.</span> <span class='ocrx_word' id='word_1_432' title='bbox 597 4045 660 4096; x_wconf 82' lang='grc' dir='ltr'><strong>Εἰ</strong></span> <span class='ocrx_word' id='word_1_433' title='bbox 691 4041 799 4112; x_wconf 82' lang='grc' dir='ltr'>γὰρ</span> <span class='ocrx_word' id='word_1_434' title='bbox 827 4043 855 4094; x_wconf 90' lang='grc' dir='ltr'>ὁ</span> <span class='ocrx_word' id='word_1_435' title='bbox 890 4039 1102 4102; x_wconf 83' lang='grc' dir='ltr'>Παῦλος</span> <span class='ocrx_word' id='word_1_436' title='bbox 1130 4038 1354 4110; x_wconf 77' lang='grc' dir='ltr'>ἔφρασε,</span> <span class='ocrx_word' id='word_1_437' title='bbox 1384 4035 1475 4088; x_wconf 84' lang='grc' dir='ltr'><strong>τὸν</strong></span> <span class='ocrx_word' id='word_1_438' title='bbox 1505 4035 1707 4106; x_wconf 86' lang='grc' dir='ltr'>Κύριον</span> <span class='ocrx_word' id='word_1_439' title='bbox 1740 4034 1839 4103; x_wconf 84' lang='grc' dir='ltr'>τῆς</span> <span class='ocrx_word' id='word_1_440' title='bbox 1877 4032 1962 4085; x_wconf 88' lang='grc' dir='ltr'><strong>δό-</strong></span> 
     </span>
    </p>
   </div>
   <div class='ocr_carea' id='block_1_68' title="bbox 399 4123 1956 4210">
    <p class='ocr_par' dir='ltr' id='par_1_68' title="bbox 399 4123 1956 4210">
     <span class='ocr_line' id='line_1_68' title="bbox 399 4123 1956 4210; baseline -0.011 -19"><span class='ocrx_word' id='word_1_441' title='bbox 399 4136 495 4210; x_wconf 82' lang='grc' dir='ltr'><strong>ξης</strong></span> <span class='ocrx_word' id='word_1_442' title='bbox 519 4133 927 4206; x_wconf 68' lang='grc' dir='ltr'>ἐσταυρῶσθαι,</span> <span class='ocrx_word' id='word_1_443' title='bbox 961 4130 1144 4200; x_wconf 81' lang='grc' dir='ltr'>σαφῶς</span> <span class='ocrx_word' id='word_1_444' title='bbox 1172 4132 1251 4194; x_wconf 78' lang='grc' dir='ltr'><strong>εἰς</strong></span> <span class='ocrx_word' id='word_1_445' title='bbox 1275 4129 1366 4185; x_wconf 82' lang='grc' dir='ltr'>τὸν</span> <span class='ocrx_word' id='word_1_446' title='bbox 1401 4127 1683 4199; x_wconf 78' lang='grc' dir='ltr'>ἄνθρωπον</span> <span class='ocrx_word' id='word_1_447' title='bbox 1717 4123 1956 4197; x_wconf 83' lang='grc' dir='ltr'>ἀφορῶν,</span> 
     </span>
    </p>
   </div>
   <div class='ocr_carea' id='block_1_69' title="bbox 395 4214 1959 4299">
    <p class='ocr_par' dir='ltr' id='par_1_69' title="bbox 395 4214 1959 4299">
     <span class='ocr_line' id='line_1_69' title="bbox 395 4214 1959 4299; baseline -0.009 -17"><span class='ocrx_word' id='word_1_448' title='bbox 395 4229 457 4282; x_wconf 84' lang='grc' dir='ltr'>οὑ</span> <span class='ocrx_word' id='word_1_449' title='bbox 488 4228 637 4299; x_wconf 83' lang='grc' dir='ltr'><strong>παρά</strong></span> <span class='ocrx_word' id='word_1_450' title='bbox 665 4225 822 4283; x_wconf 85' lang='grc' dir='ltr'>τοῦτο</span> <span class='ocrx_word' id='word_1_451' title='bbox 847 4226 1028 4295; x_wconf 84' lang='grc' dir='ltr'>δεήσει</span> <span class='ocrx_word' id='word_1_452' title='bbox 1055 4222 1225 4286; x_wconf 84' lang='grc' dir='ltr'>πάθος</span> <span class='ocrx_word' id='word_1_453' title='bbox 1258 4220 1335 4292; x_wconf 81' lang='grc' dir='ltr'><strong>τῷ</strong></span> <span class='ocrx_word' id='word_1_454' title='bbox 1364 4219 1492 4291; x_wconf 85' lang='grc' dir='ltr'>θείῳ</span> <span class='ocrx_word' id='word_1_455' title='bbox 1514 4219 1864 4297; x_wconf 81' lang='grc' dir='ltr'>προσάπτειν.</span> <span class='ocrx_word' id='word_1_456' title='bbox 1893 4214 1959 4269; x_wconf 77' lang='lat' dir='ltr'><strong>Ti</strong></span> 
     </span>
    </p>
   </div>
   <div class='ocr_carea' id='block_1_70' title="bbox 395 4309 1960 4380">
    <p class='ocr_par' dir='ltr' id='par_1_70' title="bbox 395 4309 1960 4380">
     <span class='ocr_line' id='line_1_70' title="bbox 395 4309 1960 4380; baseline -0.006 -6"><span class='ocrx_word' id='word_1_457' title='bbox 395 4315 488 4374; x_wconf 81' lang='grc' dir='ltr'>οὖν</span> <span class='ocrx_word' id='word_1_458' title='bbox 515 4319 675 4377; x_wconf 86' lang='grc' dir='ltr'>τοῦτο</span> <span class='ocrx_word' id='word_1_459' title='bbox 703 4316 1028 4371; x_wconf 83' lang='grc' dir='ltr'>συνάπτουσι</span> <span class='ocrx_word' id='word_1_460' title='bbox 1058 4315 1346 4378; x_wconf 83' lang='grc' dir='ltr'>πλέκοντες</span> <span class='ocrx_word' id='word_1_461' title='bbox 1371 4310 1430 4380; x_wconf 77' lang='grc' dir='ltr'><strong>ἐξ</strong></span> <span class='ocrx_word' id='word_1_462' title='bbox 1459 4309 1740 4373; x_wconf 77' lang='grc' dir='ltr'>ἀσθενείας</span> <span class='ocrx_word' id='word_1_463' title='bbox 1765 4311 1960 4365; x_wconf 72' lang='grc' dir='ltr'>ἐσταυ-</span> 
     </span>
    </p>
   </div>
   <div class='ocr_carea' id='block_1_71' title="bbox 397 4407 1282 4484">
    <p class='ocr_par' dir='ltr' id='par_1_71' title="bbox 397 4407 1282 4484">
     <span class='ocr_line' id='line_1_71' title="bbox 397 4407 1282 4484; baseline -0.002 -20"><span class='ocrx_word' id='word_1_464' title='bbox 397 4410 604 4484; x_wconf 78' lang='grc' dir='ltr'>ρῶσθαι</span> <span class='ocrx_word' id='word_1_465' title='bbox 632 4410 878 4479; x_wconf 82' lang='grc' dir='ltr'>λέγοντες</span> <span class='ocrx_word' id='word_1_466' title='bbox 908 4407 998 4464; x_wconf 87' lang='grc' dir='ltr'>τὸν</span> <span class='ocrx_word' id='word_1_467' title='bbox 1019 4407 1282 4479; x_wconf 85' lang='grc' dir='ltr'>Χριστόν;</span> 
     </span>
    </p>
   </div>
   <div class='ocr_carea' id='block_1_72' title="bbox 2060 3199 3621 3263">
    <p class='ocr_par' dir='ltr' id='par_1_72' title="bbox 2060 3199 3621 3263">
     <span class='ocr_line' id='line_1_72' title="bbox 2060 3199 3621 3263; baseline 0.004 -10"><span class='ocrx_word' id='word_1_468' title='bbox 2060 3199 2280 3254; x_wconf 86' lang='lat' dir='ltr'><strong>domum</strong></span> <span class='ocrx_word' id='word_1_469' title='bbox 2314 3210 2625 3255; x_wconf 84' lang='lat' dir='ltr'><strong>renovatam</strong></span> <span class='ocrx_word' id='word_1_470' title='bbox 2644 3205 2916 3258; x_wconf 80' lang='lat' dir='ltr'><strong>excitarit.</strong></span> <span class='ocrx_word' id='word_1_471' title='bbox 2945 3202 3281 3257; x_wconf 85' lang='lat' dir='ltr'><strong>Ascrihenda</strong></span> <span class='ocrx_word' id='word_1_472' title='bbox 3298 3213 3476 3258; x_wconf 89' lang='lat' dir='ltr'><strong>autem</strong></span> <span class='ocrx_word' id='word_1_473' title='bbox 3490 3213 3621 3263; x_wconf 81' lang='lat' dir='ltr'><strong>sunt</strong></span> 
     </span>
    </p>
   </div>
   <div class='ocr_carea' id='block_1_73' title="bbox 2058 3287 3619 3369">
    <p class='ocr_par' dir='ltr' id='par_1_73' title="bbox 2058 3287 3619 3369">
     <span class='ocr_line' id='line_1_73' title="bbox 2058 3287 3619 3369; baseline 0.005 -27"><span class='ocrx_word' id='word_1_474' title='bbox 2058 3287 2222 3343; x_wconf 91' lang='lat' dir='ltr'><strong>etiam</strong></span> <span class='ocrx_word' id='word_1_475' title='bbox 2253 3290 2592 3345; x_wconf 76' lang='lat' dir='ltr'><strong>divinissimo</strong></span> <span class='ocrx_word' id='word_1_476' title='bbox 2610 3290 3053 3362; x_wconf 74' lang='lat' dir='ltr'><strong>Patrimagniﬁca</strong></span> <span class='ocrx_word' id='word_1_477' title='bbox 3081 3290 3203 3346; x_wconf 89' lang='lat' dir='ltr'><strong>Filii</strong></span> <span class='ocrx_word' id='word_1_478' title='bbox 3231 3307 3416 3362; x_wconf 80' lang='lat' dir='ltr'><strong>opera.</strong></span> <span class='ocrx_word' id='word_1_479' title='bbox 3433 3291 3619 3369; x_wconf 78' lang='lat' dir='ltr'><strong>Neque</strong></span> 
     </span>
    </p>
   </div>
   <div class='ocr_carea' id='block_1_74' title="bbox 2060 3379 3616 3452">
    <p class='ocr_par' dir='ltr' id='par_1_74' title="bbox 2060 3379 3616 3452">
     <span class='ocr_line' id='line_1_74' title="bbox 2060 3379 3616 3452; baseline 0.001 -17"><span class='ocrx_word' id='word_1_480' title='bbox 2060 3380 2206 3435; x_wconf 90' lang='lat' dir='ltr'><strong>enim</strong></span> <span class='ocrx_word' id='word_1_481' title='bbox 2238 3379 2409 3437; x_wconf 90' lang='lat' dir='ltr'><strong>Filius</strong></span> <span class='ocrx_word' id='word_1_482' title='bbox 2435 3383 2559 3437; x_wconf 87' lang='lat' dir='ltr'><strong>sine</strong></span> <span class='ocrx_word' id='word_1_483' title='bbox 2585 3380 2748 3437; x_wconf 81' lang='lat' dir='ltr'><strong>Patre</strong></span> <span class='ocrx_word' id='word_1_484' title='bbox 2779 3392 3040 3452; x_wconf 86' lang='lat' dir='ltr'><strong>operatur</strong></span> <span class='ocrx_word' id='word_1_485' title='bbox 3061 3383 3364 3438; x_wconf 84' lang='lat' dir='ltr'><strong>secundum</strong></span> <span class='ocrx_word' id='word_1_486' title='bbox 3413 3384 3616 3441; x_wconf 81' lang='lat' dir='ltr'><strong>invicta</strong></span> 
     </span>
    </p>
   </div>
   <div class='ocr_carea' id='block_1_75' title="bbox 2058 3469 3617 3538">
    <p class='ocr_par' dir='ltr' id='par_1_75' title="bbox 2058 3469 3617 3538">
     <span class='ocr_line' id='line_1_75' title="bbox 2058 3469 3617 3538; baseline 0.002 -13"><span class='ocrx_word' id='word_1_487' title='bbox 2058 3485 2340 3525; x_wconf 84' lang='lat' dir='ltr'><strong>sacrarum</strong></span> <span class='ocrx_word' id='word_1_488' title='bbox 2370 3473 2674 3529; x_wconf 83' lang='lat' dir='ltr'><strong>litterarum</strong></span> <span class='ocrx_word' id='word_1_489' title='bbox 2701 3475 2882 3528; x_wconf 87' lang='lat' dir='ltr'><strong>ellata.</strong></span> <span class='ocrx_word' id='word_1_490' title='bbox 2931 3472 3053 3538; x_wconf 83' lang='lat' dir='ltr'><strong>Quo</strong></span> <span class='ocrx_word' id='word_1_491' title='bbox 3090 3469 3148 3524; x_wconf 82' lang='lat' dir='ltr'><strong>ﬁt</strong></span> <span class='ocrx_word' id='word_1_492' title='bbox 3175 3511 3193 3536; x_wconf 90' lang='lat'><strong>,</strong></span> <span class='ocrx_word' id='word_1_493' title='bbox 3245 3481 3306 3526; x_wconf 92' lang='lat' dir='ltr'><strong>ut</strong></span> <span class='ocrx_word' id='word_1_494' title='bbox 3335 3472 3617 3530; x_wconf 76' lang='lat' dir='ltr'><strong>Christum</strong></span> 
     </span>
    </p>
   </div>
   <div class='ocr_carea' id='block_1_76' title="bbox 2058 3561 3620 3635">
    <p class='ocr_par' dir='ltr' id='par_1_76' title="bbox 2058 3561 3620 3635">
     <span class='ocr_line' id='line_1_76' title="bbox 2058 3561 3620 3635; baseline 0 -17"><span class='ocrx_word' id='word_1_495' title='bbox 2058 3563 2196 3618; x_wconf 81' lang='lat' dir='ltr'><strong>alias</strong></span> <span class='ocrx_word' id='word_1_496' title='bbox 2223 3563 2439 3635; x_wconf 90' lang='lat' dir='ltr'><strong>quidem</strong></span> <span class='ocrx_word' id='word_1_497' title='bbox 2476 3565 2771 3621; x_wconf 89' lang='lat' dir='ltr'><strong>suscitasse</strong></span> <span class='ocrx_word' id='word_1_498' title='bbox 2799 3562 3172 3618; x_wconf 86' lang='lat' dir='ltr'><strong>divinissimus</strong></span> <span class='ocrx_word' id='word_1_499' title='bbox 3201 3561 3424 3619; x_wconf 87' lang='lat' dir='ltr'><strong>Genitor</strong></span> <span class='ocrx_word' id='word_1_500' title='bbox 3468 3565 3620 3620; x_wconf 88' lang='lat' dir='ltr'><strong>dica-</strong></span> 
     </span>
    </p>
   </div>
   <div class='ocr_carea' id='block_1_77' title="bbox 2059 3657 3619 3728">
    <p class='ocr_par' dir='ltr' id='par_1_77' title="bbox 2059 3657 3619 3728">
     <span class='ocr_line' id='line_1_77' title="bbox 2059 3657 3619 3728; baseline 0 -16"><span class='ocrx_word' id='word_1_501' title='bbox 2059 3665 2172 3724; x_wconf 86' lang='lat' dir='ltr'><strong>tur,</strong></span> <span class='ocrx_word' id='word_1_502' title='bbox 2212 3660 2348 3714; x_wconf 88' lang='lat' dir='ltr'><strong>alias</strong></span> <span class='ocrx_word' id='word_1_503' title='bbox 2377 3673 2506 3714; x_wconf 86' lang='lat' dir='ltr'><strong>vero</strong></span> <span class='ocrx_word' id='word_1_504' title='bbox 2529 3657 2700 3714; x_wconf 88' lang='lat' dir='ltr'><strong>Filius</strong></span> <span class='ocrx_word' id='word_1_505' title='bbox 2717 3657 2996 3728; x_wconf 84' lang='lat' dir='ltr'><strong>proprium</strong></span> <span class='ocrx_word' id='word_1_506' title='bbox 3028 3672 3089 3711; x_wconf 89' lang='lat' dir='ltr'><strong>se</strong></span> <span class='ocrx_word' id='word_1_507' title='bbox 3117 3657 3378 3726; x_wconf 90' lang='lat' dir='ltr'><strong>templum</strong></span> <span class='ocrx_word' id='word_1_508' title='bbox 3412 3657 3619 3712; x_wconf 81' lang='lat' dir='ltr'><strong>excita-</strong></span> 
     </span>
    </p>
   </div>
   <div class='ocr_carea' id='block_1_78' title="bbox 2058 3748 3620 3821">
    <p class='ocr_par' dir='ltr' id='par_1_78' title="bbox 2058 3748 3620 3821">
     <span class='ocr_line' id='line_1_78' title="bbox 2058 3748 3620 3821; baseline -0.003 -15"><span class='ocrx_word' id='word_1_509' title='bbox 2058 3758 2242 3806; x_wconf 89' lang='lat' dir='ltr'><strong>turum</strong></span> <span class='ocrx_word' id='word_1_510' title='bbox 2268 3750 2605 3821; x_wconf 88' lang='lat' dir='ltr'><strong>polliceatur.</strong></span> <span class='ocrx_word' id='word_1_511' title='bbox 2641 3748 2697 3803; x_wconf 89' lang='lat' dir='ltr'><strong>Si</strong></span> <span class='ocrx_word' id='word_1_512' title='bbox 2725 3765 2853 3819; x_wconf 75' lang='lat' dir='ltr'><strong>ergo</strong></span> <span class='ocrx_word' id='word_1_513' title='bbox 2877 3765 2940 3803; x_wconf 83' lang='lat' dir='ltr'><strong>ex</strong></span> <span class='ocrx_word' id='word_1_514' title='bbox 2969 3748 3037 3802; x_wconf 87' lang='lat' dir='ltr'><strong>iis</strong></span> <span class='ocrx_word' id='word_1_515' title='bbox 3062 3763 3182 3818; x_wconf 64' lang='lat' dir='ltr'><strong>quae</strong></span> <span class='ocrx_word' id='word_1_516' title='bbox 3229 3748 3492 3804; x_wconf 85' lang='lat' dir='ltr'><strong>hactenus</strong></span> <span class='ocrx_word' id='word_1_517' title='bbox 3522 3762 3620 3803; x_wconf 74' lang='lat' dir='ltr'><strong>ex-</strong></span> 
     </span>
    </p>
   </div>
   <div class='ocr_carea' id='block_1_79' title="bbox 2060 3837 3623 3916">
    <p class='ocr_par' dir='ltr' id='par_1_79' title="bbox 2060 3837 3623 3916">
     <span class='ocr_line' id='line_1_79' title="bbox 2060 3837 3623 3916; baseline -0.004 -17"><span class='ocrx_word' id='word_1_518' title='bbox 2060 3843 2239 3913; x_wconf 86' lang='lat' dir='ltr'><strong>posita</strong></span> <span class='ocrx_word' id='word_1_519' title='bbox 2274 3849 2423 3906; x_wconf 79' lang='lat' dir='ltr'><strong>sunt,</strong></span> <span class='ocrx_word' id='word_1_520' title='bbox 2454 3839 2806 3916; x_wconf 79' lang='lat' dir='ltr'><strong>impatibilem</strong></span> <span class='ocrx_word' id='word_1_521' title='bbox 2837 3854 2960 3894; x_wconf 89' lang='lat' dir='ltr'><strong>esse</strong></span> <span class='ocrx_word' id='word_1_522' title='bbox 3005 3838 3249 3892; x_wconf 86' lang='lat' dir='ltr'><strong>divinum</strong></span> <span class='ocrx_word' id='word_1_523' title='bbox 3279 3837 3482 3894; x_wconf 86' lang='lat' dir='ltr'><strong>Christi</strong></span> <span class='ocrx_word' id='word_1_524' title='bbox 3509 3838 3623 3909; x_wconf 87' lang='lat' dir='ltr'><strong>spi-</strong></span> 
     </span>
    </p>
   </div>
   <div class='ocr_carea' id='block_1_80' title="bbox 2058 3923 3618 4006">
    <p class='ocr_par' dir='ltr' id='par_1_80' title="bbox 2058 3923 3618 4006">
     <span class='ocr_line' id='line_1_80' title="bbox 2058 3923 3618 4006; baseline -0.002 -17"><span class='ocrx_word' id='word_1_525' title='bbox 2058 3923 2226 3990; x_wconf 82' lang='lat' dir='ltr'><strong>ritum</strong></span> <span class='ocrx_word' id='word_1_526' title='bbox 2256 3941 2535 3989; x_wconf 88' lang='lat' dir='ltr'><strong>ostensum</strong></span> <span class='ocrx_word' id='word_1_527' title='bbox 2565 3939 2670 3995; x_wconf 91' lang='lat' dir='ltr'><strong>est,</strong></span> <span class='ocrx_word' id='word_1_528' title='bbox 2706 3932 3018 4006; x_wconf 85' lang='lat' dir='ltr'><strong>apostolicis</strong></span> <span class='ocrx_word' id='word_1_529' title='bbox 3046 3929 3279 3986; x_wconf 89' lang='lat' dir='ltr'><strong>decretis</strong></span> <span class='ocrx_word' id='word_1_530' title='bbox 3309 3930 3510 3987; x_wconf 79' lang='lat' dir='ltr'><strong>frustra</strong></span> <span class='ocrx_word' id='word_1_531' title='bbox 3536 3931 3618 3986; x_wconf 78' lang='lat' dir='ltr'><strong>in-</strong></span> 
     </span>
    </p>
   </div>
   <div class='ocr_carea' id='block_1_81' title="bbox 2057 4020 3625 4094">
    <p class='ocr_par' dir='ltr' id='par_1_81' title="bbox 2057 4020 3625 4094">
     <span class='ocr_line' id='line_1_81' title="bbox 2057 4020 3625 4094; baseline -0.004 -13"><span class='ocrx_word' id='word_1_532' title='bbox 2057 4027 2309 4081; x_wconf 83' lang='lat' dir='ltr'><strong>nituntur</strong></span> <span class='ocrx_word' id='word_1_533' title='bbox 2338 4023 2534 4094; x_wconf 87' lang='lat' dir='ltr'><strong>impuri</strong></span> <span class='ocrx_word' id='word_1_534' title='bbox 2565 4024 2832 4079; x_wconf 81' lang='lat' dir='ltr'><strong>homines.</strong></span> <span class='ocrx_word' id='word_1_535' title='bbox 2880 4020 3014 4076; x_wconf 87' lang='lat' dir='ltr'><strong>Nam</strong></span> <span class='ocrx_word' id='word_1_536' title='bbox 3044 4021 3105 4092; x_wconf 35' lang='lat' dir='ltr'><strong>si.</strong></span> <span class='ocrx_word' id='word_1_537' title='bbox 3124 4020 3409 4075; x_wconf 87' lang='lat' dir='ltr'><strong>Dominum</strong></span> <span class='ocrx_word' id='word_1_538' title='bbox 3438 4021 3625 4091; x_wconf 63' lang='lat' dir='ltr'><strong>gloria</strong></span> 
     </span>
    </p>
   </div>
   <div class='ocr_carea' id='block_1_82' title="bbox 2055 4113 3620 4184">
    <p class='ocr_par' dir='ltr' id='par_1_82' title="bbox 2055 4113 3620 4184">
     <span class='ocr_line' id='line_1_82' title="bbox 2055 4113 3620 4184; baseline -0.003 -10"><span class='ocrx_word' id='word_1_539' title='bbox 2055 4117 2381 4176; x_wconf 76' lang='lat' dir='ltr'><strong>cruciﬁxum</strong></span> <span class='ocrx_word' id='word_1_540' title='bbox 2412 4115 2618 4173; x_wconf 81' lang='lat' dir='ltr'><strong>Paulus</strong></span> <span class='ocrx_word' id='word_1_541' title='bbox 2660 4115 2799 4169; x_wconf 74' lang='lat' dir='ltr'><strong>dixit</strong></span> <span class='ocrx_word' id='word_1_542' title='bbox 2829 4113 2896 4180; x_wconf 74' lang='grc'><strong>⁸⁸,</strong></span> <span class='ocrx_word' id='word_1_543' title='bbox 2927 4114 2992 4168; x_wconf 90' lang='lat' dir='ltr'><strong>ad</strong></span> <span class='ocrx_word' id='word_1_544' title='bbox 3021 4115 3293 4169; x_wconf 85' lang='lat' dir='ltr'><strong>hominem</strong></span> <span class='ocrx_word' id='word_1_545' title='bbox 3324 4123 3509 4184; x_wconf 88' lang='lat' dir='ltr'><strong>aperte</strong></span> <span class='ocrx_word' id='word_1_546' title='bbox 3533 4130 3620 4170; x_wconf 79' lang='lat' dir='ltr'><strong>re-</strong></span> 
     </span>
    </p>
   </div>
   <div class='ocr_carea' id='block_1_83' title="bbox 2059 4204 3623 4284">
    <p class='ocr_par' dir='ltr' id='par_1_83' title="bbox 2059 4204 3623 4284">
     <span class='ocr_line' id='line_1_83' title="bbox 2059 4204 3623 4284; baseline -0.006 -18"><span class='ocrx_word' id='word_1_547' title='bbox 2059 4210 2336 4284; x_wconf 81' lang='lat' dir='ltr'><strong>spiciens;</strong></span> <span class='ocrx_word' id='word_1_548' title='bbox 2378 4222 2493 4263; x_wconf 91' lang='lat' dir='ltr'><strong>non</strong></span> <span class='ocrx_word' id='word_1_549' title='bbox 2521 4215 2808 4276; x_wconf 88' lang='lat' dir='ltr'><strong>propterea</strong></span> <span class='ocrx_word' id='word_1_550' title='bbox 2837 4204 3110 4259; x_wconf 87' lang='lat' dir='ltr'><strong>divinitati</strong></span> <span class='ocrx_word' id='word_1_551' title='bbox 3165 4205 3473 4275; x_wconf 90' lang='lat' dir='ltr'><strong>passionem</strong></span> <span class='ocrx_word' id='word_1_552' title='bbox 3519 4206 3623 4258; x_wconf 80' lang='lat' dir='ltr'><strong>tri-</strong></span> 
     </span>
    </p>
   </div>
   <div class='ocr_carea' id='block_1_84' title="bbox 2057 4295 3621 4370">
    <p class='ocr_par' dir='ltr' id='par_1_84' title="bbox 2057 4295 3621 4370">
     <span class='ocr_line' id='line_1_84' title="bbox 2057 4295 3621 4370; baseline -0.009 -11"><span class='ocrx_word' id='word_1_553' title='bbox 2057 4303 2228 4359; x_wconf 86' lang='lat' dir='ltr'><strong>buere</strong></span> <span class='ocrx_word' id='word_1_554' title='bbox 2256 4299 2545 4370; x_wconf 85' lang='lat' dir='ltr'><strong>oportebit.</strong></span> <span class='ocrx_word' id='word_1_555' title='bbox 2575 4297 2687 4354; x_wconf 87' lang='lat' dir='ltr'><strong>Cur</strong></span> <span class='ocrx_word' id='word_1_556' title='bbox 2719 4297 2886 4368; x_wconf 82' lang='lat' dir='ltr'><strong>igitur</strong></span> <span class='ocrx_word' id='word_1_557' title='bbox 2916 4297 3022 4353; x_wconf 86' lang='lat' dir='ltr'><strong>ista</strong></span> <span class='ocrx_word' id='word_1_558' title='bbox 3051 4295 3412 4366; x_wconf 71' lang='lat' dir='ltr'><strong>coniungunt,</strong></span> <span class='ocrx_word' id='word_1_559' title='bbox 3432 4295 3621 4357; x_wconf 73' lang='lat' dir='ltr'><strong>dicen.-</strong></span> 
     </span>
    </p>
   </div>
   <div class='ocr_carea' id='block_1_85' title="bbox 2059 4387 3482 4452">
    <p class='ocr_par' dir='ltr' id='par_1_85' title="bbox 2059 4387 3482 4452">
     <span class='ocr_line' id='line_1_85' title="bbox 2059 4387 3482 4452; baseline -0.008 -1"><span class='ocrx_word' id='word_1_560' title='bbox 2059 4403 2143 4451; x_wconf 89' lang='lat' dir='ltr'><strong>tes</strong></span> <span class='ocrx_word' id='word_1_561' title='bbox 2170 4409 2237 4450; x_wconf 81' lang='lat' dir='ltr'><strong>ex</strong></span> <span class='ocrx_word' id='word_1_562' title='bbox 2257 4391 2626 4448; x_wconf 88' lang='lat' dir='ltr'><strong>imbecillitate</strong></span> <span class='ocrx_word' id='word_1_563' title='bbox 2655 4389 2933 4447; x_wconf 86' lang='lat' dir='ltr'><strong>Christum</strong></span> <span class='ocrx_word' id='word_1_564' title='bbox 2956 4403 3079 4446; x_wconf 90' lang='lat' dir='ltr'><strong>esse</strong></span> <span class='ocrx_word' id='word_1_565' title='bbox 3115 4387 3482 4452; x_wconf 68' lang='lat' dir='ltr'><strong>cruciﬁxum?</strong></span> 
     </span>
    </p>
   </div>
   <div class='ocr_carea' id='block_1_86' title="bbox 1897 4512 2101 4568">
    <p class='ocr_par' dir='ltr' id='par_1_86' title="bbox 1897 4512 2101 4568">
     <span class='ocr_line' id='line_1_86' title="bbox 1897 4512 2101 4568; baseline -0.01 -1"><span class='ocrx_word' id='word_1_566' title='bbox 1897 4512 2101 4568; x_wconf 69' lang='lat' dir='ltr'><strong>lenm-zu.</strong></span> 
     </span>
    </p>
   </div>
   <div class='ocr_carea' id='block_1_87' title="bbox 655 4633 1710 4703">
    <p class='ocr_par' dir='ltr' id='par_1_87' title="bbox 655 4633 1710 4703">
     <span class='ocr_line' id='line_1_87' title="bbox 655 4633 1710 4703; baseline -0.01 -7"><span class='ocrx_word' id='word_1_567' title='bbox 655 4640 764 4697; x_wconf 86' lang='grc' dir='ltr'>Τοῦ</span> <span class='ocrx_word' id='word_1_568' title='bbox 795 4638 1007 4703; x_wconf 75' lang='grc' dir='ltr'>αὐτοῦ,</span> <span class='ocrx_word' id='word_1_569' title='bbox 1047 4637 1116 4692; x_wconf 78' lang='grc' dir='ltr'><strong>ἐκ</strong></span> <span class='ocrx_word' id='word_1_570' title='bbox 1151 4635 1260 4690; x_wconf 86' lang='grc' dir='ltr'><strong>τοῦ</strong></span> <span class='ocrx_word' id='word_1_571' title='bbox 1291 4633 1478 4690; x_wconf 82' lang='grc' dir='ltr'>αὐτοῦ</span> <span class='ocrx_word' id='word_1_572' title='bbox 1504 4634 1710 4702; x_wconf 71' lang='grc' dir='ltr'>λόγου.</span> 
     </span>
    </p>
   </div>
   <div class='ocr_carea' id='block_1_88' title="bbox 466 4718 1960 4803">
    <p class='ocr_par' dir='ltr' id='par_1_88' title="bbox 466 4718 1960 4803">
     <span class='ocr_line' id='line_1_88' title="bbox 466 4718 1960 4803; baseline -0.01 -15"><span class='ocrx_word' id='word_1_573' title='bbox 466 4737 531 4789; x_wconf 89' lang='lat' dir='ltr'><strong>El</strong></span> <span class='ocrx_word' id='word_1_574' title='bbox 568 4733 626 4787; x_wconf 78' lang='grc' dir='ltr'>δὲ</span> <span class='ocrx_word' id='word_1_575' title='bbox 667 4733 730 4803; x_wconf 87' lang='grc' dir='ltr'>δὴ</span> <span class='ocrx_word' id='word_1_576' title='bbox 782 4731 880 4784; x_wconf 73' lang='grc' dir='ltr'><strong>καὶ</strong></span> <span class='ocrx_word' id='word_1_577' title='bbox 925 4727 1210 4791; x_wconf 79' lang='grc' dir='ltr'>ἀσθενείας</span> <span class='ocrx_word' id='word_1_578' title='bbox 1265 4723 1403 4789; x_wconf 81' lang='grc' dir='ltr'>εἶδος</span> <span class='ocrx_word' id='word_1_579' title='bbox 1441 4723 1764 4795; x_wconf 80' lang='grc' dir='ltr'>περιάπτειν</span> <span class='ocrx_word' id='word_1_580' title='bbox 1811 4718 1960 4790; x_wconf 83' lang='grc' dir='ltr'><strong>αὐτῷ</strong></span> 
     </span>
    </p>
   </div>
   <div class='ocr_carea' id='block_1_89' title="bbox 2414 4617 3263 4691">
    <p class='ocr_par' dir='ltr' id='par_1_89' title="bbox 2414 4617 3263 4691">
     <span class='ocr_line' id='line_1_89' title="bbox 2414 4617 3263 4691; baseline -0.005 -17"><span class='ocrx_word' id='word_1_581' title='bbox 2414 4619 2690 4691; x_wconf 83' lang='lat' dir='ltr'><strong>Ejusdem,</strong></span> <span class='ocrx_word' id='word_1_582' title='bbox 2717 4631 2782 4674; x_wconf 77' lang='lat' dir='ltr'><strong>ea:</strong></span> <span class='ocrx_word' id='word_1_583' title='bbox 2805 4617 2984 4672; x_wconf 85' lang='lat' dir='ltr'><strong>eadem</strong></span> <span class='ocrx_word' id='word_1_584' title='bbox 3011 4626 3263 4678; x_wconf 75' lang='lat' dir='ltr'><strong>oratione.</strong></span> 
     </span>
    </p>
   </div>
   <div class='ocr_carea' id='block_1_90' title="bbox 2131 4708 3593 4782">
    <p class='ocr_par' dir='ltr' id='par_1_90' title="bbox 2131 4708 3593 4782">
     <span class='ocr_line' id='line_1_90' title="bbox 2131 4708 3593 4782; baseline -0.006 -12"><span class='ocrx_word' id='word_1_585' title='bbox 2131 4713 2288 4782; x_wconf 88' lang='lat' dir='ltr'><strong>Quod</strong></span> <span class='ocrx_word' id='word_1_586' title='bbox 2311 4713 2357 4770; x_wconf 90' lang='lat' dir='ltr'><strong>si</strong></span> <span class='ocrx_word' id='word_1_587' title='bbox 2391 4713 2618 4769; x_wconf 88' lang='lat' dir='ltr'><strong>omnino</strong></span> <span class='ocrx_word' id='word_1_588' title='bbox 2645 4709 3034 4767; x_wconf 83' lang='lat' dir='ltr'><strong>imbecillitatis</strong></span> <span class='ocrx_word' id='word_1_589' title='bbox 3065 4709 3276 4780; x_wconf 88' lang='lat' dir='ltr'><strong>species</strong></span> <span class='ocrx_word' id='word_1_590' title='bbox 3301 4708 3376 4766; x_wconf 84' lang='lat' dir='ltr'><strong>illi</strong></span> <span class='ocrx_word' id='word_1_591' title='bbox 3400 4715 3518 4764; x_wconf 82' lang='lat' dir='ltr'><strong>erat</strong></span> <span class='ocrx_word' id='word_1_592' title='bbox 3539 4717 3593 4762; x_wconf 90' lang='lat' dir='ltr'><strong>at</strong></span> 
     </span>
    </p>
   </div>
   <div class='ocr_carea' id='block_1_91' title="bbox 396 4801 1957 4899">
    <p class='ocr_par' dir='ltr' id='par_1_91' title="bbox 396 4801 1957 4899">
     <span class='ocr_line' id='line_1_91' title="bbox 396 4801 1957 4899; baseline -0.012 -17"><span class='ocrx_word' id='word_1_593' title='bbox 396 4827 674 4899; x_wconf 79' lang='grc' dir='ltr'>προσῆκον</span> <span class='ocrx_word' id='word_1_594' title='bbox 708 4801 797 4894; x_wconf 72' lang='grc' dir='ltr'><strong>ἧν,</strong></span> <span class='ocrx_word' id='word_1_595' title='bbox 841 4820 918 4891; x_wconf 80' lang='grc' dir='ltr'>τῷ</span> <span class='ocrx_word' id='word_1_596' title='bbox 963 4818 1234 4891; x_wconf 79' lang='grc' dir='ltr'>ἀνθρώπῳ</span> <span class='ocrx_word' id='word_1_597' title='bbox 1276 4815 1451 4872; x_wconf 80' lang='grc' dir='ltr'>ταῦτα</span> <span class='ocrx_word' id='word_1_598' title='bbox 1479 4814 1795 4888; x_wconf 81' lang='grc' dir='ltr'>προσαρτᾷν</span> <span class='ocrx_word' id='word_1_599' title='bbox 1832 4813 1957 4866; x_wconf 84' lang='grc' dir='ltr'>ἀκό-</span> 
     </span>
    </p>
   </div>
   <div class='ocr_carea' id='block_1_92' title="bbox 2058 4801 3618 4899">
    <p class='ocr_par' dir='ltr' id='par_1_92' title="bbox 2059 4801 3618 4874">
     <span class='ocr_line' id='line_1_92' title="bbox 2059 4801 3618 4874; baseline -0.004 -11"><span class='ocrx_word' id='word_1_600' title='bbox 2059 4807 2368 4873; x_wconf 82' lang='lat' dir='ltr'><strong>tribuenda,</strong></span> <span class='ocrx_word' id='word_1_601' title='bbox 2426 4806 2633 4862; x_wconf 87' lang='lat' dir='ltr'><strong>homini</strong></span> <span class='ocrx_word' id='word_1_602' title='bbox 2675 4805 2792 4860; x_wconf 66' lang='lat' dir='ltr'><strong>haec</strong></span> <span class='ocrx_word' id='word_1_603' title='bbox 2831 4801 3158 4874; x_wconf 69' lang='lat' dir='ltr'><strong>assignanda</strong></span> <span class='ocrx_word' id='word_1_604' title='bbox 3191 4808 3618 4856; x_wconf 78' lang='lat' dir='ltr'><strong>consentaneum</strong></span> 
     </span>
    </p>
   </div>
   <div class='ocr_carea' id='block_1_93' title="bbox 394 4891 1957 4986">
    <p class='ocr_par' dir='ltr' id='par_1_93' title="bbox 394 4891 1957 4986">
     <span class='ocr_line' id='line_1_93' title="bbox 394 4891 1957 4986; baseline -0.012 -14"><span class='ocrx_word' id='word_1_605' title='bbox 394 4891 583 4974; x_wconf 77' lang='grc' dir='ltr'>λουθον</span> <span class='ocrx_word' id='word_1_606' title='bbox 622 4891 760 4970; x_wconf 82' lang='grc' dir='ltr'>εἶναι</span> <span class='ocrx_word' id='word_1_607' title='bbox 789 4913 923 4986; x_wconf 85' lang='grc' dir='ltr'>φαίη</span> <span class='ocrx_word' id='word_1_608' title='bbox 961 4929 1046 4975; x_wconf 91' lang='grc' dir='ltr'><strong>τις</strong></span> <span class='ocrx_word' id='word_1_609' title='bbox 1082 4911 1170 4973; x_wconf 77' lang='grc' dir='ltr'>ἂν,</span> <span class='ocrx_word' id='word_1_610' title='bbox 1199 4908 1380 4977; x_wconf 79' lang='grc' dir='ltr'>οὖτιγε</span> <span class='ocrx_word' id='word_1_611' title='bbox 1423 4906 1488 4978; x_wconf 80' lang='grc' dir='ltr'>δὴ</span> <span class='ocrx_word' id='word_1_612' title='bbox 1525 4907 1605 4977; x_wconf 85' lang='grc' dir='ltr'>τῷ</span> <span class='ocrx_word' id='word_1_613' title='bbox 1632 4901 1957 4978; x_wconf 84' lang='grc' dir='ltr'>πληρώματι</span> 
     </span>
    </p>
   </div>
   <div class='ocr_carea' id='block_1_94' title="bbox 2058 4891 3620 4986">
    <p class='ocr_par' dir='ltr' id='par_1_94' title="bbox 2059 4891 3620 4969">
     <span class='ocr_line' id='line_1_94' title="bbox 2059 4891 3620 4969; baseline -0.006 -14"><span class='ocrx_word' id='word_1_614' title='bbox 2059 4901 2267 4956; x_wconf 89' lang='lat' dir='ltr'><strong>diceret</strong></span> <span class='ocrx_word' id='word_1_615' title='bbox 2293 4898 2587 4969; x_wconf 88' lang='lat' dir='ltr'><strong>quispiam,</strong></span> <span class='ocrx_word' id='word_1_616' title='bbox 2640 4911 2752 4951; x_wconf 84' lang='lat' dir='ltr'><strong>non</strong></span> <span class='ocrx_word' id='word_1_617' title='bbox 2776 4909 2909 4950; x_wconf 83' lang='lat' dir='ltr'><strong>vero</strong></span> <span class='ocrx_word' id='word_1_618' title='bbox 2935 4893 3260 4964; x_wconf 83' lang='lat' dir='ltr'><strong>plenitudini</strong></span> <span class='ocrx_word' id='word_1_619' title='bbox 3293 4891 3620 4955; x_wconf 80' lang='lat' dir='ltr'><strong>divinitatis,</strong></span> 
     </span>
    </p>
   </div>
   <div class='ocr_carea' id='block_1_95' title="bbox 395 4983 1957 5081">
    <p class='ocr_par' dir='ltr' id='par_1_95' title="bbox 395 4983 1957 5081">
     <span class='ocr_line' id='line_1_95' title="bbox 395 4983 1957 5081; baseline -0.012 -17"><span class='ocrx_word' id='word_1_620' title='bbox 395 5011 494 5081; x_wconf 83' lang='grc' dir='ltr'><strong>τῆς</strong></span> <span class='ocrx_word' id='word_1_621' title='bbox 531 4983 867 5078; x_wconf 55' lang='grc' dir='ltr'>θεότητος,νῆ</span> <span class='ocrx_word' id='word_1_622' title='bbox 1019 4999 1285 5070; x_wconf 80' lang='grc' dir='ltr'>ἀξιώματι</span> <span class='ocrx_word' id='word_1_623' title='bbox 1323 5000 1423 5069; x_wconf 79' lang='grc' dir='ltr'>τῆς</span> <span class='ocrx_word' id='word_1_624' title='bbox 1453 4996 1712 5052; x_wconf 76' lang='grc' dir='ltr'>ἀνωτάτω</span> <span class='ocrx_word' id='word_1_625' title='bbox 1751 4993 1957 5064; x_wconf 79' lang='grc' dir='ltr'>σοφίας,</span> 
     </span>
    </p>
   </div>
   <div class='ocr_carea' id='block_1_96' title="bbox 2058 4983 3619 5081">
    <p class='ocr_par' dir='ltr' id='par_1_96' title="bbox 2060 4983 3619 5060">
     <span class='ocr_line' id='line_1_96' title="bbox 2060 4983 3619 5060; baseline -0.007 -13"><span class='ocrx_word' id='word_1_626' title='bbox 2060 4999 2158 5047; x_wconf 90' lang='lat' dir='ltr'><strong>aut</strong></span> <span class='ocrx_word' id='word_1_627' title='bbox 2187 5005 2414 5047; x_wconf 69' lang='lat' dir='ltr'><strong>summa:</strong></span> <span class='ocrx_word' id='word_1_628' title='bbox 2437 4989 2732 5060; x_wconf 65' lang='lat' dir='ltr'><strong>Sapientia;</strong></span> <span class='ocrx_word' id='word_1_629' title='bbox 2764 4985 3036 5058; x_wconf 77' lang='lat' dir='ltr'><strong>dignitati,</strong></span> <span class='ocrx_word' id='word_1_630' title='bbox 3067 4991 3163 5039; x_wconf 84' lang='lat' dir='ltr'><strong>aut</strong></span> <span class='ocrx_word' id='word_1_631' title='bbox 3192 4983 3242 5038; x_wconf 88' lang='lat' dir='ltr'><strong>ei</strong></span> <span class='ocrx_word' id='word_1_632' title='bbox 3271 4983 3386 5052; x_wconf 87' lang='lat' dir='ltr'><strong>qui.</strong></span> <span class='ocrx_word' id='word_1_633' title='bbox 3418 4997 3619 5038; x_wconf 83' lang='lat' dir='ltr'><strong>secun-</strong></span> 
     </span>
    </p>
   </div>
   <div class='ocr_carea' id='block_1_97' title="bbox 397 5074 1957 5172">
    <p class='ocr_par' dir='ltr' id='par_1_97' title="bbox 397 5074 1957 5172">
     <span class='ocr_line' id='line_1_97' title="bbox 397 5074 1957 5172; baseline -0.012 -15"><span class='ocrx_word' id='word_1_634' title='bbox 397 5101 434 5171; x_wconf 71' lang='grc' dir='ltr'><strong>ἣ</strong></span> <span class='ocrx_word' id='word_1_635' title='bbox 453 5074 538 5172; x_wconf 42' lang='grc' dir='ltr'><strong>’τῷ</strong></span> <span class='ocrx_word' id='word_1_636' title='bbox 553 5100 650 5154; x_wconf 71' lang='grc' dir='ltr'><strong>ἐπὶ</strong></span> <span class='ocrx_word' id='word_1_637' title='bbox 667 5074 928 5160; x_wconf 64' lang='grc' dir='ltr'>πάντων,</span> <span class='ocrx_word' id='word_1_638' title='bbox 945 5093 1085 5148; x_wconf 83' lang='grc' dir='ltr'>κατὰ</span> <span class='ocrx_word' id='word_1_639' title='bbox 1106 5092 1197 5146; x_wconf 80' lang='grc' dir='ltr'>τὸν</span> <span class='ocrx_word' id='word_1_640' title='bbox 1213 5090 1442 5154; x_wconf 79' lang='grc' dir='ltr'>Παῦλον,</span> <span class='ocrx_word' id='word_1_641' title='bbox 1466 5087 1794 5162; x_wconf 79' lang='grc' dir='ltr'>γραφομένῳ</span> <span class='ocrx_word' id='word_1_642' title='bbox 1821 5084 1957 5150; x_wconf 86' lang='grc' dir='ltr'><strong>Θεῷ.</strong></span> 
     </span>
    </p>
   </div>
   <div class='ocr_carea' id='block_1_98' title="bbox 2058 5074 3515 5172">
    <p class='ocr_par' dir='ltr' id='par_1_98' title="bbox 2062 5074 3515 5149">
     <span class='ocr_line' id='line_1_98' title="bbox 2062 5074 3515 5149; baseline -0.009 -11"><span class='ocrx_word' id='word_1_643' title='bbox 2062 5083 2194 5139; x_wconf 87' lang='lat' dir='ltr'><strong>dum</strong></span> <span class='ocrx_word' id='word_1_644' title='bbox 2219 5081 2448 5137; x_wconf 85' lang='lat' dir='ltr'><strong>Paulum</strong></span> <span class='ocrx_word' id='word_1_645' title='bbox 2475 5081 2546 5146; x_wconf 77' lang='grc'><strong>⁸⁸,</strong></span> <span class='ocrx_word' id='word_1_646' title='bbox 2581 5079 2820 5149; x_wconf 84' lang='lat' dir='ltr'><strong>scriptus</strong></span> <span class='ocrx_word' id='word_1_647' title='bbox 2848 5084 2934 5132; x_wconf 77' lang='lat' dir='ltr'><strong>est</strong></span> <span class='ocrx_word' id='word_1_648' title='bbox 2967 5076 3108 5131; x_wconf 82' lang='lat' dir='ltr'><strong>Deus</strong></span> <span class='ocrx_word' id='word_1_649' title='bbox 3142 5089 3296 5145; x_wconf 82' lang='lat' dir='ltr'><strong>super</strong></span> <span class='ocrx_word' id='word_1_650' title='bbox 3316 5074 3515 5131; x_wconf 82' lang='lat' dir='ltr'><strong>omnia.</strong></span> 
     </span>
    </p>
   </div>
   <div class='ocr_carea' id='block_1_99' title="bbox 1751 5195 2257 5262">
    <p class='ocr_par' dir='ltr' id='par_1_99' title="bbox 1751 5195 2257 5262">
     <span class='ocr_line' id='line_1_99' title="bbox 1751 5195 2257 5262; baseline -0.002 -9"><span class='ocrx_word' id='word_1_651' title='bbox 1751 5197 1958 5262; x_wconf 76' lang='lat' dir='ltr'><strong>IBIDEII,</strong></span> <span class='ocrx_word' id='word_1_652' title='bbox 1990 5211 2108 5252; x_wconf 68' lang='lat' dir='ltr'><strong>mc.</strong></span> <span class='ocrx_word' id='word_1_653' title='bbox 2135 5195 2257 5257; x_wconf 73' lang='lat'><strong>15.8.</strong></span> 
     </span>
    </p>
   </div>
   <div class='ocr_carea' id='block_1_100' title="bbox 663 5302 1957 5387">
    <p class='ocr_par' dir='ltr' id='par_1_100' title="bbox 663 5316 1692 5387">
     <span class='ocr_line' id='line_1_100' title="bbox 663 5316 1692 5387; baseline -0.012 -7"><span class='ocrx_word' id='word_1_654' title='bbox 663 5323 773 5381; x_wconf 84' lang='grc' dir='ltr'>Τοῦ</span> <span class='ocrx_word' id='word_1_655' title='bbox 802 5322 1010 5387; x_wconf 83' lang='grc' dir='ltr'>αὐτοῦ,</span> <span class='ocrx_word' id='word_1_656' title='bbox 1040 5321 1108 5375; x_wconf 82' lang='grc' dir='ltr'><strong><em>ἐκ</em></strong></span> <span class='ocrx_word' id='word_1_657' title='bbox 1133 5318 1240 5374; x_wconf 84' lang='grc' dir='ltr'><strong>τοῦ</strong></span> <span class='ocrx_word' id='word_1_658' title='bbox 1266 5316 1452 5373; x_wconf 84' lang='grc' dir='ltr'>αὐτοῦ</span> <span class='ocrx_word' id='word_1_659' title='bbox 1484 5317 1692 5386; x_wconf 70' lang='grc' dir='ltr'>λόγου.</span> 
     </span>
    </p>
   </div>
   <div class='ocr_carea' id='block_1_101' title="bbox 2058 5302 3270 5387">
    <p class='ocr_par' dir='ltr' id='par_1_101' title="bbox 2421 5302 3270 5376">
     <span class='ocr_line' id='line_1_101' title="bbox 2421 5302 3270 5376; baseline -0.011 -11"><span class='ocrx_word' id='word_1_660' title='bbox 2421 5304 2696 5376; x_wconf 77' lang='lat' dir='ltr'><strong>Ejusdem.</strong></span> <span class='ocrx_word' id='word_1_661' title='bbox 2730 5317 2799 5364; x_wconf 67' lang='lat' dir='ltr'><strong>ex</strong></span> <span class='ocrx_word' id='word_1_662' title='bbox 2817 5302 2996 5364; x_wconf 74' lang='lat' dir='ltr'><strong>eodem</strong></span> <span class='ocrx_word' id='word_1_663' title='bbox 3010 5309 3270 5362; x_wconf 64' lang='lat' dir='ltr'><strong>oratione.</strong></span> 
     </span>
    </p>
   </div>
   <div class='ocr_carea' id='block_1_102' title="bbox 468 5393 1957 5486">
    <p class='ocr_par' dir='ltr' id='par_1_102' title="bbox 468 5406 1957 5486">
     <span class='ocr_line' id='line_1_102' title="bbox 468 5406 1957 5486; baseline -0.009 -16"><span class='ocrx_word' id='word_1_664' title='bbox 468 5411 635 5479; x_wconf 68' lang='grc' dir='ltr'>Οὗτος</span> <span class='ocrx_word' id='word_1_665' title='bbox 665 5415 760 5486; x_wconf 83' lang='grc' dir='ltr'>μὲν</span> <span class='ocrx_word' id='word_1_666' title='bbox 803 5414 866 5486; x_wconf 84' lang='grc' dir='ltr'>δὴ</span> <span class='ocrx_word' id='word_1_667' title='bbox 904 5415 1002 5485; x_wconf 84' lang='grc' dir='ltr'>τῆς</span> <span class='ocrx_word' id='word_1_668' title='bbox 1054 5409 1337 5472; x_wconf 77' lang='grc' dir='ltr'>ἀσθενείας</span> <span class='ocrx_word' id='word_1_669' title='bbox 1365 5410 1394 5463; x_wconf 86' lang='grc' dir='ltr'>ὁ</span> <span class='ocrx_word' id='word_1_670' title='bbox 1430 5409 1650 5481; x_wconf 86' lang='grc' dir='ltr'>τρόπος,</span> <span class='ocrx_word' id='word_1_671' title='bbox 1689 5407 1755 5460; x_wconf 82' lang='grc' dir='ltr'><strong>δι’</strong></span> <span class='ocrx_word' id='word_1_672' title='bbox 1781 5406 1839 5459; x_wconf 80' lang='grc' dir='ltr'>ὃν</span> <span class='ocrx_word' id='word_1_673' title='bbox 1881 5406 1957 5468; x_wconf 87' lang='grc' dir='ltr'>εἱς</span> 
     </span>
    </p>
   </div>
   <div class='ocr_carea' id='block_1_103' title="bbox 2058 5393 3627 5486">
    <p class='ocr_par' dir='ltr' id='par_1_103' title="bbox 2132 5393 3627 5471">
     <span class='ocr_line' id='line_1_103' title="bbox 2132 5393 3627 5471; baseline -0.008 -16"><span class='ocrx_word' id='word_1_674' title='bbox 2132 5401 2234 5456; x_wconf 84' lang='lat' dir='ltr'><strong>Hic</strong></span> <span class='ocrx_word' id='word_1_675' title='bbox 2286 5413 2431 5471; x_wconf 80' lang='lat' dir='ltr'><strong>sane</strong></span> <span class='ocrx_word' id='word_1_676' title='bbox 2472 5405 2559 5454; x_wconf 87' lang='lat' dir='ltr'><strong>est</strong></span> <span class='ocrx_word' id='word_1_677' title='bbox 2609 5394 2944 5450; x_wconf 78' lang='lat' dir='ltr'><strong>infirmitatis</strong></span> <span class='ocrx_word' id='word_1_678' title='bbox 2977 5393 3191 5456; x_wconf 90' lang='lat' dir='ltr'><strong>modus,</strong></span> <span class='ocrx_word' id='word_1_679' title='bbox 3222 5406 3318 5461; x_wconf 89' lang='lat' dir='ltr'><strong>per</strong></span> <span class='ocrx_word' id='word_1_680' title='bbox 3346 5404 3505 5459; x_wconf 88' lang='lat' dir='ltr'><strong>quem</strong></span> <span class='ocrx_word' id='word_1_681' title='bbox 3537 5402 3627 5444; x_wconf 76' lang='lat' dir='ltr'><strong>se-</strong></span> 
     </span>
    </p>
   </div>
   <div class='ocr_carea' id='block_1_104' title="bbox 399 5481 1957 5576">
    <p class='ocr_par' dir='ltr' id='par_1_104' title="bbox 399 5481 1957 5576">
     <span class='ocr_line' id='line_1_104' title="bbox 399 5481 1957 5576; baseline -0.01 -11"><span class='ocrx_word' id='word_1_682' title='bbox 399 5510 624 5564; x_wconf 85' lang='grc' dir='ltr'>θάνατον</span> <span class='ocrx_word' id='word_1_683' title='bbox 666 5481 970 5576; x_wconf 28' lang='grc' dir='ltr'>*γράφεται*</span> <span class='ocrx_word' id='word_1_684' title='bbox 1000 5503 1139 5559; x_wconf 87' lang='grc' dir='ltr'><strong>κατά</strong></span> <span class='ocrx_word' id='word_1_685' title='bbox 1187 5502 1280 5554; x_wconf 81' lang='grc' dir='ltr'>τὸν</span> <span class='ocrx_word' id='word_1_686' title='bbox 1329 5499 1542 5554; x_wconf 88' lang='grc' dir='ltr'>Παῦλον</span> <span class='ocrx_word' id='word_1_687' title='bbox 1585 5497 1830 5569; x_wconf 85' lang='grc' dir='ltr'>ἀφῖχθαι.</span> <span class='ocrx_word' id='word_1_688' title='bbox 1872 5494 1957 5564; x_wconf 68' lang='lat' dir='ltr'><strong>lii</strong></span> 
     </span>
    </p>
   </div>
   <div class='ocr_carea' id='block_1_105' title="bbox 2058 5481 3624 5576">
    <p class='ocr_par' dir='ltr' id='par_1_105' title="bbox 2061 5481 3624 5552">
     <span class='ocr_line' id='line_1_105' title="bbox 2061 5481 3624 5552; baseline -0.011 -2"><span class='ocrx_word' id='word_1_689' title='bbox 2061 5494 2300 5550; x_wconf 77' lang='lat' dir='ltr'><strong>cundum</strong></span> <span class='ocrx_word' id='word_1_690' title='bbox 2331 5491 2555 5546; x_wconf 77' lang='lat' dir='ltr'><strong>Paulum</strong></span> <span class='ocrx_word' id='word_1_691' title='bbox 2586 5488 2656 5552; x_wconf 86' lang='grc'><strong>⁸⁸.</strong></span> <span class='ocrx_word' id='word_1_692' title='bbox 2694 5487 2760 5542; x_wconf 92' lang='lat' dir='ltr'><strong>ad</strong></span> <span class='ocrx_word' id='word_1_693' title='bbox 2793 5494 3024 5540; x_wconf 87' lang='lat' dir='ltr'><strong>mortem</strong></span> <span class='ocrx_word' id='word_1_694' title='bbox 3076 5483 3295 5540; x_wconf 74' lang='lat' dir='ltr'><strong>venisse</strong></span> <span class='ocrx_word' id='word_1_695' title='bbox 3343 5481 3624 5539; x_wconf 79' lang='lat' dir='ltr'><strong>scribitur.</strong></span> 
     </span>
    </p>
   </div>
   <div class='ocr_carea' id='block_1_106' title="bbox 399 5577 1957 5674">
    <p class='ocr_par' dir='ltr' id='par_1_106' title="bbox 399 5591 1957 5674">
     <span class='ocr_line' id='line_1_106' title="bbox 399 5591 1957 5674; baseline -0.009 -17"><span class='ocrx_word' id='word_1_696' title='bbox 399 5602 503 5674; x_wconf 82' lang='grc' dir='ltr'><strong>γὰρ</strong></span> <span class='ocrx_word' id='word_1_697' title='bbox 527 5600 596 5654; x_wconf 83' lang='grc' dir='ltr'><strong><em>ἐκ</em></strong></span> <span class='ocrx_word' id='word_1_698' title='bbox 615 5597 918 5666; x_wconf 81' lang='grc' dir='ltr'>δυνάμεως</span> <span class='ocrx_word' id='word_1_699' title='bbox 949 5597 1117 5662; x_wconf 83' lang='grc' dir='ltr'>Θεοῦ,</span> <span class='ocrx_word' id='word_1_700' title='bbox 1143 5595 1220 5668; x_wconf 85' lang='grc' dir='ltr'><strong>τῷ</strong></span> <span class='ocrx_word' id='word_1_701' title='bbox 1257 5593 1386 5666; x_wconf 88' lang='grc' dir='ltr'>θείῳ</span> <span class='ocrx_word' id='word_1_702' title='bbox 1412 5593 1687 5665; x_wconf 86' lang='grc' dir='ltr'>Πνεύματι</span> <span class='ocrx_word' id='word_1_703' title='bbox 1722 5591 1957 5664; x_wconf 79' lang='grc' dir='ltr'>δηλονότι</span> 
     </span>
    </p>
   </div>
   <div class='ocr_carea' id='block_1_107' title="bbox 2058 5577 3628 5674">
    <p class='ocr_par' dir='ltr' id='par_1_107' title="bbox 2072 5577 3628 5654">
     <span class='ocr_line' id='line_1_107' title="bbox 2072 5577 3628 5654; baseline -0.001 -13"><span class='ocrx_word' id='word_1_704' title='bbox 2072 5589 2211 5648; x_wconf 76' lang='lat' dir='ltr'><strong>Vivit</strong></span> <span class='ocrx_word' id='word_1_705' title='bbox 2247 5588 2390 5643; x_wconf 87' lang='lat' dir='ltr'><strong>enim</strong></span> <span class='ocrx_word' id='word_1_706' title='bbox 2437 5600 2503 5640; x_wconf 75' lang='lat' dir='ltr'><strong>ea;</strong></span> <span class='ocrx_word' id='word_1_707' title='bbox 2556 5585 2748 5639; x_wconf 75' lang='lat' dir='ltr'><strong>virtute</strong></span> <span class='ocrx_word' id='word_1_708' title='bbox 2797 5580 2922 5645; x_wconf 81' lang='lat' dir='ltr'><strong>Dsi,</strong></span> <span class='ocrx_word' id='word_1_709' title='bbox 2965 5580 3061 5654; x_wconf 88' lang='lat' dir='ltr'><strong>qui</strong></span> <span class='ocrx_word' id='word_1_710' title='bbox 3109 5594 3217 5635; x_wconf 86' lang='lat' dir='ltr'><strong>una</strong></span> <span class='ocrx_word' id='word_1_711' title='bbox 3269 5594 3394 5636; x_wconf 89' lang='lat' dir='ltr'><strong>cum</strong></span> <span class='ocrx_word' id='word_1_712' title='bbox 3440 5577 3628 5638; x_wconf 59' lang='lat' dir='ltr'><strong>divino</strong></span> 
     </span>
    </p>
   </div>
   <div class='ocr_carea' id='block_1_108' title="bbox 496 5734 1957 5824">
    <p class='ocr_par' dir='ltr' id='par_1_108' title="bbox 496 5745 1941 5824">
     <span class='ocr_line' id='line_1_108' title="bbox 496 5745 1941 5824; baseline -0.009 -13"><span class='ocrx_word' id='word_1_713' title='bbox 496 5754 678 5812; x_wconf 69' lang='lat' dir='ltr'><strong>&quot;Act.</strong></span> <span class='ocrx_word' id='word_1_714' title='bbox 709 5769 766 5812; x_wconf 83' lang='lat' dir='ltr'><strong>ll.</strong></span> <span class='ocrx_word' id='word_1_715' title='bbox 796 5750 887 5806; x_wconf 77' lang='lat'><strong>36.</strong></span> <span class='ocrx_word' id='word_1_716' title='bbox 987 5750 1032 5784; x_wconf 80' lang='grc'><strong>⁸⁸</strong></span> <span class='ocrx_word' id='word_1_717' title='bbox 1057 5749 1219 5804; x_wconf 83' lang='lat' dir='ltr'><strong>Joau.</strong></span> <span class='ocrx_word' id='word_1_718' title='bbox 1260 5763 1317 5804; x_wconf 76' lang='grc' dir='ltr'>ι.</span> <span class='ocrx_word' id='word_1_719' title='bbox 1355 5747 1439 5802; x_wconf 82' lang='grc'><strong>18.</strong></span> <span class='ocrx_word' id='word_1_720' title='bbox 1511 5747 1614 5824; x_wconf 22' lang='grc'><strong>⁸⁸11</strong></span> <span class='ocrx_word' id='word_1_721' title='bbox 1642 5745 1765 5804; x_wconf 84' lang='lat' dir='ltr'><strong>Cor.</strong></span> <span class='ocrx_word' id='word_1_722' title='bbox 1800 5762 1856 5810; x_wconf 75' lang='lat' dir='ltr'><strong>li,</strong></span> <span class='ocrx_word' id='word_1_723' title='bbox 1885 5745 1941 5801; x_wconf 82' lang='grc'>8.</span> 
     </span>
    </p>
   </div>
   <div class='ocr_carea' id='block_1_109' title="bbox 2058 5734 3060 5824">
    <p class='ocr_par' dir='ltr' id='par_1_109' title="bbox 2058 5734 3060 5806">
     <span class='ocr_line' id='line_1_109' title="bbox 2058 5734 3060 5806; baseline -0.014 -4"><span class='ocrx_word' id='word_1_724' title='bbox 2058 5740 2243 5801; x_wconf 75' lang='lat' dir='ltr'><strong>‘Rom.</strong></span> <span class='ocrx_word' id='word_1_725' title='bbox 2283 5757 2357 5806; x_wconf 75' lang='lat' dir='ltr'><strong>Ix,</strong></span> <span class='ocrx_word' id='word_1_726' title='bbox 2391 5739 2442 5799; x_wconf 82' lang='lat'><strong>5.</strong></span> <span class='ocrx_word' id='word_1_727' title='bbox 2517 5739 2562 5771; x_wconf 79' lang='lat'><strong>“</strong></span> <span class='ocrx_word' id='word_1_728' title='bbox 2599 5735 2660 5797; x_wconf 87' lang='grc'><strong><em>11</em></strong></span> <span class='ocrx_word' id='word_1_729' title='bbox 2692 5735 2815 5793; x_wconf 92' lang='lat' dir='ltr'><strong>Cor.</strong></span> <span class='ocrx_word' id='word_1_730' title='bbox 2857 5753 2974 5800; x_wconf 70' lang='lat' dir='ltr'><strong>xm,</strong></span> <span class='ocrx_word' id='word_1_731' title='bbox 3009 5734 3060 5788; x_wconf 73' lang='grc'>4.</span> 
     </span>
    </p>
   </div>
   <div class='ocr_carea' id='block_1_110' title="bbox 747 5825 1957 5906">
    <p class='ocr_par' dir='ltr' id='par_1_110' title="bbox 747 5837 1462 5906">
     <span class='ocr_line' id='line_1_110' title="bbox 747 5837 1462 5906; baseline -0.01 -3"><span class='ocrx_word' id='word_1_732' title='bbox 747 5843 1022 5904; x_wconf 66' lang='grc' dir='ltr'>Ριτιιοι..</span> <span class='ocrx_word' id='word_1_733' title='bbox 1074 5839 1193 5903; x_wconf 74' lang='lat' dir='ltr'><strong>Gn.</strong></span> <span class='ocrx_word' id='word_1_734' title='bbox 1240 5837 1462 5906; x_wconf 76' lang='lat' dir='ltr'><strong>XVIII.</strong></span> 
     </span>
    </p>
   </div>
   <div class='ocr_carea' id='block_1_111' title="bbox 2058 5825 3280 5906">
    <p class='ocr_par' dir='ltr' id='par_1_111' title="bbox 3201 5825 3280 5892">
     <span class='ocr_line' id='line_1_111' title="bbox 3201 5825 3280 5892; baseline 0 0"><span class='ocrx_word' id='word_1_735' title='bbox 3201 5825 3280 5892; x_wconf 76' lang='grc'><strong>22</strong></span> 
     </span>
    </p>
   </div>
  </div>
