4112 6438
521 336 628 391 683

1501 332 1560 387 S.
1601 328 1965 386 EUSTATHII
1996 327 2302 384 EPISCOPI
2341 327 2757 384 ANTIOCIIENI

3643 324 3749 382 684

524 452 730 524 Spiritu
759 459 1006 506 versatur
1031 450 1194 506 homo
1221 493 1233 515 ,
1270 451 1524 521 quoniam
1559 459 1612 506 et
1640 453 1894 505 virtutem
1922 451 2081 505 Altis-

2194 445 2636 516 συνδιαιτώμενος
2687 447 2716 497 6
2770 442 3080 514 ἄνθρωπος·
3141 442 3325 514 ἐπειδὴ
3375 441 3468 496 καὶ
3521 441 3753 513 δύναμις

524 539 644 598 simi
675 557 817 604 esse,
862 543 955 614 qui
985 541 1040 594 iu
1087 542 1206 610 ipso
1249 541 1514 607 creditur,
1547 558 1613 597 ex
1642 541 2074 612 praecedentibus

523 635 757 691 decretis
787 640 1068 689 ostensum
1099 641 1203 687 est.

2193 539 2445 608 Ὑψίστου
2485 541 2514 591 ὁ
2555 541 2610 590 ἐν
2640 535 2788 604 αὐτῷ
2825 535 3228 605 πιστευόμενος,
3263 534 3402 588 κατὰ
3441 534 3564 596 τοὺς
3609 533 3751 603 φθά-

2187 649 2385 695 σαντας
2414 633 2573 703 ὅρους
2601 629 2991 682 ἀποδέδεικται.

2035 743 2239 798 Imm-nr.

875 861 1147 932 Ejusdem,
1171 875 1236 916 ea:
1259 860 1439 916 eadem
1472 863 1708 916 oratione

593 959 748 1026 Quod
771 957 819 1012 si
845 957 1081 1028 Virginis
1110 967 1320 1011 uterum
1378 957 1686 1027 ingressus,
1734 971 1840 1010 non
1887 955 2084 1010 minuit

520 1061 865 1127 potestatem,
899 1067 1001 1108 nec
1039 1066 1261 1121 corpore
1311 1051 1456 1119 ligno
1484 1049 1664 1104 crucis
1696 1049 1875 1112 aﬁixo,
1919 1047 2084 1118 spiri»

519 1161 611 1205 tus
642 1148 920 1220 polluitur.
958 1144 1170 1215 Corpus
1198 1142 1340 1198 enim
1376 1141 1605 1196 sublime
1659 1141 1713 1194 in
1757 1155 1919 1195 cruce
1948 1155 2084 1209 pen-

521 1243 701 1304 debat,
735 1239 953 1294 divinus
975 1253 1104 1292 vero
1135 1234 1426 1305 Sapientia:
1457 1233 1685 1303 spiritus
1716 1240 1769 1287 et
1793 1233 1936 1286 intra
1954 1245 2079 1287 σοι’-

524 1351 624 1406 pus
649 1332 992 1390 versabatur.
1023 1338 1075 1383 et
1105 1330 1158 1382 in
1186 1326 1498 1382 caelestibus
1525 1326 1812 1388 insidebat.
1833 1337 1883 1380 et
1915 1335 2080 1379 totam

522 1439 720 1483 terram
759 1425 1089 1486 continebat,
1129 1430 1184 1477 et
1215 1421 1428 1492 abyssis
1462 1419 1782 1489 imperabat,
1812 1426 1866 1472 et
1894 1419 2082 1489 singu-

526 1523 700 1574 lorum
733 1519 942 1572 animas
998 1516 1340 1584 perlustrans
1391 1511 1691 1581 judicabat,
1723 1518 1776 1565 et
1806 1511 1986 1564 omnia
2023 1519 2082 1564 ut

522 1613 664 1667 Deus
689 1611 756 1664 de
787 1625 937 1664 more
964 1606 1400 1661 administrabat.
1426 1603 1535 1658 Nec
1569 1603 1714 1657 enini
1748 1603 1888 1656 intra
1913 1604 2081 1657 moles

519 1716 810 1772 corporeas
844 1713 1094 1769 suprema
1149 1697 1426 1767 Sapientia
1486 1697 1696 1752 inclusa
1745 1695 2076 1759 continetur,

2458 854 2568 909 Τοῦ
2599 854 2804 918 αὑτοῦ,
2835 854 2903 908 ἐκ
2933 853 3036 907 τοῦ
3066 853 3251 907 αὑτοῦ
3278 854 3482 923 λόγου.

2261 949 2325 1002 Εἰ
2354 947 2410 1001 δὲ
2453 947 2551 1016 τῆς
2603 945 2934 1017 παρθενικῆς
2987 945 3348 1008 ἐπιϐατεύσας
3395 947 3604 1018 μήτρας
3651 947 3753 1002 οὐκ

2189 1037 2420 1109 ἐμείωσε
2465 1037 2564 1107 τὴν
2610 1035 2876 1102 ἐξουσίαν,
2924 1034 3043 1088 οὐδὲ
3093 1035 3169 1104 τῷ
3201 1033 3340 1105 ξύλῳ
3379 1035 3472 1086 τοῦ
3517 1037 3751 1107 σταυροῦ

2190 1129 2597 1201 προσπαγὲντος
2638 1126 2732 1180 τοῦ
2789 1126 3056 1197 σώματος,
3091 1127 3369 1197 χραίνεται
3409 1127 3469 1180 τὸ
3512 1127 3749 1199 πνεῦμα.

2186 1222 2259 1273 Τὸ
2297 1221 2393 1291 μὲν
2419 1219 2526 1290 γάρ
2551 1218 2707 1290 σῶμα
2739 1219 3024 1289 μετάρσιον
3047 1218 3369 1288 ὲσταυροῦτο
3387 1234 3400 1248 '
3431 1217 3489 1270 τὸ
3527 1218 3584 1270 δὲ
3611 1219 3753 1274 θεῖον

2185 1313 2282 1383 τῆς
2313 1312 2501 1380 σοφίας
2551 1310 2765 1381 πνεῦμα
2796 1311 2888 1363 καὶ
2925 1308 3018 1362 τοῦ
3070 1307 3319 1380 σώματος
3352 1308 3482 1362 εἵσω
3509 1309 3750 1382 διῃτᾶτο,

2187 1401 2280 1453 καὶ
2315 1404 2426 1464 τοῖς
2472 1401 2742 1470 οΰρανίοις
2783 1399 3100 1462 ὲπεϐάτευε,
3147 1401 3240 1453 καὶ
3285 1401 3468 1453 πᾶσαν
3511 1403 3749 1471 περιεῖχε

2185 1491 2281 1563 τὴν
2307 1493 2428 1563 γῆν,
2464 1495 2557 1545 καί
2582 1491 2688 1545 τῶν
2712 1491 2960 1544 ἀϐύσσων
2994 1492 3234 1563 ἐκράτει,
3261 1493 3355 1545 καὶ
3383 1492 3480 1555 τὰς
3507 1493 3752 1546 ἑκάστων

2187 1581 2363 1651 ψυχὰς
2397 1580 2688 1650 ἀνιχνεύων
2720 1580 2970 1650 διέκρινε,
3005 1579 3098 1633 καὶ
3131 1579 3307 1632 πάντα
3339 1577 3472 1650 ὁμοῦ
3507 1576 3750 1649 συνήθως

2187 1668 2274 1725 οἷα
2313 1672 2443 1735 Θεὸς
2498 1671 2782 1742 ἔπραττεν.
2832 1673 2904 1725 Οὑ
2941 1673 3049 1744 γὰρ
3090 1671 3219 1724 εἴσω
3266 1672 3374 1724 τῶν
3426 1671 3751 1741 σωματικῶν

519 1795 660 1846 sicut
687 1791 907 1844 humida
935 1797 989 1843 et
1027 1788 1175 1843 sicca
1206 1787 1356 1840 vasis
1389 1783 1820 1844 concluduntur,
1855 1790 1909 1837 et
1953 1799 2081 1837 con-

2186 1765 2364 1832 6γκων
2409 1766 2442 1835 ἡ
2490 1763 2748 1818 ἀνωτάτω
2795 1763 2956 1832 σοφία
3006 1763 3372 1834 καθειργμένη
3419 1764 3748 1834 περιέχεται,

522 1886 758 1940 tinentur
787 1883 969 1952 potius
1010 1893 1171 1949 quam
1226 1877 1567 1947 receptacula
1607 1876 1940 1928 contineant.
1976 1870 2082 1925 Sed

519 1993 643 2031 cum
689 1975 870 2030 divina
901 1972 1146 2043 quaedam
1179 1970 1251 2026 sit
1283 1976 1337 2024 et
1388 1967 1781 2037 inexplicabilis
1818 1964 2077 2036 potentia,

519 2067 708 2119 intima
729 2073 784 2118 et
809 2063 1008 2117 extima
1030 2061 1215 2131 templi
1245 2059 1618 2129 complectens
1645 2056 1934 2112 conﬁrmat
1965 2072 1980 2117 ;
2026 2061 2081 2108 et

519 2159 646 2212 hinc
692 2157 918 2211 ulterius
980 2153 1318 2225 procedens,
1365 2151 1536 2207 moles
1585 2149 1748 2206 simul
1797 2149 2080 2202 universas

520 2251 806 2305 continens
832 2247 1165 2303 moderatur.

2186 1856 2434 1927 καθάπερ
2475 1855 2666 1908 αἰτῶν
2709 1855 2889 1926 ὑγρῶν
2939 1855 3032 1909 καὶ
3080 1854 3258 1926 ξηρῶν
3302 1855 3444 1918 ὗλαι,
3494 1854 3603 1909 τῶν
3653 1855 3750 1925 μὲν

2183 1949 2417 2018 ἀγγείων
2453 1948 2583 2001 εἴσω
2617 1948 3045 2010 κατακλείονται,
3079 1948 3419 2018 περιέχονται
3461 1947 3516 2000 δὲ
3554 1947 3750 2017 μᾶλλον

2183 2040 2215 2109 ἢ
2271 2040 2581 2111 περιέχουσι
2629 2041 2725 2104 τὰς
2757 2040 2948 2111 θήκας.
3000 2039 3158 2094 Ἀλλά
3201 2039 3320 2092 Θεία
3360 2057 3442 2102 τις
3473 2035 3606 2092 οὖσα
3659 2040 3751 2090 καὶ

2181 2133 2550 2202 ἀνέκφραστος
2591 2132 2838 2202 δύναμις,
2879 2133 2949 2186 τά
2978 2132 3024 2186 τ’
3061 2131 3324 2186 ἐνδοτάτω
3369 2133 3463 2184 καὶ
3499 2130 3751 2195 ἐξωτάτω

2184 2222 2276 2274 τοῦ
2312 2222 2416 2275 νεὼ
2458 2223 2956 2294 περιλαμϐάνουσα,
2991 2226 3260 2295 κραταιοῖ’
3297 2222 3589 2277 κάντεῦθεν
3621 2221 3748 2274 ἑπέ-

2187 2332 2339 2368 κεινα
2370 2315 2650 2385 διήκουσα,
2681 2315 2885 2378 πάντας
2905 2314 3036 2386 ὁμοῦ
3066 2315 3189 2378 τοὺς
3213 2316 3409 2384 δγκους
3435 2316 3624 2384 κρατεῖ
3649 2329 3748 2368 πε-

2188 2408 2369 2478 ριέχου
2379 2424 2464 2460 σα.

870 2671 1142 2742 Ejusdem,
1169 2683 1234 2722 ea:
1261 2667 1440 2722 eadem
1471 2675 1729 2721 oratione.

590 2766 646 2821 Si
676 2774 851 2820 au'em
884 2765 964 2818 sol
1000 2763 1156 2831 cujus
1185 2773 1383 2828 corpus
1418 2757 1566 2812 cerni
1593 2763 1646 2811 ct
1677 2770 1842 2810 sensu
1873 2753 2076 2825 percipi

517 2866 718 2930 potest,
751 2865 832 2911 tot
864 2863 1152 2923 tantasque
1191 2851 1393 2919 ubique
1437 2856 1706 2903 terrarum
1740 2845 1919 2900 ferens
1949 2859 2080 2899 con-

516 2951 790 3010 tumelias,
824 2961 932 3000 non
956 2952 1128 2998 mutat
1147 2941 1416 3002 ordinem,
1450 2954 1547 2992 nec
1565 2939 1730 2991 ictum
1763 2937 1932 2990 ullum
1952 2951 2080 3006 par-

517 3055 646 3093 vum
698 3050 1023 3108 magnumve
1069 3033 1254 3095 sentit,
1313 3033 1688 3099 incorpoream
1742 3027 2074 3097 Sapientiam

517 3131 684 3202 pollui
714 3129 1092 3185 existimamus
1118 3133 1172 3180 et
1198 3130 1410 3178 mutare
1437 3131 1704 3182 naturam,
1733 3119 1775 3174 si
1798 3120 1918 3189 ejus
1944 3125 2083 3173 tem-

517 3224 666 3294 plum
694 3221 843 3275 cruci
894 3218 1160 3288 alligatur,
1194 3221 1287 3269 aut
1316 3214 1746 3268 destructionem
1786 3213 2077 3272 sustineat,

516 3321 611 3366 ant
639 3312 861 3366 vulnera
895 3309 1148 3378 excipiat,
1180 3314 1274 3359 aut
1322 3305 1726 3374 corruptionem
1788 3302 2082 3356 admittat?

517 3403 625 3458 Sed
657 3405 918 3472 templum
966 3399 1183 3468 quidem
1235 3396 1469 3467 patitur;
1515 3395 1653 3449 labis
1674 3399 1854 3448 autem
1885 3408 2080 3462 expers

515 3496 842 3559 substantia,
872 3495 1018 3548 omni
1044 3507 1108 3546 ex
1141 3498 1293 3560 parte
1321 3488 1657 3559 impollutam
1684 3487 1880 3541 retinet
1902 3485 2082 3555 digni-

517 3597 701 3644 tatem.

2452 2666 2562 2720 Τοῦ
2589 2665 2799 2728 αὑτοῦ,
2832 2665 2899 2717 ἐκ
2933 2661 3039 2716 τοῦ
3071 2659 3254 2716 αὐτοῦ
3281 2662 3486 2728 λόγου.

2255 2758 2320 2812 Et
2343 2757 2388 2812 δ’
2412 2760 2440 2812 ὁ
2465 2757 2634 2830 ἥλιος,
2676 2756 2831 2826 σῶμα
2864 2755 2938 2808 ὢν
2965 2755 3160 2824 ὁρατὸν
3189 2752 3281 2806 καὶ
3307 2751 3556 2820 αἰσθήσει
3585 2765 3749 2802 κατα-

2185 2849 2410 2922 ληπτὸν,
2449 2848 2717 2910 τοσαύτας
2749 2847 2843 2900 καὶ
2878 2846 3131 2909 τοιαύτας
3172 2841 3444 2913 πανταχοῦ
3480 2841 3584 2911 γῆς
3620 2842 3753 2894 ὑπο-

2188 2943 2360 3013 μένων
2402 2940 2604 3003 αἰκίας,
2639 2939 2699 2992 οὑ
2735 2937 3056 3009 μεταϐάλλει
3086 2937 3182 3008 τὴν
3213 2936 3387 3001 τάξιν,
3415 2934 3535 2988 οὐδὲ
3567 2932 3750 2987 αἴσθε-

2182 3051 2269 3087 ται
2307 3035 2506 3104 μικρᾶς
2533 3033 2565 3102 ἢ
2601 3031 2840 3102 μεγάλης
2865 3031 3094 3101 πληγῆςο
3128 3031 3224 3101 τὴν
3251 3029 3535 3099 ἀσώματον
3562 3027 3750 3095 σοφίαν

2183 3127 2406 3197 οἰόμεθα
2436 3124 2768 3196 χραίνεσθαι,
2805 3123 2898 3177 καὶ
2935 3121 3314 3193 μεταλλάττειν
3356 3122 3453 3192 τήν
3485 3120 3664 3190 φύσιν,
3701 3119 3750 3170 εἰ

2185 3220 2212 3271 6
2240 3218 2362 3281 ναὸς
2393 3218 2559 3288 αὐτῆς
2585 3216 2798 3289 σταυρῷ
2821 3215 3203 3288 προσηλοῦται,
3231 3215 3264 3286 ἢ
3294 3213 3443 3267 λύσιν
3472 3212 3747 3284 ὑπομένει,

2185 3310 2217 3380 ἢ
2271 3311 2471 3381 τρῶσιν
2517 3310 2827 3380 ὑφίσταται,
2881 3309 2914 3380 ἢ
2967 3307 3258 3380 διαφθορὰν
3305 3307 3544 3378 δέχεται;
3592 3303 3751 3358 Ἀλλὰ

2188 3403 2381 3472 πάσχει
2417 3404 2515 3474 μὲν
2541 3405 2568 3456 6
2594 3401 2749 3466 νεὼς,
2781 3405 2814 3474 ἡ
2843 3403 2897 3456 δὲ
2929 3402 3256 3472 ἀκηλίδωτος
3283 3401 3440 3453 οὐσία
3469 3397 3753 3452 παντάπας

2190 3512 2270 3548 σιν
2297 3497 2560 3568 ἄχραντος
2581 3495 2677 3567 τὴν
2708 3495 2865 3560 ἀξίαν
2905 3495 3261 3565 καθέστηκεν.

519 3830 577 3884 In
617 3827 747 3882 illud
799 3823 1057 3880 Proverb.
1099 3837 1175 3887 Ix,
1201 3821 1236 3876 5
1268 3839 1282 3874 :
1310 3819 1577 3902 Comfdite
1604 3836 1790 3902 panem
1831 3838 2020 3902 nicum,
2069 3824 2322 3902 et__6ibite
2353 3844 2527 3902 uiuunt
2561 3829 2916 3902 quoidﬁntiscui
2939 3829 3104 3887 vobis.
3127 3858 3200 3872 -—
3234 3830 3310 3886 Ex
3347 3831 3501 3888 Actis
3529 3833 3747 3889 concilii

1435 3890 1636 3945 Nicaeni
1668 3907 1727 3954 ιι,
1760 3900 1866 3946 act.
1901 3909 1976 3956 νι,
2006 3901 2049 3948 ι’.
2075 3892 2206 3960 Vlll,
2237 3913 2360 3968 pag.
2395 3900 2531 3953 1099
2553 3890 2606 3954 et
2652 3900 2806 3955 M79.

847 4026 1025 4080 Venio
1049 4021 1322 4077 Anastasii
1351 4020 1767 4075 Bibliothecarii.

588 4148 729 4219 Ergo
761 4142 971 4214 liquido
1001 4140 1438 4195 demonstratum
1484 4144 1601 4200 est,
1635 4135 1782 4206 quod
1812 4153 2079 4207 nusquam

518 4239 777 4296 Dominus
808 4235 890 4288 vel
923 4229 1153 4302 apostoli
1196 4235 1289 4282 aut
1319 4227 1510 4282 Patres
1533 4271 1546 4295 ,
1591 4228 1880 4297 imaginem
1927 4231 2082 4286 dixe-

515 4336 642 4384 runt
671 4325 998 4382 sacriﬁcium
1026 4323 1146 4378 sine
1167 4319 1430 4392 sanguine
1447 4319 1591 4389 quod
1617 4335 1712 4389 per
1741 4322 2078 4376 sacerdotem

514 4421 759 4481 oﬂ'ertur,
791 4416 885 4472 sed
917 4416 1094 4485 ipsum
1123 4427 1322 4483 corpus
1345 4412 1593 4481 etipsum
1626 4413 1967 4482 sanguinem.
2013 4414 2079 4468 Et
2112 4450 2155 4504 Β

513 4520 638 4566 ante
651 4507 1097 4565 sanctiﬁcationis
1113 4504 1331 4574 quidem
1351 4503 2012 4575 celebrationem,typos(l
2023 4505 2078 4576 9)

513 4599 836 4670 quibusdam
867 4595 966 4652 SS.
1001 4595 1223 4650 Patrum
1264 4593 1380 4649 haec
1423 4594 1510 4664 pie
1552 4594 1728 4648 visum
1773 4602 1857 4648 est
1905 4596 2082 4650 nomi-

511 4708 678 4759 nare;
719 4705 951 4761 quorum
988 4695 1072 4744 est
1104 4686 1422 4742 Eustathius
1469 4693 1842 4756 propugnator
1886 4687 2078 4742 ortho-

510 4784 664 4838 doxae
690 4782 810 4837 ﬁdei
835 4789 890 4836 et
911 4779 1123 4834 Arianae
1146 4779 1457 4834 destructor
1475 4777 1727 4842 vesania,
1751 4785 1806 4831 et
1825 4776 2078 4846 Basilius,

511 4875 755 4944 ejusdem
791 4873 1024 4941 infelicis
1045 4871 1452 4942 superstitionis
1482 4869 1781 4939 depositor,
1809 4869 1902 4940 qui
1921 4886 2081 4926 omne

509 4967 652 5036 quod
701 4967 804 5021 sub
847 4965 962 5020 solc
1003 4969 1125 5026 est,
1175 4963 1392 5032 planam
1445 4967 1720 5015 rectorum
1765 4959 2078 5032 dogmatum

510 5061 684 5114 basim
755 5057 992 5112 edocuit.
1057 5057 1137 5110 Ex
1183 5069 1294 5109 uno
1344 5051 1491 5107 enim
1540 5051 1841 5122 eodemque
1884 5053 2079 5122 spiritu

508 5154 876 5224 disputantes,
901 5165 1044 5204 unus
1065 5148 1284 5218 quidem
1314 5162 1502 5202 eorum
1536 5146 1903 5215 interpretans
1931 5145 2084 5200 Salo-

508 5243 818 5296 moniacum
849 5240 1054 5293 dictum
1088 5237 1234 5308 quod
1271 5238 1327 5291 in
1356 5235 1668 5291 Proverbiis
1711 5236 1906 5306 legitur
1936 5253 1949 5288 :
1985 5234 2082 5290 Co-

510 5333 696 5387 mcdite
734 5348 919 5399 panem
965 5345 1135 5384 meum
1173 5337 1222 5382 et
1269 5315 1426 5382 bibite
1470 5328 1647 5382 vinum
1689 5326 1827 5397 quod
1888 5327 2078 5380 miscui

579 5491 692 5557 (l9)
721 5489 1155 5551 Celebratiouem,
1189 5496 1356 5557 typos.
1387 5486 1506 5552 Gr.,
1548 5487 2072 5556 consummationem,

509 5563 768 5631 antitypa.
802 5559 1153 5614 Sacramenta
1177 5559 1423 5631 corporis
1452 5567 1506 5612 et
1525 5559 1806 5631 sanguinis
1838 5557 2072 5631 Domini,

510 5626 774 5684 ἀντίτυπα
806 5632 1074 5699 μυστήρια
1107 5637 1274 5699 vocat
1295 5628 1458 5699 etiam
1490 5626 1681 5680 auctor
1727 5626 2076 5699 constitutio-

511 5718 632 5751 num
666 5696 834 5766 (ipost.
886 5696 1060 5756 liva.
1091 5713 1211 5767 cap.
1258 5698 1344 5758 14,
1371 5698 1460 5767 lib.
1496 5713 1570 5756 τι,
1601 5713 1738 5767 cap.
1769 5698 1860 5755 50.
1892 5705 1944 5767 et
1975 5696 2068 5750 lib.

510 5786 606 5834 vn,
640 5787 757 5840 cap.
787 5769 875 5821 9.3.
911 5768 999 5822 Sic
1027 5765 1356 5823 item’Graaci
1382 5765 1570 5820 Patres
1590 5765 1701 5836 jani
1733 5765 2070 5822 sanctiﬁcata

2253 4135 2460 4190 Οὐκοῦν
2513 4139 2694 4207 σαφῶς
2729 4139 3120 4204 ἀποδέδεικται,
3174 4140 3254 4194 ὅτι
3309 4139 3538 4210 οὐδαμοῦ
3568 4139 3689 4194 οὔτε
3719 4143 3749 4195 6

2183 4228 2404 4298 Κύριος,
2444 4227 2565 4280 οὕτε
2607 4231 2656 4281 οἱ
2712 4229 2994 4284 ἀπόστολοι
3027 4230 3060 4300 ἢ
3099 4232 3338 4303 Πατέρες
3371 4232 3552 4284 εἰκόνα
3598 4229 3750 4286 εἷπον

2181 4325 2280 4396 τὴν
2310 4324 2396 4378 διὰ
2425 4324 2516 4377 τοῦ
2558 4325 2744 4395 ἱερέως
2794 4325 3238 4398 προσφερομένην
3288 4327 3622 4396 ἀναίμακτον
3660 4327 3740 4380 θυο

2183 4415 2323 4478 σίαν,
2355 4414 2489 4467 ἀλλά
2519 4413 2650 4466 αὐτὸ
2697 4414 2855 4484 σῶμα
2891 4415 2984 4466 καὶ
3025 4412 3156 4466 αὐτὸ
3187 4409 3345 4485 αἷμα.
3377 4414 3487 4466 Καὶ
3518 4414 3624 4484 πρὸ
3654 4414 3750 4483 μὲν

2181 4505 2280 4576 τῆς
2326 4506 2418 4558 τοῦ
2474 4507 2746 4578 άγιασμοῦ
2797 4505 3122 4570 τελειώσεως
3172 4506 3438 4561 άντίτυπά
3486 4522 3596 4558 τισι
3642 4504 3750 4558 τῶν

2181 4597 2352 4665 ἁγίων
2394 4597 2653 4670 Πατέρων
2712 4597 2946 4663 εὐσεϐῶς
2997 4599 3173 4665 ἔδοξεν
3224 4597 3618 4669 ὀνομάζεσθαι·
3674 4592 3748 4650 ὧν

2183 4690 2328 4741 ἐστιν
2351 4689 2643 4754 Εὐστάθιος
2663 4693 2690 4745 6
2716 4690 2981 4761 εὐσταθὴς
3009 4691 3288 4761 πρόμαχος
3329 4689 3429 4760 τῆς
3467 4687 3747 4759 ὸρθοδόξου

2184 4781 2436 4846 πίστεως,
2471 4783 2564 4836 καὶ
2601 4784 2699 4854 τῆς
2735 4784 3015 4854 Ἀρειανῆς
3049 4779 3482 4852 κακοδαιμωνίας
3516 4779 3748 4832 καταλυσ-

2182 4872 2300 4944 τὴς,
2325 4874 2416 4926 καὶ
2444 4873 2717 4938 Βασίλειος
2740 4875 2836 4945 τῆς
2862 4874 3033 4944 αὐτῆς
3059 4872 3474 4944 δεισιδαιμονίας
3496 4870 3751 4942 καθαιρέ-

2175 4981 2292 5034 της,
2317 4967 2344 5018 ὁ
2366 4966 2464 5037 τὴν
2482 4967 2569 5035 ὑφ’
2607 4967 2756 5038 ἥλιον
2794 4968 2888 5038 τὴν
2913 4967 3059 5020 λείαν
3088 4966 3240 5037 βάσιν
3264 4966 3370 5018 τῶν
3403 4963 3578 5037 ὀρθῶν
3603 4963 3747 5016 ἐκδι-

2174 5056 2338 5122 δάξας
2373 5057 2674 5130 δογμάτων.
2726 5059 2814 5124 Ἐξ
2840 5060 2956 5123 ἐνὸς
2989 5059 3096 5130 γὰρ
3134 5059 3226 5112 καὶ
3260 5056 3353 5110 τοῦ
3392 5055 3555 5112 αὑτοῦ
3587 5055 3751 5108 πνεύ-

2179 5163 2344 5216 ματος
2375 5147 2755 5218 φθεγγόμενοι,
2788 5151 2816 5201 6
2845 5149 2939 5219 μὲν
2969 5136 3284 5218 ἑρμηνεύων
3320 5147 3382 5200 τὸ
3409 5148 3466 5198 ὲν
3491 5147 3607 5207 ταῖς
3637 5145 3750 5197 Πα-

2176 5239 2414 5308 ροιμίαις
2431 5239 2770 5310 Σολομῶντος
2801 5240 2978 5312 ῥητόνο
3009 5239 3227 5310 Φάγετε
3245 5240 3351 5293 τὸν
3367 5239 3515 5308 ἐμὸν
3539 5236 3744 5306 ἄρτον,

2175 5331 2270 5382 καὶ
2297 5331 2460 5385 πίετε
2497 5328 2662 5387 οἶνον
2691 5331 2762 5387 ὃν
2793 5330 3085 5400 κεκέρακα
3111 5331 3272 5401 ὑμῖν,
3302 5332 3426 5386 τάδε
3464 5329 3617 5400 φησί·
3643 5329 3747 5383 Διὰ

2183 5504 2290 5561 non
2319 5505 2442 5544 raro
2460 5497 2658 5544 vocant
2681 5494 2941 5561 antitypa,
2965 5498 3025 5544 ut
3048 5489 3418 5545 Natianzenus
3441 5489 3598 5561 Orat.
3627 5488 3744 5561 fuit.

2181 5560 2235 5613 in
2267 5570 2596 5624 sororem,et
2622 5557 2893 5631 Apologfl
2919 5579 2932 5624 ;
2965 5563 3202 5632 Cyrillus
3237 5561 3505 5632 Hierosol.
3528 5557 3746 5632 Catech.

2179 5645 2212 5680 ν
2246 5641 2426 5700 mgst.,
2463 5640 2517 5686 ct
2544 5629 2678 5694 alii,
2706 5641 2764 5685 ut
2798 5629 3054 5688 observat
3087 5632 3407 5688 scholiastes
3435 5631 3654 5685 Graccus
3675 5629 3744 5681 ad

2181 5700 2322 5756 hunc
2351 5701 2552 5758 ΝίσαιΠί
2579 5702 2794 5758 concilii
2822 5703 3021 5761 locum.
