4112 6452
470 392 578 446 687

1423 383 1480 441 Ε.
1524 379 1894 438 EUSTATHII
1935 376 2697 435 EPISCOPI'ANTIOCHENI

3625 379 3732 438 6.8

469 509 697 578 vestigia
728 524 1064 580 persequens
1085 548 1099 572 ,
1143 507 1248 561 hoc
1278 521 1495 577 quoque
1528 505 1668 560 inter
1703 503 1808 558 alia
1847 500 2038 570 majori

2146 497 2335 552 παθῶν
2365 498 2529 552 αὑτοῦ
2562 498 2772 566 διεξιὼν
2793 500 2938 570 ῐχνη,
2971 496 3107 570 πρὸς
3139 499 3250 560 τοῖς
3269 497 3450 562 ἄλλοις
3475 499 3731 574 ἐπιφέρει

469 615 602 656 voce
634 601 917 669 subjunxit
946 601 989 633 ⁸⁷
1024 620 1036 654 :
1073 598 1140 653 Et
1168 598 1394 652 vidimus
1411 614 1552 659 eum,
1582 605 1634 649 et
1670 611 1774 649 non
1807 603 1884 648 est
1922 608 2040 660 spe—

469 692 574 746 cies
606 693 653 746 ei
683 708 845 761 neque
871 693 1028 747 decor
1051 707 1070 746 :
1100 690 1188 745 sed
1229 691 1421 759 species
1451 688 1564 756 ejus
1597 687 1838 756 despecta
1865 695 1916 740 et
1946 685 2039 738 de-

467 783 654 851 formis
687 783 830 853 infra
863 785 1006 854 ﬁlios
1045 783 1338 838 hominum.
1389 781 1590 837 Deinde
1621 788 1806 851 aper-le
1847 788 2038 833 osten-

467 873 632 938 dens,
665 875 811 944 quod
847 875 913 928 ad
945 874 1217 928 hominem
1238 912 1251 935 ,
1283 887 1393 925 non
1437 870 1504 924 ad
1541 869 1709 924 Deum
1737 867 2040 923 referendae

467 973 598 1018 sunt
653 965 866 1021 decora:
916 965 1104 1019 forma:
1154 973 1208 1018 et
1257 962 1605 1024 affectiones,
1663 959 1858 1014 iterum
1909 972 2036 1012 mox

465 1054 617 1108 addit
647 1073 660 1108 :
691 1053 864 1109 Homo
900 1055 951 1108 in
982 1053 1141 1124 plaga
1175 1053 1429 1108 exsistere:
1449 1089 1464 1116 ,
1504 1059 1554 1104 et
1581 1049 1748 1104 sciens
1783 1049 1920 1114 ferre
1944 1048 2037 1101 in-

466 1145 795 1213 ﬁrmitatem.

2145 589 2416 643 καὶτοῦτο
2453 591 2937 662 μεγαλοφωνοτέρᾳ
2967 589 3083 659 βοῇ,
3113 589 3194 652 τὸ,
3226 588 3338 642 Kal
3366 590 3605 659 εἴδομεν
3624 594 3733 646 αὐ-

2144 680 2270 744 τὸν,
2302 681 2399 733 καὶ
2427 683 2538 735 οὐκ
2559 678 2721 750 εἶχεν
2745 683 2882 736 οὔτε
2908 677 3067 746 εἶδος
3105 682 3243 734 οὔτε
3282 679 3532 747 κάλλος,
3567 683 3733 739 ἀλλὰ

2144 769 2210 824 τὸ
2241 767 2399 837 εἶδος
2445 771 2633 825 αὐτοῦ
2675 772 2886 841 ἄτιμον
2918 772 3015 824 καὶ
3066 771 3352 825 ἐκλεῖπον
3383 775 3543 839 παρὰ
3584 773 3730 840 τοὺς

2143 859 2313 926 υἱοὺς
2337 859 2455 912 τῶν
2484 859 2828 928 ἀνθρώπων.
2853 857 2983 914 Εἶτα
3011 861 3307 932 διαρρήδην
3331 862 3626 932 ὲκφαίνων,
3649 864 3730 927 ὡς

2143 955 2223 1016 είς
2249 953 2340 1006 τὸν
2382 953 2686 1026 ἄνθρωπον,
2743 953 2856 1007 ἀλλ’
2888 955 2988 1007 οὐκ
3031 957 3110 1017 είς
3142 953 3202 1006 τὸ
3241 954 3395 1006 Θεῖον
3426 955 3728 1026 ἀνήρτηται

2141 1043 2212 1098 τά
2232 1045 2335 1115 τῆς
2362 1045 2698 1116 εὐπρεπείας
2726 1045 2926 1116 εἴδητε
2958 1045 3054 1098 καὶ
3076 1046 3242 1116 πάθη,
3273 1047 3587 1117 παραυτίκα
3621 1049 3729 1101 πά-

2139 1135 2227 1190 λιν
2265 1139 2458 1206 ἐπάγει
2481 1137 2737 1208 προσθείς
2756 1154 2768 1166 ·
2802 1139 3136 1206 Ἀνθρωπος
3173 1137 3240 1190 ἐν
3260 1137 3465 1207 πληγῇ
3493 1135 3598 1206 ὢν,
3625 1138 3725 1195 καὶ

2143 1228 2314 1296 εἰδὼς
2343 1229 2545 1299 φέρειν
2567 1229 2894 1300 μαλακίαν.

1981 1339 2183 1398 Intueri.

720 1443 969 1534 Ejusdem
990 1507 1004 1532 ,
1037 1479 1104 1518 ea:
1137 1461 1316 1518 eadem
1341 1463 1790 1533 interpretatione.

539 1557 661 1626 Ipse
699 1572 826 1627 ergo
848 1559 894 1613 is
931 1565 1014 1612 est
1049 1557 1140 1629 qui
1174 1564 1292 1627 post
1321 1555 1680 1611 contumelias
1713 1555 1830 1609 sine
1855 1553 2038 1624 specie

467 1659 520 1704 et
549 1649 719 1704 forma
753 1651 905 1706 visus
928 1691 943 1717 ,
978 1652 1172 1705 iterum
1206 1649 1406 1706 deinde
1435 1650 1736 1704 mutatione
1768 1649 1909 1702 facta
1940 1649 2038 1703 de-

466 1755 647 1796 corem
683 1742 878 1796 induit.
913 1742 1097 1812 Neque
1129 1743 1275 1798 enim
1315 1741 1567 1797 habitans
1610 1743 1664 1795 in
1727 1741 1845 1812 ipso
1895 1740 2037 1795 Deus

2363 1463 2471 1518 Τοῦ
2497 1464 2704 1529 αὑτοῦ,
2737 1466 2805 1520 ὲκ
2828 1463 2938 1534 τῆς
2963 1464 3153 1534 αὐτῆς
3177 1462 3509 1534 ἑρμηνείας.

2216 1553 2388 1620 Αὐτὸς
2431 1557 2517 1628 ἄρ’
2551 1551 2702 1620 οὗτός
2735 1559 2882 1610 ἐστιν
2917 1559 2945 1610 6
2986 1557 3121 1628 μετά
3156 1557 3254 1620 τὰς
3282 1555 3488 1626 ὕϐρεις,
3518 1554 3720 1628 ἀειδὴς,

2143 1645 2388 1718 ἄμορφος
2433 1646 2666 1717 ὁραθεὶς,
2696 1643 2816 1702 εἶτα
2859 1647 3022 1701 πάλιν
3071 1649 3134 1701 ἐκ
3183 1648 3486 1718 μεταϐολῆς
3527 1646 3724 1718 εὺπρέο

2139 1749 2301 1791 πειαν
2351 1738 2737 1810 ἐνδυσάμενος,
2763 1741 2896 1794 Οὐδὲ
2928 1741 3035 1812 γὰρ
3081 1743 3108 1794 ὁ
3155 1741 3425 1795 κατοικῶν
3471 1742 3528 1792 ὲν
3573 1739 3724 1811 αὐτῷ

467 1833 642 1886 instar
666 1835 878 1905 agniad
913 1844 1139 1890 mortem
1174 1834 1372 1889 ductus
1412 1843 1497 1888 est
1526 1842 1579 1890 et
1619 1842 1880 1904 tanquam
1917 1834 2037 1888 ovis

2139 1830 2268 1894 Θεὸς
2300 1831 2471 1902 ἀμνοῦ
2517 1832 2672 1901 δίκην
2703 1836 2783 1895 είς
2809 1833 3037 1887 θάνατον
3081 1833 3263 1903 ἤγετο,
3309 1835 3404 1886 καὶ
3448 1834 3722 1904 προϐάτου

466 1934 756 1992 mactatus,
793 1943 916 1983 cum
954 1928 1026 1983 sit
1065 1936 1258 1982 natura
1289 1927 1598 1984 invisibilis.

2141 1918 2344 1995 τρόπον
2367 1925 2762 1992 ἀπεσφάττετο,
2803 1925 3046 1996 φυσικῶς
3078 1925 3310 1996 ἀόρατος
3331 1925 3429 1981 ὢν.

1587 2034 1744 2106 Apud
1774 2032 2025 2090 eumdem
2069 2033 2214 2088 Dial.
2253 2038 2447 2105 apag.
2499 2036 2589 2090 58.

717 2153 969 2224 Ejusdem
989 2195 1005 2220 ,
1039 2170 1102 2208 ea:
1129 2153 1311 2209 eadem
1345 2156 1794 2222 interpretatione.

535 2243 718 2300 Palam
743 2255 826 2301 est
858 2262 1006 2316 ergo,
1051 2249 1098 2302 si
1134 2262 1343 2317 ungens
1386 2245 1554 2301 Deum
1590 2245 1842 2316 designat
1879 2244 2041 2315 cujus

2350 2153 2460 2209 Τοῦ
2491 2155 2698 2219 αὐτοῦ,
2725 2156 2793 2210 ἐκ
2829 2156 2938 2226 τῆς
2967 2156 3154 2226 αὐτῆς
3187 2152 3521 2228 ἐρμηγεῖας.

2206 2247 2478 2319 Πρόδηλον
2506 2247 2619 2312 οὖν,
2650 2252 2806 2324 εἴπερ
2833 2253 2860 2304 6
2904 2253 3072 2324 χρίων
3105 2251 3448 2306 ἀποδεικνύει
3481 2252 3634 2315 Θεὸν,
3660 2246 3724 2307 οὗ

463 2335 645 2390 sedem
675 2345 930 2391 aeternam
965 2337 1138 2402 dixit,
1180 2337 1325 2406 quod
1353 2347 1550 2390 natura
1581 2334 1724 2392 Deus
1764 2337 1835 2391 sit
1875 2343 2038 2406 atque

2139 2336 2226 2391 τὸν
2254 2338 2440 2410 θρόνον
2469 2335 2620 2395 εἶπεν
2658 2341 2896 2408 αἰώνιον,
2929 2344 3088 2414 δῆλος
3119 2345 3219 2415 μέν
3242 2347 3358 2398 ἐστι
3392 2343 3549 2414 φύσει
3587 2342 3724 2406 Θεὸς

462 2441 530 2480 ex
567 2425 674 2482 Deo
704 2428 918 2498 genitus
941 2467 956 2491 ,
1008 2429 1102 2499 qui
1145 2431 1327 2483 unxit.
1368 2429 1475 2494 Qui
1528 2443 1658 2483 vero
1687 2437 1889 2483 unctus
1918 2435 2037 2492 est,

348 2592 356 2599 _
465 2519 787 2588 acquisitam
821 2522 1030 2590 accepit
1073 2521 1328 2574 virtutem
1349 2561 1364 2584 ,
1395 2521 1612 2590 egregio
1647 2519 1852 2590 templo
1875 2533 2034 2572 orna-

464 2617 554 2666 tus
583 2626 648 2665 ex
673 2611 970 2668 habitantis
993 2615 1048 2668 in
1085 2614 1205 2684 ipso
1235 2613 1545 2668 divinitate.

2137 2433 2202 2485 ἐκ
2229 2433 2370 2486 ’Θεοῦ
2404 2435 2682 2507 γεννηθεὶς
2719 2440 2748 2491 6
2789 2439 2979 2509 χρίσας
3001 2455 3014 2468 ·
3047 2439 3076 2491 6
3119 2439 3176 2492 δὲ
3207 2439 3450 2511 χρισθεὶς
3495 2439 3725 2510 ἐπίκτη-

2133 2541 2224 2578 τον
2249 2525 2470 2597 εῖληφεν
2496 2528 2718 2600 ἀρετὴν,
2751 2531 2989 2603 ἐκκρίτῳ
3027 2532 3291 2604 ναουργίᾳ
3329 2532 3624 2605 κοσμηθεὶς
3652 2533 3719 2586 ἐκ

2133 2615 2232 2686 τῆς
2263 2617 2356 2670 τοῦ
2387 2619 2769 2684 κατοικοῦντος
2787 2622 2848 2674 ἐν
2879 2621 3029 2692 αύτῷ
3055 2621 3325 2693 θεότητος.

1523 2726 1680 2798 Apud
1721 2724 2117 2782 Theodoritum
2169 2728 2315 2786 Dial.
2347 2749 2391 2801 ι,
2416 2751 2538 2808 pag.
2567 2737 2656 2791 57.

461 2838 648 2894 Sancti
687 2839 956 2893 Eustatlni
991 2840 1220 2908 episcopi
1259 2839 1569 2894 Antioclreni
1595 2849 1645 2894 et
1681 2842 2031 2910 conjessoris,

949 2926 1013 2963 ea:
1039 2910 1174 2964 libro
1201 2909 1273 2964 De
1303 2911 1505 2965 anima.

533 3019 673 3087 Quid
715 3030 892 3077 autem
925 3024 1106 3077 dicent
1143 3025 1234 3094 qui
1272 3025 1338 3079 ad
1381 3024 1606 3080 infantis
1648 3026 2028 3083 educationem

2147 2843 2256 2898 Τοῦ
2283 2847 2455 2922 ἁγίου
2495 2850 2832 2922 Εὐστᾳθίου
2871 2850 3202 2922 ἐπισκόπου
3241 2851 3587 2922 ΪΛντιοχέων
3617 2855 3716 2910 και

2305 2919 2699 2989 ὀμολογητοῦ,
2728 2921 2796 2974 ἐκ
2809 2921 2922 2975 τοῦ
2951 2923 3093 2993 ’Περὶ
3125 2921 3305 2994 ψυχῆς
3335 2919 3543 2993 λόγου.

2210 3029 2274 3081 Τί
2304 3029 2350 3082 δ’
2381 3029 2446 3083 ἂν
2477 3032 2680 3085 εἴποιεν
2701 3035 2779 3096 είς
2810 3033 2907 3096 τὰς
2932 3033 3026 3086 τοῦ
3061 3033 3294 3104 βρέφους
3322 3035 3721 3106 ἀναϐλέψαντες

462 3117 801 3186 respexerint
820 3156 834 3179 ,
861 3117 940 3171 vel
972 3117 1039 3171 ad
1064 3120 1242 3173 aetatis
1267 3119 1638 3174 accessionem
1657 3159 1672 3185 ,
1701 3121 1787 3175 vel
1808 3121 1872 3175 ad
1907 3136 2035 3191 pro-

2139 3119 2465 3191 ἀνατροφὰς,
2503 3122 2534 3191 ἢ
2583 3123 2680 3195 τὴν
2711 3125 2811 3195 τῆς
2850 3125 3062 3195 ἡλικίας
3086 3124 3355 3190 ἀνάδοσιν,
3396 3127 3428 3198 ἢ
3467 3128 3563 3198 τὴν
3596 3129 3717 3181 επί-

411 3211 414 3215 ’
463 3208 775 3263 ductionem
809 3217 1113 3280 temporum
1140 3250 1154 3274 ,
1195 3212 1278 3266 vel
1322 3212 1389 3266 ad
1423 3213 1668 3281 corpori-3
1705 3213 2024 3270 incremen-

2131 3228 2288 3264 τασιν
2325 3212 2434 3265 τῶν
2465 3213 2693 3284 χρόνων,
2722 3215 2754 3284 ἢ
2802 3215 2900 3286 τὴν
2939 3215 3032 3269 τοῦ
3061 3215 3313 3286 σώματος
3363 3217 3568 3289 αὖξην;
3604 3219 3719 3273 Ἵνα

462 3302 616 3357 tum?
659 3300 733 3357 'Ut
792 3313 970 3358 autem
1020 3305 1427 3374 praatermittam
1486 3306 1749 3386 miracula
1789 3308 1844 3361 in
1888 3315 2029 3363 terra

2139 3303 2188 3356 se
2211 3303 2373 3374 παρῶ
2396 3303 2572 3372 λέγειν
2612 3304 2711 3368 τὰς
2736 3305 2827 3358 ἐπὶ
2853 3305 3081 3375 ἐδάφους
3107 3306 3549 3378 ὲκπληρωθείσας
3584 3307 3716 3362 θαυ-

459 3394 640 3459 edita,
671 3395 888 3448 videant
927 3405 1268 3450 mortuorum
1299 3397 1786 3462 resuscitationes,
1807 3400 2032 3468 passio-

461 3485 550 3541 nis
575 3486 848 3558 symbola,
892 3485 1226 3558 ﬂagellorum
1271 3489 1500 3560 vestigia
1523 3529 1536 3554 ,
1569 3490 1850 3562 plagarum
1884 3491 2040 3546 cicaa.

462 3577 650 3640 trices,
681 3575 823 3631 latus
841 3575 1174 3645 perfossum,
1210 3575 1488 3629 clavorum
1510 3584 1672 3631 notas
1691 3617 1706 3640 ,
1741 3577 2031 3647 sanguinis

463 3669 811 3734 ellusionem,
851 3668 1042 3722 mortis
1073 3669 1228 3738 signa
1248 3708 1264 3733 ,
1297 3677 1458 3738 atque
1491 3676 1549 3722 ut
1580 3670 1763 3723 omnia
1794 3671 2034 3740 comple-

466 3765 600 3822 ctar,
640 3758 811 3827 ipsam
829 3759 1046 3828 proprii
1080 3759 1326 3826 corporis
1357 3761 1831 3820 resurrectionem.

2137 3396 2492 3465 ματουργίας,
2543 3397 2828 3467 ὁράτωσαν
2860 3398 2958 3460 τὰς
2990 3398 3096 3451 τῶν
3133 3399 3338 3470 νεκρῶν
3370 3399 3714 3465 ἀναϐιώσεις,

2134 3487 2202 3540 τὰ
2226 3488 2318 3540 τοῦ
2345 3487 2552 3552 πάθους
2583 3488 2846 3559 σύμϐολα,
2877 3489 2945 3542 τὰ
2965 3489 3071 3542 τῶν
3097 3491 3378 3561 μαστίγων
3419 3493 3558 3563 ἴχνη,
3593 3493 3720 3556 τοὺς

2135 3577 2246 3630 τῶν
2293 3578 2517 3650 πληγῶν
2573 3580 2866 3651 μώλωπας,
2915 3581 3012 3645 τὰς
3052 3585 3404 3653 τετρωμένας
3457 3583 3717 3656 πλευρὰς,

2137 3673 2264 3733 τοὺς
2295 3671 2401 3726 τῶν
2429 3672 2574 3743 ἥλων
2602 3673 2824 3737 τύπους,
2861 3674 2961 3744 τὴν
2985 3673 3079 3726 τοῦ
3114 3676 3342 3745 αἵματος
3378 3677 3619 3748 ἔκχυσιν,
3650 3678 3718 3732 τά

2137 3761 2232 3815 τοῦ
2291 3763 2518 3818 θανάτου
2574 3769 2794 3836 σημεῖα,
2829 3767 3013 3820 καὶτὸ
3059 3767 3280 3840 σύμπαν
3315 3770 3511 3835 εἰπεῖν,
3551 3771 3718 3842 αὐτὴν

2140 3851 2238 3923 τὴν
2265 3852 2358 3906 τοῦ
2393 3855 2524 3908 ἰδίου
2561 3854 2810 3927 σώματος
2839 3859 3153 3915 ἀνάστασιν.

1987 3961 2194 4024 Inlusit.

841 4065 1102 4138 Ejusdem
1122 4107 1138 4133 ,
1171 4083 1245 4123 ex
1277 4069 1457 4125 eodem
1489 4071 1644 4126 libro.

536 4160 592 4214 Si
639 4159 762 4230 quis
797 4175 933 4215 'vero
997 4160 1064 4214 ad
1099 4161 1351 4231 corporis
1395 4165 1800 4232 generationem
1861 4167 2036 4236 respi-

462 4252 569 4320 cit,
603 4254 778 4323 palam
813 4253 1212 4322 deprehendet,
1254 4253 1400 4325 quod
1447 4257 1501 4309 in
1553 4253 1827 4312 Bethleem
1870 4269 2032 4314 natus

463 4344 651 4401 fasciis
702 4354 784 4402 est
815 4347 1087 4403 involutus
1111 4385 1126 4409 ,
1185 4355 1242 4401 et
1282 4347 1338 4401 in
1398 4345 1634 4419 Egypto
1672 4357 1891 4418 propter
1932 4351 2033 4405 im-

463 4438 767 4493 manissimi
835 4435 1065 4492 Herodis
1126 4437 1358 4493 insidias
1418 4454 1516 4508 per
1578 4440 1787 4510 aliquot
1861 4429 2110 4497 annos”

464 4530 760 4592 educatus.
790 4539 844 4585 et
884 4531 940 4585 in
979 4510 1251 4585 Nazareni
1285 4529 1366 4586 ad
1402 4531 1616 4587 virilem
1657 4541 1870 4588 atatem
1908 4550 2036 4604 pro-

464 4630 674 4676 γεειιιε.

2400 4082 2515 4137 Τοῦ
2545 4084 2751 4149 αὑτοῦ,
2782 4085 2852 4140 ἐκ
2883 4085 2989 4140 τοῦ
3017 4088 3203 4143 αὑτοῦ
3235 4091 3441 4160 λόγου.

2211 4173 2319 4226 Καὶ
2345 4174 2450 4245 μὴν
2477 4175 2630 4239 εἴτις
2657 4178 2735 4240 είς
2755 4179 2855 4247 τὴν
2882 4178 2977 4232 τοῦ
2995 4179 3242 4251 σώματος
3254 4182 3497 4252 γέννησιν
3511 4181 3711 4252 ἀφορᾷ,

2138 4265 2417 4338 προδήλως
2464 4269 2743 4340 εὑρήσειεν
2784 4269 2849 4323 ἂν
2904 4271 3068 4334 ὠς-ὲν
3099 4275 3164 4344 τῇ
3217 4273 3460 4344 Βηθλεὲμ
3505 4272 3718 4343 τεχθεὶς

2139 4357 2555 4430 ὲσπαργανώθη,
2578 4359 2688 4413 *κᾶν
2719 4363 2784 4432 τῇ
2808 4362 3066 4434 Αἰγύπτῳ
3096 4365 3306 4435 χρόνοις
3338 4364 3546 4437 ἐτράφη
3576 4365 3718 4418 τισὶν

2139 4448 2323 4502 ἔνεικεν
2350 4449 2451 4518 τῆς
2492 4451 2585 4504 τοῦ
2641 4452 2938 4524 ἀλάστορος
2971 4456 3260 4528 ἐπιϐουλῆς
3299 4456 3561 4529 Ἡρώδου,
3599 4455 3716 4536 ⁸κᾶν

2139 4544 2206 4613 τῇ
2234 4542 2484 4616 Ναζαρὲτ
2504 4544 2794 4614 ἀνδρωθεὶς
2814 4546 3056 4620 ηὐξήθη.

1982 4740 2188 4798 Ιοωειι.

885 4873 1142 4945 Ejurdem
1162 4916 1176 4941 ,
1199 4893 1265 4930 ea;
1289 4878 1471 4932 eodem
1494 4875 1647 4930 libro.

534 4965 653 5022 Non
703 4970 847 5023 enim
872 4976 964 5024 est
994 4970 1135 5024 idem
1185 4969 1603 5026 tabernaculum
1637 4967 1800 5024 Verbi
1828 4981 1882 5026 et
1909 4967 2036 5035 Dei,

2421 4863 2537 4918 Τοῦ
2564 4865 2770 4931 αὐτοῦ,
2793 4867 2861 4920 ἐκ
2887 4866 2994 4921 τσῦ
3016 4867 3204 4922 αὐτοῦ
3228 4869 3432 4939 λόγου.

2208 4956 2287 5010 οὐ
2317 4957 2429 5028 γὰρ
2456 4960 2651 5013 ταυτὸν
2678 4962 2873 5033 ἐστινὴ
2913 4961 3082 5034 σκηνὴ
3106 4959 3208 5016 τοῦ
3240 4962 3412 5030 Λόγου
3442 4961 3536 5014 καὶ
3556 4959 3713 5025 Θεοῦ,

463 5074 561 5128 per
589 5061 734 5131 quod
783 5061 1024 5117 divinam
1072 5063 1300 5133 gloriam
1338 5063 1813 5132 contemplabatur
1845 5063 2038 5117 beatus

2139 5049 2208 5104 δι’
2235 5045 2303 5122 ἧς
2321 5052 2421 5124 τὴν
2449 5052 2598 5107 θείαν
2624 5053 2843 5126 ἐθεώρει
2876 5054 3032 5120 δόξαν
3053 5058 3088 5110 '6
3110 5055 3387 5129 μακάριος
3426 5053 3714 5123 Στέφανος.

465 5144 800 5220 Stephanus.

1594 5264 1753 5337 Apud
1785 5263 2037 5321 eumdem
2083 5257 2310 5320 Didicit,
2345 5269 2466 5325 pag.
2492 5254 2590 5309 90.

799 5377 1053 5448 Ejusdem
1073 5421 1086 5444 ,
1115 5396 1180 5433 ex
1212 5379 1348 5434 libro
1374 5377 1454 5433 De
1477 5378 1685 5433 anima.

533 5469 668 5524 Ante
692 5470 1000 5539 passionem
1026 5470 1242 5540 quidem
1269 5470 1470 5540 ubique
1506 5465 1848 5539 corporalem
1879 5477 2034 5518 suam

463 5571 691 5617 mortem
729 5561 1011 5630 praedixit.
1056 5561 1380 5616 tradendum
1427 5576 1484 5614 se
1521 5557 1902 5614 sacerdotibus
1954 5553 2038 5607 di-

464 5664 593 5705 cens
614 5691 628 5712 ,
659 5659 714 5705 et
751 5651 934 5705 crucis
959 5659 1220 5721 tropaeum
1267 5649 1623 5705 annuntians.
1656 5644 1790 5700 Post
1823 5643 2037 5714 passio-

565 5809 607 5839 "
630 5807 874 5877 lsa.l.m,
914 5809 970 5876 2,
998 5809 1049 5864 '5.

2339 5367 2449 5424 Τοῦ
2486 5366 2691 5431 αὐτοῦ,
2727 5368 2796 5420 ἐκ
2823 5366 2926 5421 τοῦ
2961 5367 3096 5438 Περὶ
3127 5365 3303 5437 dux-ﬁ;
3337 5364 3545 5435 λόγου.

2206 5459 2321 5531 Πρὸ
2348 5458 2455 5529 ,μὲν
2483 5456 2576 5510 τοῦ
2611 5457 2815 5520 πάθους
2859 5457 3119 5510 ἑκάστοτε
3152 5457 3243 5509 τὸν
3277 5455 3586 5527 σωματικὸν
3615 5453 3713 5507 αὐο-

2140 5551 2232 5604 τοῦ
2257 5550 2521 5620 προῦλεγε
2542 5548 2789 5612 θάνατον,
2814 5552 2925 5612 τοῖς
2946 5549 3090 5618 ἀμφὶ
3111 5549 3233 5611 τοὺς
3260 5546 3550 5619 ἀρχιερέας
3567 5547 3718 5600 ἐκδο-

2136 5639 2400 5712 θήσεσθαι
2428 5639 2668 5709 φάσκων,
2696 5639 2788 5694 καὶ
2813 5639 2872 5691 τὸ
2890 5638 2982 5691 τοῦ
3007 5638 3238 5709 σταυροῦ
3259 5637 3514 5709 τρόπαιον
3535 5638 3714 5706 ἀπαγ-
