4112 6482
435 373 538 427 689
1793 370 2234 429 FRAGMENTA.
3562 365 3666 424 690

431 482 664 554 γέλλωνο
706 481 843 554 μετὰ
878 481 936 537 δὲ
966 481 1027 536 τὸ
1059 480 1250 546 πάθος,
1286 483 1525 554 τριταῖος
1563 482 1627 534 ὲκ
1655 480 1761 535 τῶν
1794 481 1983 554 νεκρῶε

2104 499 2228 539 nem
2250 497 2410 549 vero,
2442 497 2565 538 cum
2604 482 2768 538 tertio
2801 481 2889 538 die
2921 479 3312 539 resurrexisset
3333 495 3366 537 ι
3401 483 3662 548 mortuis,

429 574 685 641 ἀναστὰς,
723 572 1101 639 ὲνδοιαζόντων
1133 573 1311 628 αὐτῶν
1351 572 1646 645 ὲγηγέρθαι
1687 572 1794 626 τῶν
1826 573 1983 646 μαθη-

2105 582 2160 633 et
2214 575 2281 631 de
2326 575 2501 646 ipsius
2556 575 2960 631 resurrectione
3009 572 3322 629 dubitarent
3372 556 3662 643 discipuli.

423 666 556 731 τῶν,
581 666 860 737 ἐπιφανεὶς
894 665 1075 728 αὐτοῖς
1096 663 1242 735 αὐτῷ
1269 662 1501 736 σώματι,
1537 665 1712 736 σάρκα
1739 664 1838 735 μὲν
1859 665 1983 719 άπα-

2104 679 2373 738 apparens
2430 665 2538 720 illis
2591 665 2646 719 in
2665 663 2853 721 eodem
2891 679 3150 735 corpore,
3180 677 3402 718 carnem
3448 662 3665 733 quidem

429 775 527 814 σαν
558 759 655 812 σὺν
677 757 886 821 ὀστέοις
913 756 1056 827 ἔχειν
1081 755 1371 826 ὡμολόγει·
1406 759 1523 820 ταῖς
1541 756 1595 810 δὲ
1617 756 1769 827 ὄψεσι
1800 755 1983 811 τούτωι

2102 767 2272 815 totam
2299 775 2421 814 cum
2447 759 2665 814 ossibus
2692 773 2751 813 se
2777 757 2977 813 habere
2998 757 3310 829 proﬁtetur:
3338 754 3515 810 oculis
3538 771 3667 810 vero

425 853 525 918 τὰς
562 852 911 923 τετρωμένας
944 850 1258 903 ὑποϐάλλων
1300 849 1560 922 πλευρὰς,
1598 851 1691 904 καὶ
1732 851 1859 915 τοὺς
1903 849 1983 904 τύ-

2101 850 2320 905 illorum
2357 849 2662 921 perfossum
2702 849 2844 903 latus
2874 848 3175 917 oltjiciens,
3221 847 3498 902 clavorum
3530 862 3667 916 quo-
3716 854 3719 857 ‘

428 964 560 1012 πους
583 944 760 1000 αὐτῶν
785 941 1119 997 ὑποδεικνύει
1145 941 1255 997 τῶν
1284 943 1448 1014 ἥλων.

2103 956 2210 1013 que
2236 941 2451 996 illorum
2481 941 2708 1012 vestigia
2730 938 2988 994 ostendit.

1521 1058 1678 1131 Apud
1706 1060 1956 1117 eumdem
2000 1058 2145 1114 Dial.
2180 1075 2263 1125 tu,
2296 1075 2421 1132 pag.
2448 1058 2572 1115 156.

2447 1179 2730 1250 Ejusdem,
2761 1194 2826 1233 ea:
2846 1178 2980 1233 libro
3010 1177 3085 1232 De
3105 1176 3308 1231 anima.

2170 1272 2336 1329 Pauci
2365 1273 2617 1328 convinci
2662 1279 2844 1342 potest
2882 1270 3047 1340 impia
3097 1269 3310 1323 illorum
3340 1263 3611 1319 calumnia
3643 1281 3658 1317 :

2093 1374 2148 1422 et
2178 1366 2412 1420 maxime
2434 1364 2685 1436 quidem,
2724 1362 2772 1418 si
2808 1376 2916 1417 non
2947 1360 3141 1416 salutis
3181 1357 3460 1413 hominum
3493 1369 3662 1409 causa

622 1177 735 1233 Τοῦ
761 1179 967 1247 αὑτοῦ,
993 1180 1061 1234 ἐκ
1081 1179 1189 1235 τοῦ
1217 1181 1351 1253 Περὶ
1379 1180 1557 1254 ψυχῆς
1586 1183 1792 1254 λόγου.

493 1268 571 1320 Δι’
598 1267 788 1337 ὀλίγων
814 1269 871 1324 δέ
897 1273 1043 1325 ἐστιν
1075 1272 1287 1342 ἐλέγξαι
1310 1272 1408 1345 τὴν
1435 1273 1601 1344 ἀσεϐῆ
1635 1273 1995 1343 συκοφαντίαν

420 1358 634 1414 αὐτῶνθ
673 1362 908 1433 μάλιστα
952 1364 1049 1435 μὲν
1078 1363 1207 1437 γάρ,
1236 1366 1285 1418 εί
1323 1364 1399 1437 μὴ
1431 1362 1533 1435 τῆς
1560 1363 1668 1419 τῶν
1695 1365 1997 1438 ἀνθρώπων

420 1449 608 1505 Ξνεκεν
636 1453 906 1525 σωτηρίας
930 1457 1010 1520 είς
1039 1457 1139 1527 τὴν
1172 1455 1267 1509 τοῦ
1289 1456 1520 1510 Θανάτου
1552 1455 1764 1527 σφαγὴν
1787 1456 1848 1509 τὸ
1871 1454 1999 1509 ῐδιον

421 1542 682 1610 ἑκουσίως
700 1545 930 1614 ἐξεδίδου
955 1547 1130 1618 σῶμα.
1160 1549 1381 1621 Πρῶτον
1405 1548 1505 1619 μὲν
1527 1546 1723 1620 πολλὴν
1743 1548 1891 1619 αὐτῷ
1910 1565 2004 1601 πε-

425 1634 740 1706 ριάπτουσιν
764 1638 1063 1710 ἀδυναμίαν
1086 1656 1100 1669 ·
1122 1640 1204 1692 ὅτι
1233 1640 1309 1712 μὴ
1328 1634 1441 1705 οἶός
1461 1639 1510 1695 τ’
1533 1638 1748 1710 ἐγένετο
1770 1639 1868 1710 τὴν
1890 1638 2000 1695 τῶν

419 1725 692 1798 πολεμίων
714 1729 889 1801 ὁρμὴν
920 1730 1186 1800 ἐπισχεῖν.

2094 1473 2292 1527 corpus
2322 1470 2482 1512 suum
2515 1455 2584 1510 ad
2617 1461 2847 1510 mortem
2885 1460 3080 1524 sponte
3112 1465 3209 1507 sua
3255 1448 3502 1520 praebuit.
3538 1444 3661 1501 Pri-

2094 1564 2244 1603 mum
2276 1546 2420 1602 enim
2467 1560 2716 1617 magnam
2754 1544 2804 1600 ei
2843 1542 3150 1598 attribuunt
3193 1537 3657 1601 imbecillitatem,

2092 1640 2185 1711 qui
2213 1654 2321 1694 non
2341 1638 2582 1711 potuerit
2612 1635 2852 1693 hostium
2877 1635 3135 1707 impetum
3161 1632 3479 1704 reprimere.

1951 1845 2162 1902 Ῑειυειι.

691 1959 803 2016 Τοῦ
834 1959 1042 2025 αὐτοῦ,
1065 1961 1135 2015 ἐκ
1158 1960 1266 2015 τοῦ
1291 1960 1478 2016 αὑτοῦ
1508 1963 1717 2031 λόγου.

482 2052 581 2108 Διὰ
605 2054 658 2107 τί
680 2054 739 2107 δὲ
770 2055 895 2126 περ)⁸
921 2052 1116 2107 πολλοῦ
1138 2053 1414 2109 ποιοῦνται
1445 2054 1715 2110 δεικνύναι
1747 2054 1840 2109 τὸν
1867 2056 1996 2127 Χρι-

415 2144 542 2199 στὸν
573 2144 778 2216 ἄψυχον
819 2145 1165 2217 ἀνειληφέναι
1209 2145 1390 2214 σῶμα,
1412 2145 1635 2215 γεώδεις
1670 2147 1996 2211 πλάττοντες

412 2239 658 2304 ὰπάτας;
680 2239 816 2303 Ἵνα,
835 2240 883 2292 εί
905 2237 1179 2311 δυνηθεῖεν
1200 2236 1522 2311 ὑποφθεῖραι
1544 2240 1714 2305 τινὰς,
1731 2239 1884 2293 ταῦθ’
1904 2239 1999 2293 οὗ·

410 2347 519 2395 τως
537 2329 682 2401 ἔχειν
707 2330 1001 2403 ὁρίζεσθαι,
1020 2331 1319 2403 τηνικαῦτα
1332 2330 1432 2396 τὰς
1449 2332 1558 2385 τῶν
1574 2331 1759 2386 παθῶν
1776 2329 1993 2386 ἀλλοιώ-

413 2438 526 2485 σεις
555 2420 633 2492 τῷ
661 2420 788 2493 θείῳ
817 2422 1181 2494 περιάψαντες
1216 2422 1512 2495 Πνεύματι,
1539 2423 1736 2495 ῥᾳδίως
1759 2423 1987 2478 ἀναπεί-

413 2526 579 2564 σωσιν
598 2510 814 2575 αὐτοὺς,
839 2511 915 2569 ὡς
927 2512 1030 2568 οὐκ
1049 2511 1165 2567 ἔστι
1182 2513 1243 2567 τὸ
1261 2513 1491 2585 τρεπτὸν
1514 2514 1578 2566 ὲκ
1592 2514 1690 2585 τῆς
1716 2513 1985 2584 άτρέπτου

411 2600 628 2671 φύσεως
650 2601 929 2674 γεννηθέν.

2495 1955 2784 2027 Ejusdem,
2806 1971 2872 2011 ex
2898 1952 3076 2009 eodem
3106 1953 3259 2007 libro.

2160 2051 2270 2108 Cur
2332 2058 2514 2106 autem
2561 2048 2743 2119 magni
2781 2046 2989 2101 faciunt
3039 2044 3326 2101 ostendere
3373 2040 3655 2099 Christum

2093 2158 2294 2214 corpus
2328 2142 2630 2197 inanimum
2658 2138 2970 2208 suscepisse
2988 2176 3014 2201 ,.
3033 2145 3242 2193 terreas
3270 2134 3493 2190 fraudes
3521 2149 3660 2189 cou-

2095 2232 2397 2306 ﬁngentes?
2437 2229 2510 2287 Ut
2557 2230 2604 2286 si
2633 2228 2847 2302 possint
2886 2227 3099 2298 aliquos
3127 2238 3512 2294 corrumpere,
3563 2222 3658 2294 qui

2091 2329 2204 2383 haec
2233 2327 2309 2383 ita
2340 2340 2399 2382 se
2422 2325 2624 2380 habere
2652 2321 2950 2388 definiunt;
2989 2327 3122 2374 tunc
3161 2317 3510 2374 aﬂ‘ectionum
3537 2330 3659 2370 mu-

2089 2420 2321 2475 tationes
2379 2417 2564 2473 divino
2620 2416 2926 2471 tribuentes
2995 2412 3252 2489 Spiritui,
3315 2410 3473 2466 facile
3520 2409 3658 2478 ipsis

2088 2508 2485 2581 persuadeant,
2532 2506 2679 2579 quod
2718 2506 2981 2561 mutabile
3036 2511 3157 2571 est,
3209 2518 3278 2560 ex
3330 2499 3693 2570 immutabili

2085 2610 2283 2657 natura
2310 2601 2551 2672 genitum
2582 2615 2693 2655 non
2723 2616 2869 2656 esse.

412 2712 491 2770 Ex
531 2714 794 2773 Eustratii
836 2717 1127 2790 presbyteri
1162 2719 1276 2777 ΕΡ.
1301 2719 1437 2776 libro
1477 2718 1730 2777 adversus
1771 2735 1857 2774 eos
1874 2720 1969 2801 qui
2000 2718 2445 2844 diciint,ia9niirtas
2463 2716 2649 2771 statim
2677 2724 2833 2787 atque
2865 2731 2892 2769 e
2919 2730 3143 2784 corpore
3166 2712 3354 2789 solum
3378 2718 3524 2776 sunt,
3551 2724 3656 2764 non

1760 2805 1971 2844 onerari
2005 2806 2023 2843 :
2054 2804 2174 2844 can.
2291 2827 2305 2841 .
2525 2816 2533 2822 ο

1760 2805 1971 2860 operari
2005 2806 2023 2843 :
2054 2804 2174 2861 cap.
2218 2804 2305 2844 w.
2525 2816 2533 2822 ο

1308 2913 1466 2985 Apud
1492 2913 1749 2968 Allalium
1794 2912 1872 2967 De
1912 2911 2245 2984 purgatorio,
2274 2925 2435 2983 pagg:
2462 2908 2733 2965 497-500.

475 3019 856 3093 Εὐρίσκομεν
879 3022 947 3078 δὲ
976 3024 1075 3079 καὶ
1101 3026 1454 3094 Εὐστὰθιον,
1489 3029 1597 3084 τὸν
1646 3030 1987 3086 ἐπίσκοπον

418 3110 769 3183 Ἀντιοχείας
792 3114 899 3185 τῆς
926 3118 1144 3187 Συρίας
1164 3119 1263 3173 καὶ
1289 3120 1690 3191 ὀμολογητὴν,
1727 3123 1989 3193 λέγοντα

2162 3027 2461 3099 Reperimus
2497 3035 2751 3097 prwtcrea
2784 3023 3445 3118 Eustatltium-Aneiocltio!
3480 3023 3656 3094 Syria

2088 3125 2387 3192 episcopum
2434 3131 2484 3176 et
2529 3119 2908 3189 confessorem,
2950 3117 3206 3173 Patrtbus
3262 3115 3655 3189 jam'laudatis

402 3203 475 3259 ἐν
498 3202 577 3272 τῷ
604 3208 742 3276 Περὶ
766 3205 972 3277 ψυχῆς
994 3208 1093 3263 καὶ
1117 3211 1265 3264 κατὰ
1293 3210 1612 3279 Ἀρειανῶν
1630 3213 1811 3282 λόγῳ,
1836 3227 1983 3268 συν-

2088 3230 2319 3268 consona
2339 3211 2563 3267 scribere
2583 3213 2638 3266 in
2665 3210 2800 3266 libro
2818 3212 2891 3267 De
2920 3211 3101 3264 anima
3131 3218 3179 3264 et
3201 3219 3385 3265 contra
3400 3209 3645 3263 Arianos.

402 3293 528 3359 ῳδὰ
580 3294 706 3362 τοῖς
767 3295 1215 3367 προειρημένοις
1258 3298 1549 3369 Πατράσι.
1610 3301 1681 3355 Σύ
1690 3320 1882 3373 μφωνα
1926 3303 1984 3357 δὲ

402 3383 613 3450 τούτοις
639 3386 849 3454 διεξιὼν
877 3391 906 3444 ὁ
930 3390 1092 3455 αὐτὸς
1137 3391 1401 3465 Ἱερεμίας
1423 3395 1720 3465 εἰσηγεῖται
1761 3393 1860 3458 τὰς
1887 3394 1981 3449 τοῦ

402 3475 539 3531 Θεοῦ
586 3478 999 3551 διακονούμενος
1052 3483 1256 3553 φωνὰς,
1311 3483 1380 3538 δι’
1420 3479 1497 3538 ὧν
1540 3485 1841 3555 δείκνυσιν,
1899 3487 1982 3542 ὅτι

404 3568 544 3641 μήτε
571 3568 669 3634 τὰς
711 3570 817 3624 τῶν
852 3570 1075 3627 δικαίων
1101 3576 1381 3648 προσίεται
1420 3578 1731 3649 πρεσϐείας,
1779 3581 1828 3633 εί
1860 3579 1982 3650 βου-

400 3658 616 3732 ληθεῖεν
649 3663 756 3717 τῶν
788 3664 1090 3735 μιαιφόνων
1119 3668 1276 3740 χάριν
1295 3668 1541 3734 ἀξιῶσαι.
1573 3672 1683 3725 Καὶ
1714 3667 1833 3725 εἷπε
1868 3672 1981 3725 Κύ-

401 3768 518 3823 ριος
538 3752 675 3825 πρὸς
707 3753 774 3825 μὲ
800 3754 976 3825 λέγων
992 3772 1007 3787 ο
1054 3758 1179 3812 Ἐάν
1208 3760 1306 3831 στῇ
1347 3760 1579 3833 Μωῦσῆς
1604 3762 1699 3816 καὶ
1725 3762 1977 3834 Σαμουὴλ

401 3843 509 3915 πρὸ
533 3844 828 3916 προσώπου
870 3864 994 3919 μου,
1028 3849 1130 3902 οὐκ
1175 3848 1372 3920 ἔστινὴ
1405 3850 1551 3925 ψυχή
1576 3872 1676 3926 μου
1719 3855 1856 3925 πρὸς
1881 3857 1980 3911 αὐ·-

396 3934 543 4000 τούς.
571 3935 906 4005 Δεδνμωται
934 3940 1094 4008 παρὰ
1115 3939 1191 4009 τῇ
1205 3940 1335 4008 θείᾳ
1355 3943 1590 4013 Γραφῇ,
1612 3929 1702 3999 δτὶ
1716 3946 1977 4017 Mummii:

397 4026 497 4081 καὶ
539 4027 823 4098 Σαμουὴλ
865 4029 1194 4086 ἀπέθανον
1223 4029 1352 4098 πῶς
1378 4029 1495 4088 οὖν
1529 4035 1627 4089 καὶ
1668 4036 1821 4105 ὑπὲρ
1856 4036 1977 4091 τῶν

395 4117 659 4183 ἀναξίων
695 4122 1161 4189 πρεσϐεύουσιν,
1205 4122 1258 4176 ει
1287 4122 1418 4178 καθ’
1462 4121 1620 4192 ὑμᾶς
1662 4127 1777 4180 οὐκ
1812 4126 1976 4196 ἐνερ-

395 4207 611 4280 γοῦσιν
640 4209 789 4283 (20);
822 4210 932 4266 Kal
957 4211 1222 4282 ἐπιφέρει
1246 4214 1433 4269 πάλιν
1464 4217 1501 4268 ὁ
1533 4215 1719 4283 αὐτὸς
1747 4217 1972 4287 Πατὴρ,

393 4299 495 4353 καὶ
513 4301 726 4369 φησιν’
761 4302 825 4355 Ei
847 4302 906 4356 δὲ
933 4302 1021 4358 διὰ
1041 4303 1143 4375 τῆς
1167 4302 1264 4358 τοῦ
1281 4304 1521 4378 Χριστοῦ
1546 4306 1872 4377 ἐπιφανείας
1890 4310 1970 4372 είς

393 4390 486 4444 τὸν
547 4392 872 4463 παράδεισον
936 4395 997 4448 τὸ
1051 4395 1164 4451 τῶν
1231 4396 1532 4470 ἀνθρώπων
1610 4400 1817 4469 είσάγει
1876 4400 1971 4471 γέ-

2085 3304 2392 3361 Coucordia
2437 3303 2524 3359 his
2555 3316 2895 3374 prosequens
2918 3300 3059 3355 idem
3087 3299 3353 3357 Jeremias
3376 3338 3392 3364 ,
3424 3300 3652 3356 vocibus

2084 3396 2182 3454 Dei
2234 3394 2542 3453 asserviens
2605 3394 2884 3456 insinuat,
2955 3393 3154 3461 quibus
3223 3399 3652 3458 commonstrat,

2083 3504 2261 3560 neque
2285 3488 2558 3559 iustorum
2591 3482 3017 3555 supplicationes
3056 3490 3309 3552 acceptas
3341 3497 3400 3536 se
3427 3482 3652 3545 habere,

2083 3579 2130 3635 si
2165 3579 2335 3634 velint
2375 3575 2452 3630 illi
2484 3584 2704 3647 propter
2735 3571 3041 3628 homicidas
3073 3587 3262 3643 preces
3304 3569 3549 3625 fundere.
3586 3569 3654 3625 Et

2081 3668 2218 3723 dixit
2243 3667 2507 3722 Dominus
2535 3665 2604 3720 ad
2638 3680 2744 3730 me,
2770 3665 2959 3721 dicens
2995 3663 3041 3696 ⁸⁸
3069 3679 3085 3716 :
3119 3662 3178 3717 Si
3208 3663 3418 3718 steterit
3440 3662 3654 3734 Moyses

2081 3767 2135 3816 et
2167 3756 2386 3814 Samuel
2422 3764 2551 3812 ante
2579 3755 2772 3811 faciem
2802 3767 2976 3808 meam
2999 3795 3014 3819 ,
3056 3768 3166 3809 non
3202 3761 3286 3810 est
3314 3754 3497 3809 anima
3533 3769 3652 3810 mea

2080 3866 2211 3922 erga
2247 3851 2419 3920 ipsos.
2469 3847 2537 3904 In
2569 3848 2762 3904 divinis
2805 3847 2993 3902 litteris
3039 3846 3309 3901 indicatur
3343 3845 3560 3919 Moysen
3602 3859 3652 3902 et

2081 3940 2377 3997 Samuelem
2396 3941 2504 3996 vita
2529 3956 2643 3995 esse
2670 3938 2942 4008 defunctos
2968 3976 2985 4002 ,
3014 3939 3274 4009 quomodo
3303 3955 3424 4010 ergo
3451 3954 3546 4009 pro
3583 3939 3649 3993 iis

2076 4033 2168 4105 qui
2194 4034 2410 4088 minime
2445 4031 2595 4103 digni
2624 4040 2788 4096 sunt,
2828 4040 3021 4089 orant.
3060 4031 3108 4085 si
3136 4046 3226 4101 per
3256 4047 3344 4086 vos
3381 4048 3486 4086 non
3529 4048 3653 4101 ope-

2076 4131 2309 4182 rantur?
2333 4126 2495 4180 Hisce
2518 4133 2777 4193 prwterea
2816 4123 2954 4177 idem
2981 4121 3144 4177 Pater
3180 4122 3411 4178 adnecti:
3445 4132 3496 4178 et
3532 4140 3649 4195 qua

2075 4228 2401 4290 sequuntur:
2434 4217 2493 4272 Si
2512 4217 2731 4287 itaque,
2762 4223 3054 4287 postquam
3081 4215 3336 4271 Christus
3359 4217 3611 4286 apparuit
3631 4256 3646 4281 ,

2074 4314 2131 4368 in
2189 4312 2504 4383 paradisum
2561 4325 2736 4381 genus
2780 4310 3079 4364 humanum
3128 4307 3462 4376 introducit;
3520 4325 3647 4364 cum

2072 4417 2205 4460 vero
2234 4402 2386 4459 cruci
2415 4400 2608 4456 aﬂixus
2639 4408 2723 4456 est
2747 4440 2762 4465 ,
2800 4402 3071 4455 latronem
3102 4400 3285 4454 statim
3316 4399 3507 4455 eodem
3560 4399 3648 4457 die

392 4498 523 4560 veg.
551 4484 790 4557 ὁπηνίκα
820 4485 876 4540 δὲ
907 4487 1252 4561 ἐσταυρώθη,
1295 4488 1389 4544 τὸν
1432 4489 1635 4564 λῃστὴν
1662 4490 1971 4564 αὒθήμερον

2082 4492 2131 4548 in
2162 4493 2312 4548 illum
2337 4491 2777 4547 introducturum
2806 4507 2866 4547 se
2889 4490 3179 4562 promisit,
3211 4505 3440 4561 corpore
3467 4490 3648 4547 adhuc

392 4575 629 4641 εἰσάξειν
654 4575 840 4630 αὐτόθι
883 4580 1307 4652 προηγόρευσεν,
1343 4581 1436 4635 τοῦ
1478 4582 1730 4654 σώματος
1756 4582 1838 4636 ἔτι
1877 4583 1970 4654 βε-

386 4665 663 4738 ϐλημένου
706 4667 784 4739 τῷ
820 4671 1081 4741 μνήματι,
1130 4672 1479 4744 συνέστηκεν,
1530 4674 1611 4728 ὁτι
1661 4674 1973 4729 συνδιαιτω-

393 4755 530 4829 μένη
559 4758 764 4831 κυρίως
790 4760 824 4831 ἡ
855 4758 1000 4831 ψυχὴ
1026 4760 1121 4815 τοῦ
1154 4762 1387 4834 Χριστοῦ
1415 4763 1496 4835 τῷ
1524 4764 1682 4836 Λόγῳ
1713 4767 1806 4820 καὶ
1830 4767 1972 4840 Θεῷ,

387 4849 467 4921 τῷ
498 4851 678 4903 πᾶσαν
722 4850 859 4921 ὁμοῦ
891 4852 989 4924 τὴν
1020 4852 1130 4906 τῶν
1159 4853 1401 4925 γενητῶν
1430 4857 1737 4929 περιέχοντι
1771 4859 1970 4926 κτίσιν,

2000 4543 2050 4604 D

2073 4587 2220 4641 intra
2248 4585 2556 4656 sepulcrum
2589 4584 2863 4639 involuto:
2890 4589 3104 4639 constat
3125 4583 3193 4638 ab
3217 4583 3400 4638 anima
3418 4583 3644 4644 Christi,

2071 4693 2194 4750 qua:
2227 4677 2446 4749 proprie
2473 4691 2596 4731 cum
2630 4674 2741 4732 Deo
2780 4684 2834 4732 et
2858 4674 3042 4731 Verbo
3079 4691 3171 4731 res
3201 4691 3391 4732 omnes
3431 4683 3646 4731 creatas

2073 4770 2129 4826 in
2158 4786 2218 4826 se
2250 4769 2566 4825 continente
2606 4776 3000 4834 commoratur,
3039 4779 3232 4828 natura
3268 4768 3374 4825 sibi
3411 4769 3645 4825 similem

2072 4862 2314 4918 hominis
2335 4863 2573 4917 animam
2615 4861 2671 4916 in
2700 4860 3017 4932 paradisum
3051 4860 3257 4915 illatam
3304 4861 3509 4917 fuisse:
3525 4858 3643 4916 Non

387 4940 486 5013 τὴν
510 4944 744 5015 ὁμογενῆ
775 4942 871 4997 τοῦ
899 4943 1188 5016 ἀνθρώπου
1216 4944 1393 5017 ψυχὴν
1421 4949 1501 5011 είς
1528 4946 1620 5001 τὸν
1646 4950 1973 5023 παράδεισον

2082 4953 2219 5010 enim
2249 4953 2516 5023 scriptum
2546 4959 2669 5016 est,
2712 4960 2841 5007 ante
2899 4952 3075 5008 sancti
3104 4952 3354 5023 corporis
3393 4967 3644 5008 resurre-

387 5035 698 5106 εισήγαγεν.
728 5037 863 5091 οὐδὲ
887 5036 999 5106 γάρ
1019 5039 1172 5093 ἐστιν
1188 5039 1596 5111 γεγραμμένον,
1620 5040 1704 5095 ὅτι
1730 5041 1836 5114 πρὸ
1866 5043 1968 5114 τῆς

2082 5042 2307 5099 stionem
2337 5057 2539 5121 corpus
2569 5042 2797 5098 latronis
2822 5044 2877 5097 in
2904 5045 3068 5097 vitam
3117 5050 3432 5099 revocatum
3452 5083 3468 5109 ,
3517 5061 3644 5115 pro-

390 5125 732 5193 ἀναστάσεως
758 5128 852 5183 τοῦ
877 5130 1032 5199 ἁγίου
1077 5128 1328 5202 σώματος
1356 5132 1418 5186 τὸ
1436 5132 1529 5187 τοῦ
1558 5133 1755 5206 λῃστοῦ
1794 5153 1968 5209 προησ-

2082 5136 2224 5192 missi
2249 5151 2476 5208 compos
2505 5136 2705 5190 factum
2739 5136 2929 5192 fuisse.
2965 5136 3325 5207 Consequens
3361 5151 3491 5208 ergo
3523 5138 3645 5193 rue-

393 5216 558 5290 γέρθη
605 5221 761 5301 σῶμα
792 5223 892 5294 τὴν
938 5223 1269 5293 ἐπαγγελίαν
1312 5224 1603 5283 ἀπολαϐόν.
1645 5227 1964 5283 Ἀκόλουθον

2082 5230 2178 5293 ‘it,
2233 5229 2280 5284 si
2312 5238 2603 5285 cauterem
2633 5229 2937 5299 intelligere
2979 5230 3272 5294 volumus,
3317 5230 3555 5283 animam
3609 5245 3637 5283 a

370 5307 497 5381 κάρα
533 5311 679 5365 ἐστὶν
724 5314 1125 5387 ὑπολαμϐάνειν
1170 5317 1479 5389 ἐμφρόνως,
1509 5320 1589 5373 ὅτι
1617 5321 1651 5390 ἡ
1695 5318 1843 5392 ψυχὴ
1863 5321 1964 5394 τὴν

2082 5330 2295 5393 :ognata
2329 5320 2435 5376 sibi
2476 5320 2695 5386 anima,
2741 5327 3000 5390 tanquam
3046 5333 3167 5390 quae
3213 5319 3424 5390 majore
3450 5329 3639 5374 auctu-

475 5492 660 5576 ΞρλΕί
686 5498 816 5576 καθ’
837 5495 998 5576 opas
1009 5500 1150 5576 _o1’m_
1172 5499 1363 5572 ἐνεργ.
1404 5499 1516 5576 _S_§c_
1533 5516 1666 5558 sane
1703 5501 1954 5576 Allatius.

2082 5519 2163 5576 ron
2192 5503 2269 5557 ita
2293 5510 2351 5555 ut
2384 5517 2490 5576 nos
2503 5498 2615 5571 (qui
2638 5500 2883 5576 vivimus)
2925 5502 3252 5576 operantur!
3271 5499 3444 5568 Quam
3475 5502 3639 5576 equi-

372 5560 685 5649 Fahri'cius‘
713 5560 893 5649 tamen
932 5560 1072 5649 ξέοι.
1095 5568 1197 5649 _Gr.
1235 5560 1368 5628 tom.
1402 5570 1536 5649 _Vlll,
1570 5573 1847 5649 pag._186,
1874 5575 1952 5649 Ιςτ
2058 5574 2180 5649 dem
2224 5560 2658 5631 emendationem
2703 5560 2927 5629 minime
2954 5560 3321 5629 necessariam
3350 5560 3636 5629 existima—

371 5636 616 5706 cendum
640 5636 833 5691 statuit
857 5638 976 5692 καθ’
1006 5642 1171 5712 ἡμᾶς,
1204 5650 1368 5714 atque
1401 5642 1476 5699 ita
1501 5636 1857 5700 vertendum:
1890 5642 1951 5699 Si
2054 5644 2179 5698 rim.

486 5789 533 5822 ⁸⁸
568 5787 768 5847 Jerem.
804 5809 895 5860 xv,
919 5795 967 5853 I.
