4112 6406
377 369 483 430 695
1746 349 2189 409 FRAGMENTA.
3499 332 3609 392 09b

1286 477 1362 533 Ex
1391 493 1494 531 LIB.
1531 473 1663 528 Vlll.
1692 503 1761 512 —-
1784 470 1935 540 Apud
1964 467 2200 526 eumdem
2230 462 2541 519 Facundum
2575 461 2612 517 ι.
2646 477 2695 516 c.

454 602 562 668 Qui
595 600 954 672 (Eustathius)
987 606 1168 652 octavo
1199 612 1400 665 quoque
1429 592 1564 647 libro
1599 592 1674 644 sic
1705 591 1781 642 ait
1816 605 1833 642 :
1869 584 2360 656 Contemplandum
2385 587 2565 635 autem
2606 579 2878 649 quomodo
2913 579 3141 647 loquens
3178 575 3288 629 Deo
3316 579 3370 629 et
3396 571 3604 636 dicens,

383 696 450 750 Et
483 696 718 749 civitates
741 693 1054 748 destruxisti
1087 691 1155 756 ’³,
1188 705 1382 744 rursus
1416 690 1646 742 alterum
1681 683 1979 739 introducit
2009 681 2298 745 Dominum
2355 675 2622 737 inferens,
2657 671 2725 726 Et
2761 670 3016 725 Dominus
3047 672 3101 723 in
3130 680 3379 723 aeternum
3411 676 3607 720 manet.

383 789 608 843 Paravit
638 787 916 856 injudicio
939 784 1114 840 sedem
1136 801 1288 837 suam
1317 782 1385 837 9‘.
1416 779 1859 834 Manifestissime
1888 776 2030 832 enim
2063 774 2153 826 alii
2187 772 2254 826 de
2284 771 2392 826 alio
2415 771 2646 839 loquens
2683 770 2908 836 apparet
2944 781 2957 817 :
3014 762 3339 831 signiﬁcavit
3366 761 3493 830 quia
3526 760 3612 828 ju-

383 883 485 938 dex
510 890 615 944 est.
647 884 740 952 qui
768 880 1095 952 prceparavit
1128 880 1176 933 ei
1213 879 1395 933 sedem
1430 887 1686 946 tanquam
1734 873 1886 944 prius
1916 887 2025 926 non
2053 867 2274 922 habenti
2305 867 2450 920 hunc
2475 865 2736 917 honorem
2771 878 2785 912 :
2816 858 2896 914 sic
2924 857 3210 911 videbatur
3242 856 3388 925 loqui
3417 873 3430 909 :
3456 855 3614 924 quasi

387 995 484 1049 per
514 979 716 1048 figuras
745 976 892 1031 enim
922 975 1202 1030 indicabat
1233 970 1604 1042 propheticas,
1641 969 1896 1039 quoniam
1924 966 2089 1020 homo
2111 977 2178 1016 ex
2210 957 2472 1015 membris
2491 955 2718 1026 iustitia:
2748 952 3010 1022 templum
3046 949 3298 1005 decenter
3329 949 3526 1009 factus,
3560 956 3616 1002 et

388 1069 762 1128 sacratissimo
791 1070 1046 1124 habitans
1078 1065 1286 1132 Verbo;
1322 1063 1542 1118 virtutis
1579 1062 1689 1133 (‘23)
1717 1060 1945 1129 adeptus
1968 1065 2050 1113 est
2081 1060 2401 1126 perpetuum
2427 1050 2648 1104 solium.

464 1161 600 1217 Item
628 1163 680 1215 in
703 1161 884 1216 eodem
919 1159 1054 1215 libro
1079 1176 1096 1212 :
1123 1158 1240 1212 Non
1273 1157 1441 1218 enim,
1480 1156 1578 1216 ait,
1611 1153 1705 1224 qui
1736 1151 1886 1221 regni
1916 1150 2100 1205 sedem
2134 1147 2317 1209 habet,
2346 1143 2571 1196 alteram
2597 1140 2700 1194 sibi
2732 1142 2962 1207 apparat
2990 1141 3224 1199 sortem;
3256 1131 3352 1186 sed
3385 1132 3472 1186 cui
3510 1145 3619 1182 non

390 1252 544 1306 adest
573 1251 719 1306 sedis
743 1250 1008 1320 potentia.
1040 1247 1184 1316 Ergo
1216 1247 1332 1299 hmo
1362 1242 1431 1296 ad
1462 1219 1738 1298 hominem
1764 1219 1968 1293 Christi
2001 1233 2291 1289 manifeste
2321 1231 2640 1300 respiciunt.
2690 1225 2878 1297 Neque
2907 1231 3088 1278 autem
3112 1220 3478 1291 Omnipotenti
3505 1219 3621 1272 lucc

389 1343 700 1415 reponenda
731 1310 879 1406 sunt,
913 1310 1193 1411 propritim
1232 1337 1450 1392 babenti
1486 1341 1794 1405 sceptrum:
1826 1345 2002 1400 neque
2043 1327 2222 1382 Verbo
2270 1325 2448 1396 ipsum
2483 1334 2706 1392 regnum
2746 1316 2989 1380 habenti,
3053 1313 3199 1384 quod
3252 1313 3416 1366 etiam
3460 1310 3622 1365 Pater

391 1439 584 1504 habet;
610 1435 707 1491 sed
734 1436 790 1489 in
820 1434 1042 1490 Christo
1070 1433 1382 1494 dicendum,
1407 1429 1658 1484 Dominus
1688 1429 1744 1481 in
1771 1426 1896 1480 eazto
1919 1422 2232 1493 prceparavit
2261 1419 2433 1475 sedem
2456 1433 2627 1472 suam.
2648 1413 2781 1468 Nam
2803 1411 3046 1466 omnium
3071 1408 3232 1463 simul
3251 1414 3620 1464 creaturarum

391 1529 698 1587 dominator
730 1535 953 1598 propter
981 1526 1154 1581 divini
1187 1524 1350 1580 Verbi
1383 1521 1843 1578 commistionem.

725 1659 877 1710 ALIA
909 1657 1300 1710 FRAGMENTA
1331 1657 1416 1708 EX
1448 1655 1663 1708 IISDEM
1688 1652 1892 1704 LIBRIS
1915 1645 2247 1703 ADVERSUS
2274 1641 2548 1694 ARIANOS
2576 1635 2937 1689 lNDEFlNlTE
2962 1631 3288 1685 EXCITATA.

474 1788 659 1867 Apud
690 1788 1017 1851 Gelasium
1048 1790 1136 1848 De
1167 1787 1410 1848 duabus
1447 1787 1696 1847 naturis
1727 1787 1794 1845 in
1826 1785 2123 1924 Christlpd'
2147 1782 2311 1844 Bibl.
2345 1779 2474 1841 PP.
2507 1778 2716 1838 Paris.
2757 1773 2930 1847 16M,
2967 1779 3118 1831 tom.
3157 1769 3262 1840 iV,
3306 1773 3460 1844 part.
3496 1785 3536 1841 ι,

1852 1883 1994 1924 nan.
2065 1884 2161 1924 ..4.

1845 1883 1994 1943 pag.
2026 1883 2161 1926 42's.

1135 2012 1404 2067 Eustathii
1427 2011 1655 2081 episcopi
1687 2004 1997 2062 Antiocheni
2025 2004 2372 2074 confessoris,
2401 2007 2591 2056 contra
2622 1997 2883 2052 Arianos.

468 2103 808 2175 Quapropter
835 2121 1110 2176 congruas
1139 2107 1368 2161 virtutes
1396 2112 1450 2160 et.
1481 2104 1903 2174 gubernatioues
1928 2101 2167 2170 gentium
2193 2105 2246 2152 et
2279 2095 2623 2165 pepulorum,
2654 2096 2708 2146 et
2738 2088 3024 2143 mistarum
3064 2081 3322 2152 plebium,
3358 2087 3411 2134 et
3446 2094 3627 2134 rerum

399 2195 781 2251 universarum
814 2199 1103 2268 imperium
1127 2201 1290 2254 homo
1319 2199 1656 2269 percipiebat
1683 2196 1889 2252 Christi
1918 2197 2117 2266 palam,
2149 2202 2206 2249 et
2233 2191 2329 2262 qui
2357 2188 2616 2258 sapientia
2650 2193 2700 2240 et
2734 2191 2890 2240 attate
2933 2177 3208 2250 gratiaque
3233 2175 3461 2244 proﬁcit,
3486 2173 3629 2229 sicut

401 2287 684 2358 Evangelii
709 2290 902 2345 littera:
935 2291 980 2325 ³⁸
1015 2291 1214 2348 docent
1243 2293 1671 2363 particulariter.

1560 2389 1816 2460 Ejusdem
1843 2400 2029 2444 contra
2057 2406 2252 2444 eos.-—-
2273 2384 2498 2440 Ibidem.

476 2482 543 2536 Et
574 2482 768 2538 iterum
793 2499 916 2537 cum
944 2484 1149 2539 dicitur
1176 2483 1335 2540 Jesus
1363 2487 1531 2541 sciens
1557 2487 1684 2557 quia
1713 2489 1891 2542 omnia
1920 2486 2063 2541 dedit
2089 2487 2135 2541 ei
2167 2483 2330 2538 Pater
2360 2483 2416 2536 in
2442 2495 2628 2534 manus
2655 2478 2727 2544 ⁸⁷,
2758 2483 2921 2547 atque
2952 2483 3011 2530 ut
3055 2477 3130 2529 ita
3172 2468 3498 2531 introducit;
3523 2467 3633 2534 ho-

406 2574 572 2629 minis
602 2581 926 2644 potestatem
954 2575 1196 2629 declarat
1225 2595 1240 2632 :
1273 2593 1394 2647 quae
1423 2579 1697 2648 quomodo
1717 2578 1906 2634 aeterni
1938 2593 2161 2632 sumens
2188 2585 2460 2646 sceptrum
2486 2571 2724 2642 imperii,
2753 2567 2999 2625 omnium
3027 2567 3252 2622 haberet
3283 2562 3633 2618 commissum

402 2667 691 2739 judicium.

1555 2760 1806 2831 Ejusdem
1825 2770 2011 2816 contra
2045 2775 2151 2814 eos.
2169 2791 2240 2801 —
2257 2756 2482 2812 Ibidem.

485 2850 545 2905 Si
578 2853 725 2906 enim
749 2852 805 2906 in
840 2851 1074 2914 Christo,
1108 2852 1288 2923 inquit
1317 2854 1385 2917 ’⁸,
1428 2853 1700 2922 plenitudo
1729 2853 2024 2907 divinitatis
2058 2852 2359 2917 inhabitat;
2391 2850 2538 2906 aliud
2571 2865 2702 2905 vero
2731 2845 3084 2902 inhabitatur.
3112 2840 3169 2894 Si
3195 2854 3326 2894 vero
3362 2832 3634 2891 naturali-

413 2952 498 3000 ter
525 2943 781 3002 dideruut
808 2945 876 3000 ab
905 2946 1184 3002 alterutris
1203 2985 1218 3011 ,
1253 2963 1432 3019 neque
1452 2950 1644 3003 mortis
1675 2949 2008 3018 passionem,
2043 2962 2220 3017 neque
2245 2947 2352 3002 cibi
2381 2946 2702 3016 appetitum,
2735 2955 2910 3013 neque
2932 2935 3260 2994 desiderium
3291 2930 3632 3003 poculorum.

414 3053 524 3092 non
559 3051 834 3100 somnum,
864 3052 971 3092 non
1003 3038 1308 3105 tristitiam,
1334 3055 1441 3092 non
1475 3039 1868 3110 fatigationem,
1893 3053 2002 3094 non
2034 3038 2398 3110 laerymarum
2427 3037 2742 3100 eil‘usiones,
2771 3049 2879 3088 non
2921 3031 3085 3085 aliam
3127 3024 3425 3096 quamlibet
3463 3027 3638 3074 muta-

413 3129 616 3184 tionem
652 3129 975 3198 plenitudini
1005 3131 1311 3186 divinitatis
1354 3133 1690 3186 coexsistere
1721 3131 1801 3185 fas
1817 3138 1921 3194 est,
1954 3146 2077 3184 cum
2117 3132 2189 3186 sit
2220 3130 2651 3185 inconvertibilis
2685 3142 2781 3198 per
2807 3132 3081 3180 naturam.
3115 3117 3331 3174 I‘lmnini
3370 3128 3497 3169 vero
3524 3112 3640 3165 hinc

414 3223 738 3292 applicanda
765 3231 894 3278 sunt
921 3225 1164 3294 proprie,
1196 3225 1290 3292 qui
1319 3240 1386 3278 ex
1409 3226 1589 3278 anima
1620 3233 1838 3281 constat
1864 3233 1919 3281 et
1947 3241 2179 3294 corpore
2216 3244 2230 3281 :
2264 3227 2520 3294 congruit
2559 3222 2707 3277 enim
2750 3236 2819 3274 ex
2868 3217 3002 3287 ipsis
3030 3211 3284 3267 humanis
3315 3216 3370 3263 et
3400 3203 3637 3260 innoxiis

414 3316 653 3371 motibus
695 3314 1101 3378 demonstrare,
1131 3318 1257 3386 quia
1302 3332 1410 3371 non
1446 3317 1786 3388 phantastice
1830 3326 1887 3375 et
1932 3319 2195 3389 putative,
2245 3318 2342 3375 sed
2377 3319 2492 3388 ipsa
2535 3317 2763 3370 veritate
2786 3320 2962 3367 totum
2996 3306 3272 3364 hominem
3306 3301 3529 3358 indutus
3555 3307 3640 3354 est

415 3409 558 3466 Deus
586 3405 824 3478 perfecte
850 3422 1162 3463 assumens.

1711 3499 1778 3553 In
1805 3498 2032 3554 eosdem.
2050 3529 2118 3538 —
2139 3499 2361 3553 Ibidem.

487 3593 755 3660 Quocirca
785 3590 932 3647 aliud
957 3589 1174 3660 quidem
1202 3590 1307 3645 erit
1342 3591 1590 3655 mortale,
1636 3592 1785 3646 aliud
1834 3591 2052 3661 quidem
2102 3600 2298 3663 praeter
2329 3593 2432 3646 hoc
2462 3589 2792 3646 immortale.
2823 3585 3234 3654 Consequenter
3263 3585 3445 3633 autem
3473 3586 3526 3629 et
3550 3571 3638 3626 Ti

423 3687 641 3742 motheo
672 3688 917 3742 eamdem
942 3686 1192 3742 scribens
1221 3684 1530 3754 epistolam,
1569 3686 1912 3755 prospiciens
1939 3685 2024 3739 dei
2037 3684 2212 3739 ferum
2241 3685 2517 3739 hominem
2543 3679 2913 3754 proclamabat
2953 3678 3000 3710 ⁹⁹
3036 3693 3052 3729 :
3091 3671 3296 3729 Memor
3323 3676 3434 3724 esto
3461 3663 3644 3720 Iesum

424 3777 692 3832 Christum
716 3781 1064 3835 resurrexisse
1093 3797 1127 3834 a
1159 3781 1379 3834 mortuis
1415 3793 1482 3833 ea:
1508 3781 1702 3834 semine
1737 3780 1926 3845 David,
1951 3779 2237 3834 secundum
2271 3779 2613 3852 Evangelium
2654 3791 2846 3830 meum.

1651 3895 1720 3948 Et
1746 3904 1862 3964 post
1887 3911 2076 3963 pauca.
2107 3925 2177 3934 —-
2199 3893 2421 3950 Ibidem.

494 3986 670 4042 Homo
692 3996 871 4044 autem
903 3989 1072 4045 Deum
1106 3990 1306 4054 ferens,
1339 3989 1434 4059 qui
1464 3990 1655 4044 mortis
1677 3990 1987 4058 passionem
2021 3997 2216 4059 sponte
2241 3989 2456 4045 censuit
2486 3989 2756 4044 sustinere
2777 3993 2996 4057 propter
3026 3983 3306 4038 hominum
3337 3979 3648 4042 utilitatem.

425 4081 657 4152 palmam
687 4081 902 4153 quidem
937 4092 988 4138 et
1005 4084 1342 4147 certaminis,
1367 4090 1425 4137 ut
1451 4083 1526 4137 ita
1553 4081 1843 4137 dicendum
1875 4083 1966 4146 sit,
2005 4082 2291 4149 honorem,
2323 4090 2378 4138 et
2401 4089 2725 4153 potestatem
2761 4078 3022 4150 percepit.
3044 4076 3108 4130 Et
3131 4077 3219 4132 ubi
3247 4074 3508 4146 recipitur
3537 4073 3654 4144 glo-

424 4175 528 4242 ria,
555 4191 718 4248 quam
735 4190 1077 4248 nequaquam
1107 4175 1261 4246 prius
1287 4175 1572 4230 habuerat.
1992 4180 1998 4186 '

1443 4309 1596 4379 Apud
1627 4310 1876 4366 eumdem
1907 4307 2246 4382 chsqu.
2285 4321 2490 4379 (τηρεε.
2521 4305 2645 4377 429.

1337 4451 1609 4507 Eustathii
1636 4449 1868 4520 episcopi
1897 4447 2235 4514 Antiocheni,
2265 4454 2455 4501 contra
2480 4443 2734 4497 Arianos.

499 4543 663 4610 Deus,
696 4547 887 4616 inquit,
926 4545 1162 4601 Verbum
1194 4547 1442 4601 eamdem
1475 4561 1638 4616 quam
1670 4545 1888 4615 genitor
1921 4549 2101 4612 portat
2130 4541 2453 4610 imaginem;
2483 4539 2664 4608 imago
2718 4537 2919 4606 quippe
2969 4538 3242 4587 exsxstens
3283 4529 3481 4584 divinm
3529 4524 3660 4580 sub-

429 4637 644 4692 stantiae
675 4656 689 4691 :
723 4653 913 4692 verum
942 4646 1124 4694 autem
1146 4637 1268 4708 eius
1297 4639 1557 4707 templum
1584 4637 1748 4693 homo
1770 4637 2066 4701 exsistens,
2105 4651 2214 4691 non
2246 4635 2388 4690 idem
2417 4633 2562 4704 quod
2586 4630 2771 4702 templi
2797 4627 3098 4684 fabricator
3127 4631 3234 4690 est,
3263 4619 3538 4692 dissimili
3570 4635 3659 4674 or-

429 4738 516 4784 tus
549 4745 613 4784 ex
637 4743 850 4800 genere.

1445 4818 1646 4874 Rursus
1676 4819 1910 4890 ejusdem
1955 4828 2071 4889 post
2112 4834 2300 4887 pauca.
2323 4846 2394 4858 -—
2419 4814 2644 4871 Ibidem.

503 4913 607 4970 Sed
635 4911 925 4984 potestatis
953 4910 1295 4980 maiestatem
1329 4909 1679 4966 introducere
1711 4912 1924 4975 volens,
1957 4921 2011 4965 et
2041 4912 2218 4980 ipsum
2249 4924 2450 4978 corpus
2486 4905 2874 4960 mortitieatum
2917 4905 3006 4959 hic
3036 4902 3233 4958 Filium
3267 4903 3405 4960 dixit
3434 4921 3451 4962 :
3484 4903 3661 4974 ipsum

433 5008 647 5077 quidem
673 5005 1026 5063 sublimitatis
1053 5019 1252 5060 nomen
1286 5005 1594 5074 imponens,
1620 5003 1675 5058 id
1696 5011 1781 5059 est
1822 5005 2120 5059 habitantis
2141 5005 2195 5057 in
2228 5017 2294 5058 eo
2325 5001 2416 5055 Dei
2451 4999 2781 5054 decibiliter.

1654 5120 1722 5175 Et
1760 5129 1878 5190 post
1909 5137 2190 5191 pauca.-—
2217 5117 2439 5173 Ibidem.

509 5213 644 5269 Puto
671 5227 873 5281 autem,
902 5217 1092 5286 inquit,
1124 5230 1226 5270 nec
1277 5215 1468 5269 insane
1509 5214 1797 5285 quisquam
1831 5221 1887 5270 et
1935 5214 2140 5270 furiose
2177 5211 2546 5268 debacchatus
2607 5209 2809 5265 dixerit
2864 5206 3181 5277 aliquando,
3212 5205 3338 5275 quia
3367 5205 3669 5268 divinitatis

439 5309 715 5380 plenitudo
742 5310 936 5365 mortis
961 5324 1120 5380 passa
1150 5307 1498 5378 dispendium
1529 5316 1632 5364 est.
1665 5307 1804 5379 Ergo
1835 5309 2124 5364 vesaniunt
2153 5317 2206 5363 et
2238 5307 2582 5363 bacchantur
2628 5313 2682 5360 et
2715 5303 2946 5367 furium,
2996 5308 3052 5356 et
3111 5299 3396 5355 insaniunt
3447 5308 3502 5355 et
3555 5301 3666 5357 suis

439 5403 714 5461 mentibus
741 5414 1121 5470 excesserunt,
1151 5404 1244 5474 qui
1277 5403 1390 5458 Deo
1425 5400 1601 5458 Verbo
1631 5403 1944 5473 passionem
1976 5403 2254 5472 applicare
2296 5406 2654 5474 praesumunt.

505 5592 552 5624 ³⁷⁵
580 5591 734 5646 Ρδιζίο
771 5597 855 5654 Ix,
901 5589 948 5644 7.
1024 5592 1072 5624 ’³
1104 5586 1243 5648 Ibid.
1269 5593 1322 5659 8,
1357 5591 1408 5647 9.
1485 5591 1529 5622 ’θ
1558 5587 1684 5644 Luc.
1714 5603 1774 5649 Il,
1799 5586 1885 5642 52.
1963 5585 2006 5617 ’⁷
2034 5583 2129 5639 Joa

1963 5585 2006 5617 ’⁷
2034 5583 2194 5639 Joan.
2230 5603 2348 5652 xm,
2385 5587 2436 5642 5.
2512 5586 2558 5618 ³⁸
2592 5579 2799 5640 Coloss.
2835 5597 2891 5648 ll,
2927 5578 2978 5635 9.
3059 5576 3103 5612 ”
3124 5575 3185 5639 ιι
3209 5576 3345 5634 Tim.
3396 5591 3458 5644 tt,
3485 5575 3541 5634 8.

508 5776 618 5847 (ῗῦ)
662 5774 903 5829 Virtutis.
944 5774 1124 5830 Codex
1151 5775 1392 5842 _\eron.,
1433 5774 1641 5854 rirtqte,
1676 5772 1818 5842 quod
1843 5772 2011 5839 magis
2049 5771 2246 5847 placet.
