4112 6458
427 386 528 445 697

1879 386 2229 445 LITURGIA.

3553 384 3658 443 693

425 502 700 574 κρήμνους
751 499 1042 566 ἀναϐάσεις
1086 499 1427 572 ῦπεμφαίνον
1472 503 1566 556 καὶ
1613 501 1940 567 καταϐάσεις

2059 546 2066 564 ι
2096 503 2341 575 gniﬁcari
2371 508 2533 572 atque
2560 500 2856 558 descensus
2887 520 2900 556 :
2933 516 2992 558 re
3014 509 3192 555 autem
3215 499 3368 554 cruci
3394 499 3659 570 quodam-

429 594 663 664 σχήματι
686 593 762 656 δὲ,
782 592 861 664 τῷ
887 592 1103 664 σταυρῷ
1128 594 1446 665 προσέοικεν
1465 595 1661 663 ὀλίγως
1677 611 1793 656 πως
1815 597 1848 666 ή
1871 594 1987 648 κλί-

427 685 553 757 μαξ,
584 683 783 758 ὀρθίοις
814 701 873 737 τε
905 683 999 737 καὶ
1043 682 1291 751 πλαγίοις
1323 683 1654 755 ἁρμοσθείσα
1678 683 1870 751 ξύλοις.
1901 684 1988 748 Ὡς

420 774 513 830 οὖν
543 775 791 848 ἱστόρησε
817 776 916 845 τὴν
943 775 1194 846 τοιαύτην
1221 776 1502 838 ὀπτασίαν,
1532 776 1622 829 τὸν
1655 775 1800 828 λίθον
1825 775 1982 848 ᾄρας,

422 866 507 936 ἐφ’
540 859 584 934 ᾧ
612 866 708 937 τὴν
735 865 970 936 κεφαλὴν
1016 865 1324 930 ἀνακλίνας,
1357 865 1551 936 ἔστησε
1583 865 1682 936 μὲν
1715 867 1874 920 αὑτὸν
1904 868 1985 930 εἰς

422 958 642 1029 στήλην,
676 957 967 1028 ὑπόμνημα
1013 957 1110 1028 τῆς
1158 956 1415 1029 ἱστορίας,
1445 957 1625 1010 εἰκόνα
1668 958 1725 1010 δὲ
1761 957 1854 1011 τοῦ
1882 973 1983 1026 φα-

421 1049 601 1113 νέντος
633 1049 776 1120 αύτῷ
809 1045 1098 1121 προσώπου
1127 1048 1564 1121 χαρακτηρίζων,
1599 1052 1656 1103 ὲν
1683 1042 1727 1116 ᾧ
1766 1055 1983 1121 μνήμης

421 1141 712 1195 ἀνανέωσιν
740 1141 968 1208 ἵδρυσεν.
995 1136 1154 1195 Οἶκον
1178 1142 1234 1194 δὲ
1262 1143 1396 1194 Θεοῦ
1423 1140 1578 1209 λόγου
1604 1140 1748 1202 ναὸν,
1886 1140 1982 1195 καὶ

419 1230 580 1295 αὐτὸς
623 1229 877 1302 ἐξέφηνεν
913 1231 942 1282 ὁ
979 1230 1072 1286 τοῦ
1093 1229 1534 1304 Παντοκράτορος
1563 1233 1721 1295 Υἱόςτ
1743 1234 1980 1287 Λύσατε

417 1321 527 1376 τὸν
573 1321 722 1377 ναὸν
764 1323 996 1386 τοῦτον,
1035 1323 1131 1376 καὶ
1173 1324 1242 1376 ἐν
1277 1324 1472 1391 τρισὶν
1509 1323 1755 1393 ἡμέραις
1797 1324 1978 1394 ἐγερῶ

416 1414 764 1484 αὐτόν.Ἥδη
808 1415 863 1468 δὲ
904 1415 1002 1468 καὶ
1039 1413 1212 1485 πύλην
1236 1414 1463 1486 ούρανοῦ
1486 1415 1731 1486 ὠνόμασε
1760 1417 1850 1470 τὸν
1882 1419 1978 1472 αῦ-

413 1505 525 1570 τὸν,
561 1505 745 1577 ὲπειδὴ
777 1505 865 1559 διὰ
901 1506 998 1577 τῆς
1019 1504 1113 1559 τοῦ
1145 1506 1378 1579 Χριστοῦ
1423 1505 1707 1578 θεουργιας
1729 1508 1790 1562 τὸ
1819 1508 1976 1579 σῶμα

411 1613 472 1650 τε
500 1598 592 1650 καὶ
616 1597 794 1669 ψυχὴν
811 1597 1243 1669 καθαριζόμενοι,
1273 1601 1339 1669 τῇ
1369 1598 1488 1670 θείᾳ
1509 1598 1788 1670 δυνάμεθα
1803 1616 1972 1671 προσ-

415 1688 548 1741 ιέναι
586 1687 762 1758 φύσει.
796 1687 1092 1761 Τοιγαροῦν
1135 1687 1255 1742 οὐδὲ
1299 1687 1360 1742 τὸ
1382 1688 1558 1742 ἔλαιον
1583 1688 1769 1760 ἀργῶς
1797 1690 1888 1742 ὲπὶ
1912 1689 1974 1743 τὸ

410 1781 576 1852 ἀκρον
612 1778 803 1851 ὲπέχεε
837 1781 935 1851 τῆς
975 1780 1199 1852 στήλης*
1244 1779 1380 1835 ἀλλὰ
1422 1780 1578 1833 τοῦτο
1626 1780 1729 1851 μὲν
1765 1780 1969 1834 ἐκείνου

2095 596 2252 651 modo
2318 601 2664 665 comparatur
2730 595 2912 658 scala,
2975 594 3174 649 erectis
3221 593 3655 656 transversisque

2090 685 2393 755 composita
2445 684 2626 754 lignis.
2659 683 3121 751 Quemadmodum
3166 682 3332 752 igitur
3378 682 3654 743 memoria:

2091 775 2311 831 tradidit
2353 777 2558 830 hancce
2606 775 2892 839 visionem,
2927 776 3125 829 tollens
3169 773 3423 844 lapidem,
3458 774 3513 828 in
3543 790 3652 844 quo

2089 879 2250 938 caput
2277 869 2655 932 reclinaverat,
2689 869 2955 923 columnae
2982 868 3156 922 instar
3195 867 3367 921 erexit
3395 883 3538 930 eum,
3567 868 3651 922 Ιιί-

2087 959 2269 1015 storia:
2295 972 2724 1021 monumentum,
2752 958 3040 1029 imaginem
3086 964 3267 1011 autem
3315 957 3513 1026 speciei
3545 958 3648 1028 sibi

2085 1049 2215 1102 visae
2247 1055 2666 1118 repraesentans,
2693 1048 2746 1102 in
2803 1062 2867 1102 eo
2919 1046 3195 1100 memoriae
3241 1045 3646 1100 renovationem

2084 1139 2388 1194 constituit.
2417 1138 2612 1193 Aﬂdem
2648 1138 2740 1193 Dei
2800 1146 2978 1194 autem
3007 1153 3130 1192 cum
3185 1137 3482 1208 appellaret
3522 1151 3647 1191 eum

2083 1230 2259 1285 innuit
2283 1231 2451 1286 divini
2480 1230 2638 1286 Verbi
2667 1231 2946 1300 templum,
2969 1229 3420 1301 quemadmodum
3444 1238 3498 1284 et
3531 1229 3648 1300 ipse

2082 1323 2742 1392 exposuitOmnipotentis
2784 1321 2955 1376 Filius
2987 1341 2999 1376 :
3036 1320 3231 1376 Solvite
3260 1321 3503 1390 templum
3526 1321 3642 1386 hoc,

2079 1425 2128 1470 et
2159 1418 2213 1470 in
2247 1415 2412 1470 tribus
2433 1415 2614 1471 diebus
2657 1414 2896 1469 excitabo
2926 1414 3061 1468 illud
3091 1415 3133 1469 ³.
3173 1412 3290 1467 Jam
3323 1429 3451 1468 vero
3478 1415 3643 1468 etiam

2081 1517 2292 1578 portam
2321 1508 2447 1564 caeli
2477 1507 2809 1576 nuncupavit
2832 1507 3004 1573 illum,
3036 1506 3474 1577 quandoquidem
3517 1521 3640 1572 nos,

2078 1599 2259 1654 divina
2284 1598 2488 1654 Clu-isti
2516 1614 2617 1668 ope
2642 1597 2942 1653 secundum
2965 1612 3165 1667 corpus
3197 1604 3249 1651 et
3271 1597 3508 1651 animam
3538 1614 3643 1668 pu-

2078 1689 2297 1756 rilicati,
2322 1691 2388 1744 ad
2419 1689 2653 1744 divinam
2708 1688 2967 1744 accedere
3014 1704 3307 1758 possumus
3363 1697 3638 1746 naturam.

2077 1780 2415 1853 Quapropter
2437 1798 2535 1837 nec
2563 1781 2771 1836 frustra.
2791 1781 2968 1835 oleum
2987 1779 3184 1834 infudit
3213 1780 3400 1835 vertici
3428 1781 3640 1834 colum-

408 1871 700 1944 δηλωτικὸν
745 1867 833 1944 ἦν,
863 1867 932 1926 οῦ
971 1872 1318 1944 διεπράττετο
1367 1871 1668 1934 σπουδαίως
1701 1874 1734 1943 ἡ
1770 1871 1956 1944 Μαρία

2081 1890 2182 1938 ηαξ,
2213 1874 2310 1929 sed
2335 1875 2438 1930 hoc
2466 1874 2681 1944 quidem
2705 1873 3066 1944 praeﬁguravit
3101 1872 3255 1936 illud,
3293 1874 3438 1942 quod
3468 1873 3638 1936 Maria

412 1962 582 2034 μύρον
611 1962 681 2028 ’ἐξ
724 1963 908 2034 ἄκρων
939 1963 1229 2034 ὲπιχὲουσα
1262 1965 1375 2027 τοῖς
1399 1963 1492 2016 τοῦ
1522 1961 1758 2034 Χριστοῦ
1792 1965 1968 2020 ποσίν.

413 2052 551 2106 Αὐτὸ
581 2052 638 2106 δὲ
663 2052 822 2107 πάλιν
852 2053 1144 2123 ἐτύγχανεν
1179 2055 1355 2107 ἐκεῖνο
1384 2056 1605 2125 μήνυμα
1638 2057 1737 2125 τῆς
1776 2055 1971 2125 ταφῆς,

404 2142 481 2206 ὡς
507 2143 668 2206 αὐτὸς
697 2146 1018 2217 ἐσαφήνισεν
1049 2146 1348 2217 ἀναφανδὸν
1368 2147 1397 2198 ὁ
1424 2145 1646 2218 Κύριος
1665 2147 1721 2199 '0
1743 2147 1800 2200 δὲ
1827 2147 1974 2212 λίθος

403 2225 557 2296 οὗτος
591 2233 842 2297 εἰκονίζει
885 2234 975 2290 τὸν
1032 2237 1421 2308 ἀκρογωνιαίον
1461 2237 1668 2289 ἐκεῖνον
1712 2235 1876 2301 λίθον,
1901 2236 1973 2291 ὃν

403 2325 855 2394 ἀπεδοκίμασαν
879 2325 997 2396 μὲν
1025 2329 1099 2380 ol‘
1123 2327 1596 2398 οἰκοδομοῦντες,
1615 2329 1714 2395 εις
1753 2329 1971 2398 γωνίας

401 2417 469 2472 δὲ
501 2417 776 2486 κεφαλὴν
805 2416 1060 2487 ἐγένετο.

470 2510 492 2541 ⁸
525 2508 688 2564 Joan.
714 2526 775 2576 ιι,
813 2494 900 2566 19.
973 2511 996 2544 ⁸
1023 2511 1176 2568 Psal.
1200 2515 1365 2576 cxvii,
1387 2511 1477 2569 22.

2072 1965 2309 2020 solerter
2341 1965 2490 2032 fecit,
2516 1972 2850 2036 unguentum
2881 1979 3114 2034 superne
3164 1964 3456 2021 infundens
3484 1965 3638 2036 pedi-

2071 2059 2176 2114 bus
2208 2057 2434 2113 Christi.
2466 2058 2604 2112 Illud
2645 2064 2824 2112 autem
2854 2058 3029 2126 ipsum
3060 2057 3220 2110 etiam
3261 2056 3364 2110 luit
3420 2055 3636 2126 signum

2078 2151 2394 2221 sepulturae,
2427 2151 2502 2206 uti
2552 2151 2668 2220 ipse
2695 2150 2997 2206 luculenter
3033 2148 3429 2206 demonstravit
3451 2147 3636 2202 Domi-

2071 2259 2196 2299 nus.
2227 2241 2392 2298 Hicce
2420 2257 2550 2298 vero
2573 2242 2712 2312 lapis
2739 2242 3047 2313 praeﬁgurat
3080 2241 3313 2312 lapidem
3349 2241 3500 2295 illum
3536 2253 3636 2292 an-

2071 2337 2336 2405 gularem,
2361 2351 2512 2405 quem
2535 2334 2938 2403 reprobaverunt
2985 2332 3330 2403 azdiﬁeantés,
3357 2331 3531 2402 [actus
3554 2337 3634 2384 est

2070 2431 2248 2477 autem
2275 2423 2329 2476 in
2355 2431 2510 2493 caput
2538 2422 2779 2493 anguli‘.

943 2793 1630 2910 LITURGIA
1710 2792 2231 2909 SANCTI
2299 2790 3074 2909 EUSTATHII

1068 3012 1864 3102 PATRIARCHE
1933 3009 1959 3099 Α

2059 3007 2686 3102 iTIOCHENI
2760 3006 2922 3099 (26).

761 3166 1065 3228 (Rsmuoor,
1089 3161 1419 3228 Litargiarum
1446 3163 1760 3215 Orientalium
1781 3165 1959 3216 Collect:

2059 3164 2132 3212 ed.
2158 3159 2226 3224 II,
2249 3162 2556 3213 Francol‘urti
2580 3163 2718 3222 1847,
2746 3165 2804 3214 in
2831 3163 2913 3226 ιο,
2937 3168 2972 3214 ι.
3000 3163 3040 3224 ῐ,
3066 3179 3112 3228 p.
3137 3165 3274 3228 πε.)

682 3330 867 3386 Primo
891 3332 1064 3387 oratio
1091 3341 1213 3386 ante
1240 3333 1476 3387 osculum
1504 3335 1671 3402 pacis.

457 3426 603 3482 Deus
652 3425 892 3480 clemens
938 3432 993 3479 et
1037 3423 1218 3477 multae
1247 3423 1658 3490 misericordiae,
1691 3424 1946 3494 Domine,

384 3522 478 3594 qui
504 3528 558 3576 te
584 3535 692 3575 non
720 3517 1034 3573 dubitanter
1067 3517 1388 3572 invocantes
1403 3519 1551 3588 juste
1581 3521 1829 3586 exaudis,
1855 3537 1954 3576 no-

386 3616 470 3670 bis
502 3613 666 3670 etiam
698 3611 792 3682 qui
822 3625 928 3664 una
955 3616 1009 3664 et
1038 3609 1233 3678 aequali
1275 3623 1410 3664 voce
1455 3611 1752 3668 clamamus
1781 3614 1847 3667 ad
1876 3626 1952 3679 te,

1977 3348 2024 3407 lc
2131 3331 2412 3389 Sacerdos.
2447 3326 2528 3385 Tu
2558 3345 2618 3387 es
2671 3329 2961 3385 thesaurus
3007 3329 3334 3384 auxiliorum
3363 3369 3378 3394 ,
3411 3337 3466 3386 et
3497 3329 3623 3402 fons

2055 3425 2346 3488 bonorum,
2379 3423 2602 3478 Domine
2635 3441 2647 3476 :
2675 3436 2779 3475 nos
2803 3421 2968 3491 igitur
2995 3420 3091 3489 qui
3121 3428 3357 3491 egestate
3389 3429 3444 3476 et
3486 3438 3622 3492 pau-

2053 3524 2259 3590 pertate
2285 3516 2617 3579 laboramus,
2649 3511 2843 3566 divites
2869 3511 2952 3566 l‘ac
2979 3511 3183 3566 divitiis
3212 3511 3622 3582 incomprehen-

2053 3610 2303 3667 sibilibus
2332 3607 2598 3662 donorum
2623 3613 2842 3658 tuorum
2862 3603 3168 3657 divinorum
3195 3621 3207 3657 :
3232 3614 3286 3657 et
3305 3602 3502 3673 perﬁce
3518 3619 3620 3660 nos

384 3707 603 3769 largire,
639 3714 696 3758 ut
723 3717 846 3758 cum
884 3700 1129 3756 unanimi
1185 3703 1516 3769 concordia,
1566 3703 1760 3762 demas
1789 3707 1950 3763 nobis
2049 3702 2104 3756 in
2133 3701 2392 3772 pupulum
2428 3705 2698 3762 sanctum,
2745 3704 2798 3752 et
2831 3695 3306 3766 congregationem
3330 3694 3618 3760 salvatam,

385 3791 619 3847 invicem
649 3805 834 3859 pacem
867 3789 920 3842 in
964 3787 1154 3843 osculo
1185 3796 1376 3843 sancto
1405 3797 1459 3842 et
1504 3785 1710 3856 divino,
1739 3796 1792 3844 et
1823 3785 1969 3844 refe-

383 3899 567 3940 remus
597 3882 694 3937 tibi
721 3883 969 3949 gloriam,
995 3891 1100 3938 etc.

455 3973 718 4045 Populus.
749 3973 943 4031 Amen.

449 4068 716 4122 Diaconus
735 4067 1029 4136 proclamat
1055 4064 1310 4125 Mediam.

448 4159 706 4215 Sacerdos
730 4159 934 4213 elevans
961 4175 1154 4215 vocem.
1188 4158 1417 4215 Omnem
1469 4177 1686 4234 quoque
1728 4164 1948 4220 dubita-

376 4252 578 4307 tionem
609 4251 882 4323 depellens
915 4266 945 4304 a
974 4251 1152 4314 nobis,
1197 4250 1452 4319 Domine,
1494 4255 1714 4310 vinculo
1760 4257 1946 4311 chari-

375 4345 504 4401 tatis
526 4344 900 4400 tuaaconlirma
924 4360 1042 4407 nos,
1069 4352 1123 4399 et
1148 4345 1553 4402 benedictiones
1578 4349 1942 4416 abundantes,

375 4435 536 4491 nobis
566 4442 620 4491 et
648 4435 756 4490 illis
801 4437 892 4505 qui
920 4450 1104 4490 coram
1136 4443 1188 4490 te
1219 4437 1466 4492 inclinati
1509 4449 1637 4495 sunt
1670 4442 1843 4506 mitte,
1883 4451 1944 4496 ut

373 4526 670 4582 ciliciamur
717 4526 1032 4582 adoratores
1086 4527 1199 4581 veri
1231 4535 1285 4583 et
1326 4531 1615 4602 participes
1673 4533 1942 4592 bonorum

375 4621 596 4668 tuorum
652 4621 1016 4682 aeternorum,
1065 4615 1477 4689 rel'cremusque
1527 4621 1626 4677 tibi
1668 4623 1937 4694 gloriam,

331 4736 334 4738 τ
370 4713 480 4762 etc.

441 4795 701 4867 Populus.
734 4796 929 4855 Amen.

446 4930 556 5004 (26)
589 4931 954 5004 Celeberrima
985 4943 1068 4988 est
1107 4949 1212 4989 non
1255 4935 1417 4990 modo
1467 4935 1610 4992 inter
1638 4935 1939 5002 Jacobitas,

370 5002 470 5060 sed
496 5005 641 5075 apud
666 5002 1003 5076 orthodoxos
1033 5003 1306 5059 Enstathii
1343 5007 1685 5073 Antiocheni,
1716 5009 1808 5076 qui
1834 5007 1934 5061 Ni-

371 5074 788 5147 ca’nogconcilio
837 5074 1214 5147 interl'uitla),
1258 5077 1520 5131 memoria
1559 5096 1572 5130 :
1618 5074 1793 5147 neque
1821 5092 1937 5131 ma-

371 5144 457 5212 gis
479 5145 543 5198 ad
573 5144 852 5199 Jacobitas
883 5145 1192 5214 pertinebat
1222 5163 1382 5215 quam
1407 5147 1604 5215 reliqui
1635 5144 1825 5202 Patres
1847 5163 1939 5202 ve-

368 5222 565 5288 teres:
597 5215 701 5288 nisi
724 5215 872 5288 quod
906 5216 1409 5288 cumAntiochenze
1446 5217 1705 5272 Ecclesia:
1725 5218 1939 5288 episco-

367 5299 473 5354 pus
508 5284 690 5346 l'uerit,
723 5286 900 5357 locum
930 5285 1007 5338 illi
1041 5286 1182 5340 inter
1209 5303 1305 5342 eos
1357 5288 1643 5351 dederunt,
1677 5303 1708 5342 a
1737 5284 1939 5357 quibus

367 5369 500 5428 snas
532 5355 1044 5428 temet-ededucunt
1072 5357 1329 5428 origines.
1367 5358 1628 5428 Ut_igitur
1647 5355 1817 5423 Petri,
1842 5359 1939 5428 qui

365 5425 512 5478 illam
553 5421 854 5499 Ecclesiam
889 5421 1413 5499 fundavitfnomine
1437 5421 1713 5499 Liturgias
1747 5421 1886 5483 duas
1919 5448 1933 5484 :

367 5491 752 5573 nnainlgnatii
779 5496 998 5550 nomine
1058 5499 1421 5573 scripserunt,
1455 5491 1719 5573 itahfa'cile
1745 5500 1846 5554 fuit
1876 5507 1937 5552 ut

362 5564 654 5646 Eustathio
682 5579 899 5646 quoque
922 5581 1094 5646 gnam
1115 5564 1474 5646 ascriberent.
1506 5569 1656 5624 Illam
1679 5570 1937 5646 intereas

360 5652 480 5704 quae
511 5633 564 5688 in
599 5649 703 5687 usu
735 5633 876 5704 apud
922 5633 1219 5694 Maronitas
1255 5639 1432 5695 forent
1467 5640 1775 5694 numeravit
1827 5637 1938 5692 Ga-

359 5705 497 5760 briel
527 5704 744 5759 Sionita
769 5705 825 5760 in
849 5705 1080 5774 epistola
1113 5710 1183 5764 ad
1214 5708 1500 5768 Nibusium
1528 5709 1624 5782 (ὁ),
1658 5709 1930 5767 Abraham

441 5819 492 5875 a)
519 5821 609 5870 301.
647 5821 681 5870 ι.
704 5833 803 5876 l,c.
831 5819 861 5870 2
883 5825 938 5866 et
967 5820 1035 5869 l7.

444 5881 491 5946 ὁ)
517 5885 666 5936 Allat.
690 5883 980 5951 Synunitla,
1005 5895 1036 5946 [ι
1081 5881 1186 5937 297.

2049 3810 2170 3864 qua:
2192 3793 2479 3848 annuntiet
2499 3790 2688 3846 laudes
2718 3798 2864 3852 tuas,
2893 3787 3036 3843 Deus
3064 3785 3246 3853 Pater,
3269 3796 3323 3842 et
3351 3785 3621 3860 unigeniti

2051 3883 2170 3939 Filii
2205 3884 2306 3950 tui,
2337 3893 2390 3939 et
2422 3881 2660 3953 Spiritus
2688 3880 2768 3935 tui
2796 3879 2926 3936 vivi.

2117 3977 2406 4031 Diaeonus.
2440 3975 2574 4030 Date
2608 3990 2818 4045 pacem.

2118 4067 2398 4124 Sacerdos.
2428 4066 2683 4123 Charitas
2709 4065 2803 4122 Dei
2827 4064 3031 4120 Patris.

2119 4159 2374 4228 Populus.
2403 4159 2597 4214 Amen.
2628 4157 3010 4213 Misericordiae
3041 4153 3159 4210 Dei.

2118 4250 2396 4306 Sacerdos.
2430 4248 2659 4306 Sursum
2690 4248 2879 4304 corda.

2119 4341 2373 4412 Populus.
2408 4340 2678 4398 Habemus
2715 4341 2782 4394 ad
2809 4339 3120 4394 Dominum.

2113 4435 2392 4491 Sacerdos.
2426 4433 2643 4490 Gratias
2667 4448 2892 4503 agamus
2914 4431 3167 4486 Domino.

2113 4526 2370 4595 Populus.
2402 4527 2635 4597 Dignum
2663 4534 2717 4580 et
2739 4525 2947 4595 justum
2979 4531 3082 4578 est.

2113 4619 2377 4676 Sacerdos
2407 4619 2716 4672 inclinatus.
2765 4617 2984 4672 Gratias
3020 4629 3267 4687 agamus,
3299 4612 3610 4680 adoremus,

1970 4698 2020 4756 Ῑ)
2045 4722 2100 4769 et
2152 4713 2519 4785 gloriﬁcamus
2561 4710 2802 4776 Patrem,
2852 4707 3076 4775 Filium,
3104 4713 3159 4761 et
3191 4704 3452 4776 Spiritum
3483 4719 3615 4762 san-

2039 4814 2186 4861 ctum
2213 4820 2379 4859 unum
2414 4801 2580 4858 Deum
2594 4816 2804 4857 verum.

2046 4939 2398 4994 Echellcnsis-
2431 4937 2486 4992 in
2521 4936 2668 4991 notis
2714 4935 2781 4989 ad
2837 4931 3050 5008 H_ebed_
3067 4929 3194 5008 {esu
3228 4949 3242 4985 :
3275 4937 3328 4985 et
3374 4925 3610 5008 Faustus

2042 5011 2316 5064 Naironus
2352 5009 2408 5062 in
2464 5007 2686 5075 Evoplia
2735 5019 2832 5058 sua
2876 5005 2968 5074 (ε).
3013 5001 3168 5075 Edita
3197 5013 3413 5075 quoque
3442 5005 3525 5052 est
3553 5001 3609 5052 in

2044 5080 2248 5134 Missali
2277 5071 2600 5132 Maronitico
2624 5077 2764 5148 :_sed
2783 5071 2906 5129 cum
2930 5071 3612 5148 'interpolationibus,quae

2042 5153 2096 5204 in
2129 5151 2251 5204 aliis
2277 5149 2430 5202 iactat
2462 5157 2612 5202 sunt.
2643 5145 2920 5200 Sinceram
2954 5142 3239 5197 lectionem
3270 5142 3610 5195 restituimus

2040 5237 2104 5275 es
2137 5221 2324 5274 codice
2344 5217 2659 5274 Colbertino
2686 5217 2837 5270 bonae
2853 5221 3013 5271 notae.
3041 5211 3132 5281 qui
3162 5225 3280 5265 eam
3306 5222 3610 5276 repraesen-

2043 5293 2190 5345 tabat
2221 5307 2236 5343 ι
2274 5305 2401 5342 nam
2433 5290 2486 5341 in
2528 5287 2716 5340 multis
2747 5283 3111 5340 desideratur.
3162 5281 3297 5335 Cum
3331 5293 3461 5332 vero
3490 5291 3608 5329 om—

2040 5362 2190 5415 nium
2213 5360 2557 5428 liturgiarum
2587 5371 2694 5410 una
2723 5354 2988 5410 sententia
3011 5353 3103 5413 sit,
3137 5351 3277 5405 idem
3298 5345 3609 5428 disciplina:

2039 5435 2208 5488 color.
2233 5415 2482 5485 docti-ina
2511 5429 2578 5480 de
2604 5433 2944 5481 sacramento
2970 5437 3196 5492 prorsus
3213 5418 3403 5474 eadem
3442 5436 3456 5471 :
3482 5415 3606 5492 _dis-

2040 5485 2246 5555 crimen
2279 5514 2408 5555 vero
2425 5485 3028 5566 nullum,pr:eterqua'm
3055 5493 3109 5545 in
3142 5485 3605 5567 verborumuber-

2038 5579 2170 5632 tate.
2207 5577 2304 5626 aut
2334 5567 2597 5625 strictiori
2633 5559 2978 5636 simplicitate
3019 5561 3192 5636 possit
3225 5559 3605 5620 animadverti,

2038 5657 2158 5711 quae
2183 5641 2248 5694 ad
2299 5640 2435 5695 alias
2469 5632 2934 5711 observata__sunt,
2971 5632 3036 5711 ad
3070 5632 3229 5686 istius
3259 5643 3474 5711 quoque
3503 5638 3606 5680 ex-

2040 5700 2387 5782 plicationem
2415 5716 2642 5780 possunt
2678 5706 2950 5772 suﬂicere,
2973 5704 3020 5762 si
3051 5717 3224 5775 pauca
3241 5700 3570 5771 excipimus.

2097 5827 2164 5891 (c\
2194 5825 2379 5890 £vopl.,
2406 5839 2450 5889 p.
2490 5824 2597 5886 319,
2623 5837 2654 5888 p
2701 5822 2804 5873 162.
