  <div class='ocr_page' id='page_1' title='image "/cluster/home/n/w/nwhite01/storage/ocr_20150623/18/coo.31924054872985/363.png"; bbox 0 0 4112 6432; ppageno 0'>
   <div class='ocr_carea' id='block_1_1' title="bbox 509 356 616 417">
    <p class='ocr_par' dir='ltr' id='par_1_1' title="bbox 509 356 616 417">
     <span class='ocr_line' id='line_1_1' title="bbox 509 356 616 417; baseline -0.009 0"><span class='ocrx_word' id='word_1_1' title='bbox 509 356 616 417; x_wconf 78' lang='lat'><strong>690</strong></span> 
     </span>
    </p>
   </div>
   <div class='ocr_carea' id='block_1_2' title="bbox 1481 341 2761 410">
    <p class='ocr_par' dir='ltr' id='par_1_2' title="bbox 1481 341 2761 410">
     <span class='ocr_line' id='line_1_2' title="bbox 1481 341 2761 410; baseline -0.01 -1"><span class='ocrx_word' id='word_1_2' title='bbox 1481 343 1552 409; x_wconf 25' lang='lat' dir='ltr'><strong>&#39;S.</strong></span> <span class='ocrx_word' id='word_1_3' title='bbox 1593 349 1964 410; x_wconf 39' lang='lat' dir='ltr'><strong>EUSTATI-lll</strong></span> <span class='ocrx_word' id='word_1_4' title='bbox 2001 345 2309 406; x_wconf 83' lang='lat' dir='ltr'><strong>EPISCOPI</strong></span> <span class='ocrx_word' id='word_1_5' title='bbox 2348 341 2761 400; x_wconf 56' lang='lat' dir='ltr'><strong>ANTIOCHENI</strong></span> 
     </span>
    </p>
   </div>
   <div class='ocr_carea' id='block_1_3' title="bbox 3638 335 3739 390">
    <p class='ocr_par' dir='ltr' id='par_1_3' title="bbox 3638 335 3739 390">
     <span class='ocr_line' id='line_1_3' title="bbox 3638 335 3739 390; baseline 0.02 -2"><span class='ocrx_word' id='word_1_6' title='bbox 3638 335 3739 390; x_wconf 82' lang='lat'><strong>700</strong></span> 
     </span>
    </p>
   </div>
   <div class='ocr_carea' id='block_1_4' title="bbox 585 453 3740 543">
    <p class='ocr_par' dir='ltr' id='par_1_4' title="bbox 585 453 3740 543">
     <span class='ocr_line' id='line_1_4' title="bbox 585 453 3740 543; baseline -0.008 -13"><span class='ocrx_word' id='word_1_7' title='bbox 585 475 808 530; x_wconf 78' lang='lat' dir='ltr'><strong>Elevans</strong></span> <span class='ocrx_word' id='word_1_8' title='bbox 860 491 1054 528; x_wconf 80' lang='lat' dir='ltr'><strong>vocem.</strong></span> <span class='ocrx_word' id='word_1_9' title='bbox 1105 471 1560 543; x_wconf 79' lang='lat' dir='ltr'><strong>Magnificentiam</strong></span> <span class='ocrx_word' id='word_1_10' title='bbox 1615 483 1784 536; x_wconf 84' lang='lat' dir='ltr'><strong>tuam,</strong></span> <span class='ocrx_word' id='word_1_11' title='bbox 1832 470 2075 532; x_wconf 85' lang='lat' dir='ltr'><strong>Domine,</strong></span> <span class='ocrx_word' id='word_1_12' title='bbox 2108 475 2155 529; x_wconf 82' lang='grc' dir='ltr'><strong>Α</strong></span> <span class='ocrx_word' id='word_1_13' title='bbox 2253 463 2531 520; x_wconf 74' lang='lat' dir='ltr'><strong>Sacerdos.</strong></span> <span class='ocrx_word' id='word_1_14' title='bbox 2571 460 2742 514; x_wconf 90' lang='lat' dir='ltr'><strong>Etiam</strong></span> <span class='ocrx_word' id='word_1_15' title='bbox 2790 458 3082 513; x_wconf 86' lang='lat' dir='ltr'><strong>adventum</strong></span> <span class='ocrx_word' id='word_1_16' title='bbox 3135 467 3288 509; x_wconf 92' lang='lat' dir='ltr'><strong>tuum</strong></span> <span class='ocrx_word' id='word_1_17' title='bbox 3340 453 3659 515; x_wconf 85' lang='lat' dir='ltr'><strong>salutarem,</strong></span> <span class='ocrx_word' id='word_1_18' title='bbox 3686 461 3740 506; x_wconf 91' lang='lat' dir='ltr'><strong>ct</strong></span> 
     </span>
    </p>
   </div>
   <div class='ocr_carea' id='block_1_5' title="bbox 511 565 2080 640">
    <p class='ocr_par' dir='ltr' id='par_1_5' title="bbox 511 565 2080 640">
     <span class='ocr_line' id='line_1_5' title="bbox 511 565 2080 640; baseline -0.004 -18"><span class='ocrx_word' id='word_1_19' title='bbox 511 567 816 640; x_wconf 87' lang='lat' dir='ltr'><strong>glorificant</strong></span> <span class='ocrx_word' id='word_1_20' title='bbox 867 581 1058 622; x_wconf 91' lang='lat' dir='ltr'><strong>omnes</strong></span> <span class='ocrx_word' id='word_1_21' title='bbox 1090 566 1323 620; x_wconf 73' lang='lat' dir='ltr'><strong>virtutes</strong></span> <span class='ocrx_word' id='word_1_22' title='bbox 1375 565 1618 620; x_wconf 63' lang='lat' dir='ltr'><strong>materiae</strong></span> <span class='ocrx_word' id='word_1_23' title='bbox 1661 573 1952 635; x_wconf 79' lang='lat' dir='ltr'><strong>expertes;</strong></span> <span class='ocrx_word' id='word_1_24' title='bbox 2003 565 2080 616; x_wconf 87' lang='lat' dir='ltr'><strong>le-</strong></span> 
     </span>
    </p>
   </div>
   <div class='ocr_carea' id='block_1_6' title="bbox 511 655 2080 730">
    <p class='ocr_par' dir='ltr' id='par_1_6' title="bbox 511 655 2080 730">
     <span class='ocr_line' id='line_1_6' title="bbox 511 655 2080 730; baseline -0.003 -18"><span class='ocrx_word' id='word_1_25' title='bbox 511 661 698 730; x_wconf 86' lang='lat' dir='ltr'><strong>giones</strong></span> <span class='ocrx_word' id='word_1_26' title='bbox 739 655 1088 712; x_wconf 72' lang='lat' dir='ltr'><strong>inﬂammata:</strong></span> <span class='ocrx_word' id='word_1_27' title='bbox 1141 671 1207 712; x_wconf 86' lang='lat' dir='ltr'><strong>ex</strong></span> <span class='ocrx_word' id='word_1_28' title='bbox 1266 655 1481 709; x_wconf 86' lang='lat' dir='ltr'><strong>flamma</strong></span> <span class='ocrx_word' id='word_1_29' title='bbox 1511 656 1786 726; x_wconf 67' lang='lat' dir='ltr'><strong>productae</strong></span> <span class='ocrx_word' id='word_1_30' title='bbox 1819 675 1833 709; x_wconf 88' lang='lat'><strong>:</strong></span> <span class='ocrx_word' id='word_1_31' title='bbox 1867 658 2080 720; x_wconf 71' lang='lat' dir='ltr'><strong>agmina</strong></span> 
     </span>
    </p>
   </div>
   <div class='ocr_carea' id='block_1_7' title="bbox 509 745 2081 805">
    <p class='ocr_par' dir='ltr' id='par_1_7' title="bbox 509 745 2081 805">
     <span class='ocr_line' id='line_1_7' title="bbox 509 745 2081 805; baseline -0.003 -2"><span class='ocrx_word' id='word_1_32' title='bbox 509 749 759 805; x_wconf 81' lang='lat' dir='ltr'><strong>ardentia</strong></span> <span class='ocrx_word' id='word_1_33' title='bbox 798 749 1081 804; x_wconf 87' lang='lat' dir='ltr'><strong>cherubim</strong></span> <span class='ocrx_word' id='word_1_34' title='bbox 1107 747 1330 803; x_wconf 86' lang='lat' dir='ltr'><strong>fortium</strong></span> <span class='ocrx_word' id='word_1_35' title='bbox 1358 766 1371 802; x_wconf 93' lang='lat'><strong>:</strong></span> <span class='ocrx_word' id='word_1_36' title='bbox 1403 755 1598 802; x_wconf 67' lang='lat' dir='ltr'><strong>turmae</strong></span> <span class='ocrx_word' id='word_1_37' title='bbox 1623 747 1896 802; x_wconf 84' lang='lat' dir='ltr'><strong>terribiles</strong></span> <span class='ocrx_word' id='word_1_38' title='bbox 1920 745 2081 800; x_wconf 84' lang='lat' dir='ltr'><strong>Sera-</strong></span> 
     </span>
    </p>
   </div>
   <div class='ocr_carea' id='block_1_8' title="bbox 510 839 2082 911">
    <p class='ocr_par' dir='ltr' id='par_1_8' title="bbox 510 839 2082 911">
     <span class='ocr_line' id='line_1_8' title="bbox 510 839 2082 911; baseline -0.002 -16"><span class='ocrx_word' id='word_1_39' title='bbox 510 841 658 911; x_wconf 82' lang='lat' dir='ltr'><strong>phiin</strong></span> <span class='ocrx_word' id='word_1_40' title='bbox 724 847 1076 908; x_wconf 89' lang='lat' dir='ltr'><strong>sanctorum;</strong></span> <span class='ocrx_word' id='word_1_41' title='bbox 1128 840 1222 909; x_wconf 85' lang='lat' dir='ltr'><strong>qui</strong></span> <span class='ocrx_word' id='word_1_42' title='bbox 1269 847 1552 895; x_wconf 83' lang='lat' dir='ltr'><strong>moventes</strong></span> <span class='ocrx_word' id='word_1_43' title='bbox 1605 840 1721 895; x_wconf 84' lang='lat' dir='ltr'><strong>alas</strong></span> <span class='ocrx_word' id='word_1_44' title='bbox 1772 853 1924 903; x_wconf 88' lang='lat' dir='ltr'><strong>suas,</strong></span> <span class='ocrx_word' id='word_1_45' title='bbox 1969 839 2082 893; x_wconf 89' lang='lat' dir='ltr'><strong>cla-</strong></span> 
     </span>
    </p>
   </div>
   <div class='ocr_carea' id='block_1_9' title="bbox 511 931 1403 997">
    <p class='ocr_par' dir='ltr' id='par_1_9' title="bbox 511 931 1403 997">
     <span class='ocr_line' id='line_1_9' title="bbox 511 931 1403 997; baseline -0.002 -9"><span class='ocrx_word' id='word_1_46' title='bbox 511 941 684 997; x_wconf 89' lang='lat' dir='ltr'><strong>mant,</strong></span> <span class='ocrx_word' id='word_1_47' title='bbox 723 931 1092 988; x_wconf 79' lang='lat' dir='ltr'><strong>vociferantur</strong></span> <span class='ocrx_word' id='word_1_48' title='bbox 1112 937 1166 986; x_wconf 92' lang='lat' dir='ltr'><strong>et</strong></span> <span class='ocrx_word' id='word_1_49' title='bbox 1193 931 1403 986; x_wconf 91' lang='lat' dir='ltr'><strong>dicunt.</strong></span> 
     </span>
    </p>
   </div>
   <div class='ocr_carea' id='block_1_10' title="bbox 581 1021 1687 1092">
    <p class='ocr_par' dir='ltr' id='par_1_10' title="bbox 581 1021 1687 1092">
     <span class='ocr_line' id='line_1_10' title="bbox 581 1021 1687 1092; baseline -0.001 -14"><span class='ocrx_word' id='word_1_50' title='bbox 581 1021 842 1092; x_wconf 83' lang='lat' dir='ltr'><strong>Populus.</strong></span> <span class='ocrx_word' id='word_1_51' title='bbox 881 1021 1138 1084; x_wconf 87' lang='lat' dir='ltr'><strong>Sanctus,</strong></span> <span class='ocrx_word' id='word_1_52' title='bbox 1169 1029 1415 1088; x_wconf 90' lang='lat' dir='ltr'><strong>sanctus,</strong></span> <span class='ocrx_word' id='word_1_53' title='bbox 1446 1029 1687 1077; x_wconf 88' lang='lat' dir='ltr'><strong>sanctus.</strong></span> 
     </span>
    </p>
   </div>
   <div class='ocr_carea' id='block_1_11' title="bbox 581 1111 2083 1170">
    <p class='ocr_par' dir='ltr' id='par_1_11' title="bbox 581 1111 2083 1170">
     <span class='ocr_line' id='line_1_11' title="bbox 581 1111 2083 1170; baseline -0.001 0"><span class='ocrx_word' id='word_1_54' title='bbox 581 1115 843 1170; x_wconf 80' lang='lat' dir='ltr'><strong>Sacerdos</strong></span> <span class='ocrx_word' id='word_1_55' title='bbox 882 1116 1188 1169; x_wconf 79' lang='lat' dir='ltr'><strong>inclinatus.</strong></span> <span class='ocrx_word' id='word_1_56' title='bbox 1225 1113 1424 1170; x_wconf 86' lang='lat' dir='ltr'><strong>Trinas</strong></span> <span class='ocrx_word' id='word_1_57' title='bbox 1453 1113 1912 1170; x_wconf 86' lang='lat' dir='ltr'><strong>sanctificationes</strong></span> <span class='ocrx_word' id='word_1_58' title='bbox 1950 1111 2083 1168; x_wconf 72' lang='lat' dir='ltr'><strong>ofl&#39;eo</strong></span> 
     </span>
    </p>
   </div>
   <div class='ocr_carea' id='block_1_12' title="bbox 510 1202 2084 1276">
    <p class='ocr_par' dir='ltr' id='par_1_12' title="bbox 510 1202 2084 1276">
     <span class='ocr_line' id='line_1_12' title="bbox 510 1202 2084 1276; baseline -0.001 -16"><span class='ocrx_word' id='word_1_59' title='bbox 510 1206 684 1260; x_wconf 86' lang='lat' dir='ltr'><strong>rimus</strong></span> <span class='ocrx_word' id='word_1_60' title='bbox 716 1205 990 1272; x_wconf 91' lang='lat' dir='ltr'><strong>tibi,Deus</strong></span> <span class='ocrx_word' id='word_1_61' title='bbox 1019 1204 1276 1269; x_wconf 88' lang='lat' dir='ltr'><strong>Pater,&#39;et</strong></span> <span class='ocrx_word' id='word_1_62' title='bbox 1306 1205 1587 1276; x_wconf 86' lang='lat' dir='ltr'><strong>unigenito</strong></span> <span class='ocrx_word' id='word_1_63' title='bbox 1610 1204 1937 1269; x_wconf 87' lang='lat' dir='ltr'><strong>Filiotuo,et</strong></span> <span class='ocrx_word' id='word_1_64' title='bbox 1959 1202 2084 1274; x_wconf 88' lang='lat' dir='ltr'><strong>Spi-</strong></span> 
     </span>
    </p>
   </div>
   <div class='ocr_carea' id='block_1_13' title="bbox 510 1296 2080 1368">
    <p class='ocr_par' dir='ltr' id='par_1_13' title="bbox 510 1296 2080 1368">
     <span class='ocr_line' id='line_1_13' title="bbox 510 1296 2080 1368; baseline -0.003 -14"><span class='ocrx_word' id='word_1_65' title='bbox 510 1298 640 1354; x_wconf 87' lang='lat' dir='ltr'><strong>ritui</strong></span> <span class='ocrx_word' id='word_1_66' title='bbox 667 1305 762 1353; x_wconf 91' lang='lat' dir='ltr'><strong>tuo</strong></span> <span class='ocrx_word' id='word_1_67' title='bbox 790 1307 980 1353; x_wconf 85' lang='lat' dir='ltr'><strong>sancto</strong></span> <span class='ocrx_word' id='word_1_68' title='bbox 1013 1318 1025 1351; x_wconf 93' lang='lat'><strong>:</strong></span> <span class='ocrx_word' id='word_1_69' title='bbox 1058 1313 1235 1368; x_wconf 89' lang='lat' dir='ltr'><strong>neque</strong></span> <span class='ocrx_word' id='word_1_70' title='bbox 1255 1297 1400 1352; x_wconf 92' lang='lat' dir='ltr'><strong>enim</strong></span> <span class='ocrx_word' id='word_1_71' title='bbox 1431 1296 1818 1352; x_wconf 88' lang='lat' dir='ltr'><strong>mensurabilis</strong></span> <span class='ocrx_word' id='word_1_72' title='bbox 1848 1305 1931 1350; x_wconf 92' lang='lat' dir='ltr'><strong>est</strong></span> <span class='ocrx_word' id='word_1_73' title='bbox 1949 1312 2080 1350; x_wconf 86' lang='lat' dir='ltr'><strong>san-</strong></span> 
     </span>
    </p>
   </div>
   <div class='ocr_carea' id='block_1_14' title="bbox 511 1388 2084 1461">
    <p class='ocr_par' dir='ltr' id='par_1_14' title="bbox 511 1388 2084 1461">
     <span class='ocr_line' id='line_1_14' title="bbox 511 1388 2084 1461; baseline -0.004 -15"><span class='ocrx_word' id='word_1_74' title='bbox 511 1392 671 1446; x_wconf 90' lang='lat' dir='ltr'><strong>ctitas</strong></span> <span class='ocrx_word' id='word_1_75' title='bbox 707 1398 821 1455; x_wconf 88' lang='lat' dir='ltr'><strong>tua,</strong></span> <span class='ocrx_word' id='word_1_76' title='bbox 856 1390 1112 1446; x_wconf 88' lang='lat' dir='ltr'><strong>Domine:</strong></span> <span class='ocrx_word' id='word_1_77' title='bbox 1163 1390 1257 1461; x_wconf 88' lang='lat' dir='ltr'><strong>qui</strong></span> <span class='ocrx_word' id='word_1_78' title='bbox 1307 1405 1432 1444; x_wconf 91' lang='lat' dir='ltr'><strong>cum</strong></span> <span class='ocrx_word' id='word_1_79' title='bbox 1457 1389 1663 1459; x_wconf 77' lang='lat' dir='ltr'><strong>indigni</strong></span> <span class='ocrx_word' id='word_1_80' title='bbox 1685 1404 1953 1453; x_wconf 90' lang='lat' dir='ltr'><strong>essemus,</strong></span> <span class='ocrx_word' id='word_1_81' title='bbox 1981 1388 2084 1442; x_wconf 86' lang='lat' dir='ltr'><strong>mi-</strong></span> 
     </span>
    </p>
   </div>
   <div class='ocr_carea' id='block_1_15' title="bbox 464 1483 2078 1554">
    <p class='ocr_par' dir='ltr' id='par_1_15' title="bbox 464 1483 2078 1554">
     <span class='ocr_line' id='line_1_15' title="bbox 464 1483 2078 1554; baseline -0.004 -12"><span class='ocrx_word' id='word_1_82' title='bbox 464 1515 483 1524; x_wconf 88' lang='grc'><strong>·-</strong></span> <span class='ocrx_word' id='word_1_83' title='bbox 512 1486 633 1542; x_wconf 85' lang='lat' dir='ltr'><strong>sisti</strong></span> <span class='ocrx_word' id='word_1_84' title='bbox 687 1483 884 1538; x_wconf 91' lang='lat' dir='ltr'><strong>Filium</strong></span> <span class='ocrx_word' id='word_1_85' title='bbox 937 1493 1088 1539; x_wconf 90' lang='lat' dir='ltr'><strong>tuum</strong></span> <span class='ocrx_word' id='word_1_86' title='bbox 1124 1485 1179 1538; x_wconf 92' lang='lat' dir='ltr'><strong>in</strong></span> <span class='ocrx_word' id='word_1_87' title='bbox 1214 1483 1474 1538; x_wconf 86' lang='lat' dir='ltr'><strong>mundum</strong></span> <span class='ocrx_word' id='word_1_88' title='bbox 1506 1498 1605 1554; x_wconf 92' lang='lat' dir='ltr'><strong>pro</strong></span> <span class='ocrx_word' id='word_1_89' title='bbox 1649 1483 1825 1537; x_wconf 87' lang='lat' dir='ltr'><strong>salute</strong></span> <span class='ocrx_word' id='word_1_90' title='bbox 1854 1492 2078 1536; x_wconf 86' lang='lat' dir='ltr'><strong>nostra:</strong></span> 
     </span>
    </p>
   </div>
   <div class='ocr_carea' id='block_1_16' title="bbox 462 1573 2080 1644">
    <p class='ocr_par' dir='ltr' id='par_1_16' title="bbox 462 1573 2080 1644">
     <span class='ocr_line' id='line_1_16' title="bbox 462 1573 2080 1644; baseline -0.001 -14"><span class='ocrx_word' id='word_1_91' title='bbox 462 1595 470 1638; x_wconf 70' lang='grc' dir='ltr'><strong>ί</strong></span> <span class='ocrx_word' id='word_1_92' title='bbox 511 1585 776 1644; x_wconf 88' lang='lat' dir='ltr'><strong>ortusque</strong></span> <span class='ocrx_word' id='word_1_93' title='bbox 799 1582 884 1630; x_wconf 93' lang='lat' dir='ltr'><strong>est</strong></span> <span class='ocrx_word' id='word_1_94' title='bbox 907 1575 962 1628; x_wconf 89' lang='lat' dir='ltr'><strong>in</strong></span> <span class='ocrx_word' id='word_1_95' title='bbox 996 1573 1238 1644; x_wconf 81' lang='lat' dir='ltr'><strong>Virgine,</strong></span> <span class='ocrx_word' id='word_1_96' title='bbox 1271 1581 1325 1630; x_wconf 89' lang='lat' dir='ltr'><strong>et</strong></span> <span class='ocrx_word' id='word_1_97' title='bbox 1353 1589 1453 1644; x_wconf 88' lang='lat' dir='ltr'><strong>per</strong></span> <span class='ocrx_word' id='word_1_98' title='bbox 1482 1581 1710 1630; x_wconf 91' lang='lat' dir='ltr'><strong>mortem</strong></span> <span class='ocrx_word' id='word_1_99' title='bbox 1737 1589 1890 1629; x_wconf 87' lang='lat' dir='ltr'><strong>suam</strong></span> <span class='ocrx_word' id='word_1_100' title='bbox 1921 1575 2080 1628; x_wconf 87' lang='lat' dir='ltr'><strong>vitam</strong></span> 
     </span>
    </p>
   </div>
   <div class='ocr_carea' id='block_1_17' title="bbox 510 1667 1347 1739">
    <p class='ocr_par' dir='ltr' id='par_1_17' title="bbox 510 1667 1347 1739">
     <span class='ocr_line' id='line_1_17' title="bbox 510 1667 1347 1739; baseline -0.001 -16"><span class='ocrx_word' id='word_1_101' title='bbox 510 1667 765 1739; x_wconf 71' lang='lat' dir='ltr'><strong>praastitit</strong></span> <span class='ocrx_word' id='word_1_102' title='bbox 788 1668 1107 1722; x_wconf 84' lang='lat' dir='ltr'><strong>mortalitati</strong></span> <span class='ocrx_word' id='word_1_103' title='bbox 1127 1676 1347 1723; x_wconf 78' lang='lat' dir='ltr'><strong>nostrae.</strong></span> 
     </span>
    </p>
   </div>
   <div class='ocr_carea' id='block_1_18' title="bbox 583 1755 2081 1826">
    <p class='ocr_par' dir='ltr' id='par_1_18' title="bbox 583 1755 2081 1826">
     <span class='ocr_line' id='line_1_18' title="bbox 583 1755 2081 1826; baseline 0.001 -16"><span class='ocrx_word' id='word_1_104' title='bbox 583 1757 805 1811; x_wconf 83' lang='lat' dir='ltr'><strong>Elevans</strong></span> <span class='ocrx_word' id='word_1_105' title='bbox 827 1773 1019 1814; x_wconf 83' lang='lat' dir='ltr'><strong>vocem.</strong></span> <span class='ocrx_word' id='word_1_106' title='bbox 1050 1757 1153 1824; x_wconf 86' lang='lat' dir='ltr'><strong>Qui</strong></span> <span class='ocrx_word' id='word_1_107' title='bbox 1177 1772 1299 1812; x_wconf 91' lang='lat' dir='ltr'><strong>cum</strong></span> <span class='ocrx_word' id='word_1_108' title='bbox 1326 1757 1606 1812; x_wconf 84' lang='lat' dir='ltr'><strong>voluntate</strong></span> <span class='ocrx_word' id='word_1_109' title='bbox 1634 1771 1754 1822; x_wconf 89' lang='lat' dir='ltr'><strong>sua,</strong></span> <span class='ocrx_word' id='word_1_110' title='bbox 1777 1755 1931 1826; x_wconf 88' lang='lat' dir='ltr'><strong>quasi</strong></span> <span class='ocrx_word' id='word_1_111' title='bbox 1955 1770 2081 1811; x_wconf 86' lang='lat' dir='ltr'><strong>suc—</strong></span> 
     </span>
    </p>
   </div>
   <div class='ocr_carea' id='block_1_19' title="bbox 2181 543 3742 614">
    <p class='ocr_par' dir='ltr' id='par_1_19' title="bbox 2181 543 3742 614">
     <span class='ocr_line' id='line_1_19' title="bbox 2181 543 3742 614; baseline -0.012 -1"><span class='ocrx_word' id='word_1_112' title='bbox 2181 556 2477 614; x_wconf 82' lang='lat' dir='ltr'><strong>secundum</strong></span> <span class='ocrx_word' id='word_1_113' title='bbox 2504 555 2655 608; x_wconf 84' lang='lat' dir='ltr'><strong>illum</strong></span> <span class='ocrx_word' id='word_1_114' title='bbox 2682 550 3058 608; x_wconf 87' lang='lat' dir='ltr'><strong>retributionis</strong></span> <span class='ocrx_word' id='word_1_115' title='bbox 3085 552 3604 607; x_wconf 74' lang='lat' dir='ltr'><strong>commemorantes,</strong></span> <span class='ocrx_word' id='word_1_116' title='bbox 3646 543 3742 598; x_wconf 83' lang='lat' dir='ltr'><strong>Do-</strong></span> 
     </span>
    </p>
   </div>
   <div class='ocr_carea' id='block_1_20' title="bbox 2177 637 3744 712">
    <p class='ocr_par' dir='ltr' id='par_1_20' title="bbox 2177 637 3744 712">
     <span class='ocr_line' id='line_1_20' title="bbox 2177 637 3744 712; baseline -0.008 -10"><span class='ocrx_word' id='word_1_117' title='bbox 2177 649 2343 711; x_wconf 90' lang='lat' dir='ltr'><strong>mine,</strong></span> <span class='ocrx_word' id='word_1_118' title='bbox 2395 646 2582 700; x_wconf 79' lang='lat' dir='ltr'><strong>laudes</strong></span> <span class='ocrx_word' id='word_1_119' title='bbox 2629 660 2753 700; x_wconf 90' lang='lat' dir='ltr'><strong>cum</strong></span> <span class='ocrx_word' id='word_1_120' title='bbox 2791 639 3271 712; x_wconf 89' lang='lat' dir='ltr'><strong>deprecationibus</strong></span> <span class='ocrx_word' id='word_1_121' title='bbox 3330 637 3605 705; x_wconf 83' lang='lat' dir='ltr'><strong>majestati</strong></span> <span class='ocrx_word' id='word_1_122' title='bbox 3638 647 3744 689; x_wconf 74' lang='lat' dir='ltr'><strong>tute</strong></span> 
     </span>
    </p>
   </div>
   <div class='ocr_carea' id='block_1_21' title="bbox 2177 729 3742 802">
    <p class='ocr_par' dir='ltr' id='par_1_21' title="bbox 2177 729 3742 802">
     <span class='ocr_line' id='line_1_21' title="bbox 2177 729 3742 802; baseline -0.009 -9"><span class='ocrx_word' id='word_1_123' title='bbox 2177 739 2475 800; x_wconf 77' lang='lat' dir='ltr'><strong>offerimus,</strong></span> <span class='ocrx_word' id='word_1_124' title='bbox 2511 744 2572 790; x_wconf 91' lang='lat' dir='ltr'><strong>ut</strong></span> <span class='ocrx_word' id='word_1_125' title='bbox 2603 737 2658 790; x_wconf 90' lang='lat' dir='ltr'><strong>in</strong></span> <span class='ocrx_word' id='word_1_126' title='bbox 2690 736 2777 790; x_wconf 89' lang='lat' dir='ltr'><strong>die</strong></span> <span class='ocrx_word' id='word_1_127' title='bbox 2807 735 2900 788; x_wconf 94' lang='lat' dir='ltr'><strong>illo</strong></span> <span class='ocrx_word' id='word_1_128' title='bbox 2925 747 3124 802; x_wconf 85' lang='lat' dir='ltr'><strong>magno</strong></span> <span class='ocrx_word' id='word_1_129' title='bbox 3155 730 3346 800; x_wconf 87' lang='lat' dir='ltr'><strong>judicii</strong></span> <span class='ocrx_word' id='word_1_130' title='bbox 3369 730 3444 782; x_wconf 91' lang='lat' dir='ltr'><strong>tui</strong></span> <span class='ocrx_word' id='word_1_131' title='bbox 3465 729 3742 797; x_wconf 81' lang='lat' dir='ltr'><strong>justi,non</strong></span> 
     </span>
    </p>
   </div>
   <div class='ocr_carea' id='block_1_22' title="bbox 2177 818 3741 899">
    <p class='ocr_par' dir='ltr' id='par_1_22' title="bbox 2177 818 3741 899">
     <span class='ocr_line' id='line_1_22' title="bbox 2177 818 3741 899; baseline -0.007 -18"><span class='ocrx_word' id='word_1_132' title='bbox 2177 843 2274 899; x_wconf 90' lang='lat' dir='ltr'><strong>per</strong></span> <span class='ocrx_word' id='word_1_133' title='bbox 2301 834 2521 898; x_wconf 90' lang='lat' dir='ltr'><strong>peccata</strong></span> <span class='ocrx_word' id='word_1_134' title='bbox 2565 834 2754 882; x_wconf 91' lang='lat' dir='ltr'><strong>nostra</strong></span> <span class='ocrx_word' id='word_1_135' title='bbox 2809 824 3005 879; x_wconf 87' lang='lat' dir='ltr'><strong>fiamus</strong></span> <span class='ocrx_word' id='word_1_136' title='bbox 3045 823 3203 877; x_wconf 90' lang='lat' dir='ltr'><strong>cibus</strong></span> <span class='ocrx_word' id='word_1_137' title='bbox 3235 820 3540 874; x_wconf 82' lang='lat' dir='ltr'><strong>carbonum</strong></span> <span class='ocrx_word' id='word_1_138' title='bbox 3577 818 3741 888; x_wconf 83' lang='lat' dir='ltr'><strong>ignis,</strong></span> 
     </span>
    </p>
   </div>
   <div class='ocr_carea' id='block_1_23' title="bbox 2177 912 3745 989">
    <p class='ocr_par' dir='ltr' id='par_1_23' title="bbox 2177 912 3745 989">
     <span class='ocr_line' id='line_1_23' title="bbox 2177 912 3745 989; baseline -0.008 -15"><span class='ocrx_word' id='word_1_139' title='bbox 2177 921 2604 989; x_wconf 87' lang='lat' dir='ltr'><strong>alimentumque</strong></span> <span class='ocrx_word' id='word_1_140' title='bbox 2635 918 2864 972; x_wconf 72' lang='lat' dir='ltr'><strong>flamma:</strong></span> <span class='ocrx_word' id='word_1_141' title='bbox 2888 915 3180 970; x_wconf 86' lang='lat' dir='ltr'><strong>terribilis:</strong></span> <span class='ocrx_word' id='word_1_142' title='bbox 3227 928 3336 966; x_wconf 92' lang='lat' dir='ltr'><strong>non</strong></span> <span class='ocrx_word' id='word_1_143' title='bbox 3366 912 3745 981; x_wconf 80' lang='lat' dir='ltr'><strong>demergamur</strong></span> 
     </span>
    </p>
   </div>
   <div class='ocr_carea' id='block_1_24' title="bbox 2180 1001 3742 1077">
    <p class='ocr_par' dir='ltr' id='par_1_24' title="bbox 2180 1001 3742 1077">
     <span class='ocr_line' id='line_1_24' title="bbox 2180 1001 3742 1077; baseline -0.008 -9"><span class='ocrx_word' id='word_1_144' title='bbox 2180 1013 2234 1068; x_wconf 93' lang='lat' dir='ltr'><strong>in</strong></span> <span class='ocrx_word' id='word_1_145' title='bbox 2283 1027 2432 1067; x_wconf 90' lang='lat' dir='ltr'><strong>mare</strong></span> <span class='ocrx_word' id='word_1_146' title='bbox 2482 1011 2718 1074; x_wconf 88' lang='lat' dir='ltr'><strong>ardens,</strong></span> <span class='ocrx_word' id='word_1_147' title='bbox 2770 1017 2864 1062; x_wconf 88' lang='lat' dir='ltr'><strong>aut</strong></span> <span class='ocrx_word' id='word_1_148' title='bbox 2910 1007 3101 1077; x_wconf 87' lang='lat' dir='ltr'><strong>jactati</strong></span> <span class='ocrx_word' id='word_1_149' title='bbox 3147 1005 3446 1059; x_wconf 73' lang='lat' dir='ltr'><strong>obruamur</strong></span> <span class='ocrx_word' id='word_1_150' title='bbox 3492 1001 3742 1056; x_wconf 86' lang='lat' dir='ltr'><strong>fluctibus</strong></span> 
     </span>
    </p>
   </div>
   <div class='ocr_carea' id='block_1_25' title="bbox 2179 1097 3744 1177">
    <p class='ocr_par' dir='ltr' id='par_1_25' title="bbox 2179 1097 3744 1177">
     <span class='ocr_line' id='line_1_25' title="bbox 2179 1097 3744 1177; baseline -0.006 -17"><span class='ocrx_word' id='word_1_151' title='bbox 2179 1106 2405 1177; x_wconf 82' lang='lat' dir='ltr'><strong>ignium.</strong></span> <span class='ocrx_word' id='word_1_152' title='bbox 2438 1105 2555 1160; x_wconf 84' lang='lat' dir='ltr'><strong>Non</strong></span> <span class='ocrx_word' id='word_1_153' title='bbox 2590 1105 2763 1160; x_wconf 90' lang='lat' dir='ltr'><strong>simus</strong></span> <span class='ocrx_word' id='word_1_154' title='bbox 2809 1101 3052 1156; x_wconf 66' lang='lat' dir='ltr'><strong>haeredes</strong></span> <span class='ocrx_word' id='word_1_155' title='bbox 3094 1097 3457 1167; x_wconf 87' lang='lat' dir='ltr'><strong>suspiriorum</strong></span> <span class='ocrx_word' id='word_1_156' title='bbox 3496 1114 3509 1150; x_wconf 94' lang='lat'><strong>:</strong></span> <span class='ocrx_word' id='word_1_157' title='bbox 3567 1110 3744 1163; x_wconf 86' lang='lat' dir='ltr'><strong>neque</strong></span> 
     </span>
    </p>
   </div>
   <div class='ocr_carea' id='block_1_26' title="bbox 2181 1185 3747 1268">
    <p class='ocr_par' dir='ltr' id='par_1_26' title="bbox 2181 1185 3747 1268">
     <span class='ocr_line' id='line_1_26' title="bbox 2181 1185 3747 1268; baseline -0.01 -16"><span class='ocrx_word' id='word_1_158' title='bbox 2181 1197 2472 1268; x_wconf 72' lang='lat' dir='ltr'><strong>gemitibus</strong></span> <span class='ocrx_word' id='word_1_159' title='bbox 2499 1195 2710 1250; x_wconf 88' lang='lat' dir='ltr'><strong>acerbis</strong></span> <span class='ocrx_word' id='word_1_160' title='bbox 2740 1192 2964 1246; x_wconf 88' lang='lat' dir='ltr'><strong>addicas</strong></span> <span class='ocrx_word' id='word_1_161' title='bbox 2993 1205 3134 1244; x_wconf 90' lang='lat' dir='ltr'><strong>nos:</strong></span> <span class='ocrx_word' id='word_1_162' title='bbox 3172 1202 3278 1242; x_wconf 89' lang='lat' dir='ltr'><strong>non</strong></span> <span class='ocrx_word' id='word_1_163' title='bbox 3317 1185 3512 1240; x_wconf 89' lang='lat' dir='ltr'><strong>fiamus</strong></span> <span class='ocrx_word' id='word_1_164' title='bbox 3543 1185 3747 1238; x_wconf 83' lang='lat' dir='ltr'><strong>habita-</strong></span> 
     </span>
    </p>
   </div>
   <div class='ocr_carea' id='block_1_27' title="bbox 2183 1273 3746 1345">
    <p class='ocr_par' dir='ltr' id='par_1_27' title="bbox 2183 1273 3746 1345">
     <span class='ocr_line' id='line_1_27' title="bbox 2183 1273 3746 1345; baseline -0.009 -3"><span class='ocrx_word' id='word_1_165' title='bbox 2183 1297 2327 1344; x_wconf 86' lang='lat' dir='ltr'><strong>tores</strong></span> <span class='ocrx_word' id='word_1_166' title='bbox 2354 1288 2595 1342; x_wconf 90' lang='lat' dir='ltr'><strong>locorum</strong></span> <span class='ocrx_word' id='word_1_167' title='bbox 2640 1282 3080 1344; x_wconf 88' lang='lat' dir='ltr'><strong>tenebrosorum,</strong></span> <span class='ocrx_word' id='word_1_168' title='bbox 3121 1284 3177 1333; x_wconf 91' lang='lat' dir='ltr'><strong>et</strong></span> <span class='ocrx_word' id='word_1_169' title='bbox 3220 1275 3504 1345; x_wconf 75' lang='lat' dir='ltr'><strong>regionum</strong></span> <span class='ocrx_word' id='word_1_170' title='bbox 3554 1273 3746 1328; x_wconf 89' lang='lat' dir='ltr'><strong>timore</strong></span> 
     </span>
    </p>
   </div>
   <div class='ocr_carea' id='block_1_28' title="bbox 2181 1365 3743 1455">
    <p class='ocr_par' dir='ltr' id='par_1_28' title="bbox 2181 1365 3743 1455">
     <span class='ocr_line' id='line_1_28' title="bbox 2181 1365 3743 1455; baseline -0.011 -21"><span class='ocrx_word' id='word_1_171' title='bbox 2181 1381 2504 1450; x_wconf 84' lang='lat' dir='ltr'><strong>plenarum:</strong></span> <span class='ocrx_word' id='word_1_172' title='bbox 2560 1392 2670 1431; x_wconf 87' lang='lat' dir='ltr'><strong>non</strong></span> <span class='ocrx_word' id='word_1_173' title='bbox 2721 1373 2882 1455; x_wconf 81' lang='lat' dir='ltr'><strong>alieni</strong></span> <span class='ocrx_word' id='word_1_174' title='bbox 2926 1373 3119 1425; x_wconf 87' lang='lat' dir='ltr'><strong>fiamus</strong></span> <span class='ocrx_word' id='word_1_175' title='bbox 3164 1368 3234 1422; x_wconf 89' lang='lat' dir='ltr'><strong>ab</strong></span> <span class='ocrx_word' id='word_1_176' title='bbox 3265 1365 3577 1421; x_wconf 64' lang='lat' dir='ltr'><strong>haereditate</strong></span> <span class='ocrx_word' id='word_1_177' title='bbox 3633 1374 3743 1428; x_wconf 90' lang='lat' dir='ltr'><strong>tua,</strong></span> 
     </span>
    </p>
   </div>
   <div class='ocr_carea' id='block_1_29' title="bbox 2182 1453 3746 1538">
    <p class='ocr_par' dir='ltr' id='par_1_29' title="bbox 2182 1453 3746 1538">
     <span class='ocr_line' id='line_1_29' title="bbox 2182 1453 3746 1538; baseline -0.01 -14"><span class='ocrx_word' id='word_1_178' title='bbox 2182 1485 2358 1538; x_wconf 90' lang='lat' dir='ltr'><strong>neque</strong></span> <span class='ocrx_word' id='word_1_179' title='bbox 2388 1467 2582 1538; x_wconf 81' lang='lat' dir='ltr'><strong>privati</strong></span> <span class='ocrx_word' id='word_1_180' title='bbox 2635 1453 3004 1520; x_wconf 87' lang='lat' dir='ltr'><strong>familiaritate</strong></span> <span class='ocrx_word' id='word_1_181' title='bbox 3032 1470 3165 1515; x_wconf 88' lang='lat' dir='ltr'><strong>tua:</strong></span> <span class='ocrx_word' id='word_1_182' title='bbox 3202 1457 3298 1512; x_wconf 85' lang='lat' dir='ltr'><strong>sed</strong></span> <span class='ocrx_word' id='word_1_183' title='bbox 3349 1471 3473 1508; x_wconf 91' lang='lat' dir='ltr'><strong>cum</strong></span> <span class='ocrx_word' id='word_1_184' title='bbox 3503 1453 3746 1508; x_wconf 79' lang='lat' dir='ltr'><strong>invitatis</strong></span> 
     </span>
    </p>
   </div>
   <div class='ocr_carea' id='block_1_30' title="bbox 2183 1545 3745 1617">
    <p class='ocr_par' dir='ltr' id='par_1_30' title="bbox 2183 1545 3745 1617">
     <span class='ocr_line' id='line_1_30' title="bbox 2183 1545 3745 1617; baseline -0.012 -1"><span class='ocrx_word' id='word_1_185' title='bbox 2183 1563 2250 1616; x_wconf 87' lang='lat' dir='ltr'><strong>ad</strong></span> <span class='ocrx_word' id='word_1_186' title='bbox 2294 1559 2716 1616; x_wconf 88' lang='lat' dir='ltr'><strong>recumbendum</strong></span> <span class='ocrx_word' id='word_1_187' title='bbox 2766 1565 2967 1617; x_wconf 86' lang='lat' dir='ltr'><strong>tecum,</strong></span> <span class='ocrx_word' id='word_1_188' title='bbox 3001 1561 3056 1606; x_wconf 88' lang='lat' dir='ltr'><strong>et</strong></span> <span class='ocrx_word' id='word_1_189' title='bbox 3086 1549 3296 1605; x_wconf 88' lang='lat' dir='ltr'><strong>vocatis</strong></span> <span class='ocrx_word' id='word_1_190' title='bbox 3339 1546 3407 1600; x_wconf 85' lang='lat' dir='ltr'><strong>ad</strong></span> <span class='ocrx_word' id='word_1_191' title='bbox 3438 1545 3745 1600; x_wconf 89' lang='lat' dir='ltr'><strong>convivimn</strong></span> 
     </span>
    </p>
   </div>
   <div class='ocr_carea' id='block_1_31' title="bbox 2184 1638 3748 1722">
    <p class='ocr_par' dir='ltr' id='par_1_31' title="bbox 2184 1638 3748 1722">
     <span class='ocr_line' id='line_1_31' title="bbox 2184 1638 3748 1722; baseline -0.012 -15"><span class='ocrx_word' id='word_1_192' title='bbox 2184 1662 2335 1707; x_wconf 91' lang='lat' dir='ltr'><strong>tuum</strong></span> <span class='ocrx_word' id='word_1_193' title='bbox 2360 1652 2629 1722; x_wconf 84' lang='lat' dir='ltr'><strong>conjunge</strong></span> <span class='ocrx_word' id='word_1_194' title='bbox 2646 1663 2766 1714; x_wconf 84' lang='lat' dir='ltr'><strong>nos,</strong></span> <span class='ocrx_word' id='word_1_195' title='bbox 2795 1655 2850 1703; x_wconf 91' lang='lat' dir='ltr'><strong>et</strong></span> <span class='ocrx_word' id='word_1_196' title='bbox 2879 1647 3167 1716; x_wconf 86' lang='lat' dir='ltr'><strong>splendore</strong></span> <span class='ocrx_word' id='word_1_197' title='bbox 3192 1640 3344 1711; x_wconf 83' lang='lat' dir='ltr'><strong>regni</strong></span> <span class='ocrx_word' id='word_1_198' title='bbox 3366 1638 3443 1693; x_wconf 91' lang='lat' dir='ltr'><strong>tui</strong></span> <span class='ocrx_word' id='word_1_199' title='bbox 3472 1638 3748 1708; x_wconf 73' lang='lat' dir='ltr'><strong>impingas.</strong></span> 
     </span>
    </p>
   </div>
   <div class='ocr_carea' id='block_1_32' title="bbox 2186 1730 3746 1815">
    <p class='ocr_par' dir='ltr' id='par_1_32' title="bbox 2186 1730 3746 1815">
     <span class='ocr_line' id='line_1_32' title="bbox 2186 1730 3746 1815; baseline -0.013 -14"><span class='ocrx_word' id='word_1_200' title='bbox 2186 1763 2305 1802; x_wconf 91' lang='lat' dir='ltr'><strong>nos.</strong></span> <span class='ocrx_word' id='word_1_201' title='bbox 2334 1745 2397 1800; x_wconf 90' lang='lat' dir='ltr'><strong>Et</strong></span> <span class='ocrx_word' id='word_1_202' title='bbox 2419 1752 2639 1815; x_wconf 90' lang='lat' dir='ltr'><strong>pr0pter</strong></span> <span class='ocrx_word' id='word_1_203' title='bbox 2668 1743 2782 1796; x_wconf 62' lang='lat' dir='ltr'><strong>hsce</strong></span> <span class='ocrx_word' id='word_1_204' title='bbox 2813 1740 2996 1794; x_wconf 88' lang='lat' dir='ltr'><strong>omnia</strong></span> <span class='ocrx_word' id='word_1_205' title='bbox 3034 1735 3324 1806; x_wconf 74' lang='lat' dir='ltr'><strong>prtecipue,</strong></span> <span class='ocrx_word' id='word_1_206' title='bbox 3377 1730 3618 1786; x_wconf 89' lang='lat' dir='ltr'><strong>Ecclesia</strong></span> <span class='ocrx_word' id='word_1_207' title='bbox 3655 1737 3746 1782; x_wconf 92' lang='lat' dir='ltr'><strong>tua</strong></span> 
     </span>
    </p>
   </div>
   <div class='ocr_carea' id='block_1_33' title="bbox 509 1819 3748 1916">
    <p class='ocr_par' dir='ltr' id='par_1_33' title="bbox 509 1819 3748 1916">
     <span class='ocr_line' id='line_1_33' title="bbox 509 1819 3748 1916; baseline -0.004 -17"><span class='ocrx_word' id='word_1_208' title='bbox 509 1845 772 1901; x_wconf 89' lang='lat' dir='ltr'><strong>cidaneus</strong></span> <span class='ocrx_word' id='word_1_209' title='bbox 799 1861 898 1916; x_wconf 85' lang='lat' dir='ltr'><strong>pro</strong></span> <span class='ocrx_word' id='word_1_210' title='bbox 927 1819 1093 1901; x_wconf 70' lang='lat' dir='ltr'><strong>nobis</strong></span> <span class='ocrx_word' id='word_1_211' title='bbox 1138 1846 1518 1916; x_wconf 90' lang='lat' dir='ltr'><strong>peccatoribus</strong></span> <span class='ocrx_word' id='word_1_212' title='bbox 1556 1845 1705 1900; x_wconf 84' lang='lat' dir='ltr'><strong>venit</strong></span> <span class='ocrx_word' id='word_1_213' title='bbox 1733 1819 1808 1899; x_wconf 76' lang='lat' dir='ltr'><strong>ad</strong></span> <span class='ocrx_word' id='word_1_214' title='bbox 1827 1851 2078 1911; x_wconf 73' lang='lat' dir='ltr'><strong>mortem,</strong></span> <span class='ocrx_word' id='word_1_215' title='bbox 2115 1819 2155 1872; x_wconf 70' lang='grc' dir='ltr'><strong><em>Β</em></strong></span> <span class='ocrx_word' id='word_1_216' title='bbox 2184 1845 2238 1892; x_wconf 82' lang='lat' dir='ltr'><strong>et</strong></span> <span class='ocrx_word' id='word_1_217' title='bbox 2265 1851 2394 1907; x_wconf 75' lang='lat' dir='ltr'><strong>grex</strong></span> <span class='ocrx_word' id='word_1_218' title='bbox 2427 1842 2556 1889; x_wconf 87' lang='lat' dir='ltr'><strong>tuus</strong></span> <span class='ocrx_word' id='word_1_219' title='bbox 2585 1833 2911 1902; x_wconf 77' lang='lat' dir='ltr'><strong>deprecatur</strong></span> <span class='ocrx_word' id='word_1_220' title='bbox 2953 1839 3028 1894; x_wconf 79' lang='lat' dir='ltr'><strong>te.</strong></span> <span class='ocrx_word' id='word_1_221' title='bbox 3059 1834 3113 1882; x_wconf 70' lang='lat' dir='ltr'><strong>et</strong></span> <span class='ocrx_word' id='word_1_222' title='bbox 3137 1841 3233 1889; x_wconf 77' lang='lat' dir='ltr'><strong>per</strong></span> <span class='ocrx_word' id='word_1_223' title='bbox 3265 1833 3340 1890; x_wconf 74' lang='lat' dir='ltr'><strong>te,</strong></span> <span class='ocrx_word' id='word_1_224' title='bbox 3377 1831 3541 1894; x_wconf 70' lang='lat' dir='ltr'><strong>atque</strong></span> <span class='ocrx_word' id='word_1_225' title='bbox 3569 1830 3748 1878; x_wconf 74' lang='lat' dir='ltr'><strong>tecum</strong></span> 
     </span>
    </p>
   </div>
   <div class='ocr_carea' id='block_1_34' title="bbox 510 1934 2081 2005">
    <p class='ocr_par' dir='ltr' id='par_1_34' title="bbox 510 1934 2081 2005">
     <span class='ocr_line' id='line_1_34' title="bbox 510 1934 2081 2005; baseline -0.001 -18"><span class='ocrx_word' id='word_1_226' title='bbox 510 1935 720 2004; x_wconf 91' lang='lat' dir='ltr'><strong>accepit</strong></span> <span class='ocrx_word' id='word_1_227' title='bbox 746 1951 938 2004; x_wconf 88' lang='lat' dir='ltr'><strong>panem</strong></span> <span class='ocrx_word' id='word_1_228' title='bbox 966 1935 1020 1988; x_wconf 94' lang='lat' dir='ltr'><strong>in</strong></span> <span class='ocrx_word' id='word_1_229' title='bbox 1060 1950 1255 1992; x_wconf 87' lang='lat' dir='ltr'><strong>manus</strong></span> <span class='ocrx_word' id='word_1_230' title='bbox 1283 1951 1413 1990; x_wconf 89' lang='lat' dir='ltr'><strong>snas</strong></span> <span class='ocrx_word' id='word_1_231' title='bbox 1445 1943 1686 1998; x_wconf 86' lang='lat' dir='ltr'><strong>sanctas,</strong></span> <span class='ocrx_word' id='word_1_232' title='bbox 1717 1934 1757 2005; x_wconf 99' lang='lat'><strong>1-</strong></span> <span class='ocrx_word' id='word_1_233' title='bbox 1786 1935 2081 1998; x_wconf 85' lang='lat' dir='ltr'><strong>benedixit,</strong></span> 
     </span>
    </p>
   </div>
   <div class='ocr_carea' id='block_1_35' title="bbox 509 2026 2084 2098">
    <p class='ocr_par' dir='ltr' id='par_1_35' title="bbox 509 2026 2084 2098">
     <span class='ocr_line' id='line_1_35' title="bbox 509 2026 2084 2098; baseline 0.001 -16"><span class='ocrx_word' id='word_1_234' title='bbox 509 2026 551 2097; x_wconf 87' lang='lat'><strong>1-</strong></span> <span class='ocrx_word' id='word_1_235' title='bbox 584 2028 965 2091; x_wconf 82' lang='lat' dir='ltr'><strong>sanctiflcavit,</strong></span> <span class='ocrx_word' id='word_1_236' title='bbox 1003 2027 1044 2098; x_wconf 85' lang='lat'><strong>1-</strong></span> <span class='ocrx_word' id='word_1_237' title='bbox 1080 2027 1260 2098; x_wconf 82' lang='lat' dir='ltr'><strong>fregit,</strong></span> <span class='ocrx_word' id='word_1_238' title='bbox 1313 2029 1574 2098; x_wconf 85' lang='lat' dir='ltr'><strong>deditque</strong></span> <span class='ocrx_word' id='word_1_239' title='bbox 1629 2027 1914 2096; x_wconf 90' lang='lat' dir='ltr'><strong>discipulis</strong></span> <span class='ocrx_word' id='word_1_240' title='bbox 1968 2028 2084 2084; x_wconf 87' lang='lat' dir='ltr'><strong>suis</strong></span> 
     </span>
    </p>
   </div>
   <div class='ocr_carea' id='block_1_36' title="bbox 510 2118 2084 2190">
    <p class='ocr_par' dir='ltr' id='par_1_36' title="bbox 510 2118 2084 2190">
     <span class='ocr_line' id='line_1_36' title="bbox 510 2118 2084 2190; baseline -0.001 -15"><span class='ocrx_word' id='word_1_241' title='bbox 510 2119 738 2183; x_wconf 84' lang='lat' dir='ltr'><strong>sanctis,</strong></span> <span class='ocrx_word' id='word_1_242' title='bbox 782 2125 836 2173; x_wconf 89' lang='lat' dir='ltr'><strong>et</strong></span> <span class='ocrx_word' id='word_1_243' title='bbox 863 2119 1002 2173; x_wconf 91' lang='lat' dir='ltr'><strong>dixit</strong></span> <span class='ocrx_word' id='word_1_244' title='bbox 1033 2139 1045 2173; x_wconf 95' lang='lat'><strong>:</strong></span> <span class='ocrx_word' id='word_1_245' title='bbox 1082 2120 1330 2190; x_wconf 85' lang='lat' dir='ltr'><strong>Accipite</strong></span> <span class='ocrx_word' id='word_1_246' title='bbox 1364 2119 1691 2174; x_wconf 89' lang='lat' dir='ltr'><strong>manducate</strong></span> <span class='ocrx_word' id='word_1_247' title='bbox 1725 2135 1790 2174; x_wconf 83' lang='lat' dir='ltr'><strong>ex</strong></span> <span class='ocrx_word' id='word_1_248' title='bbox 1825 2134 1890 2174; x_wconf 91' lang='lat' dir='ltr'><strong>eo</strong></span> <span class='ocrx_word' id='word_1_249' title='bbox 1923 2139 1936 2174; x_wconf 91' lang='lat'><strong>:</strong></span> <span class='ocrx_word' id='word_1_250' title='bbox 1969 2118 2084 2174; x_wconf 86' lang='lat' dir='ltr'><strong>Hoc</strong></span> 
     </span>
    </p>
   </div>
   <div class='ocr_carea' id='block_1_37' title="bbox 511 2208 2086 2285">
    <p class='ocr_par' dir='ltr' id='par_1_37' title="bbox 511 2208 2086 2285">
     <span class='ocr_line' id='line_1_37' title="bbox 511 2208 2086 2285; baseline 0.005 -25"><span class='ocrx_word' id='word_1_251' title='bbox 511 2217 595 2263; x_wconf 76' lang='lat' dir='ltr'><strong>est</strong></span> <span class='ocrx_word' id='word_1_252' title='bbox 611 2224 809 2278; x_wconf 87' lang='lat' dir='ltr'><strong>corpus</strong></span> <span class='ocrx_word' id='word_1_253' title='bbox 827 2224 1003 2263; x_wconf 74' lang='lat' dir='ltr'><strong>meum</strong></span> <span class='ocrx_word' id='word_1_254' title='bbox 1020 2208 1153 2281; x_wconf 64' lang='grc'>(97),</span> <span class='ocrx_word' id='word_1_255' title='bbox 1169 2210 1312 2282; x_wconf 90' lang='lat' dir='ltr'><strong>quod</strong></span> <span class='ocrx_word' id='word_1_256' title='bbox 1335 2226 1432 2267; x_wconf 88' lang='lat' dir='ltr'><strong>vos</strong></span> <span class='ocrx_word' id='word_1_257' title='bbox 1449 2220 1504 2266; x_wconf 91' lang='lat' dir='ltr'><strong>et</strong></span> <span class='ocrx_word' id='word_1_258' title='bbox 1519 2225 1710 2267; x_wconf 90' lang='lat' dir='ltr'><strong>omnes</strong></span> <span class='ocrx_word' id='word_1_259' title='bbox 1726 2211 2086 2285; x_wconf 82' lang='lat' dir='ltr'><strong>suscipientes</strong></span> 
     </span>
    </p>
   </div>
   <div class='ocr_carea' id='block_1_38' title="bbox 511 2298 1763 2370">
    <p class='ocr_par' dir='ltr' id='par_1_38' title="bbox 511 2298 1763 2370">
     <span class='ocr_line' id='line_1_38' title="bbox 511 2298 1763 2370; baseline 0.003 -18"><span class='ocrx_word' id='word_1_260' title='bbox 511 2299 642 2353; x_wconf 88' lang='lat' dir='ltr'><strong>illud</strong></span> <span class='ocrx_word' id='word_1_261' title='bbox 676 2298 1163 2370; x_wconf 68' lang='lat' dir='ltr'><strong>fideles,praaparat</strong></span> <span class='ocrx_word' id='word_1_262' title='bbox 1185 2302 1252 2357; x_wconf 90' lang='lat' dir='ltr'><strong>ad</strong></span> <span class='ocrx_word' id='word_1_263' title='bbox 1283 2307 1451 2357; x_wconf 86' lang='lat' dir='ltr'><strong>vitam</strong></span> <span class='ocrx_word' id='word_1_264' title='bbox 1480 2311 1763 2358; x_wconf 65' lang='lat' dir='ltr'><strong>aeternam.</strong></span> 
     </span>
    </p>
   </div>
   <div class='ocr_carea' id='block_1_39' title="bbox 587 2389 1073 2459">
    <p class='ocr_par' dir='ltr' id='par_1_39' title="bbox 587 2389 1073 2459">
     <span class='ocr_line' id='line_1_39' title="bbox 587 2389 1073 2459; baseline 0.004 -17"><span class='ocrx_word' id='word_1_265' title='bbox 587 2389 842 2459; x_wconf 80' lang='lat' dir='ltr'><strong>Populus.</strong></span> <span class='ocrx_word' id='word_1_266' title='bbox 877 2391 1073 2445; x_wconf 81' lang='lat' dir='ltr'><strong>Amen.</strong></span> 
     </span>
    </p>
   </div>
   <div class='ocr_carea' id='block_1_40' title="bbox 584 2481 2086 2554">
    <p class='ocr_par' dir='ltr' id='par_1_40' title="bbox 584 2481 2086 2554">
     <span class='ocr_line' id='line_1_40' title="bbox 584 2481 2086 2554; baseline 0.003 -18"><span class='ocrx_word' id='word_1_267' title='bbox 584 2482 862 2536; x_wconf 80' lang='lat' dir='ltr'><strong>Sacerdos.</strong></span> <span class='ocrx_word' id='word_1_268' title='bbox 901 2481 1164 2538; x_wconf 87' lang='lat' dir='ltr'><strong>Similiter</strong></span> <span class='ocrx_word' id='word_1_269' title='bbox 1214 2493 1268 2538; x_wconf 90' lang='lat' dir='ltr'><strong>et</strong></span> <span class='ocrx_word' id='word_1_270' title='bbox 1315 2484 1540 2539; x_wconf 87' lang='lat' dir='ltr'><strong>calicem</strong></span> <span class='ocrx_word' id='word_1_271' title='bbox 1587 2501 1748 2554; x_wconf 92' lang='lat' dir='ltr'><strong>quem</strong></span> <span class='ocrx_word' id='word_1_272' title='bbox 1791 2487 2086 2542; x_wconf 89' lang='lat' dir='ltr'><strong>miscuerat</strong></span> 
     </span>
    </p>
   </div>
   <div class='ocr_carea' id='block_1_41' title="bbox 512 2573 2087 2649">
    <p class='ocr_par' dir='ltr' id='par_1_41' title="bbox 512 2573 2087 2649">
     <span class='ocr_line' id='line_1_41' title="bbox 512 2573 2087 2649; baseline 0.003 -22"><span class='ocrx_word' id='word_1_273' title='bbox 512 2574 641 2627; x_wconf 85' lang='lat' dir='ltr'><strong>vino</strong></span> <span class='ocrx_word' id='word_1_274' title='bbox 669 2584 722 2629; x_wconf 92' lang='lat' dir='ltr'><strong>et</strong></span> <span class='ocrx_word' id='word_1_275' title='bbox 745 2589 907 2643; x_wconf 86' lang='lat' dir='ltr'><strong>aqua,</strong></span> <span class='ocrx_word' id='word_1_276' title='bbox 939 2573 979 2644; x_wconf 90' lang='lat'><strong>1-</strong></span> <span class='ocrx_word' id='word_1_277' title='bbox 1003 2574 1300 2640; x_wconf 78' lang='lat' dir='ltr'><strong>benedixit,</strong></span> <span class='ocrx_word' id='word_1_278' title='bbox 1323 2576 1365 2647; x_wconf 91' lang='lat'><strong>1-</strong></span> <span class='ocrx_word' id='word_1_279' title='bbox 1395 2577 1779 2642; x_wconf 84' lang='lat' dir='ltr'><strong>sanctificavit,</strong></span> <span class='ocrx_word' id='word_1_280' title='bbox 1801 2578 1841 2649; x_wconf 85' lang='lat'><strong>1-</strong></span> <span class='ocrx_word' id='word_1_281' title='bbox 1863 2587 1916 2633; x_wconf 90' lang='lat' dir='ltr'><strong>et</strong></span> <span class='ocrx_word' id='word_1_282' title='bbox 1935 2578 2087 2633; x_wconf 91' lang='lat' dir='ltr'><strong>dedit</strong></span> 
     </span>
    </p>
   </div>
   <div class='ocr_carea' id='block_1_42' title="bbox 515 2663 2088 2739">
    <p class='ocr_par' dir='ltr' id='par_1_42' title="bbox 515 2663 2088 2739">
     <span class='ocr_line' id='line_1_42' title="bbox 515 2663 2088 2739; baseline 0.005 -22"><span class='ocrx_word' id='word_1_283' title='bbox 515 2665 704 2720; x_wconf 88' lang='lat' dir='ltr'><strong>iisdem</strong></span> <span class='ocrx_word' id='word_1_284' title='bbox 747 2663 1030 2735; x_wconf 89' lang='lat' dir='ltr'><strong>discipulis</strong></span> <span class='ocrx_word' id='word_1_285' title='bbox 1061 2667 1267 2722; x_wconf 89' lang='lat' dir='ltr'><strong>sanctis</strong></span> <span class='ocrx_word' id='word_1_286' title='bbox 1301 2675 1356 2722; x_wconf 91' lang='lat' dir='ltr'><strong>et</strong></span> <span class='ocrx_word' id='word_1_287' title='bbox 1401 2669 1575 2723; x_wconf 89' lang='lat' dir='ltr'><strong>dixit:</strong></span> <span class='ocrx_word' id='word_1_288' title='bbox 1612 2669 1883 2739; x_wconf 84' lang='lat' dir='ltr'><strong>Accipite,</strong></span> <span class='ocrx_word' id='word_1_289' title='bbox 1916 2671 2088 2726; x_wconf 90' lang='lat' dir='ltr'><strong>bibite</strong></span> 
     </span>
    </p>
   </div>
   <div class='ocr_carea' id='block_1_43' title="bbox 510 2755 2087 2831">
    <p class='ocr_par' dir='ltr' id='par_1_43' title="bbox 510 2755 2087 2831">
     <span class='ocr_line' id='line_1_43' title="bbox 510 2755 2087 2831; baseline 0.005 -22"><span class='ocrx_word' id='word_1_290' title='bbox 510 2770 580 2809; x_wconf 81' lang='lat' dir='ltr'><strong>ex</strong></span> <span class='ocrx_word' id='word_1_291' title='bbox 614 2770 679 2810; x_wconf 93' lang='lat' dir='ltr'><strong>eo</strong></span> <span class='ocrx_word' id='word_1_292' title='bbox 710 2770 809 2811; x_wconf 92' lang='lat' dir='ltr'><strong>vos</strong></span> <span class='ocrx_word' id='word_1_293' title='bbox 847 2771 1038 2813; x_wconf 90' lang='lat' dir='ltr'><strong>omnes</strong></span> <span class='ocrx_word' id='word_1_294' title='bbox 1073 2775 1086 2810; x_wconf 88' lang='lat'><strong>:</strong></span> <span class='ocrx_word' id='word_1_295' title='bbox 1123 2755 1224 2810; x_wconf 86' lang='lat' dir='ltr'><strong>Hic</strong></span> <span class='ocrx_word' id='word_1_296' title='bbox 1252 2767 1337 2813; x_wconf 91' lang='lat' dir='ltr'><strong>est</strong></span> <span class='ocrx_word' id='word_1_297' title='bbox 1388 2759 1614 2829; x_wconf 76' lang='lat' dir='ltr'><strong>sanguis</strong></span> <span class='ocrx_word' id='word_1_298' title='bbox 1649 2775 1806 2816; x_wconf 90' lang='lat' dir='ltr'><strong>meus</strong></span> <span class='ocrx_word' id='word_1_299' title='bbox 1844 2761 1940 2831; x_wconf 89' lang='lat' dir='ltr'><strong>qui</strong></span> <span class='ocrx_word' id='word_1_300' title='bbox 1988 2777 2087 2818; x_wconf 84' lang='lat' dir='ltr'><strong>vos</strong></span> 
     </span>
    </p>
   </div>
   <div class='ocr_carea' id='block_1_44' title="bbox 509 2847 2086 2921">
    <p class='ocr_par' dir='ltr' id='par_1_44' title="bbox 509 2847 2086 2921">
     <span class='ocr_line' id='line_1_44' title="bbox 509 2847 2086 2921; baseline 0.006 -21"><span class='ocrx_word' id='word_1_301' title='bbox 509 2855 567 2900; x_wconf 83' lang='lat' dir='ltr'><strong>et</strong></span> <span class='ocrx_word' id='word_1_302' title='bbox 593 2860 784 2901; x_wconf 88' lang='lat' dir='ltr'><strong>omnes</strong></span> <span class='ocrx_word' id='word_1_303' title='bbox 807 2847 1171 2918; x_wconf 89' lang='lat' dir='ltr'><strong>suscipientes</strong></span> <span class='ocrx_word' id='word_1_304' title='bbox 1201 2865 1326 2904; x_wconf 91' lang='lat' dir='ltr'><strong>eum</strong></span> <span class='ocrx_word' id='word_1_305' title='bbox 1361 2849 1546 2906; x_wconf 83' lang='lat' dir='ltr'><strong>fideles</strong></span> <span class='ocrx_word' id='word_1_306' title='bbox 1582 2860 1853 2921; x_wconf 68' lang='lat' dir='ltr'><strong>praeparat</strong></span> <span class='ocrx_word' id='word_1_307' title='bbox 1888 2853 1956 2908; x_wconf 81' lang='lat' dir='ltr'><strong>ad</strong></span> <span class='ocrx_word' id='word_1_308' title='bbox 1999 2856 2086 2909; x_wconf 85' lang='lat' dir='ltr'><strong>vi-</strong></span> 
     </span>
    </p>
   </div>
   <div class='ocr_carea' id='block_1_45' title="bbox 513 2947 933 2992">
    <p class='ocr_par' dir='ltr' id='par_1_45' title="bbox 513 2947 933 2992">
     <span class='ocr_line' id='line_1_45' title="bbox 513 2947 933 2992; baseline 0.005 -2"><span class='ocrx_word' id='word_1_309' title='bbox 513 2949 622 2990; x_wconf 89' lang='lat' dir='ltr'><strong>tam</strong></span> <span class='ocrx_word' id='word_1_310' title='bbox 653 2947 933 2992; x_wconf 66' lang='lat' dir='ltr'><strong>azternam.</strong></span> 
     </span>
    </p>
   </div>
   <div class='ocr_carea' id='block_1_46' title="bbox 586 3026 1067 3096">
    <p class='ocr_par' dir='ltr' id='par_1_46' title="bbox 586 3026 1067 3096">
     <span class='ocr_line' id='line_1_46' title="bbox 586 3026 1067 3096; baseline 0.012 -16"><span class='ocrx_word' id='word_1_311' title='bbox 586 3026 846 3096; x_wconf 83' lang='lat' dir='ltr'><strong>Populus.</strong></span> <span class='ocrx_word' id='word_1_312' title='bbox 872 3030 1067 3086; x_wconf 84' lang='lat' dir='ltr'><strong>Amen.</strong></span> 
     </span>
    </p>
   </div>
   <div class='ocr_carea' id='block_1_47' title="bbox 590 3120 2087 3195">
    <p class='ocr_par' dir='ltr' id='par_1_47' title="bbox 590 3120 2087 3195">
     <span class='ocr_line' id='line_1_47' title="bbox 590 3120 2087 3195; baseline 0.006 -19"><span class='ocrx_word' id='word_1_313' title='bbox 590 3120 869 3179; x_wconf 82' lang='lat' dir='ltr'><strong>Sacerdos.</strong></span> <span class='ocrx_word' id='word_1_314' title='bbox 905 3122 1011 3180; x_wconf 89' lang='lat' dir='ltr'><strong>Sed</strong></span> <span class='ocrx_word' id='word_1_315' title='bbox 1045 3131 1100 3180; x_wconf 89' lang='lat' dir='ltr'><strong>et</strong></span> <span class='ocrx_word' id='word_1_316' title='bbox 1121 3123 1342 3194; x_wconf 87' lang='lat' dir='ltr'><strong>quando</strong></span> <span class='ocrx_word' id='word_1_317' title='bbox 1387 3125 1707 3195; x_wconf 84' lang='lat' dir='ltr'><strong>mysterium</strong></span> <span class='ocrx_word' id='word_1_318' title='bbox 1753 3127 1898 3182; x_wconf 83' lang='lat' dir='ltr'><strong>Istud</strong></span> <span class='ocrx_word' id='word_1_319' title='bbox 1943 3130 2087 3184; x_wconf 72' lang='lat' dir='ltr'><strong>cete-</strong></span> 
     </span>
    </p>
   </div>
   <div class='ocr_carea' id='block_1_48' title="bbox 516 3213 2088 3286">
    <p class='ocr_par' dir='ltr' id='par_1_48' title="bbox 516 3213 2088 3286">
     <span class='ocr_line' id='line_1_48' title="bbox 516 3213 2088 3286; baseline 0.005 -17"><span class='ocrx_word' id='word_1_320' title='bbox 516 3213 767 3280; x_wconf 86' lang='lat' dir='ltr'><strong>brabitis,</strong></span> <span class='ocrx_word' id='word_1_321' title='bbox 823 3216 964 3286; x_wconf 81' lang='lat' dir='ltr'><strong>agite</strong></span> <span class='ocrx_word' id='word_1_322' title='bbox 1001 3218 1321 3278; x_wconf 84' lang='lat' dir='ltr'><strong>memoriam</strong></span> <span class='ocrx_word' id='word_1_323' title='bbox 1359 3217 1556 3273; x_wconf 88' lang='lat' dir='ltr'><strong>mortis</strong></span> <span class='ocrx_word' id='word_1_324' title='bbox 1587 3232 1742 3284; x_wconf 71' lang='lat' dir='ltr'><strong>meae,</strong></span> <span class='ocrx_word' id='word_1_325' title='bbox 1788 3218 1964 3276; x_wconf 92' lang='lat' dir='ltr'><strong>donec</strong></span> <span class='ocrx_word' id='word_1_326' title='bbox 1997 3237 2088 3277; x_wconf 90' lang='lat' dir='ltr'><strong>ve-</strong></span> 
     </span>
    </p>
   </div>
   <div class='ocr_carea' id='block_1_49' title="bbox 517 3321 684 3359">
    <p class='ocr_par' dir='ltr' id='par_1_49' title="bbox 517 3321 684 3359">
     <span class='ocr_line' id='line_1_49' title="bbox 517 3321 684 3359; baseline -0.024 0"><span class='ocrx_word' id='word_1_327' title='bbox 517 3321 684 3359; x_wconf 88' lang='lat' dir='ltr'><strong>mam.</strong></span> 
     </span>
    </p>
   </div>
   <div class='ocr_carea' id='block_1_50' title="bbox 590 3396 2088 3474">
    <p class='ocr_par' dir='ltr' id='par_1_50' title="bbox 590 3396 2088 3474">
     <span class='ocr_line' id='line_1_50' title="bbox 590 3396 2088 3474; baseline 0.005 -25"><span class='ocrx_word' id='word_1_328' title='bbox 590 3396 846 3464; x_wconf 80' lang='lat' dir='ltr'><strong>Populus.</strong></span> <span class='ocrx_word' id='word_1_329' title='bbox 901 3397 1092 3456; x_wconf 74' lang='lat' dir='ltr'><strong>Mortis</strong></span> <span class='ocrx_word' id='word_1_330' title='bbox 1143 3408 1268 3466; x_wconf 73' lang='lat' dir='ltr'><strong>tute,</strong></span> <span class='ocrx_word' id='word_1_331' title='bbox 1315 3397 1564 3468; x_wconf 84' lang='lat' dir='ltr'><strong>Domine,</strong></span> <span class='ocrx_word' id='word_1_332' title='bbox 1600 3401 1918 3456; x_wconf 88' lang='lat' dir='ltr'><strong>memoriam</strong></span> <span class='ocrx_word' id='word_1_333' title='bbox 1971 3402 2088 3474; x_wconf 83' lang='lat' dir='ltr'><strong>agi-</strong></span> 
     </span>
    </p>
   </div>
   <div class='ocr_carea' id='block_1_51' title="bbox 517 3501 660 3542">
    <p class='ocr_par' dir='ltr' id='par_1_51' title="bbox 517 3501 660 3542">
     <span class='ocr_line' id='line_1_51' title="bbox 517 3501 660 3542; baseline 0 0"><span class='ocrx_word' id='word_1_334' title='bbox 517 3501 660 3542; x_wconf 89' lang='lat' dir='ltr'><strong>mus.</strong></span> 
     </span>
    </p>
   </div>
   <div class='ocr_carea' id='block_1_52' title="bbox 589 3648 2094 3720">
    <p class='ocr_par' dir='ltr' id='par_1_52' title="bbox 589 3648 2094 3720">
     <span class='ocr_line' id='line_1_52' title="bbox 589 3648 2094 3720; baseline 0.003 -18"><span class='ocrx_word' id='word_1_335' title='bbox 589 3648 702 3720; x_wconf 76' lang='lat'><strong>(27)</strong></span> <span class='ocrx_word' id='word_1_336' title='bbox 746 3650 862 3703; x_wconf 80' lang='lat' dir='ltr'><strong>Hoc</strong></span> <span class='ocrx_word' id='word_1_337' title='bbox 887 3658 963 3704; x_wconf 86' lang='lat' dir='ltr'><strong>est</strong></span> <span class='ocrx_word' id='word_1_338' title='bbox 991 3665 1179 3718; x_wconf 80' lang='lat' dir='ltr'><strong>corpus</strong></span> <span class='ocrx_word' id='word_1_339' title='bbox 1207 3666 1400 3706; x_wconf 77' lang='lat' dir='ltr'><strong>meum.</strong></span> <span class='ocrx_word' id='word_1_340' title='bbox 1431 3648 1490 3705; x_wconf 85' lang='lat' dir='ltr'><strong>id</strong></span> <span class='ocrx_word' id='word_1_341' title='bbox 1508 3648 1668 3705; x_wconf 88' lang='lat' dir='ltr'><strong>habet</strong></span> <span class='ocrx_word' id='word_1_342' title='bbox 1695 3649 1972 3720; x_wconf 77' lang='lat' dir='ltr'><strong>singulare</strong></span> <span class='ocrx_word' id='word_1_343' title='bbox 2000 3651 2094 3707; x_wconf 85' lang='lat' dir='ltr'><strong>illa</strong></span> 
     </span>
    </p>
   </div>
   <div class='ocr_carea' id='block_1_53' title="bbox 519 3720 2090 3790">
    <p class='ocr_par' dir='ltr' id='par_1_53' title="bbox 519 3720 2090 3790">
     <span class='ocr_line' id='line_1_53' title="bbox 519 3720 2090 3790; baseline 0.004 -20"><span class='ocrx_word' id='word_1_344' title='bbox 519 3720 1034 3790; x_wconf 31' lang='lat' dir='ltr'><strong>verborumAChristi</strong></span> <span class='ocrx_word' id='word_1_345' title='bbox 1065 3720 1319 3784; x_wconf 89' lang='lat' dir='ltr'><strong>formula,</strong></span> <span class='ocrx_word' id='word_1_346' title='bbox 1354 3721 1499 3790; x_wconf 88' lang='lat' dir='ltr'><strong>quod</strong></span> <span class='ocrx_word' id='word_1_347' title='bbox 1533 3728 1725 3774; x_wconf 89' lang='lat' dir='ltr'><strong>contra</strong></span> <span class='ocrx_word' id='word_1_348' title='bbox 1755 3721 2090 3790; x_wconf 86' lang='lat' dir='ltr'><strong>reliquarum</strong></span> 
     </span>
    </p>
   </div>
   <div class='ocr_carea' id='block_1_54' title="bbox 521 3788 2091 3861">
    <p class='ocr_par' dir='ltr' id='par_1_54' title="bbox 521 3788 2091 3861">
     <span class='ocr_line' id='line_1_54' title="bbox 521 3788 2091 3861; baseline 0.002 -18"><span class='ocrx_word' id='word_1_349' title='bbox 521 3789 764 3861; x_wconf 90' lang='lat' dir='ltr'><strong>omnium</strong></span> <span class='ocrx_word' id='word_1_350' title='bbox 787 3788 981 3853; x_wconf 64' lang='lat' dir='ltr'><strong>Graeci,</strong></span> <span class='ocrx_word' id='word_1_351' title='bbox 1019 3791 1250 3861; x_wconf 84' lang='lat' dir='ltr'><strong>Coptici,</strong></span> <span class='ocrx_word' id='word_1_352' title='bbox 1277 3801 1331 3845; x_wconf 89' lang='lat' dir='ltr'><strong>et</strong></span> <span class='ocrx_word' id='word_1_353' title='bbox 1361 3788 1569 3861; x_wconf 87' lang='lat' dir='ltr'><strong>Syriaci</strong></span> <span class='ocrx_word' id='word_1_354' title='bbox 1592 3790 1732 3845; x_wconf 88' lang='lat' dir='ltr'><strong>ritus</strong></span> <span class='ocrx_word' id='word_1_355' title='bbox 1751 3788 2091 3861; x_wconf 78' lang='lat' dir='ltr'><strong>liturgiarum</strong></span> 
     </span>
    </p>
   </div>
   <div class='ocr_carea' id='block_1_55' title="bbox 521 3860 2094 3931">
    <p class='ocr_par' dir='ltr' id='par_1_55' title="bbox 521 3860 2094 3931">
     <span class='ocr_line' id='line_1_55' title="bbox 521 3860 2094 3931; baseline 0.001 -18"><span class='ocrx_word' id='word_1_356' title='bbox 521 3860 854 3931; x_wconf 79' lang='lat' dir='ltr'><strong>exemplum,</strong></span> <span class='ocrx_word' id='word_1_357' title='bbox 907 3860 1173 3930; x_wconf 89' lang='lat' dir='ltr'><strong>particula</strong></span> <span class='ocrx_word' id='word_1_358' title='bbox 1203 3862 1313 3924; x_wconf 91' lang='lat' dir='ltr'><strong>illa,</strong></span> <span class='ocrx_word' id='word_1_359' title='bbox 1346 3860 1485 3930; x_wconf 83' lang='lat' dir='ltr'><strong>quod</strong></span> <span class='ocrx_word' id='word_1_360' title='bbox 1529 3877 1625 3930; x_wconf 86' lang='lat' dir='ltr'><strong>pro</strong></span> <span class='ocrx_word' id='word_1_361' title='bbox 1657 3862 1797 3915; x_wconf 69' lang='lat' dir='ltr'><strong>vobis</strong></span> <span class='ocrx_word' id='word_1_362' title='bbox 1827 3860 2094 3931; x_wconf 80' lang='lat' dir='ltr'><strong>frangitur</strong></span> 
     </span>
    </p>
   </div>
   <div class='ocr_carea' id='block_1_56' title="bbox 521 3929 2094 4004">
    <p class='ocr_par' dir='ltr' id='par_1_56' title="bbox 521 3929 2094 4004">
     <span class='ocr_line' id='line_1_56' title="bbox 521 3929 2094 4004; baseline 0.003 -23"><span class='ocrx_word' id='word_1_363' title='bbox 521 3937 571 3981; x_wconf 88' lang='lat' dir='ltr'><strong>et</strong></span> <span class='ocrx_word' id='word_1_364' title='bbox 596 3929 757 3982; x_wconf 89' lang='lat' dir='ltr'><strong>datur</strong></span> <span class='ocrx_word' id='word_1_365' title='bbox 789 3931 844 3984; x_wconf 87' lang='lat' dir='ltr'><strong>in</strong></span> <span class='ocrx_word' id='word_1_366' title='bbox 873 3929 1605 4004; x_wconf 20' lang='lat' dir='ltr'><strong>remissionem‘peccatorum,</strong></span> <span class='ocrx_word' id='word_1_367' title='bbox 1639 3929 2094 4004; x_wconf 46' lang='lat' dir='ltr'><strong>omittiturz&#39;qure</strong></span> 
     </span>
    </p>
   </div>
   <div class='ocr_carea' id='block_1_57' title="bbox 524 4001 2094 4072">
    <p class='ocr_par' dir='ltr' id='par_1_57' title="bbox 524 4001 2094 4072">
     <span class='ocr_line' id='line_1_57' title="bbox 524 4001 2094 4072; baseline 0.004 -22"><span class='ocrx_word' id='word_1_368' title='bbox 524 4007 706 4072; x_wconf 86' lang='lat' dir='ltr'><strong>tamen</strong></span> <span class='ocrx_word' id='word_1_369' title='bbox 745 4016 810 4055; x_wconf 83' lang='lat' dir='ltr'><strong>ex</strong></span> <span class='ocrx_word' id='word_1_370' title='bbox 842 4001 1162 4072; x_wconf 85' lang='lat' dir='ltr'><strong>rigidiorum</strong></span> <span class='ocrx_word' id='word_1_371' title='bbox 1210 4001 1586 4072; x_wconf 77' lang='lat' dir='ltr'><strong>theologorum</strong></span> <span class='ocrx_word' id='word_1_372' title='bbox 1616 4001 1871 4070; x_wconf 83' lang='lat' dir='ltr'><strong>opinione</strong></span> <span class='ocrx_word' id='word_1_373' title='bbox 1905 4001 2094 4056; x_wconf 79' lang='lat' dir='ltr'><strong>neces—</strong></span> 
     </span>
    </p>
   </div>
   <div class='ocr_carea' id='block_1_58' title="bbox 525 4070 2094 4143">
    <p class='ocr_par' dir='ltr' id='par_1_58' title="bbox 525 4070 2094 4143">
     <span class='ocr_line' id='line_1_58' title="bbox 525 4070 2094 4143; baseline 0.004 -23"><span class='ocrx_word' id='word_1_374' title='bbox 525 4070 668 4143; x_wconf 74' lang='lat' dir='ltr'><strong>saria</strong></span> <span class='ocrx_word' id='word_1_375' title='bbox 698 4070 919 4143; x_wconf 75' lang='lat' dir='ltr'><strong>nonest</strong></span> <span class='ocrx_word' id='word_1_376' title='bbox 941 4090 954 4126; x_wconf 88' lang='lat'><strong>:</strong></span> <span class='ocrx_word' id='word_1_377' title='bbox 973 4071 1119 4143; x_wconf 70' lang='lat' dir='ltr'><strong>unde</strong></span> <span class='ocrx_word' id='word_1_378' title='bbox 1135 4070 1563 4141; x_wconf 70' lang='lat' dir='ltr'><strong>prtetermittitur</strong></span> <span class='ocrx_word' id='word_1_379' title='bbox 1592 4073 1859 4143; x_wconf 90' lang='lat' dir='ltr'><strong>ubiqnein</strong></span> <span class='ocrx_word' id='word_1_380' title='bbox 1889 4072 2094 4128; x_wconf 84' lang='lat' dir='ltr'><strong>Missali</strong></span> 
     </span>
    </p>
   </div>
   <div class='ocr_carea' id='block_1_59' title="bbox 530 4137 2092 4212">
    <p class='ocr_par' dir='ltr' id='par_1_59' title="bbox 530 4137 2092 4212">
     <span class='ocr_line' id='line_1_59' title="bbox 530 4137 2092 4212; baseline 0.003 -19"><span class='ocrx_word' id='word_1_381' title='bbox 530 4137 712 4212; x_wconf 55' lang='grc' dir='ltr'>ᾕρηκε</span> <span class='ocrx_word' id='word_1_382' title='bbox 744 4140 908 4212; x_wconf 84' lang='lat' dir='ltr'><strong>edito.</strong></span> <span class='ocrx_word' id='word_1_383' title='bbox 965 4137 1257 4212; x_wconf 77' lang='lat' dir='ltr'><strong>Sequentia</strong></span> <span class='ocrx_word' id='word_1_384' title='bbox 1300 4151 1480 4197; x_wconf 89' lang='lat' dir='ltr'><strong>autem</strong></span> <span class='ocrx_word' id='word_1_385' title='bbox 1527 4137 1720 4206; x_wconf 64' lang='lat' dir='ltr'><strong>verba,</strong></span> <span class='ocrx_word' id='word_1_386' title='bbox 1755 4144 2092 4212; x_wconf 77' lang='lat' dir='ltr'><strong>suscipientes</strong></span> 
     </span>
    </p>
   </div>
   <div class='ocr_carea' id='block_1_60' title="bbox 525 4209 2094 4284">
    <p class='ocr_par' dir='ltr' id='par_1_60' title="bbox 525 4209 2094 4284">
     <span class='ocr_line' id='line_1_60' title="bbox 525 4209 2094 4284; baseline 0.003 -23"><span class='ocrx_word' id='word_1_387' title='bbox 525 4209 658 4262; x_wconf 87' lang='lat' dir='ltr'><strong>illud</strong></span> <span class='ocrx_word' id='word_1_388' title='bbox 684 4211 865 4278; x_wconf 81' lang='lat' dir='ltr'><strong>ﬁdeles</strong></span> <span class='ocrx_word' id='word_1_389' title='bbox 892 4209 1160 4284; x_wconf 63' lang='grc' dir='ltr'><strong>ρναέρὰναε</strong></span> <span class='ocrx_word' id='word_1_390' title='bbox 1209 4213 1277 4266; x_wconf 89' lang='lat' dir='ltr'><strong>ad</strong></span> <span class='ocrx_word' id='word_1_391' title='bbox 1294 4214 1454 4266; x_wconf 82' lang='lat' dir='ltr'><strong>vitam</strong></span> <span class='ocrx_word' id='word_1_392' title='bbox 1477 4222 1750 4282; x_wconf 77' lang='lat' dir='ltr'><strong>wternam,</strong></span> <span class='ocrx_word' id='word_1_393' title='bbox 1783 4209 2094 4284; x_wconf 77' lang='lat' dir='ltr'><strong>significant</strong></span> 
     </span>
    </p>
   </div>
   <div class='ocr_carea' id='block_1_61' title="bbox 526 4283 2091 4360">
    <p class='ocr_par' dir='ltr' id='par_1_61' title="bbox 526 4283 2091 4360">
     <span class='ocr_line' id='line_1_61' title="bbox 526 4283 2091 4360; baseline 0.003 -27"><span class='ocrx_word' id='word_1_394' title='bbox 526 4289 928 4360; x_wconf 69' lang='lat' dir='ltr'><strong>sacramentum</strong></span> <span class='ocrx_word' id='word_1_395' title='bbox 974 4283 1135 4353; x_wconf 80' lang='lat' dir='ltr'><strong>digne</strong></span> <span class='ocrx_word' id='word_1_396' title='bbox 1163 4290 1476 4360; x_wconf 78' lang='lat' dir='ltr'><strong>susceptum</strong></span> <span class='ocrx_word' id='word_1_397' title='bbox 1503 4285 1732 4355; x_wconf 77' lang='lat' dir='ltr'><strong>gratiam</strong></span> <span class='ocrx_word' id='word_1_398' title='bbox 1757 4283 2007 4339; x_wconf 85' lang='lat' dir='ltr'><strong>conferre</strong></span> <span class='ocrx_word' id='word_1_399' title='bbox 2029 4285 2091 4338; x_wconf 85' lang='lat' dir='ltr'><strong>li-</strong></span> 
     </span>
    </p>
   </div>
   <div class='ocr_carea' id='block_1_62' title="bbox 523 4351 1796 4423">
    <p class='ocr_par' dir='ltr' id='par_1_62' title="bbox 523 4351 1796 4423">
     <span class='ocr_line' id='line_1_62' title="bbox 523 4351 1796 4423; baseline 0.002 -18"><span class='ocrx_word' id='word_1_400' title='bbox 523 4351 836 4423; x_wconf 86' lang='lat' dir='ltr'><strong>del_i_bns_ad</strong></span> <span class='ocrx_word' id='word_1_401' title='bbox 867 4351 1302 4423; x_wconf 83' lang='lat' dir='ltr'><strong>consequendam</strong></span> <span class='ocrx_word' id='word_1_402' title='bbox 1329 4351 1796 4408; x_wconf 48' lang='lat' dir='ltr'><strong>vitam&#39;azternam.</strong></span> 
     </span>
    </p>
   </div>
   <div class='ocr_carea' id='block_1_63' title="bbox 597 4420 2092 4492">
    <p class='ocr_par' dir='ltr' id='par_1_63' title="bbox 597 4420 2092 4492">
     <span class='ocr_line' id='line_1_63' title="bbox 597 4420 2092 4492; baseline 0.003 -19"><span class='ocrx_word' id='word_1_403' title='bbox 597 4420 711 4492; x_wconf 83' lang='lat'><strong>(28)</strong></span> <span class='ocrx_word' id='word_1_404' title='bbox 742 4421 806 4475; x_wconf 85' lang='lat' dir='ltr'><strong>Ut</strong></span> <span class='ocrx_word' id='word_1_405' title='bbox 822 4440 916 4492; x_wconf 84' lang='lat' dir='ltr'><strong>per</strong></span> <span class='ocrx_word' id='word_1_406' title='bbox 948 4420 1194 4491; x_wconf 68' lang='lat' dir='ltr'><strong>illapsum</strong></span> <span class='ocrx_word' id='word_1_407' title='bbox 1239 4440 1393 4479; x_wconf 85' lang='lat' dir='ltr'><strong>suum</strong></span> <span class='ocrx_word' id='word_1_408' title='bbox 1452 4425 1712 4478; x_wconf 77' lang='lat' dir='ltr'><strong>exhibeat.</strong></span> <span class='ocrx_word' id='word_1_409' title='bbox 1760 4423 1838 4478; x_wconf 87' lang='lat' dir='ltr'><strong>Eo</strong></span> <span class='ocrx_word' id='word_1_410' title='bbox 1874 4423 1929 4477; x_wconf 92' lang='lat' dir='ltr'><strong>in</strong></span> <span class='ocrx_word' id='word_1_411' title='bbox 1972 4422 2092 4477; x_wconf 90' lang='lat' dir='ltr'><strong>loco</strong></span> 
     </span>
    </p>
   </div>
   <div class='ocr_carea' id='block_1_64' title="bbox 525 4491 2088 4565">
    <p class='ocr_par' dir='ltr' id='par_1_64' title="bbox 525 4491 2088 4565">
     <span class='ocr_line' id='line_1_64' title="bbox 525 4491 2088 4565; baseline 0.002 -20"><span class='ocrx_word' id='word_1_412' title='bbox 525 4491 648 4565; x_wconf 66' lang='lat' dir='ltr'><strong>duae</strong></span> <span class='ocrx_word' id='word_1_413' title='bbox 687 4491 846 4565; x_wconf 85' lang='lat' dir='ltr'><strong>voces</strong></span> <span class='ocrx_word' id='word_1_414' title='bbox 866 4505 1200 4565; x_wconf 88' lang='lat' dir='ltr'><strong>_0ccurrunt,</strong></span> <span class='ocrx_word' id='word_1_415' title='bbox 1233 4511 1462 4565; x_wconf 86' lang='lat' dir='ltr'><strong>quarum</strong></span> <span class='ocrx_word' id='word_1_416' title='bbox 1489 4495 1658 4548; x_wconf 89' lang='lat' dir='ltr'><strong>hacin</strong></span> <span class='ocrx_word' id='word_1_417' title='bbox 1681 4495 1930 4565; x_wconf 84' lang='lat' dir='ltr'><strong>oratione</strong></span> <span class='ocrx_word' id='word_1_418' title='bbox 1955 4509 2088 4548; x_wconf 86' lang='lat' dir='ltr'><strong>usus</strong></span> 
     </span>
    </p>
   </div>
   <div class='ocr_carea' id='block_1_65' title="bbox 525 4561 2087 4632">
    <p class='ocr_par' dir='ltr' id='par_1_65' title="bbox 525 4561 2087 4632">
     <span class='ocr_line' id='line_1_65' title="bbox 525 4561 2087 4632; baseline -0.001 -16"><span class='ocrx_word' id='word_1_419' title='bbox 525 4561 1005 4632; x_wconf 83' lang='lat' dir='ltr'><strong>frequentissimus</strong></span> <span class='ocrx_word' id='word_1_420' title='bbox 1035 4573 1152 4619; x_wconf 90' lang='lat' dir='ltr'><strong>est:</strong></span> <span class='ocrx_word' id='word_1_421' title='bbox 1180 4561 1402 4632; x_wconf 78' lang='lat' dir='ltr'><strong>illapsus</strong></span> <span class='ocrx_word' id='word_1_422' title='bbox 1415 4575 1696 4624; x_wconf 66' lang='lat' dir='ltr'><strong>isnme</strong></span> <span class='ocrx_word' id='word_1_423' title='bbox 1726 4563 2087 4632; x_wconf 76' lang='grc' dir='ltr'><strong>ἐπιφοίτησις,</strong></span> 
     </span>
    </p>
   </div>
   <div class='ocr_carea' id='block_1_66' title="bbox 527 4631 2090 4705">
    <p class='ocr_par' dir='ltr' id='par_1_66' title="bbox 527 4631 2090 4705">
     <span class='ocr_line' id='line_1_66' title="bbox 527 4631 2090 4705; baseline 0.003 -22"><span class='ocrx_word' id='word_1_424' title='bbox 527 4631 861 4705; x_wconf 40' lang='lat' dir='ltr'><strong>{maxine};</strong></span> <span class='ocrx_word' id='word_1_425' title='bbox 887 4648 916 4686; x_wconf 90' lang='lat' dir='ltr'><strong>a</strong></span> <span class='ocrx_word' id='word_1_426' title='bbox 945 4635 1219 4705; x_wconf 62' lang='lat' dir='ltr'><strong>verhopsz</strong></span> <span class='ocrx_word' id='word_1_427' title='bbox 1275 4631 1420 4705; x_wconf 86' lang='lat' dir='ltr'><strong>quod</strong></span> <span class='ocrx_word' id='word_1_428' title='bbox 1481 4636 1679 4705; x_wconf 79' lang='lat' dir='ltr'><strong>legitur</strong></span> <span class='ocrx_word' id='word_1_429' title='bbox 1713 4635 1766 4687; x_wconf 90' lang='lat' dir='ltr'><strong>in</strong></span> <span class='ocrx_word' id='word_1_430' title='bbox 1837 4631 2090 4705; x_wconf 82' lang='lat' dir='ltr'><strong>versione</strong></span> 
     </span>
    </p>
   </div>
   <div class='ocr_carea' id='block_1_67' title="bbox 529 4699 2090 4772">
    <p class='ocr_par' dir='ltr' id='par_1_67' title="bbox 529 4699 2090 4772">
     <span class='ocr_line' id='line_1_67' title="bbox 529 4699 2090 4772; baseline 0.001 -18"><span class='ocrx_word' id='word_1_431' title='bbox 529 4699 750 4772; x_wconf 83' lang='lat' dir='ltr'><strong>Syriaca</strong></span> <span class='ocrx_word' id='word_1_432' title='bbox 777 4703 938 4760; x_wconf 67' lang='lat' dir='ltr'><strong>Lucae</strong></span> <span class='ocrx_word' id='word_1_433' title='bbox 966 4721 1003 4768; x_wconf 84' lang='grc' dir='ltr'><strong>ι,</strong></span> <span class='ocrx_word' id='word_1_434' title='bbox 1040 4699 1335 4759; x_wconf 74' lang='grc' dir='ltr'><strong>55.¹νὶιίιὶδ</strong></span> <span class='ocrx_word' id='word_1_435' title='bbox 1354 4699 1958 4759; x_wconf 71' lang='grc' dir='ltr'><strong>Λιιὶεεῦηἱοὸιιηιὺναὸὶι</strong></span> <span class='ocrx_word' id='word_1_436' title='bbox 1979 4705 2090 4765; x_wconf 86' lang='lat' dir='ltr'><strong>tibi,</strong></span> 
     </span>
    </p>
   </div>
   <div class='ocr_carea' id='block_1_68' title="bbox 525 4773 2094 4846">
    <p class='ocr_par' dir='ltr' id='par_1_68' title="bbox 525 4773 2094 4846">
     <span class='ocr_line' id='line_1_68' title="bbox 525 4773 2094 4846; baseline 0.001 -21"><span class='ocrx_word' id='word_1_437' title='bbox 525 4773 833 4846; x_wconf 54' lang='grc' dir='ltr'><strong>ξπεσκεᾲσει</strong></span> <span class='ocrx_word' id='word_1_438' title='bbox 871 4795 883 4830; x_wconf 91' lang='lat'><strong>:</strong></span> <span class='ocrx_word' id='word_1_439' title='bbox 921 4783 978 4828; x_wconf 86' lang='lat' dir='ltr'><strong>ut.</strong></span> <span class='ocrx_word' id='word_1_440' title='bbox 1031 4776 1365 4846; x_wconf 82' lang='lat' dir='ltr'><strong>significetur</strong></span> <span class='ocrx_word' id='word_1_441' title='bbox 1399 4776 1626 4844; x_wconf 89' lang='lat' dir='ltr'><strong>illapsus</strong></span> <span class='ocrx_word' id='word_1_442' title='bbox 1657 4774 1892 4843; x_wconf 89' lang='lat' dir='ltr'><strong>Spiritus</strong></span> <span class='ocrx_word' id='word_1_443' title='bbox 1919 4774 2094 4829; x_wconf 83' lang='lat' dir='ltr'><strong>sancti</strong></span> 
     </span>
    </p>
   </div>
   <div class='ocr_carea' id='block_1_69' title="bbox 526 4842 2091 4916">
    <p class='ocr_par' dir='ltr' id='par_1_69' title="bbox 526 4842 2091 4916">
     <span class='ocr_line' id='line_1_69' title="bbox 526 4842 2091 4916; baseline 0 -20"><span class='ocrx_word' id='word_1_444' title='bbox 526 4842 584 4897; x_wconf 91' lang='lat' dir='ltr'><strong>in</strong></span> <span class='ocrx_word' id='word_1_445' title='bbox 605 4843 665 4898; x_wconf 90' lang='grc' dir='ltr'><strong>Β.</strong></span> <span class='ocrx_word' id='word_1_446' title='bbox 703 4842 1108 4916; x_wconf 38' lang='grc' dir='ltr'><strong>νίτείιιθπιμθᾶ</strong></span> <span class='ocrx_word' id='word_1_447' title='bbox 1159 4842 1514 4916; x_wconf 56' lang='grc' dir='ltr'><strong>[οτωθιρᾴυιηί</strong></span> <span class='ocrx_word' id='word_1_448' title='bbox 1536 4860 1601 4900; x_wconf 85' lang='lat' dir='ltr'><strong>ex</strong></span> <span class='ocrx_word' id='word_1_449' title='bbox 1626 4842 1938 4916; x_wconf 29' lang='lat' dir='ltr'><strong>ea’corpns,</strong></span> <span class='ocrx_word' id='word_1_450' title='bbox 1969 4860 2091 4897; x_wconf 81' lang='lat' dir='ltr'><strong>mox</strong></span> 
     </span>
    </p>
   </div>
   <div class='ocr_carea' id='block_1_70' title="bbox 526 4915 2092 4985">
    <p class='ocr_par' dir='ltr' id='par_1_70' title="bbox 526 4915 2092 4985">
     <span class='ocr_line' id='line_1_70' title="bbox 526 4915 2092 4985; baseline -0.001 -18"><span class='ocrx_word' id='word_1_451' title='bbox 526 4915 916 4971; x_wconf 82' lang='lat' dir='ltr'><strong>assumendum</strong></span> <span class='ocrx_word' id='word_1_452' title='bbox 950 4932 978 4970; x_wconf 90' lang='lat' dir='ltr'><strong>a</strong></span> <span class='ocrx_word' id='word_1_453' title='bbox 1004 4915 1180 4972; x_wconf 88' lang='lat' dir='ltr'><strong>Verbo</strong></span> <span class='ocrx_word' id='word_1_454' title='bbox 1202 4915 1318 4970; x_wconf 90' lang='lat' dir='ltr'><strong>Dei.</strong></span> <span class='ocrx_word' id='word_1_455' title='bbox 1344 4915 1411 4969; x_wconf 90' lang='lat' dir='ltr'><strong>Ut</strong></span> <span class='ocrx_word' id='word_1_456' title='bbox 1433 4915 1578 4970; x_wconf 90' lang='lat' dir='ltr'><strong>enim</strong></span> <span class='ocrx_word' id='word_1_457' title='bbox 1611 4915 1738 4969; x_wconf 89' lang='lat' dir='ltr'><strong>alibi</strong></span> <span class='ocrx_word' id='word_1_458' title='bbox 1762 4916 2092 4985; x_wconf 83' lang='lat' dir='ltr'><strong>explicatum</strong></span> 
     </span>
    </p>
   </div>
   <div class='ocr_carea' id='block_1_71' title="bbox 524 4986 2094 5057">
    <p class='ocr_par' dir='ltr' id='par_1_71' title="bbox 524 4986 2094 5057">
     <span class='ocr_line' id='line_1_71' title="bbox 524 4986 2094 5057; baseline 0.001 -19"><span class='ocrx_word' id='word_1_459' title='bbox 524 4993 627 5057; x_wconf 83' lang='lat' dir='ltr'><strong>est,</strong></span> <span class='ocrx_word' id='word_1_460' title='bbox 652 5001 716 5041; x_wconf 87' lang='lat' dir='ltr'><strong>ea</strong></span> <span class='ocrx_word' id='word_1_461' title='bbox 747 4988 1160 5057; x_wconf 83' lang='lat' dir='ltr'><strong>comparatione</strong></span> <span class='ocrx_word' id='word_1_462' title='bbox 1183 4986 1492 5041; x_wconf 87' lang='lat' dir='ltr'><strong>Orientales</strong></span> <span class='ocrx_word' id='word_1_463' title='bbox 1520 4987 1596 5041; x_wconf 89' lang='lat' dir='ltr'><strong>uti</strong></span> <span class='ocrx_word' id='word_1_464' title='bbox 1629 4987 1972 5056; x_wconf 89' lang='lat' dir='ltr'><strong>potissimum</strong></span> <span class='ocrx_word' id='word_1_465' title='bbox 2004 4999 2094 5057; x_wconf 85' lang='lat' dir='ltr'><strong>so—</strong></span> 
     </span>
    </p>
   </div>
   <div class='ocr_carea' id='block_1_72' title="bbox 525 5053 2093 5126">
    <p class='ocr_par' dir='ltr' id='par_1_72' title="bbox 525 5053 2093 5126">
     <span class='ocr_line' id='line_1_72' title="bbox 525 5053 2093 5126; baseline 0.001 -19"><span class='ocrx_word' id='word_1_466' title='bbox 525 5053 657 5119; x_wconf 90' lang='lat' dir='ltr'><strong>lent,</strong></span> <span class='ocrx_word' id='word_1_467' title='bbox 693 5057 758 5111; x_wconf 90' lang='lat' dir='ltr'><strong>ad</strong></span> <span class='ocrx_word' id='word_1_468' title='bbox 791 5053 1170 5126; x_wconf 82' lang='lat' dir='ltr'><strong>explicandam</strong></span> <span class='ocrx_word' id='word_1_469' title='bbox 1198 5057 1599 5126; x_wconf 86' lang='lat' dir='ltr'><strong>propositorum</strong></span> <span class='ocrx_word' id='word_1_470' title='bbox 1624 5053 2012 5111; x_wconf 77' lang='lat' dir='ltr'><strong>elementorum</strong></span> <span class='ocrx_word' id='word_1_471' title='bbox 2039 5056 2093 5108; x_wconf 92' lang='lat' dir='ltr'><strong>in</strong></span> 
     </span>
    </p>
   </div>
   <div class='ocr_carea' id='block_1_73' title="bbox 524 5073 2097 5197">
    <p class='ocr_par' dir='ltr' id='par_1_73' title="bbox 524 5073 2097 5197">
     <span class='ocr_line' id='line_1_73' title="bbox 525 5073 2093 5126; baseline 0.001 -19"><span class='ocrx_word' id='word_1_472' title='bbox 525 5073 657 5119; x_wconf 76' lang='lat' dir='ltr'><strong>teni,</strong></span> <span class='ocrx_word' id='word_1_473' title='bbox 693 5073 758 5111; x_wconf 83' lang='lat' dir='ltr'><strong>ad</strong></span> <span class='ocrx_word' id='word_1_474' title='bbox 791 5073 1170 5126; x_wconf 81' lang='lat' dir='ltr'><strong>explicandam</strong></span> <span class='ocrx_word' id='word_1_475' title='bbox 1235 5073 1599 5126; x_wconf 79' lang='lat' dir='ltr'><strong>roposnorum</strong></span> <span class='ocrx_word' id='word_1_476' title='bbox 1624 5073 2012 5111; x_wconf 85' lang='lat' dir='ltr'><strong>elementorum</strong></span> <span class='ocrx_word' id='word_1_477' title='bbox 2039 5073 2093 5108; x_wconf 85' lang='lat' dir='ltr'><strong>in</strong></span> 
     </span>
     <span class='ocr_line' id='line_1_74' title="bbox 524 5073 2097 5197; baseline 0 -19"><span class='ocrx_word' id='word_1_478' title='bbox 524 5140 725 5197; x_wconf 90' lang='lat' dir='ltr'><strong>corpus</strong></span> <span class='ocrx_word' id='word_1_479' title='bbox 757 5138 810 5182; x_wconf 94' lang='lat' dir='ltr'><strong>et</strong></span> <span class='ocrx_word' id='word_1_480' title='bbox 835 5128 1153 5197; x_wconf 86' lang='lat' dir='ltr'><strong>sanguinem</strong></span> <span class='ocrx_word' id='word_1_481' title='bbox 1184 5073 1389 5182; x_wconf 52' lang='lat' dir='ltr'><strong>Ebristi</strong></span> <span class='ocrx_word' id='word_1_482' title='bbox 1421 5127 1722 5197; x_wconf 85' lang='lat' dir='ltr'><strong>mirabilem</strong></span> <span class='ocrx_word' id='word_1_483' title='bbox 1764 5133 2097 5197; x_wconf 85' lang='lat' dir='ltr'><strong>transmuta-</strong></span> 
     </span>
    </p>
   </div>
   <div class='ocr_carea' id='block_1_74' title="bbox 525 5196 2096 5267">
    <p class='ocr_par' dir='ltr' id='par_1_74' title="bbox 525 5196 2096 5267">
     <span class='ocr_line' id='line_1_75' title="bbox 525 5196 2096 5267; baseline 0 -19"><span class='ocrx_word' id='word_1_484' title='bbox 525 5196 750 5253; x_wconf 89' lang='lat' dir='ltr'><strong>tionem.</strong></span> <span class='ocrx_word' id='word_1_485' title='bbox 780 5196 965 5252; x_wconf 83' lang='lat' dir='ltr'><strong>Altera</strong></span> <span class='ocrx_word' id='word_1_486' title='bbox 994 5213 1094 5252; x_wconf 90' lang='lat' dir='ltr'><strong>vox</strong></span> <span class='ocrx_word' id='word_1_487' title='bbox 1115 5207 1200 5252; x_wconf 89' lang='lat' dir='ltr'><strong>est</strong></span> <span class='ocrx_word' id='word_1_488' title='bbox 1217 5207 1343 5258; x_wconf 70' lang='lat' dir='ltr'><strong>mn:</strong></span> <span class='ocrx_word' id='word_1_489' title='bbox 1359 5213 1453 5251; x_wconf 91' lang='lat' dir='ltr'><strong>seu</strong></span> <span class='ocrx_word' id='word_1_490' title='bbox 1483 5196 1669 5252; x_wconf 67' lang='lat' dir='ltr'><strong>Graeca</strong></span> <span class='ocrx_word' id='word_1_491' title='bbox 1693 5196 1948 5267; x_wconf 76' lang='grc' dir='ltr'><strong>ἀναδείξῃ</strong></span> <span class='ocrx_word' id='word_1_492' title='bbox 1975 5211 2096 5262; x_wconf 76' lang='lat' dir='ltr'><strong>qua:</strong></span> 
     </span>
    </p>
   </div>
   <div class='ocr_carea' id='block_1_75' title="bbox 523 5267 2098 5340">
    <p class='ocr_par' dir='ltr' id='par_1_75' title="bbox 523 5267 2098 5340">
     <span class='ocr_line' id='line_1_76' title="bbox 523 5267 2098 5340; baseline -0.002 -19"><span class='ocrx_word' id='word_1_493' title='bbox 523 5271 769 5340; x_wconf 72' lang='lat' dir='ltr'><strong>occurrit</strong></span> <span class='ocrx_word' id='word_1_494' title='bbox 795 5271 849 5322; x_wconf 92' lang='lat' dir='ltr'><strong>in</strong></span> <span class='ocrx_word' id='word_1_495' title='bbox 880 5267 1100 5340; x_wconf 86' lang='lat' dir='ltr'><strong>Syriaca</strong></span> <span class='ocrx_word' id='word_1_496' title='bbox 1128 5267 1317 5322; x_wconf 85' lang='lat' dir='ltr'><strong>Jacobi</strong></span> <span class='ocrx_word' id='word_1_497' title='bbox 1338 5268 1576 5340; x_wconf 79' lang='lat' dir='ltr'><strong>liturgia,</strong></span> <span class='ocrx_word' id='word_1_498' title='bbox 1597 5275 1650 5323; x_wconf 92' lang='lat' dir='ltr'><strong>et</strong></span> <span class='ocrx_word' id='word_1_499' title='bbox 1673 5268 1738 5321; x_wconf 87' lang='lat' dir='ltr'><strong>de</strong></span> <span class='ocrx_word' id='word_1_500' title='bbox 1763 5283 1870 5338; x_wconf 90' lang='lat' dir='ltr'><strong>qua</strong></span> <span class='ocrx_word' id='word_1_501' title='bbox 1897 5267 2098 5340; x_wconf 81' lang='lat' dir='ltr'><strong>pariter</strong></span> 
     </span>
    </p>
   </div>
   <div class='ocr_carea' id='block_1_76' title="bbox 523 5337 2098 5409">
    <p class='ocr_par' dir='ltr' id='par_1_76' title="bbox 523 5337 2098 5409">
     <span class='ocr_line' id='line_1_77' title="bbox 523 5337 2098 5409; baseline 0.001 -20"><span class='ocrx_word' id='word_1_502' title='bbox 523 5337 729 5392; x_wconf 88' lang='lat' dir='ltr'><strong>dictum</strong></span> <span class='ocrx_word' id='word_1_503' title='bbox 763 5347 864 5403; x_wconf 87' lang='lat' dir='ltr'><strong>est,</strong></span> <span class='ocrx_word' id='word_1_504' title='bbox 890 5337 1164 5409; x_wconf 83' lang='lat' dir='ltr'><strong>certisque</strong></span> <span class='ocrx_word' id='word_1_505' title='bbox 1182 5341 1517 5409; x_wconf 87' lang='lat' dir='ltr'><strong>argumentis</strong></span> <span class='ocrx_word' id='word_1_506' title='bbox 1539 5337 1995 5409; x_wconf 79' lang='lat' dir='ltr'><strong>demonstratum,</strong></span> <span class='ocrx_word' id='word_1_507' title='bbox 2021 5338 2098 5390; x_wconf 88' lang='lat' dir='ltr'><strong>in-</strong></span> 
     </span>
    </p>
   </div>
   <div class='ocr_carea' id='block_1_77' title="bbox 525 5407 2095 5478">
    <p class='ocr_par' dir='ltr' id='par_1_77' title="bbox 525 5407 2095 5478">
     <span class='ocr_line' id='line_1_78' title="bbox 525 5407 2095 5478; baseline 0 -20"><span class='ocrx_word' id='word_1_508' title='bbox 525 5409 871 5478; x_wconf 80' lang='lat' dir='ltr'><strong>telligendam</strong></span> <span class='ocrx_word' id='word_1_509' title='bbox 905 5411 1052 5463; x_wconf 90' lang='lat' dir='ltr'><strong>illam</strong></span> <span class='ocrx_word' id='word_1_510' title='bbox 1076 5407 1378 5473; x_wconf 19' lang='lat' dir='ltr'><strong>iessefnon</strong></span> <span class='ocrx_word' id='word_1_511' title='bbox 1415 5418 1523 5462; x_wconf 90' lang='lat' dir='ltr'><strong>tam</strong></span> <span class='ocrx_word' id='word_1_512' title='bbox 1557 5425 1624 5464; x_wconf 89' lang='lat' dir='ltr'><strong>ex</strong></span> <span class='ocrx_word' id='word_1_513' title='bbox 1661 5407 1885 5478; x_wconf 85' lang='lat' dir='ltr'><strong>Syriaca</strong></span> <span class='ocrx_word' id='word_1_514' title='bbox 1932 5422 2095 5476; x_wconf 89' lang='lat' dir='ltr'><strong>quam</strong></span> 
     </span>
    </p>
   </div>
   <div class='ocr_carea' id='block_1_78' title="bbox 523 5478 2098 5550">
    <p class='ocr_par' dir='ltr' id='par_1_78' title="bbox 523 5478 2098 5550">
     <span class='ocr_line' id='line_1_79' title="bbox 523 5478 2098 5550; baseline -0.001 -20"><span class='ocrx_word' id='word_1_515' title='bbox 523 5494 589 5530; x_wconf 84' lang='lat' dir='ltr'><strong>ex</strong></span> <span class='ocrx_word' id='word_1_516' title='bbox 619 5478 804 5534; x_wconf 68' lang='lat' dir='ltr'><strong>Graeca</strong></span> <span class='ocrx_word' id='word_1_517' title='bbox 834 5481 1065 5550; x_wconf 83' lang='lat' dir='ltr'><strong>origine,</strong></span> <span class='ocrx_word' id='word_1_518' title='bbox 1103 5484 1174 5533; x_wconf 88' lang='lat' dir='ltr'><strong>ita</strong></span> <span class='ocrx_word' id='word_1_519' title='bbox 1201 5489 1378 5535; x_wconf 89' lang='lat' dir='ltr'><strong>utnon</strong></span> <span class='ocrx_word' id='word_1_520' title='bbox 1393 5479 1715 5548; x_wconf 87' lang='lat' dir='ltr'><strong>simpliciter</strong></span> <span class='ocrx_word' id='word_1_521' title='bbox 1737 5478 2098 5550; x_wconf 85' lang='lat' dir='ltr'><strong>demonstrare</strong></span> 
     </span>
    </p>
   </div>
   <div class='ocr_carea' id='block_1_79' title="bbox 524 5549 2094 5630">
    <p class='ocr_par' dir='ltr' id='par_1_79' title="bbox 524 5549 2094 5630">
     <span class='ocr_line' id='line_1_80' title="bbox 524 5549 2094 5630; baseline -0.003 -26"><span class='ocrx_word' id='word_1_522' title='bbox 524 5555 576 5600; x_wconf 79' lang='lat' dir='ltr'><strong>ct</strong></span> <span class='ocrx_word' id='word_1_523' title='bbox 603 5551 903 5630; x_wconf 71' lang='lat' dir='ltr'><strong>designare,</strong></span> <span class='ocrx_word' id='word_1_524' title='bbox 930 5549 1032 5630; x_wconf 69' lang='lat' dir='ltr'><strong>sed</strong></span> <span class='ocrx_word' id='word_1_525' title='bbox 1061 5553 1255 5630; x_wconf 78' lang='lat' dir='ltr'><strong>efﬁcere</strong></span> <span class='ocrx_word' id='word_1_526' title='bbox 1285 5560 1340 5605; x_wconf 90' lang='lat' dir='ltr'><strong>et</strong></span> <span class='ocrx_word' id='word_1_527' title='bbox 1377 5566 1681 5630; x_wconf 61' lang='lat' dir='ltr'><strong>consecrare</strong></span> <span class='ocrx_word' id='word_1_528' title='bbox 1721 5549 2008 5627; x_wconf 53' lang='lat' dir='ltr'><strong>signiticet:</strong></span> 
     </span>
    </p>
   </div>
   <div class='ocr_carea' id='block_1_80' title="bbox 525 5618 2097 5697">
    <p class='ocr_par' dir='ltr' id='par_1_80' title="bbox 525 5618 2097 5697">
     <span class='ocr_line' id='line_1_81' title="bbox 525 5618 2097 5697; baseline -0.001 -26"><span class='ocrx_word' id='word_1_529' title='bbox 525 5618 1040 5697; x_wconf 62' lang='lat' dir='ltr'><strong>quis-pervicacius</strong></span> <span class='ocrx_word' id='word_1_530' title='bbox 1089 5618 1352 5697; x_wconf 64' lang='lat' dir='ltr'><strong>insistat,</strong></span> <span class='ocrx_word' id='word_1_531' title='bbox 1409 5622 1670 5697; x_wconf 80' lang='lat' dir='ltr'><strong>tricisqne</strong></span> <span class='ocrx_word' id='word_1_532' title='bbox 1722 5618 2097 5688; x_wconf 80' lang='lat' dir='ltr'><strong>grammaticis</strong></span> 
     </span>
    </p>
   </div>
   <div class='ocr_carea' id='block_1_81' title="bbox 527 5691 2094 5766">
    <p class='ocr_par' dir='ltr' id='par_1_81' title="bbox 527 5691 2094 5766">
     <span class='ocr_line' id='line_1_82' title="bbox 527 5691 2094 5766; baseline 0 -26"><span class='ocrx_word' id='word_1_533' title='bbox 527 5691 831 5766; x_wconf 74' lang='lat' dir='ltr'><strong>simplicem</strong></span> <span class='ocrx_word' id='word_1_534' title='bbox 877 5703 931 5745; x_wconf 80' lang='lat' dir='ltr'><strong>ct</strong></span> <span class='ocrx_word' id='word_1_535' title='bbox 963 5699 1040 5745; x_wconf 92' lang='lat' dir='ltr'><strong>tot</strong></span> <span class='ocrx_word' id='word_1_536' title='bbox 1057 5693 1192 5766; x_wconf 77' lang='lat' dir='ltr'><strong>aliis</strong></span> <span class='ocrx_word' id='word_1_537' title='bbox 1241 5691 1478 5761; x_wconf 87' lang='lat' dir='ltr'><strong>liturgiis</strong></span> <span class='ocrx_word' id='word_1_538' title='bbox 1519 5706 1832 5766; x_wconf 81' lang='lat' dir='ltr'><strong>expressam</strong></span> <span class='ocrx_word' id='word_1_539' title='bbox 1871 5697 2094 5766; x_wconf 79' lang='lat' dir='ltr'><strong>senten-</strong></span> 
     </span>
    </p>
   </div>
   <div class='ocr_carea' id='block_1_82' title="bbox 528 5761 2096 5830">
    <p class='ocr_par' dir='ltr' id='par_1_82' title="bbox 528 5761 2096 5830">
     <span class='ocr_line' id='line_1_83' title="bbox 528 5761 2096 5830; baseline 0 -22"><span class='ocrx_word' id='word_1_540' title='bbox 528 5761 658 5830; x_wconf 75' lang='lat' dir='ltr'><strong>tiam</strong></span> <span class='ocrx_word' id='word_1_541' title='bbox 687 5775 984 5815; x_wconf 86' lang='lat' dir='ltr'><strong>ooscurare</strong></span> <span class='ocrx_word' id='word_1_542' title='bbox 1016 5762 1240 5823; x_wconf 89' lang='lat' dir='ltr'><strong>nitatur,</strong></span> <span class='ocrx_word' id='word_1_543' title='bbox 1291 5778 1356 5814; x_wconf 84' lang='lat' dir='ltr'><strong>ex</strong></span> <span class='ocrx_word' id='word_1_544' title='bbox 1406 5762 1655 5830; x_wconf 86' lang='lat' dir='ltr'><strong>sequenti</strong></span> <span class='ocrx_word' id='word_1_545' title='bbox 1695 5761 1947 5820; x_wconf 89' lang='lat' dir='ltr'><strong>formula,</strong></span> <span class='ocrx_word' id='word_1_546' title='bbox 1978 5775 2096 5824; x_wconf 77' lang='lat' dir='ltr'><strong>qme</strong></span> 
     </span>
    </p>
   </div>
   <div class='ocr_carea' id='block_1_83' title="bbox 528 5829 2093 5903">
    <p class='ocr_par' dir='ltr' id='par_1_83' title="bbox 528 5829 2093 5903">
     <span class='ocr_line' id='line_1_84' title="bbox 528 5829 2093 5903; baseline 0.008 -22"><span class='ocrx_word' id='word_1_547' title='bbox 528 5829 593 5883; x_wconf 83' lang='lat' dir='ltr'><strong>ad</strong></span> <span class='ocrx_word' id='word_1_548' title='bbox 623 5831 842 5886; x_wconf 67' lang='lat' dir='ltr'><strong>calicem</strong></span> <span class='ocrx_word' id='word_1_549' title='bbox 877 5830 1130 5900; x_wconf 83' lang='lat' dir='ltr'><strong>refertur,</strong></span> <span class='ocrx_word' id='word_1_550' title='bbox 1162 5831 1331 5889; x_wconf 75' lang='lat' dir='ltr'><strong>refelli</strong></span> <span class='ocrx_word' id='word_1_551' title='bbox 1362 5829 1557 5903; x_wconf 66' lang='lat' dir='ltr'><strong>poti-St,</strong></span> <span class='ocrx_word' id='word_1_552' title='bbox 1613 5831 1666 5887; x_wconf 91' lang='lat' dir='ltr'><strong>in</strong></span> <span class='ocrx_word' id='word_1_553' title='bbox 1703 5846 1807 5901; x_wconf 85' lang='lat' dir='ltr'><strong>qua</strong></span> <span class='ocrx_word' id='word_1_554' title='bbox 1841 5839 2093 5893; x_wconf 61' lang='grc' dir='ltr'><strong>γοκτὲἳέ</strong></span> 
     </span>
    </p>
   </div>
   <div class='ocr_carea' id='block_1_84' title="bbox 2183 1926 2828 1989">
    <p class='ocr_par' dir='ltr' id='par_1_84' title="bbox 2183 1926 2828 1989">
     <span class='ocr_line' id='line_1_85' title="bbox 2183 1926 2828 1989; baseline -0.005 -6"><span class='ocrx_word' id='word_1_555' title='bbox 2183 1931 2398 1984; x_wconf 88' lang='lat' dir='ltr'><strong>Patrem</strong></span> <span class='ocrx_word' id='word_1_556' title='bbox 2421 1937 2595 1989; x_wconf 91' lang='lat' dir='ltr'><strong>tuum,</strong></span> <span class='ocrx_word' id='word_1_557' title='bbox 2621 1926 2828 1981; x_wconf 89' lang='lat' dir='ltr'><strong>dicens.</strong></span> 
     </span>
    </p>
   </div>
   <div class='ocr_carea' id='block_1_85' title="bbox 2261 2016 2821 2089">
    <p class='ocr_par' dir='ltr' id='par_1_85' title="bbox 2261 2016 2821 2089">
     <span class='ocr_line' id='line_1_86' title="bbox 2261 2016 2821 2089; baseline -0.005 -15"><span class='ocrx_word' id='word_1_558' title='bbox 2261 2020 2513 2089; x_wconf 81' lang='lat' dir='ltr'><strong>Populus.</strong></span> <span class='ocrx_word' id='word_1_559' title='bbox 2544 2016 2821 2072; x_wconf 81' lang='lat' dir='ltr'><strong>Miserere.</strong></span> 
     </span>
    </p>
   </div>
   <div class='ocr_carea' id='block_1_86' title="bbox 2257 2106 2944 2176">
    <p class='ocr_par' dir='ltr' id='par_1_86' title="bbox 2257 2106 2944 2176">
     <span class='ocr_line' id='line_1_87' title="bbox 2257 2106 2944 2176; baseline -0.009 -11"><span class='ocrx_word' id='word_1_560' title='bbox 2257 2109 2540 2165; x_wconf 85' lang='lat' dir='ltr'><strong>Sacerdos.</strong></span> <span class='ocrx_word' id='word_1_561' title='bbox 2574 2106 2684 2162; x_wconf 88' lang='lat' dir='ltr'><strong>Nos</strong></span> <span class='ocrx_word' id='word_1_562' title='bbox 2706 2119 2944 2176; x_wconf 82' lang='lat' dir='ltr'><strong>quoque.</strong></span> 
     </span>
    </p>
   </div>
   <div class='ocr_carea' id='block_1_87' title="bbox 2256 2196 2968 2270">
    <p class='ocr_par' dir='ltr' id='par_1_87' title="bbox 2256 2196 2968 2270">
     <span class='ocr_line' id='line_1_88' title="bbox 2256 2196 2968 2270; baseline -0.007 -15"><span class='ocrx_word' id='word_1_563' title='bbox 2256 2200 2514 2270; x_wconf 82' lang='lat' dir='ltr'><strong>Populus.</strong></span> <span class='ocrx_word' id='word_1_564' title='bbox 2557 2196 2634 2253; x_wconf 85' lang='lat' dir='ltr'><strong>Te</strong></span> <span class='ocrx_word' id='word_1_565' title='bbox 2662 2196 2968 2252; x_wconf 86' lang='lat' dir='ltr'><strong>laudamus.</strong></span> 
     </span>
    </p>
   </div>
   <div class='ocr_carea' id='block_1_88' title="bbox 2258 2291 2876 2362">
    <p class='ocr_par' dir='ltr' id='par_1_88' title="bbox 2258 2291 2876 2362">
     <span class='ocr_line' id='line_1_89' title="bbox 2258 2291 2876 2362; baseline -0.011 -11"><span class='ocrx_word' id='word_1_566' title='bbox 2258 2294 2538 2351; x_wconf 83' lang='lat' dir='ltr'><strong>Sacerdos.</strong></span> <span class='ocrx_word' id='word_1_567' title='bbox 2577 2291 2876 2362; x_wconf 66' lang='lat' dir='ltr'><strong>Praecipue.</strong></span> 
     </span>
    </p>
   </div>
   <div class='ocr_carea' id='block_1_89' title="bbox 2257 2379 3472 2451">
    <p class='ocr_par' dir='ltr' id='par_1_89' title="bbox 2257 2379 3472 2451">
     <span class='ocr_line' id='line_1_90' title="bbox 2257 2379 3472 2451; baseline -0.008 -7"><span class='ocrx_word' id='word_1_568' title='bbox 2257 2390 2550 2444; x_wconf 85' lang='lat' dir='ltr'><strong>Diaconus.</strong></span> <span class='ocrx_word' id='word_1_569' title='bbox 2590 2385 2764 2451; x_wconf 82' lang='lat' dir='ltr'><strong>Quam</strong></span> <span class='ocrx_word' id='word_1_570' title='bbox 2791 2379 3028 2437; x_wconf 89' lang='lat' dir='ltr'><strong>timenda</strong></span> <span class='ocrx_word' id='word_1_571' title='bbox 3059 2391 3141 2436; x_wconf 89' lang='lat' dir='ltr'><strong>est</strong></span> <span class='ocrx_word' id='word_1_572' title='bbox 3171 2380 3288 2435; x_wconf 65' lang='lat' dir='ltr'><strong>haec</strong></span> <span class='ocrx_word' id='word_1_573' title='bbox 3317 2380 3472 2434; x_wconf 88' lang='lat' dir='ltr'><strong>hora.</strong></span> 
     </span>
    </p>
   </div>
   <div class='ocr_carea' id='block_1_90' title="bbox 2258 2471 3525 2540">
    <p class='ocr_par' dir='ltr' id='par_1_90' title="bbox 2258 2471 3525 2540">
     <span class='ocr_line' id='line_1_91' title="bbox 2258 2471 3525 2540; baseline -0.009 -4"><span class='ocrx_word' id='word_1_574' title='bbox 2258 2479 2516 2536; x_wconf 85' lang='lat' dir='ltr'><strong>Sacerdos</strong></span> <span class='ocrx_word' id='word_1_575' title='bbox 2531 2477 2659 2530; x_wconf 83' lang='lat' dir='ltr'><strong>dicit</strong></span> <span class='ocrx_word' id='word_1_576' title='bbox 2681 2474 3061 2530; x_wconf 82' lang='lat' dir='ltr'><strong>invocationem</strong></span> <span class='ocrx_word' id='word_1_577' title='bbox 3092 2471 3320 2540; x_wconf 80' lang='lat' dir='ltr'><strong>Spiritus</strong></span> <span class='ocrx_word' id='word_1_578' title='bbox 3336 2473 3525 2526; x_wconf 77' lang='lat' dir='ltr'><strong>sancti.</strong></span> 
     </span>
    </p>
   </div>
   <div class='ocr_carea' id='block_1_91' title="bbox 2259 2561 3755 2634">
    <p class='ocr_par' dir='ltr' id='par_1_91' title="bbox 2259 2561 3755 2634">
     <span class='ocr_line' id='line_1_92' title="bbox 2259 2561 3755 2634; baseline -0.007 -6"><span class='ocrx_word' id='word_1_579' title='bbox 2259 2573 2308 2628; x_wconf 83' lang='grc' dir='ltr'>Μ</span> <span class='ocrx_word' id='word_1_580' title='bbox 2316 2569 2687 2628; x_wconf 88' lang='lat' dir='ltr'><strong>isericordiam</strong></span> <span class='ocrx_word' id='word_1_581' title='bbox 2711 2577 2860 2621; x_wconf 83' lang='lat' dir='ltr'><strong>tuam</strong></span> <span class='ocrx_word' id='word_1_582' title='bbox 2883 2566 3128 2620; x_wconf 85' lang='lat' dir='ltr'><strong>obtestor</strong></span> <span class='ocrx_word' id='word_1_583' title='bbox 3143 2572 3198 2619; x_wconf 90' lang='lat' dir='ltr'><strong>et</strong></span> <span class='ocrx_word' id='word_1_584' title='bbox 3220 2564 3504 2634; x_wconf 86' lang='lat' dir='ltr'><strong>deprecor,</strong></span> <span class='ocrx_word' id='word_1_585' title='bbox 3528 2561 3755 2618; x_wconf 82' lang='lat' dir='ltr'><strong>Domine</strong></span> 
     </span>
    </p>
   </div>
   <div class='ocr_carea' id='block_1_92' title="bbox 2189 2654 3754 2723">
    <p class='ocr_par' dir='ltr' id='par_1_92' title="bbox 2189 2654 3754 2723">
     <span class='ocr_line' id='line_1_93' title="bbox 2189 2654 3754 2723; baseline -0.008 -4"><span class='ocrx_word' id='word_1_586' title='bbox 2189 2665 2331 2719; x_wconf 91' lang='lat' dir='ltr'><strong>Deus</strong></span> <span class='ocrx_word' id='word_1_587' title='bbox 2365 2661 2660 2718; x_wconf 86' lang='lat' dir='ltr'><strong>:miserere</strong></span> <span class='ocrx_word' id='word_1_588' title='bbox 2690 2657 2816 2719; x_wconf 87' lang='lat' dir='ltr'><strong>mei,</strong></span> <span class='ocrx_word' id='word_1_589' title='bbox 2850 2665 2903 2710; x_wconf 93' lang='lat' dir='ltr'><strong>et</strong></span> <span class='ocrx_word' id='word_1_590' title='bbox 2924 2654 3141 2710; x_wconf 76' lang='lat' dir='ltr'><strong>effunde</strong></span> <span class='ocrx_word' id='word_1_591' title='bbox 3173 2669 3334 2723; x_wconf 91' lang='lat' dir='ltr'><strong>super</strong></span> <span class='ocrx_word' id='word_1_592' title='bbox 3374 2669 3459 2707; x_wconf 92' lang='lat' dir='ltr'><strong>me</strong></span> <span class='ocrx_word' id='word_1_593' title='bbox 3493 2661 3546 2708; x_wconf 91' lang='lat' dir='ltr'><strong>et</strong></span> <span class='ocrx_word' id='word_1_594' title='bbox 3587 2667 3754 2722; x_wconf 84' lang='lat' dir='ltr'><strong>super</strong></span> 
     </span>
    </p>
   </div>
   <div class='ocr_carea' id='block_1_93' title="bbox 2190 2744 3753 2819">
    <p class='ocr_par' dir='ltr' id='par_1_93' title="bbox 2190 2744 3753 2819">
     <span class='ocr_line' id='line_1_94' title="bbox 2190 2744 3753 2819; baseline -0.007 -8"><span class='ocrx_word' id='word_1_595' title='bbox 2190 2754 2495 2812; x_wconf 87' lang='lat' dir='ltr'><strong>oblationes</strong></span> <span class='ocrx_word' id='word_1_596' title='bbox 2539 2751 2674 2806; x_wconf 85' lang='lat' dir='ltr'><strong>istas</strong></span> <span class='ocrx_word' id='word_1_597' title='bbox 2721 2748 3070 2819; x_wconf 90' lang='lat' dir='ltr'><strong>propositas,</strong></span> <span class='ocrx_word' id='word_1_598' title='bbox 3126 2746 3353 2817; x_wconf 87' lang='lat' dir='ltr'><strong>gratiam</strong></span> <span class='ocrx_word' id='word_1_599' title='bbox 3412 2744 3646 2814; x_wconf 90' lang='lat' dir='ltr'><strong>Spiritus</strong></span> <span class='ocrx_word' id='word_1_600' title='bbox 3675 2745 3753 2800; x_wconf 89' lang='lat' dir='ltr'><strong>tui</strong></span> 
     </span>
    </p>
   </div>
   <div class='ocr_carea' id='block_1_94' title="bbox 2191 2835 3847 2914">
    <p class='ocr_par' dir='ltr' id='par_1_94' title="bbox 2191 2835 3847 2914">
     <span class='ocr_line' id='line_1_95' title="bbox 2191 2835 3847 2914; baseline -0.009 -10"><span class='ocrx_word' id='word_1_601' title='bbox 2191 2847 2364 2905; x_wconf 90' lang='lat' dir='ltr'><strong>sancti</strong></span> <span class='ocrx_word' id='word_1_602' title='bbox 2393 2865 2406 2900; x_wconf 91' lang='lat'><strong>:</strong></span> <span class='ocrx_word' id='word_1_603' title='bbox 2436 2853 2490 2898; x_wconf 91' lang='lat' dir='ltr'><strong>et</strong></span> <span class='ocrx_word' id='word_1_604' title='bbox 2531 2841 2734 2896; x_wconf 87' lang='lat' dir='ltr'><strong>munda</strong></span> <span class='ocrx_word' id='word_1_605' title='bbox 2764 2856 2849 2894; x_wconf 90' lang='lat' dir='ltr'><strong>me</strong></span> <span class='ocrx_word' id='word_1_606' title='bbox 2877 2839 2944 2893; x_wconf 90' lang='lat' dir='ltr'><strong>ab</strong></span> <span class='ocrx_word' id='word_1_607' title='bbox 2972 2837 3230 2892; x_wconf 86' lang='lat' dir='ltr'><strong>omnibus</strong></span> <span class='ocrx_word' id='word_1_608' title='bbox 3261 2837 3488 2892; x_wconf 88' lang='lat' dir='ltr'><strong>maculis</strong></span> <span class='ocrx_word' id='word_1_609' title='bbox 3523 2835 3752 2908; x_wconf 88' lang='lat' dir='ltr'><strong>peccati,</strong></span> <span class='ocrx_word' id='word_1_610' title='bbox 3842 2910 3847 2914; x_wconf 83' lang='lat'><strong>_</strong></span> 
     </span>
    </p>
   </div>
   <div class='ocr_carea' id='block_1_95' title="bbox 2191 2929 3756 2999">
    <p class='ocr_par' dir='ltr' id='par_1_95' title="bbox 2191 2929 3756 2999">
     <span class='ocr_line' id='line_1_96' title="bbox 2191 2929 3756 2999; baseline -0.01 -3"><span class='ocrx_word' id='word_1_611' title='bbox 2191 2950 2245 2996; x_wconf 90' lang='lat' dir='ltr'><strong>et</strong></span> <span class='ocrx_word' id='word_1_612' title='bbox 2275 2938 2523 2994; x_wconf 78' lang='lat' dir='ltr'><strong>contorta</strong></span> <span class='ocrx_word' id='word_1_613' title='bbox 2555 2950 2642 2989; x_wconf 89' lang='lat' dir='ltr'><strong>me</strong></span> <span class='ocrx_word' id='word_1_614' title='bbox 2672 2933 2740 2988; x_wconf 90' lang='lat' dir='ltr'><strong>ad</strong></span> <span class='ocrx_word' id='word_1_615' title='bbox 2777 2930 3144 2987; x_wconf 89' lang='lat' dir='ltr'><strong>ministerium</strong></span> <span class='ocrx_word' id='word_1_616' title='bbox 3178 2929 3283 2983; x_wconf 90' lang='lat' dir='ltr'><strong>hoc</strong></span> <span class='ocrx_word' id='word_1_617' title='bbox 3315 2943 3512 2999; x_wconf 85' lang='lat' dir='ltr'><strong>purum</strong></span> <span class='ocrx_word' id='word_1_618' title='bbox 3545 2934 3600 2983; x_wconf 86' lang='lat' dir='ltr'><strong>et</strong></span> <span class='ocrx_word' id='word_1_619' title='bbox 3628 2942 3756 2982; x_wconf 83' lang='lat' dir='ltr'><strong>san-</strong></span> 
     </span>
    </p>
   </div>
   <div class='ocr_carea' id='block_1_96' title="bbox 2191 3042 2357 3087">
    <p class='ocr_par' dir='ltr' id='par_1_96' title="bbox 2191 3042 2357 3087">
     <span class='ocr_line' id='line_1_97' title="bbox 2191 3042 2357 3087; baseline -0.024 0"><span class='ocrx_word' id='word_1_620' title='bbox 2191 3042 2357 3087; x_wconf 80' lang='lat' dir='ltr'><strong>ctum.</strong></span> 
     </span>
    </p>
   </div>
   <div class='ocr_carea' id='block_1_97' title="bbox 2265 3114 3198 3180">
    <p class='ocr_par' dir='ltr' id='par_1_97' title="bbox 2265 3114 3198 3180">
     <span class='ocr_line' id='line_1_98' title="bbox 2265 3114 3198 3180; baseline -0.013 -1"><span class='ocrx_word' id='word_1_621' title='bbox 2265 3122 2550 3178; x_wconf 86' lang='lat' dir='ltr'><strong>Sacerdos.</strong></span> <span class='ocrx_word' id='word_1_622' title='bbox 2588 3117 2798 3173; x_wconf 83' lang='lat' dir='ltr'><strong>Exaudi</strong></span> <span class='ocrx_word' id='word_1_623' title='bbox 2820 3131 2928 3180; x_wconf 90' lang='lat' dir='ltr'><strong>me,</strong></span> <span class='ocrx_word' id='word_1_624' title='bbox 2951 3114 3198 3169; x_wconf 89' lang='lat' dir='ltr'><strong>Domine.</strong></span> 
     </span>
    </p>
   </div>
   <div class='ocr_carea' id='block_1_98' title="bbox 2263 3207 2966 3282">
    <p class='ocr_par' dir='ltr' id='par_1_98' title="bbox 2263 3207 2966 3282">
     <span class='ocr_line' id='line_1_99' title="bbox 2263 3207 2966 3282; baseline -0.014 -14"><span class='ocrx_word' id='word_1_625' title='bbox 2263 3213 2522 3282; x_wconf 82' lang='lat' dir='ltr'><strong>Populus.</strong></span> <span class='ocrx_word' id='word_1_626' title='bbox 2549 3209 2709 3282; x_wconf 81' lang='lat' dir='ltr'><strong>Kyrie</strong></span> <span class='ocrx_word' id='word_1_627' title='bbox 2740 3207 2966 3263; x_wconf 89' lang='lat' dir='ltr'><strong>eleison.</strong></span> 
     </span>
    </p>
   </div>
   <div class='ocr_carea' id='block_1_99' title="bbox 2262 3296 3760 3372">
    <p class='ocr_par' dir='ltr' id='par_1_99' title="bbox 2262 3296 3760 3372">
     <span class='ocr_line' id='line_1_100' title="bbox 2262 3296 3760 3372; baseline -0.007 -11"><span class='ocrx_word' id='word_1_628' title='bbox 2262 3305 2542 3362; x_wconf 88' lang='lat' dir='ltr'><strong>Sacerdos.</strong></span> <span class='ocrx_word' id='word_1_629' title='bbox 2569 3302 2639 3356; x_wconf 82' lang='lat' dir='ltr'><strong>Ut</strong></span> <span class='ocrx_word' id='word_1_630' title='bbox 2655 3316 2751 3372; x_wconf 86' lang='lat' dir='ltr'><strong>per</strong></span> <span class='ocrx_word' id='word_1_631' title='bbox 2774 3301 3026 3367; x_wconf 89' lang='lat' dir='ltr'><strong>illapsum</strong></span> <span class='ocrx_word' id='word_1_632' title='bbox 3051 3311 3209 3352; x_wconf 91' lang='lat' dir='ltr'><strong>suum</strong></span> <span class='ocrx_word' id='word_1_633' title='bbox 3239 3296 3492 3351; x_wconf 85' lang='lat' dir='ltr'><strong>exhibeat</strong></span> <span class='ocrx_word' id='word_1_634' title='bbox 3505 3296 3638 3368; x_wconf 77' lang='lat'><strong>(28),</strong></span> <span class='ocrx_word' id='word_1_635' title='bbox 3664 3313 3760 3367; x_wconf 73' lang='lat' dir='ltr'><strong>pa~</strong></span> 
     </span>
    </p>
   </div>
   <div class='ocr_carea' id='block_1_100' title="bbox 2191 3387 3758 3470">
    <p class='ocr_par' dir='ltr' id='par_1_100' title="bbox 2191 3387 3758 3470">
     <span class='ocr_line' id='line_1_101' title="bbox 2191 3387 3758 3470; baseline -0.007 -14"><span class='ocrx_word' id='word_1_636' title='bbox 2191 3415 2316 3456; x_wconf 89' lang='lat' dir='ltr'><strong>nem</strong></span> <span class='ocrx_word' id='word_1_637' title='bbox 2343 3398 2564 3470; x_wconf 86' lang='lat' dir='ltr'><strong>quidem</strong></span> <span class='ocrx_word' id='word_1_638' title='bbox 2602 3397 2768 3451; x_wconf 87' lang='lat' dir='ltr'><strong>istum</strong></span> <span class='ocrx_word' id='word_1_639' title='bbox 2793 3433 2808 3460; x_wconf 95' lang='lat'><strong>,</strong></span> <span class='ocrx_word' id='word_1_640' title='bbox 2849 3392 2890 3463; x_wconf 88' lang='lat'><strong>1-</strong></span> <span class='ocrx_word' id='word_1_641' title='bbox 2919 3404 3121 3461; x_wconf 90' lang='lat' dir='ltr'><strong>corpus</strong></span> <span class='ocrx_word' id='word_1_642' title='bbox 3165 3397 3416 3446; x_wconf 87' lang='lat' dir='ltr'><strong>sanctum</strong></span> <span class='ocrx_word' id='word_1_643' title='bbox 3456 3387 3497 3460; x_wconf 87' lang='lat'><strong>1-</strong></span> <span class='ocrx_word' id='word_1_644' title='bbox 3557 3389 3758 3445; x_wconf 79' lang='lat' dir='ltr'><strong>Christi</strong></span> 
     </span>
    </p>
   </div>
   <div class='ocr_carea' id='block_1_101' title="bbox 2191 3487 2583 3559">
    <p class='ocr_par' dir='ltr' id='par_1_101' title="bbox 2191 3487 2583 3559">
     <span class='ocr_line' id='line_1_102' title="bbox 2191 3487 2583 3559; baseline -0.015 -9"><span class='ocrx_word' id='word_1_645' title='bbox 2191 3493 2286 3550; x_wconf 86' lang='lat' dir='ltr'><strong>Dei</strong></span> <span class='ocrx_word' id='word_1_646' title='bbox 2318 3488 2493 3547; x_wconf 86' lang='lat' dir='ltr'><strong>nostri</strong></span> <span class='ocrx_word' id='word_1_647' title='bbox 2522 3487 2583 3559; x_wconf 81' lang='lat'>1-.</span> 
     </span>
    </p>
   </div>
   <div class='ocr_carea' id='block_1_102' title="bbox 2192 3629 3762 3714">
    <p class='ocr_par' dir='ltr' id='par_1_102' title="bbox 2192 3629 3762 3714">
     <span class='ocr_line' id='line_1_103' title="bbox 2192 3629 3762 3714; baseline -0.009 -17"><span class='ocrx_word' id='word_1_648' title='bbox 2192 3642 2357 3714; x_wconf 63' lang='lat' dir='ltr'><strong>faciat</strong></span> <span class='ocrx_word' id='word_1_649' title='bbox 2387 3644 2703 3714; x_wconf 67' lang='lat' dir='ltr'><strong>usurpatur,</strong></span> <span class='ocrx_word' id='word_1_650' title='bbox 2747 3631 3312 3714; x_wconf 73' lang='lat' dir='ltr'><strong>significationemque</strong></span> <span class='ocrx_word' id='word_1_651' title='bbox 3358 3629 3582 3714; x_wconf 74' lang='lat' dir='ltr'><strong>alterius</strong></span> <span class='ocrx_word' id='word_1_652' title='bbox 3613 3630 3762 3686; x_wconf 89' lang='lat' dir='ltr'><strong>vocis</strong></span> 
     </span>
    </p>
   </div>
   <div class='ocr_carea' id='block_1_103' title="bbox 2191 3700 3762 3772">
    <p class='ocr_par' dir='ltr' id='par_1_103' title="bbox 2191 3700 3762 3772">
     <span class='ocr_line' id='line_1_104' title="bbox 2191 3700 3762 3772; baseline -0.01 -4"><span class='ocrx_word' id='word_1_653' title='bbox 2191 3700 2542 3768; x_wconf 59' lang='lat' dir='ltr'><strong>determinat:</strong></span> <span class='ocrx_word' id='word_1_654' title='bbox 2573 3707 2719 3761; x_wconf 90' lang='lat' dir='ltr'><strong>ldem</strong></span> <span class='ocrx_word' id='word_1_655' title='bbox 2751 3700 2896 3758; x_wconf 80' lang='lat' dir='ltr'><strong>enim</strong></span> <span class='ocrx_word' id='word_1_656' title='bbox 2928 3718 3026 3772; x_wconf 90' lang='lat' dir='ltr'><strong>pro</strong></span> <span class='ocrx_word' id='word_1_657' title='bbox 3058 3700 3242 3764; x_wconf 68' lang='lat' dir='ltr'><strong>misto,</strong></span> <span class='ocrx_word' id='word_1_658' title='bbox 3282 3700 3426 3770; x_wconf 90' lang='lat' dir='ltr'><strong>quod</strong></span> <span class='ocrx_word' id='word_1_659' title='bbox 3461 3701 3602 3772; x_wconf 78' lang='lat' dir='ltr'><strong>calix</strong></span> <span class='ocrx_word' id='word_1_660' title='bbox 3630 3715 3762 3772; x_wconf 47' lang='lat' dir='ltr'><strong>conf</strong></span> 
     </span>
    </p>
   </div>
   <div class='ocr_carea' id='block_1_104' title="bbox 2192 3771 3760 3850">
    <p class='ocr_par' dir='ltr' id='par_1_104' title="bbox 2192 3771 3760 3850">
     <span class='ocr_line' id='line_1_105' title="bbox 2192 3771 3760 3850; baseline -0.01 -13"><span class='ocrx_word' id='word_1_661' title='bbox 2192 3786 2348 3846; x_wconf 90' lang='lat' dir='ltr'><strong>tinet,</strong></span> <span class='ocrx_word' id='word_1_662' title='bbox 2373 3779 2682 3850; x_wconf 83' lang='lat' dir='ltr'><strong>postulatur</strong></span> <span class='ocrx_word' id='word_1_663' title='bbox 2721 3771 3068 3850; x_wconf 66' lang='lat' dir='ltr'><strong>miraculum,</strong></span> <span class='ocrx_word' id='word_1_664' title='bbox 3103 3788 3166 3850; x_wconf 83' lang='lat' dir='ltr'><strong>a_c_</strong></span> <span class='ocrx_word' id='word_1_665' title='bbox 3189 3787 3285 3841; x_wconf 93' lang='lat' dir='ltr'><strong>pro</strong></span> <span class='ocrx_word' id='word_1_666' title='bbox 3315 3785 3454 3850; x_wconf 85' lang='lat' dir='ltr'><strong>pane</strong></span> <span class='ocrx_word' id='word_1_667' title='bbox 3503 3771 3558 3824; x_wconf 89' lang='lat' dir='ltr'><strong>in</strong></span> <span class='ocrx_word' id='word_1_668' title='bbox 3603 3771 3760 3850; x_wconf 79' lang='lat' dir='ltr'><strong>altari</strong></span> 
     </span>
    </p>
   </div>
   <div class='ocr_carea' id='block_1_105' title="bbox 2191 3841 3761 3924">
    <p class='ocr_par' dir='ltr' id='par_1_105' title="bbox 2191 3841 3761 3924">
     <span class='ocr_line' id='line_1_106' title="bbox 2191 3841 3761 3924; baseline -0.011 -15"><span class='ocrx_word' id='word_1_669' title='bbox 2191 3841 2520 3924; x_wconf 78' lang='lat' dir='ltr'><strong>proposito:</strong></span> <span class='ocrx_word' id='word_1_670' title='bbox 2550 3857 2604 3924; x_wconf 82' lang='lat' dir='ltr'><strong>et</strong></span> <span class='ocrx_word' id='word_1_671' title='bbox 2631 3847 2676 3901; x_wconf 91' lang='lat' dir='ltr'><strong>si</strong></span> <span class='ocrx_word' id='word_1_672' title='bbox 2706 3845 2931 3901; x_wconf 77' lang='lat' dir='ltr'><strong>effectus</strong></span> <span class='ocrx_word' id='word_1_673' title='bbox 2969 3859 3079 3924; x_wconf 76' lang='lat' dir='ltr'><strong>non</strong></span> <span class='ocrx_word' id='word_1_674' title='bbox 3098 3843 3560 3924; x_wconf 28' lang='lat' dir='ltr'><strong>aliuses&#39;trquam.</strong></span> <span class='ocrx_word' id='word_1_675' title='bbox 3587 3849 3646 3893; x_wconf 89' lang='lat' dir='ltr'><strong>ut</strong></span> <span class='ocrx_word' id='word_1_676' title='bbox 3684 3841 3761 3894; x_wconf 90' lang='lat' dir='ltr'><strong>si-</strong></span> 
     </span>
    </p>
   </div>
   <div class='ocr_carea' id='block_1_106' title="bbox 2193 3911 3762 3994">
    <p class='ocr_par' dir='ltr' id='par_1_106' title="bbox 2193 3911 3762 3994">
     <span class='ocr_line' id='line_1_107' title="bbox 2193 3911 3762 3994; baseline -0.01 -16"><span class='ocrx_word' id='word_1_677' title='bbox 2193 3911 2411 3994; x_wconf 64' lang='lat' dir='ltr'><strong>gnificet</strong></span> <span class='ocrx_word' id='word_1_678' title='bbox 2440 3919 2812 3994; x_wconf 14' lang='lat' dir='ltr'><strong>rdesignetque</strong></span> <span class='ocrx_word' id='word_1_679' title='bbox 2858 3913 3176 3982; x_wconf 87' lang='lat' dir='ltr'><strong>sanguinem</strong></span> <span class='ocrx_word' id='word_1_680' title='bbox 3212 3911 3439 3971; x_wconf 87' lang='lat' dir='ltr'><strong>Christi,</strong></span> <span class='ocrx_word' id='word_1_681' title='bbox 3495 3911 3598 3964; x_wconf 89' lang='lat' dir='ltr'><strong>alia</strong></span> <span class='ocrx_word' id='word_1_682' title='bbox 3609 3926 3762 3994; x_wconf 45' lang='lat' dir='ltr'><strong>nyoce</strong></span> 
     </span>
    </p>
   </div>
   <div class='ocr_carea' id='block_1_107' title="bbox 2194 3980 3762 4056">
    <p class='ocr_par' dir='ltr' id='par_1_107' title="bbox 2194 3980 3762 4056">
     <span class='ocr_line' id='line_1_108' title="bbox 2194 3980 3762 4056; baseline -0.01 -7"><span class='ocrx_word' id='word_1_683' title='bbox 2194 3980 2272 4048; x_wconf 75' lang='grc' dir='ltr'><strong>ὗῑί</strong></span> <span class='ocrx_word' id='word_1_684' title='bbox 2301 3980 2816 4056; x_wconf 69' lang='lat' dir='ltr'><strong>debebantliturgia:</strong></span> <span class='ocrx_word' id='word_1_685' title='bbox 2844 3980 3117 4056; x_wconf 78' lang='lat' dir='ltr'><strong>auctores,</strong></span> <span class='ocrx_word' id='word_1_686' title='bbox 3141 3996 3302 4051; x_wconf 87' lang='lat' dir='ltr'><strong>quam</strong></span> <span class='ocrx_word' id='word_1_687' title='bbox 3335 3997 3396 4035; x_wconf 89' lang='lat' dir='ltr'><strong>ea</strong></span> <span class='ocrx_word' id='word_1_688' title='bbox 3421 3996 3539 4050; x_wconf 74' lang='lat' dir='ltr'><strong>qua:</strong></span> <span class='ocrx_word' id='word_1_689' title='bbox 3569 3980 3762 4056; x_wconf 75' lang='lat' dir='ltr'><strong>efﬁcere</strong></span> 
     </span>
    </p>
   </div>
   <div class='ocr_carea' id='block_1_108' title="bbox 2193 4051 3755 4136">
    <p class='ocr_par' dir='ltr' id='par_1_108' title="bbox 2193 4051 3755 4136">
     <span class='ocr_line' id='line_1_109' title="bbox 2193 4051 3755 4136; baseline -0.011 -18"><span class='ocrx_word' id='word_1_690' title='bbox 2193 4064 2506 4136; x_wconf 80' lang='lat' dir='ltr'><strong>significat.__</strong></span> <span class='ocrx_word' id='word_1_691' title='bbox 2531 4058 2588 4136; x_wconf 89' lang='lat' dir='ltr'><strong>Si</strong></span> <span class='ocrx_word' id='word_1_692' title='bbox 2631 4051 2758 4136; x_wconf 67' lang='lat' dir='ltr'><strong>rere</strong></span> <span class='ocrx_word' id='word_1_693' title='bbox 2813 4054 3044 4108; x_wconf 82' lang='lat' dir='ltr'><strong>eﬂicitur</strong></span> <span class='ocrx_word' id='word_1_694' title='bbox 3085 4067 3294 4133; x_wconf 82' lang='lat' dir='ltr'><strong>merum</strong></span> <span class='ocrx_word' id='word_1_695' title='bbox 3337 4067 3476 4136; x_wconf 62' lang='lat' dir='ltr'><strong>aqua</strong></span> <span class='ocrx_word' id='word_1_696' title='bbox 3512 4051 3755 4109; x_wconf 89' lang='lat' dir='ltr'><strong>mistmn,</strong></span> 
     </span>
    </p>
   </div>
   <div class='ocr_carea' id='block_1_109' title="bbox 2191 4122 3759 4203">
    <p class='ocr_par' dir='ltr' id='par_1_109' title="bbox 2191 4122 3759 4203">
     <span class='ocr_line' id='line_1_110' title="bbox 2191 4122 3759 4203; baseline -0.011 -13"><span class='ocrx_word' id='word_1_697' title='bbox 2191 4122 2416 4203; x_wconf 65' lang='lat' dir='ltr'><strong>sanguis</strong></span> <span class='ocrx_word' id='word_1_698' title='bbox 2449 4129 2675 4203; x_wconf 73' lang='lat' dir='ltr'><strong>(_Jhristi,</strong></span> <span class='ocrx_word' id='word_1_699' title='bbox 2704 4139 2832 4203; x_wconf 77' lang='lat' dir='ltr'><strong>vere</strong></span> <span class='ocrx_word' id='word_1_700' title='bbox 2877 4139 3094 4194; x_wconf 87' lang='lat' dir='ltr'><strong>quoque</strong></span> <span class='ocrx_word' id='word_1_701' title='bbox 3124 4124 3282 4192; x_wconf 86' lang='lat' dir='ltr'><strong>panis</strong></span> <span class='ocrx_word' id='word_1_702' title='bbox 3309 4122 3534 4203; x_wconf 72' lang='lat' dir='ltr'><strong>edicitur</strong></span> <span class='ocrx_word' id='word_1_703' title='bbox 3555 4135 3759 4203; x_wconf 76' lang='lat' dir='ltr'><strong>corpus</strong></span> 
     </span>
    </p>
   </div>
   <div class='ocr_carea' id='block_1_110' title="bbox 2192 4194 3755 4269">
    <p class='ocr_par' dir='ltr' id='par_1_110' title="bbox 2192 4194 3755 4269">
     <span class='ocr_line' id='line_1_111' title="bbox 2192 4194 3755 4269; baseline -0.011 -9"><span class='ocrx_word' id='word_1_704' title='bbox 2192 4194 2418 4260; x_wconf 66' lang='lat' dir='ltr'><strong>Christi.</strong></span> <span class='ocrx_word' id='word_1_705' title='bbox 2462 4199 2651 4269; x_wconf 89' lang='lat' dir='ltr'><strong>Itaque</strong></span> <span class='ocrx_word' id='word_1_706' title='bbox 2702 4195 2927 4269; x_wconf 79' lang='lat' dir='ltr'><strong>dubium</strong></span> <span class='ocrx_word' id='word_1_707' title='bbox 2985 4194 3513 4269; x_wconf 75' lang='lat' dir='ltr'><strong>superessenullunt</strong></span> <span class='ocrx_word' id='word_1_708' title='bbox 3556 4199 3755 4258; x_wconf 84' lang='lat' dir='ltr'><strong>potest,</strong></span> 
     </span>
    </p>
   </div>
   <div class='ocr_carea' id='block_1_111' title="bbox 2191 4263 3760 4345">
    <p class='ocr_par' dir='ltr' id='par_1_111' title="bbox 2191 4263 3760 4345">
     <span class='ocr_line' id='line_1_112' title="bbox 2191 4263 3760 4345; baseline -0.008 -18"><span class='ocrx_word' id='word_1_709' title='bbox 2191 4276 2323 4345; x_wconf 91' lang='lat' dir='ltr'><strong>quin</strong></span> <span class='ocrx_word' id='word_1_710' title='bbox 2357 4263 2586 4345; x_wconf 75' lang='lat' dir='ltr'><strong>utraque</strong></span> <span class='ocrx_word' id='word_1_711' title='bbox 2615 4266 3017 4345; x_wconf 49' lang='lat' dir='ltr'><strong>vox._ndivcrsa3</strong></span> <span class='ocrx_word' id='word_1_712' title='bbox 3050 4265 3175 4345; x_wconf 73' lang='lat' dir='ltr'><strong>licet</strong></span> <span class='ocrx_word' id='word_1_713' title='bbox 3211 4263 3438 4345; x_wconf 73' lang='lat' dir='ltr'><strong>originis</strong></span> <span class='ocrx_word' id='word_1_714' title='bbox 3469 4267 3522 4314; x_wconf 91' lang='lat' dir='ltr'><strong>et</strong></span> <span class='ocrx_word' id='word_1_715' title='bbox 3551 4270 3760 4345; x_wconf 57' lang='lat' dir='ltr'><strong>etvnto-</strong></span> 
     </span>
    </p>
   </div>
   <div class='ocr_carea' id='block_1_112' title="bbox 2193 4330 3758 4409">
    <p class='ocr_par' dir='ltr' id='par_1_112' title="bbox 2193 4330 3758 4409">
     <span class='ocr_line' id='line_1_113' title="bbox 2193 4330 3758 4409; baseline -0.013 -7"><span class='ocrx_word' id='word_1_716' title='bbox 2193 4330 2367 4409; x_wconf 64' lang='lat' dir='ltr'><strong>liigite,</strong></span> <span class='ocrx_word' id='word_1_717' title='bbox 2399 4330 2588 4397; x_wconf 51' lang='lat' dir='ltr'><strong>eod-em</strong></span> <span class='ocrx_word' id='word_1_718' title='bbox 2620 4335 2928 4409; x_wconf 78' lang='lat' dir='ltr'><strong>significatu</strong></span> <span class='ocrx_word' id='word_1_719' title='bbox 2949 4333 3272 4409; x_wconf 80' lang='lat' dir='ltr'><strong>accipienda</strong></span> <span class='ocrx_word' id='word_1_720' title='bbox 3303 4330 3379 4386; x_wconf 69' lang='lat' dir='ltr'><strong>sit</strong></span> <span class='ocrx_word' id='word_1_721' title='bbox 3402 4331 3606 4409; x_wconf 73' lang='lat' dir='ltr'><strong>:quodi</strong></span> <span class='ocrx_word' id='word_1_722' title='bbox 3627 4330 3758 4383; x_wconf 89' lang='lat' dir='ltr'><strong>tiam</strong></span> 
     </span>
    </p>
   </div>
   <div class='ocr_carea' id='block_1_113' title="bbox 2194 4402 3761 4476">
    <p class='ocr_par' dir='ltr' id='par_1_113' title="bbox 2194 4402 3761 4476">
     <span class='ocr_line' id='line_1_114' title="bbox 2194 4402 3761 4476; baseline -0.011 -5"><span class='ocrx_word' id='word_1_723' title='bbox 2194 4402 2470 4471; x_wconf 53' lang='lat' dir='ltr'><strong>variarum</strong></span> <span class='ocrx_word' id='word_1_724' title='bbox 2505 4402 2736 4465; x_wconf 74' lang='lat' dir='ltr'><strong>aliarum</strong></span> <span class='ocrx_word' id='word_1_725' title='bbox 2780 4405 3125 4476; x_wconf 85' lang='lat' dir='ltr'><strong>liturgiarum</strong></span> <span class='ocrx_word' id='word_1_726' title='bbox 3179 4417 3484 4458; x_wconf 88' lang='lat' dir='ltr'><strong>consensus</strong></span> <span class='ocrx_word' id='word_1_727' title='bbox 3535 4402 3761 4455; x_wconf 84' lang='lat' dir='ltr'><strong>demon-</strong></span> 
     </span>
    </p>
   </div>
   <div class='ocr_carea' id='block_1_114' title="bbox 2193 4494 2352 4542">
    <p class='ocr_par' dir='ltr' id='par_1_114' title="bbox 2193 4494 2352 4542">
     <span class='ocr_line' id='line_1_115' title="bbox 2193 4494 2352 4542; baseline -0.031 0"><span class='ocrx_word' id='word_1_728' title='bbox 2193 4494 2352 4542; x_wconf 86' lang='lat' dir='ltr'><strong>strat.</strong></span> 
     </span>
    </p>
   </div>
   <div class='ocr_carea' id='block_1_115' title="bbox 2266 4540 3761 4610">
    <p class='ocr_par' dir='ltr' id='par_1_115' title="bbox 2266 4540 3761 4610">
     <span class='ocr_line' id='line_1_116' title="bbox 2266 4540 3761 4610; baseline -0.011 -2"><span class='ocrx_word' id='word_1_729' title='bbox 2266 4556 2324 4610; x_wconf 95' lang='lat' dir='ltr'><strong>ln</strong></span> <span class='ocrx_word' id='word_1_730' title='bbox 2370 4552 2614 4607; x_wconf 79' lang='lat' dir='ltr'><strong>Romana</strong></span> <span class='ocrx_word' id='word_1_731' title='bbox 2647 4547 2888 4604; x_wconf 87' lang='lat' dir='ltr'><strong>editione</strong></span> <span class='ocrx_word' id='word_1_732' title='bbox 2937 4545 3113 4600; x_wconf 89' lang='lat' dir='ltr'><strong>forma</strong></span> <span class='ocrx_word' id='word_1_733' title='bbox 3157 4540 3524 4598; x_wconf 88' lang='lat' dir='ltr'><strong>lnvocationis</strong></span> <span class='ocrx_word' id='word_1_734' title='bbox 3555 4540 3761 4608; x_wconf 79' lang='lat' dir='ltr'><strong>integra</strong></span> 
     </span>
    </p>
   </div>
   <div class='ocr_carea' id='block_1_116' title="bbox 2194 4612 3759 4687">
    <p class='ocr_par' dir='ltr' id='par_1_116' title="bbox 2194 4612 3759 4687">
     <span class='ocr_line' id='line_1_117' title="bbox 2194 4612 3759 4687; baseline -0.012 -6"><span class='ocrx_word' id='word_1_735' title='bbox 2194 4627 2382 4681; x_wconf 86' lang='lat' dir='ltr'><strong>relicta</strong></span> <span class='ocrx_word' id='word_1_736' title='bbox 2411 4630 2515 4687; x_wconf 87' lang='lat' dir='ltr'><strong>est,</strong></span> <span class='ocrx_word' id='word_1_737' title='bbox 2555 4637 2620 4676; x_wconf 92' lang='lat' dir='ltr'><strong>eo</strong></span> <span class='ocrx_word' id='word_1_738' title='bbox 2653 4621 2829 4674; x_wconf 92' lang='lat' dir='ltr'><strong>solum</strong></span> <span class='ocrx_word' id='word_1_739' title='bbox 2871 4632 2901 4671; x_wconf 92' lang='lat' dir='ltr'><strong>a</strong></span> <span class='ocrx_word' id='word_1_740' title='bbox 2931 4615 3216 4687; x_wconf 81' lang='lat' dir='ltr'><strong>codicibus</strong></span> <span class='ocrx_word' id='word_1_741' title='bbox 3240 4629 3375 4668; x_wconf 91' lang='lat' dir='ltr'><strong>mss.</strong></span> <span class='ocrx_word' id='word_1_742' title='bbox 3418 4612 3759 4687; x_wconf 80' lang='lat' dir='ltr'><strong>discrimine,</strong></span> 
     </span>
    </p>
   </div>
   <div class='ocr_carea' id='block_1_117' title="bbox 2193 4682 3763 4768">
    <p class='ocr_par' dir='ltr' id='par_1_117' title="bbox 2193 4682 3763 4768">
     <span class='ocr_line' id='line_1_118' title="bbox 2193 4682 3763 4768; baseline -0.012 -17"><span class='ocrx_word' id='word_1_743' title='bbox 2193 4698 2339 4768; x_wconf 90' lang='lat' dir='ltr'><strong>quod</strong></span> <span class='ocrx_word' id='word_1_744' title='bbox 2367 4697 2422 4750; x_wconf 90' lang='lat' dir='ltr'><strong>in</strong></span> <span class='ocrx_word' id='word_1_745' title='bbox 2444 4682 2672 4768; x_wconf 78' lang='lat' dir='ltr'><strong>utraque</strong></span> <span class='ocrx_word' id='word_1_746' title='bbox 2703 4688 2947 4768; x_wconf 78' lang='lat' dir='ltr'><strong>periodo,</strong></span> <span class='ocrx_word' id='word_1_747' title='bbox 2984 4694 3093 4739; x_wconf 90' lang='lat' dir='ltr'><strong>tam</strong></span> <span class='ocrx_word' id='word_1_748' title='bbox 3123 4685 3271 4768; x_wconf 81' lang='lat' dir='ltr'><strong>in_ea</strong></span> <span class='ocrx_word' id='word_1_749' title='bbox 3298 4699 3421 4768; x_wconf 72' lang='lat' dir='ltr'><strong>qua:</strong></span> <span class='ocrx_word' id='word_1_750' title='bbox 3454 4682 3545 4768; x_wconf 13' lang='lat' dir='ltr'><strong>ad,</strong></span> <span class='ocrx_word' id='word_1_751' title='bbox 3570 4695 3763 4768; x_wconf 73' lang='lat' dir='ltr'><strong>panem</strong></span> 
     </span>
    </p>
   </div>
   <div class='ocr_carea' id='block_1_118' title="bbox 2195 4755 3765 4837">
    <p class='ocr_par' dir='ltr' id='par_1_118' title="bbox 2195 4755 3765 4837">
     <span class='ocr_line' id='line_1_119' title="bbox 2195 4755 3765 4837; baseline -0.013 -15"><span class='ocrx_word' id='word_1_752' title='bbox 2195 4755 2425 4837; x_wconf 71' lang='lat' dir='ltr'><strong>spectat,</strong></span> <span class='ocrx_word' id='word_1_753' title='bbox 2462 4755 2624 4833; x_wconf 82' lang='lat' dir='ltr'><strong>quam</strong></span> <span class='ocrx_word' id='word_1_754' title='bbox 2658 4755 2721 4814; x_wconf 73' lang='lat' dir='ltr'><strong>iii</strong></span> <span class='ocrx_word' id='word_1_755' title='bbox 2745 4761 2942 4837; x_wconf 68' lang='lat' dir='ltr'><strong>altera,</strong></span> <span class='ocrx_word' id='word_1_756' title='bbox 2983 4770 3104 4837; x_wconf 75' lang='lat' dir='ltr'><strong>qua:</strong></span> <span class='ocrx_word' id='word_1_757' title='bbox 3132 4755 3452 4837; x_wconf 72' lang='lat' dir='ltr'><strong>adcalicem</strong></span> <span class='ocrx_word' id='word_1_758' title='bbox 3476 4793 3494 4819; x_wconf 92' lang='lat'><strong>,</strong></span> <span class='ocrx_word' id='word_1_759' title='bbox 3524 4755 3765 4837; x_wconf 83' lang='lat' dir='ltr'><strong>occurrit</strong></span> 
     </span>
    </p>
   </div>
   <div class='ocr_carea' id='block_1_119' title="bbox 2195 4824 3762 4899">
    <p class='ocr_par' dir='ltr' id='par_1_119' title="bbox 2195 4824 3762 4899">
     <span class='ocr_line' id='line_1_120' title="bbox 2195 4824 3762 4899; baseline -0.012 -6"><span class='ocrx_word' id='word_1_760' title='bbox 2195 4824 2300 4892; x_wconf 54' lang='lat' dir='ltr'><strong>v&#39;ox</strong></span> <span class='ocrx_word' id='word_1_761' title='bbox 2328 4824 2517 4892; x_wconf 80' lang='lat' dir='ltr'><strong>eadem</strong></span> <span class='ocrx_word' id='word_1_762' title='bbox 2547 4841 2692 4892; x_wconf 63' lang='grc' dir='ltr'><strong>κτα.</strong></span> <span class='ocrx_word' id='word_1_763' title='bbox 2725 4836 2808 4884; x_wconf 87' lang='lat' dir='ltr'><strong>An</strong></span> <span class='ocrx_word' id='word_1_764' title='bbox 2834 4829 2908 4882; x_wconf 89' lang='lat' dir='ltr'><strong>ita</strong></span> <span class='ocrx_word' id='word_1_765' title='bbox 2932 4824 3224 4899; x_wconf 84' lang='lat' dir='ltr'><strong>habuerint</strong></span> <span class='ocrx_word' id='word_1_766' title='bbox 3263 4824 3482 4878; x_wconf 89' lang='lat' dir='ltr'><strong>codices</strong></span> <span class='ocrx_word' id='word_1_767' title='bbox 3523 4837 3658 4876; x_wconf 88' lang='lat' dir='ltr'><strong>mss.</strong></span> <span class='ocrx_word' id='word_1_768' title='bbox 3696 4835 3762 4899; x_wconf 53' lang='lat' dir='ltr'><strong>es</strong></span> 
     </span>
    </p>
   </div>
   <div class='ocr_carea' id='block_1_120' title="bbox 2195 4888 3764 4978">
    <p class='ocr_par' dir='ltr' id='par_1_120' title="bbox 2195 4888 3764 4978">
     <span class='ocr_line' id='line_1_121' title="bbox 2195 4888 3764 4978; baseline -0.015 -13"><span class='ocrx_word' id='word_1_769' title='bbox 2195 4888 2773 4978; x_wconf 32' lang='lat' dir='ltr'><strong>quibus:ed_itio_&#39;f_acta</strong></span> <span class='ocrx_word' id='word_1_770' title='bbox 2803 4906 2927 4978; x_wconf 46' lang='lat' dir='ltr'><strong>est,‘</strong></span> <span class='ocrx_word' id='word_1_771' title='bbox 2943 4898 3126 4978; x_wconf 78' lang='lat' dir='ltr'><strong>dicere</strong></span> <span class='ocrx_word' id='word_1_772' title='bbox 3165 4911 3274 4950; x_wconf 90' lang='lat' dir='ltr'><strong>non</strong></span> <span class='ocrx_word' id='word_1_773' title='bbox 3330 4907 3624 4978; x_wconf 49' lang='lat' dir='ltr'><strong>possutritrs</strong></span> <span class='ocrx_word' id='word_1_774' title='bbox 3657 4909 3669 4944; x_wconf 91' lang='lat'><strong>:</strong></span> <span class='ocrx_word' id='word_1_775' title='bbox 3711 4888 3764 4942; x_wconf 89' lang='lat' dir='ltr'><strong>id</strong></span> 
     </span>
    </p>
   </div>
   <div class='ocr_carea' id='block_1_121' title="bbox 2197 4961 3758 5040">
    <p class='ocr_par' dir='ltr' id='par_1_121' title="bbox 2197 4961 3758 5040">
     <span class='ocr_line' id='line_1_122' title="bbox 2197 4961 3758 5040; baseline -0.013 -7"><span class='ocrx_word' id='word_1_776' title='bbox 2197 4961 2388 5033; x_wconf 51' lang='lat' dir='ltr'><strong>altilem</strong></span> <span class='ocrx_word' id='word_1_777' title='bbox 2401 4975 2559 5031; x_wconf 88' lang='lat' dir='ltr'><strong>facile</strong></span> <span class='ocrx_word' id='word_1_778' title='bbox 2587 4973 2709 5029; x_wconf 87' lang='lat' dir='ltr'><strong>fuit.</strong></span> <span class='ocrx_word' id='word_1_779' title='bbox 2736 4987 2861 5026; x_wconf 89' lang='lat' dir='ltr'><strong>cum</strong></span> <span class='ocrx_word' id='word_1_780' title='bbox 2895 4967 3016 5040; x_wconf 83' lang='lat' dir='ltr'><strong>Syri</strong></span> <span class='ocrx_word' id='word_1_781' title='bbox 3040 4973 3271 5040; x_wconf 80' lang='lat' dir='ltr'><strong>utraque</strong></span> <span class='ocrx_word' id='word_1_782' title='bbox 3296 4961 3758 5040; x_wconf 75' lang='lat' dir='ltr'><strong>voce_ind_iffer_en-</strong></span> 
     </span>
    </p>
   </div>
   <div class='ocr_carea' id='block_1_122' title="bbox 2196 5031 3763 5114">
    <p class='ocr_par' dir='ltr' id='par_1_122' title="bbox 2196 5031 3763 5114">
     <span class='ocr_line' id='line_1_123' title="bbox 2196 5031 3763 5114; baseline -0.013 -10"><span class='ocrx_word' id='word_1_783' title='bbox 2196 5031 2284 5104; x_wconf 51' lang='lat' dir='ltr'><strong>ie}</strong></span> <span class='ocrx_word' id='word_1_784' title='bbox 2303 5031 2380 5102; x_wconf 78' lang='lat' dir='ltr'><strong>uti</strong></span> <span class='ocrx_word' id='word_1_785' title='bbox 2409 5047 2640 5102; x_wconf 87' lang='lat' dir='ltr'><strong>soleant.</strong></span> <span class='ocrx_word' id='word_1_786' title='bbox 2662 5113 2669 5114; x_wconf 15' lang='grc' dir='ltr'>ί</span> <span class='ocrx_word' id='word_1_787' title='bbox 2690 5041 2890 5114; x_wconf 69' lang='lat' dir='ltr'><strong>verum</strong></span> <span class='ocrx_word' id='word_1_788' title='bbox 2923 5031 3220 5114; x_wconf 59' lang='lat' dir='ltr'><strong>s&#39;i_qu_ide_t_it</strong></span> <span class='ocrx_word' id='word_1_789' title='bbox 3255 5033 3611 5114; x_wconf 68' lang='lat' dir='ltr'><strong>emendandae</strong></span> <span class='ocrx_word' id='word_1_790' title='bbox 3648 5031 3763 5114; x_wconf 35' lang='lat' dir='ltr'><strong>fuci</strong></span> 
     </span>
    </p>
   </div>
   <div class='ocr_carea' id='block_1_123' title="bbox 2199 5107 3764 5174">
    <p class='ocr_par' dir='ltr' id='par_1_123' title="bbox 2199 5107 3764 5174">
     <span class='ocr_line' id='line_1_124' title="bbox 2199 5107 3764 5174; baseline -0.014 0"><span class='ocrx_word' id='word_1_791' title='bbox 2199 5129 2328 5174; x_wconf 89' lang='lat' dir='ltr'><strong>runt</strong></span> <span class='ocrx_word' id='word_1_792' title='bbox 2356 5119 2412 5172; x_wconf 90' lang='lat' dir='ltr'><strong>in</strong></span> <span class='ocrx_word' id='word_1_793' title='bbox 2443 5115 2579 5172; x_wconf 93' lang='lat' dir='ltr'><strong>locis</strong></span> <span class='ocrx_word' id='word_1_794' title='bbox 2603 5113 2728 5168; x_wconf 86' lang='lat' dir='ltr'><strong>aliis</strong></span> <span class='ocrx_word' id='word_1_795' title='bbox 2754 5107 3120 5166; x_wconf 75' lang='lat' dir='ltr'><strong>lnvocationis</strong></span> <span class='ocrx_word' id='word_1_796' title='bbox 3163 5107 3428 5168; x_wconf 56' lang='lat' dir='ltr'><strong>formula},</strong></span> <span class='ocrx_word' id='word_1_797' title='bbox 3460 5107 3516 5158; x_wconf 92' lang='lat' dir='ltr'><strong>in</strong></span> <span class='ocrx_word' id='word_1_798' title='bbox 3547 5107 3676 5165; x_wconf 88' lang='lat' dir='ltr'><strong>ista,</strong></span> <span class='ocrx_word' id='word_1_799' title='bbox 3705 5107 3764 5154; x_wconf 88' lang='lat' dir='ltr'><strong>ut</strong></span> 
     </span>
    </p>
   </div>
   <div class='ocr_carea' id='block_1_124' title="bbox 2200 5175 3761 5253">
    <p class='ocr_par' dir='ltr' id='par_1_124' title="bbox 2200 5175 3761 5253">
     <span class='ocr_line' id='line_1_125' title="bbox 2200 5175 3761 5253; baseline -0.015 -7"><span class='ocrx_word' id='word_1_800' title='bbox 2200 5191 2255 5245; x_wconf 88' lang='lat' dir='ltr'><strong>in</strong></span> <span class='ocrx_word' id='word_1_801' title='bbox 2282 5187 2473 5245; x_wconf 83' lang='lat' dir='ltr'><strong>Jacobi</strong></span> <span class='ocrx_word' id='word_1_802' title='bbox 2522 5186 2763 5252; x_wconf 85' lang='lat' dir='ltr'><strong>liturgia,</strong></span> <span class='ocrx_word' id='word_1_803' title='bbox 2805 5183 2946 5237; x_wconf 91' lang='lat' dir='ltr'><strong>idem</strong></span> <span class='ocrx_word' id='word_1_804' title='bbox 2989 5187 3108 5235; x_wconf 87' lang='lat' dir='ltr'><strong>erat</strong></span> <span class='ocrx_word' id='word_1_805' title='bbox 3140 5175 3543 5253; x_wconf 79' lang='lat' dir='ltr'><strong>observandum</strong></span> <span class='ocrx_word' id='word_1_806' title='bbox 3580 5192 3593 5228; x_wconf 93' lang='lat'><strong>:</strong></span> <span class='ocrx_word' id='word_1_807' title='bbox 3636 5185 3761 5253; x_wconf 79' lang='lat' dir='ltr'><strong>nam</strong></span> 
     </span>
    </p>
   </div>
   <div class='ocr_carea' id='block_1_125' title="bbox 2197 5248 3757 5316">
    <p class='ocr_par' dir='ltr' id='par_1_125' title="bbox 2197 5248 3757 5316">
     <span class='ocr_line' id='line_1_126' title="bbox 2197 5248 3757 5316; baseline -0.013 -2"><span class='ocrx_word' id='word_1_808' title='bbox 2197 5269 2454 5316; x_wconf 90' lang='lat' dir='ltr'><strong>constare</strong></span> <span class='ocrx_word' id='word_1_809' title='bbox 2486 5257 2590 5312; x_wconf 87' lang='lat' dir='ltr'><strong>sibi</strong></span> <span class='ocrx_word' id='word_1_810' title='bbox 2614 5248 2811 5309; x_wconf 74' lang='lat' dir='ltr'><strong>debent</strong></span> <span class='ocrx_word' id='word_1_811' title='bbox 2851 5253 2906 5304; x_wconf 90' lang='lat' dir='ltr'><strong>in</strong></span> <span class='ocrx_word' id='word_1_812' title='bbox 2935 5266 2994 5305; x_wconf 87' lang='lat' dir='ltr'><strong>re</strong></span> <span class='ocrx_word' id='word_1_813' title='bbox 3028 5259 3136 5302; x_wconf 88' lang='lat' dir='ltr'><strong>tam</strong></span> <span class='ocrx_word' id='word_1_814' title='bbox 3177 5248 3326 5316; x_wconf 87' lang='lat' dir='ltr'><strong>gravi</strong></span> <span class='ocrx_word' id='word_1_815' title='bbox 3367 5259 3656 5300; x_wconf 91' lang='lat' dir='ltr'><strong>censorum</strong></span> <span class='ocrx_word' id='word_1_816' title='bbox 3675 5248 3757 5311; x_wconf 88' lang='lat' dir='ltr'><strong>ju-</strong></span> 
     </span>
    </p>
   </div>
   <div class='ocr_carea' id='block_1_126' title="bbox 2199 5317 3763 5397">
    <p class='ocr_par' dir='ltr' id='par_1_126' title="bbox 2199 5317 3763 5397">
     <span class='ocr_line' id='line_1_127' title="bbox 2199 5317 3763 5397; baseline -0.015 -10"><span class='ocrx_word' id='word_1_817' title='bbox 2199 5333 2362 5387; x_wconf 85' lang='lat' dir='ltr'><strong>dicia.</strong></span> <span class='ocrx_word' id='word_1_818' title='bbox 2395 5328 2453 5383; x_wconf 91' lang='lat' dir='ltr'><strong>Si</strong></span> <span class='ocrx_word' id='word_1_819' title='bbox 2478 5341 2598 5397; x_wconf 76' lang='lat' dir='ltr'><strong>qua:</strong></span> <span class='ocrx_word' id='word_1_820' title='bbox 2623 5327 2676 5378; x_wconf 91' lang='lat' dir='ltr'><strong>in</strong></span> <span class='ocrx_word' id='word_1_821' title='bbox 2702 5324 2915 5379; x_wconf 87' lang='lat' dir='ltr'><strong>duabus</strong></span> <span class='ocrx_word' id='word_1_822' title='bbox 2936 5321 3048 5397; x_wconf 73' lang='lat' dir='ltr'><strong>illis</strong></span> <span class='ocrx_word' id='word_1_823' title='bbox 3067 5317 3299 5397; x_wconf 84' lang='lat' dir='ltr'><strong>liturgiis</strong></span> <span class='ocrx_word' id='word_1_824' title='bbox 3322 5317 3526 5397; x_wconf 68' lang='lat' dir='ltr'><strong>intacta</strong></span> <span class='ocrx_word' id='word_1_825' title='bbox 3553 5322 3763 5397; x_wconf 72' lang='lat' dir='ltr'><strong>servata</strong></span> 
     </span>
    </p>
   </div>
   <div class='ocr_carea' id='block_1_127' title="bbox 2197 5387 3765 5467">
    <p class='ocr_par' dir='ltr' id='par_1_127' title="bbox 2197 5387 3765 5467">
     <span class='ocr_line' id='line_1_128' title="bbox 2197 5387 3765 5467; baseline -0.015 -9"><span class='ocrx_word' id='word_1_826' title='bbox 2197 5412 2300 5465; x_wconf 86' lang='lat' dir='ltr'><strong>est,</strong></span> <span class='ocrx_word' id='word_1_827' title='bbox 2348 5387 2511 5454; x_wconf 68' lang='lat' dir='ltr'><strong>omni</strong></span> <span class='ocrx_word' id='word_1_828' title='bbox 2543 5397 2750 5451; x_wconf 87' lang='lat' dir='ltr'><strong>erroris</strong></span> <span class='ocrx_word' id='word_1_829' title='bbox 2798 5392 3113 5467; x_wconf 80' lang='lat' dir='ltr'><strong>suspicione</strong></span> <span class='ocrx_word' id='word_1_830' title='bbox 3159 5396 3348 5467; x_wconf 85' lang='lat' dir='ltr'><strong>caret:</strong></span> <span class='ocrx_word' id='word_1_831' title='bbox 3400 5387 3680 5467; x_wconf 73' lang='lat' dir='ltr'><strong>sollicitari</strong></span> <span class='ocrx_word' id='word_1_832' title='bbox 3709 5392 3765 5436; x_wconf 79' lang='lat' dir='ltr'><strong>et</strong></span> 
     </span>
    </p>
   </div>
   <div class='ocr_carea' id='block_1_128' title="bbox 2200 5455 3764 5535">
    <p class='ocr_par' dir='ltr' id='par_1_128' title="bbox 2200 5455 3764 5535">
     <span class='ocr_line' id='line_1_129' title="bbox 2200 5455 3764 5535; baseline -0.012 -10"><span class='ocrx_word' id='word_1_833' title='bbox 2200 5455 2477 5526; x_wconf 79' lang='lat' dir='ltr'><strong>immutari</strong></span> <span class='ocrx_word' id='word_1_834' title='bbox 2528 5469 2648 5520; x_wconf 74' lang='lat' dir='ltr'><strong>alite</strong></span> <span class='ocrx_word' id='word_1_835' title='bbox 2676 5482 2785 5520; x_wconf 90' lang='lat' dir='ltr'><strong>non</strong></span> <span class='ocrx_word' id='word_1_836' title='bbox 2815 5455 3232 5535; x_wconf 75' lang='lat' dir='ltr'><strong>debebant,_aut</strong></span> <span class='ocrx_word' id='word_1_837' title='bbox 3257 5465 3506 5535; x_wconf 78' lang='lat' dir='ltr'><strong>utraque,</strong></span> <span class='ocrx_word' id='word_1_838' title='bbox 3541 5455 3630 5509; x_wconf 89' lang='lat' dir='ltr'><strong>illa</strong></span> <span class='ocrx_word' id='word_1_839' title='bbox 3657 5469 3764 5535; x_wconf 61' lang='lat' dir='ltr'><strong>pne</strong></span> 
     </span>
    </p>
   </div>
   <div class='ocr_carea' id='block_1_129' title="bbox 2199 5529 3764 5605">
    <p class='ocr_par' dir='ltr' id='par_1_129' title="bbox 2199 5529 3764 5605">
     <span class='ocr_line' id='line_1_130' title="bbox 2199 5529 3764 5605; baseline -0.012 -9"><span class='ocrx_word' id='word_1_840' title='bbox 2199 5544 2413 5596; x_wconf 56' lang='lat' dir='ltr'><strong>caeteris</strong></span> <span class='ocrx_word' id='word_1_841' title='bbox 2442 5538 2672 5596; x_wconf 89' lang='lat' dir='ltr'><strong>debebat</strong></span> <span class='ocrx_word' id='word_1_842' title='bbox 2701 5533 3000 5595; x_wconf 88' lang='lat' dir='ltr'><strong>emendari,</strong></span> <span class='ocrx_word' id='word_1_843' title='bbox 3031 5546 3095 5585; x_wconf 89' lang='lat' dir='ltr'><strong>ea</strong></span> <span class='ocrx_word' id='word_1_844' title='bbox 3119 5529 3660 5605; x_wconf 31' lang='lat' dir='ltr'><strong>ipsaurationengua:</strong></span> <span class='ocrx_word' id='word_1_845' title='bbox 3684 5529 3764 5605; x_wconf 58' lang='lat' dir='ltr'><strong>ip:</strong></span> 
     </span>
    </p>
   </div>
   <div class='ocr_carea' id='block_1_130' title="bbox 2199 5597 3764 5670">
    <p class='ocr_par' dir='ltr' id='par_1_130' title="bbox 2199 5597 3764 5670">
     <span class='ocr_line' id='line_1_131' title="bbox 2199 5597 3764 5670; baseline -0.012 -4"><span class='ocrx_word' id='word_1_846' title='bbox 2199 5628 2339 5670; x_wconf 87' lang='lat' dir='ltr'><strong>sam.</strong></span> <span class='ocrx_word' id='word_1_847' title='bbox 2375 5618 2431 5663; x_wconf 90' lang='lat' dir='ltr'><strong>ut</strong></span> <span class='ocrx_word' id='word_1_848' title='bbox 2455 5608 2747 5663; x_wconf 86' lang='lat' dir='ltr'><strong>verisimile</strong></span> <span class='ocrx_word' id='word_1_849' title='bbox 2777 5614 2883 5667; x_wconf 88' lang='lat' dir='ltr'><strong>est,</strong></span> <span class='ocrx_word' id='word_1_850' title='bbox 2904 5619 2932 5654; x_wconf 87' lang='lat' dir='ltr'><strong>a</strong></span> <span class='ocrx_word' id='word_1_851' title='bbox 2952 5597 3186 5656; x_wconf 77' lang='lat' dir='ltr'><strong>censura</strong></span> <span class='ocrx_word' id='word_1_852' title='bbox 3217 5598 3483 5653; x_wconf 86' lang='lat' dir='ltr'><strong>liberavit.</strong></span> <span class='ocrx_word' id='word_1_853' title='bbox 3508 5597 3640 5670; x_wconf 85' lang='lat' dir='ltr'><strong>Nam</strong></span> <span class='ocrx_word' id='word_1_854' title='bbox 3673 5597 3764 5664; x_wconf 90' lang='lat' dir='ltr'><strong>qui</strong></span> 
     </span>
    </p>
   </div>
   <div class='ocr_carea' id='block_1_131' title="bbox 2201 5669 3764 5749">
    <p class='ocr_par' dir='ltr' id='par_1_131' title="bbox 2201 5669 3764 5749">
     <span class='ocr_line' id='line_1_132' title="bbox 2201 5669 3764 5749; baseline -0.012 -13"><span class='ocrx_word' id='word_1_855' title='bbox 2201 5669 2335 5736; x_wconf 80' lang='lat' dir='ltr'><strong>voce</strong></span> <span class='ocrx_word' id='word_1_856' title='bbox 2345 5691 2474 5743; x_wconf 66' lang='lat' dir='ltr'><strong>ny,</strong></span> <span class='ocrx_word' id='word_1_857' title='bbox 2493 5694 2613 5749; x_wconf 69' lang='lat' dir='ltr'><strong>quae</strong></span> <span class='ocrx_word' id='word_1_858' title='bbox 2638 5674 3120 5749; x_wconf 75' lang='lat' dir='ltr'><strong>7:0t5i&#39;v_signi_licat,</strong></span> <span class='ocrx_word' id='word_1_859' title='bbox 3145 5671 3337 5749; x_wconf 64' lang='lat' dir='ltr'><strong>offensi</strong></span> <span class='ocrx_word' id='word_1_860' title='bbox 3355 5677 3502 5749; x_wconf 72' lang='lat' dir='ltr'><strong>sunt,</strong></span> <span class='ocrx_word' id='word_1_861' title='bbox 3540 5669 3764 5749; x_wconf 67' lang='lat' dir='ltr'><strong>alteram</strong></span> 
     </span>
    </p>
   </div>
   <div class='ocr_carea' id='block_1_132' title="bbox 2200 5739 3768 5815">
    <p class='ocr_par' dir='ltr' id='par_1_132' title="bbox 2200 5739 3768 5815">
     <span class='ocr_line' id='line_1_133' title="bbox 2200 5739 3768 5815; baseline -0.011 -10"><span class='ocrx_word' id='word_1_862' title='bbox 2200 5765 2304 5813; x_wconf 66' lang='lat' dir='ltr'><strong>mn</strong></span> <span class='ocrx_word' id='word_1_863' title='bbox 2333 5793 2346 5815; x_wconf 93' lang='lat'><strong>,</strong></span> <span class='ocrx_word' id='word_1_864' title='bbox 2381 5739 2649 5813; x_wconf 60' lang='grc' dir='ltr'><strong>ἁῦάδέῖξαι</strong></span> <span class='ocrx_word' id='word_1_865' title='bbox 2681 5747 2823 5811; x_wconf 68' lang='lat' dir='ltr'><strong>aliud</strong></span> <span class='ocrx_word' id='word_1_866' title='bbox 2858 5739 3133 5814; x_wconf 72' lang='lat' dir='ltr'><strong>quidpiam</strong></span> <span class='ocrx_word' id='word_1_867' title='bbox 3164 5741 3455 5811; x_wconf 65' lang='lat' dir='ltr'><strong>significari</strong></span> <span class='ocrx_word' id='word_1_868' title='bbox 3481 5739 3768 5815; x_wconf 49' lang='lat' dir='ltr'><strong>judicavi-f</strong></span> 
     </span>
    </p>
   </div>
   <div class='ocr_carea' id='block_1_133' title="bbox 2203 5810 3766 5891">
    <p class='ocr_par' dir='ltr' id='par_1_133' title="bbox 2203 5810 3766 5891">
     <span class='ocr_line' id='line_1_134' title="bbox 2203 5810 3766 5891; baseline -0.013 -12"><span class='ocrx_word' id='word_1_869' title='bbox 2203 5810 2348 5891; x_wconf 19' lang='lat' dir='ltr'><strong>fllvtll,</strong></span> <span class='ocrx_word' id='word_1_870' title='bbox 2388 5810 2591 5878; x_wconf 79' lang='lat' dir='ltr'><strong>scilicet</strong></span> <span class='ocrx_word' id='word_1_871' title='bbox 2647 5810 2939 5888; x_wconf 71' lang='lat' dir='ltr'><strong>designare,</strong></span> <span class='ocrx_word' id='word_1_872' title='bbox 2995 5810 3386 5878; x_wconf 72' lang='lat' dir='ltr'><strong>demonstrare,</strong></span> <span class='ocrx_word' id='word_1_873' title='bbox 3419 5820 3524 5866; x_wconf 82' lang='lat' dir='ltr'><strong>ctc.</strong></span> <span class='ocrx_word' id='word_1_874' title='bbox 3560 5811 3628 5864; x_wconf 79' lang='lat' dir='ltr'><strong>At</strong></span> <span class='ocrx_word' id='word_1_875' title='bbox 3673 5810 3766 5877; x_wconf 83' lang='lat' dir='ltr'><strong>qui</strong></span> 
     </span>
    </p>
   </div>
  </div>
