4112 6410
371 323 466 382 Ἰυί

438 440 692 509 Populus.
725 441 919 499 Amen.

438 530 714 587 Sacerdos.
741 533 807 586 Et
831 535 1050 589 mistum
1072 535 1217 606 quod
1243 546 1328 594 est
1357 539 1414 594 in
1436 539 1538 595 hoc
1553 539 1744 605 calice,
1761 537 1926 594 faciat

367 625 684 694 sanguinem
716 624 918 680 Christi
940 626 1035 682 Dei
1067 632 1262 690 nostri.

441 716 690 784 Populus.
723 718 915 775 Amen.

437 809 717 864 Sacerdos.
773 810 944 866 Nobis
976 822 1156 867 autem
1207 829 1305 884 per
1350 815 1565 870 illorum
1623 817 1927 886 susceptio-

366 915 514 963 nem,
545 900 634 955 det
669 904 879 957 veniam
901 904 1240 968 delictorum,
1277 908 1650 962 remissionem
1683 920 1927 980 peccato-

369 992 804 1055 rnm,scientiam
835 1011 1014 1049 veram
1060 996 1206 1056 ﬁdei.
1259 999 1543 1068 zelumque
1599 1001 1922 1056 laudabilem

369 1085 667 1154 religionis,
704 1094 755 1140 et
788 1087 1261 1157 participationem
1293 1091 1415 1145 vitae
1449 1099 1684 1148 internis.

437 1175 694 1244 Populus.
717 1179 906 1233 Amen.

439 1267 694 1322 Sacerdos
723 1270 1028 1326 inclinatus.
1060 1272 1157 1334 Da,
1191 1274 1437 1338 Domine,
1471 1275 1727 1331 Ecclesia:
1753 1284 1924 1333 tuzeet

371 1360 692 1426 praesulibus
736 1359 878 1428 ejus,
931 1372 985 1416 ut
1010 1364 1163 1429 juxta
1196 1367 1569 1435 praescriptum
1607 1367 1780 1438 legum
1813 1375 1926 1422 tua-

370 1464 489 1501 rum
518 1465 576 1504 se
606 1459 814 1520 gerant,
845 1454 1099 1510 omnibus
1115 1455 1306 1510 diebus
1333 1456 1454 1510 vitae
1473 1472 1606 1512 sum.

441 1538 664 1595 Elevans
718 1560 911 1601 vocem.
963 1544 1028 1599 Et
1066 1547 1256 1603 oculos
1302 1547 1701 1606 intellectuales
1726 1549 1924 1606 mentis

369 1639 568 1686 nostra:
604 1634 867 1700 illumina,
903 1636 1158 1702 Domine,
1188 1646 1248 1693 ut
1273 1642 1710 1710 contemplemur
1758 1642 1924 1696 mira-

367 1722 487 1774 cula
522 1724 695 1794 legum
731 1734 944 1782 tuarum
973 1729 1277 1786 divinarum
1313 1751 1326 1786 :
1361 1739 1413 1787 et
1437 1748 1465 1786 a
1498 1733 1639 1802 lupis
1669 1734 1925 1804 spiritua-

1801 334 2148 391 LlTURGlA.

1956 456 1999 510 Α
2099 447 2322 500 Elevans
2348 461 2542 500 vocem.
2577 443 2778 498 Eorum
2814 442 2907 512 qui
2940 441 3190 497 doctores
3228 444 3340 499 veri
3369 443 3590 501 fuerunt

3493 332 3592 386 702

2031 537 2285 592 Ecclesiae
2329 544 2436 591 tua:
2481 543 2722 598 sanctze,
2756 542 2810 588 et
2864 548 2894 586 a
2924 534 3332 590 seductionibus
3384 538 3589 593 erroris

2029 643 2146 682 eam
2178 633 2580 688 converterunt,
2605 634 2658 679 et
2687 625 2802 680 vias
2833 632 3010 678 rectas
3051 623 3121 678 ad
3158 626 3322 679 vitam
3366 625 3590 682 immor-
3621 619 3627 628 ’

2029 720 2210 783 talem,
2236 719 2311 772 illi
2341 719 2854 774 demonstraverunt
2881 735 2894 770 :
2928 727 3242 773 numeratos
3265 719 3428 788 igitur
3449 721 3588 777 inter

2029 810 2250 865 ordines
2299 826 2485 864 eorum
2522 809 2606 862 fac
2657 824 2779 872 nos,
2817 815 2876 861 ut
2901 823 3024 862 cum
3057 808 3166 864 illis
3195 817 3250 864 et
3277 810 3419 864 inter
3466 811 3588 868 illos

2028 901 2325 957 referamus
2353 901 2449 954 tibi
2471 901 2720 971 gloriam,
2752 906 2856 954 etc.
3581 880 3586 886 I

2097 994 2351 1062 Populus.
2383 993 2575 1049 Amen.

2098 1085 2354 1140 Sacerdos
2396 1085 2702 1138 inclinatus.
2737 1081 2992 1138 Miserere
3022 1090 3077 1138 et
3116 1097 3300 1153 parce,
3341 1081 3586 1149 Domine,

2029 1191 2124 1246 per
2159 1175 2261 1229 hoc
2311 1174 2664 1235 sacrificium,
2699 1174 2954 1228 omnibus
3000 1173 3278 1228 defunctis
3315 1172 3586 1237 fidelibus,

2029 1269 2123 1339 qui
2159 1267 2368 1337 pridem
2403 1266 2800 1330 decubuerunt,
2829 1281 2952 1320 cum
2985 1281 3081 1335 spe
3110 1274 3223 1330 tua,
3256 1265 3312 1319 iu
3349 1265 3451 1320 ﬁde
3499 1281 3590 1321 or-

2029 1360 2282 1413 thodoxa.

2098 1447 2320 1502 Elevans
2342 1462 2528 1502 vocem.
2547 1445 2747 1501 Omnes
2768 1444 3036 1514 aspiciens
3053 1459 3174 1498 cum
3192 1443 3586 1508 misericordia,

2029 1548 2285 1609 tanquam
2320 1537 2571 1594 conditor
2612 1536 2914 1590 animarum
2946 1542 2998 1590 et
3029 1549 3320 1604 corporum
3351 1535 3584 1589 illorum.

2029 1632 2289 1699 Acceptas
2319 1629 2481 1698 igitur
2505 1627 2644 1681 habe
2669 1627 2805 1681 istas
2828 1627 3153 1690 oblationes,
3206 1641 3327 1696 qua:
3355 1642 3451 1696 pro
3481 1627 3590 1681 illis

2029 1723 2125 1777 tibi
2149 1721 2450 1776 oll‘eruntur
2480 1739 2492 1774 :
2530 1725 2584 1774 et
2615 1726 2808 1788 praesta
2836 1717 2944 1771 illis
2986 1717 3127 1772 bona
3171 1718 3440 1786 promissa
3467 1718 3592 1772 dili-

369 1811 509 1869 libus
541 1817 852 1874 universum
886 1837 1101 1892 gregem
1143 1831 1294 1877 tuum
1329 1838 1636 1880 conserva:
1675 1833 1728 1880 et
1761 1826 1925 1883 simul

2027 1814 2277 1884 gentibus
2325 1810 2603 1866 Christum
2660 1817 2814 1862 tuum
2843 1826 2857 1876 ;
2903 1823 3000 1878 per
3028 1824 3211 1879 quem,
3243 1817 3298 1864 et
3325 1824 3451 1863 cum
3481 1824 3592 1878 quo

364 1903 664 1961 referemus
693 1909 787 1963 tibi
816 1911 1046 1981 gloriam
1077 1921 1130 1966 et
1159 1911 1397 1979 laudem,
1433 1922 1540 1969 etc.

438 1993 692 2065 Populus.
716 2000 908 2056 Amen.
1021 2064 1036 2079 ο

439 2087 699 2146 Sacerdos
739 2093 1044 2149 inclinatus.
1083 2095 1388 2161 Memento,
1448 2095 1692 2162 Domine,
1737 2111 1930 2152 eorum

351 2179 459 2246 qui
493 2181 745 2237 invocant
789 2191 841 2239 te
869 2201 992 2240 cum
1027 2188 1129 2242 lide
1158 2205 1314 2255 vera,
1346 2197 1401 2246 ct
1439 2191 1580 2245 bona
1627 2198 1925 2261 operantur

353 2273 586 2334 propter
613 2284 805 2325 nomen
835 2280 985 2328 tuum
1013 2284 1284 2332 sanctum.

439 2354 661 2414 Elevans
690 2377 883 2419 vocem.
912 2363 1114 2422 Omnes
1142 2385 1356 2438 quoque
1378 2368 1624 2439 reliquos
1667 2369 1929 2426 orthodo-

363 2463 466 2501 χοε
487 2450 689 2505 auxilio
723 2459 817 2507 tuo
845 2456 1132 2525 adjuvans,
1164 2458 1412 2524 Domine,
1450 2462 1679 2517 benedic
1715 2477 1810 2516 eos
1831 2461 1926 2531 qui

2030 1903 2455 1960 misericordiam
2485 1903 2747 1972 consequi
2796 1916 3101 1971 speramus,
3131 1909 3186 1956 et
3213 1901 3589 1957 remissionem

2025 2004 2373 2068 peccatorum
2412 2011 2530 2066 quae
2563 2004 2783 2065 propter
2805 2009 2928 2048 eum
2963 1999 3067 2061 est,
3103 2000 3158 2048 et
3190 1992 3351 2047 nobis
3378 2001 3432 2048 et
3460 1993 3585 2048 illis.

2102 2087 2353 2158 Populus.
2386 2087 2632 2153 Quietem
2663 2093 2882 2156 prmsta.

2098 2181 2375 2236 Sacerdos.
2399 2179 2669 2251 Propitius
2700 2180 2864 2250 igitur
2891 2185 3010 2233 esto
3042 2177 3298 2232 omnibus
3330 2177 3592 2247 iniquita»

2027 2277 2172 2331 tibus
2199 2274 2402 2329 nostris
2459 2282 2512 2328 et
2555 2272 2794 2336 illorum,
2819 2271 3067 2336 Domine,
3095 2286 3267 2339 neque
3295 2271 3347 2323 in
3383 2285 3592 2324 memo-

2028 2371 2159 2422 riam
2195 2381 2416 2421 revoces
2443 2363 2674 2418 crimina
2722 2378 2842 2432 quae
2871 2378 2901 2416 a
2934 2361 3092 2416 nobis
3131 2370 3182 2415 et
3212 2361 3280 2413 ab
3302 2360 3410 2414 illis
3439 2375 3592 2412 com-

2027 2461 2192 2514 missa
2217 2465 2376 2512 sunt:
2401 2472 2586 2510 verum
2612 2470 2736 2526 rege
2767 2470 2872 2509 nos
2892 2454 2944 2507 in
2978 2453 3082 2507 hoc
3109 2453 3309 2508 saeculo
3332 2451 3533 2505 liberos
3558 2467 3587 2504 a

356 2538 555 2606 juvant
609 2540 906 2599 Ecclesiam
957 2555 1102 2602 tuam
1145 2561 1422 2606 sanctam:
1469 2561 1528 2606 ut
1567 2553 1636 2606 ab
1669 2553 1927 2609 omnibus
2021 2549 2245 2620 judiciis
2269 2558 2322 2604 et
2349 2548 2640 2618 angustiis,
2667 2553 2721 2601 et
2759 2546 2813 2600 in
2849 2545 3035 2599 futuro
3060 2544 3145 2597 fac
3178 2557 3279 2597 nos
3303 2541 3590 2611 pervenire

361 2630 704 2699 atoriliceris,
733 2651 856 2690 cum
894 2639 1171 2711 unigenito
1204 2641 1340 2697 Filio
1364 2653 1480 2709 tuo,
1515 2651 1568 2698 et
1597 2643 1802 2715 Spiritu
1833 2653 1930 2701 tuo

360 2730 577 2786 s:mcto,
604 2733 709 2781 etc.

435 2810 687 2880 Populus.
723 2816 915 2873 Amen.

434 2900 712 2960 Sacerdos.
775 2908 981 2966 Coerce
1035 2921 1090 2968 et
1141 2916 1295 2972 aufer
1353 2935 1383 2972 a
1441 2921 1620 2988 nobis,
1676 2921 1930 2989 Domine,

360 3009 576 3050 onmem
617 3007 939 3068 potestatem
973 3005 1251 3062 inimicam
1282 3021 1612 3081 pugnantem
1666 3013 1930 3071 adversus

360 3101 485 3141 IIOS.

435 3178 661 3236 Elevans
691 3200 881 3241 vocem.
918 3186 982 3240 Et
1002 3189 1256 3256 concede,
1281 3190 1526 3261 Domine,
1551 3197 1923 3252 liberationem

360 3271 659 3340 perfectam
711 3291 742 3328 a
796 3277 974 3341 bellis,
1007 3283 1354 3347 tumultibus,
1401 3292 1454 3338 et
1497 3287 1900 3342 incursionibus

360 3364 742 3432 barbarorum,
768 3369 970 3436 populo
999 3376 1092 3423 tuo
1122 3371 1265 3426 fideli
1305 3392 1318 3427 :
1360 3382 1522 3445 atque
1550 3377 1603 3430 in
1637 3392 1790 3447 pace,
1805 3395 1931 3448 quas

359 3472 390 3506 a
425 3462 477 3509 te
507 3463 610 3520 est,
644 3471 902 3512 conserva
936 3474 1149 3515 omnem
1178 3479 1392 3539 gregem
1419 3475 1603 3523 tuum:
1638 3471 1926 3526 utassidue

358 3547 726 3614 gloriﬁcemus
777 3556 851 3614 te,
894 3553 1341 3628 unigenitumque
1391 3557 1588 3614 Filium
1641 3569 1828 3630 tuum,
1871 3571 1928 3618 et

359 3637 625 3708 Spiritum
655 3641 1084 3702 sanctissimum.

431 3727 686 3797 Populus.
718 3730 912 3786 Amen.

428 3814 685 3871 Sacerdos
730 3818 1032 3876 inclinatus.
1074 3822 1366 3892 Memento,
1422 3827 1670 3896 Domine,
1721 3839 1927 3888 sanctae

353 3908 654 3964 Cenitricis
699 3908 794 3963 Dei
837 3910 1040 3979 Mariae,
1096 3925 1150 3970 et
1193 3928 1508 3975 sanctorum
1557 3924 1924 3994 apostolorum

354 4011 601 4063 tuorum,
637 4005 698 4054 ut
745 3999 907 4055 etiam
943 4003 1158 4060 iilorum
1209 4010 1303 4079 qui
1334 4010 1475 4067 inter
1515 4028 1612 4068 eos
1655 4015 1926 4070 recenseri

352 4099 704 4147 meruerunt.

425 4183 656 4241 Elevans
685 4204 880 4245 vocem.
901 4189 1011 4246 Nos
1035 4191 1198 4246 etiam
1221 4190 1441 4256 robora,
1469 4198 1528 4246 ut
1556 4192 1787 4262 gloriose
1802 4210 1928 4265 per-

351 4275 610 4331 fidamur
630 4279 685 4334 in
715 4281 944 4336 scientia
974 4298 1124 4349 vera,
1156 4293 1209 4338 et
1233 4284 1568 4339 conscientia
1595 4285 1808 4340 sincera
1838 4294 1927 4341 :ut

345 4382 412 4420 ea
438 4366 657 4423 ratione
684 4369 893 4426 similes
909 4371 1088 4426 ell‘ecti
1112 4372 1319 4427 sanctis
1343 4374 1581 4443 tuis,qui
1600 4373 1697 4428 tibi
1714 4374 1924 4441 vivunt,

2027 2642 2093 2694 ad
2129 2640 2432 2694 habitacula
2455 2639 2614 2701 lucis,
2644 2637 2823 2708 gaudii
2848 2644 2902 2690 et
2933 2637 3132 2691 laetitia:
3161 2654 3173 2689 :
3203 2641 3262 2688 ut
3287 2633 3375 2688 hic
3396 2643 3450 2688 et
3478 2633 3590 2688 illic

2028 2732 2410 2802 gloriﬁcemus,
2471 2729 2778 2792 laudemus,
2812 2743 3136 2783 veneremur
3167 2734 3218 2782 et
3263 2726 3588 2780 extollamus

2028 2838 2223 2878 nomen
2252 2830 2403 2876 tuum
2435 2817 2980 2874 valdebonorandum
3019 2824 3073 2872 et
3109 2815 3475 2877 benedictum,
3512 2813 3590 2869 si-

2026 2915 2246 2984 mulque
2275 2911 2488 2967 Domini
2531 2909 2707 2966 nostri
2737 2907 2868 2965 Jesu
2899 2907 3127 2975 Christi,
3150 2915 3204 2964 et
3245 2905 3480 2978 Spiritus
3511 2903 3587 2960 tui

2028 3004 2222 3060 sancti.

2098 3095 2354 3164 Populus.
2394 3093 2568 3149 Sicut.

2101 3185 2378 3240 Sacerdos.
2415 3183 2547 3238 Pax.

2095 3275 2355 3345 Populus.
2393 3274 2600 3328 Etcum
2634 3271 2828 3340 spiritu
2860 3278 2975 3325 tuo.

2096 3367 2374 3423 Sacerdos.
2403 3364 2786 3422 Misericordiae
2816 3362 2910 3417 Dei
2936 3361 3064 3415 sint.

2097 3459 2291 3515 Postea
2321 3459 2518 3528 frangit
2548 3457 2780 3512 oblatam
2827 3464 2877 3508 et
2921 3455 3098 3524 signat
3144 3451 3360 3503 dicens:
3397 3445 3590 3503 Credi-

2025 3563 2169 3602 usus.

2098 3639 2364 3694 Diaconus
2396 3639 2523 3692 dicit
2553 3635 2904 3692 Catholicam.

2146 3731 2403 3787 Sacerdos
2435 3730 2563 3786 dicit
2593 3731 2884 3784 orationem
2923 3734 3044 3780 ante
3074 3723 3236 3778 Pater
3256 3735 3464 3778 nOSter.

2093 3821 2353 3892 Princeps
2383 3837 2575 3892 magne
2601 3829 2654 3877 et
2686 3819 2845 3875 Pater
2875 3833 3000 3874 vere
3046 3817 3332 3884 utriusque
3377 3811 3588 3875 saeculi,

2026 3916 2270 3980 Domine,
2305 3916 2397 3988 qui
2427 3931 2528 3970 nos
2561 3931 2628 3970 ex
2650 3913 2823 3968 nihilo
2860 3909 3119 3974 eduxisti,
3155 3915 3216 3962 ut
3235 3921 3504 3970 essemus,
3535 3913 3590 3960 et

2023 4010 2140 4064 vias
2173 4017 2348 4064 rectas
2371 4009 2589 4073 salutis,
2616 4024 2710 4078 per
2734 4006 2929 4060 Filium
2954 4013 3108 4059 tuum
3135 4003 3473 4072 unigenitum
3492 3999 3592 4054 do-

2025 4101 2186 4158 cuisti
2209 4115 2308 4155 nos
2343 4120 2355 4154 :
2389 4107 2445 4154 tu
2477 4112 2623 4152 nunc
2653 4099 2814 4153 etiam
2851 4112 2947 4165 per
2986 4094 3215 4164 gratiam
3259 4102 3408 4146 tuam
3439 4106 3590 4145 com-

2025 4190 2236 4260 patiens
2263 4186 2820 4254 nobiscum,Domine,
2857 4185 3136 4242 sanctiﬁca
3167 4189 3377 4238 mentes
3405 4188 3459 4236 et
3486 4181 3594 4236 lin-

2024 4297 2159 4353 guas
2197 4288 2433 4346 nostras,
2467 4295 2536 4334 eo
2559 4279 2664 4334 line
2706 4287 2764 4332 ut
2807 4295 2941 4349 pure
2983 4279 3298 4333 invocemus
3333 4283 3388 4328 te
3420 4272 3589 4328 Deum

2023 4375 2236 4430 Patrem
2312 4374 2755 4445 omnipotentem,
2815 4379 3100 4434 sanctum,
3163 4381 3489 4437 oremusque
3535 4374 3589 4420 et

343 4470 399 4512 et
431 4459 584 4530 apud
615 4471 667 4517 te
693 4463 976 4532 custoditi,
1028 4481 1153 4520 cum
1200 4466 1312 4521 illis
1355 4465 1656 4522 referamus
1677 4467 1775 4523 tibi
1807 4469 1923 4539 glo-
1955 4497 2000 4552 Β
2026 4464 2307 4520 dicamus:
2343 4463 2502 4519 Pater
2526 4471 2712 4519 noster
2730 4463 2821 4532 qui
2844 4479 2904 4520 es
2934 4462 2989 4517 in
3025 4461 3198 4518 caelis.

343 4552 522 4618 riam,
553 4560 660 4609 etc.

413 4645 687 4714 Populus.
714 4646 909 4703 Amen.

414 4736 688 4793 Sacerdos
743 4741 1048 4798 inclinatus.
1086 4740 1376 4810 Memento,
1410 4743 1658 4810 Domine,
1701 4745 1924 4800 Patrum

345 4837 675 4886 sanctorum
726 4840 779 4886 et
822 4831 1140 4900 beatorum,
1183 4835 1276 4904 qui
1313 4835 1670 4905 spiritualiter
1699 4851 1802 4891 nos
1833 4852 1928 4906 ge-

349 4931 615 4988 nuerunt,
644 4921 1035 4994 educa'rerunt,
1060 4933 1117 4982 et
1143 4927 1423 4993 aluerunt,
1451 4927 1506 4982 in
1539 4930 1688 4984 omni
1731 4930 1929 4987 timore

352 5007 473 5063 Dei.

355 5185 758 5266 Eucharistiam
777 5191 890 5266 jam
920 5204 1316 5266 consecratam,
1371 5210 1570 5266 corpus
1603 5203 1657 5251 et
1705 5197 1926 5266 sangui-

355 5273 486 5312 nem
535 5260 740 5338 tihristi
771 5263 1055 5338 designare
1097 5264 1249 5338 dicit,
1286 5273 1434 5338 errat
1471 5260 1657 5338 longe
1685 5260 1924 5322 deterius

350 5344 422 5408 eo
451 5333 561 5408 qui.
575 5344 742 5408 super
761 5333 917 5408 dona,
937 5335 1230 5408 proposita,
1253 5335 1437 5391 verbis
1460 5333 1660 5390 Christi
1681 5351 1719 5408 aq
1739 5351 1924 5391 sacer-

348 5398 623 5476 dote_ri_t_e
646 5398 1049 5476 pronuntiatis
1071 5413 1390 5460 consecrata
1419 5445 1434 5467 ,
1481 5405 1722 5459 invocari
1767 5421 1926 5475 posse

349 5466 535 5550 credit
565 5466 826 5550 Spiritum
859 5483 1136 5550 sanctum.
1161 5484 1220 5528 ut
1259 5466 1453 5550 illapsu
1490 5466 1922 5550 suomysterium

351 5541 534 5620 plent:
552 5541 982 5620 sanctiﬁcatione
1003 5547 1306 5620 confirmet.
1338 5541 1527 5620 Neque
1561 5541 1807 5620 invocari
1830 5563 1924 5615 po-

349 5605 462 5690 test
500 5605 742 5675 Spiritus
764 5621 1008 5679 Sanctus,
1037 5623 1130 5690 aut
1158 5617 1302 5690 illius
1337 5605 1533 5690 illapsu
1555 5625 1608 5690 ct
1631 5605 1924 5670 obumbra-

345 5686 504 5734 tione
556 5695 696 5758 opus
722 5689 847 5758 est._
863 5694 919 5758 ut
943 5686 1096 5758 panis
1117 5695 1170 5739 et
1189 5687 1371 5758 vinum
1401 5688 1702 5758 signiﬁcent
1725 5700 1924 5758 corpus

350 5758 407 5806 et
428 5752 756 5819 sanguinem
790 5752 1010 5812 Christi.
1046 5755 1178 5811 Nam
1195 5757 1419 5828 mystica
1445 5752 1558 5813 lites:
1582 5752 1923 5812 adumbratio

2100 4557 2353 4626 Populus.
2391 4555 2791 4613 Sanctificetur.

2099 4650 2378 4706 Sacerdos.
2417 4649 2643 4720 Semper
2659 4656 2778 4706 esto
2801 4653 3079 4702 armatura
3106 4650 3315 4707 nostra,
3333 4641 3586 4698 Domine:

2029 4743 2338 4806 auxiliator,
2368 4749 2421 4797 et
2443 4741 2687 4812 adjutor;
2707 4747 2762 4796 et
2793 4755 2825 4794 a
2856 4737 3252 4794 tentationibus
3289 4749 3586 4806 praeserva-

2029 4843 2114 4888 tur
2159 4843 2213 4891 et
2259 4835 2515 4890 liberator
2550 4833 2732 4904 squia
2779 4839 2931 4887 tuum
2979 4837 3066 4886 est
3110 4844 3361 4900 regnum,
3399 4834 3454 4883 et
3491 4842 3588 4898 po-

2029 4935 2197 4982 testas
2230 4933 2283 4980 et
2318 4926 2456 4990 laus,
2514 4923 2884 4995 unigenitique
2925 4920 3049 4976 Filii
3103 4922 3206 4988 tui,
3247 4929 3303 4978 et
3351 4918 3586 4992 Spiritus

2027 5019 2124 5082 tui,
2149 5025 2254 5072 etc.

2030 5195 2214 5251 statim
2241 5193 2308 5246 ab
2337 5193 2494 5248 initio
2518 5191 2770 5262 liturgias,
2805 5191 2966 5262 etiam
2993 5189 3047 5244 in
3082 5185 3466 5262 praeparatoria
3493 5203 3586 5242 ac-

2029 5269 2196 5327 tione,
2215 5280 2309 5333 per
2349 5279 2536 5332 preces
2566 5271 2619 5316 et
2649 5258 3000 5333 caeremonias
3031 5258 3584 5333 sa’tis__s_ignilica_t_nr:

2031 5345 2088 5389 ut
2139 5327 2260 5388 cuin
2295 5327 2450 5402 panis
2481 5333 2546 5386 ad
2571 5333 2740 5386 altare
2785 5331 3036 5392 infertur,
3070 5338 3123 5384 et
3148 5327 3346 5402 dicitur
3376 5346 3417 5402 ί-
3446 5327 3589 5380 Tan-

2061 5422 2185 5458 uam
2208 5396 2313 5456 ovis
2339 5403 2406 5456 ad
2427 5404 2737 5456 occisionem
2759 5401 2946 5454 ductus
2978 5409 3055 5453 est
3077 5416 3096 5452 :
3133 5407 3187 5452 et
3217 5398 3283 5451 ad
3316 5396 3539 5451 calicem
3571 5415 3585 5452 :

2055 5476 2179 5528 Inus
2204 5474 2432 5526 militum
2464 5474 2646 5527 lancea
2663 5473 2802 5524 latus
2829 5471 2942 5538 ejus
2972 5470 3176 5535 aperuit
3195 5467 3407 5538 :etalia
3435 5467 3587 5538 simi-

2029 5547 2118 5604 lia.
2154 5545 2356 5599 dndmn
2386 5554 2508 5596 ante
2542 5559 2701 5612 quam
2729 5535 3150 5611 pronuntientur
3176 5537 3378 5596 Christi
3398 5535 3582 5590 verba.

2027 5615 2162 5668 Tuta
2213 5616 2319 5666 imo
2353 5614 2582 5682 liturgize
2632 5628 2801 5667 series
2835 5627 2900 5665 eo
2952 5617 3190 5682 spectat,
3227 5623 3349 5682 cum
3384 5621 3584 5682 [ενι-κ-

2028 5686 2261 5738 sentatio
2309 5687 2376 5738 sit
2409 5677 2574 5740 totius
2608 5683 2858 5738 humana:
2889 5677 3060 5750 ipsius
3089 5679 3143 5734 in
3180 5679 3340 5734 terris
3365 5677 3587 5746 dispen-
3671 5743 3675 5747 ι

2029 5757 2272 5811 sationis.
