4112 6424
528 351 631 412 705
1372 341 1431 398 S.
1471 339 1912 400 EUSTATHIUS
1948 333 2436 395 ANTIOCHENUS
2474 328 2872 388 EPISCOPUS.
3656 323 3764 377 7οι

598 461 852 532 Populus.
883 460 1074 516 Amen.
2119 463 2164 517 Α
2195 449 2572 524 spiritualibus
2590 446 2890 502 divinitatis
2915 452 3039 499 tua.
3059 442 3260 500 Prasta
3285 457 3384 499 nos
3412 441 3578 513 lgitur
3604 442 3761 496 inco-

599 551 876 608 Sacerdos.
903 549 1034 604 Pax.
2197 546 2370 599 lumes
2393 542 2460 597 ab
2494 542 2615 612 igne
2642 540 2735 594 illo
2777 536 3227 608 inexstinguibili,
3260 551 3357 606 per
3391 535 3538 590 istud
3570 537 3762 591 convi-

596 645 851 714 Populus.
887 644 953 697 Et
982 656 1107 697 cum
1131 639 1328 710 spiritu
1361 648 1473 694 tuo.
2196 637 2341 691 vium
2368 653 2380 688 :
2404 641 2458 688 et
2487 632 2786 688 referemus
2807 630 2906 684 tibi
2933 628 3184 700 gloriam,
3213 635 3320 684 etc.

594 735 886 790 Diaconus.
919 731 1203 787 lnclinate.
2264 723 2520 792 Populus.
2545 723 2739 777 Amen.

595 826 857 896 Papulas.
885 825 1084 879 Coram
1117 832 1190 886 te,
1227 821 1472 876 Domine.
2263 813 2542 870 Sacerdos.
2566 812 2700 871 Pax.

597 917 880 972 Sacerdos.
933 913 1221 970 Adorande
1251 913 1344 984 qui
1372 920 1454 966 ter
1486 909 1754 972 adoraris,
1803 920 1857 963 et
1902 915 2093 963 sancte
2261 904 2518 970 Populus.
2551 901 2615 954 Et
2645 914 2769 954 cum
2794 898 2988 968 spiritu
3015 905 3130 952 tuo.

528 1008 871 1080 glorificaris,
905 1006 1214 1072 sanctifica,
1251 1003 1508 1066 Domine,
1539 1001 1748 1055 animas
1775 1008 1830 1055 et
1859 1014 2092 1069 corpora
2262 993 2557 1046 Diacanus.
2589 989 2768 1044 Post.‘

529 1073 717 1156 eorum
744 1100 836 1170 qui
879 1114 1058 1154 coram
1102 1105 1155 1152 te
1183 1095 1427 1150 inclinati
1473 1102 1621 1158 sunt,
1657 1099 1717 1146 ut
1761 1099 1950 1148 sancte
1976 1105 2094 1161 my-
2262 1083 2538 1140 Sacerdos.
2570 1082 2817 1144 Domine,
2847 1078 3066 1135 custodi
3110 1077 3368 1148 populum
3419 1084 3572 1129 tuum
3631 1073 3763 1127 liue-

531 1191 712 1247 steriis
756 1169 878 1246 istis
895 1188 1394 1251 communicemus,
1419 1191 1476 1241 et
1506 1181 1808 1238 referemus
1842 1181 1939 1238 tibi
1975 1181 2092 1252 glo-
2191 1176 2318 1239 lem,
2346 1183 2400 1230 et
2435 1175 2583 1230 salva
2612 1190 2710 1229 nos
2737 1188 2930 1228 omnes
2957 1172 3026 1226 ab
3058 1169 3208 1225 omni
3235 1169 3435 1221 timore
3469 1174 3524 1220 et
3556 1174 3763 1219 tremo-

529 1284 688 1346 riam,
721 1289 828 1338 etc.
2192 1283 2253 1322 re
2276 1287 2290 1322 :
2311 1266 2872 1336 tranquillitatemque
2897 1272 2951 1318 et
2979 1276 3167 1332 pacem
3195 1258 3433 1314 concede
3454 1258 3612 1312 nobis
3640 1272 3762 1311 om-

597 1371 856 1440 Poputus.
887 1370 1079 1426 Amen.
2193 1359 2374 1422 nibus,
2405 1355 2914 1426 benedictionesque
2961 1355 3156 1418 bonas,
3205 1351 3403 1423 gaudia
3435 1357 3491 1406 et
3515 1352 3762 1406 exsulta-

598 1461 874 1516 Sacerdos.
909 1459 1292 1516 Misericordiae
1316 1457 1407 1513 Dei
1430 1458 1559 1512 sint.
2193 1448 2394 1502 tionem
2428 1465 2442 1500 :
2477 1456 2535 1501 ut
2562 1461 2660 1516 pro
2691 1447 2945 1501 omnibus
2975 1445 3346 1500 retribuamus
3371 1443 3470 1496 tibi
3505 1443 3758 1512 gloriam,

599 1553 887 1607 Diaconus.
914 1551 1303 1622 Unusquisque
1331 1564 1455 1604 cum
1487 1549 1703 1604 timore.
2192 1540 2428 1604 laudem,
2471 1537 2847 1592 cxaltationem
2886 1544 2940 1591 et
2973 1536 3269 1607 gratiarum
3295 1534 3588 1596 actionem,
3621 1533 3763 1588 Deo-

598 1643 876 1700 Sacerdos.
912 1642 1110 1698 Sancta
1144 1641 1370 1697 sanctis.
2191 1647 2299 1703 que
2340 1631 2483 1685 Patri
2545 1629 2780 1702 genitori
2831 1635 2964 1692 tuo,
3025 1637 3083 1684 et
3128 1625 3356 1698 Spiritui
3402 1632 3498 1680 tuo
3543 1632 3759 1690 sancto,

599 1735 857 1803 Populus.
889 1733 1042 1790 Unus
1064 1733 1227 1789 Pater
1262 1742 1508 1795 sanctus,
1528 1738 1634 1786 etc.
2115 1799 2150 1803 _
2194 1737 2360 1785 nunc,
2394 1731 2500 1778 etc.

632 1799 889 1882 sacerdos
932 1826 1058 1879 dicit
1091 1825 1382 1878 orationem
1405 1825 1704 1894 gratiarum
1738 1817 1980 1872 actionis.
2115 1799 2168 1859 Β
2263 1815 2515 1884 Populus.
2544 1813 2734 1867 Amen.

597 1916 826 1973 Omnem
870 1918 1084 1972 laudem
1134 1916 1554 1977 indeiicientem,
1605 1912 1792 1984 gratiae
1850 1922 1956 1964 tute
2005 1909 2092 1961 in-
2257 1905 2548 1960 Diaconus.
2581 1902 2832 1966 Benedic,
2856 1899 3106 1956 Domine.

526 2009 820 2071 enarrabili
851 2008 1148 2070 oderimus,
1177 2007 1398 2061 Domine
1419 2024 1431 2060 :
1451 2006 1543 2075 qui
1569 2020 1664 2074 per
1686 2002 2088 2070 susceptionem
2258 1996 2535 2052 Sacerdos.
2571 1995 2800 2050 Benedic
2831 1995 2988 2048 nobis
3021 1993 3296 2049 omnibus.

529 2101 691 2170 hujus
733 2101 977 2171 mysterii
1022 2099 1346 2154 illuminasti
1401 2099 1616 2151 animas
1645 2103 1864 2149 nostras
1917 2091 2092 2146 radiis
2253 2089 2544 2146 Ducarius.
2580 2087 2903 2142 Benedicam
2930 2087 3245 2143 Dominum.

801 2297 1120 2306 _.—_..————-—

710 2929 808 3079 S.
901 2925 1519 3082 EUSTATllll
1591 2924 2488 3086 (lolllllENTAlllU-S
2573 2923 2708 3080 1N
2785 2917 3553 3078 HEXAEMERON

591 3219 778 3284 (Edidit
808 3221 908 3270 Leo
934 3191 1184 3282 ALLATIUS,
1204 3218 1430 3284 Lugduni
1459 3219 1748 3288 1629,_in-t.
1781 3221 1948 3288 Eidem
1973 3221 2206 3288 volumini
2250 3219 2382 3268 inest
2403 3215 2846 3288 Eustathilcontra
2870 3213 3126 3282 Origenem
3150 3216 3219 3268 Dc
3241 3212 3613 3280 cngastrimytlio
3639 3211 3759 3264 Dis-

1465 3282 1662 3345 putatio,
1687 3295 1830 3343 quam
1851 3286 2036 3344 primus
2059 3284 2108 3330 in
2133 3286 2292 3331 lucem
2318 3283 2521 3343 protulit
2541 3282 2794 3341 Allatius.)

1855 3553 2413 3695 LECTORI.

597 3745 934 3815 Eustathius,
967 3746 1316 3802 Antiochense
1349 3745 1606 3801 Ecclesia:
1633 3760 1882 3801 summus
1921 3745 2173 3808 antistes,
2207 3743 2365 3814 cujus
2406 3744 2547 3814 apud
2589 3751 2802 3799 veteres
2829 3745 3048 3815 copiosa
3099 3752 3153 3800 et
3183 3745 3481 3800 honorifica
3515 3742 3749 3805 mentio.

522 3838 771 3892 eamdem
806 3853 928 3892 cum
961 3839 1082 3894 aliis
1112 3839 1291 3908 magni
1337 3839 1574 3893 nominis
1607 3838 1991 3908 scriptoribus,
2023 3839 2268 3908 iniquam
2308 3836 2701 3908 adversamque
2744 3837 3016 3891 fortunam
3044 3845 3302 3906 expertus
3321 3847 3422 3893 est.
3456 3837 3588 3904 Quae
3613 3837 3762 3890 enim

526 3924 646 3996 ipse
677 3929 928 3984 maximis
962 3929 1161 3998 vigiliis
1193 3943 1498 3998 magnaque
1517 3929 1796 3999 diligentia
1833 3929 1888 3981 in
1919 3927 2204 3981 catholica:
2231 3926 2480 3980 veritatis
2507 3934 2911 3996 oppugnatores
2944 3936 3298 3982 monumenta
3326 3928 3640 3998 reliquerat,
3678 3927 3764 3980 vel

527 4017 793 4073 bonorum
825 4021 1053 4087 incuria,
1087 4022 1292 4074 utinam
1327 4037 1436 4074 non
1469 4021 1734 4074 malorum
1769 4020 2225 4088 inimicorumque
2248 4018 2530 4071 hominum
2563 4017 2744 4073 studio
2785 4018 3109 4090 fraudeque!
3145 4020 3436 4085 interiere;
3467 4021 3548 4074 vel
3581 4027 3763 4072 tractu

527 4108 647 4177 ipso
678 4111 958 4178 temporis,
985 4120 1038 4166 et
1063 4126 1243 4165 rerum
1283 4111 1641 4164 humanarum
1672 4113 1891 4181 ingenio
1925 4116 2053 4164 sunt
2081 4110 2388 4177 absumpta.
2422 4106 2633 4177 Saepius
2673 4110 2906 4180 legeram
2938 4111 2992 4164 in
3037 4112 3386 4180 antiquorum
3420 4119 3756 4164 commenta-

525 4201 626 4256 riis
654 4199 993 4257 Eustathium
1029 4203 1190 4265 hunc,
1227 4203 1398 4258 divite
1423 4203 1710 4259 verborum
1741 4219 1806 4258 ac
1831 4202 2224 4258 sententiarum
2255 4201 2437 4270 copia.
2469 4201 2814 4270 elegantique
2841 4200 3167 4256 eruditionis
3195 4204 3454 4256 varietate
3476 4201 3541 4255 ad
3573 4217 3766 4258 amns-

524 4291 628 4346 sim
657 4293 918 4362 perfecta,
949 4305 1108 4365 atque
1131 4295 1197 4349 ad
1229 4311 1501 4350 summum
1533 4295 1804 4358 absoluta,
1830 4309 2004 4364 eaque
2037 4293 2090 4346 in
2112 4307 2308 4363 magno
2335 4308 2562 4347 numero
2592 4294 2794 4363 scripta
2819 4294 3189 4351 elucubrasse.
3232 4296 3427 4362 Quaero
3469 4297 3680 4352 avidius
3712 4297 3762 4352 si

523 4384 654 4454 quid
681 4387 872 4455 reliqui
898 4396 1002 4450 cst,
1035 4402 1159 4441 nam
1189 4389 1369 4442 omnia
1392 4398 1708 4458 exspectare
1723 4386 2042 4455 desipientis
2065 4383 2538 4454 essejudicabam.
2571 4383 2827 4439 Refertur
2855 4402 2884 4438 a
2915 4387 3354 4456 prudentissimis
3381 4390 3534 4453 viris,
3560 4404 3760 4444 nomen

523 4482 738 4567 tantum
773 4491 1080 4547 superesse,
1115 4488 1464 4534 monumenta
1509 4479 1782 4534 excidisse
1815 4479 2022 4532 omnia.
2059 4475 2292 4533 lndolui.
2319 4477 2460 4544 Quid
2493 4478 2637 4531 enim
2681 4477 2962 4533 facerem?
2989 4478 3308 4550 Magnorum
3339 4489 3624 4535 auctorum
3649 4483 3764 4536 rui-

524 4579 627 4619 nas
655 4580 761 4618 non
795 4567 913 4622 sine
943 4568 1129 4624 dolore
1177 4572 1468 4626 miseratus
1500 4586 1643 4624 sum.
1677 4572 1746 4623 At
1785 4584 2062 4640 prasagns
2103 4568 2320 4624 animus
2373 4569 2550 4638 magis
2584 4571 2866 4640 magisque
2903 4571 3108 4642 inopia,
3146 4589 3245 4627 ceu
3295 4573 3530 4644 quodam
3567 4574 3733 4628 incita

523 4664 711 4709 mento
733 4671 996 4713 accensus
1030 4661 1209 4730 sagaci
1243 4661 1477 4730 quadam
1501 4661 1825 4714 curiositate
1842 4660 2024 4712 omnia
2050 4658 2436 4727 perlustrabat,
2457 4662 2499 4709 si
2527 4657 2660 4727 quid
2694 4659 2827 4711 tanti
2862 4660 2963 4712 viri
2990 4660 3309 4716 oﬂ‘enderet.
3343 4661 3524 4727 Quare
3551 4661 3766 4730 impen-

524 4747 642 4802 sius
678 4751 1082 4820 manuscriptos
1107 4754 1346 4815 codices,
1377 4769 1501 4807 cum
1544 4752 1734 4806 liceret
1757 4751 2094 4814 evolvebam,
2137 4751 2518 4820 agitabamque
2560 4751 2846 4804 intentius.
2884 4749 2994 4805 Nec
3025 4767 3151 4822 spes
3181 4753 3248 4805 ad
3291 4752 3506 4805 irritum
3541 4751 3759 4804 cecidit.

529 4836 694 4894 Forte
725 4841 869 4895 enim
897 4842 1023 4896 dum
1047 4841 1232 4898 Romae
1263 4845 1646 4898 bibliothecam
1685 4843 1975 4913 quamdam
2002 4845 2288 4907 librorum,
2312 4851 2365 4898 et
2392 4843 2534 4913 typis
2557 4842 2850 4906 editorum,
2877 4849 2930 4898 et
2961 4845 3458 4914 manuscriptorum
3485 4845 3633 4900 omni
3662 4860 3756 4914 ge-

519 4945 651 4986 nere
694 4932 1110 4990 refertissimam
1153 4937 1314 4991 amici
1345 4937 1630 5005 cujusdam
1682 4936 1947 4992 beneficio
1977 4937 2194 4992 videndi
2224 4937 2398 5006 gratia
2431 4935 2588 4999 adeo,
2626 4935 2680 4990 in
2710 4936 2828 5005 ipso
2862 4937 3134 5004 ingressu,
3170 4935 3316 4989 dolet
3362 4950 3598 5005 namque
3628 4934 3759 4987 dum

519 5033 734 5093 tempus
764 5025 878 5078 abit
919 5028 1087 5088 iners,
1127 5029 1264 5082 libro
1297 5027 1456 5082 obvio
1484 5044 1592 5082 non
1633 5030 1828 5099 grandi
1859 5031 2136 5085 volumine
2167 5046 2364 5085 manus
2403 5029 2615 5099 injicio,
2655 5029 2866 5098 aperio,
2894 5028 3047 5099 lego;
3079 5044 3200 5098 quae
3240 5027 3419 5098 primo
3466 5041 3763 5081 occurrere

520 5129 628 5168 non
669 5114 979 5185 displicent.
1031 5116 1370 5188 Prosequor;
1407 5119 1729 5174 diffunditur
1769 5137 1944 5184 mens,
1980 5123 2196 5177 animus
2236 5123 2485 5192 erigitur,
2517 5128 2572 5175 et
2607 5135 2769 5174 aures
2817 5121 3074 5175 dictionis
3105 5136 3261 5183 sono,
3294 5120 3452 5190 quasi
3485 5119 3767 5190 voluptate

519 5207 830 5269 titillantes,
873 5209 1236 5262 oblectantur.
1271 5207 1415 5262 Nihil
1442 5211 1498 5264 in
1540 5226 1605 5265 eo
1633 5213 1846 5273 tritum,
1884 5213 2018 5266 nihil
2045 5212 2286 5282 vulgare,
2333 5226 2518 5265 rerum
2548 5211 2710 5264 etiam
2750 5211 2993 5280 ipsarum
3023 5211 3278 5264 materies
3307 5209 3489 5264 ciebat
3524 5207 3766 5262 admira-

522 5297 744 5353 tionem.
781 5298 1027 5355 Recurro
1052 5301 1119 5354 ad
1152 5300 1383 5355 frontem
1427 5301 1572 5366 libri,
1607 5313 1887 5358 auctorem
1913 5305 2198 5373 perquiro;
2237 5312 2311 5369 et,
2345 5320 2377 5357 ο
2413 5303 2596 5357 laetum
2637 5305 2911 5364 nuntium,
2944 5317 2982 5355 ο
3022 5301 3354 5355 fortunatum
3399 5301 3567 5362 diem,
3608 5317 3640 5356 o
3672 5303 3761 5357 in-

524 5398 802 5457 speratum
838 5393 1126 5462 gaudium!
1166 5392 1358 5448 titulus
1389 5391 1476 5447 hic
1506 5403 1624 5448 erat
1654 5410 1666 5445 :
1701 5394 1998 5449 Εὐσταθίου
2029 5398 2148 5466 ἁρχι

2142 5395 2461 5448 ιεπισκόπου
2505 5393 2833 5463 Ἀντιοχείας
2858 5395 2937 5456 εἰς
2968 5392 3064 5462 τὴν
3111 5391 3242 5462 ἐξαή
3253 5410 3316 5462 με
3324 5410 3416 5464 ρον
3461 5393 3764 5464 ὑπόμνημα

523 5480 666 5532 πάνυ
697 5481 1028 5552 Θαυμαστόν.
1061 5483 1162 5537 Diu
1187 5484 1399 5539 haerens
1424 5484 1664 5548 substiti,
1697 5486 1975 5556 inopinato
2006 5495 2202 5542 eventu
2235 5487 2541 5557 perculsus,
2570 5487 2789 5539 tandem
2825 5485 2892 5538 ad
2923 5485 3080 5538 tinem
3105 5483 3226 5537 libri
3255 5499 3505 5554 propero,
3539 5485 3587 5539 si
3623 5483 3765 5537 forte

525 5573 707 5624 omnia
745 5582 928 5628 essent
963 5575 1253 5632 Eustathii.
1287 5575 1484 5632 Praeter
1509 5577 1654 5631 hunc
1679 5586 1994 5642 tractatum,
2025 5589 2218 5634 cmtera
2249 5579 2479 5632 aliorum
2523 5594 2645 5633 esse
2676 5577 2940 5646 comperi,
2965 5593 3086 5646 qua:
3134 5577 3188 5630 in
3223 5592 3287 5630 co
3319 5578 3598 5633 volumine
3627 5591 3766 5632 con-

527 5661 861 5716 tinebantur.
896 5664 1137 5737 Exiguus
1173 5676 1334 5738 potus
1371 5669 1514 5723 sitim
1550 5669 1709 5724 valde
1737 5671 1994 5734 sitientis,
2029 5687 2140 5726 non
2175 5671 2462 5732 exstinxit,
2498 5670 2592 5725 sed
2642 5673 2812 5723 auxit.
2851 5669 2942 5723 Sic
2982 5671 3026 5724 si
3059 5671 3339 5738 paululum
3375 5687 3530 5740 aqua:
3564 5687 3765 5742 magno

528 5751 638 5820 igni
670 5752 944 5821 infundas,
983 5760 1247 5816 acccndcs
1294 5777 1418 5817 cum
1452 5762 1631 5826 potius
1683 5779 1850 5827 quam
1890 5765 2224 5829 exstingues.
2259 5765 2518 5831 Quamvis
2546 5764 2728 5830 itaque
2765 5780 2944 5819 meum
2980 5761 3314 5819 desiderium
3349 5779 3457 5818 non
3501 5766 3760 5838 explevit,
