4112 6406
359 378 463 432 1'95
1275 372 1546 434 SPURIA.
1576 409 1645 422 -—-
1667 377 2023 434 COMMENT.
2060 377 2128 434 IN
2162 376 2637 434 HEXAEMERON
3478 380 3580 435 706

355 495 545 551 lenivit
574 502 778 557 tamen,
819 504 872 551 et
893 493 1022 549 dum
1057 498 1240 547 metuo
1267 508 1451 548 moras
1480 493 1763 549 celerrime
1793 508 1891 549 nec
1914 494 2084 549 invito
2118 492 2365 557 custode,
2395 494 2681 561 exscribo;
2709 492 2884 563 deque
2913 493 3058 549 illius
3084 494 3140 550 in
3166 494 3403 564 linguam
3435 493 3584 550 Lati-

356 602 481 643 nam
526 586 778 642 versione
818 585 1016 656 cogito.
1063 583 1272 638 Interea
1310 585 1366 638 in
1414 585 1536 638 aliis
1563 584 1724 639 etiam
1751 583 2096 639 bibliothecis
2134 585 2454 655 perquirens
2485 583 2626 639 idem
2666 599 2802 654 opus
2830 584 3006 640 eidem
3038 586 3247 640 auctori
3281 587 3580 657 ascriptum

356 682 560 741 iuveni,
591 687 644 734 et
689 679 743 732 in
772 679 938 733 totius
969 677 1118 734 orbis
1149 686 1417 733 terrarum
1466 678 1888 732 instructissima
1919 693 1983 732 ac
2033 679 2381 733 celeberrima
2416 678 2746 734 bibliotheca
2794 670 3071 746 Vaticana,
3113 695 3323 734 necnon
3357 681 3584 736 nobilis—

355 773 493 828 sima
524 770 875 826 Vallicellana
908 769 1120 838 Romae;
1155 778 1210 826 et
1238 786 1362 824 cum
1394 771 1780 825 bibliothecam
1834 769 2133 824 Palatinam
2168 769 2396 826 Romam
2439 772 2784 836 adveherem,
2815 772 3085 828 Monacbii
3122 775 3176 828 in
3209 775 3580 830 illustrissima

353 862 637 916 Bavarica.
672 860 850 927 Quare
880 866 932 913 et
961 860 1265 928 promptior
1299 860 1540 915 laborem
1576 861 1881 930 amplexus,
1913 869 2145 917 conatus
2173 877 2291 916 sum
2319 861 2386 915 de
2418 862 2694 931 republica
2725 863 2988 918 litteraria
3025 865 3164 920 bene
3192 867 3410 921 mereri.

422 953 740 1008 Institutum
777 965 956 1005 meum
1005 952 1127 1016 fuit,
1160 962 1395 1007 mentem
1424 967 1488 1006 ac
1523 954 1847 1007 sententiam
1883 954 2147 1018 auctoris,
2187 952 2529 1022 simpliciter,
2580 951 2810 1008 ﬁdeliter
2837 969 2900 1008 ac
2940 955 3226 1024 perspicue
3255 954 3576 1020 transferre,

354 1047 497 1116 quod
534 1046 766 1116 primum
809 1046 1250 1116 praecipuumque
1277 1058 1478 1098 munus
1507 1059 1630 1098 esse
1668 1045 1982 1114 interpretis
2016 1060 2230 1114 semper
2273 1044 2603 1108 existimavi,
2631 1045 2705 1098 ita
2736 1053 2914 1100 tamen
2944 1047 3088 1116 quod
3120 1047 3327 1100 nullum
3354 1048 3425 1102 sit
3457 1063 3580 1103 ver-

357 1140 487 1194 bum
519 1139 665 1209 quod
690 1154 797 1192 non
847 1138 1186 1208 explicarim,
1215 1137 1536 1206 nullumque
1578 1136 1877 1190 addiderim
1921 1151 1952 1188 a
1994 1135 2262 1190 sententia
2301 1135 2558 1190 alienum.
2597 1134 2701 1191 Ubi
2741 1151 2923 1191 rerum
2971 1138 3124 1199 crdo,
3153 1138 3239 1194 vel
3267 1139 3579 1195 obscuritas

354 1232 611 1286 dictionis
651 1231 704 1284 id
733 1231 1015 1301 poscebat,
1040 1230 1342 1285 blandienti
1371 1229 1780 1299 luxuriantique
1809 1229 2041 1283 orationi
2089 1227 2294 1298 aliquid
2335 1228 2605 1282 concessi.
2636 1226 2982 1298 Quapropter
3013 1245 3117 1285 nec
3148 1231 3331 1287 verbis
3371 1246 3458 1286 me
3488 1247 3578 1287 as-

351 1324 540 1389 trinxi,
573 1340 672 1379 nec
695 1323 937 1394 periodis
966 1322 1239 1393 colligavi,
1277 1322 1574 1378 dummodo
1609 1322 1934 1377 sententiam
1956 1322 2281 1392 explicarem
2315 1340 2330 1376 :
2363 1336 2523 1392 quam
2555 1321 2902 1391 antiquorum
2929 1329 2987 1376 ut
3009 1324 3157 1392 potui
3179 1333 3231 1379 et
3251 1322 3411 1378 Plinii
3434 1339 3576 1393 prm-

352 1417 541 1470 sertim
569 1417 750 1472 verbis
777 1417 1041 1486 expressi.
1080 1415 1160 1469 Ad
1196 1431 1378 1471 rerum
1406 1417 1552 1471 enim
1587 1425 1814 1470 naturas
1849 1415 2172 1486 ingeniaque
2195 1415 2510 1494 exponenda
2543 1415 2793 1468 Pliniano
2821 1415 2962 1488 stylo
2987 1416 3171 1471 nullus
3199 1417 3331 1470 mihi
3360 1417 3578 1474 videtur

351 1508 548 1576 aptior,
576 1509 760 1564 nullus
789 1508 1275 1574 accommodatior,
1313 1509 1672 1579 opportunior
1695 1508 1899 1562 nullus.
1931 1507 2088 1572 Quod
2120 1523 2188 1562 an
2219 1508 2322 1562 sim
2352 1516 2636 1562 assecutus
2667 1507 3080 1576 aequusjudicet
3112 1507 3300 1562 lector.
3335 1509 3396 1563 In
3424 1516 3576 1563 textu

349 1596 539 1652 Graeco
581 1599 719 1654 nihil
755 1601 1060 1668 immutavi,
1092 1603 1225 1657 nihil
1257 1602 1597 1666 detruncavi,
1628 1602 1763 1656 nihil
1797 1601 2000 1657 addidi.
2047 1599 2153 1656 Sed
2182 1609 2240 1656 ut
2267 1601 2453 1664 habui,
2489 1601 2672 1655 omnia
2713 1617 2846 1670 pure
2889 1600 3034 1655 dedi.
3064 1599 3335 1666 Quoniam
3391 1611 3576 1657 autem

346 1690 538 1745 multis
562 1692 619 1745 in
651 1692 781 1746 locis
813 1700 998 1749 textus
1027 1703 1143 1750 erat
1172 1696 1417 1758 mutilus,
1451 1695 1768 1759 lacunosus,
1801 1682 2075 1759 inversus,
2109 1694 2400 1764 multisque
2432 1694 2596 1748 etiam
2623 1697 2914 1756 obscurus,
2949 1709 3017 1748 ne
3045 1700 3302 1763 tanquam
3336 1708 3450 1748 rem
3478 1693 3576 1748 de-

344 1792 618 1850 speratam
651 1785 1032 1854 abjiceremus,
1064 1796 1223 1842 notas
1250 1795 1303 1842 et
1329 1788 1663 1842 collectanea
1707 1787 1985 1855 subjunxi,
2017 1788 2220 1857 quibus
2265 1788 2358 1842 illa
2392 1789 2510 1842 loca
2547 1788 2632 1842 vel
2673 1787 3051 1849 emendantur,
3092 1786 3178 1841 vel
3211 1785 3571 1857 supplentur,

341 1875 430 1928 vel
465 1876 531 1930 ad
559 1876 844 1946 pristinam
875 1878 1104 1932 formam
1143 1878 1512 1944 reducuntur;
1539 1876 1701 1946 idque
1734 1878 1964 1932 aliorum
1988 1876 2208 1931 Patrum
2243 1879 2682 1947 scriptorumque
2709 1877 2876 1930 fultus
2908 1875 3211 1941 sententiis,
3248 1875 3576 1945 quandoque

335 1968 509 2022 etiam
541 1969 677 2023 meis
705 1984 997 2040 aggressus
1024 1986 1168 2035 sum,
1199 1977 1253 2025 et
1285 1984 1659 2040 saepenumero
1687 1971 1848 2023 etiam
1873 1970 2134 2026 divinavi.
2168 1968 2263 2023 Sat
2289 1971 2404 2025 scio
2426 1985 2605 2024 meum
2637 1967 2902 2032 studium,
2927 1977 2980 2022 et
3008 1966 3331 2022 industriam
3358 1967 3575 2036 iniquos

335 2075 621 2115 venenoso
655 2060 808 2114 hiatu
847 2063 1100 2132 rictuque
1144 2061 1563 2124 dilaceraturos,
1595 2075 1719 2117 cum
1758 2060 1861 2130 ipsi
1896 2077 2005 2116 non
2033 2063 2247 2132 possint
2278 2063 2526 2117 meliora.
2558 2060 2677 2114 Non
2706 2061 2966 2116 desistam
3006 2066 3190 2114 tamen
3218 2060 3570 2124 absterritus,

329 2154 476 2223 quin
511 2154 743 2209 alacrior
769 2155 836 2209 de
855 2155 976 2210 aliis
1005 2155 1142 2210 bene
1176 2155 1372 2210 mereri
1400 2154 1662 2208 conabor.
1701 2155 1758 2208 ln
1791 2155 1932 2209 notis
1967 2154 2044 2208 fui
2066 2155 2360 2225 prolixior;
2388 2155 2558 2208 multa
2588 2170 2822 2223 namque
2854 2168 2974 2223 quae
2994 2152 3356 2206 occurrebant
3387 2167 3575 2207 neces-

329 2246 514 2309 saria,
556 2253 611 2301 et
645 2245 810 2301 dubia
843 2247 1111 2316 explicavi
1143 2246 1377 2300 aliorum
1416 2252 1700 2300 auctorum
1747 2248 2326 2321 collatione,_quorum
2363 2246 2480 2300 loca
2527 2243 2821 2314 exscripsi,
2858 2259 2926 2298 ne
2965 2243 3156 2307 lector,
3189 2244 3274 2299 vel
3319 2249 3574 2298 auctores

331 2339 604 2414 habendq
629 2341 793 2395 nimis
831 2339 1137 2410 fatigareris
1166 2340 1221 2395 in
1253 2341 1361 2395 illis
1400 2340 1770 2404 inveniendis,
1799 2340 1883 2395 vel
1928 2356 2037 2395 non
2086 2339 2358 2402 habendo,
2393 2338 2730 2393 fraudareris
2771 2352 2888 2407 Spe,
2921 2346 2975 2392 et
3015 2337 3289 2394 desiderio
3331 2337 3454 2392 illos
3488 2338 3572 2390 vi-

337 2433 528 2488 dendi.
569 2431 844 2502 Quidquid
879 2440 1061 2486 tamen
1097 2433 1188 2497 sit,
1225 2433 1369 2502 quod
1405 2432 1472 2486 ab
1506 2432 1629 2485 aliis
1661 2431 1714 2484 in
1743 2431 2082 2501 exponendis
2130 2430 2450 2486 auctoribus
2481 2437 2918 2499 exoptassemus,
2956 2429 3059 2483 hoc
3090 2446 3192 2486 nos
3236 2430 3292 2483 in
3341 2429 3570 2484 aliorum

336 2539 504 2580 usum
527 2523 826 2578 eﬂ‘ecimus.
863 2521 1063 2593 Sicque
1087 2523 1141 2577 in
1175 2522 1514 2594 corrigendis
1545 2523 1671 2577 aliis
1695 2531 1876 2585 caute,
1911 2521 1966 2574 in
1995 2519 2460 2590 reprehendendis
2503 2517 2770 2583 modeste,
2801 2518 2854 2572 in
2895 2519 3180 2575 laudandis
3202 2518 3439 2574 olIlciose
3471 2535 3574 2573 nos

335 2617 645 2690 gessimus,
678 2617 1134 2686 quemadmodum
1168 2625 1222 2670 et
1260 2617 1684 2671 obtrectatorum
1719 2614 1772 2668 in
1799 2615 1934 2668 alios
1961 2613 2247 2668 maledicta
2268 2613 2624 2682 negleximus.

409 2711 802 2780 Argumentum
838 2709 1004 2779 hujus
1028 2709 1209 2779 operis
1232 2719 1337 2773 est,
1365 2708 1536 2762 divini
1573 2705 1827 2761 Numinis
1858 2707 1914 2760 in
1955 2705 2248 2760 humanam
2294 2715 2546 2760 naturam
2589 2703 2849 2761 beneficia
2879 2705 3076 2760 collata
3109 2705 3287 2776 palam
3316 2704 3572 2759 omnibus

335 2799 554 2868 facere;
589 2801 817 2870 ejusque
866 2801 1184 2864 bonitatem,
1226 2797 1548 2870 potentiam,
1585 2797 1938 2868 sapientiam,
1983 2797 2350 2864 clementiam,
2399 2797 2771 2852 tolerantiam
2802 2797 3113 2865 ostendere;
3156 2797 3301 2868 quod
3337 2813 3405 2853 ex
3451 2801 3572 2872 ipsa

331 2908 522 2948 rerum
553 2894 851 2958 creatione,
875 2893 1268 2948 elementorum
1305 2892 1518 2946 scilicet
1561 2889 1941 2960 productione,
1983 2898 2179 2944 ornatu
2208 2890 2423 2954 mundi,
2450 2898 2631 2945 motus
2661 2891 3050 2961 aequabilitate,
3079 2891 3228 2957 solis,
3254 2890 3395 2948 lunae
3427 2892 3574 2948 side-

332 3001 569 3056 rumque
586 2987 828 3041 omnium
849 2985 1253 3058 pulchritudine
1273 2998 1338 3038 ac
1359 2983 1434 3044 vi,
1462 2982 1628 3037 maris
1643 2989 1805 3050 atque
1825 2989 2098 3036 terrarum
2129 2981 2521 3054 magnitudine.
2543 2983 2857 3037 animalium
2873 2982 3318 3053 proprietatibus,
3333 2982 3570 3039 hominis

332 3088 639 3152 structura,
664 3079 1075 3151 propagatione,
1101 3075 1574 3146 multiplicatione,
1604 3086 1668 3126 ac
1693 3071 1912 3126 tandem
1942 3073 2031 3128 via
2065 3073 2132 3127 ad
2166 3074 2420 3143 gratiam,
2456 3088 2579 3143 qua:
2610 3089 2706 3143 per
2743 3074 3026 3130 Christum
3052 3075 3250 3139 illuxit,
3283 3075 3572 3130 conﬁrmat

329 3180 388 3227 et
420 3172 758 3242 comprobat.
793 3172 924 3237 Quae
963 3169 1146 3224 omnia
1176 3169 1248 3220 ita
1278 3164 1546 3220 acerrimo
1570 3163 1789 3232 ingenio
1818 3161 2140 3219 Eustathius
2165 3163 2469 3226 adinvenit,
2503 3163 2748 3234 disponit
2779 3171 2833 3220 et
2872 3166 3242 3234 prosequitur,
3272 3173 3333 3220 ut
3356 3165 3427 3219 ab
3450 3167 3570 3236 ipso

329 3263 448 3319 Deo
479 3279 662 3318 rerum
692 3271 1013 3331 naturaque
1039 3259 1235 3330 opifice
1263 3272 1326 3312 ea
1369 3255 1634 3311 didicisse
1674 3254 1942 3310 videatur.
1969 3254 2136 3310 Multa
2169 3256 2224 3310 in
2257 3256 2382 3311 aliis
2410 3263 2466 3311 et
2495 3255 2900 3326 elegantissime
2930 3257 3135 3326 scripta
3179 3264 3232 3311 et
3257 3257 3572 3327 prudentis-

326 3357 715 3412 simedictata
749 3356 1014 3417 invenies,
1047 3361 1102 3406 at
1129 3352 1292 3406 dictis
1331 3348 1621 3413 Eustathii,
1655 3347 1796 3402 absit
1827 3347 1994 3403 verbo
2017 3349 2242 3417 injuria,
2277 3348 2418 3403 nihil
2447 3354 2532 3402 est
2559 3346 2940 3416 praestabilius,
2971 3347 3107 3401 nihil
3142 3347 3448 3417 pulchrius,
3473 3347 3572 3402 sed

326 3462 403 3502 ne
425 3446 658 3518 cogitari
697 3448 914 3517 quidem
940 3446 1133 3499 melius
1168 3450 1366 3514 potest.
1396 3440 1551 3496 Unde
1573 3456 1684 3494 non
1715 3439 1987 3495 immerito
2016 3446 2284 3495 tractatus
2307 3439 2396 3494 hic
2424 3439 2567 3495 inter
2594 3440 2738 3495 alios
2767 3438 2998 3493 aliorum
3027 3437 3092 3492 de
3120 3437 3308 3492 eadem
3341 3438 3570 3492 materia

325 3539 485 3593 solus
514 3538 813 3609 ὑπόμνημα
856 3538 998 3591 πάνυ
1034 3535 1344 3606 θαυμαστόν
1373 3533 1562 3589 vocari
1601 3535 1820 3598 meruit,
1862 3547 1949 3601 qui

1940 3531 2008 3584 od
2049 3533 2104 3587 in
2144 3531 2398 3587 omnibus
2438 3530 2560 3587 cod.
2597 3532 2876 3602 praeﬁxum
2926 3539 3050 3600 post
3091 3530 3309 3584 titulum
3347 3532 3564 3602 legitur.

321 3631 453 3689 Non
482 3631 732 3696 deerunt,
756 3630 850 3701 qui
876 3629 932 3683 id
965 3627 1080 3683 tieri
1109 3625 1322 3698 potest?
1352 3625 1445 3696 qui
1475 3640 1544 3679 ne
1571 3638 1778 3678 morem
1803 3623 2053 3694 perdant,
2103 3622 2310 3693 aliquid
2339 3621 2624 3678 Eustatbio
2658 3622 2938 3693 objicient,
2973 3629 3027 3678 et
3055 3638 3177 3677 cum
3208 3639 3318 3678 non
3352 3623 3571 3694 possint

322 3740 432 3780 nec
459 3723 723 3780 orationis
759 3730 1114 3786 structuram,
1154 3735 1257 3776 nec
1305 3719 1553 3774 ordinem
1585 3733 1768 3773 rerum
1804 3716 2223 3787 reprehendere.
2263 3718 2536 3771 notabunt
2577 3732 2763 3772 rerum
2805 3733 2942 3787 quas
2972 3723 3172 3772 tractat
3217 3717 3570 3772 incertitudi-

319 3833 479 3882 nem,
517 3817 956 3888 contendentque
986 3814 1232 3886 vulgaria
1259 3828 1384 3868 esse
1407 3819 1462 3868 et
1487 3811 1654 3866 anilia
1677 3826 1800 3882 quae
1825 3810 1916 3865 hic
1938 3811 2310 3876 continent-ur,
2334 3811 2453 3866 viro
2474 3809 2852 3866 ecclesiastico
2882 3818 2934 3866 et
2961 3819 3114 3866 tanto
3142 3810 3289 3865 Patri
3319 3809 3564 3880 indigna.

317 3909 447 3966 Hoc
481 3909 609 3964 item
658 3908 966 3981 Epiphanio
1004 3909 1060 3964 in
1091 3906 1412 3978 Physiologo
1441 3903 1721 3974 objectum
1747 3912 1835 3959 est
1875 3918 1907 3956 a
1939 3901 2288 3973 quibusdam,
2325 3903 2618 3971 acriusque
2649 3901 2705 3957 in
2751 3901 2901 3956 illum
2933 3902 3392 3958 animadversum.
3423 3900 3569 3958 Inter

311 4019 418 4061 eos
447 4001 735 4057 Conradus
755 4001 1055 4066 Gesnerus,
1084 4007 1138 4055 et
1168 4013 1282 4052 non
1321 3996 1492 4051 intimi
1533 3994 1771 4049 nominis
1804 4002 1998 4049 auctor
2026 3992 2304 4057 Pererius,
2332 3993 2428 4064 qui
2459 3995 2514 4048 in
2543 3990 2732 4048 Cenes.
2760 4007 2884 4063 cap.
2918 4009 3048 4057 xxx,
3079 3995 3221 4066 disp.
3250 3995 3302 4060 1,
3327 3995 3520 4053 scribit
3547 4009 3561 4048 :

312 4094 438 4151 Nec
473 4091 760 4146 admodum
775 4093 1075 4163 quempiam
1105 4096 1307 4145 moveat
1340 4085 1624 4156 Epiphauii
1651 4085 1943 4138 auctoritas
1975 4083 2031 4138 id
2055 4083 2311 4138 tradentis
2336 4085 2393 4138 in
2411 4082 2764 4155 Pbysiologo.
2795 4082 3066 4139 Nimirum
3093 4084 3142 4137 is
3165 4100 3268 4139 non
3296 4091 3403 4138 tam
3427 4084 3481 4137 iu
3502 4100 3564 4138 eo

310 4187 463 4243 libro
506 4185 733 4255 diligens
763 4195 811 4240 et
847 4187 1094 4240 curiosus
1124 4185 1225 4253 fuit
1254 4181 1491 4236 veritatis
1518 4177 1752 4232 historice
1775 4193 1956 4232 earum
1983 4193 2159 4231 rerum
2185 4192 2316 4243 quas
2345 4175 2418 4230 ibi
2453 4185 2727 4240 memorat,
2749 4192 2907 4246 quam
2949 4191 3037 4230 eas
3073 4192 3155 4229 res
3184 4175 3564 4244 interpretandi

303 4284 561 4354 apposite
578 4282 758 4350 pieque
784 4275 1067 4333 secundum
1087 4273 1489 4343 intelligentiam
1511 4269 1847 4338 allegoricam
1874 4278 1923 4322 et
1955 4266 2354 4336 tropologicum.
2398 4265 2580 4332 Quare
2607 4264 2950 4335 proprietates
2994 4263 3306 4317 animalium
3325 4273 3376 4318 et
3403 4265 3560 4332 plau-

301 4390 495 4433 tarum
527 4373 675 4442 vulgo
708 4371 954 4434 creditas,
977 4377 1026 4424 et
1048 4368 1268 4423 consilio
1295 4373 1346 4419 et
1376 4364 1644 4434 proposito
1667 4379 1762 4418 suo
1785 4359 2212 4414 accommodatas
2247 4359 2462 4413 libenter
2489 4359 2794 4424 assumpsit.
2828 4355 2934 4411 Sed
2965 4372 3068 4427 pro
3089 4356 3393 4426 Epiphanio
3423 4359 3560 4415 satis

294 4482 599 4542 superque
628 4463 922 4534 respondet
951 4461 1256 4517 Consalvus
1279 4457 1513 4513 Pontius
1542 4454 1874 4510 Prazfatione
1902 4450 1971 4505 ad
2001 4453 2284 4516 lectorem,
2319 4452 2373 4506 in
2404 4449 2652 4520 ejusdem
2682 4447 2973 4519 Epiphanii
3009 4447 3354 4542 Physiologo.

373 4541 526 4630 Quae
555 4559 626 4613 de
657 4555 1084 4627 proprietatibus
1112 4551 1433 4607 animalium
1465 4557 1519 4604 et
1545 4547 1859 4604 Judaeorum
1893 4545 2237 4614 antiquitate,
2271 4543 2506 4613 aliisque
2529 4543 2812 4599 nonnullis
2834 4541 3092 4598 edisserit
3115 4541 3458 4605 Eustathius,
3494 4557 3558 4596 ea

297 4665 442 4717 sunt
475 4639 783 4710 multorum
828 4655 1111 4701 auctorum
1142 4645 1356 4698 ﬁrmata
1400 4658 1695 4699 consensu.
1735 4637 1894 4705 Quod
1915 4647 1975 4692 ut
2011 4636 2208 4706 magis,
2247 4649 2311 4690 ac
2361 4633 2535 4704 magis
2579 4634 2890 4690 innotescat
2926 4632 2983 4687 in
3022 4632 3170 4687 notis
3213 4631 3430 4686 laudavi
3461 4647 3559 4684 au-

297 4762 501 4807 ctores
530 4743 681 4800 unde
718 4741 1091 4808 desumpsisse
1123 4736 1362 4799 videtur,
1393 4749 1612 4788 necnon
1643 4739 1812 4787 eteos
1841 4727 1934 4800 qui
1970 4727 2040 4782 ab
2083 4725 2368 4782 Eustathio
2413 4738 2511 4778 sua
2563 4723 2795 4776 mutuati
2852 4728 2999 4776 sunt.
3033 4720 3218 4776 Rebus
3255 4720 3400 4775 enim
3451 4719 3556 4776 hoc

297 4843 463 4900 addit
497 4837 795 4897 maximam
811 4832 1223 4893 auctoritatem,
1259 4829 1464 4883 habere
1491 4826 1640 4880 viros
1682 4823 1952 4888 laudatos,
1987 4820 2076 4891 qui
2111 4833 2221 4874 una
2264 4825 2446 4873 tecum
2496 4813 2732 4870 sentiant
2762 4811 3059 4882 eademque
3081 4818 3322 4868 narrent.
3358 4810 3553 4865 Mirum

299 4948 497 4996 autem
523 4942 610 4992 est
639 4934 694 4989 in
720 4930 975 4987 omnibus
1003 4943 1129 4983 acre
1157 4927 1295 4981 tanti
1322 4923 1506 4980 Patris
1525 4919 1968 4992 judicium-eligit
1991 4915 2214 4971 meliora
2232 4918 2483 4980 tutaque,
2505 4904 3012 4975 velutimargaritas
3033 4919 3070 4958 .e
3094 4903 3240 4996 luto,
3259 4901 3313 4955 in
3344 4915 3554 4996 suaque

302 4993 523 5101 scripta
561 5024 846 5089 transfert,
871 5031 1066 5077 caetera
1097 5027 1158 5075 ut
1189 5020 1425 5090 objecta,
1455 5017 1585 5071 vilia
1616 5016 1929 5084 nulliusque
1962 5005 2226 5064 momenti
2252 5004 2485 5101 despicit
2517 5001 3164 5101 negligjtquelaccuratzle
3189 4993 3556 5101 ejusin‘oni-

300 5083 478 5177 niburs
505 5116 803 5189 diligentiae
830 5083 1201 5182 exquisitique
1230 5083 1400 5165 studii
1436 5083 1852 5178 argumentum.
1873 5102 2046 5172 Alias,
2076 5102 2361 5189 annuente
2381 5087 2998 5189 Deo,‘e_t“benignit_ate,
3031 5101 3095 5189 ac
3124 5085 3462 5189 humanitate
3486 5083 3556 5138 il—

298 5178 635 5270 lustrissimi
663 5225 728 5265 ac
752 5178 1192 5262 reverendissimi
1228 5202 1510 5258 Francisci
1539 5197 1834 5256 cardinalis
1885 5189 2191 5253 Barbarini,
2236 5186 2298 5242 S.
2329 5185 2398 5243 R.
2426 5184 2489 5238 Ε.
2513 5181 2937 5244 bibliothecarii,
2963 5178 3124 5270 cujus
3166 5183 3300 5235 nutu
3321 5191 3550 5270 securo,

294 5266 654 5362 ielicissimis
701 5297 899 5353 studiis
928 5294 1301 5364 auspiciisque
1331 5291 1610 5347 muniticis
1657 5303 1747 5342 res
1798 5284 2078 5342 litterariae
2120 5285 2385 5350 reparatae
2433 5273 2733 5329 fundantur
2778 5279 2833 5328 et
2861 5269 3280 5364 continuantur,
3313 5266 3547 5364 favente.

295 5359 583 5453 nonnulla
614 5389 738 5444 alia.
766 5359 1117 5458 ejusdem-et
1153 5359 1466 5456 praesertim
1497 5399 1616 5454 qua:
1655 5381 1908 5436 adversus
1954 5376 2231 5445 Origenem
2255 5369 2326 5424 de
2349 5364 2788 5458 ,engastrimgtho
2817 5360 3184 5458 disertissime
3198 5359 3554 5458 piissimeque

290 5451 644 5556 composuit,
676 5451 851 5547 dabo;
884 5480 1085 5550 quibus
1114 5451 1177 5533 et.
1209 5478 1324 5532 haec
1349 5490 1479 5531 mea
1507 5451 1723 5535 addam,
1764 5481 1818 5526 et
1847 5468 2096 5531 meliora,
2125 5476 2178 5520 et
2205 5459 2597 5520 emcndatiora.
2632 5456 2778 5520 llam,
2824 5456 3017 5518 lector,
3048 5451 3295 5510 volebam
3333 5451 3556 5510 nescius

293 5596 368 5635 ne
399 5587 588 5634 esses.
620 5570 769 5626 Vale.

1741 5712 2171 5740 -φθσι-ο
