  <div class='ocr_page' id='page_1' title='image "/cluster/home/n/w/nwhite01/storage/ocr_20150623/18/coo.31924054872985/367.png"; bbox 0 0 4112 6452; ppageno 0'>
   <div class='ocr_carea' id='block_1_1' title="bbox 497 416 601 474">
    <p class='ocr_par' dir='ltr' id='par_1_1' title="bbox 497 416 601 474">
     <span class='ocr_line' id='line_1_1' title="bbox 497 416 601 474; baseline -0.038 1"><span class='ocrx_word' id='word_1_1' title='bbox 497 416 601 474; x_wconf 81' lang='grc'><strong>707</strong></span> 
     </span>
    </p>
   </div>
   <div class='ocr_carea' id='block_1_2' title="bbox 1339 415 2837 473">
    <p class='ocr_par' dir='ltr' id='par_1_2' title="bbox 1339 415 2837 473">
     <span class='ocr_line' id='line_1_2' title="bbox 1339 415 2837 473; baseline 0.001 -3"><span class='ocrx_word' id='word_1_2' title='bbox 1339 417 1395 471; x_wconf 88' lang='lat' dir='ltr'><strong>S.</strong></span> <span class='ocrx_word' id='word_1_3' title='bbox 1438 415 1878 471; x_wconf 65' lang='lat' dir='ltr'><strong>El&#39;STATI‘IlL’S</strong></span> <span class='ocrx_word' id='word_1_4' title='bbox 1917 415 2406 471; x_wconf 75' lang='lat' dir='ltr'><strong>ANTIOCHENUS</strong></span> <span class='ocrx_word' id='word_1_5' title='bbox 2442 415 2837 473; x_wconf 81' lang='lat' dir='ltr'><strong>EPISCOPUS.</strong></span> 
     </span>
    </p>
   </div>
   <div class='ocr_carea' id='block_1_3' title="bbox 3619 414 3721 469">
    <p class='ocr_par' dir='ltr' id='par_1_3' title="bbox 3619 414 3721 469">
     <span class='ocr_line' id='line_1_3' title="bbox 3619 414 3721 469; baseline 0.02 -2"><span class='ocrx_word' id='word_1_6' title='bbox 3619 414 3721 469; x_wconf 70' lang='grc' dir='ltr'><strong>’ωε</strong></span> 
     </span>
    </p>
   </div>
   <div class='ocr_carea' id='block_1_4' title="bbox 1539 781 2595 837">
    <p class='ocr_par' dir='ltr' id='par_1_4' title="bbox 1539 781 2595 837">
     <span class='ocr_line' id='line_1_4' title="bbox 1539 781 2595 837; baseline 0.002 -2"><span class='ocrx_word' id='word_1_7' title='bbox 1539 781 1677 836; x_wconf 87' lang='grc' dir='ltr'><strong>ΤΟΥ</strong></span> <span class='ocrx_word' id='word_1_8' title='bbox 1713 782 1805 835; x_wconf 83' lang='grc' dir='ltr'><strong>ΕΝ</strong></span> <span class='ocrx_word' id='word_1_9' title='bbox 1841 783 2061 837; x_wconf 81' lang='grc' dir='ltr'><strong>ΔΓΙΟῙΣ</strong></span> <span class='ocrx_word' id='word_1_10' title='bbox 2094 782 2361 836; x_wconf 75' lang='grc' dir='ltr'><strong>ΠΑΤΡοΣ</strong></span> <span class='ocrx_word' id='word_1_11' title='bbox 2395 783 2595 837; x_wconf 74' lang='grc' dir='ltr'><strong>ΗΜΩΝ</strong></span> 
     </span>
    </p>
   </div>
   <div class='ocr_carea' id='block_1_5' title="bbox 1688 945 2524 1063">
    <p class='ocr_par' dir='ltr' id='par_1_5' title="bbox 1688 945 2524 1063">
     <span class='ocr_line' id='line_1_5' title="bbox 1688 945 2524 1063; baseline -0.002 -1"><span class='ocrx_word' id='word_1_12' title='bbox 1688 945 2524 1063; x_wconf 87' lang='grc' dir='ltr'><strong>ΕΥΣΤΑΘΙΟΥ</strong></span> 
     </span>
    </p>
   </div>
   <div class='ocr_carea' id='block_1_6' title="bbox 1301 1163 2933 1223">
    <p class='ocr_par' dir='ltr' id='par_1_6' title="bbox 1301 1163 2933 1223">
     <span class='ocr_line' id='line_1_6' title="bbox 1301 1163 2933 1223; baseline -0.002 0"><span class='ocrx_word' id='word_1_13' title='bbox 1301 1166 1886 1223; x_wconf 78' lang='grc' dir='ltr'><strong>ΑΡΧΙΕΠΙΣΚΟΠΟΥ</strong></span> <span class='ocrx_word' id='word_1_14' title='bbox 1915 1167 2356 1221; x_wconf 78' lang='grc' dir='ltr'><strong>ΑΝἸῚΟΧΕῙΔΣ</strong></span> <span class='ocrx_word' id='word_1_15' title='bbox 2388 1167 2522 1221; x_wconf 77' lang='grc' dir='ltr'><strong>ΚΑΙ</strong></span> <span class='ocrx_word' id='word_1_16' title='bbox 2546 1163 2933 1221; x_wconf 79' lang='grc' dir='ltr'><strong>ΜΑΡΤΥΡΟΣ</strong></span> 
     </span>
    </p>
   </div>
   <div class='ocr_carea' id='block_1_7' title="bbox 1218 1322 3008 1521">
    <p class='ocr_par' dir='ltr' id='par_1_7' title="bbox 1218 1322 3008 1521">
     <span class='ocr_line' id='line_1_7' title="bbox 1218 1322 3008 1521; baseline -0.001 -57"><span class='ocrx_word' id='word_1_17' title='bbox 1218 1336 1484 1464; x_wconf 79' lang='grc' dir='ltr'><strong>ΕΙΣ</strong></span> <span class='ocrx_word' id='word_1_18' title='bbox 1559 1333 1904 1521; x_wconf 82' lang='grc' dir='ltr'><strong>ΤΗΝ</strong></span> <span class='ocrx_word' id='word_1_19' title='bbox 1987 1322 3008 1466; x_wconf 80' lang='grc' dir='ltr'><strong>ΕΞΑΗΜΕΡΟΝ</strong></span> 
     </span>
    </p>
   </div>
   <div class='ocr_carea' id='block_1_8' title="bbox 1776 1560 2440 1658">
    <p class='ocr_par' dir='ltr' id='par_1_8' title="bbox 1776 1560 2440 1658">
     <span class='ocr_line' id='line_1_8' title="bbox 1776 1560 2440 1658; baseline 0.002 -1"><span class='ocrx_word' id='word_1_20' title='bbox 1776 1560 2440 1658; x_wconf 60' lang='grc' dir='ltr'><strong>’ΥΠΟΜΝΗΜΑ</strong></span> 
     </span>
    </p>
   </div>
   <div class='ocr_carea' id='block_1_9' title="bbox 1197 1730 3038 2010">
    <p class='ocr_par' dir='ltr' id='par_1_9' title="bbox 1197 1730 3038 2010">
     <span class='ocr_line' id='line_1_9' title="bbox 1197 1730 3038 2010; baseline -0.004 -4"><span class='ocrx_word' id='word_1_21' title='bbox 1197 1848 1359 2006; x_wconf 88' lang='lat' dir='ltr'><strong>s.</strong></span> <span class='ocrx_word' id='word_1_22' title='bbox 1451 1855 1623 2003; x_wconf 90' lang='lat' dir='ltr'><strong>P.</strong></span> <span class='ocrx_word' id='word_1_23' title='bbox 1713 1853 1919 2004; x_wconf 88' lang='lat' dir='ltr'><strong>N.</strong></span> <span class='ocrx_word' id='word_1_24' title='bbox 2005 1730 3038 2010; x_wconf 55' lang='lat' dir='ltr'><strong>E—USTATHII</strong></span> 
     </span>
    </p>
   </div>
   <div class='ocr_carea' id='block_1_10' title="bbox 786 2131 3449 2228">
    <p class='ocr_par' dir='ltr' id='par_1_10' title="bbox 786 2131 3449 2228">
     <span class='ocr_line' id='line_1_10' title="bbox 786 2131 3449 2228; baseline -0.001 -2"><span class='ocrx_word' id='word_1_25' title='bbox 786 2131 1701 2227; x_wconf 82' lang='lat' dir='ltr'><strong>ABCHIEPISCOPI</strong></span> <span class='ocrx_word' id='word_1_26' title='bbox 1778 2134 2538 2228; x_wconf 80' lang='lat' dir='ltr'><strong>ANTIOCHENI</strong></span> <span class='ocrx_word' id='word_1_27' title='bbox 2613 2135 2765 2224; x_wconf 83' lang='lat' dir='ltr'><strong>ET</strong></span> <span class='ocrx_word' id='word_1_28' title='bbox 2834 2132 3449 2224; x_wconf 82' lang='lat' dir='ltr'><strong>MARTYRIS</strong></span> 
     </span>
    </p>
   </div>
   <div class='ocr_carea' id='block_1_11' title="bbox 917 2346 3324 2465">
    <p class='ocr_par' dir='ltr' id='par_1_11' title="bbox 917 2346 3324 2465">
     <span class='ocr_line' id='line_1_11' title="bbox 917 2346 3324 2465; baseline -0.002 0"><span class='ocrx_word' id='word_1_29' title='bbox 917 2347 2038 2465; x_wconf 81' lang='lat' dir='ltr'><strong>COMMENTARIUS</strong></span> <span class='ocrx_word' id='word_1_30' title='bbox 2118 2348 2267 2460; x_wconf 88' lang='lat' dir='ltr'><strong>IN</strong></span> <span class='ocrx_word' id='word_1_31' title='bbox 2348 2346 3324 2461; x_wconf 83' lang='lat' dir='ltr'><strong>HEXAEMERON</strong></span> 
     </span>
    </p>
   </div>
   <div class='ocr_carea' id='block_1_12' title="bbox 1671 2572 2565 2654">
    <p class='ocr_par' dir='ltr' id='par_1_12' title="bbox 1671 2572 2565 2654">
     <span class='ocr_line' id='line_1_12' title="bbox 1671 2572 2565 2654; baseline -0.001 -15"><span class='ocrx_word' id='word_1_32' title='bbox 1671 2576 1885 2639; x_wconf 85' lang='lat' dir='ltr'><strong>Leone</strong></span> <span class='ocrx_word' id='word_1_33' title='bbox 1921 2572 2156 2637; x_wconf 76' lang='lat' dir='ltr'><strong>Allatio</strong></span> <span class='ocrx_word' id='word_1_34' title='bbox 2194 2574 2565 2654; x_wconf 74' lang='lat' dir='ltr'><strong>interprete.</strong></span> 
     </span>
    </p>
   </div>
   <div class='ocr_carea' id='block_1_13' title="bbox 570 2826 2089 2906">
    <p class='ocr_par' dir='ltr' id='par_1_13' title="bbox 570 2826 2064 2899">
     <span class='ocr_line' id='line_1_13' title="bbox 570 2826 2064 2899; baseline 0.007 -20"><span class='ocrx_word' id='word_1_35' title='bbox 570 2828 822 2885; x_wconf 79' lang='lat' dir='ltr'><strong>Clemens</strong></span> <span class='ocrx_word' id='word_1_36' title='bbox 847 2835 900 2884; x_wconf 86' lang='lat' dir='ltr'><strong>ct</strong></span> <span class='ocrx_word' id='word_1_37' title='bbox 924 2826 1234 2891; x_wconf 81' lang='lat' dir='ltr'><strong>Africanus,</strong></span> <span class='ocrx_word' id='word_1_38' title='bbox 1261 2833 1315 2880; x_wconf 89' lang='lat' dir='ltr'><strong>et</strong></span> <span class='ocrx_word' id='word_1_39' title='bbox 1335 2836 1531 2897; x_wconf 67' lang='lat' dir='ltr'><strong>praeter</strong></span> <span class='ocrx_word' id='word_1_40' title='bbox 1566 2829 1669 2886; x_wconf 86' lang='lat' dir='ltr'><strong>hos</strong></span> <span class='ocrx_word' id='word_1_41' title='bbox 1701 2830 1989 2899; x_wconf 80' lang='lat' dir='ltr'><strong>Tatianus,</strong></span> <span class='ocrx_word' id='word_1_42' title='bbox 2010 2842 2064 2891; x_wconf 89' lang='lat' dir='ltr'><strong>et</strong></span> 
     </span>
    </p>
   </div>
   <div class='ocr_carea' id='block_1_14' title="bbox 2164 2826 3741 2906">
    <p class='ocr_par' dir='ltr' id='par_1_14' title="bbox 2236 2828 3741 2906">
     <span class='ocr_line' id='line_1_14' title="bbox 2236 2828 3741 2906; baseline -0.002 -19"><span class='ocrx_word' id='word_1_43' title='bbox 2236 2833 2468 2906; x_wconf 84' lang='grc' dir='ltr'>Κλήμης</span> <span class='ocrx_word' id='word_1_44' title='bbox 2505 2833 2605 2905; x_wconf 78' lang='grc' dir='ltr'>μὲν</span> <span class='ocrx_word' id='word_1_45' title='bbox 2636 2828 2748 2899; x_wconf 73' lang='grc' dir='ltr'>οὖν,</span> <span class='ocrx_word' id='word_1_46' title='bbox 2775 2831 2870 2887; x_wconf 76' lang='grc' dir='ltr'>καὶ</span> <span class='ocrx_word' id='word_1_47' title='bbox 2898 2829 3222 2906; x_wconf 79' lang='grc' dir='ltr'>Ἀφρικανὸς</span> <span class='ocrx_word' id='word_1_48' title='bbox 3245 2830 3340 2885; x_wconf 78' lang='grc' dir='ltr'>καὶ</span> <span class='ocrx_word' id='word_1_49' title='bbox 3367 2831 3504 2904; x_wconf 85' lang='grc' dir='ltr'>πρὸς</span> <span class='ocrx_word' id='word_1_50' title='bbox 3530 2834 3741 2894; x_wconf 78' lang='grc' dir='ltr'><strong>τούτοις</strong></span> 
     </span>
    </p>
   </div>
   <div class='ocr_carea' id='block_1_15' title="bbox 496 2915 2066 2997">
    <p class='ocr_par' dir='ltr' id='par_1_15' title="bbox 496 2915 2066 2997">
     <span class='ocr_line' id='line_1_15' title="bbox 496 2915 2066 2997; baseline 0.009 -28"><span class='ocrx_word' id='word_1_51' title='bbox 496 2932 564 2971; x_wconf 75' lang='lat' dir='ltr'><strong>ex</strong></span> <span class='ocrx_word' id='word_1_52' title='bbox 618 2915 820 2973; x_wconf 67' lang='lat' dir='ltr'><strong>ludatis</strong></span> <span class='ocrx_word' id='word_1_53' title='bbox 877 2916 1150 2989; x_wconf 71' lang='lat' dir='ltr'><strong>Iosephus</strong></span> <span class='ocrx_word' id='word_1_54' title='bbox 1203 2925 1258 2974; x_wconf 88' lang='lat' dir='ltr'><strong>et</strong></span> <span class='ocrx_word' id='word_1_55' title='bbox 1307 2918 1533 2986; x_wconf 50' lang='lat' dir='ltr'><strong>Justus,</strong></span> <span class='ocrx_word' id='word_1_56' title='bbox 1578 2924 1801 2995; x_wconf 90' lang='lat' dir='ltr'><strong>proprio</strong></span> <span class='ocrx_word' id='word_1_57' title='bbox 1832 2927 2066 2997; x_wconf 88' lang='lat' dir='ltr'><strong>quisque</strong></span> 
     </span>
    </p>
   </div>
   <div class='ocr_carea' id='block_1_16' title="bbox 499 3009 2068 3090">
    <p class='ocr_par' dir='ltr' id='par_1_16' title="bbox 499 3009 2068 3090">
     <span class='ocr_line' id='line_1_16' title="bbox 499 3009 2068 3090; baseline 0.009 -28"><span class='ocrx_word' id='word_1_58' title='bbox 499 3009 683 3074; x_wconf 88' lang='lat' dir='ltr'><strong>modo,</strong></span> <span class='ocrx_word' id='word_1_59' title='bbox 718 3009 789 3064; x_wconf 87' lang='lat' dir='ltr'><strong>ah</strong></span> <span class='ocrx_word' id='word_1_60' title='bbox 818 3009 1058 3080; x_wconf 77' lang='lat' dir='ltr'><strong>antiquis</strong></span> <span class='ocrx_word' id='word_1_61' title='bbox 1099 3010 1343 3068; x_wconf 84' lang='lat' dir='ltr'><strong>historiis</strong></span> <span class='ocrx_word' id='word_1_62' title='bbox 1371 3012 1440 3068; x_wconf 89' lang='lat' dir='ltr'><strong>ad</strong></span> <span class='ocrx_word' id='word_1_63' title='bbox 1471 3014 1525 3069; x_wconf 88' lang='lat' dir='ltr'><strong>id</strong></span> <span class='ocrx_word' id='word_1_64' title='bbox 1559 3018 1898 3087; x_wconf 88' lang='lat' dir='ltr'><strong>probandum</strong></span> <span class='ocrx_word' id='word_1_65' title='bbox 1929 3036 2068 3090; x_wconf 71' lang='lat' dir='ltr'><strong>prte-</strong></span> 
     </span>
    </p>
   </div>
   <div class='ocr_carea' id='block_1_17' title="bbox 499 3100 2066 3179">
    <p class='ocr_par' dir='ltr' id='par_1_17' title="bbox 499 3100 2066 3179">
     <span class='ocr_line' id='line_1_17' title="bbox 499 3100 2066 3179; baseline 0.008 -24"><span class='ocrx_word' id='word_1_66' title='bbox 499 3100 630 3158; x_wconf 80' lang='lat' dir='ltr'><strong>bitis</strong></span> <span class='ocrx_word' id='word_1_67' title='bbox 660 3102 1014 3173; x_wconf 81' lang='lat' dir='ltr'><strong>argumentis,</strong></span> <span class='ocrx_word' id='word_1_68' title='bbox 1045 3102 1286 3158; x_wconf 79' lang='lat' dir='ltr'><strong>divinum</strong></span> <span class='ocrx_word' id='word_1_69' title='bbox 1313 3103 1548 3177; x_wconf 77' lang='lat' dir='ltr'><strong>Moysem</strong></span> <span class='ocrx_word' id='word_1_70' title='bbox 1575 3110 1914 3179; x_wconf 69' lang='lat' dir='ltr'><strong>tempoliius</strong></span> <span class='ocrx_word' id='word_1_71' title='bbox 1940 3110 2066 3168; x_wconf 81' lang='lat' dir='ltr'><strong>lna-</strong></span> 
     </span>
    </p>
   </div>
   <div class='ocr_carea' id='block_1_18' title="bbox 498 3194 2069 3272">
    <p class='ocr_par' dir='ltr' id='par_1_18' title="bbox 498 3194 2069 3272">
     <span class='ocr_line' id='line_1_18' title="bbox 498 3194 2069 3272; baseline 0.008 -26"><span class='ocrx_word' id='word_1_72' title='bbox 498 3194 588 3247; x_wconf 83' lang='lat' dir='ltr'><strong>chi</strong></span> <span class='ocrx_word' id='word_1_73' title='bbox 638 3196 730 3265; x_wconf 87' lang='lat' dir='ltr'><strong>qui</strong></span> <span class='ocrx_word' id='word_1_74' title='bbox 779 3196 1134 3267; x_wconf 72' lang='lat' dir='ltr'><strong>septingentis</strong></span> <span class='ocrx_word' id='word_1_75' title='bbox 1181 3197 1341 3253; x_wconf 89' lang='lat' dir='ltr'><strong>annis</strong></span> <span class='ocrx_word' id='word_1_76' title='bbox 1377 3198 1578 3254; x_wconf 86' lang='lat' dir='ltr'><strong>bellum</strong></span> <span class='ocrx_word' id='word_1_77' title='bbox 1622 3198 1915 3272; x_wconf 88' lang='lat' dir='ltr'><strong>Trojanum</strong></span> <span class='ocrx_word' id='word_1_78' title='bbox 1967 3219 2069 3260; x_wconf 84' lang='lat' dir='ltr'><strong>an-</strong></span> 
     </span>
    </p>
   </div>
   <div class='ocr_carea' id='block_1_19' title="bbox 500 3287 2064 3360">
    <p class='ocr_par' dir='ltr' id='par_1_19' title="bbox 500 3287 2064 3360">
     <span class='ocr_line' id='line_1_19' title="bbox 500 3287 2064 3360; baseline 0.008 -23"><span class='ocrx_word' id='word_1_79' title='bbox 500 3292 820 3351; x_wconf 81' lang='lat' dir='ltr'><strong>tecesserat,</strong></span> <span class='ocrx_word' id='word_1_80' title='bbox 879 3287 1152 3354; x_wconf 78' lang='lat' dir='ltr'><strong>ﬂoruisse,</strong></span> <span class='ocrx_word' id='word_1_81' title='bbox 1211 3288 1407 3345; x_wconf 86' lang='lat' dir='ltr'><strong>litteris</strong></span> <span class='ocrx_word' id='word_1_82' title='bbox 1458 3291 1773 3360; x_wconf 81' lang='lat' dir='ltr'><strong>prodidere.</strong></span> <span class='ocrx_word' id='word_1_83' title='bbox 1833 3292 2064 3360; x_wconf 81' lang='lat' dir='ltr'><strong>Quidam</strong></span> 
     </span>
    </p>
   </div>
   <div class='ocr_carea' id='block_1_20' title="bbox 496 3377 2064 3457">
    <p class='ocr_par' dir='ltr' id='par_1_20' title="bbox 496 3377 2064 3457">
     <span class='ocr_line' id='line_1_20' title="bbox 496 3377 2064 3457; baseline 0.006 -26"><span class='ocrx_word' id='word_1_84' title='bbox 496 3377 661 3432; x_wconf 80' lang='lat' dir='ltr'><strong>etiam</strong></span> <span class='ocrx_word' id='word_1_85' title='bbox 689 3378 980 3434; x_wconf 69' lang='lat' dir='ltr'><strong>sanctitate</strong></span> <span class='ocrx_word' id='word_1_86' title='bbox 1010 3380 1260 3445; x_wconf 90' lang='lat' dir='ltr'><strong>illustris,</strong></span> <span class='ocrx_word' id='word_1_87' title='bbox 1293 3382 1725 3453; x_wconf 77' lang='lat' dir='ltr'><strong>exquisitissime</strong></span> <span class='ocrx_word' id='word_1_88' title='bbox 1760 3393 2064 3457; x_wconf 83' lang='lat' dir='ltr'><strong>temporum</strong></span> 
     </span>
    </p>
   </div>
   <div class='ocr_carea' id='block_1_21' title="bbox 493 3471 2068 3537">
    <p class='ocr_par' dir='ltr' id='par_1_21' title="bbox 493 3471 2068 3537">
     <span class='ocr_line' id='line_1_21' title="bbox 493 3471 2068 3537; baseline 0.008 -13"><span class='ocrx_word' id='word_1_89' title='bbox 493 3471 712 3527; x_wconf 83' lang='lat' dir='ltr'><strong>ratione</strong></span> <span class='ocrx_word' id='word_1_90' title='bbox 763 3480 1069 3537; x_wconf 88' lang='lat' dir='ltr'><strong>contracta,</strong></span> <span class='ocrx_word' id='word_1_91' title='bbox 1129 3474 1538 3530; x_wconf 89' lang='lat' dir='ltr'><strong>sanctissimum</strong></span> <span class='ocrx_word' id='word_1_92' title='bbox 1591 3475 1852 3533; x_wconf 69' lang='lat' dir='ltr'><strong>Iacobum</strong></span> <span class='ocrx_word' id='word_1_93' title='bbox 1909 3489 2068 3537; x_wconf 64' lang='lat' dir='ltr'><strong>aetate</strong></span> 
     </span>
    </p>
   </div>
   <div class='ocr_carea' id='block_1_22' title="bbox 493 3559 2063 3642">
    <p class='ocr_par' dir='ltr' id='par_1_22' title="bbox 493 3559 2063 3642">
     <span class='ocr_line' id='line_1_22' title="bbox 493 3559 2063 3642; baseline 0.008 -26"><span class='ocrx_word' id='word_1_94' title='bbox 493 3559 680 3617; x_wconf 77' lang='lat' dir='ltr'><strong>Inachi</strong></span> <span class='ocrx_word' id='word_1_95' title='bbox 708 3566 975 3635; x_wconf 87' lang='lat' dir='ltr'><strong>comperit</strong></span> <span class='ocrx_word' id='word_1_96' title='bbox 998 3565 1282 3621; x_wconf 77' lang='lat' dir='ltr'><strong>claruisse.</strong></span> <span class='ocrx_word' id='word_1_97' title='bbox 1308 3565 1415 3623; x_wconf 88' lang='lat' dir='ltr'><strong>Sed</strong></span> <span class='ocrx_word' id='word_1_98' title='bbox 1460 3567 1565 3622; x_wconf 89' lang='lat' dir='ltr'><strong>hoc</strong></span> <span class='ocrx_word' id='word_1_99' title='bbox 1594 3568 1662 3624; x_wconf 86' lang='lat' dir='ltr'><strong>de</strong></span> <span class='ocrx_word' id='word_1_100' title='bbox 1695 3568 1880 3642; x_wconf 79' lang='lat' dir='ltr'><strong>Moyse</strong></span> <span class='ocrx_word' id='word_1_101' title='bbox 1905 3569 2063 3628; x_wconf 75' lang='lat' dir='ltr'><strong>lose-</strong></span> 
     </span>
    </p>
   </div>
   <div class='ocr_carea' id='block_1_23' title="bbox 492 3652 2063 3724">
    <p class='ocr_par' dir='ltr' id='par_1_23' title="bbox 492 3652 2063 3724">
     <span class='ocr_line' id='line_1_23' title="bbox 492 3652 2063 3724; baseline 0.006 -17"><span class='ocrx_word' id='word_1_102' title='bbox 492 3653 637 3723; x_wconf 75' lang='lat' dir='ltr'><strong>phus</strong></span> <span class='ocrx_word' id='word_1_103' title='bbox 672 3652 925 3710; x_wconf 78' lang='lat' dir='ltr'><strong>afﬁrmat.</strong></span> <span class='ocrx_word' id='word_1_104' title='bbox 972 3653 1097 3724; x_wconf 81' lang='lat' dir='ltr'><strong>Ipse</strong></span> <span class='ocrx_word' id='word_1_105' title='bbox 1134 3657 1279 3711; x_wconf 89' lang='lat' dir='ltr'><strong>enim</strong></span> <span class='ocrx_word' id='word_1_106' title='bbox 1335 3672 1460 3712; x_wconf 91' lang='lat' dir='ltr'><strong>cum</strong></span> <span class='ocrx_word' id='word_1_107' title='bbox 1500 3673 1768 3714; x_wconf 85' lang='lat' dir='ltr'><strong>annorum</strong></span> <span class='ocrx_word' id='word_1_108' title='bbox 1818 3661 2063 3719; x_wconf 86' lang='lat' dir='ltr'><strong>ordinem</strong></span> 
     </span>
    </p>
   </div>
   <div class='ocr_carea' id='block_1_24' title="bbox 494 3744 2061 3821">
    <p class='ocr_par' dir='ltr' id='par_1_24' title="bbox 494 3744 2061 3821">
     <span class='ocr_line' id='line_1_24' title="bbox 494 3744 2061 3821; baseline 0.008 -24"><span class='ocrx_word' id='word_1_109' title='bbox 494 3744 707 3799; x_wconf 86' lang='lat' dir='ltr'><strong>ratione</strong></span> <span class='ocrx_word' id='word_1_110' title='bbox 751 3753 807 3799; x_wconf 89' lang='lat' dir='ltr'><strong>et</strong></span> <span class='ocrx_word' id='word_1_111' title='bbox 845 3744 1072 3814; x_wconf 83' lang='lat' dir='ltr'><strong>judicio,</strong></span> <span class='ocrx_word' id='word_1_112' title='bbox 1109 3748 1267 3817; x_wconf 85' lang='lat' dir='ltr'><strong>quasi</strong></span> <span class='ocrx_word' id='word_1_113' title='bbox 1296 3750 1533 3821; x_wconf 88' lang='lat' dir='ltr'><strong>regulam</strong></span> <span class='ocrx_word' id='word_1_114' title='bbox 1574 3751 1887 3821; x_wconf 86' lang='lat' dir='ltr'><strong>quamdam,</strong></span> <span class='ocrx_word' id='word_1_115' title='bbox 1917 3769 1948 3809; x_wconf 92' lang='lat' dir='ltr'><strong>e</strong></span> <span class='ocrx_word' id='word_1_116' title='bbox 1979 3771 2061 3809; x_wconf 88' lang='lat' dir='ltr'><strong>re-</strong></span> 
     </span>
    </p>
   </div>
   <div class='ocr_carea' id='block_1_25' title="bbox 498 3834 2068 3911">
    <p class='ocr_par' dir='ltr' id='par_1_25' title="bbox 498 3834 2068 3911">
     <span class='ocr_line' id='line_1_25' title="bbox 498 3834 2068 3911; baseline 0.008 -24"><span class='ocrx_word' id='word_1_117' title='bbox 498 3834 659 3904; x_wconf 81' lang='lat' dir='ltr'><strong>gione</strong></span> <span class='ocrx_word' id='word_1_118' title='bbox 686 3836 1069 3905; x_wconf 82' lang='lat' dir='ltr'><strong>disposuisset,</strong></span> <span class='ocrx_word' id='word_1_119' title='bbox 1102 3840 1344 3894; x_wconf 87' lang='lat' dir='ltr'><strong>omnium</strong></span> <span class='ocrx_word' id='word_1_120' title='bbox 1371 3841 1613 3911; x_wconf 89' lang='lat' dir='ltr'><strong>gentium</strong></span> <span class='ocrx_word' id='word_1_121' title='bbox 1644 3843 1898 3900; x_wconf 87' lang='lat' dir='ltr'><strong>dominos</strong></span> <span class='ocrx_word' id='word_1_122' title='bbox 1923 3845 2068 3900; x_wconf 85' lang='lat' dir='ltr'><strong>inter</strong></span> 
     </span>
    </p>
   </div>
   <div class='ocr_carea' id='block_1_26' title="bbox 497 3928 2063 4008">
    <p class='ocr_par' dir='ltr' id='par_1_26' title="bbox 497 3928 2063 4008">
     <span class='ocr_line' id='line_1_26' title="bbox 497 3928 2063 4008; baseline 0.008 -26"><span class='ocrx_word' id='word_1_123' title='bbox 497 3943 559 3982; x_wconf 84' lang='lat' dir='ltr'><strong>ne</strong></span> <span class='ocrx_word' id='word_1_124' title='bbox 586 3928 815 3985; x_wconf 83' lang='lat' dir='ltr'><strong>collatos</strong></span> <span class='ocrx_word' id='word_1_125' title='bbox 843 3935 1199 3985; x_wconf 86' lang='lat' dir='ltr'><strong>enumeravit.</strong></span> <span class='ocrx_word' id='word_1_126' title='bbox 1229 3931 1459 4004; x_wconf 77' lang='lat' dir='ltr'><strong>Collegit</strong></span> <span class='ocrx_word' id='word_1_127' title='bbox 1490 3941 1671 3989; x_wconf 87' lang='lat' dir='ltr'><strong>autem</strong></span> <span class='ocrx_word' id='word_1_128' title='bbox 1704 3951 1879 3993; x_wconf 90' lang='lat' dir='ltr'><strong>annos</strong></span> <span class='ocrx_word' id='word_1_129' title='bbox 1912 3939 2063 4008; x_wconf 89' lang='lat' dir='ltr'><strong>regni</strong></span> 
     </span>
    </p>
   </div>
   <div class='ocr_carea' id='block_1_27' title="bbox 495 4018 2061 4095">
    <p class='ocr_par' dir='ltr' id='par_1_27' title="bbox 495 4018 2061 4095">
     <span class='ocr_line' id='line_1_27' title="bbox 495 4018 2061 4095; baseline 0.006 -21"><span class='ocrx_word' id='word_1_130' title='bbox 495 4018 909 4085; x_wconf 69' lang='lat' dir='ltr'><strong>Chaldaeorum,</strong></span> <span class='ocrx_word' id='word_1_131' title='bbox 968 4022 1353 4093; x_wconf 78' lang='lat' dir='ltr'><strong>Assyriorum,</strong></span> <span class='ocrx_word' id='word_1_132' title='bbox 1406 4024 1705 4089; x_wconf 82' lang='lat' dir='ltr'><strong>Medorum,</strong></span> <span class='ocrx_word' id='word_1_133' title='bbox 1749 4025 2061 4095; x_wconf 87' lang='lat' dir='ltr'><strong>Persarum,</strong></span> 
     </span>
    </p>
   </div>
   <div class='ocr_carea' id='block_1_28' title="bbox 496 4109 2063 4186">
    <p class='ocr_par' dir='ltr' id='par_1_28' title="bbox 496 4109 2063 4186">
     <span class='ocr_line' id='line_1_28' title="bbox 496 4109 2063 4186; baseline 0.003 -20"><span class='ocrx_word' id='word_1_134' title='bbox 496 4109 792 4184; x_wconf 78' lang='lat' dir='ltr'><strong>Lydorum,</strong></span> <span class='ocrx_word' id='word_1_135' title='bbox 817 4111 1187 4178; x_wconf 70' lang='lat' dir='ltr'><strong>Ilebrarorum,</strong></span> <span class='ocrx_word' id='word_1_136' title='bbox 1207 4114 1608 4186; x_wconf 64' lang='lat' dir='ltr'><strong>Egyptiorum,</strong></span> <span class='ocrx_word' id='word_1_137' title='bbox 1627 4116 2063 4182; x_wconf 80' lang='lat' dir='ltr'><strong>Atheniensium,</strong></span> 
     </span>
    </p>
   </div>
   <div class='ocr_carea' id='block_1_29' title="bbox 493 4204 2065 4280">
    <p class='ocr_par' dir='ltr' id='par_1_29' title="bbox 493 4204 2065 4280">
     <span class='ocr_line' id='line_1_29' title="bbox 493 4204 2065 4280; baseline 0.004 -22"><span class='ocrx_word' id='word_1_138' title='bbox 493 4204 838 4276; x_wconf 75' lang='lat' dir='ltr'><strong>Argivorum,</strong></span> <span class='ocrx_word' id='word_1_139' title='bbox 865 4205 1265 4280; x_wconf 85' lang='lat' dir='ltr'><strong>Sicyoniorum,</strong></span> <span class='ocrx_word' id='word_1_140' title='bbox 1288 4208 1845 4273; x_wconf 70' lang='lat' dir='ltr'><strong>Lacedaemoniorum,</strong></span> <span class='ocrx_word' id='word_1_141' title='bbox 1871 4209 2065 4264; x_wconf 84' lang='lat' dir='ltr'><strong>Corin-</strong></span> 
     </span>
    </p>
   </div>
   <div class='ocr_carea' id='block_1_30' title="bbox 494 4297 2061 4364">
    <p class='ocr_par' dir='ltr' id='par_1_30' title="bbox 494 4297 2061 4364">
     <span class='ocr_line' id='line_1_30' title="bbox 494 4297 2061 4364; baseline 0.003 -15"><span class='ocrx_word' id='word_1_142' title='bbox 494 4297 733 4353; x_wconf 83' lang='lat' dir='ltr'><strong>thiorum</strong></span> <span class='ocrx_word' id='word_1_143' title='bbox 756 4339 773 4364; x_wconf 95' lang='lat'><strong>,</strong></span> <span class='ocrx_word' id='word_1_144' title='bbox 821 4297 1246 4362; x_wconf 86' lang='lat' dir='ltr'><strong>Thessalorum,</strong></span> <span class='ocrx_word' id='word_1_145' title='bbox 1288 4297 1677 4361; x_wconf 85' lang='lat' dir='ltr'><strong>Macedonum,</strong></span> <span class='ocrx_word' id='word_1_146' title='bbox 1713 4297 2061 4363; x_wconf 86' lang='lat' dir='ltr'><strong>Latinorum,</strong></span> 
     </span>
    </p>
   </div>
   <div class='ocr_carea' id='block_1_31' title="bbox 491 4388 2066 4461">
    <p class='ocr_par' dir='ltr' id='par_1_31' title="bbox 491 4388 2066 4461">
     <span class='ocr_line' id='line_1_31' title="bbox 491 4388 2066 4461; baseline 0.001 -18"><span class='ocrx_word' id='word_1_147' title='bbox 491 4389 586 4459; x_wconf 92' lang='lat' dir='ltr'><strong>qui</strong></span> <span class='ocrx_word' id='word_1_148' title='bbox 617 4397 804 4459; x_wconf 87' lang='lat' dir='ltr'><strong>postea</strong></span> <span class='ocrx_word' id='word_1_149' title='bbox 829 4388 1061 4445; x_wconf 81' lang='lat' dir='ltr'><strong>Romani</strong></span> <span class='ocrx_word' id='word_1_150' title='bbox 1088 4391 1385 4461; x_wconf 87' lang='lat' dir='ltr'><strong>nuncupati</strong></span> <span class='ocrx_word' id='word_1_151' title='bbox 1426 4398 1575 4446; x_wconf 86' lang='lat' dir='ltr'><strong>sunt.</strong></span> <span class='ocrx_word' id='word_1_152' title='bbox 1620 4388 1826 4445; x_wconf 90' lang='lat' dir='ltr'><strong>Horum</strong></span> <span class='ocrx_word' id='word_1_153' title='bbox 1854 4398 2066 4461; x_wconf 82' lang='lat' dir='ltr'><strong>tempo-</strong></span> 
     </span>
    </p>
   </div>
   <div class='ocr_carea' id='block_1_32' title="bbox 2167 2921 3740 3000">
    <p class='ocr_par' dir='ltr' id='par_1_32' title="bbox 2167 2921 3740 3000">
     <span class='ocr_line' id='line_1_32' title="bbox 2167 2921 3740 3000; baseline -0.003 -20"><span class='ocrx_word' id='word_1_154' title='bbox 2167 2927 2449 2991; x_wconf 81' lang='grc' dir='ltr'>Τατιανὺς,</span> <span class='ocrx_word' id='word_1_155' title='bbox 2467 2926 2576 2981; x_wconf 88' lang='grc' dir='ltr'><strong>τῶν</strong></span> <span class='ocrx_word' id='word_1_156' title='bbox 2595 2926 2652 2980; x_wconf 78' lang='grc' dir='ltr'><strong>δὲ</strong></span> <span class='ocrx_word' id='word_1_157' title='bbox 2673 2929 2737 2981; x_wconf 78' lang='grc' dir='ltr'>ὲκ</span> <span class='ocrx_word' id='word_1_158' title='bbox 2760 2925 3063 3000; x_wconf 78' lang='grc' dir='ltr'><strong>περιτομῆς</strong></span> <span class='ocrx_word' id='word_1_159' title='bbox 3086 2924 3366 2995; x_wconf 81' lang='grc' dir='ltr'>Ἰώσηπος,</span> <span class='ocrx_word' id='word_1_160' title='bbox 3383 2924 3478 2977; x_wconf 75' lang='grc' dir='ltr'><strong>καὶ</strong></span> <span class='ocrx_word' id='word_1_161' title='bbox 3508 2921 3740 2987; x_wconf 78' lang='grc' dir='ltr'><strong>Ἰοῦστος</strong></span> 
     </span>
    </p>
   </div>
   <div class='ocr_carea' id='block_1_33' title="bbox 2167 3014 3742 3091">
    <p class='ocr_par' dir='ltr' id='par_1_33' title="bbox 2167 3014 3742 3091">
     <span class='ocr_line' id='line_1_33' title="bbox 2167 3014 3742 3091; baseline -0.004 -18"><span class='ocrx_word' id='word_1_162' title='bbox 2167 3019 2310 3074; x_wconf 79' lang='grc' dir='ltr'>κατὰ</span> <span class='ocrx_word' id='word_1_163' title='bbox 2341 3022 2551 3090; x_wconf 79' lang='grc' dir='ltr'><strong>Ἴναχον</strong></span> <span class='ocrx_word' id='word_1_164' title='bbox 2582 3019 2828 3091; x_wconf 79' lang='grc' dir='ltr'><strong>ἀκμάσαι</strong></span> <span class='ocrx_word' id='word_1_165' title='bbox 2866 3017 2958 3072; x_wconf 86' lang='grc' dir='ltr'>τὸν</span> <span class='ocrx_word' id='word_1_166' title='bbox 2997 3016 3283 3071; x_wconf 81' lang='grc' dir='ltr'>θεσπέσιον</span> <span class='ocrx_word' id='word_1_167' title='bbox 3320 3014 3560 3071; x_wconf 74' lang='grc' dir='ltr'>Μωῡσέα</span> <span class='ocrx_word' id='word_1_168' title='bbox 3600 3014 3742 3067; x_wconf 71' lang='grc' dir='ltr'>ἱστό-</span> 
     </span>
    </p>
   </div>
   <div class='ocr_carea' id='block_1_34' title="bbox 2167 3102 3741 3184">
    <p class='ocr_par' dir='ltr' id='par_1_34' title="bbox 2167 3102 3741 3184">
     <span class='ocr_line' id='line_1_34' title="bbox 2167 3102 3741 3184; baseline -0.004 -19"><span class='ocrx_word' id='word_1_169' title='bbox 2167 3127 2361 3184; x_wconf 79' lang='grc' dir='ltr'>ρησαν,</span> <span class='ocrx_word' id='word_1_170' title='bbox 2396 3112 2541 3175; x_wconf 81' lang='grc' dir='ltr'>ἰδίως</span> <span class='ocrx_word' id='word_1_171' title='bbox 2577 3111 2809 3175; x_wconf 72' lang='grc' dir='ltr'>ἕκαστος</span> <span class='ocrx_word' id='word_1_172' title='bbox 2842 3112 2908 3164; x_wconf 83' lang='grc' dir='ltr'>ὲκ</span> <span class='ocrx_word' id='word_1_173' title='bbox 2948 3107 3184 3171; x_wconf 78' lang='grc' dir='ltr'>παλαιᾶς</span> <span class='ocrx_word' id='word_1_174' title='bbox 3217 3107 3457 3183; x_wconf 75' lang='grc' dir='ltr'>ἱστορίας</span> <span class='ocrx_word' id='word_1_175' title='bbox 3491 3102 3741 3176; x_wconf 85' lang='grc' dir='ltr'>ὑποσχὼν</span> 
     </span>
    </p>
   </div>
   <div class='ocr_carea' id='block_1_35' title="bbox 2165 3199 3743 3276">
    <p class='ocr_par' dir='ltr' id='par_1_35' title="bbox 2165 3199 3743 3276">
     <span class='ocr_line' id='line_1_35' title="bbox 2165 3199 3743 3276; baseline -0.004 -17"><span class='ocrx_word' id='word_1_176' title='bbox 2165 3206 2267 3275; x_wconf 82' lang='grc' dir='ltr'>τὴν</span> <span class='ocrx_word' id='word_1_177' title='bbox 2288 3203 2579 3270; x_wconf 78' lang='grc' dir='ltr'>ἀπόδειξιν.</span> <span class='ocrx_word' id='word_1_178' title='bbox 2597 3203 2808 3276; x_wconf 80' lang='grc' dir='ltr'><strong>Ἴναχος</strong></span> <span class='ocrx_word' id='word_1_179' title='bbox 2827 3205 2883 3259; x_wconf 79' lang='grc' dir='ltr'><strong>δὲ</strong></span> <span class='ocrx_word' id='word_1_180' title='bbox 2915 3200 3433 3267; x_wconf 73' lang='grc' dir='ltr'>ἑπτακοσίοιςέτεσι</span> <span class='ocrx_word' id='word_1_181' title='bbox 3464 3199 3555 3254; x_wconf 82' lang='grc' dir='ltr'>τὸν</span> <span class='ocrx_word' id='word_1_182' title='bbox 3586 3199 3743 3252; x_wconf 81' lang='grc' dir='ltr'>Ἰλια-</span> 
     </span>
    </p>
   </div>
   <div class='ocr_carea' id='block_1_36' title="bbox 2166 3290 3743 3370">
    <p class='ocr_par' dir='ltr' id='par_1_36' title="bbox 2166 3290 3743 3370">
     <span class='ocr_line' id='line_1_36' title="bbox 2166 3290 3743 3370; baseline -0.004 -18"><span class='ocrx_word' id='word_1_183' title='bbox 2166 3297 2262 3352; x_wconf 80' lang='grc' dir='ltr'>κὸν</span> <span class='ocrx_word' id='word_1_184' title='bbox 2289 3297 2543 3370; x_wconf 86' lang='grc' dir='ltr'>προτερεῖ</span> <span class='ocrx_word' id='word_1_185' title='bbox 2573 3297 2822 3367; x_wconf 82' lang='grc' dir='ltr'>πόλεμον.</span> <span class='ocrx_word' id='word_1_186' title='bbox 2850 3293 2972 3348; x_wconf 91' lang='grc' dir='ltr'>Τῶν</span> <span class='ocrx_word' id='word_1_187' title='bbox 2995 3294 3055 3347; x_wconf 77' lang='grc' dir='ltr'><strong>δὲ</strong></span> <span class='ocrx_word' id='word_1_188' title='bbox 3080 3293 3247 3364; x_wconf 80' lang='grc' dir='ltr'><strong>ἁγίων</strong></span> <span class='ocrx_word' id='word_1_189' title='bbox 3269 3310 3352 3357; x_wconf 87' lang='grc' dir='ltr'><strong>τις</strong></span> <span class='ocrx_word' id='word_1_190' title='bbox 3368 3296 3387 3314; x_wconf 84' lang='grc'><strong><em>⁸</em></strong></span> <span class='ocrx_word' id='word_1_191' title='bbox 3411 3290 3743 3364; x_wconf 58' lang='grc' dir='ltr'>ἀκριϐεστάς</span> 
     </span>
    </p>
   </div>
   <div class='ocr_carea' id='block_1_37' title="bbox 2167 3380 3740 3462">
    <p class='ocr_par' dir='ltr' id='par_1_37' title="bbox 2167 3380 3740 3462">
     <span class='ocr_line' id='line_1_37' title="bbox 2167 3380 3740 3462; baseline -0.007 -16"><span class='ocrx_word' id='word_1_192' title='bbox 2167 3408 2267 3462; x_wconf 84' lang='grc' dir='ltr'><strong>την</strong></span> <span class='ocrx_word' id='word_1_193' title='bbox 2296 3390 2410 3445; x_wconf 90' lang='grc' dir='ltr'><strong>τῶν</strong></span> <span class='ocrx_word' id='word_1_194' title='bbox 2451 3388 2655 3460; x_wconf 86' lang='grc' dir='ltr'>χρόνων</span> <span class='ocrx_word' id='word_1_195' title='bbox 2708 3386 3072 3458; x_wconf 82' lang='grc' dir='ltr'><strong>ποιησάμενος</strong></span> <span class='ocrx_word' id='word_1_196' title='bbox 3109 3388 3223 3449; x_wconf 78' lang='grc' dir='ltr'>τοῖς</span> <span class='ocrx_word' id='word_1_197' title='bbox 3262 3384 3474 3456; x_wconf 79' lang='grc' dir='ltr'><strong>χρόνοις</strong></span> <span class='ocrx_word' id='word_1_198' title='bbox 3514 3380 3740 3455; x_wconf 78' lang='grc' dir='ltr'><strong>Ἰνάχου,</strong></span> 
     </span>
    </p>
   </div>
   <div class='ocr_carea' id='block_1_38' title="bbox 2166 3475 3736 3554">
    <p class='ocr_par' dir='ltr' id='par_1_38' title="bbox 2166 3475 3736 3554">
     <span class='ocr_line' id='line_1_38' title="bbox 2166 3475 3736 3554; baseline -0.006 -17"><span class='ocrx_word' id='word_1_199' title='bbox 2166 3483 2258 3537; x_wconf 73' lang='grc' dir='ltr'>τὸν</span> <span class='ocrx_word' id='word_1_200' title='bbox 2313 3482 2412 3554; x_wconf 77' lang='grc' dir='ltr'>μὲν</span> <span class='ocrx_word' id='word_1_201' title='bbox 2456 3480 2759 3551; x_wconf 82' lang='grc' dir='ltr'>ἁγιώτατον</span> <span class='ocrx_word' id='word_1_202' title='bbox 2814 3475 2971 3552; x_wconf 77' lang='grc' dir='ltr'>εὗρεν</span> <span class='ocrx_word' id='word_1_203' title='bbox 3027 3476 3221 3533; x_wconf 80' lang='grc' dir='ltr'>Ἰακὼὸ</span> <span class='ocrx_word' id='word_1_204' title='bbox 3281 3475 3736 3547; x_wconf 79' lang='grc' dir='ltr'>συνακμάσαντα·</span> 
     </span>
    </p>
   </div>
   <div class='ocr_carea' id='block_1_39' title="bbox 2167 3568 3741 3642">
    <p class='ocr_par' dir='ltr' id='par_1_39' title="bbox 2167 3568 3741 3642">
     <span class='ocr_line' id='line_1_39' title="bbox 2167 3568 3741 3642; baseline -0.004 -13"><span class='ocrx_word' id='word_1_205' title='bbox 2167 3573 2406 3629; x_wconf 71' lang='grc' dir='ltr'><strong>ὶῐωῦσέα</strong></span> <span class='ocrx_word' id='word_1_206' title='bbox 2435 3574 2494 3627; x_wconf 81' lang='grc' dir='ltr'><strong>δὲ</strong></span> <span class='ocrx_word' id='word_1_207' title='bbox 2531 3571 2810 3642; x_wconf 79' lang='grc' dir='ltr'>Ἰώσηπος.</span> <span class='ocrx_word' id='word_1_208' title='bbox 2847 3569 3113 3642; x_wconf 81' lang='grc' dir='ltr'>Χρονικοῠ</span> <span class='ocrx_word' id='word_1_209' title='bbox 3143 3569 3252 3642; x_wconf 81' lang='grc' dir='ltr'><strong>γὰρ</strong></span> <span class='ocrx_word' id='word_1_210' title='bbox 3283 3568 3504 3634; x_wconf 77' lang='grc' dir='ltr'><strong>κανόνος</strong></span> <span class='ocrx_word' id='word_1_211' title='bbox 3544 3568 3741 3623; x_wconf 80' lang='grc' dir='ltr'>σύντα-</span> 
     </span>
    </p>
   </div>
   <div class='ocr_carea' id='block_1_40' title="bbox 2171 3660 3742 3735">
    <p class='ocr_par' dir='ltr' id='par_1_40' title="bbox 2171 3660 3742 3735">
     <span class='ocr_line' id='line_1_40' title="bbox 2171 3660 3742 3735; baseline -0.003 -18"><span class='ocrx_word' id='word_1_212' title='bbox 2171 3663 2252 3730; x_wconf 84' lang='grc' dir='ltr'>ξιν</span> <span class='ocrx_word' id='word_1_213' title='bbox 2297 3665 2592 3735; x_wconf 76' lang='grc' dir='ltr'><strong>ἐπινοήσας</strong></span> <span class='ocrx_word' id='word_1_214' title='bbox 2641 3665 2707 3718; x_wconf 81' lang='grc' dir='ltr'>ὲκ</span> <span class='ocrx_word' id='word_1_215' title='bbox 2760 3661 3104 3734; x_wconf 78' lang='grc' dir='ltr'><strong>παραλλήλου</strong></span> <span class='ocrx_word' id='word_1_216' title='bbox 3124 3701 3140 3725; x_wconf 93' lang='grc'><strong>,</strong></span> <span class='ocrx_word' id='word_1_217' title='bbox 3187 3660 3587 3733; x_wconf 78' lang='grc' dir='ltr'><strong>ἀντιπαρέθηκε</strong></span> <span class='ocrx_word' id='word_1_218' title='bbox 3649 3661 3742 3714; x_wconf 86' lang='grc' dir='ltr'>τὸν</span> 
     </span>
    </p>
   </div>
   <div class='ocr_carea' id='block_1_41' title="bbox 2168 3752 3742 3829">
    <p class='ocr_par' dir='ltr' id='par_1_41' title="bbox 2168 3752 3742 3829">
     <span class='ocr_line' id='line_1_41' title="bbox 2168 3752 3742 3829; baseline -0.004 -19"><span class='ocrx_word' id='word_1_219' title='bbox 2168 3759 2299 3829; x_wconf 85' lang='grc' dir='ltr'>παρ’</span> <span class='ocrx_word' id='word_1_220' title='bbox 2328 3756 2544 3827; x_wconf 78' lang='grc' dir='ltr'><strong>ἑκάστῳ</strong></span> <span class='ocrx_word' id='word_1_221' title='bbox 2577 3754 2719 3808; x_wconf 73' lang='grc' dir='ltr'>ἔθνει</span> <span class='ocrx_word' id='word_1_222' title='bbox 2745 3752 3153 3808; x_wconf 84' lang='grc' dir='ltr'>δυναστεύοντα.</span> <span class='ocrx_word' id='word_1_223' title='bbox 3189 3752 3472 3824; x_wconf 83' lang='grc' dir='ltr'>Συνήγαγε</span> <span class='ocrx_word' id='word_1_224' title='bbox 3515 3752 3571 3805; x_wconf 82' lang='grc' dir='ltr'><strong>δὲ</strong></span> <span class='ocrx_word' id='word_1_225' title='bbox 3612 3752 3742 3824; x_wconf 83' lang='grc' dir='ltr'>χρό-</span> 
     </span>
    </p>
   </div>
   <div class='ocr_carea' id='block_1_42' title="bbox 2166 3844 3739 3920">
    <p class='ocr_par' dir='ltr' id='par_1_42' title="bbox 2166 3844 3739 3920">
     <span class='ocr_line' id='line_1_42' title="bbox 2166 3844 3739 3920; baseline -0.004 -18"><span class='ocrx_word' id='word_1_226' title='bbox 2166 3866 2291 3913; x_wconf 87' lang='grc' dir='ltr'>νους</span> <span class='ocrx_word' id='word_1_227' title='bbox 2336 3849 2434 3920; x_wconf 87' lang='grc' dir='ltr'><strong>τῆς</strong></span> <span class='ocrx_word' id='word_1_228' title='bbox 2473 3847 2749 3919; x_wconf 80' lang='grc' dir='ltr'>βασιλείας</span> <span class='ocrx_word' id='word_1_229' title='bbox 2786 3846 3101 3910; x_wconf 83' lang='grc' dir='ltr'>Χαλδαίων,</span> <span class='ocrx_word' id='word_1_230' title='bbox 3152 3844 3486 3917; x_wconf 81' lang='grc' dir='ltr'>’Δσσυρίων.</span> <span class='ocrx_word' id='word_1_231' title='bbox 3516 3844 3739 3915; x_wconf 76' lang='grc' dir='ltr'>Μήδων,</span> 
     </span>
    </p>
   </div>
   <div class='ocr_carea' id='block_1_43' title="bbox 2168 3934 3742 4011">
    <p class='ocr_par' dir='ltr' id='par_1_43' title="bbox 2168 3934 3742 4011">
     <span class='ocr_line' id='line_1_43' title="bbox 2168 3934 3742 4011; baseline -0.005 -17"><span class='ocrx_word' id='word_1_232' title='bbox 2168 3939 2426 4011; x_wconf 84' lang='grc' dir='ltr'>Περσῶν,</span> <span class='ocrx_word' id='word_1_233' title='bbox 2462 3940 2672 4005; x_wconf 81' lang='grc' dir='ltr'><strong>Λυδῶν,</strong></span> <span class='ocrx_word' id='word_1_234' title='bbox 2719 3938 3012 4011; x_wconf 81' lang='grc' dir='ltr'>Ἐϐραίων,</span> <span class='ocrx_word' id='word_1_235' title='bbox 3051 3935 3383 4005; x_wconf 75' lang='grc' dir='ltr'><strong>Αἰγυπτίων,</strong></span> <span class='ocrx_word' id='word_1_236' title='bbox 3423 3934 3742 4006; x_wconf 80' lang='grc' dir='ltr'>Ἀθηναίων,</span> 
     </span>
    </p>
   </div>
   <div class='ocr_carea' id='block_1_44' title="bbox 2180 4027 3741 4106">
    <p class='ocr_par' dir='ltr' id='par_1_44' title="bbox 2180 4027 3741 4106">
     <span class='ocr_line' id='line_1_44' title="bbox 2180 4027 3741 4106; baseline -0.004 -19"><span class='ocrx_word' id='word_1_237' title='bbox 2180 4033 2475 4106; x_wconf 73' lang='grc' dir='ltr'>Ἀργείων,</span> <span class='ocrx_word' id='word_1_238' title='bbox 2522 4032 2828 4087; x_wconf 80' lang='grc' dir='ltr'>Σικυωνίων</span> <span class='ocrx_word' id='word_1_239' title='bbox 2847 4073 2861 4096; x_wconf 89' lang='grc'><strong>,</strong></span> <span class='ocrx_word' id='word_1_240' title='bbox 2893 4030 3365 4101; x_wconf 83' lang='grc' dir='ltr'>Λακεδαιμονίων,</span> <span class='ocrx_word' id='word_1_241' title='bbox 3403 4027 3741 4099; x_wconf 81' lang='grc' dir='ltr'>Κορινθίων,</span> 
     </span>
    </p>
   </div>
   <div class='ocr_carea' id='block_1_45' title="bbox 2167 4118 3744 4190">
    <p class='ocr_par' dir='ltr' id='par_1_45' title="bbox 2167 4118 3744 4190">
     <span class='ocr_line' id='line_1_45' title="bbox 2167 4118 3744 4190; baseline -0.006 -11"><span class='ocrx_word' id='word_1_242' title='bbox 2167 4124 2448 4180; x_wconf 83' lang='grc' dir='ltr'>Θετταλῶν</span> <span class='ocrx_word' id='word_1_243' title='bbox 2466 4165 2481 4189; x_wconf 90' lang='grc'><strong>,</strong></span> <span class='ocrx_word' id='word_1_244' title='bbox 2514 4123 2839 4179; x_wconf 81' lang='grc' dir='ltr'>Μακεδόνων</span> <span class='ocrx_word' id='word_1_245' title='bbox 2859 4163 2874 4187; x_wconf 90' lang='grc'><strong>,</strong></span> <span class='ocrx_word' id='word_1_246' title='bbox 2903 4122 3176 4185; x_wconf 86' lang='grc' dir='ltr'>Λατίνων,</span> <span class='ocrx_word' id='word_1_247' title='bbox 3223 4119 3329 4175; x_wconf 86' lang='grc' dir='ltr'><strong>τῶν</strong></span> <span class='ocrx_word' id='word_1_248' title='bbox 3364 4119 3584 4190; x_wconf 56' lang='grc' dir='ltr'>ὕστερον</span> <span class='ocrx_word' id='word_1_249' title='bbox 3608 4118 3744 4190; x_wconf 80' lang='grc' dir='ltr'>κλη-</span> 
     </span>
    </p>
   </div>
   <div class='ocr_carea' id='block_1_46' title="bbox 2167 4210 3744 4288">
    <p class='ocr_par' dir='ltr' id='par_1_46' title="bbox 2167 4210 3744 4288">
     <span class='ocr_line' id='line_1_46' title="bbox 2167 4210 3744 4288; baseline -0.006 -15"><span class='ocrx_word' id='word_1_250' title='bbox 2167 4218 2368 4273; x_wconf 80' lang='grc' dir='ltr'>θέντων</span> <span class='ocrx_word' id='word_1_251' title='bbox 2426 4216 2731 4288; x_wconf 82' lang='grc' dir='ltr'>Ῥωμαίων.</span> <span class='ocrx_word' id='word_1_252' title='bbox 2786 4216 2896 4269; x_wconf 78' lang='grc' dir='ltr'><strong>Καὶ</strong></span> <span class='ocrx_word' id='word_1_253' title='bbox 2944 4214 3149 4269; x_wconf 82' lang='grc' dir='ltr'>τούτων</span> <span class='ocrx_word' id='word_1_254' title='bbox 3199 4213 3325 4277; x_wconf 81' lang='grc' dir='ltr'>τοὺς</span> <span class='ocrx_word' id='word_1_255' title='bbox 3368 4211 3590 4283; x_wconf 87' lang='grc' dir='ltr'>χρόνους</span> <span class='ocrx_word' id='word_1_256' title='bbox 3646 4210 3744 4263; x_wconf 73' lang='grc' dir='ltr'><strong>ἐπὶ</strong></span> 
     </span>
    </p>
   </div>
   <div class='ocr_carea' id='block_1_47' title="bbox 2161 4302 3740 4376">
    <p class='ocr_par' dir='ltr' id='par_1_47' title="bbox 2161 4302 3740 4376">
     <span class='ocr_line' id='line_1_47' title="bbox 2161 4302 3740 4376; baseline -0.004 -12"><span class='ocrx_word' id='word_1_257' title='bbox 2161 4327 2316 4365; x_wconf 87' lang='grc' dir='ltr'>ταυτ.</span> <span class='ocrx_word' id='word_1_258' title='bbox 2338 4349 2349 4364; x_wconf 95' lang='grc'><strong>.</strong></span> <span class='ocrx_word' id='word_1_259' title='bbox 2373 4348 2386 4362; x_wconf 94' lang='grc'><strong>.</strong></span> <span class='ocrx_word' id='word_1_260' title='bbox 2409 4348 2423 4362; x_wconf 91' lang='grc'><strong>.</strong></span> <span class='ocrx_word' id='word_1_261' title='bbox 2447 4348 2462 4363; x_wconf 93' lang='grc'><strong>.</strong></span> <span class='ocrx_word' id='word_1_262' title='bbox 2501 4324 2600 4373; x_wconf 84' lang='grc' dir='ltr'><strong>σας</strong></span> <span class='ocrx_word' id='word_1_263' title='bbox 2636 4308 2867 4362; x_wconf 79' lang='grc' dir='ltr'><strong>ἑκάστου</strong></span> <span class='ocrx_word' id='word_1_264' title='bbox 2914 4306 3101 4371; x_wconf 70' lang='grc' dir='ltr'>ἔθνους</span> <span class='ocrx_word' id='word_1_265' title='bbox 3144 4305 3252 4360; x_wconf 86' lang='grc' dir='ltr'><strong>τῶν</strong></span> <span class='ocrx_word' id='word_1_266' title='bbox 3293 4302 3553 4376; x_wconf 74' lang='grc' dir='ltr'>βασιλέων</span> <span class='ocrx_word' id='word_1_267' title='bbox 3609 4319 3740 4357; x_wconf 76' lang='grc' dir='ltr'>συνο</span> 
     </span>
    </p>
   </div>
   <div class='ocr_carea' id='block_1_48' title="bbox 2163 4392 3747 4470">
    <p class='ocr_par' dir='ltr' id='par_1_48' title="bbox 2163 4392 3747 4470">
     <span class='ocr_line' id='line_1_48' title="bbox 2163 4392 3747 4470; baseline -0.004 -17"><span class='ocrx_word' id='word_1_268' title='bbox 2163 4417 2347 4453; x_wconf 82' lang='grc' dir='ltr'><strong>εκ....</strong></span> <span class='ocrx_word' id='word_1_269' title='bbox 2369 4438 2383 4452; x_wconf 91' lang='grc'><strong>.</strong></span> <span class='ocrx_word' id='word_1_270' title='bbox 2421 4399 2675 4470; x_wconf 84' lang='grc' dir='ltr'>χρόνους,</span> <span class='ocrx_word' id='word_1_271' title='bbox 2708 4395 3153 4469; x_wconf 73' lang='grc' dir='ltr'>ἀντιπαρατιθεὶς</span> <span class='ocrx_word' id='word_1_272' title='bbox 3204 4394 3265 4449; x_wconf 72' lang='grc' dir='ltr'><strong>τὰ</strong></span> <span class='ocrx_word' id='word_1_273' title='bbox 3304 4394 3400 4466; x_wconf 83' lang='grc' dir='ltr'><strong>ἔτη</strong></span> <span class='ocrx_word' id='word_1_274' title='bbox 3454 4393 3556 4464; x_wconf 78' lang='grc' dir='ltr'>τῆς</span> <span class='ocrx_word' id='word_1_275' title='bbox 3589 4392 3747 4464; x_wconf 84' lang='grc' dir='ltr'>βασι-</span> 
     </span>
    </p>
   </div>
   <div class='ocr_carea' id='block_1_49' title="bbox 493 4460 2089 4564">
    <p class='ocr_par' dir='ltr' id='par_1_49' title="bbox 493 4460 2064 4564">
     <span class='ocr_line' id='line_1_49' title="bbox 493 4460 2064 4564; baseline 0.001 -27"><span class='ocrx_word' id='word_1_276' title='bbox 493 4482 647 4539; x_wconf 89' lang='lat' dir='ltr'><strong>ribus</strong></span> <span class='ocrx_word' id='word_1_277' title='bbox 694 4483 751 4537; x_wconf 91' lang='lat' dir='ltr'><strong>in</strong></span> <span class='ocrx_word' id='word_1_278' title='bbox 791 4483 979 4538; x_wconf 89' lang='lat' dir='ltr'><strong>eadem</strong></span> <span class='ocrx_word' id='word_1_279' title='bbox 1035 4482 1176 4539; x_wconf 88' lang='lat' dir='ltr'><strong>serie</strong></span> <span class='ocrx_word' id='word_1_280' title='bbox 1230 4460 1456 4547; x_wconf 88' lang='lat' dir='ltr'><strong>notatis,</strong></span> <span class='ocrx_word' id='word_1_281' title='bbox 1511 4482 1778 4553; x_wconf 82' lang='lat' dir='ltr'><strong>cujusque</strong></span> <span class='ocrx_word' id='word_1_282' title='bbox 1827 4482 2064 4564; x_wconf 85' lang='lat' dir='ltr'><strong>nationis</strong></span> 
     </span>
    </p>
   </div>
   <div class='ocr_carea' id='block_1_50' title="bbox 2164 4460 3742 4564">
    <p class='ocr_par' dir='ltr' id='par_1_50' title="bbox 2164 4460 3742 4561">
     <span class='ocr_line' id='line_1_50' title="bbox 2164 4460 3742 4561; baseline -0.005 -17"><span class='ocrx_word' id='word_1_283' title='bbox 2164 4490 2313 4554; x_wconf 87' lang='grc' dir='ltr'>λείας</span> <span class='ocrx_word' id='word_1_284' title='bbox 2345 4460 2641 4561; x_wconf 66' lang='grc' dir='ltr'>Ἀσσυρίων</span> <span class='ocrx_word' id='word_1_285' title='bbox 2671 4460 2957 4558; x_wconf 77' lang='grc' dir='ltr'>βασιλίδος,</span> <span class='ocrx_word' id='word_1_286' title='bbox 2981 4486 3223 4541; x_wconf 82' lang='grc' dir='ltr'>τουτέστι</span> <span class='ocrx_word' id='word_1_287' title='bbox 3254 4484 3353 4557; x_wconf 75' lang='grc' dir='ltr'>τῆς</span> <span class='ocrx_word' id='word_1_288' title='bbox 3381 4460 3742 4555; x_wconf 63' lang='grc' dir='ltr'>Σεμιράμεως</span> 
     </span>
    </p>
   </div>
   <div class='ocr_carea' id='block_1_51' title="bbox 490 4574 2062 4646">
    <p class='ocr_par' dir='ltr' id='par_1_51' title="bbox 490 4574 2062 4646">
     <span class='ocr_line' id='line_1_51' title="bbox 490 4574 2062 4646; baseline 0.001 -17"><span class='ocrx_word' id='word_1_289' title='bbox 490 4574 801 4646; x_wconf 79' lang='lat' dir='ltr'><strong>principum</strong></span> <span class='ocrx_word' id='word_1_290' title='bbox 848 4589 1022 4631; x_wconf 89' lang='lat' dir='ltr'><strong>annos</strong></span> <span class='ocrx_word' id='word_1_291' title='bbox 1049 4576 1343 4646; x_wconf 77' lang='lat' dir='ltr'><strong>congessit.</strong></span> <span class='ocrx_word' id='word_1_292' title='bbox 1395 4577 1453 4630; x_wconf 90' lang='lat' dir='ltr'><strong>In</strong></span> <span class='ocrx_word' id='word_1_293' title='bbox 1500 4576 1590 4629; x_wconf 86' lang='lat' dir='ltr'><strong>his</strong></span> <span class='ocrx_word' id='word_1_294' title='bbox 1636 4589 1810 4630; x_wconf 87' lang='lat' dir='ltr'><strong>annos</strong></span> <span class='ocrx_word' id='word_1_295' title='bbox 1839 4575 2062 4631; x_wconf 81' lang='lat' dir='ltr'><strong>dominii</strong></span> 
     </span>
    </p>
   </div>
   <div class='ocr_carea' id='block_1_52' title="bbox 488 4666 2064 4738">
    <p class='ocr_par' dir='ltr' id='par_1_52' title="bbox 488 4666 2064 4738">
     <span class='ocr_line' id='line_1_52' title="bbox 488 4666 2064 4738; baseline 0.002 -18"><span class='ocrx_word' id='word_1_296' title='bbox 488 4666 880 4737; x_wconf 80' lang='lat' dir='ltr'><strong>Assyriorum,</strong></span> <span class='ocrx_word' id='word_1_297' title='bbox 942 4668 1142 4738; x_wconf 64' lang='lat' dir='ltr'><strong>regina:</strong></span> <span class='ocrx_word' id='word_1_298' title='bbox 1202 4666 1577 4723; x_wconf 88' lang='lat' dir='ltr'><strong>Semiramidis</strong></span> <span class='ocrx_word' id='word_1_299' title='bbox 1627 4681 1844 4735; x_wconf 87' lang='lat' dir='ltr'><strong>nempe,</strong></span> <span class='ocrx_word' id='word_1_300' title='bbox 1903 4669 2064 4724; x_wconf 88' lang='lat' dir='ltr'><strong>annis</strong></span> 
     </span>
    </p>
   </div>
   <div class='ocr_carea' id='block_1_53' title="bbox 492 4756 2061 4829">
    <p class='ocr_par' dir='ltr' id='par_1_53' title="bbox 492 4756 2061 4829">
     <span class='ocr_line' id='line_1_53' title="bbox 492 4756 2061 4829; baseline 0.002 -17"><span class='ocrx_word' id='word_1_301' title='bbox 492 4759 786 4813; x_wconf 80' lang='lat' dir='ltr'><strong>Abrahami</strong></span> <span class='ocrx_word' id='word_1_302' title='bbox 808 4760 1053 4829; x_wconf 88' lang='lat' dir='ltr'><strong>opponit.</strong></span> <span class='ocrx_word' id='word_1_303' title='bbox 1071 4756 1443 4815; x_wconf 90' lang='lat' dir='ltr'><strong>Semiramidis</strong></span> <span class='ocrx_word' id='word_1_304' title='bbox 1454 4773 1688 4828; x_wconf 88' lang='lat' dir='ltr'><strong>namque</strong></span> <span class='ocrx_word' id='word_1_305' title='bbox 1705 4759 2061 4829; x_wconf 87' lang='lat' dir='ltr'><strong>temporibus,</strong></span> 
     </span>
    </p>
   </div>
   <div class='ocr_carea' id='block_1_54' title="bbox 490 4850 2062 4922">
    <p class='ocr_par' dir='ltr' id='par_1_54' title="bbox 490 4850 2062 4922">
     <span class='ocr_line' id='line_1_54' title="bbox 490 4850 2062 4922; baseline -0.001 -14"><span class='ocrx_word' id='word_1_306' title='bbox 490 4852 684 4909; x_wconf 80' lang='lat' dir='ltr'><strong>beatus</strong></span> <span class='ocrx_word' id='word_1_307' title='bbox 706 4853 1046 4909; x_wconf 82' lang='lat' dir='ltr'><strong>Ahrahamus</strong></span> <span class='ocrx_word' id='word_1_308' title='bbox 1060 4854 1238 4908; x_wconf 89' lang='lat' dir='ltr'><strong>clarus</strong></span> <span class='ocrx_word' id='word_1_309' title='bbox 1251 4852 1573 4916; x_wconf 88' lang='lat' dir='ltr'><strong>habebatur,</strong></span> <span class='ocrx_word' id='word_1_310' title='bbox 1603 4850 1877 4922; x_wconf 71' lang='lat' dir='ltr'><strong>Iosephus</strong></span> <span class='ocrx_word' id='word_1_311' title='bbox 1921 4858 2062 4907; x_wconf 85' lang='lat' dir='ltr'><strong>tem-</strong></span> 
     </span>
    </p>
   </div>
   <div class='ocr_carea' id='block_1_55' title="bbox 490 4941 2061 5016">
    <p class='ocr_par' dir='ltr' id='par_1_55' title="bbox 490 4941 2061 5016">
     <span class='ocr_line' id='line_1_55' title="bbox 490 4941 2061 5016; baseline -0.003 -16"><span class='ocrx_word' id='word_1_312' title='bbox 490 4960 622 5016; x_wconf 84' lang='lat' dir='ltr'><strong>pore</strong></span> <span class='ocrx_word' id='word_1_313' title='bbox 652 4945 860 5010; x_wconf 86' lang='lat' dir='ltr'><strong>Inachi,</strong></span> <span class='ocrx_word' id='word_1_314' title='bbox 896 4946 1108 5016; x_wconf 80' lang='lat' dir='ltr'><strong>Moyses</strong></span> <span class='ocrx_word' id='word_1_315' title='bbox 1138 4943 1427 5015; x_wconf 86' lang='lat' dir='ltr'><strong>Cecropis,</strong></span> <span class='ocrx_word' id='word_1_316' title='bbox 1478 4958 1640 5013; x_wconf 88' lang='lat' dir='ltr'><strong>quem</strong></span> <span class='ocrx_word' id='word_1_317' title='bbox 1674 4950 1801 4999; x_wconf 84' lang='lat' dir='ltr'><strong>ante</strong></span> <span class='ocrx_word' id='word_1_318' title='bbox 1827 4941 2061 5013; x_wconf 84' lang='lat' dir='ltr'><strong>Trojaua</strong></span> 
     </span>
    </p>
   </div>
   <div class='ocr_carea' id='block_1_56' title="bbox 487 5034 2062 5108">
    <p class='ocr_par' dir='ltr' id='par_1_56' title="bbox 487 5034 2062 5108">
     <span class='ocr_line' id='line_1_56' title="bbox 487 5034 2062 5108; baseline -0.001 -18"><span class='ocrx_word' id='word_1_319' title='bbox 487 5043 732 5108; x_wconf 89' lang='lat' dir='ltr'><strong>tempora</strong></span> <span class='ocrx_word' id='word_1_320' title='bbox 780 5038 939 5092; x_wconf 85' lang='lat' dir='ltr'><strong>annis</strong></span> <span class='ocrx_word' id='word_1_321' title='bbox 969 5051 1176 5092; x_wconf 76' lang='lat' dir='ltr'><strong>cccxxx</strong></span> <span class='ocrx_word' id='word_1_322' title='bbox 1214 5038 1448 5106; x_wconf 90' lang='lat' dir='ltr'><strong>primum</strong></span> <span class='ocrx_word' id='word_1_323' title='bbox 1478 5034 1672 5089; x_wconf 62' lang='lat' dir='ltr'><strong>Atticm</strong></span> <span class='ocrx_word' id='word_1_324' title='bbox 1711 5050 1936 5105; x_wconf 87' lang='lat' dir='ltr'><strong>regnum</strong></span> <span class='ocrx_word' id='word_1_325' title='bbox 1967 5050 2062 5089; x_wconf 86' lang='lat' dir='ltr'><strong>oc—</strong></span> 
     </span>
    </p>
   </div>
   <div class='ocr_carea' id='block_1_57' title="bbox 487 5129 2060 5204">
    <p class='ocr_par' dir='ltr' id='par_1_57' title="bbox 487 5129 2060 5204">
     <span class='ocr_line' id='line_1_57' title="bbox 487 5129 2060 5204; baseline -0.003 -17"><span class='ocrx_word' id='word_1_326' title='bbox 487 5148 739 5204; x_wconf 86' lang='lat' dir='ltr'><strong>cupasse,</strong></span> <span class='ocrx_word' id='word_1_327' title='bbox 769 5132 1017 5188; x_wconf 90' lang='lat' dir='ltr'><strong>historiis</strong></span> <span class='ocrx_word' id='word_1_328' title='bbox 1045 5131 1355 5187; x_wconf 63' lang='lat' dir='ltr'><strong>Graecorum</strong></span> <span class='ocrx_word' id='word_1_329' title='bbox 1406 5129 1662 5186; x_wconf 88' lang='lat' dir='ltr'><strong>traditum</strong></span> <span class='ocrx_word' id='word_1_330' title='bbox 1710 5138 1830 5197; x_wconf 88' lang='lat' dir='ltr'><strong>est;</strong></span> <span class='ocrx_word' id='word_1_331' title='bbox 1885 5131 1958 5185; x_wconf 88' lang='lat' dir='ltr'><strong>ita</strong></span> <span class='ocrx_word' id='word_1_332' title='bbox 2001 5136 2060 5185; x_wconf 92' lang='lat' dir='ltr'><strong>ut</strong></span> 
     </span>
    </p>
   </div>
   <div class='ocr_carea' id='block_1_58' title="bbox 486 5221 2058 5296">
    <p class='ocr_par' dir='ltr' id='par_1_58' title="bbox 486 5221 2058 5296">
     <span class='ocr_line' id='line_1_58' title="bbox 486 5221 2058 5296; baseline -0.001 -16"><span class='ocrx_word' id='word_1_333' title='bbox 486 5225 827 5296; x_wconf 87' lang='lat' dir='ltr'><strong>sapientibus</strong></span> <span class='ocrx_word' id='word_1_334' title='bbox 868 5223 1132 5293; x_wconf 89' lang='lat' dir='ltr'><strong>antiquis,</strong></span> <span class='ocrx_word' id='word_1_335' title='bbox 1167 5223 1260 5294; x_wconf 80' lang='lat' dir='ltr'><strong>qui</strong></span> <span class='ocrx_word' id='word_1_336' title='bbox 1303 5223 1358 5278; x_wconf 89' lang='lat' dir='ltr'><strong>id</strong></span> <span class='ocrx_word' id='word_1_337' title='bbox 1387 5225 1627 5280; x_wconf 87' lang='lat' dir='ltr'><strong>nominis</strong></span> <span class='ocrx_word' id='word_1_338' title='bbox 1661 5223 1804 5294; x_wconf 89' lang='lat' dir='ltr'><strong>apud</strong></span> <span class='ocrx_word' id='word_1_339' title='bbox 1839 5221 2058 5278; x_wconf 73' lang='lat' dir='ltr'><strong>Graecos</strong></span> 
     </span>
    </p>
   </div>
   <div class='ocr_carea' id='block_1_59' title="bbox 484 5312 2060 5389">
    <p class='ocr_par' dir='ltr' id='par_1_59' title="bbox 484 5312 2060 5389">
     <span class='ocr_line' id='line_1_59' title="bbox 484 5312 2060 5389; baseline -0.002 -16"><span class='ocrx_word' id='word_1_340' title='bbox 484 5318 767 5375; x_wconf 89' lang='lat' dir='ltr'><strong>consecuti</strong></span> <span class='ocrx_word' id='word_1_341' title='bbox 797 5326 947 5383; x_wconf 89' lang='lat' dir='ltr'><strong>sunt,</strong></span> <span class='ocrx_word' id='word_1_342' title='bbox 979 5316 1193 5389; x_wconf 81' lang='lat' dir='ltr'><strong>Moyses</strong></span> <span class='ocrx_word' id='word_1_343' title='bbox 1239 5316 1312 5372; x_wconf 89' lang='lat' dir='ltr'><strong>sit</strong></span> <span class='ocrx_word' id='word_1_344' title='bbox 1352 5317 1632 5387; x_wconf 87' lang='lat' dir='ltr'><strong>antiquior</strong></span> <span class='ocrx_word' id='word_1_345' title='bbox 1663 5315 1918 5379; x_wconf 82' lang='lat' dir='ltr'><strong>Homero,</strong></span> <span class='ocrx_word' id='word_1_346' title='bbox 1952 5312 2060 5370; x_wconf 81' lang='lat' dir='ltr'><strong>lle-</strong></span> 
     </span>
    </p>
   </div>
   <div class='ocr_carea' id='block_1_60' title="bbox 487 5404 2057 5480">
    <p class='ocr_par' dir='ltr' id='par_1_60' title="bbox 487 5404 2057 5480">
     <span class='ocr_line' id='line_1_60' title="bbox 487 5404 2057 5480; baseline -0.003 -15"><span class='ocrx_word' id='word_1_347' title='bbox 487 5410 666 5473; x_wconf 86' lang='lat' dir='ltr'><strong>siodo,</strong></span> <span class='ocrx_word' id='word_1_348' title='bbox 708 5408 964 5480; x_wconf 87' lang='lat' dir='ltr'><strong>Trojanis</strong></span> <span class='ocrx_word' id='word_1_349' title='bbox 1004 5409 1366 5479; x_wconf 85' lang='lat' dir='ltr'><strong>temporibus,</strong></span> <span class='ocrx_word' id='word_1_350' title='bbox 1415 5407 1671 5471; x_wconf 84' lang='lat' dir='ltr'><strong>Hercule,</strong></span> <span class='ocrx_word' id='word_1_351' title='bbox 1704 5406 1927 5471; x_wconf 65' lang='lat' dir='ltr'><strong>Musaeo,</strong></span> <span class='ocrx_word' id='word_1_352' title='bbox 1960 5404 2057 5461; x_wconf 86' lang='lat' dir='ltr'><strong>Li-</strong></span> 
     </span>
    </p>
   </div>
   <div class='ocr_carea' id='block_1_61' title="bbox 488 5497 2058 5571">
    <p class='ocr_par' dir='ltr' id='par_1_61' title="bbox 488 5497 2058 5571">
     <span class='ocr_line' id='line_1_61' title="bbox 488 5497 2058 5571; baseline -0.003 -17"><span class='ocrx_word' id='word_1_353' title='bbox 488 5516 581 5566; x_wconf 92' lang='lat' dir='ltr'><strong>no,</strong></span> <span class='ocrx_word' id='word_1_354' title='bbox 611 5516 714 5557; x_wconf 88' lang='lat' dir='ltr'><strong>nec</strong></span> <span class='ocrx_word' id='word_1_355' title='bbox 752 5518 860 5557; x_wconf 88' lang='lat' dir='ltr'><strong>non</strong></span> <span class='ocrx_word' id='word_1_356' title='bbox 902 5500 1163 5564; x_wconf 72' lang='lat' dir='ltr'><strong>Chirone,</strong></span> <span class='ocrx_word' id='word_1_357' title='bbox 1199 5498 1436 5571; x_wconf 85' lang='lat' dir='ltr'><strong>Orpheo,</strong></span> <span class='ocrx_word' id='word_1_358' title='bbox 1467 5500 1772 5566; x_wconf 85' lang='lat' dir='ltr'><strong>Dioscuris,</strong></span> <span class='ocrx_word' id='word_1_359' title='bbox 1803 5497 2058 5555; x_wconf 68' lang='lat' dir='ltr'><strong>IEscula-</strong></span> 
     </span>
    </p>
   </div>
   <div class='ocr_carea' id='block_1_62' title="bbox 485 5590 2054 5664">
    <p class='ocr_par' dir='ltr' id='par_1_62' title="bbox 485 5590 2054 5664">
     <span class='ocr_line' id='line_1_62' title="bbox 485 5590 2054 5664; baseline -0.003 -17"><span class='ocrx_word' id='word_1_360' title='bbox 485 5593 598 5664; x_wconf 90' lang='lat' dir='ltr'><strong>pio,</strong></span> <span class='ocrx_word' id='word_1_361' title='bbox 636 5592 835 5650; x_wconf 80' lang='lat' dir='ltr'><strong>Libero</strong></span> <span class='ocrx_word' id='word_1_362' title='bbox 891 5593 1071 5658; x_wconf 81' lang='lat' dir='ltr'><strong>Patre,</strong></span> <span class='ocrx_word' id='word_1_363' title='bbox 1125 5592 1415 5657; x_wconf 83' lang='lat' dir='ltr'><strong>Mercurio,</strong></span> <span class='ocrx_word' id='word_1_364' title='bbox 1466 5593 1735 5663; x_wconf 82' lang='lat' dir='ltr'><strong>Apolline,</strong></span> <span class='ocrx_word' id='word_1_365' title='bbox 1776 5590 2054 5662; x_wconf 80' lang='lat' dir='ltr'><strong>mysteriis</strong></span> 
     </span>
    </p>
   </div>
   <div class='ocr_carea' id='block_1_63' title="bbox 487 5679 2050 5753">
    <p class='ocr_par' dir='ltr' id='par_1_63' title="bbox 487 5679 2050 5753">
     <span class='ocr_line' id='line_1_63' title="bbox 487 5679 2050 5753; baseline -0.003 -17"><span class='ocrx_word' id='word_1_366' title='bbox 487 5683 769 5753; x_wconf 88' lang='lat' dir='ltr'><strong>initiisque</strong></span> <span class='ocrx_word' id='word_1_367' title='bbox 811 5681 1146 5746; x_wconf 68' lang='lat' dir='ltr'><strong>Graecorum,</strong></span> <span class='ocrx_word' id='word_1_368' title='bbox 1171 5690 1227 5737; x_wconf 91' lang='lat' dir='ltr'><strong>et</strong></span> <span class='ocrx_word' id='word_1_369' title='bbox 1256 5683 1390 5751; x_wconf 89' lang='lat' dir='ltr'><strong>ipsis</strong></span> <span class='ocrx_word' id='word_1_370' title='bbox 1423 5682 1587 5737; x_wconf 83' lang='lat' dir='ltr'><strong>rebus</strong></span> <span class='ocrx_word' id='word_1_371' title='bbox 1630 5696 1659 5733; x_wconf 90' lang='lat' dir='ltr'><strong>a</strong></span> <span class='ocrx_word' id='word_1_372' title='bbox 1699 5679 1831 5736; x_wconf 80' lang='lat' dir='ltr'><strong>Jove</strong></span> <span class='ocrx_word' id='word_1_373' title='bbox 1856 5681 2050 5750; x_wconf 80' lang='lat' dir='ltr'><strong>gestis.</strong></span> 
     </span>
    </p>
   </div>
   <div class='ocr_carea' id='block_1_64' title="bbox 487 5771 2051 5843">
    <p class='ocr_par' dir='ltr' id='par_1_64' title="bbox 487 5771 2051 5843">
     <span class='ocr_line' id='line_1_64' title="bbox 487 5771 2051 5843; baseline 0.001 -15"><span class='ocrx_word' id='word_1_374' title='bbox 487 5771 754 5831; x_wconf 66' lang='lat' dir='ltr'><strong>Prsterea</strong></span> <span class='ocrx_word' id='word_1_375' title='bbox 800 5775 1160 5830; x_wconf 85' lang='lat' dir='ltr'><strong>Deucalioneo</strong></span> <span class='ocrx_word' id='word_1_376' title='bbox 1205 5774 1431 5837; x_wconf 83' lang='lat' dir='ltr'><strong>diluvio,</strong></span> <span class='ocrx_word' id='word_1_377' title='bbox 1494 5781 1766 5828; x_wconf 89' lang='lat' dir='ltr'><strong>terrarum</strong></span> <span class='ocrx_word' id='word_1_378' title='bbox 1809 5781 2051 5843; x_wconf 80' lang='lat' dir='ltr'><strong>tempore</strong></span> 
     </span>
    </p>
   </div>
   <div class='ocr_carea' id='block_1_65' title="bbox 562 5883 900 5957">
    <p class='ocr_par' dir='ltr' id='par_1_65' title="bbox 562 5883 900 5957">
     <span class='ocr_line' id='line_1_65' title="bbox 562 5883 900 5957; baseline 0.003 -19"><span class='ocrx_word' id='word_1_379' title='bbox 562 5886 592 5957; x_wconf 46' lang='lat' dir='ltr'><strong>ﬂ</strong></span> <span class='ocrx_word' id='word_1_380' title='bbox 611 5883 900 5941; x_wconf 81' lang='lat' dir='ltr'><strong>Eusebius.</strong></span> 
     </span>
    </p>
   </div>
   <div class='ocr_carea' id='block_1_66' title="bbox 2177 4573 3739 4654">
    <p class='ocr_par' dir='ltr' id='par_1_66' title="bbox 2177 4573 3739 4654">
     <span class='ocr_line' id='line_1_66' title="bbox 2177 4573 3739 4654; baseline -0.006 -18"><span class='ocrx_word' id='word_1_381' title='bbox 2177 4581 2424 4654; x_wconf 75' lang='grc' dir='ltr'>Ἀϐραὰμ</span> <span class='ocrx_word' id='word_1_382' title='bbox 2476 4583 2590 4645; x_wconf 86' lang='grc' dir='ltr'>τοῖς</span> <span class='ocrx_word' id='word_1_383' title='bbox 2651 4580 2817 4634; x_wconf 78' lang='grc' dir='ltr'>ἔτεσι.</span> <span class='ocrx_word' id='word_1_384' title='bbox 2868 4579 3026 4634; x_wconf 76' lang='grc' dir='ltr'>Κατὰ</span> <span class='ocrx_word' id='word_1_385' title='bbox 3088 4581 3197 4649; x_wconf 81' lang='grc' dir='ltr'><strong>γὰρ</strong></span> <span class='ocrx_word' id='word_1_386' title='bbox 3267 4575 3367 4649; x_wconf 82' lang='grc' dir='ltr'>τὴν</span> <span class='ocrx_word' id='word_1_387' title='bbox 3434 4573 3739 4646; x_wconf 84' lang='grc' dir='ltr'>Σεμίραμιν</span> 
     </span>
    </p>
   </div>
   <div class='ocr_carea' id='block_1_67' title="bbox 2176 4666 3739 4747">
    <p class='ocr_par' dir='ltr' id='par_1_67' title="bbox 2176 4666 3739 4747">
     <span class='ocr_line' id='line_1_67' title="bbox 2176 4666 3739 4747; baseline -0.006 -18"><span class='ocrx_word' id='word_1_388' title='bbox 2176 4676 2425 4747; x_wconf 70' lang='grc' dir='ltr'>Ἀϐραὰμ</span> <span class='ocrx_word' id='word_1_389' title='bbox 2469 4677 2499 4729; x_wconf 84' lang='grc' dir='ltr'><strong>ό</strong></span> <span class='ocrx_word' id='word_1_390' title='bbox 2555 4673 2821 4746; x_wconf 81' lang='grc' dir='ltr'>μακάριος</span> <span class='ocrx_word' id='word_1_391' title='bbox 2871 4672 3227 4744; x_wconf 76' lang='grc' dir='ltr'>ὲγνωρίζετο·</span> <span class='ocrx_word' id='word_1_392' title='bbox 3271 4671 3303 4723; x_wconf 81' lang='grc' dir='ltr'><strong>ὁ</strong></span> <span class='ocrx_word' id='word_1_393' title='bbox 3362 4666 3739 4739; x_wconf 75' lang='grc' dir='ltr'><strong>δὲ’]ὠσηππος</strong></span> 
     </span>
    </p>
   </div>
   <div class='ocr_carea' id='block_1_68' title="bbox 2163 4757 3736 4836">
    <p class='ocr_par' dir='ltr' id='par_1_68' title="bbox 2163 4757 3736 4836">
     <span class='ocr_line' id='line_1_68' title="bbox 2163 4757 3736 4836; baseline -0.007 -15"><span class='ocrx_word' id='word_1_394' title='bbox 2163 4765 2303 4821; x_wconf 83' lang='grc' dir='ltr'>κατὰ</span> <span class='ocrx_word' id='word_1_395' title='bbox 2336 4767 2579 4836; x_wconf 81' lang='grc' dir='ltr'>Ἴναχον·</span> <span class='ocrx_word' id='word_1_396' title='bbox 2616 4764 2856 4834; x_wconf 84' lang='grc' dir='ltr'>Μωῦσῆς</span> <span class='ocrx_word' id='word_1_397' title='bbox 2886 4764 2943 4816; x_wconf 74' lang='grc' dir='ltr'><strong>δὲ</strong></span> <span class='ocrx_word' id='word_1_398' title='bbox 2991 4762 3133 4817; x_wconf 81' lang='grc' dir='ltr'>κατὰ</span> <span class='ocrx_word' id='word_1_399' title='bbox 3179 4759 3476 4834; x_wconf 73' lang='grc' dir='ltr'>Κέκροπα,</span> <span class='ocrx_word' id='word_1_400' title='bbox 3519 4758 3578 4813; x_wconf 89' lang='grc' dir='ltr'>ὃν</span> <span class='ocrx_word' id='word_1_401' title='bbox 3631 4757 3736 4828; x_wconf 84' lang='grc' dir='ltr'>πρὸ</span> 
     </span>
    </p>
   </div>
   <div class='ocr_carea' id='block_1_69' title="bbox 2159 4848 3734 4925">
    <p class='ocr_par' dir='ltr' id='par_1_69' title="bbox 2159 4848 3734 4925">
     <span class='ocr_line' id='line_1_69' title="bbox 2159 4848 3734 4925; baseline -0.006 -17"><span class='ocrx_word' id='word_1_402' title='bbox 2159 4854 2268 4908; x_wconf 91' lang='grc' dir='ltr'><strong>τῶν</strong></span> <span class='ocrx_word' id='word_1_403' title='bbox 2302 4852 2544 4908; x_wconf 87' lang='grc' dir='ltr'>Ἰλιακῶν</span> <span class='ocrx_word' id='word_1_404' title='bbox 2572 4853 2716 4907; x_wconf 74' lang='grc' dir='ltr'>ἔτεσι</span> <span class='ocrx_word' id='word_1_405' title='bbox 2743 4851 3091 4925; x_wconf 87' lang='grc' dir='ltr'>τριακοσίοις.</span> <span class='ocrx_word' id='word_1_406' title='bbox 3113 4891 3127 4905; x_wconf 94' lang='grc'><strong>.</strong></span> <span class='ocrx_word' id='word_1_407' title='bbox 3151 4891 3165 4904; x_wconf 94' lang='grc'><strong>.</strong></span> <span class='ocrx_word' id='word_1_408' title='bbox 3183 4891 3197 4906; x_wconf 93' lang='grc'><strong><em>.</em></strong></span> <span class='ocrx_word' id='word_1_409' title='bbox 3213 4891 3226 4904; x_wconf 91' lang='grc'><strong><em>.</em></strong></span> <span class='ocrx_word' id='word_1_410' title='bbox 3247 4890 3263 4904; x_wconf 92' lang='grc'><strong>.</strong></span> <span class='ocrx_word' id='word_1_411' title='bbox 3284 4889 3300 4904; x_wconf 92' lang='grc'><strong>.</strong></span> <span class='ocrx_word' id='word_1_412' title='bbox 3325 4889 3340 4904; x_wconf 93' lang='grc'><strong>.</strong></span> <span class='ocrx_word' id='word_1_413' title='bbox 3361 4890 3375 4904; x_wconf 93' lang='grc'><strong>.</strong></span> <span class='ocrx_word' id='word_1_414' title='bbox 3401 4849 3615 4922; x_wconf 86' lang='grc' dir='ltr'>πρῶτον</span> <span class='ocrx_word' id='word_1_415' title='bbox 3636 4848 3734 4918; x_wconf 80' lang='grc' dir='ltr'>τῆς</span> 
     </span>
    </p>
   </div>
   <div class='ocr_carea' id='block_1_70' title="bbox 2176 4938 3741 5017">
    <p class='ocr_par' dir='ltr' id='par_1_70' title="bbox 2176 4938 3741 5017">
     <span class='ocr_line' id='line_1_70' title="bbox 2176 4938 3741 5017; baseline -0.004 -19"><span class='ocrx_word' id='word_1_416' title='bbox 2176 4944 2424 5015; x_wconf 74' lang='grc' dir='ltr'>Ἀττικῆς</span> <span class='ocrx_word' id='word_1_417' title='bbox 2451 4945 2718 5017; x_wconf 84' lang='grc' dir='ltr'>Ἐλλήνων</span> <span class='ocrx_word' id='word_1_418' title='bbox 2746 4944 2953 5008; x_wconf 84' lang='grc' dir='ltr'>παῖδες,</span> <span class='ocrx_word' id='word_1_419' title='bbox 2979 4943 3055 5008; x_wconf 83' lang='grc' dir='ltr'>ὡς</span> <span class='ocrx_word' id='word_1_420' title='bbox 3079 4938 3219 4997; x_wconf 83' lang='grc' dir='ltr'>εἶναι</span> <span class='ocrx_word' id='word_1_421' title='bbox 3249 4942 3358 4996; x_wconf 87' lang='grc' dir='ltr'><strong>τῶν</strong></span> <span class='ocrx_word' id='word_1_422' title='bbox 3386 4940 3515 5014; x_wconf 81' lang='grc' dir='ltr'>παρ’</span> <span class='ocrx_word' id='word_1_423' title='bbox 3542 4939 3741 5009; x_wconf 66' lang='grc' dir='ltr'>Ἔλλη-</span> 
     </span>
    </p>
   </div>
   <div class='ocr_carea' id='block_1_71' title="bbox 2161 5033 3735 5109">
    <p class='ocr_par' dir='ltr' id='par_1_71' title="bbox 2161 5033 3735 5109">
     <span class='ocr_line' id='line_1_71' title="bbox 2161 5033 3735 5109; baseline -0.004 -18"><span class='ocrx_word' id='word_1_424' title='bbox 2161 5054 2246 5091; x_wconf 90' lang='grc' dir='ltr'><strong>σιν</strong></span> <span class='ocrx_word' id='word_1_425' title='bbox 2275 5037 2516 5109; x_wconf 87' lang='grc' dir='ltr'>ἀρχαίων</span> <span class='ocrx_word' id='word_1_426' title='bbox 2547 5035 2726 5107; x_wconf 83' lang='grc' dir='ltr'>σοφῶν</span> <span class='ocrx_word' id='word_1_427' title='bbox 2750 5036 2840 5090; x_wconf 84' lang='grc' dir='ltr'>τὸν</span> <span class='ocrx_word' id='word_1_428' title='bbox 2871 5035 3108 5090; x_wconf 74' lang='grc' dir='ltr'><strong>Μωῦσέα</strong></span> <span class='ocrx_word' id='word_1_429' title='bbox 3140 5034 3530 5109; x_wconf 76' lang='grc' dir='ltr'>πρεσϐύτατον,</span> <span class='ocrx_word' id='word_1_430' title='bbox 3569 5033 3735 5102; x_wconf 80' lang='grc' dir='ltr'><strong>Ὀμή-</strong></span> 
     </span>
    </p>
   </div>
   <div class='ocr_carea' id='block_1_72' title="bbox 2160 5125 3729 5201">
    <p class='ocr_par' dir='ltr' id='par_1_72' title="bbox 2160 5125 3729 5201">
     <span class='ocr_line' id='line_1_72' title="bbox 2160 5125 3729 5201; baseline -0.005 -16"><span class='ocrx_word' id='word_1_431' title='bbox 2160 5147 2256 5201; x_wconf 85' lang='grc' dir='ltr'><strong>ρου</strong></span> <span class='ocrx_word' id='word_1_432' title='bbox 2286 5130 2469 5200; x_wconf 74' lang='grc' dir='ltr'>λέγων</span> <span class='ocrx_word' id='word_1_433' title='bbox 2498 5129 2594 5185; x_wconf 78' lang='grc' dir='ltr'>καὶ</span> <span class='ocrx_word' id='word_1_434' title='bbox 2632 5128 2895 5193; x_wconf 86' lang='grc' dir='ltr'>Ἠσιόδου,</span> <span class='ocrx_word' id='word_1_435' title='bbox 2941 5128 3037 5182; x_wconf 75' lang='grc' dir='ltr'>καὶ</span> <span class='ocrx_word' id='word_1_436' title='bbox 3081 5128 3189 5182; x_wconf 90' lang='grc' dir='ltr'><strong>τῶν</strong></span> <span class='ocrx_word' id='word_1_437' title='bbox 3232 5125 3526 5200; x_wconf 79' lang='grc' dir='ltr'>Τρωῖκῶν,</span> <span class='ocrx_word' id='word_1_438' title='bbox 3566 5125 3729 5195; x_wconf 84' lang='grc' dir='ltr'>Ἥρα-</span> 
     </span>
    </p>
   </div>
   <div class='ocr_carea' id='block_1_73' title="bbox 2159 5217 3731 5289">
    <p class='ocr_par' dir='ltr' id='par_1_73' title="bbox 2159 5217 3731 5289">
     <span class='ocr_line' id='line_1_73' title="bbox 2159 5217 3731 5289; baseline -0.005 -14"><span class='ocrx_word' id='word_1_439' title='bbox 2159 5221 2348 5285; x_wconf 81' lang='grc' dir='ltr'>κλέους</span> <span class='ocrx_word' id='word_1_440' title='bbox 2374 5238 2458 5289; x_wconf 80' lang='grc' dir='ltr'><strong>τε,</strong></span> <span class='ocrx_word' id='word_1_441' title='bbox 2486 5222 2581 5274; x_wconf 78' lang='grc' dir='ltr'>καὶ</span> <span class='ocrx_word' id='word_1_442' title='bbox 2601 5218 2898 5284; x_wconf 84' lang='grc' dir='ltr'>Μουσαίου,</span> <span class='ocrx_word' id='word_1_443' title='bbox 2923 5221 3015 5274; x_wconf 86' lang='grc' dir='ltr'>καὶ</span> <span class='ocrx_word' id='word_1_444' title='bbox 3044 5219 3228 5286; x_wconf 83' lang='grc' dir='ltr'>Λίνου,</span> <span class='ocrx_word' id='word_1_445' title='bbox 3250 5218 3329 5272; x_wconf 71' lang='grc' dir='ltr'>ἔτι</span> <span class='ocrx_word' id='word_1_446' title='bbox 3354 5236 3415 5272; x_wconf 88' lang='grc' dir='ltr'><strong>τε</strong></span> <span class='ocrx_word' id='word_1_447' title='bbox 3436 5217 3731 5289; x_wconf 79' lang='grc' dir='ltr'>Χείρωνος,</span> 
     </span>
    </p>
   </div>
   <div class='ocr_carea' id='block_1_74' title="bbox 2170 5306 3731 5384">
    <p class='ocr_par' dir='ltr' id='par_1_74' title="bbox 2170 5306 3731 5384">
     <span class='ocr_line' id='line_1_74' title="bbox 2170 5306 3731 5384; baseline -0.004 -18"><span class='ocrx_word' id='word_1_448' title='bbox 2170 5311 2431 5382; x_wconf 72' lang='grc' dir='ltr'>Ὀρφέως,</span> <span class='ocrx_word' id='word_1_449' title='bbox 2448 5312 2807 5384; x_wconf 83' lang='grc' dir='ltr'>Διοσκούρων,</span> <span class='ocrx_word' id='word_1_450' title='bbox 2832 5310 3181 5383; x_wconf 75' lang='grc' dir='ltr'>’Δσκληπιοῦ,</span> <span class='ocrx_word' id='word_1_451' title='bbox 3205 5309 3478 5371; x_wconf 71' lang='grc' dir='ltr'>Διονῦσου,</span> <span class='ocrx_word' id='word_1_452' title='bbox 3504 5306 3731 5380; x_wconf 79' lang='grc' dir='ltr'>Ἑρμοῦ,</span> 
     </span>
    </p>
   </div>
   <div class='ocr_carea' id='block_1_75' title="bbox 2169 5397 3731 5473">
    <p class='ocr_par' dir='ltr' id='par_1_75' title="bbox 2169 5397 3731 5473">
     <span class='ocr_line' id='line_1_75' title="bbox 2169 5397 3731 5473; baseline -0.003 -15"><span class='ocrx_word' id='word_1_453' title='bbox 2169 5404 2501 5469; x_wconf 79' lang='grc' dir='ltr'>’Λπόλλωνος</span> <span class='ocrx_word' id='word_1_454' title='bbox 2517 5443 2533 5469; x_wconf 87' lang='grc'><strong>,</strong></span> <span class='ocrx_word' id='word_1_455' title='bbox 2587 5404 2683 5458; x_wconf 76' lang='grc' dir='ltr'>καὶ</span> <span class='ocrx_word' id='word_1_456' title='bbox 2733 5405 2840 5458; x_wconf 88' lang='grc' dir='ltr'><strong>τῶν</strong></span> <span class='ocrx_word' id='word_1_457' title='bbox 2874 5402 3197 5473; x_wconf 79' lang='grc' dir='ltr'>Ἑλληνικῶν</span> <span class='ocrx_word' id='word_1_458' title='bbox 3247 5400 3557 5473; x_wconf 82' lang='grc' dir='ltr'>μυστηρίων</span> <span class='ocrx_word' id='word_1_459' title='bbox 3574 5439 3591 5466; x_wconf 84' lang='grc'><strong>,</strong></span> <span class='ocrx_word' id='word_1_460' title='bbox 3637 5397 3731 5451; x_wconf 79' lang='grc' dir='ltr'><strong>καὶ</strong></span> 
     </span>
    </p>
   </div>
   <div class='ocr_carea' id='block_1_76' title="bbox 2154 5488 3729 5567">
    <p class='ocr_par' dir='ltr' id='par_1_76' title="bbox 2154 5488 3729 5567">
     <span class='ocr_line' id='line_1_76' title="bbox 2154 5488 3729 5567; baseline -0.003 -17"><span class='ocrx_word' id='word_1_461' title='bbox 2154 5496 2411 5559; x_wconf 82' lang='grc' dir='ltr'>τελετῶν,</span> <span class='ocrx_word' id='word_1_462' title='bbox 2456 5497 2548 5551; x_wconf 78' lang='grc' dir='ltr'>καὶ</span> <span class='ocrx_word' id='word_1_463' title='bbox 2588 5497 2766 5551; x_wconf 77' lang='grc' dir='ltr'>αὐτῶν</span> <span class='ocrx_word' id='word_1_464' title='bbox 2794 5496 2902 5550; x_wconf 91' lang='grc' dir='ltr'><strong>τῶν</strong></span> <span class='ocrx_word' id='word_1_465' title='bbox 2934 5496 3055 5560; x_wconf 82' lang='grc' dir='ltr'>Διὸς</span> <span class='ocrx_word' id='word_1_466' title='bbox 3101 5495 3380 5567; x_wconf 77' lang='grc' dir='ltr'>πράξεωνο</span> <span class='ocrx_word' id='word_1_467' title='bbox 3417 5494 3497 5547; x_wconf 70' lang='grc' dir='ltr'>ἔτι</span> <span class='ocrx_word' id='word_1_468' title='bbox 3536 5492 3591 5546; x_wconf 80' lang='grc' dir='ltr'>δὲ</span> <span class='ocrx_word' id='word_1_469' title='bbox 3632 5488 3729 5545; x_wconf 64' lang='grc' dir='ltr'><strong>τοῦ</strong></span> 
     </span>
    </p>
   </div>
   <div class='ocr_carea' id='block_1_77' title="bbox 2155 5581 3727 5658">
    <p class='ocr_par' dir='ltr' id='par_1_77' title="bbox 2155 5581 3727 5658">
     <span class='ocr_line' id='line_1_77' title="bbox 2155 5581 3727 5658; baseline -0.005 -17"><span class='ocrx_word' id='word_1_470' title='bbox 2155 5586 2297 5641; x_wconf 81' lang='grc' dir='ltr'>κατὰ</span> <span class='ocrx_word' id='word_1_471' title='bbox 2331 5588 2672 5641; x_wconf 84' lang='grc' dir='ltr'>Δευκαλίωνα</span> <span class='ocrx_word' id='word_1_472' title='bbox 2700 5586 3107 5658; x_wconf 81' lang='grc' dir='ltr'>κατακλυσμοῦ,</span> <span class='ocrx_word' id='word_1_473' title='bbox 3136 5587 3229 5641; x_wconf 76' lang='grc' dir='ltr'>καὶ</span> <span class='ocrx_word' id='word_1_474' title='bbox 3252 5587 3350 5658; x_wconf 83' lang='grc' dir='ltr'>τῆς</span> <span class='ocrx_word' id='word_1_475' title='bbox 3369 5586 3462 5639; x_wconf 76' lang='grc' dir='ltr'><strong>ἐπὶ</strong></span> <span class='ocrx_word' id='word_1_476' title='bbox 3492 5581 3727 5637; x_wconf 79' lang='grc' dir='ltr'>Φαέθον-</span> 
     </span>
    </p>
   </div>
   <div class='ocr_carea' id='block_1_78' title="bbox 2157 5673 3732 5753">
    <p class='ocr_par' dir='ltr' id='par_1_78' title="bbox 2157 5673 3732 5753">
     <span class='ocr_line' id='line_1_78' title="bbox 2157 5673 3732 5753; baseline -0.006 -20"><span class='ocrx_word' id='word_1_477' title='bbox 2157 5697 2246 5744; x_wconf 84' lang='grc' dir='ltr'><strong>τος</strong></span> <span class='ocrx_word' id='word_1_478' title='bbox 2270 5679 2658 5752; x_wconf 78' lang='grc' dir='ltr'>ἐκπυρώσεως,</span> <span class='ocrx_word' id='word_1_479' title='bbox 2702 5680 3032 5753; x_wconf 85' lang='grc' dir='ltr'>Ἐριχθονίου</span> <span class='ocrx_word' id='word_1_480' title='bbox 3062 5697 3120 5733; x_wconf 87' lang='grc' dir='ltr'><strong>τε</strong></span> <span class='ocrx_word' id='word_1_481' title='bbox 3145 5678 3410 5749; x_wconf 80' lang='grc' dir='ltr'>γενέσεως</span> <span class='ocrx_word' id='word_1_482' title='bbox 3438 5676 3496 5742; x_wconf 74' lang='grc' dir='ltr'><strong>ἐξ</strong></span> <span class='ocrx_word' id='word_1_483' title='bbox 3534 5673 3732 5742; x_wconf 49' lang='grc' dir='ltr'>Ἠσαί-</span> 
     </span>
    </p>
   </div>
   <div class='ocr_carea' id='block_1_79' title="bbox 2114 5764 3728 5845">
    <p class='ocr_par' dir='ltr' id='par_1_79' title="bbox 2114 5764 3728 5845">
     <span class='ocr_line' id='line_1_79' title="bbox 2114 5764 3728 5845; baseline -0.004 -22"><span class='ocrx_word' id='word_1_484' title='bbox 2114 5807 2131 5823; x_wconf 83' lang='grc'><strong>.</strong></span> <span class='ocrx_word' id='word_1_485' title='bbox 2157 5790 2283 5827; x_wconf 88' lang='grc' dir='ltr'>στου</span> <span class='ocrx_word' id='word_1_486' title='bbox 2308 5774 2399 5828; x_wconf 75' lang='grc' dir='ltr'>καὶ</span> <span class='ocrx_word' id='word_1_487' title='bbox 2417 5772 2546 5842; x_wconf 83' lang='grc' dir='ltr'>Γῆς,</span> <span class='ocrx_word' id='word_1_488' title='bbox 2581 5775 2674 5828; x_wconf 77' lang='grc' dir='ltr'>καὶ</span> <span class='ocrx_word' id='word_1_489' title='bbox 2693 5775 2876 5845; x_wconf 81' lang='grc' dir='ltr'>Κόρης</span> <span class='ocrx_word' id='word_1_490' title='bbox 2900 5774 3174 5845; x_wconf 78' lang='grc' dir='ltr'>ἁρπαγῆς.</span> <span class='ocrx_word' id='word_1_491' title='bbox 3202 5764 3358 5825; x_wconf 75' lang='grc' dir='ltr'>Οὗτοι</span> <span class='ocrx_word' id='word_1_492' title='bbox 3392 5768 3500 5839; x_wconf 80' lang='grc' dir='ltr'>γὰρ</span> <span class='ocrx_word' id='word_1_493' title='bbox 3528 5768 3728 5828; x_wconf 74' lang='grc' dir='ltr'>πάντες</span> 
     </span>
    </p>
   </div>
  </div>
