4112 6408
372 345 473 403 τοο

1285 351 1647 408 8ΡΙΞΒῖΑ.-
1685 352 2044 413 (ΣΟΜΜΕΝΤ.
2087 356 2153 411 IN
2195 356 2694 417 HEXAEMERON.

3509 372 3610 431 7l0

370 459 615 532 ὑπῆρξαν
674 462 812 533 μετά
869 464 1165 537 Κέκροπα,
1218 466 1277 520 ὃν
1337 468 1506 522 πολλά
1548 471 1791 543 ’Όμηρος
1842 473 1924 527 ml

2038 472 2357 530 Phaetontis
2387 475 2799 548 deﬂagratione,
2831 478 3192 536 Eritclitbonii
3225 491 3349 539 ortu
3381 501 3448 542 ex
3473 486 3607 542 Vul-

378 549 616 616 Ἰῐσίοδος
657 558 771 619 τοῖς
804 557 1016 628 χρόνοις
1067 557 1489 629 ὑποϐεϐήκασιν.
1518 563 1580 616 Εἰ
1628 565 1685 617 δὲ
1731 565 1936 619 τούτων

369 641 709 700 ἐλαττοῦνται
746 650 858 712 τοῖς
891 648 1035 702 ἔτεσι
1059 688 1076 712 ,
1123 650 1256 704 πολὺ
1291 652 1462 724 δήπου
1513 654 1614 725 τῆς
1659 657 1936 720 Μωῦσέως

338 733 700 806 ⁴ὑπάρχουσιν
750 739 964 811 ἡλικίας
1013 740 1327 815 κατώτεροι.
1378 741 1544 809 Οὗτος
1589 748 1766 800 τοίνυν
1826 747 1934 801 τῶν

366 824 545 892 σοφῶν
593 827 810 882 πάντων
855 829 1169 895 διδάσκαλος
1220 835 1499 907 ἀνεδείχθη
1536 838 1636 907 τῆς
1678 839 1935 910 ἀληθείας

366 915 655 1002 θειότατος.
704 921 815 993 Τὴν
862 921 970 995 γὰρ
1008 924 1116 977 τῶν
1154 927 1464 994 Αἰγυπτίων
1493 929 1791 1002 λεγομένην
1820 932 1935 985 δια-

365 1001 576 1069 πτύσας
610 1006 817 1075 σοφίαν,
853 1009 1048 1081 ἄριστα
1081 1015 1210 1085 περὶ
1232 1014 1392 1084 τῆσδε
1425 1016 1517 1070 τοῦ
1550 1001 1756 1089 κόσμου
1792 1020 1931 1085 διεξ-

364 1093 493 1165 ῆλθε
526 1098 835 1163 συστάσεως
853 1141 869 1167 ,
909 1102 999 1155 ὑπ’
1023 1104 1188 1158 αὐτοῦ
1215 1105 1457 1178 δηλονότι
1486 1108 1580 1162 τοῦ
1608 1110 1700 1164 ἐπὶ
1718 1112 1933 1166 πάντων

365 1184 501 1240 Θεοῦ
555 1189 647 1242 καὶ
687 1190 1018 1275 δημιουργοῦ
1057 1194 1152 1249 τοῦ
1202 1199 1402 1264 παντὸς
1433 1201 1791 1271 ὲμπνευσθεὶς
1832 1203 1932 1275 τὴν

363 1275 640 1349 ἀλήθειαν.
673 1267 835 1351 Λέγει
870 1284 1011 1357 γάρ·
1054 1286 1157 1341 Ἐν
1185 1288 1343 1360 ἀρχῇ
1383 1267 1670 1361 ἐποίησεν
1712 1298 1746 1350 ό
1790 1267 1933 1365 88d;-

362 1368 468 1422 τὸν
514 1372 779 1440 οὐρανὸν
819 1377 918 1430 καὶ
966 1379 1081 1448 τὴν
1130 1379 1264 1451 γῆν.
1301 1384 1410 1437 Καὶ
1451 1385 1636 1440 πολλοὶ
1665 1387 1773 1442 τῶν
1803 1394 1931 1464 παρ’

364 1461 587 1537 Ἕλλησι
619 1468 879 1523 τάναντία
908 1470 1113 1525 τούτων
1147 1472 1400 1538 διεξιέναι
1440 1477 1809 1549 τολμήσαντες
1852 1484 1932 1547 εἰς

361 1551 520 1622 βυθὸν
557 1556 778 1626 ἀγνοίας
817 1563 1336 1637 κατηκοντίσθησαν.
1373 1568 1454 1623 Τὰ
1485 1570 1594 1640 γὰρ
1626 1570 1686 1638 ἐξ
1724 1572 1933 1644 ἀνθρω-

358 1644 519 1716 πίνης
543 1647 777 1716 διανοίας
811 1655 1193 1727 προφερόμενα
1229 1656 1473 1730 δόγματα
1514 1663 1679 1733 σαφῆ.
1701 1702 1715 1716 .
1738 1703 1753 1716 .
1775 1701 1789 1715 .
1814 1663 1929 1717 άνει

356 1735 452 1800 καὶ
501 1738 890 1810 ἀνερμάτιστα.
922 1744 1110 1810 Οὐδεὶς
1160 1744 1270 1818 γὰρ
1321 1752 1452 1822 παρ’
1499 1751 1682 1816 αὐτοῖς
1730 1752 1928 1824 ἕστηκε

351 1824 509 1896 λόγος
552 1830 838 1904 ἀκίνητος,
883 1835 970 1891 ἀεὶ
1021 1837 1116 1892 τοῦ
1169 1839 1418 1913 δευτέρου
1468 1842 1559 1897 τὸν
1606 1845 1714 1916 πρὸ
1762 1845 1927 1899 αὐτοῦ
1963 1824 2002 1882 Β

347 1921 778 1990 καταϐάλλοντος
797 1944 811 1956 ’
839 1925 979 1981 ὥστε
1008 1930 1174 2001 μηδὲν
1198 1931 1358 2004 ἔργον
1389 1930 1528 1988 εἷναι
1556 1938 1666 1998 τοῖς
1694 1941 1925 2004 πιστοῖς,

342 2013 616 2069 τάκείνων
645 2015 905 2089 ἐλέγχειν,
932 2021 1243 2093 ἀρκούντων
1271 2025 1493 2079 ἐκείνων
1517 2026 1766 2099 ἀλλήλοις
1789 2030 1924 2101 πρὸς

340 2104 451 2175 τὴν
474 2106 680 2160 οἰκείαν
711 2109 1047 2184 ἀνατροπὴν.
1081 2114 1294 2181 ὀποῖος
1319 2116 1377 2171 δὲ
1402 2119 1462 2171 τὸ
1501 2119 1687 2190 σχῆμα
1715 2121 1806 2173 καὶ
1829 2121 1925 2193 τὴν

344 2196 539 2252 οὐσίαν
564 2200 593 2251 ό
621 2200 845 2272 οὐρανός
868 2205 1003 2271 ἐστι,
1033 2205 1271 2261 διδάσκει
1294 2210 1440 2280 ἡμᾶς
1467 2209 1695 2274 Ἡσαΐας
1717 2211 1888 2281 λέγων
1906 2230 1920 2243 ·

359 2285 425 2341 '0
470 2287 707 2357 στήσας
752 2291 861 2345 τὸν
908 2294 1167 2362 οὐρανὸν
1210 2297 1352 2353 ὡσεὶ
1403 2298 1678 2370 καμάραν
1699 2319 1713 2332 ·
1761 2303 1923 2357 αὐτοῦ

343 2379 574 2452 λεπτὴν,
610 2383 706 2435 καὶ
748 2384 810 2436 οὐ
852 2386 1098 2457 στερεὰν,
1130 2388 1252 2442 οὐδὲ
1288 2394 1520 2462 παχεῖαν
1562 2394 1928 2465 αἰνιττόμενος

342 2464 520 2532 εἶναι,
567 2469 644 2534 ὡς
688 2471 781 2524 καὶ
823 2472 1056 2546 ἀλλαχοῦ
1107 2493 1302 2547 φησιν’
1351 2480 1412 2532 '0
1444 2464 1782 2550 ctepsdia'ac
1821 2483 1930 2537 τὸν

339 2562 607 2630 οὐρανὸν
633 2562 777 2617 ὡσεὶ
806 2564 1057 2619 καπνόν.
1090 2565 1199 2638 Τὴν
1221 2567 1278 2621 δὲ
1305 2570 1409 2641 γῆν
1435 2570 1632 2640 φάσκει
1661 2575 1690 2627 ὁ
1716 2574 1927 2646 ψαλμὸς

338 2653 442 2706 ἐπὶ
490 2651 599 2707 τῶν
654 2653 859 2708 ὑδάτων
915 2656 1254 2727 ἐνηρεῖσθαι,
1315 2659 1523 2732 λέγων’
1583 2664 1778 2732 Αὐτὸς
1825 2667 1922 2720 ἐπὶ

338 2743 676 2798 θαλασσῶν
705 2745 1101 2816 ἐθεμελίωσεν
1126 2751 1338 2821 αὐτὴν,
1371 2754 1469 2808 καὶ
1511 2754 1612 2809 ἐπὶ
1643 2757 1923 2827 ποταμῶν

338 2835 678 2904 ἡτοίμασεν
708 2835 919 2905 αὐτήν.
946 2839 1054 2892 Καὶ
1088 2838 1148 2892 τὸ
1177 2839 1292 2907 πῶς
1328 2843 1388 2897 οὐ
1426 2843 1507 2897 δεῖ
1534 2844 1921 2919 πολυπραγμο-

338 2929 490 2989 νεῖν,
529 2926 665 2980 ἀλλὰ
706 2927 999 2983 πιστεύειν.
1033 2928 1105 2984 Τὸ
1142 2931 1251 3004 γὰρ
1292 2934 1497 2989 ἀπλοῦν
1538 2938 1635 3009 τῆς
1685 2939 1921 3004 πίστεως

342 3017 696 3090 ίσχυρίςερον
739 3019 974 3092 ὑπάρχει
1004 3020 1239 3091 λογικῶν
1268 3025 1622 3093 ἀποδείξεων·
1656 3028 1921 3100 ἀνέφικτα

337 3107 454 3180 γὰρ
484 3110 577 3164 καὶ
603 3112 960 3185 ἀκατάληπτα
985 3116 1100 3167 ἐστι
1127 3114 1221 3169 τοῦ
1243 3116 1377 3169 Θεοῦ
1406 3118 1474 3175 τὰ
1513 3120 1775 3192 κρίματα.

2037 583 2174 622 cano
2205 576 2260 623 et
2307 568 2497 632 Terra,
2551 581 2713 640 atque
2747 582 2905 642 raptu
2936 572 3299 646 Proserpinae.
3343 578 3408 632 lli
3460 582 3606 635 enim

2035 674 2225 714 omnes
2259 668 2382 730 post
2407 660 2700 732 Cecropem
2743 664 2916 731 fuere,
2965 681 3075 735 quo
3105 665 3373 725 Homerus
3402 681 3457 726 et
3498 672 3607 727 lle-

2033 750 2223 806 siodus
2252 752 2409 822 longe
2431 761 2593 807 aetate
2627 755 2977 823 posteriores.
3014 756 3118 823 Qui
3156 759 3200 814 si
3232 760 3391 816 annis
3415 762 3606 816 borum

2034 853 2164 897 sum
2192 842 2498 906 inferiores,
2532 859 2616 899 nae
2661 846 2730 899 ab
2775 853 2936 903 :rtate
2967 848 3169 921 Moysis
3203 851 3360 921 longe
3384 851 3608 910 dissitas

2033 949 2156 989 esse
2180 937 2567 1006 comperimus.
2608 935 2710 993 Hic
2756 938 2937 1008 itaque
2966 957 3033 996 ex
3061 943 3317 999 omnibus
3346 946 3608 1014 sapienti—

2035 1022 2139 1079 bus
2174 1025 2554 1084 divinissimus
2603 1028 2854 1084 veritatis
2899 1041 3203 1104 praeceptor
3242 1034 3462 1090 habitus
3500 1048 3605 1094 est.

2033 1107 2244 1164 Etenim
2288 1111 2560 1185 Egyptia,
2607 1130 2770 1185 quam
2802 1117 3012 1185 dicunt,
3044 1122 3310 1191 sapientia
3343 1124 3604 1190 delibata,

2032 1202 2275 1256 omnium
2321 1206 2525 1274 optime
2557 1205 2625 1260 de
2655 1208 2842 1262 mundi
2871 1208 3033 1280 hujus
3064 1216 3493 1282 constructione,
3526 1219 3606 1289 ip-

2032 1293 2148 1348 sius
2178 1294 2388 1350 scilicet
2418 1294 2536 1361 Dei,
2573 1313 2754 1352 rerum
2801 1308 2857 1353 et
2889 1302 3132 1359 universi
3167 1305 3332 1375 hujus
3359 1306 3603 1378 Opiﬁcis,

2031 1384 2210 1439 alllatu
2235 1386 2539 1443 concitatus
2559 1388 2628 1442 ad
2657 1392 2937 1448 veritatem
2963 1395 3246 1455 disseruit.
3272 1396 3412 1453 Dicit
3434 1400 3605 1466 enim,

2033 1475 2098 1531 In
2125 1479 2379 1547 principio
2419 1483 2615 1536 creavit
2656 1483 2796 1540 Deus
2832 1488 3022 1540 caelum
3052 1496 3101 1541 et
3148 1497 3342 1544 terram
3372 1492 3416 1545 ⁸.
3454 1489 3605 1546 Νου-

2032 1569 2164 1641 nulli
2193 1568 2572 1627 Gnecorumin
2593 1577 2923 1631 contrariam
2959 1586 3168 1647 partem
3188 1581 3455 1650 permulta
3485 1582 3603 1637 dis-

2032 1667 2227 1728 putare
2285 1662 2487 1725 conati,
2514 1663 2571 1716 in
2596 1663 2926 1733 profundum
2958 1667 3279 1737 ignorantia:
3301 1670 3604 1743 prmcipites

2032 1752 2136 1805 acti
2174 1759 2319 1807 sunt.
2353 1752 2614 1824 Dogmata
2646 1772 2880 1843 namque
2915 1759 3157 1816 humana
3190 1762 3404 1818 ratione
3448 1762 3602 1833 judi-

2030 1842 2225 1912 cioque
2251 1844 2487 1913 prodita,
2525 1842 2710 1902 multis
2733 1849 3086 1907 obscuritatis
3112 1852 3336 1909 latebris
3358 1853 3602 1909 involuta

2032 1929 2224 1995 latent,
2256 1948 2358 1988 nec
2388 1934 2500 1987 ullo
2528 1934 2802 1992 ﬁrmitatis
2837 1936 3014 1993 fulcro
3041 1943 3390 1997 constabilita
3429 1943 3604 2001 vacil-

2030 2022 2162 2078 lant.
2193 2022 2350 2078 Nulla
2380 2026 2579 2097 quippe
2617 2030 2887 2084 sententia
2917 2032 3060 2102 apud
3101 2048 3198 2089 eos
3227 2033 3450 2088 immota
3483 2050 3601 2089 ma-

2031 2123 2143 2181 net,
2179 2132 2394 2187 semper
2426 2121 2658 2189 primum
2703 2132 3053 2194 oppugnante
3099 2127 3364 2192 secundo,
3419 2128 3493 2184 ita
3541 2136 3603 2182 ut

2028 2219 2123 2260 eos
2164 2205 2408 2264 refellere
2438 2210 2575 2263 nihil
2599 2211 2670 2265 sit
2694 2214 2919 2283 negotii,
2951 2230 3080 2270 cum
3123 2216 3199 2271 illi
3231 2218 3467 2288 propriis
3503 2218 3605 2274 do-

2029 2298 2307 2368 gmatibus
2331 2303 2641 2357 evertendis
2673 2302 2961 2362 suiliciant.
2998 2305 3186 2374 Qualis
3215 2325 3380 2379 porro
3421 2310 3603 2380 ﬁgura:

2026 2396 2345 2460 naturaeque
2394 2391 2592 2446 cmlum
2647 2393 2740 2459 sit,
2775 2395 2933 2452 nobis
2962 2395 3131 2454 Isaias
3165 2400 3350 2456 verbis
3389 2400 3497 2455 illis
3527 2400 3604 2455 si-

2028 2481 2304 2550 gniﬁcavit
2334 2500 2348 2537 :
2393 2482 2498 2549 Qui
2530 2496 2673 2540 stare
2698 2485 2872 2556 fecisti
2910 2488 3097 2543 caelum
3125 2492 3279 2560 quasi
3304 2491 3600 2561 fornicem;

2028 2572 2229 2642 quibus
2255 2573 2419 2629 etiam
2453 2586 2671 2632 tenuem
2703 2577 2850 2634 illius
2895 2585 2949 2633 et
2996 2595 3106 2635 non
3136 2581 3391 2645 solidam,
3423 2598 3603 2653 neque

2029 2679 2268 2719 crassam
2301 2674 2549 2722 naturam
2578 2683 2699 2724 esse
2729 2668 2930 2733 innuit,
2973 2670 3138 2726 sicuti
3169 2680 3223 2727 et
3257 2673 3383 2726 alibi
3416 2673 3549 2727 dicit
3582 2691 3598 2728 :

2030 2753 2134 2821 Qui
2156 2756 2385 2825 ﬁrmasti
2412 2758 2598 2813 coelum
2629 2760 2782 2832 quasi
2810 2760 3273 2829 fumumTerram
3304 2778 3434 2818 vero
3447 2761 3604 2818 Psal-

2026 2847 2221 2903 modus
2249 2847 2321 2902 ait
2342 2863 2508 2921 super
2537 2864 2707 2920 aquas
2736 2851 3054 2909 sustentari.
3088 2850 3208 2921 Ipse
3236 2869 3392 2923 super
3427 2852 3602 2906 muria

2026 2937 2266 3007 [undavit
2308 2955 2459 3004 cani,
2507 2948 2556 2994 et
2590 2957 2746 3010 super
2779 2943 3004 3011 ﬂumina
3040 2946 3361 3014 pra'paravit
3404 2962 3520 2999 eam
3556 2946 3598 3000 ⁸.

2028 3029 2135 3085 Sed
2167 3031 2313 3086 enim
2348 3032 2568 3088 modum
2600 3049 2710 3089 non
2748 3034 3010 3092 debemus
3043 3038 3262 3093 curiose
3304 3037 3600 3108 inquirere,

2025 3137 2211 3177 verum
2253 3110 2495 3179 credere.
2543 3122 2877 3196 Simplicitas
2923 3129 3068 3183 enim
3111 3138 3315 3187 nostra:
3354 3130 3476 3186 ﬁdei
3506 3129 3603 3184 de-

337 3204 834 3261 monstratiouibus
862 3206 1185 3271 dialecticis,
1224 3208 1379 3280 longe
1405 3211 1634 3269 validior
1654 3224 1762 3281 est,
1788 3230 1913 3271 cum
1948 3214 2154 3287 judicia
2181 3215 2300 3280 Dei,
2340 3234 2444 3275 nec
2500 3219 2888 3292 comprehendi
2917 3223 3150 3292 possint,
3185 3238 3286 3280 nec
3334 3238 3400 3279 ea
3423 3223 3603 3294 capiat

337 3293 597 3326 Ι-ιηηυιηη.
626 3299 939 3326 ηηηεηηι..-..
971 3302 1169 3326 ...η-ιε..
3407 3306 3425 3326 ο

335 3293 597 3353 humanae
624 3299 944 3369 conjectura
971 3302 1193 3365 mentis.

420 3388 502 3457 Τῇ
555 3391 752 3462 πρώτῃ
799 3388 913 3449 οὖν
975 3396 1166 3466 ἡμέρᾳ.
1219 3399 1509 3470 ἐποίησεν
1546 3406 1580 3459 ό
1627 3403 1774 3473 Θεὸς
1812 3405 1920 3460 τὸν

2095 3400 2279 3456 Primo
2309 3401 2486 3469 itaque
2530 3400 2616 3456 die
2644 3404 2840 3458 creavit
2884 3402 3026 3459 Deus
3058 3406 3268 3472 calum,
3300 3417 3351 3461 et
3378 3415 3597 3479 terram,

335 3479 625 3548 οὐρανὸν,
666 3483 765 3537 καί
793 3484 908 3554 τὴν
946 3486 1083 3557 γῆν,
1128 3489 1228 3544 καὶ
1274 3491 1340 3545 τὸ
1388 3492 1546 3562 φῶς·
1594 3496 1691 3549 καὶ
1743 3496 1920 3552 πάντα

331 3569 496 3643 ὀξείᾳ
543 3574 736 3645 καιροῦ
776 3577 916 3649 ῥοπῇ
975 3578 1342 3649 κατεφώτισε⁹
1392 3582 1550 3639 τοῦτο
1590 3585 1648 3639 δέ
1694 3588 1810 3641 ἐστι
1857 3588 1921 3641 τὸ

334 3661 603 3734 φθαρτόν.
645 3666 760 3737 Πρὸ
800 3667 908 3740 γὰρ
944 3669 1134 3724 τούτου
1168 3673 1465 3746 σκιάσματι
1512 3680 1751 3750 περιεῖχε
1798 3695 1922 3733 σκο-

331 3754 519 3808 τεινὸν
571 3756 664 3810 τοῦ
701 3758 933 3830 οὐρανοῦ
988 3763 1411 3835 περιταθέντος,
1456 3768 1551 3822 καὶ
1599 3771 1776 3824 πάντα
1821 3772 1920 3825 ὅσα

334 3847 586 3915 συνεῖχε,
616 3847 711 3900 καὶ
741 3848 830 3903 τὸν
878 3850 1272 3921 ἀπολειφθέντα
1313 3857 1476 3912 τόπον
1517 3860 1730 3934 ἀφεγγῆ
1754 3880 1920 3919 κατα-

331 3938 660 4008 στήσαντος.
687 3938 922 4006 Ἔξωθεν
944 3941 1000 3995 δὲ
1035 3943 1127 3998 τοῦ
1156 3947 1387 4019 οὐρανοῦ
1414 3949 1531 4019 φῶς
1561 3947 1700 4006 εἶναι
1727 3955 1920 4010 ἀσκία-

329 4046 488 4094 στον,
517 4031 613 4084 καὶ
640 4031 937 4105 ἄφθαρτον,
966 4036 1061 4090 καὶ
1095 4037 1333 4105 αἰώνιον,
1372 4042 1428 4096 ὲν
1449 4036 1494 4112 ᾧ
1528 4043 1748 4115 ἄγγελοι
1775 4048 1916 4105 διαι-

325 4122 562 4187 τῶνται,
594 4124 721 4195 ’περλ⁸
748 4119 808 4179 οῦ
854 4144 987 4199 φησι
1033 4128 1284 4201 Σολομῶν
1306 4149 1320 4163 ’
1357 4134 1486 4202 Φῶς
1521 4135 1774 4206 δικαίοις
1821 4140 1918 4198 διὰ

324 4213 589 4279 παντὸς,
623 4215 703 4278 εἰς
727 4213 755 4266 ὃ
783 4216 874 4270 καὶ
904 4218 953 4271 oi
991 4218 1170 4285 καλῶς
1197 4219 1490 4290 βιώσαντες
1527 4226 1914 4285 ἀναπαύονται.

323 4306 575 4377 Νοήσεις
599 4305 656 4360 δὲ
676 4307 863 4363 τούτου
893 4308 992 4381 τὴν
1019 4313 1329 4385 οἰκονομίαν
1358 4315 1418 4381 ἐξ
1451 4318 1713 4391 ἐναργοῦς
1738 4339 1916 4394 παρα-

320 4397 652 4470 δείγματος,
684 4401 767 4454 ὅτι
815 4402 930 4472 φῶς
973 4403 1233 4461 ἄσϐεστον
1279 4407 1371 4462 τὸν
1410 4407 1512 4477 ἔξω
1540 4410 1716 4484 χῶρον
1761 4431 1916 4486 περι-

318 4486 545 4559 λάμπει
575 4488 671 4542 τοῦ
698 4490 949 4562 οὐρανοῦ.
974 4494 1078 4547 Τὸν
1099 4495 1156 4549 δὲ
1189 4497 1297 4552 ἔσω
1340 4498 1509 4570 ἀχλὺς
1537 4507 1782 4576 περιεῖχε
1809 4503 1916 4578 πρὸ

315 4579 417 4634 τοῦ
451 4580 760 4654 γενηθῆναι
793 4582 853 4637 τὸ
873 4583 1007 4655 φῶς.
1038 4587 1246 4660 Ὥσπερ
1265 4590 1373 4663 γάρ
1391 4591 1446 4645 εί
1464 4610 1548 4658 τις
1579 4596 1638 4648 ὲν
1679 4597 1915 4672 σταθερᾷ

316 4674 663 4748 μεσημϐρίᾳ
708 4675 885 4749 πήξας
930 4681 995 4732 ἐκ
1037 4681 1247 4753 πυκνῆς
1304 4682 1435 4755 ὕλης
1482 4687 1685 4760 σκηνὴν
1725 4689 1912 4756 σκότος

317 4765 687 4839 αὐτοσχέδιον
718 4770 878 4834 ποιεῖ,
916 4770 1008 4824 καὶ
1040 4773 1290 4844 οὐδαμῶς
1324 4778 1654 4851 φωτισθῆναι
1693 4781 1911 4838 δύναται

318 4859 353 4913 δ
389 4859 791 4934 περιεχόμενος
834 4862 1029 4929 τόπος,
1060 4867 1109 4918 εί
1151 4865 1225 4938 μὴ
1257 4869 1431 4938 φωτὸς
1472 4872 1726 4948 ἐκλάμψῃ
1771 4893 1912 4947 μαρ-

329 4952 562 5022 μαρυγή
587 4967 600 4980 ο
629 4949 772 5005 οὕτω
796 4953 1033 5010 τοιοῦτον
1058 4955 1421 5015 ἀνυπόστατον
1453 4963 1641 5028 σκότος
1671 4969 1912 5037 περιεῖχε

326 5038 425 5093 τὸν
458 5040 663 5112 κόσμον
704 5041 809 5096 ὑπὸ
844 5042 940 5097 τοῦ
984 5045 1212 5117 οὐρανοῦ
1245 5050 1683 5125 καλυπτόμενον,
1725 5055 1860 5129 ὅπερ
1883 5057 1913 5112 ὁ

516 5126 814 5220 διεχώρησε
847 5134 1250 5211 δημιουργήσας
1282 5140 1342 5195 τὸ
1376 5142 1526 5213 φῶς,
1578 5147 1672 5201 καὶ
1700 5126 1913 5220 ἡμέραν

329 5217 476 5274 αὐτὸ
501 5218 941 5311 προσονομασας,
991 5230 1083 5283 καὶ
1116 5231 1176 5285 τὸ
1214 5231 1404 5299 σκότος
1443 5236 1631 5293 νύκτα.
1666 5217 1915 5312 ’Ᾰναχεο-

329 5311 510 5383 μένου
553 5310 660 5387 γὰρ
699 5313 1030 5391 τοῦφωτὸς,
1076 5322 1259 5395 ἡμέρα
1316 5325 1591 5397 γίγνεται,
1636 5310 1914 5386 συστελλο-

327 5401 507 5473 μένου
554 5401 632 5467 δὲ,
678 5402 776 5473 νὺξ
815 5408 1139 5467 ἀντέπεισιν.
1171 5413 1332 5469 Ὅθεν
1372 5416 1467 5472 καὶ
1508 5421 1565 5473 ὲν
1594 5422 1661 5492 τῇ
1702 5439 1914 5494 συμμε-

319 5494 533 5583 πρήσει
579 5494 690 5549 τῶν
722 5496 925 5568 χρόνων
969 5504 1200 5577 ἡμέρας,
1244 5506 1339 5561 καὶ
1380 5508 1499 5580 οὐχὶ
1537 5510 1740 5578 νύκτας
1790 5513 1912 5583 ἀρι-

320 5582 604 5660 θμοῦμεν,
828 5586 831 5589 ’

395 5797 421 5829 ⁸
452 5793 589 5850 Gen.
618 5812 656 5863 ι,
691 5796 742 5853 ί.
820 5800 841 5830 ⁸
869 5798 1020 5856 Ρεαι.
1055 5819 1216 5874 nui,
1237 5806 1295 5864 3.

2020 3504 2069 3551 et
2105 3497 2293 3559 lucem,
2323 3499 2378 3549 ct
2409 3494 2665 3551 omnibus
2702 3495 3048 3552 velocissimo
3076 3506 3280 3568 puncto
3310 3502 3596 3571 temporis,

2021 3585 2204 3639 lumen
2254 3584 2401 3656 quod
2434 3585 2772 3654 corruptioni
2823 3586 3120 3643 obnoxium
3155 3596 3258 3651 est,
3289 3592 3597 3646 communi-

2020 3676 2186 3731 cavit.
2215 3676 2355 3732 Ante
2379 3677 2523 3732 enim
2548 3676 2680 3731 illud
2708 3676 2899 3732 umbra
2926 3678 3171 3749 quaedam
3196 3680 3431 3736 obscura
3455 3662 3595 3739 c5910

2019 3775 2247 3824 extenso
2293 3767 2503 3838 dejecta
2551 3770 2766 3825 velabat
2806 3769 3020 3838 omnia,
3058 3771 3351 3842 lumenque
3396 3788 3427 3827 a
3458 3775 3596 3831 locis

2020 3858 2126 3915 illis
2155 3860 2393 3915 arcebat.
2426 3858 2627 3916 Verum
2667 3866 2820 3916 extra
2854 3860 3077 3926 omium,
3108 3863 3291 3920 lumen
3322 3864 3466 3937 quod
3495 3868 3595 3923 ob-

2018 3951 2231 4007 scurari
2258 3968 2370 4006 non
2411 3958 2612 4023 potest,
2645 3952 2799 4007 omni
2838 3954 3211 4025 corruptione,
3244 3958 3393 4012 omni
3436 3967 3595 4017 aetate

2018 4042 2293 4114 superius,
2327 4043 2383 4097 in
2413 4058 2523 4113 quo
2547 4044 2719 4115 angeli
2768 4043 2991 4114 degunt,
3023 4046 3354 4113 extenditur,
3387 4048 3455 4104 de
3483 4067 3593 4120 quo

2020 4131 2276 4188 Salomon
2325 4134 2401 4188 ait
2435 4152 2448 4189 :
2476 4132 2673 4188 Lumen
2698 4134 2864 4203 justis
2894 4136 2948 4188 in
2982 4145 3305 4205 perpetuum;
3337 4139 3390 4192 in
3421 4141 3589 4209 quod,

2017 4224 2112 4296 qui
2157 4226 2297 4280 bene
2336 4225 2595 4291 vixerint,
2627 4225 2791 4280 delati
2815 4226 3128 4295 quiescunt.
3166 4226 3588 4298 Dispositioncm

2016 4314 2158 4370 hanc
2191 4314 2485 4370 dilucidam
2544 4314 2731 4371 reddet
2780 4315 2989 4370 clarum
3029 4323 3085 4372 et
3131 4328 3376 4388 apertum
3406 4337 3591 4378 exem-

2015 4406 2188 4476 plum,
2233 4406 2419 4461 lumen
2471 4406 2681 4461 scilicet
2712 4405 3125 4472 inexstinctum,
3158 4409 3334 4465 locum
3372 4427 3591 4479 omnem

2015 4497 2139 4552 cmli
2169 4505 2414 4553 exterum
2446 4497 2774 4565 illuminare,
2807 4513 2968 4569 quem
3003 4513 3134 4554 vero
3167 4503 3452 4573 complexu
3486 4520 3588 4560 suo

2014 4590 2211 4646 caelum
2263 4596 2434 4655 tenet,
2482 4598 2770 4662 antequam
2809 4590 2991 4645 lumen
3026 4590 3207 4659 ﬁeret,
3257 4594 3490 4665 caligine
3523 4611 3587 4652 ac

2013 4683 2255 4741 tenebris
2298 4691 2499 4740 tectum
2558 4699 2670 4738 non
2726 4684 3066 4753 apparuisse.
3121 4684 3586 4751 Quemadmodum

2017 4775 2162 4832 enim
2193 4775 2239 4832 si
2270 4775 2395 4846 quis
2422 4776 2648 4831 meridie
2678 4775 3082 4833 ferventissimo
3113 4792 3179 4832 ex
3214 4777 3383 4835 densa
3417 4788 3590 4836 matc-

2017 4867 2100 4922 ria
2132 4866 2541 4922 tabernaculum
2568 4865 2884 4929 confecerit,
2917 4864 3305 4924 obscuritatem
3349 4879 3404 4925 et
3434 4877 3589 4925 tene-

2017 4957 2147 5015 bras
2167 4973 2234 5015 ex
2263 4965 2505 5028 tempore
2533 4965 2753 5029 paratas
2779 4956 2954 5023 atl'crt,
2990 4974 3168 5029 neque
3188 4959 3345 5016 locus
3375 4960 3465 5015 ille
3489 4960 3585 5030 qui

2018 5050 2166 5105 illius
2213 5047 2564 5105 circumﬂexu
2609 5055 2902 5121 tegeretur,
2949 5055 3132 5119 potest
3175 5050 3492 5115 illuminari,
3527 5051 3584 5107 ni

2016 5141 2243 5198 luminis
2271 5140 2427 5196 radio
2458 5139 2620 5197 fuerit
2656 5138 2912 5211 perfusus
2939 5159 2953 5195 :
2985 5142 3067 5198 sic
3099 5140 3305 5197 similes
3343 5142 3581 5198 tenebrat

2005 5224 2137 5300 'qua:
2165 5247 2276 5289 non
2305 5232 2697 5297 subsistebant,
2729 5232 2992 5287 mundum
3015 5248 3175 5305 quem
3207 5232 3405 5288 cretum
3435 5248 3586 5288 com-

2015 5324 2270 5397 plectitur
2296 5325 2714 5390 adumbrabant,
2744 5340 2837 5381 eas
2864 5324 3029 5391 Deus,
3057 5323 3326 5395 producto
3357 5325 3583 5388 lumine,

2015 5417 2273 5487 seiunxit,
2302 5418 2483 5473 lumen
2512 5417 2675 5481 diem,
2703 5420 2956 5475 tenebras
2982 5425 3196 5473 noctem
3227 5418 3580 5487 nuncupavit.

2017 5507 2230 5566 Etenim
2256 5510 2385 5566 dum
2415 5511 2596 5566 lumen
2628 5506 2974 5575 diffunditur,
3013 5509 3255 5580 gignitur
3281 5508 3428 5574 dies;
3451 5507 3587 5562 dum

2017 5600 2384 5669 contrahitur,
2422 5618 2530 5658 nox
2561 5602 2810 5671 advenit;
2848 5616 3038 5673 quare,
3074 5607 3129 5657 et
3163 5601 3293 5657 dum
3318 5608 3587 5671 tempora

2015 5694 2414 5762 commetimur,
2433 5695 2573 5763 dies,
2600 5711 2708 5753 non
2734 5703 2912 5752 autem
2934 5702 3582 5763 noctesannumeramus.
