4112 6428
542 373 646 428 τιι

1396 372 1456 429 S.
1496 372 1937 431 EUSTATHIUS
1973 375 2467 436 ANTIOCHENUS
2505 379 2901 442 EPISCOPUS.

3684 399 3788 454 ’113

610 489 862 548 Secundo
905 492 994 550 die
1027 491 1235 549 creavit
1278 492 1421 552 Deus
1472 495 1871 552 firmamentum
1907 506 2082 553 natur:

2182 554 2189 566 _
2286 497 2365 570 Τῇ
2385 499 2442 554 δὲ
2463 500 2688 575 δευτέρᾳ
2715 504 2899 578 ἡμέρᾳ
2929 505 3183 579 ἐποίησεν
3201 509 3230 562 ὁ
3247 507 3380 574 Θεδς
3398 510 3462 565 τὺ
3477 513 3787 589 στερέωμα.

535 582 781 640 diverse.
807 586 966 640 Aliud
989 595 1170 642 autem
1204 586 1258 640 id
1289 593 1394 650 est,
1420 595 1473 642 et
1499 589 1644 642 aliud
1671 590 1872 643 caelum
1897 605 1931 644 α
1957 593 2110 661 prin-

533 675 678 745 cipio
706 676 1028 744 productum
1054 696 1068 733 :
1093 678 1342 748 quamvis
1387 679 1741 748 quisbusdam
1783 696 1950 734 unum
1975 683 2105 752 quid

529 776 584 821 et
619 767 762 822 idem
785 784 908 824 esse
943 770 1244 839 placuerit;
1281 769 1434 824 aiunt
1477 785 1714 839 namque
1747 771 1849 826 hoc
1881 775 2105 829 secundi

531 859 920 930 perfectionem
955 861 1158 927 fuisse;
1187 862 1258 916 ibi
1289 863 1433 917 enim
1458 863 1614 933 quasi
1644 863 1872 920 confuse
1899 873 1952 920 et
1979 881 2105 936 per-

528 954 692 1011 miste
740 965 900 1011 terra:
949 967 1003 1013 et
1049 958 1174 1012 caeli
1207 958 1557 1020 creationem,
1595 957 1684 1012 hic
1712 959 2003 1016 discretius
2048 968 2105 1015 et

526 1048 775 1103 exactius
810 1050 1031 1104 modum
1065 1065 1174 1120 quo
1203 1049 1346 1104 Deus
1372 1065 1435 1102 ea
1463 1049 1740 1119 produxit,
1765 1067 1936 1107 sacrae
1961 1053 2106 1108 litte-

525 1153 603 1192 ra:
630 1139 874 1194 tradunt.
915 1137 1024 1196 Nos
1071 1157 1196 1195 vero
1221 1141 1454 1196 fatemur
1482 1141 1651 1208 aliud,
1685 1149 1742 1197 et
1774 1129 1942 1208 aliud,
1977 1160 2101 1199 cum

525 1237 580 1285 et
613 1246 810 1286 nomen
843 1231 1010 1296 aliud,
1063 1239 1116 1287 et
1163 1233 1443 1302 proprium
1475 1250 1633 1290 usum
1666 1233 1905 1290 secundo
1961 1237 2102 1291 coelo

525 1325 926 1393 suppeditatum
987 1340 1403 1396 cognoscamus.
1461 1325 1744 1383 Diversum
1794 1329 1978 1398 itaque
2016 1338 2102 1385 est

526 1415 788 1470 solidiore
843 1425 1035 1469 natura
1071 1415 1355 1486 praeditum
1389 1417 1458 1473 ab
1507 1434 1573 1474 eo
1612 1419 1757 1490 quod
1795 1419 1950 1476 initio
1999 1421 2102 1476 fuit

524 1518 792 1563 creatum.
822 1507 888 1562 Et
917 1508 1095 1563 divisit
1142 1509 1280 1564 Deus
1321 1512 1374 1565 in
1405 1511 1572 1567 medio
1618 1531 1876 1584 aquarum
1900 1515 1944 1579 ⁷,
1979 1529 2100 1585 quae

522 1601 625 1654 sub
663 1599 1005 1655 firmamento
1039 1610 1188 1657 sunt.
1224 1600 1492 1656 Infinitam
1516 1605 1660 1658 enim
1683 1614 1846 1676 atque
1869 1605 2099 1662 immen-

520 1707 635 1747 sam
667 1707 932 1762 aquarum
968 1693 1076 1746 vim
1111 1694 1374 1762 sejunx'rt,
1404 1695 1477 1748 ita
1503 1703 1563 1749 ut
1597 1702 1652 1750 et
1683 1712 1848 1766 super
1874 1703 1928 1750 et
1955 1695 2095 1750 infra

518 1787 918 1839 firmamentum
955 1785 1319 1841 abundare-nt.
1371 1786 1566 1841 .Etlier
1593 1788 1784 1858 igneus
1812 1798 1894 1844 est
1927 1795 1978 1842 et
2010 1789 2094 1842 in-

2205 590 2382 644 τοῢτο
2411 593 2468 645 δὲ
2487 593 2678 665 ἕτερόν
2711 596 2827 650 ἐστι
2872 598 3023 670 παρά
3064 599 3156 653 τὸν
3189 600 3248 667 ἐξ
3290 602 3466 673 ἀρχῆς
3495 608 3791 678 ποιηθέντα

2201 681 2454 751 οὐρανόν.
2502 685 2613 738 Καὶ
2647 684 2862 757 εἴρηται
2889 691 3001 752 τοῖς
3022 693 3059 754 ·,
3101 690 3185 744 ὅτι
3223 691 3322 746 καὶ
3361 695 3558 748 ταυτόν
3602 699 3784 754 ἐστιν’

2202 773 2567 844 ἐπεξέργασις
2596 778 2705 848 γάρ
2739 780 2854 833 ὲστῐ
2885 798 3016 851 φησι
3047 781 3140 834 τοῦ
3168 783 3440 856 δευτέρου,
3470 786 3560 841 διὰ
3586 788 3647 842 τὸ
3671 792 3792 846 ὲκετ

2207 867 2311 938 μὲν
2342 869 2734 940 παραδεδόσθαι
2765 871 2840 936 ὡς
2873 874 2930 926 ὲν
2973 874 3253 947 κεφαλαίῳ
3289 878 3394 948 γῆς
3432 880 3527 934 καὶ
3553 881 3784 954 οὐρανοῦ

2207 958 2456 1029 ποίησινο
2515 962 2750 1016 ἐνταῦθα
2807 963 2865 1017 δὲ
2913 963 3507 1039 ὲπεξεργαστικώτερον
3559 971 3621 1024 τὸ
3663 972 3782 1038 πῶς

2203 1050 2426 1119 γέγονεν
2469 1055 2502 1122 ή
2565 1053 2753 1125 Γραφὴ
2807 1055 3188 1128 παραδίδωσιν.
3249 1059 3437 1128 Ἡμεῖς
3493 1060 3551 1113 δέ
3600 1079 3782 1133 φαμεν

2203 1139 2352 1207 ἄλλο,
2383 1141 2477 1195 καὶ
2502 1140 2660 1196 ἄλλο’
2691 1143 2876 1216 ἐπειδὴ
2907 1144 3004 1199 καὶ
3044 1145 3214 1216 ὄνομα
3262 1148 3448 1220 ἕτερον
3486 1152 3583 1205 καὶ
3622 1153 3780 1225 χρεία

2203 1231 2480 1298 ίδιᾶζουσα
2499 1233 2593 1287 τοῦ
2615 1235 2866 1308 δευτέρου
2891 1235 3121 1306 οὐρανοῦ
3147 1239 3522 1308 παραδέδοται.
3553 1243 3780 1314 Ἕτερος

2200 1319 2295 1378 οὖν
2323 1326 2436 1378 ἐστι
2466 1325 2617 1397 παρά
2639 1326 2731 1380 τδν
2756 1329 2815 1380 ὲν
2845 1328 2985 1400 ἀρχῇ
3018 1326 3309 1398 ποιηθέντα
3334 1325 3507 1395 οὗτος,
3546 1349 3777 1406 στερεω-

2200 1415 2362 1486 τέρας
2406 1416 2666 1488 ὒπάρχων
2713 1415 2945 1485 φύσεως.
2987 1417 3098 1470 Καὶ
3151 1417 3519 1488 διεχώρησεν
3557 1425 3590 1476 ό
3635 1422 3778 1490 Θεὸς

2191 1505 2316 1561 ἀνὰ
2333 1506 2528 1576 μέσον
2564 1508 2670 1561 τοῦ
2704 1507 2942 1574 ὕδατος,
2972 1508 3000 1561 ὃ
3027 1505 3094 1580 ἦν
3125 1509 3382 1564 ὑποκάτω
3408 1511 3504 1564 τοῦ
3539 1513 3774 1584 στερεώ-

2202 1613 2389 1666 ματος.
2431 1597 2687 1668 Ἀπειρον
2715 1596 2823 1668 γὰρ
2854 1593 3020 1650 οὖσαν
3070 1597 3178 1650 τῶν
3223 1597 3429 1652 ὑδάτων
3476 1599 3576 1672 τὴν
3615 1599 3776 1670 φύσιν

2194 1686 2523 1763 διεμέρισεν,
2556 1687 2700 1741 ὥστε
2729 1689 2822 1741 καὶ
2847 1688 3031 1742 ἐπάνω
3062 1685 3201 1742 εἶναι
3237 1689 3330 1742 τοῦ
3374 1691 3772 1763 στερεὼματος,

2198 1761 2589 1832 καῖ’ὑποκάτω.
2623 1782 2680 1834 '0
2701 1781 2757 1834 δὲ
2785 1781 2948 1852 αἰθὴρ
2979 1781 3232 1854 πυρώδης
3255 1783 3376 1836 ἐστὶ
3403 1761 3497 1838 καὶ
3525 1761 3770 1856 διακαὴς.

516 1892 738 1941 census,
773 1884 1053 1948 totumque.
1095 1887 1363 1933 terrarum
1397 1879 1582 1934 orbem
1620 1881 1808 1951 utique
1835 1896 2082 1935 consum-

2195 1874 2293 1925 καὶ
2342 1873 2522 1925 πᾶσαν
2571 1872 2637 1926 ἂν
2682 1874 2780 1944 τὴν
2812 1875 3037 1946 ἤπειρον
3080 1874 3448 1942 έξανάλωσεν,
3496 1880 3545 1932 εί
3588 1880 3660 1950 μὴ
3691 1879 3770 1950 τῷ

515 1969 752 2038 psissct,
793 1969 848 2023 ni
902 1972 985 2024 sui
1023 1971 1290 2025 creatoris
1318 1971 1657 2042 przcscriptis
1704 1973 2092 2043 imperatisque

511 2069 974 2129 compesceretur.
1021 2061 1316 2132 Propterea
1351 2069 1406 2116 et
1439 2078 1593 2132 aqua:
1631 2071 1863 2134 surgunt
1896 2079 2088 2129 aereae,

509 2160 576 2201 ex
616 2163 874 2219 vaporum
920 2150 1289 2220 cxspiratione
1323 2167 1426 2221 per
1472 2152 1647 2207 nubes
1691 2153 1919 2218 delatae,
1951 2171 2092 2225 quos

510 2255 764 2310 vapores,
804 2251 857 2296 et
887 2241 1130 2305 flumina,
1157 2251 1211 2297 et
1260 2242 1461 2308 fontes,
1495 2253 1548 2298 et
1579 2253 1790 2315 stagna,
1836 2255 1890 2301 et
1920 2248 2090 2302 maria

508 2335 788 2393 emittunt,
836 2349 904 2390 ne
947 2339 1118 2389 aether
1161 2336 1343 2389 omnia
1376 2337 1575 2406 perdat
1613 2337 2093 2393 inllammataJrn-

507 2425 637 2482 bees
669 2427 740 2481 ita
773 2437 1135 2499 generantur;
1167 2428 1544 2486 exllalzrtiones
1575 2447 1793 2487 sursum
1822 2447 1918 2501 per
1963 2448 2090 2486 aera

510 2516 783 2582 feruntur,
842 2530 1244 2590 ventorumque
1300 2522 1803 2591 compressionibus
1849 2526 2090 2580 conden-

510 2623 722 2668 sautur.
756 2619 810 2666 ct
837 2627 1066 2683 vapores
1101 2611 1154 2666 in
1181 2612 1323 2668 nube
1351 2614 1595 2668 concreti
1632 2615 1722 2668 alii
1754 2616 1822 2670 ab
1849 2617 1971 2672 aliis
1996 2633 2091 2674 se-

509 2706 736 2773 gregati,
762 2713 928 2774 gutta:
964 2704 1121 2768 fiunt,
1153 2703 1283 2758 hinc
1307 2704 1553 2776 pondere
1581 2716 2086 2774 coagmentatorum

505 2791 768 2848 defluunt.
807 2793 907 2849 Nix
939 2811 1011 2851 ex
1054 2795 1214 2866 aquis
1245 2795 1326 2851 sic
1370 2797 1670 2862 coalescit;
1701 2797 1752 2850 vi
1796 2807 2086 2854 ventorum

507 2882 788 2938 humidum
823 2883 1157 2955 discerptum
1187 2885 1246 2937 in
1283 2899 1532 2955 spumam
1567 2884 1850 2957 redigitur,
1887 2896 2088 2942 totum-

507 2991 612 3048 que
640 2992 743 3046 ,per
775 2993 1050 3048 quamque
1083 2977 1173 3032 sui
1206 2987 1412 3048 partem
1455 2977 1692 3033 divisum
1745 2978 2084 3048 frigefactum

505 3067 842 3137 congelatur,
883 3075 937 3123 et
960 3067 1157 3123 nebuia
1191 3068 1462 3139 disrupta,
1491 3071 1581 3123 nix
1621 3069 1788 3125 cadit.
1818 3069 2085 3127 Tonitrua

503 3158 760 3215 cordictu
791 3159 952 3216 flatus
981 3161 1248 3225 existunt,
1282 3162 1376 3232 qui
1407 3162 1462 3216 in
1487 3162 1638 3218 cavis
1667 3162 1894 3218 nubium
1924 3173 2082 3221 actus

502 3251 664 3322 vique
691 3268 1005 3324 erumpens,
1035 3252 1270 3308 tonitrus
1299 3251 1569 3324 fragorem
1598 3253 1729 3309 edit.

2195 1963 2308 2034 ὅρῳ
2335 1963 2432 2016 τοῦ
2466 1967 2788 2036 ποιήσαντος
2820 1967 2981 2020 αὑτὸν
3010 1969 3310 2038 κατείχετο.
3339 1968 3438 2022 Διά
3470 1969 3579 2040 γὰρ
3616 1970 3773 2024 τοῦτο

2197 2057 2291 2110 καὶ
2324 2056 2468 2127 ὕδωρ
2494 2059 2639 2110 ἐστίν
2671 2059 2851 2130 ἀέριον
2887 2061 2951 2112 ὲκ
2991 2063 3090 2132 τῆς
3130 2062 3406 2133 ἀναφορᾶς
3436 2060 3545 2114 τῶν
3582 2062 3773 2132 ἀτμῶν

2194 2145 2282 2201 διὰ
2320 2147 2496 2217 νεφῶν
2526 2149 2840 2219 φερόμενον,
2871 2149 2964 2212 οὓς
2995 2151 3201 2221 ἀτμοὺς
3228 2153 3278 2204 ot
3311 2152 3566 2224 ποταμοὶ,
3590 2152 3683 2204 καὶ
3714 2153 3770 2205 αἱ

2197 2241 2412 2310 κρῆναι,
2444 2241 2537 2294 καὶ
2563 2243 2618 2294 αί
2647 2241 2853 2312 λίμναι,
2884 2244 2983 2297 καὶ
3010 2242 3078 2296 τά
3107 2243 3316 2316 πελάγη
3351 2244 3529 2298 πάντα
3558 2244 3774 2316 προτεν-

2194 2349 2317 2396 ται,
2363 2333 2439 2396 ὡς
2485 2333 2550 2386 ἂν
2600 2333 2676 2405 μὴ
2707 2335 2882 2389 πάντα
2905 2336 2940 2389 ὁ
2981 2335 3145 2408 αἰθὴρ
3183 2337 3548 2408 πυρακτώσας
3570 2335 3771 2402 ἐξανα-

2194 2423 2402 2480 λώσειε.
2432 2426 2645 2480 Γίνεται
2682 2427 2740 2480 δὲ
2773 2427 2944 2492 οὕτως
2971 2430 2999 2482 ὁ
3025 2429 3076 2481 ὑ.
3099 2467 3112 2480 .
3132 2468 3144 2481 .
3180 2429 3499 2497 συνάγονται
3540 2427 3667 2499 περὶ
3707 2426 3771 2480 τὸ

2193 2515 2328 2586 ὕψος
2359 2519 2414 2571 αἱ
2437 2518 2852 2589 ἀναθυμιάσεις,
2874 2521 2968 2573 καὶ
2990 2519 3287 2574 πυκνοῦται
3315 2519 3343 2571 ὁ
3370 2521 3480 2592 ἀὴρ
3505 2523 3624 2583 ταῖς
3656 2519 3769 2572 τῶν

2191 2612 2519 2682 πνευμάτων
2571 2611 2850 2683 πιλήσεσι,
2901 2613 2995 2667 καὶ
3038 2613 3096 2668 ἀί
3153 2613 3352 2677 νοτίδες
3399 2613 3455 2665 αἱ
3499 2611 3576 2683 τῷ
3618 2611 3768 2679 νέφει

2193 2705 2629 2776 ένεσπαρμέναι,
2679 2705 2934 2777 ἀλλήλαις
2987 2707 3480 2778 προσχωρήσασαι,
3513 2705 3768 2773 σταγόνες

2191 2795 2459 2864 γίνονται,
2494 2797 2590 2851 καὶ
2634 2797 2712 2869 τῷ
2747 2799 2901 2870 βάρει
2948 2797 3057 2851 τῶν
3099 2797 3498 2870 συγκριίέντων
3529 2796 3663 2869 πρὸς
3699 2795 3768 2850 τὺ

2193 2890 2342 2942 κάτω
2367 2890 2626 2960 ἐφίενται.
2663 2891 2725 2944 Ἡ
2751 2891 2807 2944 δὲ
2836 2889 2966 2962 χιὼν
2995 2893 3064 2945 έκ
3089 2891 3198 2944 τῶν
3231 2891 3437 2945 ὑδάτων
3467 2890 3612 2945 οὕτω
3642 2907 3772 2945 συν-

2191 2983 2437 3036 ίσταται*
2468 2985 2534 3036 ὲκ
2559 2984 2657 3053 τῆς
2685 2983 2806 3054 βίας
2833 2983 2941 3036 τῶν
2970 2983 3186 3055 ἀνέμων
3215 2984 3487 3038 ἀνακοπὲν
3513 2983 3574 3037 τὺ
3599 2982 3765 3054 ὑγρὸν

2190 3073 2568 3147 ιέσξαερρίζεται⁴
2595 3077 2692 3131 κα)⁵
2719 3076 2837 3130 ὅλον
2861 3076 2928 3130 δι’
2952 3077 3075 3130 ὅλου
3105 3078 3398 3141 ἀνακοπὲν,
3419 3076 3764 3148 καταψυχθὲν

2190 3170 2480 3240 πήγνυται,
2518 3169 2612 3222 καὶ
2645 3167 3004 3240 θραυσθέντος
3042 3167 3135 3221 τοῦ
3171 3169 3384 3238 νέφους,
3421 3169 3455 3240 ή
3495 3167 3626 3239 χιὼν
3657 3185 3761 3222 κα-

2109 3245 2152 3304 C
2184 3262 2498 3333 διαφέρεται.
2533 3262 2598 3314 Ἡ
2623 3260 2679 3315 δὲ
2719 3261 2915 3334 βροντὴ
2943 3261 3088 3315 κατά
3118 3261 3306 3315 τοῦτον
3337 3261 3428 3315 τὸν
3466 3261 3643 3330 λόγον.
3668 3301 3680 3312 .
3702 3298 3716 3314 .
3742 3299 3758 3314 .

498 3348 787 3404 ἀντιτυπία
819 3349 1084 3417 γίγνεται,
1119 3349 1256 3422 ὅπερ
1286 3348 1643 3421 ἐλαυνόμενον
1669 3352 1726 3403 ἐν
1762 3352 1884 3415 ταῖς
1909 3353 2190 3428 κοιλότησι
2215 3358 2322 3413 τῶν
2356 3357 2548 3427 νεφῶν,
2577 3357 2668 3410 καὶ
2701 3355 2891 3426 βιαίως
2927 3355 3332 3428 έκρηγνύμενον
3357 3354 3454 3409 τὸν
3486 3354 3588 3426 τῆς
3608 3353 3761 3428 βρον-

495 3446 596 3516 τῆς
618 3441 750 3516 ἦχον
780 3445 1049 3499 ἀποτελεῖ.

569 3539 664 3595 Die
701 3541 863 3596 tertio
899 3539 992 3595 Dei
1022 3540 1280 3596 mandato
1306 3552 1653 3598 convenerunt
1685 3561 1837 3617 aqua:
1869 3545 1921 3599 in
1951 3561 2080 3600 con-

494 3631 819 3703 gregatione:
851 3649 1000 3696 suas,
1022 3643 1070 3686 et
1086 3635 1332 3702 apparuit
1367 3635 1542 3700 arida,
1573 3644 1622 3690 et
1644 3637 2078 3691 vocavitaridam

499 3732 718 3786 terram,
744 3733 799 3778 et
833 3727 1264 3795 congregatione:
1295 3743 1554 3795 aquarum
1587 3731 1786 3784 vocavit
1815 3730 1990 3784 maria
2030 3730 2072 3783 ⁸.

496 3811 792 3883 Pr0pterea
841 3825 1182 3887 congregata:
1228 3825 1358 3872 sunt
1391 3821 1445 3873 in
1479 3821 1658 3874 locum
1694 3835 1894 3884 unum,
1945 3836 2013 3875 ne
2043 3835 2076 3875 ο

499 3905 634 3960 locis
675 3907 729 3960 in
764 3907 961 3976 quibus
992 3913 1212 3963 manent
1261 3909 1603 3976 recedentes,
1647 3911 1872 3966 sublatae
1909 3919 2074 3982 atque

498 3999 869 4056 redundantes
891 3999 1095 4065 effusa,
1126 4009 1327 4057 terram
1353 4003 1702 4059 inundarent.
1733 4003 1860 4060 Ideo
1885 4005 2075 4075 saepis-

496 4091 632 4146 sime
664 4106 812 4146 mare
844 4092 897 4146 vi
944 4103 1230 4148 ventorum
1266 4096 1528 4165 agitatum
1577 4105 1739 4167 atque
1773 4098 2069 4163 turbatum,

493 4181 652 4250 quasi
705 4181 893 4238 furens
943 4187 1128 4249 undis,
1167 4200 1225 4240 se
1256 4185 1312 4240 in
1365 4186 1687 4242 immensam
1717 4187 2070 4243 altitudinem

492 4274 717 4343 attollit;
751 4277 843 4332 sed
877 4277 969 4332 ubi
1003 4287 1211 4332 tantum
1254 4279 1312 4332 in
1358 4280 1512 4336 littus
1547 4281 1877 4351 pervenerit,
1913 4282 2071 4337 alliso

491 4365 719 4436 impetu,
756 4368 894 4422 facta
927 4385 1140 4440 spuma,
1168 4381 1227 4427 et
1251 4371 1560 4426 dealbatum
1605 4374 1930 4444 regreditur,
1965 4374 2071 4428 im-

489 4457 762 4513 becillima
791 4464 1035 4516 omnium
1071 4478 1236 4518 arena
1277 4464 1435 4533 quasi
1486 4463 1640 4518 freno
1675 4465 1895 4535 injecta.
1926 4463 2068 4532 Quid

488 4551 631 4604 eriim
678 4567 828 4605 mare
867 4551 1108 4608 Rubrum
1157 4561 1442 4625 repressit,
1490 4565 1654 4626 atque
1703 4557 1962 4627 alligavit,
1998 4570 2068 4610 ne

490 4645 745 4699 universa
783 4643 1039 4717 Egypto,
1072 4662 1196 4702 cum
1238 4664 1302 4702 ea
1333 4648 1606 4703 excelsius
1648 4646 1742 4709 sil,
1785 4647 2062 4710 immersa,

487 4736 737 4805 proximo
782 4753 841 4792 se
883 4739 1020 4793 mari
1055 4740 1371 4809 applicaret,
1406 4740 1462 4794 ni
1501 4741 1680 4795 solum
1713 4739 1796 4793 sui
1839 4737 2062 4809 Opilicis

2249 3543 2328 3614 Τῇ
2377 3542 2434 3596 δὲ
2482 3542 2670 3613 ἡμέρᾳ
2719 3544 2782 3612 τῇ
2840 3539 3000 3612 τρίτῃ
3048 3538 3433 3612 προστάγματι
3476 3540 3571 3596 τοῦ
3615 3539 3756 3595 θεοῦ

2179 3633 2457 3704 συνήχθη
2497 3634 2563 3687 τὸ
2589 3633 2744 3700 ὕδωρ
2776 3635 2862 3698 εὶς
2889 3631 2996 3697 τὰς
3030 3632 3383 3700 συναγωγὰς
3411 3631 3628 3697 αὐτῶν,
3658 3631 3759 3685 καὶ

2177 3726 2342 3796 ὤφθη
2378 3730 2415 3796 ἡ
2456 3727 2633 3794 ξηρά·
2676 3723 2784 3779 Καὶ
2813 3723 3071 3778 ἐκάλεσε
3100 3723 3215 3791 τὴν
3257 3723 3450 3791 ξηρὰν
3481 3723 3617 3795 γῆν,
3653 3723 3756 3778 και

2176 3817 2249 3870 τὰ
2293 3816 2650 3886 συστήματα
2690 3814 2808 3868 τῶν
2853 3812 3087 3875 ὑδάτων
3114 3812 3370 3867 ἐκάλεσε
3415 3814 3753 3880 θαλάσσας.

2176 3909 2424 3981 Συνήχθη
2450 3908 2543 3962 διὰ
2582 3905 2740 3960 τοῦτο
2767 3907 2848 3969 εἰς
2901 3903 3222 3976 συναγωγὴν
3243 3905 3403 3978 μίαν,
3437 3907 3524 3961 ἴνα
3571 3906 3644 3978 μὴ
3686 3909 3754 3960 ὲκ

2173 4002 2282 4056 τῶν
2309 4001 2522 4073 χωρίων
2545 3999 2671 4053 ἔνθα
2699 3999 2866 4051 ἐστὶν.
2894 4037 2906 4049 .
2928 4035 2942 4050 .
2971 4037 2984 4050 .
3007 4037 3020 4050 .
3046 4039 3059 4050 .
3085 4040 3096 4052 .
3121 4038 3134 4051 .
3165 3998 3257 4051 καὶ
3281 3997 3607 4052 ὑπεκδαὶᾯον
3633 4000 3754 4051 ἐπι-

2172 4093 2422 4167 καλύπτῃ
2454 4094 2550 4162 τὴν
2579 4093 2826 4163 ἡπειρον.
2865 4088 2964 4142 Διὰ
2985 4089 3142 4142 τοῦτο
3162 4089 3464 4161 μαινομένη
3491 4090 3755 4156 πολλάκις

2171 4183 2232 4249 ἐξ
2263 4185 2478 4254 ἀνέμων
2517 4184 2550 4253 ᾗ
2598 4180 2877 4244 θάλασσα,
2913 4179 3005 4232 καὶ
3035 4183 3114 4243 είς
3152 4179 3286 4248 ὕψος
3337 4181 3588 4251 μέγιστον
3627 4179 3749 4234 δια-

2169 4276 2464 4347 νισταμένη
2500 4275 2612 4336 τοῖς
2639 4272 2906 4342 κύμασιν,
2946 4271 3164 4324 ἐπειδὰν
3197 4272 3358 4342 μόνον
3395 4273 3506 4326 τῶν
3559 4273 3748 4344 atria-

2168 4366 2274 4422 λῶν
2301 4368 2522 4438 ἅψηται,
2566 4365 2645 4428 εἰς
2687 4363 2858 4436 ἀφρὸν
2898 4363 3194 4418 διαλύσασα
3241 4367 3340 4438 τὴν
3378 4365 3573 4440 ὁρμὴν,
3609 4365 3746 4419 ἑπα-

2168 4459 2348 4530 νῆλθε,
2380 4461 2446 4530 τῇ
2485 4457 2700 4512 πάντων
2727 4455 3094 4530 ἀσθενεστάτῃ
3122 4458 3333 4529 ψάμμῳ
3363 4455 3744 4528 χαλινωθείσα.

2175 4553 2334 4606 Ἐπεῒ
2365 4552 2416 4604 τί
2441 4549 2681 4604 ἐκώλυσε
2716 4550 2814 4621 τὴν
2845 4550 3116 4623 Ἒρυθράν
3147 4551 3420 4606 θάλασσαν
3455 4553 3746 4609 ὲπικλῠσαι

2167 4648 2346 4700 πᾶσαν
2380 4645 2478 4716 τὴν
2519 4643 2792 4712 Αἴγυπτον
2822 4642 3134 4715 κοιλοτέραν
3164 4644 3336 4714 αὐτῆς
3370 4644 3742 4717 ὓπάρχουσαν,

2165 4737 2260 4790 καὶ
2313 4735 2650 4806 συναφθῆναι
2707 4733 2784 4806 τῷ
2822 4735 3212 4808 παρακειμένῳ
3268 4737 3529 4806 πελάγει,
3565 4739 3612 4790 εἰ
3665 4735 3742 4808 μὴ

485 4831 842 4886 mandatum?
875 4832 988 4888 l-loc
1032 4843 1215 4889 autem
1272 4847 1461 4888 verum
1503 4847 1646 4894 esse,
1697 4847 1859 4901 opere
1900 4832 2060 4886 nobis

2182 4829 2376 4899 ὓπῆρχε
2404 4827 2480 4898 τῷ
2510 4827 2886 4900 προστάγματι
2914 4829 3008 4882 τοῦ
3041 4830 3320 4892 κτίσαντος
3359 4829 3740 4901 πεπεδημένη;

487 4919 755 4980 Sesostris
790 4924 1012 4996 IEgypti
1056 4941 1175 4988 rex,
1208 4939 1335 4978 mox
1374 4922 1570 4979 Darius
1593 4922 1781 4979 Medus
1803 4931 2061 4981 testatura

483 5016 772 5086 reliquere.
805 5016 1088 5088 IEgytium
1129 5016 1275 5072 enim
1320 5031 1384 5071 ac
1419 5015 1667 5070 Indicum
1717 5032 1866 5072 mare
1900 5013 2064 5071 simul

483 5110 819 5180 conjungere
865 5109 1130 5180 aggressi,
1164 5123 1272 5162 non
1303 5115 1622 5178 potuerunt.
1657 5108 1735 5163 Ita
1771 5109 1908 5162 mari
1949 5107 2064 5160 Bu-

2166 4924 2288 4976 Ὅτι
2315 4923 2370 4976 δὲ
2392 4922 2587 4994 ἀληθὲς
2614 4921 2772 4976 τοῦτο
2801 4921 2947 4994 ἔργῳ
2981 4924 3127 4994 ἡμᾶς
3168 4922 3392 4975 ἔπεισαν
3433 4923 3742 4994 Σέσωστρις

2161 5020 2188 5072 ὁ
2214 5020 2507 5089 Αίγύπτιος
2541 5021 2634 5074 καὶ
2668 5022 2889 5091 Δαρεῖος
2923 5021 2954 5072 ὁ
2982 5019 3180 5090 Μῆδος.
3207 5017 3280 5070 Τὸ
3307 5017 3416 5088 γὰρ
3442 5016 3741 5085 Αίγύπτιον

2159 5109 2255 5162 καὶ
2309 5108 2370 5162 τὺ
2431 5109 2650 5162 Ἰνδικὸν
2689 5110 3137 5181 ἐπιχειρήσαντες
3183 5109 3417 5178 συνάψαι
3463 5107 3699 5176 πέλαγος
3723 5147 3738 5167 ,

483 5203 583 5258 bro
633 5203 900 5275 Egyptus
931 5201 1244 5272 depressior
1289 5210 1396 5257 est.
1451 5203 1724 5258 Mandavit
1770 5201 1953 5272 itaque
2001 5209 2062 5254 ut

2182 5201 2256 5254 ιύκ
2279 5199 2638 5272 ἠδυνήθησαν.
2664 5200 2848 5264 θῦτως
2877 5199 3111 5271 ὑπάρχει
3141 5199 3421 5270 κοιλοτέρα
3451 5199 3553 5269 τῆς
3584 5200 3734 5269 Ἐρυ-

480 5297 835 5352 convenirent
861 5295 917 5350 in
942 5293 1414 5365 congregationem
1443 5310 1628 5357 unam,
1661 5303 1715 5349 et
1749 5309 1818 5348 ne
1858 5309 1925 5347 ex
1953 5293 2056 5345 hac

477 5385 627 5442 aliud
662 5385 811 5441 fieret
834 5401 1004 5448 mare,
1041 5384 1136 5438 sed
1169 5383 1222 5438 in
1255 5399 1364 5438 una
1398 5392 1674 5440 manerent
1708 5385 2050 5439 collectione.

480 5477 660 5534 Multa:
680 5478 880 5534 etenim
907 5485 1064 5532 erant
1103 5492 1198 5546 per
1224 5477 1376 5530 varia
1407 5477 1525 5531 loca
1566 5492 1721 5547 aqua:
1767 5476 2048 5546 dispersae,

477 5571 678 5642 quippe
705 5579 759 5626 et
793 5572 1054 5624 montium
1097 5569 1359 5624 cavitates
1380 5570 1658 5640 vallesque
1687 5583 1856 5638 aquas
1898 5568 1952 5621 in
1991 5582 2052 5622 se

480 5671 838 5732 congregatas
865 5662 1240 5717 continebant.
1270 5660 1406 5716 Illud
1433 5677 1582 5722 vero.
1609 5669 1659 5715 et
1685 5659 2047 5732 congregatio-

550 5842 570 5872 '
607 5839 733 5894 Gen.
767 5857 804 5903 t,
830 5841 883 5895 6.
959 5841 982 5874 ⁸
1017 5839 1151 5895 Ibid.
1177 5837 1231 5894 9.
1265 5835 1349 5891 10.

2160 5290 2293 5362 θρᾶς
2337 5291 2607 5362 θαλάσσης
2665 5295 2698 5364 ἠ
2744 5293 3034 5362 Αἴγυπτος.
3066 5291 3404 5362 Προσεταξεν
3470 5286 3561 5345 οὖν
3608 5307 3738 5343 συν-

2161 5384 2389 5454 αχθῆναι
2422 5385 2501 5447 είς
2553 5383 2874 5454 συναγωγὴν
2909 5383 3069 5453 μίαν,
3106 5385 3198 5436 καὶ
3245 5382 3320 5454 μὴ
3377 5383 3486 5437 ἀπὸ
3529 5382 3739 5453 ταὺτης

2158 5474 2323 5544 ἀλλην
2353 5473 2603 5542 γενέσθαι
2636 5473 2933 5538 θάλασσαν,
2965 5473 3099 5528 ἀλλά
3121 5476 3187 5544 τῇ
3217 5474 3408 5548 πρώτῃ
3439 5475 3738 5544 ἀπομεῖναι

2159 5561 3736 5639 συλλογῇ.ῐίο).λάγάρῆν...................

2155 5655 3738 5729 ὕδατα........-.....κοιλάιητες............
