4112 6408
334 373 437 430 715

1236 367 1504 426 SPURIA.
1538 400 1609 414 --
1646 365 2001 455 COMMEN'l'.
2045 364 2114 420 IN
2154 362 2651 420 HEXAEMERON.

3491 366 3590 420 7H

333 491 597 566 συλλογὴν
631 492 726 546 καὶ¹
768 493 822 545 αἱ
867 489 1167 563 φάραγγες.
1202 489 1277 542 Τὸ
1322 488 1407 552 δὲ,
1442 487 1539 542 καὶ
1572 489 1644 541 τὰ
1688 485 1914 551 συστή-

2021 499 2108 536 nes
2138 498 2397 549 aquarum
2428 480 2627 534 voravit
2659 479 2852 545 maria,
2888 477 3042 534 sinus
3064 479 3232 535 maris
3257 481 3589 551 significans,

328 602 488 657 ματα
521 583 642 638 τῶν
668 582 907 639 ὑδάτων
935 580 1192 636 ἐκάλεσε
1220 580 1536 646 θαλάσσας
1553 621 1568 644 ,
1610 579 1736 641 τοὺς
1781 576 1907 631 κόλ-

331 694 468 741 πους
510 675 762 748 σημαίνει
813 675 940 736 τοὺς
969 674 1112 727 κατὰ
1159 673 1221 726 τὸ
1265 673 1394 726 ἴδιον
1434 672 1619 743 σχῆμα
1662 669 1767 724 ὑπὸ
1811 670 1912 739 τῆς

333 767 724 839 περικειμένης
753 767 858 840 γῆς
889 765 1346 835 ἀπολειφθέντας
1379 757 1492 818 οἷον
1535 763 1781 816 Θάλασσα
1822 762 1913 833 βό-

336 876 510 932 ρειος,
544 857 786 912 θάλασσα
836 859 1039 922 νότιος,
1086 856 1228 928 ὲῲα,
1276 855 1505 926 ἑσπέρια
1536 854 1783 926 πελάγη,
1816 856 1912 908 καὶ

333 950 538 1004 τούτων
569 950 808 1022 ὀνόματα
842 948 1129 1014 ἰδιάζοντα,
1155 949 1354 1011 Πόντος
1390 949 1634 1016 Αἰγαῖος,
1689 946 1908 1011 Ἰὠνιος,

336 1039 697 1111 Σαρδωνικὸν,
733 1039 1048 1102 Σικελικὸν,
1084 1040 1410 1110 Τυρρηνιον.
1449 1039 1523 1092 Οὐ
1569 1037 1639 1091 τὰ
1678 1037 1912 1108 τυχόντα

334 1133 391 1185 δὲ
431 1130 542 1186 τῶν
581 1132 786 1186 ὑδάτων
826 1131 1170 1206 ἀθροίσματα
1214 1133 1295 1194 είς
1344 1130 1469 1202 μίαν
1502 1129 1767 1202 κατέληξε
1811 1130 1911 1184 θά-

335 1225 572 1291 λασσαν,
621 1227 738 1298 ἦτοι
774 1226 1058 1291 σύστασιν,
1091 1224 1228 1279 ἀλλὰ
1276 1224 1346 1278 τά
1389 1225 1620 1296 μέγιστα
1663 1225 1759 1278 καὶ⁹
1800 1223 1914 1288 ἐξέ-

336 1336 529 1390 χοντα⁸
570 1319 630 1372 οὐ
664 1318 771 1391 γὰρ
817 1319 912 1373 καὶ
953 1318 1025 1372 τὰ
1064 1318 1386 1390 τελματιαῖα
1429 1319 1526 1371 καὶ
1579 1316 1765 1388 λίμνια
1805 1315 1913 1388 χρὴ

335 1415 495 1466 νοεῖν.
527 1413 736 1484 Ὥσπερ
768 1412 874 1484 γὰρ
908 1411 967 1465 τὸ
1007 1411 1119 1483 πῦρ
1145 1411 1240 1464 καὶ
1266 1413 1347 1475 είς
1382 1409 1552 1482 μικρὰ
1581 1424 1915 1479 κατακεκερ-

337 1503 672 1574 ματισμένον
701 1503 820 1556 ἐστὶ
860 1503 955 1556 καὶ
987 1501 1182 1574 ἀθρόον
1210 1501 1316 1554 ὑπὸ
1345 1500 1439 1554 τοῦ
1467 1500 1628 1570 ἀέρος
1661 1499 1913 1568 κέχυται,

332 1595 476 1650 οὕτω
509 1595 605 1648 καὶ
646 1595 738 1648 ὲπί
777 1593 872 1649 τοῦ
907 1594 1116 1659 ὓδατος,
1155 1595 1203 1647 εί
1244 1593 1339 1648 καὶ
1387 1592 1581 1666 μικραί
1625 1591 1771 1655 τινές
1808 1593 1916 1645 είσι

332 1686 658 1760 διῃρημέναι
695 1687 1004 1751 συστάσεις,
1043 1686 1179 1741 ἀλλὰ
1213 1686 1312 1757 μία
1349 1701 1413 1754 γε
1447 1685 1566 1738 ἐστὶ
1601 1683 1913 1755 συναγωγὴ,

331 1780 368 1850 ὴ
393 1782 453 1832 τὸ
483 1780 602 1834 ὅλον
637 1782 898 1850 στοιχεῖον
933 1779 1043 1834 τῶν
1071 1778 1274 1834 λοιπῶν
1320 1779 1711 1848 ἀποκρίνουσα.
1756 1775 1916 1848 Πηγὴ

2013 591 2260 646 quosque
2283 575 2348 629 ad
2367 574 2450 628 sui
2479 573 2704 644 ﬁguram
2731 581 2873 626 terra
2902 573 3148 628 ambiens
3181 576 3592 644 complectitur;

2015 665 2151 724 tales
2179 678 2309 723 sunt
2332 681 2483 720 mare
2524 666 2880 735 Aquilonare,
2912 680 3065 720 mare
3094 663 3367 729 Australe,
3401 666 3598 723 Orien-

2014 761 2144 823 tale,
2179 757 2548 819 Occidentale,
2589 764 2644 811 et
2670 757 2865 811 borum
2891 757 3112 828 pr0pria
3138 758 3360 812 nomina
3387 757 3596 814 Pontus

2017 851 2259 922 digerens,
2315 851 2524 916 Ionius,
2572 849 2912 916 Sardonius,
2957 848 3200 914 Siculus,
3256 849 3596 920 Tyrrhenus.

2014 947 2280 1001 Caeterum
2327 959 2439 998 non
2489 958 2847 1014 quoscunque
2899 956 3162 1012 aquarum
3208 950 3508 1000 conventus
3542 945 3599 998 in

2017 1052 2186 1091 unum
2235 1051 2387 1090 mare
2437 1035 2735 1105 congessit,
2786 1034 2872 1089 vel
2920 1041 3146 1098 coetum,
3191 1033 3287 1089 sed
3332 1036 3599 1092 maximos

2016 1139 2180 1201 atque
2211 1129 2573 1200 ingentiores;
2599 1144 2726 1182 nam
2757 1143 2932 1197 neque
2958 1127 3251 1196 palustres,
3280 1144 3456 1199 neque
3487 1138 3601 1184 sta-

2017 1232 2243 1295 gnantes
2265 1223 2354 1277 hic
2379 1221 2713 1293 intelligendi
2739 1231 2886 1278 sunt.
2912 1219 3090 1277 Veluti
3121 1223 3266 1277 enim
3299 1223 3442 1294 ignis
3467 1231 3521 1279 et
3544 1223 3601 1279 in

2017 1315 2259 1371 minutas
2271 1322 2455 1385 partes
2473 1314 2756 1385 redigitur,
2775 1323 2829 1371 et
2845 1323 2992 1370 totus
3003 1315 3165 1369 simul
3179 1330 3356 1370 aerem
3373 1318 3602 1372 circum-

2016 1408 2128 1476 dat,
2160 1408 2241 1464 sic
2266 1416 2321 1463 et
2367 1408 2423 1462 in
2469 1407 2646 1478 aquis,
2688 1407 2789 1463 etsi
2836 1421 3017 1476 parvae
3054 1407 3320 1477 quaedam,
3359 1424 3422 1464 ac
3457 1411 3602 1468 inter

2017 1517 2079 1558 sc
2127 1501 2337 1558 dissitze
2378 1501 2736 1556 collectiones
2782 1499 3073 1563 exsistant,
3123 1516 3231 1555 una
3283 1509 3466 1559 tamen
3515 1513 3602 1561 est

2017 1593 2389 1664 congregatio,
2426 1607 2546 1662 quae
2593 1600 2767 1647 totum
2819 1592 3146 1646 elementum
3191 1592 3296 1648 hoc
3329 1608 3358 1647 a
3390 1596 3602 1652 caeteris

2020 1687 2280 1758 sejungit.
2310 1685 2504 1742 Totius
2531 1687 2676 1742 enim
2711 1686 3053 1741 humiditatis
3076 1701 3196 1757 quae
3220 1685 3273 1740 in
3304 1695 3451 1742 terra
3471 1689 3602 1744 latet

2025 1779 2146 1835 fons
2176 1787 2261 1834 est
2303 1787 2358 1836 et
2395 1781 2552 1850 origo
2594 1781 2763 1836 maris
2795 1795 2958 1851 aqua,
3001 1796 3144 1852 quae,
3193 1797 3318 1838 cum
3347 1786 3601 1839 universa

327 1849 441 1944 ⁴γάρ
478 1872 595 1925 ἐστι
628 1873 728 1943 τῆς
758 1874 888 1946 περὶ
934 1873 1038 1944 γῆν
1089 1871 1307 1943 ἀπάσης
1338 1871 1538 1935 νοτίδος
1583 1869 1647 1923 τὸ
1679 1870 1786 1942 ’τῆς
1824 1870 1914 1922 θα-

2020 1878 2167 1924 terra
2200 1870 2517 1925 cuniculosa
2540 1869 2631 1936 sit,
2670 1884 2768 1940 per
2803 1879 3014 1927 meatus
3046 1872 3267 1928 minime
3296 1874 3471 1929 oculis
3503 1874 3603 1930 ob.

324 1963 538 2036 λάσσης
564 1963 730 2036 ὕδωρ,
759 1966 856 2018 καὶ
884 1965 1034 2018 πᾶσα
1067 1965 1100 2034 ἡ
1133 1963 1206 2032 γῆ
1238 1962 1510 2032 ὑπόνομος
1539 1964 1677 2024 ἐστι,
1707 1961 1801 2015 καὶ
1831 1960 1920 2014 διὰ

323 2055 517 2126 πόρων
550 2056 772 2124 ἀφανῶν
793 2055 1104 2120 διαδίδοται,
1126 2054 1308 2118 καθὼς
1336 2053 1553 2126 δηλοῦσι
1589 2053 1745 2106 τόποι
1775 2053 1918 2116 τινὲς

317 2149 432 2220 τῆς
461 2150 692 2220 ἠπείρου
723 2150 1008 2222 ὕπαντροι.
1052 2149 1118 2202 Ἦ
1157 2147 1266 2220 γὰρ
1303 2146 1510 2219 ῥοώδης
1545 2146 1788 2201 θάλασσα
1830 2145 1920 2200 διὰ

313 2241 516 2295 τόπων
565 2244 766 2296 στενῶν
821 2241 1176 2314 διατρέχουσα
1197 2282 1212 2306 ,
1259 2240 1480 2295 ἐπειδὰν
1529 2240 1772 2304 σκολιαῖς
1825 2241 1918 2293 καὶ

319 2333 540 2405 ὀρθίοις
585 2333 786 2401 ἐξόδοις
817 2326 1211 2405 ἐναπολειφθῇ,
1263 2333 1546 2406 ὠθουμένη
1595 2335 1661 2404 τῇ
1698 2332 1790 2403 βίᾳ
1821 2331 1916 2385 τοῦ

326 2423 646 2496 πνεύματος
676 2423 776 2498 τῆς
815 2426 919 2498 γῆς
961 2426 1300 2499 άπορῤήσσει
1329 2425 1428 2497 τὴν
1457 2424 1795 2494 ἐπιφάνειαν,
1825 2424 1918 2477 καὶ

326 2518 427 2572 ἐπὶ
455 2517 516 2570 τὸ
543 2515 650 2582 ἔξω
676 2517 1036 2590 προελθοῦσα,
1075 2517 1286 2587 γίνεται
1315 2518 1543 2588 πότιμος
1577 2518 1642 2570 ἐκ
1673 2517 1772 2588 τῆς
1801 2516 1918 2587 διη-

326 2609 545 2683 θήσεως
578 2610 978 2682 μεταϐληθεῖσα
1009 2613 1088 2675 είς
1120 2611 1453 2682 γλυκύτητα.
1487 2609 1656 2664 Πάλιν
1683 2605 1918 2663 δὲίὲπει-

323 2705 428 2760 δᾶν
467 2705 690 2777 θερμοῖς
712 2703 900 2768 τόποις
936 2703 1295 2775 ἐναπολειφθῇ
1329 2703 1467 2774 πρὸς
1495 2702 1594 2774 τὴν
1622 2702 1820 2767 ἔξοδον,
1846 2705 1913 2774 τῇ

324 2799 473 2869 αὐτῇ
514 2799 664 2869 αἰτίᾳ
689 2797 954 2869 ἑλκομένη
996 2797 1101 2851 ὑπὸ
1123 2796 1217 2850 τοῦ
1252 2795 1561 2866 πνεύματος
1591 2793 1786 2859 ζέουσα
1827 2795 1913 2864 γί-

323 2906 503 2944 νεται.
520 2889 670 2958 Αὕτη
691 2888 785 2943 καὶ
810 2888 918 2942 τῶν
939 2887 1138 2962 ἀερίων
1163 2887 1369 2941 ὑδάτων
1395 2886 1546 2958 πηγὴ
1573 2885 1878 2956 καθέστηκε
1896 2901 1910 2916 ·

322 2981 418 3035 διὰ
448 2980 626 3051 νεφῶν
655 2980 763 3053 γάρ
794 2980 1130 3052 άνελκόμενα
1161 2979 1332 3049 αὐτῆς
1353 2977 1425 3032 τὰ
1459 2978 1644 3044 ὕδατα,
1679 2978 1775 3033 καὶ
1809 2977 1915 3033 ὑπὸ

321 3074 430 3144 τῆς
467 3072 698 3144 ἡλιακῆς
736 3074 954 3136 ἀκτῖνος
1003 3071 1317 3142 θαλπόμενα
1339 3109 1354 3136 ,
1400 3071 1496 3124 καὶ
1542 3073 1608 3142 τῇ
1640 3072 1768 3142 σκιᾷ
1820 3068 1912 3123 τοῦ

325 3165 532 3235 νέφους
577 3164 1024 3236 καταψυχθέντα,
1057 3162 1151 3217 καὶ
1189 3161 1250 3226 ἐξ
1277 3161 1443 3215 αὑτοῦ
1483 3159 1577 3214 τοῦ
1618 3160 1787 3231 ὕψους
1828 3162 1914 3214 αἰ·-

322 3258 656 3323 θριασθέντα
687 3257 1057 3325 γλυκαίνεται,
1092 3255 1188 3308 καὶ
1227 3253 1594 3323 καταψεκάζει
1621 3253 1723 3324 τὴν
1751 3254 1912 3327 ἠπει-

323 3367 448 3423 ρον.
484 3351 564 3421 Τῇ
609 3349 654 3402 δ’
701 3349 837 3419 αὐτῇ
891 3349 1076 3419 ἡμέρᾳ
1113 3346 1208 3400 καὶ
1241 3344 1599 3414 ,ϐλαστῆσαι
1641 3343 1916 3414 ,ϐοτάνην

320 3440 552 3510 χόρτου
573 3437 690 3507 τὴν
703 3436 820 3506 γῆν
837 3439 866 3490 ὁ
893 3437 1026 3500 Θεὸς
1052 3434 1384 3508 προσέταξεν
1402 3453 1416 3466 ·
1449 3434 1704 3502 Σπεζρον
1729 3434 1914 3502 σπέρ-

315 3545 412 3601 μα
447 3528 598 3582 κατὰ
629 3529 824 3598 γένος,
850 3528 949 3582 καὶ
983 3527 1174 3592 ξύλον
1201 3525 1502 3595 κάρπιμον
1531 3527 1749 3580 ποιοῦν
1776 3543 1917 3595 καρ-

319 3622 474 3685 πὸν,
501 3616 574 3676 οὗ
613 3620 681 3673 τὸ
711 3619 954 3689 σπέρμα
984 3619 1170 3674 αὑτοῦ
1206 3619 1276 3672 ἐν
1311 3617 1495 3684 αὐτῷ.
1541 3619 1653 3672 Καὶ
1697 3618 1778 3672 ἔτι
1820 3619 1916 3674 καὶ⁹

317 3715 424 3769 νῦν
454 3715 488 3785 ἡ
533 3711 688 3778 τάξις
715 3712 823 3765 τῶν
856 3710 1141 3783 φυομένων
1173 3715 1440 3784 μαρτυρεῖ
1468 3715 1535 3784 τῇ
1569 3711 1760 3785 πρώτῃ
1800 3711 1916 3765 δια-

318 3805 625 3876 κοσμήσει.
656 3804 723 3856 Ἦ
742 3802 851 3874 γὰρ
880 3802 1173 3872 βλάστησις
1198 3801 1520 3874 καθηγεῖται
1548 3802 1730 3872 πάσης
1759 3801 1916 3872 βοτά-

316 3917 428 3972 νης
454 3937 471 3961 ,
533 3898 629 3951 καὶ
655 3897 836 3968 πάσης
876 3897 1046 3960 πόας·
1081 3895 1290 3959 νοτίδας
1327 3895 1436 3967 γὰρ
1475 3895 1802 3967 συμμέτρως
1827 3897 1917 3950 καὶ

316 3992 546 4066 θερμὴν
578 3989 809 4062 ἐχούσης
835 3989 934 4061 τῆς
957 3990 1083 4061 γῆς,
1104 3989 1166 4042 τὸ
1193 3989 1415 4061 σπέρμα
1444 3991 1523 4053 εἰς
1545 3987 1714 4060 αὐτὴν
1749 4005 1916 4042 κατα-

316 4087 610 4147 ϐάλλεται,
655 4083 750 4137 καὶ
793 4081 1001 4152 γίνεται
1043 4079 1240 4152 χαῦνον
1273 4081 1368 4134 καὶ
1420 4080 1780 4152 πολύσπορον,
1821 4080 1917 4134 καὶ

311 4181 422 4252 τῆς
453 4176 588 4249 περὶ
620 4175 750 4230 αὐτὸ
789 4174 895 4244 γῆς
939 4173 1243 4245 ἀρξάμενον
1275 4173 1413 4244 πρὸς
1442 4173 1574 4226 αὐτὸ
1617 4173 1916 4226 ἐπισπᾶται

308 4271 386 4325 τὰ
417 4271 604 4324 οίκεία
648 4267 744 4321 καὶ
777 4265 1052 4337 σύμφυλα,
1082 4265 1174 4318 καὶ
1205 4263 1551 4334 πιαινόμενον
1591 4264 1684 4316 ἐπὶ
1732 4262 1916 4316 πλεῖον

306 4359 695 4417 πλατύνεταιο
723 4357 865 4411 ὥστε
910 4355 1190 4429 ῥιζοῦσθαι
1222 4356 1321 4428 μὲν
1367 4358 1446 4420 είς
1476 4355 1538 4409 τὸ
1579 4356 1750 4419 κάτω,
1781 4371 1917 4425 προ-

302 4456 562 4510 κύπτειν
589 4449 646 4503 δὲ
678 4451 758 4512 είς
791 4449 852 4501 τὺ
899 4447 1040 4512 ἄνω,
1083 4449 1179 4502 καὶ
1219 4448 1540 4520 ἰσαρίθμους
1579 4448 1700 4510 ταῖς
1740 4446 1917 4519 ῥίζαις

2023 1961 2140 2015 vios
2172 1958 2490 2024 effunditur,
2524 1969 2583 2014 ut
2608 1976 2671 2014 ex
2707 1962 2844 2017 locis
2872 1964 3198 2032 quibusdam
3233 1973 3392 2022 terra;
3419 1982 3604 2023 caver-

2021 2055 2172 2108 nosis
2203 2052 2552 2108 manifestum
2588 2062 2832 2124 apparet.
2886 2055 3140 2113 Fluidum
3185 2074 3421 2131 namque
3453 2077 3602 2117 mare

2019 2159 2116 2214 per
2144 2152 2378 2214 angusta
2411 2145 2531 2199 loca
2569 2160 2888 2210 excurrens,
2921 2151 3011 2203 ubi
3043 2151 3281 2222 obliquis
3337 2161 3391 2207 et
3435 2154 3602 2210 rectis

2019 2238 2262 2293 exitibus
2285 2254 2509 2296 cursum
2536 2238 2830 2306 inflexerit,
2855 2243 2909 2296 vi
2939 2244 3267 2315 flamiueque
3289 2254 3599 2311 ventorum,

2017 2337 2178 2385 terra;
2206 2331 2556 2402 superficiem
2589 2335 2904 2406 disrumpit,
2939 2349 3334 2409 egressumque
3373 2356 3476 2394 usu
3520 2349 3603 2395 est

2018 2419 2223 2477 efﬁcaci
2269 2423 2338 2478 ad
2381 2432 2592 2494 potum,
2630 2427 2968 2496 percolatum
3015 2429 3161 2483 enim
3193 2431 3603 2501 cribratumque

2017 2512 2304 2571 dulcescit.
2331 2515 2548 2575 Rursus
2594 2521 2641 2576 si
2680 2520 2816 2576 locis
2860 2519 3084 2578 fervidis
3116 2524 3477 2596 relinquatur,
3511 2540 3605 2580 ea-

2019 2605 2141 2660 dem
2176 2609 2390 2664 ratione
2447 2625 2479 2664 a
2509 2623 2672 2667 vento
2705 2611 2761 2667 in
2807 2614 3010 2669 exitum
3065 2615 3288 2670 ductum
3326 2617 3603 2675 fervescit.

2015 2693 2164 2752 Fons
2197 2698 2325 2753 item
2356 2706 2442 2754 est
2467 2717 2754 2770 aquarum,
2782 2719 2903 2774 qua:
2921 2720 3101 2760 aerem
3127 2715 3430 2777 occupant;
3457 2709 3604 2764 illius

2014 2788 2164 2843 enim
2195 2804 2350 2861 aqua:
2379 2807 2476 2861 per
2508 2793 2683 2848 nubes
2710 2802 2958 2850 attracta;
2987 2812 3088 2852 nec
3120 2812 3231 2851 non
3263 2813 3294 2852 a
3335 2799 3467 2854 solis
3510 2815 3604 2853 ra-

2015 2881 2125 2938 diis
2150 2883 2449 2954 calefactae,
2477 2901 2602 2941 mox
2624 2887 2789 2943 nubis
2813 2889 3006 2943 umbra
3037 2888 3351 2961 frigefactze,
3383 2893 3604 2949 tandem

2014 2974 2136 3046 ipsa
2171 2977 2458 3034 altitudine
2495 2980 2635 3034 cmlo
2677 2982 2942 3051 expositzr
2983 2982 3328 3044 dulcescunt.
3372 2992 3602 3040 terram-

2012 3083 2121 3138 que
2151 3070 2322 3139 guttis
2350 3080 2670 3143 aspergunt.
2700 3071 2815 3127 Hoc
2857 3073 3045 3128 eodem
3073 3075 3160 3130 die
3179 3075 3343 3146 jussit
3375 3075 3516 3133 Deus
3545 3086 3604 3131 ut

1938 3196 1982 3254 Β
2017 3170 2159 3214 terra
2172 3162 2490 3232 germinare:
2517 3163 2730 3218 herbam
2759 3166 3028 3231 virentem,
3056 3175 3106 3220 et
3132 3167 3407 3236 facientem
3428 3186 3604 3226 semen

2015 3269 2174 3306 suum
2232 3254 2533 3326 lignumque
2572 3255 2908 3326 fructiferum
2937 3258 3136 3326 faciens
3165 3261 3418 3329 fructum,
3447 3263 3600 3332 cujus

2016 3360 2190 3399 semen
2235 3346 2293 3400 in
2345 3349 2702 3416 semetipso“;
2746 3357 2802 3404 et
2847 3349 2914 3404 ad
2958 3350 3073 3404 hate
3122 3359 3364 3421 tempora
3409 3369 3600 3409 eorum

2015 3452 2139 3508 quae
2169 3439 2471 3510 gignuntur
2498 3456 2529 3494 e
2554 3447 2700 3495 terra
2731 3441 2924 3507 series,
2957 3457 3207 3512 quaenam
3239 3444 3401 3500 fuerit
3427 3446 3601 3516 prima

2017 3545 2203 3585 rerum
2253 3531 2536 3587 distinctio
2581 3532 2852 3605 descripta
2881 3575 2895 3599 ,
2947 3535 3204 3590 declarat.
3263 3536 3601 3595 Germinatio

2015 3637 2255 3694 namque
2286 3625 2531 3694 qualibet
2559 3625 2728 3680 herba
2762 3627 3058 3698 plantaque
3087 3630 3237 3699 prior
3262 3640 3366 3686 est.
3401 3629 3598 3688 Semen

2017 3716 2186 3780 enim,
2229 3716 2321 3771 ubi
2354 3726 2500 3772 terra
2530 3717 2660 3771 illud
2692 3720 2900 3787 gremio
2936 3721 3212 3776 moderate
3243 3722 3468 3778 humido
3500 3740 3597 3778 ea-

2017 3806 2240 3877 lidoque
2285 3823 2540 3878 sparsum
2579 3824 2643 3863 ac
2675 3811 2964 3865 subactum
3024 3814 3269 3883 excepit,
3330 3816 3597 3885 mollitur,

2019 3897 2186 3969 fitque
2213 3899 2279 3953 ad
2307 3915 2394 3954 res
2419 3900 2638 3956 abunde
2669 3902 2969 3972 gignendas
2997 3903 3255 3961 idoneum
3296 3925 3308 3960 :
3339 3909 3466 3964 hinc
3488 3910 3602 3978 pri-

2018 4007 2168 4046 mum
2210 3998 2410 4047 eterra
2437 4008 2556 4062 qua:
2587 3995 2776 4061 ambit,
2814 3997 2987 4067 magis
3027 3998 3129 4052 Slbl
3170 4007 3366 4054 natura
3397 4016 3601 4072 cogna-

2019 4092 2132 4139 tum
2160 4093 2324 4156 atque
2351 4084 2508 4141 aliine
2542 4087 2788 4152 attrahit,
2820 4105 2929 4158 quo
2974 4089 3382 4160 pinguefactum
3432 4093 3597 4152 latius

2017 4177 2352 4242 extenditur,
2394 4179 2470 4232 ita
2523 4186 2581 4232 ut
2631 4179 2740 4233 ima
2798 4181 2925 4236 sede
2971 4182 3250 4239 radicibus
3298 4183 3598 4256 deligatur,

2021 4277 2274 4340 erumpat
2330 4271 2602 4340 superiori
2647 4271 2882 4342 edatque
2932 4273 3209 4330 radicibus
3271 4291 3433 4346 pares
3492 4295 3595 4334 nu-

2018 4375 2172 4416 mero
2223 4361 2476 4432 stipulas.
2523 4361 2779 4419 Germine
2829 4365 2887 4419 in
2930 4366 3048 4423 dies
3100 4368 3428 4438 calescente,
3493 4371 3597 4426 hu-

2019 4467 2139 4507 mor
2205 4469 2301 4524 per
2361 4453 2576 4510 radices
2621 4456 2930 4524 adductus,
2987 4474 3094 4513 una
3159 4476 3344 4516 secum
3419 4465 3597 4518 medio

298 4549 441 4612 τοὺς
475 4542 770 4613 καλάμους
798 4539 1215 4612 προϐάλλεσθαι.
1246 4540 1597 4612 Θαλπομένου
1623 4540 1679 4592 δὲ
1708 4540 1794 4593 ἀεὶ
1817 4538 1910 4592 τοῦ

2023 4546 2206 4601 calore
2236 4562 2268 4602 e
2318 4555 2464 4603 terra
2516 4551 2692 4605 defert
2745 4552 3101 4617 alimentum,
3137 4554 3282 4624 quod
3326 4555 3382 4610 in
3431 4557 3600 4627 stipu-

307 4639 739 4713 βλαστήματος,
775 4633 1046 4704 συρομένη
1083 4633 1169 4687 διὰ
1202 4634 1310 4688 τῶν
1348 4632 1510 4704 ῥιζῶν
1546 4636 1578 4704 ἡ
1615 4633 1776 4697 νοτὶς,
1807 4631 1914 4686 ὑπὸ

303 4736 416 4807 τῆς
443 4732 666 4804 θέρμης
706 4727 1071 4794 συνεπάγεται
1115 4726 1216 4796 τῆς
1256 4726 1361 4796 γῆς
1388 4726 1448 4779 τὸ
1492 4725 1791 4796 τρόφιμον·
1820 4724 1914 4778 καὶ

305 4821 757 4895 καταμερίζεται
781 4817 939 4870 τοῦτο
967 4819 1047 4879 εἰς
1069 4817 1344 4886 καλάμην,
1363 4816 1456 4867 καὶ
1479 4816 1679 4884 φλοιὸν,
1694 4817 1788 4870 καὶ
1812 4815 1916 4879 τὰς

307 4916 498 4988 θήκας
529 4911 625 4966 τοῦ
673 4911 841 4972 σίτου,
880 4908 977 4962 καὶ
1018 4910 1099 4971 εἰς
1125 4908 1288 4961 αὐτὸν
1317 4907 1407 4960 τὸν
1451 4909 1628 4969 σῖτον,
1665 4907 1760 4960 καὶ
1791 4909 1916 4970 τοὺς

308 5007 644 5078 ἀνθέρικας.
682 5004 746 5057 Ἦ
787 5003 845 5056 δὲ
887 5001 1110 5072 καλάμη
1143 5000 1238 5054 τοῦ
1283 5000 1430 5054 σίτου
1477 4999 1750 5064 κονδύλοις
1801 4999 1914 5053 δια-

312 5096 632 5162 ζώννυται,
668 5097 734 5150 ἵν’
761 5095 838 5159 ὡς
886 5092 1172 5163 σύνδεσμοί
1215 5109 1358 5156 τινες
1400 5090 1509 5145 τῶν
1559 5092 1807 5163 σταχύων
1856 5091 1916 5144 τὸ

310 5189 495 5260 βάρος
537 5188 796 5260 φέρωσιν.
847 5187 1006 5239 Ἔστι
1044 5186 1101 5238 δὲ
1142 5185 1238 5238 καὶ
1281 5187 1314 5256 ὴ
1365 5183 1584 5255 καλάμη
1629 5184 1873 5246 διάκενος
1899 5221 1913 5244 ,

305 5285 474 5341 ὅπως
498 5279 644 5351 θήκη
665 5279 757 5334 τοῦ
779 5281 980 5334 κόκκου
998 5279 1244 5350 γένηται,
1272 5278 1409 5350 πρὸς
1434 5278 1496 5331 τὸ
1519 5276 1593 5349 μὴ
1615 5278 1726 5339 τοῖς
1755 5292 1918 5346 σπερ-

305 5375 585 5448 μολόγοις
622 5373 887 5444 ὑπάρχειν
913 5373 1331 5444 εὐδιάρπαστον.
1364 5372 1502 5435 Τοὺς
1535 5370 1592 5423 δὲ
1622 5369 1916 5441 ἀνθέρικας

299 5469 437 5525 ἀντὶ
471 5463 685 5519 άκίδων
720 5464 1108 5536 προϐέϐληται,
1135 5465 1223 5518 ἵνα
1250 5463 1357 5518 τῶν
1391 5464 1602 5536 μικρῶν
1637 5461 1791 5528 ζώων
1817 5461 1916 5526 τὰς

302 5558 534 5632 βλάϐας
571 5555 847 5627 εἴργωσιν.
890 5556 949 5609 '0
977 5556 1033 5609 δὲ
1079 5555 1281 5626 βρόμος
1312 5555 1378 5609 δι’
1407 5555 1531 5610 ὅλου
1559 5554 1714 5618 κενὸς
1756 5553 1918 5607 καθέ-

302 5663 526 5726 στηκεν
550 5687 566 5712 ,
620 5645 808 5718 ἐπειδὴ
851 5646 950 5718 τὴν
981 5646 1223 5719 κεφαλὴν
1273 5648 1335 5700 οὐ
1372 5647 1679 5720 βαρύνεται.
1718 5646 1829 5702 Καὶ
1869 5648 1916 5700 εί

377 5837 403 5870 ⁸
431 5832 576 5890 Gen.
618 5831 785 5893 1,“.

653 5949 926 6012 Parnm"
962 5949 1079 6011 Gn.
1112 5949 1344 6018 XVIII.

2020 4637 2161 4702 lam,
2222 4638 2484 4694 corticem
2534 4640 2822 4705 frumenti,
2870 4641 3104 4702 thecam,
3144 4642 3322 4713 ipsum
3354 4643 3600 4700 frumen-

2019 4739 2134 4784 tum
2211 4740 2372 4801 atque
2447 4733 2646 4790 aristas
2718 4735 2974 4804 partitur.
3057 4735 3341 4792 Frumenti
3399 4739 3598 4809 stipula

2018 4822 2176 4877 nodis
2241 4824 2520 4894 cingitur,
2591 4833 2653 4878 ut
2721 4827 2887 4881 veluti
2965 4843 3256 4900 compages
3315 4831 3596 4900 spicarum

2019 4910 2235 4982 pondus
2265 4915 2596 4972 sustineant.
2639 4915 2909 4971 Praeterea
2943 4926 2996 4971 et
3030 4919 3147 4989 ipsa
3179 4921 3380 4991 stipula
3420 4937 3594 4976 vacua

2017 5009 2125 5070 est,
2149 5011 2210 5057 ut
2238 5019 2468 5074 granum
2503 5009 2908 5078 receptaculum
2941 5010 3159 5076 habeat,
3189 5028 3256 5067 ne
3297 5011 3588 5084 frugilego-

2018 5117 2140 5156 rum
2164 5100 2359 5170 prada:
2379 5099 2539 5154 facile
2569 5102 2640 5155 sit
2655 5103 2983 5172 expositum.
3012 5111 3067 5158 et
3095 5112 3284 5158 contra
3319 5106 3592 5162 minorum

2019 5193 2336 5248 animalium
2384 5208 2603 5248 morsus
2631 5195 2876 5248 munitur
2903 5212 3002 5265 pro
3038 5197 3264 5266 spiculis
3298 5198 3441 5252 vallo
3486 5199 3594 5252 ari-

2017 5299 2249 5345 starum.
2281 5286 2485 5343 Verum
2517 5303 2688 5343 avena
2716 5295 2829 5343 tota
2854 5290 3034 5345 inanis
3055 5291 3322 5354 cernitur,
3353 5308 3475 5347 cum
3501 5309 3597 5348 ca-

2018 5381 2129 5452 pite
2159 5397 2268 5435 non
2305 5391 2608 5451 gravescat.
2640 5380 2705 5434 Et
2727 5382 2773 5435 si
2797 5397 2921 5436 cum
2977 5384 3279 5438 esculentis
3307 5385 3470 5439 simul
3501 5402 3595 5440 ve-

2018 5488 2162 5527 nena
2189 5481 2316 5528 nata
2347 5475 2738 5543 comperimus,
2773 5475 2934 5544 quale
2957 5483 3042 5531 est
3068 5483 3368 5541 veratrum,
3400 5483 3590 5534 aconi-

2018 5573 2155 5630 tum,
2203 5565 2619 5637 mandragoras,
2655 5575 2709 5622 et
2769 5583 2971 5623 succus
3030 5571 3339 5639 papaveris,
3380 5571 3592 5625 nullum

2015 5663 2198 5712 tamen
2231 5657 2424 5713 borum
2455 5673 2920 5728 supervacaneum
2961 5669 3066 5728 est,
3113 5660 3207 5718 sed
3242 5678 3400 5719 suum
3432 5679 3591 5720 usum

3238 5950 3316 6010 23
