4112 6408
349 367 449 421 717

1294 363 1565 421 SPURIA.
1600 397 1670 407 -—
1701 363 2057 421 COMMENT.
2098 362 2165 417 IN
2209 360 2703 420 HEXAEMERON.

3491 375 3596 429 7l8

345 487 505 560 σοφία
537 488 567 540 6
597 486 729 553 Θεὸς
780 488 1158 561 διεκόσμησεν.
1201 490 1296 543 Ἔν
1324 490 1433 561 γὰρ
1478 489 1652 561 ὕδωρ,
1703 488 1791 542 διὰ
1818 490 1908 559 τῆς

2018 494 2073 541 et
2103 487 2157 540 in
2189 487 2322 556 ipsis
2350 485 2600 541 dulcibus
2626 484 2916 549 fructibus,
2967 487 3106 541 mira
3129 496 3212 543 est
3245 490 3596 561 pinguedinis

345 579 498 651 ῥίζης
530 581 825 652 φερόμενον
858 582 890 653 ἡ
920 582 1228 653 ἑλκόμενον,
1269 582 1441 645 ἄλλως
1491 583 1588 654 μὲν
1630 582 1819 653 τρέφει
1852 582 1912 637 τὸ

344 670 612 742 στέλεχος,
640 671 814 736 ἄλλως
854 674 954 743 τὴν
990 673 1329 745 ἐντεριώνην,
1375 674 1665 737 ἄλλως-τὸν
1710 673 1910 742 φλοιὸν,

341 760 515 824 ἄλλως
541 762 602 815 τὸ
639 761 811 827 ξύλον,
836 763 1009 827 ἄλλως
1035 762 1131 833 τὴν
1170 764 1322 835 ῥίζαν
1355 765 1522 835 αὐτήν
1542 781 1554 793 ·
1596 765 1689 818 καὶ
1718 767 1782 817 ἐκ
1815 765 1913 835 τῆς

343 854 511 924 αὐτῆς
532 854 732 918 νοτίδος
758 857 814 907 ἐν
847 855 944 926 μὲν
976 857 1040 925 τῇ
1073 856 1302 925 ἀμπέλῳ
1334 850 1475 919 οἶνος
1498 856 1828 920 συνίσταται,
1856 859 1914 911 ὲν

343 943 397 997 δὲ
430 947 494 1016 τῇ
522 945 676 1016 ἐλαίᾳ
705 945 898 1010 ἔλαιον,
930 947 1025 999 καὶ
1048 947 1104 999 ἐν
1133 946 1277 1017 ἄλλῳ
1317 945 1461 1000 ἄλλο.
1508 948 1617 1001 Kal
1645 949 1701 1000 ὲν
1734 948 1915 1010 αὐτοῖς

344 1037 454 1098 τοῖς
503 1035 723 1104 γλυκέσι
770 1039 1002 1107 καρποῖς
1042 1036 1320 1106 ἀμύθητος
1365 1039 1397 1107 ἡ
1448 1036 1769 1106 παραλλαγὴ
1817 1038 1916 1108 τῆς

346 1126 596 1196 πιότητος
613 1144 626 1158 ⁸
659 1127 786 1181 ἄλλο
810 1126 917 1197 γάρ
942 1127 1002 1180 τὸ
1031 1129 1089 1180 ὲν
1114 1128 1342 1199 ἀμπέλῳ
1363 1130 1553 1197 γλυκὺ,
1578 1128 1673 1181 καὶ
1704 1127 1828 1182 ἄλλο
1853 1131 1911 1184 ὲν

349 1217 543 1289 μηλέᾳ,
568 1219 662 1272 καὶ
690 1220 748 1271 ὲν
779 1222 917 1291 συκῇ
949 1222 1044 1274 καὶ
1071 1220 1149 1291 τῷ
1181 1220 1381 1290 φοίνικι
1404 1220 1610 1292 ἕτερον.
1636 1220 1747 1273 Kal.
1773 1219 1912 1274 αύτά

345 1307 403 1361 δὲ
433 1309 542 1363 τῶν
587 1310 814 1382 δένδρων
844 1312 1072 1385 διάφορά
1103 1316 1218 1366 ἐστι
1258 1312 1327 1366 τὰ
1360 1313 1596 1384 δάκρυα’
1646 1312 1775 1366 ἄλλο
1801 1314 1910 1386 γὰρ

2019 582 2278 641 varietas,
2312 578 2455 634 aliud
2484 595 2722 650 namque
2772 580 2931 635 dulce
2960 588 3044 635 est
3074 582 3219 651 quod
3254 583 3307 635 in
3342 586 3453 639 vile
3492 602 3596 653 gn~

2020 681 2217 736 statur,
2247 673 2392 726 aliud
2418 673 2471 725 in
2491 687 2674 741 pomo,
2710 671 2857 725 aliud
2888 671 2944 726 in
2974 673 3098 735 ﬂcu,
3128 674 3275 728 aliud
3308 675 3361 728 in
3385 677 3592 745 palma.

2013 764 2144 818 ltem
2186 765 2350 819 variae
2376 773 2504 819 sunt
2525 771 2578 819 et
2608 766 2867 819 arborum
2899 764 3173 834 lacrymze,
3196 767 3400 821 ctenim
3445 767 3594 822 aliud

2014 866 2099 913 est
2143 856 2357 912 lentisci
2413 856 2674 926 lacryma,
2735 855 2881 909 aliud
2940 855 3167 909 balsami
3227 871 3449 921 succus,
3498 859 3595 928 qui

2015 951 2257 1005 omnium
2294 956 2690 1019 unguentorum
2718 949 3200 1017 praestantissimus
3227 960 3332 1016 est,
3361 950 3593 1019 ejusque

2016 1042 2161 1112 apud
2204 1040 2460 1097 Hiericho
2519 1038 2828 1111 largissima
2893 1039 3068 1110 copia.
3120 1039 3396 1111 Indigenis
3454 1042 3590 1097 illud

2017 1140 2180 1187 acuto
2204 1132 2377 1203 lapide
2405 1147 2471 1187 ex
2494 1131 2730 1186 surculis
2762 1131 3099 1197 secantibus,
3160 1146 3364 1187 succus
3396 1131 3583 1187 eﬂluit.

2017 1223 2266 1279 Tradunt
2300 1223 2520 1293 quidam
2552 1230 2605 1277 et
2639 1223 2920 1277 succinum
2951 1224 3257 1293 plantarum
3294 1238 3417 1279 esse
3461 1238 3588 1278 suc-

2018 1332 2168 1382 cum,
2200 1322 2294 1386 qul
2330 1316 2383 1369 in
2415 1323 2668 1369 naturam
2701 1314 2898 1384 lapidis
2923 1322 3263 1369 concrescat.

341 1397 446 1467 τῆς
475 1398 651 1468 σχίνου
682 1401 743 1454 τὸ
774 1401 1025 1474 δάκρυον,
1069 1404 1163 1455 καὶ
1210 1401 1366 1467 ἄλλος
1415 1405 1443 1456 6
1488 1403 1585 1473 τῆς
1637 1402 1914 1475 βαλσάμου
1969 1405 2122 1471 ὀπὸς,
2157 1406 2294 1476 ὅπερ
2334 1404 2550 1458 πάντων
2595 1402 2703 1456 τῶν
2764 1403 2949 1474 μύρων
2996 1404 3231 1476 ὑπάρχει
3285 1407 3584 1473 κάλλιπον,

347 1495 440 1547 καὶ
473 1495 751 1560 πλεονάζει
800 1498 892 1549 ἐπὶ
919 1498 1016 1569 τῆς
1048 1495 1257 1569 Ἰεριχὼ
1288 1499 1593 1569 γενόμενον,
1644 1500 1961 1571 Τεμνόντων
1985 1500 2043 1553 δὲ
2081 1500 2211 1555 αὐτὸ
2241 1504 2306 1554 ἐκ
2344 1499 2451 1553 τῶν
2513 1498 2730 1570 θάμνων
2776 1497 2906 1570 λίθῳ
2939 1497 3051 1564 ὀξεῖ
3096 1499 3205 1554 τῶν
3255 1503 3584 1574 ἐπιχωρίων,

342 1588 473 1653 ὀπὸς
516 1591 824 1662 ἀναποδοίη.
865 1591 1157 1664 Ἱστοροῦσι
1190 1594 1245 1647 δέ
1286 1611 1430 1657 τινες
1459 1594 1551 1647 καὶ
1584 1595 1645 1647 τὸ
1676 1594 1936 1667 ἤλεκτρον
1988 1595 2118 1650 ὀπὸν
2177 1592 2315 1649 εἶναι
2359 1594 2539 1665 φυτῶν
2563 1635 2579 1661 ,
2627 1595 2704 1658 εἰς
2756 1594 2915 1663 φύσιν
2982 1594 3128 1649 λίθου
3162 1598 3585 1669 μεταπηγνύμε-

343 1698 451 1736 νον.

411 1772 465 1828 4.
506 1775 584 1846 Τῇ
620 1774 677 1829 δὲ
705 1776 944 1851 τετάρτῃ
985 1777 1168 1850 ἡμέρᾳ
1204 1779 1235 1831 ό
1263 1778 1395 1842 Θεὸς
1438 1779 1579 1846 τοὺς
1613 1778 1908 1850 μεγάλους

2089 1774 2143 1828 4.
2179 1771 2386 1839 Quarto
2408 1772 2495 1826 die
2519 1770 2662 1825 Deus
2688 1770 2793 1824 duo
2829 1771 3117 1825 luminaria
3150 1789 3343 1843 magna
3387 1782 3580 1835 creavit

339 1861 447 1916 δύο
475 1862 793 1932 φωστῆρας
821 1862 1315 1936 ἐδημιούργησεν,
1349 1865 1526 1934 ἥλιόν
1572 1883 1636 1919 τε
1673 1865 1772 1919 καί
1815 1882 1915 1918 σε-

338 1954 537 2023 λήνην
560 1956 631 2009 ἐν
655 1957 736 2023 τῷ
763 1957 1120 2026 στερεώματι
1146 1957 1250 2011 τοῦ
1275 1958 1554 2026 οὐρανοῦ,
1572 1960 1658 2023 εἰς
1688 1959 1915 2026 ψαῦσιν

339 2048 437 2101 ἐπὶ
469 2048 581 2118 τῆς
612 2046 746 2119 γῆς,
778 2049 885 2104 τοῦ
912 2047 1273 2120 διαχωρίζειν
1304 2050 1611 2119 ἀναμέσων
1638 2048 1748 2117 τῆς
1770 2049 1912 2120 ἠμέ-

332 2157 449 2208 ρας
478 2141 576 2194 καί
607 2133 913 2212 ἀὺαμέσον
950 2142 1061 2211 τῆς
1095 2143 1332 2209 νυκτός.
1375 2142 1546 2197 Τοῦτο
1585 2140 1647 2196 τὸ
1692 2141 1914 2215 ἡλιακὸν

339 2233 477 2301 φῶς,
506 2234 688 2306 ὄχημα
740 2235 933 2305 ἐκείνῳ
989 2234 1067 2305 τῷ
1111 2236 1251 2304 φωτὶ
1290 2234 1367 2307 τῷ
1413 2235 1740 2307 πρωτογόνῳ
1780 2254 1915 2308 παρ-

338 2324 684 2381 εσκεύασται.
729 2326 816 2389 Ὧς
838 2325 946 2398 γὰρ
977 2326 1103 2381 ἄλλο
1132 2324 1190 2379 τὸ
1213 2325 1343 2396 πῦρ,
1376 2327 1468 2380 καὶ
1495 2329 1523 2379 6
1541 2326 1731 2398 λύχνος
1753 2327 1907 2383 ἄλλο·

336 2417 400 2470 τὸ
430 2418 528 2487 μὲν
560 2417 669 2489 γὰρ
701 2419 798 2489 τὴν
820 2416 914 2470 τοῦ
941 2419 1194 2486 φωτίζειν
1230 2417 1455 2487 δύναμιν
1484 2418 1616 2489 ἔχει,
1643 2419 1704 2473 τὸ
1727 2419 1783 2473 δὲ
1812 2423 1912 2493 τὴν

337 2508 431 2562 τοῦ
463 2509 825 2580 παραφαίνειν
867 2512 977 2572 τοῖς
1016 2508 1334 2580 χρῄζουσιν·
1368 2510 1463 2562 καὶ
1500 2510 1576 2574 ὡς
1626 2510 1811 2583 ἕτερόν
1858 2531 1910 2566 τι

335 2603 371 2671 ἡ
401 2599 678 2672 λευκότης,
712 2600 895 2672 ἕτερον
924 2600 982 2653 δὲ
1016 2600 1079 2653 τὸ
1115 2600 1536 2673 λελευκωμένον
1565 2602 1743 2673 σῶμα,
1771 2604 1912 2657 οὕτω

340 2692 433 2746 καὶ
455 2692 629 2747 ταῦτα
656 2692 885 2764 διάφορα
909 2692 1037 2747 ὄντα
1064 2695 1130 2763 τῇ
1157 2692 1314 2763 φύσει
1339 2694 1573 2763 ἥνωνται
1596 2698 1661 2767 τῇ
1687 2695 1911 2766 δυνάμει

336 2785 431 2838 τοῦ
454 2784 753 2847 κτίσαντος.
770 2784 878 2837 Kal.
907 2785 1091 2856 μηδεὶς
1116 2785 1312 2860 νομίσῃ
1326 2786 1520 2840 ταυτὸν
1542 2786 1755 2859 ἡμέραν
1770 2784 1910 2841 εἶναι

338 2879 432 2933 καὶ
457 2877 624 2949 ἥλιον.
650 2877 872 2949 Πρῶτον
898 2877 996 2948 μὲν
1021 2877 1129 2950 γὰρ
1154 2880 1183 2932 6
1206 2879 1536 2950 δημιουργὸς
1563 2879 1767 2934 ἁπλοῦν
1795 2880 1909 2950 φῶς

336 2960 818 3034 κατεσκεύασενίό
841 2972 903 3044 δὴ
938 2974 1033 3026 καὶ
1056 2970 1268 3043 ἡμέραν
1291 2971 1571 3036 ἐκάλεσεν,
1600 2971 1789 3026 ἔπειτα
1815 2972 1907 3025 τὸν

334 3063 486 3134 ἡλιον
520 3065 584 3116 ὲκ
610 3061 703 3116 τοῦ
731 3063 901 3136 πυρὸς
927 3064 1021 3118 xal.
1061 3063 1237 3132 φωτὸς
1268 3063 1643 3133 συγκείμενον.
1683 3065 1769 3127 Ὠς
1798 3064 1908 3135 γὰρ

2013 1862 2177 1918 solem
2222 1872 2268 1916 et
2296 1863 2475 1916 lunam
2505 1863 2558 1915 in
2595 1863 2925 1931 ﬁrmamento
2959 1863 3093 1926 caeli,
3135 1875 3192 1918 ut
3237 1867 3465 1925 Iucerent
3495 1890 3587 1927 su-

2012 1973 2104 2025 per
2137 1965 2334 2009 terram
2386 1952 2456 2007 ad
2501 1953 2835 2007 dividendum
2874 1954 3009 2008 diem
3050 1963 3098 2008 et
3133 1964 3333 2011 noctem
3358 1960 3422 2015 ³³.
3469 1960 3585 2018 Hoc

2013 2049 2147 2104 solis
2172 2048 2356 2102 lumen
2392 2046 2641 2116 utprimo
2672 2046 2750 2100 illi
2802 2057 2930 2101 nato
2955 2047 3145 2101 lumini
3174 2051 3329 2118 quasi
3367 2054 3585 2110 vehicu-

2012 2143 2124 2197 lum
2150 2139 2470 2202 deserviret,
2500 2139 2809 2194 ordinatum
2849 2146 2953 2194 est.
2982 2139 3191 2194 Etenim
3234 2144 3404 2199 veluti
3437 2148 3586 2202 aliud

2011 2241 2096 2288 est
2129 2232 2292 2301 ignis,
2316 2236 2372 2284 et
2415 2231 2633 2285 lucerna
2658 2228 2826 2293 aliud,
2851 2228 2939 2285 hic
2958 2231 3102 2284 enim
3135 2233 3242 2287 vim
3262 2234 3422 2289 habet
3457 2238 3585 2292 illu-

2010 2322 2279 2385 minandi,
2313 2321 2404 2374 illa
2422 2320 2708 2389 egentibus
2730 2320 2911 2375 lumen
2937 2320 3256 2390 praeferendi
3280 2341 3293 2389 ;
3319 2333 3371 2378 et
3397 2342 3587 2395 quem-

2012 2414 2301 2470 admodum
2331 2413 2478 2466 aliud
2509 2420 2593 2466 cst
2626 2412 2833 2466 candor
2892 2421 2945 2467 et
2980 2413 3126 2467 aliud
3161 2429 3363 2485 corpus
3407 2418 3587 2474 candi-

2010 2511 2162 2573 dum,
2182 2511 2262 2565 sic
2290 2517 2344 2565 ct
2371 2510 2507 2572 haec,
2535 2509 2783 2579 quamvis
2810 2507 3041 2563 diversae
3070 2517 3278 2563 natura:
3309 2510 3586 2576 Cneatoris

2010 2604 2243 2659 facultas
2260 2603 2314 2657 in
2331 2617 2501 2657 unum
2522 2602 2772 2671 copulata
2795 2601 3098 2669 conjunxit.
3123 2600 3189 2655 Et
3202 2616 3333 2658 cave
3344 2619 3413 2658 ne
3431 2615 3585 2674 putes

2012 2697 2156 2751 idem
2182 2710 2305 2751 esse
2351 2695 2493 2750 diem
2552 2703 2606 2749 et
2656 2694 2847 2748 solem.
2907 2691 3152 2747 Primum
3213 2694 3356 2748 enim
3394 2694 3587 2765 Opifcx

2010 2788 2242 2859 simplex
2299 2789 2481 2843 lumen
2538 2785 2803 2849 condidit,
2859 2784 3001 2855 quod
3058 2792 3112 2838 ct
3160 2786 3304 2841 diem
3349 2789 3583 2852 vocavit,

2009 2880 2270 2950 deinceps
2317 2880 2490 2935 solem
2551 2894 2616 2933 cx
2673 2878 2878 2932 lumine
2917 2877 3096 2946 ignem
3134 2892 3254 2945 quae
3308 2878 3585 2934 conﬂavit.

2009 2970 2479 3038 Quemadmodum
2510 2971 2655 3025 enim
2677 2977 2880 3025 terram
2921 2968 3092 3038 ipsam
3129 2968 3185 3023 in
3244 2985 3345 3026 suo
3378 2973 3587 3041 gremio

2008 3061 2188 3134 ignem
2220 3060 2422 3116 factum
2458 3060 2741 3116 foventem
2774 3062 3074 3125 cernimus,
3111 3061 3184 3115 ita
3210 3071 3263 3117 et
3294 3064 3461 3118 solem
3499 3066 3585 3119 lu~

334 3154 431 3225 τὴν
468 3154 571 3224 γῆν
611 3154 823 3226 όρῶμεν
851 3153 962 3228 πῦρ
1009 3157 1067 3209 ὲν
1096 3156 1208 3218 τοῖς
1255 3154 1496 3226 στέρνοις
1544 3156 1726 3219 αὐτοῖς
1754 3155 1908 3227 δεδη-

2010 3169 2137 3210 men
2172 3161 2498 3226 gestantem.
2526 3153 2660 3208 Cum
2692 3153 2836 3207 enim
2898 3152 3081 3207 lumen
3135 3161 3189 3207 ct
3244 3154 3385 3225 ignis
3420 3156 3587 3211 simul

338 3264 568 3320 μιουργη
577 3248 735 3318 μένον
751 3246 999 3318 ἔχουσαν,
1016 3247 1156 3300 οὕτω
1173 3248 1266 3300 καὶ
1287 3247 1376 3301 τὸν
1394 3247 1541 3318 ἥλιον
1558 3247 1672 3317 φῶς
1694 3247 1905 3319 ἔχοντα’

337 3341 452 3409 φῶς
484 3339 590 3412 γὰρ
630 3339 881 3393 συνελθὸν
914 3338 1051 3409 μετὰ
1082 3338 1251 3409 πυρὸς
1279 3337 1370 3392 τὸν
1400 3338 1694 3408 φανότατον
1717 3340 1906 3411 ἐποίη-

338 3447 428 3483 σεν
454 3429 625 3499 ἡλιον.
665 3428 801 3481 Ἀλλ’
832 3426 960 3492 ἴσως
993 3430 1209 3500 ἀντερεῖ
1246 3443 1358 3492 τιςο
1402 3428 1513 3481 Kal
1558 3428 1718 3482 πόθεν
1749 3428 1909 3482 τοῦτο

334 3519 510 3591 δῆλον,
557 3521 619 3573 οὐ
665 3519 1000 3591 βλεπομένης
1047 3520 1146 3589 τῆς
1177 3520 1525 3592 διαιρέσεως;
1569 3522 1668 3593 οὐχ
1712 3522 1908 3594 ὁρᾶται

335 3612 444 3685 γὰρ
475 3612 620 3676 ίδίως
656 3613 751 3684 μὲν
782 3613 843 3666 τὸ
888 3612 1021 3682 φῶς,
1060 3613 1204 3676 ἰδίως
1233 3612 1289 3666 δὲ
1331 3613 1393 3667 τὸ
1448 3614 1578 3685 πῦρ.
1623 3613 1783 3669 Ἀλλά
1824 3632 1909 3683 γι·-

336 3703 593 3758 νωσκέτω
614 3706 643 3757 6
673 3704 933 3767 τοιοῦτος,
969 3704 1110 3757 πόσα
1142 3704 1203 3757 τὸ
1234 3704 1345 3777 πῦρ
1380 3707 1437 3759 ὲν
1460 3706 1637 3777 ἑαυτῷ
1668 3708 1909 3779 προϐάλ-

336 3793 506 3859 λεται,
538 3794 734 3865 αὐγὴν,
776 3792 1112 3866 θερμότητα,
1155 3792 1451 3865 ξανθότητα
1472 3838 1485 3860 ,
1518 3794 1675 3850 ἆτινα
1704 3797 1905 3851 πανσό-

336 3899 450 3950 φως
474 3884 503 3936 6
528 3884 773 3954 τεχνίτης
804 3883 1165 3954 διαμερίξων,
1203 3884 1534 3954 ὑπεμφαίνει
1578 3885 1782 3940 τούτων
1809 3885 1907 3957 τὴν

337 3975 602 4029 σύνθεσιν.
632 3976 760 4029 Ὅτε
787 3976 895 4047 γὰρ
920 3975 1060 4029 θέλει
1084 3974 1349 4048 θερμᾶναι
1370 3977 1431 4030 τὸ
1454 3977 1610 4044 ζῶον,
1641 3979 1906 4049 λαμϐάνει

333 4064 428 4119 τοῦ
462 4067 630 4139 πυρὸς
652 4068 711 4119 τὸ
738 4060 957 4140 θερμὸν,
992 4068 1087 4121 καὶ
1117 4068 1177 4121 τὸ
1202 4068 1299 4139 μὲν
1326 4068 1525 4140 θερμὸν
1555 4068 1664 4141 ἔχει
1692 4071 1904 4133 τούτου,

332 4157 394 4212 τὲ
434 4158 492 4211 δὲ
538 4157 653 4229 φῶς
691 4160 791 4213 οὐκ
834 4158 964 4229 ἔχει.
1005 4159 1144 4213 Ἀλλ’
1178 4160 1440 4232 ἐμερίσθη
1474 4162 1531 4214 ἐν
1577 4161 1656 4233 τῷ
1704 4161 1827 4233 ζὼῳ
1870 4167 1903 4234 ἡ

335 4250 512 4321 θέρμη
555 4251 663 4304 ἀπὸ
690 4249 785 4305 τοῦ
826 4250 1082 4320 φέγγους,
1116 4251 1277 4305 πάλιν
1304 4251 1569 4323 λαμϐάνει
1600 4252 1661 4305 τὸ
1695 4252 1902 4319 ξανθόν.

333 4342 447 4396 Kal
484 4342 697 4415 ὁρῶμέν
732 4360 815 4396 τοι
839 4342 900 4396 τὸ
938 4342 1147 4407 ξανθὸν,
1182 4343 1365 4397 οὐκέτι
1394 4344 1452 4398 δὲ
1483 4345 1546 4397 τὺ
1590 4344 1789 4417 θερμὸν
1815 4347 1908 4400 καὶ

334 4436 544 4504 φαῖνον.
575 4435 683 4487 Kal.
711 4433 874 4488 πάλιν
906 4434 1228 4506 ἀπομερίζει
1278 4436 1379 4505 τὴν
1408 4434 1616 4508 θέρμην
1639 4478 1653 4501 ,
1699 4439 1792 4491 καὶ
1826 4436 1906 4491 δί-

2012 3246 2068 3299 in
2129 3259 2297 3299 unum
2332 3242 2758 3305 convenissent,
2813 3241 3294 3311 splendidissimus
3345 3244 3427 3298 sol
3457 3261 3585 3314 pro-

2011 3339 2211 3393 ductus
2244 3343 2349 3391 est.
2383 3334 2489 3389 Sed
2511 3333 2745 3388 fortasse
2775 3333 2973 3403 aliquis
2997 3334 3374 3388 contradicet:
3409 3334 3587 3390 Unde-

2010 3444 2135 3482 nam
2165 3428 2270 3483 hoc
2302 3427 2652 3481 manifestum
2693 3433 2798 3490 cst,
2831 3440 2955 3478 cum
2980 3425 3130 3478 nulla
3183 3424 3434 3479 videatur
3492 3426 3576 3479 di-

2009 3522 2191 3588 visio;
2268 3536 2446 3591 neque
2527 3519 2671 3573 enim
2730 3519 2912 3573 lumen
2972 3518 3041 3572 ab
3115 3517 3238 3587 igne
3289 3518 3583 3587 separatim

2014 3614 2376 3687 perscriptum
2432 3626 2610 3681 neque
2666 3611 2843 3681 ignem
2905 3624 2934 3663 a
2995 3610 3200 3664 lumine
3273 3612 3580 3680 sejunctum

2008 3708 2397 3777 conspicimus.
2477 3702 2678 3757 Verum
2730 3704 2778 3757 is
2843 3702 2981 3757 sciat
3041 3716 3286 3772 quaenam
3334 3704 3474 3774 ignis
3526 3705 3585 3760 in

2009 3802 2304 3873 semetipso
2366 3798 2682 3865 contineat,
2732 3797 3075 3868 splendidum
3152 3800 3402 3867 scilicet,
3452 3801 3586 3856 cali.

2007 3895 2159 3961 dum,
2190 3893 2412 3958 ﬂavum,
2434 3906 2555 3961 qua:
2583 3891 2987 3961 sapientissime
3005 3889 3199 3945 artifex
3224 3893 3581 3959 secernendo,

2007 4000 2195 4041 eorum
2231 3982 2682 4053 compositionem
2734 3981 3069 4037 manifestat.
3099 3981 3237 4037 Cum
3287 3987 3432 4040 enim
3465 3988 3586 4041 ani-

2006 4078 2136 4131 mali
2163 4077 2401 4131 calorem
2435 4074 2623 4129 indere
2652 4073 2826 4142 cupit,
2855 4073 2998 4142 ignis
3025 4074 3263 4128 calorem
3301 4078 3488 4141 sumit,
3530 4085 3585 4132 et

2008 4170 2246 4224 calorem
2285 4168 2451 4229 illius,
2496 4182 2606 4220 non
2652 4174 2833 4219 tamen
2870 4166 3051 4219 lumen
3094 4166 3359 4235 possidet.
3395 4167 3499 4222 Sed
3525 4169 3585 4224 in

2008 4261 2231 4314 animali
2281 4259 2431 4314 calor
2467 4273 2496 4311 a
2524 4255 2729 4311 lumine
2757 4256 3097 4326 sejungitur,
3157 4271 3351 4312 rursus
3382 4257 3582 4313 ﬂavum

2010 4354 2259 4425 suscipit,
2295 4360 2350 4407 et
2395 4351 2592 4405 ﬂavum
2650 4351 2907 4421 quidem,
2948 4367 3055 4405 non
3119 4358 3299 4406 autem
3342 4350 3581 4405 calidum

2009 4446 2462 4519 splendidumque
2502 4444 2771 4498 videmus.
2814 4442 3015 4497 lterum
3052 4443 3235 4498 calore
3276 4451 3579 4513 segregata,

331 4527 463 4580 δωσι
495 4527 664 4598 μόνην
696 4526 797 4598 τὴν
835 4527 1027 4598 αὐγὴν,
1061 4523 1169 4581 οἷον
1196 4527 1271 4591 ὼς
1316 4527 1462 4582 ἔστιν
1505 4530 1632 4582 ἰδεῖν
1674 4529 1768 4583 ἐπὶ
1804 4532 1902 4600 τῆς

2010 4539 2351 4611 Splendorem
2386 4546 2596 4593 tantum
2628 4536 2871 4598 exhibet,
2928 4543 2987 4589 ut
3026 4536 3214 4589 videre
3269 4546 3353 4591 est
3397 4537 3451 4590 in
3481 4535 3583 4591 fulv

331 4618 653 4690 ἀστραπῆς,
704 4618 783 4669 ὅτι
834 4615 1187 4686 ὲκλάμπουσα
1235 4618 1391 4688 μόνον
1422 4618 1670 4688 φωτίζει,
1700 4621 1762 4672 οὐ
1798 4618 1902 4691 μὴν

330 4708 390 4762 δὲ
417 4710 510 4763 καὶ
540 4707 841 4780 θερμαίνει.
873 4709 945 4762 Τὸ
972 4710 1016 4763 δ’
1042 4710 1172 4764 αὐτὸ
1193 4711 1538 4782 παράδειγμα
1567 4712 1661 4765 καὶ
1687 4714 1779 4765 ἐπὶ
1803 4712 1905 4783 τῆς

336 4802 562 4875 ,τελήνης
611 4802 935 4874 καθέστηκε.
983 4803 1093 4856 Kal.
1136 4803 1245 4875 γὰρ
1290 4803 1427 4874 αὕτη
1464 4803 1569 4857 ὑπὸ
1615 4803 1708 4856 τοῦ
1752 4804 1902 4876 ἡλίου

337 4894 676 4966 φωτιζομένη
726 4893 1074 4966 φανερωτέρα
1124 4893 1367 4962 γίνεται,
1418 4894 1604 4966 ὥσπερ
1654 4896 1756 4948 ὑπὸ
1805 4896 1904 4965 τῆς

335 4986 547 5059 ἡμέρας
576 4991 606 5041 ὁ
649 4987 818 5058 ἡλιος.
856 4987 929 5040 Τὸ
959 4986 1068 5058 γὰρ
1109 4989 1207 5057 τῆς
1260 4988 1485 5059 σελὴνης
1517 4983 1655 5051 εἶδος
1702 4987 1904 5059 ἀνθρα-

337 5080 542 5142 κοειδὲς
570 5082 850 5152 τυγχάνει,
880 5081 954 5143 ὠς
980 5080 1124 5133 ἔστιν
1171 5078 1298 5132 ίδεῖν
1331 5081 1423 5132 ἐπὶ
1450 5080 1548 5151 τῆς
1578 5079 1868 5150 ἐκλείψεως
1888 5099 1902 5112 ·

339 5174 559 5244 ἀπάρας
602 5176 709 5246 γάρ
762 5174 854 5227 ἀπ’
898 5173 1069 5244 αὐτῆς
1108 5173 1168 5227 τὸ
1214 5175 1409 5227 οἰκεῖον
1453 5172 1653 5242 φέγγος
1680 5174 1708 5225 6
1756 5172 1904 5242 ἥλιος

339 5262 595 5335 ἀμαυράν
623 5265 788 5336 αὐτὴν
834 5265 1124 5334 καθίστησι
1141 5282 1154 5295 ’
1186 5262 1432 5333 φωτίζων
1455 5263 1512 5316 δὲ
1539 5264 1704 5335 αὐτὴν
1724 5303 1739 5323 ,
1772 5264 1908 5334 πλη-

342 5357 511 5427 σιφαῆ
574 5357 959 5426 ἀπεργάζεται.
1034 5356 1351 5427 Ἑνδυομένη
1405 5354 1514 5425 γάρ
1548 5372 1663 5417 πως
1733 5353 1793 5407 τὸ
1844 5356 1907 5425 ἡ·

338 5448 525 5502 λιακὸν
579 5446 693 5516 φῶς
739 5448 1062 5520 φαιδροτέρα
1114 5446 1460 5501 καθίσταταιο
1503 5444 1595 5497 τὸν
1643 5444 1804 5497 αὐτὸν
1841 5445 1905 5515 δὴ

332 5539 535 5609 τρόπον
559 5538 653 5591 καὶ
684 5540 712 5591 ό
741 5538 888 5609 ἥλιος
912 5580 926 5603 ,
966 5540 1067 5610 τῆς
1095 5541 1305 5611 ἡμέρας
1336 5539 1396 5591 τὸ
1423 5537 1538 5610 φῶς
1570 5538 1906 5608 ἐνδυόμενος,

334 5627 710 5703 λαμπρότερος
759 5632 1045 5701 τυγχάνει,
1092 5632 1191 5703 τῆς
1244 5631 1453 5703 ἡμέρας
1507 5632 1720 5704 ἐκείνης
1770 5630 1905 5703 μήτε

410 5807 448 5841 ³⁸
484 5806 612 5864 Gen.
652 5827 689 5873 ι,
728 5808 808 5865 lli.

2010 4632 2179 4694 mine,
2206 4629 2349 4700 quod
2375 4629 2464 4683 ubi
2480 4627 2829 4683 scintillando
2849 4624 3115 4695 eruperit,
3142 4631 3355 4680 tantum
3374 4624 3578 4689 lumen,

2008 4739 2117 4777 non
2146 4729 2325 4777 autem
2353 4722 2591 4776 calorem
2645 4719 2937 4791 progignit.
2988 4716 3189 4771 Eodem
3246 4719 3494 4788 exemplo
3520 4729 3576 4774 et

2008 4816 2063 4869 in
2104 4816 2231 4869 luna
2274 4814 2684 4869 demonstratur
2716 4811 2770 4865 id
2829 4811 2972 4881 quod
3029 4809 3262 4865 dicimus
3308 4810 3579 4880 ejusmodi

2008 4921 2149 4961 esse.
2182 4903 2307 4959 Haec
2343 4904 2542 4976 quippe
2586 4903 2719 4959 solis
2770 4903 2976 4958 lumine
3031 4904 3345 4959 collustrata
3382 4906 3579 4961 clarior

2008 4998 2113 5064 ﬁt,
2147 4996 2600 5067 quemadmodum
2650 5002 2705 5049 et
2759 4995 2963 5050 lumine
3020 4995 3127 5050 diei
3178 4997 3278 5050 sol.
3310 4997 3486 5063 Aspec
3508 5018 3594 5059 ,υς

2008 5091 2155 5146 enim
2178 5089 2320 5142 lume
2358 5087 2553 5143 similis
2598 5093 2683 5139 est
2728 5086 2950 5141 carboni
2977 5126 2991 5149 ,
3017 5094 3078 5140 ut
3119 5087 3172 5139 in
3210 5086 3330 5153 ejus
3361 5086 3596 5147 defectu

2008 5180 2193 5235 videre
2213 5186 2296 5234 est
2331 5194 2343 5229 :
2378 5192 2503 5233 nam
2535 5177 2614 5231 sol
2636 5176 2729 5231 ubi
2760 5178 2827 5231 ab
2853 5192 2915 5231 ea
2937 5178 3214 5247 proprium
3247 5178 3428 5231 lumen
3476 5183 3602 5239 sub-

2009 5272 2261 5333 traxerit,
2310 5284 2429 5326 eam
2479 5268 2781 5335 obscurat;
2836 5269 2928 5323 ubi
2967 5269 3254 5324 illustrarit
3280 5277 3453 5325 totum
3502 5290 3597 5328 or-

2008 5363 2129 5419 hem
2159 5360 2454 5431 implendo,
2516 5358 2787 5413 accendit.
2852 5358 3088 5433 Induens
3147 5375 3381 5431 namque
3428 5364 3598 5435 'qLo-

2008 5453 2299 5508 dammodo
2328 5450 2463 5506 solis
2499 5451 2703 5507 lumen.
2729 5450 3069 5520 splendidior
3100 5450 3157 5505 lit
3186 5470 3201 5518 ;
3228 5467 3336 5506 non
3358 5453 3466 5508 alia
3500 5471 3595 5509 τοις

2008 5548 2178 5609 tione,
2210 5552 2264 5599 et
2292 5545 2371 5597 sol
2407 5543 2589 5596 lumen
2654 5542 2763 5596 diei
2812 5544 3208 5615 circumseptus
3242 5546 3445 5601 clarior
3508 5558 3596 5605 est

2010 5648 2064 5695 et
2094 5636 2382 5702 illustrior,
2406 5634 2494 5690 die
2546 5633 2637 5688 illa
2675 5650 2850 5706 neque
2899 5648 3111 5706 urente,
3166 5654 3343 5710 neque
3372 5639 3592 5713 calcis-
