4112 6420
451 381 556 436 ’119

1322 378 1379 431 S.
1421 370 1865 431 EL'STATHIUS
1905 368 2395 428 ANTIOCIIENUS
2432 371 2830 430 EPISCOPUS.

3603 380 3709 435 720

449 505 644 567 ciente,
676 502 770 558 sed
800 509 1011 556 tantum
1063 500 1427 555 illuminante.
1490 498 1673 554 Solem
1731 506 1913 551 autem
1961 512 2027 550 ex

2135 492 2313 565 οὔσης.
2353 497 2487 566 μήτε
2528 496 2690 551 πάλιν
2718 496 3136 572 θερμαινούσης,
3172 500 3307 556 ἀλλὰ
3336 503 3495 575 μόνον
3537 519 3708 573 φωτι-

446 598 573 668 igne
592 596 873 659 constitui,
906 593 1040 648 illud
1098 602 1420 665 argumento
1472 600 1558 649 est
1590 591 1736 663 quod
1770 591 2027 646 incendat

447 697 502 745 (ζᾶ
529 696 755 743 torreat.

515 782 599 836 Ad
625 780 964 836 dividendum
1010 779 1148 833 diem
1213 789 1263 833 ct
1318 788 1540 842 noctem,
1605 778 1765 848 quasi
1798 776 2023 842 diceret,

447 875 618 932 solem
644 873 751 929 diei
793 872 1069 939 terminis,
1114 873 1300 925 lunam
1354 870 1533 927 noctis
1561 870 1813 936 inclusit;
1852 884 2029 939 neque

447 964 597 1020 aliud
621 972 705 1021 est
726 979 836 1019 nox
867 978 1030 1032 quam
1064 971 1224 1017 terra;
1259 962 1472 1024 umbra,
1517 960 1649 1015 solis
1675 959 1859 1015 radios
1882 968 2026 1014 terra

448 1058 781 1129 interpositu
814 1072 915 1113 suo
959 1055 1261 1112 auferente.
1320 1053 1389 1109 Ut
1413 1053 1558 1110 enim
1588 1055 1644 1108 in
1672 1054 1780 1118 die,
1816 1054 1861 1109 si
1903 1052 2029 1122 quis

447 1152 631 1205 lumen
664 1149 1015 1214 intercludat,
1048 1149 1243 1204 umbra
1263 1146 1560 1203 eﬂ'unditur
1584 1148 1879 1217 lumenque
1900 1161 2029 1201 eva-

448 1241 641 1308 nescit,
673 1239 755 1295 sic
777 1249 831 1295 et
853 1255 959 1294 uox
989 1254 1117 1295 aere
1147 1240 1295 1294 circa
1327 1246 1531 1293 terram
1554 1238 1799 1293 tenebris
1856 1238 2022 1291 obvo-

449 1336 586 1398 luto,
622 1331 999 1396 constituitur,
1055 1339 1109 1385 et
1142 1330 1224 1386 sol
1278 1328 1424 1400 quod
1450 1346 1480 1383 a
1529 1329 1709 1400 primo
1741 1344 1855 1385 sua:
1873 1344 2029 1384 crea-

450 1428 619 1483 tionis
638 1425 864 1481 exordio
889 1425 1072 1479 lumen
1103 1440 1134 1478 a
1183 1423 1446 1479 Creatore
1473 1422 1706 1493 accepit,
1744 1422 1799 1476 in
1828 1430 2030 1477 semet-

448 1522 569 1591 ipso
599 1518 861 1574 continuo
893 1524 1187 1572 conservat
1211 1515 1480 1580 abditum,
1515 1513 1663 1584 quod
1692 1514 1835 1568 lunae
1858 1513 2028 1569 dene—

449 1619 633 1684 gutum
664 1620 766 1675 est,
796 1625 918 1680 quae
944 1609 1074 1664 illud
1095 1624 1239 1679 saape
1260 1604 1561 1663 crescendo
1582 1614 1637 1659 et
1660 1604 2029 1661 decrescendo

448 1706 667 1761 amittit.

523 1797 590 1852 Et
622 1799 728 1853 sint
759 1798 815 1851 in
851 1797 1006 1866 signa
1055 1804 1103 1849 et
1135 1796 1192 1847 in
1239 1804 1493 1863 tempora,
1548 1804 1596 1847 et
1627 1794 1682 1847 in
1727 1791 1864 1855 dies,
1896 1799 1945 1844 et
1975 1791 2028 1844 in

449 1908 614 1947 annos
647 1892 713 1946 “.
742 1887 1028 1959 Temporis
1075 1888 1155 1943 sol
1187 1894 1241 1941 et
1279 1887 1405 1940 luna
1432 1886 1588 1957 origo
1616 1892 1766 1940 sunt.
1818 1882 2031 1938 Etenim

448 1986 580 2041 dum
633 1999 834 2039 cursus
877 1982 1131 2036 ordinate
1187 1980 1456 2041 feruntur,
1497 1987 1679 2034 certos
1725 1987 2031 2047 temporum

447 2076 629 2132 exitus
681 2071 941 2134 eﬂiciunt,
977 2079 1315 2140 vocaturque
1357 2078 1577 2139 tempus
1604 2066 1825 2137 quando
1863 2065 2032 2120 veluti

447 2168 684 2240 quodam
739 2167 796 2221 in
846 2164 1057 2221 circulo
1116 2163 1342 2218 alternis
1410 2162 1658 2232 beneque
1714 2158 2033 2215 constitutis

449 2261 901 2317 successionibus
931 2258 1166 2312 volvitur
1219 2256 1456 2326 primum
1512 2254 1581 2310 ad
1629 2252 1954 2317 secundum,
1978 2256 2033 2307 et

450 2353 671 2408 tertium
696 2351 762 2405 ad
785 2349 837 2404 id
867 2348 1011 2419 quod
1039 2346 1309 2417 sequitur.

519 2442 680 2507 Illud,
710 2444 817 2497 sint
847 2442 900 2495 in
926 2441 1078 2509 signa
1101 2481 1117 2505 ,
1143 2438 1402 2509 quoniam
1430 2436 1708 2490 ineuntem
1739 2440 2033 2505 tempesta-

451 2546 560 2591 tem
589 2549 805 2605 semper
839 2531 1187 2603 significant;
1232 2530 1407 2599 caligo
1456 2541 1693 2597 namque
1716 2525 1829 2581 aeri
1857 2523 2033 2580 offusa

451 2628 585 2683 solis
615 2625 795 2680 radios
811 2622 1252 2679 circumcludens
1280 2620 1462 2675 minus
1496 2618 1718 2673 luminis
1748 2617 2029 2688 relinquit,

449 2721 615 2777 veluti
651 2719 745 2790 qui
775 2716 1111 2773 carbonibus
1164 2715 1364 2771 similis
1416 2728 1613 2768 cruore
1651 2712 1909 2783 perfusus
1941 2726 2033 2765 ru-

451 2811 649 2875 bescit,
687 2823 814 2864 cum
855 2822 1037 2862 aerem
1093 2804 1391 2875 vaporibus
1424 2813 1585 2859 terra:
1634 2802 2033 2859 condensatum

450 2902 726 2958 discutere
778 2899 1189 2967 dissolvereque
1238 2904 1491 2967 nequeat.
1545 2895 1674 2951 lude
1732 2899 2032 2966 tempestas

456 2994 768 3051 ostenditur
797 2992 1015 3056 futura;
1046 2997 1100 3045 et
1153 3005 1279 3044 cum
1314 3005 1451 3059 quas
1482 2989 1673 3045 dicunt
1701 3004 1853 3042 areas
1881 2988 2033 3054 (sunt

451 3102 583 3144 vero
636 3087 1179 3156 circumscriptiones
1211 3083 1458 3154 quaedam
1517 3080 1753 3137 rotundo
1799 3079 2028 3145 ambitu,

2128 587 2345 657 ζούσης.
2380 590 2500 642 Ὅτι
2530 589 2586 644 δέ
2626 592 2687 644 ἐκ
2722 591 2892 663 πυρὸς
2919 591 3243 665 συνέστηκεν
3270 596 3300 649 ό
3338 595 3509 667 ἡλιος,
3549 596 3708 667 δῆλον

2127 682 2190 733 ἐκ
2214 680 2308 733 τοῦ
2344 670 2571 754 tropo-7v,
2609 684 2703 737 καὶ
2726 682 2964 752 φλέγειν.

2205 774 2317 827 Τοῦ
2373 775 2738 845 διαχωρίζειν
2784 778 3096 847 ἀναμέσον
3152 778 3262 848 τῆς
3315 778 3540 850 ἡμέρας
3608 780 3709 834 καὶ

2126 866 2434 935 ἁναμέσον
2466 866 2576 935 τῆς
2601 870 2842 935 νυκτός.
2871 867 2996 924 Οίον
3042 871 3132 925 τὸν
3174 871 3323 942 ἥλιον
3356 873 3454 943 τῆς
3491 872 3708 944 ἡμέρας

2127 958 2238 1019 τοῖς
2272 956 2492 1028 μέτροις
2540 957 2730 1024 ἔταξε,
2785 961 2879 1012 καὶ
2926 961 3024 1032 τὴν
3073 961 3300 1033 σελήνην
3350 963 3449 1033 τῆς
3490 963 3705 1025 νυκτός.

2132 1049 2287 1102 Ἐστι
2315 1050 2373 1103 δὲ
2405 1052 2438 1120 ἡ
2487 1048 2583 1115 νὺξ
2617 1053 2856 1122 σκίασμα
2901 1053 3000 1124 τῆς
3031 1054 3181 1125 γῆς,
3221 1055 3705 1127 ἀποκρυπτομένου

2127 1139 2220 1193 τοῦ
2266 1140 2437 1211 ἡλίου.
2479 1142 2565 1205 Ὠς
2603 1143 2711 1214 γὰρ
2752 1144 2811 1197 ἐν
2867 1146 2933 1215 τῇ
2980 1145 3198 1217 ἡμέρᾳ,
3249 1146 3706 1218 ἀντιφράσσοντός

2127 1249 2292 1297 τινος,
2324 1231 2450 1287 σκιὰ
2475 1235 2701 1302 γίνεται,
2723 1235 2817 1290 καὶ
2842 1235 2905 1289 τὸ
2928 1235 3044 1305 φῶς
3068 1239 3472 1307 παρυφίσταται
3492 1255 3504 1268 ·
3533 1239 3705 1302 οὕτως

2128 1326 2162 1396 ἡ
2202 1325 2319 1393 νὺξ,
2362 1327 2717 1398 σκιαζομένω
2755 1328 2848 1382 τοῦ
2878 1328 3041 1400 ἀέρος
3076 1329 3170 1382 τοῦ
3221 1331 3349 1403 περὶ
3394 1331 3499 1402 γῆν
3522 1372 3537 1397 ,
3582 1349 3705 1386 συν-

2133 1418 2361 1473 ίσταται.
2390 1422 2500 1475 Καὶ
2531 1424 2559 1475 ὁ
2591 1421 2689 1493 μὲν
2716 1423 2886 1494 ἥλιος,
2920 1424 3091 1497 ὅσπερ
3124 1423 3183 1490 ἐξ
3205 1406 3377 1497 ἀρχῆς
3406 1426 3522 1496 φῶς
3557 1429 3708 1499 παρὰ

2130 1508 2224 1563 τοῦ
2259 1511 2481 1583 ποιητοῦ
2511 1512 2719 1583 εἴληφε,
2739 1513 2896 1568 τοῦτο
2926 1514 3039 1586 ἔχει
3057 1515 3145 1571 διὰ
3175 1517 3373 1581 παντὸς
3394 1520 3708 1590 ἐγκεκρυμο

2135 1604 2293 1673 μένον
2321 1607 2379 1659 ἐν
2421 1606 2599 1677 ἐαυτῷ
2620 1624 2633 1638 ’
2664 1608 2698 1678 ἡ
2739 1607 2797 1661 δέ
2828 1608 3024 1681 σελήνη
3047 1609 3145 1679 οὐχ
3177 1609 3368 1676 οὕτως,
3404 1611 3541 1665 ἀλλά
3585 1629 3710 1666 συν-

2131 1694 2271 1767 εχῶς
2294 1697 2605 1762 ἀποδύεται,
2635 1697 2891 1764 αὔξουσα,
2926 1700 3021 1754 καὶ
3054 1702 3368 1773 μειουμένη.

2207 1791 2529 1845 Ἔστωσαν
2554 1790 2623 1844 δὲ
2658 1793 2749 1858 εις
2788 1792 3024 1863 σημεῖα,
3064 1794 3164 1847 καὶ
3195 1797 3283 1861 εἰς
3310 1794 3573 1863 καιροὺς,
3611 1796 3710 1847 καί

2061 1860 2105 1915 Β
2137 1884 2225 1949 είς
2248 1882 2494 1953 ἡμέρας,
2526 1886 2623 1937 καὶ
2654 1887 2743 1952 εις
2769 1860 3102 1953 ἐνιαυτούς.
3133 1886 3338 1957 Χρόνον
3366 1860 3422 1940 δέ
3442 1887 3592 1958 ἥλιος
3618 1888 3714 1941 καὶ

2137 1974 2334 2047 σελήνη
2372 1978 2537 2048 γεννᾷ
2570 1976 2777 2034 τοῦτον.
2814 1978 3134 2050 Ἐλκόμεναι
3166 1980 3493 2053 συμμέτρως
3517 1978 3625 2051 γὰρ
3657 1982 3713 2033 αἱ

2134 2070 2298 2142 φοραὶ
2330 2072 2670 2142 τεταγμένας
2698 2072 2808 2126 τῶν
2848 2072 3053 2145 καιρῶν
3081 2073 3180 2137 τάς
3220 2073 3429 2139 ἐξόδους
3457 2074 3710 2142 γεννῶσι.

2133 2161 2335 2231 Χρόνος
2366 2160 2423 2213 δέ
2456 2161 2731 2225 καλεῖται,
2774 2163 2960 2234 ἐπειδὴ
2993 2163 3184 2235 ὥσπερ
3221 2164 3313 2217 ἐπί
3356 2182 3478 2218 τινα
3513 2165 3714 2217 κύκλον

2133 2250 2455 2322 ἐπαλλήλοις
2475 2254 2697 2307 εἱλεῖται
2726 2254 3008 2318 εὐτάκτοις
3026 2255 3317 2325 διαδοχαῖς,
3342 2255 3556 2327 πρῶτος
3577 2256 3716 2329 πρὸς

2132 2344 2401 2415 δεύτερον,
2431 2345 2525 2400 καὶ
2559 2346 2740 2418 τρίτος
2776 2346 2911 2421 πρὸς
2943 2345 3035 2400 τὸν
3069 2347 3215 2419 ἑξῆς.

2205 2436 2279 2489 Τὸ
2310 2436 2396 2503 δέ,
2424 2436 2706 2491 ἔστωσαν
2735 2440 2823 2504 εὶς
2867 2438 3107 2508 σημεῖα,
3142 2439 3329 2512 ἐπειδὴ
3367 2439 3468 2511 τὴν
3508 2457 3715 2514 παρου-

2137 2527 2256 2582 σίαν
2276 2528 2371 2582 τοῦ
2417 2528 2685 2600 χειμῶνος
2713 2529 2800 2583 ἀεὶ
2838 2531 3331 2602 προσημαίνουσιν·
3369 2532 3535 2604 ἀχλὺς
3582 2536 3712 2605 γὰρ.

2133 2619 2210 2692 τῷ
2237 2621 2360 2693 ἀέρι
2387 2623 2741 2694 ἐγγενομένη,
2772 2623 2865 2677 τοῦ
2898 2624 3049 2695 ἡλίου
3083 2623 3183 2690 τὰς
3203 2626 3427 2691 ἀκτῖνας
3454 2628 3712 2700 ἀμαυροῖ,

2134 2714 2230 2767 καὶ
2282 2713 2530 2784 φαίνεται
2579 2716 2935 2789 ἀνθρακώδης
2981 2718 3077 2771 καὶ
3132 2717 3405 2790 ὖφαιμος,
3445 2721 3519 2793 μὴ
3560 2720 3718 2774 δυνά-

2138 2821 2297 2876 μενος
2317 2805 2408 2859 τὸν
2438 2806 2575 2877 ἀέρα
2613 2808 2678 2861 ἐκ
2700 2808 2806 2862 τῶν
2834 2809 3023 2880 ἀτμῶν
3044 2810 3144 2881 τῆς
3164 2811 3269 2882 γῆς
3291 2812 3716 2883 πεπυκνωμένον

2134 2897 2376 2970 διαχέαν
2434 2901 2543 2953 κάκ
2588 2901 2778 2954 τούτου
2828 2906 3053 2974 σημεῖον
3096 2904 3362 2974 χειμῶνος
3415 2902 3711 2957 δείκνυται.

2137 2990 2380 3043 Ὅτανδέ
2411 2994 2467 3044 αί
2496 2991 2782 3063 λεγόμεναι
2813 2993 2940 3058 ἅλῳ
2973 2994 3322 3067 (στρογγύλαι
3349 2996 3406 3050 δὲ
3441 2998 3547 3051 είσί
3568 3014 3715 3062 τινες

2136 3082 2471 3153 περιγραφαὶ
2500 3082 2682 3153 ὅμοιαι
2720 3083 2866 3155 ἆλῳ,
2899 3085 2964 3137 ἐκ
3009 3084 3198 3138 τούτου
3234 3085 3342 3158 γὰρ
3373 3084 3547 3152 οὕτως
3588 3090 3716 3141 ἐπο-

452 3181 597 3237 areis
633 3181 862 3243 similes,
895 3187 949 3235 et
975 3194 1043 3235 ex
1070 3178 1175 3232 hoc
1205 3191 1402 3232 nomen
1434 3174 1644 3245 adepta:
1677 3172 1826 3242 sunt)
1860 3172 2029 3228 solem

2137 3173 2503 3245 νομάζονται)
2550 3175 2642 3229 τὸν
2674 3176 2824 3247 ἥλιον
2877 3177 3357 3249 περιστοιχίσωσι,
3417 3180 3716 3255 σφοδρότης

451 3274 743 3336 cinxerint,
780 3282 973 3327 ventos
1000 3270 1160 3326 nobis
1182 3271 1418 3325 innuunt
1447 3284 1623 3325 saevos
1653 3283 1717 3322 ac
1741 3265 2033 3322 vehemen-

449 3375 567 3434 tes;
601 3380 702 3421 nec
735 3380 847 3420 non
874 3371 928 3419 ct
951 3363 1181 3418 anthclii
1211 3362 1412 3428 vocati,
1471 3360 1518 3417 si
1563 3375 1730 3415 cursu
1760 3360 1895 3415 solis
1923 3371 2034 3413 una

450 3459 718 3521 ferantur,
744 3471 924 3512 aerem
942 3455 1104 3511 nobis
1152 3456 1396 3510 futurum
1455 3453 1761 3509 maleficum
1784 3467 2033 3523 pronun-

451 3551 627 3617 tiant;
657 3557 713 3604 et
760 3564 958 3604 rursus
987 3548 1033 3601 si
1058 3547 1226 3617 virga:
1254 3547 1439 3602 colore
1496 3545 1659 3601 Iridis
1693 3544 1843 3600 circa
1871 3558 2035 3600 auro-

452 3638 570 3697 rat'n
606 3641 751 3697 inter
781 3642 955 3696 nubes
985 3640 1298 3711 conspicuae
1334 3646 1654 3704 cernantur,
1691 3636 1778 3692 vel
1808 3635 2031 3701 imbres,

453 3735 537 3790 vel
566 3731 1040 3804 tempestates,vel
1073 3740 1132 3785 ut
1157 3732 1454 3802 plurimum
1477 3731 1620 3786 aeris
1672 3730 2033 3786 mutationem

455 3827 815 3896 pmsignant.

526 3914 681 3970 Luna
715 3915 760 3970 si
795 3915 958 3970 tertio
1002 3912 1091 3968 die
1126 3915 1311 3970 tenuis
1365 3915 1626 3970 cornibus
1655 3928 1903 3985 puroque
1944 3915 2032 3969 ni-

458 4018 578 4065 tore
617 4009 853 4073 fulserit,
919 4009 1171 4063 stabilem
1232 4024 1297 4064 ac
1340 4011 1550 4063 firmam
1585 4008 2035 4079 tranquillitatem

459 4098 763 4172 promittit;
805 4098 891 4154 sin
931 4113 1060 4153 vero
1109 4112 1315 4152 cornua
1368 4098 1645 4152 crassiora
1702 4094 2038 4165 subrufaque

457 4195 578 4249 visa
615 4191 836 4256 fuerint,
872 4206 1140 4263 aquarum
1173 4190 1520 4260 repentinum
1552 4191 1809 4260 impetum
1858 4189 2039 4245 horri-

459 4287 695 4356 damque
758 4291 1138 4355 tempestatem
1195 4282 1492 4353 portendit.
1546 4281 1794 4353 Suntque
1840 4281 2042 4337 instru-

460 4385 642 4434 menta
696 4385 1005 4446 temporum
1057 4376 1140 4431 sol
1189 4383 1244 4430 et
1288 4376 1457 4440 luna;
1510 4383 1750 4445 tempus,
1801 4373 2036 4440 dierum,

461 4468 755 4532 mensium,
806 4484 1110 4535 annorum;
1157 4467 1360 4530 sidera,
1417 4467 1712 4533 mensium,
1745 4468 2037 4534 seminum,

460 4563 742 4618 messium.

536 4650 899 4722 Vergiliarum
934 4661 1209 4715 exortum,
1245 4651 1445 4706 messis
1473 4651 1870 4725 vindemiaque
1898 4661 2039 4707 tem-

464 4757 569 4813 pus
595 4756 794 4797 occasu
821 4741 1366 4797 seminisdenuntiari
1403 4740 1629 4796 scimus.
1649 4741 2043 4814 Navigantibus

461 4832 782 4891 Plaustrum
804 4831 958 4888 sidus
986 4833 1130 4887 viam
1162 4833 1353 4904 aperit.
1384 4830 1559 4887 Locos
1584 4832 1729 4888 enim
1773 4834 1952 4889 sidera
1969 4835 2045 4889 si-

460 4928 726 5001 gniﬁcant
754 4934 811 4982 et
824 4926 1142 4982 ostendunt.
1163 4925 1300 4980 Ursa
1325 4926 1468 4980 enim
1486 4922 1909 4996 septentrionem
1938 4927 2048 4995 pla-

463 5037 585 5091 gam
612 5020 877 5075 insinuat.
896 5015 1257 5087 Vergiliarum
1283 5032 1408 5086 pars
1423 5017 1731 5070 acuminata
1764 5016 1830 5071 ad
1854 5016 2047 5071 Oricu-

464 5123 571 5166 tcm
599 5119 877 5183 spectans,
902 5110 1006 5165 hoc
1036 5108 1176 5163 idem
1200 5109 1467 5164 enuntiat.
1498 5107 1675 5177 Ipsius
1709 5109 1836 5163 item
1888 5106 2049 5163 Ursae

467 5202 617 5258 flexae
647 5218 843 5267 cornu,
874 5213 929 5259 et
953 5202 1097 5256 lunae
1122 5217 1249 5272 pars
1278 5216 1399 5271 qua
1419 5201 1744 5266 illustratur,
1771 5199 2047 5257 Orientem

471 5305 788 5365 praemonet.
812 5296 1122 5367 Antequam
1150 5310 1280 5350 vero
1296 5295 1411 5348 haec
1442 5294 1655 5358 tierent,
1682 5304 1899 5365 tempus
1939 5310 2050 5349 non

473 5396 608 5452 erat,
643 5388 741 5444 sed
769 5388 1006 5459 spatium
1037 5396 1281 5456 imasque
1323 5385 1554 5440 nimium
1584 5402 1649 5440 ea
1684 5387 1842 5456 longa
1878 5392 2049 5440 extra-

473 5494 579 5549 que
602 5495 767 5535 omne
795 5488 1032 5550 tempus.
1067 5477 1133 5533 Et
1157 5478 1262 5534 hoc
1289 5477 1357 5533 de
1387 5477 1560 5549 signis
1590 5480 1799 5535 dictum
1834 5482 1929 5536 sit.

545 5657 815 5728 Tempora
867 5675 1032 5729 porro
1092 5660 1373 5723 horarum,
1409 5658 1522 5713 sive
1572 5660 1836 5730 temporis
1881 5660 2054 5731 ipsius

551 5839 594 5871 “
625 5838 751 5894 Gen.
787 5857 826 5905 ι,
858 5842 943 5894 14.

2134 3267 2242 3321 τῶν
2274 3266 2491 3339 ἀνέμων
2526 3269 2847 3340 σημαίνεται
2868 3287 2882 3302 ο
2936 3271 3073 3325 ἐπὰν
3097 3271 3154 3324 δέ
3185 3270 3281 3325 καὶ
3311 3272 3360 3324 oi
3391 3271 3715 3345 καλούμενοι

2135 3358 2378 3431 ἀνοήλιοι
2425 3359 2618 3431 τῇδτοῦ
2662 3362 2815 3433 ἡλίου
2848 3364 2991 3435 φορᾷ
3038 3363 3402 3435 συντρέχωσι,
3454 3381 3718 3438 συμπτω-

2139 3453 2325 3524 μάτων
2382 3453 2584 3527 ἀερίων
2640 3459 2863 3528 σημεῖον
2911 3457 3145 3527 γίνεται·
3198 3459 3293 3513 καὶ
3342 3458 3501 3514 πάλιν
3550 3460 3721 3530 ἡνίκα

2138 3546 2352 3618 ῥάϐδοις
2373 3549 2604 3602 ἐοικυῖα⁶
2624 3549 2765 3604 κατά
2780 3549 2878 3622 τὴν
2899 3550 3061 3623 χρόαν
3082 3550 3182 3623 τῆς
3201 3552 3396 3626 Ἶριδος
3417 3554 3497 3617 είς
3521 3552 3720 3627 ὄρθρον

2133 3642 2248 3704 τοῖς
2279 3639 2500 3710 νέφεσιν
2532 3640 2929 3712 ἐμφαινόμεναι
2956 3641 3261 3713 δειχθῶσιν,
3291 3642 3509 3716 ὄμϐροι,
3540 3643 3574 3716 ἢ
3606 3663 3720 3716 χει-

2139 3730 2349 3802 μῶνες,
2384 3732 2418 3804 ἡ
2473 3732 2743 3807 μεταϐολὴ
2792 3732 3069 3789 ἐπιπλεϊον
3118 3734 3212 3789 τοῦ
3245 3734 3405 3808 ἀέρος
3453 3738 3720 3810 σημαίνε-

2134 3840 2246 3880 ται.

2217 3915 2283 3968 Ἦ
2314 3915 2371 3968 δὲ
2403 3915 2598 3988 σελήνη
2618 3958 2635 3984 ,
2670 3918 2889 3973 ἐπειδὰν
2936 3919 2995 3973 ἐν
3023 3921 3090 3991 τῇ
3132 3919 3285 3992 τρίτῃ
3315 3920 3501 3994 ἡμέρᾳ
3545 3918 3718 3993 λεπτὴ

2137 4009 2231 4063 καὶ
2254 4008 2469 4082 καθαρὰ
2495 4014 2614 4074 ταῖς
2636 4012 2885 4082 κεραίαις
2902 4011 3220 4085 ἀποδειχθῇ,
3240 4013 3507 4086 σταθερὰν
3534 4013 3717 4068 εὐδίαν

2138 4101 2635 4170 κατεπαγγέλλεται
2657 4119 2670 4133 ⁸
2704 4106 2904 4174 παχεῖα
2924 4103 2981 4156 δέ
3010 4106 3132 4169 ταῖς
3157 4106 3427 4177 κεραίαις,
3457 4106 3551 4159 καὶ
3580 4104 3717 4159 ὑπέ-

2141 4193 2336 4266 ρυθρος
2372 4198 2619 4263 φανεῖσα,
2651 4194 2792 4268 ὕδωρ
2823 4195 3022 4268 λάῢρον
3047 4195 3081 4267 ἢ
3110 4197 3261 4251 νότον
3292 4196 3460 4269 βίαιον
3487 4198 3719 4267 εὐαγγε-

2138 4282 2364 4348 λίζεται.
2391 4286 2635 4357 Ὄργανα
2678 4283 2771 4341 οὖν
2798 4288 3004 4360 χρόνων
3035 4290 3185 4361 ἥλιος
3205 4275 3209 4280 ’
3231 4292 3325 4345 καὶ
3363 4289 3560 4363 σελήνη
3585 4291 3716 4345 καο‹

2145 4377 2385 4430 ίσταταιο
2423 4378 2613 4450 χρόνος
2658 4378 2715 4432 δὲ
2749 4380 3000 4453 ἡμερῶν,
3039 4382 3255 4454 μηνῶν,
3304 4383 3398 4438 καὶ
3422 4371 3713 4437 ἐνιαυτῶν·

2141 4466 2212 4519 τά
2240 4467 2295 4520 δὲ
2336 4468 2532 4540 ἄστρα,
2569 4472 2664 4525 καὶ
2723 4472 2942 4543 μηνῶν,
2986 4474 3079 4527 καὶ
3122 4475 3375 4546 σπόρων,
3424 4475 3520 4529 καὶ
3572 4475 3712 4547 ἀμη-

2068 4561 2120 4621 ι)
2144 4559 2273 4612 τῶν.

2219 4655 2328 4708 Καὶ
2347 4653 2699 4725 αίΠλειάδες,
2730 4654 3116 4710 ἀνατέλλουσαι
3144 4654 3244 4728 μὲν
3268 4656 3480 4728 ἀμητοῦ
3509 4656 3720 4728 καιρὸν.

2143 4746 2398 4800 δύνουσαι
2439 4746 2496 4799 δέ
2539 4748 2763 4819 σπόρου,
2794 4746 3114 4802 δεικνύουσι.
3152 4748 3261 4801 Καὶ
3295 4751 3407 4811 τοῖς
3447 4747 3713 4803 ναυτιλλο-

2146 4839 2332 4911 μένοις
2379 4838 2517 4910 μετά
2564 4839 2665 4910 τῆς
2707 4839 2949 4911 Ἀμάξης
3000 4843 3223 4912 σημεῖον
3268 4839 3509 4909 γίνεται’
3544 4839 3725 4892 τόπων

2146 4931 2255 5003 γὰρ
2287 4933 2487 5002 σημεῖα
2519 4930 2614 4984 καὶ
2639 4930 2922 5003 δεικτὴρια
2942 4930 3007 4984 τὰ
3031 4932 3207 5003 ἄστρα
3233 4931 3461 5001 γίνεται.
3489 4932 3727 5002 ’Ἄρκτος

2151 5026 2249 5096 μὲν
2298 5023 2407 5097 γὰρ
2455 5024 2655 5095 ἀρκτον
2704 5024 2977 5078 δείκνυσιο
3032 5023 3130 5093 τῆς
3178 5024 3236 5077 δὲ
3286 5022 3543 5087 Πλειάδος
3592 5020 3729 5091 πρὸς

2148 5117 2410 5190 ἀνατολὴν
2438 5117 2651 5189 βλέπων
2671 5116 2731 5170 τὸ
2755 5116 2849 5182 ὀξὺ
2873 5117 2972 5189 τήν
3001 5116 3200 5188 ἄρκτον
3228 5116 3498 5171 δείκνυσιν
3518 5133 3530 5145 ·
3556 5114 3730 5185 αὐτῆς

2148 5213 2206 5267 δὲ
2236 5214 2335 5285 τῆς
2366 5211 2568 5283 ἄρκτου
2608 5209 2979 5283 στρεφομένης
3018 5208 3078 5261 τὸ
3127 5209 3296 5278 κέρας
3326 5207 3424 5279 τὴν
3464 5204 3729 5275 ἀνατολὴν

2149 5299 2408 5365 δείκνυσι,
2444 5298 2661 5370 καὶτῆς
2691 5298 2916 5368 σελήνης
2954 5296 3015 5350 τὸ
3051 5296 3397 5367 λαμπόμενον
3437 5296 3604 5367 μέρος
3630 5293 3726 5364 τὴν

2151 5390 2417 5463 ἀνατολὴν
2465 5390 2737 5462 σημαίνει.
2770 5389 2885 5460 Πρὸ
2931 5388 2987 5442 δὲ
3029 5387 3234 5442 τούτων
3266 5388 3456 5459 χρόνος
3501 5388 3601 5440 οὐκ
3636 5381 3728 5457 ἦν,

2151 5483 2285 5538 ἀλλά
2331 5483 2604 5557 διάστημα
2626 5525 2641 5549 ,
2676 5484 2770 5538 καὶ
2817 5481 2949 5536 αίὼν
2984 5482 3192 5554 μακρός
3224 5500 3306 5546 τις
3351 5481 3448 5537 καὶ
3480 5480 3727 5552 ἀχρονος.

2155 5577 2382 5648 Εἴρηται
2413 5572 2507 5631 οὖν
2538 5576 2666 5648 περὶ
2691 5576 2799 5629 τῶν
2828 5576 3089 5647 σημείων.

2223 5670 2463 5742 Καιροὺς
2498 5669 2555 5725 δέ
2605 5667 2783 5737 λέγειν
2822 5667 3101 5739 ἡγούμεθα
3142 5667 3241 5732 τὰς
3280 5662 3578 5733 ἐναλλαγάς
3623 5659 3736 5716 τῶν
