4112 6422
366 376 465 436 721

357 494 552 589 ὡρῶν,
588 497 888 570 χειμῶνος,
945 501 1142 575 ἔαρος,
1182 505 1404 578 θέρους,
1444 516 1780 589 μετοπώρου.
1829 523 1941 576 Καὶ

357 586 565 658 χειμὼν
619 590 715 660 μὲν
750 592 958 661 γίνεται
1010 600 1125 662 τοῖς
1173 599 1369 666 νοτίοις
1410 605 1598 677 μέρεσι
1642 586 1737 665 τοῦ
1790 614 1940 685 ἡλίου

357 679 903 753 προσδιατρίϐοντος,
950 688 1043 740 καὶ
1088 689 1221 744 πολὺ
1252 692 1311 745 τὸ
1355 698 1664 769 νυκτερινὸν
1699 679 1942 776 σκίασμα

356 772 485 843 περὶ
516 772 608 827 τὸν
645 774 768 827 καθ’
802 777 952 847 ἡμᾶς
984 780 1150 835 τόπον
1192 783 1611 855 ἀποτελοῦντος,
1654 793 1730 858 ὠς
1772 812 1940 851 κατα-

352 862 620 934 ψύχεσθαι
656 866 755 936 μὲν
788 868 879 921 τὸν
910 872 1038 943 περὶ
1070 875 1167 946 τὴν
1193 877 1300 946 γῆν
1333 879 1493 951 ἀέρα,
1519 885 1740 950 καὶοτάς
1766 889 1938 963 ὑγρὰς

353 955 745 1026 ἀναθυμιάσεις
785 963 1181 1034 συνισταμένας
1219 968 1475 1041 ὄμϐρων,
1522 976 1617 1028 καὶ
1670 955 1895 1051 κρυμιῦν
1920 1023 1934 1047 ,

353 1047 448 1100 καὶ
493 1049 731 1119 νιφάδων
775 1053 953 1118 αἰτίας
998 1056 1278 1124 γίνεσθαισ
1330 1064 1550 1118 ἐπειδὰν
1592 1068 1650 1121 δὲ
1700 1047 1937 1128 ἐπανιὼν

354 1140 515 1195 πάλιν
549 1142 657 1195 ἀπὸ
688 1143 797 1198 τῶν
835 1149 1220 1220 μεσημϐρινῶν
1246 1154 1460 1226 χωρίων
1491 1159 1582 1212 ἐπὶ
1625 1159 1718 1214 τοῦ
1769 1164 1934 1234 μέσου

350 1230 600 1305 γένηται,
654 1234 911 1308 ίσημερία
956 1238 1196 1308 γίνεται,
1252 1245 1348 1298 καὶ
1405 1247 1515 1319 ὅσῳ
1542 1253 1654 1315 τοῖς
1697 1230 1791 1306 énl
1834 1256 1937 1327 γῆς

351 1326 678 1399 ἐνδιατρίϐει
728 1328 946 1396 τόποις,
996 1333 1235 1407 τοσούτῳ
1280 1337 1422 1391 κατά
1460 1340 1624 1413 μέρος
1669 1326 1933 1415 ἐπανάγει

350 1419 451 1490 τὴν
488 1420 814 1492 εὐκρασίαν,
868 1424 964 1477 καὶ
1006 1425 1214 1492 γίνεται
1258 1427 1396 1501 ἔαρ,
1441 1435 1553 1497 τοῖς
1608 1435 1707 1505 μὲν
1748 1442 1935 1507 φυτοῖς

350 1510 606 1583 παρέχων
636 1512 946 1586 βλάστησιν,
975 1520 1087 1582 τοῖς
1125 1519 1183 1572 δὲ
1220 1520 1456 1594 δένδροις
1488 1525 1589 1597 τὴν
1614 1527 1928 1586 ἀναϐίωσιν.

362 1600 601 1657 Ἐκεῖθεν
623 1604 680 1658 δὲ
708 1606 807 1678 ήδη
845 1608 980 1679 πρὸς
1011 1610 1111 1675 τὰς
1138 1610 1354 1684 θερινάς
1386 1617 1595 1688 τροπὰς
1630 1621 1715 1673 ἐπ’
1761 1623 1932 1696 αὐτὴν

345 1693 445 1766 τὴν
493 1696 729 1768 ’Ἄρκτον
755 1700 968 1771 τρέχων
1000 1703 1029 1754 ό
1085 1703 1236 1773 ἥλιος
1286 1705 1385 1770 τὰς
1434 1709 1673 1779 μεγάλας
1717 1693 1936 1785 ἡμέρας

343 1786 478 1856 ἡμῖν
505 1786 823 1860 παρίστησι,
857 1790 952 1843 καὶ
984 1790 1073 1845 διά
1102 1793 1165 1847 τὸ
1192 1794 1372 1849 πλεῖον
1397 1798 1557 1852 αὐτὸν
1583 1804 1932 1874 προσομιλεῖν

344 1876 428 1948 τῷ
458 1877 605 1950 ἀέρι,
634 1879 802 1934 αὐτὸν
841 1883 1202 1956 καταφρίσσει
1236 1887 1327 1940 τὸν
1359 1889 1528 1961 ἀέρα,
1561 1893 1655 1946 καὶ
1695 1893 1794 1967 τὴν
1824 1895 1930 1967 γῆν
1961 1875 2006 1936 Β

342 1970 525 2024 πᾶσαν
549 1970 954 2045 καταξηραίνει,
977 1977 1071 2029 καὶ
1102 1978 1282 2033 πάντα
1303 1982 1516 2054 καρπὸν
1538 1982 1735 2056 ὡραῖον
1756 1988 1861 2041 ἀπε
1869 2004 1929 2059 ρ-

340 2060 567 2131 γάζεται
599 2063 1035 2135 φλογωδέστατος
1072 2066 1168 2136 ὢν,
1214 2072 1310 2126 καὶ
1351 2073 1611 2146 βραχείας
1653 2083 1798 2133 ποιεῖ
1827 2080 1927 2145 τάς

343 2155 503 2220 σκιὰς
531 2157 623 2226 ἀφ’
658 2157 865 2229 ὑψηλοῦ
919 2161 1312 2233 καταλάμπων.
1357 2166 1447 2221 Ἐν
1472 2168 1580 2241 γὰρ
1627 2173 1747 2236 ταῖς
1796 2172 1926 2245 βρα-

338 2247 602 2330 χυτάταις
625 2250 861 2324 ἡμέραις
895 2255 951 2307 αἱ
986 2257 1137 2308 σκιαὶ
1161 2258 1498 2327 μακρόταται
1525 2261 1782 2330 γίνονται.
1813 2265 1925 2320 Καὶ

338 2328 502 2393 πάλιν
529 2340 640 2396 ἀπὸ
662 2341 772 2396 τῶν
811 2346 1197 2418 προσαρκτίων
1245 2349 1336 2402 ἐπὶ
1369 2350 1438 2404 τὰ
1483 2328 1636 2408 νότια
1676 2372 1924 2427 παραγε-

336 2428 589 2502 νομένου,
620 2434 937 2507 μετόπωρον
967 2436 1194 2505 γίνεται,
1230 2439 1329 2511 τῆς
1362 2439 1571 2513 Θέρμης
1603 2445 1722 2498 κατ’
1745 2446 1923 2516 ὀλίγον

333 2520 437 2592 τῆς
469 2521 669 2595 πολλῆς
701 2525 1160 2602 ἀμαυρουμένης,
1194 2532 1288 2584 καὶ
1327 2532 1418 2585 τοῦ
1451 2536 1716 2606 χειμῶνος
1757 2539 1923 2593 ἀϐλα-

333 2611 448 2676 ϐῶς
486 2615 749 2680 ἐπιόντος.

404 2728 477 2781 Οὑ
534 2732 679 2783 ποιεῖ
725 2731 781 2785 δὲ
824 2732 925 2803 τὴν
958 2735 1170 2807 ἡμέραν
1208 2738 1237 2791 ό
1288 2737 1471 2809 ἥλιος·
1512 2742 1701 2813 μηδεὶς
1747 2743 1921 2810 οὕτως

332 2820 576 2893 ὑπολάϐῃ
596 2839 609 2851 θ
636 2824 1000 2898 πρεσϐυτερεί
1018 2827 1125 2900 γὰρ
1155 2829 1349 2883 τούτου
1387 2834 1419 2901 ἡ
1453 2833 1635 2904 ἡμέρα
1666 2836 1761 2889 καὶ
1788 2836 1915 2902 νύξ’

330 2912 466 2968 ἀλλά
500 2914 766 2987 κατάρχει
801 2918 958 2989 μόνον
991 2920 1091 2991 τῆς
1121 2923 1361 2995 ἡμέρας,
1395 2924 1577 2992 καθὼς
1612 2929 1703 2982 καὶ
1727 2931 1755 2983 ό
1784 2929 1920 3000 ψαλ-

333 3006 506 3077 μῳδὸς
541 3007 850 3081 διαγορεύει
895 3013 1024 3083 ἡμῖν
1043 3031 1057 3044 ·
1086 3016 1313 3082 Ἕθετο,
1342 3018 1515 3087 λέγων
1535 3058 1550 3083 ,
1586 3018 1695 3074 τόν
1740 3020 1918 3090 ἣλιον

327 3100 417 3165 είς
435 3098 728 3165 ἐξουσίαν
751 3102 862 3171 τῆς
892 3103 1137 3173 ἡμέρας,
1171 3107 1287 3176 τὴν
1317 3110 1612 3180 σελήνην,
1646 3113 1744 3168 καὶ
1775 3114 1916 3182 τοὺς

329 3189 591 3260 ἀστέρας
622 3195 709 3260 είς
732 3194 1024 3259 ἐξουσίαν
1052 3196 1163 3266 τῆς
1193 3203 1432 3268 νυκτός.
1471 3203 1622 3273 Ἔχει
1663 3204 1720 3256 δὲ
1760 3200 1912 3270 οὗτος
1941 3235 1986 3296 c

327 3284 428 3356 τὴν
477 3284 725 3350 ἐξουσίαν
766 3287 825 3340 τὸ
858 3287 974 3357 φῶς
1004 3292 1315 3363 περιφέρων
1354 3296 1412 3347 ἐν
1446 3295 1640 3368 ἐαυτῷ·
1687 3298 1907 3351 ἐπειδάν

326 3393 460 3431 ποτε
492 3378 583 3431 τὸν
616 3377 740 3432 καθ’
766 3381 912 3450 ἡμᾶς
950 3381 1201 3453 ὁρίζοντα
1238 3384 1520 3458 ὑπεράρῃ,
1559 3388 1771 3460 ἡμέραν
1806 3409 1908 3446 πα-

327 3468 477 3541 ρέχει
508 3469 866 3537 διασκεδάσας
899 3474 960 3527 τὸ
989 3475 1198 3540 σκότος.

408 3580 473 3634 Ἡ
498 3581 557 3635 δὲ
588 3582 806 3657 σελήνη,
836 3588 1055 3643 ἐπειδάν
1081 3589 1379 3657 δωδεκάκις
1407 3592 1498 3648 τὸν
1523 3595 1722 3669 ἑαυτῆς
1753 3598 1905 3651 ἐκτε-

317 3672 455 3748 λέσῃ
480 3674 702 3747 δρόμον,
740 3679 984 3734 ἐνιαυτοῦ
1014 3683 1274 3754 τυγχάνει
1316 3688 1570 3759 ποιητικὴ
1592 3730 1608 3757 ,
1655 3689 1793 3762 πλὴν
1820 3692 1902 3745 ὅτι

322 3768 494 3840 μηνὸς
529 3769 823 3843 ἐμϐολίμου
856 3772 1024 3828 δεῖται
1060 3777 1194 3854 πρὸς
1228 3776 1328 3849 τὴν
1372 3779 1573 3852 ἀκριϐῆ
1603 3782 1712 3836 τῶν
1744 3783 1903 3854 ὡρῶν

321 3860 646 3934 συνδρομήν.
691 3862 767 3917 ἀ
782 3864 891 3936 γὰρ
922 3852 1143 3937 ἡλιακδς
1174 3870 1417 3935 ἐνιαυτὸς
1450 3873 1560 3927 ἀπὸ
1595 3874 1690 3928 τοῦ
1734 3852 1899 3930 αὑτοῦ

320 3953 548 4025 σημείου
575 3956 669 4009 ἐπὶ
703 3956 765 4010 τὸ
788 3958 920 4011 αὐτὸ
952 3962 1176 4031 σημεῖον
1197 3963 1341 4017 κατά
1366 3965 1467 4035 τὴν
1505 3967 1712 4022 οἰκείαν
1746 3969 1891 4040 κίνη-

320 4062 406 4100 σιν
429 4048 522 4101 τοῦ
548 4049 699 4119 ἡλίου
732 4053 880 4107 ἐστὶν
917 4055 1382 4122 ἀποκατάστασις.
1422 4059 1533 4130 Τῆς
1572 4059 1629 4113 δὲ
1670 4060 1901 4133 σελήνης

316 4137 608 4210 ληγούσης,
631 4141 913 4213 ἀραιοῦται
942 4144 1051 4200 τῶν
1077 4145 1230 4211 ζώων
1261 4148 1332 4202 τὰ
1365 4147 1613 4221 σώματα,
1645 4152 1740 4205 καὶ
1766 4153 1899 4206 ὑπό-

316 4245 452 4283 κενα
502 4231 740 4299 γίνεταιο
795 4235 1099 4310 αὐξομένης
1141 4239 1234 4306 δὲ,
1276 4241 1701 4315 ἀναπληροῦται.
1753 4245 1896 4300 Διότι

318 4320 594 4394 ὑγρότητα
632 4324 769 4394 μετά
801 4326 1136 4400 θερμότητος
1173 4332 1566 4405 κεκραμμένην
1598 4333 1896 4405 λεληθότως

315 4411 550 4484 ἐνίησιν·
584 4416 633 4469 oi
665 4417 773 4489 γάρ
799 4418 1154 4486 καθεύδοντες
1192 4423 1299 4476 ὑπὸ
1333 4424 1562 4497 σελήνην
1599 4426 1898 4497 ὑγρότητος

315 4506 582 4578 περισσῆς
607 4508 938 4581 πληροῦνται
967 4512 1068 4578 τὰς
1090 4515 1352 4585 κεφαλὰς,
1399 4520 1494 4573 καὶ
1521 4520 1590 4574 τὰ
1620 4522 1892 4592 νεοσφαγῆ

1290 386 1563 457 spuma.
1599 434 1669 445 -
1699 405 2057 467 COMMENT.
2099 411 2164 466 IN
2206 411 2704 476 usxasmsuox.

3522 438 3626 496 722

1969 531 2015 588 Α
2045 531 2395 598 mutationes,
2424 548 2489 589 ac
2518 536 2687 601 vices,
2718 537 2917 598 hiemis
2933 543 3163 615 scilicet,
3198 551 3360 618 veris,
3394 559 3621 625 astatis,

2044 625 2315 691 autumni,
2350 625 2732 699 intelligendas
2761 646 2885 688 esse
2930 649 3237 698 censemus.
3270 643 3455 703 Hiems
3488 657 3621 704 tunc

2042 712 2225 780 irruit,
2253 733 2376 772 cum
2410 719 2494 774 sol
2514 721 2569 774 in
2605 724 2854 791 partibus
2880 732 3212 789 australibus
3227 750 3616 808 commoratur,

2041 810 2329 879 noctisque
2353 812 2602 869 umbram
2639 819 2783 887 apud
2823 837 2926 878 nos
2984 826 3119 881 satis
3163 828 3255 884 diu
3289 834 3615 901 productam

2040 899 2341 971 longiorem
2364 906 2588 962 omnino
2623 908 2771 975 facit,
2804 913 2878 967 ita
2912 924 2971 969 ut
2996 930 3089 971 aer
3113 920 3262 976 circa
3281 899 3487 981 terram
3517 928 3615 984 fri-

2038 1002 2242 1062 gescat,
2273 1010 2610 1069 vaporesque
2636 1001 2845 1058 humidi
2878 1008 3118 1075 excitati,
3154 1013 3390 1084 pluvias,
3414 1020 3615 1089 glacies

2037 1082 2301 1155 nivesque
2352 1089 2677 1157 producant.
2731 1093 2837 1150 Sed
2881 1098 2972 1153 ubi
3011 1082 3229 1159 rursum
3255 1120 3286 1161 a
3314 1082 3615 1168 meridiana

2037 1174 2193 1245 plaga
2225 1178 2570 1249 remigrando
2607 1185 2845 1240 medium
2889 1191 3012 1248 θεοιὶ
3043 1204 3324 1266 permeat,
3371 1202 3614 1271 aequino-

2036 1266 2203 1318 ctium
2230 1265 2304 1329 tit,
2332 1267 2659 1342 frigorisque
2699 1282 2754 1329 et
2789 1277 2991 1334 caloris
3037 1283 3257 1339 modum
3309 1265 3615 1359 temperant

2035 1356 2236 1412 modici
2263 1360 2410 1417 illius
2437 1377 2696 1420 accessus
2720 1367 2805 1422 vel
2862 1384 3152 1440 recessus;
3195 1374 3322 1432 hinc
3362 1356 3458 1434 ver
3489 1395 3613 1438 esse

2036 1452 2249 1524 incipit,
2301 1471 2410 1526 quo
2462 1457 2643 1515 herba:
2690 1462 3001 1531 germinant
3039 1467 3375 1540 arboresque
3407 1474 3612 1530 revivi-

2035 1554 2215 1601 scunt.
2258 1544 2389 1603 lnde
2414 1547 2525 1617 jam
2567 1551 2774 1607 aestivis
2807 1555 3146 1625 temporibus
3188 1557 3503 1620 ineuntibus
3542 1565 3610 1621 ad

2033 1638 2207 1708 ipsam
2231 1639 2428 1697 Ursam
2463 1643 2544 1698 sol
2564 1658 2797 1701 cursans
2830 1663 3056 1717 magnos
3094 1650 3250 1707 nobis
3277 1652 3440 1710 ellicit
3465 1656 3604 1723 dies,

2031 1739 2086 1787 et
2108 1747 2232 1788 cum
2262 1733 2475 1792 diutius
2522 1734 2580 1790 in
2611 1752 2738 1794 aere
2785 1747 3059 1807 versetur,
3111 1746 3293 1814 ipsum
3326 1754 3522 1814 torret,
3553 1757 3608 1806 et

2032 1831 2178 1879 terra
2226 1825 2485 1883 universa
2536 1829 2837 1898 exsiccata,
2896 1832 3111 1893 fructus
3138 1847 3385 1896 maturos
3425 1839 3607 1897 reddit

2033 1931 2250 1973 summo
2307 1919 2530 1990 calore;
2563 1924 2880 1996 umbraeque
2929 1934 3101 1983 curta:
3134 1928 3437 1999 jaciuntur,
3477 1948 3605 1988 cum

2030 2008 2114 2063 sol
2142 2008 2220 2063 illi
2242 2009 2368 2067 loco
2405 2016 2841 2084 supraverticem
2879 2017 2950 2074 sit
2977 2018 3274 2093 lumenque
3326 2022 3600 2083 demittat.

2027 2097 2087 2154 In
2116 2101 2455 2159 brevissimis
2486 2106 2633 2162 enim
2667 2106 2859 2165 diebus
2898 2110 3107 2167 umbra:
3140 2095 3472 2186 longissimae
3509 2133 3605 2172 ca-

2026 2191 2181 2247 dunt.
2216 2193 2416 2251 lterum
2442 2211 2472 2251 a
2505 2198 2835 2257 meridianis
2887 2201 2945 2258 in
2998 2206 3270 2262 australes
3301 2215 3486 2278 partes
3509 2211 3602 2266 illo

2026 2294 2329 2355 remeante,
2355 2296 2653 2349 autumnus
2667 2293 2929 2366 gignitur,
2960 2297 3134 2352 multo
3182 2299 3366 2356 calore
3395 2301 3599 2358 sensim

2026 2382 2710 2458 evanescente,hiemeque
2741 2387 2861 2442 sine
2917 2388 3031 2444 ullo
3066 2389 3416 2448 incommodo
3440 2407 3599 2450 acce-

2024 2467 2204 2527 dente.

2092 2732 2184 2789 Sol
2206 2736 2311 2790 diei
2343 2754 2509 2793 causa
2544 2756 2813 2811 nusquam
2848 2751 2950 2808 est,
2986 2760 3146 2801 nemo
3196 2746 3249 2801 id
3280 2748 3353 2801 ita
3395 2764 3454 2804 se
3497 2751 3597 2807 ha-

2022 2824 2151 2881 bere
2179 2828 2462 2898 opinetur;
2497 2831 2641 2887 hunc
2685 2834 2886 2889 etenim
2915 2835 3035 2892 dies
3062 2839 3341 2908 przecedit,
3374 2850 3427 2896 et
3451 2859 3593 2912 nox;

2020 2916 2118 2972 sed
2151 2926 2237 2975 est
2263 2918 2374 2974 dux
2401 2929 2454 2976 et
2482 2923 2736 2996 princeps
2771 2933 2824 2981 et
2851 2927 3166 2985 moderator
3196 2928 3366 2997 illius,
3399 2950 3594 3004 quem-

2020 3009 2313 3065 admodum
2343 3021 2398 3069 et
2418 3012 2744 3072 Psalmodus
2796 3019 2957 3075 nobis
2996 3020 3261 3079 insinuat.
3298 3024 3486 3080 Posuit
3509 3026 3595 3081 di-

2017 3116 2149 3157 cens
2178 3105 2343 3159 solem
2396 3107 2451 3161 in
2479 3106 2769 3163 dominium
2810 3113 2937 3177 diei,
2972 3113 3154 3169 lunam
3207 3125 3256 3172 et
3302 3118 3486 3174 stellas
3538 3120 3596 3173 in

2015 3193 2308 3250 dominium
2335 3200 2522 3253 noctis.
2554 3198 2704 3255 Illius
2728 3210 2906 3258 autem
2961 3205 3169 3263 obtinet
3198 3208 3591 3281 principatum,

2017 3287 2197 3342 lu’men
2227 3288 2280 3341 iu
2309 3297 2478 3344 semet
2501 3291 2816 3361 deportans,
2849 3295 2940 3365 qui
2988 3311 3112 3351 cum
3147 3299 3203 3353 in
3230 3308 3481 3356 nostrum
3524 3302 3593 3357 ti-

2015 3381 2247 3436 nitorem
2286 3386 2617 3453 pervenerit,
2653 3388 2895 3443 tenebris
2916 3387 3135 3459 fugatis,
3174 3393 3319 3447 diem
3342 3393 3521 3451 affert.

2076 3582 2252 3649 Luna,
2280 3585 2375 3640 ubi
2397 3585 2693 3643 duodecies
2715 3593 2889 3643 totum
2925 3604 3086 3644 suum
3117 3591 3357 3649 confecit
3395 3601 3451 3649 et
3488 3610 3587 3666 pe-

2009 3678 2250 3748 ragravit
2270 3678 2394 3744 iter,
2423 3680 2552 3733 anui
2584 3681 2820 3751 spatium
2873 3684 3164 3753 terminat;
3190 3682 3377 3744 mense
3402 3695 3587 3746 tamen

2009 3782 2146 3837 opus
2160 3769 2593 3839 estintercalari,
2617 3771 2685 3827 ad
2712 3772 2972 3828 horarum
3001 3790 3308 3834 concursus
3335 3789 3585 3837 exactam

2008 3860 2275 3916 rationem
2319 3862 2772 3932 perspiciendam.
2823 3865 3016 3922 Annus
3065 3868 3213 3923 enim
3279 3870 3478 3929 solaris
3515 3873 3586 3928 ab

2006 3954 2195 4009 eodem
2222 3954 2401 4027 signo,
2462 3955 2529 4010 ad
2569 3956 2712 4013 idem
2768 3959 3070 4015 secundum
3132 3963 3415 4032 proprium
3451 3966 3585 4022 solis

2007 4056 2213 4101 motum
2237 4053 2483 4104 reversio
2507 4056 2612 4105 est.
2667 4049 2819 4106 Luna
2884 4052 3236 4109 decrescente
3263 4057 3582 4113 animalium

2005 4153 2239 4209 corpora
2318 4149 2605 4197 rarescunt
2687 4151 2977 4199 extenuata
3041 4152 3095 4199 et
3150 4146 3576 4217 exinaniuntur;

2003 4237 2307 4295 crescente,
2333 4240 2604 4301 augentur
2632 4234 2868 4304 expleta.
2906 4234 3058 4289 Clam
3115 4235 3260 4289 enim
3290 4236 3580 4292 humidita-

2003 4328 2111 4376 tem
2139 4322 2309 4376 calori
2342 4325 2685 4379 commistam
2711 4324 2884 4393 indit;
2916 4325 3045 4380 hinc
3083 4325 3141 4380 ﬁt
3160 4325 3262 4381 sub
3286 4327 3415 4381 luna
3444 4329 3577 4385 dor-

2002 4411 2284 4467 mientium
2336 4412 2508 4467 multa
2557 4412 2883 4469 humiditate
2939 4414 3118 4484 capita
3146 4414 3378 4485 oppleri,
3402 4424 3457 4471 et
3487 4432 3578 4474 re-

2001 4513 2188 4560 center
2213 4505 2586 4576 iugulatorum
2634 4521 2853 4573 carnes,
2889 4514 2944 4562 et
2986 4507 3254 4579 quidquid
3294 4510 3443 4566 aliud
3486 4510 3575 4568 his

314 4594 374 4648 δὲ
399 4595 506 4650 τῶν
520 4598 717 4670 κρεῶν,
746 4601 839 4654 καὶ
856 4603 964 4656 πᾶν
985 4604 1103 4657 εἴτι
1125 4605 1383 4670 τοιοῦτον,
1400 4610 1467 4679 τῇ
1497 4610 1768 4682 προσϐολῇ
1791 4610 1889 4679 τῆς

2014 4613 2106 4653 non
2161 4598 2435 4663 absimile,
2492 4600 2637 4655 lunae
2675 4608 2900 4672 aspectu
2927 4601 3109 4659 subito
3166 4602 3466 4670 immutari,
3521 4615 3576 4662 et

316 4688 546 4761 σελήνης
576 4691 787 4764 ταχέως
825 4693 1105 4766 τρέπεται.
1146 4699 1377 4770 Ὁμοίως
1422 4700 1479 4754 δὲ
1513 4703 1607 4755 καὶ
1651 4703 1721 4757 τὰ
1766 4704 1896 4775 περὶ

314 4782 406 4837 τὸν
430 4783 566 4856 ἀέρα
590 4784 736 4857 πάθη
758 4785 1013 4858 τοιαύτης
1038 4788 1214 4854 αἰτίας
1239 4791 1893 4867 συνίσταται.Νουμηνίας

314 4876 422 4952 γὰρ
437 4878 723 4951 ἐνστάσης,
741 4879 982 4952 γαλήνης
1000 4880 1167 4955 οὔσης
1185 4884 1752 4956 σταθερᾶς,αίφνιδίων
1773 4887 1894 4942 ἀνέ-

315 4985 433 5040 μων
477 4972 712 5042 ταραχαὶ
750 4970 990 5040 ¹γίνονται
1032 4972 1139 5027 τῶν
1167 4974 1344 5043 νεφῶν
1388 4976 1759 5049 κλονουμένων
1797 4980 1892 5032 καὶ

313 5062 737 5132 συμπιπτόντων
777 5062 1056 5135 ἀλλήλοις
1093 5066 1188 5119 καὶ
1221 5067 1462 5135 γίνονται
1490 5070 1782 5141 περὶττοὺς
1802 5071 1892 5124 εὐ-

314 5150 505 5223 ρίπους
526 5154 857 5227 παλίρῤοιαι,
876 5157 970 5210 καὶ
991 5174 1055 5211 πε
1065 5158 1117 5228 pl
1135 5158 1224 5212 τὸν
1239 5159 1480 5214 ὠκεανὸν
1495 5161 1771 5235 άναδρομὴ
1792 5163 1889 5235 τῆς

309 5243 606 5317 θαλάσσης.
650 5247 714 5300 Ei
761 5248 819 5302 δὲ
869 5248 965 5303 καὶ¹
1006 5247 1101 5303 τοῦ
1139 5248 1289 5321 ἡλίου
1329 5246 1569 5320 ἔκλειψις
1594 5254 1887 5324 νουμηνίας

306 5336 476 5409 οὔσης
505 5337 736 5406 γίνεται,
774 5340 1105 5413 σφοδροτέρα
1148 5341 1467 5413 συμϐαίνει’
1505 5343 1747 5398 κάτωθεν
1778 5344 1885 5417 γὰρ

242 5464 243 5467 η
306 5429 342 5501 ἡ
378 5428 576 5500 σελήνη
612 5429 916 5485 ὑπελθοῦσα
936 5431 1238 5504 ἐμφράττει
1266 5432 1416 5504 ἡλίου
1441 5432 1542 5497 τὰς
1567 5434 1812 5497 ἀκτῖνας.

375 5520 537 5590 Μέγα
564 5520 622 5575 δέ
650 5538 702 5574 τι
729 5522 825 5576 καὶ
855 5522 991 5596 αὕτη
1032 5525 1066 5595 ἠ
1104 5524 1301 5596 σελήνη
1346 5524 1671 5595 καθέστηκε.
1708 5524 1883 5578 Μῦθοι

301 5610 361 5666 δὲ
391 5611 653 5686 ληρώδεις
684 5614 789 5668 ὑπὸ
836 5615 1140 5686 μεθυόντων
1172 5617 1432 5690 γραῖδίων
1466 5619 1744 5690 πανταχοῦ
1779 5619 1884 5673 διε-

303 5700 578 5777 σώθησαν*
627 5706 710 5760 ὅτι
760 5707 1118 5778 μαγγανείαις
1163 5710 1276 5764 τισὶ
1316 5709 1415 5782 τῆς
1472 5711 1677 5776 οἰκείας
1720 5711 1882 5784 ἕδρας

301 5784 661 5867 ἀποκινεὴαι,
716 5799 811 5854 καὶ
863 5801 998 5874 πρὸς
1042 5801 1142 5872 τὴν
1188 5803 1290 5874 γῆν
1337 5803 1720 5873 καταφέρεται.
1773 5806 1880 5857 Καὶ

303 5889 457 5953 ποῖος
493 5889 559 5945 ἂν
602 5889 764 5957 τόπος
795 5890 1155 5964 καταχθεῖσαν
1195 5893 1363 5964 αὐτὴν
1417 5893 1743 5962 ὑπεδέξατο;
1786 5895 1877 5966 Μὴ

1996 4692 2145 4761 ipsas
2170 4691 2315 4748 aeris
2343 4690 2658 4748 aﬂ'ectiones
2680 4694 2831 4750 illius
2868 4709 3036 4750 causa
3061 4696 3398 4766 contingere.
3436 4695 3574 4752 Nam

1998 4779 2124 4834 luna
2140 4788 2420 4848 nascente,
2451 4782 2495 4836 si
2514 4783 2884 4852 tranquillitas
2910 4784 3226 4854 plenissima
3250 4785 3415 4842 fuerit
3440 4802 3572 4842 ven-

1996 4879 2198 4934 torum,
2221 4873 2489 4942 repentini
2519 4873 2788 4936 turbines,
2825 4876 3063 4931 nubibus
3119 4875 3296 4946 pulsis
3344 4885 3399 4930 et
3428 4875 3572 4931 inter

1995 4978 2054 5019 se
2103 4962 2544 5019 conﬂictantibus
2577 5005 2592 5028 ,
2630 4975 2830 5033 erunt;
2869 4965 3107 5036 ﬁentque
3135 4968 3190 5022 in
3238 4967 3448 5037 euripis
3493 4983 3571 5024 re-

1993 5058 2392 5129 ciprocationes
2461 5073 2726 5127 aquarum
2814 5074 3208 5129 regressusque
3277 5061 3447 5115 maris
3515 5061 3569 5116 in

1992 5148 2244 5217 Oceano;
2270 5150 2417 5220 quod
2463 5151 2510 5204 si
2565 5150 2695 5203 luna
2724 5149 3022 5205 novissima
3046 5150 3288 5219 primavc
3320 5150 3453 5206 solis
3471 5151 3565 5207 de-

1992 5241 2174 5298 fectus
2220 5241 2329 5307 ﬁet,
2376 5242 2491 5296 hare
2552 5240 2736 5295 omnia
2775 5240 3180 5302 vehementiora
3208 5243 3565 5313 contingunt;

1994 5335 2305 5391 interventu
2337 5335 2540 5406 quippe
2576 5333 2717 5388 lunae
2768 5333 2901 5390 solis
2950 5332 3089 5386 radii
3117 5333 3375 5388 occultati
3402 5334 3568 5391 hebe-

1986 5431 2193 5482 tantur.

2059 5518 2395 5575 immensum
2423 5518 2554 5590 quid
2583 5525 2670 5573 est
2698 5525 2753 5573 et
2781 5518 2897 5589 ipsa
2929 5517 3090 5581 luna;
3128 5531 3286 5586 nugae
3313 5530 3478 5570 mem
3498 5517 3565 5570 il-

1987 5614 2053 5669 ιω
2082 5622 2212 5669 sunt
2231 5614 2498 5683 planeque
2546 5612 2683 5676 line,
2714 5612 2871 5666 nobis
2900 5624 2930 5663 a
2960 5608 3273 5665 temulentis
3328 5607 3563 5664 aniculis

1990 5706 2411 5768 traditi,lunam
2469 5704 2746 5761 veneﬁciis
2790 5702 3115 5773 quibusdam
3155 5698 3378 5770 propria
3431 5698 3563 5755 sede

1989 5799 2195 5855 moveri
2228 5806 2282 5854 et
2313 5798 2368 5852 in
2393 5805 2593 5853 terram
2626 5797 2839 5863 delabi;
2873 5803 2928 5850 et
2950 5794 3201 5865 quisnam
3231 5791 3378 5845 illam
3402 5791 3560 5846 locus

1991 5892 2268 5962 delapsam
2298 5890 2608 5962 exceperit?
2634 5905 2810 5961 neque
2838 5904 2934 5958 per
2956 5897 3196 5942 errorem
3231 5882 3285 5937 in
3311 5880 3555 5936 fraudem
