4112 6414
520 433 622 490 7ἑὸ

519 548 773 611 incurrit,
801 548 976 620 neque
997 547 1145 619 quod
1171 548 1369 604 visioni
1403 564 1630 619 parvum
1674 561 1911 605 externaa
1942 551 2091 606 vide-

516 650 627 705 tur,
662 657 887 712 parvum
943 641 996 696 id
1042 656 1166 698 esse
1211 641 1473 696 indicato.
1509 640 1703 695 Nostra
1725 641 1871 696 enim
1921 642 2023 697 visi

517 747 641 785 cum
676 736 790 802 ipsa
814 748 977 803 parva
1013 734 1104 798 sit,
1133 749 1297 803 parva
1328 733 1494 787 etiam
1526 740 1581 788 et
1613 748 1676 787 ea
1711 749 1832 803 qua:
1857 733 2087 803 rernln-

517 830 627 887 tur,
662 832 722 877 ut
768 827 1056 894 epinemur
1086 840 1229 887 esse,
1289 824 1471 888 ellicit,
1523 825 1804 893 proprium
1836 824 2082 894 morﬁum

513 915 679 970 rebus
711 917 843 972 visis
875 918 1318 982 communicans;
1360 931 1595 985 namque
1626 916 1789 969 etiam
1836 916 1881 971 si
1905 915 2026 985 (ruis
2055 931 2086 970 e

518 1009 829 1063 summitate
858 1011 1121 1062 montium
1158 1023 1378 1077 campos
1403 1015 1666 1076 patentes,
1708 1014 1761 1061 et
1785 1007 1839 1061 in
1871 1008 1977 1062 illis
2011 1007 2088 1061 si-

517 1098 631 1150 mul
666 1099 830 1153 boves
863 1108 1147 1168 pascentes
1177 1099 1506 1167 despexerit,
1567 1096 1819 1153 formicas
1855 1098 1959 1152 sibi
2006 1097 2087 1150 vi-

518 1186 649 1241 dere
674 1187 964 1242 videbitur.
1002 1188 1156 1243 \‘isio
1186 1190 1329 1243 enim
1362 1203 1457 1258 per
1486 1201 1665 1241 aerem
1695 1196 2009 1251 extenuata,
2031 1194 2087 1241 et

517 1277 675 1345 quasi
718 1293 1070 1345 evanescens,
1106 1295 1194 1333 res
1239 1280 1342 1333 sibi
1371 1278 1618 1346 objectas
1649 1278 1927 1347 percipere
1976 1293 2085 1332 non

518 1369 679 1423 valet.
718 1368 913 1424 Verum
950 1373 1091 1426 luna:
1110 1386 1307 1440 corpus
1337 1373 1634 1425 maximum
1659 1385 1781 1423 csse
1812 1370 1901 1423 illa
1923 1385 2086 1439 argu-

520 1468 703 1513 mento
740 1472 888 1517 sunt.
931 1462 1191 1518 Civitates
1215 1463 1359 1517 enim
1385 1463 1440 1516 in
1473 1470 1743 1516 terrarum
1784 1461 1915 1515 orbe
1941 1462 2084 1515 mul-

518 1559 633 1604 tum
671 1552 813 1605 inter
843 1569 902 1609 se
950 1554 1217 1608 distantes
1247 1556 1513 1625 longeque
1545 1555 1827 1623 sejunctte,
1898 1555 2085 1625 strigis

518 1659 637 1713 quae
666 1642 939 1701 Orientem
966 1648 1287 1717 respiciunt,
1302 1663 1456 1717 :cque
1494 1662 1687 1702 omnes
1735 1646 1875 1700 lunae
1902 1647 2085 1701 lumen

516 1736 821 1805 excipiunt;
846 1746 899 1791 et
930 1738 1179 1794 similiter
1201 1754 1433 1795 occasus
1487 1747 1541 1792 et
1574 1738 1997 1794 meridianarum
2031 1745 2085 1794 et

519 1830 842 1885 australium
874 1832 1109 1901 partium
1133 1833 1324 1886 incola“:
1348 1840 1613 1902 spectant.

1360 430 1420 486 S.
1461 425 1906 486 EUSTATHIUS
1939 431 2420 492 ANTIOCHENUS

3647 431 3749 487 721»

2349 556 2656 627 ἐξηπάτησε
2707 556 2768 608 τὸ
2817 551 3133 623 φαινόμενον
3183 548 3257 612 ὠς
3298 546 3488 620 μικρόν
3521 565 3577 601 τι
3616 542 3756 601 εἶναι

2188 646 2554 717 νομιζόμενον.
2591 644 2777 717 Μικρὰ
2802 643 2910 715 γὰρ
2941 646 2973 714 ἡ
3017 642 3138 711 ὄψις
3166 639 3320 711 ἡμῶν
3349 639 3625 709 γινομένη,
3663 655 3754 708 μι-

2188 735 2294 806 κρὰ
2323 736 2545 805 ἐποίησε
2578 732 2889 804 νομίζεσθαι
2936 732 3030 784 καὶ
3058 732 3126 784 τὰ
3155 728 3426 801 ὁρώμενα,
3459 729 3519 781 τὸ
3558 731 3755 782 οἰκεῖον

2188 828 2358 890 πάθος
2393 830 2504 889 τοῖς
2545 828 2759 898 ὁρατοῖς
2800 824 3154 894 ἐπιφέρουσα.
3195 822 3412 893 Ὥσπερ
3431 819 3539 891 γὰρ
3584 818 3637 872 εἴ
3674 836 3756 883 τις

2187 922 2272 973 ἐπ’
2305 918 2612 990 ἀκρωρείας
2640 916 2883 969 θεάσοιτο
2912 915 3067 967 πεδία
3098 914 3189 966 καὶ
3223 912 3350 981 βόας
3387 911 3478 965 ἐπὶ
3518 911 3579 963 τὸ
3624 910 3755 965 αὐτὸ

2185 1014 2508 1083 νεμομένας,
2526 1010 2674 1080 οὐχὶ·
2698 1009 2771 1073 ὡς
2795 1010 3096 1080 μυρμήκων
3116 1005 3413 1075 φαντασίαν
3433 1006 3563 1075 ὁρᾷν
3584 1004 3748 1056 δοκεῖ·

2186 1102 2611 1173 ὲνδαπανηθεῑσα
2662 1100 2767 1171 γὰρ
2819 1098 2897 1169 τῷ
2946 1099 3066 1167 άέρι
3109 1099 3142 1167 ἡ
3177 1096 3316 1165 ὄψις,
3371 1095 3463 1148 καὶ
3511 1093 3752 1164 ἐξίτηλος

2185 1194 2472 1266 γενομένη,
2506 1192 2641 1264 πρὸς
2683 1192 2781 1262 τὴν
2812 1190 3014 1261 ἀκριϐῆ
3044 1187 3367 1256 κατανόησιν
3399 1184 3507 1238 τῶν
3540 1184 3753 1256 ὁρωμέ-

2186 1306 2290 1340 νων
2323 1288 2421 1340 ουκ
2455 1285 2690 1359 ἐξαρκεῖ.
2736 1283 2847 1337 Καὶ
2887 1284 2968 1335 ὅτι
3009 1278 3359 1352 παμμέγεθες
3389 1276 3489 1347 τῆς
3524 1274 3752 1346 σελήνης

2185 1380 2245 1432 τὺ
2276 1378 2436 1449 σῶμά
2480 1380 2614 1438 ἐστι,
2654 1375 2843 1446 μαθεῖν
2888 1377 2952 1426 ὲκ
2988 1370 3298 1443 τεκμηρίων
3342 1369 3505 1421 ἔστιν.
3537 1368 3600 1418 Δί
3643 1369 3752 1437 γάρ

2186 1473 2328 1526 κατὰ
2356 1472 2453 1543 τὴν
2484 1469 2806 1539 οἰκουμένην
2834 1466 3014 1529 πόλεις
3046 1466 3293 1518 πλεῖστον
3323 1459 3564 1530 ἀλλήλων
3598 1460 3748 1527 ἀπῳ-

2186 1563 2461 1634 κισμέναι,
2504 1564 2622 1625 ταῖς
2657 1560 2797 1613 κατὰ
2827 1560 2927 1630 τὴν
2959 1555 3222 1625 ἀνατολὴν
3249 1552 3621 1624 τετραμμέναι
3651 1553 3743 1621 ρυ-

2190 1656 2492 1726 μοτομίαις,
2524 1653 2585 1719 ἐξ
2627 1655 2741 1707 ἴσου
2772 1654 2942 1705 πᾶσαι
2982 1651 3042 1704 τὸ
3085 1648 3359 1719 σεληναῖον
3402 1645 3515 1713 φῶς
3562 1642 3751 1696 ὑποδέ-

2186 1766 2388 1819 χονται,
2421 1748 2512 1800 καὶ
2543 1746 2743 1817 ὁμοίως
2770 1745 2938 1816 αὐτὴν
2967 1745 3016 1796 oi
3042 1742 3138 1814 τὴν
3169 1741 3317 1794 δύσιν
3349 1738 3622 1800 οἰκοῦντες
3656 1736 3754 1789 καὶ

2186 1839 2253 1892 τὰ
2285 1836 2627 1908 μεσημϐρινὰ
2652 1836 2746 1889 καὶ
2776 1834 2996 1905 ἀρκτῷα
3033 1833 3170 1904 μέρη
3202 1829 3514 1903 θεωροῦσιν.

2390 432 2513 500 5κεῖ

2025 525 2349 698 ἰν(

2188 666 2244 698 νο
2254 646 2349 698 υ.ιῦ

590 1919 791 1985 Quinto
819 1933 999 1978 autem
1035 1924 1141 1987 die,
1178 1924 1318 1977 Deus
1339 1924 1489 1994 aquis
1545 1933 1603 1976 ut
1664 1925 1962 1977 animarum
2016 1925 2087 1977 vi-

2259 1907 2337 1999 Τῇ
2365 1928 2410 1981 δ’
2434 1907 2615 1999 ἡμέρα
2647 1929 2711 1997 τῇ
2742 1926 2967 1997 πέμπτῃ
2989 1920 3358 1992 προσέταξεν
3387 1922 3418 1973 ὀ
3448 1917 3590 1983 Θεὸς
3612 1916 3752 1981 ἐξα-

523 2015 747 2067 centium
782 2015 991 2082 reptilia
1034 2015 1318 2069 secundum
1361 2032 1521 2085 genus
1554 2015 1896 2084 producerent
1919 2016 2087 2085 jussit

524 2105 601 2169 “;
629 2106 919 2177 statimque
950 2123 1099 2163 mare
1126 2109 1278 2163 varia
1303 2108 1660 2161 animantium
1694 2123 1891 2177 genera
1926 2123 2088 2178 pepe-

520 2194 613 2248 rit.
642 2193 843 2250 Horum
879 2199 1123 2267 quietiam
1153 2212 1262 2252 non
1293 2198 1474 2251 minus
1505 2197 1671 2251 humo
1702 2212 1862 2267 quam
1894 2204 2088 2267 stagno

521 2295 911 2354 consuescunt,
941 2288 1108 2343 veluti
1138 2288 1290 2342 vituli
1320 2287 1534 2351 marini,
1562 2302 1700 2357 quos
1732 2295 1929 2341 vocant
1956 2287 2089 2356 pho-

522 2392 651 2444 cas;
681 2379 963 2444 crocodili,
989 2381 1113 2450 equi
1137 2379 1444 2446 lluviatiles,
1467 2395 1569 2434 nec
1598 2395 1708 2434 non
1751 2386 1804 2433 et
1838 2393 2004 2444 ranae,
2035 2387 2089 2433 et

468 2490 473 2497 κ
521 2469 731 2532 cancri,
764 2469 965 2537 quibus
1012 2469 1236 2523 natandi
1274 2484 1382 2523 non
1444 2470 1585 2524 inest
1638 2468 1907 2535 facultas;
1964 2485 2087 2523 cum

522 2559 667 2612 enim
697 2568 891 2614 natura
912 2560 966 2614 id
1012 2560 1247 2615 habeant
1290 2569 1349 2615 ut
1379 2568 1592 2630 rcpant,
1629 2559 1796 2615 ductu
1822 2576 2087 2630 aquarum

524 2649 839 2706 trahuntur.
873 2650 1128 2717 Quaedam
1165 2653 1419 2707 animalia
1469 2654 1710 2724 pariunt,
1742 2652 1910 2706 veluti
1933 2652 2087 2706 vituli

522 2741 745 2806 marini,
770 2742 1030 2813 delphini,
1059 2745 1386 2814 torpedines,
1416 2754 1471 2801 et
1494 2747 1577 2800 his
1607 2743 1823 2799 similia.
1853 2741 2087 2799 Tantum

525 2829 876 2901 Deusjussit,
904 2841 957 2889 et
978 2836 1157 2904 pisces
1179 2850 1389 2900 onmes,
1425 2837 1540 2891 sive
1588 2836 1667 2892 illi
1702 2835 1755 2889 in
1787 2834 1898 2888 alto
1930 2837 2086 2899 mari,

524 2918 640 2972 sive
669 2920 723 2972 in
750 2920 952 2984 littore,
987 2923 1101 2976 sive
1130 2924 1185 2976 in
1234 2923 1359 2978 imis
1407 2926 1675 2993 partibus,
1719 2927 1833 2982 sive
1860 2929 1915 2982 in
1941 2930 2088 2982 saxis

524 3012 788 3081 gregatim
821 3013 904 3068 vel
936 3016 1164 3085 sparsim
1180 3017 1389 3080 viVunt,
1420 3018 1533 3072 sive
1564 3018 1843 3076 immensas
1878 3021 2085 3090 magni-

523 3104 733 3159 tudinis
761 3113 900 3170 cete,
929 3107 1042 3161 sive
1073 3108 1423 3163 minutissimi
1467 3109 1795 3179 prodi-bant;
1852 3110 2086 3166 naturali

522 3195 756 3265 quadam
790 3209 915 3249 cum
967 3197 1122 3265 aquis
1153 3195 1411 3253 alﬁnitate
1444 3199 1745 3269 conjuncti.
1804 3197 2089 3268 Paulisper

521 3286 666 3338 enim
696 3284 743 3338 si
775 3284 844 3338 ab
865 3285 1023 3354 aquis
1045 3294 1390 3356 separentur,
1424 3288 1668 3358 spirandi
1706 3288 1963 3343 facultate
1991 3289 2080 3343 de-

521 3373 716 3439 stituti,
752 3374 1056 3441 intereunt;
1107 3389 1232 3429 nam
1259 3376 1651 3431 branchiarum
1681 3377 2002 3432 dilatatione
2034 3386 2088 3432 et

521 3465 895 3520 contractione
929 3466 1197 3535 recipiunt
1220 3482 1417 3538 aquam
1443 3476 1498 3522 et
1542 3470 1818 3534 emittunt,
1844 3470 2089 3523 vitalem-

521 3571 628 3625 que
658 3555 801 3610 hunc
823 3556 1066 3612 habitum
1101 3558 1372 3624 reddunt;
1409 3560 1592 3615 nullus
1626 3562 1768 3617 inter
1804 3577 1899 3616 eos
1921 3560 2088 3614 dimi-

522 3648 703 3702 diatos
756 3649 917 3702 habet
971 3650 1182 3712 dentes,
1222 3649 1319 3705 sed
1367 3667 1559 3707 omnes
1602 3653 1713 3707 illis
1764 3652 2089 3707 acuminatis

519 3736 865 3803 muniuntur,
914 3752 982 3791 ne
1037 3737 1127 3790 diu
1180 3739 1237 3791 in
1274 3739 1581 3795 mandendo
1606 3740 1869 3809 impediti,
1905 3740 2088 3794 cibum

521 3826 850 3883 diﬂluentem
902 3827 1190 3893 amittant;
1224 3843 1356 3882 sane
1388 3829 1533 3883 enim
1577 3837 1710 3883 tunc
1762 3830 1917 3885 cibus
1950 3830 2091 3884 male

522 3919 863 3992 perderetur.
902 3916 1064 3974 Solus
1088 3920 1318 3989 piscium
1349 3935 1540 3977 scarus
1564 3920 1765 3975 dicitur
1788 3922 2087 3988 ruminare,

527 4012 909 4081 alimentisque
939 4012 1083 4076 aliis,
1111 4010 1203 4065 alii
1250 4011 1353 4066 sibi
1405 4014 1791 4068 consentaneis
1839 4021 2085 4069 utuntur.

524 4101 757 4169 Quidam
787 4102 931 4157 enim
963 4104 1078 4157 luto
1096 4112 1411 4170 vescuntur,
1466 4104 1556 4158 alii
1609 4105 1750 4176 alga,
1784 4104 1876 4159 alii
1906 4105 2091 4161 herbis

524 4211 644 4265 qua:
669 4195 727 4250 in
756 4209 896 4265 aqua
946 4201 1222 4260 crescunt,
1254 4196 1475 4265 quidam
1511 4195 1674 4251 etiam
1732 4210 1854 4251 sese
1900 4207 2092 4251 mutuo

523 4287 803 4343 devorant.

595 4380 807 4437 Habent
859 4383 985 4437 item
1015 4389 1071 4437 et
1100 4395 1228 4437 suas
1283 4381 1665 4451 praprietates.
1700 4378 1864 4433 Serra
1913 4379 2081 4450 piscis

525 4476 640 4531 alas
674 4475 839 4530 habet
856 4475 1116 4544 oblongas
1138 4515 1153 4538 ,
1177 4474 1225 4528 si
1263 4489 1452 4529 navem
1477 4472 1735 4529 secundis
1765 4475 1943 4529 ventis
1973 4488 2094 4527 cur-

2187 2019 2389 2091 γαγεῖν
2416 2020 2487 2073 τὰ
2525 2019 2715 2071 ὕδατα
2748 2014 2966 2085 ἑρπετὰ
3002 2008 3216 2082 ψυχῶν
3247 2008 3447 2072 ζωσῶν
3487 2009 3633 2062 κατὰ
3659 2005 3755 2077 γέ-

2186 2129 2311 2180 νος’
2343 2113 2437 2166 καὶ
2465 2110 2663 2173 εὐθέως
2694 2110 2729 2179 ἡ
2765 2109 2863 2180 μὲν
2892 2107 3135 2161 θάλασσα
3167 2107 3392 2157 παντοῖα
3426 2101 3577 2167 ζώων
3619 2101 3750 2171 γένη

2185 2204 2413 2275 διάφορα
2456 2202 2753 2272 ἀπεκύησε.
2795 2199 2915 2252 Τῶν
2952 2199 3061 2269 γὰρ
3110 2197 3331 2249 ἐναλίων
3357 2193 3424 2247 τὰ
3465 2193 3563 2265 μέν
3606 2195 3752 2245 ἐστιν

2187 2295 2442 2366 ἀμφίϐια,
2471 2290 2580 2347 οἷον
2623 2292 2821 2361 φῶκαι.
2863 2290 2956 2344 καὶ
2987 2286 3335 2358 κροκόδειλοι,
3368 2283 3460 2337 καί
3501 2283 3550 2335 οἱ
3584 2297 3753 2335 ποτα-

2190 2391 2357 2460 μιαῖοι
2380 2387 2556 2448 ἵπποι,
2587 2383 2665 2437 ἔτι
2700 2382 2756 2436 δὲ
2784 2383 2831 2434 οἰ
2873 2380 3153 2452 βάτραχοι,
3190 2378 3282 2430 καὶ⁹
3309 2370 3359 2430 οἰ
3389 2374 3655 2446 καρκῖνοι,
3689 2370 3749 2425 οὗ

2191 2482 2370 2552 μέντοι
2414 2478 2475 2531 τὸ
2513 2474 2765 2547 νηκτικδν
2799 2473 3001 2543 ἔχουσι·
3050 2466 3351 2541 ἐρπυστικὰ
3397 2464 3503 2537 γάρ
3539 2462 3654 2519 ἐστι
3686 2466 3752 2534 τῇ

2188 2572 2367 2643 φύσει,
2398 2569 2475 2640 τῷ
2520 2569 2763 2639 ἡγήματι
2807 2562 2899 2618 τοῦ
2933 2562 3121 2624 ὕδατος
3162 2559 3562 2630 ὲπισυρόμενα·
3598 2557 3665 2609 τά
3693 2554 3751 2609 δὲ

2188 2663 2448 2729 ζωοτὸκα,
2490 2655 2599 2713 οἷον
2639 2658 2839 2728 φῶκαι,
2871 2656 2965 2708 καὶ
2991 2653 3251 2722 δελφῖνες,
3286 2651 3380 2705 καὶ
3413 2651 3629 2720 νάρκαι,
3658 2648 3753 2701 καὶ

2187 2758 2255 2812 τὰ
2277 2759 2433 2827 ὃμοια
2462 2754 2661 2816 αὐτοῖς.
2693 2751 2865 2806 Μόνον
2894 2750 2952 2803 δὲ
2986 2747 3311 2819 προσέταξεν
3342 2745 3370 2797 ὁ
3392 2743 3543 2806 Θεὸς,
3570 2741 3662 2795 καὶ
3685 2739 3753 2793 τὰ

2188 2849 2439 2917 πελάγια,
2486 2846 2580 2899 καὶ
2609 2844 2675 2897 τά
2718 2841 3033 2912 αἰγιαλώδη,
3060 2839 3129 2892 τὰ
3157 2838 3336 2908 βύθια,
3378 2836 3447 2889 τά
3477 2831 3749 2905 πετρώδη,

2184 2944 2254 2997 τὰ
2272 2941 2518 3011 ἀγελαῖα,
2547 2939 2614 2991 τὰ
2637 2934 3041 3009 σποραδικὰ,τὰ
3071 2933 3235 3003 κήτη,
3261 2931 3327 2984 τὰ
3356 2928 3653 3000 ὑπέρογκα,
3683 2925 3757 2979 τὰ

2184 3034 2483 3087 λεπτότατα
2527 3030 2635 3084 τῶν
2682 3028 2877 3099 ἰχθύων
2919 3026 3116 3096 προΐει,
3169 3022 3486 3091 συγγένειαν
3521 3018 3653 3089 πρὸς
3692 3017 3756 3070 τὸ

2187 3125 2330 3197 ὕδωρ
2357 3121 2589 3194 φυσικὴν
2622 3121 2831 3191 ἔχοντα.
2857 3116 3067 3190 Μικρὸν
3097 3116 3206 3187 γὰρ
3236 3117 3283 3168 εἰ
3308 3114 3400 3167 τοῦ
3430 3112 3616 3175 ὕδατος
3642 3129 3753 3180 χω-

2113 3258 2157 3313 C
2192 3217 2371 3290 ρισθῇ,
2402 3215 2475 3287 μὴ
2503 3213 2691 3285 ἔχοντα
2717 3209 3009 3280 ἀναπνοὴν,
3036 3207 3424 3313 διαφθείρεταιο
3450 3204 3621 3313 ὴδγὰρ
3645 3201 3759 3313 τῶν

2192 3308 2467 3380 βραγχίων
2495 3308 2674 3368 αὐτοῖς
2715 3302 2984 3372 διαστολὴ,
3018 3301 3114 3354 καὶ
3155 3297 3460 3364 ὲπίπτυξις,
3488 3295 3752 3367 δεχομένη

2187 3400 2248 3453 τὸ
2281 3399 2443 3469 ὕδωρ,
2487 3398 2579 3451 καὶ
2643 3396 2857 3458 διιεῖσα,
2889 3392 3091 3464 ταύτην
3121 3391 3218 3462 τὴν
3245 3389 3515 3458 ἀναπνοὴν
3560 3388 3755 3458 κέκτηα

2187 3509 2297 3546 ται.
2333 3490 2495 3543 Οὐδὲν
2519 3488 2648 3561 παρ’
2676 3489 2856 3550 αὐτοῖς
2879 3485 2936 3552 ἐξ
2959 3484 3209 3555 ἡμισείας
3234 3481 3489 3553 ἔχειτοῦς
3513 3479 3753 3541 ὀδόντας,

2187 3581 2325 3636 ἀλλὰ
2364 3580 2540 3635 πάντα
2571 3578 2779 3632 ὀδοῦσιν
2806 3577 2950 3644 ὀξέσι
2979 3574 3493 3634 καταπεπύκνωται,
3529 3569 3664 3641 πρὸς
3694 3568 3757 3621 τὸ

2193 3673 2267 3745 μὴ
2295 3672 2563 3743 διαρῤέειν
2590 3672 2655 3741 τῇ
2684 3652 2871 3740 χρονίᾳ
2903 3668 3137 3737 μασήσει
3155 3664 3251 3734 τὴν
3274 3664 3499 3734 τροφήν.
3528 3658 3760 3730 Ἔμελλε

2189 3764 2298 3836 γὰρ
2346 3766 2403 3817 ὲν
2455 3765 2519 3834 τῇ
2569 3762 2740 3832 λεπτῇ
2800 3762 3029 3831 μασήσει
3070 3753 3475 3827 διαφθείρεσθαι
3519 3752 3622 3805 ὑπὸ
3657 3751 3757 3805 τοῦ

2191 3856 2399 3920 ὓδατος.
2442 3853 2748 3926 Μηρυκίξει
2803 3852 2859 3905 δὲ
2884 3836 3036 3905 οὐδέν
3065 3849 3190 3903 ἄλλο
3221 3849 3350 3919 παρ’
3373 3847 3554 3909 αὐτοῖς
3581 3847 3629 3897 εἰ
3675 3844 3753 3914 μὴ

2189 3950 2217 4001 ὁ
2246 3946 2465 4017 σκάρος.
2502 3944 2657 3997 Ἔστι
2685 3942 2741 3996 δὲ
2775 3942 2868 3996 καὶ
2895 3943 2929 4013 ἡ
2971 3939 3146 4012 τροφὴ
3181 3937 3311 4007 άλλη
3353 3934 3529 3998 ἄλλοις
3553 3932 3758 3988 κατάλ-

2189 4039 2368 4110 ληλος.
2394 4041 2458 4092 Οἱ
2490 4039 2588 4109 μὲν
2617 4036 2726 4107 γὰρ
2757 4035 2860 4089 ἰλύῖ
2877 4035 3190 4107 τρέφονται,
3218 4032 3266 4084 οἰ
3298 4030 3355 4083 δὲ
3380 4031 3492 4091 τοῖς
3521 4027 3757 4096 φυκίοις,

2190 4135 2337 4190 ἄλλοι
2367 4135 2488 4196 ταῖς
2518 4132 2764 4203 βοτάναις
2786 4133 2904 4194 ταῖς
2926 4128 3285 4201 τρεφομέναις
3316 4125 3394 4198 τῷ
3426 4124 3608 4178 ὓδατιο
3640 4121 3759 4174 ἓτε-

2195 4245 2276 4299 ροι
2300 4227 2356 4280 δέ
2384 4228 2519 4280 εἰσιν
2549 4224 2929 4296 ἀλληλοφάγοι.

2266 4385 2421 4437 Ἐστι
2449 4382 2505 4436 δὲ
2534 4378 2713 4436 αὐτῶν
2752 4378 2845 4433 καὶ
2887 4379 3118 4448 διάφορα
3158 4375 3437 4448 ἰδιώματα.
3481 4375 3542 4427 Ὃ
3583 4370 3760 4443 πριὼν

2193 4478 2467 4548 πτέρυγας
2494 4476 2606 4547 ἔχει
2637 4475 2868 4546 μακράς·
2897 4472 2990 4525 καὶ
3015 4469 3346 4540 θεασάμενος
3374 4466 3555 4519 πλοῖον
3584 4465 3761 4534 οὐριο-

524 4582 646 4625 sum
668 4574 941 4622 tenentem
974 4581 1133 4621 suum
1165 4566 1381 4626 viderit.
1407 4566 1511 4620 alis
1530 4565 1585 4619 in
1609 4566 1778 4620 altum
1826 4566 2087 4630 extensis,

2191 4567 2446 4640 δρομοῦν,
2499 4568 2593 4621 καὶ
2638 4562 2799 4630 αὐτὸς
2838 4562 3059 4633 ὑψὼσας
3099 4558 3289 4614 ἑαυτοῦ
3324 4558 3421 4620 τὰς
3459 4555 3759 4626 πτέρυγας,

523 4657 680 4717 navis
700 4656 883 4713 varios
906 4655 1257 4727 ingrediendo
1289 4663 1469 4711 motus
1501 4663 1664 4725 atque
1688 4655 1887 4726 ﬁguras
1910 4657 2087 4710 imita-

522 4756 636 4811 tur,
665 4756 720 4803 et
746 4763 870 4802 cum
907 4748 1040 4817 ipsis
1067 4747 1450 4817 navigantibus
1478 4748 1546 4803 de
1565 4762 1729 4801 cursu
1760 4756 1960 4811 certat;
1993 4748 2087 4817 qui

525 4842 618 4897 ubi
649 4841 1010 4913 quadraginta
1059 4840 1361 4897 stadiorum
1394 4840 1629 4911 spatium
1661 4840 1979 4910 expleverit,
2016 4841 2090 4893 la-

524 4934 656 4989 bore
680 4932 959 5003 fatigatus,
984 4933 1085 4988 alis
1126 4932 1389 4996 dimissis,
1438 4947 1651 4987 summa
1700 4947 1840 5002 aqua
1867 4940 2084 4999 natans,

520 5024 578 5082 in
615 5024 894 5096 proprium
920 5024 1098 5078 locum
1131 5031 1277 5078 retro
1303 5033 1457 5079 actus
1488 5023 1730 5094 appellit.

594 5115 808 5171 Balmna
850 5130 1013 5185 quam
1042 5114 1533 5183 Aspidochelonam
1587 5114 1808 5185 quidam
1870 5114 2081 5174 dicunt.

522 5208 583 5263 in
611 5207 928 5263 immensam
964 5206 1387 5277 magnitudinem
1421 5207 1704 5270 adolescit,
1736 5208 1809 5259 ita
1843 5214 1903 5260 ut
1934 5208 2090 5260 navi-

523 5300 778 5371 gantibus
825 5301 1060 5369 speciem
1095 5299 1332 5370 ingentis
1365 5299 1558 5354 insula:
1580 5307 1956 5369 repraesentet.
2009 5298 2086 5352 Ex

519 5390 790 5464 profundo
816 5406 1049 5462 namque
1078 5406 1362 5461 emergens
1402 5392 1603 5445 eminet
1637 5390 1800 5445 dorso
1857 5390 2086 5444 multum

521 5501 687 5555 supra
714 5500 905 5555 aquas,
932 5483 1076 5554 quod
1105 5482 1259 5538 duris
1297 5484 1614 5554 asperisque
1643 5482 1791 5537 saxis
1830 5482 2088 5536 vestitum

520 5577 767 5642 videtur;
805 5582 859 5631 et
908 5576 963 5629 in
1000 5591 1066 5631 eo
1098 5574 1218 5630 lixis
1264 5575 1403 5644 palis
1450 5588 1618 5628 naves
1665 5574 1910 5644 alligant,
1967 5587 2089 5642 qua:

524 5667 705 5721 statim
729 5668 783 5721 in
812 5682 1011 5738 aquam
1039 5673 1345 5737 emergunt,
1369 5681 1493 5723 cum
1514 5665 1720 5719 balaena
1752 5664 2090 5735 apricatione

522 5757 811 5811 incaluerit
837 5773 1004 5827 seque
1051 5757 1105 5814 in
1135 5758 1465 5828 profundum
1501 5757 1867 5816 immerserit:
1928 5756 2091 5813 habet

599 5851 641 5885 “
673 5848 800 5907 Gen.
838 5869 878 5920 ι,
913 5852 998 5909 ιδ.

2198 4663 2441 4733 μιμεῖται
2488 4660 2587 4729 τῆς
2632 4659 2757 4729 νηὸς
2797 4657 2864 4711 τὰ
2908 4657 3161 4727 σχήματα
3198 4653 3300 4722 τῆς
3338 4651 3621 4721 κινήσεως,
3666 4646 3765 4699 καὶ

2194 4751 2362 4824 ἐρίζει
2389 4753 2501 4813 τοῖς
2545 4748 2782 4801 πλέουσι.
2814 4748 3053 4815 Ποιήσας
3078 4739 3171 4797 οὖν
3216 4738 3460 4803 σταδίους
3488 4736 3761 4808 τεσσαρά-

2194 4860 2378 4905 κοντα,
2415 4841 2508 4895 καὶ
2541 4840 2828 4903 κοπιάσας,
2866 4837 3115 4908 καθίησιν
3143 4833 3306 4888 αὐτοῦ
3334 4833 3429 4895 τὰς
3463 4830 3758 4899 πτέρυγας,

2194 4937 2287 4990 καὶ
2334 4935 2556 5008 φέρεται
2603 4933 2709 4987 ὑπὸ
2746 4932 2861 4986 τῶν
2907 4930 3165 5002 κυμάτων
3208 4930 3287 4991 εἰς
3326 4926 3417 4979 τὸν
3461 4920 3623 4976 τόπον
3668 4919 3762 4971 τὸν

2194 5030 2343 5084 ἴδιον.

2263 5118 2335 5171 Τὸ
2367 5117 2421 5171 δὲ
2453 5117 2616 5189 κῆτος
2648 5114 2887 5170 καλεῖται
2914 5112 3012 5181 μὲν
3037 5104 3460 5180 Ἀσπιδοχελώνη
3490 5105 3639 5177 παρά
3677 5122 3765 5157 τι-

2192 5229 2305 5266 σιν”
2345 5210 2461 5263 ἔστι
2494 5210 2550 5262 δὲ
2582 5211 2647 5280 τῇ
2681 5208 2840 5277 φύσει
2879 5202 3419 5276 παμμεγεθέστατον,
3456 5198 3532 5262 ὡς
3567 5197 3765 5252 πολλά-

2191 5322 2279 5367 κις
2319 5307 2432 5369 τοῖς
2478 5300 2911 5371 ναυτιλλομένοις
2960 5300 3123 5369 νήσου
3178 5294 3419 5367 μεγάλης
3468 5294 3766 5362 φαντασίαν

2191 5397 2507 5466 ἐμποιῆσαι.
2558 5394 2939 5456 Ἀναδύσαντος
2982 5391 3091 5463 γὰρ
3132 5388 3293 5443 αὐτοῦ
3336 5392 3401 5442 ὲκ
3439 5387 3532 5441 τοῦ
3577 5383 3766 5456 βυθοῦ,

2196 5483 2269 5547 ὡς
2295 5483 2431 5537 λίθοι
2450 5487 2671 5556 τραχεῖς
2692 5483 2753 5537 τὸ
2779 5483 2935 5553 σῶμα
2961 5481 3124 5535 αὐτοῦ
3151 5478 3489 5549 ὲκφαίνεται,
3516 5476 3607 5529 καὶ
3638 5490 3767 5543 περι

2198 5576 2328 5629 αὐτὸ
2371 5576 2573 5640 πάλους
2613 5573 3055 5643 καταπηγνύντες
3085 5569 3405 5641 ὲκδεσμοῦσι
3438 5568 3506 5621 τὰ
3557 5565 3766 5634 σκάφη,

2199 5666 2350 5719 ἅτινα
2407 5667 2743 5739 παραχρῆμα
2793 5662 3084 5734 βυθίζεται,
3127 5661 3220 5715 τοῦ
3271 5661 3468 5731 κήτους
3524 5654 3629 5708 ὑπὸ
3670 5651 3765 5705 τοῦ

2205 5756 2356 5826 ἡλίου
2378 5755 2878 5828 διαθερμανθέντος,
2911 5755 3002 5808 καὶ
3022 5755 3101 5815 εἰς
3125 5752 3213 5806 τὸν
3244 5748 3403 5820 βυθὸν
3424 5741 3762 5800 καταδύσαν-
