4112 6404
406 346 510 405 ’125

1317 348 1590 405 SPURIA.
1626 378 1695 389 —
1735 346 2092 405 COMMENT.
2131 348 2197 402 IN
2233 348 2732 408 HEXAEMERON.

3546 358 3651 414 726

401 487 528 535 τος·
568 470 682 543 ἔχει
710 471 767 524 δὲ
806 470 958 537 αὐτὸ,
1007 472 1101 526 καὶ
1130 470 1289 542 φύσει
1360 472 1582 544 βαρεῖαν
1619 472 1822 543 φωνὴν,
1881 472 1975 525 καὶ

2094 479 2133 525 ιι
2156 486 2343 527 vocem
2365 485 2608 542 gravem,
2638 479 2693 526 et
2736 469 2878 526 fame
2917 487 2980 527 os
3012 474 3206 543 aperit,
3239 474 3658 532 suavissimum-

403 563 669 633 πινῆσαν
733 565 968 633 ἀνοίγειν
1008 566 1070 618 τὸ
1124 564 1329 635 στόμα,
1393 565 1487 618 καὶ
1545 563 1826 636 ἀποφορὰν
1883 565 1977 616 ὲκ-

403 658 647 728 πέμπειν
694 658 1088 729 εύωδεστάτην,
1136 657 1275 712 ὥστε
1329 658 1454 722 τοὺς
1512 658 1740 729 μικροὺς
1792 656 1980 727 ἰχθύας

401 750 754 819 ἀφέλκεσθαι,
805 751 897 803 καὶ
938 753 1017 815 εἰς
1058 751 1118 804 τὸ
1163 751 1338 820 στόμα
1390 750 1585 813 αὐτοὺς
1631 750 1786 813 ὅλους
1816 748 1977 802 αὐτοῦ

402 840 868 905 ὲπιστιὸάζεσθαι.
898 844 1158 895 Κατοικεῑ
1185 842 1241 895 δὲ
1283 841 1439 894 τοῦτο
1470 842 1540 896 τὰ
1577 840 1859 895 Ἀτλάντια
1885 857 1981 893 πε-

399 932 540 1005 λάγη
573 933 660 987 διὰ
684 933 746 987 τὸ
780 936 1027 1005 μέγεθος.

474 1025 566 1097 Τῷ
603 1026 661 1080 δὲ
701 1027 945 1098 καρκίνῳ
975 1030 1007 1098 ἡ
1051 1027 1186 1099 σὰρξ
1226 1027 1320 1081 τοῦ
1362 1027 1583 1097 ὀστρέου
1619 1026 1767 1079 ἐστὶν
1799 1022 1982 1079 ἐδώδι-

405 1133 527 1188 μος,
554 1118 650 1171 καὶ
682 1117 755 1188 μὴ
791 1117 989 1188 ίσχύων
1023 1117 1230 1184 ἀνοῖξαι
1274 1116 1382 1171 τῶν
1422 1118 1637 1187 κόγχων
1676 1115 1839 1170 αὑτοῦ
1882 1116 1981 1187 τὴν

404 1206 734 1277 σύμπτυξιν,
778 1208 1027 1279 ἐπιτηρεῖ
1073 1207 1170 1271 τὰς
1221 1206 1432 1278 πτυχὰς
1478 1206 1642 1259 αὐτοῦ
1695 1205 1982 1270 ἀνοίξαντα

402 1299 464 1352 ὲν
509 1301 620 1362 τοῖς
662 1299 964 1370 ἀπηνέμοις
1006 1300 1212 1362 τόποις,
1253 1299 1348 1352 καὶ
1388 1301 1452 1369 τῇ
1501 1299 1643 1370 αὐγῇ
1688 1297 1780 1351 τοῦ
1831 1298 1982 1369 ἡλίου

400 1392 757 1461 τερπόμενον,
796 1392 889 1444 καὶ
929 1387 1108 1444 λαϐὼν
1146 1389 1354 1460 ψηφῖδα
1396 1387 1637 1460 ἐντίθησι
1688 1386 1980 1458 λαθραίως,

403 1486 500 1537 καὶ
527 1483 727 1537 κωλύει
755 1482 853 1554 τὴν
910 1482 1233 1555 σύμπτυξιν,
1276 1483 1373 1536 καὶ
1420 1481 1562 1535 οὕτω
1618 1480 1817 1557 ῥᾳδίως
1854 1480 1985 1536 αὐτὸ

403 1576 713 1631 κατέδεται.

487 1670 545 1722 Ὅ
568 1670 629 1723 δὲ
668 1672 843 1740 ἐχῖνος
900 1668 1264 1742 προγινώσκει
1292 1668 1388 1722 τοῦ
1432 1664 1698 1739 χειμῶνος
1726 1665 1822 1737 τὴν
1864 1664 1987 1735 ἐφο-

403 1759 514 1825 δον,
549 1762 644 1814 καὶ
664 1760 871 1833 ψηφῖδα
897 1762 1191 1834 ὑπέρχεται
1215 1761 1351 1835 πρὸς
1371 1760 1433 1813 τὸ
1461 1758 1535 1831 μὴ
1558 1758 1663 1811 ὑπὸ
1688 1757 1789 1828 τῆς
1813 1759 1985 1829 φορᾶς

404 1852 512 1906 τῶν
540 1853 798 1925 κυμάτων
832 1855 994 1909 αὑτὸν
1022 1852 1400 1926 περιάγεσθαι.

487 1942 546 1998 '0
589 1945 648 1999 δὲ
695 1946 989 2012 πολύπους,
1039 1946 1425 2019 προσπελάσας
1458 1944 1633 2016 πέτρᾳ
1677 1944 1804 2006 τινὶ,
1851 1944 1983 2015 ὁμό-

405 2054 562 2107 χροος
596 2039 733 2111 αὐτῇ
781 2039 1109 2111 καθέστηκε,
1159 2039 1255 2093 καὶ
1282 2041 1411 2103 τοὺς
1441 2039 1762 2107 ὲγγίζοντας
1795 2038 1982 2109 ἰχθύας

404 2130 471 2201 τῇ
506 2129 682 2202 πέτρᾳ
709 2131 1012 2185 κατέδεται.

473 2220 816 2293 Μικρότατον
856 2222 911 2276 δὲ
958 2225 1025 2293 τῇ
1064 2220 1221 2292 φύσει
1255 2224 1288 2294 ἡ
1334 2220 1544 2292 ὲχενηῒς
1576 2220 1853 2292 τυγχάνει,
1889 2221 1982 2275 καὶ

406 2313 474 2368 τά
507 2314 739 2387 μέγιστα
765 2315 874 2369 τῶν
903 2315 1103 2369 πλοίων
1130 2315 1188 2382 ἐξ
1228 2315 1415 2386 οὐρίας
1447 2314 1721 2387 φερόμενα
1748 2315 1980 2385 ἵστησιν,

405 2405 543 2461 ὥστε
572 2407 746 2460 δοκεῖν
769 2407 830 2461 τὸ
860 2406 1040 2461 πλοῖον
1073 2406 1390 2479 ὲρηρεῑσθαι
1418 2408 1498 2470 είς
1527 2406 1587 2459 τὸ
1618 2406 1871 2475 πέλαγος.

478 2497 670 2570 ’Ὑδρις
710 2497 769 2551 δὲ
818 2496 964 2552 ἔστιν
1004 2500 1061 2551 ἐν
1097 2497 1175 2569 τῷ
1227 2496 1478 2569 ποταμῷ,
1528 2497 1742 2569 μορφὴν
1787 2496 1982 2568 ἔχουσα

409 2591 600 2657 κυνὸς,
649 2591 772 2661 ἣτις
815 2588 911 2643 τοῦ
960 2590 1302 2662 κροκοδείλου
1348 2590 1516 2662 ἐχθρὰ
1564 2590 1840 2659 τυγχάνει,
1890 2591 1983 2643 καὶ

404 2681 618 2752 ἀναιρεῖ
646 2680 835 2733 τοῦτον
880 2679 1229 2736 καθεύδοντα.
1276 2681 1349 2734 Τὸ
1397 2680 1506 2752 γὰρ
1558 2679 1735 2752 στόμα
1782 2680 1981 2735 ἑαυτοῦ

404 2771 674 2838 διανοίξας
724 2775 752 2826 ό
798 2773 1137 2844 κροκόδειλος
1178 2774 1459 2827 καθεύδει·
1506 2773 1601 2827 καὶ
1632 2774 1665 2844 ἡ
1700 2773 1868 2845 ὖδρις,
1903 2776 1982 2839 εἰς

407 2862 576 2934 πηλὸν
619 2863 815 2935 ἑαυτὴν
864 2863 1222 2931 ὲγκωλύσασα
1275 2864 1339 2937 [Ῑ.
1395 2863 1772 2937 ὲγκυλίσασα],
1809 2866 1891 2929 είς
1922 2867 1984 2919 τὸ

407 2954 586 3025 στόμα
625 2953 788 3007 αύτοῦ
846 2955 1097 3026 είσπηδᾷ,
1155 2955 1248 3008 καὶ
1293 2955 1469 3008 πάντα
1504 2952 1573 3007 τά
1628 2954 1777 3017 ἐντὸς
1816 2954 1982 3010 αὐτοῦ

406 3046 768 3101 κατεσθίουσα
804 3048 1017 3119 ἀναιρεί
1046 3047 1228 3101 αὐτόν.

482 3138 637 3195 Ἐστι
667 3136 724 3189 δὲ
755 3138 783 3190 ό
806 3136 1145 3208 κροκόδειλος
1179 3136 1364 3208 θηρίον
1395 3136 1529 3208 ὁμοῦ
1560 3138 1652 3190 καὶ
1683 3136 1853 3208 ἰχθὺς,
1890 3138 1985 3191 καὶ

412 3188 698 3303 “an...
730 3188 1143 3300 κέφὲιλήςάχρῖ
1177 3188 1361 3300 alii,
1391 3188 1452 3281 oi
1477 3188 1986 3299 egestate;
2014 3188 2060 3251 C

408 3341 500 3389 τος
528 3320 622 3375 τοῦ
657 3321 919 3391 μεγέθους
956 3321 1236 3389 ἀνάλογον.
1281 3321 1347 3373 Ἡ
1377 3321 1435 3374 δὲ
1475 3321 1608 3393 δορὰ
1641 3320 1804 3376 αὐτοῦ
1832 3321 1993 3384 λεπὶς

405 3406 666 3483 τυγχάνει
696 3412 853 3485 ῥυτὴ,
888 3414 982 3465 καὶ¹
1013 3416 1047 3484 ἡ
1077 3412 1235 3484 χροιά
1273 3413 1365 3466 τοῦ
1408 3411 1576 3466 νώτου
1608 3412 1771 3467 αὐτοῦ
1812 3413 1989 3486 πέτρᾳ

414 3504 641 3575 μελαίνῃ
674 3502 869 3567 ἔοικεν,
911 3504 944 3574 ή
985 3502 1041 3554 δὲ
1070 3502 1283 3574 γαστὴρ
1324 3502 1512 3575 λευκῇ.
1542 3503 1707 3567 Πὸδες
1740 3502 1798 3556 δὲ
1822 3503 1988 3557 αὐτοῦ

410 3596 519 3648 sisi.
558 3594 839 3667 τέσσαρες,
890 3596 969 3657 εἰς
1016 3592 1077 3646 τὺ
1118 3593 1344 3662 πλάγιον
1386 3594 1567 3666 ἡρέμα
1609 3596 1986 3667 κυρτούμενοι·

408 3679 595 3744 καθὼς
625 3682 728 3753 τῆς
755 3681 1013 3753 χερσαίας
1044 3681 1305 3753 χελώνης,
1337 3681 1475 3753 ούρά
1522 3684 1712 3755 μακρὰ
1751 3686 1846 3739 καὶ
1885 3703 1993 3739 πα-

410 3777 553 3847 χεῖα’
594 3775 694 3846 τῆς
741 3775 950 3845 ῥάχεως
1000 3775 1108 3847 γάρ
1149 3777 1296 3830 ἐστιν
1343 3776 1463 3841 ἑνὸς
1503 3778 1693 3832 ὀστέου
1739 3781 1988 3853 τελευτή.

427 3867 781 3939 Ἐντέτμηται
820 3867 879 3920 δὲ
909 3866 1113 3922 ἄνωθεν
1146 3870 1227 3932 εἰς
1265 3869 1528 3935 ἀκάνθας,
1563 3871 1658 3924 καὶ
1686 3873 1825 3925 είσὶν
1857 3871 1992 3926 ὡσεὶ

411 3961 522 4016 τῶν
547 3963 783 4034 πριόνων
808 3964 1003 4035 ἀκμαὶ,
1033 3966 1126 4023 καὶ
1152 3962 1343 4015 τύπτει
1378 3964 1435 4015 ὲν
1463 3963 1599 4036 αὐτῇ
1630 3964 1767 4036 πρὸς
1795 3962 1889 4028 οὓς
1926 3963 1992 4018 ἂν

414 4054 637 4129 παλαίῃ.
670 4056 786 4109 Μία
817 4054 874 4108 δὲ
908 4055 1070 4110 αὐτοῦ
1098 4056 1214 4108 ἐστὶ
1248 4055 1456 4128 κεφαλὴ
1491 4058 1605 4120 τοῖς
1649 4055 1842 4121 νώτοις
1870 4073 1993 4110 συν-

416 4150 772 4222 υφαινομένη,
820 4149 914 4203 καὶ
952 4151 1031 4214 είς
1074 4149 1203 4223 ,μίαν
1246 4148 1533 4221 ίθυνομὲνη
1582 4150 1849 4222 στάθμηνο
1899 4151 1996 4204 καὶ

419 4243 504 4313 ἐφ’
526 4242 649 4297 ὅσον
677 4243 737 4295 ού
768 4241 985 4312 κέχηνε,
1014 4240 1205 4312 θηρίου
1233 4241 1349 4294 ἐστὶ
1369 4241 1601 4314 κεφαλή·
1634 4241 1729 4295 ἐὰν
1750 4240 1807 4294 δὲ
1832 4241 1991 4315 χάνῃ,

415 4335 539 4391 ὅλον
584 4334 760 4405 στόμα
814 4334 1048 4403 γίνεται,
1101 4332 1265 4406 μέχρι
1314 4334 1425 4390 τῶν
1471 4332 1639 4405 ὤμων
1690 4333 1750 4386 τὸ
1808 4333 1994 4405 χάσμα

420 4445 668 4483 ποιουσα.

2082 580 2188 635 quo
2226 563 2448 620 odorem
2505 565 2736 631 emittit;
2773 564 2850 620 ita
2879 573 2938 619 ut
2988 565 3258 635 pisciculi,
3309 567 3454 623 illius
3487 568 3656 624 odore

2082 657 2252 719 ducti,
2305 672 2500 711 onmes
2549 656 2714 711 simul
2766 656 2822 711 in
2853 656 2973 726 ejus
3019 672 3115 711 ore
3164 660 3656 729 constipentur;et

2084 755 2310 819 pr0pter
2342 748 2668 804 immensam
2710 748 2906 803 molem
2944 747 3275 803 Atlanticum
3321 765 3472 805 mare
3502 750 3657 805 inco-

2083 838 2164 892 lit.

2157 1038 2358 1094 Cancri
2416 1046 2724 1095 ostrearum
2780 1040 3002 1094 aluntur
3044 1041 3323 1105 carnibus,
3367 1042 3481 1111 qui,
3533 1057 3655 1096 cum

2084 1145 2274 1184 earum
2305 1138 2479 1186 testas
2505 1131 2658 1187 ﬁrme
2691 1140 3008 1187 contractas
3044 1133 3258 1203 aperire
3287 1148 3395 1187 non
3416 1134 3655 1199 valeant,

2084 1225 2141 1279 in
2167 1239 2354 1279 earum
2381 1225 2556 1295 plicas
2596 1226 2650 1279 in
2688 1225 2825 1281 locis
2851 1225 3080 1295 placidis
3108 1236 3162 1281 et
3192 1227 3324 1283 solis
3356 1227 3526 1283 radiis
3564 1242 3660 1297 pa-

2087 1324 2285 1380 tentes,
2319 1316 2591 1371 calculum
2627 1325 2906 1387 arreptum
2931 1317 3069 1371 clam
3115 1318 3424 1388 imponunt,
3459 1332 3662 1389 easque

2087 1408 2291 1464 frustra
2326 1424 2385 1464 se
2418 1408 2744 1465 contrahere
2777 1414 3050 1466 tentantes
3080 1410 3391 1466 comedunt.

2160 1668 2357 1724 Echini
2409 1671 2675 1727 saevitiam
2728 1673 2898 1729 maris
2951 1673 3303 1745 prmsagiunt,
3336 1675 3660 1748 lapillosque

2088 1761 2327 1817 subeunt
2377 1763 2542 1831 aliixi,
2593 1779 2665 1819 ne
2711 1778 2979 1836 aquarum
3035 1765 3373 1822 volutatione
3429 1768 3660 1824 mobiles

2017 1826 2058 1881 Β
2091 1849 2221 1905 hinc
2240 1851 2367 1907 inde
2401 1826 2706 1908 trahantur.

2160 1941 2399 2015 Polypus
2433 1944 2503 1999 ad
2528 1946 2943 2001 similitudinem
2975 1946 3081 2003 loci
3110 1963 3272 2018 quem
3303 1948 3518 2020 attingit
3564 1963 3660 2005 co-

2088 2037 2259 2093 lorem
2294 2045 2488 2107 mutat,
2542 2038 2974 2111 adnatantesque
3016 2041 3310 2111 pisciculos
3350 2040 3418 2096 ad
3450 2050 3658 2112 petram

2088 2140 2341 2187 venatur.

2161 2222 2257 2279 Est
2292 2238 2495 2295 parvus
2525 2223 2817 2278 admodum
2851 2223 3019 2294 piscis
3048 2224 3302 2279 echeneis
3332 2223 3657 2295 appellatus,

2090 2314 2339 2387 ingentes
2359 2330 2528 2371 naves
2556 2316 2744 2388 plenas
2778 2316 2955 2371 ventis
2985 2315 3269 2372 adhaerens
3290 2325 3557 2381 moratur,
3585 2316 3660 2370 ita

2090 2418 2150 2463 ut
2179 2408 2488 2465 immobiles
2508 2417 2654 2464 stare
2671 2408 2980 2463 videantur.

2162 2497 2364 2571 Hydris
2389 2498 2445 2553 in
2480 2497 2800 2556 ﬂuminibus
2828 2500 2985 2566 vivit,
3014 2500 3212 2556 canino
3239 2499 3435 2572 capite,
3469 2514 3663 2557 croco-

2089 2592 2200 2648 dilo
2223 2592 2439 2649 infensa
2459 2610 2619 2665 quem
2648 2601 2702 2649 et
2729 2609 2923 2650 somno
2954 2595 3191 2666 sopitum
3218 2595 3499 2651 interimit.
3527 2595 3667 2651 Cro-

2090 2687 2304 2743 codilus
2330 2687 2478 2743 enim
2509 2688 2709 2744 dormit
2737 2687 2909 2742 hianti
2937 2703 3052 2754 ore,
3088 2695 3143 2744 et
3173 2689 3383 2762 hydrus
3406 2689 3521 2745 luto
3549 2704 3664 2745 ce-

2091 2793 2271 2848 noque
2298 2778 2577 2842 obvoluta,
2614 2778 2670 2833 in
2697 2793 2760 2835 os
2789 2778 2982 2845 insilit,
3021 2786 3074 2834 et
3099 2779 3453 2837 interioribus
3483 2781 3661 2835 omni-

2089 2870 2196 2927 bus
2225 2871 2404 2927 exesis
2435 2871 2657 2927 occidit.

2163 3137 2434 3193 Caeterum
2477 3136 2790 3193 crocodilus
2820 3144 2903 3193 est
2939 3138 3118 3192 bellua
3160 3138 3325 3193 simul
3373 3146 3427 3193 et
3461 3139 3658 3211 piscis;

2090 3230 2313 3299 longum
2346 3229 2489 3283 inter
2519 3239 2682 3298 caput
2708 3236 2763 3283 et
2784 3228 3014 3282 caudam
3069 3231 3304 3298 spatium
3336 3231 3662 3297 intercedit;

2092 3320 2187 3376 sed
2214 3319 2542 3391 longitudini
2568 3318 2799 3373 latitudo
2838 3321 3192 3389 proportione
3242 3321 3661 3393 haudquaquam

2090 3412 2424 3482 respondet;
2459 3410 2606 3465 cutis
2641 3410 2884 3480 squamis
2904 3410 3118 3480 asperis
3156 3411 3481 3479 obducitur;
3513 3414 3666 3468 color

2092 3503 2244 3559 dorsi
2282 3508 2448 3572 petrae
2478 3502 2646 3571 nigrae
2708 3500 2906 3576 similis
2963 3509 3069 3565 est,
3102 3500 3258 3556 alvus
3308 3501 3468 3569 alba;
3498 3502 3664 3571 pedes

2092 3602 2349 3665 quatuor,
2380 3593 2435 3649 in
2461 3592 2739 3663 obliquum
2778 3592 2981 3647 sensim
3013 3592 3247 3658 curvati,
3287 3592 3465 3662 qualis
3498 3600 3666 3647 terre‘

2094 3686 2225 3742 stris
2278 3684 2609 3752 testudinis;
2646 3684 2819 3740 cauda
2871 3684 3105 3756 oblonga
3148 3692 3202 3740 et
3252 3699 3461 3749 crassa,
3497 3685 3665 3755 spinze

2094 3779 2238 3835 enim
2275 3778 2440 3833 unius
2466 3777 2613 3833 ossis
2637 3786 2724 3832 est
2755 3775 3047 3843 terminus,
3081 3775 3242 3846 cujus
3266 3776 3515 3847 superior
3536 3788 3666 3848 pars

2095 3877 2336 3927 serratas
2396 3870 2559 3925 habet
2614 3871 2834 3933 cristas,
2895 3868 3113 3940 illisque
3168 3870 3335 3924 veluti
3391 3883 3666 3924 serrarum

2096 3962 2467 4026 acuminibus,
2505 3976 2615 4032 quo
2649 3977 2773 4015 cum
2805 3969 2997 4027 certat,
3040 3961 3295 4031 percutit.
3325 3960 3500 4033 Caput
3520 3961 3668 4018 illius

2097 4053 2342 4109 humeris
2367 4051 2704 4122 adjungitur,
2737 4059 2792 4107 et
2845 4051 2913 4105 ad
2942 4051 3208 4106 amussim
3253 4051 3519 4106 directum
3561 4058 3665 4113 est,

2094 4144 2248 4197 nullo
2276 4148 2573 4214 apparente
2624 4140 2975 4205 discrimine;
3016 4145 3072 4193 et
3116 4137 3360 4208 quandiu
3390 4153 3498 4192 non
3530 4137 3665 4203 hiat,

2094 4237 2290 4291 bellum
2316 4243 2481 4304 caput
2504 4242 2629 4299 est;
2656 4231 2749 4286 ubi
2790 4231 2973 4295 hiarit,
3007 4236 3183 4284 totum
3227 4245 3290 4285 os
3334 4230 3412 4294 lit,
3447 4238 3505 4284 ut
3540 4236 3668 4305 pote

2096 4328 2190 4400 qui
2221 4328 2290 4382 ad
2314 4327 2572 4382 humeros
2602 4339 2776 4395 usque
2801 4323 3009 4377 hiatum
3043 4320 3338 4393 protendit.

499 4520 558 4574 '0
586 4519 642 4572 δὲ
673 4518 962 4591 λεγόμενος
990 4518 1369 4590 ίπποπόταμος
1407 4519 1576 4572 ἵππου
1612 4519 1711 4590 μὲν
1736 4518 1863 4582 τοὺς
1893 4517 1991 4570 πό-

2170 4508 2610 4581 Hippopotamus
2664 4505 2880 4577 equinis
2936 4503 3169 4577 pedibus
3217 4510 3272 4559 et
3298 4509 3506 4568 ventre,
3562 4502 3675 4557 nisi

415 4611 513 4676 δας
539 4610 652 4682 ἔχει
678 4611 773 4664 καὶ
804 4610 903 4681 τὴν
929 4608 1189 4680 γαστέρα,
1228 4609 1324 4680 τὴν
1364 4609 1422 4663 δὲ
1459 4608 1629 4680 ὁπλὴν
1666 4608 1888 4679 σχιστὴν
1919 4610 1995 4673 ὼς

418 4703 610 4777 χηλὴν,
642 4701 809 4773 οὐρὰν
848 4704 1077 4772 παχεῖαν
1110 4701 1205 4755 καὶ
1231 4700 1392 4774 ψιλὴν
1432 4701 1655 4773 τριχῶν,
1686 4703 1767 4755 ὃτι
1800 4702 1895 4755 καὶ
1936 4703 1999 4755 τὸ

419 4797 528 4850 πᾶν
574 4794 669 4850 τοῦ
720 4793 971 4865 σώματος
1018 4793 1191 4858 οὕτως
1237 4793 1373 4865 ἔχει,
1427 4794 1669 4865 κεφαλὴν
1725 4795 1997 4867 περιφερῆ

423 4888 617 4960 μικρὸν
651 4886 752 4957 τῆς
800 4886 967 4940 ἵππου
1017 4887 1250 4958 παρειᾶς
1290 4885 1568 4958 διάφορον,
1613 4886 1707 4939 καὶ
1761 4886 1873 4957 ἔχει
1908 4904 2000 4940 κε-

421 4980 624 5052 χηνότα
676 4979 768 5032 τὸν
818 4978 1091 5051 μυκτῆρα,
1144 4976 1370 5048 πυρώδη
1414 4978 1639 5042 καπνὸν,
1681 4977 1756 5043 ὡς
1804 4980 1869 5031 ἐκ
1902 4997 2003 5032 κα-

423 5071 601 5142 μίνου,
672 5070 924 5137 πνέοντα,
974 5071 1135 5139 γένυν
1200 5069 1479 5124 πλατεῖαν⁸
1532 5071 1691 5143 μέχρι
1737 5071 1847 5143 γὰρ
1891 5072 2000 5128 τῶν

421 5164 711 5238 κροτάφων
775 5163 979 5233 ἀνοίγει
1040 5162 1101 5215 τὸ
1164 5162 1357 5234 στόμα.
1438 5162 1643 5216 Ὀδοῦσι
1729 5163 1785 5216 δὲ
1856 5162 2002 5219 ἔνδον

418 5254 623 5327 τριχῶς
656 5255 1035 5319 πεπύκνωται,
1080 5253 1216 5324 ἔχων
1248 5253 1387 5327 πρὸς
1412 5253 1623 5318 τούτοις
1663 5254 1757 5309 δύο
1787 5254 2005 5320 ὀδόντας

419 5348 758 5418 ἐπικαμπεῖς
790 5347 866 5411 ὡς
900 5346 1044 5409 συός.
1077 5346 1189 5399 Καὶ
1215 5344 1361 5398 ἔστιν
1377 5344 1831 5417 ἀδδηφαγώτατον
1860 5345 2001 5409 ὅλον,

421 5436 573 5508 λήϊον
628 5437 815 5493 ποιοῦν
865 5438 1090 5508 τροφήν.
1139 5436 1348 5509 ’Λπάτῃ
1384 5436 1442 5489 δὲ
1491 5436 1724 5509 θηρᾶται
1761 5436 2002 5510 τοιαύτῃ.

436 5528 822 5601 Ἐπιτηροῦσιν
890 5528 1054 5584 αὑτοῦ
1128 5528 1227 5593 τὰς
1273 5528 1574 5600 διατριϐὰς,
1635 5530 1731 5584 καὶ
1791 5530 2007 5602 ὄρυγμα

2100 4602 2250 4672 quod
2281 4600 2504 4673 ungulis
2531 4599 2734 4666 billdis,
2768 4599 2960 4670 quales
3007 4596 3218 4666 bobus;
3250 4596 3420 4653 cauda
3462 4597 3512 4653 ei
3551 4596 3681 4651 bren

2100 4696 2185 4751 vis
2213 4701 2318 4759 est,
2348 4702 2403 4749 et
2433 4693 2665 4765 pilorum
2695 4693 3007 4763 asperitate,
3026 4691 3481 4762 quemadmodum
3507 4690 3672 4745 etiam

2101 4789 2303 4857 corpus
2327 4786 2621 4857 reliquum,
2652 4800 2877 4853 carens;
2902 4792 3065 4857 caput
3079 4782 3394 4846 rotundum,
3424 4796 3671 4851 parvum,

2103 4877 2172 4932 ab
2191 4874 2410 4946 equinis
2453 4873 2695 4930 maxillis
2751 4873 3060 4937 diversum;
3087 4885 3257 4926 nares.
3283 4884 3542 4940 perquam
3578 4884 3675 4939 pa-

2102 4968 2250 5034 tulaa,
2274 4981 2335 5021 ac
2365 4967 2594 5037 ignitum
2618 4965 2848 5028 fumum,
2867 4971 3126 5032 tanquam
3154 4962 3294 5035 ignis
3316 4961 3676 5031 scaturigines

2103 5060 2371 5133 quaedam,
2410 5060 2705 5128 spirantes,
2731 5065 2973 5111 mentum
3000 5057 3191 5121 latum,
3225 5053 3424 5110 etenim
3449 5052 3515 5106 ad
3539 5061 3678 5107 tem-

2106 5169 2241 5227 pora
2261 5167 2437 5223 usque
2462 5151 2669 5206 hiatum
2704 5148 3001 5219 protendit,
3032 5157 3086 5203 et
3139 5147 3282 5201 trina
3312 5144 3556 5201 dentium
3588 5159 3680 5199 se-

2104 5251 2188 5304 rie
2252 5245 2639 5316 eonstipatur:
2694 5250 2890 5313 praeter
2943 5241 3045 5295 hos
3074 5246 3128 5293 et
3176 5238 3376 5309 gemini
3409 5235 3680 5306 prodeunt

2107 5343 2260 5397 curvi
2285 5338 2536 5412 aprugni,
2570 5351 2708 5407 quos
2742 5334 2967 5389 cauinos
3007 5337 3231 5397 vocant;
3273 5330 3438 5384 nullis
3479 5328 3683 5384 bestia-

2107 5449 2231 5488 rum
2266 5433 2568 5489 voracitate
2602 5427 2850 5492 inferior,
2884 5426 2959 5479 ita
2990 5431 3050 5480 ut
3079 5429 3260 5494 segete
3282 5422 3498 5491 plenum
3528 5433 3684 5473 cam-

2110 5528 2565 5597 pum.,absumat-,
2621 5523 2944 5595 capiturque
2996 5520 3100 5574 hoc
3157 5518 3304 5573 dolo.
3364 5510 3684 5569 Observatis

427 5623 664 5687 ποιοῦσι,
693 5623 788 5676 καὶ
828 5622 1048 5695 καλάμῃ
1088 5622 1220 5676 αὐτὸ
1258 5622 1599 5690 στεγάζουσι,
1644 5623 1739 5677 καὶ
1778 5625 1991 5694 ὲπιχων

2111 5621 2261 5676 enim
2290 5619 2426 5674 locis
2456 5619 2510 5672 in
2548 5617 2749 5687 quibus
2777 5613 2946 5685 degit,
2970 5618 3261 5667 venatores
3293 5607 3495 5663 fossam
3520 5618 3687 5658 exca-

429 5714 615 5769 νύουσι
667 5715 901 5787 ψάμμῳ,
938 5716 1031 5769 καὶ
1070 5714 1278 5781 ξύλινον
1308 5714 1494 5769 ἱστῶσι
1533 5715 1773 5770 κάτωθεν
1804 5717 1991 5789 οἴκημε

2111 5719 2263 5776 vant,
2320 5709 2794 5778 arundinibusque
2863 5705 3024 5776 quasi
3069 5708 3273 5758 tectum
3329 5698 3683 5775 contiguam,

433 5811 557 5886 ἔχον
599 5810 953 5888 ἀνεῳγμένας
987 5809 1084 5876 τὰς
1122 5809 1290 5883 θύρας
1318 5813 1398 5879 εἰς
1432 5808 1521 5863 τὸν
1547 5805 1743 5879 ὄροφον
1794 5807 1886 5865 τοῦ
1916 5786 1991 5883 *βό

2116 5817 2388 5875 arcnaquc
2408 5801 2730 5875 cooperiunt
2750 5817 2765 5866 ;
2789 5800 2843 5854 in
2867 5812 3039 5869 eaque
3059 5806 3244 5850 arcam
3288 5791 3521 5861 ligneam
3558 5786 3693 5842 sub:
