4112 6450
450 371 554 426 727
1317 371 1374 426 S.
1417 369 1862 426 EUSTATHIUS
1899 361 2390 424 ANTIOCHENUS
2429 362 2824 421 EPISCOPUS.

3578 369 3682 425 728

442 488 656 557 jiciunt,
687 487 844 558 cujus
861 487 1004 544 fores
1027 490 1086 543 in
1115 489 1397 558 superiore
1426 496 1582 558 parte
1620 488 1688 541 ad
1722 487 1883 543 fossae
1933 483 2014 537 al-

2116 479 2264 552 θρου·
2297 482 2392 536 καὶ
2430 482 2623 546 ἐπιϐὰς
2655 485 2683 535 ὀ
2714 481 2814 554 θὴρ
2843 481 3054 551 ἀφελῶς
3079 483 3365 553 ἐμπίπτει,
3393 483 3488 537 καὶ
3517 484 3596 547 είς
3622 485 3684 538 τὸ

443 579 732 634 titudinem
790 577 1060 649 adaperta:
1111 586 1270 645 sunt;
1305 586 1359 633 et
1403 579 1580 632 bellua
1640 593 1758 632 eam
1791 590 2016 648 supera—

448 670 759 726 scendendo
788 671 1190 726 inconsiderate
1234 670 1456 734 decidit,
1505 677 1559 724 et
1617 671 1672 723 in
1720 683 1904 722 arcam
1932 668 2018 722 de-

447 762 576 826 lata,
613 761 929 816 includitur.
962 761 1372 832 Venatoresquc
1393 761 1641 818 celeriter
1668 769 2016 816 accurrentcs

445 854 812 921 concludunt;
847 855 1150 909 secundum
1181 857 1324 910 enim
1355 857 1422 910 ab
1453 856 1738 924 elephante
1775 852 1907 908 Indo
1929 868 2019 906 ro-

444 943 594 998 boris
661 944 841 998 locum
901 945 1145 1008 obtinet,
1225 945 1710 1015 magnitudineque
1767 942 2016 1013 corporis

449 1036 748 1090 maximum
771 1051 1041 1106 quemque
1072 1035 1262 1091 bovem
1285 1037 1604 1106 aequiparat.

520 1127 707 1183 Pisces
765 1128 1047 1184 continent
1096 1129 1151 1183 in
1183 1144 1242 1184 se
1295 1145 1544 1201 magnam
1599 1130 1707 1186 vim
1735 1130 1933 1186 caloris
1962 1136 2017 1185 et

450 1224 700 1284 acutam;
733 1232 900 1287 quare
923 1227 976 1272 et
1005 1217 1271 1274 citissime
1327 1235 1447 1290 qua:
1476 1223 1762 1288 devorant,
1811 1229 2016 1292 puncto

451 1307 710 1374 temporis
733 1308 1028 1364 esculentis
1049 1309 1106 1363 in
1150 1299 1817 1382 ventre‘putrescentibus
1862 1313 2015 1384 dige-

446 1403 596 1451 runt.

521 1487 722 1560 Vulpes
748 1491 994 1556 marinae,
1031 1490 1122 1546 ubi
1146 1492 1438 1562 piscatoris
1481 1493 1711 1550 insidias
1734 1494 2015 1551 declinare

448 1593 560 1632 non
592 1579 792 1645 valent,
845 1579 1009 1633 hamo
1035 1579 1316 1648 devorato,
1354 1583 1669 1640 exsilientes
1721 1593 1777 1638 et
1818 1601 2017 1640 excur-

449 1677 653 1734 rentes,
686 1670 868 1724 funem
894 1670 1211 1741 prasrodunt
1235 1680 1290 1727 et
1315 1673 1536 1730 abeunt.

515 1849 834 1905 Crocodilus
855 1850 1032 1906 bellua
1063 1859 1146 1906 est
1189 1852 1470 1906 hominum
1505 1867 1687 1908 vorax.
1749 1850 2016 1923 Tempore

449 1941 647 2006 coitus,
677 1957 960 2013 emergens
1015 1959 1045 1998 e
1089 1943 1329 2010 ﬂumine,
1359 1944 1616 1999 feminam
1666 1959 1833 2014 prope
1868 1945 2016 2014 ripas

449 2032 730 2088 adversam
763 2033 1014 2103 projicit;
1049 2034 1140 2088 hic
1163 2050 1396 2105 namque
1424 2036 1574 2090 solus
1606 2034 1835 2104 supinus
1865 2049 2016 2090 com-

449 2124 610 2193 plexu
641 2139 873 2179 venereo
895 2123 1180 2194 jungitur;
1202 2125 1461 2195 deinceps
1494 2125 1748 2182 manibus
1771 2140 1888 2180 eam
1930 2140 2016 2180 su-

447 2221 737 2270 stentatam
766 2231 960 2272 rursus
989 2219 1294 2284 convertit;
1327 2218 1374 2274 si
1422 2233 1543 2272 cum
1571 2218 1678 2273 alio
1720 2233 1840 2273 eam
1886 2234 2017 2273 con-

446 2305 702 2362 cubuisse
732 2311 1079 2378 compererit,
1135 2311 1356 2365 avidum
1396 2326 1455 2366 se
1513 2327 1636 2367 esse
1688 2310 1918 2366 Veneris
1947 2309 2017 2366 si-

447 2397 685 2461 mulans,
752 2397 1206 2466 quemadmodum
1266 2401 1437 2470 prius,
1505 2400 1789 2454 adversam
1848 2399 2016 2455 odore

447 2487 806 2556 deprehendit
834 2488 940 2558 (est
979 2490 1124 2544 enim
1182 2490 1327 2546 circa
1379 2492 1482 2546 boc
1511 2491 1764 2546 acerrimi
1793 2490 2015 2563 sensus)

447 2579 658 2634 incesto
685 2578 889 2651 ﬂagitio
919 2589 972 2636 et
999 2590 1189 2652 stupro
1225 2583 1539 2654 ,pollutam;
1573 2583 1703 2638 hinc
1743 2585 2015 2654 unguibus

451 2668 574 2723 alvo
595 2669 827 2739 disjecta
873 2673 1084 2727 viscera
1112 2673 1259 2728 illius
1288 2674 1534 2729 devorat.
1587 2673 1646 2728 In
1686 2683 1873 2730 ventre
1911 2682 2019 2732 ete-

446 2761 559 2815 nim
595 2763 774 2820 mollis
805 2772 910 2829 est,
947 2766 1236 2835 tenuisque
1260 2767 1404 2822 cutis
1443 2767 1760 2822 crocodilo:
1790 2767 2013 2822 dorsum

446 2854 567 2924 ejus
593 2855 826 2909 maxima
845 2872 1197 2926 squamarum
1222 2858 1478 2913 lirmitate
1508 2867 1776 2912 armatum
1815 2868 1916 2924 est,
1941 2859 2016 2913 ita

449 2955 508 3000 ut
535 2954 589 3003 et
613 2949 991 3004 acutissimum
1014 2949 1220 3004 ferrum
1259 2950 1511 3006 adactum
1543 2951 1860 3018 hebescens,
1892 2958 2015 3006 cute

448 3041 649 3110 injecta
675 3041 1028 3111 repercutiat.

517 3215 828 3271 Producant
857 3235 1006 3289 aqua:
1035 3220 1273 3274 volatilia
1296 3222 1596 3276 animarum
1626 3223 1905 3278 viventium
1946 3223 2011 3290 “,

446 3321 500 3365 et
523 3311 644 3366 sine
670 3311 776 3365 ulla
806 3327 956 3367 mora
988 3313 1269 3367 volucrum
1300 3315 1480 3369 omnis
1535 3317 1748 3386 generis
1779 3332 1872 3373 aer
1902 3317 2016 3389 ple-

445 3401 728 3459 nissimus.
767 3401 878 3459 Illae
906 3421 973 3460 ex
1007 3406 1166 3475 aquis
1215 3414 1395 3462 ortum
1428 3407 1650 3471 habent,
1686 3415 1815 3464 sunt
1869 3408 2015 3463 enim

443 3512 570 3551 cum
602 3497 846 3567 piscibus
867 3500 1195 3570 cognatione
1240 3501 1476 3570 quadam
1503 3512 1556 3557 et
1603 3502 1860 3558 aliinitate
1884 3518 2016 3558 con-

439 3587 663 3656 junctae.
712 3588 899 3646 Pisces
945 3591 1145 3662 quippe
1189 3592 1400 3646 ala'rum
1436 3601 1616 3648 meatu
1668 3608 1840 3664 aquas
1872 3594 2014 3650 divi-

444 3681 624 3735 dendo
653 3689 977 3750 transnant;
1010 3685 1092 3739 sic
1113 3691 1168 3739 et
1209 3685 1461 3740 volucres
1488 3686 1682 3756 pennis
1713 3702 1810 3757 per
1834 3701 2014 3742 aerem

445 3775 907 3844 transvebuntur;
953 3776 1145 3830 harum
1201 3778 1470 3848 quadam,
1529 3781 1853 3844 carnivoraa,
1909 3794 2009 3836 suo

447 3877 631 3937 aptam
651 3866 868 3936 ingenio
898 3869 1249 3936 moribusque
1270 3869 1736 3924 accommodatam
1769 3870 2018 3939 corporis

445 3957 892 4014 constitutionem
921 3967 1095 4014 nactae
1123 3968 1273 4027 sunt,
1322 3961 1586 4030 unguium
1641 3960 2013 4026 tenacitatem,

445 4062 748 4108 rostrorum
804 4054 1198 4120 aduncitatem,
1258 4057 1467 4110 alarum
1523 4056 1928 4126 pernicitatem,
1954 4064 2016 4111 ut

447 4145 706 4202 facillimo
755 4147 971 4217 negotio
1004 4148 1265 4203 tenaciter
1315 4150 1557 4218 arripere
1588 4159 1752 4220 atque
1805 4147 2017 4206 discer-

446 4255 576 4310 pere
599 4239 812 4310 possint
839 4248 894 4295 et
919 4241 1195 4306 lacerare;
1251 4242 1499 4312 quaedam
1551 4242 1852 4314 frugilegat,
1894 4243 2014 4298 alia:

445 4333 531 4387 his
579 4331 832 4387 omnibus
863 4332 1083 4387 aluntur
1140 4341 1196 4388 et
1253 4342 1651 4398 sustentantur,
1684 4341 1737 4390 et
1762 4345 2015 4389 constru-

445 4428 626 4480 ctione
658 4425 800 4480 inter
831 4441 892 4481 se
935 4426 1194 4481 diﬂ‘erunt
1247 4443 1460 4483 omnes.
1493 4427 1763 4484 Praeterea
1814 4429 2010 4484 harum

2117 575 2323 645 οἴκημα
2345 574 2720 629 κατακλείεται
2755 574 3052 646 φερόμενος
3075 574 3244 628 κάτω.
3277 575 3386 628 Καὶ
3417 577 3466 629 oi.
3495 575 3684 646 θηρευ-

2115 668 2204 719 ταὶ
2237 667 2396 730 εὐθὺς
2425 667 2791 721 ἀποκλείουσι.
2822 667 3099 737 Δεύτερον.
3143 705 3158 720 .
3189 708 3204 724 .
3233 707 3248 722 .
3288 708 3302 722 .
3332 666 3454 738 βοὸς
3489 667 3546 721 δὲ
3571 668 3684 739 ἔχει

2115 760 2176 812 τὸ
2199 759 2382 830 θηρίον
2415 760 2474 812 τὸ
2509 759 2753 830 μέγεθος.

2198 1108 2284 1161 Ἐν
2313 1109 2370 1162 δὲ
2405 1113 2514 1172 τοῖς
2551 1109 2728 1180 ίχθύσι
2761 1108 2926 1182 πολλή
2960 1126 3045 1175 τις
3075 1110 3369 1182 ἐνυπάρχει
3397 1110 3573 1184 θέρμη
3603 1111 3688 1165 έν-

2113 1198 2284 1264 δοθεν,
2337 1202 2428 1254 καὶ
2457 1201 2622 1266 ὀξεῖα·
2655 1203 2735 1256 διὸ
2776 1202 2870 1257 καὶ
2913 1203 3103 1257 θᾶττον
3149 1202 3610 1268 καταπέπτουσιν,
3649 1202 3686 1256 ἃ.

2114 1290 2403 1355 ἐσθίουσιν,
2438 1291 2638 1357 εὐθέως
2663 1293 3072 1365 διασηπομένων
3093 1291 3202 1346 τῶν
3231 1291 3506 1345 ἐδωδίμων
3531 1292 3590 1344 ἐν
3617 1293 3684 1363 τῇ

2113 1383 2310 1454 γαστρὶ
2339 1382 2536 1436 αὐτῶν.

2197 1476 2260 1527 Ἡ
2287 1475 2343 1528 δέ
2379 1475 2719 1540 θαλαττιαῖος
2747 1476 2993 1548 ἀλώπηξ,
3023 1477 3162 1530 ἐπὰν
3211 1477 3284 1547 μὴ
3322 1475 3544 1546 δύνηται
3572 1476 3688 1530 δια-

2113 1568 2308 1640 δράσαι
2340 1569 2437 1640 τὴν
2467 1568 2664 1640 ἄγραν,
2709 1570 3050 1623 καταπιοῦσα
3095 1569 3156 1621 τὸ
3183 1569 3493 1640 άγχιστρον,
3541 1566 3688 1633 ἐξαλ-

2114 1659 2316 1732 λομένη
2365 1661 2460 1714 καὶ
2495 1661 2890 1732 ἀνατρέχουσα,
2931 1661 3240 1732 ἀποτρώγει
3272 1660 3369 1732 τὴν
3407 1659 3686 1732 μήρινθον,

2117 1753 2210 1806 καὶ
2242 1751 2540 1821 διαφεύγει.

2197 1846 2255 1898 '0
2283 1845 2341 1898 δὲ
2373 1845 2709 1916 κροκόδειλος
2737 1846 3150 1919 ἀνθρωποὸὁρον
3195 1845 3292 1916 μέν
3330 1845 3444 1897 ἐστι
3477 1843 3688 1915 θηρίον,

2115 1939 2244 1992 ὅταν
2285 1939 2343 1992 δὲ
2391 1939 2560 2012 μέλλῃ
2600 1939 2868 1992 ποιεῖσθαι
2909 1939 3008 2002 τὰς
3049 1938 3249 2009 ὀχείας,
3286 1934 3689 2008 ἀνανηξάμενον

2115 2031 2443 2105 ἀναστρέφει
2479 2032 2577 2103 τὴν
2611 2032 2827 2103 θήλειαν
2872 2034 2964 2085 ἐπὶ
3006 2036 3121 2095 ταῖς
3153 2031 3358 2101 ὄχθαις·
3393 2030 3550 2100 μόνος
3579 2028 3690 2101 γὰρ

2115 2114 2266 2185 οὗτος
2304 2120 2492 2186 ὕπτιος
2534 2121 2848 2192 πλησιάζειν
2879 2122 3108 2191 πέφυκε,
3143 2123 3234 2175 καὶ
3268 2120 3406 2192 μετά
3440 2121 3539 2193 τὴν
3567 2121 3690 2191 ὀμι-

2115 2213 2235 2268 λίαν
2279 2213 2440 2268 πάλιν
2487 2217 2606 2277 ταῖς
2645 2215 2832 2285 χερσὶν
2880 2213 3045 2283 αὐτὴν
3073 2211 3440 2281 ἐπικουφίζων
3470 2227 3692 2265 συνεπι-

2117 2308 2368 2380 στρέφει·
2401 2307 2618 2360 ἐπειδάν
2659 2306 2716 2359 δὲ
2761 2307 2930 2376 αὐτὴν
2963 2305 3107 2376 ἄλλῳ
3155 2304 3556 2376 συγγενομένην
3599 2305 3688 2358 0.!-

2117 2401 2332 2472 σθῆται,
2379 2399 2835 2470 καθυποκρίνεται
2888 2398 3230 2469 συμμιγῆναι
3275 2397 3434 2468 αὐτῇ,
3485 2397 3580 2450 καὶ
3611 2396 3692 2466 τῷ

2115 2489 2263 2561 αὐτῷ
2303 2489 2488 2560 τρόπῳ
2539 2488 2883 2561 ἀναστρέψας
2929 2487 3098 2559 αὐτὴν
3149 2486 3404 2556 γινώσκει
3458 2487 3548 2540 διὰ
3590 2487 3690 2553 τῆς

2114 2585 2284 2655 ὀδμῆς
2312 2584 2460 2654 (ἔχει
2490 2583 2596 2656 γὰρ
2624 2582 2887 2652 ὀξυτάτην
2913 2582 3042 2654 περὶ
3089 2581 3248 2634 τοῦτο
3268 2582 3367 2651 τὴν
3412 2580 3690 2652 αἴσθησιν)

2117 2677 2205 2746 ὑφ’
2259 2676 2444 2748 ἐτέρου
2483 2675 2799 2746 μιανθεῖσαν
2833 2674 3024 2744 αὐτὴν,
3058 2674 3295 2736 καὶτοῖς
3342 2673 3489 2740 ὄνυξι
3532 2673 3687 2746 διαρ-

2119 2768 2285 2840 ρήξας
2305 2767 2402 2838 τὴν
2428 2768 2672 2839 γαστέρα
2697 2768 2887 2838 αὐτῆς,
2905 2767 3083 2820 πάντα
3103 2765 3174 2819 τὰ
3192 2766 3342 2829 ἐντὸς
3371 2766 3542 2835 αὐτῆς
3567 2780 3694 2819 κατ-

2116 2859 2302 2912 εσθίει.
2358 2859 2493 2929 Περὶ
2562 2858 2671 2929 γὰρ
2716 2857 2814 2929 τὴν
2865 2859 3104 2929 γαστέρα
3159 2857 3276 2911 ἐστὶ
3317 2857 3586 2929 τρυφερὸν
3629 2856 3692 2910 τὸ

2116 2951 2254 3016 ζῶον
2275 2969 2288 2982 ·
2321 2955 2350 3005 ὀ
2382 2951 2491 3023 γὰρ
2522 2953 2690 3017 νῶτος
2731 2952 2894 3006 αὐτοῦ
2936 2951 3217 3024 στιϐαραῖς
3241 2951 3452 3004 λεπίσιν
3485 2950 3694 3004 ἐνδέδυ-

2114 3060 2226 3108 ται,
2259 3042 2399 3096 ὥστε
2432 3043 2636 3098 καὶτὸν
2669 3042 2923 3108 ὀξύτατον
2955 3043 3171 3114 σίδηρον
3205 3040 3566 3113 ἐπενεχθέντα
3591 3042 3692 3112 ἀμ-

2118 3132 2424 3188 ϐλύνεσθαι.

2199 3222 2566 3294 Ἐξαταγέτω
2603 3223 2676 3277 τὰ
2712 3222 2902 3276 ὕδατα
2941 3222 3184 3276 πετεινὰ
3223 3220 3440 3291 ψυχῶν
3467 3219 3688 3287 ζωσῶν,

2116 3314 2211 3368 καὶ
2240 3313 2450 3384 ἀθρόως
2478 3316 2506 3366 ὀ
2535 3313 2642 3385 ἀὴρ
2677 3313 2931 3367 παντοίου
2963 3314 3152 3382 γένους
3183 3313 3294 3366 τῶν
3329 3313 3558 3385 ὀρνίθων
3595 3331 3691 3365 πε-

2116 3405 2419 3477 πλήρωται.
2453 3405 2661 3460 Ἔδωκε
2691 3406 2744 3458 δὲ
2773 3406 2954 3468 αὐτοῖς
2995 3407 3060 3457 ἐκ
3083 3403 3191 3456 τῶν
3235 3404 3441 3457 ὑδάτων
3472 3405 3572 3476 τὴν
3600 3405 3693 3474 γέ-

2116 3514 2284 3563 νεσιν,
2315 3497 2500 3570 ἐπειδὴ
2542 3497 2861 3567 συγγένειάν
2904 3513 3024 3549 τινα
3062 3497 3200 3568 πρὸς
3232 3497 3356 3560 τοὺς
3389 3495 3574 3566 ἰχθύας
3601 3513 3693 3548 κε-

2117 3590 2440 3663 κλήρωνται.
2503 3591 2590 3654 Ὡς
2627 3590 2734 3661 γὰρ
2779 3591 2828 3642 ot
2879 3589 3062 3661 ίχθύες
3111 3590 3170 3641 ἐν
3211 3592 3278 3660 τῇ
3329 3591 3542 3661 κινήσει
3581 3589 3691 3642 τῶν

2117 3683 2403 3756 πτερύγων
2419 3683 2494 3736 οτδ
2539 3683 2683 3754 ὕδωρ
2714 3683 2990 3754 τέμνουσι,
3021 3683 3115 3735 καὶ
3145 3683 3506 3752 διανήχονται,
3550 3681 3694 3736 οὕτω

2116 3775 2186 3829 τὰ
2215 3775 2433 3830 πετεινά
2457 3777 2570 3840 τοῖς
2603 3778 2822 3847 πτεροῖς
2854 3775 2944 3828 τὸν
2976 3775 3114 3846 ἀέρα
3137 3775 3499 3847 διανήχονται.
3536 3777 3692 3829 Ἔστι

2116 3869 2173 3923 δὲ
2201 3869 2378 3924 αὐτῶν
2413 3867 2482 3922 τὰ
2511 3869 2608 3940 μὲν
2654 3870 2977 3942 σαρκοφάγα
3006 3868 3320 3940 πρέπουσαν
3348 3869 3692 3940 κατασκευὴν

2115 3960 2211 4014 τοῦ
2259 3961 2462 4033 τρόπου
2513 3961 2614 4031 τῆς
2677 3961 2826 4032 σφῶν
2882 3961 3093 4032 διαίτης
3145 3961 3432 4032 ἐπέχοντα,
3483 3963 3694 4033 ὀνύχων

2118 4053 2322 4123 ἀκμαῖς
2339 4055 2378 4116 ⁸,
2404 4054 2498 4105 καὶ
2521 4053 2695 4124 χεῖλος
2727 4052 2982 4122 ἀγγύλον,
3007 4055 3100 4106 καὶ
3129 4053 3325 4124 πτερὸν
3348 4054 3440 4121 ὀξὺ
3473 4054 3607 4128 πρὸς
3631 4054 3695 4108 τὸ

2120 4142 2317 4215 ῥᾳδίως
2364 4143 2694 4216 ἀναρπάσαι,
2736 4143 2832 4197 καὶ
2868 4143 3164 4198 διασπάσαι
3208 4145 3484 4199 δύνασθαι·
3531 4145 3600 4200 τὰ
3635 4146 3694 4200 δὲ

2118 4236 2486 4308 σπερμολόγα,
2529 4237 2598 4289 τὰ
2637 4237 2694 4289 δέ
2735 4238 2800 4290 ἐκ
2835 4239 3034 4303 παντὸς
3070 4237 3397 4312 τρεφόμενα.
3441 4239 3548 4293 Καὶ
3573 4239 3697 4294 τού-

2113 4347 2223 4383 των
2251 4331 2527 4401 ἑκατέρων
2572 4333 2604 4402 ἡ
2652 4331 2965 4402 κατασκευὴ
3003 4331 3303 4403 διενήνοχεο
3356 4334 3448 4387 καί
3486 4334 3552 4388 τὰ
3597 4335 3694 4405 μέν

2118 4425 2264 4476 ἐστιν
2298 4423 2508 4494 ἀναρχα
2541 4422 2633 4476 καὶ
2674 4424 2964 4494 αὐτόνομα,
3004 4423 3073 4477 τὰ
3105 4423 3163 4476 δὲ
3199 4425 3288 4494 ὑφ’
3334 4425 3577 4497 ἡγεμόνα
3607 4425 3694 4478 τέ-

444 4515 690 4584 quaedam
751 4515 1056 4586 principatu
1117 4533 1226 4580 non
1279 4526 1555 4586 tenentur,
1607 4518 1704 4574 sed
1756 4520 1841 4574 sui
1873 4520 2014 4589 juris

2120 4533 2338 4581 τακται,
2383 4515 2478 4570 καὶ
2515 4513 2582 4568 τὰ
2624 4513 2722 4585 μέν
2764 4515 2910 4568 ἐστιν
2952 4514 3342 4588 ἐπιδημητικά,
3383 4516 3452 4569 τὰ
3500 4517 3558 4570 δέ
3605 4518 3696 4585 ἐγ-

441 4614 601 4674 sunt;
624 4607 867 4678 quaedam
892 4608 1318 4665 dominationem
1341 4611 1566 4666 alterius
1608 4611 1809 4677 ferunt,
1842 4625 1896 4667 et
1930 4614 2014 4668 hae

443 4697 664 4769 quidem
719 4700 1012 4756 invectitiae
1050 4711 1104 4757 et
1144 4703 1576 4774 peregrinantes,
1626 4703 1746 4758 alia:
1798 4704 2010 4776 indige-

442 4805 547 4844 DE.

514 4880 819 4952 Superbum
844 4881 973 4952 quid
998 4889 1081 4938 est
1106 4883 1317 4954 gallus;
1345 4891 1404 4936 at
1453 4883 1716 4954 accipiter
1745 4885 2011 4958 singulari

441 4971 816 5031 benevolentia
847 4975 1096 5031 homines
1136 4975 1527 5046 prosequitur;
1567 4979 1791 5032 tradunt
1839 4980 2010 5046 enim,

441 5069 730 5139 accipitres
751 5068 846 5138 qui
873 5069 928 5122 in
959 5066 1191 5122 Thracia
1244 5077 1396 5134 sunt,
1427 5085 1583 5140 aeque
1641 5071 1895 5126 homines
1922 5087 2013 5127 so-

440 5160 640 5216 cietate
660 5161 894 5230 quadam
926 5162 1208 5230 aucupari;
1245 5161 1300 5214 in
1342 5162 1495 5217 silvis
1530 5177 1765 5232 namque
1794 5163 2013 5218 densis-

440 5253 597 5308 simis
648 5253 1030 5319 immorantur,
1082 5267 1220 5322 quas
1281 5253 1583 5308 volatilium
1633 5271 1796 5312 omne
1839 5271 2012 5326 genus

438 5345 588 5409 colit,
621 5352 676 5399 et
713 5345 921 5400 habitat
948 5344 1410 5415 frequentissime,
1439 5355 1495 5400 et
1538 5361 1646 5400 una
1676 5362 1802 5402 cum
1841 5361 2011 5402 aucu-

440 5436 695 5504 pantibus
723 5445 1070 5502 exercentur,
1106 5437 1174 5492 ad
1227 5438 1639 5494 similitudinem
1697 5441 1906 5496 bellica:
1927 5440 2013 5495 di-

442 5529 706 5599 sciplina,
746 5539 806 5584 ut
830 5540 1058 5585 venatus
1093 5545 1303 5601 aequam
1336 5538 1542 5601 partem
1577 5534 1884 5603 accipiant;
1912 5534 2011 5590 ho-

441 5618 615 5674 mines
657 5619 913 5689 quatiunt
977 5619 1224 5688 arbores,
1282 5620 1409 5676 hinc
1451 5621 1701 5679 volucres
1761 5625 2012 5681 excitata:

513 5785 558 5820 “
588 5785 715 5842 Gen.
747 5805 784 5850 ι,
808 5789 896 5846 20.

2119 4608 2310 4680 χώρια.

2188 4874 2397 4946 Γαῦρον
2429 4877 2456 4928 ὀ
2487 4868 2819 4948 ἀλεκτρυὼν,
2855 4876 2884 4927 ὀ
2923 4873 2977 4927 δὲ
3006 4874 3156 4945 ἱέραξ
3187 4874 3540 4939 εὐνούστατος
3565 4891 3693 4944 τυγ-

2120 4969 2270 5040 χάνει
2298 4969 2426 5042 περὶ
2457 4967 2547 5022 τὸν
2584 4967 2887 5039 ἄνθρωπον.
2933 4967 3223 5040 Ὶστοροῦσι
3251 4969 3357 5038 γὰρ
3386 4970 3510 5032 τοὺς
3536 4971 3592 5020 ἐν
3625 4970 3691 5039 τῇ

2118 5062 2310 5136 Θρᾴκῃ
2338 5061 2558 5134 ἱέρακας
2583 5062 2692 5122 τοῖς
2712 5058 3090 5130 ὀρνιθοθήραις
3111 5060 3238 5130 περὶ
3254 5062 3352 5132 τὴν
3371 5060 3546 5132 ἄγραν
3571 5079 3696 5114 συν-

2118 5154 2400 5228 αίρεσθαι·
2437 5153 2710 5206 ποιοῦνται
2745 5151 2842 5222 μὲν
2869 5149 2980 5222 γὰρ
3015 5151 3114 5212 τὰς
3135 5151 3414 5223 διατριϐὰς
3457 5157 3514 5206 ἐν
3541 5152 3697 5217 ὕλαις

2118 5247 2462 5309 δαπτάταις,
2493 5243 2621 5298 ἔνθα
2654 5243 2784 5313 γένη
2812 5243 2919 5297 τῶν
2945 5244 3173 5316 ὀρνίθων
3211 5245 3563 5308 ἐνδιαιτᾶται,
3600 5247 3696 5300 καὶ

2117 5341 2230 5402 τοῖς
2275 5339 2368 5390 ἐπὶ
2402 5338 2499 5408 τὴν
2540 5338 2716 5408 ἄγραν
2767 5336 2905 5390 ἰοῦσι
2945 5336 3347 5399 συντάττονται,
3387 5335 3694 5407 ἰσομοιρίαν

2117 5429 2210 5482 τοῦ
2231 5429 2587 5501 ἀγρευθέντος
2611 5427 2891 5492 δέξασθαι·
2919 5427 3012 5480 καὶ
3041 5427 3146 5480 τῶν
3181 5425 3459 5496 Θηρευτῶν
3483 5425 3552 5478 τὰ
3577 5426 3696 5479 δέν-

2117 5524 2218 5594 δρα
2264 5521 2628 5585 διασειόντων,
2657 5522 2707 5574 οἱ
2750 5520 2927 5594 ὄρνεις
2966 5520 3342 5591 τινασσόμενοι
3387 5517 3694 5582 σοϐοῦνται,

2118 5619 2212 5672 καὶ
2236 5618 2576 5682 ἀνίπτανται,
2606 5619 2698 5671 καὶ
2723 5619 2771 5670 οἱ
2806 5615 3022 5688 ἱέρακες
3050 5614 3190 5670 κατὰ
3220 5613 3462 5686 κεφαλῆς
3491 5612 3696 5666 τούτων
