4112 6414
417 380 518 435 731

1279 375 1337 430 S.
1380 372 1827 430 EUSTATHIUS
1858 370 2351 428 ANTIOCHENUS
2385 367 2785 425 EPISCOPUS.

3570 367 3674 422 732

413 496 551 562 rari,
592 496 689 554 sed
717 510 839 553 esse
869 496 1095 549 unicum
1127 501 1182 549 et
1221 492 1421 558 solum,
1453 497 1507 546 et
1537 489 1853 562 quingentis
1874 505 1999 543 eum

2107 505 2265 558 μενον
2324 486 2561 557 διαδοχῇ,
2606 485 2718 539 ἀλλ’
2759 483 3021 555 ὑπάρχειν
3052 482 3182 536 αὐτὸ
3228 480 3550 554 μονώτατον,
3583 483 3677 536 καὶ

410 589 624 645 durare
661 588 840 642 annis.
878 586 1039 640 Morti
1076 586 1381 655 proximus,
1415 583 1624 638 obitum
1657 582 1806 638 enim
1839 595 2003 636 suum

411 682 530 749 ipse
556 679 862 751 praesentit,
897 681 954 732 in
996 678 1229 734 sublime
1257 677 1493 738 delatus,
1528 676 1700 731 solem
1733 674 2000 727 orientem

414 772 663 840 intuens,
696 772 937 828 surculis
953 769 1246 825 odoriferis
1271 768 1545 822 construit
1569 766 1781 830 nidum,
1804 762 2001 819 deinde

416 865 602 920 asolis
642 864 814 918 radiis
844 870 994 917 totus
1030 869 1327 924 crematur,
1377 867 1430 913 et
1461 861 1518 913 in
1566 858 1844 928 pulverem
1878 869 2001 909 om-

419 957 552 1011 nino
571 957 900 1020 resolvitur;
932 970 998 1009 ex
1040 955 1261 1025 pulvere
1304 952 1500 1006 deinde
1545 949 1879 1007 vermiculus
1906 964 2002 1002 na-

421 1048 616 1113 scitur,
648 1047 772 1101 inde
801 1046 986 1116 pullus
1017 1045 1336 1115 primusque
1368 1042 1613 1113 phoenix.

492 1312 688 1382 Aquila
719 1312 773 1366 in
803 1310 1103 1366 educandis
1133 1311 1325 1367 liberis
1356 1309 1722 1379 iniustissima
1762 1315 1887 1374 est;
1918 1307 2005 1361 bi-

420 1419 525 1459 nos
550 1405 727 1474 pullos
756 1405 1018 1466 excludit,
1043 1418 1278 1490 quorum
1308 1403 1540 1457 alterum
1582 1400 1686 1457 sibi
1722 1400 2002 1463 conciliat,

423 1496 656 1550 alterum
699 1496 905 1550 alarum
934 1495 1133 1550 ictibus
1163 1492 1313 1565 fugat
1354 1501 1408 1548 et
1440 1493 1687 1563 expellit,
1722 1491 1905 1546 labore
1950 1498 2005 1546 et

422 1587 605 1649 taedio,
638 1593 695 1641 ut
722 1586 894 1649 aiunt,
927 1585 1242 1653 nutriendi;
1294 1584 1390 1639 sed
1425 1598 1590 1654 quam
1624 1590 1824 1637 vocant
1861 1582 2006 1637 ossi-

422 1679 597 1750 fraga,
637 1689 695 1734 ut
722 1678 902 1734 ferunt
951 1680 1186 1745 ejectum
1232 1677 1656 1747 abdicatumque
1700 1676 1903 1746 excipit
1951 1682 2005 1730 et

421 1769 621 1825 educat
650 1785 775 1824 cum
810 1770 945 1826 suis.
975 1768 1179 1824 Verum
1203 1770 1292 1824 ubi
1329 1770 1537 1839 pullum
1579 1770 1762 1840 aquila
1793 1766 2005 1823 enutri-

2105 582 2200 651 ἔτη
2233 581 2330 652 ζῇν
2360 579 2708 634 πεντακόσια.
2730 578 2840 631 Καὶ
2868 580 2925 632 ἐν
2959 576 3134 648 καιρῷ
3163 576 3256 630 τοῦ
3301 575 3511 648 μέλλειν
3546 576 3678 630 αὐτὸ

2103 672 2357 743 τελευτᾷν
2405 668 2858 743 (προαισθάνεται
2897 667 3005 739 γὰρ
3052 668 3151 739 τὴν
3195 667 3548 739 άποὸἰωσιν),
3589 669 3675 737 ἐφ’

2103 765 2309 836 ὑψηλοῦ
2342 764 2483 826 τινὸς
2503 764 2668 816 τόπου
2686 762 3101 832 ἐστοχασμένος,
3124 761 3263 814 κατὰ
3294 760 3393 832 τὴν
3416 759 3675 830 ἀνατολὴν

2102 858 2195 912 τοῦ
2233 859 2408 930 ἡλίου,
2451 857 2510 922 ἐξ
2557 857 2925 930 ἀρωματικῶν
2962 856 3250 926 φρυγάνων
3294 853 3675 924 συμπηγνύναι

2100 952 2200 1023 τὴν
2229 950 2445 1016 καλιὰν,
2476 952 2707 1005 κᾶπειτα
2728 951 2833 1003 ὑπὸ
2860 950 2958 1020 τῆς
3000 949 3214 1010 ἀκτῖνος
3238 944 3678 1009 ὁλοκαυτίζεσθαι

2102 1044 2195 1095 τοῦ
2228 1042 2402 1114 ήλίου,
2431 1042 2527 1095 καὶ
2553 1044 2633 1105 εἰς
2671 1041 2820 1094 κόνιν
2852 1037 3126 1101 παντελῶς
3164 1036 3490 1091 ἀναλύεσθαι
3512 1053 3526 1066 ο
3562 1031 3680 1088 εἶτα

2104 1135 2168 1186 ἐκ
2200 1133 2297 1204 τῆς
2327 1133 2528 1195 κόνεως
2550 1128 2807 1201 σκώληκα
2840 1128 3144 1198 γίγνεσθαι,
3174 1129 3269 1181 καὶ
3308 1129 3373 1180 ἐκ
3406 1125 3500 1178 τοῦ
3536 1124 3681 1178 σκώ-

2103 1223 2268 1294 ληκος
2299 1224 2379 1285 εἰς
2411 1223 2501 1275 τὸν
2529 1221 2745 1293 πρῶτον
2772 1222 2988 1291 φοίνικα
3023 1218 3469 1291 μεταϐάλλεσθαι.

2187 1315 2247 1366 '0
2278 1313 2333 1365 δὲ
2353 1314 2509 1376 ἀετὸς
2535 1314 2663 1384 περί
2693 1313 2791 1384 τὴν
2808 1312 3116 1383 ἀνατροφὴν
3139 1310 3248 1363 τῶν
3280 1310 3509 1364 νεοττῶν
3536 1312 3682 1364 ἐστιν

2105 1403 2465 1468 ἀδικώτατος·
2520 1404 2612 1457 δύο
2658 1404 2768 1476 γάρ
2817 1407 3066 1477 ποιήσας,
3113 1404 3203 1457 τὸν
3245 1405 3345 1474 μὲν
3379 1404 3564 1474 ἓτερον
3600 1405 3680 1456 οἰ-

2106 1494 2370 1557 κειοῦται,
2421 1495 2511 1547 τὸν
2538 1496 2594 1547 δὲ
2631 1495 2816 1568 ἓτερον
2855 1495 3127 1566 μαστίζων
3163 1500 3276 1559 τοῖς
3304 1500 3522 1567 πτεροῖς
3543 1499 3680 1551 ἀπο-

2107 1587 2407 1659 πέμπεται,
2435 1587 2523 1640 διὰ
2558 1588 2658 1659 τῆς
2696 1590 2919 1659 τροφῆς,
2952 1588 3027 1653 ὡς
3048 1589 3199 1656 φασὶ,
3227 1590 3287 1642 τὸ
3309 1590 3581 1646 ἐπίπονον.
3619 1595 3682 1649 Ἦ

2104 1680 2161 1733 δὲ
2195 1681 2359 1751 φήνη,
2402 1680 2494 1733 τὸν
2535 1680 2940 1750 ἀποποιηθέντα
2982 1681 3247 1752 δεξαμένη
3270 1720 3284 1745 ,
3312 1685 3423 1747 τοῖς
3461 1686 3682 1750 οἰκείοις

2109 1770 2223 1841 ἅμα
2284 1771 2539 1843 ἐκτρέφει
2586 1776 2843 1835 νεοσσοῖς.
2900 1772 3115 1843 Θρὲψας
3172 1773 3229 1826 δὲ
3277 1773 3369 1828 τὸν
3399 1777 3613 1831 νεοττὸν
3655 1781 3685 1832 ό

421 1862 500 1918 vit
516 1862 917 1933 apprehensum
954 1862 1136 1916 volatu
1173 1860 1229 1914 in
1267 1860 1556 1915 sublimem
1588 1875 1769 1915 acrem
1802 1857 2001 1921 defert,

2106 1861 2285 1925 ἀετὸς,
2323 1863 2664 1928 συνίπταται,
2688 1863 2849 1916 αὑτὸν
2872 1863 3006 1933 πρὸς
3034 1863 3124 1915 τὸν
3147 1863 3338 1935 αἰθέρα
3361 1864 3677 1937 λαμβάνων·

420 1962 476 2009 et
498 1954 544 2009 si
559 1969 683 2009 eum
706 1955 971 2009 adversus
1002 1953 1134 2009 solis
1164 1954 1347 2007 radios
1373 1952 1528 2005 llrma
1554 1951 1670 2007 acie
1694 1952 1994 2005 intuentem

422 2046 795 2116 conspexerit,
826 2052 882 2101 et
911 2060 1040 2100 aera
1071 2045 1267 2116 pennis
1302 2045 1565 2099 audacter
1595 2051 1895 2104 secantem,
1925 2043 2005 2097 uti

421 2138 718 2209 gcnuinum
750 2139 848 2192 alit
878 2137 1145 2202 fovendo;
1187 2139 1234 2193 si
1262 2141 1645 2195 conniventem
1678 2138 2006 2191 humectan-

420 2237 639 2301 temque
680 2230 1145 2296 animadverterit,
1187 2229 1268 2284 uti
1303 2228 1672 2285 adulterinum
1708 2238 1872 2299 atque
1913 2226 2009 2282 de-

422 2335 678 2391 generem
704 2323 951 2394 expellit.

497 2412 705 2469 Ferunt
749 2415 989 2484 aquilam
1022 2414 1179 2469 senio
1208 2413 1516 2470 confectam
1559 2414 1844 2469 oculorum
1889 2411 2010 2466 acie

424 2503 679 2568 obtundi,
714 2504 939 2574 alasque
985 2504 1106 2573 ejus
1134 2505 1551 2575 ingravescere;
1580 2504 1709 2557 hinc
1738 2517 1859 2557 eam
1885 2499 2009 2556 fon-

422 2607 508 2653 tes
537 2598 887 2668 investigare,
919 2599 1239 2668 delatasque
1268 2600 1324 2651 in
1355 2612 1535 2653 aerem
1564 2598 1682 2650 alas
1716 2610 1745 2648 a
1775 2594 1892 2648 sole
1922 2593 2008 2647 in-

423 2704 623 2745 censas
666 2691 845 2753 exuri,
877 2697 931 2746 et
962 2690 1144 2746 visum
1191 2702 1543 2758 recuperare;
1592 2683 1793 2741 deinde
1823 2684 2009 2738 subito

427 2782 597 2850 petito
625 2779 796 2846 fonte,
832 2781 1057 2835 tertium
1096 2779 1292 2850 mergi,
1334 2785 1387 2832 et
1423 2776 1709 2841 renovari;
1745 2787 1916 2844 quare
1953 2778 2009 2826 et

424 2873 696 2943 psalmum
728 2872 935 2928 dixisse
969 2870 1194 2926 tradunt
1224 2889 1237 2925 :
1269 2867 1623 2924 Renovabitur
1648 2867 1785 2921 sicut
1810 2863 2004 2936 aquilae

416 2964 665 3033 juventus
691 2974 783 3019 tua
807 2965 873 3020 "’.

493 3164 695 3220 Yultur
722 3174 885 3221 vento
933 3166 1194 3237 concipit,
1241 3179 1417 3236 neque
1455 3178 1579 3219 cum
1625 3161 1764 3217 mari
1798 3176 2001 3235 corpus

422 3256 765 3325 ccmmiscet,
796 3257 1040 3326 vivitque
1074 3257 1233 3310 annis
1274 3264 1529 3319 centum;
1569 3253 1623 3307 in
1654 3253 1887 3308 excelsis
1916 3260 2005 3307 at-

421 3363 530 3420 que
554 3348 681 3403 altis
710 3348 942 3419 rupibus
975 3355 1278 3419 pernoctat,
1314 3355 1367 3402 et
1405 3361 1567 3402 nemo
1591 3346 1816 3401 ubinam
1847 3345 2005 3399 habi-

419 3446 520 3507 tet,
553 3443 842 3511 comperit.
871 3440 972 3496 Ubi
997 3441 1332 3511 conceperit,
1368 3441 1421 3494 in
1452 3437 1660 3493 Indiam
1697 3438 2007 3509 proﬁcisci-

420 3537 533 3596 tur,
586 3538 641 3586 et
676 3530 913 3601 lapidem
963 3546 1125 3601 quem
1170 3538 1369 3585 vocant
1414 3530 1693 3583 eutocium
1747 3528 2002 3598 suscipit,

423 3638 590 3694 super
622 3639 806 3693 quem,
842 3623 972 3677 dum
1002 3623 1289 3678 doloribus
1329 3631 1521 3691 partus
1566 3621 1870 3684 cruciatur,
1917 3635 2005 3675 se-

422 3713 514 3768 det
545 3722 601 3768 et
647 3716 813 3784 parit.
869 3713 966 3768 Est
995 3724 1176 3769 autem
1209 3714 1348 3783 lapis
1393 3714 1483 3768 hic
1525 3713 1795 3767 rotundus
1832 3712 2004 3767 veluti

423 3822 561 3871 nux,
609 3815 814 3861 etcum
846 3807 1111 3877 quatitur,
1147 3807 1313 3860 veluti
1341 3807 1770 3860 tintinnabulum
1801 3820 2003 3860 sonum

422 3897 558 3961 edit,
586 3896 695 3951 alio
728 3899 783 3951 in
826 3905 983 3951 utero
1024 3889 1201 3967 lapide
1239 3906 1490 3953 sonante.
1524 3897 1693 3951 Aiunt
1722 3898 2003 3952 vulturem

424 4006 585 4047 rosea
614 3999 889 4062 unguenta
916 3990 1205 4045 odoratum
1255 3990 1518 4057 interimi,
1568 4006 1750 4061 neque
1782 3990 2004 4056 semini,

424 4099 605 4155 neque
656 4086 856 4139 viventi
889 4099 1013 4139 esse
1065 4082 1457 4154 perniciosum,
1492 4082 1586 4138 sed
1623 4091 1679 4137 ct
1726 4089 2005 4135 mortuum

423 4191 588 4232 omne
626 4177 845 4231 volatile
888 4183 1112 4247 propter
1160 4174 1474 4230 afﬁnitatem
1514 4175 1831 4230 abhorrere.
1867 4174 2005 4228 Cum

330 4272 339 4281 '
422 4284 557 4324 vero
589 4268 840 4324 homines
874 4269 932 4323 in
965 4272 1137 4324 aciem
1175 4269 1548 4332 instruuntur,
1586 4269 1859 4338 sequitur,
1903 4283 2006 4323 nec

425 4363 496 4419 ab
524 4362 658 4429 illis,
689 4362 941 4417 carnium
971 4362 1110 4419 edax
1141 4377 1266 4418 cum
1311 4363 1403 4429 sit,
1434 4362 1790 4434 disjuugitur.

2112 1954 2205 2006 καὶ
2234 1956 2282 2006 εἰ
2303 1953 2546 2007 θεάσοιτο
2572 1954 2708 2025 πρὸς
2727 1954 2823 2024 τὴν
2839 1954 3196 2026 λαμπρότητα
3222 1955 3316 2008 τοῦ
3350 1956 3500 2027 ἡλίου
3523 1960 3684 2014 αὑτὸν
3728 1972 3733 1981 “

2108 2046 2505 2116 όξυοπήσαντα,
2554 2049 2647 2099 καὶ
2671 2048 2947 2119 εὐτόλμως
2986 2050 3077 2102 τὸν
3108 2050 3245 2122 ἀέρα
3272 2050 3679 2123 διανηχόμενον,

2106 2136 2180 2200 ὡς
2210 2138 2406 2190 οἰκεῖον
2432 2142 2792 2209 περιποιεῖται
2813 2156 2827 2169 ο
2859 2141 2908 2193 εἰ
2940 2138 2996 2193 δὲ
3027 2139 3212 2194 ἀτονον
3235 2141 3370 2213 πρὸς
3388 2143 3582 2212 ταῦτα,
3608 2146 3685 2211 ὡς

2107 2229 2261 2283 νόθον
2291 2230 2607 2285 ἀποϐάλλει.

2176 2407 2314 2460 Φασὶ
2343 2406 2453 2479 γὰρ
2475 2408 2798 2479 γηράσαντα
2847 2410 2939 2464 τὸν
2971 2410 3127 2465 ἀετὸν
3179 2414 3560 2487 ἀμαυροῦσθαι
3586 2416 3686 2482 τὰς

2108 2498 2279 2569 ὄψεις,
2333 2502 2428 2554 καὶ
2472 2501 2754 2573 βαρεῖσθαι
2805 2502 2967 2556 αὑτοῦ
3004 2505 3103 2569 τὰς
3146 2507 3444 2578 πτέρυγας,
3475 2510 3569 2562 καὶ
3604 2511 3684 2574 εἰς

2108 2594 2293 2664 πηγὴν
2352 2593 2716 2662 ἀφικνεῖσθαι,
2768 2596 2864 2648 καὶ
2895 2598 2975 2659 εἰς
3001 2597 3093 2650 τὸν
3133 2597 3326 2669 αἰθέρα
3389 2602 3686 2672 ἀνιπτάμε-

2108 2703 2219 2750 νον,
2250 2686 2356 2738 ὑπὸ
2386 2686 2478 2739 τοῦ
2503 2686 2651 2757 ἡλίου
2678 2687 2776 2751 τὰς
2801 2688 3078 2759 πτέρυγας
3108 2690 3560 2760 καταφλέγεσθαι,
3593 2695 3686 2749 καὶ

2108 2778 2465 2844 ἀναϐλέπειν,
2519 2775 2615 2832 εἶτ’
2671 2781 2833 2845 εὐθὺς
2871 2782 2965 2834 ἐπὶ
3003 2782 3102 2853 τὴν
3147 2785 3328 2855 πηγὴν
3373 2787 3687 2844 καταϐάντα

2105 2869 2287 2940 τρίτον
2344 2869 2721 2941 βαπτίζεσθαι,
2771 2873 2863 2925 καὶ
2906 2872 3291 2927 ἀνανεοῦσθαι·
3343 2875 3422 2929 διὸ
3462 2878 3556 2930 καὶ
3597 2879 3687 2933 τὸν

2106 2959 2320 3031 ψαλμὸν
2336 2962 2566 3031 φάσκειν
2588 2962 2768 3031 φασίν·
2804 2963 3390 3033 Ἀνακαινισθήσεται
3411 2968 3491 3034 ὡς
3508 2969 3685 3024 ἀετοῦ

2108 3054 2149 3121 ’ἠ
2182 3053 2397 3120 νεότης
2434 3069 2573 3107 σου.

2200 3145 2258 3198 ὐ
2288 3145 2343 3198 δὲ
2374 3145 2484 3216 γὺψ
2527 3146 2822 3217 ὑπηνέμιον
2856 3147 2955 3219 τὴν
2986 3148 3147 3221 γονὴν
3186 3150 3465 3223 κέκτηται,
3500 3153 3595 3208 κα)⁸
3625 3156 3686 3208 ού

2108 3237 2365 3307 γινώσκει
2383 3239 2669 3292 συνουσίαν
2698 3240 2946 3311 ἄρρενος,
2966 3242 3058 3294 καὶ
3087 3243 3279 3297 ἑκατὸν
3306 3244 3376 3297 τά
3411 3244 3507 3316 ἐτη
3558 3245 3686 3316 βιοῖ.

2108 3330 2397 3395 Δύλίζεται
2457 3330 2514 3384 δὲ
2569 3332 2661 3384 ἐπὶ
2693 3332 2799 3384 τῶν
2832 3331 3071 3404 ὑψηλῶν,
3124 3336 3218 3388 καὶ
3249 3335 3559 3409 μετεώρων,
3594 3341 3688 3394 καὶ

2108 3423 2283 3486 οὐδεὶς
2329 3419 2438 3476 οἶδε
2500 3423 2606 3476 ποῦ
2654 3427 2799 3477 ποιεῖ
2837 3424 2935 3496 τὴν
2968 3427 3306 3499 κατοίκησιν.
3349 3430 3460 3483 Καὶ
3492 3430 3687 3500 ἔγγυος

2107 3515 2395 3585 γενόμενος
2425 3515 2718 3585 πορεύεται
2745 3518 2827 3579 εἰς
2855 3516 2954 3588 τὴν
2988 3517 3236 3589 Ἰνδικὴν,
3274 3520 3369 3574 καὶ
3397 3519 3576 3575 λαϐὼν
3594 3523 3687 3575 τὸν

2108 3606 2350 3659 εὑτόκιον
2384 3605 2530 3659 λίθον
2553 3605 2693 3660 οὕτω
2725 3604 3077 3679 καλούμενον,
3114 3610 3298 3663 ἐπάνω
3341 3610 3508 3664 αὐτοῦ
3535 3612 3690 3666 καθέ-

2108 3695 2257 3759 ζεται
2292 3696 2649 3767 συνεχόμενος
2691 3697 2865 3759 ὠδῖσι,
2908 3698 3002 3750 καὶ
3039 3699 3338 3754 ἀποτίκτει.
3386 3702 3544 3754 Ἐστι
3580 3701 3638 3755 δὲ
3661 3704 3689 3754 ό

2108 3786 2256 3849 λίθος
2307 3785 2611 3858 περιφερὴς
2672 3787 2747 3851 ὡς
2803 3789 3027 3860 κάρυον,
3074 3791 3169 3844 καὶ
3214 3791 3527 3862 κινούμενος
3555 3790 3688 3865 ἦχον

2107 3878 2381 3948 ἐκπέμπει
2431 3878 2505 3941 ὡς
2543 3878 2751 3944 κώδων,
2798 3879 3008 3936 ἔνδοθεν
3036 3882 3222 3954 ἐτέρου
3262 3882 3411 3937 λίθου
3435 3887 3688 3958 κινουμιὲ⁴

2108 3987 2223 4024 νου.
2256 3972 2394 4024 Φασὶ
2432 3973 2489 4025 δὲ
2537 3973 2629 4025 τὸν
2673 3973 2823 4043 γῦπα
2863 3974 2931 4029 τὰ
2975 3974 3159 4045 ῥόδινα
3212 3976 3359 4047 μύρα
3398 3978 3688 4049 χρισθέντα

2107 4061 2476 4135 ἀποθνήσκειν
2495 4082 2507 4093 ·
2536 4066 2826 4137 σπέρματα
2857 4066 2914 4119 δὲ
2949 4067 3023 4138 μὴ
3053 4066 3309 4137 βλάπτειν
3330 4069 3513 4134 αὐτὸν,
3551 4070 3686 4141 μηδέ

2106 4171 2159 4207 τι
2188 4154 2427 4226 ἔμψυχον
2457 4154 2918 4227 διαλυμαίνεσθαι,
2950 4160 3044 4211 καὶ
3078 4159 3212 4232 μηδὲ
3239 4160 3422 4232 νεκρῷ
3450 4163 3686 4234 προσέρ-

2107 4247 2298 4317 χεσθαι
2326 4248 2555 4318 πετεινῷ
2570 4248 2656 4302 διὰ
2673 4250 2770 4320 τὴν
2802 4250 3140 4319 συγγένειαν.
3183 4252 3374 4306 Ἢνίκα
3398 4252 3474 4317 δὲ,
3500 4254 3685 4321 φασὶν,

2107 4337 2301 4408 ἄνδρες
2329 4339 2411 4401 εἰς
2439 4339 2674 4409 πόλεμον
2715 4341 3175 4411 παρατάσσονται,
3205 4343 3560 4397 ἐπακολουθεῖ
3590 4346 3688 4398 αὺ-

2107 4433 2239 4495 τοῖς,
2271 4430 2366 4483 κα“ι
2393 4431 2493 4485 οὐκ
2522 4432 2838 4501 ἀφίσταται,
2873 4434 3206 4506 σαρκοϐόρος
3230 4434 3324 4489 ὥν.

496 4544 738 4601 Ciconiae
772 4559 1048 4600 consensu
1097 4559 1205 4599 uno
1235 4554 1288 4599 et
1319 4543 1549 4598 veniunt
1581 4552 1636 4599 et
1667 4541 1998 4611 discedunt;

2180 4525 2243 4577 Οἰ
2265 4523 2322 4577 δὲ
2350 4523 2614 4597 πελαργοί
2646 4525 2739 4578 καί⁵
2773 4526 2852 4578 ἐνὶ
2880 4526 3205 4598 ἐπιδημοῦσι
3235 4527 3562 4599 συνθήματι,
3596 4530 3688 4583 καὶ

424 4639 523 4695 has
555 4638 997 4694 concomitantur
1030 4636 1364 4707 coturnices,
1412 4645 1485 4699 et,
1517 4642 1579 4690 ut
1607 4650 1705 4706 par
1737 4644 1842 4700 est,
1876 4651 2003 4690 cum

420 4733 535 4791 illis
576 4731 772 4786 avibus
826 4729 1057 4785 infensis
1107 4728 1272 4784 simul
1326 4728 1466 4783 bella
1519 4736 1747 4798 gerunt;
1803 4728 2005 4785 sauciae

420 4823 625 4880 etenim
650 4827 1024 4876 revertuntur.
1051 4819 1292 4874 Ciconiae
1315 4818 1368 4873 in
1394 4827 1613 4874 senecta
1636 4834 1827 4889 pennae
1855 4818 2007 4873 exci-

420 4920 582 4986 dunt,
611 4922 668 4971 et
711 4915 806 4969 ﬁlii
856 4914 1086 4970 suismet
1131 4914 1233 4968 alis
1274 4913 1674 4967 circumdatam
1708 4911 1915 4975 fovent,
1951 4918 2006 4966 et

421 5011 610 5066 cibum
668 5009 890 5064 abunde
942 5006 1197 5076 lauteque
1246 5006 1706 5072 subministrant;
1762 5005 1815 5059 in
1882 5005 2003 5074 ipso

418 5104 551 5158 item
577 5101 762 5158 volatu
799 5100 1005 5157 sensim
1047 5100 1309 5172 utrinque
1333 5116 1455 5156 eam
1486 5101 1841 5157 sublevantes
1873 5099 2000 5165 alis,

416 5193 729 5253 subsidium
764 5194 842 5248 illi
874 5199 1158 5263 prmstaut.

494 5459 671 5518 Grues
699 5461 864 5516 simul
896 5476 1091 5516 omnes
1122 5475 1277 5532 aequa
1319 5460 1528 5516 ratione
1558 5460 1781 5525 volant;
1831 5460 2003 5529 agmi-

424 5552 512 5608 nis
542 5554 653 5607 dux
687 5560 741 5609 et
771 5552 1061 5624 praefectus
1091 5569 1199 5607 una
1232 5568 1422 5607 earum
1455 5559 1560 5619 est,
1588 5567 1711 5623 quae
1742 5552 1834 5606 ubi
1867 5564 2005 5621 prte—

426 5644 634 5712 scripto
658 5654 898 5715 tempore
916 5645 1093 5711 duxit,
1120 5644 1173 5701 in
1204 5651 1507 5702 extremum
1533 5645 1764 5717 agminis
1789 5644 2001 5708 abiens,

503 5818 546 5849 "
569 5814 722 5871 Psal.
743 5833 837 5892 cu,
865 5818 918 5873 εἰ.

2108 4618 2185 4671 ἐνὶ
2218 4615 2533 4687 ἀπαίρουσι.
2582 4616 2973 4687 Προπέμπουσί
3012 4634 3070 4670 τε
3102 4619 3297 4682 αὐτοὺς
3334 4622 3391 4672 αἱ
3429 4619 3685 4691 κορῶναι,

2107 4709 2222 4773 καὶ,
2255 4708 2331 4771 ὡς
2363 4708 2527 4773 εἰκὸς,
2567 4709 2940 4780 συμμαχοῦσιν
2969 4710 3153 4775 αὐτοῖς
3186 4711 3321 4781 πρός
3349 4729 3500 4776 τινας
3527 4712 3688 4766 πολε-

2110 4804 2263 4875 μίους
2313 4801 2560 4873 ὄρνιθας·
2611 4804 3144 4875 τετραυματισμέναι
3194 4806 3304 4878 γὰρ
3357 4808 3686 4878 ἐπανέρχον-

2104 4913 2215 4950 ται.
2266 4896 2390 4948 Ἐἀν
2437 4894 2493 4948 δὲ
2535 4895 2753 4967 γηράσῃ
2796 4897 2824 4948 ό
2867 4895 3160 4967 πελαργὸς,
3204 4901 3546 4971 πτερορρυεῖ,
3592 4900 3688 4952 καὶ

2104 4992 2174 5046 τὰ
2226 4990 2391 5043 τέκνα
2425 4988 2588 5041 αὐτοῦ
2654 4988 2989 5057 περιστάντα
3032 4991 3144 5052 τοῖς
3194 4990 3415 5053 οἰκείοις
3468 4995 3690 5063 πτεροῖς

2108 5081 2520 5154 περιθάλπουσι,
2556 5081 2649 5134 καὶ
2679 5081 2778 5143 τὰς
2804 5080 3011 5152 τροφὰς
3040 5080 3290 5150 ἀφθόνως
3316 5084 3687 5154 παρέχουσιν·

2106 5178 2162 5228 ἐν
2195 5177 2252 5229 δὲ
2280 5178 2348 5247 τῇ
2399 5178 2593 5246 πτήσει
2645 5173 2997 5228 ὑποκάτωθεν
3030 5175 3194 5228 αὑτὸν
3226 5175 3688 5243 ὑποϐαστάζουσι,

2105 5267 2335 5331 καὶτοῖς
2372 5267 2521 5330 ἰδίοις
2568 5269 2786 5338 πτεροῖς
2824 5266 3006 5339 ἡρέμα
3037 5267 3198 5321 αὐτὸν
3232 5269 3691 5341 ὑποκουφίζουσιν

2106 5361 2464 5433 ἑκατέρωθεν.

2174 5453 2241 5504 Αἰ
2270 5451 2325 5504 δὲ
2357 5451 2575 5522 γέρανοι
2617 5448 2753 5523 ὁμοῦ
2798 5451 2969 5504 πᾶσαι
3003 5452 3061 5518 ἐξ
3104 5449 3219 5505 ἴσου
3258 5452 3535 5518 ῖπτανται,
3589 5452 3691 5524 μία

2104 5544 2161 5598 δέ
2185 5545 2501 5615 προηγεῖται
2532 5542 2730 5607 αὐτῶν,
2776 5542 2874 5596 καὶ
2916 5543 3115 5597 τακτόν
3155 5561 3276 5598 τινα
3301 5547 3494 5619 χρόνον
3518 5563 3690 5620 προη-

2106 5634 2391 5707 γησαμένη
2423 5635 2502 5697 εἰς
2547 5635 2607 5686 τὸ
2639 5634 2866 5689 κατόπιν
2900 5634 3258 5707 περιελθοῦσα
3282 5641 3349 5710 τῇ
3372 5638 3491 5711 μετ’
3517 5637 3686 5709 αὐτὴν
