4112 6416
526 430 628 486 733

1451 422 1721 485 SPURIA.
1746 460 1807 473 -
1840 429 2194 489 COMMENT.
2234 435 2298 489 IN
2340 433 2830 493 llEXAEMERON.

3659 442 3765 499 756

520 547 621 618 τὴν
646 545 939 616 ἡγεμονίαν
962 545 1061 615 τῆς
1083 545 1205 600 ὀδοῦ
1237 545 1618 617 παραδίδωσιν.
1662 548 1749 600 Ἐν
1780 550 1839 602 δὲ
1867 549 1945 619 τῷ
1970 550 2088 604 καθ-

2206 553 2393 622 ιπῐωιε
2438 561 2561 625 post
2598 570 2657 610 se
2681 550 2985 609 ducendum
3032 571 3224 625 agmen
3261 557 3568 613 committit.
3622 558 3761 613 Dum

522 639 695 694 εύδειν
734 640 769 709 ἡ
806 639 904 708 μία
933 638 1059 702 ὅλας
1108 637 1455 709 περιέρχεται
1505 640 1950 712 ἁσφαλιζομένηο
2001 642 2096 697 καὶ

522 734 739 791 ἐπειδὰν
769 734 828 788 τὸ
860 735 1055 805 μέτρον
1094 734 1156 786 τὸ
1186 734 1387 805 ἀρκοῦν
1410 734 1502 788 τοῦ
1550 734 1917 806 διαστήματος
1955 736 2094 809 πλη-

525 825 745 897 ρώσασα
781 824 970 897 βοήσῃ,
996 825 1128 896 πρὸς
1146 823 1312 878 ὑπνον
1339 824 1620 895 τρέπεται,
1645 825 1740 878 καὶ
1764 825 1899 897 άλλη
1932 826 2095 881 πάλιν

518 916 822 986 διαδέχεται
846 917 946 986 τὴν
973 915 1227 986 τοιαύτην
1261 916 1584 986 ὑπηρεσίαν.

588 1008 661 1062 Τὸ
703 1009 760 1061 δὲ
819 1007 925 1060 τῶν
974 1007 1154 1077 χηνῶν
1186 1008 1338 1076 γένος
1372 1008 1605 1078 ὑπάρχει
1650 1007 1947 1078 ἄγρυπνον,
1994 1008 2089 1062 καὶ

515 1092 773 1166 ὀξυήκοον
805 1094 1013 1163 ταχέως
1041 1093 1146 1146 τῶν
1163 1095 1491 1166 προσιόντων
1524 1095 1727 1158 ἁπλῶς,
1761 1095 1794 1165 ἦ
1828 1096 1935 1149 τῶν
1975 1099 2092 1151 ἐπι-

515 1186 719 1239 ϐούλων
731 1185 828 1256 τὴν
845 1186 1031 1255 ἔφοδον
1050 1185 1432 1257 αἰσθανομένη.
1463 1187 1650 1251 Οὕτως
1671 1185 1801 1254 γοῦν
1818 1187 2088 1257 πολεμίων

510 1278 674 1333 τινῶν
696 1279 763 1331 δι’
799 1279 1082 1349 ὑπονόμων
1113 1278 1439 1341 ὑποδύντων,
1494 1277 1587 1329 καὶ
1644 1278 1945 1349 μελλόντων
1977 1297 2090 1349 χει-

514 1368 740 1441 ροῦσθαι
786 1368 1001 1440 Ῥώμην
1030 1369 1129 1440 τὴν
1186 1368 1567 1441 μεγαλόπολιν,
1600 1363 1745 1424 οὗτοι
1790 1373 1855 1441 τῇ
1885 1374 2085 1442 φυσικῇ

509 1459 729 1531 ὀξύτητι
792 1461 892 1530 τῆς
947 1460 1248 1529 αἰσθήσεως
1306 1458 1730 1532 περιεσώσαντο,
1791 1464 1857 1532 τῇ
1914 1460 2089 1533 ἀθρόᾳ

510 1553 662 1622 φωνῇ
688 1551 1017 1623 παραδόντες
1037 1553 1162 1615 τοὺς
1193 1551 1513 1615 ἐπιϐούλους
1543 1556 1655 1616 τοῖς
1686 1552 1938 1622 φύλαξιν.

592 1641 831 1695 Ἀλκυών
858 1645 973 1695 ἐστι
1002 1642 1282 1696 θαλάττιον
1304 1643 1509 1715 ὄρνεον,
1533 1643 1624 1696 καὶ
1654 1642 1803 1713 παρὰ
1837 1643 1961 1706 τοὺς
1986 1643 2087 1713 τῆς

510 1734 781 1806 θαλάττης
810 1734 1051 1788 νοσσεύει
1087 1734 1386 1803 αἰγιαλοὺς,
1407 1733 1501 1787 τοῦ
1527 1734 1791 1805 χειμῶνος
1824 1736 2085 1804 μεσάςον-

507 1844 622 1890 τος.
649 1827 815 1881 Ὅταν
833 1824 925 1881 οὖν
949 1828 1280 1899 ἐπωάζηται,
1302 1828 1352 1880 οἱ
1381 1828 1476 1899 μὲν
1503 1828 1691 1898 ἄνεμοι
1724 1824 2082 1897 κοιμίζονται,

510 1921 617 1992 ἡδὲ
638 1921 875 1975 θάλαττα
900 1922 1140 1992 γαλήνην
1189 1920 1301 1992 ἔχει
1354 1919 1642 1991 σταθερὰν,
1678 1920 1837 1991 ἄχρις
1859 1918 2085 1991 ἡμερῶν
2119 1901 2160 1959 Β

507 2011 668 2076 ἑπτά,
696 2013 758 2066 τὸ
785 2014 913 2079 πρὶν
942 2014 1157 2084 ἀνέμων
1191 2012 1432 2083 σφοδρῶν
1459 2011 1834 2083 ταραττόντων
1867 2012 1965 2082 τὴν
1994 2010 2090 2064 θά-

506 2103 724 2158 λατταν.
772 2104 1018 2159 Ἐπειδὰν
1049 2099 1141 2159 οὖν
1188 2103 1493 2177 περιγλύψῃ
1529 2104 1655 2167 τοὺς
1695 2103 1943 2166 νεοττοὺς
1984 2102 2097 2161 σπά-¹

507 2193 589 2248 λιν
609 2195 773 2259 ἄλλας
818 2195 955 2248 έπτά
1002 2196 1233 2267 ἡμέρας,
1257 2197 1285 2248 6
1311 2195 1441 2259 Θεὸς
1477 2193 1737 2267 νηνεμίαν
1768 2194 2084 2266 παρέχεται,

504 2287 612 2353 ἓως
636 2288 880 2361 ἐκθρέψῃ
904 2290 1029 2352 τοὺς
1051 2290 1322 2354 νεοττούς.

575 2381 799 2454 Δολερὸν
830 2385 859 2437 6
891 2383 1097 2454 πέρδιξ,
1127 2383 1220 2435 καὶ
1251 2381 1581 2454 ζηλότυπον,
1612 2381 1707 2434 καὶ⁸
1755 2379 2083 2452 κακοῦργον,

508 2474 876 2543 συμπράττων
907 2477 1019 2537 τοῖς
1062 2474 1351 2545 θηρευ-ιαῖς
1380 2472 1517 2544 πρὸς
1540 2471 1637 2544 τὴν
1669 2472 1865 2543 ἄγραν.
1910 2471 2086 2524 Ἀλλό-

508 2580 634 2637 τρια
680 2564 737 2618 δὲ
772 2564 1017 2619 κλέπτων
1067 2566 1150 2619 ώὰ
1184 2567 1519 2629 νοσσοποιεῖ,
1565 2565 1657 2617 καὶ
1688 2564 2010 2634 αὐξηθέντες
2035 2566 2084 2618 οἱ

510 2656 730 2721 νεοττοὶ,
767 2655 995 2717 ἕκαστος
1025 2657 1165 2710 κατὰ
1197 2657 1351 2726 γένος
1391 2656 1527 2727 πρὸς
1556 2655 1681 2718 τοὺς
1706 2655 1938 2719 οἰκείους
1970 2654 2085 2709 ἁνί-

504 2765 724 2814 πταται,
753 2750 844 2802 καὶ
870 2748 1072 2821 ἔρημον
1104 2750 1263 2802 αὑτὸν
1306 2749 1829 2819 καταλιμπάνουσιν.

574 2840 784 2909 Λάγνον
816 2841 1130 2912 περιστερά.
1172 2841 1326 2895 Ἐστι
1358 2840 1414 2893 δὲ
1452 2841 1667 2913 δένδρον
1697 2842 1755 2892 ἐν
1787 2842 1852 2911 τῇ
1888 2839 2080 2911 Ἰνδικῇ

504 2932 835 3004 καλούμενον
875 2931 1196 3003 περιδέξιον,
1239 2933 1456 3000 γλυκεῖς
1486 2932 1649 3003 φέρον
1689 2924 1956 3003 καρποὺς,
1990 2933 2083 2985 καὶ

501 3025 677 3096 τούτῳ
712 3026 769 3077 αἱ
816 3026 1133 3096 ’περιστεραὶ⁸
1159 3024 1474 3096 τέρπονται,
1510 3023 1603 3076 καὶ
1649 3022 2081 3095 καταικηνοῦσιν

506 3116 592 3169 ἐπ’
622 3114 806 3169 αὑτοῦ.
829 3116 986 3169 Ἐστι
1005 3116 1061 3168 δὲ
1092 3118 1120 3168 6
1140 3115 1353 3185 δράκων
1376 3115 1569 3184 ὲχθρος
1599 3113 1699 3183 τῆς
1730 3114 2077 3184 περιστερᾶς,

502 3208 598 3261 καὶ
625 3205 878 3270 δεδοικὼς
900 3207 962 3259 τὸ
985 3206 1197 3276 δένδρον
1228 3206 1328 3257 οὑκ
1354 3204 1643 3275 ἐπέρχεται
1662 3221 1675 3233 °
1712 3206 1791 3267 εἰς
1828 3198 1938 3256 οἷον
1970 3202 2079 3298 γὰρ
2107 3242 2149 3298 C

507 3296 673 3368 μέρος
717 3295 812 3348 τοῦ
838 3295 1057 3366 δένδρου
1092 3296 1124 3365 ἡ
1157 3294 1284 3347 σκιά
1316 3294 1563 3364 γένηται,
1592 3294 1619 3346 6
1650 3294 1866 3365 δράκων
1892 3292 2080 3362 φεύγει

503 3385 855 3456 φοϐούμενος.
889 3389 953 3439 Αἱ
988 3386 1047 3439 δὲ
1095 3386 1418 3457 περιστεραὶ
1473 3388 1552 3449 εἰς
1578 3386 1638 3438 τὸ
1684 3385 1864 3448 κλίτος
1906 3387 2085 3437 έκεῖνο

501 3479 600 3548 τῆς
623 3479 782 3541 σκιᾶς
804 3477 1183 3549 μεθίστανται·
1218 3477 1311 3529 ὲὰν
1328 3476 1436 3548 γὰρ
1458 3475 1767 3547 χωρισθῶσι
1792 3477 1890 3546 τῆς
1925 3477 2083 3539 σκιᾶς

500 3566 848 3639 ἀναιροῦνται
874 3567 979 3619 ὑπὸ
1005 3566 1100 3619 τοῦ
1128 3567 1437 3638 δράκοντος.
1464 3568 1564 3621 Οἴα
1597 3566 1653 3619 δέ
1680 3568 1827 3619 ἐστιν
1858 3570 1890 3639 ἡ
1924 3566 2084 3635 φύσις

499 3660 600 3732 τῆς
628 3662 954 3732 περιστερᾶς
1003 3659 1276 3730 θαυμάσαι
1302 3660 1480 3725 ἄξιον·
1512 3661 1602 3714 τὸν
1630 3659 1737 3733 γάρ
1770 3659 1990 3730 αὐχένα,
2027 3661 2083 3712 ὲν

496 3751 749 3822 ἡλιακαῖς
795 3750 1271 3821 καταλαμφθέντα,
1316 3753 1536 3823 μυρίαις
1564 3751 1871 3823 χρωμάτων
1919 3750 2083 3815 ἰδέαις

499 3841 906 3912 ποικιλλόμενον
961 3841 1221 3905 δείκνυσι,
1272 3842 1517 3913 φοινικῷ,
1561 3841 1775 3913 κυανῷ,
1812 3840 2079 3913 πυρωπῷ,

495 3931 885 4005 ἀνθρακοειδεῖ,
905 3932 1070 4003 ὠχρῷ
1104 3949 1163 3985 τε
1194 3933 1287 3986 καὶ
1319 3931 1557 4005 ἐρυθρῷ,
1587 3933 1682 3988 καὶ
1733 3933 1912 3997 ἄλλοις
1944 3950 2084 3986 παν-

496 4026 747 4088 τοδαποῖς
778 4024 1053 4098 χρώμασι.

566 4117 883 4171 Φιλὸτεκνον
926 4118 961 4186 ὴ
999 4115 1212 4188 κορώνη
1258 4116 1351 4171 καὶ
1397 4117 1727 4190 μόνανδρον·
1769 4118 2085 4190 ἐκθρέψασα

496 4209 610 4283 γάρ
642 4211 768 4273 τοὺς
782 4211 1049 4273 νεοττοὺς,
1068 4210 1338 4281 κηδομένη
1372 4209 1548 4263 αὐτῶν
1573 4212 1635 4263 οὑ
1668 4210 1901 4264 παύεται
1959 4211 2085 4284 τρέ-

498 4318 673 4370 φουσα
700 4302 915 4368 αὑτοὺς,
946 4301 1039 4354 καὶ
1071 4301 1159 4354 ἀεὶ
1192 4302 1561 4373 συνιπταμένη
1593 4304 1795 4366 αὑτοῖς.

578 4392 637 4445 '0
691 4391 747 4446 δὲ
798 4390 1126 4464 νυκτικόραξ
1178 4393 1329 4462 φίλον
1376 4394 1493 4447 ἐστὶ
1526 4393 1627 4464 τῆς
1668 4391 1860 4458 νυκτὸς
1901 4394 1933 4465 ἢ
1984 4394 2083 4465 τῆς

495 4483 729 4556 ἡμέρας·

2196 645 2495 712 dormiunt,
2535 661 2644 700 una
2695 662 2887 701 omnes
2938 645 3277 703 defendendo
3326 649 3613 722 circumit;
3668 650 3761 705 ubi

2197 754 2509 793 mensuram
2568 739 2728 807 spatii
2774 738 2956 792 datam
2998 739 3315 807 expleverit,
3367 743 3655 806 acclamat,
3705 750 3761 798 et

2194 842 2444 881 somnum
2472 829 2637 897 capit,
2681 835 2735 882 et
2771 829 2877 884 alia
2915 844 3111 883 rursus
3137 829 3501 886 intermissam
3536 835 3763 902 provin-

2192 918 2335 972 ciam
2369 918 2732 972 administrat.

2262 998 2357 1056 Est
2380 1012 2434 1056 et
2458 1005 2637 1057 anseri
2662 1005 2787 1075 vigil
2817 1021 2968 1068 cura,
3004 1012 3058 1061 et
3082 1007 3235 1060 velox
3263 1008 3513 1063 audiendi
3537 1026 3756 1078 sensus,

2190 1093 2267 1147 ita
2299 1101 2357 1146 ut
2387 1096 2468 1149 vel
2498 1097 2672 1148 solum
2706 1097 2989 1164 adeuntes,
3038 1099 3185 1168 ipsos
3213 1099 3377 1152 etiam
3418 1101 3763 1160 insidiatores

2191 1184 2483 1250 irruentes,
2513 1184 2955 1255 deprehendant;
2992 1188 3096 1240 hac
3142 1188 3309 1258 igitur
3338 1190 3551 1245 ratione
3593 1193 3764 1248 hosti-

2189 1276 2293 1330 bus
2327 1292 2423 1345 per
2471 1279 2756 1332 cuniculos
2808 1278 3094 1349 ingressis,
3142 1290 3196 1333 et
3226 1279 3457 1336 Romam
3508 1299 3757 1354 magnam

2188 1368 2376 1421 urbem
2402 1378 2615 1423 vastare
2642 1372 2997 1433 tentantibus,
3038 1371 3093 1424 hi
3142 1387 3337 1429 sensus
3367 1377 3603 1429 naturali
3643 1378 3763 1432 acie

2188 1458 2511 1513 incolumem
2566 1468 2872 1527 servarunt,
2919 1464 3200 1532 repentina
3236 1480 3371 1521 voce
3411 1468 3762 1525 insidiatores

2187 1552 2510 1607 custodibus
2541 1554 2854 1623 prodentes.

2257 1642 2484 1713 Aleyon,
2530 1644 2738 1697 marina
2768 1645 2905 1708 avis,
2955 1648 3133 1701 media
3184 1648 3358 1705 hieme
3401 1652 3548 1705 circa
3592 1653 3762 1710 maris

2186 1748 2337 1788 oram
2372 1735 2623 1803 fetilicat;
2650 1752 2774 1790 cum
2806 1737 2990 1807 itaque
3018 1754 3119 1793 ova
3149 1739 3390 1806 incubat,
3425 1744 3572 1797 venti
3610 1759 3763 1799 com-

2186 1827 2516 1896 primuntur,
2549 1842 2699 1880 mare
2747 1827 2864 1882 sine
2895 1828 3003 1881 ulla
3051 1832 3463 1898 perturbatione
3511 1850 3607 1904 per
3640 1836 3760 1893 dies

2189 1926 2394 1987 septem
2433 1919 2835 1988 tranquillatur,
2865 1936 2989 1974 cum
3019 1930 3176 1976 antea
3202 1924 3554 1982 validissimis
3585 1929 3760 1985 ventis

2192 2023 2523 2064 concussum
2572 2010 2976 2066 intumesceret.
3020 2010 3317 2084 Postquam
3360 2016 3548 2071 eduxit
3579 2019 3759 2088 pullos

2189 2115 2285 2169 per
2317 2101 2456 2155 alios
2491 2112 2696 2172 septem
2730 2103 2868 2169 dies,
2907 2103 3001 2159 Dei
3044 2122 3291 2171 munere,
3344 2110 3494 2163 nulla
3542 2127 3609 2165 ne
3652 2113 3758 2165 mi-

2189 2191 2335 2245 nima
2364 2192 2582 2262 quidem
2612 2209 2744 2249 aura
2786 2194 2984 2254 ﬂuctus
3027 2208 3332 2254 commovet
3361 2202 3602 2271 quandiu
3632 2204 3749 2273 pul-

2189 2283 2271 2339 los
2306 2285 2423 2340 alit.

2257 2373 2461 2430 Perdix
2490 2377 2636 2444 dolo,
2672 2380 3051 2436 obtrectationi
3078 2391 3132 2438 et
3160 2384 3380 2440 malitiae
3413 2385 3603 2454 servit,
3626 2401 3753 2441 cum

2187 2466 2323 2537 ipsis
2345 2470 2669 2525 venantibus
2702 2472 2904 2526 auxilio
2942 2474 3048 2539 sit;
3078 2474 3254 2528 aliena
3283 2490 3385 2529 ova
3411 2476 3550 2529 clam
3574 2485 3763 2546 erepta

2184 2560 2399 2628 educit;
2445 2560 2537 2616 ubi
2568 2577 2696 2617 vero
2726 2564 2858 2633 pulli
2897 2564 3253 2631 adoleverint,
3289 2567 3357 2620 ad
3390 2582 3519 2622 suos
3562 2582 3755 2623 secun-

2185 2649 2313 2704 dum
2361 2667 2532 2721 genus
2576 2663 2828 2721 parentes
2876 2654 3151 2721 advolant,
3184 2673 3412 2728 eamque
3460 2657 3660 2713 nudam
3702 2665 3759 2713 et

2185 2755 2412 2795 vacuam
2446 2742 2775 2803 destituunt.
3019 2794 3031 2806 ,

2255 2830 2585 2889 Libidinosa:
2629 2836 2916 2891 columbae.
2978 2837 3155 2894 Arbor
3197 2841 3374 2895 estin
3428 2838 3612 2895 indica
3666 2856 3757 2897 re-

2182 2925 2361 2994 gione,
2403 2942 2566 2995 quam
2596 2935 2791 2982 vocant
2817 2928 3156 2998 peridexion,
3189 2929 3382 2987 dulces
3419 2930 3605 2986 ferens
3639 2930 3759 2986 fru-

2182 3025 2337 3083 ctus;
2366 3016 2467 3071 hac
2497 3017 2762 3074 columba:
2821 3020 3058 3090 gaudent
3091 3031 3143 3075 et
3189 3021 3245 3074 in
3294 3038 3357 3077 ea
3407 3036 3754 3078 commoran-

2181 3115 2290 3162 tur.
2323 3107 2592 3164 Caeterum
2623 3111 2811 3174 draco,
2845 3112 3112 3166 columbis
3153 3112 3423 3177 infensus,
3478 3124 3622 3168 metu
3666 3113 3763 3169 de-

2183 3201 2353 3254 clinat
2382 3202 2672 3269 arborem;
2709 3219 2925 3272 semper
2954 3205 3099 3263 enim
3133 3205 3329 3261 timore
3363 3207 3432 3259 ab
3470 3221 3535 3260 ca
3583 3215 3761 3276 parte.

2185 3292 2352 3345 draco
2376 3294 2686 3360 expellitur,
2712 3309 2873 3363 quam
2910 3296 3073 3349 arbor
3110 3297 3313 3363 patulis
3363 3296 3560 3351 diﬂ‘usa
3592 3297 3761 3353 ramis

2185 3389 2400 3453 opacat.
2448 3381 2554 3437 Sed
2598 3384 2862 3438 columbae
2895 3400 3013 3439 eam
3048 3386 3253 3440 umbra:
3289 3395 3495 3455 partem
3542 3397 3760 3443 sectan-

2187 3479 2307 3526 tur:
2348 3473 2394 3525 si
2423 3475 2569 3527 enim
2617 3474 2685 3527 ab
2723 3489 2787 3527 ea
2831 3484 3174 3544 separentur,
3225 3490 3255 3529 a
3291 3476 3529 3531 dracone
3560 3478 3760 3535 interi-

2186 3571 2430 3618 muntur.
2464 3563 2635 3635 Digna
2665 3579 2797 3619 sane
2824 3574 2907 3619 est
2936 3580 3043 3636 qua
3068 3580 3510 3620 commoveantur
3538 3568 3754 3624 colum-

2187 3656 2269 3711 hze
2306 3657 2761 3723 natura;co|lum
2795 3659 2927 3713 solis
2970 3658 3142 3713 radiis
3180 3659 3511 3713 illustratum
3547 3662 3759 3720 crebris

2185 3750 2455 3814 colorum,
2494 3749 2775 3819 purpurei,
2816 3730 3030 3821 cyanei,
3077 3749 3240 3819 ignei,
3288 3750 3454 3805 veluti
3499 3753 3756 3810 carbonis

2183 3843 2479 3906 rutilantis,
2509 3843 2661 3908 lutei,
2694 3844 2868 3909 rubei,
2900 3849 2955 3897 et
2981 3842 3315 3913 reliquorum
3345 3846 3589 3897 omnium
3634 3862 3756 3898 mu-

2183 3935 2486 3990 tationibus
2513 3950 2577 3989 ac
2607 3935 2892 4004 speciebus
2924 3934 3213 4005 ﬁguratum
3246 3936 3602 4005 spectandum
3630 3951 3757 4006 pro-

2182 4026 2358 4097 ponit.

2255 4117 2458 4171 Cornix
2492 4116 2693 4171 liberos
2736 4115 3134 4171 humanissime
3181 4123 3348 4180 amat,
3395 4124 3449 4171 et
3480 4131 3589 4171 uno
3637 4116 3758 4171 viro

2185 4217 2440 4263 contenta
2474 4219 2594 4274 est;
2636 4209 2814 4279 pullos
2856 4207 3000 4261 enim
3023 4207 3136 4275 jam
3180 4208 3452 4261 enutritus
3494 4216 3760 4279 perpetuo

2182 4300 2378 4369 pascit,
2416 4313 2605 4352 eorum
2636 4313 2823 4351 curam
2850 4312 3044 4366 gerens
3078 4304 3130 4351 et
3163 4312 3268 4350 una
3303 4298 3517 4351 volans.

2253 4387 2581 4459 Nycticorax
2621 4387 2792 4457 magis
2822 4388 3000 4442 noctis
3041 4402 3206 4459 quam
3247 4386 3355 4441 diei
3403 4387 3616 4443 amicus
3649 4398 3754 4445 est.

566 4576 920 4647 Φιλόστοργος
960 4577 989 4628 6
1029 4574 1200 4646 ἑποψο
1231 4575 1578 4647 γηράσαντας
1612 4576 1722 4649 γάρ
1753 4577 1878 4640 τοὺς
1905 4579 2082 4645 γονεῖς

2256 4560 2448 4634 Upupa
2482 4561 2599 4617 avis
2631 4561 3028 4618 humanissima
3055 4569 3174 4629 est;
3212 4570 3465 4633 parentes
3500 4564 3646 4619 enim
3674 4579 3757 4621 se-

498 4667 814 4739 πτερυγίξει
868 4666 966 4737 μὲν
1010 4665 1245 4738 πρῶτον,
1275 4662 1394 4720 εἶτα
1426 4670 1492 4738 τῇ
1532 4667 1746 4741 γλώττῃ
1774 4667 2077 4737 καταψύχει

492 4758 678 4814 αὐτῶν
709 4760 837 4822 τοὺς
872 4758 1202 4830 ὀφθαλμοὺς,
1241 4760 1433 4814 ἔπειτα
1462 4760 1679 4814 θάλπων
1718 4761 1915 4824 αὑτοὺς
1956 4760 2082 4813 ἁνα-

496 4855 629 4907 νιοῖ.

582 4944 647 4999 Ἦ
679 4946 737 5000 δὲ
764 4943 984 5017 χελιδὼν
1014 4943 1163 5009 ἅπαξ
1182 4946 1348 5016 γεννᾷ
1375 4944 1468 4998 τοῦ
1506 4942 1723 5016 καιροῦ,
1755 4944 2077 5016 πηγνυμένη

496 5036 555 5092 δὲ
582 5037 682 5109 τὴν
702 5037 916 5096 ,καλιὰν
946 5037 1014 5091 τὰ
1052 5038 1148 5108 μὲν
1199 5036 1385 5107 κάρφη
1416 5036 1568 5108 φέρει
1599 5035 1676 5106 τῷ
1713 5037 1963 5107 στόματι,
1988 5036 2079 5089 τὸν

496 5127 565 5200 δὲ⁹
601 5129 768 5201 πηλὸν
811 5129 889 5201 τῷ
926 5128 1140 5200 πτερῷ·
1170 5128 1231 5181 τὸ
1267 5127 1378 5200 γὰρ
1415 5128 1582 5199 ἄκρον
1623 5128 1791 5199 αὑτῆς
1838 5125 2079 5200 βρέξασα

500 5216 673 5284 ὕδατι,
721 5224 787 5293 τῇ
845 5221 1013 5293 λεπτῇ
1065 5221 1212 5274 κόνει
1258 5219 1562 5284 ὲνειλείται,
1612 5220 1708 5274 καὶ
1758 5218 1930 5283 οὕτως
1976 5220 2077 5291 τὴν

499 5312 689 5383 χρείαν
749 5316 955 5368 ἐπινοεῖ
1000 5313 1096 5368 τοῦ
1167 5313 1372 5386 πηλοῦο
1420 5315 1516 5367 καὶ
1576 5313 1717 5367 κατὰ
1769 5313 1962 5384 μικρὸν
2010 5312 2078 5366 τὰ

497 5402 687 5476 κάρφη
726 5401 837 5460 οἷον
883 5407 1048 5480 κόλλῃ
1078 5407 1186 5460 τινὶ
1221 5404 1593 5476 ωνδεσμοῦσα
1613 5404 1690 5475 τῷ
1716 5404 1893 5475 πηλῷ,
1927 5402 2075 5458 συνί-

501 5511 661 5568 στησι
684 5498 784 5568 τὴν
810 5498 1024 5563 καλιὰν,
1050 5499 1146 5552 καὶ
1176 5498 1432 5570 ἐκτρέφει
1463 5497 1589 5560 τοὺς
1611 5495 1881 5559 νεοσσούς

568 5587 879 5659 Μόνανδρος
918 5592 952 5661 ἡ
999 5588 1212 5662 τρυγών
1235 5606 1248 5621 ’
1278 5589 1387 5641 εἴτε
1416 5588 1526 5660 γάρ
1554 5589 1583 5641 6
1606 5587 1779 5660 ἄρρην
1805 5584 2072 5659 ἀποθάνῃ.

497 5677 608 5733 εἴτε
633 5680 667 5750 ἠ
685 5678 891 5751 θήλεια,
914 5681 1087 5753 ἑτέρῳ
1108 5682 1170 5734 οὑ
1182 5680 1531 5734 συνάπτεται.

572 5858 636 5909 Δί
676 5857 732 5911 δὲ
762 5857 1073 5912 κατοικίδιοι
1118 5859 1296 5930 ὄρνεις
1330 5860 1422 5914 ἐπὶ
1448 5857 1647 5924 παντὸς
1672 5856 1765 5911 τοῦ
1788 5854 1980 5927 καιροῦ
2012 5854 2073 5907 τὸ

2186 4664 2472 4712 nescentes
2508 4656 2744 4725 primum
2795 4655 2896 4709 alis
2946 4657 3143 4726 operit,
3193 4654 3388 4710 deinde
3432 4656 3612 4726 lingua
3656 4670 3756 4711 eo-

2183 4764 2305 4803 rum
2350 4749 2540 4803 oculos
2585 4749 2779 4801 leniter
2812 4746 3116 4816 demulcet;
3161 4749 3383 4804 tandem
3424 4748 3612 4804 fovens
3658 4763 3755 4805 eos

2182 4842 2427 4912 pristinae
2450 4840 2725 4909 juventuti
2756 4841 3017 4895 restituit.

2250 4932 2499 4985 Hirundo
2529 4934 2696 4986 semel
2739 4947 2884 4986 anno
2926 4932 3104 5001 parit;
3136 4931 3266 4986 dum
3307 4932 3494 4986 nidum
3542 4931 3755 4989 contin‘

2180 5022 2278 5093 git,
2320 5040 2414 5077 ore
2444 5032 2764 5086 stramenta,
2798 5024 2971 5079 lutum
3017 5026 3209 5094 pennis
3236 5024 3544 5095 prehendit,
3574 5033 3755 5083 extre-

2180 5116 2284 5170 mis
2318 5116 2463 5169 enim
2492 5130 2632 5185 aqua
2671 5117 2990 5173 madefactis
3019 5117 3381 5172 subtilissime
3422 5116 3631 5186 pulveri
3676 5117 3755 5170 in-

2180 5208 2436 5271 volvitur,
2466 5208 2654 5278 sicque
2685 5209 2781 5263 luti
2824 5226 2982 5265 usum
3023 5210 3125 5264 sibi
3147 5211 3441 5280 excogitat,
3476 5218 3529 5265 et
3561 5211 3753 5280 paula-

2181 5302 2300 5366 tim,
2334 5308 2631 5354 stramenta
2663 5302 2775 5356 luto
2806 5302 2971 5355 veluti
3003 5302 3215 5371 glutino
3247 5303 3621 5368 consolidaus,
3664 5304 3752 5357 ni-

2181 5393 2311 5448 dum
2337 5398 2606 5450 construit
2640 5404 2692 5449 et
2724 5394 2900 5466 pullos
2928 5395 3042 5447 alit.

2250 5572 2455 5628 Turtur
2506 5571 2670 5626 unius
2722 5578 2930 5625 tantum
2981 5571 3275 5626 concubitu
3331 5578 3592 5628 contenta
3639 5578 3748 5641 est,

2176 5669 2377 5721 etenim
2414 5667 2528 5722 sive
2565 5682 2703 5730 mas,
2751 5666 2864 5721 sive
2909 5663 3111 5719 femina
3151 5664 3433 5732 occiderit,
3464 5680 3743 5736 nunquam

2177 5759 2313 5813 fides
2345 5757 2583 5828 conjugii
2612 5758 2866 5813 violatur.

2247 5851 2390 5908 Aves
2427 5852 2738 5909 domestica:
2772 5850 2918 5907 omni
2954 5856 3199 5922 tempore
3221 5850 3547 5909 concubitus
3585 5863 3743 5920 appe-
