4112 6462
356 391 463 451 7‘55

1210 389 1268 445 S.
1304 386 1747 445 EUSTATHlUS
1785 381 2275 443 ANTIOCHENUS
2307 378 2707 436 EPISCOPUS.

3492 373 3597 431 736

353 514 498 566 tunt.
528 506 830 581 Aquaticaa,
860 505 1027 562 veluti
1058 512 1250 561 anates
1279 514 1333 562 et
1361 506 1545 578 cygni,
1570 514 1625 562 et
1653 507 1740 562 his
1762 506 1922 562 simi-

2029 499 2463 557 συνουσιαστικδν
2506 496 2736 567 ἔχουσιν.
2782 494 2863 548 Τὰ
2887 494 2943 549 δὲ
2971 493 3215 566 φίλυδρα,
3244 487 3354 547 οἷον
3379 493 3598 565 νῆσσαι,

353 601 458 669 les,
482 600 690 657 divisos
729 599 896 670 pedes
928 616 1038 654 non
1065 600 1291 661 habent,
1330 598 1425 654 sed
1474 599 1636 654 latos.
1669 609 1723 652 et
1767 614 1931 651 mem-

353 692 529 748 brana
555 691 905 760 conjimctos,
937 699 997 745 ut
1030 689 1249 745 facilius
1295 690 1350 743 in
1395 690 1554 759 aquis
1584 697 1772 744 natare
1801 704 1929 759 pos-

2031 594 2125 647 καὶ
2149 590 2359 654 κύκνοι,
2389 590 2483 642 καὶ
2508 588 2579 642 τὰ
2605 589 2763 659 ὅμοια
2789 588 2990 649 αὐτοῖς,
3010 584 3138 648 τοὺς
3165 583 3330 648 πόδας
3349 585 3607 656 ὲσχισμέ..

2028 701 2152 748 νους
2189 684 2289 737 οὐκ
2335 681 2567 752 ἔχουσιν,
2600 679 2736 733 ἀλλὰ
2767 679 3007 742 πλατεῖς,
3046 675 3338 748 ὑμενὼδεις
3378 677 3514 748 πρὸς
3542 677 3604 731 τὸ

356 784 488 849 sint,
531 783 868 840 membranis
896 783 1096 855 pedum
1125 781 1284 854 quasi
1324 782 1490 838 remis
1524 797 1789 853 aquarum
1819 781 1924 837 vim

2030 775 2286 847 εὐμαρῶς
2299 777 2412 837 τοῖς
2444 772 2596 826 ῦδασι
2625 770 2902 842 νήχεσθαι,
2925 770 3090 823 οἱονεὶ
3112 767 3326 832 κώπαις
3362 769 3473 822 τισὶ
3492 771 3604 833 τοῖς

356 875 640 947 pellentes.

426 965 646 1037 Cygnus
686 966 887 1021 collum
929 965 1158 1037 pedibus
1202 965 1418 1037 longius
1460 965 1771 1037 protendit,
1821 982 1933 1038 quo

357 1056 537 1129 pisces
567 1073 598 1113 e
620 1057 789 1113 fundo
822 1058 1012 1129 arripit
1041 1059 1248 1130 plures.

427 1148 623 1203 Avium
659 1150 844 1204 multa“:
875 1157 1122 1220 tempore
1164 1149 1292 1204 anni
1342 1156 1555 1203 mutant
1597 1157 1651 1204 et
1689 1151 1928 1204 colorem

2030 867 2194 940 ὑμέσι
2220 865 2330 920 τῶν
2358 864 2537 917 ποδῶν
2562 863 2624 916 τὸ
2645 862 2811 934 ὑγρὸν
2834 860 3190 931 διωθούμενα.

2112 958 2170 1012 '0
2197 958 2254 1011 δὲ
2277 956 2474 1018 κύκνος
2522 954 2859 1026 μακρότερον
2886 951 2994 1005 τῶν
3028 952 3205 1005 ποδῶν
3229 950 3343 1022 ἔχει
3365 950 3458 1005 τὸν
3482 951 3607 1023 τρά-

2029 1049 2209 1122 χηλον,
2247 1048 2384 1121 πρὸς
2424 1048 2485 1101 τὸ
2511 1047 2575 1100 ὲκ
2605 1044 2699 1099 τοῦ
2733 1044 2927 1115 βάθους
2957 1045 3204 1115 ἀνασπᾷν
3230 1044 3357 1108 τοὺς
3392 1042 3601 1113 ἰχθύας.

2099 1140 2220 1196 Τῶν
2257 1140 2315 1193 δὲ
2358 1139 2560 1211 ὀρνέων
2596 1136 2769 1191 πολλὰ
2824 1137 2942 1190 κατ’
2992 1135 3109 1199 έτος
3149 1134 3470 1205 μεταὸάλλει
3508 1134 3607 1206 τήν

356 1247 412 1297 et
449 1256 658 1296 vocem.
694 1240 897 1296 Merula
926 1257 1161 1311 namque
1189 1258 1255 1297 ex
1289 1242 1442 1313 nigra
1486 1240 1753 1304 ruﬂ‘escit,
1779 1249 1833 1296 et
1861 1258 1924 1296 ex

2031 1234 2214 1306 φωνὴν
2245 1233 2339 1287 καὶ
2369 1232 2469 1303 τὴν
2499 1228 2712 1303 χροιάν.
2772 1230 2831 1283 '0
2859 1228 2968 1299 γὰρ
2995 1228 3260 1297 κόττυφος
3283 1229 3347 1280 ἐκ
3375 1226 3606 1299 μέλανος

358 1347 561 1387 canora
599 1332 851 1388 balbutit.
886 1332 1159 1388 Luscinia:
1187 1334 1315 1388 item
1348 1349 1453 1387 vox
1483 1341 1540 1388 et
1565 1333 1717 1388 color
1746 1334 1932 1388 solsti-

360 1424 436 1478 tio
458 1430 759 1490 mutantur,
794 1431 849 1480 et
878 1425 934 1478 in
956 1424 1164 1482 somnis
1196 1424 1536 1480 modulatum
1567 1425 1679 1481 edit
1707 1439 1926 1481 sonum.

2033 1322 2224 1388 ξανθὸς
2266 1322 2610 1386 καθίσταται,
2651 1322 2745 1375 καὶ
2777 1320 2837 1386 ἐξ
2875 1319 3070 1391 ᾠδικοῦ
3099 1319 3413 1397 κρακτικός.
3458 1317 3521 1369 Ἡ
3548 1315 3606 1369 δὲ

2031 1412 2208 1485 ἀηδὼν
2255 1414 2319 1467 τὸ
2364 1413 2564 1485 χρῶμα
2613 1413 2708 1466 καὶ
2744 1411 2843 1484 τὴν
2877 1413 3060 1483 φωνὴν
3114 1410 3438 1483 μεταϐάλλει
3484 1412 3604 1473 ταῖς

2029 1509 2257 1579 τροπαῖς
2274 1523 2289 1538 ·
2344 1507 2439 1561 καὶ
2493 1505 2638 1560 ἐστιν
2697 1505 2972 1577 ἄγρυπνον
3017 1507 3084 1575 τῇ
3140 1504 3376 1576 μελῳδίᾳ
3415 1501 3605 1573 σχολάο

2032 1597 2219 1663 ζουσα.

426 1686 686 1756 Quaedam
722 1688 888 1745 etiam
932 1703 1060 1747 aves
1099 1691 1294 1747 bruma
1325 1706 1437 1747 non
1479 1689 1755 1756 esuriunt,
1805 1706 1924 1748 aere

2103 1691 2263 1744 Ἐνια
2303 1689 2360 1743 δὲ
2396 1689 2506 1744 τῶν
2547 1688 2749 1763 ὀρνέων
2786 1686 2886 1751 τὰς
2920 1687 3233 1760 χειμερινὰς
3261 1688 3323 1741 οὐ
3378 1686 3604 1741 πεινῶσι

357 1777 498 1842 solo,
526 1784 582 1832 et
616 1792 683 1833 eo
714 1793 840 1834 rore
881 1780 976 1850 qui
1004 1780 1203 1837 herbas
1228 1781 1388 1851 rigat,
1436 1780 1546 1837 illis
1585 1780 1783 1837 famem
1811 1781 1924 1853 pel-

2030 1780 2260 1854 τροπὰς,
2289 1779 2369 1852 τῷ
2396 1781 2521 1853 ἀέρι
2567 1781 2713 1851 μόνῳ
2738 1780 3045 1852 τρεφόμενα
3069 1779 3164 1832 καὶ
3204 1781 3271 1849 τῇ
3318 1776 3460 1831 κατὰ
3502 1775 3603 1841 τὰς

355 1866 541 1938 lente;
596 1870 695 1926 sed
739 1879 793 1926 et
853 1847 1065 1929 ventris
1117 1847 1491 1944 voluptatibus
1551 1847 1922 1929 dominantur.

2029 1847 2363 1944 χλοηφαγίας
2393 1847 2785 1945 ἐνυπαρχούσή
2816 1847 2999 1936 νοτίδι,
3031 1868 3167 1925 ἀλλὰ
3196 1847 3291 1922 καὶ
3330 1867 3428 1933 τὰς
3467 1867 3601 1922 ὑπο-

355 1959 694 2028 Quibusdam
714 1963 858 2019 enim
878 1980 1028 2033 vere,
1054 1972 1109 2021 et
1132 1973 1398 2021 autumno
1418 1966 1752 2038 aequinoctio
1781 1966 1923 2038 ipso,

2029 1963 2316 2038 γαστρίους
2335 1963 2627 2037 κρατοῦσιν
2645 1963 2856 2036 ἡδονάς.
2881 1964 3039 2017 Ἐνια
3071 1962 3171 2034 μὲν
3201 1961 3311 2034 γὰρ
3340 1960 3483 2032 ἔαρι,
3506 1958 3604 2014 καὶ

354 2052 684 2124 quibusdam
717 2055 884 2111 semel
930 2072 1028 2127 per
1069 2066 1316 2128 tempora
1348 2059 1475 2114 anni
1509 2059 1637 2114 stati
1665 2059 1924 2115 concubi-

2029 2053 2330 2129 μετοπώρῳ
2386 2055 2528 2110 κατὰ
2580 2055 2679 2120 τὰς
2734 2054 3044 2128 ἰσημερίας,
3093 2053 3209 2108 ενια
3240 2052 3297 2107 δὲ
3327 2052 3473 2119 ama
3504 2051 3600 2106 τοῦ

353 2151 465 2203 tus.
508 2146 653 2204 Aves
702 2147 917 2206 feminae
954 2165 1241 2222 quousque
1293 2153 1667 2224 conceperint,
1716 2168 1924 2210 marem

2029 2149 2181 2215 ἔτους
2212 2148 2498 2204 ἐπιϐαίνει.
2530 2148 2595 2202 Δί
2639 2147 2695 2202 δὲ
2736 2147 2948 2219 θήλειαι
2989 2147 3168 2218 δρνεις
3199 2145 3361 2217 μέχρι
3408 2143 3602 2216 συλλή-

352 2236 663 2308 admittunt,
704 2249 994 2313 postquam
1007 2242 1375 2314 conceperint,
1405 2252 1747 2302 aversantur.

2029 2244 2172 2316 ψεως
2202 2245 2270 2315 τῇ
2303 2241 2458 2313 ὀχείᾳ
2472 2239 2707 2312 ἔχονται,
2736 2240 2831 2294 κα¹ι
2856 2238 3019 2304 εὐθὺς
3044 2238 3174 2303 τοὺς
3193 2237 3431 2310 ἄρρενας
3461 2235 3600 2290 ἀπο-

2024 2335 2332 2406 τρέφονται.

2095 2428 2158 2480 Οί
2182 2425 2239 2480 δὲ
2269 2424 2552 2496 κάνθαροι,
2586 2425 2681 2479 ἐὰν
2709 2424 2900 2495 ῥοδίνῳ
2924 2421 3239 2496 χρισθῶσιν,
3269 2421 3430 2485 εὐθὺς
3467 2422 3601 2475 ἀπο-

2026 2516 2369 2589 θνήσκουσιν.
2399 2517 2464 2570 Αί
2490 2517 2547 2571 δὲ
2581 2515 2831 2588 μέλισσαι
2859 2516 2955 2570 καὶ
2989 2515 3214 2586 σφῆκες,
3246 2514 3412 2585 ὲλαίῳ
3441 2529 3605 2568 καταρ

2025 2610 2334 2683 ὀρεχθεῖσαι
2385 2609 2717 2680 φθείρονται,
2766 2610 2875 2663 τῶν
2924 2609 3104 2682 πόρων
3149 2607 3597 2680 ἀποφραγέντων.

423 2418 694 2474 Scarabazi
720 2434 946 2476 rosaceo
971 2420 1090 2476 illiti
1115 2431 1333 2493 repente
1357 2421 1755 2478 exanimantur.
1779 2420 1924 2493 Apes

350 2515 406 2565 et
427 2525 605 2580 vespae
627 2511 747 2566 oleo
777 2510 1116 2580 madefactae,
1145 2513 1417 2571 meatibus
1445 2513 1684 2570 occlusis
1724 2529 1926 2570 consu-

352 2611 615 2670 muntur;
647 2618 767 2674 quae
791 2605 837 2660 si
879 2613 1035 2661 aceto
1067 2613 1448 2677 aspergantur,
1506 2606 1671 2661 vitam
1698 2621 1925 2678 recupe-

349 2701 493 2759 rant,
524 2702 576 2750 et
599 2696 899 2767 respirandi
915 2698 1172 2754 facultate
1198 2699 1420 2769 privatae
1441 2712 1565 2754 aere
1585 2700 1920 2755 nutriuntur.

2029 2704 2178 2768 Ὀξει
2208 2699 2300 2757 οὖν
2320 2700 2600 2757 ἀναϐιοῦσι
2622 2701 2964 2773 βρεχόμεναι’
2990 2701 3278 2774 τρέφονται
3303 2700 3359 2754 δὲ
3376 2699 3454 2771 τῷ
3477 2699 3599 2771 ἄερι

348 2782 492 2854 Apes
508 2800 689 2856 regem
714 2785 937 2851 habent,
961 2796 1016 2844 et
1027 2796 1367 2844 cammunem
1386 2788 1648 2855 volatum,
1678 2804 1924 2844 commu-

2029 2795 2294 2867 ἀναπνοὴν
2319 2795 2418 2849 οὐκ
2439 2794 2905 2865 έχουσαι.Ἔχουσι
2926 2794 2984 2848 δὲ
3009 2793 3227 2864 βασιλέα
3248 2795 3304 2847 αἱ
3327 2792 3598 2864 μέλισσαι,

349 2888 583 2946 nemque
608 2884 827 2932 servant
855 2878 1111 2945 domum;
1147 2894 1323 2958 neque
1355 2879 1465 2933 ulla
1490 2880 1697 2935 exitum
1726 2885 1920 2947 tentat,

2029 2888 2119 2941 xui.
2147 2885 2329 2958 κοινὴν
2360 2886 2463 2957 μὲν
2488 2885 2764 2940 ποιοῦνται
2790 2885 2889 2957 τὴν
2925 2886 3142 2957 πτῆσιν,
3176 2884 3360 2956 κοινὴν
3405 2884 3463 2938 δὲ
3502 2881 3600 2954 τὴν

347 2971 639 3036 antequam
669 2982 766 3022 rex
794 2968 909 3038 ipse
924 2969 1163 3024 volatum
1212 2953 1498 3040 i’ncceperit
1528 2988 1543 3038 ;
1568 2969 1662 3041 qui
1698 2985 1809 3026 non
1855 2971 1923 3027 ab

2029 2978 2233 3050 οἴκησιν
2252 2995 2266 3008 '
2287 2953 2385 3033 irai.
2405 2976 2628 3048 οὐδεμία
2657 2953 2962 3049 προχείρως
2984 2953 3151 3040 ἔξεισι
3178 2953 3360 3047 πρὶν-ἢ
3388 2974 3478 3027 τδν
3507 2971 3600 3044 βιζ-

348 3054 458 3113 illis
479 3058 718 3130 eligitur,
743 3061 838 3116 sed
867 3068 1061 3116 natura
1077 3062 1322 3118 omnium
1352 3070 1502 3119 tenet
1531 3063 1919 3134 principatum,

2029 3065 2177 3120 σιλέα
2198 3066 2297 3136 τῆς
2330 3067 2582 3138 πτήσεως
2615 3065 3170 3137 κατάρξασθαι.”Εστι
3199 3066 3257 3118 δὲ
3287 3065 3478 3127 αὐταῖς
3509 3058 3599 3116 οῦ-

348 3151 560 3206 cteteris
597 3152 792 3222 major,
834 3151 1009 3208 forma
1035 3169 1358 3224 morumque
1387 3153 1608 3210 lenitate
1646 3156 1769 3211 illas
1804 3157 1921 3211 vin-

2029 3174 2112 3220 τος
2139 3158 2550 3230 ἁχειροτόνητος
2581 3160 2645 3212 ὲκ
2675 3157 2888 3228 φύσεως
2929 3157 3067 3229 έχων
3092 3157 3191 3229 τὴν
3220 3155 3361 3211 κατὰ
3385 3156 3601 3209 πάντων

352 3256 516 3310 cens;
544 3241 708 3298 habet
740 3244 884 3299 enim
913 3245 1182 3308 aculeum,
1215 3259 1326 3315 quo
1355 3251 1536 3299 tamen
1559 3245 1626 3300 ad
1651 3246 1924 3302 ulciscen-

2029 3250 2220 3323 ἀρχὴν,
2257 3248 2498 3322 μεγέθει,
2525 3249 2621 3304 καὶ
2648 3250 2908 3322 σχήματι,
2933 3249 3027 3303 καί⁹
3047 3251 3113 3321 τῇ
3135 3248 3228 3303 τοῦ
3250 3249 3413 3320 ήθους
3433 3246 3599 3321 πραό-

351 3332 482 3387 dum
510 3348 620 3389 non
653 3334 844 3389 utitur.
863 3334 1031 3391 Ceras
1051 3350 1119 3391 ex
1152 3337 1410 3391 arborum
1441 3344 1796 3408 satorumque
1824 3336 1922 3393 llo-

2029 3359 2144 3413 τητι
2193 3342 2467 3413 διαφέρων
2504 3339 2716 3395 αὐτῶν·
2750 3340 2864 3395 ἔστι
2899 3340 2998 3413 μὲν
3042 3341 3150 3413 γὰρ
3172 3341 3394 3413 κέντρον
3430 3337 3597 3409 αὐτῷ,

349 3425 501 3481 ribus
534 3426 872 3498 confingunt,
904 3435 959 3483 et
1008 3443 1205 3499 aquam
1237 3438 1528 3500 guttasque
1562 3429 1739 3484 instar
1767 3431 1910 3486 roris

2029 3428 2133 3483 ἀλλ’
2167 3430 2227 3481 οὐ
2257 3430 2454 3501 χρῆται
2485 3428 2660 3501 τούτῳ
2684 3428 2821 3501 πρὸς
2858 3431 3090 3501 ἄμυναν.
3120 3430 3418 3499 Συνάγουσι
3449 3429 3506 3482 δὲ
3536 3430 3601 3482 ὲκ

346 3515 572 3572 floribus
604 3517 879 3584 diffusam,
903 3534 999 3575 ore
1027 3522 1410 3587 convehentes,
1431 3536 1676 3577 cerarum
1693 3520 1919 3578 alveolis

2029 3519 2126 3573 τῶν
2157 3517 2334 3573 ἀνθῶν
2366 3520 2457 3573 τὸν
2501 3519 2668 3591 κηρὸν
2696 3521 2752 3572 αἱ
2788 3519 3062 3589 μέλισσαι,
3099 3520 3194 3573 καὶ
3231 3520 3331 3591 τὴν
3366 3519 3602 3590 δροσοει-

350 3616 683 3678 exonerant;
715 3610 846 3666 hinc
878 3612 1148 3683 principio
1183 3613 1467 3668 humidum
1507 3621 1611 3679 est,
1649 3613 1745 3670 sed
1778 3620 1917 3669 tem-

2029 3609 2122 3674 Βῶς
2166 3611 2575 3682 ένεσπαρμένην
2625 3611 2806 3664 νοτίδα
2850 3613 2964 3676 τοῖς
2996 3610 3212 3666 ἄνθεσιν
3252 3610 3331 3683 τῷ
3372 3610 3600 3681 στόματι

348 3711 482 3766 pore
503 3698 814 3756 hominibus
842 3718 946 3756 usu
975 3701 1207 3767 efﬁcaci,
1256 3714 1585 3759 maturatum
1630 3703 1916 3760 dulcescit.

2029 3701 2489 3774 ὲπισπασὰμεναι,
2507 3704 2625 3766 ταῖς
2650 3702 2922 3773 κοιλότησι
2942 3702 3048 3757 τῶν
3071 3720 3140 3774 κη
3149 3702 3256 3775 ρῶν
3277 3702 3447 3774 αὐτὴν
3466 3703 3604 3756 ἐνιᾶ-

351 3786 528 3846 Mellis
556 3789 687 3845 item
718 3807 928 3847 summa
958 3796 1245 3865 prudentia
1267 3796 1557 3867 studioque
1577 3796 1920 3866 receptacula

2029 3809 2144 3847 σινο
2175 3794 2296 3849 ὅθεν
2345 3794 2439 3848 καὶ
2487 3794 2654 3866 ὑγρόν
2682 3796 2796 3847 ἐστι
2824 3794 2921 3866 τὴν
2949 3794 3143 3868 ἀρχὴν,
3178 3792 3294 3850 εἶτα
3317 3794 3394 3866 τῷ
3425 3796 3602 3867 χρόνῳ

351 3880 614 3949 condunt,
640 3897 819 3940 ceram
854 3884 908 3939 in
954 3886 1367 3943 subtilissimam
1420 3888 1790 3943 membranam
1819 3904 1912 3943 ex-

2029 3886 2396 3956 καταπεφθὲν,
2430 3886 2528 3958 ἡδὺ
2554 3886 2781 3956 γίνεται,
2816 3888 2908 3941 καὶ
2931 3887 3230 3961 εὔχρηστον
3257 3892 3369 3953 τοῖς
3389 3888 3600 3959 ἀνθρὼ-

355 3975 924 4045 tendentes;crebras
956 3987 1010 4034 et
1036 3980 1326 4034 continuas
1375 3980 1623 4034 favorum
1680 3986 1924 4034 structu-

2029 3996 2170 4042 ποις.
2208 3978 2397 4049 Σοφῶς
2423 3979 2601 4032 δὲκαὶ
2636 3977 2733 4043 τὰς
2777 3979 3059 4050 ἀποθήκας
3104 3979 3469 4051 φιλοτεχνοῦσι
3508 3978 3600 4034 τοῦ

350 4081 445 4122 ras
476 4067 791 4131 conficiunt,
834 4078 891 4124 ut
943 4072 1103 4127 simul
1140 4071 1397 4128 lateribus
1441 4069 1618 4125 afﬁxas
1657 4070 1915 4125 haereant.

2030 4070 2277 4141 μέλιτοςο
2330 4074 2412 4136 εἰς
2459 4070 2654 4127 λεπτὸν
2682 4071 2857 4143 ὑμένα
2898 4072 2991 4125 τὸν
3029 4073 3196 4145 κηρὸν
3226 4073 3597 4135 διατείνουσαι,

353 4162 562 4229 πυκνὰς
592 4164 685 4218 καὶ
730 4170 970 4237 συνεχεῖς
998 4168 1255 4241 ἀλλήλαις
1282 4172 1406 4234 τοὺς
1460 4167 1717 4240 σίμϐλους
1762 4166 2154 4237 οἰκοδομοῦσιν,
2208 4167 2284 4231 ὡς
2335 4168 2397 4220 τὸ
2424 4168 2617 4240 μικρὸν
2646 4168 2745 4239 τῆς
2795 4166 2903 4221 τῶν
2941 4169 3281 4241 μικροτάτων
3323 4167 3456 4242 πρὸς
3508 4166 3600 4220 ἄλ-

353 4254 489 4327 ληλα
512 4256 707 4323 δέσεως
733 4257 1030 4331 ἐδράζεται.

425 4350 674 4412 Locusta:
696 4370 806 4409 uno
829 4371 1101 4411 consensu
1128 4355 1373 4421 sublatae,
1402 4362 1579 4410 terras
1603 4370 1700 4425 per
1727 4354 1916 4408 latitu-

2094 4351 2162 4404 Αἱ
2205 4349 2263 4403 δὲ
2291 4350 2511 4422 ἀκρίδες
2543 4350 2624 4405 ἐνὶ
2653 4349 2958 4421 συνθήματι
2989 4350 3129 4405 κατὰ
3168 4350 3226 4404 τὸ
3260 4350 3460 4415 πλάτος
3504 4353 3601 4424 τῆς

351 4442 535 4498 dinem
558 4444 835 4510 infestant,
866 4446 1225 4516 procedentes
1252 4461 1474 4516 campos
1500 4446 1636 4501 alios
1655 4445 1922 4501 fructibus

2029 4442 2210 4514 χώρας
2252 4441 2758 4513 στρατοπεδεύουσι.
2787 4441 3102 4513 Περιιοῦσαι
3131 4442 3189 4496 δὲ
3216 4443 3416 4515 δρῶσιν
3444 4442 3604 4517 ἕτερα

352 4541 582 4591 onustos
608 4537 975 4607 conspiciunt,
1003 4553 1106 4593 nec
1123 4544 1354 4606 tangunt
1385 4538 1626 4593 exitiosae
1650 4578 1665 4603 ,
1725 4538 1820 4594 sed
1852 4538 1920 4593 ad

2029 4536 2149 4605 λήῖα
2187 4532 2265 4604 τῷ
2294 4532 2493 4604 καρπῷ
2534 4533 2807 4605 βρίθοντα,
2836 4534 2930 4588 καὶ
2970 4533 3071 4588 οὐκ
3100 4535 3455 4604 ἐφάπτονται,
3489 4536 3602 4590 ἀλλ’

352 4625 669 4694 praescripta
698 4625 805 4680 illis
834 4625 953 4681 loca
974 4641 1189 4680 summo
1222 4642 1366 4681 nexu
1400 4627 1756 4691 contendunt,
1784 4642 1920 4698 qua-

353 4714 401 4769 si
427 4714 627 4772 divinis
644 4714 895 4786 jussihus
916 4702 1103 4785 pulsae,
1125 4731 1300 4786 neque
1324 4725 1613 4787 antequam
1638 4717 1746 4773 illis
1763 4716 1922 4772 detur

354 4805 609 4873 facultas,
640 4821 851 4863 messes
884 4807 1202 4879 fructusque
1241 4810 1528 4866 erodentes
1548 4817 1784 4865 vastant.
1818 4808 1923 4864 Eas

353 4899 588 4956 seleucis
608 4899 726 4956 avis
751 4899 1050 4955 insatiabili
1073 4901 1371 4958 voracitate
1403 4902 1650 4958 insecuta
1683 4942 1699 4967 ,
1731 4918 1923 4958 omnes

352 4992 612 5051 absumit.

422 5171 668 5237 Noctua,
692 5180 755 5228 ut
789 5172 992 5239 ferunt,
1047 5174 1222 5230 oculis
1250 5174 1488 5230 interdiu
1549 5175 1726 5247 caligo
1753 5174 1925 5231 ollen-

359 5260 522 5326 tlitur,
562 5271 729 5318 noctu
760 5277 879 5319 eam
908 5261 1033 5319 visu
1056 5264 1259 5320 valere.

424 5352 561 5409 Cum
590 5356 1004 5425 vespertiliones
1048 5356 1292 5411 cubitum
1343 5362 1495 5421 eunt,
1551 5366 1740 5411 mutuo
1773 5373 1925 5413 com-

354 5445 515 5516 plexu
548 5448 979 5517 suspenduntur,
1003 5456 1059 5504 et
1086 5449 1132 5505 si
1162 5465 1322 5521 quem
1348 5449 1416 5503 ab
1435 5464 1502 5504 eo
1530 5447 1723 5504 ordine
1742 5449 1925 5504 divelli

357 5537 665 5608 contigerit,
696 5540 892 5611 reliqui
920 5541 1233 5609 clamitant;
1265 5539 1456 5596 eadem
1486 5540 1604 5596 sola
1639 5542 1924 5597 volucrum

356 5629 662 5701 quadrupes
687 5638 771 5688 est
797 5638 853 5688 et
873 5631 1127 5689 dentibus
1158 5633 1398 5688 fulcitur.

428 5803 643 5863 Cicada
666 5805 840 5865 imbre
862 5817 1210 5880 generantur,
1240 5817 1293 5867 et
1325 5810 1730 5877 obmutescunt,
1755 5826 1923 5885 quan-

2026 4625 2121 4679 ἐπὶ
2148 4625 2238 4679 τὸν
2266 4625 2570 4697 ὡρισμένον
2591 4625 2780 4690 αὐταῖς
2808 4626 2970 4680 τόπον
2987 4627 3392 4692 σπουδάζουσιν,
3417 4626 3604 4699 ὥσπερ

2028 4718 2094 4771 ἐκ
2132 4715 2275 4770 θείου
2321 4715 2739 4787 προστάγματος
2772 4718 3144 4788 ἐπειγόμεναι.
3179 4718 3290 4771 Καὶ
3320 4719 3382 4770 οὐ
3413 4718 3605 4790 πρότε-

2033 4822 2122 4879 ρον
2145 4804 2239 4858 τοῦ
2265 4805 2476 4877 καρποῦ
2508 4806 2789 4870 ἅπτονται,
2817 4808 2946 4879 πρὶν
2974 4807 3008 4880 ἢ
3037 4808 3257 4878 δοθῆναι
3285 4808 3474 4872 αὑταῖς
3505 4809 3604 4880 τὴν

2030 4895 2394 4969 συγχώρησιν.
2429 4897 2741 4953 Μετέπειτα
2787 4899 2843 4953 δὲ
2886 4899 3077 4964 αὑταῖς
3119 4900 3366 4965 σελευκὶς
3403 4902 3606 4954 ἐπαπο-

2030 4987 2329 5054 στέλλεται,
2360 4987 2455 5042 καὶ
2486 4989 2664 5053 πάσας
2688 4988 2961 5044 κατεσθίει
2989 4991 3177 5056 αὑτὰς,
3198 4991 3488 5062 ἀκόρεστον
3509 4989 3605 5062 τὴν

2031 5078 2192 5148 φύσιν
2220 5078 2436 5151 ἔχουσα.

2104 5172 2215 5244 Τήν
2245 5171 2459 5241 γλαῦκά
2500 5189 2632 5241 φασι
2683 5172 2784 5244 τὴν
2831 5173 3050 5245 ἡμέραν
3092 5172 3470 5245 ἀμαυροῦσθαι
3509 5175 3607 5247 τήν

2032 5263 2176 5333 δψιν,
2198 5263 2296 5335 τὴν
2327 5263 2384 5316 δὲ
2415 5262 2585 5316 νύκτα
2615 5262 2936 5333 ρὡνυσθαι.

2115 5358 2309 5411 Ἦνίκα
2351 5357 2395 5411 δ’
2422 5359 2476 5411 αἱ
2526 5357 2833 5429 νυκτερίδες
2876 5357 3242 5424 καθεύδουσιν,
3278 5355 3337 5422 ἐξ
3364 5356 3609 5429 ἀλλήλων

2031 5447 2378 5518 ἀπήρτηνται
2392 5462 2405 5476 ο
2435 5449 2530 5500 καὶ
2550 5449 2597 5499 εἰ
2621 5447 2748 5516 μίαν
2779 5446 2960 5517 συμϐῇ
2985 5445 3081 5499 τοῦ
3100 5445 3341 5518 ὁρμαθοῦ
3357 5447 3607 5501 ἀποσπα-

2034 5519 2224 5607 σθῆναι
2270 5535 2473 5599 αύτῶν,
2500 5538 2557 5590 αἱ
2588 5536 2770 5590 λοιπαὶ
2812 5535 3171 5590 καταϐοῶσιν.
3213 5536 3389 5590 Μόνον
3417 5535 3473 5589 δὲ
3499 5534 3609 5589 τῶν

2032 5629 2294 5682 πετεινῶν
2317 5628 2674 5698 τετρασκελές
2701 5629 2955 5700 ὑπάρχει,
2981 5627 3076 5681 καὶ
3109 5626 3287 5681 ὀδοῦσι
3316 5627 3611 5681 κατακεκόσ

2033 5737 2254 5792 σμηται.

2104 5812 2167 5864 Οἱ
2189 5810 2242 5865 δὲ
2265 5811 2504 5881 τέττιγες
2531 5813 2590 5865 ἐν
2609 5809 2884 5883 ὲπομσρία
2910 5810 3168 5880 γίνονται,
3203 5808 3528 5881 ἡσυχάζουσι
3542 5805 3598 5863 δὲ
