4112 6408
394 389 500 444 757

1293 373 1566 431 SPURIA.
1608 402 1678 412 -
1713 365 2074 425 COMMENT.
2119 364 2183 420 IN
2224 362 2725 418 IIEXAEMERON.

3535 361 3639 418 738

389 503 599 574 καιρὸν,
627 497 813 570 ἐπειδὴ
840 499 905 567 τῇ
928 495 1103 567 δρόσῳ
1140 493 1460 564 πήγνυνται.
1497 487 1759 559 Πλήττειν
1791 484 1846 537 δὲ
1879 481 1972 536 καὶ

2091 478 2144 533 lo
2165 495 2287 534 rore
2307 484 2702 545 concrescunt;
2724 491 2911 532 earum
2951 476 3052 532 alis
3089 482 3144 532 et
3172 483 3394 531 cantum
3417 482 3471 531 et
3499 482 3643 530 stre-

389 596 536 668 ἄδειν
567 592 627 645 τὸ
653 589 850 662 πτερὸν
881 586 1057 642 αὐτῶν
1079 586 1366 654 φάσκουσι.

461 708 539 776 Τῇ
561 705 616 757 δὲ
641 703 774 774 ἕκτῃ
790 700 898 771 ἠμέ
909 717 975 770 pg
993 695 1321 769 προσέταξεν
1336 697 1364 747 6
1384 694 1515 757 Θεδς
1530 691 1844 762 ἐξαγαγεῖν
1859 690 1971 760 τὴν

387 800 506 870 γῆν
535 793 683 850 κατὰ
705 793 878 863 γένος
901 788 1250 857 τετράποδα,
1285 787 1383 839 καὶ
1410 786 1646 853 ἑρπετὰ,
1673 785 1771 837 καὶ
1800 784 1972 851 θηρία

393 890 500 958 τῆς
530 886 662 959 γῆς,
680 886 777 938 καὶ
805 883 876 937 τὰ
907 881 1117 949 κτήνη,
1149 881 1244 933 καὶ
1266 879 1460 932 πάντα
1482 879 1553 932 τίι
1591 877 1846 945 ἓρποντα
1874 873 1972 926 ἐπὶ

392 979 500 1047 τῆς
523 977 632 1049 γῆς
648 975 795 1030 κατὰ
822 974 1014 1043 γένος,
1041 972 1134 1023 καὶ
1156 968 1406 1040 παρήχθη
1428 967 1626 1030 εύοέως
1651 969 1729 1028 εἰς
1747 967 1806 1017 τὸ
1834 963 1971 1018 εἶναι

395 1072 596 1132 πάντα,
617 1069 758 1138 ἅπερ
779 1065 960 1132 κοινὴν
985 1063 1080 1133 μὲν
1105 1061 1179 1131 τῷ
1201 1058 1470 1129 ἀνθρώπῳ
1491 1059 1589 1128 τῆς
1620 1057 1830 1126 φύσεως
1862 1056 1972 1126 ἔχει

397 1165 494 1235 τὴν
516 1161 788 1231 αἴσθησιν,
813 1157 872 1209 ού
901 1156 1004 1227 μὴν
1028 1154 1083 1207 δὲ
1107 1154 1226 1222 ίσην
1250 1153 1342 1204 καὶ
1365 1150 1460 1221 τὴν
1483 1149 1656 1220 ψυχὴν
1682 1149 1972 1218 κέκτηνται

401 1257 599 1323 ζῶντα,
629 1256 723 1308 καὶ
762 1253 1056 1324 κινούμενα
1101 1250 1332 1319 κίνησιν,
1365 1248 1432 1318 ἢν
1475 1247 1508 1316 ἡ
1547 1243 1836 1315 ἁρχέγονος
1880 1241 1972 1295 τοῦ

401 1352 632 1422 αἵματος
673 1348 832 1416 φύσις
863 1341 1189 1416 χορηγεῖτῴ
1222 1340 1488 1412 πνεύματι
1529 1338 1621 1391 τοῦ
1661 1337 1858 1401 ἔξωθεν
1894 1335 1978 1388 ἀέ-

407 1461 496 1515 ρος
519 1439 1002 1512 κιρναμένη.“Ἐστι
1042 1436 1096 1488 δὲ
1144 1436 1238 1488 καὶ
1281 1435 1338 1487 ὲν
1375 1434 1556 1495 αὐτοῖς
1584 1431 1688 1502 ’ήθη
1723 1431 1972 1502 διάφορα,

402 1536 502 1608 τὴν
551 1536 818 1606 Πρόνοιαν
868 1531 961 1584 τοῦ
1018 1527 1151 1582 Θεοῦ
1187 1526 1584 1596 αἰνιττόμεναι’
1625 1523 1852 1596 καὶγὰρ
1885 1523 1978 1576 καὶ

402 1628 573 1681 ταῦτα
619 1627 680 1679 οὐ
729 1624 938 1696 μικρῶς
977 1622 1181 1690 ταύτην
1215 1618 1652 1688 συνίστησιν.¹Ως
1692 1615 1800 1686 γὰρ
1840 1614 1976 1685 σοφὴ

402 1721 512 1776 τῶν
539 1719 780 1791 βλαστῶν
811 1721 843 1788 ἡ
874 1715 1229 1790 καρπογονία,
1255 1713 1348 1766 καὶ
1384 1711 1596 1782 ἄστρων
1623 1708 1861 1775 εὐταξία,
1884 1707 1978 1760 καὶ

405 1811 577 1882 ήλίου,
613 1809 707 1863 καὶ
737 1809 964 1879 σελήνης
990 1805 1303 1867 ἁνυπαίτιος
1333 1803 1550 1874 δρόμος,
1585 1801 1680 1854 καὶ
1707 1799 1979 1868 Θαλάσσης

404 1905 545 1975 ὅρων
574 1902 771 1973 θεσμὸς
804 1902 876 1973 μὴ
909 1899 1346 1969 ὑπερισταμένης
1374 1897 1472 1968 τὴν
1517 1896 1779 1966 Πρόνοιαν
1819 1894 1980 1946 ἀναν-

404 1993 677 2064 τιρρήτως
715 1991 1072 2063 μαρτύρεται·
1096 1987 1267 2052 οὕτως
1290 1989 1384 2042 καὶ
1414 1990 1446 2058 ἡ
1475 1986 1580 2041 τῶν
1605 1985 1756 2049 ζώων
1784 1983 1980 2052 ἰδιότης

404 2085 466 2138 τὸ
491 2084 905 2156 ἀπαράλλακτον
934 2083 1032 2153 τῆς
1071 2082 1275 2146 τάξεως
1310 2079 1690 2149 ὲνδεικνυμένη
1724 2076 1822 2148 τὴν
1850 2075 1984 2146 Πρό-

408 2195 555 2231 νοιαν
599 2177 744 2248 μάλα
775 2175 958 2240 σαφῶς
996 2175 1274 2246 κηρύττει,
1297 2172 1546 2243 καθάπερ
1580 2169 1725 2241 ψυχὴ
1760 2167 1982 2222 κινοῦσα

407 2268 503 2323 τοῦ
541 2268 746 2338 κόσμου
791 2268 970 2319 πᾶσαν
1010 2267 1108 2336 τὴν
1139 2265 1413 2319 σύστασιν.
1449 2262 1560 2316 Καὶ
1582 2260 1984 2328 καταγέλαστος

409 2359 476 2414 ἂν
509 2358 594 2428 εἴη
628 2360 736 2422 πᾶς
763 2360 791 2410 6
821 2357 1114 2421 ἐκϐάλλων,
1147 2356 1254 2410 τῶν
1286 2354 1561 2426 στοιχείων
1589 2353 1843 2407 ἁπάντων
1865 2353 1988 2422 ὀμο-

411 2450 708 2518 λογούντων
737 2448 905 2518 αὑτήν
923 2467 936 2480 ·
973 2449 1044 2520 γῆ
1081 2449 1176 2520 μὲν
1198 2448 1332 2519 πρὸς
1355 2445 1686 2518 φυτουργίαν
1707 2445 1807 2497 οὐκ
1833 2444 1988 2496 άπει-

411 2541 600 2606 θοῦσα,
633 2543 781 2614 ἥλιός
807 2559 886 2606 τε,
921 2543 1013 2595 καὶ
1045 2541 1264 2612 σελήνη,
1293 2540 1386 2593 καὶ
1405 2539 1473 2593 τά
1503 2537 1662 2592 λοιπὰ
1687 2537 1860 2608 ἄστρα
1893 2533 1984 2587 τοῦ

413 2635 780 2705 προσήκοντος
818 2633 1017 2706 δρόμου
1065 2632 1137 2704 μὴ
1185 2631 1487 2695 στείλαντα,
1525 2630 1760 2684 θάλαττα
1790 2627 1987 2682 κανόνα

412 2723 726 2795 προσταγῆς
747 2725 844 2794 οὐχ
866 2723 1283 2796 ὑπερϐαίνουσα,
1305 2720 1478 2792 νηκτὰ
1505 2721 1560 2773 δὲ
1585 2721 1676 2773 καὶ
1697 2717 1986 2790 ἀεροπόλα,

411 2815 508 2868 καὶ
527 2819 756 2887 χερσαῖα
776 2817 876 2886 τῆς
902 2814 1254 2886 ὀφειλομένης
1277 2813 1466 2886 χρείας
1480 2814 1577 2883 οὐχ
1597 2810 1822 2884 ύστερού
1832 2826 1985 2882 μενα.

413 2906 537 2970 Πῶς
583 2903 675 2962 οὖν
723 2907 823 2960 ούκ
856 2906 1036 2971 ἄδικος
1084 2907 1178 2959 καὶ
1210 2908 1398 2978 ἄφρων
1424 2906 1451 2957 6
1475 2905 1700 2959 καθόλου
1733 2903 1829 2975 τὴν
1859 2901 1992 2973 Πρό-

414 3016 562 3052 νοιαν
584 2998 850 3070 παραιτού
861 3016 1047 3069 μενος;
1076 2997 1207 3050 ⁶Ποῦ
1237 2997 1392 3065 λόγος
1419 2999 1535 3069 ἐρεῖ
1563 2995 1805 3066 τεχνικὸν
1831 2993 1991 3065 ἔργον

418 3089 492 3162 μὴ
533 3090 1090 3161 ἁπαυτοματίζεσθαι,
1139 3089 1276 3160 πρὸς
1305 3089 1615 3158 ἐπιστήμης
1660 3085 1716 3139 δὲ
1757 3083 1822 3138 τά
1854 3084 1994 3152 σοφά

414 3182 552 3255 ἔργα
579 3183 977 3238 ἀποτελεῖσθαιο
1015 3183 1209 3236 αὐτίκα
1251 3179 1381 3250 γοῦν
1425 3177 1864 3252 ἀνδριαντοποιοῦ
1909 3177 1993 3230 ἓν·

2074 572 2246 643 pitum
2277 572 2363 627 edi
2387 580 2722 628 asseverant.

2147 707 2310 762 Sexto
2334 707 2421 762 die
2440 707 2607 776 jussit
2624 705 2766 762 Deus
2790 706 3073 776 producere
3101 717 3293 762 terram
3310 705 3648 776 quadrupede

2074 800 2356 856 secundum
2388 816 2570 870 genus,
2603 809 2650 853 et
2680 800 2910 868 reptilia,
2949 810 2998 854 et
3041 801 3232 853 bestias
3273 809 3447 862 terrw,
3475 809 3524 852 et
3553 799 3649 867 ju-

2074 903 2270 956 menta,
2311 903 2359 946 et
2385 894 2562 948 omnia
2607 894 2868 960 serpentia
2925 908 3078 960 super
3117 901 3334 958 terram,
3362 893 3647 946 secundum

2073 1002 2232 1056 genus
2267 987 2330 1049 ¹⁶,
2356 993 2408 1041 et
2433 987 2616 1040 statim
2641 987 2821 1040 omnia
2848 985 3115 1056 producta
3137 990 3286 1048 sunt,
3340 990 3398 1036 ut
3440 993 3647 1046 essent,

2075 1094 2195 1148 quae
2233 1093 2574 1133 communem
2612 1095 2734 1134 cum
2765 1079 2987 1135 homine
3046 1087 3256 1133 natura:
3281 1091 3501 1132 sensum
3551 1077 3650 1130 lia-

2076 1170 2225 1232 bent,
2253 1170 2356 1224 etsi
2384 1185 2490 1224 non
2520 1171 2750 1225 similem
2774 1172 3007 1224 animam
3041 1171 3377 1241 possideant,
3401 1168 3652 1238 quamvis

2076 1262 2282 1324 vivant,
2310 1268 2362 1315 et
2384 1269 2556 1326 motu,
2586 1279 2744 1332 quem
2769 1263 2942 1332 prima
2975 1263 3259 1333 sanguinis
3287 1269 3502 1325 natura,
3526 1274 3653 1314 cum

2078 1353 2366 1408 ambientis
2395 1355 2536 1408 aeris
2553 1353 2744 1424 spiritu
2761 1355 3367 1426 misceatur,elargitur,
3395 1369 3657 1410 movean-

2077 1452 2188 1506 tur,
2214 1444 2711 1514 diversissimisque
2740 1446 2847 1499 sint
2877 1448 3017 1501 inter
3038 1462 3096 1501 se
3127 1447 3391 1510 moribus,
3413 1445 3658 1500 divinam

2081 1532 2490 1589 Providentiam
2523 1535 2954 1601 insinuantilms,
2984 1551 3110 1590 nam
3152 1543 3206 1591 et
3236 1537 3350 1590 haec
3401 1536 3470 1590 ad
3531 1551 3653 1590 eam

2081 1627 2562 1683 commendandam
2587 1627 2819 1682 maxime
2836 1628 3167 1682 conducunt.
3189 1627 3655 1692 Quemadmodum

2081 1719 2225 1775 enim
2252 1720 2559 1789 germinum
2589 1719 2808 1789 sapiens
2841 1729 2895 1774 et
2920 1721 3106 1775 varius
3125 1720 3356 1782 fructus,
3387 1728 3441 1774 et
3471 1728 3656 1775 rectus

2086 1818 2359 1864 astrorum
2385 1810 2535 1876 ordo,
2573 1816 2627 1863 et
2651 1810 2781 1865 solis
2803 1810 3050 1880 lunaeque
3073 1825 3270 1864 cursus
3321 1810 3655 1878 inculpatus,

2082 1903 2359 1971 marisque
2382 1902 2738 1955 terminorum
2788 1901 2871 1955 lex
2925 1901 3202 1965 inviolata,
3250 1900 3657 1980 Providentiam

2083 2007 2194 2046 non
2248 2000 2616 2062 repugnanter
2654 1992 3048 2060 testiﬁcantur;
3109 1993 3190 2047 sic
3239 1999 3292 2046 et
3340 1992 3658 2046 animalium

2086 2084 2410 2155 proprietas,
2434 2083 2752 2154 ordinisque
2785 2094 3042 2154 perpetua
3074 2093 3128 2139 et
3158 2099 3432 2154 nunquam
3457 2085 3660 2137 immu-

2085 2177 2198 2229 ta'ta
2223 2179 2412 2239 series,
2442 2178 2577 2231 satis
2620 2175 2766 2230 clare
2818 2174 3221 2230 Providentiam
3251 2174 3658 2238 demonstrans,

2087 2268 2244 2338 quasi
2283 2282 2459 2337 praaco
2498 2268 2834 2338 pronuntiat,
2872 2274 3130 2336 tanquam
3184 2272 3397 2320 animus
3443 2280 3662 2320 omnem

2087 2357 2230 2412 hanc
2257 2357 2443 2410 mundi
2475 2372 2700 2410 movens
2734 2363 3088 2411 structuram.
3121 2354 3184 2408 Et
3215 2371 3347 2410 sane
3397 2355 3662 2410 ridiculus

2088 2456 2232 2505 esset
2256 2449 2349 2520 qui
2379 2463 2497 2503 eam
2530 2449 2840 2520 denegaret,
2872 2448 3155 2503 elementis
3182 2447 3434 2503 omnibus
3463 2449 3667 2504 conﬁr-

2089 2542 2388 2604 mantibus,
2425 2549 2572 2596 terra
2591 2541 2807 2612 quidem
2834 2538 2899 2594 ad
2928 2539 3428 2596 fructus-ferendos
3451 2540 3668 2596 obtem-

2089 2643 2264 2704 perat,
2297 2636 2378 2689 sol
2411 2641 2465 2689 et
2489 2634 2640 2699 luna,
2676 2643 2730 2689 et
2770 2635 2980 2704 reliqua
3029 2634 3209 2690 sidera
3266 2648 3297 2686 a
3344 2646 3511 2688 cursu
3564 2634 3668 2690 sibi

2091 2723 2451 2779 conveniente
2472 2733 2752 2794 nunquam
2796 2723 3088 2787 desistunt,
3136 2739 3285 2780 mare
3334 2725 3507 2796 legem
3564 2723 3668 2778 sibi

2091 2818 2466 2889 prmscriptam
2495 2818 2866 2888 incorruptam
2886 2818 3144 2880 custodit,
3177 2817 3430 2871 animalia
3461 2817 3668 2880 omnia,

2093 2907 2206 2962 sive
2229 2909 2386 2978 aquis
2422 2915 2630 2972 natent,
2659 2909 2773 2964 sive
2796 2923 2919 2964 aere
2940 2908 3142 2973 volent,
3166 2910 3280 2962 sive
3317 2916 3460 2962 terra
3491 2906 3671 2962 ferano

2093 3013 2202 3067 tur,
2235 3020 2506 3075 nusquam
2539 3005 2592 3058 in
2616 3005 2810 3060 usibus
2840 3005 2962 3059 vita:
3003 3005 3329 3062 necessariis
3357 3003 3670 3060 destituun-

2092 3102 2203 3150 tur.
2279 3095 2564 3161 Quomodo
2640 3097 2812 3167 igitur
2871 3111 2980 3152 non
3062 3098 3166 3152 erit
3221 3106 3274 3152 et
3329 3110 3361 3150 a
3416 3097 3667 3169 justitia,

2095 3192 2148 3239 et
2179 3185 2248 3240 ab
2269 3187 2418 3241 omni
2447 3185 2677 3242 consilio
2710 3188 2944 3251 alienus,
2971 3188 3062 3258 qui
3112 3189 3328 3258 penitus
3374 3188 3443 3246 de
3490 3190 3672 3244 medio

413 3247 561 3329 νοιαν
585 3276 963 3346 λαμϐάνομενο
1004 3275 1186 3328 εἰκόνα
1220 3247 1277 3327 δέ
1307 3247 1647 3345 περικαλλῶς
1675 3272 1990 3342 γεγραμμέ-

2095 3273 2500 3330 Providentiam
2530 3277 2705 3330 tollit?
2729 3247 3147 3344 Quanam-ratio
3177 3278 3226 3332 id
3257 3279 3497 3345 docebit,
3536 3279 3670 3333 arti-

413 3386 512 3440 νην
539 3368 866 3431 κατιδόντες,
889 3368 980 3422 τὸν
1004 3367 1208 3439 ταύτης
1233 3367 1450 3439 γραφέα
1479 3361 1826 3436 θαυμάζομεν
1845 3379 1860 3392 ·
1893 3362 1995 3433 νῆα

413 3462 470 3515 δὲ
521 3459 785 3531 ἐντέχνως
833 3461 1111 3534 ἐπιστήμῃ
1157 3455 1671 3528 κατεσκευασμένην
1713 3453 1948 3526 ὁρῶντες
1978 3492 1993 3516 ,

416 3551 696 3622 ναυπηγὸν
728 3549 1074 3621 ἐπαινοῦμεν.
1103 3552 1167 3604 Εἰ
1199 3551 1242 3604 δ’
1277 3551 1430 3605 αὐτοὶ
1456 3547 1680 3620 τεχνικὰ
1703 3545 1840 3618 ἔργα
1860 3543 1996 3598 Θεώ-

419 3661 571 3715 μενοι
600 3643 690 3698 τὸν
721 3643 995 3715 ἐμμουσον
1027 3643 1272 3717 τεχνίτην
1305 3641 1664 3713 γινώσκομεν,
1703 3639 1755 3692 τί
1800 3633 1892 3692 οὖν
1935 3636 1996 3689 οὐ

419 3736 619 3808 μᾶλλον
665 3736 763 3810 τὴν
806 3739 1021 3793 πάντων
1069 3737 1238 3809 σοφὴν
1283 3735 1545 3808 Πρόνοιαν
1592 3735 1650 3785 ὲν
1694 3729 1995 3800 καταλήψει

414 3827 653 3898 ἓξοιμεν,
691 3827 952 3900 ὀφθαλμῷ
998 3827 1234 3881 διάνοιαν
1265 3826 1354 3878 διὰ
1393 3823 1500 3878 τῶν
1535 3819 1993 3892 ὲστοιχειωμένων

416 3919 626 3990 κόσμου
674 3920 878 3992 μερῶν,
928 3920 1306 3991 ἐπιστημόνως
1339 3915 1726 3987 τεταγμένων;
1772 3913 1854 3966 Τὰ
1885 3911 1994 3984 γὰρ

416 4010 532 4083 εἴδη
581 4013 676 4066 καὶ
728 4014 981 4084 σχήματα
1017 4013 1174 4067 ἱκανὰ
1205 4011 1471 4082 γνωρίσαι
1510 4009 1603 4062 τὸν
1646 4005 1915 4077 τεχνίτην,
1945 4006 1994 4058 εί

418 4103 512 4157 καὶ
545 4104 689 4176 λόγῳ
711 4105 780 4158 τὰ
811 4105 1227 4177 ὲστοιχειωμένα
1266 4103 1475 4173 σιωπὴν
1526 4102 1668 4169 ἄγει.
1709 4098 1856 4151 Φιλεῖ
1887 4096 1995 4167 γὰρ

417 4195 488 4248 τὰ
529 4198 667 4272 πρός
704 4216 850 4262 τινος
892 4197 1244 4270 μορφωθέντα
1272 4197 1364 4250 τὸν
1399 4192 1781 4265 κεκοσμηκότα
1807 4189 1998 4262 ὀμολο-

418 4291 554 4356 γεῖν.

2096 3366 2343 3422 ﬁciosum
2361 3383 2500 3438 opus
2523 3375 2746 3434 temere,
2766 3368 3101 3438 fortuitoque
3125 3369 3393 3440 produci?
3422 3370 3522 3428 Ubi
3539 3387 3672 3442 pru-

2098 3457 2283 3512 dentia
2313 3456 2613 3529 perfectum
2645 3465 2699 3513 et
2744 3459 3084 3514 elaboratum
3136 3475 3274 3530 Opus
3325 3464 3671 3533 conspexeri-

2099 3563 2247 3614 mus,
2283 3548 2403 3617 ejus
2437 3547 2698 3604 artiﬁcem
2730 3557 2911 3606 mente
2963 3552 3323 3620 revolvimus;
3378 3553 3671 3626 imaginem

2099 3639 2463 3711 pulcherrime
2491 3640 2692 3711 pictam
2724 3643 2926 3707 intuiti,
2957 3643 3078 3714 ejus
3120 3645 3384 3716 pictorem
3432 3649 3670 3704 admira-

2099 3748 2254 3797 mur;
2278 3748 2470 3788 navem
2484 3733 2779 3791 artiﬁciose
2805 3735 3206 3808 prudenterque
3227 3753 3560 3811 compactam
3588 3744 3673 3798 vi-

2099 3823 2311 3888 dentes,
2337 3840 2644 3897 naupegum
2669 3826 3141 3884 commendamus.
3161 3827 3218 3882 Si
3247 3829 3412 3901 igitur
3433 3847 3534 3889 nos
3567 3834 3673 3906 ipsi

2100 3931 2266 3989 opera
2291 3928 2408 3974 arte
2436 3919 2687 3974 confecta
2720 3931 3006 3978 cernentes
3039 3923 3094 3979 in
3134 3927 3498 3996 cognitionem
3542 3943 3675 3998 pru-

2101 4010 2282 4066 dentis
2316 4011 2541 4069 artiﬁcis
2569 4012 2909 4080 devenimus,
2937 4031 3171 4088 quanam
3203 4019 3416 4076 ratione
3457 4021 3676 4091 sapien-

2100 4109 2211 4157 tem
2251 4118 2433 4158 rerum
2457 4105 2700 4160 omnium
2735 4104 3160 4172 Providentiam,
3197 4111 3444 4177 partibus
3483 4114 3674 4167 mundi

2101 4193 2492 4250 elementorum
2527 4213 2629 4268 ope
2659 4197 2908 4252 conﬂatis
2931 4209 3182 4269 recteque
3195 4199 3500 4271 dispositis,
3521 4220 3676 4258 men-

2101 4284 2174 4341 tis
2205 4287 2380 4343 oculis
2415 4304 2523 4342 non
2552 4289 3114 4359 comprehendemus?
3169 4289 3316 4348 Satis
3365 4293 3509 4348 enim
3546 4308 3676 4353 sunt

419 4389 474 4440 et
501 4383 734 4454 species,
765 4391 818 4438 et
856 4382 1063 4448 formae,
1095 4393 1401 4453 emteraque
1445 4397 1513 4437 ex
1543 4379 1826 4437 elementis
1881 4376 2204 4444 composita,
2265 4379 2366 4436 etsi
2403 4381 2620 4436 silentio
2677 4381 2978 4452 indulgent,
3027 4382 3094 4437 ad
3136 4397 3328 4438 eorum
3375 4384 3533 4442 nobis
3584 4402 3675 4442 ar-

421 4476 620 4532 tiﬁcem
649 4477 1125 4534 manifestandum.
1159 4477 1348 4534 Solent
1367 4478 1567 4533 etenim
1599 4489 1688 4529 res
1717 4473 1785 4526 ab
1804 4469 1988 4539 aliquo
2013 4469 2262 4527 conﬁctae
2295 4484 2576 4543 parentem
2598 4482 2654 4531 et
2675 4475 3027 4530 formatorem
3055 4473 3230 4530 eﬂ‘ari.

493 4595 705 4667 Ὥσπερ
749 4594 808 4647 δὲ
849 4594 956 4648 τῶν
1009 4595 1286 4665 στοιχείων
1327 4597 1361 4666 ὴ
1409 4593 1665 4658 σύστασις
1713 4591 1990 4664 σαφηνίζει

2169 4588 2436 4647 Caeterum
2454 4590 2912 4662 quemadmodum
2940 4593 3330 4649 elementorum
3353 4593 3674 4650 constitutio
3703 4628 3714 4638 -

2103 4679 2506 4739 Providentiam
2535 4683 2875 4754 perspicuam
2910 4683 3058 4748 facit,
3108 4685 3190 4740 sic
3247 4694 3303 4742 et
3355 4685 3672 4743 animalium
3706 4720 3712 4741 .

2105 4774 2255 4827 varia
2283 4782 2504 4838 natura,
2538 4775 2658 4844 ejus
2683 4773 2844 4828 nobis
2868 4775 3234 4844 cognitionem
3252 4777 3471 4848 ingerit.
3500 4777 3676 4833 Gene—
3713 4812 3716 4815 -

2101 4865 2307 4920 rositas
2339 4866 2482 4919 enim
2504 4873 2558 4920 et
2581 4865 2862 4921 iracundia
2888 4881 2995 4919 una
3015 4881 3138 4921 cum
3168 4868 3324 4924 leone
3347 4881 3672 4934 nascuntur,
3707 4918 3713 4924 .

2103 4959 2291 5028 illique
2321 4957 2560 5012 solitudo
2589 4965 2644 5012 et
2685 4973 2938 5014 recessus
2968 4960 3142 5014 amica
3173 4968 3324 5024 sunt,
3383 4976 3553 5032 seque
3601 4979 3665 5017 ex
3703 5009 3708 5014 .

2104 5049 2420 5103 animalium
2457 5048 2761 5120 frequentia
2785 5052 2963 5118 tollit;
2988 5051 3144 5106 cibos
3171 5051 3427 5105 hesterna
3473 5052 3562 5108 die
3585 5068 3676 5107 ar-
3710 5087 3719 5094 -

2104 5148 2287 5209 reptos
2317 5141 2548 5211 respuit,
2583 5143 2918 5197 recentiores
2944 5142 3218 5212 capessit;
3245 5157 3410 5197 sensu
3461 5145 3674 5198 acerri-
3702 5178 3715 5182 ~-

2103 5247 2194 5286 mo
2223 5240 2329 5295 est,
2361 5233 2758 5302 celerrimoque
2791 5232 2960 5287 odore
2998 5233 3232 5303 quodam
3260 5242 3523 5291 venantes
3556 5251 3678 5291 sen-
3709 5269 3717 5275 -

2103 5324 2191 5388 tit,
2220 5339 2496 5394 cursuque
2523 5324 2696 5378 fertur
2717 5325 2770 5379 in
2798 5326 3135 5395 speluncam,
3153 5325 3400 5396 veStigiis
3426 5334 3678 5382 recenter
3709 5349 3720 5356 ·

420 4686 520 4760 τήν
551 4688 835 4763 Πρόνοιαν,
883 4687 1026 4741 οὕτω
1059 4689 1154 4742 καὶ
1182 4690 1216 4760 ή
1239 4689 1346 4742 τῶν
1377 4687 1528 4754 ζώων
1561 4689 1815 4761 διάφορος
1843 4687 2003 4758 φύσις

421 4781 519 4852 τὴν
547 4781 747 4849 γνῶσιν
778 4780 980 4852 ταύτης
1004 4782 1318 4853 παρέχεται.
1354 4783 1718 4851 Συγγεννᾶται
1766 4781 1864 4852 μὲν
1895 4781 2003 4850 γάρ

420 4875 451 4926 6
478 4874 648 4944 Θυμὺς
676 4872 748 4943 τῷ
771 4872 966 4934 λέοντι,
1004 4873 1096 4926 καὶ⁷
1134 4873 1249 4928 ἔστι
1273 4875 1592 4945 μοναστικός
1614 4878 1641 4928 ὀ
1675 4873 1788 4945 βίος
1816 4873 2000 4939 αὑτοῦ,

423 4963 599 5016 οὐδενὶ
620 4963 727 5017 τῶν
754 4961 906 5027 ζώων
931 4961 1221 5024 κοινωνῶν,
1250 4964 1368 5016 οὐδὲ
1391 4963 1578 5034 xeing
1598 4963 1803 5035 τροφὴν
1828 4962 2004 5033 προϊέ-

429 5070 608 5124 μενος,
644 5053 779 5107 ἀλλὰ
807 5055 1118 5126 πρόσφατον
1140 5071 1154 5086 ·
1183 5054 1360 5120 ὀξεῖαν
1390 5054 1446 5107 δὲ
1479 5053 1589 5125 ἔχει
1613 5053 1708 5125 τὴν
1730 5054 1998 5125 αἴσθησιν,

425 5146 520 5200 καὶ
569 5147 761 5200 θᾶττον
808 5147 908 5218 τῆς
955 5147 1133 5219 ὀσμῆς
1163 5148 1271 5200 τῶν
1302 5147 1637 5219 θηρευόντων
1666 5133 1998 5212 αἰσθάνεται,

424 5240 520 5294 καὶ
546 5239 732 5311 δρόμῳ
774 5238 964 5310 φεύγει
991 5239 1085 5292 ἐπὶ
1113 5239 1176 5292 τὸ
1204 5239 1484 5308 σπήλαιον,
1515 5237 1583 5292 τά
1609 5239 1729 5310 ῐχνη
1775 5241 1838 5311 τῇ
1869 5240 2000 5311 σοὸῇ

424 5331 774 5402 περισαίνων,
788 5332 936 5394 ὅπως
955 5330 1298 5400 καλυφθέντα
1313 5330 1416 5384 ὑπὸ
1439 5331 1536 5402 τῆς
1554 5331 1752 5394 κόνεως
1767 5332 2003 5401 ἀνίχνευ-

423 5437 515 5475 τον
544 5422 662 5484 τοῖς
695 5419 984 5491 Θηρευταϊς
1013 5422 1446 5491 καταστήσωσιν.
1480 5420 1662 5492 Πηρός
1699 5419 1754 5471 δὲ
1782 5419 1946 5472 αὑτοῦ
1973 5421 2002 5472 ό

427 5512 667 5583 σκύμνος
691 5511 953 5578 τίκτεται,
985 5514 1081 5566 καὶ
1110 5515 1261 5584 τρεῖς
1291 5512 1506 5583 ἡμέρας
1533 5512 1638 5565 ὑπὸ
1666 5511 1768 5582 τῆς
1786 5511 2002 5581 λεαίνης

427 5605 773 5676 φυλάττεται,
795 5604 890 5657 καὶ
911 5604 1080 5658 ἐλθὼν
1109 5605 1269 5668 αὐτὸς
1284 5604 1392 5658 ἀπὸ
1418 5604 1515 5674 τῆς
1543 5603 1734 5675 Θήρας,
1756 5603 2003 5674 ὲμφυσήο

429 5715 526 5762 σας
567 5697 728 5752 αὑτὸν
760 5699 842 5762 είς
886 5698 950 5750 τὸ
986 5699 1307 5770 πρόσωπον,
1345 5696 1611 5770 βλέποντα
1657 5695 1818 5750 αὑτὸν
1856 5695 2002 5761 ὲξαν-
2043 5777 2074 5781 Γ

500 5858 544 5892 ¹⁶
583 5857 712 5919 Gen.
744 5875 783 5922 ι,
813 5857 905 5922 21,
937 5857 1022 5928 ἓᾶ,

2103 5415 2389 5486 impressis
2417 5415 2591 5482 cauda
2625 5414 2950 5485 deturpatis,
2979 5423 3037 5468 ut
3079 5415 3188 5470 illis
3226 5417 3451 5486 pulvere
3499 5418 3672 5472 obvo-

2102 5507 2257 5573 lotis,
2283 5516 2576 5563 venatores
2639 5517 3036 5577 consequentes
3091 5507 3332 5578 effugiat.
3389 5508 3718 5564 Caecusil-~

2102 5598 2211 5654 lius
2254 5599 2470 5654 catulus
2499 5610 2790 5670 generatur
2809 5606 2865 5652 et
2892 5598 3070 5653 tribus
3105 5598 3297 5669 primis
3327 5599 3520 5656 diebus
3573 5614 3672 5655 cu-

2103 5691 2281 5746 stodia
2316 5692 2497 5746 leana:
2531 5699 2862 5760 asservatur,
2893 5691 3066 5747 donec
3100 5691 3190 5747 ille
3219 5707 3251 5746 a
3277 5693 3565 5749 venatione
3587 5709 3675 5749 re-
3695 5728 3710 5733 -

3703 559 3755 629 ί,
