4112 6408
415 320 522 377 7'59

1277 315 1338 371 S.
1380 314 1821 373 EUSTATHIUS
1856 311 2341 373 ANTIOCHENUS
2379 316 2778 377 EPISCOPUS.

3557 322 3661 379 7ιο

410 445 635 502 gressus
659 430 716 484 in
746 428 941 484 faciem
968 426 1184 494 efﬂans,
1222 426 1445 482 videndi
1480 427 1587 482 vim
1623 428 1700 482 illi
1732 443 1960 483 commu‘

2082 432 2314 503 ίστησιν.
2334 434 2524 486 Ἠνίκα
2551 434 2607 487 δὲ
2636 434 2907 507 ἀνθρώπῳ
2935 438 2970 508 ᾗ
2989 454 3093 491 τινι
3121 437 3229 491 τῶν
3254 437 3406 504 ζώων
3437 439 3662 512 ἐπέρχερ

409 524 577 576 nicat.
614 520 842 587 Quando
873 534 999 574 vero
1031 519 1307 573 hominem
1332 518 1417 573 vel
1448 519 1595 573 aliud
1646 521 1844 574 animal
1894 536 1987 591 ag-

408 613 674 682 greditur,
706 618 876 666 semet
907 611 1062 680 prius
1088 609 1262 665 cauda
1293 625 1388 664 seu
1407 611 1642 680 quodam
1664 611 1988 667 incitamen-

408 710 467 756 to
496 702 749 772 ﬂagellat,
783 708 843 754 ut
873 710 1029 771 poeta
1069 701 1267 755 cecinit
1298 701 1376 742 "z

480 812 669 868 Cauda
690 831 808 867 vero
834 814 1104 883 lateraque
1126 823 1175 867 et
1204 812 1408 868 lumbos
1436 816 1679 883 utrinque

490 884 762 946 Verberat,
785 886 1121 955 sequeipsum
1152 886 1346 938 excitat
1373 885 1441 937 ad
1474 889 1838 954 pugnandum.

406 995 466 1051 In
495 1006 736 1062 senecta,
796 998 1054 1067 quoniam
1081 997 1150 1051 ad
1200 1001 1602 1069 persequendas
1649 999 1797 1055 feras
1834 1001 1981 1056 vires

407 1104 519 1143 non
549 1097 830 1158 superant,
862 1093 1025 1144 urbes
1055 1090 1285 1157 obsidet,
1339 1092 1653 1148 hominibus
1692 1093 1758 1146 ad
1806 1095 1970 1146 vitam

406 1180 839 1236 conservandam
874 1180 1113 1242 inhians,
1133 1197 1452 1252 semperque
1481 1183 1625 1237 illius
1644 1199 1705 1237 os
1727 1184 1983 1253 gravissi-

406 1286 554 1326 mum
572 1271 811 1326 omnium
822 1267 1292 1327 redditetodorem
1310 1280 1363 1328 et
1380 1263 1604 1326 halitum
1621 1291 1634 1339 ;
1650 1274 1840 1329 oculos
1854 1288 1976 1326 cum

404 1362 627 1426 dormit,
653 1371 899 1433 patentes
927 1365 1107 1420 habet.
1134 1364 1328 1420 Lemna
1362 1365 1453 1419 vix
1474 1365 1800 1435 dillicileqne
1817 1366 1979 1419 unius

403 1456 572 1508 catuli
593 1464 806 1525 partum
846 1456 1130 1524 sustinet;
1176 1458 1232 1511 in
1286 1458 1405 1527 ipso
1459 1458 1602 1512 enim
1660 1458 1823 1511 enixu
1874 1472 1977 1510 un—

402 1546 587 1616 guium
621 1548 737 1602 acie
766 1546 906 1603 fetus
930 1549 1077 1603 illius
1105 1549 1365 1604 dilacerat
1389 1559 1621 1604 uterum.

472 1636 719 1694 Pardalis
749 1640 1042 1696 vehemens
1064 1648 1148 1696 est
1168 1650 1221 1696 et
1266 1645 1551 1712 repentino
1582 1641 1798 1713 impetu
1840 1657 1979 1712 prae--

2090 540 2201 587 ται,
2238 522 2485 593 μαστίζει
2510 527 2575 596 τῇ
2610 525 2741 597 σοὸᾗ
2770 527 2958 581 ἐαυτὸν
2985 529 3246 604 πρότερον
3263 529 3406 585 κατά
3423 531 3483 585 τὸ
3504 550 3660 603 ποιη-

2089 615 2240 670 τικόν
2254 632 2268 645 ⁵
3179 611 3189 622 ’

2083 810 2245 887 ρίῃοῇ
2267 810 2393 887 μὴν
2419 813 2684 887 πέευράς
2711 832 2781 887 τεᾷ
2801 814 2900 887 καὶ
2934 817 3101 885 ισχία
3122 817 3538 887 ἀμφοτέρωθεν

2086 885 2433 946 Μαστίεται,
2464 882 2525 935 ἓε
2563 882 2615 935 δ’
2644 885 2831 938 αὐτὸν
2851 882 3584 957 ὲποτρύνείέὶαχέο-ασθαι.

2084 992 2125 1044 Γ
2126 992 2339 1061 ηράσας
2358 991 2435 1055 δὲ,
2466 993 2558 1045 καὶ
2580 995 2658 1055 είς
2679 992 2853 1064 ἄγραν
2884 992 3119 1063 βαδίζειν
3146 994 3350 1049 ἀτονῶν
3380 998 3657 1069 ἐφεδρεύει

2081 1087 2202 1147 ταῖς
2231 1084 2468 1148 πόλεσιν,
2506 1084 2753 1155 θηρεύειν
2799 1086 2877 1148 εἰς
2928 1084 3112 1155 βίωσιν
3165 1087 3290 1150 τοὺς
3341 1087 3658 1161 ἀνθρώπους

2082 1175 2583 1247 γλιχόμενος.Ἔστι
2613 1176 2668 1229 δὲ
2693 1177 2856 1230 αὑτοῦ
2891 1178 2948 1230 τὸ
2979 1178 3148 1249 στόμα
3176 1180 3402 1233 πάντοτε
3426 1180 3657 1235 δυσωδέ-

2087 1283 2279 1321 στατον
2296 1283 2310 1296 ⁸
2344 1267 2619 1321 καθεύδων
2639 1268 2695 1321 δέ
2720 1270 3064 1332 ἀναπετάσας
3089 1270 3286 1340 ἔχειτὰ
3311 1271 3572 1344 βλέφαρα.
3592 1274 3655 1328 Ἠ

2083 1358 2139 1412 δὲ
2168 1359 2353 1413 λέαινα
2383 1360 2533 1430 μόλις
2564 1361 2680 1423 ἐνὸς
2711 1362 2948 1432 σκύμνου
2997 1363 3259 1433 ὑπομένει
3294 1364 3392 1436 τὴν
3425 1367 3616 1439 κύησιν
3635 1385 3652 1400 °

2085 1451 2291 1523 προῖὼν
2323 1452 2431 1524 γὰρ
2460 1454 2538 1516 εἰς
2565 1452 2624 1506 τὸ
2646 1452 2750 1520 ἔξω
2789 1457 2911 1518 ταῖς
2941 1457 3145 1527 ἀκμαῖς
3176 1457 3285 1511 τῶν
3316 1458 3521 1530 ὀνύχων
3555 1461 3654 1533 τὴν

2084 1543 2304 1614 μήτραν
2331 1544 2727 1617 διασπαράσσει
2762 1548 2949 1617 αὐτῆς.

2165 1637 2510 1705 Ῥαγδαλαίον
2558 1640 2591 1708 ἡ
2636 1638 2897 1711 πάρδαλις
2947 1642 3036 1694 καὶ
3080 1640 3377 1713 ὀξύρροπον
3407 1645 3529 1707 ταῖς
3575 1646 3660 1715 ὁρ-

404 1744 564 1800 ceps;
594 1738 791 1786 caetera
815 1733 1074 1787 animalia
1120 1735 1406 1789 tremenda
1450 1736 1621 1790 vincit
1669 1736 1960 1790 velocitate.

2080 1733 2226 1801 μαῖς,
2257 1732 2484 1785 καὶτῶν
2516 1732 2687 1786 ἄλλων
2716 1733 2989 1806 διαφέρων
3024 1733 3262 1809 ὀξύτητι,
3304 1738 3397 1791 καὶ
3430 1739 3522 1793 ἐπὶ
3556 1738 3657 1801 τὰς

399 1826 453 1872 et
487 1826 612 1874 ante
640 1829 961 1875 venatorum
998 1824 1187 1878 oculos
1216 1824 1290 1876 ita
1322 1824 1518 1893 pedum
1554 1824 1694 1879 valet
1741 1823 1979 1894 pernici-

398 1916 529 1977 tate,
558 1919 616 1964 ut
647 1913 831 1968 volare
858 1914 1091 1984 quisque
1116 1914 1341 1969 diceret.

468 2001 623 2059 Ursae
656 2014 852 2059 natura
875 2008 1060 2077 segnis
1084 2013 1138 2061 et
1161 2008 1475 2078 peculiaris,
1533 2023 1716 2065 mores
1765 2010 1975 2064 malitia

398 2093 647 2159 solertes,
672 2110 876 2165 corpus
904 2112 1087 2167 grave.
1118 2096 1468 2169 Smpeitaque
1492 2100 1830 2169 gravissimis
1854 2101 1975 2156 vul-

395 2184 622 2240 neribus
668 2186 939 2254 conlecta,
975 2188 1078 2243 sibi
1102 2195 1265 2259 parat
1315 2190 1735 2251 medicamenta.
1779 2191 1971 2246 siccis-

396 2275 537 2330 simo
566 2279 828 2331 verbasco
855 2279 1175 2333 vulneribus
1206 2280 1510 2343 obturatis;
1560 2281 1687 2333 dum
1742 2295 1973 2352 congre-

395 2366 543 2420 ditur
586 2376 640 2422 et
690 2368 950 2433 luctatur,
976 2370 1292 2427 .artiliciose
1350 2371 1517 2440 pedes
1568 2372 1878 2441 complicat,
1918 2382 1972 2427 et

394 2475 517 2515 eum
543 2462 764 2530 quicum
797 2468 991 2527 certat,
1019 2464 1356 2533 supplantat,
1402 2471 1458 2518 et
1505 2464 1742 2519 medium
1793 2466 1971 2521 valide

392 2563 700 2622 correptum
724 2553 953 2622 impetit.

465 2643 680 2700 Taurus
703 2647 985 2712 cornibus,
1011 2646 1212 2715 quibus
1236 2647 1425 2704 hostes
1455 2649 1760 2714 ulciscitur,
1787 2664 1969 2704 arma-

399 2744 508 2804 tur,
544 2738 882 2809 pedibusque
912 2740 1237 2794 athletarum
1274 2752 1425 2795 more
1453 2742 1727 2811 pulverem
1776 2742 1832 2795 in
1886 2742 1968 2797 al-

392 2838 507 2882 tum
540 2830 769 2901 spargit,
794 2831 1293 2899 deSpicatustorvis
1315 2832 1490 2886 oculis
1517 2830 1831 2894 ardescens,
1851 2845 1969 2884 cor-

392 2919 555 2975 nibus
586 2920 883 2983 inclinatis,
917 2927 970 2974 et
1002 2919 1082 2973 ira
1141 2920 1424 2990 gliscente,
1483 2927 1596 2974 toto
1628 2934 1857 2989 corpore
1882 2918 1967 2973 di-

391 3010 740 3064 micationem
773 3009 972 3079 poscit.

2074 1821 2234 1891 ὄψεις
2264 1821 2373 1876 τῶν
2408 1822 2687 1895 θηρευτῶν
2716 1825 3099 1896 ἐφιπτάμενον.

2149 2000 2350 2075 Νωθρά
2374 2002 2407 2073 ἡ
2445 2000 2603 2072 φύσις
2632 2003 2730 2073 τῆς
2755 2002 2975 2075 ἄρκτου,
3008 2006 3101 2058 xa‘t
3140 2007 3453 2080 ίδιὸτροπος,
3478 2011 3572 2065 καὶ
3593 2012 3652 2066 τὸ

2079 2086 2209 2164 ἦθος
2244 2092 2493 2157 ὕπουλος,
2525 2094 2619 2147 καὶ
2672 2093 2860 2166 βαρεῖα
2887 2094 2966 2166 τῷ
2996 2097 3226 2168 σώματι.
3264 2101 3529 2166 Πολλάκις
3560 2100 3652 2157 οὖν

2080 2184 2406 2256 βαθυτάταις
2434 2186 2701 2259 τρωθεῖσα
2730 2187 2983 2259 πλη-(αἶς,
3018 2192 3250 2262 ίατρεύει
3302 2194 3499 2265 ἑαυτὴν
3552 2194 3647 2266 ξη-

2078 2278 2285 2350 ροτάτῳ
2318 2279 2506 2350 φλόμῳ
2536 2278 2634 2343 τὰς
2665 2280 2892 2344 ὠτειλὰς
2925 2283 3299 2353 παραϐύουσα.
3339 2287 3649 2343 Παλαίουσα

2075 2369 2131 2422 δὲ
2158 2370 2435 2423 διαπλέκει
2467 2372 2592 2434 τοὺς
2624 2372 2789 2436 πόδας
2821 2373 3112 2445 τεχνικῶς,
3149 2377 3241 2429 καὶ
3278 2377 3644 2444 ὑποσκελίζει,

2075 2459 2170 2512 καὶ
2202 2459 2578 2529 μεσολαῦοῦσα
2609 2461 2884 2532 κραταιῶς
2912 2461 3202 2522 καθάπτει.

2153 2637 2213 2690 '0
2256 2637 2453 2712 ταῦρος
2485 2641 2595 2703 τοῖς
2627 2639 2820 2711 κέρασι
2852 2640 2988 2711 πρὸς
3022 2642 3231 2713 ἄμυναν
3263 2643 3369 2699 τῶν
3414 2647 3645 2702 ἀντιπά-

2072 2725 2177 2779 λων
2204 2726 2595 2792 καθώπλισται,
2628 2732 2742 2793 τοῖς
2771 2729 2827 2782 δέ
2859 2732 3014 2784 ποσὶν
3051 2732 3282 2804 ἀθλητοῦ
3324 2735 3524 2806 τρόπον
3564 2755 3649 2791 κο-

2071 2819 2305 2883 νίζεταιο
2344 2820 2778 2891 ὑποδλεπόμενος
2807 2821 2863 2874 δὲ
2897 2829 3175 2895 πρωποίς
3199 2826 3425 2898 ὄμμασι,
3450 2830 3545 2883 καὶ
3579 2831 3647 2884 τὰ

2070 2912 2276 2983 κέρατα
2305 2912 2655 2981 ἐγκεκλικὼς,
2688 2914 2783 2967 καὶ
2808 2914 2943 2979 ζέων
2971 2916 3145 2989 θυμῷ,
3171 2920 3384 2993 ἐφορμᾷ
3414 2922 3519 2993 ὅλῳ
3566 2923 3646 2994 τῷ

2071 3018 2305 3073 σωματι.

460 3102 605 3172 Aper
633 3102 680 3157 si
701 3103 908 3157 locatos
931 3100 1150 3156 insidiis
1173 3108 1464 3155 venatores
1484 3099 1648 3155 fuerit
1685 3100 1960 3164 odoratus1

2142 3095 2247 3159 Σῦς
2276 3094 2353 3158 δέ,
2378 3097 2505 3150 ὅταν
2536 3097 2620 3171 ἴδῃ
2652 3099 2919 3170 κυνηγοὺς
2942 3100 2998 3153 ἐν
3017 3104 3137 3165 ταῖς
3164 3101 3316 3168 ῦλαις
3344 3104 3638 3177 λοχῶντας,

386 3195 595 3251 viribus
627 3195 902 3259 excitatis,
936 3195 1120 3249 nullus
1157 3193 1260 3247 init
1302 3194 1729 3259 contentionem,
1785 3192 1965 3262 prius-

387 3305 550 3361 quam
587 3289 653 3344 ad
677 3290 887 3344 vicinas
918 3290 1143 3343 arbores
1172 3286 1366 3342 dentes
1398 3286 1695 3341 exacuerit.

455 3382 762 3451 Antltolops
794 3380 974 3435 bellua
995 3388 1079 3435 est
1098 3378 1601 3443 vehementissima,
1630 3384 1830 3431 venatu
1861 3374 1963 3429 dif-

386 3472 564 3537 ﬁcilis,
594 3471 845 3541 oblongis
875 3472 1157 3535 cornibus,
1205 3485 1481 3526 serrarum
1531 3469 1725 3532 instar,
1761 3466 1960 3538 quibus

387 3564 526 3618 altas
554 3563 915 3633 ingentesque
942 3565 1309 3617 circumsecat
1335 3562 1580 3616 arbores.
1610 3559 1813 3614 Sitiens
1860 3557 1960 3613 Eu-

386 3656 632 3725 phratem
668 3653 891 3707 fluvium
931 3656 1086 3724 petit,
1123 3655 1355 3725 indeque
1401 3663 1528 3724 potu
1575 3653 1770 3707 hausto
1814 3652 1958 3706 inter

383 3746 640 3807 ericulas,
678 3761 798 3813 qua:
818 3746 963 3799 circa
987 3744 1228 3800 ﬂuminis
1272 3748 1419 3815 ripas
1467 3746 1764 3809 virescunt,
1819 3742 1957 3797 ludit

384 3837 560 3907 iisque
587 3838 895 3907 colligatur.
928 3836 1140 3892 Etenim
1174 3852 1297 3890 cum
1332 3837 1443 3890 sint
1469 3836 1726 3889 tenuibus
1764 3842 1818 3889 et
1843 3835 1956 3888 len-

382 3928 455 3983 tis
489 3928 745 3990 surculis,
775 3928 917 3983 inter
950 3943 1008 3983 se
1062 3927 1325 3983 cornibus
1387 3926 1535 3980 illius
1582 3926 1951 3996 implicantur,

380 4023 472 4077 illa
505 4037 726 4093 gemens
768 4021 1063 4075 clamorem
1100 4019 1243 4085 edit;
1294 4016 1439 4087 quod
1493 4032 1617 4071 cum
1668 4023 1953 4072 venatores

378 4113 771 4184 persenserint,
800 4111 947 4165 illico
976 4125 1095 4164 eam
1134 4108 1587 4177 comprehensam
1611 4106 1948 4161 interimunt.

449 4203 547 4259 Est
573 4212 629 4258 et
650 4203 792 4273 apud
827 4201 1080 4273 Scythas,
1107 4216 1247 4271 quos
1279 4198 1423 4254 Loos
1450 4207 1669 4263 vocant,
1702 4197 1836 4263 fera,
1870 4206 1952 4250 ta-

375 4297 586 4353 randus
610 4296 854 4359 nomine,
892 4297 979 4350 cui
1013 4291 1331 4364 magnitudo
1351 4305 1472 4361 qua:
1499 4290 1646 4355 bovi,
1695 4301 1948 4361 aspectus

374 4389 468 4460 qui
500 4403 696 4455 cervo;
740 4388 906 4457 litque
950 4384 1211 4441 assimilis
1241 4383 1549 4450 cuicunque
1592 4382 1670 4436 rei
1704 4383 1948 4451 proxime

374 4481 606 4544 venerit,
641 4480 987 4548 coloremque
1009 4478 1250 4531 omnium
1280 4476 1479 4538 reddit,
1511 4477 1624 4530 sive
1649 4474 1739 4527 illa
1760 4475 1943 4538 arbor,

367 4574 489 4627 sive
517 4580 684 4634 terra,
717 4570 835 4625 sive‘
850 4568 1056 4637 aliquid
1086 4566 1233 4621 aliud
1263 4567 1363 4633 sit;
1390 4567 1517 4621 hinc
1548 4566 1727 4620 evenit
1760 4573 1819 4617 ut
1840 4564 1947 4618 dif-

371 4663 591 4719 liculter
622 4660 744 4731 capi
773 4659 968 4731 possit,
1016 4660 1424 4727 multorumque
1475 4655 1724 4711 notitiam
1751 4654 1941 4724 fugiat.

441 4837 645 4893 Eadem
678 4837 893 4891 ratione
920 4841 975 4889 et
992 4832 1324 4888 chamaeleon
1352 4838 1528 4886 mutat
1555 4831 1794 4887 colorem
1823 4830 1945 4887 red-

371 4929 557 5000 ditque
615 4942 996 4999 quemcunque
1067 4924 1315 5000 proxime
1374 4924 1613 4993 attingit,
1665 4924 1781 4979 sive
1846 4938 1944 4993 per

368 4996 650 5092 pratorum
681 5020 1033 5082 viriditatem,
1073 4996 1317 5086 sive‘per
1353 5017 1455 5072 soli
1492 5015 1794 5071 siccitatem
1821 5030 1941 5071 ser-

369 5127 483 5189 pat.

438 5209 614 5265 Cervo
639 5208 779 5265 inest
806 5222 907 5265 sua
940 5204 1226 5267 timiditas,
1252 5216 1562 5273 quanquam
1594 5202 1665 5256 sit
1687 5201 1938 5257 acerrimi

366 5301 522 5357 visus
551 5315 898 5371 pugnamque
945 5313 1070 5352 cum
1125 5295 1450 5349 animalibus
1479 5308 1600 5363 quae
1646 5292 1817 5360 humi.
1851 5308 1939 5348 re-

368 5402 504 5464 punt
557 5394 876 5448 committat.
903 5390 961 5446 Si
991 5389 1209 5460 quando
1246 5402 1368 5442 eum
1402 5401 1648 5455 serpens,
1675 5386 1731 5439 in
1772 5399 1936 5440 saxo--

370 5499 491 5537 rum
519 5485 708 5537 rimam
738 5485 1037 5552 ingressus,
1078 5479 1329 5550 fugiendo
1359 5479 1663 5539 declinat-it,
1719 5477 1810 5532 siti
1841 5491 1932 5529 ar-

369 5574 504 5630 dens
533 5574 603 5627 ad
627 5573 801 5627 fontes
822 5586 881 5627 se
910 5570 1145 5639 confert,
1196 5572 1433 5642 graviter
1477 5585 1709 5641 namque
1729 5570 1818 5627 siti
1850 5570 1935 5623 iu-

475 5748 516 5780 "
552 5745 704 5799 llom.
739 5744 897 5798 Iliad.
927 5746 990 5813 Υ,
1023 5761 1075 5801 v.
1106 5744 1224 5799 170.

2063 3184 2488 3258 διανιστάμενος,
2521 3190 2582 3243 οὐ
2615 3190 2876 3263 πρότερον
2904 3195 3119 3265 ἐφορμᾷ
3153 3195 3338 3268 πρὶνῆ
3371 3199 3483 3261 τοῖς
3508 3196 3641 3267 πλη-

2067 3275 2179 3330 σίον
2215 3278 2450 3350 δένδροις
2478 3280 2766 3355 παραθήξῃ
2795 3286 2922 3345 τοὺς
2949 3283 3188 3349 ὀδόντας.

2136 3371 2290 3423 Ἔστι
2309 3371 2364 3425 δὲ
2381 3372 2516 3435 ζῶον
2547 3374 2780 3446 ἀνθόλοψ
2804 3379 3007 3451 σφόδρα
3036 3379 3359 3451 δριμύτατον
3383 3382 3478 3437 καὶ
3508 3382 3637 3435 δυσ-

2064 3460 2318 3533 θήρατον,
2369 3463 2489 3536 ἔχον
2526 3465 2583 3519 δὲ
2620 3467 2805 3539 μακρὰ
2830 3469 3032 3540 κέρατα
3065 3472 3226 3541 ὅμοια
3251 3472 3490 3544 πρίοσιν,
3522 3473 3637 3529 δέν-

2061 3553 2163 3623 δρα
2195 3556 2441 3628 μετέωρα
2470 3559 2563 3611 καὶ
2598 3561 2808 3630 μεγάλα
2838 3562 3051 3634 πρίζει’
3082 3563 3309 3634 διψῆσαν
3331 3565 3387 3619 δὲ
3416 3565 3633 3638 ἔρχεται

2061 3646 2153 3698 ἐπὶ
2200 3649 2292 3700 τὸν
2343 3650 2633 3721 Εὐφράτην
2666 3654 2925 3724 ποταμὸν,
2960 3655 3053 3709 καὶ
3098 3655 3236 3709 πιὼν
3287 3658 3468 3721 παίζει
3513 3660 3631 3721 ταῖς

2060 3736 2376 3808 ἐρεικίναις,
2402 3744 2520 3805 ταῖς
2553 3742 2740 3806 οὔσαις
2768 3744 2917 3815 παρὰ
2945 3747 3063 3808 ταῖς
3107 3744 3294 3816 ὄχθαις
3334 3746 3428 3800 τοῦ
3466 3765 3629 3803 ποταα

2062 3828 2185 3897 μοῦ,
2239 3830 2333 3883 καὶ
2387 3831 2664 3902 δεσμείται
2716 3834 2808 3887 ὑπ’
2859 3834 3058 3891 αὐτῶν.
3114 3838 3471 3892 Λεπτόκλονοι
3521 3839 3634 3912 γὰρ

2060 3920 2419 3991 ὑπάρχουσαι,
2451 3924 2811 3993 ἐμπλέκονται
2836 3926 2999 3980 αὐτοῦ
3027 3928 3155 3999 περὶ
3181 3928 3249 3981 τά
3280 3930 3507 4000 κέρατα,
3537 3930 3635 3986 καὶ

2059 4009 2158 4082 βοᾷ
2178 4027 2191 4041 ο
2232 4014 2325 4066 καὶ
2356 4016 2404 4066 οἱ
2432 4017 2681 4088 κυνηγοὶ,
2712 4017 3048 4089 αἰσθόμενοι,
3083 4020 3284 4084 εὐθέως
3320 4022 3482 4075 αὑτὸν
3514 4022 3635 4075 συλ-

2056 4101 2413 4173 λαμϐάνουσι,
2448 4108 2542 4159 καὶ
2567 4108 2897 4179 ἀναιροῦσιν.

2127 4197 2283 4249 Ἔστι
2313 4196 2370 4251 δὲ
2415 4199 2474 4250 ἐν
2513 4201 2626 4262 τοῖς
2663 4200 2894 4265 Σκύθαις
2921 4204 3031 4265 τοῖς
3063 4202 3410 4275 καλουμένοις
3452 4204 3628 4269 Δώοις

2054 4283 2191 4349 ζῶον
2238 4288 2565 4358 καλούμενον
2610 4289 2888 4361 τάρανδος,
2932 4292 3155 4362 μέγεθος
3192 4294 3314 4366 ἕχον
3355 4296 3492 4366 βοὸς,
3527 4298 3625 4367 τὴν

2050 4378 2109 4431 δὲ
2135 4378 2255 4448 ὄψιν
2278 4381 2377 4450 τῆς
2403 4381 2495 4433 τοῦ
2525 4381 2724 4451 ἐλάφου
2769 4385 3166 4457 παραπλήσιον.
3202 4387 3311 4440 Καὶ
3344 4390 3458 4441 ἐστι
3501 4389 3626 4442 δυσ-

2051 4469 2308 4541 θήρατον,
2344 4470 2422 4541 τῷ
2457 4472 2597 4545 πρὸς
2631 4474 2699 4526 τὰ
2742 4474 2932 4548 δένδρα
2977 4478 3070 4529 καὶ
3113 4479 3308 4550 χωρία,
3343 4481 3436 4534 καὶ
3485 4483 3623 4553 πρὸς

2049 4562 2227 4614 πάντα
2259 4556 2338 4624 οἷς
2369 4563 2437 4616 ἂν
2468 4563 2657 4636 ἐγγὶζῃ
2684 4564 2781 4636 τὴν
2815 4567 2999 4638 χροιὰν
3037 4569 3411 4639 μεταϐάλλειν,
3440 4574 3534 4626 καὶ
3553 4578 3617 4645 τῇ

2047 4652 2267 4706 ἐκείνων
2300 4653 2688 4725 ἀφομοιοῦσθαι
2725 4657 2866 4727 ἰδέᾳ,
2902 4659 2995 4712 καὶ
3021 4659 3107 4714 διά
3130 4660 3286 4714 τοῦτο
3316 4658 3457 4717 εἶναι
3493 4665 3621 4718 πολ-

2045 4741 2158 4807 λοῖς
2182 4745 2603 4813 ἀνεπίγνωστον.

2128 4838 2359 4908 Ὁμοίως
2402 4838 2458 4892 δὲ
2495 4840 2589 4894 καὶ
2639 4844 2667 4895 ὁ
2715 4842 3023 4913 χαμαιλέων
3050 4846 3130 4909 είς
3164 4846 3306 4910 οἴους
3354 4847 3421 4901 ἂν
3473 4846 3617 4921 ἐρπῃ

2043 4926 2329 4998 λειμῶνας,
2363 4932 2457 4984 καὶ
2482 4931 2652 5003 ἐδάφη
2676 4931 2832 5004 ξηρά,
2857 4938 2953 5005 τὴν
2976 4937 3164 5006 χροιὰν
3199 4936 3419 4990 ἐκείνων
3453 4952 3618 5008 μετα-

2042 5019 2328 5091 λαμϐάνει.

2109 5202 2290 5256 Δειλον
2324 5205 2355 5272 ἡ
2383 5201 2576 5271 ἔλαφος
2609 5203 2699 5257 καὶ
2722 5203 3024 5276 ὀξυδερκὲς,
3061 5205 3155 5258 καὶ
3188 5204 3323 5275 πρδς
3351 5206 3419 5259 τὰ
3446 5208 3609 5277 ἐρπε-

2038 5292 2105 5345 τὰ
2138 5293 2301 5364 θηρία
2334 5294 2618 5363 πολέμιον·
2666 5295 2761 5347 καὶ
2805 5296 2853 5347 εἰ
2882 5294 3120 5367 διαςύγῃ
3148 5296 3315 5366 αὐτὴν
3337 5297 3480 5366 ὄφις,
3515 5300 3609 5351 καὶ

2036 5387 2115 5448 εἰς
2159 5385 2362 5455 ραγάδα
2408 5386 2700 5458 παρεισδύῃ
2744 5389 2965 5458 πέτρας,
3006 5390 3310 5456 ἀφικνεῖται
3338 5389 3608 5461 διψήσασα

2034 5480 2114 5541 εἰς
2145 5479 2242 5542 τὰς
2276 5478 2488 5547 πηγάς·
2529 5479 2667 5532 πάνυ
2704 5481 2808 5553 γάρ
2842 5483 2956 5533 ἐστι
2995 5481 3129 5550 πρὸς
3160 5482 3258 5552 τὴν
3292 5482 3449 5552 δίψαν
3491 5484 3578 5538 διά

2035 5586 2226 5641 πυρος,
2256 5571 2331 5633 ὡς
2356 5570 2449 5624 κοιλ⁵
2467 5570 2564 5642 τὴν
2613 5571 2854 5641 γλῶτταν
2884 5572 3162 5627 ἐκίάλλειν
3195 5574 3286 5627 τοῦ
3316 5576 3606 5648 στόματος,
