4112 6424
459 368 555 424 7-H

1359 358 1629 415 SPUBIA.
1670 388 1741 400 -—
1776 354 2133 413 COMMENT.
2175 352 2244 407 IN
2283 347 2778 408 llEXAEMERON.

3587 346 3693 402 742

454 485 585 557 πρὸς
632 481 695 535 τὸ
740 477 843 534 ύπδ
873 479 971 549 τῆς
1004 476 1338 548 ψυχρότητος
1370 475 1463 529 τοῦ
1498 475 1657 547 ἀέρος
1690 473 1859 543 αὐτὴν
1887 474 2019 526 ἀναι-

2135 468 2452 533 lammatur,
2477 467 2551 520 ita
2582 474 2642 519 ut
2675 465 2862 518 exerta
2916 457 3103 528 lingua
3164 463 3379 521 aestuet,
3443 464 3504 512 ut
3550 459 3695 514 aeris

438 571 732 646 ψύχεσθαι.
752 569 1154 641 Ἐμπλησθεῖσα
1175 563 1267 620 οὖν
1292 566 1385 619 τοῦ
1414 566 1623 628 ὓδατος,
1650 564 1866 636 ἔρχεται
1892 563 2019 614 ἔνθα

454 671 478 721 ό
504 668 625 735 ὄφις
655 664 974 736 κρύπτεται,
1004 660 1097 715 καὶ
1128 660 1487 713 ἀνασπάσασα
1518 656 1677 711 αὑτὸν
1711 659 1773 709 ἐκ
1803 657 1900 725 τῆς
1927 658 2021 725 ρα-

453 761 633 829 γάδος,
672 755 1026 829 ωμπατοῦσα
1066 755 1295 824 ἀναιρεῖ.
1330 752 1392 803 Εἰ
1425 751 1596 803 δὲκαὶ
1636 748 1743 800 τῶν
1776 747 2020 818 κεράτων

453 853 621 921 αὐτῆς
657 849 847 921 μικρόν
877 864 931 899 τι
964 845 996 917 ἢ
1024 844 1133 897 τῶν
1170 842 1370 914 τριχῶν
1421 843 1505 894 ἐπ’
1529 839 1701 903 οίκίας
1747 840 2016 907 κατακαῇ,

452 942 634 995 εἵπου
685 940 751 993 ἂν
791 935 1094 1008 ἐμφωλεύει
1140 934 1345 1006 θηρίον,
1375 928 2021 1003 διαδιδράσκει.Ἐπειδάν

452 1034 508 1085 δὲ
535 1030 780 1100 ἀποϐάλῃ
813 1029 882 1081 τὰ
915 1028 1142 1097 κέρατα,
1181 1026 1403 1095 μόνασιν
1452 1024 1622 1092 ζητεῖ,
1658 1020 1751 1073 καὶ
1780 1018 2021 1091 κρημνὸν

454 1123 744 1195 ἀπρόσιτον
773 1117 1193 1189 καταλαμϐάνει,
1226 1116 1319 1169 κοιλ⁵
1352 1115 1549 1169 ἄϐατον
1590 1111 1825 1182 ἐρημίαν
1861 1126 2025 1182 μετα-

455 1214 657 1276 διώκει,
692 1212 766 1276 ὡς
798 1209 1141 1265 ἀποϐαλοῦσα
1175 1207 1310 1278 πρὸς
1332 1206 1398 1259 τὰ
1416 1205 1548 1259 ἄλλα
1574 1203 1737 1274 θηρία
1764 1204 1824 1255 τὸ
1850 1203 2022 1271 ἀμυν-

456 1307 660 1379 τήριον.
679 1305 832 1358 Ἐπεὶ
863 1299 955 1356 οὖν
984 1302 1119 1372 πρὸς
1150 1298 1247 1363 τὰς
1288 1297 1442 1369 ῥίζας
1474 1296 1581 1349 τῶν
1613 1292 2025 1364 ὰποϐληθέντων

458 1399 703 1470 κεράτων
735 1397 872 1450 εἰσιν
904 1394 1178 1458 ἐλκώσεις,
1214 1393 1293 1455 είς
1338 1387 1685 1460 πολύδενδρον
1717 1388 1879 1439 τόπον
1924 1401 2025 1437 κα-

457 1494 736 1562 τασκηνοϊ,
773 1490 908 1562 πρὸς
949 1489 1009 1542 τὺ
1063 1486 1136 1558 μὴ
1188 1485 1291 1538 ὑπὸ
1344 1482 1517 1555 μυιῶν
1559 1478 1908 1552 ἐκμυζεῖσθαι
1959 1476 2028 1530 τά

458 1583 767 1654 τραύματα,
816 1581 909 1635 καὶ
948 1579 1138 1641 νυκτὸς
1169 1577 1387 1647 νέμεται
1420 1574 1602 1629 ἄνεσιν
1641 1573 2027 1643 ἔχουσα.”οταν

460 1675 517 1728 δέ
549 1673 758 1744 ἐκφύσῃ
789 1672 857 1725 τὰ
890 1672 1115 1743 κέρατα,
1149 1668 1423 1740 θαρροῦσα
1451 1666 1662 1737 πρόεισι
1690 1664 1781 1718 καὶ
1818 1679 2029 1733 μεσημ-

463 1765 639 1837 ϐρίας.
671 1765 972 1836 Βουλομένη
1006 1763 1061 1816 δὲ
1092 1761 1379 1832 δοκιμάσαι
1414 1762 1461 1813 εί
1494 1758 1777 1828 πεπηγότα
1799 1756 1934 1825 αὐτῇ
1959 1754 2026 1808 τὰ

463 1857 689 1930 κέρατα,
722 1856 965 1929 τρυφερὰ
992 1856 1101 1926 γὰρ
1132 1854 1260 1906 ὅντα
1298 1851 1399 1906 ὑπὸ
1443 1851 1536 1905 τοῦ
1589 1852 1737 1922 ἡλίου
1770 1850 2029 1922 θραύεται

464 1948 957 2020 καταφλεγόμεναι·
994 1948 1232 2020 δένδρεσι
1263 1946 1319 2000 δὲ
1352 1943 1685 2017 παραϐάλλει
1717 1943 1817 2014 τὴν
1860 1959 2029 2010 κεφαμ-

463 2037 579 2112 λὴν,
613 2043 708 2094 καὶ
756 2040 987 2112 ἐντρίϐει
1032 2039 1356 2102 ἀντιτύπως,
1390 2036 1699 2110 πειρωμένη
1723 2034 1946 2103 γνῶναι,
1982 2035 2030 2086 εί

465 2133 695 2203 βεϐαίως
728 2135 1059 2207 ἐρήρεισται.
1093 2133 1235 2204 Πρὸς
1258 2131 1313 2184 δὲ
1337 2131 1404 2185 τὰ
1430 2131 1682 2202 δήγματα
1699 2127 1806 2181 τῶν
1827 2126 2032 2197 φαλαγ-

463 2225 618 2294 γίων,
653 2228 908 2297 καρκῑνον
939 2224 1189 2278 ἐσθίουσα
1220 2226 1386 2282 ἰᾶται.

548 2425 612 2478 Ἦ
643 2424 700 2477 δὲ
739 2422 828 2488 αἲξ
871 2425 904 2493 ἠ
944 2423 1110 2495 ἀγρία
1147 2423 1289 2476 κατὰ
1326 2421 1421 2493 τὴν
1458 2422 1715 2493 Κρήτην,
1763 2420 1858 2473 ἐὰν
1892 2420 2034 2492 βέλει

464 2517 722 2587 διαπαρῇ,
744 2516 804 2568 τὸ
823 2515 1152 2586 καλούμενον
1180 2515 1438 2585 δίκταμον
1468 2511 1811 2584 ἐμφαγοῦσα,
1839 2511 2034 2584 ῥᾳδίως

465 2604 525 2658 τὸ
554 2603 776 2676 τραῦμα
805 2603 1183 2675 θεραπεύεται.

536 2718 603 2770 Al
628 2717 682 2770 δὲ
704 2717 996 2788 παρδάλεις
1022 2717 1293 2790 θηρῶνται
1321 2716 1575 2789 εὐμαρῶς
1596 2716 1662 2771 τὰ
1682 2715 1815 2782 ζῶα.
1842 2719 2035 2787 Σαφῶς

467 2807 576 2879 γὰρ
608 2808 799 2861 εἰδυῖαι
826 2811 945 2871 ταῖς
978 2809 1072 2860 ἀπ’
1103 2807 1280 2861 αὐτῶν
1303 2808 1493 2879 ὀδμαῖς
1519 2808 1777 2878 χαίροντα
1805 2808 1874 2861 τὰ
1901 2809 2036 2862 ἄλλα

469 2901 601 2967 ζῶα,
632 2902 847 2973 βαθέσιν
875 2903 1089 2974 ἄντροις
1125 2903 1346 2975 ίδροῦσι·
1383 2903 1451 2956 τὰ
1482 2903 1558 2967 δὲ,
1586 2898 1672 2956 οἷα
1701 2903 1926 2974 κνίσσης
1955 2906 2038 2957 αξ-

468 2994 720 3066 σθόμεναι,
753 2994 1043 3065 ρινηλατεῖ,
1082 2996 1173 3047 καὶ
1204 2995 1493 3063 ἐγγίσαντα
1532 2994 1609 3065 τῷ
1637 2995 1807 3065 τόπῳ,
1838 2993 2039 3059 εὐθέως

467 3084 572 3139 ὑπὸ
603 3085 712 3141 τῶν
740 3087 1056 3158 παρδάλεων
1080 3086 1475 3141 κατεσθίονται.

546 3265 607 3319 ’0
648 3264 705 3318 δὲ
748 3263 962 3333 πάνθηρ
1012 3260 1161 3331 φίλον
1193 3260 1292 3332 μέν
1325 3262 1437 3314 ἐστι
1470 3260 1687 3314 πάντων
1718 3260 1827 3313 τῶν
1857 3258 2033 3328 ζώων,

467 3354 659 3426 ἐχθρὸν
686 3353 743 3407 δέ
770 3353 863 3406 τοῦ
892 3352 1200 3423 δράκοντος.
1237 3336 1393 3404 Ἐστι
1422 3351 1479 3404 δὲ
1521 3350 1597 3421 τῷ
1636 3349 1847 3422 σώματι
1879 3352 2038 3404 ἀστε-

470 3445 649 3517 ρωπὸν
690 3444 785 3497 καὶ
824 3444 965 3497 πάνυ
1008 3442 1249 3514 ἡσύχιον.
1296 3444 1406 3496 Καὶ
1447 3442 1552 3506 ἕως
1599 3441 1695 3512 μὲν
1740 3441 1801 3494 ού
1844 3439 2037 3512 χρῄζει

468 3535 693 3607 τροφῆς,
734 3535 883 3605 μένει
916 3533 1173 3588 καθεῦδον
1203 3536 1260 3588 ἐν
1300 3533 1377 3605 τῷ
1420 3532 1628 3604 φωλειῖν
1671 3535 1735 3603 τῇ
1781 3531 1839 3586 δὲ
1879 3533 2037 3604 τρίτῃ

472 3626 660 3697 ἡμέρᾳ
692 3626 951 3679 πεινάσαν
996 3625 1183 3692 ἔξεισι,
1218 3625 1313 3677 καλ⁸
1356 3623 1564 3696 μεγάλῃ
1613 3626 1761 3694 φωνῇ
1798 3621 1915 3693 βοᾷ,
1943 3622 2037 3675 καὶ

470 3717 534 3768 ἐκ
556 3716 649 3769 τοῦ
678 3716 941 3787 στόματος
966 3715 1126 3769 αὑτοῦ
1151 3716 1345 3769 εὐωδία
1368 3734 1449 3779 τις
1470 3715 1665 3780 ἔξεισιν
1688 3713 2033 3786 ἀρωματικὴ,

470 3806 537 3860 δι’
566 3800 633 3878 ἦς
660 3805 730 3860 τὰ
763 3806 897 3861 ἄλλα
924 3807 1036 3871 ζῶα
1062 3806 1362 3877 θελγόμενα
1390 3805 1458 3858 τὰ
1490 3806 1656 3873 ἐγγὺς
1689 3805 1781 3858 καλ⁵
1809 3803 1875 3857 τὰ
1904 3802 2038 3874 πόρ-

472 3897 643 3970 ρωθεν
672 3899 978 3968 ἐγγίζουσιν
1003 3898 1171 3969 αὐτῷ,
1213 3899 1306 3953 καὶ
1335 3898 1554 3951 ἕπονται
1590 3897 1901 3969 τερπόμενα
1938 3898 2036 3949 αύ-

470 3989 563 4044 τοῦ
592 3993 658 4062 τῇ
687 3991 926 4063 ποικιλίᾳ
953 3992 1045 4044 τοῦ
1072 3990 1341 4063 σώματος.
1389 3992 1446 4044 '0
1475 3990 1533 4043 δὲ
1558 3989 1772 4061 πάνθηρ
1789 3989 1963 4058 ὀλίγον
1986 4007 2037 4044 τι

471 4083 927 4155 προηγησάμενος
965 4083 1143 4138 αὐτῶν
1185 4082 1604 4155 ὑποστρέφεται,
1639 4084 1735 4137 mi.
1765 4085 2035 4154 ἐπιτηρεῖ,

470 4175 566 4228 καὶ
596 4176 644 4241 ὅ,
672 4177 718 4230 τ’
743 4175 808 4230 ἂν
835 4174 942 4230 τῶν
978 4174 1130 4241 ζώων
1156 4175 1328 4249 ἀρέσῃ
1349 4176 1517 4247 αὐτῷ,
1551 4175 1876 4248 ἐπιπιδήσας
1904 4176 2041 4248 λαμ-

474 4266 643 4321 ϐάνει.

556 4471 615 4525 '0
639 4470 695 4525 δέ
730 4470 927 4541 ἐλέφας
958 4473 1250 4543 ἐγκυμονεῖ
1289 4471 1386 4542 μὲν
1416 4471 1624 4542 χρόνῳ,
1658 4472 1739 4534 εἰς
1769 4469 1900 4524 δέκα
1931 4468 2040 4541 γὰρ
2073 4505 2115 4559 D

472 4561 567 4634 ἔτη
597 4562 779 4615 πέττει
801 4563 900 4633 τὴν
931 4562 1158 4633 σπορὰν,
1190 4563 1285 4616 καὶ
1305 4563 1434 4616 ὅταν
1455 4563 1484 4614 ὁ
1506 4561 1663 4625 τόκος
1684 4561 1860 4633 γέρων
1882 4561 2041 4631 γένη-

472 4669 584 4718 ται,
631 4652 752 4706 τότε
799 4652 1099 4706 ἀποτίκτει·
1149 4653 1311 4724 ἡνίκα
1355 4653 1399 4707 δ’
1440 4652 1507 4706 ἂν
1548 4656 1605 4717 ἐς
1647 4652 1835 4725 βόθρον
1879 4670 2042 4706 κατε-

472 4742 657 4814 νεχθῇ,
698 4742 791 4796 καὶ
816 4742 971 4806 ἄλλος
998 4742 1193 4811 ἐλέφας
1225 4742 1506 4814 θεάσηται,
1557 4743 1843 4815 πορευθεὶς
1882 4743 2043 4796 συνὰ-

476 4853 560 4904 γει
589 4834 815 4898 πολλοὺς
846 4834 1162 4904 ἐλέφαντας,
1196 4835 1291 4887 καὶ
1325 4834 1568 4899 ἐλθόντες
1597 4836 1688 4889 τὸν
1719 4835 2040 4889 πεπτωκότα

473 4926 789 4982 ἀνασπῶσιν
821 4924 999 4997 ἠρέμα
1024 4925 1491 4996 ὑποκουφίζοντες.

558 5038 616 5092 '0
647 5038 705 5091 δέ
728 5036 942 5111 δράκων
972 5039 1001 5090 ὁ
1029 5037 1170 5091 κατὰ
1197 5038 1295 5109 τὴν
1335 5038 1521 5092 Ἰνδίαν
1545 5038 1674 5109 περὶ
1696 5039 1765 5092 τὰ
1784 5040 1927 5094 νῶτα
1947 5040 2041 5094 τοῦ

476 5128 763 5198 ἐλέφαντος
786 5129 1035 5201 άνέρπει,
1059 5130 1153 5183 καὶ
1170 5132 1268 5201 τὴν
1289 5130 1450 5201 νηδὺν
1466 5132 1643 5185 πᾶσαν
1671 5133 2040 5205 περιειλεὴαι,

476 5222 570 5276 καὶ
597 5222 665 5293 ἢν
692 5222 758 5276 ἂν
787 5222 926 5295 τύχῃ
953 5221 1123 5291 φλέϐα
1146 5221 1336 5275 διελεῖν
1354 5262 1370 5284 ,
1403 5223 1692 5295 ἀπλήστως
1723 5227 2042 5298 ἐμφορεῖται

474 5312 571 5366 τοῦ
596 5314 847 5384 αἵματος,
881 5313 1260 5384 ἐπισπώμενος
1299 5313 1457 5385 βιαίῳ
1484 5315 1773 5385 πνεύματι,
1803 5318 1895 5371 καὶ
1919 5335 2042 5373 συν-

476 5405 613 5475 τόνῳ
659 5405 840 5478 ῥοίζῳ.
884 5407 944 5460 '0
972 5406 1032 5461 δὲ
1071 5405 1267 5475 ἐλέφας
1309 5408 1523 5477 σκιρτᾷ,
1566 5409 1660 5461 καὶ
1696 5411 1759 5479 τῇ
1797 5413 2040 5481 προνομῇ

477 5497 670 5553 τύπτει
707 5497 777 5550 τὰ
819 5498 1044 5570 πλευρὰ,
1085 5500 1160 5563 ὡς
1194 5499 1288 5553 τοῦ
1328 5499 1616 5571 δράκοντος
1642 5501 2040 5571 καθεζόμενος*ο

478 5586 598 5644 εἶτα
627 5591 1017 5659 ἐκκενουμένου
1047 5592 1139 5646 τοῦ
1165 5592 1413 5662 αἵματος,
1454 5592 1634 5645 οὐκέτι
1672 5592 1845 5663 πηδᾷν
1881 5592 2042 5646 δυνά-

484 5698 661 5751 μενος,
683 5684 899 5754 τρέμων
923 5686 1153 5750 ἵσταται,
1182 5686 1373 5756 μικρὸν
1395 5684 1452 5738 δὲ
1474 5683 1699 5757 ὕστερον
1721 5684 1928 5749 πίπτει,
1951 5682 2046 5739 καὶ

479 5773 588 5828 τῶν
622 5775 827 5830 σκελῶν
859 5773 1495 5848 ἐξασθενησάντωνκεῖτα
1516 5779 1610 5832 καὶ
1639 5776 1928 5849 ἀποψύχει,
1952 5780 2046 5832 καὶ

2124 559 2425 629 frigiditate
2456 560 2752 609 recreetur.
2788 549 3021 618 Depulsa
3052 550 3234 617 itaque
3261 553 3412 616 potu,
3458 546 3571 612 siti,
3626 546 3696 602 ad

2121 650 2393 720 serpentis
2417 648 2655 701 latebras
2688 655 3051 709 recessusque
3080 638 3312 700 accedit,
3339 636 3466 692 inde
3512 645 3698 691 extra-

2123 749 2272 795 ctum
2317 740 2661 811 pedibusque
2692 733 3076 788 cunculcalum
3114 730 3393 784 interﬁcit.
3440 728 3506 782 Et
3530 732 3576 785 si
3612 730 3698 783 vel

2122 848 2386 888 cornuum
2422 831 2657 885 frustum
2689 826 2770 880 vel
2802 824 3032 895 pilorum
3059 822 3114 876 in
3145 823 3307 876 domo
3333 829 3545 882 uratur,
3576 819 3697 888 ejus

2124 927 2335 991 nidore,
2368 922 2621 978 animalia
2664 934 2783 989 quae
2814 918 3049 979 latitant,
3094 914 3368 984 fugantur.
3422 910 3698 965 Cornibus

2124 1017 2366 1080 amissis,
2402 1011 2751 1070 solitudinem
2805 1007 3021 1077 quazrit,
3075 1010 3346 1074 pra-rupta
3380 1016 3509 1056 saxa
3545 1001 3699 1053 inac-

2124 1120 2393 1174 cessaque
2453 1099 2729 1163 convenit,
2767 1095 3284 1163 desertissimasque
3337 1091 3525 1145 incolit
3560 1090 3697 1174 soli-

2125 1198 2364 1260 tudines,
2399 1194 2556 1265 quasi
2588 1207 2673 1258 eo,
2700 1203 2808 1259 quo
2834 1203 2892 1243 se
2920 1187 2989 1242 ab
3019 1185 3254 1239 aliarum
3286 1182 3527 1237 ferarum
3554 1166 3701 1250 in'juo

2125 1292 2207 1346 ria
2240 1303 2425 1343 arcere
2460 1284 2651 1356 possit,
2688 1279 3003 1351 deperdito;
3028 1285 3082 1331 et
3110 1291 3233 1330 cum
3282 1275 3335 1327 in
3370 1274 3698 1329 amissorum

2126 1396 2393 1436 cornuum
2419 1376 2695 1431 radicibus
2721 1373 2899 1426 ulcera
2936 1370 3253 1440 gignantur,
3278 1368 3460 1421 locum
3515 1366 3702 1422 multis

2129 1474 2416 1529 arboribus
2442 1466 2971 1527 consitumhahitat,
3022 1478 3091 1517 ne
3140 1477 3171 1515 a
3214 1461 3421 1514 niliscis
3474 1460 3703 1513 vulnera

2128 1578 2530 1640 exsurgantur,
2589 1574 2867 1635 noctuque
2916 1563 3161 1634 pascitur
3216 1560 3607 1631 pacatissima;
3649 1564 3706 1611 at

2129 1679 2259 1718 vero
2293 1677 2416 1715 cum
2446 1674 2651 1714 cornua
2670 1657 2967 1727 eruperint,
3009 1654 3264 1708 audacter
3301 1659 3354 1705 et
3379 1651 3568 1714 libere,
3591 1666 3707 1704 me-

2140 1755 2385 1824 ridieque
2407 1753 2521 1822 ipso
2546 1751 2789 1823 procedit
2815 1750 2880 1803 ad
2907 1746 3125 1819 pabula;
3156 1744 3445 1814 experiens
3467 1742 3512 1796 si
3545 1750 3705 1797 enata

2131 1861 2341 1900 cornua
2378 1845 2482 1897 lixa
2516 1842 2741 1896 ﬁrmiter
2771 1847 2898 1895 sunt
2924 1840 3074 1908 (dum
3125 1835 3269 1890 enim
3309 1833 3493 1888 mollia
3524 1833 3706 1885 incre-

2133 1943 2316 2001 scunt,
2348 1950 2379 1988 a
2409 1934 2541 1988 solis
2558 1933 2737 1987 calore
2759 1940 2952 1985 exusta
2974 1924 3356 1997 franguntur);
3385 1925 3452 1979 ad
3483 1926 3709 1979 arbores

2131 2030 2390 2085 collatum
2424 2033 2587 2096 caput
2629 2026 2968 2095 comprobat,
3022 2022 3421 2089 adversumque
3473 2017 3704 2080 all‘ricat,

2133 2120 2573 2192 repercutiendo,
2607 2126 2827 2173 tentans
2853 2115 3151 2188 periclitari
3189 2114 3232 2167 si
3270 2113 3497 2166 ﬁrmiter
3526 2111 3710 2164 adhae-

2134 2220 2311 2269 reant.
2337 2209 2759 2282 Phalangiorum
2792 2206 3065 2262 morsibus
3090 2217 3290 2259 cancro
3318 2208 3508 2255 vorato
3528 2199 3711 2254 mede-

2134 2315 2247 2362 tur.

2207 2421 2385 2491 Capra
2419 2417 2689 2475 silvestris
2736 2417 2793 2470 in
2821 2413 3003 2477 Creta,
3038 2412 3161 2467 telis
3185 2412 3314 2477 icta,
3347 2409 3516 2465 herba
3547 2423 3711 2480 quam

2135 2512 2435 2567 dictamum
2472 2523 2734 2564 vocamus
2762 2513 2919 2577 pasta
2940 2544 2955 2571 ,
2990 2504 3141 2558 nullo
3162 2502 3348 2556 labore
3380 2500 3586 2556 excutit
3619 2514 3712 2553 ac-

2136 2612 2295 2674 cepta
2321 2603 2453 2659 tela.

2206 2716 2458 2771 Pardalis
2507 2712 2767 2785 perfacile
2808 2711 2954 2780 capit
2996 2708 3273 2764 animalia.
3329 2707 3543 2762 Etenim
3584 2721 3709 2762 cum

2138 2816 2224 2866 sat
2262 2808 2475 2863 noverit
2518 2812 2748 2860 cunctas
2788 2802 3170 2873 quadrupedes
3214 2802 3332 2870 ejus
3373 2800 3541 2855 odore
3576 2800 3714 2854 mire

2137 2900 2447 2965 sollicitari,
2479 2900 2536 2953 in
2568 2896 2854 2969 profundis
2883 2896 3129 2950 cavernis
3164 2894 3414 2956 insudat,
3460 2894 3544 2948 hae
3582 2904 3716 2946 vero

2139 2994 2295 3066 quasi
2335 2992 2529 3047 nidore
2578 2989 2814 3061 quodam
2864 2989 3140 3051 invitatio,
3201 2975 3474 3055 sagaciter
3526 2999 3718 3055 perso-

2137 3094 2406 3157 quuntnr,
2445 3084 2538 3139 ubi
2575 3088 2867 3153 properato
2894 3080 2948 3154 in
2978 3079 3101 3133 loca
3126 3077 3307 3132 vicina
3333 3076 3714 3144 convenerint,

2063 3171 2107 3229 (Γ.
2140 3178 2324 3234 suhito
2354 3181 2636 3245 correptas
2663 3172 2893 3228 mandit.

2210 3268 2482 3322 Panthera
2517 3281 2641 3321 cum
2671 3265 2883 3319 caeteris
2913 3261 3318 3324 animantibus,
3351 3274 3463 3314 uno
3486 3266 3715 3328 excepto

2136 3358 2399 3421 dracone,
2429 3355 2698 3410 amicitias
2720 3361 2775 3408 et
2801 3351 3230 3408 consuetudines
3248 3350 3460 3421 jungit;
3488 3349 3714 3404 minutis

2139 3449 2477 3505 macularum
2513 3446 2687 3501 oculis
2709 3484 2724 3507 ,
2757 3445 2913 3513 quasi
2949 3444 3123 3498 stellis
3154 3449 3496 3513 superpicta,
3532 3442 3715 3497 valde-

2139 3556 2246 3612 que
2268 3540 2448 3601 cicur,
2484 3544 2538 3591 et
2586 3535 2830 3605 quandiu
2875 3536 3003 3589 cibo
3044 3552 3153 3590 non
3196 3545 3357 3606 eget,
3403 3537 3458 3590 in
3490 3535 3713 3590 latebris

2139 3629 2375 3694 dormit;
2426 3627 2519 3683 sed
2544 3636 2665 3697 post
2693 3635 2804 3680 tres
2834 3627 2952 3681 dies
2973 3665 2988 3690 ,
3022 3629 3162 3680 fame
3188 3629 3523 3689 dominante,
3559 3642 3715 3696 egre-

2138 3716 2289 3770 ditur
2316 3715 2661 3783 maximeque
2693 3714 2925 3777 clamat,
2963 3712 3197 3782 indeque
3230 3731 3295 3770 ex
3327 3732 3424 3770 ore
3472 3717 3714 3771 suavitas

2144 3807 2429 3879 qua’dam,
2476 3808 2661 3861 odoris
2729 3806 2906 3860 instar
2950 3816 3256 3861 aromatum
3300 3808 3541 3873 elllatur,
3595 3825 3707 3879 quo

2140 3898 2396 3953 animalia
2430 3898 2658 3968 pellecta
2691 3898 2981 3967 capiantur
3004 3937 3019 3963 ,
3071 3905 3125 3952 et
3162 3903 3275 3950 tum
3328 3899 3542 3962 vicina,
3600 3911 3714 3955 tum

2140 3991 2522 4061 longinquiora
2581 3991 2829 4060 proxime
2893 3989 3197 4053 accedunt,
3263 4001 3714 4064 sequunturque,

2141 4085 2389 4153 corporis
2433 4083 2697 4137 varietate
2742 4081 3030 4137 delectata.
3082 4079 3284 4135 Verum
3317 4084 3578 4150 panthera
3629 4088 3716 4141 via

2140 4193 2249 4232 non
2280 4178 2441 4247 longa
2474 4177 2779 4246 procedens
2813 4174 3127 4238 revertitur,
3179 4180 3492 4243 attenteque
3531 4178 3719 4233 consi-

2141 4268 2334 4330 derat,
2380 4276 2434 4321 et
2460 4282 2528 4322 ex
2565 4266 2896 4319 animalibus
2929 4264 3073 4334 quod
3107 4264 3185 4318 illi
3228 4264 3535 4320 collibitum
3590 4276 3712 4335 est,

2143 4360 2348 4429 impetu
2379 4358 2547 4423 facto,
2575 4356 3010 4426 comprehendit.

2217 4473 2315 4526 Diu
2350 4472 2617 4543 gravescit
2667 4478 2823 4525 utero
2854 4470 3110 4541 elephas,
3144 4469 3331 4526 decem
3376 4470 3521 4525 enim
3553 4473 3715 4529 annis

2143 4572 2338 4637 gestat,
2389 4578 2683 4634 semenque
2711 4565 3027 4633 concoquit,
3059 4571 3114 4617 et
3147 4569 3518 4619 senescentem
3544 4564 3715 4619 fetum

2141 4657 2415 4729 parturit,
2465 4671 2590 4711 cum
2641 4658 2697 4710 in
2746 4654 2958 4711 foveam
2986 4654 3294 4710 deerrando
3326 4655 3621 4720 ceciderit,
3665 4658 3714 4712 si

2141 4752 2283 4805 alius
2304 4750 2526 4819 elephas
2546 4749 2847 4819 inspexerit
2874 4748 2962 4801 via
2986 4754 3204 4817 arrepta
3233 4747 3437 4803 multos
3466 4747 3520 4801 in
3544 4762 3714 4803 unum

2142 4842 2461 4911 elephantes
2492 4843 2641 4913 cogit
2670 4842 2764 4911 qui
2796 4856 2920 4897 eum
2955 4841 3051 4910 qui
3080 4840 3375 4906 ceciderit,
3416 4840 3632 4907 leniter,
3661 4850 3717 4897 es

2142 4934 2328 5005 quiete
2355 4934 2707 4989 sustollentes
2745 4933 3059 4988 extrahunt.

2213 5043 2390 5098 Draco
2419 5044 2562 5113 apud
2583 5041 2745 5098 Indos
2765 5044 2821 5098 in
2847 5044 3149 5114 elephantis
3182 5052 3330 5115 terga
3358 5043 3484 5100 salit
3506 5049 3716 5098 totum-

2142 5151 2249 5207 que
2300 5144 2545 5191 ventrem
2601 5135 2954 5190 circumﬂexu
2988 5136 3148 5191 facile
3178 5136 3367 5200 ambit,
3401 5143 3454 5191 et
3483 5151 3551 5191 ex
3579 5150 3718 5192 vena

2145 5243 2306 5300 quam
2339 5225 2596 5281 inciderit
2621 5266 2637 5289 ,
2668 5227 2982 5282 avidissime
3038 5227 3246 5297 absque
3282 5228 3529 5283 satietate
3588 5244 3717 5284 san-

2146 5320 2362 5390 guinem
2394 5323 2577 5386 captat
2604 5316 2849 5370 violento
2877 5316 3070 5385 spiritu
3105 5317 3365 5371 hauriens
3401 5319 3716 5391 ingentique

2144 5412 2397 5481 strepitu.
2447 5408 2514 5461 At
2565 5408 2783 5477 elephas
2810 5408 3029 5469 exsilit,
3066 5408 3501 5478 proboscideque
3546 5410 3717 5464 latera

2144 5507 2414 5566 verberat,
2432 5502 2586 5573 quasi
2604 5502 2893 5556 draconem
2911 5507 3284 5568 prostraturus
3303 5516 3318 5564 ;
3341 5501 3434 5555 sed
3455 5502 3717 5571 sanguine

2146 5597 2469 5657 deﬁciente,
2513 5607 2639 5647 cum
2688 5592 2889 5646 saltare
2930 5606 3037 5644 non
3066 5590 3277 5661 possit,
3333 5598 3449 5644 toto
3485 5605 3719 5662 corpore

2149 5689 2353 5754 tremit,
2371 5701 2472 5742 nec
2496 5685 2666 5740 multo
2696 5691 2819 5755 post
2852 5684 2983 5745 ruit,
3007 5684 3371 5753 cruribusque
3393 5684 3715 5751 debilitatis,

2149 5794 2367 5847 unaque
2408 5793 2595 5834 secum
2624 5778 2805 5834 obruit
2829 5777 3118 5834 draconem
3142 5815 3156 5842 ,
3190 5785 3245 5831 et
3274 5776 3440 5831 draco
3481 5776 3717 5834 vinculis
