4112 6418
453 359 554 420 745

1347 350 1617 416 SPURH.
1653 389 1722 399 ——
1761 350 2116 413 COMMENT.
2154 349 2221 404 IN
2261 345 2759 405 HEXAEMERON.

3585 348 3689 404 7‘6

529 478 588 531 Ὀ
612 479 668 532 δέ
696 477 1091 550 μυρμηκολέων
1117 481 1327 550 πατέρα
1353 479 1464 549 ἔχει
1496 478 1784 549 πρόσωπον
1809 475 2018 534 λέοντος

2194 466 2608 539 Myrmecolconi
2673 472 2827 535 pater
2879 471 2992 529 est,
3045 466 3132 520 cui
3184 475 3436 536 aspectus
3501 468 3592 538 qui
3636 481 3691 526 et

449 568 662 641 ἔχοντα,
700 570 796 640 τὴν
821 569 877 621 δὲ
916 569 1126 640 μητέρα
1160 568 1467 640 μύρμηκος.
1504 569 1611 622 Καὶ
1648 569 1676 619 ὁ
1709 569 1805 638 μὲν
1838 573 2018 638 πατὴρ

450 662 796 734 σαρκοφάγος
823 663 988 726 ἐστὶν,
1018 662 1126 733 ἡδὲ
1157 663 1336 732 μήτηρ
1363 662 1749 736 όσπριοφάγος,
1779 661 1871 714 καὶ
1899 677 2022 729 γεν-

449 751 581 806 νῶσι
617 747 780 822 διφυῆ
823 750 912 804 τὸν
957 749 1426 822 μυρμηκολέοντα,
1473 750 1535 804 τὸ
1583 751 1680 823 μὲν
1733 749 2020 822 πρόσωπον

449 842 638 914 ἔχοντα
669 842 900 907 λέοντος,
934 844 996 895 τὸ
1042 843 1099 897 δέ
1147 845 1308 915 μέρος
1344 844 1402 896 τὸ
1445 844 1665 897 ὄπισθεν
1711 841 2014 915 μύρμηκοςο

451 937 543 988 καὶ
578 935 652 1006 μὴ
683 935 975 1007 δυνάμενος
1011 937 1144 1008 μήτε
1198 937 1334 1008 κρέα
1384 937 1519 1008 μήτε
1565 936 1767 1007 ὄσπρια
1800 935 2017 1000 ἐσθίειν,

449 1029 802 1099 ἀποθνήσκει.

523 1124 580 1176 Ὁ
612 1123 666 1175 δὲ
697 1123 924 1193 δναγρος
958 1121 1268 1194 ἀγελάρχης
1297 1121 1435 1185 ἐστὶ,
1465 1111 1559 1174 καὶ
1583 1119 1691 1173 τῶν
1710 1117 2011 1189 γενομένων

443 1215 686 1288 ἀρρένων
720 1215 819 1285 θλᾷ
848 1215 917 1268 τά
944 1215 1136 1280 αἰδοῖα,
1173 1215 1267 1267 καὶ
1299 1214 1359 1266 ού
1392 1210 1870 1284 σπερματίζουσιν.

511 1397 570 1450 '0
600 1398 655 1450 δε
673 1402 846 1468 ἐχῖνος
878 1401 953 1462 ὡς
982 1402 1184 1472 σφαῖρά
1223 1405 1338 1454 ἐστι
1368 1401 1451 1477 τῶ
1470 1400 1702 1470 σώματι,
1734 1401 1828 1452 καὶ
1853 1401 1880 1453 ό
1902 1399 2002 1451 νῶι-

428 1492 522 1555 τὸς
549 1493 694 1544 ἐστιν
723 1490 888 1545 αὑτοῦ
921 1493 1253 1564 όλόκεντρος,
1289 1493 1395 1547 τῶν
1422 1491 1658 1564 κέντρων
1693 1488 1890 1563 ὁμοίων
1920 1492 2006 1544 όν-

429 1597 539 1634 των
566 1583 676 1645 τοῖς
709 1581 816 1640 τῶν
849 1582 1148 1636 θαλαττίων
1178 1583 1368 1654 ἐχίνων
1407 1583 1668 1654 κέντροις.
1708 1581 2004 1653 Πορεύεται

431 1672 560 1744 γοῦν
585 1674 676 1726 ἐπὶ
710 1673 801 1727 τὸν
835 1674 1027 1746 βότρυν
1057 1677 1155 1746 τῆς
1184 1675 1450 1747 ἀμπέλου,
1490 1676 1583 1729 καὶ
1625 1676 1876 1746 κατασπᾷ
1908 1676 2007 1745 536i-

431 1781 556 1832 γας,
629 1765 724 1818 καὶ
776 1765 1118 1835 ἐγκυλισθεὶς
1165 1767 1472 1838 περιπείρει
1521 1766 1620 1831 τάς
1670 1763 1844 1837 ράγας
1892 1769 2004 1832 τοῖς

432 1857 680 1929 κέντροις
717 1859 807 1911 καὶ
840 1861 1166 1928 ἀφικνεῖται.

513 1961 739 2034 Δολερὸν
761 1961 1032 2035 ἠάλὼπηξ
1063 1961 1151 2016 διὰ
1191 1963 1403 2016 τοιᾶσδε
1445 1963 1692 2035 μηχανῆς
1723 1962 2013 2035 θηρωμένη

439 2058 566 2121 τοὺς
593 2054 831 2128 δρνιθας.
862 2055 1110 2128 Εὑροΰσα
1131 2053 1236 2126 γὰρ
1260 2054 1571 2126 τελμιστὴν,
1599 2055 1907 2124 ἐγκυλίεται
1935 2058 2015 2119 εἰς

441 2149 632 2221 αὐτὴν,
666 2149 759 2202 καὶ
789 2147 948 2201 πάλιν
976 2147 1257 2200 ἐνειλείται
1297 2146 1600 2218 λεπτοτάτῃ
1643 2148 1786 2199 κόνει
1817 2147 1850 2218 ἢ
1882 2148 2017 2218 ἀχύ-·

445 2258 579 2313 ροις,
611 2241 705 2294 καὶ
732 2241 944 2311 τίθησιν
984 2241 1075 2292 ἐπὶ
1110 2239 1204 2292 τοῦ
1235 2240 1416 2293 πεδίου
1455 2238 1650 2311 ἑαυτὴν
1691 2239 1758 2294 τά
1795 2235 2015 2312 ὄμματα

443 2334 851 2397 ἀναπετάσασα,
876 2333 908 2403 ἢ
940 2334 1032 2386 καὶ
1054 2333 1114 2386 τὸ
1135 2332 1351 2404 πνεῦμα
1370 2335 1449 2396 εἰς
1472 2332 1671 2406 ἑαυτὴν
1702 2334 2012 2402 ἐπισπῶσα,

443 2424 518 2488 ὡς
564 2425 892 2496 φυσηθεῖσαν
934 2426 1102 2497 αὐτὴν
1131 2425 1236 2480 ὑπὸ
1265 2425 1372 2479 τῶν
1405 2426 1662 2481 πετεινῶν
1692 2427 2015 2498 νομισθῆναι

444 2516 662 2588 νεκράν,
699 2518 855 2572 ἅτινα
887 2519 978 2573 καὶ
1011 2518 1362 2573 καταπτάντα
1387 2520 1473 2572 ἐπ’
1496 2518 1663 2591 αὐτὴν
1689 2520 1890 2584 εὐθέως
1918 2539 2015 2574 κα-

442 2609 644 2663 τεσθίει
673 2611 992 2682 ἁρπάσασα.

523 2726 592 2780 Ἦ
639 2725 818 2798 σαῦρα
862 2727 1152 2799 γηράσασα
1197 2728 1488 2800 πηροῦται,
1546 2729 1637 2782 καὶ
1683 2729 1762 2791 εἰς
1805 2728 2016 2798 ραγάδα

444 2817 620 2890 τοίχου
639 2819 773 2888 πρὸς
790 2819 1053 2884 ἀνατολὰς
1078 2822 1489 2892 ἐστοχασμένως
1511 2819 1780 2891 βλέπουσα
1802 2820 2012 2882 εἴσεισι,

446 2912 542 2966 καὶ
596 2911 692 2966 τοῦ
747 2913 896 2983 ἡλίου
945 2913 1254 2984 ἀνίσχοντος
1306 2913 1717 2976 ἀναπετάσασα,
1770 2913 1876 2966 ὑπὸ
1918 2913 2016 2983 τῆς

444 3002 660 3066 ἀκτῖνος
687 3003 783 3072 τῆς
823 3002 1052 3072 ἡλιακῆς
1085 3003 1525 3072 καταυγασθεῖσα
1553 3002 1892 3074 ἀνηλεοῦται,
1923 3002 2017 3054 καὶ

445 3091 604 3163 ὑγιὴς
643 3093 1094 3150 ἀποκαθίσταται.
1129 3091 1285 3145 Οὕτω
1327 3091 1391 3162 δὴ
1420 3091 1514 3144 καὶ
1544 3092 1628 3154 σὺ,
1661 3084 1706 3142 ὦ
1741 3088 2016 3160 ἄνθρωπε,

445 3166 572 3237 ὅταν
600 3183 848 3256 γηράσῃς
872 3185 929 3236 ὲν
960 3182 1276 3254 ἁμαρτίαις,
1314 3183 1407 3235 καὶ
1445 3179 1731 3251 τυφλωθῇς
1765 3179 1864 3250 τὴν
1903 3178 2016 3231 διά-

445 3289 613 3336 νοιαν,
631 3273 730 3343 τῆς
750 3273 1094 3344 δικαιοσύνης
1116 3271 1268 3342 ζήτει
1293 3272 1384 3324 τὸν
1406 3269 1610 3334 Ἥλιον,
1642 3271 1726 3322 ἵνα
1741 3270 2016 3322 ἀνακαινι-

448 3362 584 3434 σθῇς
615 3366 674 3416 ἐν
700 3363 1033 3436 δικαιοσύνῃ,
1064 3364 1317 3426 ἀτενίσας
1350 3364 1430 3426 εἰς
1457 3361 1618 3415 αὐτὸν
1668 3364 1762 3414 καὶ
1787 3363 1899 3424 τοῖς
1920 3360 2018 3431 τῆς

445 3455 624 3526 ψυχῆς
650 3455 956 3526 ἀναϐλέψῃς
986 3455 1298 3528 ὀφθαλμοῖς.

520 3570 742 3624 Πάντων
770 3571 825 3623 δὲ
851 3572 956 3625 τῶν
989 3573 1191 3645 θηρίων
1222 3571 1734 3642 πνευματικώτατον
1761 3571 2017 3642 τυγχάνει

449 3663 544 3715 καί⁹
587 3663 1014 3734 πυρωδέστατον,
1061 3665 1157 3718 καὶ
1194 3663 1454 3717 ποικίλων
1490 3662 1783 3734 σχημάτων
1817 3662 2020 3726 τύπους

448 3753 750 3808 ἀποτελεῖὸ
776 3755 990 3826 δράκων
1019 3754 1330 3825 ἐλικοειδὴς,
1361 3756 1454 3808 καὶ
1480 3754 1650 3806 ποιῶν
1671 3754 1768 3824 τῆς
1795 3754 2019 3824 πορείας

447 3848 546 3912 τὰς
568 3847 763 3919 ὁρμὰς,
793 3848 1022 3918 τάχιστα
1051 3848 1136 3917 ἐφ’
1173 3841 1218 3915 ᾧ
1249 3846 1496 3918 βούλεται
1526 3845 1751 3899 ἔπεισιν.
1783 3845 2019 3898 Ἔστιοδὲ

448 3940 542 3994 καὶ
565 3939 930 4011 πολυχρόνιον·
963 3940 1024 3993 οὐ
1063 3939 1220 4010 μόνον
1252 3939 1360 4009 γάρ
1384 3939 1445 3992 τὸ
1468 3938 1644 4010 γῆρας
1673 3936 2019 4009 ἀπαμφίσκε-

449 4049 558 4095 ται,
587 4029 720 4083 ἀλλὰ
745 4031 838 4084 καὶ
868 4028 1092 4100 αὔξησιν
1121 4028 1338 4100 μείζονα
1362 4028 1688 4099 ἐπιδέχεται.
1733 4027 1899 4080 Ἐπάν
1925 4023 2020 4080 οὖν

447 4119 539 4174 τὸν
567 4119 866 4193 ὡρισμένον
891 4120 989 4190 τῆς
1019 4117 1162 4190 ζωῆς
1191 4117 1446 4190 ἐκτελέσῃ
1473 4117 1682 4188 χρόνον,
1715 4119 1795 4180 εἰς
1829 4115 2018 4169 ἐαυτὸν

449 4213 835 4267 ἀναλίσκεται·
879 4213 940 4264 οὐ
969 4212 1075 4283 γάρ
1111 4211 1225 4283 ἰδίῳ
1260 4210 1590 4281 ἀποθνήσκει
1623 4208 1763 4262 τέλει
1798 4209 1904 4280 πρὸ
1924 4205 2018 4260 τοῦ

449 4309 547 4378 τῆς
579 4307 723 4377 ζωῆς
761 4307 1108 4378 ἐκπληρῶσαι
1139 4306 1229 4360 τὸν
1266 4307 1410 4378 ὅρον,
1449 4307 1496 4358 εἰ
1531 4306 1604 4376 μὴ
1635 4303 1726 4375 βίᾳ
1757 4303 2016 4375 ἀναιρεθῇ

449 4399 552 4454 ὑπό
578 4417 738 4462 τινος.
769 4399 954 4470 Τούτῳ
984 4402 1012 4453 ό
1043 4399 1309 4470 ἰχνεύμων
1341 4397 1663 4470 μονομαχεῖ,
1685 4397 1880 4468 χρίσας
1903 4396 2022 4449 ἐαυ-

444 4489 538 4544 τὸν
563 4491 736 4562 πηλῷ,
753 4491 985 4553 καὶτοὺς
1019 4491 1296 4562 μυκτῆρας
1314 4493 1380 4560 τῇ
1408 4489 1588 4560 κέρκῳ
1615 4486 2012 4542 ἐπικαλύπτων.

461 4584 620 4639 Ἀλλά
651 4585 755 4656 μὴν
787 4586 881 4638 καὶ
923 4585 1056 4655 πρὸς
1087 4583 1185 4654 τὴν
1217 4583 1517 4652 Αἰγυπτίαν
1548 4581 1752 4635 ἀσπίδα
1784 4583 2015 4633 ποιεῖται
2049 4571 2092 4625 Ι)

449 4677 804 4747 συμπληγάδα
853 4676 1091 4730 τοιῶσδε·
1134 4675 1280 4745 Αὕτη
1314 4675 1409 4746 μὲν
1437 4675 1645 4728 ἔπεισιν
1672 4673 1819 4743 αὑτῷ
1843 4671 2020 4742 πολλῷ

451 4769 613 4842 ῥοίζῳ
651 4771 746 4842 τὴν
782 4770 953 4841 οὐράν
982 4767 1284 4830 ἐλικοειδῶς
1329 4766 1683 4837 ἐπισύρουσα,
1723 4764 1793 4817 τὰ
1829 4765 1874 4818 δ’
1913 4763 2018 4817 ἀπὸ

448 4865 660 4935 στηθῶν
703 4863 836 4935 πρὸς
867 4864 932 4933 τῇ
968 4861 1173 4932 κεφαλῇ
1207 4860 1318 4913 ἀνω
1349 4858 1575 4928 πηδῶσα
1605 4857 1894 4928 μετέωρος,
1927 4854 2018 4908 εῦ-

450 4957 668 5028 στερνός
694 4973 752 5008 τε
785 4956 878 5009 καὶ
913 4954 1258 5024 πλατυαύχην
1309 4951 1693 5021 ἐκφυσηθείσα,
1743 4946 1916 5019 θυμοῦ
1959 4963 2017 4999 τε

449 5051 700 5122 ἔμπλεως
726 5050 990 5121 γενομένη
1012 5047 1319 5118 ἐπέρχεται,
1344 5044 1708 5116 περιφέρουσα
1735 5040 1833 5113 τὴν
1855 5039 2023 5108 γλῶτ-

447 5159 547 5197 ταν
583 5142 719 5213 μετά
751 5142 1002 5220 συντόνου
1046 5137 1330 5211 συριγμοῦ·
1378 5138 1408 5188 ό
1436 5137 1492 5189 δὲ
1528 5135 1814 5207 ἰχνεύμων,
1845 5132 2018 5205 ὀρθώ-

451 5250 552 5298 σας
587 5234 684 5305 τὴν
717 5234 934 5306 κέρκον,
971 5231 1199 5286 ἐπισείει
1226 5228 1447 5283 ἀπατῶν
1482 5227 1671 5298 αὐτὴν,
1701 5227 1796 5280 καὶ
1831 5224 2019 5296 μεθέλ-

449 5343 582 5393 κων,
638 5327 748 5388 τοῖς
793 5325 848 5379 δὲ
897 5322 1202 5396 ἔμπροσθεν
1233 5320 1466 5382 ὀκλάσας
1500 5319 1654 5371 ποσὶν
1678 5315 2015 5385 ἐπιφέρεται,

451 5427 545 5472 και
571 5418 920 5481 ταπεινωθεὶς
945 5417 1062 5480 ὅλος
1094 5415 1192 5487 τὴν
1222 5413 1342 5484 ὄψιν
1377 5412 1540 5483 μόνην
1570 5409 1818 5471 ἐκτείνει,
1847 5423 2021 5478 καρα-

449 5509 621 5564 δοκῶν
651 5509 724 5580 μὴ
753 5510 932 5581 φθάσῃ
960 5507 1170 5578 πληγὴν
1201 5504 1418 5577 καιρίαν
1449 5501 1723 5567 δέξασθαι.
1766 5497 2018 5552 Ἐπειδὰν

447 5598 542 5657 οὖν
573 5603 656 5673 ἴδῃ
687 5602 786 5672 τὴν
814 5600 1035 5662 ἀσπίδα,
1057 5599 1132 5662 ὼς
1155 5597 1291 5668 πρὸς
1314 5596 1500 5668 θηρίον
1521 5595 1616 5666 τὴν
1645 5594 1840 5665 κέρκον
1867 5590 2023 5662 ἁμιλ-

447 5696 695 5769 λωμένην
744 5694 1052 5767 προθύμως,
1105 5691 1382 5762 αἰφνιδίως
1412 5690 1754 5760 ἐπιπηδήσας
1793 5687 1884 5740 τὸν
1921 5686 2018 5738 αὐ-

449 5788 580 5860 χένα
613 5789 781 5858 αὐτῆς
805 5785 1000 5850 πιέζει,
1033 5785 1126 5838 καὶ
1159 5785 1469 5852 ἀποπνίγει.

770 5953 810 6008 ἰν
823 5968 1033 6013 Ατιιοι.
1079 5951 1196 6012 Gn.
1229 5949 1458 6014 Χνιιτ.

2124 559 2290 623 leoni,
2321 567 2494 613 mater
2523 559 2610 612 cui
2650 556 2906 611 formicae.
2962 555 3119 612 Pater
3146 559 3392 612 carnium
3416 599 3430 621 ,
3467 561 3694 632 legumi-

2122 665 2252 703 num
2281 659 2454 703 matcr
2495 663 2690 710 vorax,
2723 648 2988 718 amboque
3013 657 3272 717 generant
3300 653 3695 722 myrmecoleo-

2121 757 2278 806 nem,
2303 739 2440 796 facie
2470 740 2674 804 leonis,
2699 741 3091 809 posterioribus
3124 743 3368 810 partibus
3414 743 3690 806 formicae,

2121 832 2213 901 qui
2243 847 2368 887 cum
2407 849 2584 903 neque
2615 834 2876 888 carnibus
2899 872 2913 894 ,
2952 846 3124 902 neque
3154 835 3516 902 leguminibus
3545 836 3692 890 vesci

2126 925 2332 994 possit,
2358 923 2567 994 jejunio
2611 925 2772 979 vitam
2812 925 2950 1003 linit.

2195 1121 2410 1192 Onager
2430 1122 2684 1194 gregibus
2715 1124 2988 1193 imperitat
3017 1136 3409 1193 armentorum,
3439 1136 3494 1183 et
3513 1129 3690 1186 editos

2123 1232 2305 1273 mares
2337 1225 2618 1274 truncatos
2651 1218 2930 1273 mordicus
2969 1220 3146 1289 privat
3179 1222 3411 1278 testibus
3433 1262 3447 1286 ,
3486 1239 3555 1279 ne
3584 1239 3692 1294 qua

2127 1311 2359 1367 facultas
2385 1318 2603 1366 maneat
2635 1308 2950 1378 generandi.

2192 1403 2432 1460 Echinus
2479 1402 2636 1472 quasi
2678 1401 2786 1472 pila
2832 1413 3062 1470 corpore
3104 1399 3304 1469 tegitur
3354 1413 3450 1469 per
3495 1415 3689 1455 omnes

2121 1505 2304 1569 partes
2359 1497 2531 1567 spinis
2590 1496 2835 1559 hirsuto,
2889 1507 3010 1563 quae
3057 1491 3230 1562 spinis
3265 1489 3444 1546 echini
3492 1494 3688 1548 marini

2121 1589 2436 1646 consimiles
2486 1595 2648 1654 sunt;
2693 1586 2757 1641 ad
2814 1599 3062 1640 racemos
3118 1583 3243 1638 vitis
3302 1585 3686 1655 proficiscitur,

2123 1680 2250 1736 hinc
2279 1680 2469 1748 acinos
2497 1678 2740 1734 divulsos
2770 1677 3053 1748 spinisque
3099 1689 3199 1730 suo
3228 1677 3473 1732 volutatu
3505 1679 3688 1749 perfo-

2123 1782 2271 1828 ratos
2301 1772 2574 1842 deportat.

2187 1945 2473 2012 Fallax—iet
2503 1957 2747 2028 improba
2776 1958 2992 2030 vulpes,
3021 1977 3139 2031 qua:
3161 1959 3256 2015 tali
3283 1961 3683 2019 machinatione

2116 2063 2244 2104 aves
2274 2060 2522 2103 venatur.
2570 2049 2628 2104 In
2659 2051 2832 2105 lutum
2865 2052 3160 2123 sordesque
3193 2068 3313 2123 quae
3344 2057 3685 2111 uccurrerint

2115 2141 2489 2211 immergitur,
2537 2144 2843 2214 aspergitur
2875 2145 3002 2200 inde
3051 2145 3419 2201 minutissimo
3461 2147 3684 2216 pulvere

2117 2239 2209 2284 aut
2255 2231 2446 2300 paleis,
2501 2234 2727 2304 soloque
2756 2251 2815 2290 se
2851 2237 3169 2306 prosternit,
3207 2239 3520 2308 patentibus
3548 2257 3684 2295 ocu-

2116 2322 2220 2388 lis,
2254 2323 2337 2377 vel
2385 2325 2580 2394 spiritu
2630 2325 2682 2378 in
2720 2341 2780 2381 se
2829 2337 3146 2392 contracto,
3189 2337 3248 2383 ut
3277 2331 3528 2386 volucres
3568 2331 3680 2400 jam

2116 2413 2466 2468 tumefactam
2499 2424 2766 2470 mortuam
2804 2432 2927 2473 esse
2956 2418 3190 2483 ducant,
3229 2436 3400 2490 quas,
3434 2422 3562 2476 dum
3614 2422 3683 2478 ad

2116 2518 2236 2560 eam
2263 2505 2635 2572 convolarint,
2665 2509 2846 2562 statim
2878 2517 3159 2580 correptas
3191 2511 3436 2566 devorat.

2187 2701 2446 2759 Lacertus
2485 2716 2674 2760 exacta
2703 2714 2860 2760 aetate
2885 2745 2900 2771 ,
2930 2721 3106 2762 caecus
3131 2705 3382 2771 efiicitur,
3409 2707 3462 2762 in
3492 2709 3684 2762 rimam

2118 2796 2260 2850 muri
2312 2795 2378 2850 ad
2407 2803 2560 2852 ortus
2590 2797 2721 2853 solis
2743 2806 3052 2868 vergentem
3083 2807 3336 2854 accurate
3362 2800 3685 2871 ingreditur,

2116 2897 2170 2942 et
2211 2889 2338 2943 dum
2366 2891 2446 2943 sol
2481 2891 2686 2954 oritur,
2721 2891 2909 2946 oculos
2959 2893 3158 2961 aperit,
3196 2892 3485 2963 lumenque
3519 2893 3685 2959 illud,

2117 2980 2408 3051 radiosque
2439 2983 2736 3053 excipiens,
2767 2983 3069 3039 illustratus
3107 2984 3249 3039 redit
3279 2985 3342 3038 ad
3375 2986 3686 3040 sanitatem.
3713 3039 3716 3041 Α

2118 3069 2246 3125 Pari
2279 3071 2492 3127 ratione
2516 3113 2530 3137 ,
2564 3082 2617 3127 et
2645 3081 2701 3126 tu
2723 3113 2737 3137 ,
2768 3089 2801 3127 ο
2841 3074 3039 3139 homo,
3072 3073 3201 3129 dum
3244 3076 3520 3146 peccando
3555 3092 3688 3132 con-

2071 3166 2411 3232 ,senueris,
2470 3173 2758 3234 menteque
2827 3163 2996 3222 fueris
3064 3167 3401 3230 obcaacatus,
3461 3169 3688 3239 iustitia:

2120 3254 2350 3323 quaerito
2394 3249 2616 3320 Solem,
2661 3262 2719 3308 ut
2763 3256 2818 3309 in
2853 3254 3066 3324 justitia
3110 3261 3422 3322 renoveris,
3475 3262 3530 3315 in
3560 3277 3683 3318 eum

2121 3349 2392 3420 aspiciens
2413 3387 2428 3414 ,
2453 3348 2735 3418 oculisque
2763 3348 2930 3403 animi
2964 3350 3152 3406 videas
3183 3352 3507 3408 illustratus.

2191 3569 2356 3626 Feras
2419 3585 2608 3626 omnes
2663 3571 2856 3642 spiritu
2921 3581 2976 3628 et
3051 3574 3232 3631 calore
3295 3575 3461 3632 draco
3520 3593 3687 3649 supe-

2121 3670 2239 3727 rat,
2275 3661 2564 3731 variasque
2597 3662 2890 3734 figurarum
2924 3663 3124 3720 formas
3149 3667 3404 3737 exprimit
3431 3668 3688 3740 obliquus

2121 3763 2176 3810 et
2223 3761 2539 3820 tortuosus;
2588 3762 2644 3810 et
2695 3753 2823 3808 dum
2889 3757 2993 3810 iter
3049 3755 3372 3826 ingreditur,
3424 3759 3690 3817 citissime

2122 3856 2319 3900 metam
2370 3858 2534 3913 quam
2593 3843 2696 3899 sibi
2745 3845 3029 3915 proposuit
3064 3847 3308 3918 attingit;
3340 3856 3393 3904 et
3426 3853 3560 3909 satis
3593 3852 3688 3908 diu

2120 3937 2282 4003 vivit;
2313 3951 2421 3990 non
2456 3942 2668 3990 tantum
2710 3937 2854 3992 enim
2889 3945 3162 3994 senectam
3200 3941 3384 4006 exuit,
3422 3943 3515 3998 sed
3547 3951 3602 3999 et
3632 3945 3687 3999 in

2120 4027 2238 4084 dies
2270 4028 2514 4100 singulos
2562 4029 2937 4099 magnitudine
2975 4032 3223 4100 corporis
3255 4035 3486 4101 crescit;
3531 4042 3690 4092 aetate

2119 4135 2250 4174 vero
2287 4119 2573 4176 confectus
2605 4135 2700 4190 per
2728 4121 2811 4175 sui
2861 4123 3242 4178 resolutionem
3283 4125 3492 4182 deficit:
3541 4145 3688 4182 nun-

2121 4228 2286 4283 quam
2341 4212 2484 4267 enim
2556 4221 2845 4282 antequam
2906 4221 3169 4269 statutum
3221 4217 3343 4271 vitae
3390 4221 3684 4278 terminum

2122 4305 2467 4376 impleverit,
2519 4312 2694 4360 morte
2742 4308 2956 4377 propria
3007 4306 3256 4374 allicitur,
3299 4310 3404 4366 nisi
3447 4313 3518 4367 ab
3579 4317 3688 4370 alio

2120 4399 2384 4453 violenter
2427 4404 2676 4453 necetur.
2723 4397 2860 4452 Cum
2911 4399 3016 4454 hoc
3058 4399 3345 4456 ichneumo
3393 4403 3554 4460 habet
3603 4405 3689 4460 in-

2123 4490 2460 4546 ternecinum
2511 4489 2733 4553 bellum,
2783 4490 2876 4545 ubi
2923 4507 2982 4545 se
3011 4490 3066 4544 in
3100 4492 3230 4547 limo
3265 4495 3547 4560 merserit,
3582 4513 3686 4550 na-

2122 4596 2317 4652 resque
2372 4581 2544 4636 cauda
2583 4581 2870 4636 ohturarit.
2916 4581 3115 4637 Verum
3159 4589 3214 4638 et
3259 4597 3381 4638 cum
3433 4583 3687 4658 Egyptia

2122 4673 2310 4744 aspide
2364 4673 2569 4744 prmliis
2618 4673 2720 4727 hac
2751 4673 2960 4729 ratione
3005 4674 3272 4744 decertat;
3306 4675 3398 4731 illa
3452 4693 3688 4749 namque

2122 4765 2327 4837 ingenti
2358 4765 2584 4836 strepitu
2603 4805 2618 4828 ,
2647 4765 2913 4822 tractibus
2941 4766 3220 4822 circulatis
3253 4768 3480 4823 caudam
3512 4778 3688 4824 attra-

2121 4857 2291 4920 hens,
2338 4871 2370 4911 e
2431 4864 2652 4925 pectore
2703 4871 2878 4926 usque
2922 4856 2989 4910 ad
3038 4867 3203 4926 caput
3251 4897 3266 4919 ,
3331 4859 3529 4915 saliens
3562 4862 3688 4915 ‘alta

2120 4945 2479 5014 excelsaque,
2528 4944 2708 5012 amplo
2755 4951 2996 5014 pectore,
3031 4946 3153 5002 latis
3191 4948 3496 5003 cervicibus
3543 4948 3688 5003 intu-

2118 5052 2400 5098 mescens,
2446 5039 2524 5090 ira
2557 5037 2830 5091 cumulata
2853 5077 2866 5101 ,
2902 5039 3171 5108 sibiloque
3228 5040 3505 5095 concitato
3527 5080 3543 5105 ,
3580 5041 3688 5096 lin-

2119 5145 2278 5201 guam
2311 5128 2562 5191 vibrans,
2588 5129 2847 5198 impetum
2878 5129 3034 5196 facit;
3059 5137 3114 5184 at
3145 5131 3435 5186 ichneumo
3455 5133 3685 5188 caudam

2120 5221 2347 5283 tollens,
2381 5220 2524 5274 ictus
2558 5218 2746 5273 irritos
2773 5235 2997 5275 aversus
3039 5221 3274 5291 excipit,
3313 5236 3415 5276 nec
3442 5237 3549 5276 non
3585 5238 3704 5294 an-.

2119 5311 2416 5367 terioribus
2444 5309 2673 5381 pedibus
2704 5309 2877 5374 ﬂexis,
2902 5318 3160 5383 totusque
3187 5321 3518 5384 prostratus,
3555 5330 3690 5370 ocn-

2119 5406 2204 5462 los
2249 5411 2461 5459 tantum
2492 5402 2715 5473 conjicit
2737 5444 2752 5466 ,
2787 5403 2890 5458 sibi
2936 5418 3138 5459 cavens
3181 5419 3249 5459 ne
3280 5405 3504 5460 vulnere
3535 5405 3688 5476 gravi

2119 5505 2347 5568 excepto
2374 5498 2746 5564 exanimetur;
2785 5496 2878 5552 sed
2918 5496 3008 5551 ubi
3059 5497 3301 5567 aspidem
3343 5512 3465 5552 cum
3511 5499 3688 5553 cauda

2120 5591 2278 5659 quasi
2309 5605 2432 5644 cum
2465 5588 2578 5643 fera
2609 5588 2976 5644 decertantem
3009 5588 3335 5659 inspexerit,
3359 5599 3606 5660 prompte
3634 5599 3690 5645 et

2121 5692 2321 5754 praeter
2349 5681 2814 5753 exspectationem
2845 5682 3087 5750 irruens,
3125 5682 3334 5737 invadit
3381 5682 3435 5736 in
3488 5661 3702 5740 fauces.

2121 5777 2318 5847 quibus
2351 5774 2668 5840 obstrictis,
2701 5772 2953 5830 suffocat.

3339 5938 3416 5999 2's
