4112 6450
484 335 587 390 147

1325 340 1381 398 S.
1422 343 1864 402 EUSTATHIUS
1902 343 2387 401 ANTIOCHENUS
2427 344 2752 403 EPISCOPU
2768 349 2824 405 S.

3614 359 3718 415 748

552 452 814 508 Lacertus
864 468 1023 523 quem
1075 453 1306 512 dicimus
1347 460 1783 526 salamandram,
1832 465 1945 518 sive
1988 463 2028 516 ir

2213 461 2395 544 Σαῦρα
2416 462 2470 514 δὲ
2493 464 2526 534 ή
2552 463 2818 536 λεγομένη
2846 466 3213 540 σαλαμάνδρα,
3243 469 3336 522 ἐὰν
3359 473 3438 535 εἰς
3463 488 3712 542 καμινον,

481 543 757 600 fornacem
783 585 799 610 ,
832 547 948 600 sive
975 547 1031 601 in
1063 547 1314 604 balneum
1345 551 1625 622 ingressus
1653 554 1834 621 fuerit,
1869 556 2048 626 ignem

477 643 684 689 tactum
712 677 725 698 ,
756 651 865 692 non
894 637 1002 692 alio
1040 639 1203 694 modo
1229 657 1390 710 quam
1418 645 1619 712 glacies
1641 648 1958 717 exstinguit.

547 729 710 783 Aiunt
753 730 995 801 viperam
1041 747 1136 802 per
1187 749 1252 789 os
1296 740 1464 791 maris
1515 753 1698 794 semen
1762 741 2049 811 excipere;

2153 553 2186 620 ἢ
2223 552 2497 622 βαλανεῖον
2518 557 2824 630 ἐπεισέλθῃ,
2848 559 3236 632 άποψυχραίνει
3274 564 3420 618 αὑτό.

2221 734 2358 786 Φασὶ
2393 733 2449 786 δὲ
2484 734 2580 806 τὴν
2607 735 2815 806 ἔχιδναν
2847 735 2933 790 διὰ
2973 737 3238 810 στόματος
3261 740 3354 794 τοῦ
3374 741 3597 814 ἄρρενος
3622 744 3722 816 τὴν

474 819 826 892 membroque
872 825 1094 890 exciso,
1128 826 1278 880 illum
1318 828 1598 898 occidere;
1631 847 1753 901 quae
1794 833 1885 887 ubi
1918 848 2028 889 con

2152 823 2314 893 γονὴν
2354 823 2623 894 δέχεσθαι,
2659 825 2752 879 καὶ
2785 827 3212 880 συναποκόπτειν
3236 832 3350 892 τοῖς
3385 831 3560 884 ὀδοῦσι
3591 833 3722 885 αὑτὸ

475 913 708 983 ceperit,
738 932 768 970 a
820 916 946 972 filiis
998 918 1327 974 interimitur
1372 938 1387 988 ;
1435 937 1673 993 namque
1733 925 1941 982 exclusi
1995 927 2049 981 in

475 1014 651 1073 utero,
701 1009 898 1064 abrasa
940 1012 1136 1074 vulva,
1176 1012 1504 1086 cll'ractoquc
1553 1024 1894 1088 ventre,per
1935 1019 2048 1076 dis-

473 1107 632 1166 rupta
666 1098 832 1153 latera
867 1110 1178 1171 erumpunt.

545 1250 782 1321 Serpens
850 1255 1158 1311 obcmcatur
1211 1267 1369 1316 aetate
1421 1265 1829 1332 ingravescente
1861 1306 1877 1330 ,
1953 1270 2046 1339 qui

471 1347 830 1418 quadraginta
860 1349 977 1405 dies
1007 1351 1232 1420 jejuniis
1277 1369 1507 1424 corpore
1557 1357 1736 1411 laxato
1759 1399 1774 1421 ,
1801 1359 1919 1413 saxi
1968 1361 2046 1414 ri-

471 1454 615 1492 mam
656 1441 823 1494 intrat
864 1445 1352 1515 anguslam,vique
1395 1463 1454 1502 se
1490 1449 1822 1506 contrahens
1852 1451 2045 1522 pellem

472 1541 855 1602 senectamque
901 1535 1050 1589 exuit
1083 1543 1137 1590 et
1175 1547 1502 1606 renovatur;
1534 1540 1662 1594 dum
1713 1543 1861 1609 sitit,
1894 1545 2045 1614 prius

470 1637 680 1676 veneno
701 1621 969 1693 deposito,
995 1623 1232 1683 fontanis
1251 1627 1408 1696 aquis
1433 1629 1578 1684 sitim
1605 1629 1844 1700 depellit.
1859 1631 2044 1703 Captis

469 1715 770 1782 musculis,
806 1715 995 1769 oculos
1029 1719 1173 1770 eruit
1202 1718 1505 1788 nutritque,
1541 1727 1593 1773 et
1619 1720 1684 1775 iis
1717 1721 1841 1778 cibo
1875 1723 2045 1777 utitur

2148 915 2209 968 τὸ
2243 915 2449 986 μόριον,
2487 916 2580 969 καὶ
2611 917 2950 970 ἀποκτείνειν
2983 919 3164 972 αὐτόν.
3213 919 3358 989 Αὕτη
3398 921 3473 986 δὲ,
3523 922 3720 991 ἔγγυος

2149 1009 2438 1079 γενομένη,
2472 1007 2580 1060 ὑπὸ
2609 1007 2715 1060 τῶν
2753 1009 2957 1063 τέκνων
2989 1010 3308 1082 ἀναιρεῖται·
3339 1013 3418 1065 ἔτι
3444 1013 3550 1085 γὰρ
3575 1016 3630 1067 ὲν
3651 1019 3717 1087 τῇ

2149 1098 2324 1171 κοιλίᾳ
2362 1100 2531 1170 αὑτῆς
2575 1100 2884 1172 ὑπάρχοντα
2931 1103 3028 1174 τὴν
3075 1105 3283 1176 μήτραν
3315 1106 3716 1174 καταφαγόντα,

2151 1191 2244 1243 καὶ
2259 1191 2358 1263 τὴν
2373 1191 2580 1245 κοιλίαν
2609 1193 2988 1265 ἀναρρήξαντα
3009 1195 3094 1272 διὰ
3120 1196 3216 1266 τῆς
3245 1197 3482 1269 πλευρᾶς
3527 1197 3714 1262 ἔξεισι.

2218 1283 2256 1334 Γ
2257 1284 2468 1354 ηράσας
2514 1285 2569 1337 δὲ
2617 1287 2644 1337 ὁ
2681 1287 2801 1356 ὄφις
2841 1287 3220 1356 ὲκτυφλοῦται,
3278 1291 3372 1343 καὶ
3415 1291 3717 1360 νηστεύσας

2147 1370 2356 1442 ἡμέρας
2382 1375 2784 1446 τεσσαράκοντα
2818 1376 3106 1447 χαυνοῦται
3135 1377 3212 1448 τῷ
3239 1377 3470 1449 σώματι,
3493 1379 3586 1432 καὶ
3605 1382 3714 1433 είσ-

2148 1460 2365 1534 έρχεται
2397 1465 2475 1528 είς
2509 1454 2729 1536 ῥαγάδιῒ
2753 1467 2955 1537 πέτρας
2985 1467 3190 1537 στενὴν
3209 1507 3223 1533 ,
3268 1469 3359 1521 καὶ
3391 1470 3456 1538 τῇ
3487 1466 3577 1540 βίᾳ
3604 1467 3718 1522 διας

2149 1552 2442 1623 συρόμενος
2487 1553 2546 1606 τὸ
2582 1553 2756 1624 δέρμα
2794 1556 2854 1608 τὸ
2896 1555 3208 1626 γεροντικὸν
3255 1555 3574 1618 ἀποδύεται,
3621 1555 3716 1608 καὶ

2145 1643 2485 1700 ἀνανεοῦται.
2529 1645 2692 1698 Ὅταν
2730 1646 2786 1698 δὲ
2819 1645 3036 1718 διψήσῃ,
3067 1645 3156 1700 τὸν
3186 1647 3261 1698 ίὸν
3292 1646 3552 1716 πρότερον
3581 1647 3716 1700 ἀπο-

2143 1735 2367 1801 τίθεται,
2413 1738 2507 1790 καὶ
2548 1731 2718 1801 οὕτως
2752 1738 2961 1792 ἐκπίνει
2999 1739 3061 1792 τὸ
3095 1738 3238 1809 ὕδωρ
3269 1740 3333 1791 ὲκ
3371 1739 3471 1808 τῆς
3507 1737 3710 1808 πηγῆς.

470 1804 700 1858 maturis
748 1813 801 1859 et
817 1804 1178 1876 pinguefactis
1197 1824 1212 1873 ;
1230 1807 1502 1863 hominem
1525 1810 1730 1866 nudum
1752 1812 1797 1868 si
1816 1827 2028 1882 aspexe-

2154 1826 2425 1899 Ἀγρεύων
2455 1828 2512 1881 δὲ
2545 1829 2670 1892 τοὺς
2705 1829 2935 1899 μυοξοὺς
2981 1804 3237 1898 ὲκτυφλοί
3262 1830 3355 1882 καὶ
3383 1804 3713 1900 τρέφει-,καὶ

465 1896 570 1978 rit,
612 1912 721 1952 non
767 1896 899 1963 adit,
932 1898 1191 1953 vestitum
1219 1899 1552 1971 aggreditur.

534 2189 834 2247 Basiliscus
881 2206 1148 2246 venenum
1201 2191 1518 2262 pestiferum
1551 2194 1724 2249 oculis
1761 2195 1889 2263 jacil
1913 2235 1926 2258 ,
1964 2195 2038 2249 ita

465 2292 526 2337 ut
559 2284 832 2339 hominem
864 2285 948 2339 vel
974 2287 1090 2340 solo
1120 2292 1340 2356 aspectu
1369 2287 1554 2342 statim
1583 2287 1874 2342 interimat.
1909 2288 2035 2357 Spi-

465 2377 606 2432 ritus
625 2376 744 2445 ejus
769 2377 981 2448 igneus,
1005 2385 1207 2431 terram
1238 2379 1437 2441 exurit,
1469 2387 1523 2433 et
1552 2379 1769 2440 herbas,
1801 2388 1854 2435 et
1879 2381 2038 2435 arbo-

356 2519 377 2537 ,
465 2483 574 2522 res.
627 2466 693 2520 Et
731 2467 836 2522 hoc
882 2468 1045 2523 modo
1086 2469 1231 2539 gigni
1286 2469 1530 2525 historiis
1579 2471 1850 2540 proditum
1899 2480 2031 2527 est:

465 2575 589 2612 cum
651 2559 838 2629 plures
881 2575 1086 2632 angues
1142 2563 1195 2616 in
1246 2578 1413 2618 unum
1468 2563 1739 2627 conclusi,
1789 2561 2037 2634 fameque

464 2651 640 2706 vexati
693 2652 893 2707 fuerint
939 2654 1045 2724 (est
1096 2654 1244 2710 enim
1299 2655 1496 2709 animal
1538 2655 2032 2726 scelestissimum),

463 2745 604 2801 alius
631 2745 797 2799 alium
834 2745 937 2801 sibi
971 2746 1287 2801 viciniorem
1318 2748 1574 2811 comedit,
1597 2745 1901 2818 fortiorque
1933 2748 2036 2801 im-

465 2824 752 2892 becilliore‘
810 2845 1034 2903 vorato,
1095 2839 1339 2892 omnium
1399 2839 1688 2910 anguium,
1728 2854 1865 2910 quos
1914 2837 2034 2893 loco

463 2931 571 2985 cibi
598 2929 866 2996 adhibuit,
898 2929 1119 2986 venenis
1159 2929 1350 3000 plenus
1379 2945 1441 2984 ac
1482 2930 1757 2998 refectus,
1797 2929 1852 2984 lit
1889 2931 2033 2986 basi-

467 3025 639 3080 liscus
660 3064 675 3090 ,
704 3039 974 3079 venenum
1027 3023 1238 3079 habens
1270 3022 1820 3094 perniciosissimum,
1868 3023 1938 3077 ita
1974 3032 2032 3078 ut

462 3116 547 3172 vel
589 3115 708 3172 solo
755 3120 912 3169 necet
950 3119 1197 3183 aspectu.

534 3205 841 3270 Scarabeus
867 3220 932 3260 ex
975 3205 1175 3259 bovino
1216 3214 1485 3270 stercore,
1514 3203 1762 3258 rotundae
1807 3203 1990 3272 figura:
2013 3243 2027 3266 ,

461 3298 663 3369 pilulas
697 3297 865 3352 volvit
906 3311 1167 3362 aversus;
1203 3294 1382 3350 ferunt
1426 3295 1573 3350 hunc
1617 3310 1713 3351 sex
1753 3295 2031 3350 mensibus

461 3385 634 3462 super
650 3397 795 3446 terra
833 3389 1136 3452 immorari,
1169 3403 1465 3459 semenque
1494 3388 1550 3442 in
1580 3395 1909 3443 stercoream
1949 3387 2032 3458 pi-

461 3486 567 3538 lam
615 3485 884 3546 emittere,
919 3482 1156 3552 indeque
1186 3482 1364 3536 oritur
1390 3497 1507 3536 ruas
1545 3481 1872 3547 scarabeus,
1897 3497 2030 3537 nus-

459 3592 622 3646 quam
659 3577 804 3630 enim
839 3575 1160 3631 scarabeum
1199 3574 1456 3630 feminam
1485 3573 1728 3628 invenire
1759 3579 1862 3628 est.
1894 3569 2030 3627 Pro-

461 3677 579 3738 pter
619 3668 760 3723 hanc
789 3667 908 3737 ejus
947 3678 1196 3722 naturam
1240 3665 1478 3738 [Egyptii
1521 3665 1842 3719 scarabeum
1882 3663 2026 3718 inter

461 3760 687 3814 numina
729 3760 950 3823 colunt,
999 3758 1102 3813 soli
1151 3757 1383 3812 similem
1434 3764 1847 3817 asseverantes,
1881 3751 2024 3823 quod

461 3855 732 3924 sphaeram
758 3853 974 3916 volvat,
1004 3860 1052 3906 et
1098 3851 1276 3907 sidera
1305 3851 1640 3921 serpentium
1671 3849 1858 3919 ﬁguris
1888 3847 2028 3902 assi-

459 3945 674 4012 milant,
730 3944 875 4014 quod
925 3951 1233 3998 tortuosum
1271 3949 1326 3996 et
1372 3941 1654 4011 obliquum
1711 3940 1786 3994 sit
1838 3951 2025 3993 eorum

464 4036 590 4090 iter.

527 4127 827 4192 Formicae,
860 4127 990 4182 dum
1019 4124 1350 4180 frumentum
1374 4128 1724 4194 congregant,
1757 4134 2024 4177 annosum

457 4237 646 4280 semen
691 4220 973 4282 dividunt,
1005 4234 1075 4275 ne
1106 4232 1301 4274 rursus
1356 4215 1719 4271 madefactum
1754 4213 1808 4268 in
1840 4212 2024 4284 fruges

454 4323 613 4371 exeat
641 4329 673 4370 e
701 4321 883 4379 terra;
917 4312 1096 4368 hieme
1127 4326 1235 4366 non
1259 4310 1633 4382 egrediuntur,
1663 4307 1808 4379 quod
1837 4315 2024 4364 aestate

455 4407 561 4464 sibi
586 4405 767 4460 cibum
802 4406 939 4460 satis
971 4403 1314 4458 commodum
1345 4402 1736 4473 compararint.

2058 3164 2105 3228 Ο

2143 1916 2513 1981 πεπανθέντας
2540 1917 2815 1973 κατεσθίει
2852 1917 3070 1982 αὑτούς.
3118 1917 3242 1970 Ἐὰν
3275 1917 3329 1970 δὲ
3357 1917 3560 1987 γυμνὸν
3589 1916 3712 1968 θεά-

2143 2027 2300 2082 σηται
2336 2011 2642 2082 ἄνθρωπον,
2684 2009 2746 2063 οὑ
2792 2011 3099 2082 πρόσεισινο
3153 2011 3199 2062 εί
3247 2009 3305 2063 δὲ
3349 2007 3710 2080 ἐνδεδυμένον,

2140 2101 2446 2170 ὲφάλλεται.

2221 2195 2278 2247 Ὀ
2312 2193 2368 2247 δὲ
2419 2193 2724 2264 βασιλίσκος
2771 2193 2845 2246 ίὸν
2882 2191 3248 2262 θανατηφόρον
3281 2190 3595 2262 ἀποπέμπει
3631 2189 3708 2262 τῷ

2138 2285 2421 2358 ὀφθαλμῷ,
2465 2286 2604 2339 ὥστε
2648 2287 2740 2339 τὸν
2782 2286 3114 2356 θεασάμενον
3147 2283 3482 2354 παραχρῆμα
3513 2285 3710 2338 ἀπονε-

2137 2376 2422 2448 κροῦσθαι.
2457 2379 2530 2430 Τὸ
2571 2377 2629 2431 δὲ
2679 2377 2904 2448 φύσημα
2951 2375 3115 2430 αὑτοῦ
3162 2377 3415 2447 τυγχάνει
3461 2377 3705 2449 πύρινον,

2136 2470 2474 2540 καταφλέγον
2502 2469 2704 2542 χώρας,
2738 2472 2830 2524 καὶ
2855 2471 3019 2524 τόπον
3048 2469 3374 2540 σύνδενδρον.
3419 2468 3707 2542 Ἱστοροῦσι

2135 2563 2191 2617 δὲ
2229 2564 2387 2616 αὑτὸν
2419 2564 2643 2634 τοιούτῳ
2687 2564 2872 2634 τρόπῳ
2913 2561 3278 2616 συνίστασθαι.
3345 2562 3512 2615 Ἐπὰν
3556 2562 3708 2632 δφεις

2137 2655 2378 2719 πλείονες
2405 2654 2867 2709 κατακλεισθῶσιν
2882 2654 3038 2725 ὁμοῦ,
3063 2656 3155 2707 καὶ
3173 2653 3509 2725 λοιμώξωσιν
3539 2655 3706 2725 (ἐπει-

2135 2748 2309 2819 δήπερ
2333 2736 2393 2798 τδ
2418 2744 2556 2809 ζῶόν
2583 2747 2699 2799 ἐστι
2721 2745 3082 2816 παμμίαρον),
3111 2746 3339 2807 ἕκαστος
3365 2745 3455 2798 τὸν
3480 2745 3704 2816 πλησίον

2136 2837 2430 2894 κατεσθίει·
2482 2838 2576 2891 καὶ
2623 2839 2652 2890 ὁ
2702 2836 3048 2908 ἰσχυρότερος
3093 2836 3396 2891 ἀναλίσκων
3444 2835 3568 2905 δφις
3612 2835 3702 2888 τὸν

2133 2931 2543 3003 ἀσθενέστερον,
2571 2933 2664 2983 καὶ
2692 2929 2996 3000 πληρωθεὶς
3027 2929 3242 2982 πάντων
3264 2929 3372 2981 τῶν
3397 2928 3571 2998 δφεων
3599 2927 3700 2992 ἰοῦ,

2131 3017 2206 3075 ὧν
2249 3022 2590 3094 κατεδήδοκε,
2640 3022 2947 3093 βασιλίσκος
2980 3022 3223 3091 γίγνεται
3265 3022 3340 3075 ἰὸν
3369 3021 3506 3091 ἔχων
3547 3020 3704 3090 χαλε-

2133 3113 2402 3180 πώτατον,
2435 3115 2509 3179 ὡς
2537 3115 2632 3168 καὶ
2658 3115 2766 3169 ἀπὸ
2803 3115 2961 3186 μόνου
2991 3115 3084 3168 τοῦ
3111 3113 3388 3186 ὀφθαλμοῦ
3415 3113 3698 3167 θανατοῦν.

2215 3208 2273 3260 Ὁ
2305 3207 2363 3261 δὲ
2408 3209 2696 3281 κάνθαρος,
2742 3210 2806 3261 ὲκ
2849 3210 2948 3281 τῆς
2982 3210 3162 3280 βοείας
3193 3209 3348 3263 δνθου
3382 3205 3701 3275 κυκλοτερὲς

2135 3301 2322 3372 σχῆμα
2352 3300 2718 3373 πλασάμενος,
2754 3301 3165 3371 ἀντιπρόσωπος
3197 3297 3449 3358 κυλινδεῖζ
3475 3300 3612 3354 Φασὶ
3642 3300 3699 3355 δὲ

2130 3390 2294 3444 αὑτὸν
2321 3389 2591 3463 ἑξάμηνον
2629 3391 2816 3445 ἐπάνω
2839 3391 2939 3462 τῆς
2965 3393 3090 3462 γῆς,
3119 3394 3213 3447 καὶ
3243 3392 3595 3464 σπερμαίνειν
3620 3395 3699 3456 εἰς

2128 3485 2228 3555 τὴν
2258 3483 2434 3537 δνθιον
2461 3486 2716 3557 σφαῖραν,
2744 3485 2839 3538 καὶ
2869 3485 3071 3540 τίκτειν
3097 3487 3300 3557 άῤῥενα
3323 3485 3609 3556 κάνθαρον·
3636 3485 3696 3537 οὑ

2119 3578 2237 3650 ,γὰρ
2262 3577 2427 3647 θῆλυς
2459 3577 2690 3649 ὑπάρχει
2721 3576 2988 3648 κάνθαρος
3022 3577 3260 3631 πώποτε.
3303 3578 3414 3632 Καὶ
3448 3578 3497 3630 οἱ
3529 3578 3696 3647 Αίγύ-

2129 3686 2275 3722 πτιοι
2317 3668 2404 3722 διὰ
2443 3669 2542 3740 τὴν
2578 3667 2831 3738 τοιαύτην
2862 3667 3022 3737 φύσιν
3057 3668 3220 3722 αὑτοῦ
3260 3668 3505 3722 σέϐονται
3535 3668 3698 3722 αὑτὸν

2125 3763 2205 3823 εἰς
2231 3761 2381 3832 ἥλιον
2409 3759 2988 3831 μετασχηματίζοντες,
3026 3759 3208 3830 ἐπειδὴ
3242 3760 3411 3812 κυλίει
3441 3763 3693 3832 σφαῖραν,

2126 3854 2222 3906 καὶ
2258 3853 2328 3905 τὰ
2363 3853 2538 3924 ἄστρα
2581 3852 2755 3920 δφεων
2795 3853 3064 3921 σχήμασιν
3107 3851 3482 3916 ἀπεικάζουσι,
3513 3851 3601 3904 διὰ
3634 3851 3696 3904 τὸ

2124 3943 2282 4015 λοξὴν
2318 3941 2583 4000 ποιεῖσθαι
2611 3944 2710 4014 τὴν
2740 3943 2964 4016 πορείαν
2989 3942 3204 4004 αὑτούς.

2193 4127 2257 4179 Ol
2282 4125 2346 4196 ﬁt
2389 4125 2677 4198 μύρμηκες
2719 4127 2808 4177 τὸν
2857 4125 3000 4176 σῖτον
3047 4123 3364 4191 συνάγοντες
3406 4121 3495 4174 διὰ
3525 4121 3690 4192 μέσου

2120 4217 2230 4271 τῶν
2278 4217 2492 4272 κόκκων
2536 4217 2814 4288 τέμνουσι,
2864 4215 2998 4287 πρὸς
3048 4213 3110 4269 τὸ
3155 4214 3230 4286 μὴ
3269 4214 3500 4284 ἐκφύσαι
3527 4215 3690 4269 αὑτὸν

2120 4308 2476 4380 νοτιζόμενον·
2515 4307 2607 4360 καὶ
2635 4307 2853 4378 μένουσι
2885 4306 2973 4359 τὸν
3011 4306 3250 4377 χειμῶνα
3293 4306 3560 4375 άπρόῐτοι,
3602 4305 3690 4360 διὰ

2119 4399 2213 4454 τοῦ
2245 4400 2438 4472 θέρους
2465 4399 2708 4470 αὐτάρκη
2741 4397 2838 4469 τὴν
2866 4399 3070 4469 τροφὴν
3100 4397 3468 4469 πορισάμενοι.

524 4499 732 4554 Hirudo
776 4514 843 4554 ex
893 4511 1090 4568 genere
1120 4497 1385 4552 vermium
1430 4495 1632 4550 animal
1676 4495 1731 4549 in
1769 4493 2018 4550 dulcibus

2143 4514 2151 4520 ·
2203 4492 2267 4547 Ἦ
2299 4493 2356 4546 δὲ
2391 4492 2601 4564 βδέλλα,
2649 4491 3032 4561 σκωληκοειδὲς
3073 4491 3208 4556 ζῶον
3251 4491 3586 4562 ὑπάρχουσα,
3630 4492 3687 4544 ὲν

453 4591 610 4664 aquis
640 4591 815 4662 degit;
848 4591 893 4645 si
926 4591 1050 4660 quis
1099 4587 1332 4645 sitiendo
1364 4588 1520 4642 avide
1552 4586 1778 4650 biberit,
1811 4600 1919 4640 una
1961 4593 2017 4641 et

452 4681 627 4753 ipsam
674 4679 974 4744 combibit,
1023 4693 1143 4748 qua:
1185 4685 1404 4748 propter
1467 4677 1692 4732 nimiam
1744 4677 2014 4731 levitatem

451 4790 578 4829 cum
607 4787 747 4844 aqua
781 4780 904 4844 pota
942 4771 1218 4837 illabitur;
1249 4770 1377 4825 inde
1406 4769 1644 4824 maxima
1673 4765 2016 4822 incommoda

449 4861 822 4932 molestiaeque
856 4861 1126 4916 accedunt
1165 4858 1413 4930 corpori,
1446 4858 1538 4913 illa
1570 4857 1889 4928 sanguinem
1919 4872 2017 4911 ex-

429 4963 712 5025 ‘sugente,
745 4961 798 5009 et
845 4959 1202 5023 augescente,
1251 4950 1548 5007 insatiabili
1601 4964 1836 5020 namque
1888 4964 2016 5004 san-

447 5048 630 5118 guinis
681 5045 967 5102 hauriendi
1016 5043 1314 5114 cupiditate
1357 5049 1592 5106 tenetur,
1639 5047 1695 5097 et
1739 5041 2016 5096 multoties

446 5136 638 5201 allixa,
673 5152 774 5192 nec
815 5136 1086 5199 evellitur,
1139 5150 1239 5190 nec
1292 5133 1614 5197 detrahitur,
1666 5132 1767 5188 etsi
1816 5131 2011 5187 medici

445 5231 762 5288 obnitantur
781 5271 796 5292 .
824 5231 998 5286 donec
1043 5229 1282 5300 pondere
1313 5228 1431 5298 ipso
1462 5226 1746 5298 sanguinis
1776 5225 2014 5282 disrum-

443 5331 624 5393 patur.

515 5417 657 5471 lntcr
690 5416 931 5487 aspidem
963 5422 1267 5484 caeteraque
1310 5427 1542 5484 quorum
1595 5425 1813 5466 morsus
1865 5410 2012 5466 ulce-

441 5519 545 5575 rat,
563 5516 617 5565 et
647 5509 804 5565 felem
829 5509 976 5580 jugis
999 5507 1294 5562 discordia.
1328 5506 1369 5558 A
1396 5505 1761 5574 serpentibus,
1788 5503 2011 5557 locustis

440 5601 732 5672 crucisque
751 5602 984 5657 dissidet
1010 5601 1132 5654 ibis.
1159 5599 1422 5663 Cerastis,
1453 5598 1833 5667 scorpionibus
1862 5595 2011 5650 aliis-

441 5709 548 5762 que
579 5695 804 5749 minutis
849 5693 1132 5763 reptilibus
1176 5693 1438 5761 accipiter
1468 5691 1736 5748 exitiosus
1768 5698 1885 5754 est;
1919 5688 2006 5742 hic

441 5785 678 5843 hominis
711 5785 1182 5840 commiseratione
1206 5783 1475 5849 ﬂectitur;
1530 5785 1575 5837 si
1622 5783 1762 5838 enim
1796 5783 1849 5836 in
1881 5797 2004 5837 cum

2118 4589 2230 4649 τοῖς
2263 4583 2515 4654 γλυκέσιν
2557 4583 2888 4636 ὲκδιαιτᾶται
2923 4581 3095 4635 ὕδασι·
3140 4582 3234 4635 καὶ
3271 4582 3438 4637 πίνων
3471 4600 3555 4646 τις
3593 4582 3686 4637 λά-

2119 4678 2266 4750 ϐρως
2307 4675 2696 4746 συγκαταπίνει
2734 4674 2886 4737 αὑτὸ,
2925 4674 3013 4727 διὰ
3055 4675 3154 4745 τὴν
3198 4674 3394 4746 πολλὴν
3435 4674 3686 4746 λειότητα

2120 4768 2506 4826 συνολισθαίνει
2536 4767 2616 4839 τῷ
2658 4768 2929 4838 πινομένῳ
2964 4765 3134 4820 ὕδατι.
3153 4766 3263 4821 Καὶ
3295 4767 3356 4820 οὐ
3392 4768 3592 4838 μικρὰν
3624 4767 3682 4834 ἐξ

2118 4859 2282 4914 αὑτοῦ
2333 4859 2535 4930 βλάϐην
2585 4857 2894 4927 ὑφίσταται,
2937 4858 3036 4930 τῆς
3079 4857 3278 4928 σαρκὸς
3316 4856 3408 4911 τοῦ
3455 4860 3682 4929 αἵματος

2117 4950 2481 5024 ὲκμυζοῠντος
2507 4949 2691 5016 αὑτοῦ,
2723 4950 2818 5004 καὶ
2839 4949 3029 5004 τούτου
3055 4948 3326 5015 αὔξοντοςο
3354 4950 3680 5022 άχόρταστον

2115 5045 2173 5099 δὲ
2194 5045 2448 5115 τυγχάνει
2475 5043 2610 5116 πρὸς
2634 5041 2791 5114 δίψαν
2825 5042 3074 5114 αἵματος.
3115 5042 3224 5096 Καὶ
3261 5041 3518 5105 πολλάκις
3550 5041 3682 5096 αὐτὸ

2115 5135 2216 5205 τῆς
2241 5135 2580 5207 ἀφαιρέσεως
2603 5135 2874 5206 δεομένοις
2906 5137 3109 5207 ἰατροῖς
3137 5136 3236 5190 οὑκ
3263 5135 3543 5205 ἀνιμᾶται,
3578 5133 3681 5198 ἕως

2097 5229 2236 5282 -ὅτου
2259 5227 2598 5300 διαρῤαγείη.

2184 5411 2315 5472 Ταῖς
2348 5409 2404 5462 δὲ
2437 5408 2626 5462 ἀσπίσι
2651 5409 2744 5461 καὶ
2791 5408 2903 5470 τοῖς
2935 5405 3113 5469 ἄλλοις
3139 5408 3250 5468 τοῖς
3285 5405 3555 5476 δηκτικοῖς
3590 5407 3677 5474 έρ-

2115 5505 2296 5564 πετοίς
2344 5498 2593 5570 αἴλουρός
2633 5501 2746 5551 ἐστι
2782 5497 3052 5568 πολέμιος.
3096 5497 3215 5549 Τῶν
3250 5497 3306 5550 δὲ
3351 5497 3554 5565 δφεων,
3587 5496 3677 5548 καὶ

2113 5592 2507 5664 τῶνοάκρίδων,
2535 5592 2629 5646 καὶ
2659 5591 2766 5644 τῶν
2802 5590 3036 5662 καμπῶν
3067 5590 3095 5640 ὁ
3131 5589 3253 5652 ἶϐις.
3287 5590 3406 5652 Τοῖς
3432 5590 3488 5642 δὲ
3516 5589 3676 5661 κερά-

2116 5703 2286 5748 σταις,
2331 5684 2424 5739 καὶ
2472 5683 2770 5753 σκορπίοις,
2807 5682 2899 5736 καὶ
2931 5683 3040 5744 τοῖς
3073 5680 3251 5745 ἄλλοις
3278 5682 3488 5750 μικροῖς
3513 5678 3674 5744 ἑρπε-

2110 5784 2220 5844 τοῖς
2249 5780 2276 5831 ὁ
2302 5777 2449 5850 ἱέραξ
2473 5777 2841 5847 θανατηφόρος
2867 5775 3218 5845 καθέστηκεν.
3250 5774 3400 5825 Ἔστι
3434 5769 3487 5822 δὲ
3516 5767 3672 5822 τοῦτο
