4112 6410
439 388 540 446 7-19

1347 385 1621 444 SPUBIA.
1653 418 1721 427 —
1753 384 2106 472 COMMENT.
2151 383 2216 441 IN
2259 382 2751 441 IIEXAEMERON.

3565 392 3666 445 73.30

435 507 718 580 συμπαθὲς
746 507 878 580 πρὸς
905 506 991 559 τὸν
1028 505 1326 578 ἄνθρωπονο
1356 505 1448 558 ἐὰν
1477 505 1584 576 γὰρ
1617 505 1872 578 θεάσηται
1901 506 1966 558 αὑ

2102 509 2376 557 mortuum
2418 501 2857 573 iusepultumque
2900 503 3178 573 inciderit,
3225 508 3478 581 lacrvmis
3509 511 3674 568 deco-

432 603 524 656 τὸν
555 601 744 672 νεκρὸν
787 601 877 654 καὶ
915 602 1150 668 ἄταφον,
1186 596 1556 668 κατοδύρεται,
1583 600 1674 651 καὶ
1707 599 1808 669 γῆν
1843 600 1998 670 ἐπιρ-

437 695 616 767 ρίπτει
643 693 810 764 αὐτῷ.

486 786 655 839 Μετὰ
682 785 737 838 δὲ
774 783 869 855 τὴν
892 781 983 837 τοῦ
1019 783 1222 853 κόσμου
1259 781 1493 853 ποίησιν,
1528 781 1752 855 ὕστερον
1780 783 1871 836 τὸν
1902 784 1996 838 ἇν-

433 877 648 949 θρωπον
678 879 706 930 6
732 875 862 939 Θεὸς
884 873 1298 946 ἐδημιούργησε,
1326 873 1404 944 τῷ
1433 873 1529 944 μὲν
1552 873 1738 946 θερμῷ
1759 873 1999 944 θραύσας

431 955 499 1022 τὸ
529 967 755 1039 ψυχρὸν,
785 965 862 1036 τῷ
888 965 944 1018 δὲ
988 961 1137 1035 ξηρῷ
1181 961 1350 1032 δήσας
1379 961 1437 1014 τὸ
1468 961 1662 1032 ὑγρὸν,
1706 961 1799 1014 και
1832 960 1997 1024 λύσας

432 1065 594 1118 πάλιν
622 1063 682 1114 τὸ
712 1061 872 1132 ξηρὸν
897 1059 974 1128 τῷ
997 1059 1166 1130 ὑγρῷ,
1203 1059 1566 1128 συνεστήσατο
1601 1053 1782 1118 αὑτὸν,
1809 1055 1997 1126 ἔχοντα

432 1158 606 1211 πάντα
634 1155 701 1208 τὰ
730 1155 867 1227 μέρη
903 1155 994 1207 τοῦ
1029 1153 1482 1223 παντὸςμὪσπερ
1499 1151 1607 1221 γὰρ
1629 1152 1662 1220 ἡ
1684 1150 1757 1220 γῆ
1785 1148 1996 1202 ἐστῶσα

427 1251 516 1304 τὸν
531 1249 734 1319 ψυχρὸν
753 1248 886 1320 ἀέρα
909 1244 1331 1318 περικεχυμένον
1354 1247 1411 1299 ὲν
1427 1247 1590 1315 ἑαυτῇ
1614 1244 1889 1314 κέκτηται,
1908 1261 1995 1298 τε·

426 1341 709 1411 ταγμένως
729 1341 784 1394 δέ
808 1342 892 1392 ἐπ’
913 1339 1060 1410 αὐτῷ
1099 1339 1158 1392 τὸ
1177 1339 1286 1410 πῦρ
1308 1336 1693 1410 αἰωρούμενον,
1716 1338 1810 1390 καὶ
1833 1338 1994 1392 πάλιν

425 1434 487 1486 τὸ
517 1433 659 1503 ὕδωρ
686 1431 934 1503 περιθέον
958 1429 1217 1483 κύκλοθεν
1245 1431 1414 1500 αὑτήν
1433 1442 1446 1459 ⁶
1475 1429 1617 1482 οὕτω
1639 1429 1702 1500 δὴ
1730 1429 1825 1483 καὶ
1855 1432 1882 1483 6
1909 1431 1996 1484 ἄν·

427 1525 640 1595 θρωπος
666 1523 912 1593 καθάπερ
946 1523 1017 1592 γῆ
1035 1521 1141 1574 τῶν
1162 1521 1360 1575 ὀστέων
1384 1521 1678 1592 στερεμνία
1708 1520 1994 1590 φύσει,κα)⁵

423 1623 491 1691 τῇ
525 1620 610 1671 ἐπ’
635 1618 798 1672 αὐτὸν
831 1615 1102 1686 κεχυμένη
1134 1613 1298 1685 σαρκὶ
1333 1610 1601 1678 συνεστὼς
1624 1613 1722 1686 τὴν
1753 1632 1994 1685 πνευμα-

420 1707 578 1778 τικὴν
606 1706 693 1760 διὰ
719 1705 825 1762 τῶν
872 1707 1163 1777 μυκτήρων
1191 1702 1484 1772 ἀναπνοὴν,
1515 1702 1701 1775 ὦσπρ
1731 1704 1868 1776 ἀέρα
1900 1719 1993 1757 κε-

422 1801 700 1872 κλήρωται
726 1799 823 1870 τὴν
858 1799 1096 1870 ἔμφυτον
1140 1798 1304 1852 αὑτοῦ
1349 1796 1654 1870 θερμότητα
1703 1799 1796 1851 καὶ⁹
1829 1815 1996 1852 κατα-

421 1893 720 1965 ψύχουσαν.
753 1891 861 1944 Καὶ
891 1891 996 1962 γὰρ
1033 1893 1061 1944 6
1094 1891 1233 1962 ὑπὲρ
1261 1889 1502 1962 κεφαλῆς
1545 1890 1700 1961 ἡμῶν
1734 1891 1862 1963 ἀὴρ,
1894 1891 1993 1963 τὴν

423 1984 645 2058 πυρώδη
678 1982 772 2038 τοῦ
796 1983 956 2056 ἀέρος
985 1982 1144 2052 φύσιν
1175 1981 1520 2053 καταψύχων,
1545 1980 1803 2054 εὔκρατον
1831 1982 1994 2036 παντὶ

421 2077 500 2148 τῷ
544 2076 643 2148 βίῳ
688 2075 795 2129 τῶν
833 2074 986 2138 ζώων
1029 2074 1336 2146 καθίστησι.
1372 2073 1444 2125 Τὸ
1473 2073 1529 2125 δὲ
1557 2073 1756 2146 θερμὸν
1800 2073 1861 2128 τὸ
1908 2073 1994 2127 ἐν-

421 2171 664 2242 υπὰρχον
679 2167 756 2240 τῷ
785 2166 1102 2238 σώματιτοῦ
1131 2165 1416 2238 ἀνθρώπου
1444 2165 1542 2238 τὴν
1564 2166 1657 2219 τοῦ
1687 2167 1993 2238 φλέγματος

421 2263 644 2335 ἐκτήκει
689 2261 986 2332 ἀμετρίαν,
1033 2261 1282 2331 καθάπερ
1328 2259 1734 2334 κρυπαλλῶδες
1780 2260 1993 2332 πίλημα

422 2356 630 2420 ὕδατος.
662 2354 727 2408 Αἱ
752 2354 808 2408 δὲ
839 2352 1033 2424 φλέϐες
1058 2353 1152 2406 καὶ
1169 2353 1230 2406 τὸ
1252 2349 1393 2422 αἷμα
1425 2353 1485 2406 τὸ
1512 2355 1572 2406 ὲν
1601 2354 1794 2418 αὐταῖς
1833 2369 1994 2407 ποτα-

389 2485 392 2489 -
425 2449 540 2520 μῶν
571 2448 862 2520 μιμήματα
884 2444 1276 2510 ἀποσώζουσιν.
1308 2444 1560 2499 Τοιοῦτον
1587 2449 1616 2500 6
1645 2445 1777 2510 Θεὸς
1800 2463 1993 2518 τεκτη-

421 2544 649 2616 νάμενος
680 2541 769 2596 τὸν
812 2539 1095 2613 ἄνθρωπον
1147 2541 1212 2593 ἐκ
1248 2540 1346 2612 τῆς
1382 2539 1510 2610 γῆς,
1545 2540 1640 2593 καὶ
1682 2538 1806 2604 δοὺς
1841 2537 1992 2610 αὐτῷ

419 2632 638 2705 λογικὴν
687 2632 883 2704 ψυχὴν,
933 2631 1026 2685 τοῦ
1076 2631 1401 2703 παραδείσου
1446 2630 1546 2703 τῆς
1595 2631 1806 2704 τρυφῆς
1849 2633 1990 2686 ἀπο-

419 2720 1986 2793 λαύειναὺτὸνπαρ..................

418 2809 550 2868 Εἶτα
593 2813 690 2883 τῆς
734 2812 951 2883 ἐντολῆς
994 2811 1415 2884 παρακούσαντα
1452 2817 1532 2879 είς
1574 2814 1674 2886 τὴν
1700 2814 1804 2886 γῆν
1826 2815 1990 2870 αὑτὸν

416 2903 619 2976 ταύτην
672 2903 1017 2974 μετέστησεν,
1048 2903 1340 2975 ἐπίμοχθον
1388 2904 1537 2977 αὐτῷ
1563 2906 1670 2965 ,τὸν
1707 2905 1818 2976 βίον
1846 2906 1988 2978 ἔχειν

418 2997 504 3051 ἐπ’
517 2998 696 3069 ἀὐτῆς
726 2999 1160 3072 ἀποφηνάμενος.

489 3089 766 3166 Γνωρίσας
803 3086 898 3145 οὖν
928 3092 1026 3164 τὴν
1057 3095 1290 3162 γυναῖκα
1329 3093 1495 3147 αὐτοῦ
1525 3093 1689 3158 Εὔαν,
1717 3095 1865 3158 υἱοὺς
1895 3091 1988 3148 δύο

2103 612 2221 654 rato
2249 599 2522 669 pulverem
2559 599 2752 667 injicit.

2171 773 2300 829 Post
2327 774 2514 828 mundi
2558 775 2719 844 hujus
2770 777 3033 834 fabricam
3065 781 3368 850 expletam,
3417 784 3667 839 ultimum

2101 865 2373 920 hominem
2407 864 2548 920 Deus
2578 868 2884 936 procreavit
2919 869 2960 900 ¹⁹
2983 909 2998 935 ,
3042 871 3134 926 ubi
3167 873 3344 926 calido
3377 873 3671 946 frigiditate

2100 957 2292 1023 fracta,
2314 957 2742 1029 bumiditateque
2758 962 2906 1015 sicco
2929 963 3249 1029 constricta,
3271 980 3369 1020 uec
3385 981 3492 1021 non
3508 967 3672 1023 sicci-

2098 1057 2210 1104 tate
2223 1048 2446 1103 humido
2468 1049 2758 1116 dissoluto,
2793 1052 2944 1106 illum
2957 1052 3408 1112 eﬂecimmnibus
3430 1058 3668 1116 universi

2099 1144 2347 1213 partibus
2364 1142 2693 1198 absolutum.
2709 1144 3176 1209 Quemadmodum
3216 1147 3361 1202 enim
3381 1156 3546 1218 terra,
3573 1153 3668 1206 tir-

2099 1250 2186 1289 ma
2204 1235 2525 1306 stabilisque
2539 1250 2663 1288 eum
2688 1237 2754 1291 sit
2766 1251 2911 1300 ,aere
2921 1236 3256 1295 circumfuso
3273 1240 3666 1306 circumdatur,

2096 1335 2152 1381 et
2182 1327 2407 1382 vestitur
2436 1329 2802 1391 extrinsecus,
2818 1341 2911 1383 aer
2930 1327 3175 1384 ordinem
3193 1346 3452 1401 sequens,
3468 1333 3592 1405 igne
3614 1338 3670 1391 in

2098 1425 2270 1472 semet
2299 1425 2627 1482 sustentato,
2666 1428 2721 1474 et
2771 1435 2963 1476 rursus
2991 1435 3133 1491 aqua
3175 1423 3472 1493 irrequieto
3517 1427 3668 1482 illius

2099 1509 2397 1564 constricta
2413 1509 2669 1574 circuitu,
2695 1511 2774 1567 sic
2793 1521 2846 1566 et
2859 1511 3022 1567 homo
3035 1514 3198 1568 veluti
3213 1522 3358 1570 terra
3377 1531 3443 1571 ex
3460 1519 3670 1574 ossium

2098 1600 2273 1654 solida
2331 1609 2559 1666 natura,
2607 1618 2880 1671 carueque
2926 1620 3048 1676 qua:
3095 1621 3220 1662 eum
3251 1609 3666 1680 complectitur,

2096 1693 2454 1764 compositus,
2478 1710 2576 1765 per
2601 1710 2762 1752 nares
2793 1696 3024 1754 flabilem
3072 1700 3482 1770 respirationem
3509 1743 3526 1770 ,
3553 1707 3668 1761 vel-

2099 1790 2177 1844 uti
2227 1802 2429 1852 aerem,
2462 1804 2584 1860 quae
2635 1792 2878 1845 innatam
2916 1791 3064 1847 illius
3103 1794 3434 1851 caliditatcm
3465 1801 3670 1854 restin-

2099 1891 2228 1951 guat
2250 1888 2304 1936 et
2330 1881 2635 1954 refrigeret,
2668 1885 2897 1941 sortitus
2935 1894 3041 1941 est.
3073 1886 3182 1942 Aer
3207 1888 3352 1943 enim
3389 1891 3547 1948 nobis
3571 1909 3666 1948 su-

2097 1987 2194 2042 per
2222 1981 2386 2043 caput
2412 1974 2620 2032 effusus
2659 1977 2874 2048 igneam
2905 1981 3048 2036 aeris
3075 1990 3326 2036 naturam
3353 2023 3368 2045 ,
3420 2001 3520 2041 sua
3569 1983 3666 2040 fri-

2051 2093 2056 2098 -
2094 2064 2322 2134 giditate
2353 2065 2646 2123 inhibendo
2676 2067 2994 2125 animalium
3024 2073 3149 2128 vitae
3181 2075 3482 2141 universte,
3527 2085 3666 2132 tem-

2094 2166 2336 2227 peratam
2367 2159 2565 2215 reddit.
2599 2160 2850 2217 Calidum
2883 2164 3028 2234 quod
3077 2167 3133 2222 in
3166 2168 3406 2225 humano
3435 2186 3667 2244 corpore

2093 2258 2198 2314 est,
2238 2251 2582 2306 immodicam
2616 2253 2827 2323 pituitae
2864 2255 3254 2314 abundantiam
3287 2261 3549 2334 dissipat,
3587 2265 3667 2320 uti

2093 2355 2248 2411 aqua:
2280 2343 2700 2412 spissamentum
2727 2346 3144 2417 conglaciatum.
3173 2350 3334 2408 Venae
3355 2363 3409 2409 et
3441 2358 3668 2427 sanguis

2093 2433 2150 2488 in
2190 2434 2298 2490 illis
2327 2435 2613 2490 ﬂuviorum
2648 2437 2823 2492 instar
2851 2455 2909 2496 sc
2937 2439 3161 2498 habent.
3190 2443 3303 2499 lloc
3332 2456 3492 2516 pacto
3521 2447 3666 2504 Deus

2094 2526 2366 2582 hominem
2417 2542 2449 2582 e
2498 2536 2646 2584 terra
2695 2531 3036 2600 perfectum,
3094 2537 3384 2606 animaque
3433 2541 3669 2598 rationis

2092 2628 2342 2689 compote
2373 2620 2713 2692 insignitum,
2742 2623 3059 2681 deliciarum
3095 2627 3254 2683 horto
3282 2639 3340 2684 ut
3393 2631 3667 2689 frueretur

2091 2709 2384 2766 destinavit
2415 2712 2483 2768 ¹⁰.
2530 2710 2732 2769 Verum
2763 2715 2852 2770 ubi
2889 2717 3116 2788 imperio
3161 2735 3268 2775 non
3328 2727 3551 2792 paruit,
3610 2727 3664 2780 iu

2090 2807 2293 2856 terram
2322 2803 2463 2859 hanc
2488 2803 2570 2858 uti
2602 2803 2856 2859 colonum
2886 2822 3009 2861 eum
3046 2808 3330 2881 ablegavit,
3364 2812 3475 2866 vita
3509 2813 3585 2867 illi
3609 2815 3663 2868 in

2090 2907 2154 2947 ea
2177 2893 2654 2950 calamitosissima
2697 2899 2993 2954 constituta
3034 2899 3100 2952 ⁸³.

2159 3077 2236 3133 Re
2265 3077 2447 3149 itaque
2479 3093 2602 3134 cum
2634 3096 2804 3136 uxore
2851 3079 2960 3136 Eva
3004 3081 3212 3148 habita,
3241 3084 3380 3141 duos
3424 3088 3666 3159 suscepit

418 3179 674 3252 ἐγέννησε
695 3218 710 3245 ,
738 3170 829 3234 τὸν
858 3181 1026 3248 Κάΐν,
1056 3182 1149 3236 καὶ
1179 3183 1272 3236 τὸν
1306 3181 1486 3235 Ἅϐελ.
1521 3183 1630 3237 Καὶ
1656 3185 1685 3236 6
1721 3184 1819 3255 μὲν
1849 3183 1988 3238 Κάῖν

2091 3169 2316 3235 liberos,
2352 3169 2488 3225 Cain
2524 3179 2580 3224 et
2610 3169 2743 3228 Abel
2771 3174 2837 3228 ".
2899 3171 3034 3228 Cain
3085 3177 3430 3247 agricultura:
3453 3217 3470 3244 ,
3528 3181 3663 3235 Abel

414 3266 484 3343 ἦν
529 3273 791 3346 γεωργὸς,
835 3276 864 3328 6
907 3275 962 3328 δὲ
996 3274 1159 3328 Ἅϐελ
1189 3273 1412 3347 ποιμὴν,
1456 3276 1549 3330 καὶ
1599 3275 1692 3329 τοῦ
1740 3277 1987 3349 γεωργοῦ

415 3365 477 3418 ού
511 3363 698 3436 μετῄει
727 3364 825 3428 τὰς
855 3365 1107 3436 ἀπαρχὰς
1141 3365 1250 3419 τῶν
1282 3367 1528 3438 καρπῶν.
1557 3369 1933 3440 Προσήνεγκεν
1959 3371 1989 3423 6

421 3454 586 3508 Ἅϐελ
628 3455 706 3525 τῷ
750 3455 884 3527 Θεῷ’
919 3456 1015 3510 καὶ
1063 3458 1097 3530 ή
1143 3456 1302 3511 θυσία
1347 3457 1514 3513 αὑτοῦ
1565 3459 1779 3530 ἐδέχθη.
1827 3459 1884 3513 '0
1930 3459 1988 3513 δέ

416 3544 579 3608 Κάῖν,
615 3545 828 3613 πρῶτος
877 3547 1041 3611 αὐτὸς
1088 3547 1196 3601 τῶν
1233 3550 1583 3626 γεννωμένων
1626 3549 1986 3622 ἐμφορηθεὶς,

415 3635 589 3701 οὕτως
618 3639 900 3709 ἀνήνεγκε·
930 3641 1023 3693 καὶ
1054 3639 1276 3704 ἄδεκτος
1309 3639 1472 3695 αὑτοῦ
1498 3643 1530 3713 ἡ
1562 3641 1720 3696 θυσία
1751 3642 1984 3712 ἐγένετο.

417 3729 528 3782 Καὶ
567 3729 838 3800 ὀργισθεὶς
883 3732 975 3784 ἐπὶ
1018 3731 1189 3802 τούτῳ
1216 3735 1244 3786 6
1275 3732 1448 3797 Κάῖν,
1477 3733 1655 3786 ἀνεῖλε
1684 3733 1863 3806 φθόνῳ
1896 3733 1988 3788 τὸν

415 3821 643 3894 ἀδελφὸν
669 3823 854 3876 αὐτοῦ’
888 3825 981 3876 καὶ
1013 3825 1042 3878 6
1089 3825 1221 3890 Θεὸς
1263 3826 1534 3898 ἐπάρατον
1561 3826 1722 3879 αὑτὸν
1762 3826 1989 3897 ποιησά-

420 3932 600 3987 μενος,
627 3917 721 3970 καὶ
750 3915 847 3988 τῆς
888 3916 989 3987 γῆς
1023 3917 1236 3989 ἐκείνης
1268 3917 1539 3983 ἐξέϐαλεν.
1584 3917 1643 3970 '0
1670 3918 1748 3982 δέ,
1788 3919 1988 3992 πολλὴν

417 4008 814 4079 περινοστήσας
843 4007 981 4073 ὁδὸν,
1011 4009 1091 4073 είς
1134 4009 1297 4064 τόπον
1327 4009 1448 4065 τινὰ
1487 4011 1694 4065 Καῖνᾶν
1720 4011 1983 4084 ὀνομαζό·-

417 4117 576 4172 μενον
595 4096 746 4172 ἦλθε,
773 4101 866 4155 καὶ
889 4103 1067 4156 πᾶσαν
1093 4103 1482 4176 ἀρρητοποιίαν
1510 4105 1828 4177 μετήρχετο,
1856 4107 1983 4170 τοὺς

415 4193 708 4264 παριόντας
731 4192 1041 4264 ἐνεδρεύων,
1069 4194 1164 4248 καὶ
1191 4193 1428 4267 ἀναιρῶν
1445 4235 1460 4260 ,
1487 4196 1582 4248 καὶ
1610 4195 1674 4250 ἐκ
1711 4197 1819 4252 τῶν
1853 4199 1982 4253 σκύ-

413 4284 520 4340 λων
546 4286 841 4358 χρημάτων
872 4285 1118 4356 συνάγων
1147 4285 1348 4358 πλῆθος
1371 4285 1664 4360 ἀμύθητον.

2091 3263 2358 3332 pecuariae
2385 3262 2639 3318 studebat
2667 3263 2733 3328 ",
2767 3279 2868 3320 nec
2898 3265 3002 3320 ulla
3037 3281 3162 3322 cum
3201 3268 3334 3323 Cain
3383 3269 3665 3324 familiari-

2086 3362 2198 3408 tate
2225 3353 2577 3426 jungebatur.
2633 3355 2769 3409 Abel
2811 3354 3079 3425 primitias
3112 3357 3219 3414 Deo
3268 3360 3500 3426 obtulit,
3537 3377 3658 3432 qua:

2087 3447 2156 3502 ab
2199 3447 2293 3516 illo
2342 3446 2580 3517 gratiose
2628 3454 2864 3517 acceptae
2889 3456 3018 3502 sunt
3042 3452 3109 3503 ".
3143 3451 3276 3506 Cain
3313 3453 3547 3522 primum
3597 3470 3660 3510 se

2087 3543 2254 3598 rebus
2287 3542 2451 3597 editis
2493 3541 2708 3596 abunde
2746 3550 3097 3600 exsaturatus
3118 3583 3134 3608 ,
3188 3544 3395 3602 hostias
3429 3547 3676 3618 praehmt

2089 3634 2156 3689 ad
2191 3634 2518 3690 sacriﬁcium
2549 3675 2564 3699 ,
2627 3648 2750 3706 quas
2814 3633 3037 3690 minime
3087 3636 3345 3706 jucundae
3394 3637 3544 3695 fuere
3607 3639 3672 3696 ”.

2089 3725 2319 3798 Propter
2347 3728 2448 3784 hoc
2486 3731 2722 3800 graviter
2753 3725 3042 3793 exardens,
3080 3728 3379 3786 invidentia
3435 3730 3670 3786 fratrem

2088 3821 2306 3877 necavit
2352 3821 2424 3888 '°,
2449 3829 2504 3878 et
2549 3821 2693 3878 Deus
2727 3821 3121 3879 exsecrandum
3171 3830 3226 3878 et
3285 3821 3670 3880 detestabilem

2087 3914 2346 3970 omnibus
2369 3914 2726 3981 declaratum,
2759 3931 2827 3972 ex
2859 3915 2949 3970 illa
2977 3923 3122 3972 terra
3155 3916 3314 3987 ejecit
3335 3956 3350 3982 ,
3388 3917 3481 3988 qui
3525 3919 3670 3969 mul-

2090 4007 2160 4062 tis
2204 4008 2524 4079 magnisque
2557 3993 2872 4066 Iitineribus
2915 4009 3320 4080 peregrinatus,
3368 4009 3422 4063 in
3478 4008 3666 4063 locum

2087 4099 2376 4169 quemdam
2436 4098 2644 4155 Cainan
2699 4106 3074 4168 nuncupatum
3139 4098 3376 4170 appulit,
3443 4097 3499 4153 in
3547 4114 3659 4169 quo

2088 4206 2249 4247 omne
2303 4191 2458 4248 nefas
2510 4193 2798 4264 scelusque
2837 4191 3187 4255 admittebat,
3245 4191 3480 4246 viatores
3519 4207 3659 4263 pra:-

2015 4287 2058 4342 D
2087 4291 2366 4342 tereuntes
2417 4286 2630 4342 insidiis
2673 4283 3084 4358 aggrediebatur
3111 4297 3313 4353 eosque
3357 4283 3658 4339 occidendo

415 4374 532 4446 ipse
565 4377 866 4434 latrociniis
890 4377 1130 4434 intentus
1156 4377 1366 4450 praedas
1387 4379 1602 4452 agebat,
1647 4389 1702 4439 et
1748 4398 1815 4440 ex
1853 4389 2042 4457 Spotiis
2089 4375 2428 4432 innumeram
2459 4377 2563 4433 sibi
2595 4376 2837 4450 pecunia:
2867 4373 3287 4442 multitudinem,
3312 4391 3433 4446 qua:
3475 4377 3657 4434 verbis

412 4469 600 4540 nequit
629 4469 909 4540 explicari,
939 4472 1169 4541 paravit.

482 4559 707 4633 Πρῶτος
751 4561 808 4614 δὲ
837 4562 976 4616 Κάῖν
1009 4563 1213 4634 μέτρα,
1241 4565 1337 4618 καὶ
1377 4563 1671 4637 σταθμοὺς,
1701 4567 1794 4620 καὶ
1823 4565 1980 4638 ὄρους

411 4652 514 4724 γῆς
546 4653 840 4725 ἐπενόησε,
876 4653 971 4708 καὶ
1016 4653 1300 4727 οἰκοδομὴν
1345 4656 1572 4721 πόλεως,
1616 4657 1836 4712 πάντων
1871 4656 1980 4712 τῶν

411 4743 532 4796 κατ’
567 4745 742 4798 ἐκεῖνο
768 4743 960 4814 καιροῦ
987 4745 1078 4799 τὸν
1107 4746 1360 4818 ἀκέραιον
1392 4748 1485 4801 καὶ
1515 4747 1841 4820 ἀπράγμονα
1868 4747 1981 4820 βίον

409 4836 824 4906 ἀσπαζομένων.
865 4837 920 4890 '0
960 4836 1016 4890 δὲ
1062 4837 1250 4909 Ἀδὰμ,
1277 4839 1450 4910 μένων
1478 4840 1536 4893 ἐν
1571 4833 1616 4908 ᾧ
1645 4839 1792 4911 τόπῳ
1825 4839 1982 4910 ἐτύγ-

407 4945 560 5000 χανε,
591 4928 817 4993 πολλοὺς
844 4929 1038 4994 παῖδας
1063 4931 1157 4984 καὶ
1184 4930 1484 5001 θυγατέρας
1517 4932 1790 5003 ἐποίησεν,
1820 4933 1878 4985 ἐν
1899 4927 1980 4998 οἷς

407 5019 680 5092 ἐξαίρετός
720 5039 804 5085 τις
839 5023 1080 5094 ὑπῆρχεν
1104 5022 1133 5074 6
1162 5023 1292 5096 Σὴθ,
1330 5025 1477 5089 ὅστις
1517 5026 1576 5078 ἐν
1606 5025 1789 5098 ἡλικίᾳ
1826 5027 1978 5095 γενό-

411 5126 572 5180 μενος
601 5111 800 5177 πολλὰς
825 5114 1028 5185 ἀρετὰς
1066 5115 1374 5188 ἐπενόησεν,
1405 5109 1478 5170 ὧν
1509 5118 1604 5171 καὶ
1624 5118 1750 5182 τοὺς
1777 5118 1980 5187 ἀπογό-

407 5217 532 5266 νους
560 5203 724 5258 αὑτοῦ
747 5205 991 5276 ζηλωτὰς
1013 5207 1417 5262 καταλέλοιπεν.
1447 5203 1614 5272 Οὗτος
1633 5209 1742 5282 γὰρ
1765 5210 1978 5281 πρῶτος

407 5295 772 5369 ἀστρονομίαν
804 5297 900 5352 καὶ
942 5300 1120 5352 πᾶσαν
1165 5299 1263 5371 τὴν
1292 5299 1539 5370 οὐράνιον
1575 5299 1772 5372 ἐφεῦρε
1800 5301 1978 5354 διακό-

411 5405 631 5460 σμησιν,
657 5390 847 5458 ἥντινα
883 5391 1010 5462 ἄχρι
1051 5390 1159 5444 τῶν
1204 5391 1445 5461 ἐσχάτων
1471 5392 1674 5463 χρόνων
1707 5393 1976 5464 διαμεῖναι

407 5480 628 5533 τοιῶσδε
654 5482 682 5533 6
706 5481 875 5552 Ἀδὰμ
889 5482 964 5551 (1)
980 5482 1374 5554 παρεσκεύασε·
1395 5483 1596 5554 μέλλων
1607 5485 1714 5559 γὰρ
1725 5485 1976 5557 τελευτᾷν

405 5571 435 5624 6
480 5571 649 5642 Ἀδὰμ
677 5575 1004 5643 προφητεύει
1030 5575 1143 5636 τοῖς
1178 5575 1334 5628 παισὶ
1361 5574 1571 5646 μέλλειν
1599 5575 1688 5630 τὸν
1719 5577 1851 5631 Θεὸν
1878 5579 1974 5648 τὴν

2156 4560 2373 4616 Primus
2395 4560 2530 4617 Cain
2559 4575 2844 4617 mensuras
2881 4569 2936 4617 et
2980 4559 3242 4631 pondera,
3281 4567 3549 4634 ternaque
3590 4565 3658 4619 li-

2087 4655 2247 4712 mites
2283 4654 2530 4722 invenit;
2566 4653 2956 4725 civitatumque
3006 4661 3311 4710 structuras
3336 4695 3350 4718 ,
3403 4657 3658 4714 omnibus

2087 4755 2218 4803 tunc
2248 4747 2509 4818 temporis
2543 4745 2839 4815 simplicem
2874 4745 3201 4816 minimeque
3249 4747 3521 4802 curiosam
3573 4746 3656 4802 vi-

2087 4849 2196 4894 tam
2232 4841 2684 4912 amplectentibus
2707 4839 2773 4893 ²⁷.
2806 4836 2977 4892 Adam
3005 4853 3134 4894 vero
3167 4839 3356 4894 iisdem
3383 4839 3517 4894 locis
3547 4839 3652 4892 im-

2088 4940 2352 4996 moratus,
2386 4932 2566 5003 plures
2616 4931 2756 4986 ﬁlios
2806 4929 3053 5000 ﬁliasque
3091 4929 3316 4993 habuit,
3369 4929 3422 4984 iu
3456 4929 3654 4999 quibus

2086 5024 2391 5095 praecipuus
2422 5032 2539 5078 erat
2572 5021 2704 5083 Seth
2746 5021 2822 5086 ³⁸,
2861 5020 3151 5091 qui,a3tate
3182 5019 3424 5084 ineunte,
3453 5021 3654 5074 multas

2085 5118 2286 5188 reperit
2320 5117 2580 5180 virtutes,
2628 5127 2859 5183 quarum
2895 5111 3195 5166 imitatores
3228 5119 3476 5182 posteros
3530 5109 3657 5165 reii-

2086 5212 2222 5281 quit.
2258 5208 2356 5263 Hic
2385 5207 2528 5263 enim
2570 5204 2781 5276 primus
2823 5211 3096 5258 astrorum
3141 5201 3423 5257 scientiam
3453 5209 3653 5256 totam-

2085 5317 2190 5373 que
2254 5315 2435 5355 rerum
2491 5296 2798 5354 cmlestium
2861 5293 3189 5364 descriptam
3246 5292 3651 5348 distinctionem

2083 5395 2446 5466 excogitavit;
2493 5407 2677 5462 quam,
2711 5407 2778 5446 ne
2805 5390 3064 5444 extremis
3090 5386 3428 5456 temporibus
3455 5401 3653 5441 evane-

2085 5493 2294 5549 sceret,
2345 5484 2436 5538 tali
2489 5483 2840 5539 meditatione
2892 5492 3132 5548 curaque
3169 5475 3422 5531 servavit.
3478 5474 3652 5531 Adam

2083 5579 2250 5641 enim,
2289 5575 2450 5630 morti
2481 5573 2715 5638 vicinus,
2748 5571 2918 5627 Deum
2949 5569 3255 5624 universam
3294 5565 3434 5620 hanc
3464 5565 3655 5619 mundi

478 5705 522 5738 "
557 5704 858 5779 Gen._|,27.
933 5710 979 5740 ²⁶
1007 5684 1134 5764 Cen.
1161 5711 1294 5775 ",8.
1371 5711 1414 5742 ²¹
1447 5709 1574 5769 Gen.
1611 5714 1808 5778 unﬁt.
1885 5717 1929 5746 ”
1961 5713 2089 5770 Gen.
2125 5730 2197 5779 tv,
2233 5715 2279 5766 Ι.
2357 5709 2558 5765 "Ibid.
2587 5709 2641 5763 ἓ.
2720 5707 2764 5739 ⁸⁸
2791 5705 2929 5760 Ibid.
2957 5705 3010 5758 5.
3087 5703 3133 5734 ³⁸
3163 5699 3301 5757 Ibid.
3327 5701 3380 5758 5.
3458 5700 3652 5760 "Ibid.

412 5777 498 5832 ii.
577 5779 622 5809 ’τ
662 5777 794 5831 Gen.
843 5793 917 5844 Iv,
966 5779 1055 5834 17.
1133 5781 1178 5812 ³⁸
1215 5780 1356 5836 Ibid.
1391 5783 1482 5836 ‘25.

485 5893 562 5966 (l)
589 5893 764 5949 Voces
792 5894 820 5946 6
850 5895 1037 5967 Ἀδάμ,
1068 5893 1222 5968 lapsu
1253 5899 1644 5972 typographico
1669 5898 1775 5954 huc
1797 5898 2086 5968 irrepsisse
2111 5895 2383 5962 videntur,
2409 5910 2584 5966 neque
2601 5908 2695 5950 eas
2722 5892 2850 5964 legit
2885 5891 3174 5963 interpres.
3208 5890 3365 5945 Emr.
3396 5887 3567 5944 Pun.
