4112 6428
477 367 568 422 75!

1342 367 1396 421 S.
1442 368 1883 425 EUSTATIIIUS
1922 367 2405 424 ANTlOCHENUS
2441 367 2836 424 EPISCOPUS.

3599 367 3702 421 752

477 497 724 542 naturam
755 493 806 540 ct
837 486 957 556 igne
988 491 1039 540 et
1065 499 1205 553 aqua
1237 487 1747 554 exterminaturum,
1773 489 1898 544 ﬁliis
1931 489 2034 543 suis

2147 491 2200 541 ἐν
2253 490 2437 559 κόσμῳ
2485 487 2641 557 φύσιν
2695 484 3011 553 ἀπαλείφειν
3061 482 3191 554 πυρὶ
3249 483 3340 536 καὶ
3399 482 3568 538 ῦδατι·
3607 487 3701 538 καὶ

475 581 833 641 vaticinatur;
863 591 971 646 quo
1011 577 1217 641 audito,
1253 579 1344 648 qui
1377 593 1483 631 una
1519 594 1641 632 cum
1677 577 1805 633 Seth
1844 587 2038 643 erant,

473 674 610 727 duas
636 677 929 726 erexerunt
959 670 1264 734 columnas,
1299 686 1460 726 unam
1499 672 1719 740 quidem
1751 687 1812 726 ex
1838 671 2038 741 lapide,

473 766 697 818 alteram
725 761 1000 816 cesilibus
1030 761 1311 817 laterculis
1342 770 1676 817 exstructam
1699 803 1713 825 ,
1755 772 1810 818 et
1867 765 1921 817 in
1958 764 2042 819 his

472 869 662 910 omnes
715 854 839 908 εωιί
893 862 1072 909 motus
1132 852 1557 923 inscripserunt,
1624 871 1692 909 ne
1747 869 1935 910 eorum
1988 856 2040 908 in

474 954 745 1001 astrorum
775 947 1002 1003 scientia
1039 946 1447 1001 observationes
1480 946 1805 1016 inventaque
1861 948 2040 1018 aliqua

472 1039 791 1092 obscuraret
837 1038 1056 1093 oblivio.
1113 1036 1168 1091 Si
1213 1038 1356 1092 enim
1385 1053 1526 1106 aqua
1578 1039 1760 1092 omnia
1791 1041 2041 1094 consumi

473 1129 812 1200 contigisset,
841 1129 1052 1200 lapidea
1081 1129 1172 1182 illa
1201 1129 1452 1183 columna
1494 1139 1946 1196 conservaretur;
1994 1132 2040 1187 si

474 1221 632 1291 igne.
679 1230 944 1286 testacea;
991 1235 1116 1274 cum
1158 1221 1342 1291 itaque
1399 1236 1552 1290 aqum
1594 1223 1790 1292 pluvia:
1843 1233 2041 1277 terram

475 1313 852 1378 inundassent,
888 1313 1094 1382 lapidea
1123 1313 1440 1382 permansit,
1471 1329 1591 1384 qua?
1627 1315 1690 1369 ad
1723 1315 1837 1371 haec
1871 1333 2042 1387 usque

474 1413 716 1475 tempora
753 1405 805 1458 in
843 1415 986 1459 terra
1022 1403 1232 1458 Seiriad
1256 1412 1436 1460 erecta
1460 1407 1816 1476 conspicitur.

545 1496 742 1552 Genuit
773 1512 938 1568 porro
988 1496 1123 1552 Cain
1175 1497 1379 1563 Enocb,
1412 1505 1466 1552 et
1506 1497 1691 1553 Enoch
1718 1499 1924 1555 Gaidad
1945 1543 1958 1564 ,
1989 1508 2042 1556 ct

475 1589 683 1644 Gaidad
711 1589 972 1658 Malelcel,
1001 1598 1055 1645 et
1097 1589 1336 1646 Maleleel
1365 1591 1690 1656 Mathusala,
1731 1600 1786 1647 et
1825 1592 1912 1646 hic
1942 1592 2042 1646 La-

475 1680 652 1744 mech,
687 1682 780 1751 qui
825 1681 961 1736 duas
990 1681 1146 1736 duxit
1193 1698 1390 1738 uxores
1432 1683 1587 1738 Adan
1621 1692 1674 1740 et
1728 1683 1925 1746 Selan,
1976 1701 2043 1741 ex

473 1773 672 1842 quibus
727 1784 838 1830 tres
899 1775 1088 1829 habuit
1131 1775 1289 1839 ﬁlios,
1323 1791 1388 1831 ex
1422 1777 1576 1832 Adan
1615 1776 1788 1843 Jobel,
1823 1779 1916 1848 qui
1945 1779 2041 1849 ju-

2145 579 2473 642 ἀκούσαντες
2518 581 2566 630 οί
2611 579 2738 649 περὶ
2777 577 2868 628 τὸν
2908 575 3013 645 Σὴθ
3055 573 3148 627 δύο
3190 574 3390 644 στήλας
3421 576 3700 646 ἐποίησαν,

2144 674 2241 744 τὴν
2285 672 2380 742 μὲν
2423 673 2487 724 ἐκ
2535 670 2716 733 λίθου,
2763 669 2863 738 τὴν
2903 667 2959 720 δὲ
2987 666 3044 730 ἐξ
3075 666 3244 736 ὀπτῆς
3275 665 3490 718 πλίνθου
3533 685 3701 719 κατα-

2145 761 2519 823 σκευάσαντες·
2539 759 2632 812 καὶ
2647 761 2702 810 ἐν
2717 757 2936 818 ταύταις
2957 758 3132 809 πᾶσαν
3152 755 3248 826 τὴν
3268 756 3327 807 ού
3337 755 3512 827 ράνιον
3537 756 3704 827 φοράν

2144 851 2494 924 ἐνεχάραξαν,
2526 851 2660 921 πρὸς
2703 850 2764 902 τὸ
2808 851 2882 921 μή
2907 849 3134 919 ἄληστον
3177 849 3276 920 τὴν
3320 847 3418 918 τῆς
3453 848 3708 920 ἀστρονοο

2148 946 2274 1016 μίας
2319 943 2494 998 αὐτῶν
2541 942 2790 1010 γενέσθαι
2825 941 3060 1012 εῦρεσιν·
3103 941 3218 1006 ἵνα,
3245 941 3293 992 εί
3332 940 3429 1010 μὲν
3463 940 3613 993 ῦδατι
3641 941 3708 992 τὰ

2143 1037 2318 1088 πάντα
2348 1034 2645 1105 φθείρεται,
2691 1034 2724 1103 ἡ
2758 1031 2955 1095 λίθινος
2995 1030 3159 1102 στήλη
3191 1030 3544 1100 φυλάττηται,
3579 1031 3705 1084 εἰδὲ

2142 1127 2294 1198 πυρὶ,
2330 1128 2362 1196 ὴ
2393 1125 2754 1196 ὀστρακώδης.
2785 1124 3082 1194 Γενομένης
3114 1117 3204 1175 οὖν
3228 1124 3325 1192 τῆς
3349 1123 3704 1195 κατομὸρίας,

2141 1218 2174 1287 ή
2206 1216 2401 1278 λίθινος
2438 1215 2605 1284 στήλη
2636 1214 2920 1285 διέμεινεν,
2949 1214 3068 1284 ἥτις
3091 1214 3214 1286 ἄχρι
3247 1214 3344 1286 τῆς
3375 1213 3529 1285 δεῦρο
3559 1212 3708 1284 μένει

2141 1311 2198 1359 ἐν
2233 1310 2302 1379 γῇ
2337 1309 2401 1378 τῇ
2434 1305 2682 1377 Σηῖρειάδ
2707 1304 3072 1376 ἐστηλωμένη.

2223 1487 2506 1559 Ἑγέννησε
2534 1486 2589 1539 61-:
2624 1488 2653 1538 6
2680 1487 2817 1540 Κάῖν
2855 1487 2943 1540 τὸν
2993 1486 3180 1558 Ἑνὼχ,
3223 1487 3315 1539 καὶ
3341 1489 3368 1540 6
3410 1485 3578 1557 Ἑνὼχ
3616 1486 3706 1541 τὸν

2139 1579 2354 1642 Γαῖδάδ,
2381 1579 2476 1632 καὶ
2504 1581 2531 1632 6
2568 1579 2760 1631 Γαϊδάδ
2785 1579 2873 1631 τὸν
2901 1578 3198 1648 Μαλελεὴλ,
3241 1579 3334 1632 καὶ
3370 1580 3397 1632 6
3426 1578 3707 1650 Μαλελεήλ

2138 1672 2231 1724 τὸν
2258 1670 2613 1735 Μαθουσάλα,
2642 1669 2736 1722 καὶ
2775 1665 2926 1732 οὗτος
2958 1669 3047 1724 τὸν
3078 1671 3288 1740 Λάμεχ.
3316 1670 3426 1723 Καὶ
3460 1671 3489 1721 6
3517 1669 3707 1741 Λάμεχ

2140 1763 2233 1816 δύο
2258 1764 2517 1830 γυναῖκας
2549 1761 2803 1831 ἠγάγετο,
2845 1760 3000 1814 Ἀδάν
3031 1761 3123 1813 καὶ
3153 1761 3338 1825 Σελάν,
3378 1759 3471 1813 καὶ
3513 1761 3570 1826 ἐξ
3610 1761 3706 1813 αύ-

476 1874 654 1920 menta
678 1881 778 1922 suo
807 1866 988 1922 studio
1014 1867 1298 1932 educabat,
1321 1877 1374 1924 et
1401 1867 1559 1924 Jubal
1597 1870 1688 1942 qui
1723 1848 2034 1940 psalterium

2139 1852 2247 1906 τῶν
2288 1854 2436 1923 τρεῖς
2485 1850 2675 1913 παῖδας
2720 1850 2990 1921 ἐποίησεν,
3035 1851 3098 1902 ἐκ
3143 1850 3239 1920 μὲν
3271 1850 3368 1920 τῆς
3417 1848 3571 1902 Ἀὂάν
3615 1849 3707 1900 τὸν

473 1958 844 2030 citharamque
869 1960 1073 2015 invenit
1095 1978 1110 2025 ;
1144 1949 1210 2015 ex
1230 1959 1390 2016 Selan
1411 1961 1636 2026 Tbobel,
1657 1963 1747 2032 qui
1773 1962 2038 2020 malleolis

472 2069 547 2108 aes
576 2053 884 2123 ferrumque
915 2055 1157 2109 excussit
1188 2055 1252 2109 ".
1303 2053 1472 2110 Adam
1501 2066 1677 2111 autem
1714 2072 1838 2110 cum
1868 2057 2036 2112 vixis-

473 2156 556 2202 set
579 2146 736 2205 annis
763 2146 1050 2202 duodecim
1078 2157 1129 2203 et
1160 2149 1466 2219 nongentis,
1493 2151 1602 2204 vita
1617 2149 1833 2207 functus
1860 2157 1944 2206 est
1970 2151 2034 2206 ⁸ο.

536 2392 711 2458 Enos,
743 2394 884 2450 ﬁlius
909 2393 1038 2451 Seth
1063 2435 1078 2459 ,
1129 2411 1324 2452 nomen
1371 2396 1580 2451 Domini
1618 2399 1853 2467 speravit
1886 2399 2040 2453 invo-

459 2500 602 2541 ;care
629 2486 672 2517 ³⁸
703 2504 716 2541 :
746 2488 837 2556 qui
867 2502 990 2540 cum
1021 2487 1244 2544 vixisset
1259 2489 1415 2542 annis
1467 2503 1605 2551 cnv,
1661 2498 1909 2546 mortuus
1935 2500 2036 2556 est,

473 2587 523 2631 et
547 2576 692 2631 ﬁlius
717 2578 887 2646 ipsius
919 2577 1126 2632 Cainan
1156 2579 1290 2633 vixit
1319 2579 1477 2635 annis
1526 2595 1688 2644 cum,
1709 2588 1762 2634 et
1791 2590 2039 2637 mortuus

471 2677 589 2736 est;
621 2668 860 2724 Maleleel
899 2669 1040 2726 ﬁlius
1062 2671 1181 2741 ejus
1214 2672 1371 2726 annis
1412 2685 1678 2737 nccxcxv,
1709 2681 1762 2729 et
1791 2682 2039 2728 mortuus

471 2768 574 2818 est.
608 2761 779 2832 llujus
833 2763 975 2817 ﬁlius
1006 2760 1167 2818 Jared
1207 2764 1338 2818 vixit
1393 2766 1551 2820 annis
1625 2781 1760 2830 cxx,
1810 2774 1863 2822 et
1892 2781 2039 2820 mor-

471 2859 600 2909 tuus
629 2863 738 2920 est;
792 2854 933 2909 ﬁlius
961 2853 1122 2910 Jared
1157 2855 1363 2921 Enocb,
1391 2873 1514 2912 cum
1548 2857 1690 2928 apud
1721 2857 1884 2913 Deum
1920 2859 2040 2928 plu.

471 2943 670 2998 rimum
697 2947 864 3015 gratia
891 2946 1156 3015 potuisset
1176 2986 1190 3008 ,
1223 2947 1520 3003 translatus
1553 2954 1658 3011 est,
1689 2947 1846 3016 cujus
1899 2947 2039 3002 ﬁlius

473 3034 776 3089 Mathusala
812 3036 947 3089 vixit
1022 3039 1180 3091 annis
1220 3053 1478 3103 DCCLXIX,
1525 3046 1578 3094 et
1625 3045 1871 3094 mortuus
1915 3046 2035 3104 est;

471 3134 524 3180 et
543 3125 784 3182 Lamech
832 3129 975 3184 ﬁlius
1040 3129 1383 3200 Mathusalae,
1433 3131 1556 3186 cu‘m
1632 3130 1790 3186 annis
1844 3145 2037 3185 nccun

469 3219 716 3285 vixisset,
735 3220 880 3274 obiit
915 3221 981 3275 ³¹.

532 3394 769 3455 Lamech
817 3399 958 3455 ﬁlius
987 3398 1118 3462 Noe,
1153 3401 1245 3472 qui
1279 3401 1443 3458 rebus
1473 3401 1923 3456 administrandis
1953 3417 2040 3460 re-

467 3489 724 3559 gendisve
752 3507 962 3546 summa
993 3492 1222 3557 virtute,
1254 3499 1330 3558 et,
1359 3503 1418 3547 ut
1448 3509 1547 3564 par
1574 3501 1724 3557 erat,
1753 3509 1876 3548 cum
1906 3508 2040 3564 gau-

467 3579 579 3644 dio,
611 3579 865 3636 omnibus
897 3583 1138 3636 omnium
1183 3598 1439 3654 generum
1482 3583 1844 3647 mortalibus,
1897 3591 1957 3637 ut
2007 3599 2036 3636 a

467 3671 613 3728 vitiis
639 3672 1016 3736 abhorrerent,
1048 3674 1300 3729 virtutem
1336 3675 1811 3744 amplecterentur,
1840 3676 2038 3731 suade-

469 3763 596 3829 bat;
635 3763 702 3818 ad
753 3763 1037 3833 septimam
1097 3765 1241 3819 enim
1295 3772 1509 3821 aetatem
1557 3782 1731 3836 usque
1789 3766 2037 3823 homines

470 3853 638 3908 Deum
671 3869 852 3908 rerum
883 3853 1121 3908 omnium
1157 3854 1441 3910 Dominum
1471 3870 1596 3912 esse
1628 3857 1732 3913 sibi
1768 3857 1900 3928 ipsis
1929 3867 2038 3913 sta-

467 3945 714 4013 tuebant,
732 3945 1111 4015 justitiamque
1132 3946 1478 4015 expetebant.

539 4034 783 4092 Tandem
842 4036 1138 4107 longinquo
1185 4039 1452 4107 temporis
1499 4054 1622 4101 usu,
1673 4040 1928 4095 omnibus
1976 4056 2034 4095 sc

468 4127 617 4184 vitiis
645 4127 1023 4197 inquinarunt,
1049 4143 1079 4181 a
1108 4127 1306 4198 quibus
1334 4143 1430 4182 eos
1458 4143 1582 4182 cum
1618 4127 1750 4193 Noe,
1778 4137 1836 4182 ut
1865 4129 2034 4184 absti-

467 4225 684 4282 nerent,
735 4233 845 4274 non
899 4226 1084 4288 posset
1129 4217 1408 4284 inducere,
1470 4234 1661 4275 eorum
1717 4221 2031 4276 societatem

467 4309 861 4374 stomachatus,
900 4310 956 4364 in
1004 4310 1140 4366 alios
1191 4325 1251 4366 se
1293 4319 1564 4367 terrarum
1613 4313 1752 4367 situs
1780 4313 2026 4367 contulit.

466 4401 604 4458 Huic
625 4401 767 4459 Deus
784 4402 1079 4469 mandavit,
1096 4411 1155 4457 ut
1181 4418 1362 4459 arcam
1390 4405 2026 4472 azdiﬁcaret""",tecto-

2152 1942 2360 2015 Ἰωϐὴλ,
2392 1944 2539 2005 ὅστις
2567 1941 2927 2013 κτηνοτρόφος
2955 1940 3168 2008 ἐγένετο
3187 1981 3200 2003 ,
3233 1942 3323 1992 καὶ
3350 1939 3439 1993 τὸν
3477 1938 3705 2002 Ἰουὸἀλ,

2138 2037 2197 2101 ὃς
2218 2035 2511 2106 ψαλτήριον
2532 2035 2625 2087 καὶ
2653 2033 2878 2106 κιθάραν
2909 2033 3142 2106 ἐξεῦρεν.
3190 2033 3282 2085 Ἐκ
3323 2033 3381 2085 δέ
3419 2033 3516 2104 τῆς
3539 2032 3708 2086 Σελάν

2138 2124 2230 2176 τὸν
2279 2121 2472 2185 Θόὸελ,
2518 2123 2664 2184 ὅστις
2712 2122 3048 2193 σφυροκόπος
3089 2120 3290 2193 χαλκοῦ
3345 2122 3437 2173 καὶ
3488 2121 3705 2192 σιδήρου

2139 2213 2374 2282 ἐγένετο.
2418 2214 2474 2267 '0
2502 2213 2557 2266 δέ
2591 2214 2776 2285 Ἀδὰμ,
2813 2214 2980 2285 ζήσας
3010 2213 3100 2284 ἐτη
3132 2214 3413 2268 ἐννακόσια
3442 2214 3572 2268 δέκα
3592 2214 3706 2281 δύο,

2139 2306 2426 2362 ἀπέθανεν.

2222 2396 2384 2460 Ἐνὼς
2429 2397 2484 2450 δὲ
2535 2397 2648 2461 υἱὸς
2693 2395 2785 2449 τοῦ
2828 2397 2933 2468 Σὴθ
2977 2396 3199 2469 ἤλπισεν
3230 2397 3600 2451 ἐπικαλεῖσθαι
3644 2396 3708 2452 τδ

2139 2491 2309 2562 ὄνομα
2339 2489 2560 2560 Κυρίου·
2607 2490 2775 2560 ζήσας
2817 2491 2872 2544 δὲ
2917 2490 3010 2562 ἔτη
3056 2491 3337 2544 ἐννακόσια
3369 2492 3527 2544 πέντε
3573 2493 3709 2545 ἀπέ-

2141 2583 2288 2636 θανε.
2323 2582 2432 2635 Kal
2459 2583 2486 2632 6
2510 2580 2621 2644 υίὸς
2653 2579 2817 2634 αὐτοῦ
2849 2581 3075 2647 Καϊνὰν,
3103 2581 3271 2654 ζήσας
3301 2582 3393 2653 ἐτη
3422 2584 3705 2636 ἐννακόσια

2139 2673 2289 2735 δέκα,
2320 2673 2634 2744 ἐτελεύτησε
2655 2715 2666 2726 .
2718 2674 2824 2726 Kal
2866 2675 2894 2727 6
2927 2674 3041 2735 υἱὸς
3066 2673 3369 2744 Μαλελεήλ,
3403 2673 3572 2746 ζήσας
3611 2675 3705 2748 ἔτη

2141 2765 2433 2819 ἑπτακόσια
2481 2766 2823 2835 ἐννενήκοντα
2855 2766 3009 2820 πέντε
3034 2807 3048 2830 ,
3093 2766 3378 2820 ἀπέθανεν.
3416 2769 3473 2821 Ὀ
3504 2768 3560 2821 δέ
3588 2767 3711 2824 τού-

2140 2875 2232 2911 του
2259 2859 2371 2922 υίὸς
2398 2859 2588 2930 Ἰάρεδ,
2616 2858 2707 2930 ἐτη
2745 2857 2946 2929 βιώσας
2971 2859 3251 2913 ἐννακόσια
3283 2859 3562 2931 ἐξήκοντα,
3592 2863 3708 2914 ἐτε-

2140 2951 2418 3022 λεύτησεν.
2450 2949 2555 3004 Τοῦ
2601 2949 2658 3003 δέ
2715 2950 2884 3021 ’Ῑάρεδ
2927 2939 3040 3013 υἱὸς
3099 2949 3284 3021 Ἑνὼχ,
3335 2953 3708 3024 εὐαρεστήσας

2140 3035 2216 3105 τῷ
2260 3035 2406 3106 Θεῷ,
2457 3035 2736 3107 μετετέθη.
2779 3037 2835 3088 '0
2877 3037 2933 3089 δὲ
2983 3037 3094 3100 υἱὸς
3135 3038 3298 3091 αὐτοῦ
3343 3039 3704 3105 Μαθουσάλα,

2142 3125 2314 3198 ζήσας
2346 3126 2439 3198 ἐτη
2485 3128 2779 3181 ἑπτακόσια
2828 3129 2921 3181 καὶ
2965 3128 3222 3200 ἐξήκοντα
3255 3130 3449 3198 ἐννέα,
3497 3132 3707 3185 ἐτελεύ-

2140 3237 2289 3291 τησε.
2322 3221 2511 3290 Λάμεχ
2554 3220 2610 3274 δὲ
2636 3223 2663 3274 6
2690 3219 2802 3283 υίὸς
2834 3219 3178 3284 Μαθουσάλα,
3214 3221 3384 3292 ζήσας
3415 3223 3507 3295 ἐτη
3542 3225 3708 3277 ἐπτα-

2141 3310 2295 3362 κὸσια
2326 3312 2656 3378 πεντήκοντα
2680 3309 2824 3380 τρία,
2859 3310 3144 3364 ἀπέθανεν.

2209 3399 2394 3471 Τούτῳ
2425 3400 2501 3472 τῷ
2531 3401 2723 3472 Λάμεχ
2764 3401 2880 3465 υίὸς
2916 3401 3036 3454 Νῶε
3075 3401 3289 3471 ἐγένετο
3314 3403 3536 3474 ἀρεταῖς
3571 3404 3708 3474 ἀγα-

2139 3491 2246 3544 θῶν
2286 3493 2534 3564 πράξεων
2588 3493 2873 3563 ἡδόμενος,
2924 3492 2983 3555 ὂς
3028 3492 3207 3546 ἔπειθε
3258 3494 3318 3546 τὸ
3371 3495 3706 3567 ἀνθρώπινον

2137 3587 2292 3655 γένος
2346 3583 2742 3655 μεταϐληθῆναι
2789 3583 2897 3637 ἀπὸ
2956 3584 3054 3654 τῆς
3109 3584 3304 3648 κακίας
3354 3587 3433 3650 είς
3481 3587 3704 3658 ἀρετήν’

2137 3679 2262 3748 ἄχρι
2291 3676 2399 3747 γάρ
2423 3676 2655 3747 ἑϐδόμης
2681 3677 2871 3745 γενεᾶς
2896 3677 2946 3728 οἱ
2990 3675 3260 3748 ἄνθρωποι
3292 3677 3556 3750 δεσπότην
3598 3678 3708 3734 τῶν

2139 3769 2390 3823 ἁπάντων
2439 3768 2529 3822 τὸν
2591 3768 2722 3821 Θεὸν
2769 3768 3169 3838 ἐπεγράφοντο,
3218 3771 3312 3824 καὶ
3361 3769 3706 3842 δικαιοσύνης

2137 3859 2464 3930 ἐφρόντιζον.

2207 4043 2469 4114 Ὕστερον
2500 4041 2556 4094 δέ
2588 4041 2681 4094 τοῦ
2730 4041 2919 4113 χρόνου
2956 4041 3232 4112 προϊόντος
3272 4041 3352 4103 είς
3388 4041 3565 4093 πᾶσαν
3594 4055 3703 4092 πα·

2135 4134 2396 4207 ρανομίαν
2440 4133 2748 4200 ἐξώκειλαν.
2793 4132 2878 4198 Ὡς
2919 4132 3011 4189 οῦν
3046 4137 3074 4187 6
3113 4135 3232 4187 Νῶε
3264 4134 3362 4186 οὐκ
3393 4130 3574 4184 ἔπειθε
3602 4130 3702 4200 τῆς

2133 4225 2332 4287 κακίας
2361 4224 2656 4294 ἀποστῆναι
2683 4224 2907 4287 αὐτοὺς,
2936 4224 3032 4294 τὴν
3064 4223 3346 4276 συνουσίαν
3379 4221 3557 4274 αὐτῶν
3588 4221 3703 4291 βδε-

2132 4315 2427 4386 λυξάμενος
2455 4317 2532 4377 εἰς
2555 4314 2722 4385 ἄλλην
2745 4316 2846 4386 γῆν
2875 4313 3208 4386 ἀνεχώρησε.
3239 4314 3349 4367 Kal
3377 4312 3701 4385 προστάττει

2134 4409 2283 4478 αὐτῷ
2332 4411 2360 4462 6
2403 4408 2532 4471 Θεὸς
2582 4408 2986 4461 κατασκευάσαι
3034 4406 3263 4459 κιϐωτὸν
3307 4405 3697 4478 τετράστεγον,

465 4509 587 4550 rum
617 4501 879 4565 quatuor,
913 4495 1252 4564 longitudine
1281 4505 1648 4551 trecentorum
1695 4497 2028 4566 cubitorum,

2137 4501 2363 4574 ἔχουσαν
2391 4501 2451 4554 τὸ
2479 4501 2574 4571 μὲν
2611 4500 2780 4570 μῆκος
2801 4499 3124 4570 τριακοσίων
3150 4498 3360 4569 πηχῶν,
3390 4499 3452 4551 τὸ
3484 4498 3540 4552 δὲ
3565 4498 3700 4552 πλά-

466 4589 756 4644 latitudine
787 4588 1205 4659 quinquaginta,
1238 4590 1523 4644 altitudine
1561 4591 1804 4660 triginta,
1863 4597 1922 4644 ut
1970 4591 2025 4644 in

463 4696 528 4737 ea
553 4680 716 4737 simul
737 4696 860 4736 cum
887 4682 1033 4734 omni
1062 4682 1385 4752 cognatione
1413 4682 1692 4746 occlusus,
1724 4683 2026 4752 periculum

463 4771 610 4843 quod
642 4788 710 4827 ex
733 4771 1087 4828 inundatione
1108 4772 1446 4836 imminebat.
1473 4774 1900 4845 subterfugeret;
1925 4775 2026 4828 hoc

461 4864 604 4918 enim
634 4863 902 4935 supplicio
922 4860 1063 4919 Deus
1100 4865 1346 4922 homines
1367 4867 1458 4936 qui
1489 4865 1545 4919 id
1577 4864 1840 4934 temporis
1871 4865 2025 4919 vive-

460 4955 614 5018 bant,
647 4955 843 5025 punire
875 4956 1164 5028 delereque
1195 4958 1469 5028 cupiebat.
1508 4955 1707 5012 Verum
1759 4970 1882 5011 cum
1916 4963 2027 5010 ter-

459 5061 576 5100 ram
605 5046 964 5102 inundassent
984 5063 1136 5118 aqua:
1155 5050 1494 5104 summitates
1523 5048 1810 5111 montium,
1837 5061 2024 5102 earum

458 5139 607 5193 ﬂuxu
634 5137 832 5193 abdita:
857 5139 1194 5210 occultatque
1253 5150 1381 5196 sunt
1434 5140 1502 5194 ³⁸.
1555 5139 1690 5193 Nam
1738 5149 1792 5195 et
1822 5139 2025 5194 nostris

457 5228 612 5284 hisce
640 5230 980 5301 temporibus
1007 5231 1063 5285 in
1089 5232 1295 5286 vertice
1325 5231 1517 5286 Libani
1556 5231 1761 5303 lapides
1805 5229 2024 5300 quidam

455 5321 524 5376 ad
562 5321 944 5378 aediﬁcandum
1002 5323 1342 5390 excidentes,
1398 5324 1734 5378 marinorum
1792 5321 2024 5394 piscium

457 5415 606 5469 varia
656 5431 854 5488 genera
908 5417 1215 5481 inveniunt,
1261 5431 1400 5487 quos
1437 5425 1569 5470 tunc
1608 5418 1663 5470 in
1717 5417 1867 5470 cavis
1915 5413 2024 5468 illis

458 5509 724 5564 montium
757 5512 872 5567 luto
905 5510 1113 5566 deﬁxos
1135 5525 1489 5567 concrescere
1519 5511 1766 5580 contigit.

516 5715 562 5747 ’θ
586 5714 713 5770 Gen.
744 5732 817 5780 tv,
841 5715 892 5779 7,
957 5714 1044 5775 l9,
1085 5714 1177 5767 29..
1253 5715 1296 5746 ³⁸
1330 5713 1456 5769 Gen.
1484 5729 1535 5778 ν,
1571 5714 1624 5768 5.
1698 5714 1738 5745 ³·
1767 5711 1892 5766 Gen.
1930 5720 2034 5782 tv,1

2192 5715 2235 5746 ³²
2272 5713 2398 5769 Cen.
2429 5730 2480 5778 ι’,
2514 5713 2601 5779 Η,
2633 5712 2714 5776 Η,
2759 5710 2845 5777 Π,
2875 5709 2968 5777 20,
2995 5707 3086 5778 24,
3115 5708 3206 5776 27,
3257 5710 3346 5766 51.

455 5801 530 5848 vt.
589 5785 670 5841 14.
747 5787 792 5818 ³⁵
822 5784 946 5840 Gen.
979 5800 1077 5847 vlt,
1107 5785 1192 5837 19.

2131 4613 2222 4660 τος
2251 4594 2600 4664 πεντήκοντα,
2632 4593 2726 4646 καὶ
2757 4593 2817 4645 τὸ
2861 4590 3020 4661 βάθος
3062 4591 3371 4662 τριάκοντα,
3407 4591 3574 4654 ὅπως,
3612 4591 3698 4642 ἐπ’

2132 4687 2299 4757 αὐτῆς
2332 4687 2445 4756 ἅμα
2475 4686 2540 4755 τῇ
2596 4683 2880 4752 συγγενείᾳ
2934 4680 3095 4735 αὑτοῦ
3147 4680 3436 4751 καθείρξας
3486 4679 3697 4742 ἐαυτὸν,

2132 4779 2344 4850 ἐκφύγῃ
2375 4778 2466 4832 τδν
2498 4779 2562 4830 ἐκ
2589 4776 2684 4830 τοῦ
2711 4773 3092 4844 κατακλυσμοῦ
3123 4774 3381 4828 κίνδυνον.
3422 4771 3700 4826 Ἐϐούλετο

2131 4873 2240 4944 γὰρ
2267 4874 2294 4926 6
2326 4871 2457 4935 Θεὸς
2483 4868 2703 4940 τοιαύτῃ
2738 4867 2974 4938 τιμωρίᾳ
3015 4866 3113 4938 τὴν
3147 4865 3408 4937 πονηρίαν
3441 4865 3547 4918 τῶν
3574 4864 3696 4917 τότε

2132 4962 2470 5033 ἐξαφανίσαι.
2512 4957 2918 5029 Ἐπενεχθέντος
2947 4957 3004 5010 δὲ
3036 4957 3129 5010 τοῦ
3159 4954 3543 5025 κατακλυσμοῦ
3566 4955 3697 5007 ἐκα-

2131 5055 2306 5128 λύφθη
2339 5054 2405 5109 τὰ
2453 5053 2631 5123 ὑψηλά
2675 5052 2784 5104 τῶν
2825 5052 2994 5123 ὀρέων
3035 5049 3140 5103 ὑπὸ
3185 5048 3278 5101 τοῦ
3329 5047 3540 5109 ὓδατος.
3577 5047 3700 5099 Ἔτι

2131 5146 2240 5218 γὰρ
2271 5147 2366 5200 καὶ
2395 5146 2490 5199 νῦν
2524 5144 2614 5196 ἐπὶ
2638 5143 2737 5214 τῆς
2763 5143 3074 5213 ἀκρωρείας
3119 5139 3212 5193 τοῦ
3254 5138 3483 5193 Λιϐάνου
3519 5136 3703 5200 λίθους

2127 5240 2206 5301 εἰς
2253 5236 2541 5306 οίκοδομήν
2577 5250 2723 5296 τινες
2751 5231 3124 5302 ἐκτέμνοντες,
3158 5229 3456 5283 θαλαττίων
3501 5225 3703 5297 ἰχθύων

2126 5329 2256 5399 γένη
2284 5329 2647 5400 εὑρίσκουσιν,
2676 5325 2769 5388 οὒς
2810 5324 3004 5393 συνέϐη
3029 5325 3109 5387 είς
3147 5323 3216 5376 τά
3251 5322 3563 5393 κοιλώματα
3594 5320 3702 5375 τῶν

2126 5420 2297 5492 ὀρέων
2331 5417 2777 5487 συναποπαγῆναι
2806 5418 2871 5487 τῇ
2909 5414 3033 5467 ίλύῖ.

3423 5708 3544 5743 διεδ
