4112 6414
434 401 540 459 753

1341 396 1610 455 SPURIA.
1653 429 1720 438 —
1757 392 2110 452 COMMENT.
2152 393 2221 449 IN
2260 391 2753 449 liEXAEMERON.

3555 395 3656 454 754

514 517 576 570 Ἦ
623 516 680 570 δὲ
708 516 967 580 κιϐωτὸς,
1001 514 1340 586 ἁνυψωθεῖσα
1386 515 1489 569 ὑπὸ
1521 514 1613 569 τοῦ
1668 515 1876 581 ὓδατος,
1915 517 1971 568 εί‹

2167 511 2274 568 Sed
2303 526 2453 578 arca,
2488 513 2645 582 aquis
2682 511 2844 571 altius
2878 518 3201 578 sustentata,
3233 512 3288 567 in
3341 513 3656 570 summitate

430 607 604 678 ἄκραν
629 605 750 660 τινά
778 605 935 677 ὅρους
961 605 1049 659 τοῦ
1077 604 1217 659 κατὰ
1238 604 1337 677 τήν
1376 604 1664 677 ’Δρμενίαν
1712 604 1863 677 ἔστη,
1902 606 1994 658 καὶ

2097 604 2299 661 montis
2330 603 2616 676 cujusdam
2660 603 2754 675 qui
2802 602 2859 657 in
2902 604 3162 660 Armenia
3186 613 3290 669 est,
3316 604 3467 661 stetit
3502 604 3568 669 “,
3602 612 3657 661 et

429 696 774 768 λωφήσαντος
819 695 912 750 τοῦ
962 695 1150 760 ὓδατος
1169 737 1183 763 ,
1231 697 1279 748 οἱ
1329 697 1386 749 ἐν
1431 698 1496 767 τῇ
1540 695 1753 767 κιϐωτῷ
1795 696 1971 751 πάντες

2096 712 2239 768 aqua
2273 711 2399 753 cum
2428 703 2721 761 cessasset,
2751 695 2844 766 qui
2869 696 2925 750 in
2952 709 3016 752 ea
3037 703 3212 761 erant,
3242 711 3433 751 omnes
3448 696 3653 767 egressi

429 786 883 859 ἐξεπορεύθησαν.
918 786 1028 841 Καὶ
1070 787 1161 841 τὸν
1200 786 1361 841 τόπον
1393 787 1473 842 ἔτι
1517 787 1611 842 καὶ
1656 786 1750 842 νῦν
1789 789 1993 841 ἐκεῖνον

442 877 827 949 Ἀποϐατήριον
861 878 908 932 οἱ
942 877 1222 949 ἐπιχώριοι
1259 877 1718 950 προσαγορεύουσι
1738 920 1752 947 ,
1781 877 1876 932 καὶ
1923 877 1992 932 τά

426 967 649 1039 λείιμινα
673 969 770 1040 τῆς
799 968 1031 1024 κιϐωτοῦ
1056 969 1473 1036 ἐπιδεικνύουσι,
1506 970 1600 1023 καὶ
1626 972 1691 1042 τῇ
1734 970 1992 1042 ἀσφάλτῳ

428 1060 596 1131 αὐτῆς
622 1060 704 1124 είς
735 1061 1210 1133 ἀποτροπιασμοὺς
1243 1062 1554 1134 κέχρηνται.

508 1152 566 1205 '0
605 1152 661 1205 δέ
689 1151 811 1206 Νῶε
846 1152 1192 1224 ἐτελεύτησεν
1235 1153 1330 1224 ἔτη
1374 1155 1542 1225 ζήσας
1587 1156 1868 1210 ἐννακόσια
1896 1159 1989 1213 καὶ

427 1245 781 1314 πεντήκοντα,
819 1245 915 1298 καὶ
946 1245 996 1298 at
1037 1246 1143 1299 υἱοὶ
1185 1245 1372 1314 αὐτοῦ,
1406 1246 1706 1312 δεδοικότας
1738 1250 1863 1313 τοὺς
1896 1250 1989 1305 ἄλ-

425 1338 550 1401 λους
575 1337 779 1401 πάντας
799 1337 904 1391 ἀπὸ
924 1337 1015 1391 τοῦ
1037 1337 1193 1409 ὅρους
1209 1338 1624 1409 μεταναστῆναι,
1648 1339 1987 1410 (ὑπώπτευον

404 1431 535 1503 γὰρ
575 1429 767 1502 ἐτέρας
798 1426 951 1494 αὖθις
972 1431 1328 1501 πειρασθῆναι
1360 1430 1715 1504 ἐπομϐρίαςο)
1742 1432 1987 1487 πείθουσι

425 1522 735 1585 κατελθεῖν,
767 1523 859 1576 καὶ
906 1522 1004 1592 τὴν
1033 1520 1359 1593 ήπλωμένην
1402 1522 1706 1576 κατοικίσαι
1740 1524 1984 1581 πεδιάδα.

426 1613 541 1665 Ἶνα
569 1611 625 1664 δὲ
657 1610 731 1683 μὴ
760 1610 1148 1683 πληθυνθέντες
1177 1611 1363 1665 στάσιν
1406 1611 1522 1682 μετ’
1560 1611 1802 1682 ἀλλήλων
1834 1616 1987 1687 κινή-

425 1720 578 1767 σωσι,
610 1704 971 1776 προσέταττεν
1001 1704 1182 1770 αὐτοῖς
1226 1706 1255 1758 ὁ
1300 1704 1433 1768 Θεὸς
1472 1705 1727 1769 ἀποικίας
1760 1708 1986 1778 ποιήσα-

424 1790 566 1846 σθαι.
603 1792 667 1845 Οἱ
711 1791 767 1846 δὲ
810 1792 907 1863 οὐχ
940 1793 1274 1865 ὑπήκουσαν,
1310 1793 1416 1864 γῆν
1462 1794 1628 1866 καλήν
1672 1797 1983 1868 γεωργοῦν-

2092 796 2221 843 sunt
2251 789 2317 857 "',
2364 794 2419 844 et
2452 788 2631 844 locum
2676 788 2827 843 illum
2872 787 2927 841 in
2970 787 3224 857 praesenti
3271 787 3654 858 Apobaterium

2092 880 2284 936 incolae
2316 888 2657 953 nuncupant,
2682 895 2930 952 areasque
2958 881 3217 951 reliquias
3239 889 3563 945 monstrant,
3599 888 3655 937 et

2091 971 2210 1044 ejus
2233 971 2501 1028 bitumine
2525 972 2593 1027 ad
2648 971 3059 1029 averruncanda
3089 972 3230 1027 mala
3253 978 3500 1027 utuntur.

2160 1152 2272 1209 Noe
2302 1167 2430 1209 vero
2478 1167 2509 1208 e
2558 1152 2669 1208 vita
2700 1152 2956 1223 migravit
2984 1150 3283 1223 nongentis
3306 1157 3360 1207 et
3385 1152 3656 1222 quinqua-

2088 1246 2237 1319 ginta
2270 1245 2430 1301 annis
2460 1244 2669 1300 exactis
2699 1244 2765 1313 ³⁸,
2804 1252 2859 1298 et
2895 1243 2992 1297 ﬁlii
3019 1242 3141 1313 ejus
3170 1243 3309 1299 alios
3353 1257 3543 1298 omnes
3585 1244 3653 1298 ti-

2087 1339 2263 1394 midos
2294 1345 2457 1409 atque
2507 1338 2755 1409 ignavos,
2806 1337 2968 1391 aliam
3011 1335 3158 1391 enim
3204 1335 3442 1391 futuram
3473 1343 3650 1391 terra-

2086 1446 2209 1485 rum
2242 1430 2655 1486 inundationem
2687 1429 3135 1500 suspicabantur,
3168 1436 3227 1483 ut
3261 1443 3292 1483 e
3324 1436 3506 1483 monte
3535 1427 3650 1483 dis-

2086 1522 2360 1587 cederent,
2399 1522 2826 1593 planissimaque
2854 1521 3099 1577 colerent
3121 1521 3263 1579 loca.
3296 1521 3646 1589 persuadent.

2087 1613 2229 1671 Deus
2274 1614 2342 1670 ad
2377 1615 2643 1672 sedandos
2685 1614 3002 1679 seditiones,
3049 1628 3171 1685 quae
3213 1621 3432 1684 propter
3455 1628 3647 1668 eorum

2085 1705 2492 1761 multitudinem
2536 1702 2761 1760 conﬂari
2820 1710 3066 1775 possent,
3115 1703 3170 1758 in
3217 1704 3353 1759 alias
3397 1702 3648 1774 regiones

2086 1798 2330 1854 colonias
2364 1796 2632 1855 deducere
2672 1796 2933 1867 iubebat;
2984 1805 3042 1851 at
3093 1795 3149 1851 hi
3196 1809 3304 1851 non
3358 1794 3648 1850 audierunt

419 1899 531 1945 τες,
560 1881 653 1936 καὶ
679 1882 906 1953 καρπῶν
940 1884 1198 1954 ἀφθονίαν
1247 1887 1505 1960 μεγίστην
1553 1865 1971 1962 ἐχοντες.ἸΙάλιι

2083 1897 2371 1960 praecepta,
2400 1904 2525 1946 cum
2557 1865 2816 1960 Optimam
2844 1897 3045 1943 terram
3079 1888 3342 1953 colerent,
3366 1894 3420 1943 et
3447 1886 3646 1943 uberes

419 1968 508 2027 οὖν
542 1976 792 2045 συμφορᾷ
820 1974 1027 2048 χαλεπῇ
1076 1977 1363 2032 ὑποϐάλλει
1402 1980 1596 2046 αὐτοὺς
1629 1982 1764 2054 πρὸς
1794 1984 1854 2038 τὸ
1882 1984 1980 2058 τήν

419 2062 676 2118 ἀποικίαν
724 2064 1048 2120 στείλασθαι.
1106 2068 1173 2120 Οἱ
1215 2069 1271 2122 δὲ
1316 2069 1426 2123 οὐδ’
1474 2071 1646 2136 οὕτως
1689 2072 1836 2141 εἶξαν
1885 2078 1977 2131 τοῦ

416 2155 548 2209 Θεοῦ
580 2155 658 2224 τῷ
704 2155 1021 2230 βουλήματι,
1049 2160 1146 2232 τὴν
1191 2162 1449 2235 εὐφορίαν
1491 2165 1590 2237 τῆς
1616 2167 1718 2238 γῆς
1757 2169 1820 2221 ού
1857 2170 1974 2224 κατ’

414 2246 699 2318 εὐμένειαν
727 2246 821 2302 τοῦ
852 2247 1006 2316 Θεοῦ,
1042 2250 1177 2306 ἀλλά
1215 2255 1333 2307 κατ’
1364 2254 1497 2308 ίδίαν
1536 2257 1687 2327 ίσχὺν
1713 2262 1977 2331 περιεῖναι

412 2335 593 2400 αὐτοῖς
638 2337 1033 2411 ὑπελάμϐανον.
1087 2341 1297 2415 Ταύτην
1345 2343 1402 2397 δέ
1452 2345 1550 2417 τήν
1606 2346 1781 2420 οἴησιν
1833 2350 1976 2422 ἔχειν

346 2494 361 2499 _
412 2425 609 2490 αὖτοὺς
653 2427 878 2501 Νεϐρὼο
922 2429 1136 2485 ἔπειθεν
1175 2433 1204 2485 ό
1240 2433 1422 2502 γίγας,
1460 2435 1726 2509 τολμηρός
1758 2457 1843 2505 τις
1878 2439 1972 2507 ὢν,

413 2516 504 2573 καὶ
534 2517 673 2572 κατά
703 2522 860 2592 χεῖρα
886 2526 1145 2591 γενναῖος,
1161 2523 1220 2589 ὃς
1248 2526 1364 2593 καὶ,
1387 2527 1478 2581 τοῦ
1503 2528 1636 2583 Θεοῦ
1663 2531 1977 2604 ἀποστήσας

410 2609 624 2677 αὐτοὺς,
659 2612 905 2685 αὐτῷτῷ
940 2616 1101 2682 σέϐας
1152 2621 1544 2691 περιποιεῖσθαι
1576 2623 1772 2690 αὐτοὺς
1808 2627 1976 2698 ήνάγ-

410 2715 564 2764 κασε,
597 2703 690 2757 καὶ
730 2703 794 2776 δὴ
833 2704 1038 2778 πύργον
1071 2710 1267 2776 αὐτοὺς
1304 2713 1583 2785 ἐπιτρέπει
1612 2718 1974 2790 τεκτήνασθαι

408 2790 486 2863 τῷ
511 2791 632 2863 ὕψει
657 2795 751 2850 τοῦ
786 2798 1014 2870 οὐρανοῦ
1056 2801 1407 2873 ἐπιψαύοντα,
1443 2806 1680 2862 ἀπειλῶν
1715 2809 1804 2864 τὸν
1841 2811 1972 2867 Θεὸν

408 2885 837 2960 ἀνταμύνασθαι,
880 2893 930 2946 εί
967 2892 1127 2947 πάλιν
1159 2893 1236 2967 τῷ
1270 2896 1459 2968 κόσμῳ
1503 2899 1772 2974 ἐπενέγκῃ
1808 2920 1973 2957 κατα-

408 2975 668 3050 κλυσμόν.

477 3071 581 3125 Τοῦ
608 3071 739 3141 γοῦν
764 3073 997 3146 πλήθους
1033 3078 1197 3149 πολλῇ
1234 3080 1434 3152 σπουδῇ
1466 3084 1531 3153 τῇ
1579 3084 1745 3158 μανίᾳ
1785 3104 1972 3160 συνερ-

404 3161 625 3229 γοῦντος
665 3164 831 3236 αὐτῷ,
864 3167 956 3220 καὶ
996 3166 1153 3236 λόγου
1194 3169 1383 3224 θᾶττον
1427 3170 1518 3224 τὸν
1563 3175 1772 3247 πύργον
1803 3195 1969 3231 κατα-

404 3251 825 3320 σκευάζοντος,ό
845 3253 975 3318 Θεὸς
1000 3255 1098 3327 τὴν
1125 3256 1398 3314 διάλεκτον
1422 3260 1601 3315 αὐτῶν
1627 3267 1965 3339 παραχρῆμα

403 3344 643 3414 συνέχεε,
681 3347 774 3399 καὶ
814 3346 916 3399 ὑπὸ
946 3347 1043 3418 τῆς
1064 3349 1551 3419 ἀνομοιογλωσσίας
1588 3354 1966 3433 διεσκεδάσθη⁶

401 3448 522 3497 σαν,
553 3432 661 3524 κάκ
683 3434 872 3488 τούτου
896 3437 925 3488 ό
954 3436 1116 3500 τόπος
1146 3438 1435 3495 Βαϐυλῶνα
1466 3444 1565 3514 τὴν
1596 3444 1785 3518 κλῆσιν
1817 3449 1964 3524 εἵλη-

401 3539 528 3592 φεν,
574 3522 684 3577 τῶν
724 3524 988 3597 Ἐϐραίων
1029 3528 1128 3600 τὴν
1149 3531 1454 3602 σύγχυσιν
1474 3536 1730 3594 Βαϐυλὼν
1763 3522 1961 3614 ὀνομα-

401 3614 618 3679 ζὸντων.

470 3702 734 3769 Ἕκαστος
777 3704 905 3775 γοῦν
956 3706 1051 3780 τὴν
1100 3701 1604 3785 προστυγχάνουσαν
1666 3720 1768 3792 γῆν
1802 3739 1960 3777 κατε-

396 3791 636 3864 λάμϐανε
656 3836 672 3861 ,
722 3798 816 3851 καὶ
867 3798 1132 3870 ἐπλήρουν
1189 3803 1366 3858 πᾶσαν
1422 3808 1685 3878 παράλιόν
1725 3791 1803 3865 τε
1865 3815 1960 3868 καὶ

395 3884 640 3958 ήπειρον,
679 3886 759 3942 ἔτι
807 3888 866 3942 δέ
912 3891 1006 3944 καὶ
1053 3892 1151 3957 τάς
1200 3894 1416 3966 νήσους·
1462 3898 1523 3951 τὸ
1566 3901 1675 3973 γὰρ
1722 3904 1957 3974 πέλαγος

395 3974 597 4041 πλοίοις
620 3976 1104 4052 διαπορθμεύοντες
1132 3984 1357 4051 ταύταις
1378 3989 1865 4065 ἐγκαθωρμίζοντο.

466 4066 620 4122 Ἔνια
660 4068 808 4160 ,γοῦν
855 4070 961 4125 τῶν
1012 4073 1180 4130 ἐθνῶν
1233 4075 1393 4144 σώζει
1444 4079 1541 4147 τὰς
1588 4087 1957 4160 προσηγορίας

391 4154 835 4249 τῶν-κτισάντων,
873 4162 989 4217 ἔνια
1017 4164 1074 4219 δέ
1096 4167 1190 4220 καὶ
1228 4168 1509 4239 μετέϐαλε,
1547 4154 1654 4228 τῶν
1693 4154 1954 4249 Ἐλλήνων

393 4243 530 4315 μετά
560 4245 731 4302 ταῦτα
754 4253 1167 4324 κρατησάντωι,
1196 4256 1290 4310 καὶ
1318 4257 1464 4324 ίδίοις
1495 4261 1719 4333 όνόμασι
1750 4243 1953 4322 καλλωο

390 4336 661 4425 πισάντων
703 4339 771 4394 τά
820 4342 983 4417 ἔθνη,
1029 4347 1122 4401 καὶ
1169 4350 1364 4422 νόμους
1406 4352 1463 4407 δὲ
1511 4355 1691 4421 αὐτοῖς
1721 4359 1952 4425 οἰκείους

387 4424 582 4520 ἔθεσαν
629 4431 764 4502 πρὸς
810 4434 909 4505 τὴν
955 4436 1112 4502 δόξαν
1141 4436 1241 4512 τῆς
1278 4442 1505 4509 κτίσεως
1535 4447 1949 4520 σφετερίσασθαι

2080 1982 2457 2052 maximosque
2493 1979 2835 2051 perciperent
2875 1978 3123 2047 fructus;
3156 1978 3314 2034 novis
3342 1977 3524 2049 itaque
3548 1992 3644 2033 eos

2080 2071 2480 2128 calamitatibus
2504 2079 2682 2137 vexat,
2714 2079 2774 2127 ut
2798 2072 3067 2127 coloniam
3087 2071 3395 2138 mitterent;
3425 2070 3519 2142 qui
3541 2085 3643 2125 nec

2078 2165 2160 2221 sic
2185 2166 2385 2222 divinae
2418 2166 2687 2222 voluntati
2714 2162 2994 2230 obediunt,
3046 2171 3101 2219 et
3144 2178 3261 2219 eam
3290 2171 3450 2220 terra:
3477 2163 3643 2220 uber-

2079 2262 2241 2311 tatem
2279 2254 2721 2326 fertilitatemquc
2747 2262 2861 2310 non
2882 2253 3084 2310 divinis
3102 2254 3343 2325 placitis,
3367 2254 3463 2310 sed
3497 2254 3643 2312 suis-

2077 2358 2189 2405 met
2227 2348 2439 2405 viribus
2483 2346 2866 2418 industriaque
2907 2346 3089 2418 parari
3144 2345 3538 2416 opinabantur;
3583 2348 3640 2401 in

2074 2455 2306 2512 eamque
2345 2453 2441 2494 eos
2479 2437 2802 2495 sententiam
2836 2436 3165 2509 perducebat
3195 2435 3457 2502 Nebroth,
3488 2439 3641 2510 gigas

2076 2530 2399 2587 temerarius
2423 2536 2478 2586 et
2505 2529 2704 2595 audax,
2760 2528 3122 2599 maximisque
3175 2529 3386 2586 viribus
3427 2531 3637 2598 valens,

2075 2623 2167 2694 qui
2196 2637 2292 2678 eos
2318 2628 2377 2677 ut
2409 2620 2615 2676 cultum
2646 2621 2750 2676 sibi
2784 2620 3044 2678 oﬂ'errent
3078 2635 3109 2674 a
3140 2620 3252 2677 Deo
3280 2636 3502 2680 aversos
3523 2638 3642 2679 coe-

2074 2710 2153 2781 git
2179 2708 2246 2764 ³⁹.
2279 2707 2423 2775 Quin
2449 2717 2503 2765 et
2537 2709 2731 2765 turrim
2777 2709 2886 2765 illis
2923 2709 3366 2766 exaediﬁcandam
3397 2715 3641 2769 commitp

2071 2799 2160 2865 tit,
2189 2813 2310 2871 qua:
2325 2799 2637 2856 summitate
2656 2798 2853 2855 cmlum
2884 2799 3191 2869 attingeret,
3216 2799 3434 2869 jactans
3462 2799 3633 2857 Deum

2072 2890 2336 2957 ulturum,
2383 2891 2429 2947 si
2467 2890 2663 2947 iterum
2710 2890 2914 2946 mundo
2964 2891 3377 2947 inundationem
3427 2899 3636 2950 tentas-

2074 2989 2157 3038 set
2186 2984 2251 3037 ⁸ο.

2142 3072 2491 3130 Multitudine
2531 3074 2696 3146 igitur
2724 3088 2939 3130 summa
2973 3073 3154 3130 studio
3193 3089 3257 3130 ac
3290 3076 3636 3133 contentione

2071 3164 2227 3219 illius
2245 3164 2474 3220 insania:
2514 3179 2671 3235 opem
2710 3162 2939 3229 ferente,
2972 3173 3026 3220 ct
3059 3166 3206 3221 dicto
3239 3167 3402 3223 citius
3433 3169 3630 3223 turrim

2067 3262 2403 3320 exstruente,
2453 3253 2598 3310 Deus
2648 3254 2849 3326 linguae
2887 3270 3077 3311 eorum
3107 3260 3494 3328 proprietatem
3538 3277 3630 3317 re-

2064 3354 2225 3417 pente
2266 3346 2548 3414 confudit;
2597 3346 2883 3416 quareob
2942 3347 3261 3418 linguarum.
3308 3351 3626 3407 varietatem

2063 3436 2299 3506 dispersi
2333 3444 2462 3493 sunt
2496 3437 2563 3505 δ’,
2616 3436 2851 3506 indeque
2907 3438 3060 3494 locus
3095 3454 3294 3496 nomen
3336 3440 3627 3514 Babylonis

2061 3528 2292 3597 adeptus
2324 3534 2410 3582 est
2457 3526 2525 3580 “.
2578 3527 2906 3598 Babylonem
2956 3528 3101 3582 enim
3130 3528 3489 3598 confusionem
3518 3530 3624 3588 He-

2061 3619 2192 3674 braei
2221 3618 2527 3674 nominant.

2133 3710 2524 3783 Unusquisque
2558 3712 2742 3782 itaque
2770 3719 2973 3768 terram
3003 3713 3109 3768 sibi
3135 3714 3353 3771 obviam
3385 3730 3624 3789 oecupa-

2059 3803 2174 3870 hat,
2205 3803 2398 3873 sicque
2427 3803 2765 3860 continentia
2811 3804 2954 3868 loca,
2997 3815 3160 3876 atque
3187 3807 3483 3875 maritima,
3518 3825 3624 3866 nec

2058 3911 2168 3952 non
2197 3902 2252 3953 et
2282 3896 2492 3953 insulas
2535 3896 2866 3969 implebant;
2907 3897 3141 3955 navibus
3171 3900 3317 3955 e’nim
3346 3916 3444 3974 per
3473 3917 3623 3960 mare

2056 3987 2271 4058 traiecti
2304 3988 2361 4042 in
2388 4003 2483 4044 eas
2515 3988 2943 4045 advehebantur.
3351 3976 3355 3981 ’

2127 4079 2380 4136 Gentium
2402 4090 2582 4137 autem
2606 4081 2851 4152 quaedam
2873 4083 3217 4140 conditorum
3248 4085 3473 4141 nomina
3501 4104 3621 4145 ser-

2055 4180 2206 4238 vant,
2254 4172 2501 4243 quadam
2535 4173 2631 4229 illa
2683 4182 3110 4240 commutarunt,
3158 4175 3470 4233 Graecorum
3523 4178 3621 4236 im-

2054 4265 2206 4336 perio
2237 4264 2553 4331 subsecuta,
2582 4265 2678 4336 qui
2723 4270 2837 4322 suis
2881 4265 3194 4325 nominibus
3239 4270 3493 4340 gentibus
3520 4287 3619 4327 or-

2054 4363 2368 4412 namentum
2391 4354 2740 4424 addiderunt,
2765 4356 3020 4429 legesque
3050 4358 3160 4416 illis
3187 4360 3438 4432 proprias
3467 4376 3620 4418 com-

2053 4449 2423 4513 municarunt,
2452 4456 2513 4503 ut
2555 4449 2784 4520 gloriam
2815 4451 3161 4508 conditorum
3190 4453 3294 4509 sibi
3324 4454 3616 4511 tribuendo

384 4517 601 4636 αὐτοὶδς,
633 4522 706 4588 ὡς
740 4526 1007 4598 μηδεμίαν
1037 4529 1287 4588 ὑπόνοιαν
1319 4517 1757 4612 προγενεστέρων
1784 4559 1950 4599 κατα-

2071 4547 2354 4611 :aptarent,
2383 4555 2485 4596 nec
2514 4517 2679 4595 ullam
2714 4543 2950 4612 posteris
2977 4541 3044 4600 de
3086 4545 3387 4615 majoribus
3433 4548 3616 4618 suspi-

384 4607 559 4664 λιπείν
589 4616 702 4677 τοῖς
734 4616 1044 4686 μετέπειτα.

466 4702 741 4795 Ἐγένοντο
763 4704 854 4762 οὖν
882 4710 958 4782 τῷ
983 4711 1105 4766 Νῶε
1134 4717 1280 4788 τρεῖς
1307 4718 1429 4784 υἱοὶ,
1463 4720 1603 4794 Σήμ,
1635 4723 1783 4795 Χὰμ,
1836 4726 1940 4781 Ἰάε-

382 4794 500 4888 φεθ·
535 4797 643 4852 ἀπὸ
678 4800 886 4873 Ταύρου
913 4804 1005 4857 καὶ
1050 4806 1326 4878 Ἀμμανοῢ
1357 4809 1463 4865 τῶν
1485 4812 1625 4884 ὁρῶν
1650 4794 1944 4888 ἀρξάμενοι

378 4885 622 4961 ᾤκησαν,
652 4892 745 4945 καὶ
778 4894 1040 4966 προῆλθον
1069 4898 1162 4951 ἐπὶ
1207 4899 1305 4969 μὲν
1335 4900 1435 4970 τῆς
1476 4903 1655 4969 Ἀσίας
1689 4885 1815 4980 ἀχρι
1844 4927 1942 4964 πο-

377 4981 550 5052 ταμοῦ
580 4983 854 5051 Τανάϊδος,
890 4987 981 5040 ἐπὶ
1007 4989 1063 5042 δὲ
1085 4990 1184 5061 τῆς
1210 4990 1476 5065 Εὐρώπης
1499 4996 1623 5068 ἄχρι
1653 4998 1939 5071 Γαδείρων.

2055 4631 2231 4689 cionis
2259 4647 2451 4688 ansam
2478 4633 2871 4704 relinquerent.

2120 4719 2467 4779 Noeliheros
2509 4724 2820 4794 procreavit
2870 4731 3011 4792 tres,
3065 4726 3213 4793 Sem,
3267 4726 3462 4794 Cham,
3516 4728 3613 4784 Ja-

2046 4812 2210 4883 pbeth
2240 4814 2308 4879 ⁸³,
2338 4814 2429 4885 qui
2464 4830 2495 4868 a
2542 4812 2725 4871 Tauro
2765 4824 2819 4872 et
2845 4818 3114 4875 Ammano
3143 4821 3422 4877 montibus
3453 4821 3613 4877 initio

2044 4904 2212 4960 ducto
2241 4905 2581 4970 habitarunt,
2619 4916 2675 4963 et
2705 4908 2762 4962 in
2790 4908 2975 4966 Asiam
3006 4913 3283 4984 progressi
3331 4919 3460 4969 sunt
3509 4930 3609 4970 us-

2041 5011 2150 5065 que
2189 4995 2256 5049 ad
2284 4994 2493 5052 Tanain
2518 4997 2738 5065 ﬂumen,
2765 5008 2819 5055 et
2848 5000 2905 5056 in
2933 5000 3148 5075 Europa
3170 5019 3344 5074 usque
3384 5005 3453 5060 ad
3501 5003 3610 5063 Ga-

2042 5091 2180 5147 dira.

445 5179 566 5283 ξζίσὶ
605 5181 661 5235 δέ
702 5178 864 5239 obtain
902 5187 942 5238 Γ
944 5188 1120 5258 αμὲρ,
1166 5191 1314 5256 ὅστις
1354 5194 1392 5245 Γ
1393 5198 1644 5267 αμαρεῖς,
1677 5199 1800 5263 τοὺς
1837 5199 1933 5254 νῦν

2108 5202 2355 5260 Fuerunt
2383 5212 2565 5259 autem
2595 5205 2653 5260 hi
2686 5204 2732 5238 “
2763 5227 2777 5261 :
2810 5206 3028 5276 Gamer,
3081 5214 3176 5283 qui
3221 5188 3601 5279 Gamerenses,

372 5271 649 5378 Ξαλάτας,
703 5278 1047 5350 συνέστησεν⁶
1107 5283 1276 5353 Ἀγὼδ
1322 5286 1633 5363 Μαγώδεις,
1674 5292 1797 5357 τοὺς
1836 5291 1933 5348 νῦν

2076 5313 2176 5353 uos
2204 5311 2352 5354 nunc
2374 5296 2593 5354 Galatas
2622 5315 2905 5366 vocamus,
2935 5271 3220 5360 constituit
3256 5324 3271 5373 ;
3299 5303 3453 5378 Agod
3486 5306 3601 5363 Mar

372 5364 598 5468 ἒκύθιας·
642 5368 787 5424 Ἀδαῒ
830 5372 1130 5440 Μαδαίους,
1177 5379 1303 5442 τοὺς
1348 5378 1442 5434 νῦν
1491 5381 1739 5454 Μήδους
1786 5385 1931 5441 Ούάν

2072 5389 2328 5456 odenses,
2358 5405 2496 5462 quos
2541 5402 2687 5446 nunc
2714 5364 2979 5464 Scythas;
3009 5394 3145 5449 Adai
3173 5364 3428 5463 Marianos,
3461 5413 3601 5468 quos

382 5456 597 5559 Ἰωνίαν
619 5497 635 5523 ,
667 5474 795 5559 “ﬁat
846 5465 972 5529 τοὺς
1016 5465 1313 5538 Ἕλληνας
1382 5471 1537 5527 Ὀϐἐλ
1594 5474 1883 5543 Θεοϐέλους
1909 5520 1927 5545 ,

2075 5499 2180 5538 une
2204 5456 2424 5551 Medos;
2449 5482 2622 5539 Javan
2651 5456 2878 5551 Ioniam,
2907 5456 2975 5542 et:
2993 5484 3242 5555 Graecos;
3273 5456 3599 5547 Obel'Tl-ieo-Q

367 5549 495 5614 τοὺς
535 5549 630 5603 νῦν
667 5550 924 5626 Ἴϐηρας·
972 5558 1127 5629 Ὀσὸχ
1176 5562 1566 5635 Μεσχηναίους,
1626 5569 1752 5633 τοὺς
1830 5569 1925 5625 νῦν

2071 5575 2206 5645 elus,
2239 5592 2378 5649 quos
2407 5593 2549 5632 nunc
2579 5575 2784 5646 Iberos;
2820 5577 2999 5635 Osoeh
3039 5578 3427 5649 Meschenaaos,
3457 5598 3600 5661 quos

469 5729 513 5761 ³⁸
543 5726 669 5786 Gen.
698 5748 819 5797 vm,
852 5735 906 5790 ι.
986 5738 1028 5769 ³⁷
1070 5739 1205 5800 Ibid.
1249 5746 1331 5801 17.
1411 5747 1456 5790 ³⁸
1488 5746 1613 5804 Gen.
1645 5767 1697 5807 Ix
1747 5750 1838 5806 29.
1918 5752 1962 5785 ”

368 5795 411 5832 “
442 5796 567 5854 Gen.
604 5818 655 5854 τι.
692 5804 742 5854 1.
820 5804 865 5837 ⁸⁸
903 5805 1034 5854 Ibid.
1060 5810 1112 5854 9-
1705 5792 1719 5819 ’

2071 5771 2123 5811 τι.
2161 5772 2217 5822 x,
2250 5755 2303 5813 8.
2381 5757 2428 5791 ⁸⁰
2459 5756 2586 5816 Gen.
2623 5775 2695 5823 τι,
2721 5758 2772 5815 '5.
2879 5759 2922 5791 "
2948 5755 3088 5814 Ibid.
3126 5758 3177 5816 7.
3288 5761 3331 5793 ⁸³
3360 5757 3499 5816 Ibid.
3537 5759 3596 5822 ἢ.

486 5816 567 5856 en.
604 5818 655 5869 τι,
692 5804 742 5861 i.
820 5804 865 5837 "‘
903 5805 1113 5864 (ΝΛΞ.
1646 5804 1719 5819 ἠδ’
1792 5804 1833 5806 ’ί

2071 5804 2123 5811 ---
2161 5804 2217 5822 ..⁷
2252 5804 2303 5813 ν.
2462 5804 2586 5816 νυν-υ
2634 5804 2695 5823 --ι
2722 5804 2737 5813 1-
