4112 6400
451 349 552 408 757

1359 373 1628 433 SPURIA.
1660 410 1730 421 --
1769 382 2118 441 COMMENT.
2163 387 2228 442 ΙΝ
2270 388 2759 452 IIEXAEMEBON.

3566 410 3672 468 758

441 465 721 538 Φερεξαίοι
765 470 966 544 ἀναμὶξ
1003 479 1115 541 τοῖς
1156 479 1480 549 Χαναναίοις
1512 487 1610 557 τὴν
1650 489 1996 567 Παλαιστίνηι

2114 499 2264 564 bant,
2299 511 2352 557 et
2380 505 2471 560 alii
2496 490 2782 577 Raphiam,
2816 525 2936 578 qua:
2968 508 3338 585 Philadelphia
3365 525 3486 588 est;
3519 521 3599 576 sic
3621 533 3675 578 et

445 567 690 634 κατεῖχον
709 582 724 597 ο
753 569 801 620 οἱ
828 568 887 622 δὲ
925 569 1153 640 Ῥαφίαν
1175 574 1272 646 τὴν
1308 577 1659 655 Φιλαδελφίαν
1680 603 1692 615 ·
1754 587 1910 642 πάλιν
1948 589 2006 642 δὲ

441 656 491 706 οἱ
521 655 832 727 Γεργεσαίοι
865 661 932 715 τὰ
967 663 1202 736 Γάδαρα,
1243 669 1337 721 καὶ⁹
1367 670 1630 744 Γέργισαν
1669 676 1845 740 πόλιν,
1911 680 2007 733 καὶ

440 745 542 816 τὴν
574 747 863 842 Τιϐεριάδα
890 746 1037 823 εἶχον
1083 755 1298 828 λίμνην,
1342 763 1436 816 καὶ
1476 765 1524 816 οἱ
1563 766 1874 822 Ἰεϐουσαῖοι
1907 771 2004 842 τὴν

441 837 538 891 νῦν
577 838 882 913 Ἱερουσαλή
892 860 952 914 μ.

516 929 685 984 Πέντε
713 933 806 985 καὶ
830 934 948 1005 Σὴμ
971 937 1161 1002 παῖδες
1197 941 1460 1010 ἐγένοντο,
1493 945 1687 1013 οἵτινες
1713 950 1812 1022 τὴν
1847 952 2005 1024 μέχρι
2104 919 2114 928 1

439 1019 533 1074 τοῦ
565 1023 682 1077 κατ’
707 1024 842 1078 ίδίαν
877 1029 1129 1084 Ὠκεανοῦ
1163 1031 1346 1088 Ἀσίαν
1378 1037 1721 1110 κατῴκησαν,
1751 1042 1868 1114 ἦτοι
1899 1045 2008 1099 ἀπὸ

435 1112 531 1166 τοῦ
566 1115 850 1188 Εὐφράτου
883 1119 982 1191 τὴν
1027 1121 1205 1194 ἀρχὴν
1251 1129 1628 1200 ποιησάμενοι.
1671 1112 1793 1186 Εἰσὶ
1825 1134 1881 1188 δὲ
1917 1131 2006 1191 οὗ·

439 1222 549 1260 τοι·
578 1208 776 1302 ιὲίλὰμ,
800 1212 892 1281 ἀφ’
913 1209 974 1265 οὒ
1002 1215 1310 1287 Δίλαμαῖοι,
1336 1221 1385 1273 οί
1405 1222 1498 1275 νῦν
1525 1223 1752 1298 Πέρσαιο
1789 1228 2002 1302 Ἀσοὺρ,

565 1291 626 1350 οὗ
647 1300 936 1390 ΫἈσσύριοι
959 1321 972 1335 ·
1021 1306 1315 1380 Ἀρφαξὰδ,
1355 1313 1451 1383 ἀφ’
1480 1307 1542 1368 οὗ
1589 1291 1922 1390 ’λρφαξαῐομ

437 1387 532 1443 νῦν
557 1389 839 1444 Χαλδαῖοιο
883 1393 1088 1466 Ἀρὰμ,
1121 1396 1214 1466 ἀφ’
1243 1393 1305 1454 οὗ
1347 1387 1665 1474 Ἀραμαῖοι,
1683 1406 1734 1458 oi
1775 1405 1871 1460 νῦν
1902 1407 2003 1462 Σύ⁹

439 1494 543 1549 ροι.
579 1481 858 1554 Κατὲσχον
897 1484 954 1538 δὲ
991 1480 1136 1541 οὗτοι
1170 1489 1276 1542 ἀπὸ
1307 1492 1732 1566 Μεσοποταμίας
1761 1495 1866 1561 ἕως
1897 1497 2005 1552 τῶν

435 1571 914 1660 ὀρέωνῌἈραρὰτ,
959 1579 994 1632 ἆ
1027 1580 1142 1634 ἐστι
1186 1584 1323 1654 πρὸς
1349 1583 1448 1655 τὴν
1499 1586 1810 1660 Ἀρμενίαν·
1844 1591 2002 1656 Λοὺδ,

437 1663 529 1732 ἀφ’
568 1657 629 1718 οὗ
658 1666 906 1735 Λυδαίοι,
941 1673 988 1725 οἱ
1021 1671 1116 1726 νῦν
1155 1676 1350 1729 Λυδοί·
1386 1679 1622 1744 Καϊνὰν,
1656 1683 1749 1752 ἀφ’
1786 1679 1846 1740 οὗ
1890 1686 2005 1740 Κα-

410 1771 617 1811 θναται.

2109 589 2378 663 Gergesaei
2405 594 2670 652 Gadaram
2696 598 3086 672 Gergisamque
3127 605 3336 671 urbem,
3386 608 3674 682 lacumque

2109 679 2152 735 Τ
2159 682 2415 741 iberiadis
2446 687 2782 754 obtinebant,
2822 698 2876 746 et
2907 689 3164 760 Jebuszei,
3207 712 3327 767 quae
3356 715 3502 756 nunc
3545 679 3674 758 ilic-

2108 777 2343 832 rusalem
2373 787 2479 833 est.

2179 957 2302 1015 Sem
2339 959 2580 1030 quinque
2611 959 2706 1014 lilii
2755 960 2996 1028 fuerunt,
3041 963 3134 1034 qui
3167 964 3351 1021 Asiam
3389 983 3564 1038 usque
3602 969 3671 1024 ad

2106 1049 2381 1106 Oceanum
2429 1051 2767 1118 habitarunt,
2799 1055 2884 1110 vel
2925 1055 2994 1111 ab
3027 1053 3301 1128 Euphrate
3341 1061 3672 1131 principium

2107 1149 2406 1198 sumentes.
2437 1141 2576 1198 Sunt
2603 1152 2784 1200 autem
2825 1145 2901 1211 hi,
2938 1144 3140 1212 IElam,
3165 1165 3230 1205 ex
3261 1165 3372 1221 quo
3403 1151 3673 1218 Elamai,

2106 1233 2200 1303 qui
2232 1249 2378 1290 nunc
2399 1233 2613 1301 Persae;
2645 1235 2809 1300 Asur,
2837 1253 2902 1293 ex
2927 1254 3038 1309 quo
3079 1241 3320 1314 Assyrii;
3353 1243 3672 1314 Arphaxad,

2105 1339 2172 1380 ex
2221 1341 2330 1396 quo
2365 1328 2688 1398 Arphaxaei,
2723 1328 2817 1400 qui
2867 1345 3014 1386 nunc
3061 1331 3336 1402 Chaldaei;
3371 1334 3558 1400 Aram,
3605 1353 3676 1393 ex

2104 1434 2214 1489 quo
2237 1418 2489 1484 Aramzei,
2515 1420 2608 1492 qui
2641 1436 2786 1476 nunc
2826 1421 2968 1494 Syri.
3011 1422 3075 1477 Hi
3118 1439 3247 1481 vero
3273 1436 3612 1497 occuparunt
3644 1446 3676 1484 a

2105 1509 2490 1582 Mesopotamia
2519 1527 2690 1582 usque
2718 1513 2786 1568 ad
2816 1523 3027 1572 montes
3071 1515 3289 1582 Ararat,
3313 1519 3405 1588 qui
3450 1526 3579 1575 sunt
3619 1521 3677 1576 in

2104 1599 2358 1655 Armenia
2388 1619 2402 1669 ;
2432 1600 2572 1665 Lud,
2602 1618 2668 1657 ex
2696 1617 2806 1673 quo
2827 1602 3028 1675 Lydaei,
3056 1607 3148 1677 qui
3180 1622 3324 1662 nunc
3345 1605 3479 1679 Lydi
3504 1627 3520 1676 ;
3547 1610 3674 1666 Cai-

2104 1709 2235 1759 nan,
2267 1711 2334 1750 ex
2369 1710 2476 1767 quo
2499 1695 2737 1751 Canatae.

507 1849 625 1902 Υἱοὶ
673 1850 730 1904 δὲ
769 1851 864 1906 τοῦ
925 1855 1097 1926 Ἀρὰμ
1141 1858 1400 1930 τέσσαρες
1433 1863 1827 1936 ἐγεννήθησαν·
1864 1867 1996 1934 Οὒζ,

2175 1869 2338 1924 Aram
2371 1868 2464 1924 lilii
2511 1877 2746 1940 quatuor
2774 1869 2885 1926 nati
2933 1879 3098 1926 sunt:
3141 1870 3240 1936 Uz,
3285 1874 3379 1942 qui
3425 1873 3675 1931 condidit

431 1939 581 2002 ὅστις
612 1939 794 1996 ἔκτισε
837 1946 1125 2016 Δαμασκὸν
1170 1950 1263 2002 καὶ
1311 1949 1410 2021 τὴν
1475 1952 1836 2024 Τραχωνῖτιν,
1883 1960 2002 2030 ἥτις

436 2030 572 2103 μέση
591 2033 693 2117 τῆς
720 2035 1082 2109 Παλαιστίνης
1109 2041 1202 2094 καὶ
1224 2042 1424 2114 Κοίλης
1444 2045 1644 2117 Συρίας
1667 2049 1814 2103 ἐστίν
1834 2068 1848 2082 ·
1872 2051 1999 2117 Οὓλ,

430 2121 524 2191 ἀφ’
554 2115 615 2176 οὗ
657 2125 942 2191 Λαζονεῖς·
984 2128 1176 2202 Γαθὲρ,
1221 2131 1313 2202 ἀφ’
1349 2128 1408 2188 οὗ
1453 2115 1746 2208 Σταφηνοίε
1797 2115 1998 2214 Μεσὸχ,

431 2213 524 2282 ἀφ’
565 2211 626 2270 οὗ
661 2218 982 2290 Μασσήννοι.

502 2307 620 2361 Υἱοὶ
662 2310 954 2380 Ἀρφαξάδ·
970 2314 1196 2381 Καϊνὰν,
1232 2311 1420 2386 ἀφόὖ
1475 2320 1842 2391 Σογγοδιανοί·
1895 2327 2002 2380 ἀπὸ

428 2399 619 2454 τούτου
647 2402 704 2456 δὲ
734 2404 828 2458 καὶ
856 2406 889 2476 ἡ
920 2406 1250 2478 ἀστρονομία
1286 2411 1381 2463 καὶ
1411 2414 1691 2484 οἰωνισμοὶ
1714 2417 2004 2489 ἐπενοήθη-

431 2509 550 2547 σαν.

503 2586 703 2650 Υἱὸςδέ
742 2589 958 2658 ἐγένετο
992 2591 1071 2664 τῷ
1099 2593 1309 2649 Καϊνὰν
1338 2595 1501 2662 me,
1540 2599 1633 2669 ἀφ’
1682 2593 1742 2653 οὗ
1774 2601 1999 2655 Σουσια-

426 2677 528 2731 νοί.

500 2769 625 2835 Υἱὸς
648 2771 741 2825 τοῦ
775 2773 920 2827 Σαλὰ
950 2775 1136 2847 Ἔϐερ,
1169 2777 1263 2847 ἀφ’
1286 2772 1348 2833 οὗ
1389 2779 1650 2854 Ἑϐραῖοι,
1685 2784 1878 2848 οἵτινες
1903 2785 2000 2856 τὴν

424 2861 659 2933 ἀρχαίαν
686 2865 946 2937 κατέσχον
972 2869 1071 2941 τὴν
1105 2871 1358 2943 Ἑϐραῖδα
1385 2873 1683 2941 διάλεκτον,
1714 2877 1807 2930 τοῦ
1834 2879 1999 2950 Ἕὸερ

428 2952 505 3026 μὴ
546 2960 1098 3030 συμπαραγενομένου
1150 2965 1228 3026 είς
1263 2963 1361 3034 τὴν
1413 2964 1510 3018 τοῦ
1553 2968 1761 3040 πύργου
1797 2969 2001 3023 οἰκοδο-

429 3045 555 3116 μὴν,
583 3048 674 3100 καὶ
704 3048 1083 3116 ἀλλοιωθέντος
1112 3055 1210 3124 τὴν
1241 3055 1505 3123 γλῶτταν.

497 3137 617 3195 Υἱοὶ
649 3139 706 3194 δὲ
733 3140 826 3195 τοῦ
866 3144 1030 3216 Ἔϐερ
1057 3147 1253 3208 Φαλέκ,
1290 3148 1384 3216 ἀφ’
1415 3142 1476 3202 οὗ
1516 3149 1816 3222 Ἀδιαὸηνοί
1836 3169 1848 3183 ’
1904 3155 1999 3206 Ἰε-
2025 3179 2067 3237 C

423 3230 580 3298 κτὰν,
625 3233 720 3303 ἀφ’
768 3229 830 3289 οὗ
897 3236 1225 3309 Ἑδραμαῖοι,
1282 3240 1339 3292 ὐ
1383 3239 1440 3292 δὲ
1485 3241 1662 3295 Φαλέκ
1707 3242 1794 3296 διὰ
1838 3243 1996 3298 τοῦτο

423 3322 624 3394 ἐκλήθη
687 3325 883 3392 Φαλέκ,
934 3328 1120 3400 ἐπειδὴ
1179 3331 1320 3384 κατὰ
1386 3331 1476 3385 τὸν
1538 3335 1832 3389 ἀπόστολον
1886 3337 1994 3390 τῶν

423 3417 690 3472 ἀποικιῶν
718 3419 930 3490 ἐτέχθη.
975 3421 1150 3475 Φαλὲκ
1177 3423 1282 3495 γὰρ
1322 3426 1369 3477 οί
1420 3426 1658 3498 Ἑϐραῖοι
1702 3430 1996 3499 μερισμὸν

422 3504 689 3573 λέγουσιν,
731 3507 818 3560 ἐπ’
845 3509 1007 3563 αὐτοῦ
1049 3512 1435 3584 ἐμερίσθησαν.
1469 3517 1631 3570 Καὶὸ
1665 3519 1994 3592 ὑπονοούμε-

421 3611 512 3658 νος
543 3594 652 3651 τῶν
679 3598 816 3655 ἐτῶν
857 3600 957 3672 τῆς
989 3601 1080 3655 τοῦ
1112 3603 1316 3674 κόσμου
1344 3606 1603 3680 διαμονῆς
1642 3611 1872 3683 ἀριθμὸς
1914 3614 1994 3677 είς

419 3685 512 3740 δύο
543 3689 765 3763 διῃρέθη
799 3693 1048 3748 ἰσαίτατα
1070 3712 1084 3726 ’
1129 3697 1403 3768 τρισχίλια
1432 3699 1539 3773 γὰρ
1565 3703 1657 3756 ἐπὶ
1688 3705 1752 3775 τῇ
1782 3704 1990 3773 γενέσει

419 3780 514 3852 τῆς
545 3783 707 3836 αὐτοῦ
730 3783 822 3840 τοῦ
845 3787 1048 3858 κόσμου
1080 3788 1365 3862 ὑπάρξεως
1394 3792 1486 3865 ἐτη
1517 3795 1853 3868 ἐπερατώθη.
1887 3799 1988 3851 Λο-

420 3871 682 3960 γιξόμεθα
710 3877 816 3949 γὰρ
839 3878 1109 3950 διαμεῖναι
1141 3881 1238 3954 τὴν
1291 3884 1468 3938 κτίσιν
1508 3885 1668 3958 ἄχρις
1699 3887 1862 3959 ἕκτης
1909 3908 1991 3961 χι-

419 3955 616 4032 λιάδος,
643 3969 764 4022 ἐπεὶ
792 3972 884 4024 καὶ
915 3973 972 4024 ἐν
995 3972 1054 4037 ἒξ
1083 3973 1317 4046 ἡμέραις
1344 3977 1372 4030 ὁ
1401 3955 1658 4052 Θεὸς
1684 3955 1990 4036 συντέλείαν

418 4057 568 4112 τοῦδε
619 4060 713 4114 τοῦ
769 4064 969 4128 παντὸς
1005 4067 1388 4138 συνεστήσατο.
1450 4070 1719 4137 Χιλιετεῖς
1779 4073 1834 4127 δὲ
1891 4074 1990 4138 τὰς

419 4149 629 4223 ἡμέρας
693 4154 998 4224 λογίζεσθαι
1043 4159 1104 4213 τὸ
1149 4159 1302 4214 Θεῖον
1357 4158 1544 4233 οἴμαιο
1589 4167 1811 4235 Κυρίου
1855 4168 1984 4241 γὰρ,

419 4243 603 4316 φησιν,
630 4245 820 4317 ἡμέρα
839 4250 918 4317 ὡς
939 4251 1104 4321 χίλια
1131 4251 1256 4321 ἔτη.

486 4420 697 4475 Γίνεται
727 4419 820 4477 οὖν
840 4424 947 4478 ἀπὸ
990 4426 1162 4499 Ἀδὰμ
1188 4429 1280 4483 ἐπὶ
1304 4430 1401 4502 τὴν
1420 4431 1673 4505 τελευτὴν
1688 4435 1864 4489 Φαλέκ
1888 4437 1981 4510 ἔτη

2105 1961 2448 2024 Damascum,
2479 1971 2532 2017 et
2583 1962 3045 2028 Trachonitidem,
3103 1980 3224 2034 quae
3257 1964 3399 2020 inter
3426 1965 3674 2021 Palaesti-

2103 2070 2230 2108 nam
2277 2061 2327 2109 et
2367 2054 2723 2126 Cwlosyriam
2766 2057 2942 2111 media
2972 2065 3086 2123 est;
3135 2055 3219 2119 Ul,
3255 2071 3319 2112 ex
3361 2074 3471 2128 quo
3497 2057 3672 2112 Lazo-

2103 2159 2335 2211 nenscs;
2376 2142 2596 2209 Gather,
2624 2159 2691 2199 ex
2724 2159 2832 2216 quo
2871 2143 3168 2216 Stapheni;
3199 2142 3439 2209 Mesoeh,
3471 2159 3536 2200 ex
3562 2160 3672 2215 quo

2104 2234 2380 2293 Messenii.

2172 2326 2295 2382 Filii
2347 2326 2635 2398 Arphaxad
2662 2347 2675 2382 :
2707 2327 2916 2383 Cainan
2933 2329 3000 2392 δ’,
3041 2344 3106 2384 ex
3162 2343 3271 2399 quo
3307 2326 3672 2401 Soggodiani;

2102 2419 2191 2475 hic
2220 2419 2398 2477 sidera
2423 2418 2752 2488 observavit,
2778 2429 2831 2475 et
2867 2421 3090 2491 auguria
3111 2420 3456 2491 excogitavit.

2170 2595 2378 2651 Cainan
2412 2595 2555 2653 ﬁlius
2586 2596 2682 2652 fuit
2725 2597 2882 2665 Salre,
2917 2614 2982 2654 ex
3004 2615 3112 2670 quo
3145 2597 3384 2655 Susiani.

2172 2768 2344 2826 Filius
2377 2769 2516 2828 Salaa
2566 2771 2833 2840 Heber“,
2875 2791 2942 2831 ex
2985 2791 3092 2846 quo
3132 2775 3367 2844 Hebraei,
3398 2777 3491 2847 qui
3524 2786 3671 2833 vete-

2100 2876 2214 2915 rem
2260 2864 2602 2920 retinuerunt
2644 2865 2855 2937 linguae
2884 2870 3291 2938 proprietatem,
3329 2883 3453 2923 cum
3495 2867 3673 2924 Heber

2102 2955 2157 3009 in
2186 2966 2515 3012 structuram
2548 2960 2717 3017 turris
2748 2960 2972 3018 minime
3015 2977 3140 3016 cum
3166 2963 3286 3019 aliis
3325 2963 3668 3028 convenerit,

2100 3049 2332 3120 ideoque
2369 3068 2470 3108 nec
2491 3053 2728 3124 linguam
2751 3057 3066 3114 mutaverit.

2174 3141 2295 3198 Filii
2325 3143 2522 3210 Heber,
2551 3147 2752 3204 Phalec
2771 3149 2838 3215 ",
2871 3166 2938 3206 ex
2970 3167 3080 3222 quo
3109 3153 3412 3222 Adiabeni;
3455 3154 3667 3225 Jectan,

2100 3247 2168 3288 ex
2192 3249 2301 3303 quo
2327 3234 2648 3293 Hedramaei.
2678 3241 2913 3311 IdeoQue
2957 3241 3157 3300 Phalec
3193 3247 3374 3302 dictus
3401 3256 3507 3313 est,
3543 3265 3668 3303 eum

2098 3333 2259 3381 natus
2290 3327 2362 3382 sit
2385 3330 2606 3398 quando
2637 3332 2867 3387 coloniae
2891 3334 3262 3393 mittebantur.
3295 3337 3495 3394 Phalec
3520 3339 3668 3395 enim

2088 3415 2446 3474 Hebraeorum
2496 3423 2677 3494 lingua
2711 3425 2896 3479 divisio
2925 3427 3284 3498 signiﬁcatur,
3321 3438 3374 3486 et
3423 3439 3666 3502 tempore

2094 3510 2242 3568 illius
2267 3513 2425 3569 divisi
2456 3523 2604 3571 sunt.
2643 3515 2709 3570 Et
2736 3517 2827 3588 qui
2863 3517 2977 3588 jam
3011 3520 3177 3591 hujus
3207 3521 3395 3577 mundi
3419 3522 3666 3579 duratio-

2093 3605 2180 3660 nis
2212 3620 2473 3662 numerus
2495 3623 2618 3665 esse
2648 3610 3014 3675 existimatur,
3049 3613 3103 3667 in
3129 3613 3266 3668 duas
3296 3623 3478 3683 partes
3503 3630 3665 3685 pares

2091 3697 2437 3768 aequalesque
2482 3698 2692 3757 divisus
2715 3711 2799 3758 est
2825 3721 2840 3769 ;
2875 3704 3004 3758 anni
3043 3705 3242 3776 quippe
3271 3723 3336 3762 ex
3368 3722 3478 3778 quo
3504 3723 3666 3764 mun-
3692 3782 3699 3786 _

2090 3787 2194 3843 dus
2228 3788 2314 3842 hic
2348 3790 2606 3847 conditus
2640 3801 2746 3856 est,
2787 3794 2958 3865 elapsi
2989 3803 3118 3850 sunt
3148 3803 3230 3852 ter
3255 3797 3420 3853 mille.
3448 3796 3661 3853 Etenim

2089 3879 2352 3934 mundum
2411 3880 2558 3938 hunc
2607 3882 2675 3938 ad
2733 3893 2942 3940 sextam
3001 3886 3294 3944 chiliadem
3336 3888 3662 3944 duraturum

2088 3971 2394 4040 opinamur,
2425 3975 2646 4045 quando
2680 3984 2735 4031 et
2778 3993 2871 4034 sex
2906 3977 3100 4036 diebus
3136 3979 3281 4037 Deus
3341 3981 3659 4040 universum

2088 4061 2192 4117 hoc
2238 4063 2562 4135 perfectum,
2619 4069 2985 4142 omnibusque
3033 4073 3150 4128 suis
3193 4074 3444 4143 partibus
3492 4075 3663 4131 edidit

2087 4155 2429 4222 absolutum;
2470 4165 2525 4211 et
2561 4159 2703 4228 apud
2744 4159 2910 4216 Deum
2967 4178 3132 4218 unam
3173 4165 3316 4220 diem
3360 4181 3461 4236 pro
3511 4167 3663 4223 mille

2087 4249 2245 4304 annis
2293 4252 2600 4319 computari
2649 4252 2878 4322 opinor;
2912 4255 2989 4309 ait
3037 4257 3260 4328 quippe,
3309 4257 3524 4314 Domini
3549 4262 3661 4317 dies

2085 4342 2239 4412 quasi
2268 4341 2414 4396 mille
2456 4346 2584 4397 anni
2613 4345 2678 4399 δ’.

2155 4435 2239 4491 Ah
2264 4436 2435 4492 Adam
2460 4438 2644 4509 itaque
2673 4455 2847 4510 usque
2873 4439 2940 4494 ad
2957 4440 3166 4498 obitum
3198 4441 3398 4500 Phalec
3415 4445 3545 4501 anni
3577 4453 3661 4503 ter

414 4512 704 4582 τρισχίλια.
758 4516 878 4569 Ἐπὶ
912 4517 968 4570 δὲ
1011 4519 1108 4590 τὴν
1152 4521 1245 4574 τοῦ
1287 4524 1492 4596 Κυρίου
1543 4527 1840 4598 παρουσίαν
1892 4532 1983 4584 καὶ

2093 4530 2237 4585 mille
2274 4539 2729 4598 annumerantur,
2777 4542 2833 4588 et
2870 4535 2937 4589 ad
3001 4533 3214 4590 Domini
3266 4537 3557 4592 adventum
3606 4545 3662 4593 et

412 4604 706 4659 ἀνάστασιν
745 4606 839 4678 ἔτη
891 4613 1304 4683 πεντακισχίλια
1351 4617 1444 4670 καὶ
1486 4619 1819 4673 πεντακόσια
1869 4638 1984 4693 τρι-

411 4695 612 4750 άκοντα
648 4698 726 4762 ἐν,
767 4700 842 4762 ὡς
868 4699 1075 4754 λείπειν
1104 4706 1427 4776 τετρακόσια
1462 4712 1799 4782 πεντήκοντα
1826 4714 1983 4768 ἐννέα

410 4785 502 4860 ἔτη
529 4789 626 4859 τῆς
645 4789 810 4862 ἕκτης
831 4791 1085 4861 χιλιάδος.
1116 4795 1270 4849 Ἔστι
1293 4797 1348 4851 δὲ
1372 4799 1471 4870 τῆς
1494 4801 1584 4854 τοῦ
1621 4803 1825 4876 κόσμου
1856 4821 1979 4858 συν-

406 4879 615 4946 τελείας
679 4887 901 4953 σημεῖον
964 4884 1022 4937 τὺ
1078 4887 1374 4943 σάϐϐατονη
1449 4894 1542 4945 καὶ
1599 4895 1821 4960 είκότως
1889 4899 1976 4950 ἐπ’

407 4971 652 5042 ἐσχάτων
719 4973 825 5029 τῶν
882 4977 1103 5049 ἡμερῶν
1159 4981 1188 5032 ὁ
1249 4982 1451 5058 Κύριος
1506 4987 1847 5060 ἐπιδημήσας
1898 4989 1978 5062 τῷ

405 5065 595 5138 κόσμῳ
645 5069 704 5124 ἐν
743 5073 1062 5142 παρασκευῇ
1112 5072 1398 5140 πέπονθεν,
1445 5077 1565 5147 ἣτις
1611 5079 1756 5134 ἐστὶν
1797 5081 1977 5154 ἡμέρα

403 5157 560 5229 ἕκτη,
598 5159 693 5213 καὶ
729 5159 934 5227 ταύτης
971 5161 1072 5232 τῆς
1115 5164 1324 5236 ἡμέρας
1365 5167 1490 5237 ὥρα
1509 5166 1585 5240 ἦν
1615 5171 1756 5225 ὡσεὶ
1803 5167 1969 5242 ἕκτη,

402 5249 566 5319 ήνίκα
616 5251 932 5325 ἐσταυρώθη
955 5293 971 5318 ,
1028 5253 1124 5309 τοῦ
1162 5255 1319 5327 λόγου
1367 5261 1720 5331 σημαίνοντος
1759 5263 1846 5319 διὰ
1861 5266 1972 5320 ιτοῦ

400 5342 501 5412 τῆς
521 5341 695 5416 ἕκτης
729 5345 960 5415 χιλιάδος
986 5347 1047 5402 τὸ
1072 5348 1276 5420 ἥμισυ*
1308 5353 1403 5407 καὶ
1432 5353 1520 5408 διὰ
1544 5355 1701 5410 τοῦτο
1731 5357 1972 5430 ὡρισμέ-

401 5450 509 5496 νως
547 5434 648 5488 οὐκ
688 5431 838 5491 εἶπεν
877 5437 996 5511 ὥρα
1034 5439 1188 5513 ἕκτη,
1223 5441 1650 5516 ὑπεμφαίνοντος
1693 5449 1785 5503 τοῦ
1814 5450 1973 5520 λόγου

400 5525 566 5597 ολίγῳ
606 5525 774 5581 πλείω
810 5528 901 5583 τοῦ
939 5531 1172 5604 ἀριθμοῦ
1211 5535 1554 5607 ὑπερπαίειν.
1598 5539 1731 5594 Ἀπὸ
1774 5542 1830 5595 δὲ
1878 5542 1972 5597 τοῦ

402 5614 635 5685 Χριστοῦ
679 5617 772 5670 ἐπὶ
823 5619 921 5692 τὴν
979 5626 1494 5697 τριακονταετηρίδα
1560 5630 1970 5685 Κωνσταντίνου

474 5787 518 5820 δ’
540 5789 643 5847 Gen
698 5809 752 5861 κ,
777 5795 865 5852 τι.
941 5799 982 5829 ⁵ο
1017 5797 1153 5858 Ibid.
1233 5804 1272 5834 δ’
1304 5801 1444 5859 Ibid.
1478 5805 1568 5864 25.
1629 5808 1672 5839 ⁵³
1699 5807 2103 5878 Ρδηίιιιχιωι,
2139 5811 2191 5866 ἆ.

2090 4622 2570 4690 resurrectionem,
2603 4627 2732 4680 anni
2769 4629 3013 4699 quinque
3059 4629 3207 4684 mille
3249 4633 3530 4702 quingenti
3561 4631 3662 4687 tri-

2087 4711 2237 4781 ginta
2267 4720 2322 4768 et
2345 4729 2508 4782 unus,
2537 4716 2610 4770 ita
2642 4725 2700 4770 ut
2722 4717 2791 4772 ad
2819 4729 3030 4775 sextam
3049 4720 3342 4778 chiliadem
3369 4723 3662 4778 absolven-

2085 4804 2212 4858 dam
2253 4813 2462 4862 tantum
2490 4809 2872 4883 quadringenti
2905 4814 3302 4887 quinquaginta
3344 4831 3538 4872 novem
3563 4817 3662 4872 de-

2085 4898 2416 4954 siderentur.
2454 4897 2683 4972 Signum
2717 4920 2848 4960 vero
2875 4906 3038 4977 hujus
3069 4907 3258 4962 mundi
3284 4903 3659 4979 consumptio-

2083 4991 2169 5046 nis
2197 4987 2482 5048 sabbatum
2525 5001 2636 5062 est;
2691 4995 2923 5068 ideoque
2966 5016 3072 5058 non
3115 5002 3211 5057 abs
3244 5016 3302 5056 re
3333 5001 3528 5056 diebus
3558 5018 3658 5057 no-

2082 5075 2322 5133 vissimis
2382 5077 2647 5137 Dominus
2703 5083 2757 5137 in
2822 5087 3086 5143 mundum
3160 5089 3498 5154 adveniens,
3570 5092 3659 5147 die

2083 5165 2309 5227 Veneris
2359 5169 2576 5229 dolores
2631 5175 2912 5239 sustinuit.
2965 5195 3088 5250 qua:
3149 5189 3233 5236 est
3285 5180 3404 5238 dies
3463 5194 3656 5248 sexta,

2080 5261 2309 5331 ejusque
2345 5262 2452 5319 diei
2493 5265 2622 5320 hora
2655 5276 2772 5321 erat
2822 5271 2978 5336 quasi
3029 5281 3175 5326 sexta
3210 5273 3278 5340 ⁵³,
3322 5272 3451 5328 dum
3504 5277 3659 5332 cruci

2080 5352 2272 5410 allixus
2303 5363 2408 5421 est,
2449 5373 2558 5427 quo
2591 5358 2751 5413 nobis
2773 5372 2940 5415 sextae
2972 5361 3238 5420 chiliados
3268 5362 3553 5419 dimidium
3579 5367 3658 5421 si-

2079 5445 2389 5516 gniﬁcatur,
2438 5449 2668 5522 ideoque
2709 5451 2932 5511 deﬁnite
2973 5469 3090 5514 non.
3123 5455 3260 5510 dixit
3304 5455 3652 5524 horarsexta,

2079 5551 2273 5605 parum
2307 5553 2337 5592 a
2371 5555 2602 5596 numero
2645 5543 2919 5610 aberrare,
2956 5560 3209 5601 sermone
3254 5545 3357 5601 hoc
3387 5546 3547 5602 nobis
3571 5547 3654 5607 in-
3714 5605 3722 5612 _

2080 5647 2270 5691 nucns.
2309 5634 2354 5688 A
2397 5635 2619 5692 Christo
2654 5638 2719 5693 ad
2756 5640 3093 5705 tricesimum
3143 5657 3345 5704 annum
3376 5641 3653 5704 Constan-

2302 5816 2345 5846 ⁵³
2374 5814 2535 5873 Ιοαη.
2570 5834 2680 5880 xrx,
2711 5816 2794 5872 l4.
