4112 6412
496 387 605 446 ’159

1382 372 1442 428 S.
1485 369 1926 429 EUSTATHIUS
1961 365 2449 428 ANTIOCHENUS
2480 355 2875 419 EPISCOPUS.

3623 341 3724 399 760

497 508 603 563 lini
652 512 1009 560 numerantur
1064 492 1193 549 anni
1241 507 1459 559 occur,
1503 499 1558 547 et
1606 489 2063 562 quemadmodum

2184 486 2259 559 ἱτη
2295 483 2412 539 ἐστὶ
2456 479 2587 545 σξθ¹.
2620 478 2828 547 Ὠσπερ
2853 473 2911 526 δὲ
2939 473 2968 525 ὁ
3007 468 3191 531 Ἰωνᾶς
3218 466 3367 537 τρεῖς
3391 459 3602 563 ἡμέρας
3628 460 3726 563 καὶ

494 597 662 655 Jonas
700 591 877 648 tribus
909 587 1103 643 diebus
1157 590 1213 641 et
1251 549 1728 639 tribus'noctibus
1768 582 1826 637 in
1870 589 2060 637 ventre

2184 549 2307 652 τρεῖς
2327 575 2525 636 νύκτας
2549 572 2607 623 ὲν
2631 571 2697 639 τῇ
2721 563 2897 634 κοιλίᾳ
2925 559 3019 615 τοῦ
3042 560 3240 629 κήτους
3263 551 3545 624 διατρίψας
3569 549 3727 650 ὑγιὴς

495 686 604 743 ceti
634 688 1029 743 commoratus.
1064 678 1251 735 salvus
1289 675 1576 733 restitutus
1615 682 1720 738 est,
1757 672 1838 729 sic
1873 679 1927 728 et
1959 687 2062 728 nos

2184 639 2422 737 ιῖπεδόθη,
2479 660 2622 716 οὕτω
2666 658 2761 711 καὶ
2820 656 2982 726 ἡμεῖς
3026 650 3247 710 πάντες,
3292 644 3391 707 τὰς
3437 644 3583 713 τρεῖς
3630 639 3725 743 τοῦ

494 793 689 837 omnes
712 776 892 832 tribus
921 771 1184 844 temporis
1226 768 1527 825 intervallis
1551 766 1608 820 in
1634 772 1779 821 terra
1808 778 2065 820 consum-

494 869 628 941 ptis,
660 877 1033 935 resurgemus,
1064 874 1293 931 quorum
1326 855 1568 929 symbols
1593 853 1844 909 Salvator
1878 859 2067 908 noster

497 956 769 1028 expressit
799 952 979 1008 tribus
1002 949 1214 1013 diebus,
1246 954 1302 1004 et
1338 947 1517 1003 tribus
1551 945 1805 1001 noctibus
1832 941 2066 1014 peractis

500 1049 605 1106 sub
637 1056 804 1111 terra,
840 1042 976 1100 satis
1007 1037 1244 1096 dilucide
1290 1036 1547 1095 erudiens
1578 1034 1852 1106 prmdictis
1896 1033 2067 1088 inter-

500 1138 661 1195 vallis
684 1135 947 1207 temporis
982 1131 1288 1202 completis,
1332 1127 1789 1186 resurrectionem
1817 1132 2065 1182 nostram

503 1230 834 1294 adfuturam,
864 1224 1050 1285 saeculi
1073 1221 1459 1294 consequentis
1482 1218 1828 1291 principium.

573 1492 826 1551 Jectan"
848 1491 1047 1548 liberos
1076 1487 1268 1549 habuit
1297 1480 1613 1545 Salmodad,
1647 1495 1714 1537 ex
1762 1492 1872 1549 quo
1910 1475 2068 1543 Indi;

508 1586 729 1657 Saleph,
758 1601 826 1641 ex
853 1599 962 1655 quo
990 1580 1170 1636 Bactri
1196 1597 1211 1647 ;
1245 1573 1554 1639 Asarmoth,
1583 1588 1649 1628 ex
1690 1585 1801 1642 quo
1830 1569 2071 1634 Arabes;

506 1677 715 1741 iaracb,
750 1691 819 1732 ex
855 1689 964 1745 quo
1008 1668 1299 1736 Garmani;
1340 1666 1572 1731 Odorra,
1605 1678 1672 1720 ex
1717 1676 1827 1733 quo
1868 1658 2071 1725 Mardi;

508 1771 654 1834 Iezil,
676 1784 742 1825 ex
773 1783 884 1839 quo
908 1765 1161 1829 Arriani;
1198 1760 1381 1823 Deoia,
1412 1774 1479 1814 ex
1519 1771 1628 1826 quo
1656 1752 1937 1818 Cedrusii;
1967 1748 2073 1805 Ge-

2164 760 2358 821 αίῶνος
2386 730 2704 813 ’διαστάσεις
2743 746 3063 816 ποιήσαντες
3100 740 3160 792 ὲν
3194 739 3259 807 τῇ
3292 737 3386 805 γῇ,
3431 730 3729 801 ἀναστησό-

2170 848 2328 920 μεθα.
2376 843 2516 916 Τρία
2556 840 2665 912 γὰρ
2690 836 2783 892 τοῦ
2830 834 3022 907 χρόνου
3063 828 3181 884 ἐστὶ
3217 823 3476 920 καθολικὰ
3507 821 3729 892 διαστή-

2170 910 2335 1012 ματα,
2366 910 2614 999 ἐνεστὼς,
2634 910 3004 1002 -παρῳχηκὼς,
3043 921 3270 994 μέλλων,
3297 910 3372 971 ὧν
3397 915 3466 969 τὰ
3490 913 3730 985 σύμϐολα

2166 1007 2196 1086 δ
2237 1029 2425 1100 Σωτὴρ
2458 1025 2612 1099 ἡμῶν
2645 1021 2992 1094 ᾠκονόμησε,
3026 1014 3173 1087 τρεῖς
3216 1009 3431 1100 ἡμέρας
3461 1007 3556 1100 καὶ
3586 1007 3732 1100 τρεῖς

2169 1094 2630 1187 νύκταςποιησας
2662 1115 2720 1166 ὲν
2746 1114 2812 1183 τῇ
2843 1112 2936 1180 γῇ,
2969 1104 3231 1161 διδάσκων
3261 1097 3468 1170 σαφῶς,
3494 1098 3597 1187 ὅτι,
3624 1094 3734 1187 τῶν

2170 1181 2583 1283 προειρημένων
2625 1181 3036 1272 περαιωθέντων
3065 1188 3445 1283 διαστημάτων
3475 1182 3568 1237 τοῦ
3603 1181 3732 1283 χρό-

2172 1272 2285 1367 νου,
2327 1272 2476 1353 ἐσται
2505 1294 2660 1367 ἡμῶν
2689 1294 2724 1365 ὴ
2755 1288 3068 1350 ἀνάστασις,
3099 1281 3194 1337 τοῦ
3227 1278 3508 1352 μέλλοντος
3542 1272 3734 1335 αἰῶνος

2170 1392 2313 1465 ἁρχὴ
2347 1389 2686 1461 ὑπάρχουσα.

2242 1447 2364 1536 tio.
2394 1447 2746 1547 δὲ’ἔγένοντο
2783 1470 2863 1542 τῷ
2923 1464 3144 1527 imam,
3192 1458 3505 1533 Σαλμωδὰδ,
3550 1455 3645 1525 ἀφ’
3676 1447 3737 1547 οξ

2187 1573 2367 1628 Ἰνδοί·
2400 1538 2598 1638 Σάλεφ,
2639 1568 2733 1635 ἀφ’
2762 1538 3131 1630 οὗνΒάκτροιο
3194 1550 3497 1625 Ἄσαρμὼθ,
3553 1547 3647 1616 ἀφ’
3677 1538 3737 1599 οὗ

2179 1664 2441 1736 Ἀρᾳϐες’
2497 1637 2701 1731 ’ῐαρὰχν,
2751 1656 2842 1723 ἀφ’
2892 1643 2953 1706 οὗ
2992 1645 3296 1719 Καρμανοί’
3354 1640 3602 1736 ΪΟδορρά,

2176 1728 2526 1828 οἶδ-Μάρδοι·
2580 1728 2792 1815 νἸεζεὶλ,
2841 1746 2934 1815 ἀφ’
2980 1736 3041 1796 οὗ
3096 1733 3383 1828 ᾎῤῥιανοι·
3411 1731 3603 1795 Δεκλὰ,
3644 1728 3738 1799 ἀφ’

861 1856 1111 1930 Scythae;
1135 1821 1400 1912 Abimeei,
1434 1864 1501 1904 ex
1525 1821 1634 1919 quo
1672 1843 1943 1917 Hyrcani;
1969 1841 2072 1897 Sa—

2184 1842 2232 1902 ›ὖ
2289 1821 2637 1916 Κεδρούσιοι·
2690 1837 2885 1903 Γεϐὰλ,
2934 1836 3028 1905 ἀφ’
3062 1826 3123 1931 οὗ
3168 1829 3402 1889 Σκύθαιο
3461 1821 3737 1895 Ἀϐιμεὴλ,

509 1956 612 2010 beu
652 1968 720 2009 ex
746 1966 856 2023 quo
875 1948 1081 2006 Arabes
1112 1944 1340 2010 Felices;
1366 1940 1555 2013 Upbir,
1577 1957 1643 1997 ex
1673 1954 1782 2010 quo
1806 1933 2072 1999 Armenii;

506 2045 703 2110 Evilat,
737 2058 801 2098 ex
831 2055 941 2113 quo
963 2035 1464 2111 Gymnosophistaa;
1487 2033 1545 2088 hi
1572 2043 1763 2091 omnes
1797 2027 1892 2082 filii
1925 2023 2073 2087 Seni.

579 2220 705 2275 Sala
747 2217 933 2290 genuit
972 2214 1182 2287 Ragau,
1214 2212 1405 2284 Ragau
1445 2210 1679 2275 Seruch,
1724 2205 1934 2264 Seruch
1971 2203 2074 2259 Na-

507 2314 645 2373 cher
659 2313 727 2378 “~,
756 2309 845 2367 cui
868 2307 1245 2366 Chaldaeorum
1280 2302 1613 2361 vaticinandi
1643 2308 1815 2356 artem
1838 2304 1893 2354 et
1933 2296 2079 2352 side-

510 2417 632 2458 rum
671 2402 788 2459 vias
823 2396 1067 2453 tradidit.
1101 2393 1277 2466 Hujus
1321 2391 1659 2462 temporibus
1700 2387 1796 2443 lilii
1822 2385 1936 2442 Noe
1960 2383 2080 2439 ido-

512 2493 688 2549 lorum
714 2489 950 2545 cultibus
970 2504 1030 2544 se
1058 2486 1275 2550 dedere,
1300 2484 1540 2553 vitiaque
1571 2479 1755 2537 omnia
1798 2490 2074 2539 exercere,

512 2582 680 2637 urbes
721 2584 1024 2641 exstruere,
1061 2589 1217 2646 reges
1260 2586 1470 2638 creare,
1520 2567 1807 2629 obsidione
1838 2565 2075 2636 cingere,

511 2670 765 2751 praedari,
802 2667 1100 2739 captivare.

542 2888 547 2891 .
584 2839 801 2897 Nachor
827 2839 1013 2911 genuit
1046 2835 1254 2900 Tharra
1265 2833 1333 2899 ⁸⁸,
1364 2831 1573 2887 Tharra
1588 2829 1882 2893 Abraham,
1907 2836 1961 2885 et
1976 2826 2082 2882 Na-

515 2933 670 2997 chor,
692 2938 746 2989 et
772 2931 956 2995 Aram.
976 2928 1162 2994 Aram,
1181 2926 1302 2991 Lot,
1326 2932 1380 2982 et
1403 2922 1647 2985 Sarram,
1667 2928 1722 2977 et
1750 2919 1996 2975 Melchan
2011 2918 2077 2973 ".

515 3025 679 3079 Aram
722 3024 778 3076 in
817 3022 953 3077 urbe
995 3018 1407 3083 Chaldaeorum,
1447 3030 1568 3085 qua:
1607 3012 1735 3070 Urel
1777 3011 2080 3076 dicebatur,

2177 1940 2270 2009 ἀφ’
2294 1931 2356 1992 οὖ
2397 1915 2675 2008 Ύρκανοίυ
2708 1928 2902 1995 Σαὸεῦ,
2925 1927 3018 1996 ἀφ’
3046 1919 3108 1980 οὗ
3136 1919 3371 1994 Ἄραϐες
3386 1915 3736 2009 Ῑξὺδαίμονεςο

2176 2001 2373 2102 Ούφὶρ,
2421 2001 2513 2096 ἀφ’
2541 2017 2603 2079 οὗ
2653 2020 2925 2094 Ἀρμένιοι
2948 2035 2962 2049 ο
3003 2015 3221 2080 Eoum,
3256 2014 3348 2081 ἀφ’
3375 2001 3438 2064 οὗ
3475 2023 3740 2079 γυμνοσο-

2177 2123 2385 2196 φισταί.
2426 2112 2585 2174 Οὗτοι
2615 2116 2814 2179 πάντες
2838 2112 2945 2175 υἱοὶ
2976 2111 3114 2182 Σήμ.

2249 2214 2395 2270 Ζαλὰ
2419 2213 2476 2267 δὲ
2517 2210 2770 2280 ἐγέννησε
2806 2206 2896 2259 τὸν
2936 2199 3161 2271 Ῥαγαῦο
3205 2195 3408 2269 Ῥαγαῢ
3436 2196 3493 2250 δὲ
3518 2194 3609 2248 τὸν
3646 2193 3744 2246 Σε-

2184 2306 2314 2380 ρούχ
2333 2323 2345 2335 ·
2382 2302 2585 2375 Σεροὺχ
2607 2300 2666 2354 δὲ
2694 2298 2785 2354 τὸν
2819 2294 3039 2366 Ναχὼρ,
3072 2292 3163 2346 καὶ
3196 2287 3428 2355 ἐδίδαξεν
3456 2286 3617 2341 αὐτὸν
3646 2284 3746 2356 τὴν

2176 2375 2610 2456 ἐῶνχαλδαιων
2659 2388 2916 2461 μαντείαν
2987 2384 3084 2438 και
3128 2378 3508 2461 ἀστρονομίαν.
3532 2376 3647 2446 ,Ἑν
3686 2375 3745 2430 δὲ

2178 2494 2289 2555 τοῖς
2330 2487 2543 2560 χρόνοις
2589 2458 2794 2554 Σεροὺχ
2824 2480 2874 2532 oi
2907 2477 3013 2530 υἱοὶ
3044 2473 3169 2527 Νῶε
3204 2458 3602 2541 είδωλολατρεῖν
3643 2469 3745 2540 ηρ-

2177 2559 2339 2646 ξαντο
2368 2575 2464 2630 καὶ
2489 2571 2686 2631 κακίαν
2718 2570 2895 2623 πᾶσαν
2923 2561 3302 2638 μετέρχεσθαι,
3336 2561 3430 2621 καὶ
3450 2559 3750 2630 οἰκοδομεῖν

2181 2667 2385 2731 πόλεις,
2417 2664 2512 2719 καὶ
2554 2660 2794 2733 βασιλεῖς
2823 2655 3107 2725 καθιστᾷν,
3152 2652 3246 2705 καὶ¹
3291 2651 3626 2720 πολιορκεῖν,
3656 2647 3750 2701 καὶ⁵

2183 2758 2467 2831 ἁρπάζειν,
2497 2755 2593 2809 καὶ
2624 2747 3063 2823 αίχμαλωτίζειν.

2251 2847 2453 2920 Ναχὼρ
2495 2846 2554 2900 δὲ
2607 2843 2867 2912 ἐγέννησε
2929 2839 3022 2892 τὸν
3058 2836 3269 2909 Θάρῤα,
3332 2834 3524 2905 Θάρῤα
3566 2830 3623 2885 δὲ
3658 2827 3754 2885 τὸν

2120 2988 2129 2995 .
2195 2939 2462 3013 Ἀϐραὰμ,
2485 2936 2579 2991 κα)⁵
2597 2936 2687 2989 τὸν
2708 2930 2928 3003 Ναχὼρ,
2949 2929 3043 2984 καὶ
3063 2927 3154 2982 τὸν
3186 2922 3367 2999 Ἀράν.
3398 2925 3560 2997 Ἀράν
3585 2922 3643 2976 δὲ
3661 2920 3753 2975 τὸν

2183 3029 2327 3095 Λὼτ,
2387 3028 2481 3082 καὶ
2518 3026 2618 3097 τὴν
2661 3025 2900 3096 Σάρραν,
2933 3020 3027 3075 καὶ
3074 3018 3314 3089 Μελχάν.
3376 3018 3433 3071 '0
3474 3016 3531 3069 δὲ
3589 3013 3752 3084 ’Δρὰν

515 3115 628 3177 vita
657 3112 903 3185 privatus
928 3110 1091 3176 est",
1123 3108 1283 3177 cujus
1317 3114 1372 3161 et
1398 3106 1456 3162 in
1488 3105 1605 3161 haec
1636 3113 1881 3174 tempora
1910 3100 2085 3171 sepul-

2186 3120 2455 3177 ἀπέθανεν
2486 3119 2545 3170 ἐν
2589 3114 2738 3168 πόλει
2785 3110 2967 3183 Οὑρὴλ
3011 3109 3275 3179 λεγομένῃ
3305 3106 3414 3160 τῶν
3450 3103 3751 3167 Χαλδαίων,

517 3181 676 3265 crum
704 3202 774 3265 ab
802 3201 1056 3261 omnibus
1092 3199 1306 3265 visitur,
1340 3195 1686 3265 decessitque
1713 3193 1770 3247 in
1810 3190 2084 3257 incendio,

2188 3215 2247 3267 ὲν
2353 3211 2434 3264 ἔτι
2471 3209 2566 3263 καὶ
2596 3207 2691 3261 νῦν
2721 3181 2889 3274 τάφος
2935 3199 3098 3261 αὑτοῦ
3141 3200 3436 3255 δείκνυται.
3493 3195 3754 3255 Ἀπέθανε

518 3313 629 3369 quo
681 3296 885 3351 Abram
914 3293 1057 3349 idola
1090 3290 1263 3362 patris
1295 3290 1381 3347 sui
1403 3284 1779 3358 conﬂagravit,
1813 3283 1941 3339 dum
1978 3282 2087 3338 illis

518 3398 578 3455 ut
609 3387 922 3448 subveniret
950 3385 1171 3442 domum
1209 3391 1355 3440 esset
1404 3383 1725 3453 ingressus;
1773 3390 2088 3446 uxoresque

518 3483 725 3540 ducunt
739 3493 980 3540 sorores,
995 3475 1243 3532 Melcban
1256 3471 1474 3537 Nachor
1491 3489 1508 3540 ;
1531 3470 1752 3535 Sarram
1800 3466 2077 3522 Abraham

520 3570 588 3621 ε’.
630 3566 816 3638 Neque
852 3564 906 3621 id
930 3575 1123 3636 prater
1150 3563 1243 3634 jus
1262 3571 1447 3635 agunt,
1479 3576 1605 3616 cum
1633 3559 1783 3615 nulla
1800 3565 1959 3614 antea
1979 3558 2091 3612 lata

520 3666 668 3717 esset
703 3658 787 3712 lex
831 3671 953 3726 qua:
978 3654 1084 3710 hoc
1130 3660 1358 3709 vetaret.
1407 3649 1622 3706 Etenim
1653 3647 1699 3706 si
1727 3649 1797 3705 ab
1846 3646 2090 3702 omnium

524 3746 798 3804 communi
839 3751 1063 3816 parente
1091 3742 1263 3798 Adam
1309 3742 1539 3812 ejusque
1562 3754 1734 3797 uxore
1771 3738 1949 3795 editos
1976 3743 2090 3797 tum

525 3852 729 3902 mares,
756 3843 874 3890 tum
925 3833 1176 3897 feminas,
1211 3831 1460 3909 quamvis
1505 3836 1692 3886 essent
1727 3833 1783 3884 et
1812 3826 2012 3882 fratres
2040 3836 2095 3881 et

526 3924 745 3986 sorores
774 3927 842 3982 ad
877 3923 1245 4007 procreandos
1290 3923 1492 3987 liberos
1522 3929 1719 3982 natura
1750 3921 1867 3993 ipsa
1895 3917 2095 3973 fratres

524 4020 830 4085 sororibus,
887 4026 946 4073 ut
1002 4018 1501 4087 conjungerentur,
1556 4012 1995 4080 collocarentque
2039 4008 2096 4063 in

526 4110 897 4185 matrimonio,
937 4109 1267 4165 necessitate
1314 4105 1549 4187 quadam
1604 4102 1886 4181 compulit,
1935 4100 2017 4156 sic
2043 4107 2098 4155 et

526 4207 619 4285 qui
651 4220 747 4264 eos
776 4204 949 4263 secuti
980 4211 1130 4269 sunt,
1159 4203 1288 4258 dum
1325 4201 1505 4267 adhuc
1535 4200 1591 4254 in
1624 4197 1801 4269 prima
1842 4196 1934 4252 illa
1968 4209 2096 4252 suc-
2154 4212 2157 4215 ·

526 4298 776 4354 ccssione
818 4296 956 4369 legis
992 4296 1238 4351 viverent
1278 4293 1548 4364 majorum
1587 4305 1768 4346 mores
1796 4296 1919 4370 apte
1965 4303 2100 4351 con-

526 4397 889 4468 gruenterque
918 4385 1404 4457 amplectebantur.

595 4478 769 4547 Porro
822 4477 1032 4533 Tharra
1071 4477 1380 4533 Chaldaaam
1440 4475 1568 4531 odio
1617 4473 1824 4528 habens
1876 4476 2099 4543 pr0pter

529 4573 787 4642 acerbum
807 4571 899 4626 filii
933 4571 1163 4636 luctum,
1186 4570 1243 4624 in
1276 4565 1727 4645 MesOpotamiam
1762 4579 1822 4619 se
1841 4563 2094 4627 contulit,

529 4664 713 4748 ibique
738 4678 863 4718 cum
892 4662 1050 4720 annis
1079 4661 1330 4729 ducentis
1348 4668 1403 4717 et
1424 4659 1667 4743 quinque
1690 4655 1938 4721 vixisset,
1956 4653 2101 4721 diem

529 4772 690 4827 suum
722 4756 857 4821 obiit
870 4756 935 4811 ⁸ο.
2092 4808 2097 4815 _

601 4847 680 4903 Ex
732 4863 799 4905 eo
842 4848 987 4903 enim
1020 4856 1263 4917 tempore
1310 4845 1422 4909 vita
1473 4841 1754 4905 hominum
1804 4838 2099 4895 contrahe-

527 4941 712 5007 batur,
741 4940 1256 5011 angustioribusque
1290 4935 1717 4993 concludebatur
1750 4931 1980 4996 finibus,
2006 4946 2101 4985 us-

529 5046 636 5102 que
682 5028 752 5084 ad
801 5020 1003 5100 Moysis
1045 5036 1246 5083 ortum.
1284 5026 1499 5081 Etenim
1534 5031 1658 5095 post
1695 5021 1935 5094 Moysem
1973 5019 2099 5076 vitae

531 5110 787 5192 humana:
814 5122 1084 5177 terminus
1108 5120 1444 5185 constitutus
1469 5125 1553 5174 est
1575 5130 1845 5171 annorum
1879 5123 2099 5174 centum

529 5224 586 5271 et
615 5214 826 5287 viginti,
866 5228 1004 5284 quos
1026 5228 1153 5268 cum
1180 5223 1235 5269 et
1269 5213 1388 5283 ipse
1424 5209 1639 5284 Moyses
1671 5208 1992 5280 peregisset,
2023 5205 2103 5260 vi-

529 5315 641 5362 tam
675 5296 801 5367 cum
832 5313 1006 5362 morte
1026 5293 1402 5373 commutavit.
1524 5289 1531 5295 ”

602 5396 803 5454 Verum
869 5397 1142 5453 Abraham
1203 5406 1395 5469 terque
1440 5400 1741 5478 quaterque
1787 5389 2001 5457 beatus,
2045 5387 2101 5442 in

531 5501 811 5552 astrorum
843 5490 1073 5549 scientia
1100 5498 1219 5546 erat
1246 5488 1519 5555 excellens
1540 5494 1594 5543 et
1630 5482 1949 5555 singularis,
1985 5494 2101 5534 ma-

529 5584 855 5661 joribusque
891 5599 1056 5657 quam
1090 5582 1178 5637 alii
1208 5580 1633 5655 cogitationibus
1659 5577 1848 5633 virtuti
1877 5589 2099 5649 operam

2185 3306 2243 3361 δὲ
2288 3286 2349 3359 έν
2411 3302 2487 3374 τῷ
2551 3295 2916 3372 ὲμπυρισμῷ,
2964 3289 3009 3364 ᾧ
3057 3293 3374 3366 ἐνεπύρισεν
3442 3288 3651 3361 ’Ᾱϐρὰμ
3687 3286 3755 3345 τὰ

2188 3397 2380 3452 εἴδωλα
2406 3393 2499 3448 τοῦ
2547 3391 2753 3463 πατρὸς
2790 3387 2953 3444 αὑτοῦ
2987 3389 3047 3445 ὲν
3071 3386 3148 3457 τῷ
3175 3383 3432 3439 εἰσελθεῖν
3478 3379 3758 3448 ἐξελέσθαι

2189 3489 2349 3545 αὐτά.
2395 3485 2638 3557 Γαμοῦσι
2675 3483 2733 3537 δὲ
2775 3482 2875 3545 τὰς
2923 3477 3156 3549 ἀδελφὰς
3201 3473 3421 3546 Μελχὰν
3484 3473 3580 3544 μὲν
3643 3471 3760 3523 Να-

2190 3584 2327 3656 χὼρ,
2385 3580 2599 3653 Σάρραν
2650 3575 2709 3630 δὲ
2755 3577 2784 3629 ὁ
2837 3572 3107 3647 Ἀϐραάμ.
3161 3568 3272 3623 Καὶ
3317 3568 3389 3656 of)~
3425 3563 3761 3636 παρανόμως

2191 3652 2350 3728 τούτο
2404 3652 2680 3732 ποιοῦσιν,
2734 3663 2922 3735 ἐπειδὴ
2976 3662 3108 3734 μηδὲ
3155 3660 3317 3730 νόμος
3360 3652 3429 3729 ἦν
3469 3653 3691 3708 πώποτε
3732 3653 3762 3704 δ

2193 3764 2434 3827 κωλύων.
2482 3764 2545 3817 Εί
2575 3759 2684 3831 γὰρ
2717 3758 2843 3820 τοὺς
2881 3755 2989 3809 ὰπὸ
3030 3751 3123 3809 τοῦ
3167 3749 3347 3809 κοινοῦ
3395 3746 3612 3803 πάντων
3655 3760 3762 3797 πα-

2194 3858 2320 3931 τρὸς
2371 3855 2541 3926 Ἀδὰμ
2595 3852 2689 3907 καὶ⁵
2724 3851 2825 3922 τῆς
2864 3848 3056 3902 τούτου
3093 3841 3350 3914 γυναικὸς
3410 3838 3765 3909 γεννηθέντας

2194 3924 2428 4017 ἄρρενας
2471 3924 2567 3996 καὶ
2610 3938 2850 4010 θηλείας,
2893 3934 3152 4004 ἀδελφοὺς
3192 3931 3351 3995 ὄντας
3380 3929 3477 3988 καὶ
3507 3924 3762 3993 ἀδελφὰς,

2196 4039 2230 4111 ἡ
2292 4036 2451 4106 φύσις
2496 4034 2589 4087 ἐπὶ
2642 4029 2984 4085 παιδοποιίαν
3018 4024 3453 4100 προκαλουμένη,
3505 4018 3764 4087 ἀδελφοὺς

2196 4130 2451 4199 ἀδελφαῖς
2490 4126 2703 4197 ἀνάγκῃ
2734 4124 2826 4177 ἐπὶ
2855 4123 3033 4194 γάμου
3082 4117 3365 4173 κοινωνίαν
3413 4115 3627 4186 ἐνῆγεψ
3663 4110 3764 4169 οὐκ

2197 4223 2423 4286 ἀπεικὸς
2482 4217 2575 4275 οὖν
2631 4219 2727 4272 καὶ
2769 4216 2895 4279 τοὺς
2959 4211 3097 4285 μετὰ
3165 4202 3340 4263 ταῦτα
3394 4207 3494 4279 τῆς
3546 4202 3769 4278 πρώτης

2197 4313 2560 4385 τυγχάνοντας
2596 4307 2847 4379 διαδοχῆς
2875 4304 2969 4358 τοῦ
2995 4303 3162 4375 νόμου
3196 4300 3304 4355 τῶν
3341 4298 3620 4371 προγόνων
3672 4312 3769 4349 κα-

2199 4404 2561 4465 τακολουθεῖν.

2284 4495 2342 4547 Ὁ
2379 4493 2437 4546 δὲ
2474 4491 2682 4562 Θάρρα,
2718 4487 2954 4561 μισήσας
2986 4486 3083 4557 τὴν
3114 4484 3386 4539 Χαλδαίαν
3428 4481 3517 4535 διὰ
3557 4480 3615 4533 τὸ
3644 4478 3771 4532 πέν-

2201 4584 2293 4647 θος
2323 4580 2417 4636 τοῦ
2448 4580 2587 4643 υἱοῦ,
2618 4581 2699 4643 είς
2725 4579 2824 4650 τὴν
2857 4575 3281 4646 Μεσοποταμίαν
3313 4571 3547 4644 μετῆλθε
3567 4610 3582 4635 ,
3609 4570 3772 4627 κάκεῖ

2200 4667 2538 4739 ἐτελεύτησε,
2574 4666 2774 4737 βιώσας
2801 4665 2896 4737 ἔτη
2933 4664 3093 4719 πέντε
3128 4664 3222 4719 καὶ
3253 4661 3521 4717 διακόσια.

2278 4846 2501 4899 Ἔκτοτε
2542 4844 2647 4916 γὰρ
2682 4843 2788 4897 τῶν
2816 4840 3118 4914 ἀνθρώπων
3149 4841 3208 4895 τὸ
3243 4838 3342 4911 ζῇν
3397 4837 3772 4910 συνετέμνετο,

2203 4934 2297 4995 καὶ
2341 4933 2671 5007 βραχύτερον
2717 4932 2960 5000 ἐγένετο,
2999 4932 3127 5005 ἄχρι
3163 4931 3261 5002 τῆς
3312 4929 3586 4993 Μωῡσέως
3622 4929 3774 4997 γενέ-

2204 5043 2361 5090 σεως.
2404 5023 2559 5080 Μετὰ
2583 5025 2692 5096 γὰρ
2726 5024 2964 5078 Μωῦσέα
2988 5024 3112 5094 ὅρος
3147 5020 3240 5076 τοῦ
3280 5022 3379 5094 ζῇν
3424 5020 3640 5090 ἐγένετο
3676 5021 3773 5093 ἐτη

2208 5123 2310 5187 ρκ’,
2355 5115 2509 5181 άτινα
2542 5117 2635 5170 καὶ
2667 5114 2827 5179 αὐτὸς
2856 5110 3011 5178 οὗτος
3051 5114 3240 5184 ζήσας,
3289 5112 3381 5165 τὸν
3434 5110 3625 5184 θνητὸν
3660 5108 3776 5181 βίον

2212 5204 2564 5293 μετήλλαξεν.

2292 5380 2543 5452 Ἀϐραάμ
2574 5378 2629 5432 δὲ
2665 5381 2694 5432 ὁ
2744 5376 3142 5450 τρισμακάριος
3180 5374 3400 5447 ἄριστος
3444 5372 3776 5445 ἀστρονόμος

2208 5470 2492 5549 ἐτύγχανε,
2524 5468 2618 5523 καὶ
2654 5466 2823 5538 μείζω
2856 5465 2965 5518 τῶν
3010 5463 3182 5518 ἄλλων
3227 5460 3438 5532 φρονῶν
3478 5461 3537 5512 ὲν
3577 5459 3770 5531 ἀρετῇο

2211 5568 2423 5631 πάντων
2445 5564 2551 5618 τῶν
2576 5562 2704 5618 υίῶν
2726 5560 2848 5614 Νῶε
2873 5561 2951 5624 είς
2974 5555 3387 5628 δεισιδαιμονίαν
3415 5565 3778 5609 καταπεπαυ-

606 5767 652 5810 ιδ
683 5766 810 5829 Gen.
855 5766 1023 5834 1,26.
1101 5765 1147 5798 "
1177 5763 1304 5819 Gen.
1341 5778 1418 5831 xl,
1454 5760 1545 5817 22.
1623 5759 1670 5793 "
1699 5757 1839 5815 Ibid.
1871 5755 1959 5811 24.
2034 5755 2077 5788 ⁸⁷

2186 5769 2240 5808 n.
2288 5765 2368 5819 It,
2419 5743 2509 5803 23.
2588 5746 2634 5778 ⁸⁸
2668 5741 2809 5799 Ibid.
2838 5741 2927 5798 28.
2999 5738 3043 5771 "
3078 5738 3218 5801 Ibid.
3251 5737 3339 5792 29.
3419 5738 3463 5770 ⁶⁰
3497 5733 3720 5794 Ιίνὶιίῶἓ
