4112 6448
423 391 520 447 761

1333 367 1603 432 SPURIA,
1642 395 1710 406 —
1751 360 2108 419 COMMENT.
2149 358 2216 413 ΙΝ
2259 357 2748 413 HEXAEMERON.

3543 357 3643 412 76?.

420 507 611 560 κότων.
661 496 816 570 μόνος
860 487 1013 555 οὗτος
1047 485 1382 560 Δημιουργὸν
1430 480 1536 535 τῶν
1586 478 1800 532 πάντων
1847 473 1974 528 Θεὸν

2081 471 2259 526 dabat.
2281 469 2412 524 Cum
2432 483 2621 521 omnes
2647 466 2738 520 lilii
2768 464 2878 519 Noe
2900 465 2953 519 in
2980 465 3415 535 superstitiosum
3443 465 3644 522 daemo-

419 566 733 662 ἀπεφήνατο
755 584 913 648 εἶναι,
947 588 1011 636 ἑκ
1040 582 1146 635 τῶν
1174 579 1300 650 περὶ
1331 576 1477 646 ἥλιον
1508 574 1600 627 καί¹
1630 571 1853 662 σελήνην
1881 566 1977 621 ἀλ-

416 659 685 742 λοιώσεων
722 680 818 734 καὶ
845 664 910 730 ἑκ
955 675 1061 728 τῶν
1111 672 1237 744 περὶ
1268 669 1391 740 γῆν,
1426 669 1519 721 καὶ
1568 664 1723 735 ἀέρα,
1753 660 1847 714 καὶ¹
1886 659 1980 714 θά-

418 777 616 830 λατταν
675 768 1011 841 παθημάτων
1066 762 1308 823 εἰκάσας.
1365 757 1464 812 Διά
1506 757 1560 809 τί
1611 755 1740 826 γὰρ,
1790 751 1975 823 φησιν,

422 865 602 936 ἰσχύος
629 861 793 932 οὔσης
821 861 878 914 ὲν
909 858 1088 918 αὐτοῖς
1117 854 1216 923 τῆς
1242 849 1448 904 ἑαυτῶν
1480 846 1730 910 εὐταξίας
1760 846 1820 897 οὺ
1850 860 1979 926 atpo-

418 935 683 1016 νοοῦνται,
715 951 829 1005 ἀλλ’
852 946 1200 1020 ὑστεροῦνται
1225 942 1461 1010 ταύτης;
1501 941 1594 993 Ἐκ
1616 936 1744 1007 γοῦν
1778 935 1979 990 τούτων

418 1047 704 1117 γινώσκειν
733 1043 958 1108 ἔξεστιν,
989 1041 1070 1094 ὅτι
1099 1039 1159 1091 οὐ
1195 1035 1311 1090 κατ’
1349 1035 1485 1088 ἰδίαν
1532 1033 1684 1102 ἰσχὺν
1716 1029 1976 1092 συντελεῖ,

418 1143 468 1194 εί
500 1140 594 1193 καὶ
624 1139 768 1191 δοκεῖ
796 1133 1100 1206 εὐεργετεῖν
1127 1130 1252 1192 τοὺς
1291 1125 1609 1198 ἀνθρώπους
1645 1123 1704 1176 ού
1745 1119 1975 1193 μικρῶς,

417 1232 552 1286 ἀλλὰ
581 1229 723 1284 κατά
749 1229 848 1300 τὴν
883 1225 1132 1296 βούλησιν
1154 1222 1246 1277 τοῦ
1288 1221 1628 1292 ποιήσαντος.

491 1412 632 1484 Πρὸς
679 1409 808 1479 γοῦν
857 1408 955 1478 τὴν
1007 1403 1164 1470 δόξαν
1195 1402 1360 1458 αὐτοῦ
1410 1400 1611 1468 ταύτην
1643 1400 1691 1451 οἱ
1725 1397 1977 1450 Χαλδαῖοι

417 1504 514 1558 καὶ
542 1506 589 1556 οἱ
617 1503 713 1571 τὴν
758 1498 1176 1568 Μεσοποταμίαν
1209 1495 1482 1561 οἰκοῦντες
1513 1493 1846 1563 διεφέροντο,
1885 1488 1978 1541 καὶ

417 1595 657 1663 ἀντεῖχον
714 1589 883 1661 αὐτῷ.
925 1589 1033 1642 Καὶ
1083 1586 1318 1649 ἀναστὰς
1372 1584 1578 1638 ἐκεῖθεν
1631 1583 1773 1636 κατά
1812 1581 1978 1652 πρόσ-

417 1702 600 1755 ταγμα
631 1682 765 1736 Θεοῦ
797 1681 891 1753 τὴν
925 1680 1028 1750 γῆν
1059 1678 1165 1732 τῶν
1197 1676 1510 1731 Χαναναίων
1541 1672 1846 1744 κατῴκησε.
1887 1674 1979 1725 Λι-

422 1775 518 1846 μοῦ
547 1776 603 1828 δὲ
635 1774 1028 1836 καταλαϐόντος
1067 1770 1239 1824 δεινοῦ
1259 1809 1273 1833 ,
1304 1771 1384 1832 εἰς
1422 1769 1690 1836 Αἴγυπτον
1736 1766 1976 1836 παρεγέ-

2079 577 2206 617 num
2242 561 2446 614 cultum
2491 558 2854 621 corruissent,
2890 557 3038 612 solus
3089 557 3198 621 hic,
3241 555 3409 612 Deum
3458 573 3643 612 rerum

2078 653 2320 711 omnium
2349 666 2471 707 esse
2499 650 2814 705 Creatorem
2847 646 3056 702 deliniit
3115 663 3145 700 a
3203 648 3334 702 solis
3394 648 3642 717 lunaeque

2079 742 2595 800 commutationibus
2647 740 2981 810 reliquisque
3037 754 3156 808 quae
3207 739 3261 792 in
3299 748 3462 802 terra,
3493 753 3637 806 aere,

2077 836 2325 906 marique
2357 834 2700 904 contingunt,
2739 830 3074 899 coniectans.
3119 829 3386 896 Quidnam
3408 870 3420 894 ,
3463 831 3557 894 ait,
3589 829 3638 884 si

2078 930 2336 992 facultas,
2378 927 2652 996 roburque
2684 924 2739 977 in
2791 923 2899 977 illis
2933 930 3036 984 est,
3066 922 3269 975 nullam
3313 921 3398 976 sui
3429 920 3638 974 ordinis

2077 1018 2433 1076 conservandi
2450 1033 2639 1073 curam
2670 1025 2887 1089 gerunt,
2918 1013 3015 1070 sed
3047 1013 3136 1066 illa
3165 1011 3531 1066 frustrantur?
3559 1012 3636 1067 Ex

2078 1113 2164 1168 his
2196 1113 2378 1181 ilaque
2406 1109 2686 1165 fatendum
2727 1116 2832 1172 est,
2861 1122 2925 1163 ea
2969 1121 3078 1160 non
3103 1105 3296 1158 innata
3333 1103 3410 1169 vi,
3440 1103 3544 1158 etsi
3570 1103 3638 1158 de

2077 1219 2274 1276 genere
2306 1204 2542 1256 humano
2571 1216 2734 1272 quam
2782 1201 3015 1254 maxime
3041 1199 3180 1253 bene
3225 1195 3421 1251 mereri
3453 1193 3641 1250 viden-

2079 1305 2186 1360 tur,
2221 1296 2314 1352 sed
2342 1295 2620 1351 Creatoris
2644 1295 2920 1349 voluntate
2956 1290 3234 1362 perﬁcere.

2144 1388 2346 1444 Contra
2372 1389 2512 1442 hanc
2529 1387 2854 1442 sententiam
2876 1385 2994 1454 ejus
3016 1382 3252 1438 Chaldaei
3269 1391 3322 1438 et
3339 1382 3646 1454 Mesopota-

2076 1483 2197 1536 mize
2214 1484 2402 1536 incolae
2424 1483 2579 1551 plura
2604 1478 2975 1550 disputabant,
2994 1477 3125 1531 etab
3159 1491 3223 1530 eo
3238 1474 3640 1544 discrepabant,

2077 1575 2169 1644 qui
2206 1573 2459 1627 mandato
2504 1572 2598 1628 Dei
2640 1572 2764 1625 inde
2793 1584 3048 1640 egressus
3079 1569 3145 1631 ⁸³,
3180 1575 3378 1622 terram
3428 1565 3642 1620 Chana-

2077 1681 2316 1721 narorum
2364 1665 2657 1727 habitavit;
2699 1662 2894 1717 deinde
2935 1675 3058 1715 cum
3101 1659 3268 1713 fames
3299 1658 3488 1728 ingens
3523 1671 3643 1711 eam

2077 1758 2350 1826 regionem
2375 1764 2615 1819 vexaret,
2649 1754 2941 1824 [Egyptum
2971 1751 3272 1815 advenit“,
3298 1757 3458 1818 atque
3476 1745 3644 1820 Egy-

417 1838 556 1930 νετο,
590 1868 684 1921 καὶ
729 1868 852 1930 τοὺς
898 1864 1223 1934 Αἰγυπτίους
1259 1862 1505 1934 ἀλλήλοις
1548 1860 1970 1926 ἁντιδοξοῦντας,

2078 1851 2218 1920 ptios
2255 1849 2347 1919 qui
2397 1849 2543 1902 varia
2599 1847 2914 1908 sentientes,
2965 1845 3219 1914 legesque
3246 1838 3490 1910 pr0prias
3519 1852 3644 1908 pes-

417 1957 508 2013 ml
539 1958 607 2011 τά
648 1959 850 2028 νόμιμα
882 1955 1086 2010 ἑαυτῶν
1132 1953 1490 2017 διαπτύοντας
1521 1954 1614 2006 καὶ
1649 1952 1977 2024 ἀνατρέπον-

415 2067 514 2114 τας
539 2048 814 2115 ἀπέδειξεν
847 2050 1090 2110 ἅπαντας
1118 2049 1313 2110 αὐτοὺς
1345 2047 1507 2118 μηδὲν
1541 2044 1812 2113 ἀξιόλογον
1845 2044 1977 2116 μηδὲ

418 2143 778 2216 φρονοῦντας,
815 2141 947 2212 μηδὲ
980 2140 1349 2204 θεσπίζοντας.
1386 2140 1494 2192 Kal.
1525 2136 1856 2207 θαυμασθεὶς
1885 2137 1978 2189 ἐπὶ

418 2235 624 2289 συνέσει
647 2235 740 2287 καὶ
767 2232 927 2303 σοφίᾳ
957 2231 1140 2301 πολλῇ,
1169 2230 1266 2302 τὴν
1290 2228 1652 2301 ἀριθμητικὴν
1678 2229 1859 2291 αὐτοῖς
1885 2229 1976 2281 καὶ

414 2325 511 2398 τὴν
543 2324 902 2396 ἀστρονομίαν
948 2322 1315 2393 παραδίδωσι·
1353 2321 1459 2392 πρὸ
1495 2319 1602 2390 γὰρ
1636 2320 1732 2390 τῆς
1770 2337 1974 2390 παρουο

418 2417 535 2480 σίας
562 2416 726 2469 αὐτοῦ
759 2415 971 2486 ἄπειροι
1004 2412 1206 2466 τούτων
1237 2411 1530 2482 ἐτύγχανον
1573 2413 1621 2463 oi
1657 2409 1970 2479 Αἰγύπτιοι·

419 2508 676 2578 μαθόντες
722 2507 779 2558 δὲ
833 2506 1056 2576 ὕστερον
1106 2506 1216 2566 τοῖς
1252 2503 1474 2573 Ἕλλησι
1527 2501 1971 2572 μεταδεδώκασιν·

416 2599 809 2670 ὑποστρέψαντι
852 2598 909 2651 δὲ
941 2598 1005 2651 ἐκ
1035 2597 1134 2667 τῆς
1165 2595 1440 2664 Αἰγύπτου
1472 2595 1548 2665 τῷ
1590 2594 1838 2667 Ἀϐραὰμ
1864 2595 1974 2658 υἱὸς

427 2687 648 2758 ἰσμαὴλ
676 2687 888 2756 ἐγένετο
916 2688 978 2740 ἐκ
1009 2686 1110 2757 τῆς
1153 2685 1444 2755 παιδίσκης
1490 2685 1684 2756 Ἅγαρ,
1720 2685 1779 2751 ἐξ
1817 2680 1883 2758 ἧς
1917 2686 1976 2740 τὸ

415 2780 562 2842 ἔθνος
621 2779 932 2850 Ἀγαρηνῶν
961 2796 1022 2832 τε
1051 2779 1144 2831 καὶ
1172 2776 1500 2850 Σαρακηνῶν
1537 2777 1761 2848 συνέστη
1785 2795 1797 2807 ο
1834 2778 1893 2830 τὸ
1919 2777 1975 2831 δὲ

412 2870 520 2924 τῶν
561 2870 909 2942 Ἰσμαηλιτῶν
945 2871 1009 2924 ἐκ
1033 2869 1125 2922 τοῦ
1168 2869 1408 2940 Ἰσμαήλ.

500 2965 555 3015 ’0
587 2965 643 3016 δὲ
674 2963 796 3016 Λὼτ
829 2963 1117 3034 χωρίζεται
1164 2961 1256 3015 τοῦ
1309 2960 1574 3034 Ἀϐραὰμ,
1610 2964 1703 3016 καί
1742 2962 1840 3032 τὴν
1873 2960 1976 3032 χώο

419 3075 516 3130 ραν
537 3059 635 3127 τὴν
658 3055 961 3128 Σοδομηνὴν
983 3054 1215 3126 ᾤκησεν,
1241 3056 1360 3125 ἥτις
1385 3055 1616 3126 οὐρανίῳ
1642 3055 1974 3127 πυρπολήσει

413 3153 480 3205 δι’
512 3151 746 3220 ἄθεσμον
795 3149 1136 3220 παρανομίαν
1182 3146 1571 3217 κατεδικάσθη,
1622 3149 1716 3200 καὶ
1761 3147 1839 3200 ἔτι
1881 3147 1974 3201 καί

413 3244 508 3298 νῦν
553 3242 865 3314 κεκαυμένα
928 3243 1097 3312 αὐτῆς
1127 3240 1197 3293 τὰ
1239 3239 1360 3310 ἴχνη
1405 3240 1684 3308 φαίνεται·
1716 3240 1827 3292 ἐστι
1868 3241 1973 3312 γὰρ
2001 3221 2042 3278 C

416 3339 542 3392 ἰδεῖν
572 3337 734 3389 πέντε
767 3335 972 3388 πόλεων
1005 3332 1182 3397 σκιὰς,
1217 3335 1276 3386 ἑν
1304 3327 1392 3396 αἷς
1423 3331 1704 3402 βλαστάνει
1743 3334 1972 3403 καρπὸς,

410 3427 470 3490 ὃς
497 3427 744 3495 φαίνεται
775 3426 871 3495 μὲν
910 3423 1105 3490 ἔξωθεν
1131 3423 1510 3494 παραπλήσιος
1533 3425 1644 3486 τοῖς
1673 3422 1971 3493 ὲδωδίμοις,

412 3514 636 3585 ληφθεὶς
664 3515 720 3567 δὲ
760 3516 881 3576 ταῖς
909 3514 1116 3585 χερσὶν,
1149 3515 1228 3577 εἰς
1261 3513 1466 3583 τέφραν
1497 3513 1590 3566 καὶ
1618 3513 1820 3566 καπνὸν
1843 3515 1972 3567 ἀνα-

412 3607 615 3660 λύεται.
656 3608 866 3676 Γειτνιᾷ
909 3606 965 3658 δὲ
997 3605 1167 3678 ταύτῃ
1209 3607 1241 3676 ἡ
1305 3605 1646 3674 Ἀσφαλτῖτις
1690 3605 1877 3676 λίμνη,
1936 3604 1970 3675 ἥ

413 3699 673 3768 πρότερον
716 3698 812 3767 μὲν
851 3693 920 3768 ἦν
971 3696 1154 3758 κοιλὰς
1192 3697 1400 3768 φρέατα
1450 3695 1649 3767 ἔχουσα
1681 3697 1970 3766 ἀσφάλτου,

413 3788 796 3859 ἀφανισθείσης
827 3789 882 3841 δὲ
921 3789 1017 3859 τῆς
1063 3787 1266 3859 χώρας,
1300 3789 1464 3859 λίμνη
1503 3789 1808 3859 γεγένηται,
1852 3789 1975 3859 ἥτις

412 3885 504 3937 καὶ
542 3883 728 3955 Νεκρὰ
759 3882 1002 3935 θάλασσα
1040 3882 1518 3955 προσαγορεύεται.
1563 3883 1671 3936 Kal.
1717 3881 1829 3935 ἔστι
1875 3882 1973 3952 μὲν

413 3974 712 4045 πικροτάτη
760 3973 917 4044 φύσει
963 3975 1058 4026 καὶ
1103 3974 1324 4042 ἄγονος·
1373 3973 1574 4043 κοῦφον
1618 3973 1675 4026 δὲ
1719 3972 1780 4026 τὸ
1831 3972 1972 4044 ὕδωρ

410 4065 688 4137 κέκτηται,
723 4067 798 4130 ὡς
827 4067 934 4120 τῶν
969 4068 1027 4120 ἑν
1057 4069 1196 4138 αὐτῇ
1247 4069 1587 4138 ριπτομένων
1628 4067 1857 4140 βαρέων,
1891 4067 1972 4121 λί-

409 4157 504 4212 θου
533 4161 564 4230 ἢ
605 4160 843 4231 σιδήρου,
877 4160 1035 4229 τυχὸν
1084 4160 1156 4229 μὴ
1190 4159 1502 4212 καταδύνειν
1537 4161 1616 4222 εἰς
1649 4159 1739 4213 τὸν
1792 4159 1969 4230 βυθὸν,

408 4246 523 4301 ἀλλ’
552 4245 706 4313 αὖθις
735 4249 923 4322 ὥσπερ
969 4251 1073 4304 ὑπὸ
1103 4251 1412 4320 πνεύματος
1448 4252 1842 4320 ἀναφυσᾶσθαι,
1879 4255 1972 4306 καὶ

411 4338 788 4393 ὲπιπολᾶσθαι.
831 4340 1102 4408 Ῥιφέντες
1130 4340 1238 4412 γὰρ
1265 4342 1350 4392 ἐπ’
1378 4340 1512 4411 αὐτῇ
1542 4338 1740 4404 ζῶντες
1767 4340 1973 4412 ἄνθρω-

410 4447 502 4482 ποι
563 4430 1046 4484 ἀναϐλυστὰνουσιο
1101 4431 1285 4503 νεκροὶ
1338 4431 1393 4484 δὲ
1437 4431 1824 4486 καταδύνουσι·
1877 4433 1971 4486 καὶ

2079 1941 2416 2002 sumdantes,
2450 1939 2784 1999 evertebant,
2819 1935 3079 1992 instruxit
3108 1931 3244 1986 nihil
3292 1946 3384 1986 eos
3414 1929 3500 1984 vel
3524 1942 3642 1982 mo-

2077 2033 2265 2097 menti,
2311 2031 2396 2085 vel
2457 2029 2712 2100 ponderis
2773 2028 3034 2098 cogitare,
3091 2038 3267 2094 neque
3313 2022 3639 2086 decernere;

2076 2135 2244 2191 quare
2295 2129 2510 2190 propter
2558 2117 2900 2188 prudentiam
2952 2112 3399 2182 sapientiamque,
3429 2121 3642 2164 summa

2076 2227 2198 2266 cum
2233 2209 2593 2264 admiratione
2638 2207 2908 2268 laudatus,
2942 2201 3298 2258 arithmeticae
3329 2199 3436 2253 illis
3465 2206 3644 2251 astro-

2075 2318 2303 2372 rumque
2335 2309 2515 2355 artem'
2538 2300 2740 2362 tradit;
2769 2305 2896 2353 ante
2944 2295 3090 2352 enim
3135 2293 3282 2348 illius
3333 2302 3638 2352 accessum,

2075 2393 2266 2448 harum
2291 2391 2644 2447 scientiarum
2672 2388 2911 2460 Egyptii
2945 2386 3108 2441 rudes
3131 2390 3306 2446 erant,
3323 2380 3520 2451 quibus
3541 2378 3641 2431 im-

2075 2486 2189 2541 buti
2211 2500 2304 2539 eas
2333 2493 2519 2554 postea
2547 2497 2669 2536 cum
2693 2480 2894 2535 Grazcis
2922 2476 3427 2537 communicarent;
3458 2484 3640 2525 rever-

2075 2589 2245 2644 soque
2267 2573 2540 2628 Abraham
2566 2589 2630 2628 ex
2663 2571 2975 2642 Aﬂgypto”,
3011 2567 3154 2622 [ilius
3174 2564 3365 2621 lsmael
3396 2559 3643 2616 nascitur

2074 2686 2138 2724 cx
2175 2669 2368 2722 ancilla
2403 2666 2562 2738 Agar.
2591 2683 2710 2738 quae
2726 2665 2987 2738 Agarenis
3016 2661 3428 2732 Saracenisque,
3451 2671 3641 2730 quem-

2075 2761 2365 2816 admodum
2401 2758 2692 2816 lsmaelitis
2719 2759 2933 2823 lsmael,
2968 2757 3121 2828 origo
3151 2755 3271 2808 fuit.

2143 2979 2263 3046 Lot,
2297 2979 2574 3050 seiunctus
2597 2979 2664 3033 ab
2689 2976 2961 3032 Abraham
2974 2975 3040 3042 “,
3071 2973 3343 3042 regionem
3380 2967 3639 3023 Sodome‘

2074 3084 2200 3123 nam
2221 3069 2556 3125 domicilium
2579 3068 2787 3131 habuit,
2818 3082 2938 3137 quae
2967 3072 3188 3136 propter
3229 3060 3496 3116 nefarium
3519 3073 3639 3114 sce-

2075 3160 2162 3216 lus
2181 3160 2390 3216 caelesti
2423 3159 2672 3215 incendio
2712 3156 3149 3228 conﬂagravit“,
3178 3161 3232 3210 et
3267 3152 3472 3208 nostris
3501 3157 3641 3206 tem-

2075 3252 2300 3322 poribus
2331 3251 2451 3319 ejus
2485 3249 2724 3305 incendii
2747 3249 2989 3319 reliquiae
3013 3253 3335 3304 cernuntur.
3370 3244 3640 3301 Videntur

2073 3356 2309 3410 namque
2333 3342 2613 3396 civitatum
2650 3340 2890 3410 quinque
2918 3338 3167 3407 vestigia,
3199 3337 3256 3391 iu
3290 3336 3490 3406 quibus
3521 3334 3637 3389 fru-

2073 3443 2194 3487 ctus
2218 3433 2477 3502 assurgit,
2504 3431 2595 3501 qui
2641 3430 2883 3485 exterius
2914 3428 3212 3484 esculentis
3243 3427 3438 3481 similis
3473 3440 3639 3495 appa-

2073 3529 2176 3588 ret,
2214 3530 2360 3576 tactu
2391 3538 2615 3593 pressus
2659 3521 2866 3576 fumum
2890 3519 3128 3584 exhalat,
3151 3525 3205 3572 et
3227 3516 3430 3571 fatiscit
3458 3515 3510 3569 in
3541 3533 3637 3570 va-

2073 3631 2198 3686 gum
2221 3615 2518 3685 pulverem.
2546 3613 2684 3668 Huic
2705 3613 2913 3683 regioni
2940 3610 3219 3681 proximus
3254 3615 3336 3664 est
3356 3607 3637 3678 Asphalti-

2069 3713 2155 3762 tes
2182 3707 2354 3772 lacus,
2385 3706 2476 3776 qui
2507 3705 2658 3776 prius
2680 3714 2795 3758 erat
2820 3702 2996 3766 vallis,
3029 3700 3208 3771 puteis
3233 3697 3498 3754 bitumine
3525 3696 3638 3765 plc-

2072 3799 2191 3865 nis;
2218 3813 2396 3854 mersa
2418 3799 2661 3870 regione,
2684 3797 2836 3851 lacus
2864 3795 3052 3861 crevit,
3079 3795 3171 3864 qui
3213 3799 3267 3848 et
3306 3806 3456 3846 mare
3495 3789 3629 3844 Mor-

2073 3896 2225 3942 tuum
2251 3895 2480 3943 vocatur
2518 3907 2531 3942 :
2567 3887 2719 3943 dirus
2763 3895 2991 3951 natura,
3024 3883 3354 3953 sterilisque,
3390 3891 3443 3937 et
3474 3879 3638 3935 undis

2071 3981 2302 4045 levibus,
2343 3981 2417 4034 ita
2450 3988 2509 4035 ut
2553 3981 2666 4036 sive
2709 3978 2940 4050 lapides,
2974 3978 3088 4033 sive
3134 3976 3360 4040 ferrum,
3390 3975 3504 4030 sive
3539 3975 3639 4028 ali-

2072 4069 2204 4140 quid
2255 4071 2403 4125 aliud
2445 4075 2609 4141 grave
2650 4071 2708 4126 in
2767 4070 2918 4123 illum
2967 4067 3342 4139 projiciantur,
3374 4081 3484 4120 non
3527 4064 3638 4120 ima

2071 4174 2272 4233 petere,
2308 4163 2403 4218 sed
2428 4177 2622 4218 rursus
2643 4169 2900 4232 tanquam
2934 4175 2964 4214 a
2987 4167 3147 4214 vento
3169 4159 3377 4214 eﬂlatur
3403 4157 3460 4212 in
3485 4173 3637 4213 sum-

2070 4271 2269 4326 moque
2300 4254 2500 4320 ﬂuitat,
2529 4255 2585 4307 in
2602 4268 2830 4323 eamque
2857 4252 2966 4307 vivi
3002 4252 3251 4305 homines
3295 4248 3480 4319 injecti
3512 4264 3636 4320 ege-

2073 4359 2286 4412 runtur,
2333 4347 2534 4401 mortui
2586 4351 2940 4415 merguntur;
3000 4343 3343 4412 lucernaeque
3393 4355 3638 4396 accensae

2072 4444 2444 4508 supernatant,
2476 4436 2762 4492 exstinctae
2806 4435 3134 4490 obruuntur.
3169 4431 3264 4487 Sal
3298 4446 3542 4486 amarum
3579 4438 3636 4488 et

407 4522 589 4593 λύχνοι
621 4523 678 4576 δὲ
719 4522 994 4592 καιόμενοι
1026 4523 1396 4594 ἐπιφέρονται,
1441 4523 1758 4586 σϐεσθέντες
1787 4524 1843 4576 δὲ
1875 4541 1971 4577 κα-

2075 4530 2290 4584 alumen
2314 4529 2708 4600 bituminisque
2730 4527 2921 4600 globos
2956 4526 3291 4598 nigricantes
3312 4524 3484 4580 tauris
3515 4523 3636 4580 sine

407 4616 816 4703 ⁸εαποντοῦνται.
859 4615 1143 4685 ’Λναφέρει
1180 4616 1238 4669 δὲ
1278 4615 1409 4680 ἀλας
1457 4617 1669 4689 πικρὸν,
1719 4617 1811 4670 καὶ
1844 4634 1968 4670 στυ-

408 4709 667 4779 πτηρίαν,
719 4708 814 4761 καὶ
865 4707 962 4776 τῆς
1005 4707 1278 4775 ἀσφάλτου
1337 4707 1586 4778 μελαίνας
1621 4705 1842 4777 βώλους,
1892 4706 1968 4768 ὡς

408 4799 636 4854 ἑοικέναι
668 4799 888 4862 τούτους
920 4797 1137 4867 ταύροις
1167 4798 1456 4866 ἀκεφάλοις
1484 4799 1543 4852 τὸ
1577 4798 1821 4868 μέγεθος.
1857 4800 1968 4852 Καὶ

404 4893 455 4946 οί
499 4891 718 4956 ναῦται,
767 4890 863 4954 τὰς
903 4888 1103 4960 βώλους
1151 4890 1351 4953 ταύτας
1402 4891 1772 4962 δρασσόμενοι,
1831 4891 1965 4960 πλη-

409 4984 560 5056 ροῦσι
589 4984 659 5036 τά
689 4982 889 5054 σκάφη,
925 4982 1016 5034 καί
1039 4981 1286 5035 ἕλκουσιν
1317 4982 1410 5035 ἐπὶ
1432 4981 1528 5052 τὴν
1549 4982 1758 5053 χέρσον.
1794 4983 1966 5053 Προσ-

408 5075 693 5146 πήγνυταιῖ
720 5073 776 5126 δὲ
816 5071 893 5144 τῷ
929 5071 1069 5141 ξύλῳ
1106 5073 1200 5125 τοῦ
1247 5073 1431 5126 πλοίου
1473 5077 1504 5143 ἡ
1538 5072 1830 5142 ἄσφαλτος,
1871 5072 1966 5126 καὶ

405 5165 786 5230 ἀποξυλοῦται,
816 5164 891 5228 ὡς
922 5165 996 5237 μὴ
1027 5163 1282 5219 δύνασθαι
1313 5164 1487 5229 άλλως
1510 5165 1961 5236 ἀποκολληθῆναι,

406 5262 454 5311 εἰ
484 5259 558 5330 μὴ
592 5258 841 5330 βρεχθείη
866 5257 1046 5329 οὔροις
1076 5259 1170 5311 καὶ
1198 5257 1522 5326 γυναικείοις
1545 5259 1824 5329 ἐμμήνοις·
1848 5257 1968 5310 τού-

406 5369 514 5415 τοις
549 5351 660 5421 γὰρ
693 5349 860 5404 εἴκειν
893 5351 1071 5421 μόνοις
1103 5349 1364 5420 πέφυκεν.
1410 5350 1710 5404 Ἀλλάττειν
1734 5350 1790 5403 δέ
1834 5369 1965 5420 φασι

2073 4622 2250 4691 capite
2277 4621 2482 4678 similes
2512 4621 2885 4692 magnitudine
2925 4620 3117 4692 gignit,
3140 4627 3193 4674 et
3240 4626 3418 4674 nautae
3447 4617 3636 4688 globos

2073 4712 2238 4768 hosce
2268 4712 2543 4782 abreptos,
2580 4712 2810 4767 navibus
2851 4712 3062 4767 onustis
3089 4712 3145 4765 in
3177 4711 3326 4766 littus
3358 4710 3635 4768 trahentes

2072 4804 2341 4861 deferunt.
2374 4803 2647 4860 Navicula:
2678 4821 2806 4860 vero
2835 4806 2994 4876 lignis
3022 4805 3265 4860 bitumen
3291 4814 3633 4876 compactum

2073 4897 2332 4960 adhaeret,
2360 4903 2414 4951 et
2444 4897 2608 4952 veluti
2655 4897 2861 4967 lignqu
2912 4898 3247 4963 obdurescit,
3281 4897 3354 4952 ita
3378 4905 3436 4951 ut
3478 4897 3635 4951 evelli

2071 4987 2412 5056 diseindique
2449 4995 2701 5058 nequeat,
2735 4995 3093 5058 praeterquam
3129 4988 3276 5043 loliis
3305 4989 3634 5043 menstruis-

2069 5093 2175 5149 que
2201 5078 2487 5133 mulierum
2509 5094 2816 5148 aspersum.
2850 5078 2975 5133 Sola
2998 5078 3142 5133 enim
3170 5078 3273 5132 hac
3305 5079 3356 5132 vi
3388 5079 3634 5148 superari

2067 5179 2266 5243 potest.
2300 5169 2547 5224 Tradunt
2576 5185 2770 5240 aquam
2799 5171 3040 5238 quotidie
3063 5171 3238 5226 tribus
3265 5171 3480 5226 vicibus
3513 5187 3633 5226 mu-

2070 5272 2187 5320 tare
2220 5263 2454 5326 colores,
2483 5262 2785 5332 crebraque
2824 5263 3038 5318 illorum
3071 5261 3367 5317 mutatione
3402 5263 3470 5316 ad
3501 5263 3631 5319 solis

2071 5355 2255 5411 radios
2285 5355 2610 5409 illustratam
2649 5355 2785 5409 mire
2832 5353 3128 5408 videntium
3169 5353 3357 5409 oculos
3396 5353 3627 5412 allicere.

405 5443 503 5513 τῆς
546 5442 754 5513 ἡμέρας
807 5444 992 5516 χροιὰς
1037 5448 1184 5508 τρεῖς
1233 5444 1294 5499 τὸ
1343 5445 1507 5516 ὕδωρ,
1555 5446 1648 5502 καὶ
1693 5444 1962 5506 ποικιλίαν
1995 5447 2166 5516 ὅψεως
2204 5447 2504 5518 ἐκπέμπειν
2541 5438 2679 5517 πρὸς
2725 5446 2824 5517 τὴν
2852 5447 3042 5500 ἀκτῖνα
3103 5444 3196 5499 τοῦ
3246 5444 3397 5498 ὑλίου
3430 5445 3627 5499 ἀνταυ-

405 5536 622 5604 γοῦσαν.

490 5631 546 5684 ’0
582 5633 637 5684 δὲ
681 5630 946 5702 Ἀϐραὰμ,
985 5631 1374 5703 ἑκατοντούτης
1403 5633 1706 5704 γενόμενος,
1753 5637 1968 5706 γνήσιον

2146 5632 2344 5688 Verum
2374 5630 2644 5685 Abraham
2701 5629 2875 5685 aetatis
2903 5646 3015 5686 suze
3047 5587 3188 5687 anno
3225 5628 3522 5687 centesimo
3546 5627 3626 5688 le-

479 5788 522 5822 “
551 5786 676 5844 Gen.
707 5804 805 5854 xu,
847 5790 891 5844 ι.
967 5791 1011 5821 θ’
1041 5787 1182 5844 Ibid.
1215 5789 1302 5847 10.
1381 5791 1423 5824 ⁸³
1455 5789 1583 5847 Gen.
1618 5808 1730 5859 xvi,
1765 5793 1815 5848 ἃ.
1890 5795 1931 5825 υ
1966 5801 1974 5844 4

2079 5835 2089 5847 .
2123 5808 2244 5860 χιιι,
2281 5790 2404 5868 1οη
2443 5790 2488 5868 ξ’
2537 5789 2662 5850 Gen.
2698 5809 2807 5860 nx,
2841 5790 2934 5849 ΕΗ.
