4112 6460
523 377 628 432 763

1395 368 1450 422 S.
1497 363 1940 438 EUSTATHIUS
1980 366 2471 426 ANTIOCIIENUS
2509 369 2908 427 EPISCOPUS.

3662 373 3768 431 ’164
3812 417 3818 426 .

522 489 773 560 gitimum
795 489 962 544 ﬁlium
977 484 1125 544 Isaac
1141 503 1205 544 ex
1223 486 1387 544 Sarra
1401 488 1639 561 suscepit
1655 488 1778 557 “,et
1795 498 1918 561 post
1946 493 2099 539 octa-

2202 488 2362 542 παῖδα
2395 491 2459 542 ἐκ
2486 487 2586 558 τῆς
2609 486 2825 558 Σάρρας
2847 487 2937 539 τὸν
2974 486 3158 540 Ἰσαάκ
3183 487 3438 559 ἐγέννησε
3461 507 3473 519 ο
3505 489 3597 543 καὶ
3631 493 3770 562 μετὰ

522 597 647 637 vum
671 581 811 636 diem
842 577 1184 633 circumcidit
1200 577 1267 642 ⁸⁷,
1297 575 1662 646 indeque’mos
1682 577 1772 632 blc
1807 577 2096 632 circumci-

521 671 684 727 dendi
716 685 914 742 pueros
958 671 1102 739 apud
1130 668 1386 725 Hebraeos
1416 669 1668 724 invaluit.
1700 669 1836 726 Nam
1865 671 2093 734 Arabes.

523 764 613 834 qui
627 774 679 820 et
699 763 1003 828 lsmaelitac,
1026 762 1241 818 decimo
1261 763 1421 819 tertio
1441 761 1910 818 circumciduntur
1924 779 2093 828 anno,

523 875 645 914 cum
666 873 854 913 eorum
889 859 1098 929 primus
1125 873 1322 930 parens
1355 857 1546 915 lsmael
1566 873 1631 914 eo
1664 865 1903 930 tempore
1935 858 2097 915 fuerit

523 950 886 1006 circumcisus
903 949 970 1006 ⁸⁸.

591 1042 864 1098 Abraham
935 1043 1010 1097 ita
1081 1042 1344 1099 suadente
1393 1041 1590 1110 Sarra,
1652 1042 1936 1100 lsmaelem
1991 1043 2098 1100 alio

521 1133 811 1188 transtulit
832 1135 898 1198 ",
929 1149 996 1189 ne
1019 1149 1084 1189 eo
1111 1133 1222 1188 vita
1258 1133 1444 1190 functo
1465 1133 1582 1205 ipse
1599 1135 1755 1206 quasi
1777 1137 1988 1206 primus
2010 1151 2098 1206 ge-

521 1226 676 1280 nitus
706 1225 774 1280 de
808 1225 1165 1296 primogeniis
1192 1225 1413 1296 juribus
1441 1227 1799 1293 contendens,
1829 1227 1982 1282 Isaac
2004 1227 2098 1284 de-

521 1317 838 1373 trimentum
873 1317 1212 1388 importaret.
1246 1317 1488 1376 lsmaelis
1516 1319 1699 1390 itaque
1725 1335 2095 1386 successores,

521 1418 725 1466 terram
758 1426 878 1481 qua:
921 1412 989 1466 ab
1032 1410 1306 1482 Euphrate
1340 1411 1394 1467 in
1432 1427 1582 1470 mare
1610 1412 1859 1470 Rubrum
1894 1413 2096 1470 diﬂ‘un-

520 1503 690 1568 ditur,
716 1509 1072 1574 occuparunt.

595 1595 704 1650 Nec
743 1597 915 1650 multo
944 1597 1128 1667 post"
1151 1595 1296 1653 Deus
1327 1604 1388 1652 ut
1425 1597 1530 1653 sibi
1569 1597 1636 1654 ad
1673 1608 1901 1655 mortem
1948 1597 2098 1655 Isaac

522 1684 831 1750 oll‘erretur,
867 1687 1142 1758 praecepit,
1167 1695 1220 1744 et
1241 1687 1511 1744 Abraham
1541 1705 1808 1745 summam
1839 1689 1944 1745 hoc
1975 1706 2098 1747 esse

520 1783 704 1832 notam
740 1777 958 1848 pietatis
1000 1780 1346 1844 existimans,
1377 1782 1632 1837 maximis
1676 1783 1985 1848 conatibus,
2028 1783 2096 1838 ad

521 1868 890 1924 summitatem
919 1870 1211 1940 quamdam
1242 1873 1434 1941 pergit,
1455 1871 1728 1942 rebusque
1747 1871 2003 1927 omnibus
2033 1871 2100 1926 ad

521 1960 858 2017 sacriﬁcium
896 1969 1020 2034 apte
1047 1962 1495 2031 accommodatis,
1523 1963 1597 2018 ita
1657 1963 1826 2018 ﬁlium
1874 1963 2105 2035 alloqui-

523 2061 615 2109 llll'
644 2072 660 2109 2

596 2163 614 2196 ι
658 2144 855 2216 Longis
882 2145 1220 2216 inﬁnitisque
1235 2146 1510 2216 precibus,
1538 2154 1596 2202 ut
1619 2148 1750 2203 mihi
1769 2147 2098 2211 nascereris,

521 2258 555 2296 υ
579 2239 674 2302 ﬁli,
706 2254 736 2292 a
779 2238 888 2294 Deo
931 2238 1252 2308 impetravi;
1286 2239 1340 2292 in
1372 2239 1550 2294 lucem
1579 2239 1727 2294 edito
1756 2239 1937 2294 omnia
1976 2254 2098 2310 quae

524 2327 594 2382 ad
636 2337 784 2381 tuam
811 2326 1193 2383 educationem
1220 2327 1675 2400 disciplinamque
1695 2330 2004 2384 conducere
2027 2328 2104 2384 vi-

521 2419 811 2486 debantur,
881 2420 1205 2476 ambitiosus
1263 2420 1567 2492 insumpsi;
1635 2422 1692 2477 in
1753 2438 1926 2494 coque
1985 2423 2102 2479 solo

524 2524 796 2566 summam
831 2510 962 2564 mihi
990 2511 1150 2566 rebar
1174 2509 1488 2567 felicitatem
1517 2512 1773 2584 positam,
1796 2514 1841 2570 si
1873 2522 1925 2569 te
1947 2515 2103 2569 adul-

521 2608 640 2654 tum
670 2599 726 2654 in
758 2607 1007 2656 extremo
1037 2601 1160 2656 vitte
1193 2616 1329 2657 meae
1359 2601 1468 2665 die,
1496 2617 1681 2657 rerum
1717 2619 1960 2658 mearum
1992 2615 2104 2660 sta-

525 2701 723 2762 tusque
767 2692 1036 2749 haeredem
1067 2709 1550 2766 successoremque
1578 2696 1959 2767 relinquerem.
1993 2694 2099 2752 Sed

525 2800 648 2839 cum
682 2785 776 2840 Dei
835 2785 1103 2841 beneﬁcio
1148 2795 1313 2858 atque
1360 2802 1586 2843 munere
1615 2795 1769 2858 pater
1813 2796 1942 2843 tuus
1972 2787 2094 2850 sim,

527 2895 748 2936 rursum
777 2879 855 2934 illi
891 2879 1189 2950 postulanti
1231 2886 1287 2934 te
1325 2878 1515 2934 oﬂ‘ero.
1551 2877 1772 2934 Sustine
1819 2878 1986 2950 igitur
2008 2894 2101 2949 ge-

525 2986 724 3027 nerose
785 2971 1130 3041 viriliterque
1177 2970 1318 3026 hanc
1379 2970 1850 3026 consecrationem
1898 2989 1911 3025 :
1962 2970 2100 3025 cedo

526 3065 669 3118 enim
705 3073 758 3118 te
780 3061 911 3129 Deo,
949 3063 1040 3133 qui
1063 3063 1272 3119 honore
1299 3062 1403 3118 hoc
1437 3078 1468 3117 a
1505 3062 1664 3118 nobis
1683 3063 1798 3118 vult
1824 3061 2094 3126 decorari,

530 3163 755 3225 propter
777 3169 842 3209 ea
871 3170 993 3226 qua:
1033 3155 1164 3210 mihi
1211 3156 1476 3226 benignus
1508 3163 1806 3225 custosque
1825 3155 2094 3225 praestitit.

529 3246 632 3301 Abi
674 3247 840 3318 igitur
890 3263 998 3303 non
1057 3247 1338 3302 communi
1378 3247 1621 3302 omnium
1667 3261 1818 3302 more
1867 3255 2096 3302 mortem

525 3339 740 3404 obiens,
791 3339 888 3395 sed
935 3354 964 3393 a
1008 3347 1163 3410 patre
1212 3339 1454 3410 proprio,
1495 3354 1676 3394 rerum
1723 3339 1966 3392 omnium
2006 3353 2101 3408 pa-

527 3433 667 3488 renti
717 3431 846 3496 Deo,
880 3433 1000 3489 vice
1029 3432 1280 3488 sacriﬁcii
1326 3434 1663 3503 praemissus,
1698 3431 1790 3502 qui
1839 3439 2013 3496 tuum,
2035 3445 2100 3486 ea

526 3533 611 3582 est
645 3525 792 3583 illius
823 3525 1105 3596 maiestas,
1141 3525 1564 3596 neque‘morbo,
1596 3540 1774 3596 neque
1811 3525 1973 3588 bello,
2005 3539 2102 3580 ne-

528 3636 637 3690 que
664 3620 777 3674 ullo
819 3620 947 3685 alio,
979 3621 1180 3691 quibus
1217 3634 1390 3691 genus
1432 3619 1732 3674 humanum
1773 3617 1969 3674 conﬁci
2002 3631 2101 3671 na-

529 3719 647 3766 tum
677 3719 779 3777 est,
809 3710 904 3766 sed
927 3711 1182 3781 precibus
1209 3720 1263 3765 et
1299 3708 1571 3766 sacriﬁcio
1601 3709 1843 3763 animum
1879 3709 2098 3778 excipit.

533 3801 672 3858 Tum
712 3802 878 3857 Deum
911 3802 1041 3856 mihi
1077 3809 1333 3868 tutorem,
1365 3811 1708 3872 senectaeque
1749 3816 1880 3855 meae
1917 3801 2104 3856 mode-

533 3901 794 3960 ratorem,
823 3891 943 3948 vice
975 3899 1066 3947 tua
1096 3892 1402 3963 praestabis.
1445 3912 1464 3944 ι

606 3986 817 4054 Quibus
841 3986 1064 4054 auditis,
1096 3987 1169 4040 ita
1199 3984 1394 4042 eﬁ‘atus
1433 3993 1518 4042 est
1547 3985 1696 4041 Isaac
1728 4006 1741 4038 :
1773 4004 1790 4037 ι
1815 3983 1957 4041 Sane
1992 3986 2106 4056 qui-

535 4083 657 4139 dem
693 4097 868 4153 neque
895 4081 1049 4137 initio
1075 4082 1275 4152 dignus
1294 4080 1603 4151 iudicarer,
1627 4080 1721 4148 qui
1744 4093 2021 4143 nascerer,
2057 4080 2103 4136 si

537 4175 632 4233 Dei
665 4173 1230 4247 patrisquejudicium
1265 4173 1598 4244 probaturus
1631 4187 1739 4226 non
1763 4186 1962 4238 essem,
1989 4187 2107 4228 me-

543 4284 650 4339 que
684 4267 1092 4338 promptissime
1136 4266 1422 4336 utriusque
1470 4265 1736 4320 voluntati
1781 4263 2105 4320 commissu-

2196 579 2294 647 τήν
2330 579 2522 651 ὀγδόην
2559 579 2769 650 ἡμέραν
2804 577 2967 632 αὐτὸν
3004 577 3346 650 περιέτεμεν,
3379 579 3437 646 ἐξ
3467 576 3528 636 οὐ
3555 583 3646 636 καὶ
3672 582 3768 636 νῦν

2193 672 2256 725 τὸ
2308 671 2428 736 ἔθος
2464 671 2621 725 τοῦτο
2668 673 2718 725 oi
2775 671 3016 743 Ἑϐραῖοι
3069 672 3416 740 φυλάττουσι,
3461 677 3528 746 τῇ
3588 677 3769 748 ήμέρα

2195 762 2367 835 ταύτῃ
2412 763 2878 836 περιτεμνόμενοι.
2924 763 3158 834 Ἀραϐες
3195 764 3302 836 γάρ
3347 765 3443 818 καὶ
3485 768 3535 820 οί
3583 767 3771 837 Ἰσμα-

2195 855 2374 926 ηλῖται
2407 858 2835 928 τρισκαιδεκάτῳ
2875 858 3293 929 περιτέμνονται
3335 857 3466 922 ἔτει,
3505 857 3599 912 τοῦ
3632 875 3768 932 προ-

2198 947 2429 1020 πάτορος
2463 950 2640 1004 αὐτῶν
2686 951 2907 1022 ’ῐσμαὴλ
2939 951 3080 1005 οὓτω
3123 950 3574 1023 περιτμηθέντος.

2265 1040 2511 1104 Πεισθεὶς
2559 1041 2616 1094 δὲ
2665 1042 2770 1095 ὐπὸ
2819 1043 2919 1114 τῆς
2972 1043 3207 1114 Σάρρας,
3270 1043 3300 1095 6
3365 1041 3615 1113 Ἀϐραάμ
3671 1041 3766 1098 τὸν

2211 1132 2432 1204 Ίσμαήλ
2473 1133 2729 1205 ἀλλαχόσε
2772 1133 3075 1206 μετῴκησε,
3123 1135 3330 1205 μήποτε
3372 1133 3511 1204 μετὰ
3537 1133 3634 1207 τὴν
3668 1133 3768 1188 αὐ-

2197 1225 2289 1279 τοῦ
2330 1224 2649 1291 άποϐίωσιν,
2674 1225 2750 1290 ὡς
2788 1225 3131 1298 πρωτότοκος
3173 1225 3300 1296 περὶ
3326 1225 3434 1278 τῶν
3463 1224 3768 1295 πρεσϐείων

2198 1317 2549 1388 κακουργήσῃ
2578 1317 2668 1370 τὸν
2715 1318 2919 1370 Ἰσαάκ.
2953 1315 3231 1386 Κατέσχον
3259 1314 3390 1385 γοῦν
3414 1316 3508 1369 τοῦ
3546 1317 3770 1388 Ἰσμαήλ
3867 1362 3870 1365 .

2196 1407 2250 1460 oi.
2288 1409 2540 1476 ἀπόγονοι
2568 1408 2666 1480 τήν
2696 1409 2803 1462 ἀπὸ
2843 1407 3130 1481 Εὐφράτου
3165 1408 3509 1479 καθήκουσαν
3543 1408 3648 1479 γῆν
3677 1408 3770 1462 ἐπὶ

2196 1498 2297 1568 τὴν
2341 1498 2608 1570 Ἐρυθρὰν
2647 1499 2940 1554 θάλασσαν.

2267 1591 2422 1646 Μετὰ
2447 1592 2502 1646 δὲ
2537 1593 2724 1663 χρόνον
2755 1594 2834 1656 εἰς
2860 1591 3051 1646 θυσίαν
3080 1595 3109 1646 6
3138 1592 3268 1656 Θεὸς
3297 1593 3388 1646 τὸν
3447 1593 3630 1648 Ἰσαὰκ
3682 1595 3774 1649 άν-

2198 1682 2477 1754 ενεχθῆναι
2528 1683 2676 1754 αὐτῷ
2719 1684 3081 1754 προσέταξεν
3118 1685 3212 1738 καὶ
3256 1688 3284 1738 ό
3350 1684 3616 1756 Ἀϐραάμ,
3669 1685 3771 1757 μέ-

2197 1792 2383 1844 γιστον
2431 1775 2522 1827 καὶ
2566 1775 2724 1828 τοῦτο
2773 1775 3058 1839 εὐσεϐείας
3097 1775 3364 1848 σύμϐολον
3405 1776 3769 1847 ἡγησάμενος,

2205 1871 2510 1939 ἀφικνεῖται
2543 1872 2637 1923 σύν
2667 1869 2834 1941 πολλῇ
2863 1870 3138 1942 προθυμίᾳ
3165 1871 3251 1923 ἐπ’
3277 1871 3582 1942 ἀκρωρείας
3607 1869 3770 1933 τινὸς,

2205 1962 2300 2016 καὶ
2340 1962 2516 2016 πάντα
2549 1962 2615 2015 τά
2649 1962 2783 2034 πρὸς
2827 1961 2925 2033 τήν
2958 1962 3150 2015 θυσίαν
3178 1963 3523 2034 εὐτρεπίσας,
3574 1961 3773 2031 φάσκει

2208 2052 2342 2122 πρὸς
2368 2051 2460 2104 τὸν
2491 2051 2652 2104 παῖδα
2687 2050 2851 2104 αὐτοῦ
2871 2068 2884 2080 ·

2281 2162 2304 2193 ο
2356 2138 2425 2195 Ὦ
2476 2145 2607 2207 παῖ,
2664 2141 2885 2213 μυρίαις
2936 2143 3122 2212 εὐχαῖς
3170 2142 3533 2214 αίτησάμενός
3579 2158 3638 2193 σε
3679 2157 3773 2209 γε-

2203 2235 2390 2289 νέσθαι
2431 2252 2521 2306 μοι
2560 2235 2711 2307 παρὰ
2751 2235 2908 2294 Θεοῦ,
2937 2236 3060 2289 ἐπεὶ
3088 2235 3362 2308 παρῆλθες
3404 2237 3483 2299 εἰς
3518 2235 3608 2288 τὸν
3636 2234 3769 2305 βίον,

2204 2330 2305 2383 οὐκ
2341 2327 2485 2381 ἔστιν
2511 2329 2539 2381 ὃ
2577 2345 2629 2380 τι
2663 2327 2738 2399 μὴ
2768 2329 2897 2399 περὶ
2929 2327 3026 2398 τήν
3067 2327 3164 2400 σήν
3200 2327 3507 2400 ἀνατροφὴν
3538 2327 3770 2396 ἐφιλοτι-

2207 2420 2486 2494 μησάμην,
2535 2420 2643 2475 οὐδ’
2683 2422 2770 2489 ἐφ’
2817 2413 2862 2488 ᾧ
2905 2420 3101 2492 μᾶλλον
3139 2419 3546 2491 εὐδαιμονήσειν
3590 2419 3768 2489 ᾣμην,

2201 2515 2277 2578 ὡς
2314 2514 2498 2584 ἐπειδή
2537 2512 2606 2584 μέ
2635 2530 2693 2565 σε
2725 2511 3068 2584 ἠνδρωμένον
3099 2512 3192 2565 καὶ
3231 2510 3491 2564 τελευτῶν
3532 2509 3770 2579 διάδοχον

2202 2607 2378 2678 ἀρχῆς
2408 2607 2508 2678 τῆς
2545 2604 2783 2674 ἐμαυτοῦ
2823 2605 3228 2676 καταλείποιμι.
3289 2603 3427 2656 Ἀλλ’
3474 2603 3596 2655 ἐπεὶ
3633 2601 3768 2655 Θεοῦ

2203 2697 2524 2769 βουλομένου
2571 2696 2662 2762 σδς
2711 2697 2892 2769 πατὴρ
2927 2697 3214 2767 ἐγενόμην,
3259 2695 3419 2750 πάλιν
3465 2694 3638 2765 τούτῳ
3685 2696 3770 2747 ai-

2198 2789 2376 2844 τοῦντι
2404 2790 2698 2861 ἀνατίθημί
2742 2807 2820 2843 σε.
2863 2790 2999 2861 Φέρε
3037 2785 3131 2843 οὖν
3159 2788 3420 2858 γενναίως
3448 2788 3546 2858 τήν
3586 2786 3769 2840 καθιέ-

2203 2901 2394 2957 ρωσινο
2441 2883 2520 2956 τῷ
2562 2882 2680 2955 Θεῷ
2727 2883 2836 2954 γάρ
2883 2899 2942 2935 σε
2974 2879 3306 2952 παραχωρῶ,
3352 2878 3555 2950 ταύτης
3605 2876 3767 2944 ἀξιώ-

2200 2994 2352 3031 σαντι
2390 2977 2519 3049 παρ’
2566 2976 2721 3048 ήμῶν
2751 2975 2852 3046 τῆς
2900 2975 3086 3045 τιμῆς,
3117 2973 3234 3027 ἀνθ’
3279 2965 3354 3027 ὧν
3400 2971 3632 3043 εὐμενὴς
3677 2969 3770 3023 καὶ

2200 3070 2508 3141 προστάτης
2551 3087 2640 3140 μοι
2678 3069 2922 3138 γέγονεν.
2971 3065 3160 3120 Ἀπιθι
3195 3063 3289 3119 οὖν
3341 3066 3442 3118 οὐκ
3486 3061 3771 3118 ἀποθανὼν

2199 3161 2291 3213 τὸν
2324 3160 2502 3215 κοινὸν
2534 3160 2600 3213 ἐκ
2632 3159 2726 3213 τοῦ
2757 3159 2855 3230 ζῇν
2878 3159 3097 3231 τρόπον,
3121 3157 3234 3211 ἀλλ’
3274 3156 3379 3210 ὐπὸ
3405 3156 3606 3226 πατρὸς
3640 3154 3769 3209 ἰδίου

2199 3253 2319 3324 Θεῷ
2354 3251 2431 3322 τῷ
2461 3252 2678 3306 πάντων
2704 3251 2873 3322 πατρὶ
2896 3252 3044 3322 νόμῳ
3072 3249 3262 3312 θυσίας
3294 3247 3767 3319 προπεμπόμενος.
3827 3245 3830 3249 ’

2204 3346 2384 3412 Ἀξιον
2431 3339 2582 3415 οἶμαί
2627 3361 2687 3396 σε
2718 3343 3002 3415 κρίναντος
3044 3340 3230 3407 αὐτοῦ,
3273 3342 3409 3412 μήτε
3440 3340 3600 3411 νόσῳ,
3638 3339 3773 3411 μήτε

2201 3437 2440 3507 πολέμῳ,
2487 3437 2626 3508 μήτε
2665 3435 2810 3506 ἄλλῳ
2847 3435 2953 3488 τινὶ
2991 3434 3097 3489 τῶν
3129 3433 3336 3498 παθῶν,
3368 3432 3402 3488 ἃ
3445 3432 3773 3504 συμπίπτειν

2200 3526 2510 3602 ἀνθρώποις
2557 3527 2785 3598 πέφυκε,
2834 3527 2949 3597 μετ’
2995 3525 3168 3596 εὐχῶν
3224 3525 3282 3580 δὲ
3333 3525 3424 3579 καὶ
3469 3525 3774 3597 ἱερουργίας

2200 3616 2410 3670 ἐκείνου
2438 3615 2534 3686 τὴν
2580 3614 2679 3686 σὴν
2709 3614 2886 3686 ψυχήν
2926 3613 3383 3685 προσδεξαμένου.
3417 3615 3554 3686 "Eon
3582 3615 3640 3668 δέ
3685 3633 3774 3686 μοι

2203 3707 2282 3769 είς
2307 3705 2576 3778 κηδεμόνα
2601 3705 2694 3758 καὶ
2716 3703 3025 3775 γηροκόμον
3047 3701 3138 3755 τὸν
3163 3702 3292 3757 Θεόν
3318 3719 3407 3774 μοι
3435 3703 3554 3756 ἀντὶ
3578 3702 3775 3757 σαυτοῦ

2203 3799 2633 3870 παρασχόμενος.
2674 3815 2692 3849 ι

2274 3973 2489 4028 Τούτων
2519 3970 2757 4034 ἀκούσας
2790 3971 2819 4024 6
2863 3967 3046 4022 Ἰσαὰκ
3070 3966 3172 4038 ἔφη
3213 3967 3348 4038 πρὸς
3372 3967 3562 4021 αὐτόν’
3600 3987 3617 4019 ι
3643 3968 3781 4024 Οὐδὲ

2202 4067 2300 4140 τὴν
2339 4067 2514 4138 ἀρχὴν
2563 4063 2844 4133 γεγονέναι
2875 4063 3083 4124 δίκαιος
3117 4062 3236 4132 εἴην
3275 4060 3361 4126 ἂν,
3409 4063 3457 4114 εί
3499 4061 3631 4115 Θεοῦ
3681 4063 3781 4116 καὶ

2205 4159 2410 4229 πατρὸς
2457 4157 2705 4229 μέλλοιμι
2749 4155 2932 4227 κρίσιν
2976 4155 3332 4217 ἀπωθεῖσθαι,
3365 4153 3561 4224 καὶμὴ
3604 4156 3781 4225 παρέ-

2204 4270 2318 4325 χειν
2366 4252 2598 4325 ἐμαυτὸν
2644 4252 2753 4314 τοῖς
2793 4250 3118 4322 ἀμφοτέρων
3148 4248 3479 4319 βουλήμασιν
3521 4247 3776 4318 ἑτοίμως.

2220 4344 2360 4398 Ἀλλ’
2397 4345 2444 4397 εί
2491 4343 2586 4396 καὶ
2632 4341 2790 4412 μόνος
2831 4340 3003 4395 ταῦτα
3049 4343 3077 4393 6
3121 4341 3300 4412 πατὴρ
3343 4341 3652 4411 προῃρεῖτο,
3702 4339 3781 4412 μὴ

2207 4435 2502 4490 ὑπακούειν
2533 4433 2716 4488 ἄδικον
2743 4429 2829 4504 ἦν.
2877 4452 2895 4483 ι

536 4370 654 4410 rus.
702 4354 809 4410 Sed
838 4355 883 4410 si
915 4355 998 4410 vel
1029 4361 1184 4425 pater
1237 4354 1388 4412 solus
1430 4354 1533 4411 hoc
1563 4361 1848 4420 tentasset,
1880 4354 2104 4425 impium

536 4454 681 4504 esset
710 4461 818 4500 non
849 4445 1085 4502 obedire.
1130 4465 1149 4498 ι

610 4537 744 4592 Dum
797 4537 901 4593 hoc
931 4537 1190 4608 loquitur,
1222 4539 1287 4594 ad
1333 4553 1483 4594 aram
1533 4537 1846 4608 caedemque
1875 4545 2101 4608 paratus

2279 4527 2387 4581 Καὶ
2426 4523 2601 4579 ταῦτα
2643 4524 2816 4593 λέγων
2856 4523 3112 4595 ὥρμησεν
3166 4526 3257 4578 ἐπὶ
3301 4522 3390 4577 τὸν
3441 4522 3641 4594 βωμὸν,
3684 4526 3782 4577 καὶ

539 4645 862 4701 progressus
876 4642 978 4686 est.
989 4630 1090 4686 Sed
1110 4631 1557 4701 Deus,utriusque
1569 4638 1821 4701 prompto
1833 4629 2106 4702 alacrique

2209 4622 2306 4693 τὴν
2339 4621 2576 4689 σφαγήν.
2637 4618 2694 4672 Ὀ
2727 4617 2783 4700 δὲ
2825 4616 2976 4680 Θεὸς,
3025 4618 3123 4688 τὴν
3162 4617 3420 4688 ἑκατέρου
3471 4615 3782 4700 προθυμίαν

543 4722 724 4778 animo
748 4730 1051 4793 perspecto,
1083 4724 1220 4794 patri
1251 4723 1416 4778 ﬁlium
1439 4722 1662 4777 donavit
1689 4723 1757 4786 τί,
1784 4721 1956 4777 ariete
1981 4722 2105 4776 loco

2210 4712 2626 4783 ἀποδεξάμενος,
2656 4711 2945 4783 ἐχαρίσατο
2973 4709 3052 4781 τῷ
3081 4710 3249 4782 πατρί¹
3277 4710 3368 4764 τὸν
3401 4709 3586 4773 παῖδα,
3626 4709 3782 4774 κριὸν

543 4813 796 4869 sacriﬁcii
833 4814 928 4868 ﬁlii
955 4824 1400 4878 commonstrato,
1420 4829 1579 4885 quem
1614 4814 1796 4869 statim
1827 4828 1928 4884 pro
1958 4813 2108 4870 Isaac

2210 4807 2330 4864 ἀντὶ
2361 4805 2459 4877 τῆς
2489 4804 2583 4858 τοῦ
2627 4805 2816 4868 παιδὸς
2854 4803 3033 4868 δείξας
3065 4801 3478 4866 ὁλοκαυτώσεως
3498 4819 3510 4833 ·
3557 4803 3649 4855 καὶ
3676 4818 3781 4854 πα-

542 4906 652 4962 ﬁlio
675 4921 776 4961 suo
801 4906 1016 4968 obtulit,

609 5080 792 5138 Primo
817 5082 1062 5139 omnium
1103 5082 1333 5138 Abrahae
1386 5081 1481 5137 Dci
1516 5080 1774 5147 Verbum,
1821 5083 1874 5137 lu
1935 5079 2105 5152 ﬁgura

541 5177 778 5232 humana
821 5191 1089 5248 apparens
1109 5177 1178 5240 ",
1212 5176 1453 5246 gentium
1483 5176 1824 5231 vocationem
1854 5174 2110 5229 vaticina-

544 5278 659 5325 tum
683 5278 787 5330 est,
817 5285 980 5340 quam
1020 5269 1219 5325 nostris
1251 5268 1587 5337 temporibus
1617 5267 1672 5321 in
1710 5264 1972 5322 mundum
2009 5264 2106 5319 ad-

546 5363 793 5421 veniens.
824 5377 987 5432 opere
1018 5361 1329 5432 complevit,
1352 5375 1450 5431 per
1477 5359 1845 5431 evaugelicam
1873 5357 2020 5413 illius
2050 5357 2106 5414 in

546 5468 734 5510 omnes
755 5461 940 5525 gentes
967 5453 1291 5514 doctrinam,

621 5545 770 5600 lsaac
802 5545 1217 5616 quadragesimo
1239 5544 1414 5600 :etatis
1441 5560 1583 5600 anno
1597 5545 1644 5577 ⁷³
1670 5542 1970 5602 Rebeccam
2007 5543 2110 5600 sibi

633 5737 677 5766 "'
704 5737 833 5791 Cen.
860 5755 994 5803 xvn,
1027 5739 1112 5793 Π.

573 5807 658 5867 ta.
733 5808 947 5863 "ma.
989 5810 1076 5864 us.
1151 5811 1195 5841 τι
1230 5809 1626 5881 ceu.xxv,ao.

1190 5737 1601 5811 "_Gen.xx1,2.
1645 5742 1696 5798 4.
1776 5743 1818 5774 ⁸⁸
1853 5742 1977 5797 Gen.
2011 5758 2144 5811 xm,
2175 5741 2265 5798 ‘25.
2337 5744 2377 5773 τε*
2405 5741 2529 5797 Gen.
2559 5759 2670 5810 λιιι,
2709 5741 2789 5798 l0.

2216 4901 2470 4973 ραχρῆμα
2518 4897 2703 4951 τοῦτον
2749 4899 3015 4968 ἀνήνεγκε
3056 4896 3177 4950 ἀντὶ
3229 4894 3414 4948 Ἰσαάκ
3449 4893 3544 4947 τοῦ
3586 4893 3778 4956 παιδὸς

2213 4990 2398 5046 αὐτοῦ.

2283 5081 2491 5154 Πρώτῳ
2522 5081 2579 5134 δὲ
2619 5079 2697 5150 τῷ
2736 5077 2982 5151 Ἀϐραὰμ
3011 5081 3039 5132 ὁ
3069 5077 3161 5132 τοῦ
3195 5075 3330 5130 Θεοῦ
3377 5076 3548 5144 Λόγος
3581 5077 3782 5142 ἐπιφα-

2211 5175 2321 5239 νεὶς
2353 5178 2410 5228 ἐν
2452 5175 2689 5245 σχήματι
2740 5171 3025 5245 ἀνθρώπου
3078 5171 3176 5242 τὴν
3225 5169 3334 5222 τῶν
3365 5167 3536 5221 ὲθνῶν
3589 5167 3784 5237 κλῆσιν

2212 5268 2516 5329 ἐθέσπισεν,
2554 5267 2619 5336 ἢν
2647 5265 2766 5318 καθ’
2800 5266 2945 5335 ἡμᾶς
2978 5264 3320 5336 ἐπιδημήσας
3349 5261 3427 5332 τῷ
3453 5260 3663 5332 κόσμῳ,
3687 5259 3782 5313 ἐπὶ

2213 5361 2383 5432 πέρας
2410 5359 2614 5429 ήγαγεν
2650 5356 2738 5410 διά
2771 5357 2868 5428 τῆς
2903 5357 2984 5419 είς
3017 5357 3192 5410 πάντα
3232 5355 3299 5408 τά
3337 5354 3463 5425 ἔθνη
3501 5352 3780 5423 εὐαγγελι-

2216 5451 2318 5521 κῆς
2345 5448 2684 5512 διδασκαλίας
2712 5447 2894 5502 αὐτοῦ.

2290 5545 2471 5612 Ἀγων
2493 5542 2548 5595 δὲ
2573 5538 3005 5613 τεσσαρακοστὸν
3030 5537 3146 5602 ἔτος
3167 5539 3266 5609 τῆς
3295 5537 3509 5608 ἡλικίας
3528 5537 3558 5590 6
3598 5535 3782 5592 Ἰσαὰκ

2877 5739 3073 5796 "Ceu.
3117 5759 3251 5807 xx",
3316 5743 3364 5795 l.
3441 5742 3483 5774 ⁷¹
3555 5735 3698 5796 Ibid.
