4112 6468
447 357 552 413 765

1358 351 1629 408 SPURIA.
1669 384 1734 394 —
1769 350 2128 413 COMMENT.
2168 350 2235 406 IN
2274 349 2748 408 HEXAEMERON

3570 351 3674 410 766

441 472 540 543 τὴν
581 470 876 525 Ῥεϐέκκαν
922 471 1061 544 πρὸς
1104 472 1280 543 γάμον
1321 473 1532 541 ἄγεται,
1568 472 1626 540 ἐξ
1651 467 1719 546 ἦς
1762 471 1856 526 δύο
1888 475 1997 527 παῖ-

2113 471 2461 528 matrimonio
2476 471 2842 541 conjunxit",
2859 487 2923 528 ex
2946 486 3052 542 qua
3075 471 3214 529 duos
3240 471 3481 543 suscepit
3508 471 3671 537 alios,

441 562 539 627 δας
568 561 875 633 ἐγέννησεν,
923 561 1093 617 Ἦσαῦ
1128 563 1227 617 καὶ
1266 561 1478 620 Ἰακώϐ.

512 654 620 708 Καὶ
639 656 668 708 ὁ
705 654 974 726 Ἀϐραὰμ,
995 655 1391 727 τελευτησάσης
1404 656 1637 728 Σάρρας,
1654 657 1753 728 τὴν
1774 657 2009 712 Χεττοῦ-

446 762 546 817 ραν
573 748 760 816 γαμεῖ,
803 747 897 800 καὶ
929 748 1071 800 ποιεῖ
1096 745 1155 812 ἒξ
1176 747 1368 811 παῖδας
1409 746 1468 813 ἐξ
1499 747 1690 818 αὐτῆς,
1718 747 1969 822 Ζεμϐρὰν
1989 790 2005 817 ,

456 837 654 903 Ἶαζὰν,
684 837 907 909 Μαδὴν,
971 838 1280 911 Μαδιανὴν,
1340 840 1749 906 Λουσουϐάκον,
1773 842 1955 896 Σοῦον.

512 929 740 984 Φύονται
762 928 819 982 δὲ
845 929 941 983 καί¹
962 931 1029 984 ἐκ
1049 929 1255 985 τούτων
1284 931 1491 998 παῖδες,
1516 931 1682 986 Σούου
1712 932 1809 1004 μὲν
1835 933 2009 988 Σαϐα-

442 1020 633 1092 κάνης,
663 1021 757 1075 καὶ
797 1020 1063 1093 Δαδάνης,
1089 1025 1155 1077 ὲκ
1199 1023 1257 1077 δὲ
1292 1024 1482 1078 τούτου
1522 1024 1879 1096 Λατούσιμος,
1912 1025 2008 1079 καὶ

440 1112 729 1185 Ἀσουρος,
757 1115 849 1168 καὶ
875 1114 1127 1180 Λούοϐος’
1159 1116 1424 1187 Μαδάμου
1451 1116 1509 1170 δὲ
1550 1116 1720 1182 Ἦθὰ,
1750 1100 2004 1190 Θωὲρρῆς,

446 1207 731 1277 ’Λμωχος,
803 1206 1052 1274 Ἔϐιδος,
1116 1209 1325 1273 Ἐλδος.
1381 1209 1494 1267 Καὶ
1545 1211 1757 1275 τούτοις
1807 1211 2009 1267 ἅπασιν

454 1297 703 1370 Ἀϐραὰμ
726 1297 834 1352 ἀπὸ
856 1298 1061 1364 κοιλίας
1082 1300 1394 1371 ἐπενόησεν,
1419 1301 1614 1366 οἵτινες
1635 1301 1734 1374 τὴν
1755 1303 2007 1376 Τρογλω-

440 1389 627 1460 δύτην,
656 1390 749 1444 καὶ
796 1389 864 1445 τὰ
896 1391 1036 1464 μέρη
1074 1391 1173 1462 τῆς
1212 1390 1537 1464 Εὐδαίμονος
1596 1394 1874 1466 Ἀραϐίας,
1916 1397 2010 1451 καὶ

439 1481 564 1535 ὅσον
595 1481 689 1537 ἐπὶ
731 1480 828 1553 τὴν
874 1482 1140 1554 Ἐρυθρὰν
1183 1482 1414 1556 καθήκει
1455 1484 1748 1553 Θάλασσαν,
1779 1488 2008 1542 κατέλα-

441 1573 555 1628 ϐον.
589 1573 699 1627 Καὶ⁹
723 1574 830 1628 ἀπὸ
860 1576 956 1645 μὲν
997 1575 1192 1647 Ἀσοὺρ
1230 1576 1490 1649 Ἀσσυρία
1512 1578 1713 1650 ἐκλήθη
1735 1596 1749 1611 °
1782 1580 2010 1653 Σωφρὴν

438 1663 516 1725 δὲ,
546 1666 640 1719 ἐπὶ
668 1665 873 1737 Λιϐύην
908 1668 1260 1740 στρατεύσας,
1292 1670 1554 1742 κατέσχεν
1597 1671 1786 1744 αὐτὴν,
1821 1673 1916 1727 καὶ
1956 1673 2009 1726 oi

438 1756 694 1824 ἀπόγονοι
742 1757 930 1822 αὐτοῦ,
983 1760 1260 1813 τουτέστιν
1309 1762 1358 1814 οἱ
1406 1762 1591 1816 υἱωνοὶ
1633 1762 2009 1829 κατοικοῦντες

438 1847 629 1920 αὐτὴν,
656 1848 763 1903 ἀπὸ
788 1848 882 1903 τοῦ
920 1849 1180 1921 ὀνόματος
1206 1851 1371 1906 αὑτοῦ
1399 1852 1497 1925 τὴν
1525 1853 1705 1927 χώραν
1743 1855 2006 1927 Ἀφρικὴν

438 1941 907 2013 προσηγόρευσαν,
952 1943 1146 2008 οἵτινες
1184 1945 1457 2016 Ἡρακλεῖ.
1484 1948 1865 2019 συνεμάχησαν
1914 1950 2007 2003 ἐπὶ

450 2033 690 2088 Ἀνταῖον
719 2034 811 2089 τὸν
842 2036 1046 2107 γηγενῆ
1093 2037 1501 2108 στρατεύσαντι.
1543 2039 1649 2093 Τοῦ
1681 2041 1738 2095 δὲ
1776 2041 2004 2113 Ούαφρῆ

435 2125 710 2197 θυγατέρα
759 2126 952 2196 ἄγεται
988 2128 1288 2200 Ἡρακλῆς.
1333 2130 1393 2196 ἐξ
1439 2126 1508 2203 ἦς
1555 2132 1796 2205 Βόδωρον
1843 2134 2006 2191 παῖδα

434 2220 677 2291 εποίησε,
710 2220 856 2284 ὅστις
908 2220 1196 2293 ἐγέννησεν
1244 2223 1356 2277 υἱὸν
1406 2225 1650 2295 Σωφονὰ,
1684 2224 1744 2292 ἐξ
1775 2218 1835 2280 οὗ
1880 2227 2004 2293 τοὺς

436 2310 738 2385 βαρϐάρους
761 2313 1017 2382 Σωφονὰς
1036 2313 1302 2383 λέγουσιν.

395 2448 401 2453 .
518 2403 576 2456 '0
622 2404 680 2457 δὲ
724 2403 1003 2476 Ἀϐραὰμ,
1046 2404 1244 2476 βιώσας
1288 2405 1382 2479 ἐτη
1436 2413 1562 2480 ροε’,
1595 2407 1881 2464 ἀπέθανεν.
1903 2412 2005 2466 Ἰα-

434 2492 571 2559 κὼϐ,
606 2495 974 2567 παραρπάσας
1016 2496 1113 2568 τὴν
1145 2497 1393 2568 εὐλογίαν
1432 2498 1525 2553 τοῦ
1566 2499 1756 2567 Ἠσαῦ,
1786 2504 1867 2566 είς
1904 2503 2003 2576 τὴν

432 2585 851 2657 Μεσοποταμίαν
883 2589 1210 2659 παρεγένετο
1244 2590 1379 2660 πρὸς
1407 2590 1594 2647 Λάϐαν
1633 2592 1859 2665 ἀδελφὺν
1904 2595 2002 2667 τῆς

435 2677 639 2749 μητρὸς
683 2677 871 2741 αὑτοῦ,
917 2679 1011 2733 καὶ
1050 2679 1339 2746 δουλεύσας
1370 2681 1518 2753 αὐτῷ
1549 2682 1643 2756 ἐτη
1676 2685 1738 2739 ιδ’
1771 2686 1869 2751 τὰς
1909 2686 2003 2742 δύο

432 2760 736 2841 θυγατέρας
765 2771 930 2828 αὐτοῦ
962 2775 1173 2842 ἄγεται,
1207 2774 1307 2845 τὴν
1337 2775 1502 2831 Λείαν
1529 2778 1626 2831 καὶ
1650 2776 1746 2850 τὴν
1778 2777 2002 2850 Ῥαχὴλ,

427 2856 500 2934 ἧς
533 2860 732 2932 μᾶλλον
762 2862 843 2926 εἰς
866 2862 1159 2935 ἐπιθυμίαν
1185 2858 1365 2935 ἦλθεν.
1384 2865 1724 2939 Ἐπεθύμησε
1752 2867 1808 2922 δὲ
1832 2869 2001 2941 αὐτὴν

429 2949 492 3003 οὐ
522 2950 602 3022 τῷ
634 2951 819 3008 κάλλει
850 2947 1182 3025 ἡττώμενος,
1218 2955 1429 3028 (ἐπειδὴ
1456 2956 1639 3023 καθὼς
1668 2960 1997 3032 γέγραπται,

441 3043 641 3115 Ῥαχὴλ
688 3039 758 3116 ἦν
807 3043 947 3121 καλὴ
972 3044 1051 3118 τῷ
1087 3045 1237 3113 εἴδει,
1272 3047 1367 3102 καὶ
1411 3049 1589 3121 ὡραία
1621 3054 1687 3123 τῇ
1720 3050 1840 3123 ὕψει
1873 3054 2001 3124 σφό-

2106 565 2248 621 Esau
2278 571 2333 620 et
2353 562 2601 619 Jacob”.

2177 656 2246 712 Et
2275 656 2569 718 Abraham.
2591 662 2805 711 mortua
2823 653 3010 719 Sarra,
3027 655 3341 712 Chetturam
3358 655 3515 735 duxit
3537 670 3675 711 uxo-

2106 747 2304 812 rem”,
2331 755 2385 803 et
2409 763 2473 803 ex
2504 761 2568 802 ea
2596 762 2691 803 sex
2712 745 2902 802 habuit
2945 745 3145 802 liberos
3178 766 3193 802 :
3228 745 3517 816 Zembrau,
3604 757 3673 799 a-

2106 852 2231 901 zan,
2272 837 2486 904 Maden,
2518 837 2801 893 Madianen
2826 877 2840 900 ,
2868 836 3233 904 Lusubacum,
3259 836 3451 894 Suum.

2176 928 2243 983 Et
2268 945 2334 984 ex
2366 929 2451 985 his
2468 929 2584 997 ﬁlii,
2620 927 2733 985 Suo
2763 928 3093 993 Sabacanes,
3115 936 3170 985 et
3199 928 3444 986 Dadanes
3474 948 3490 998 ;
3518 937 3572 985 et
3602 945 3670 986 ex

2107 1020 2213 1078 hoc
2270 1021 2585 1078 Latusimus
2631 1031 2687 1078 et
2731 1022 2965 1089 Asurus,
3001 1030 3053 1077 et
3105 1020 3349 1077 Luobus.
3398 1021 3667 1087 Madame,

2107 1112 2301 1178 Hetha,
2333 1113 2599 1185 Tophres,
2648 1114 2947 1178 Amochus,
2979 1113 3206 1177 Ebidus,
3237 1102 3427 1177 Eldus,
3473 1113 3676 1183 quibus

2108 1205 2386 1270 omnibus,
2416 1205 2714 1269 Abraham,
2755 1214 3046 1276 antequam
3089 1212 3468 1270 nascerentur,
3498 1205 3674 1274 provi-

2107 1294 2207 1359 dit,
2238 1295 2440 1364 quique
2467 1292 2873 1365 Troglodytem,
2903 1302 3194 1364 partesque
3214 1292 3411 1350 Felicis
3437 1295 3673 1360 Arabia,

2107 1400 2375 1456 omneque
2402 1385 2548 1458 quod
2582 1401 2755 1456 usque
2793 1385 2861 1441 ad
2901 1401 3053 1441 mare
3104 1384 3353 1441 Rubrum
3403 1385 3678 1456 protendi-

2107 1486 2216 1541 tur,
2249 1485 2559 1542 tenuerunt,
2594 1484 2647 1534 et
2673 1492 2739 1533 ex
2779 1476 2924 1532 Asur
2954 1477 3190 1549 Assyrite
3218 1493 3416 1533 nomen
3446 1485 3551 1534 est.
3581 1478 3678 1534 So-

2076 1638 2088 1645 ‘
2108 1566 2280 1637 phren
2312 1567 2367 1622 iu
2409 1567 2657 1640 Libyam.
2691 1568 2864 1638 copiis
2888 1567 3089 1634 ductis,
3124 1582 3243 1624 eam
3289 1570 3596 1640 occupavit,
3620 1577 3676 1626 et

2107 1658 2309 1726 posteri
2341 1656 2490 1713 illius
2522 1667 2748 1728 nepotes
2789 1658 3000 1714 scilicet
3042 1658 3190 1715 illius
3220 1659 3573 1726 habitatores,
3606 1678 3674 1719 ex

2108 1747 2228 1818 ejus
2247 1750 2469 1804 nomine
2490 1750 2831 1816 provinciam
2874 1751 3115 1807 Africam
3140 1769 3425 1810 vocavere.
3451 1754 3515 1809 Hi
3537 1754 3674 1812 Her-

2037 1819 2081 1876 Β
2107 1839 2216 1892 culi
2248 1841 2521 1913 terrigeno
2562 1841 2752 1898 Antaeo
2790 1843 2992 1899 bellum
3031 1845 3284 1902 inferenti
3314 1848 3520 1903 auxilio
3545 1865 3675 1906 suc-

2106 1946 2346 1989 currere.
2410 1931 2642 2005 Vaphra:
2690 1935 2854 1992 ﬁliam
2906 1936 3010 1992 sibi
3058 1937 3406 1993 matrimonio
3453 1941 3673 2010 copulat

2106 2021 2387 2087 Hercules,
2403 2039 2471 2079 ex
2487 2040 2594 2095 qua
2618 2025 2892 2083 Bodorum
2916 2026 3083 2082 ﬁlium
3115 2030 3373 2099 suscepit,
3392 2031 3484 2101 qui
3500 2030 3670 2086 ﬁlium

2103 2117 2289 2189 genuit
2325 2113 2634 2187 Sophonam
2655 2158 2669 2184 ,
2699 2134 2762 2174 ex
2812 2134 2923 2190 quo
2965 2119 3229 2178 barbaros
3261 2119 3545 2193 Sophonas
3572 2139 3671 2181 vo-

2105 2216 2248 2263 cant.

2171 2388 2465 2454 Abraham,
2489 2404 2662 2445 CLxxv
2694 2389 2855 2447 annis
2882 2391 3137 2462 peractis,
3164 2408 3196 2448 e
3220 2393 3328 2449 vita
3347 2392 3583 2452 decessit
3599 2397 3668 2449 ".

2098 2479 2438 2544 Jacot.Esau
2469 2481 2846 2539 benedictione
2876 2493 3142 2555 praerepta
3171 2484 3239 2552 ⁷⁸,
3266 2485 3323 2542 in
3364 2484 3672 2560 Mesopota-

2100 2574 2264 2629 miam
2284 2574 2536 2646 migravit
2559 2575 2627 2631 ad
2654 2575 2841 2633 Laban
2879 2580 3070 2634 matris
3099 2594 3212 2636 suae
3237 2579 3460 2639 fratrem
3486 2585 3553 2650 ⁷⁸,
3582 2587 3672 2641 cui

2100 2680 2223 2720 cum
2261 2666 2673 2737 quatuordecim
2703 2668 2862 2725 annis
2900 2669 3298 2739 ministrasset,
3343 2673 3479 2731 duas
3524 2675 3673 2734 illius

2101 2759 2240 2816 ﬁlias
2303 2760 2479 2828 duxit,
2537 2761 2691 2819 Liam
2735 2774 2790 2821 et
2822 2762 3026 2822 Rachel
3057 2766 3124 2834 ⁸⁸,
3172 2781 3334 2838 quam
3382 2775 3438 2823 et
3474 2767 3673 2823 arden-

2100 2854 2224 2911 tiori
2274 2870 2459 2913 amore
2487 2865 2810 2929 prosecutus
2841 2866 2946 2915 est.
2994 2857 3145 2913 Illius
3178 2866 3358 2915 autem
3397 2859 3673 2916 desiderio

2105 2949 2332 3013 exarsit,
2361 2964 2468 3004 non
2493 2949 2883 3021 pulchritudini
2920 2951 3304 3016 succumbens,
3332 2950 3436 3007 etsi
3452 2949 3672 3011 Litteris

2098 3041 2373 3110 proditum
2402 3041 2475 3098 sit
2496 3039 2786 3099 Rachelem
2812 3043 3095 3114 pulchram
3123 3044 3304 3115 specie
3330 3050 3384 3099 et
3415 3043 3670 3100 decoram

427 3133 531 3207 δρα
550 3134 590 3206 ·)
621 3135 737 3190 ἀλλ’
760 3137 862 3202 ὃτι,
895 3138 1115 3210 πρώτην
1144 3139 1312 3212 αὐτὴν
1357 3141 1500 3209 ἰδὼν,
1533 3143 1609 3207 ὡς
1638 3144 1705 3198 ἂν
1746 3147 1811 3200 ὲκ
1850 3146 1997 3214 θείας

2101 3129 2241 3188 facie
2284 3131 2474 3199 fuisse,
2517 3134 2612 3191 sed
2642 3136 2788 3206 quod
2820 3136 2983 3192 simul
3019 3142 3180 3206 atque
3213 3137 3361 3191 illam
3394 3136 3668 3208 inspexit,

428 3229 741 3300 οἰκονομίας
767 3232 1199 3302 συναντήσασαν,
1233 3233 1515 3301 ἠσπάσατό
1543 3252 1621 3300 τε,
1657 3239 1751 3291 καὶ
1781 3241 2001 3313 ἠγάπη-

430 3336 542 3383 σεν,
572 3319 728 3384 είδὼς
770 3322 852 3375 ὅτι
896 3323 956 3375 τὸ
989 3322 1173 3394 θαῦμα
1202 3322 1374 3390 τοῦτο,
1413 3327 1506 3379 καὶ
1534 3328 1629 3380 ἐπὶ
1656 3329 1755 3400 τῆς
1797 3332 2001 3403 μητρὸς

426 3409 590 3467 αὐτοῦ
625 3410 914 3476 Ῥεϐέκκας
940 3414 1250 3485 γεγένηται,
1280 3416 1390 3478 ὅτε,
1417 3418 1511 3471 τοῦ
1538 3419 1724 3484 παιδὸς
1751 3422 1998 3497 Ἀϐραὰμ

340 3542 351 3557 .
427 3497 744 3569 εὐξαμένου,
780 3502 1110 3575 συνήντησεν
1140 3506 1289 3578 αὐτῷ
1335 3508 1402 3563 τὰ
1441 3512 1561 3564 κατ’
1590 3512 1775 3583 εὐχὰς,
1811 3515 1999 3571 καὶτὰ

428 3602 566 3658 προη
576 3589 782 3660 ργμένα
803 3592 950 3664 αὐτῷ
976 3594 1042 3647 δι’
1065 3595 1240 3667 ἔργων
1260 3599 1572 3673 ἐπληρώθη.

497 3678 780 3736 Τίκτονται
810 3681 866 3739 δὲ
907 3685 1093 3751 παῖδες
1122 3689 1187 3742 ὲκ
1217 3689 1319 3760 τῆς
1350 3691 1512 3756 Λείας
1535 3693 1595 3760 ἒξ
1624 3695 1772 3766 αὐτῷ
1797 3713 1811 3727 °
1848 3697 1997 3752 Ῥου-

430 3773 551 3844 δὴν,
585 3774 832 3846 Συμεὼν,
870 3778 1022 3843 Λευὶ,
1040 3780 1254 3846 Ἰούδας,
1273 3784 1546 3858 Ἰσσάχαρ,
1582 3788 1894 3845 Ζαϐουλὼν·
1931 3793 1996 3847 ὲκ

375 3861 379 3865 ’
422 3863 522 3945 τῆς
561 3863 759 3935 Ῥαχὴλ
794 3865 851 3918 δὲ
897 3867 1090 3939 Ἰωσὴφ
1123 3870 1215 3923 καὶ
1246 3871 1531 3945 Βενιαμίν·
1559 3877 1621 3929 ἐκ
1672 3877 1727 3930 δὲ
1748 3878 1850 3949 τῆς
1869 3897 1994 3934 παι-

421 3950 612 4023 δίσκης
655 3952 854 4026 Ῥαχὴλ
884 3955 984 4026 τῆς
1015 3956 1243 4029 Βάλλης,
1277 3959 1384 4013 Δὰν
1427 3961 1518 4015 καὶ
1547 3963 1893 4032 Νεφθαλείμο
1929 3969 1993 4021 ὲκ

420 4043 478 4096 δὲ
491 4044 589 4115 τῆς
607 4044 895 4118 παιδίσκης
910 4046 1072 4112 Λείας
1088 4048 1308 4120 ὀνόματι
1322 4052 1549 4123 Σελφὰς,
1567 4055 1671 4109 Γὰδ
1687 4057 1783 4111 καὶ
1803 4059 1988 4132 Ἀσήρ.

422 4134 495 4188 Τὸ
517 4134 573 4188 δὲ
597 4136 783 4210 Σύρων
806 4137 960 4207 γένος
988 4141 1053 4193 ἐκ
1081 4138 1178 4194 τοῦ
1223 4142 1391 4196 Ἦσαῦ
1427 4145 1772 4218 συνέστηκεν,
1810 4150 1860 4203 οἳ
1896 4152 1991 4205 καὶ

434 4224 714 4297 Ἰδουμαῖοι
747 4228 1056 4295 ἐκαλοῦντο,
1085 4230 1177 4285 τοῦ
1213 4234 1340 4306 πρὶν
1372 4236 1667 4310 Ἰδουμαίου
1701 4240 1792 4295 τοῦ
1820 4242 1990 4297 Ἦσαῦ

420 4318 822 4391 ἐπικληθέντος,
851 4321 940 4376 διὰ
969 4323 1031 4376 τὸ
1070 4323 1269 4395 ξανθῆς
1305 4327 1641 4402 ἐπιθυμῆσαι
1681 4334 1841 4388 αὑτὸν
1890 4354 1991 4404 φασ-

419 4406 543 4477 κῆςο
563 4408 775 4481 Ἰδουμὰ
794 4410 903 4482 γὰρ
922 4412 970 4466 οἱ
1008 4411 1246 4484 Ἑϐραῖοι
1264 4416 1326 4469 τὸ
1349 4417 1540 4484 ξανθὸν
1558 4419 1991 4489 λέγουσι.’⁹Υστε-

2100 3222 2265 3277 veluti
2293 3222 2475 3277 divina
2501 3224 2863 3295 dispositione
2914 3225 3018 3280 sibi
3053 3225 3266 3280 obviam
3314 3226 3671 3296 prodeuntem

2099 3313 2331 3385 benigne
2360 3316 2678 3372 salutaverit
2718 3316 2763 3348 ⁸³
2818 3316 3226 3388 impensiusque
3254 3318 3540 3383 dilexerit;
3569 3319 3671 3373 mi-

2098 3422 2219 3462 rum
2238 3407 2361 3470 hoc,
2383 3414 2439 3461 et
2460 3405 2725 3463 Rebeccae
2743 3406 2904 3460 matri
2936 3424 3038 3462 usu
3063 3409 3280 3465 venisse
3304 3409 3667 3479 comperiens,

2096 3513 2222 3553 cum
2262 3512 2453 3554 servus
2481 3497 2745 3563 Abrahze,
2794 3499 3049 3569 precibus
3090 3500 3277 3556 effusis
3308 3501 3354 3534 ε’
3379 3540 3395 3567 ,
3429 3502 3487 3557 in
3523 3502 3668 3559 votis

2098 3588 2174 3644 illi
2202 3591 2442 3646 occurrit
2470 3589 2636 3656 Deus,
2661 3591 3050 3663 propositaque
3086 3607 3250 3663 opere
3281 3594 3591 3664 complevit.

2163 3680 2478 3738 Nascuntur
2509 3699 2673 3755 porro
2711 3684 2881 3741 Jacob
2923 3700 2989 3741 ex
3010 3684 3105 3741 Lia
3138 3686 3233 3741 ﬁlii
3267 3703 3398 3743 sex:
3435 3687 3625 3744 Ruben
3646 3729 3663 3756 ,

2097 3768 2339 3837 Simeon,
2368 3771 2535 3841 Levi,
2595 3772 2788 3839 Judas,
2822 3773 3096 3837 Issachar,
3131 3773 3409 3843 Zabulon;
3445 3790 3512 3831 ex
3558 3773 3669 3830 Ra-

2093 3863 2276 3928 chele,
2315 3862 2515 3937 Ioseph
2568 3874 2623 3921 et
2668 3865 2991 3938 Benjamin;
3043 3882 3108 3923 ex
3159 3866 3360 3922 famula
3410 3865 3668 3925 Rachelis

2093 3953 2262 4022 Balla,
2284 3954 2400 4010 Dan
2429 3963 2484 4013 et
2535 3955 2914 4027 Nephthalim;
2943 3974 3011 4013 ex
3041 3956 3242 4013 famula
3274 3957 3401 4023 Lire,
3430 3958 3665 4030 Zelpha,

2092 4046 2206 4104 Gad
2233 4060 2289 4105 et
2311 4050 2479 4106 Asser
2514 4048 2583 4107 ⁸³.
2611 4048 2872 4122 Syrorum
2895 4051 3135 4107 nationis
3151 4049 3294 4107 Esau
3321 4051 3423 4106 fuit
3451 4062 3665 4123 auctor,

2091 4143 2269 4213 quiet
2313 4140 2533 4198 Idumaei
2575 4142 2900 4197 dicebantur
2941 4158 3066 4198 cum
3118 4144 3353 4214 primum
3385 4142 3531 4199 Esau
3562 4160 3665 4200 nea

2090 4250 2216 4290 men
2262 4232 2529 4290 ldumaeus
2565 4232 2779 4300 fuisset,
2809 4243 3095 4306 prepterea
3129 4235 3276 4307 quod
3325 4234 3516 4294 ﬂavam
3546 4236 3666 4293 len-
3716 4248 3721 4253 "

2088 4335 2197 4382 tem
2217 4328 2583 4397 .concupierit.
2623 4325 2812 4382 Iduma
2849 4342 3085 4399 namque
3126 4330 3321 4398 ﬂavum
3355 4326 3526 4385 Judaei
3561 4345 3663 4387 no-
3706 4320 3710 4325 ⁴

2090 4420 2317 4476 minant.
2375 4417 2729 4490 Tandemque
2780 4416 3042 4491 Syrorum
3083 4433 3282 4475 nomen
3338 4420 3659 4489 oblinuere,

420 4516 511 4571 ρον
543 4500 600 4554 δὲ
631 4502 794 4576 Σύροι
826 4505 1339 4579 μετωνομάσθησαν,
1376 4509 1546 4585 Σύρου
1591 4513 1736 4578 τινὸς
1767 4515 1987 4586 ὀνόματι

2092 4517 2374 4581 postquam
2428 4508 2507 4565 illi
2552 4509 2761 4565 nationi
2798 4508 2969 4582 Syrus
3023 4510 3244 4581 quidam
3273 4511 3494 4566 nomine
3524 4526 3665 4587 prae.

415 4591 511 4648 τοῦ
542 4593 726 4658 ἔθνους
757 4594 934 4650 αὐτῶν
959 4599 1346 4669 κρατήσαντος.
1365 4602 1423 4655 '0
1444 4602 1501 4657 δὲ
1524 4605 1693 4660 Ἦσαῦ
1725 4611 1989 4676 γυναῖκας

415 4688 561 4758 τρεῖς
607 4686 715 4741 ἀπὸ
758 4686 867 4741 τῶν
910 4688 1226 4743 Χαναναίων
1259 4692 1395 4763 πρὸς
1425 4694 1602 4767 γάμον
1645 4696 1857 4766 ἄγεται,
1889 4698 1989 4770 τὴν

429 4776 583 4832 Ἀδδὰ
611 4778 886 4851 θυγατέρα
923 4778 1101 4852 Ἐλὼμ
1131 4783 1226 4836 τοῦ
1248 4785 1532 4852 Χετταίου,
1562 4791 1658 4844 καὶ
1705 4792 1804 4863 τὴν
1848 4793 1988 4846 Ἐλι-

414 4867 590 4940 ϐεμὰν
632 4870 904 4944 θυγατέρα
949 4874 1107 4929 Ἐνὰν
1152 4875 1248 4930 τοῦ
1287 4877 1561 4951 Ἐϐραίου,
1595 4883 1689 4938 καὶ
1737 4882 1835 4957 τὴν
1881 4886 1988 4940 Βα-

415 4962 631 5033 σεμμὰθ
666 4962 940 5036 θυγατέρα
982 4966 1223 5039 Ἰσμαὴλ,
1257 4967 1487 5046 ἀδελφὴν
1519 4971 1576 5026 δὲ
1607 4972 1855 5033 Ναϐεώθ.
1875 4975 1986 5030 Καὶ

411 5054 477 5112 ἐκ
496 5055 594 5125 μὲν
608 5056 705 5127 τῆς
717 5057 795 5128 (1)
829 5058 1011 5123 Ἀδδᾶς
1026 5059 1122 5132 τὴν
1150 5060 1395 5131 Ἐλιφὰξ,
1414 5066 1479 5119 ἐκ
1495 5063 1551 5118 δὲ
1573 5065 1670 5138 τῆς
1682 5066 1982 5139 Βασεμμὰθ

411 5143 504 5198 τὸν
543 5145 799 5219 Ῥαγγὴλ,
838 5149 934 5202 καὶ
974 5151 1039 5205 ὲκ
1073 5151 1172 5223 τῆς
1217 5152 1503 5226 Ἐλιϐεμὰν
1547 5157 1638 5211 τὸν
1673 5158 1856 5224 Ἰεοὺλ,
1888 5161 1984 5214 καὶ

412 5234 503 5290 τὸν
540 5236 771 5309 Ἰεγλὸμ,
800 5238 893 5293 καὶ
925 5240 1016 5294 τὸν
1059 5243 1205 5315 Κορὲ
1251 5244 1527 5316 ἐγέννησε.
1559 5247 1793 5313 Τούτους
1825 5251 1882 5303 ἐν
1915 5251 1981 5322 τῇ

416 5325 518 5379 τῶν
549 5327 866 5383 Χαναναίων
899 5333 1129 5405 ποιήσας
1147 5337 1240 5407 γῇ,
1275 5337 1357 5401 εἰς
1384 5337 1551 5411 Σηεὶρ
1579 5339 1703 5411 ὅρος
1735 5337 1983 5414 μετῴκη-

418 5432 499 5480 σε,
531 5416 618 5473 διὰ
648 5419 709 5473 τὸ
740 5420 814 5493 μὴ
840 5421 1097 5481 δύνασθαι
1128 5426 1221 5480 τοῦ
1255 5427 1482 5499 ἀδελφοῦ
1506 5430 1669 5486 αὐτοῦ
1704 5431 1898 5487 Ἰακὼϐ
1914 5435 1980 5488 ὲκ

481 5553 531 5584 ⁷⁸
555 5553 681 5626 Gen.
707 5572 857 5620 xxiv,
880 5557 967 5613 67.
1042 5562 1090 5595 "
1115 5560 1242 5623 Gen.
1277 5581 1404 5625 xxv,
1427 5566 1517 5622 25.
1590 5568 1638 5602 ⁷⁸
1666 5567 1807 5625 Ibid.
1833 5571 1883 5626 l.

2088 4602 2210 4658 fuit.
2243 4602 2385 4659 Esau
2436 4618 2503 4658 ex
2534 4600 2859 4659 Chananteis
2889 4611 3000 4659 tres
3028 4602 3184 4658 duxit
3216 4617 3419 4660 uxores
3456 4602 3523 4665 “,
3552 4602 3663 4657 Ad-

2088 4692 2156 4749 da
2208 4693 2362 4750 Elom
2405 4692 2652 4758 Chetttei,
2678 4689 2956 4749 Elibeman
3011 4691 3162 4747 Enan
3198 4691 3429 4757 Hebraei,
3463 4700 3518 4748 et
3561 4690 3663 4746 Ba-

2087 4787 2376 4851 semmath,
2408 4785 2651 4843 lsmaelis
2705 4785 2894 4857 ﬁliam,
2925 4801 3280 4858 sororemque
3308 4785 3575 4851 Nabeoth,
3606 4791 3662 4841 et

2088 4893 2153 4934 ex
2178 4877 2330 4934 Adda
2368 4877 2582 4950 Eliphat
2620 4877 2809 4944 ﬁliam,
2824 4894 2894 4935 ex
2919 4875 3270 4934 Basemmath
3300 4876 3549 4948 Rangel;
3592 4891 3660 4933 ex

2092 4969 2375 5026 Elibeman
2434 4969 2592 5037 Jeul,
2652 4969 2858 5041 Jeglom
2909 4978 3074 5042 atque
3117 4968 3259 5026 Core
3306 4969 3515 5025 habuit.
3560 4968 3660 5026 His

2090 5064 2230 5133 apud
2256 5061 2592 5120 Chananaeos
2620 5063 2843 5130 habitis,
2873 5062 2929 5119 in
2962 5063 3082 5120 Seir
3104 5070 3340 5121 montem
3371 5063 3650 5119 habitandi

2087 5171 2256 5214 causa
2293 5158 2544 5230 migravit
2581 5158 2662 5226 ‘5;
2696 5174 2872 5230 neque
2897 5159 3042 5215 enim
3070 5164 3281 5230 poterat
3306 5155 3508 5214 Jacobo
3544 5158 3657 5213 frao

2089 5260 2192 5316 tre,
2221 5267 2286 5307 ex
2318 5251 2706 5322 Mesopotamia
2735 5267 2977 5317 reverso,
3002 5266 3110 5306 una
3140 5249 3391 5318 habitare
3433 5255 3658 5320 propter

2086 5359 2269 5400 rerum
2318 5359 2547 5415 quarum
2578 5343 2926 5414 potiebantur
2955 5339 3378 5405 multitudinem,
3410 5340 3500 5395 ubi
3527 5355 3654 5400 cum

2086 5436 2252 5492 alium
2280 5434 2446 5492 ﬁlium
2488 5442 2860 5508 procreasset,
2895 5450 2996 5491 sua
3045 5436 3435 5508 appellatione,
3480 5432 3653 5494 Edom

1981 5576 2027 5608 ""
2055 5574 2183 5633 Gen.
2207 5593 2334 5641 xxv,
2364 5577 2416 5641 7,
2440 5577 2495 5632 8.
2571 5577 2618 5611 ⁷⁸
2651 5575 2780 5643 Gen.
2806 5590 2977 5637 xxvn,
3007 5575 3098 5633 27.
3197 5577 3243 5610 ⁷⁸
3274 5574 3404 5631 Gen.
3453 5586 3647 5639 xxvm.

415 5622 464 5683 δ.
528 5625 574 5658 eo
615 5623 917 5696 θυμω,
957 5632 1049 5698 23,
1082 5632 1175 5689 28.
1234 5622 1292 5668 ’a'
1321 5622 1460 5692 Ibid.
1488 5638 1539 5694 9.
1614 5622 1996 5716 "fciam—im,

2092 5622 2388 5705 .wai’liénf
2402 5622 2566 5717 ’ᾖξἰι,
2600 5622 2780 5715 xx?"
2803 5622 3216 5710 avaram.
3279 5622 3344 5681 ἷί
3371 5642 3505 5709 ιδίας
3563 5622 3581 5701 Ϊ

482 5764 557 5835 (l)
590 5763 726 5825 LXX
769 5767 1016 5827 scribunt
1040 5766 1150 5827 τὸν.
