4112 6410
550 338 652 393 767

1423 341 1480 398 S.
1524 341 1965 399 EUSTATIIIUS
2004 343 2498 404 ANTIOCIIENUS
2538 346 2934 405 EPISCOPUS.

3697 351 3799 408 τοι

550 457 848 527 insignivit.
901 455 1022 510 Nati
1067 463 1196 512 sunt
1234 456 1293 512 et
1342 457 1470 514 ﬁliis
1498 459 1644 516 illius
1674 460 1768 514 ﬁlii
1811 461 2032 531 legitimi
2057 463 2109 512 ⁸⁸η

2231 465 2330 536 τῆς
2376 467 2797 537 Μεσοποταμίας
2839 465 3222 531 ἐπανελθόντος
3271 469 3591 540 ὁμοσκηνεῖν
3623 469 3709 524 διὰ
3738 471 3799 525 τδ

547 547 766 618 Eliphas
797 548 1058 618 qui-nque,
1094 547 1372 615 Theman,
1435 548 1671 621 Ilymar,
1716 549 1962 622 Sophar,
2012 552 2121 608 Go-

546 639 717 704 moth,
743 638 956 706 Cenex,
1012 639 1155 693 inter
1183 655 1321 710 quos
1370 647 1424 695 et
1470 641 1693 712 spurius
1729 630 2120 700 annumeratur

543 727 762 783 Amalec
786 769 800 792 ,
837 744 997 798 quem
1049 745 1079 785 e
1114 731 1304 800 pellice
1346 729 1591 787 Tliamna
1623 743 1981 805 susceperat;
2015 735 2123 791 Ra-

544 819 688 889 gueli
715 835 728 870 :
751 827 804 874 et
835 821 938 891 ipsi
981 830 1214 891 quatuor
1245 821 1336 876 ﬁlii
1372 824 1480 878 nati
1514 833 1643 880 sunt
1669 823 1886 892 Namin,
1917 827 2118 894 lares,

545 905 728 974 Some,
761 905 978 976 Rhoze;
1010 908 1175 963 Edom
1211 912 1499 966 undecim:
1531 913 1816 981 Thamma,
1848 916 2002 982 Gola,
2033 915 2120 974 lo-

543 999 717 1064 thom,
758 999 1103 1067 Ailibreman,
1135 1001 1305 1068 Jolas,
1338 1003 1574 1070 Phinon,
1603 1007 1811 1079 Cenyx,
1840 1007 2109 1076 Theman,

543 1090 768 1156 Mazari,
805 1092 1063 1159 Maediel,
1101 1094 1434 1165 Zephonem.
1475 1097 1595 1154 Scir
1622 1100 1880 1157 Chorraao
1906 1103 1950 1134 ⁸⁷
1975 1143 1990 1166 ,
2025 1104 2119 1174 qui

543 1181 820 1252 regionem
853 1181 1041 1237 Lotam
1077 1185 1370 1253 habitavit,
1401 1188 1493 1243 ﬁlii
1523 1192 1765 1261 quinque
1795 1194 1905 1247 nati
1937 1203 2066 1250 sunt
2103 1214 2115 1249 :

541 1269 726 1326 Sobal,
754 1272 1020 1345 Sebcgon,
1050 1276 1360 1341 Anadeson,
1392 1279 1548 1342 Aser.
1584 1280 1818 1348 Resonn;
1869 1295 1923 1340 et
1948 1284 2119 1340 Lotan

544 1364 674 1430 duo,
704 1363 916 1431 Chorri,
945 1366 1168 1436 Emam;
1221 1369 1468 1427 Thamna
1503 1390 1630 1430 vero
1674 1391 1831 1430 soror
1861 1388 1978 1432 erat
2016 1376 2122 1431 Lo-

542 1464 658 1523 tan,
687 1473 806 1528 qua:
839 1458 1096 1530 Eliphazo
1131 1462 1349 1519 Amalec
1379 1467 1585 1535 genuit.
1632 1467 1797 1523 Sobal
1831 1468 1973 1525 ﬁlius
2001 1468 2121 1525 Seir

542 1547 780 1618 quinque
814 1549 952 1604 ﬁlios
981 1551 1190 1618 habuit,
1219 1553 1542 1622 Odomnam,
1575 1557 1850 1621 Nachath.
1885 1560 2080 1616 Gcbeel
2103 1603 2116 1628 ,

543 1640 712 1710 Soph,
746 1641 954 1696 Omnan
977 1661 991 1709 ;
1013 1653 1066 1698 et
1093 1643 1377 1718 Osebcgon
1407 1648 1545 1703 duos
1568 1687 1582 1712 ,
1622 1648 1749 1704 Aidi
1796 1658 1849 1705 et
1893 1649 2071 1706 Euan
2103 1692 2117 1716 ,

542 1734 635 1804 qui
677 1735 730 1787 in
768 1732 947 1788 Jamin
991 1736 1239 1805 jumenta
1287 1740 1458 1810 patris
1502 1741 1583 1796 sui
1621 1739 1866 1812 Sebegon
1897 1757 2124 1812 pascen-

2225 555 2424 626 πλῆθος
2467 553 2572 607 τῶν
2603 555 2954 627 ὑπαρχόντων
2989 557 3186 620 αὐτοῖς.
3218 558 3455 628 Ποιήσας
3493 555 3583 612 οὖν
3620 561 3802 614 κὰκεῖ-

2222 649 2312 702 θεν
2345 649 2527 712 παῖδα,
2565 650 2627 701 ἐκ
2675 649 2773 718 τῆς
2824 648 3015 701 ἑαυτοῦ
3065 648 3378 718 ἐπωνυμίας
3419 648 3594 719 Ἐδὼμ
3637 650 3798 704 αὐτὸν

2221 740 2568 810 ἐπωνόμασε.
2587 739 2864 806 Ἐγένοντο
2894 739 2949 791 δέ
2984 740 3214 802 καὶτοῖς
3247 740 3381 802 υἱοῖς
3413 739 3576 792 αὑτοῦ
3612 741 3795 806 παῖδες

2223 831 2453 900 γνήσιοι,
2481 829 2557 900 τῷ
2611 829 2708 900 μὲν
2747 829 2965 899 Ἐλιφὰς
3018 829 3197 893 πέντε,
3233 829 3653 902 Θεμὰν,’Υμὰρ,
3686 832 3795 885 Σω·

2221 922 2354 993 φὰρ,
2387 920 2583 991 Γομὺθ,
2626 922 2815 988 Κενέξ,
2852 924 2909 974 ἐν
2941 917 3021 984 οἷς
3043 915 3110 992 ἦν
3143 921 3236 974 καὶ
3269 921 3440 984 νόθος,
3464 922 3674 992 τεχθεὶς
3696 924 3791 976 αὐ-

2220 1015 2295 1084 τῷ
2344 1014 2586 1085 ’Ᾱμαλὴκ
2634 1017 2698 1066 ἐκ
2747 1013 3064 1077 παλλακίδος
3100 1014 3319 1084 Θαμνᾶς
3345 1013 3598 1083 ὀνόματι·
3635 1014 3710 1084 τῷ
3737 1015 3794 1068 δὲ

2232 1105 2494 1175 Ῥαγουὴλ
2529 1106 2623 1159 καὶ
2653 1105 2799 1174 αὐτῷ
2829 1105 3090 1176 τέσσαρες
3116 1106 3300 1169 παῖδες
3334 1105 3648 1174 ἐτέχθησαν,
3682 1105 3793 1159 Να-

2223 1199 2335 1268 μὶν,
2371 1199 2565 1268 Ζαρές,
2591 1197 2751 1267 Σομὲ,
2770 1197 2921 1262 Ῥοζέ
2947 1215 2960 1227 ·
2997 1199 3088 1250 καὶ
3123 1196 3298 1266 Ἐδὼμ
3325 1197 3537 1259 ἕνδεκα,
3563 1196 3794 1267 Θαμμὰ,

2219 1290 2608 1361 Γωλὰ,Ἰοοὸμ,
2645 1290 3208 1360 Αίλιΰαιμὰν,Ἰήλας,
3243 1290 3434 1353 Φίνων,
3471 1288 3666 1356 Κενὺξ,
3701 1291 3795 1342 Θε-

2222 1383 2350 1454 μὰν,
2382 1383 2674 1454 Μαζαριεὶ,
2710 1381 2969 1451 Μαεδιὴλ,
3012 1381 3268 1450 Ζεφονήν.
3297 1379 3387 1449 Τῷ
3431 1379 3486 1432 δέ
3521 1379 3682 1451 Σηεὶρ
3712 1379 3792 1450 τῷ

2218 1476 2490 1548 Χωρραίῳ
2521 1475 2598 1546 τῷ
2641 1475 2736 1546 τὴν
2769 1475 2870 1544 γῆν
2908 1472 3000 1526 τοῦ
3036 1470 3224 1526 Λωτὰν
3255 1472 3640 1542 κατοικήσαντι
3687 1472 3792 1525 υἱοὶ

2219 1569 2379 1622 πέντε
2433 1567 2697 1636 ἐγένοντο,
2733 1565 2941 1629 Σώϐαλ,
2975 1563 3242 1633 Σεϐεγὼν,
3262 1561 3586 1634 Ἀναδησὼν,
3604 1563 3789 1634 Ἀσὴρ,

2231 1656 2468 1728 Ῥησὼν·
2523 1657 2616 1710 καὶ
2665 1655 2742 1727 τῷ
2797 1655 2985 1709 Λωτὰν
3029 1656 3140 1717 δύο,
3177 1655 3699 1727 Χωρῤεὶ,Ἑμάν.Ἢ
3733 1655 3792 1708 δέ

2219 1747 2409 1818 Θαμνὰ
2442 1747 2641 1819 ἀδελφὴ
2669 1745 2761 1800 τοῦ
2788 1744 2977 1798 Λωτάν
3005 1746 3319 1814 ἐτύγχανεν,
3352 1746 3471 1814 ira;
3503 1744 3594 1797 τὸν
3625 1746 3793 1814 Ἀμα-

541 1835 648 1880 tem
685 1825 896 1879 incidit.
939 1825 1135 1881 Euam
1189 1845 1316 1884 vero
1367 1829 1563 1898 Deson,
1590 1841 1642 1887 et
1671 1832 1913 1888 Elibama
1951 1835 2109 1890 ﬁliam

2216 1839 2318 1910 λὴκ
2364 1837 2440 1908 τῷ
2478 1837 2698 1906 Ἐλιφὰζ
2751 1838 3055 1908 ἐγέννησεν.
3075 1837 3130 1889 '0
3164 1837 3220 1888 δὲ
3252 1834 3440 1889 Σωδὰλ
3483 1836 3512 1887 6
3554 1835 3665 1899 υἱὸς
3696 1833 3791 1888 τοῦ

540 1915 744 1972 habuit.
772 1915 946 1973 Deson
990 1919 1227 1975 Amadan
1251 1961 1264 1985 ,
1311 1922 1533 1988 Asbam,
1564 1923 1801 1979 Gelhran
1839 1933 1892 1980 et
1937 1927 2105 1982 Char.

538 2024 673 2077 ran;
706 2010 840 2065 Aser
862 2021 1093 2082 quartus
1143 2013 1262 2070 Seir
1293 2015 1435 2072 ﬁlius
1461 2027 1715 2086 quatuor,
1746 2017 1934 2084 Balan,
1967 2019 2108 2075 Zue-

536 2115 662 2168 can,
693 2101 929 2174 Joycan,
977 2104 1178 2174 Ucam;
1212 2107 1436 2178 quintus
1471 2115 1650 2164 autem
1672 2109 1813 2166 ﬁlius
1839 2112 1958 2168 Seir
1979 2112 2112 2168 Ore-

538 2209 678 2256 som,
711 2194 971 2250 Ossaran.

2218 1934 2384 2004 Σηεὶρ
2417 1933 2578 1986 πέντε
2614 1931 2808 1993 παῖδας
2846 1931 3119 2000 ἐποίησεν,
3138 1927 3413 1998 ὐδομνὰν,
3446 1926 3656 1996 Ναχὰθ,
3697 1925 3794 1977 Γε-

2216 2023 2367 2094 ϐεὴλ,
2422 2021 2820 2092 Σὼφ,Ὠμνᾶν’
2857 2022 2951 2074 καὶ
3003 2018 3302 2088 ὐσεόεγὼν
3357 2017 3469 2081 δύο,
3503 2017 3648 2070 Δίδεὶ
3695 2015 3790 2070 καὶ

2217 2115 2402 2181 Αίνὰν,
2436 2115 2583 2178 ὅστις
2616 2110 2769 2186 εὗρεν
2795 2115 2852 2167 ἐν
2883 2116 2948 2183 τῇ
2981 2113 3172 2185 ἐρήμῳ
3204 2111 3293 2165 τὸν
3321 2110 3476 2182 Ἀμὶν
3497 2108 3565 2163 τὰ
3589 2107 3790 2172 ὑποζύο

2217 2223 2310 2273 για
2341 2205 2574 2275 νέμοντα
2604 2205 2696 2258 τοῦ
2730 2205 2934 2275 πατρὸς
2961 2205 3124 2258 αὐτοῦ
3143 2201 3408 2270 Σεόεγών.
3431 2200 3596 2255 Αἰνὰν
3616 2200 3672 2252 δὲ
3698 2199 3791 2253 16v

535 2285 725 2357 Δησὼν
776 2287 868 2339 καὶ
914 2287 1173 2359 Ἐλιϐαμά
1220 2290 1494 2363 θυγατέρα
1523 2293 1840 2364 ἐγέννησεν·
1879 2296 1906 2347 6
1937 2293 1993 2346 δέ
2021 2291 2208 2365 Δησὼν
2236 2295 2326 2348 τὸν
2369 2294 2626 2365 Ἀμαδὰν,
2658 2295 2752 2347 καὶ
2792 2294 3009 2357 Ἀσὸὰν,
3080 2294 3172 2346 καὶ
3221 2291 3445 2364 Γεθρὰν,
3503 2293 3599 2346 καὶ
3644 2293 3793 2363 Χαρ-

539 2381 659 2452 ῥάν.
679 2381 734 2434 '0
765 2380 820 2433 δέ
869 2381 1034 2452 Ἀσὴρ
1072 2385 1100 2436 ό
1131 2383 1383 2455 τέταρτος
1412 2385 1525 2449 υίὸς
1570 2388 1661 2441 τοῦ
1710 2389 1894 2460 Σηεὶρ,
1923 2392 2191 2464 τέσσαρας
2247 2393 2442 2455 παῖδας
2499 2391 2805 2461 ἐγέννησεν,
2848 2389 3055 2460 Βαλὰμ,
3092 2387 3332 2459 Ζουκὰμ,
3402 2387 3642 2457 Ἰουκὰμ,
3696 2388 3789 2440 Οὑ-

539 2469 652 2543 κὰμ
676 2490 690 2504 °
721 2477 750 2526 6
779 2473 833 2526 δὲ
865 2475 1113 2545 πέμπτος
1145 2479 1256 2541 υίὸς
1289 2478 1380 2532 τοῦ
1409 2481 1573 2554 Σηεὶρ
1603 2484 1845 2556 Ὀρήσων
1874 2487 1964 2538 τὸν
1997 2487 2282 2558 Ὠσσαρὰν.

608 2565 806 2622 Verum
839 2579 1126 2640 antequam
1172 2587 1327 2644 reges
1355 2584 1674 2630 crearentur
1714 2578 1768 2632 in
1811 2578 2015 2646 Israel,
2052 2582 2107 2636 hi

535 2667 832 2728 regnarunt
861 2661 915 2714 in
943 2659 1112 2716 Edom
1140 2663 1184 2694 "
1217 2683 1228 2718 :
1273 2663 1432 2720 Balac
1462 2666 1604 2722 ﬁlius
1640 2667 1798 2734 Beor,
1823 2679 1878 2724 et
1912 2688 2107 2726 nomen

535 2750 682 2807 illius
709 2753 946 2809 civitatis
989 2754 1232 2822 Denaba;
1281 2757 1406 2813 huic
1449 2763 1716 2816 successit
1762 2762 1936 2819 Jobab
1967 2765 2108 2821 ﬁlius

537 2843 700 2898 Sarra
732 2860 798 2899 ex
843 2844 1093 2917 Bossyra,
1131 2860 1415 2919 postquam
1445 2853 1607 2907 Asom
1637 2870 1703 2907 ex
1751 2853 2068 2912 Themanon
2090 2897 2106 2921 ,

539 2944 664 3004 post
696 2952 854 3006 quem
879 2938 1027 2992 Adad
1063 2939 1204 2995 ﬁlius
1233 2941 1426 3007 Barad,
1462 2944 1554 3013 qui
1607 2945 1661 2998 in
1716 2961 1909 3016 campo
1953 2946 2110 3002 Moab

539 3030 739 3084 excidit
768 3028 1019 3095 Madiam,
1050 3041 1104 3086 et
1129 3049 1326 3089 nomen
1356 3036 1595 3091 civitatis
1648 3038 1792 3094 illius
1819 3038 2066 3094 Gctthcm
2090 3080 2105 3104 ,

535 3133 658 3194 post
701 3125 848 3183 hunc
891 3127 1140 3184 Samalac
1172 3147 1237 3186 ex
1289 3131 1569 3201 Masecca;
1622 3143 1744 3204 post
1773 3151 1933 3205 quem
1978 3135 2107 3191 Saul

2283 2583 2394 2653 Πρὸ
2445 2581 2502 2635 δέ
2531 2581 2622 2634 τοῦ
2675 2577 2988 2650 βασιλεῦσαι
3046 2575 3299 2647 βασιλέας
3325 2579 3381 2630 ἐν
3415 2575 3652 2647 Ἰσραὴλ,
3690 2574 3790 2644 τῆς

2227 2673 2402 2744 Ἐδὼμ
2457 2664 2602 2725 οὗτοι
2647 2673 2694 2724 οἱ
2743 2669 2980 2741 βασιλεῖς
3013 2668 3392 2722 ἐϐασίλευσαν·
3449 2666 3630 2719 Βαλὰκ
3676 2664 3788 2728 υίὸς

2214 2764 2368 2836 Βεὼρ
2425 2765 2516 2818 κα)⁵
2547 2765 2714 2834 ὄνομα
2741 2765 2804 2834 τῇ
2830 2762 2981 2815 πόλει
3007 2760 3168 2814 αὑτοῦ
3195 2760 3420 2822 Δενάσα,
3449 2757 3566 2830 μεθ’
3586 2757 3645 2812 ὃν
3673 2759 3788 2810 Ἰω-

2215 2858 2319 2911 6ὰ6
2342 2858 2455 2922 υἱὸς
2468 2857 2768 2930 Ζαρῤἀόἐκ
2792 2854 3089 2926 Βοσσύρας,
3119 2854 3234 2925 μεθ’
3256 2855 3314 2907 ὃν
3348 2853 3514 2924 Ἀζὸμ
3541 2855 3570 2906 6
3599 2855 3664 2906 ἐκ
3685 2853 3786 2923 γῆς

2213 2949 2493 3022 Θεμανὼν,
2551 2950 2666 3020 μεθ’
2699 2948 2758 3002 ὃν
2799 2947 2975 3011 Ἀδὰδ,
3012 2947 3125 3010 υίὸς
3172 2946 3368 3016 Βαρὰδ,
3408 2947 3556 3007 ὅστις
3605 2945 3662 2997 ἐν
3711 2943 3788 3014 τῷ

2216 3041 2383 3112 πεδίῳ
2413 3039 2586 3094 Μωὰϐ
2617 3039 2838 3109 ἐξέκοψε
2863 3039 2962 3110 τὴν
3002 3037 3244 3107 Μαδιὰμ,
3280 3036 3371 3090 καὶ
3396 3035 3564 3105 ὄνομα
3596 3037 3660 3105 τῇ
3695 3035 3785 3086 πό-

2213 3132 2294 3186 λει
2321 3133 2484 3187 αὐτοῦ
2511 3132 2748 3203 Γετθέμ·
2790 3131 2925 3202 μετὰ
2961 3131 3016 3184 δέ
3041 3130 3226 3183 τοῦτον
3253 3128 3515 3199 Σαμαλὰκ
3535 3130 3562 3181 ὁ
3584 3129 3647 3180 ἐκ
3666 3127 3785 3179 Μα-

533 3231 598 3271 ex
629 3216 864 3284 Roboth,
893 3237 1013 3291 quae
1043 3230 1126 3277 est
1157 3239 1322 3294 prope
1366 3223 1563 3280 ﬁumen
1591 3244 1604 3292 ;
1650 3234 1772 3296 post
1813 3243 1973 3297 quem
2004 3226 2107 3280 Ba-

2215 3226 2434 3288 σέκκας,
2472 3225 2587 3296 μεθ’
2618 3225 2677 3277 ὃν
2722 3223 2893 3278 Σαοὺλ
2936 3224 2964 3275 6
3011 3225 3076 3276 ἐκ
3115 3220 3316 3276 Ῥοὸὼθ
3370 3220 3470 3290 τῆς
3517 3217 3665 3291 παρὰ
3691 3219 3785 3272 τὸν

535 3308 767 3364 laennon
801 3311 942 3368 ﬁlius
975 3313 1244 3378 Abochor,
1279 3319 1368 3370 cui
1399 3324 1517 3371 erat
1549 3332 1687 3371 uxor
1726 3317 1944 3372 nomine
1996 3317 2108 3374 Me—

535 3401 709 3456 tebeel
744 3402 851 3458 ﬁlia
885 3403 1120 3472 Matrad,
1180 3407 1273 3461 ﬁlii
1321 3407 1602 3478 Mczooph,
1634 3410 1827 3464 horum
1867 3411 2110 3465 omnium

534 3495 659 3547 anni
699 3507 1081 3566 computantur
1119 3515 1347 3554 numero
1393 3517 1443 3556 ι).
1491 3500 1612 3554 Filii
1647 3518 1773 3556 vero
1803 3500 1970 3557 Jacob
2001 3502 2112 3556 fra-

532 3588 634 3641 tris
660 3586 857 3660 Joseph
883 3591 1027 3646 laudi
1051 3593 1343 3663 gloriaeque
1374 3594 1676 3650 invidentes
1707 3595 1752 3628 ⁸³
1774 3635 1788 3660 ,
1827 3611 1950 3650 eum
1980 3610 2114 3649 ven-

535 3680 672 3733 dunt
705 3679 1014 3744 lsmaelitis,
1045 3692 1100 3738 et
1137 3685 1240 3755 ipsi
1276 3684 1330 3738 in
1368 3683 1604 3758 Egypto
1633 3685 1961 3756 Petephriu,
2017 3702 2113 3740 co—

537 3787 767 3842 quorum
796 3773 1026 3844 principi
1048 3776 1117 3828 9°.

612 3863 809 3918 Eadem
840 3873 1157 3934 tempestate
1181 3864 1348 3922 Iudas
1379 3868 1443 3922 ad
1477 3869 1616 3923 Iram
1634 3869 1922 3938 quemdam
1950 3863 2112 3925 οισι-

537 3957 777 4012 Iamitem
805 3957 1035 4021 accedit,
1070 3957 1253 4028 ibique
1299 3959 1578 4014 mulierem
1611 3960 1995 4025 Chananazam,
2019 3963 2108 4016 cui

540 4064 734 4104 nomen
764 4057 880 4104 erat
913 4049 1052 4104 Saba
1079 4091 1094 4117 ,
1138 4051 1441 4120 inspectam
1489 4052 1645 4106 duxit
1687 4069 1932 4118 uxorem,
1961 4065 2013 4110 et
2042 4072 2108 4111 ex

539 4156 602 4196 ea
646 4149 881 4212 quatuor
929 4142 1165 4212 suscepit
1195 4143 1436 4199 liberos:
1477 4143 1603 4212 Her,
1637 4146 1853 4211 Aunan,
1893 4145 2105 4214 Selom,

2217 3318 2477 3388 ποταμὸν,
2509 3316 2624 3387 μεθ’
2652 3316 2711 3368 ὃν
2739 3314 3050 3370 Βαλαεννὼν
3084 3315 3198 3378 υίὸς
3237 3311 3476 3383 Ἀϐοχὼρ
3519 3311 3654 3382 ἔχων
3687 3325 3784 3379 γυ-

2213 3413 2372 3463 ναῖκα
2410 3409 2632 3478 ὀνόματι
2676 3406 2984 3477 Ἀὶετεὸεὴλ,
3036 3405 3313 3476 θυγατέρα
3367 3403 3614 3476 Ματρὰδ,
3663 3402 3782 3456 υἱοῦ

2212 3496 2465 3566 Μεζοὼφ,
2498 3497 2546 3549 οἳ
2589 3497 2788 3559 πάντες
2822 3491 2962 3566 ἦσαν
2995 3495 3088 3566 ἐτη
3121 3495 3350 3566 ἀριθμὸν
3389 3502 3460 3565 φ’.
3499 3496 3560 3548 Οἱ
3593 3495 3649 3547 δέ
3680 3495 3784 3547 υἱοὶ

2225 3587 2436 3650 Ἰακὼϐ,
2478 3589 2566 3641 τὸν
2599 3587 2824 3656 ἀδελφὸν
2873 3587 3050 3642 αὐτῶν
3083 3587 3277 3658 Ἰωσὴφ
3308 3585 3484 3656 φθόνῳ
3519 3587 3781 3656 μισήσαν-

2210 3698 2320 3744 τες,
2363 3684 2474 3743 τοῖς
2513 3681 2879 3750 Ἰσμαηλίταις
2929 3681 3208 3734 ἀπέδοντο.
3243 3679 3336 3732 καὶ
3363 3679 3518 3731 αὐτοὶ
3565 3679 3645 3744 είς
3687 3679 3779 3731 Αί-

2211 3789 2414 3840 γυπτον
2445 3771 2520 3841 τῷ
2549 3773 2798 3842 Πετεφρῇ
2831 3771 2908 3842 τῷ
2937 3772 3318 3843 ὰρχιμαγείρῳ
3349 3769 3566 3842 Φαραώ.

2282 3865 2392 3918 Καὶ
2433 3865 2490 3917 ὲν
2522 3865 2597 3936 τῷ
2630 3865 2805 3936 χρόνῳ
2836 3864 3007 3935 τούτῳ
3053 3863 3250 3927 Ἰούδας
3290 3865 3594 3931 ἀφικνεῖται
3644 3861 3780 3933 πρὸς

2223 3955 2364 4026 Ἰράν
2389 3974 2507 4009 τινα
2545 3955 2924 4027 Ὀδολλαμίτην
2943 3973 2956 3985 ·
2987 3956 3080 4008 καὶ
3108 3954 3439 4025 θεασάμενος
3462 3957 3578 4007 ἐκεῖ
3597 3955 3781 4008 Χανα-

2211 4049 2365 4101 ναίαν
2398 4050 2631 4116 γυναῖκα
2663 4048 2840 4102 Σάόαν
2891 4048 3135 4118 ὀνόματι,
3171 4046 3374 4116 ταύτην
3421 4045 3554 4118 πρὸς
3603 4044 3785 4116 γάμον

2209 4141 2418 4208 ἄγεται,
2460 4140 2553 4193 καὶ
2607 4142 2751 4192 ποιεῖ
2795 4139 2986 4204 παῖδας
3036 4139 3094 4205 ἐξ
3143 4139 3308 4208 αὐτῆς
3349 4137 3781 4208 τέσσαρας,Ἢρ,

537 4229 772 4299 Phares;
806 4239 860 4286 et
887 4231 1057 4289 ludas
1088 4231 1195 4288 IIer
1221 4248 1322 4288 suo
1351 4235 1713 4305 primogenito
1761 4239 2108 4294 matrimonio

2215 4231 2405 4296 Αύνὰν,
2462 4220 2680 4302 Σηλὼμ,
2731 4231 2925 4303 Φαρές.
2983 4234 3092 4286 Καὶ
3153 4233 3348 4296 Ἰούδας
3390 4231 3652 4302 λαμϐάνει
3701 4233 3786 4304 τῷ

536 4323 756 4393 copulat
777 4321 1031 4392 Thamar,
1055 4325 1147 4395 qui
1201 4334 1420 4397 propter
1447 4341 1657 4382 morum
1696 4329 1947 4386 eximiam
2002 4333 2105 4385 im-

539 4412 882 4483 probitatem,
915 4413 1032 4469 sine
1055 4415 1177 4470 ﬁliis
1202 4415 1418 4484 occidit,
1453 4415 1561 4472 Deo
1590 4418 1740 4471 illum
1776 4420 1840 4476 ad
1874 4429 2104 4477 mortem

539 4503 823 4572 trudente;
881 4513 936 4560 et
978 4505 1147 4564 Iudas
1191 4508 1346 4564 Onan
1395 4510 1638 4564 secundo
1684 4509 1822 4575 ﬁlio,
1888 4522 1946 4566 ut
1999 4531 2104 4569 una

2209 4323 2536 4394 πρωτοτόκῳ
2577 4322 2738 4376 αὑτοῦ
2781 4323 2880 4393 υἱῷ
2919 4323 2996 4394 τῷ
3023 4327 3128 4398 Ἢρ
3161 4327 3392 4395 γυναῖκα
3421 4326 3642 4396 ὀνόματι
3669 4325 3785 4380 Θά-

2211 4431 2344 4487 μαρ,
2381 4416 2472 4468 καὶ
2517 4415 2607 4468 διὰ
2656 4416 2918 4486 πονηρίαν
2965 4417 3165 4488 πολλὴν
3211 4417 3319 4470 τῶν
3363 4417 3578 4489 τρόπων
3611 4415 3780 4471 αὑτοῦ

2208 4509 2374 4570 ἄπαις
2426 4507 2775 4580 ἀποθνήσκει,
2824 4506 2920 4572 τοῦ
2971 4508 3105 4561 Θεοῦ
3146 4509 3307 4563 αὐτὸν
3347 4507 3780 4572 θανατώσαντος.

537 4612 661 4652 cum
696 4596 931 4652 Thamar
962 4602 1366 4667 concumberet,
1392 4602 1620 4672 imponit
1655 4602 1722 4656 ad
1783 4603 1966 4660 fratris
2021 4608 2105 4662 sui

2215 4600 2320 4653 Καὶ
2349 4600 2633 4671 ἐπιτρέπει
2661 4601 2689 4652 6
2727 4601 2923 4664 Ἰούδας
2952 4601 3029 4673 τῷ
3059 4601 3291 4672 δευτέρῳ
3315 4601 3476 4656 αὑτοῦ
3504 4600 3651 4654 παιδὶ
3676 4601 3782 4654 Αὐ-

539 4706 725 4747 semen
798 4691 1165 4746 excitandum.
1242 4692 1348 4749 Sed
1401 4693 1555 4750 Onan
1611 4710 1735 4749 cum
1805 4696 2101 4752 liberorum

539 4785 966 4854 procreationem
994 4783 1060 4838 ad
1091 4802 1148 4841 sc
1174 4802 1280 4840 non
1306 4787 1576 4857 pertinere
1609 4787 1977 4858 cognovisset,
2014 4791 2103 4844 ubi

534 4889 659 4931 cum
690 4875 915 4933 muliere
947 4892 1035 4933 res
1067 4887 1180 4933 erat
1209 4879 1476 4944 habenda,
1505 4894 1687 4934 semen
1714 4896 1878 4949 super
1905 4891 2102 4936 terram

534 4968 881 5037 effundebat;
913 4985 1082 5042 quare
1133 4970 1274 5027 Deus
1307 4971 1574 5027 alienatus
1604 4978 1658 5027 et
1701 4972 1940 5028 oﬁensus
1978 4989 2102 5028 eum

535 5061 693 5116 morti
720 5061 960 5116 tradidit.
990 5062 1053 5115 Et
1089 5060 1258 5118 Iudas
1281 5062 1518 5117 Thamar
1548 5065 1603 5118 in
1647 5065 1886 5133 paternis
1928 5064 2102 5118 domi-

537 5155 657 5216 bus,
682 5165 741 5208 ut
775 5155 934 5211 vidua
965 5157 1196 5218 sederet,
1229 5157 1402 5212 donec
1431 5156 1610 5212 Selom
1652 5167 1922 5213 cresceret
1962 5173 2103 5226 pra:-

533 5248 688 5316 cipit,
716 5264 874 5318 quem
911 5257 1152 5312 auctum,
1183 5257 1237 5304 et
1270 5249 1512 5304 adultum
1540 5292 1554 5316 ,
1621 5250 1814 5306 timore
1871 5250 2099 5309 ductus.

537 5348 697 5408 atque
718 5342 1149 5410 suspicione,ne
1186 5351 1239 5396 et
1294 5342 1340 5396 is
1387 5341 1663 5403 interiret,
1718 5344 1925 5398 nullum
1976 5359 2099 5398 cum

535 5431 772 5485 Thamar
803 5433 1114 5504 conjunxit;
1147 5449 1265 5504 qua:
1298 5449 1440 5503 aegre
1493 5433 1594 5488 hoc
1637 5433 1970 5504 molesteque
2017 5434 2098 5489 fe-

2207 4694 2303 4747 νὰν
2327 4692 2748 4764 συνευνασθῆναι
2773 4695 2835 4764 τῇ
2871 4693 3086 4764 Θάμαρ,
3117 4692 3254 4746 ὥστε
3277 4692 3574 4761 ἀναστῆσαι
3609 4691 3779 4762 σπέρ-

2211 4802 2285 4856 μα
2313 4785 2388 4856 τῷ
2421 4783 2634 4854 ἀδελφῷ
2667 4783 2850 4837 αὑτοῦ.
2890 4783 2999 4836 Καὶ
3032 4786 3061 4836 6
3104 4783 3280 4836 Αὺνὲιν
3318 4785 3496 4852 γνοὺς,
3547 4783 3627 4836 ὅτι
3673 4782 3776 4836 οὐκ

2206 4876 2354 4947 αὐτῷ
2387 4877 2681 4947 καθῆκενή
2714 4876 2821 4928 τῶν
2865 4874 3067 4928 τέκνων
3108 4875 3300 4946 σπορὰ,
3347 4878 3404 4928 ἐν
3450 4874 3528 4944 τῷ
3561 4873 3777 4944 μέλλειν

2209 4973 2440 5022 συνεῖναι
2473 4972 2538 5040 τῇ
2573 4969 2791 5038 γυναικὶ
2818 4968 3029 5040 ἐξέχεεν
3062 4969 3156 5022 ἐπὶ
3182 4967 3281 5034 τῆς
3312 4967 3416 5036 γῆς
3463 4967 3627 5020 αὑτοῦ
3673 4968 3773 5037 τὴν

2209 5062 2399 5131 γονήν·
2449 5059 2542 5113 καὶ
2592 5060 2911 5131 νεμεσηθεὶς
2943 5060 3033 5112 ἐπὶ
3080 5060 3233 5113 τοῦτο
3273 5060 3376 5112 ὑπὸ
3411 5058 3567 5121 Θεοῦ,
3598 5075 3775 5129 παρα-

2206 5154 2393 5223 χρῆμα
2426 5152 2711 5208 ἀπέθανεν.
2741 5153 2850 5206 Καὶ
2887 5155 2914 5206 ὁ
2958 5153 3155 5216 Ἰούδας
3197 5151 3402 5205 κελεύει
3444 5151 3544 5221 τὴν
3574 5152 3770 5222 Θάμαρ

2203 5247 2262 5296 ἐν
2292 5248 2400 5307 τοῖς
2429 5245 2697 5318 πατρῴοις
2728 5247 2894 5309 οἴκοις
2917 5247 3090 5316 χήραν
3131 5243 3475 5309 καθέζεσθαι,
3501 5244 3606 5307 ἕως
3652 5237 3712 5295 οὗ
3739 5246 3769 5296 6

2206 5336 2404 5407 Σηλὼμ
2457 5337 2696 5401 αὔξεται.
2733 5336 3116 5407 Ἀνδρωθέντος
3163 5332 3254 5391 οὖν
3305 5336 3467 5389 αὐτοῦ
3524 5335 3763 5405 ἐφοϐήθη

2207 5431 2436 5499 συνάψαι
2466 5432 2627 5484 αὑτὸν
2657 5435 2721 5502 τῇ
2757 5432 2972 5502 Θάμαρ,
3009 5433 3351 5501 ὑποτοπήσας
3379 5431 3450 5501 μὴ
3492 5432 3584 5484 καὶ
3611 5424 3765 5490 οὗτος

537 5538 684 5589 rens,
715 5524 817 5578 hac
840 5525 1051 5580 ratione
1075 5523 1226 5579 Iudae
1255 5525 1426 5578 vicem
1450 5525 1714 5594 rependit.
1745 5524 1954 5580 Etenim
1975 5542 2097 5579 cum

2215 5523 2501 5578 ἱιπολείται.
2520 5524 2582 5576 'II
2605 5525 2659 5577 δὲ
2694 5526 2784 5577 ἐπὶ
2810 5523 2983 5594 τούτῳ
3010 5524 3232 5594 ἀχθεῖσα
3263 5523 3551 5594 ὀδυνηρῶς,
3579 5522 3764 5591 τοιῷδε

537 5614 686 5668 Illum
724 5616 788 5670 ad
819 5632 947 5672 oves
981 5616 1283 5671 tondendas
1317 5615 1614 5685 profectum
1664 5633 1784 5671 esse
1833 5616 1972 5670 fama
2009 5631 2097 5669 ac-

2199 5617 2380 5686 tprjmp
2424 5615 2512 5668 τὸν
2558 5615 2753 5668 Ἰούδαν
2775 5615 3075 5686 ἀμείϐεται.
3114 5615 3460 5686 Ἀφιχθέντος
3482 5611 3574 5668 οὖν
3600 5611 3766 5668 αὑτοῦ

645 5773 689 5805 ⁸⁸
721 5771 842 5829 Gen.
879 5791 1059 5832 xxxvi.
1139 5777 1179 5809 ⁸⁷
1202 5775 1338 5829 Ibid.
1417 5777 1459 5807 "
1492 5775 1615 5831 (ἔθη.
1650 5793 1830 5831 xxxvi.
1906 5780 1949 5810 ”
1973 5777 2097 5833 Gen.
2134 5793 2338 5832 xum.
2417 5777 2460 5810 ’°
2487 5776 2613 5830 Gen.
2645 5793 2826 5830 xuix.
