4112 6476
437 368 539 425 769

1344 364 1612 421 SPURIA.
1657 397 1725 408 ——
1762 366 2116 422 COMMENT.
2158 368 2227 423 ιΝ
2266 369 2755 429 HEXAEMERON.

3560 374 3666 429 770

430 482 523 534 ἐπὶ
546 479 643 553 τὴν
666 474 868 549 κουράν
888 450 996 530 τιῖιν
1017 476 1322 549 προϐάτων,
1350 476 1627 531 ἀκούσασα
1655 478 1789 550 αὐτὴ
1810 481 1965 551 άπαμ

2062 534 2068 545 _
2101 484 2357 553 cepisset,
2388 492 2590 541 vestem
2635 484 2916 556 lugubrem
2957 493 3107 541 exuit
3151 486 3510 560 amiciturque
3547 503 3664 542 ma-

430 575 678 645 φίσκεται
711 573 809 644 μὲν
835 572 933 643 τὴν
961 571 1159 643 ἐσθῆτα
1191 572 1290 640 τὴν
1328 569 1606 641 πενθικὴν,
1636 570 1991 642 ἀμφιέννυται

426 668 483 722 δὲ
510 666 794 737 πολυτελῆ,
826 666 921 719 καὶ
946 664 1083 736 πρὸς
1106 666 1227 727 ταῖς
1256 662 1452 725 πύλαις
1471 663 1569 733 τῆς
1593 663 1803 729 πόλεως
1831 666 1992 721 Αίνὰν

426 755 734 820 ἐκαθέζετο,
766 756 834 826 ἣν
858 757 887 809 ὁ
930 754 1132 818 Ἰούδας
1163 752 1370 807 ἐκεῖθεν
1400 753 1611 826 παριὼν
1639 754 1988 826 θεασάμενος,

424 847 500 914 ὡς
532 849 752 922 ἑταίρας
788 846 1001 919 ἠράσθη
1034 846 1220 917 αὐτῆςο
1250 843 1314 898 τὸ
1343 846 1451 917 γὰρ
1497 846 1783 918 πρόσωπον
1824 848 1992 920 αὐτῆς

425 942 562 1013 πρὸς
590 940 654 995 τὸ
681 941 754 1013 μὴ
787 939 1186 1010 ἐπιγνωσθῆναι
1214 940 1540 1010 ἐπεκάλυψε,
1574 943 1666 995 καὶ
1690 942 1991 1014 ὑποσχόμε-

421 1049 511 1095 νος
548 1032 683 1103 αὐτῇ
712 1032 895 1103 ἔριφον
924 1031 1255 1093 ἀποστεῖλαι,
1280 1028 1430 1099 ἠξίου
1458 1030 1798 1101 συμμιγῆναι
1828 1033 1985 1104 αὐτῇ.

435 1123 503 1176 'H
530 1123 589 1177 δὲ
621 1123 684 1176 ού
712 1123 977 1195 πρότερον
1008 1117 1172 1187 εἶξεν,
1197 1123 1245 1174 εί
1282 1121 1357 1194 μὴ
1385 1119 1637 1195 ἐνέχυρον
1664 1122 1757 1176 τὸν
1788 1124 1986 1177 δακτύ-

421 1215 553 1277 λιον,
586 1215 684 1269 κα)⁸
721 1215 812 1269 τὸν
851 1215 1133 1287 ὁρμίσκον,
1165 1214 1260 1267 καὶ
1289 1214 1386 1286 τὴν
1426 1215 1723 1288 βακτηρίαν
1747 1217 1983 1289 εἴληφεν.

431 1307 519 1371 Ὠς
554 1306 613 1361 δὲ
655 1306 921 1377 συνεμίγη
956 1306 1115 1378 αὐτῇ,
1168 1306 1327 1369 αὐτὸς
1384 1307 1483 1378 μὲν
1524 1308 1604 1371 είς
1652 1307 1723 1361 τὰ
1760 1308 1987 1380 ποίμνια

417 1398 582 1453 αὐτοῦ
629 1399 883 1468 ἀφίκετοο
931 1401 965 1471 ὴ
997 1400 1053 1453 δὲ
1089 1398 1570 1471 μεταμφιεσαμένη
1609 1400 1767 1453 πάλιν
1797 1399 1864 1454 τὰ
1882 1402 1987 1485 τῆς

416 1491 588 1563 χήρας
635 1490 926 1562 ἐνδύματα,
959 1490 1260 1565 ἐκρύπτετο
1307 1491 1658 1546 λανθάνουσα.
1674 1492 1764 1556 Ὠς
1784 1491 1829 1545 δ’
1852 1493 1986 1547 ἀπο-

417 1582 632 1646 στείλας
675 1584 704 1636 ὁ
745 1582 942 1647 Ἰούδας
975 1582 1064 1636 τὸν
1096 1582 1283 1655 ἔριφον
1315 1582 1571 1655 ἐπεζήτει
1603 1582 1696 1637 τὸν
1725 1584 1985 1656 ὁρμίσκον

413 1674 508 1727 καὶ
557 1673 625 1728 τά
666 1673 813 1746 ἑξῆς,
841 1677 934 1729 καὶ
981 1676 1079 1747 οὐχ
1128 1669 1305 1748 εὗρεν,
1341 1675 1434 1731 ἐπὶ
1463 1675 1542 1747 τῷ
1586 1674 1984 1749 παραλογισμῷ

410 1763 680 1837 διεπρίετο
727 1765 930 1837 μέντοι,
978 1767 1263 1841 ἐκαρτέρει
1311 1768 1369 1822 δὲ
1420 1769 1669 1839 φωρᾶσαι
1716 1766 1980 1834 παντοίως

2096 575 2327 645 gnitice,
2368 585 2421 630 et
2469 575 2790 647 splendide,
2830 575 3076 647 seditque
3122 578 3188 632 ad
3231 577 3376 635 fores
3426 580 3664 636 civitatis

2092 664 2276 721 JEnan
2303 664 2375 731 9‘,
2407 681 2570 738 quam
2593 664 2761 723 Judas
2788 667 2913 722 inde
2941 670 3258 737 praeteriens
3289 678 3660 740 coriSpectam,

2093 757 2172 811 uti
2203 756 2539 813 meretricem
2563 757 2813 828 deperiit,
2838 759 3042 813 vultum
3065 759 3229 827 enim,
3258 777 3327 818 ne
3359 778 3662 834 cognosce-

2090 856 2263 912 retur,
2294 849 2627 914 obduxerat,
2660 865 2827 921 seque
2866 851 3081 906 haedum
3124 853 3416 909 missurum
3446 854 3660 925 pollici-

2091 948 2199 1005 tus,
2227 955 2346 996 eam
2382 946 2441 994 ut
2477 941 2582 996 sibi
2602 939 3026 1012 conjungeretur
3045 945 3535 1012 percunctabatur;
3567 944 3660 998 illa

2089 1030 2346 1098 abnuere,
2376 1030 2480 1086 nisi
2513 1031 2767 1092 annulus,
2806 1031 2998 1086 catella
3061 1031 3398 1103 haculusque
3450 1034 3648 1105 pignus

2088 1123 2157 1178 ab
2186 1138 2251 1178 eo
2272 1124 2378 1179 sibi
2402 1124 2661 1189 daretur;
2709 1130 2768 1177 ut
2800 1138 2914 1179 rem
2947 1124 3160 1188 habuit,
3197 1124 3314 1195 ipse
3340 1125 3555 1196 quidem
3589 1126 3660 1180 ad

2087 1227 2278 1284 greges
2309 1214 2475 1281 abiit;
2509 1210 2599 1269 illa
2632 1214 2829 1270 iterum
2858 1215 3033 1271 viduae
3064 1215 3405 1272 vestimentis
3437 1219 3655 1284 amicta,

2087 1306 2141 1359 in
2163 1306 2378 1361 occulto
2401 1306 2601 1362 latebat
2633 1307 2835 1363 abdita.
2871 1306 2941 1361 At
2969 1305 3139 1363 Judas
3172 1315 3232 1363 ut
3258 1308 3429 1365 misso
3466 1309 3655 1375 haedo,

2085 1397 2332 1452 catellam
2365 1398 2681 1468 reliquaque
2717 1398 2946 1469 pignora
2986 1414 3277 1471 reposcens
3299 1439 3315 1465 ,
3364 1416 3475 1457 non
3505 1402 3659 1458 inve-

2085 1491 2186 1554 nit,
2234 1491 2402 1548 variis
2457 1482 2877 1561 cogitationibus
2929 1490 3311 1558 afﬂictabatur,
3347 1494 3656 1550 sustinebat

2085 1593 2261 1639 tamen
2319 1583 2571 1648 omnino,
2622 1580 3021 1639 fraudationem
3076 1583 3480 1654 deprehendere
3535 1594 3654 1644 stu-

2083 1676 2240 1733 dens.
2296 1674 2482 1748 Itaque
2522 1691 2633 1731 non
2697 1683 2819 1746 post
2869 1678 3100 1732 multum
3155 1684 3371 1749 tempus
3418 1678 3658 1737 Thamar

2083 1767 2308 1840 gravida
2330 1768 2686 1839 comperitur,
2712 1767 2991 1840 Judasque
3022 1783 3141 1825 eam
3176 1768 3499 1825 fornicatam
3529 1786 3657 1827 con-

411 1855 509 1925 τὴν
534 1857 746 1928 ἀπάτην
776 1858 1111 1930 βουλόμενος.
1146 1860 1352 1931 Χρόνου
1380 1854 1472 1913 οὖν
1511 1858 1868 1932 παρελθόντος
1896 1859 1965 1930 ἔγ

2084 1860 2295 1930 cepisse
2328 1875 2451 1914 cum
2485 1859 2747 1925 audisset,
2777 1860 2954 1931 jubet,
2987 1868 3048 1917 ut
3076 1863 3265 1919 vivens
3296 1863 3650 1935 conﬂagrata,

410 1963 540 2016 γυος
589 1951 623 2020 ἡ
673 1949 869 2023 Θάμαρ
915 1950 1144 2020 γίνεται,
1176 1951 1272 2005 καὶ
1305 1950 1541 2016 ἀκούσας
1578 1954 1606 2005 ὁ
1649 1950 1865 2015 Ἰούδας,
1893 1952 1965 2006 ὅτι

2080 1950 2332 2007 incendio
2365 1950 2646 2017 concidat;
2678 1967 2797 2022 quae
2812 1967 2936 2007 cum
2959 1954 3270 2031 duceretur,
3295 1954 3464 2016 Judaa.
3485 1956 3656 2011 catel-

408 2041 472 2094 ἐκ
502 2041 755 2113 πορνείας
781 2043 1085 2115 συνείληφε,
1113 2043 1436 2117 προστάττει
1468 2045 1646 2109 ζῶσαν
1671 2045 1838 2116 αὐτὴν
1877 2063 1965 2098 κα-

2078 2040 2209 2111 lam,
2237 2041 2488 2096 baculum
2516 2043 2883 2113 annulumque
2905 2045 3150 2111 remittit,
3181 2046 3369 2101 dicens
3396 2065 3410 2103 :
3443 2046 3521 2101 Ex
3550 2047 3650 2102 hoc

406 2133 787 2207 ταφλεχθῆναι.
805 2137 870 2191 Ἡ
895 2137 952 2191 δέ
974 2137 1213 2210 ἀγομένη
1240 2137 1555 2192 ἀποστέλλει
1578 2137 1656 2208 τῷ
1687 2137 1855 2209 ’Ἰούδα⁷
1880 2138 1965 2192 τὸν

2077 2131 2222 2186 mine
2253 2131 2410 2201 cujus
2443 2132 2557 2186 haec
2586 2143 2730 2198 sunt,
2755 2148 2855 2204 ego
2883 2136 3128 2205 concepi,
3158 2136 3447 2206 cujusnam
3482 2137 3649 2207 igitur

403 2224 686 2298 ὁρμίσκον,
713 2229 808 2282 καὶ
852 2229 943 2283 τὸν
990 2229 1291 2294 δακτύλιον,
1329 2231 1423 2284 καὶ
1465 2228 1564 2301 τὴν
1617 2229 1831 2302 ῥάϐδον,
1866 2234 1965 2300 φά-

2073 2222 2330 2288 annulus,
2362 2225 2556 2280 catella
2580 2225 2917 2296 haculusque
2962 2234 3108 2291 sunt,
3139 2242 3327 2282 nosce.
3353 2227 3450 2283 His
3475 2226 3647 2284 Judas

407 2331 609 2372 σκουσα
627 2336 641 2349 ο
686 2319 781 2374 Ἐκ
810 2319 903 2374 τοῦ
926 2320 1235 2393 ἀνθρώπου,
1265 2316 1471 2386 οὗτινος
1499 2321 1675 2376 ταῦτά
1701 2323 1840 2386 ἐστι,
1863 2321 1965 2391 ἐγὼ

2075 2316 2259 2370 animo
2286 2315 2535 2383 indoluit,
2577 2316 2917 2390 Numineque
2942 2319 3170 2384 amatus,
3206 2325 3377 2376 semet
3407 2320 3474 2375 de
3502 2320 3649 2390 inju-

405 2408 718 2480 συνείληφα.
736 2410 1023 2480 Ἐπίγνωθι
1050 2409 1142 2466 οὖν
1170 2412 1314 2476 τίνος
1338 2414 1366 2466 6
1388 2410 1688 2476 δακτύλιος,
1718 2413 1811 2466 καὶ
1833 2411 1862 2463 6
1882 2412 1965 2483 ὁρ-

2077 2408 2226 2463 stitia
2257 2409 2586 2474 accusando,
2617 2408 2733 2464 haec
2762 2411 2939 2465 aiebat
2971 2428 2986 2465 :
3013 2410 3223 2466 Justior
3245 2419 3328 2468 est
3358 2426 3444 2468 me
3471 2426 3487 2463 :
3518 2427 3647 2483 pro-

405 2499 618 2570 μίσκος,
653 2502 746 2556 καὶ
783 2505 815 2575 ή
851 2504 1139 2574 ῥάϐδος.’0
1179 2504 1235 2558 δὲ
1281 2504 1505 2568 Ἰούδας,
1533 2502 1853 2574 σχετλιάσας
1882 2503 1965 2555 ἐπὶ

2077 2509 2262 2572 ptcrea
2290 2500 2434 2570 quod
2459 2516 2565 2555 non
2589 2501 2710 2556 dedi
2733 2516 2852 2557 eam
2881 2501 3060 2558 Selom
3091 2503 3202 2557 filio
3233 2518 3373 2558 meo.

400 2594 480 2665 τῷ
528 2598 833 2670 πράγματι,
867 2600 961 2653 καὶ
1002 2598 1187 2664 ἔνθους
1234 2599 1543 2670 γενόμενος,
1588 2599 1750 2663 αὐτὸς
1781 2598 1971 2654 ἐαυτὸν
2002 2596 2096 2650 ἐπὶ
2142 2598 2208 2667 τῇ
2241 2594 2421 2667 ἀδικίᾳ
2457 2596 2857 2666 κατεμέμφετο,
2891 2597 3094 2666 λέγων’
3140 2596 3490 2653 Δεδικαίωται
3541 2596 3645 2653 αὖ·

398 2703 488 2759 τη,
518 2690 552 2762 ἢ
583 2688 715 2759 ἐγὼ,
735 2683 796 2744 οὗ
821 2690 1006 2746 ἕνεκεν
1027 2692 1127 2746 οὐκ
1156 2691 1330 2746 ἐδωκα
1355 2694 1525 2765 αὐτὴν
1550 2691 1748 2763 Σηλὼμ
1766 2690 1844 2762 τῷ
1866 2688 1967 2761 υἱῷ
2008 2706 2130 2761 μου.

468 2782 615 2854 Αὕτη
641 2783 720 2851 δὲ,
750 2784 1013 2857 γενομένη
1045 2784 1251 2852 ἐπίτεξ,
1285 2784 1541 2856 διδύμους
1570 2784 1629 2839 ἐν
1666 2783 1743 2854 τῷ
1764 2783 1966 2838 τίκτειν

397 2877 787 2949 προσήνεγκεν.
819 2875 930 2929 Καὶ
953 2878 982 2930 ὁ
1008 2876 1108 2947 μὲν
1133 2876 1352 2947 μείζων,
1394 2875 1670 2929 τουτέστιν
1692 2876 1721 2928 ὁ
1750 2872 1966 2946 πρῶτος

395 2968 492 3040 τὴν
523 2971 679 3040 χεῖρα
707 2966 870 3022 αὐτοῦ
906 2966 1248 3040 προεξέϐαλε,
1283 2969 1378 3021 καὶ
1405 2970 1437 3039 ἡ
1476 2970 1609 3039 μαῖα
1648 2965 1802 3036 λῶμα
1840 2965 1967 3019 κόκ-

394 3077 543 3115 κινον
588 3064 655 3130 τῇ
705 3061 849 3133 χειρὶ⁴
897 3059 1058 3114 αὑτοῦ
1103 3061 1422 3133 προσέδησε,
1448 3060 1730 3129 φάσκουσα
1751 3076 1764 3090 ⁸
1798 3053 1965 3123 Οὗτος
1991 3091 2034 3148 C

397 3150 728 3219 ἐξελεύσεται
766 3152 1009 3225 πρῶτοςο
1045 3152 1141 3207 καὶ
1170 3150 1373 3216 εὐθέως
1396 3151 1457 3205 τὸ
1484 3151 1693 3205 παιδίον
1723 3150 1821 3223 τὴν
1852 3154 1964 3222 χεῖ-

395 3261 464 3316 ρα
490 3244 637 3299 ἔνδον
671 3247 963 3317 συνήγαγε,
992 3244 1087 3300 καὶ
1114 3244 1303 3316 ἐξῆλθε
1330 3243 1543 3314 πρῶτος
1567 3246 1595 3297 6
1622 3243 1846 3312 ἀδελφὸς
1864 3243 1964 3297 αὑ-

388 3333 482 3388 τοῦ
512 3336 606 3389 καὶ
628 3335 831 3407 ἐκλήθη
858 3335 920 3389 τὸ
944 3334 1114 3405 ὄνομα
1132 3333 1296 3387 αὐτοῦ
1326 3333 1501 3404 Φαρές
1516 3350 1530 3362 ·
1562 3334 1657 3386 καὶ
1679 3332 1816 3405 μετὰ
1834 3331 1961 3385 τοῦ·

388 3442 481 3480 τον
525 3426 745 3498 ἐξῆλθεν
794 3426 823 3478 ὁ
868 3425 1117 3495 ἁδελφὸς,
1152 3425 1238 3493 ἐφ’
1267 3418 1311 3492 ᾧ
1336 3419 1404 3496 ἦν
1429 3423 1491 3478 τὸ
1527 3423 1777 3478 κόκκινον
1806 3425 1864 3477 ἐν
1891 3425 1957 3494 τῇ

389 3517 552 3587 χειρὶ,
585 3518 680 3572 καὶ
729 3517 1086 3590 ἐπωνομάσθη
1131 3517 1297 3589 Ζαρά.
1330 3515 1546 3571 Τούτων
1589 3515 1884 3587 ἐτύγχανεν
1931 3518 1962 3571 ὁ

401 3607 596 3678 Ἰωσὴφ
626 3608 891 3677 ἀπόγονος
932 3611 961 3662 6
1010 3610 1265 3680 μνήστωρ
1294 3609 1390 3679 τῆς
1420 3607 1688 3681 άχράντου
1720 3607 1956 3680 Μαρίας,

387 3698 449 3765 ἐξ
471 3693 536 3770 ἦς
563 3701 592 3753 ὁ
618 3699 849 3772 Χριστὸς
873 3699 934 3754 τὸ
959 3699 1182 3772 σαρκίον
1206 3699 1517 3771 ἀνείληφεν.

456 3789 647 3859 Φαρές
671 3790 801 3860 γὰρ,
827 3789 902 3853 ὡς
931 3792 959 3843 ὁ
984 3788 1374 3862 εὐαγγελιστὴς
1414 3788 1691 3854 Ματθαῖος
1733 3789 1954 3860 ἱστορεῖ,

379 3880 674 3952 ἐγέννησε
713 3881 822 3935 τὸν
865 3880 1111 3951 Ἐσρὼμ,
1128 3879 1357 3952 Ἐσρὼμ
1404 3879 1473 3935 δὲ
1513 3879 1803 3951 ἐγέννησε
1851 3881 1957 3935 τὸν

396 3974 589 4044 Ἀρὰμ,
605 3974 776 4043 Ἀρὰμ
806 3973 874 4027 δὲ
905 3972 1194 4044 ἐγέννησε
1242 3974 1352 4027 τὸν
1387 3972 1956 4043 Ἆμιναδὰϐ,Ἆμινα-

382 4064 497 4120 δὰϐ
519 4065 587 4119 δέ
613 4064 904 4136 ἐγέννησε
929 4065 1036 4119 τὸν
1048 4063 1368 4129 Ναασσὼν,
1386 4064 1688 4118 Ναασσὼν
1701 4062 1770 4117 δέ
1791 4063 1955 4134 ἐγέν-

381 4172 533 4227 νησε
550 4156 659 4211 τὸν
679 4154 948 4226 Σαλμὼν,
971 4153 1224 4225 Σαλμὼν
1249 4154 1317 4208 δὲ
1342 4154 1634 4225 ἐγέννησε
1658 4154 1766 4209 τὸν
1786 4154 1947 4221 Βοὸζζ

382 4246 540 4310 Βοὸζ
551 4248 620 4302 δὲ
635 4247 923 4318 ἐγέννησε
948 4246 1055 4301 τὸν
1070 4245 1238 4316 Ὀὄὴδ
1255 4246 1325 4300 ἐκ
1344 4246 1454 4314 τῆς
1484 4245 1675 4311 Ῥοὺθ,
1702 4245 1870 4314 Ὀϐὴδ
1880 4245 1949 4299 δὲ

377 4341 667 4413 ἐγέννησε
677 4340 785 4395 τὸν
796 4340 1010 4396 Ἰεσσαί
1017 4382 1032 4406 ,
1048 4340 1259 4394 Ἰεσσαὶ
1274 4338 1341 4392 δέ
1351 4338 1382 4392 ἐ
1390 4338 1563 4409 γέννη
1568 4355 1640 4393 σε
1651 4338 1759 4392 τὸν
1768 4337 1948 4393 Δαυῒδ

2139 2778 2247 2835 Sed
2272 2779 2508 2836 Thamar
2553 2781 2666 2853 jam
2696 2783 3026 2854 parturiens,
3051 2783 3190 2841 duos
3217 2787 3273 2841 in
3312 2794 3472 2858 partu
3503 2804 3637 2860 pro-

2068 2873 2189 2928 tulit
2214 2875 2299 2939 9',
2345 2890 2579 2945 quorum
2636 2876 2842 2948 major,
2900 2877 3109 2948 primus
3167 2880 3376 2937 scilicet
3416 2897 3641 2938 manum

2065 2966 2269 3033 emisit,
2299 2967 2672 3040 obstetrixque
2700 2983 2818 3024 eam
2847 2967 3058 3025 fimbria
3086 2985 3359 3041 purpurea
3387 2973 3636 3045 illigavit,

2066 3055 2287 3115 dicens:
2306 3058 2407 3116 Hic
2426 3060 2635 3131 primus
2656 3061 2954 3132 egreditur,
2973 3061 3261 3133 subitoque
3285 3078 3423 3135 puer
3443 3078 3639 3122 manus

2065 3148 2216 3205 intus
2265 3151 2567 3216 contraxit,
2604 3154 2921 3224 primusque
2962 3153 3132 3210 frater
3171 3157 3294 3227 ejus
3327 3155 3530 3222 exivit,
3581 3165 3639 3214 ct

2062 3249 2288 3299 vocatus
2315 3252 2400 3299 est
2430 3243 2673 3312 Phares;
2705 3252 2828 3316 post
2856 3261 3017 3317 quem
3047 3247 3187 3303 alius
3225 3263 3482 3319 egressus
3510 3257 3594 3305 est
3618 3292 3634 3315 ,

2060 3332 2149 3387 cui
2177 3347 2374 3389 manus
2396 3350 2633 3405 purpura
2651 3342 2767 3391 erat
2786 3336 3008 3407 illigata,
3033 3344 3087 3394 et
3107 3340 3524 3409 cognominatus
3545 3349 3632 3399 est

2062 3424 2218 3481 Zara.
2246 3424 2330 3481 Ab
2359 3428 2444 3482 bis
2494 3426 2657 3482 habet
2696 3435 2872 3482 ortum
2896 3426 3095 3499 Ioseph
3145 3445 3379 3499 sponsus
3424 3431 3613 3486 imma-

2059 3520 2252 3575 culata:
2287 3518 2547 3591 Virginis,
2579 3534 2642 3575 ex
2672 3530 2779 3590 qua
2810 3517 3060 3576 Christus
3102 3535 3321 3576 carnem
3365 3522 3628 3593 suscepit.

2127 3784 2326 3839 Phares
2353 3786 2525 3849 enim,
2571 3791 2631 3840 ut
2666 3785 2998 3856 evangelista
3039 3783 3206 3841 refert
3237 3784 3521 3846 Matthaatts
3547 3789 3616 3855 ⁸⁸,

2051 3877 2228 3948 genuit
2253 3874 2461 3939 Earum,
2486 3874 2674 3931 Esrom
2699 3885 2874 3930 autem
2902 3878 3079 3946 genuit
3108 3877 3296 3946 Aram,
3328 3882 3494 3934 Aram
3526 3898 3626 3936 au-

2054 3977 2155 4023 tem
2185 3971 2361 4039 genuit
2389 3968 2710 4033 Aminadab,
2747 3966 3043 4022 Aminadab
3079 3978 3252 4024 autem
3293 3973 3472 4041 genuit
3510 3971 3628 4030 Na-

2050 4075 2229 4124 asson,
2260 4056 2510 4113 Νααεεοη
2534 4068 2708 4113 autem
2727 4060 2904 4130 genuit
2933 4057 3175 4123 Salmon,
3203 4059 3423 4117 Salmon
3446 4073 3622 4119 autem

2048 4151 2225 4220 genuit
2252 4149 2418 4214 Boaz,
2445 4150 2588 4205 Booz
2609 4161 2784 4205 autem
2814 4152 2990 4222 genuit
3024 4151 3167 4208 Obed
3194 4170 3259 4208 ea:
3280 4153 3436 4219 Ruth,
3478 4156 3624 4212 Obed

2049 4251 2225 4296 autem
2266 4242 2444 4312 genuit
2487 4238 2827 4309 Jesse,Jesse
2874 4250 3048 4295 autem
3095 4249 3274 4311 genuit
3317 4242 3491 4299 David
3535 4263 3621 4301 re-

2049 4347 2185 4402 gem,
2221 4328 2389 4397 Daviﬂ
2410 4319 2588 4384 autem
2624 4346 2715 4384 rea:
2735 4331 2910 4401 genuit
2943 4329 3299 4399 Salomonem,
3328 4349 3395 4387 ea:
3417 4351 3479 4389 ea
3503 4352 3622 4406 qua:

379 4431 487 4485 τὸν
507 4429 799 4496 βασιλέα·
850 4428 1029 4483 Δαυῒδ
1051 4427 1120 4482 δὲ
1140 4431 1173 4483 ό
1192 4427 1494 4495 ,βασιλεὺς
1533 4425 1821 4498 ἐγέννησε
1846 4427 1954 4483 τὸν

2062 4422 2155 4489 fuit
2195 4419 2355 4484 Uriw,
2406 4418 2659 4477 Salomon
2717 4430 2890 4476 autem
2943 4423 3121 4492 genuit
3176 4421 3447 4493 Roboam,
3513 4424 3621 4481 Ro-

378 4520 697 4592 Σολομῶνα
719 4521 789 4577 ἐκ
811 4519 919 4589 τῆς
932 4521 1039 4575 τοῦ
1069 4521 1304 4589 Οὐρίου,
1322 4520 1600 4590 Σολομὼν
1625 4518 1694 4573 δὲ
1707 4518 1948 4590 ἐγέννη-

377 4630 453 4670 σε
493 4614 602 4669 τὸν
644 4611 1175 4683 Ῥοϐοὰμ,Ῥοϐοὰμ
1201 4611 1269 4664 δὲ
1304 4611 1596 4683 ἐγέννησε
1624 4610 1731 4666 τὸν
1774 4612 1942 4676 Ἀϐιὰ,

389 4707 540 4761 Ἄϐιὰ
576 4706 646 4760 δέ
692 4705 982 4776 ἐγέννησε
1030 4704 1133 4759 τὸν
1180 4704 1492 4770 Ἀσὰ,Ἀσὰ
1543 4705 1612 4758 δέ
1656 4705 1944 4776 ἐγέννησε

373 4800 483 4852 τὸν
509 4796 811 4867 Ἰωσαφάτ·
831 4795 1112 4866 Ἰωσαφὰτ
1148 4795 1217 4849 δὲ
1247 4786 1536 4865 ἐγέννησε
1579 4797 1687 4851 τὸν
1721 4796 1940 4867 Ἰωρὰμ,

388 4890 585 4960 Ἰωρὰμ
604 4888 673 4943 δέ
699 4887 988 4960 ἐγέννησε
1020 4887 1125 4942 τὸν
1154 4886 1355 4950 Ὀζῖαν,
1373 4886 1550 4955 Ὀζίας
1564 4887 1633 4942 δὲ
1654 4888 1943 4958 ἐγέννησε

374 4982 482 5035 τὸν
495 4980 750 5050 Ἰωάθαμ,
766 4978 1005 5048 ἰωάθαμ
1019 4982 1085 5036 δέ
1093 4977 1381 5049 ἐγέννησε
1392 4978 1497 5033 τὸν
1511 4980 1566 5031 Ἐ
1570 4978 1785 5044 ζεκίαν,
1803 4978 1942 5040 Ἐζε-
1990 5006 1993 5011 -

374 5073 509 5140 πίας
551 5071 620 5126 δὲ
659 5072 953 5142 ἐγέννησε
992 5072 1100 5126 τὸν
1150 5068 1475 5138 Μανασσῆ,
1502 5069 1839 5140 Μανασσῆς
1872 5071 1941 5125 δέ

372 5165 663 5236 ἐγέννησε
700 5166 806 5220 τὸν
840 5165 1080 5235 Ἇμμὼν,
1099 5158 1321 5234 Ἀιὶμὼν
1370 5162 1439 5216 δὲ
1505 5162 1796 5233 ἐγέννησε
1834 5163 1942 5218 τὸν

387 5256 632 5320 Ἰωσίαν,
650 5255 873 5322 Ἰωσίας
918 5254 988 5309 δέ
1033 5253 1323 5325 ἐγέννησε
1367 5253 1473 5308 τὸν
1512 5254 1793 5324 Ἰεχονίαν
1839 5255 1937 5309 καὶ

372 5349 515 5415 τοὺς
542 5348 844 5418 ἀδελφοὺς
871 5347 1055 5402 αὑτοῦ
1084 5346 1181 5400 ἐπὶ
1209 5344 1320 5415 τῆς
1341 5346 1722 5415 μετοικεσίας
1756 5347 1940 5400 Βαϐυ-

369 5440 593 5507 λῶνος·
615 5442 765 5511 μετὰ
804 5439 872 5494 δέ
887 5439 1001 5509 τὴν
1026 5439 1406 5508 μετοικεσίαν
1432 5437 1807 5505 Βαϐυλῶνος,
1847 5440 1938 5493 ἰε-

372 5532 582 5602 κσνίας
650 5529 939 5599 ἐγέννησε
982 5531 1089 5585 τὸν
1135 5529 1437 5597 Σαλαθιὴλ
1458 5571 1473 5596 ,
1520 5529 1827 5599 Σαλαθιὴλ
1870 5528 1939 5583 δὲ

369 5624 664 5696 ἐγέννησε
694 5622 800 5676 τὸν
823 5621 1173 5691 Ζοροϐάϐελ,
1203 5620 1533 5692 Ζοροϐάϐελ
1563 5620 1631 5675 δὲ
1648 5620 1937 5693 ἐγέννησε

443 5802 487 5834 ⁸⁸
512 5800 638 5857 Cen.
667 5816 846 5855 xxn'l.
921 5801 968 5833 ⁹²
997 5798 1122 5854 Gen.
1162 5815 1392 5857 xxxvm.
1468 5798 1512 5831 ’³
1536 5795 1729 5852 Matth.
1765 5811 1802 5851 ι.

2048 4514 2199 4568 boum
2211 4519 2383 4567 auten:
2417 4513 2590 4584 genuit
2616 4511 2824 4575 Abiam,
2844 4512 3005 4568 Abias
3026 4523 3201 4569 autem
3235 4517 3411 4586 genuit
3428 4517 3615 4584 Asam,

2046 4606 2156 4661 Asa
2207 4615 2383 4660 autem
2418 4605 2591 4674 genuit
2620 4602 2914 4674 Josaphat,
2945 4602 3203 4675 Josaphat
3245 4616 3419 4662 autem
3439 4610 3617 4680 genuit

2042 4697 2253 4761 Joram,
2281 4694 2470 4751 Joram
2529 4707 2702 4750 autem
2748 4696 2927 4767 genuit
2966 4694 3154 4751 Oziam
3180 4738 3196 4763 ,
3246 4698 3410 4754 Ozias
3441 4711 3616 4755 autem

2043 4790 2222 4860 genuit
2246 4788 2522 4853 Joatham,
2548 4787 2801 4842 Joatham
2854 4797 3031 4844 autem
3071 4792 3246 4861 genuit
3293 4791 3576 4847 Ezechiam
3596 4834 3613 4859 ,

2043 4881 2298 4937 Ezechias
2352 4892 2526 4936 autem
2553 4881 2730 4952 genuit
2759 4878 3082 4947 Manassem,
3115 4881 3393 4939 Manasses
3437 4896 3613 4939 autem

2041 4974 2219 5046 genuit
2242 4974 2487 5037 Ammon,
2511 4971 2733 5026 Ammon
2767 4980 2942 5026 autem
2964 4973 3142 5044 genuit
3166 4971 3394 5041 Josiam,
3425 4975 3610 5030 Josias

2042 5074 2216 5119 autem
2232 5066 2407 5134 genuit
2418 5062 2452 5117 Ι
2456 5062 2743 5127 echoniam,
2766 5072 2815 5116 et
2834 5061 3024 5131 fratres
3038 5063 3149 5133 ejus
3173 5065 3227 5118 in
3263 5066 3611 5135 transmigra-

2040 5158 2180 5211 tione
2206 5154 2520 5225 Babylonis,
2552 5162 2737 5223 etpost
2760 5156 3275 5224 transmigrationem
3296 5154 3605 5226 Babylonis,

2039 5244 2319 5299 Jecltonias
2338 5245 2512 5315 genuit
2530 5242 2811 5308 Salathiel,
2832 5243 3091 5298 Salathiel
3112 5251 3285 5298 aulem
3304 5246 3481 5315 genuit
3502 5244 3610 5302 Ζο-

2039 5334 2270 5401 robabel,
2297 5332 2585 5389 Zorobabel
2606 5343 2778 5388 autem
2802 5334 2981 5404 genuit
3000 5333 3194 5397 Abiud,
3223 5335 3396 5389 Abiud
3425 5346 3602 5392 autem

2036 5431 2214 5501 genuit
2241 5427 2527 5493 Eliachim,
2564 5425 2825 5482 Eliachim
2857 5435 3030 5480 autem
3058 5427 3236 5496 genuit
3263 5429 3422 5493 Azor,
3463 5428 3605 5485 Azor

2039 5530 2213 5573 autem
2240 5518 2413 5590 genuit
2426 5517 2618 5583 Sadoc,
2643 5515 2817 5572 Sadoc
2828 5523 3000 5570 autem
3016 5516 3191 5586 genuit
3208 5516 3603 5584 Aehim,Ac/zim

2039 5622 2211 5667 autem
2232 5612 2404 5684 genuit
2430 5608 2779 5678 Eliud,Eliud
2798 5617 2970 5663 autem
2994 5608 3168 5680 genuit
3186 5606 3603 5678 Eleazar,Elea-
