4112 6420
490 358 599 419 τ’Ἱὶ

1383 356 1445 415 S.
1485 356 1931 415 EUSTATIIIUS
1969 356 2459 415 ANTIOCHENUS
2489 355 2889 414 EPISCOPUS.

3635 362 3741 416 772

497 498 596 537 sar
607 488 777 534 autem
787 475 961 549 genuit
977 473 1493 541 Matt/anlatthan
1510 486 1683 530 autem
1694 474 2061 547 genuitlacob,

2175 473 2271 529 τὸν
2302 473 2782 539 Ἆΰ(οὺδ,Ἆ6ιοὺδ
2825 473 2895 528 δὲ
2935 473 3225 545 ἐγέννησε
3270 473 3379 528 τὸν
3419 475 3736 547 Ἐλιακείμ.

495 571 663 627 Iacob
686 580 857 625 autem
886 569 1061 639 genuit
1076 566 1271 637 Ioseph
1293 567 1459 621 virum
1478 566 1766 633 Marica,”
1780 584 1883 639 qua
1905 577 2062 623 natus

494 672 574 718 est
597 662 773 727 Iesus,
794 662 885 733 qui
917 660 1113 715 dicitur
1136 658 1399 716 Christus.
1435 658 1626 714 Omnes
1649 660 1825 731 itaque
1846 677 2063 731 genera-

496 755 660 809 tiones
689 752 755 808 ab
782 752 1050 806 Abraham
1078 768 1239 823 usque
1260 750 1328 805 ad
1357 750 1522 805 David
1548 752 1903 823 generationes
1926 768 2060 823 qna-

496 844 805 908 tuordeeim,
825 854 873 899 et
898 861 931 898 a
950 843 1117 897 Dauid
1138 860 1298 915 usque
1326 844 1396 898 ad
1412 846 1929 915 transmigrationem
1952 844 2061 899 Ba-

494 938 700 1010 bylonis
727 938 1080 1010 generationes
1112 937 1524 1008 quatuordecim,
1554 946 1602 990 et
1647 953 1679 990 a
1714 938 2069 1007 transmigra-

2180 565 2477 635 Ἐλιακείμ
2510 564 2578 618 δὲ
2619 564 2909 636 ἐγέννησε
2944 566 3049 620 τὸν
3087 566 3448 638 Ἇζῖι›ρ,Ἇζὼρ
3473 569 3542 623 δὲ
3573 571 3744 640 ἐγέν-

2166 673 2320 727 νησε
2350 657 2458 711 τὸν
2479 657 2706 724 Σαδὼκ,
2737 657 2943 713 Σαδὼκ
2969 656 3039 712 δὲ
3070 657 3364 735 έγέννησε
3388 660 3493 714 τὸν
3522 661 3738 731 Ἀχείμ,

2178 751 2369 821 Ἀχείμ
2404 749 2472 804 δὲ
2496 750 2787 820 ἐγέννησε
2813 750 2920 804 τὸν
2954 750 3204 817 Ἐλιοὺδ,
3221 751 3450 807 Ἐλιοὺδ
3481 752 3551 806 δὲ
3576 752 3742 823 ἐγέν-

2169 858 2322 913 νησε
2343 843 2452 897 τὸν
2476 839 2765 912 Ἐλεάζαρ,
2782 839 3053 911 Ἐλεάζαρ
3071 842 3141 896 δὲ
3160 843 3451 913 ἐγέννησε
3464 846 3573 900 τὸν
3593 850 3746 901 Ματ-

2170 937 2303 999 θὰν,
2327 934 2573 989 Ματθὰν
2607 933 2676 987 δὲ
2719 933 3010 1004 ἐγέννησε
3053 934 3159 989 τὸν
3199 935 3413 1001 Ἰακὼϐ,
3431 937 3632 992 Ἰακὼϐ
3670 939 3740 992 δὲ

495 1033 636 1085 tione
687 1030 977 1102 Babylonis
1030 1046 1190 1101 usque
1248 1028 1316 1083 ad
1371 1026 1672 1094 Christum,
1705 1030 2064 1101 generationes

2175 1026 2457 1097 ἐγέννησε
2476 1026 2582 1081 τὸν
2594 1025 2806 1095 Ἰωσὴφ
2825 1026 2933 1081 τὸν
2946 1025 3133 1096 ἄνδρα
3144 1029 3392 1097 Μαρίας,
3404 1029 3473 1094 ἐξ
3488 1025 3563 1101 ἧς
3577 1030 3743 1101 ἐγεν-

493 1124 908 1193 quataordecim.

2175 1117 2300 1188 νήθη
2326 1117 2558 1187 Ἰησοῦς
2578 1120 2612 1171 ό
2642 1119 2964 1187 λεγόμενος
2994 1119 3266 1187 Χριστός.
3306 1118 3504 1175 Πᾶσαι
3532 1121 3650 1176 νῦν
3674 1124 3737 1176 αἱ

495 1214 693 1286 γενεαί
719 1214 838 1271 ἀπὸ
877 1214 1119 1284 Ἀϐραὰμ
1145 1214 1256 1281 ἕως
1280 1211 1461 1267 Δαυῒδ
1490 1212 1687 1282 γενεαὶ
1714 1212 2173 1280 δεκατέσσαρες,
2208 1209 2306 1263 καί
2334 1210 2452 1264 ἀπὸ
2483 1209 2663 1264 Δαυῒδ
2706 1208 2817 1275 ἕως
2852 1207 2960 1278 τῆς
2990 1212 3369 1279 μετοικεσίας
3387 1212 3742 1281 Βαϐυλῶνος

496 1310 693 1380 γενεαί
732 1310 1189 1378 δεκατέσσαρες,
1226 1307 1324 1361 καί
1356 1305 1474 1361 ἀπὸ
1518 1304 1631 1375 τῆς
1667 1305 2044 1376 μετοικεσίας
2070 1300 2436 1369 Βαϐυλῶνος
2471 1301 2581 1367 ἕως
2616 1300 2722 1355 τοῦ
2758 1301 3016 1371 Χριστοῦ
3056 1304 3251 1374 γενεαί
3279 1304 3737 1379 δεκατέσσαρες.

569 1402 955 1474 lnquireudum
995 1409 1177 1456 autem
1210 1399 1369 1455 nobis
1413 1408 1528 1465 est,
1573 1414 1810 1471 quanam
1853 1398 2066 1452 ratione

2242 1393 2511 1466 Ζητητέον
2558 1393 2616 1448 δὶ
2665 1395 2802 1465 ἡμῖν
2855 1394 2997 1449 κατὰ
3043 1399 3193 1451 ποῖον
3225 1395 3381 1467 λόγον
3404 1400 3433 1452 6
3464 1400 3744 1467 Ματθαῖος

502 1495 790 1551 Μαιιιιωυε
806 1502 859 1548 et
875 1493 1053 1548 Lucas
1067 1492 1122 1547 in
1152 1491 1463 1563 geneaIOgia
1482 1488 1679 1561 Joseph
1695 1489 1956 1545 tradenda
1977 1488 2063 1543 di-

2175 1486 2265 1539 καὶ
2289 1488 2319 1540 6
2351 1487 2567 1551 Λουκᾶς
2594 1488 2651 1539 ὲν
2680 1486 2745 1558 τῇ
2777 1487 3097 1560 γενεαλογίᾳ
3140 1488 3466 1559 διαφωνοῦσι
3494 1492 3586 1546 τοῦ
3629 1495 3742 1548 Ἰω-

499 1593 777 1656 screpant;
796 1582 883 1637 hic
904 1585 1123 1655 quidem
1137 1584 1304 1638 ﬁlium
1321 1584 1469 1638 illum
1482 1582 1674 1648 Jacob,
1698 1583 1789 1636 ﬁlii
1822 1580 2063 1635 Matthan

2175 1581 2314 1651 σήφ·
2341 1581 2370 1635 6
2417 1581 2516 1651 μὲν
2564 1581 2679 1635 υίὸν
2716 1580 2909 1635 Ἰακὼϐ
2948 1582 3177 1655 γράφων
3211 1583 3372 1637 αὐτὸν
3412 1585 3529 1639 υίοῦ
3587 1588 3742 1640 Ματ-

498 1679 825 1753 perhibens,
858 1675 1037 1732 Lucas
1065 1690 1195 1732 vero
1224 1676 1392 1729 ﬁlium
1420 1674 1537 1731 Heli
1557 1716 1573 1741 ,
1624 1673 1716 1729 ﬁlii
1752 1672 1942 1730 Melchi
1965 1714 1980 1738 ,
2012 1684 2065 1729 et

2175 1670 2290 1735 θὰν,
2322 1672 2351 1724 6
2391 1672 2450 1725 δὲ
2482 1672 2694 1737 Λουκᾶς
2735 1672 2849 1725 υἱὸν
2887 1673 3037 1727 Ἦλεὶ
3078 1673 3172 1728 τοῦ
3217 1674 3446 1746 Μελχεί·
3486 1678 3579 1732 καὶ
3624 1679 3742 1743 πῶς

496 1772 772 1846 quomodo
801 1769 994 1825 Mclchi
1014 1810 1030 1834 ,
1062 1776 1118 1825 et
1139 1767 1382 1823 Matthan
1405 1808 1421 1833 ,
1453 1783 1578 1824 cum
1604 1767 1716 1825 sint
1739 1767 1941 1824 diversi
1973 1783 2064 1840 ge-

2175 1756 2333 1828 οὗτοι,
2359 1763 2627 1835 διαφόρων
2667 1764 2839 1832 γενῶν
2882 1764 3239 1835 ὑπάρχοντες,
3269 1766 3298 1819 ὃ
3321 1782 3381 1819 τε
3415 1766 3620 1838 Μελχεί
3647 1771 3739 1823 καὶ

497 1867 670 1930 neris,
697 1864 781 1920 avi
808 1862 1029 1934 Iosephi
1054 1862 1485 1933 compcriuntur.

563 1957 643 2012 Ita
663 1956 935 2013 dubitatio
956 1955 1073 2011 haec
1102 1954 1361 2011 tollenda.
1392 1954 1611 2011 Primus
1643 1953 1788 2011 enim
1823 1952 2069 2008 Matthan

499 2066 530 2107 a
554 2050 843 2106 Salomone
860 2048 1147 2110 oriundus,
1175 2045 1377 2101 Euhan
1406 2046 1595 2102 habuit
1622 2046 1679 2101 in
1699 2044 2066 2109 matrimonio,

497 2159 565 2201 ex
603 2142 707 2197 hac
735 2141 977 2214 gignitur
1012 2137 1206 2202 Jacob,
1238 2147 1292 2194 et
1328 2136 1585 2202 moritur,
1630 2150 1862 2206 eamque
1915 2133 2069 2190 ducit

498 2229 695 2288 Ielcbi
730 2247 795 2288 ex
829 2245 1029 2303 genere
1058 2227 1302 2282 Matthan
1328 2267 1344 2294 ,
1378 2227 1718 2298 suscipitque
1738 2241 1807 2282 ex
1835 2241 1898 2281 ca
1923 2222 2064 2281 Heli.

496 2322 685 2395 Itaque
731 2322 973 2378 Matthan
1031 2329 1087 2378 et
1135 2319 1355 2385 Melchi,
1417 2318 1606 2377 eadem
1655 2332 1826 2373 uxore
1867 2318 2067 2383 ducta,

497 2415 640 2471 duos
669 2429 735 2470 ex
786 2412 976 2469 eadem
1007 2420 1215 2475 matre,
1275 2410 1473 2466 fratres
1525 2409 1665 2465 ﬁlios
1720 2408 2067 2474 habuerunt,

500 2521 674 2578 quare
706 2505 910 2576 duplici
940 2520 1136 2577 genere
1160 2502 1354 2567 Jacob,
1398 2509 1453 2558 et
1485 2500 1603 2557 Heli
1632 2499 1895 2557 oriundos
1919 2514 2069 2553 com-

501 2600 765 2671 perimus.
817 2595 932 2654 Heli
961 2610 1127 2667 porro
1155 2609 1325 2651 uxore
1350 2594 1547 2657 ducta,
1595 2591 1713 2649 sine
1743 2590 1868 2646 ﬁliis
1898 2590 2067 2655 obiit,

501 2704 556 2749 et
586 2693 756 2749 frater
787 2692 908 2764 ejus
933 2689 1102 2746 Iacob
1127 2704 1247 2746 eam
1287 2687 1390 2745 sibi
1420 2685 1737 2758 conjunxit,
1785 2694 1847 2739 ut
1872 2700 2071 2741 secun-

501 2782 633 2840 dum
662 2784 835 2855 legem
863 2782 1005 2838 ﬁlios
1034 2780 1188 2835 l‘ratri
1211 2780 1498 2846 excitaret,
1524 2778 1880 2849 nasciturque
1912 2792 1977 2834 ex
2007 2791 2070 2832 ea

502 2875 793 2948 Josepbus.
821 2875 902 2932 Ita
930 2883 993 2929 ut
1016 2880 1213 2929 natura
1253 2870 1474 2946 quidem
1515 2870 1785 2943 Iosephus
1821 2868 1965 2925 illius
2001 2869 2072 2925 sit

501 2964 714 3033 Jacobi,
737 2966 856 3039 lege
885 2964 1026 3022 Heli.

576 3218 747 3293 Digna
768 3229 917 3280 certe
940 3229 1027 3280 est
1056 3238 1179 3296 quae
1210 3230 1565 3296 percnrratur
1603 3223 1834 3281 historia
1856 3265 1872 3291 ,
1903 3240 2068 3296 quam

502 3311 740 3372 Jacobus
772 3315 992 3387 quidam
1032 3322 1284 3373 recenset
1324 3317 1392 3373 de
1440 3316 1597 3373 beata
1628 3314 1884 3388 Virgine,
1918 3296 2072 3375 hisce

505 3409 688 3466 verbis
713 3424 1013 3479 enarrans;
1073 3411 1151 3465 ait
1174 3425 1411 3482 namque
1468 3409 1526 3465 in
1570 3410 1826 3468 tribubus
1869 3410 2068 3478 Israel,

503 3499 682 3555 virum
709 3497 879 3556 fuisse
917 3500 1236 3571 opulentum
1260 3501 1476 3557 nomine
1505 3500 1787 3567 Joachim,
1821 3501 1916 3573 qui
1959 3501 2075 3559 die-

506 3588 612 3646 bus
643 3588 797 3647 festis
823 3605 1049 3646 munera
1083 3590 1191 3646 Deo
1213 3591 1380 3662 duplo
1405 3591 1612 3662 majora
1640 3592 1764 3648 aliis
1787 3591 2071 3659 oﬁ‘erebat,

506 3687 571 3735 ut
600 3681 681 3736 sic
713 3681 912 3751 populo
942 3681 1126 3746 omni,
1162 3682 1375 3753 sibique
1423 3682 1670 3737 divinum
1710 3681 1924 3739 Numen
1956 3683 2075 3755 pla-

509 3768 686 3825 cando
738 3771 1031 3842 propitium
1089 3772 1358 3829 redderet.
1399 3770 1519 3828 Jam
1575 3773 1935 3829 celeberrimo
1984 3773 2076 3830 die

512 3858 654 3914 festo
687 3843 1179 3931 appropinquante,
1212 3861 1596 3932 omnibusque,
1627 3872 1689 3918 ut
1715 3864 1885 3919 moris
1917 3872 2036 3919 erat
2055 3902 2072 3929 ,

511 3965 800 4006 munerum
831 3950 1232 4023 magniﬁcentia
1262 3950 1623 4021 donantibus,
1653 3953 1867 4026 primus
1899 3955 1988 4010 hic
2015 3962 2076 4010 ut

511 4043 723 4116 primus
754 4040 1018 4107 deferret,
1045 4042 1306 4099 accurrit.
1355 4041 1464 4099 Sed
1488 4042 1667 4100 Rubin
1701 4045 1922 4116 quidam
1950 4061 2076 4101 eum

514 4143 816 4192 remoratus
844 4143 949 4198 est.
972 4150 1081 4192 non
1106 4135 1267 4191 licere
1300 4134 1402 4207 ipsi
1442 4136 1676 4208 primum
1714 4137 1909 4194 ollerre
1934 4138 2079 4194 alﬁr-

511 4244 690 4293 mans.
719 4230 814 4302 qui
847 4230 901 4287 in
924 4229 1093 4287 Israel
1126 4229 1305 4287 adhuc
1333 4231 1453 4287 sine
1473 4231 1627 4303 prole
1659 4231 1906 4304 degebat.
1939 4231 2079 4289 Hinc

512 4335 750 4379 mmrore
777 4321 1028 4388 obrutus,
1062 4321 1279 4380 deserta
1309 4323 1447 4395 petit
1466 4362 1482 4389 ,
1516 4321 1702 4395 ibique
1725 4324 2079 4381 tabernaculo

513 4421 796 4471 exstructo
820 4415 1158 4486 supplicibus
1176 4416 1319 4472 votis
1348 4416 1516 4472 Deum
1548 4416 1762 4482 orabat,
1786 4423 1844 4470 ut
1865 4426 1919 4472 et
1946 4417 2076 4482 sibi,

2165 1856 2195 1908 6
2225 1853 2472 1917 Ματθὰν,
2503 1854 2717 1910 πάπποι
2748 1855 2842 1909 τοῦ
2889 1857 3083 1927 Ἰωσὴφ
3109 1857 3514 1927 ἀναφαίνονται.

2240 1946 2426 1999 Ἔστιν
2458 1943 2551 2000 οὖν
2580 1946 2739 2001 τοῦτο
2760 1948 3203 2020 σαφηνιζόμενον.
3228 1948 3451 2021 Πρῶτος
3467 1951 3575 2022 γὰρ
3594 1953 3742 2007 Ματ-

2168 2035 2289 2098 θὰν.
2322 2038 2352 2090 6
2389 2038 2453 2092 ὲκ
2479 2038 2670 2107 γένους
2697 2038 3059 2111 Σολομῶντος,
3091 2040 3283 2109 ᾇγεται
3310 2045 3540 2110 γυναῖκα
3571 2044 3740 2099 Δίθὰν

2166 2128 2413 2200 ὀνόματι,
2455 2131 2548 2184 καὶ
2588 2132 2652 2184 ὲκ
2676 2130 2879 2203 ταύτης
2914 2132 3079 2203 γεννᾷ
3100 2131 3192 2185 τὸν
3231 2132 3444 2195 Ἰακὼδ,
3481 2135 3576 2189 καί
3603 2137 3738 2190 ἀπο-

2170 2219 2409 2293 θνήσκει.
2434 2223 2542 2277 Καὶ
2566 2223 2750 2292 ἄγεται
2778 2223 2946 2296 αὐτὴν
2972 2225 3001 2276 6
3023 2224 3270 2296 Μελχεὶό
3299 2228 3363 2280 ἐκ
3381 2227 3567 2295 γένους
3590 2232 3741 2283 Ματ-

2170 2309 2288 2379 θὰν,
2320 2313 2532 2367 ἐκποιεῖ
2575 2313 2633 2380 ἐξ
2688 2316 2855 2387 αὐτῆς
2904 2316 2998 2370 τὸν
3043 2317 3210 2372 Ἡλεί.
3245 2320 3354 2373 Kal.
3402 2321 3466 2392 δὴ
3512 2317 3739 2376 οὖνὸτε

2168 2403 2395 2457 Ματθὰν
2424 2405 2519 2459 καὶ
2542 2406 2570 2457 6
2599 2405 2822 2478 Μελχεί,
2847 2407 2949 2479 τὴν
2981 2407 3150 2479 αὐτὴν
3190 2410 3521 2482 ἀγαγόμενοι
3554 2416 3740 2480 γυναῖ-

2168 2512 2261 2560 κα,
2292 2494 2385 2549 δύο
2425 2496 2794 2569 ὁμομητρίους
2825 2499 3308 2572 ὲπαιδοποιήσαπο
3353 2501 3633 2572 ἀδελφοὺς,
3658 2504 3741 2558 διὸ

2168 2588 2264 2642 καὶ
2307 2591 2372 2643 ἐκ
2411 2588 2684 2662 διαφόρων
2710 2589 2805 2643 δύο
2827 2591 3001 2659 γενῶν
3048 2592 3375 2664 εὑρίσκομεν
3419 2594 3511 2648 τὸν
3545 2595 3739 2649 Ἰακὼό

2169 2682 2265 2737 καὶ
2290 2682 2382 2736 τὸν
2415 2681 2580 2736 Ἢλεί.
2597 2682 2746 2736 Ἠλεὶ
2769 2681 3040 2749 δὲ,λα6ὼν
3058 2688 3313 2753 γυναῖκα,
3343 2685 3509 2751 ἄπαις
3539 2688 3740 2742 ὲτελεύο

2168 2790 2323 2847 τησε,
2362 2773 2454 2827 καὶ
2477 2774 2507 2827 6
2544 2773 2770 2845 ἁδελφὸς
2796 2775 2957 2829 αὑτοῦ
2988 2774 3181 2831 Ἰακὼὸ
3207 2777 3365 2832 ἔλαϐε
3386 2779 3484 2850 τὴν
3507 2782 3742 2848 γυναῖκα

2169 2865 2356 2930 αὐτοῦ,
2380 2865 2526 2929 ὅπως
2545 2866 2686 2922 κατὰ
2706 2866 2798 2920 τὸν
2818 2867 2980 2939 νόμον
3001 2868 3186 2940 ἐγείρῃ
3214 2868 3377 2923 τέκνα
3403 2869 3480 2941 τῷ
3503 2870 3733 2941 ἀδελφῷ,

2170 2956 2267 3013 καὶ
2293 2959 2457 3029 γεννᾷ
2488 2959 2547 3025 ἐξ
2585 2958 2755 3029 αὐτῆς
2787 2960 2877 3013 τὸν
2918 2961 3303 3032 Ἰωσήφ.”ί1στε
3339 2956 3433 3016 οὖν
3464 2962 3607 3017 κατὰ
3639 2962 3740 3033 φύ-

2173 3066 2258 3105 σιν
2288 3050 2388 3122 μὲν
2420 3046 2489 3123 ἣν
2514 3049 2629 3116 υίὸς
2658 3050 2752 3106 τοῦ
2798 3051 2992 3107 Ἰακὼό
3021 3055 3052 3108 6
3084 3054 3303 3127 Ἰωσὴφ,
3335 3055 3476 3109 κατὰ
3505 3056 3740 3127 νόμονδι

2171 3141 2265 3198 τοῦ
2311 3142 2476 3196 Ἡλεί.

2242 3233 2426 3299 Ἄξων
2468 3234 2527 3289 δὲ
2582 3236 2675 3289 καὶ
2723 3234 2821 3309 τὴν
2855 3238 3117 3310 ἱστορίαν,
3150 3239 3218 3312 ἢν
3241 3239 3459 3306 διέξεισι
3488 3242 3740 3313 περὶτῆς

2171 3322 2333 3393 ἁγίας
2379 3325 2594 3399 Μαρίας
2634 3326 2888 3392 Ἰάκωὸός
2934 3346 3038 3393 τις,
3074 3328 3338 3384 ἐπελθεῖν.
3367 3332 3567 3386 Φάσκει
3610 3332 3738 3403 γὰρ,

2171 3417 2230 3469 ὲν
2254 3419 2372 3480 ταῖς
2403 3417 2598 3487 φυλαῖς
2624 3417 2719 3472 τοῦ
2757 3419 2973 3492 Ἰσραὴλ
3011 3421 3177 3493 ἄνδρα
3205 3422 3457 3476 πλούσιον
3510 3426 3742 3495 γεγενῆ-

2174 3508 2299 3563 σθαι
2322 3511 2544 3581 ὀνόματι
2581 3511 2854 3583 Ἰωακεὶμ,
2881 3511 2940 3576 ὸς
2972 3511 3091 3566 καθ’
3116 3514 3308 3586 ἑορτὴν
3332 3514 3611 3570 διπλάσιον
3637 3516 3743 3569 τῶν

2172 3603 2346 3658 ἄλλων
2378 3603 2527 3677 δῶρα
2564 3603 2640 3676 τῷ
2681 3603 2799 3676 Θεῷ
2824 3606 3239 3678 προσεκόμιζεν,
3268 3607 3410 3661 οὕτω
3435 3608 3638 3678 λέγων’
3671 3609 3745 3664 Τὸ

2174 3697 2271 3767 τῆς
2300 3698 2615 3769 περιουσίας
2645 3698 2704 3753 ἐν
2731 3701 2895 3754 παντὶ
2909 3699 2987 3772 τῷ
3014 3700 3147 3772 λαῷ,
3168 3702 3263 3755 καὶ
3282 3702 3343 3756 τὸ
3368 3702 3468 3774 τῆς
3498 3703 3744 3771 ἀφέσεως

2174 3789 2255 3852 είς
2289 3788 2513 3861 ἱλασμὸν
2545 3791 2667 3862 ἐμοὶ
2712 3791 2903 3864 Κυρίῳ
2936 3790 3015 3863 τῷ
3045 3792 3182 3864 Θεῷ.
3199 3792 3494 3864 Ἐνστάσης
3521 3790 3613 3847 οὖν
3645 3794 3749 3862 τῆς

2178 3880 2439 3951 μεγίστης
2486 3881 2579 3935 τοῦ
2632 3883 2835 3955 Κυρίου
2873 3885 3085 3956 ἑορτῆς,
3117 3886 3211 3940 καὶ
3244 3886 3459 3940 πάντων
3503 3887 3643 3941 κατὰ
3686 3885 3747 3941 τὸ

2176 3971 2364 4037 εἰωθὸς
2376 3973 2444 4027 τὰ
2463 3973 2612 4047 δῶρα
2626 3975 2705 4046 τῷ
2719 3975 2836 4048 Θεῷ
2854 3977 3345 4049 προσκομιξόντων,
3364 3980 3746 4051 προσενεγκεῖν

2177 4070 2390 4140 πρῶτος
2420 4070 2582 4135 αὐτὸς
2614 4070 2888 4144 ὥρμησεν.
2926 4074 3035 4128 Καὶ
3070 4073 3282 4128 Ῥουϐίν
3318 4092 3401 4138 τις
3419 4071 3744 4128 διεκώλυσεν

2176 4157 2342 4213 αὑτὸν
2390 4161 2673 4232 προσοῖσαι
2721 4161 2953 4234 πρῶτον,
2982 4162 3176 4232 λέγων,
3209 4163 3285 4235 μὴ
3329 4162 3527 4228 ἐξεῖναι
3575 4162 3742 4233 αὐτῷ,

2177 4250 2366 4305 καθότι
2393 4251 2614 4317 ἄτεκνος
2642 4256 2701 4308 ὲν
2728 4253 2806 4325 τῷ
2845 4253 3060 4326 Ἰσραὴλ
3087 4254 3410 4327 καθέστηκε.
3441 4255 3551 4309 Καὶ
3577 4255 3749 4328 λυπη-

2178 4341 2291 4407 θεὶς
2321 4343 2415 4396 ἐπὶ
2450 4342 2629 4411 τοῦτο,
2657 4345 2737 4409 είς
2765 4344 2861 4415 τὴν
2886 4344 3090 4418 ἔρημον
3118 4346 3362 4416 ἀφίκετο,
3393 4348 3554 4401 κάκεῖ
3570 4349 3749 4419 πήξας

2179 4437 2383 4508 σκηνὴν
2418 4435 2625 4490 ἱκέτευε
2650 4437 2741 4491 τὸν
2770 4438 2901 4493 Θεὸν
2925 4441 3221 4511 παρασχεῖν
3253 4440 3347 4493 καὶ
3370 4439 3539 4511 αὐτῷ,
3561 4439 3749 4514 ὥσπερ

514 4505 1243 4577 quemadmodumAbrabze,
1274 4507 1527 4579 legitimae
1554 4508 1723 4579 prolis
1754 4510 2074 4566 concederet

2177 4526 2255 4598 τῷ
2273 4505 2531 4601 τἈϐραὰμ
2559 4527 2779 4600 γνησίου
2807 4528 2995 4593 παιδὸς
3007 4505 3253 4602 σποράν·
3283 4529 3442 4601 μόνον
3461 4505 3570 4603 γὰρ
3589 4505 3752 4600 ὲγνιῖί-

518 4596 941 4665 fecunditatem;
994 4597 1170 4653 solum
1223 4598 1369 4653 enim
1422 4597 1526 4652 hoc
1563 4613 1624 4654 se
1649 4598 1794 4655 dono
1823 4600 1878 4655 in
1915 4601 2078 4658 Israel

518 4702 709 4744 carere
734 4688 1132 4760 cognoscebat,
1181 4696 1238 4744 et
1271 4689 1353 4745 sic
1384 4689 1442 4744 in
1476 4689 1838 4762 quadraginta
1866 4691 2078 4748 dierum

514 4779 727 4851 jejunio
754 4780 923 4837 Deum
956 4782 1370 4853 deprecabatur.
1400 4780 1664 4840 Similiter
1690 4792 1745 4840 et
1769 4784 1888 4856 ejus
1919 4803 2077 4856 uxor,

518 4871 720 4927 vestitu
769 4871 1010 4938 inculto,
1045 4882 1100 4929 et
1147 4873 1373 4930 horrido
1414 4880 1596 4942 tecta,
1655 4877 1860 4947 prolem
1895 4894 1925 4933 a
1972 4879 2081 4936 Deo

520 4964 778 5034 precibus
819 4966 1100 5037 poscebat.
1148 4965 1255 5024 Sed
1299 4983 1425 5025 cum
1457 4984 1654 5041 magna
1702 4970 1821 5028 dies
1867 4970 2081 5029 Domini

521 5057 784 5126 venisset,
809 5067 959 5116 veste
987 5075 1046 5117 se
1074 5062 1313 5133 pretiosa
1337 5062 1581 5129 ornavit;
1614 5062 1768 5122 nefas
1788 5067 1931 5121 enim
1966 5076 2084 5122 erat

524 5149 621 5206 illo
645 5150 735 5209 die
767 5153 1019 5211 luctuoso
1037 5153 1232 5210 habitu
1259 5156 1470 5212 vestiri.

591 5241 754 5298 Circa
784 5244 951 5316 igitur
995 5245 1185 5301 horam
1232 5246 1339 5302 diei
1387 5261 1587 5302 nonam
1635 5248 1738 5306 sub
1786 5249 1983 5306 arbore
2027 5251 2084 5306 in

524 5331 786 5393 viridario
818 5351 921 5393 suo
949 5336 1145 5395 sedens
1162 5380 1179 5408 ,
1205 5338 1293 5397 his
1322 5340 1506 5397 verbis
1525 5339 1694 5397 Deum
1717 5341 2041 5398 obsecrabat
2066 5362 2082 5400 :

529 5443 553 5480 ι
588 5424 732 5483 Deus
761 5436 975 5499 patrum
1007 5439 1352 5499 nostrorum,
1393 5433 1625 5490 benedic
1650 5435 1784 5490 mihi
1810 5444 1864 5492 et
1887 5436 2085 5492 exaudi

527 5519 829 5576 orationem
882 5538 1096 5590 meam,
1138 5527 1283 5581 sicut
1314 5526 1637 5585 benedixisti
1670 5530 1843 5585 vulva:
1872 5528 2083 5596 Sarrae,

529 5616 585 5664 et
654 5612 855 5669 ded-isti
905 5616 1076 5671 ﬁlium
1129 5618 1207 5672 illi
1262 5617 1433 5675 Isaac.
1494 5639 1514 5673 ι
1569 5619 1696 5677 Haec
1753 5638 1877 5677 cum
1941 5624 2089 5680 dice—

531 5707 648 5766 ret,
683 5702 739 5756 in
768 5706 1125 5777 propinquam
1160 5708 1409 5765 arborem
1448 5722 1728 5783 aspectum
1765 5712 2084 5780 referendo,

532 5794 745 5863 aspexit
798 5810 1071 5866 passerem
1130 5801 1292 5870 pullis
1351 5801 1466 5860 suis
1516 5804 1899 5873 incubantem;
1961 5807 2088 5864 hinc

2178 4635 2264 4672 κει
2312 4617 2502 4673 ἑαυτὸν
2553 4619 2816 4693 ὑπάρχειν
2852 4621 2911 4675 ἐν
2956 4620 3034 4691 τῷ
3072 4621 3304 4693 Ἰσραήλο
3337 4620 3497 4694 ἄχρις
3525 4622 3750 4695 ἡμερῶν

2177 4710 2453 4781 νηστεύων
2505 4714 2911 4784 τεσσαράκοντα
2959 4713 3166 4768 ἱκέτευε
3214 4714 3305 4769 τὸν
3349 4714 3502 4769 Θεόν.
3520 4715 3751 4787 Ὁμοίως

2181 4801 2241 4856 δὲ
2275 4802 2371 4856 καὶ
2396 4804 2430 4875 ἡ
2458 4802 2724 4875 ὀμόζυγος
2748 4804 2937 4869 αὐτοῦ,
2960 4806 3290 4879 περιθεμένη
3315 4806 3517 4878 ἐσθῆτα
3535 4806 3749 4879 εὐτελῆ,

2188 4893 2357 4948 ἐδεῖτο
2384 4894 2479 4947 τοῦ
2511 4892 2645 4948 Θεοῦ
2677 4897 2859 4966 τυχεῖν
2890 4896 3073 4967 γονῆς.
3090 4897 3417 4968 Ἐπιστάσης
3444 4896 3500 4950 δὲ
3523 4897 3623 4969 τῆς
3652 4915 3752 4968 με·-

2180 4985 2372 5057 γίστης
2396 4987 2604 5059 ἡμέρας
2635 4987 2729 5041 τοῦ
2761 4986 2914 5053 Θεοῦ,
2950 4987 3208 5059 λαμπρὰν
3240 4986 3428 5058 στολὴν
3458 4986 3753 5056 ἀμφιέννυ-

2180 5092 2297 5129 ται·
2328 5076 2390 5129 οὐ
2423 5075 2532 5147 γὰρ
2562 5071 2629 5147 ἦν
2661 5074 2879 5147 θεμιτὸν
2909 5077 2966 5131 ὲν
3002 5077 3173 5149 ταύτῃ
3198 5078 3265 5147 τῇ
3298 5075 3455 5148 ἑορτῇ
3490 5074 3755 5144 πένθιμον

2182 5166 2483 5238 ἠμφιέσθαι
2511 5168 2721 5239 στολήν.

2250 5260 2387 5330 Περὶ
2409 5258 2541 5329 γοῦν
2560 5259 2658 5332 τὴν
2681 5259 2908 5333 ὲννάτην
2926 5260 3073 5333 ὥραν
3094 5260 3193 5331 τῆς
3216 5259 3425 5332 ἡμέρας
3442 5258 3547 5311 ὑπό
3576 5274 3629 5312 τι
3650 5255 3760 5310 δέν·

2182 5352 2307 5426 δρον
2328 5354 2386 5407 ὲν
2412 5353 2492 5425 τῷ
2520 5354 2833 5427 παραδείσῳ
2868 5356 3036 5426 αὐτῆς
3058 5352 3407 5407 καθεσθεῖσα.
3438 5350 3648 5405 ἱκέτευε
3675 5348 3758 5402 λέ-

2184 5462 2355 5514 γουσα
2389 5445 2466 5516 τῷ
2492 5445 2638 5516 Θεῷ·
2677 5466 2694 5498 ι
2716 5447 2775 5499 Ὀ
2806 5446 2937 5510 Θεὸς
2970 5445 3078 5499 τῶν
3112 5445 3363 5517 πατέριον
3393 5443 3569 5516 ἡμῶν,
3605 5442 3758 5495 εὐλό-

2184 5536 2357 5607 γησόν
2392 5553 2479 5608 με,
2526 5538 2621 5592 καὶ
2662 5538 2960 5591 ἐπάκουσον
2997 5538 3094 5608 τῆς
3143 5536 3377 5609 δεήσεώς
3420 5553 3544 5606 μου,
3575 5531 3758 5596 καθὼς

2185 5627 2481 5699 εὐλόγησας
2511 5628 2607 5700 τὴν
2636 5630 2843 5701 μήτραν
2865 5630 3099 5701 Σάρρας,
3121 5630 3216 5683 καὶ
3240 5628 3445 5692 ἔδωκας
3476 5628 3611 5699 αὐτῇ
3643 5625 3759 5679 υίὸν

2184 5719 2276 5771 τὸν
2316 5719 2519 5773 Ἰσαάκ.
2555 5739 2574 5772 ι
2612 5721 2723 5773 Kal.
2765 5720 2933 5775 ταῦτα
2964 5721 3193 5791 λέγουσα
3217 5723 3395 5792 ἀφορᾷ
3420 5721 3500 5783 είς
3542 5718 3603 5772 τὸ
3637 5718 3757 5770 δέν-

2187 5809 2328 5881 δρον,
2360 5810 2454 5865 καὶ
2481 5811 2788 5885 θεασαμένη
2815 5813 3070 5887 στρουθὸν
3099 5814 3166 5870 τὰ
3198 5813 3412 5869 νεοσσία
3438 5810 3630 5867 ἑαυτοῦ
3654 5826 3755 5861 πε-
