4112 6406
333 332 438 390 773

1233 332 1502 390 SPURIA.
1544 365 1609 373 .-
1651 317 2005 392 COMMENT.
2053 335 2118 391 IN
2161 337 2654 395 usxsunsnou.

3459 349 3564 406 ΤΗ

329 449 604 522 ριέποντα,
649 449 862 522 πικρῶς
908 451 1227 517 στενάξασα,
1255 453 1348 506 καὶ
1395 454 1688 507 κωκύσασα
1734 449 1890 508 εἷπελ

1998 470 2182 510 amare
2231 459 2461 528 repetito
2496 459 2735 530 suspirio
2757 501 2772 527 ,
2807 460 3127 534 ejulansque
3151 465 3288 520 dixit
3327 486 3339 522 :
3379 487 3397 518 ι
3424 467 3563 538 lleu,

332 538 431 593 «Ὦ
459 541 544 612 δὴ,
582 541 775 614 Κύριε,
800 543 881 595 ὅτι
911 543 1030 597 οὐδέ
1056 548 1168 608 τοῖς
1198 549 1461 611 πετεινοῖς
1489 547 1700 612 τούτοις
1727 549 1891 620 ὡμοί-

323 646 470 700 ωμαι
507 631 752 702 γονίμοις
792 633 1123 704 ὐπάρχουσιί
1157 655 1174 687 ι
1223 637 1332 690 Καὶ
1368 637 1539 692 ταῦτα
1568 638 1776 710 βοὼσης
1801 642 1897 694 αὐ-

322 719 422 789 τῆς
455 721 590 792 πρὸς
639 721 729 774 τὸν
764 723 916 786 Θεὸν,
947 723 1176 793 ἄγγελος
1205 727 1408 799 Κυρίου
1439 730 1726 800 ἐπιφανεὶς
1757 733 1893 802 αὐτῇ

323 811 728 880 εὐαγγελίζεται
763 815 897 886 αὐτῇ
933 817 1292 873 παιδοποιίαν.
1313 821 1375 873 Ἡ
1411 820 1468 875 δὲ
1495 821 1772 876 ἀκούσασα
1805 823 1896 876 εὐ-

323 901 419 965 θὺς
453 903 514 955 τὸ
543 904 798 974 γεννηθὲν
831 905 1106 960 ἀναθεῖναι
1137 907 1215 978 τῷ
1245 909 1362 980 Θεῷ
1393 912 1770 982 ἐπηγγείλατο.

393 995 631 1048 Τοιαῦτα
650 997 706 1048 δὲ
745 997 838 1050 καὶ
865 997 944 1068 τῷ
989 999 1241 1072 Ἶωακεὶμ
1279 1003 1308 1053 6
1348 1003 1575 1072 άγγελος
1600 1006 1658 1058 ἐν
1678 1005 1758 1076 τῷ
1781 1007 1895 1079 ὄρει

319 1088 630 1158 διεσήμανε.
680 1089 788 1142 Καὶ
847 1089 1090 1153 καταϐάς
1127 1093 1379 1166 Ἰωακεὶμ
1427 1094 1535 1148 ἀπὸ
1576 1096 1670 1149 τοῦ
1716 1097 1894 1168 ὅρους,

318 1179 448 1232 δέκα
480 1180 732 1250 ἀμνάδων
755 1179 942 1235 θυσίαν
967 1183 1044 1254 τῷ
1073 1184 1262 1254 Κυρίῳ
1288 1188 1648 1259 προσήνεγκε,
1673 1189 1896 1253 καὶτοῖς

323 1270 524 1339 ἱερεῦσι
558 1271 789 1341 μόσχους
815 1273 1059 1338 δεκαδύο,
1088 1276 1182 1329 καὶ
1210 1278 1274 1348 τῇ
1310 1279 1571 1352 γερουσίᾳ
1603 1281 1698 1334 καὶ
1733 1283 1896 1336 παντὶ

318 1363 393 1433 τῷ
426 1363 538 1435 λαῷ
568 1366 759 1419 ἑκατὸν
785 1368 1071 1439 χιμάρους.
1096 1369 1206 1424 καὶ
1233 1372 1550 1438 ἐπιτελέσας
1579 1375 1677 1438 τὰς
1709 1363 1896 1441 θυσίας

317 1459 519 1522 ταύτας
552 1461 608 1512 ὲν
638 1459 716 1531 τῷ
741 1460 853 1532 ναῷ
881 1462 974 1515 τοῦ
1006 1462 1161 1527 Θεοῦ,
1195 1465 1502 1534 ἀφικνεῖται
1534 1469 1614 1532 είς
1635 1469 1725 1522 τὸν
1750 1466 1894 1524 οἶκον

317 1551 484 1604 αὐτοῦ
505 1568 517 1580 ο
561 1551 654 1605 καὶ
677 1555 838 1621 γνοὺς
864 1553 960 1625 τὴν
987 1559 1216 1624 γυναῖκα
1242 1557 1431 1621 αὐτοῦ,
1465 1563 1607 1613 ποιεῖ
1636 1561 1692 1628 ἐξ
1719 1562 1890 1633 αὐτῆς

317 1642 612 1716 θυγατέρα,
635 1644 729 1697 καὶ
755 1645 1006 1716 ὀνομάζει
1028 1645 1198 1718 αὐτὴν
1221 1648 1474 1720 Μαριάμ,
1497 1651 1688 1720 ἥντινα
1708 1653 1892 1725 τριετῆ

315 1736 615 1807 γενομένην
647 1737 723 1808 τῷ
762 1737 875 1808 ναῷ
907 1737 1000 1791 τοῦ
1035 1739 1168 1792 Θεοῦ
1207 1740 1540 1812 ἀφιέρωσαν.

2000 544 2257 612 Domine,
2307 550 2525 621 quando
2583 565 2683 606 nec
2738 550 2893 608 hisce
2937 555 3252 613 volucribus
3317 558 3563 616 fecundis

1997 633 2304 689 assimilor!
2337 657 2354 688 ι
2394 637 2458 692 Et
2484 641 2610 693 talia
2639 639 2871 707 dicenti,
2905 645 3128 713 angelus
3151 645 3363 704 Domini
3396 665 3566 722 appa-

1996 738 2125 779 rens
2147 765 2162 788 ,
2191 726 2486 784 liberorum
2519 731 2849 800 praenuntiat
2877 735 3277 803 susceptionem
3302 780 3316 802 ,
3359 743 3561 812 quibus

1997 817 2202 872 auditis
2260 819 2590 891 gignendum
2657 822 2804 878 illico
2863 823 2973 879 Deo
3037 824 3369 885 ollcrendum
3430 850 3559 904 pro-

1998 908 2166 963 misit.
2879 926 2883 933 ·

2067 997 2191 1053 Haec
2217 999 2404 1055 eadem
2459 1002 2512 1055 in
2562 1009 2746 1058 monte
2786 1001 3034 1058 Joachim
3085 1006 3308 1076 angelus
3341 1008 3542 1065 manife

2005 1090 2198 1154 stavit;
2244 1104 2413 1159 quare
2460 1092 2674 1148 rediens
2714 1104 2898 1151 monte
2936 1097 3120 1153 decem
3152 1114 3318 1171 agnas
3342 1101 3570 1159 Domino

2006 1178 2204 1245 praebet
2251 1182 2316 1236 ad
2366 1183 2727 1250 sacriﬁcium,
2774 1198 2827 1242 et
2872 1190 3243 1247 sacerdotibus
3289 1194 3568 1250 duodecim

2004 1267 2224 1334 vitulos,
2256 1284 2310 1327 et
2339 1276 2710 1340 senatoribus,
2755 1288 2807 1332 et
2835 1278 3033 1347 populo
3070 1284 3323 1338 universo
3355 1297 3569 1340 centum

1995 1360 2196 1417 hircos.
2253 1361 2350 1420 His
2401 1364 2689 1420 sacriliciis
2745 1365 2800 1420 in
2856 1368 3057 1434 templo
3101 1367 3313 1423 Domini
3361 1369 3560 1434 factis,

1994 1451 2216 1507 domum
2248 1470 2402 1510 suam
2454 1458 2768 1522 revertitur,
2818 1467 2872 1512 et
2906 1475 2963 1513 rc
2991 1474 3113 1513 cum
3140 1475 3310 1516 uxore
3345 1463 3524 1516 habita
3547 1503 3562 1526 ,

1994 1545 2222 1614 suscipit
2248 1561 2313 1602 ex
2344 1562 2405 1601 ea
2442 1547 2626 1613 tiliam,
2661 1559 2926 1620 vocatque
2960 1549 3181 1606 Mariam
3203 1593 3218 1617 ,
3252 1569 3416 1623 quam
3443 1555 3562 1625 jam

1994 1635 2266 1691 trimulam
2289 1637 2343 1692 in
2372 1639 2574 1711 templo
2603 1639 2714 1695 Deo
2743 1643 3156 1697 consecrarunt.

388 1829 690 1900 Γενομένης
737 1830 793 1884 δὲ
847 1831 1016 1901 αὐτῆς
1062 1831 1446 1898 δωδεκαετοῦς,
1473 1837 1519 1888 οἱ
1558 1836 1720 1907 ἱερεῖς
1751 1853 1888 1908 συμ-

2064 1820 2265 1878 Verum
2318 1823 2409 1878 illa
2458 1825 2743 1881 duodecim
2795 1841 2970 1883 annos
3030 1837 3190 1896 nata,
3250 1831 3562 1887 sacerdotes

315 1920 526 1974 ϐούλιον
557 1923 901 1994 ἐποιήσαντο,
925 1923 1032 1978 τῶν
1055 1924 1160 1979 τίνι
1193 1925 1363 1998 αὐτὴν
1397 1927 1533 1998 πρὸς
1566 1928 1741 1999 γάμον
1766 1946 1890 1983 συν-

313 2014 515 2084 άψωσι.
543 2015 654 2068 Καὶ
697 2017 1050 2088 ἐπιτρέπουσι
1088 2018 1180 2072 τὸν
1208 2018 1466 2091 ἀρχιερέα
1492 2021 1781 2092 Ζαχαρίαν,
1813 2024 1892 2086 είς

315 2109 382 2162 τά
413 2108 576 2174 Ἅγια
608 2107 716 2162 τῶν
748 2109 918 2178 ἁγίων
945 2108 1272 2173 εἰσελθόντα,
1299 2110 1622 2182 αἰτήσασθαι
1649 2113 1739 2165 τὸν
1761 2112 1894 2167 Θεὸν

312 2198 669 2269 ἀποκαλύψαι
697 2199 864 2270 αὐτῷ,
883 2199 944 2252 τὸ
964 2200 1068 2254 τίνι
1098 2203 1362 2272 προσήκει
1389 2199 1678 2272 ζευχθῆναι
1702 2203 1886 2275 αὐτήν.

312 2290 426 2343 Καὶ
457 2289 550 2342 τοῦ
583 2290 850 2360 Ζαχαρίου
881 2291 1193 2362 εὐχομένου,
1229 2291 1456 2360 ἄγγελος
1489 2293 1772 2364 ἐπιφανεὶς
1797 2311 1892 2366 ση-

315 2381 497 2452 μαίνει
524 2384 729 2446 πάντας
757 2385 1084 2452 συναγαγεῖν
1102 2383 1196 2437 τοῦ
1227 2384 1356 2438 λαοῦ
1388 2386 1512 2448 τοὺς
1542 2386 1888 2457 χηρεύοντας,

309 2475 410 2528 καὶ
449 2475 696 2546 κατέχειν
721 2474 948 2553 ἕκαστον
1008 2476 1200 2548 ῥάϐδον
1219 2494 1233 2508 ο
1265 2477 1360 2531 καὶ
1389 2471 1433 2545 ᾧ
1461 2477 1526 2531 ἂν
1555 2481 1583 2532 6
1615 2479 1746 2543 Θεὸς
1773 2481 1892 2532 ἐπι-

308 2565 460 2638 δείξῃ
491 2569 732 2637 σημεϊον,
765 2566 938 2638 τούτῳ
969 2568 1199 2638 συνάψαι
1231 2569 1328 2641 τὴν
1355 2568 1642 2641 παρθένον.

395 2657 656 2722 Ἐξελθὼν
687 2659 743 2712 δὲ
771 2661 800 2712 6
826 2660 1098 2732 Ζαχαρίας
1134 2662 1388 2733 ἐποίησεν
1419 2660 1610 2725 οὕτως,
1643 2660 1822 2725 καθὼς
1863 2662 1892 2714 6

310 2749 540 2818 ἄγγελος
589 2749 736 2820 αὐτῷ
785 2750 1103 2822 προσέταξε.
1145 2752 1254 2807 Καὶ
1306 2751 1485 2806 λαϐὼν
1527 2753 1741 2806 πάντων
1792 2753 1891 2816 τὰς

313 2842 546 2913 ῥάϐδους
575 2841 774 2909 αὐτῶν,
805 2841 1043 2914 ἀπῆλθεν
1067 2846 1124 2896 ἐν
1153 2842 1231 2914 τῷ
1276 2842 1424 2916 ίερῷ,
1457 2845 1552 2899 καὶ
1584 2842 1892 2915 προσηύξα-

311 2950 396 2999 το,
428 2935 520 2989 καὶ
543 2934 771 3001 ἐξελθὼν
798 2936 1012 3008 ἑκάστῳ
1053 2937 1151 3009 τὴν
1202 2936 1338 2990 ἰδίαν
1382 2936 1574 3007 ῥάϐδον
1609 2937 1886 3007 ἀπένειμε.

311 3027 634 3082 Τελευταῖον
685 3028 742 3082 δέ
789 3028 1058 3092 ἐπιδιδοὺς
1091 3029 1188 3098 τὴν
1217 3028 1410 3101 ῥάϐδον
1432 3027 1510 3099 τῷ
1550 3028 1766 3100 Ἰωσὴφ,
1797 3045 1893 3100 ση-

315 3122 470 3193 μεῖον
519 3121 661 3192 μέγα
707 3121 940 3190 ἐγένετο.
961 3121 1194 3192 Ἀθρόως
1225 3120 1334 3192 γάρ
1363 3121 1462 3192 τὴν
1499 3119 1692 3192 ῥάϐδον
1725 3119 1888 3174 αὐτοῦ
1917 3153 1962 3216 C

313 3214 467 3285 παρὰ
491 3213 586 3267 τοῦ
621 3215 663 3267 ίε
673 3213 807 3286 ρέως
826 3214 1210 3284 λαμϐάνοντος,
1233 3213 1527 3284 περιστερά
1559 3212 1757 3284 ἐξέπτη
1783 3212 1891 3266 ἀπὸ

308 3305 416 3376 τῆς
446 3305 664 3376 ῥάϐδου,
695 3306 788 3359 καὶ
817 3305 910 3357 ἐπί⁵
935 3303 1034 3377 τὴν
1074 3303 1314 3374 κεφαλὴν
1347 3303 1616 3374 ἐκαθέσθη
1649 3301 1741 3356 τοῦ
1782 3304 1890 3355 Ἰω-

313 3395 458 3464 σήφ’
487 3394 579 3446 καὶ
603 3396 631 3446 ό
655 3395 944 3466 ἀρχιερεὺς
984 3393 1078 3466 καί
1107 3393 1304 3456 πάντες
1335 3393 1384 3445 οί
1418 3393 1669 3456 συνόντες
1695 3392 1880 3463 ἱερεῖς,

311 3464 705 3555 θαυμάσαντες
741 3486 803 3539 τὸ
841 3464 1081 3554 γεγονὸςξ
1112 3485 1274 3540 αὐτὸν
1324 3484 1574 3553 γενέσθαι
1607 3483 1889 3555 μνηστῆρα

307 3576 414 3647 τῆς
441 3577 606 3648 κόρης
635 3576 871 3648 ἔκριναν,
902 3578 968 3648 ἢν
996 3576 1177 3630 λαϐὼν
1200 3580 1228 3630 6
1255 3577 1450 3647 Ἰωσὴφ
1477 3575 1767 3646 ἐφύλασσε,
1795 3576 1889 3628 καὶ

311 3665 628 3720 καταλιπὼν
668 3669 725 3720 ἐν
755 3667 831 3738 τῷ
859 3667 992 3739 οἴκῳ
1027 3667 1192 3722 αὐτοῦ
1231 3669 1536 3737 ἀφικνεῖται
1560 3667 1656 3731 τὰς
1689 3667 1888 3721 οἰκοδο-

313 3758 424 3832 μάς
456 3758 778 3812 ἐκτελέσωνο
809 3756 876 3831 ἦν
905 3759 1012 3832 γάρ
1039 3759 1247 3814 τέκτων
1271 3763 1336 3830 τῇ
1371 3761 1668 3832 ἐπιστήμῃ.

384 3849 520 3903 Κατ’
550 3851 752 3904 ἐκεῖνον
773 3850 830 3902 δὲ
860 3851 950 3904 τὸν
983 3851 1171 3922 καιρὸν
1195 3850 1342 3915 ἔδοξε
1362 3853 1474 3913 τοῖς
1507 3849 1706 3921 ἱερεῦσι
1727 3867 1889 3904 κατα-

312 3940 681 4012 σκευασθῆναι
714 3941 818 3995 ὐπὸ
849 3941 1028 4010 ἀγνῶν
1058 3941 1444 4014 παρθένωντῷ
1473 3940 1584 4013 ναῷ
1615 3939 1708 3994 τοῦ
1752 3941 1886 3996 Θεοῦ

310 4034 728 4106 καταπέτασμα,
757 4034 849 4087 καὶ
883 4034 1181 4105 εὑρέθησαν
1210 4035 1267 4085 ἐν
1292 4037 1357 4105 τῇ
1391 4033 1528 4104 φυλῇ
1564 4033 1728 4086 Ἰούδα
1758 4050 1889 4103 παρ-

309 4126 454 4180 θένοι
499 4126 659 4180 ἑπτά.
698 4128 808 4180 Καὶ
835 4127 935 4197 τῆς
966 4127 1183 4198 Μαρίας
1216 4125 1271 4180 δὲ
1307 4125 1562 4198 μνησθεὶς
1594 4125 1884 4196 Ζαχαρίας,

308 4217 564 4272 ἐκέλευσε
597 4218 692 4270 καὶ
727 4217 895 4290 αὐτὴν
924 4219 1179 4290 παρεῖναι
1205 4220 1284 4281 είς
1308 4218 1398 4271 τὸν
1428 4217 1757 4285 κατάλογονο
1794 4215 1888 4270 καὶ

309 4309 620 4380 εἰσαγαγὼν
653 4310 824 4374 αὐτὰς
855 4313 934 4373 εἰς
960 4309 1051 4364 τὸν
1078 4299 1226 4364 οἶκον
1254 4309 1349 4362 τοῦ
1382 4308 1539 4374 Θεοῦ,
1567 4308 1768 4378 κλῆρον
1794 4307 1890 4378 βα-

307 4399 423 4454 λεῖν
451 4401 770 4472 προσέταξε,
798 4401 954 4454 ποίαν
980 4395 1122 4454 οἷσαι
1143 4400 1235 4454 τὸν
1259 4399 1458 4472 χρυσὸν
1491 4399 1667 4453 καὶτὸ
1689 4399 1886 4470 ἀμίαν-

305 4509 424 4556 τον,
464 4494 558 4547 καὶ
583 4492 682 4565 τὴν
715 4492 930 4562 βύσσον,
964 4494 1058 4546 καὶ⁵
1087 4493 1148 4546 τὸ
1176 4493 1420 4564 σηρικὸν,
1449 4491 1544 4546 καὶ
1572 4491 1670 4563 τὴν
1710 4491 1883 4562 ἀληθῆ
1918 4517 1962 4572 D

306 4585 620 4656 πορφύραν,
651 4585 746 4638 καὶ
789 4583 882 4637 τὸν
933 4583 1206 4648 ὑάκινθον,
1256 4585 1352 4638 καὶ
1390 4583 1481 4637 τὸν
1528 4583 1756 4636 κόκκονσ
1789 4583 1882 4636 καὶ

307 4675 594 4749 ἐκληρώθη
617 4676 808 4749 Μαρία
826 4675 924 4748 τὴν
951 4677 1232 4748 πορφύραν
1260 4678 1354 4730 καὶ
1380 4677 1470 4730 τὸν
1499 4677 1695 4729 κόκκον
1725 4675 1884 4747 ἐργά-

308 4771 518 4836 ζεσθαι.
549 4772 658 4825 Καὶ
679 4771 743 4842 δὴ
765 4772 859 4824 ἐπὶ
885 4769 978 4824 τοῦ
999 4771 1146 4824 οἴκου
1175 4768 1549 4845 ἐργαζομένης
1568 4767 1740 4837 αὐτῆς
1765 4769 1879 4822 ἐπι·

309 4867 502 4935 φανεὶς
548 4865 776 4935 ἄγγελος
819 4865 910 4917 τὸν
955 4861 1254 4934 παράδοξον
1280 4862 1435 4916 τόκον
1471 4859 1882 4930 εὐαγγελίζεται

308 4957 470 5028 αὐτῇ,
506 4955 686 5021 καθὼς
720 4957 921 5027 ἱστορεῖ
948 4955 1017 5008 τά
1051 4954 1375 5022 Εὐαγγέλια.

381 5048 458 5101 Τὸ
495 5047 627 5116 γοῦν
669 5046 884 5120 ὁρισθὲν
923 5045 1060 5117 αὐτῇ
1115 5043 1274 5116 ἔργον
1321 5042 1674 5106 ὲκτελέσασα,
1705 5041 1888 5095 δίδωσι

311 5138 390 5211 τῷ
434 5141 698 5211 ἀρχιερεῖ,
739 5140 834 5194 καὶ
879 5135 1232 5208 εὐλογηθεῖσα
1288 5137 1418 5208 παρ’
1450 5133 1613 5188 αὐτοῦ
1662 5134 1884 5188 ἄπεισι·

312 5235 407 5286 καὶ
439 5233 575 5303 μετὰ
607 5233 796 5304 χρόνον
822 5231 995 5284 τίκτει
1019 5230 1110 5284 τὸν
1130 5226 1360 5301 Χριστὸν
1387 5227 1527 5280 κατὰ
1554 5226 1750 5297 σάρκα.
1779 5222 1888 5277 Καὶ

311 5325 418 5378 τῶν
441 5326 627 5396 μάγων
645 5325 751 5378 ἀπὸ
779 5324 1066 5394 Ἀνατολῆς
1079 5323 1153 5386 ὡς
1179 5320 1385 5392 βασιλεῖ
1396 5317 1883 5392 προσκυνησάντων

317 5417 454 5487 μετὰ
486 5416 670 5486 δώρων
704 5417 871 5487 αὐτῷ,
916 5417 945 5468 6
985 5414 1230 5488 Ἡρώδης
1268 5410 1560 5482 ἐταράχθη.
1595 5409 1690 5464 καὶ
1716 5407 1882 5460 διενο-

313 5511 422 5563 εῖτο
447 5509 656 5562 ἀνελεῖν
687 5508 1024 5581 παραχρῆμα
1053 5507 1232 5562 αὐτόν.
1251 5509 1309 5559 '0
1341 5505 1398 5559 δὲ
1431 5503 1536 5557 ὑπὸ
1567 5502 1761 5573 Ἰωσὴφ
1790 5500 1882 5554 καὶ

313 5601 412 5671 τῆς
454 5601 669 5674 Μαρίας
712 5603 788 5664 είς
831 5601 1101 5669 Αἴγυπτον
1145 5595 1511 5667 ἀπεκομίσθη,
1546 5591 1638 5645 καὶ
1684 5591 1773 5644 τὸν
1824 5587 1884 5652 ἐξ

1993 1915 2280 1972 consilium
2331 1918 2592 1987 capiunt,
2646 1919 2864 1973 cuinam
2915 1935 3034 1974 eam
3077 1921 3471 1994 conjungerent
3505 1925 3559 1979 in

1992 2008 2422 2062 matrimonium.
2456 2008 2840 2080 Zachariaaque
2871 2011 3130 2082 primario
3163 2013 3435 2068 sacerdoti
3469 2013 3562 2070 de-

1993 2099 2275 2164 mandant,
2300 2108 2358 2155 ut
2384 2101 2436 2154 in
2473 2101 2672 2156 Sancta
2704 2111 3024 2160 sanctorum
3057 2105 3358 2175 ingressus,
3389 2105 3557 2160 Deum

1993 2201 2340 2263 precaretur,
2377 2202 2435 2248 ut
2483 2195 2587 2250 sibi
2645 2195 2908 2250 revelaret
2954 2195 3170 2250 cuinam
3209 2179 3355 2252 esset
3398 2199 3561 2253 collo-

1990 2287 2186 2351 canda,
2210 2295 2264 2341 et
2283 2286 2564 2342 Zachariae
2594 2287 2805 2351 oranti,
2844 2288 3069 2358 angelus
3100 2303 3368 2358 apparens
3392 2305 3560 2360 expo—

1991 2377 2111 2439 nit,
2141 2392 2330 2432 omnes
2362 2376 2543 2446 populi
2583 2377 2776 2431 viduos
2821 2378 2873 2431 in
2907 2394 3074 2431 unum
3108 2380 3554 2449 congregandis,

1990 2484 2221 2539 quorum
2245 2470 2479 2539 quisque
2507 2469 2713 2539 virgam
2741 2484 2904 2523 manu
2933 2477 3172 2535 teneret,
3201 2470 3385 2541 illique
3409 2471 3560 2542 virgo

1991 2560 2256 2623 nuberet,
2290 2574 2454 2628 quem
2484 2557 2626 2615 Deus
2657 2559 2813 2629 signo
2841 2558 3266 2615 manifestasset.

2062 2647 2328 2719 Egressus
2379 2648 2672 2705 Zacharias
2729 2651 2904 2721 angeli
2954 2651 3207 2705 mandata
3267 2660 3562 2709 exsecutus
3616 2667 3618 2671 '

1990 2748 2104 2806 est,
2141 2742 2496 2813 omniumque
2528 2743 2697 2813 virgis
2746 2743 2985 2813 acceptis
3010 2785 3024 2807 ,
3059 2744 3320 2814 templum
3350 2745 3558 2816 ingrcs-

1991 2849 2108 2898 sus,
2141 2836 2337 2899 oravit,
2379 2835 2708 2906 rediensque
2731 2837 3025 2907 unicuique
3055 2839 3259 2907 virgam
3283 2839 3558 2909 pr0priam

1990 2927 2260 2995 reddidit;
2313 2927 2642 2998 tandemque
2691 2928 2781 2982 ubi
2826 2929 3031 2999 virgam
3082 2927 3321 3000 Josepho
3373 2931 3558 2985 consi-

1990 3026 2212 3089 gnasset
2253 3019 2452 3074 mirum
2495 3019 2627 3090 quid
2657 3019 2880 3075 accidit.
2939 3018 3113 3074 Simul
3147 3022 3292 3076 enim
3333 3029 3496 3091 atque
3529 3037 3560 3077 a

1992 3112 2277 3166 sacerdote
2318 3111 2523 3182 virgam
2558 3112 2800 3182 accepit,
2845 3128 2910 3167 ex
2963 3127 3027 3167 ea
3071 3113 3323 3168 columba
3369 3113 3560 3169 volans

1991 3200 2157 3270 capiti
2184 3197 2385 3270 Joseph
2442 3198 2675 3267 insedit;
2708 3216 2876 3271 quare
2901 3203 3156 3272 princeps
3185 3203 3558 3268 sacerdotum,

1990 3291 2416 3362 sacerdotesque
2446 3305 2636 3345 omnes
2668 3293 2759 3361 qui
2803 3301 3172 3348 convenerant
3215 3311 3331 3349 rem
3384 3297 3561 3349 admi-

1988 3384 2129 3447 rati,
2170 3382 2288 3453 pari
2323 3393 2449 3436 voto
2501 3383 2577 3436 illi
2628 3384 2862 3453 puellam
2900 3383 3340 3454 desponderunt,
3393 3401 3559 3455 quam
3593 3384 3600 3397 ’

1986 3471 2187 3543 .loseph
2217 3479 2494 3542 acceptam
2531 3472 2910 3540 custodiebat,
2957 3483 3010 3528 ct
3041 3488 3104 3527 ea
3135 3473 3280 3528 domi
3326 3476 3517 3528 relicta
3539 3514 3555 3538 ,

1988 3564 2056 3618 ad
2089 3563 2423 3621 exstruenda
2446 3563 2673 3618 aedilicia
2703 3563 2856 3632 abit;
2890 3573 3011 3620 erat
3043 3566 3245 3636 quippe
3297 3564 3559 3620 exercitio

1987 3655 2158 3711 faber.

2057 3829 2161 3886 Per
2187 3831 2310 3887 illos
2341 3829 2459 3886 dies
2500 3829 2875 3885 sacerdotibus
2919 3829 3394 3886 immaculatarum
3446 3847 3559 3886 ινιτ-

1987 3925 2174 3996 ginum
2205 3923 2532 3986 ministerio,
2564 3923 2742 3977 velum
2777 3921 2960 3992 templi
3005 3919 3098 3976 Dei
3139 3923 3555 3979 accommodan-

1987 4017 2115 4071 dum
2168 4031 2289 4073 esse
2322 4018 2500 4072 visum
2549 4026 2652 4080 est,
2683 4026 2737 4070 et
2769 4015 2921 4070 lectae
2953 4024 3080 4072 sunt
3121 4017 3177 4070 in
3225 4017 3370 4071 tribu
3415 4017 3480 4072 Ju
3508 4033 3556 4073 :a

1987 4109 2224 4180 virgines
2254 4116 2482 4176 septem.
2524 4106 2629 4164 Sed
2664 4123 2788 4162 cum
2825 4106 3008 4161 Mariae
3044 4106 3338 4162 Zacharias
3367 4111 3558 4164 meni-

1987 4203 2190 4266 nissct,
2244 4216 2352 4254 una
2381 4215 2505 4256 cum
2562 4200 2670 4254 illis
2727 4199 3075 4254 annumerari
3132 4200 3305 4268 ipsam
3356 4201 3554 4270 jussit,

1986 4293 2185 4364 quibus
2216 4291 2436 4346 domum
2469 4289 2563 4344 Dei
2593 4289 2944 4352 introductis,
2981 4301 3159 4344 sortes
3184 4290 3368 4360 jacere
3398 4307 3555 4345 man-

1985 4387 2114 4450 dat,
2179 4400 2425 4456 quzenam
2480 4383 2690 4440 scilicet
2744 4397 2977 4445 aurum,
3028 4389 3080 4436 et
3131 4382 3466 4446 amiantutn,
3502 4389 3556 4436 et

1987 4478 2580 4550 byssum,etsericum,'
2606 4483 2662 4529 et
2683 4489 2863 4528 veram
2895 4489 3214 4544 purpuram,
3246 4481 3298 4528 et
3330 4473 3557 4545 hyacin-

1987 4573 2164 4633 thum,
2193 4580 2245 4624 et
2265 4583 2490 4622 coccum
2517 4575 2886 4636 praeparatum
2914 4573 3063 4620 esset
3087 4606 3100 4629 ,
3133 4573 3187 4620 ct
3216 4567 3348 4620 sorti
3375 4564 3556 4618 Marte

1988 4677 2262 4736 purpurat,
2303 4670 2358 4713 et
2401 4659 2550 4714 cocci
2607 4675 2743 4729 opus
2772 4658 3010 4714 obvenit.
3042 4658 3219 4728 Atque
3253 4672 3375 4711 cum
3409 4654 3557 4712 domi

1989 4759 2076 4813 his
2110 4756 2276 4811 rebus
2304 4752 2528 4824 agendis
2559 4766 2778 4822 operam
2801 4750 2976 4812 daret,
3005 4765 3274 4820 apparens
3304 4749 3552 4818 angelus,

1989 4847 2362 4903 admirabilem
2390 4844 2465 4898 illi
2485 4855 2721 4915 partum,
2748 4851 2805 4898 ut
2829 4845 2883 4896 in
2917 4841 3223 4914 Evangeliis
3246 4839 3556 4903 habetur”,

1985 4940 2335 5014 praenuntiat.

2053 5033 2240 5108 Itaque
2265 5048 2404 5104 opus
2450 5031 2553 5086 sibi
2601 5027 2917 5098 impositura
2957 5023 3262 5094 cXpletum,
3297 5018 3506 5076 Sacerd:

1984 5136 2100 5184 tum
2133 5125 2364 5197 principi
2399 5121 2639 5179 exhibet.
2662 5127 2717 5174 et
2745 5116 3126 5173 benedictione
3153 5118 3374 5182 accepta
3398 5109 3552 5174 abiit,

1985 5227 2036 5276 et
2054 5218 2216 5289 paulo
2241 5213 2656 5288 postChristum
2683 5208 2982 5265 secundum
3006 5220 3225 5260 carnem
3247 5200 3554 5258 enititur”.

1987 5311 2124 5366 Eum
2157 5325 2281 5365 cum
2302 5307 2444 5378 magi
2480 5305 2548 5359 ab
2582 5303 2803 5357 Oriente
2836 5301 2909 5354 uti
2943 5312 3121 5370 regem
3149 5311 3274 5350 cum
3313 5291 3554 5347 muneri-

1989 5404 2092 5460 bus
2114 5401 2493 5457 adoravissent
2518 5397 2585 5464 ⁸⁸,
2615 5395 2855 5450 Herodes
2899 5390 3148 5445 turbatus
3187 5395 3302 5450 est,
3339 5399 3554 5439 secum-

1989 5511 2096 5566 que
2125 5495 2242 5564 ipse
2286 5491 2592 5562 cogitabat,
2648 5486 2796 5540 illico
2840 5485 2992 5537 illum
3026 5480 3324 5552 perimere,
3377 5475 3469 5547 qui
3518 5489 3552 5530 ει

1988 5585 2305 5657 Joseplioct
2347 5581 2516 5636 Maria
2548 5583 2600 5635 in
2631 5577 2924 5648 {Egyptum
2951 5573 3165 5630 delatus
3202 5572 3246 5604 ’7
3270 5610 3285 5638 ,
3322 5585 3387 5624 ηις
3414 5579 3552 5630 rtem

389 5780 430 5812 “
449 5779 578 5837 Luc.
603 5795 640 5847 1,
681 5777 771 5833 26.
848 5779 892 5811 ⁸⁸
915 5777 1046 5838 Luc.
1077 5793 1137 5842 ιι,
1172 5776 1221 5831 7.
1298 5775 1342 5808 ⁹⁶
1369 5772 1561 5829 Matth.
1591 5788 1652 5840 ll,
1689 5772 1739 5827 l.
1815 5766 2030 5839 ".Ibid.
2061 5767 2142 5821 l4.
