4112 6408
552 326 660 387 ’Πῦ

1406 329 1464 385 S.
1508 324 1956 385 EUS'I'ATHlUS
1994 323 2486 384 ANTIOCHENUS
2540 326 2939 385 EPISCOPUS.

3684 328 3791 383 776

550 445 659 503 sibi
692 445 760 501 ab
794 444 1001 501 llerode
1035 444 1405 501 imminentem
1437 445 1660 515 depulit.
1711 444 1911 501 Verum
1946 444 2087 500 Hero

2228 435 2466 517 Ἡρώδου
2499 444 2720 515 διέφυγε
2770 443 3017 499 θάνατον.
3047 445 3219 510 Αὐτὸς
3269 446 3348 513 δὲ,
3375 445 3648 518 ἀγνοήσας
3685 444 3785 518 τὴν

551 537 670 601 des.
700 536 945 607 ignorata
1003 535 1169 607 fuga,
1237 551 1438 606 pueros
1485 551 1677 593 omnes
1723 536 1817 606 qui
1867 544 2024 591 erant
2056 536 2112 589 in

552 628 894 693 Bethlehem,
948 636 1122 684 morte
1180 628 1318 683 allici
1347 628 1504 699 jubet
1529 628 1612 689 ”.
1663 629 1805 683 inter
1834 643 2007 698 quos,
2055 636 2115 683 et

546 719 810 776 Joannem
835 720 1013 775 adhuc
1046 721 1308 776 infantem
1342 721 1410 776 de
1448 721 1628 776 medio
1673 721 1864 775 tollere
1904 720 2114 775 niteba-

550 820 657 865 tur.
695 809 801 866 Sed
833 809 1106 866 Elisabeth
1134 852 1150 875 ,
1172 826 1239 866 eo
1261 812 1504 882 abrepto,
1539 812 1596 866 in
1624 812 1971 866 solitudinem
2021 827 2114 865 au-

546 901 705 974 fugit,
728 911 783 957 et
806 904 1059 973 precibus
1083 902 1413 966 fusis,mons
1434 905 1487 958 in
1513 904 1651 959 duas
1671 913 1852 975 partes
1875 904 2107 968 divisus,

543 1010 664 1049 eam
695 1011 804 1050 una
834 1013 957 1050 cum
990 1012 1159 1067 puero
1195 998 1429 1068 excepit,
1463 1004 1517 1053 et
1546 1012 1641 1054 eas
1665 998 1890 1069 angelus
1921 996 2110 1054 defen-

544 1086 723 1143 dendo
756 1087 1089 1158 protegebat.

616 1179 779 1234 Mittit
838 1179 1021 1249 itaque
1065 1178 1131 1233 ad
1185 1177 1501 1233 Zachariam
1557 1178 1801 1235 Herodes
1835 1196 1849 1230 :
1882 1177 2107 1233 Tradito

542 1271 679 1327 mihi
710 1271 877 1326 filium
900 1280 1073 1339 tuum,
1103 1271 1193 1325 ubi
1218 1273 1467 1327 occultus
1493 1272 1643 1335 latet,
1671 1273 1922 1327 nuntiato
1947 1271 2101 1325 mihi.

541 1359 837 1418 Zacharias
871 1365 950 1419 sic
991 1363 1330 1433 percontanti
1392 1363 1684 1433 respondet
1724 1380 1736 1414 :
1769 1361 1881 1433 Ego
1928 1361 1993 1416 ad
2024 1362 2104 1415 al-

540 1461 657 1509 tare
688 1456 949 1509 continuo
998 1454 1305 1518 assistens,
1349 1455 1481 1525 quid
1515 1462 1696 1509 actum
1752 1455 1825 1511 sit
1869 1455 1936 1510 de
1993 1454 2104 1510 filio

539 1561 682 1612 meo,
718 1562 826 1601 non
856 1547 1003 1602 novi.
1045 1546 1142 1602 liis
1173 1548 1441 1618 ingentem
1481 1548 1618 1602 iram
1647 1550 1896 1619 concepit
1937 1547 2103 1603 Hero-

537 1640 633 1695 des
652 1681 667 1704 ,
702 1657 1026 1711 rursumque
1049 1641 1116 1695 ad
1141 1658 1262 1697 eum
1290 1643 1476 1697 scribit
1503 1660 1516 1693 :
1548 1641 1755 1698 Exhibe
1769 1643 1900 1696 mihi
1930 1642 2100 1697 filium

538 1737 716 1799 tuum;
748 1747 928 1786 nonne
956 1739 1295 1802 compertum
1327 1732 1420 1787 tibi
1450 1741 1554 1796 est,
1579 1732 1720 1800 apud
1748 1747 1834 1787 me
1865 1732 1941 1786 tui
1973 1747 2099 1787 san-

2214 536 2412 609 φυγήν,
2447 537 2622 592 πάντα
2645 539 2714 592 τά
2737 539 2794 591 ὲν
2824 541 2889 609 τῇ
2926 539 3171 611 Βηθλεὲμ
3213 538 3398 594 παιδία
3432 540 3785 611 ἀναιρεθῆναι

2213 630 2544 701 προσέταξεν
2564 649 2579 663 ·
2615 635 2673 686 ὲν
2698 628 2779 697 οἷς
2811 634 2903 686 καὶ
2926 633 3018 686 τὸν
3052 632 3304 704 Ἰωάννην
3336 633 3416 687 ἔτι
3443 634 3635 703 νήπιον
3655 632 3785 686 ὄντα

2212 721 2420 776 ἀνελεῖν
2457 723 2886 788 ὲσπούδαζεν.Ἥ
2929 724 2987 777 δὲ
3031 723 3331 788 Ἐλισάὸετ,
3370 725 3667 796 ἁρπάσασα
3694 724 3788 777 αύ-

2208 813 2321 878 τὸν,
2357 815 2439 878 είς
2480 815 2581 885 τὴν
2626 814 2830 885 ἔρημον
2874 814 3074 883 ἔφυγεο
3111 815 3205 868 καὶ
3235 812 3543 886 εὐξαμένης
3587 814 3781 884 αὐτῆς,

2208 904 2487 975 διεσχίσθη
2516 905 2577 958 τὸ
2606 906 2749 977 δρος,
2785 907 2878 961 καὶ
2912 907 3050 978 μετά
3086 906 3182 961 τοῦ
3225 907 3438 961 παιδίου
3482 906 3653 978 αὐτὴν
3677 907 3783 959 ἐδέ-

2211 994 2357 1062 ξατο,
2387 997 2481 1050 καὶ
2509 996 2738 1067 ἄγγελος
2769 998 2862 1052 τοῦ
2895 998 3032 1053 Θεοῦ
3062 999 3411 1069 διεφύλαττεν
3438 998 3654 1066 αὐτούς.

2277 1179 2493 1251 Πέμπει
2533 1180 2663 1249 γοῦν
2714 1179 2850 1252 πρὸς
2894 1182 3167 1251 Ζαχαρίαν
3189 1182 3218 1235 6
3250 1178 3530 1251 Ἡρώδης·
3560 1179 3660 1243 A6;
3686 1178 3779 1232 τὸν

2205 1268 2318 1323 υἱόν
2350 1286 2441 1323 σου
2462 1287 2476 1301 ⁸
2506 1269 2609 1324 ποῦ
2646 1267 2892 1343 ἔκρυψας
2923 1269 3054 1327 αὐτὸ
3074 1291 3106 1338 ι,
3144 1272 3475 1341 ἀπάγγειλόν
3510 1273 3695 1343 μοι.’0
3717 1271 3778 1323 δὲ

2204 1364 2480 1435 Ζαχαρίας
2510 1364 2912 1418 ἀντεπιστέλλει
2945 1364 3167 1434 φάσκων
3200 1362 3347 1435 αὐτῷ
3367 1380 3379 1393 ·
3419 1362 3560 1432 Ἐγὼ
3586 1361 3663 1434 τῷ
3692 1364 3780 1415 θυ-

2204 1454 2503 1525 σιαστηρίῳ
2536 1456 2911 1526 προσεδρεύων
2962 1456 3072 1519 ἀεὶ,
3105 1455 3159 1508 τί
3192 1455 3409 1522 ἐγένετο
3450 1457 3479 1508 ὁ
3512 1455 3625 1519 υίός
3671 1471 3774 1526 μου

2200 1544 2300 1597 οὐκ
2332 1546 2651 1615 ἐπίσταμαι.
2683 1547 2795 1599 Kal.
2824 1544 3095 1617 ὀργισθεὶς
3125 1548 3154 1599 ό
3184 1543 3431 1616 Ἡρώδης
3462 1542 3623 1597 πάλιν
3646 1543 3775 1596 ὲ.πέ-

2202 1637 2418 1691 στελλεν
2465 1638 2633 1708 αύτῷ.
2678 1639 2776 1703 Δὸς
2826 1638 2950 1705 ἔξω,
2979 1639 3173 1708 λέγων,
3199 1636 3289 1692 τὸν
3336 1637 3453 1690 υἰόν
3509 1654 3625 1696 σου.
3657 1637 3775 1690 Οὐκ

2198 1722 2362 1795 οἶδας,
2398 1729 2478 1782 ὅτι
2509 1730 2570 1783 τὸ
2598 1723 2736 1800 αἷμά
2764 1747 2857 1783 σου
2889 1729 2993 1784 ὑπὸ
3018 1729 3115 1802 τὴν
3147 1730 3303 1801 χεῖρά
3332 1729 3432 1800 μού
3458 1731 3636 1793 mw;
3662 1727 3774 1781 Kal.

534 1824 716 1895 guinis
757 1824 1067 1881 effundendi
1115 1840 1236 1880 esse
1267 1825 1629 1895 potestatem?
1674 1824 1966 1879 Zacharias
2014 1839 2087 1879 rei

2199 1822 2228 1873 6
2256 1820 2529 1892 Ζαχαρίας
2559 1820 2662 1892 ἔφη
2686 1838 2699 1850 ⁸
2733 1822 2959 1894 Μάρτυς
2987 1823 3102 1892 εἰμὶ
3134 1821 3225 1875 τοῦ
3253 1821 3408 1876 Θεοῦ.
3443 1822 3514 1874 Σὺ
3551 1821 3650 1892 μὲν
3675 1821 3769 1892 ἔχε

535 1916 759 1988 scripsit
787 1936 799 1971 :
828 1916 1009 1974 Testis
1036 1933 1155 1973 sum
1182 1917 1297 1973 Dei.
1330 1916 1410 1971 Tu
1442 1933 1619 1972 meum
1655 1918 1972 1986 sanguinem
1994 1957 2008 1977 ,
2044 1923 2100 1970 at

533 2005 786 2075 spiritum
815 2023 993 2063 meum
1029 2007 1168 2062 Deus
1193 2007 1495 2077 possideat,
1528 2009 1613 2062 fac
1647 2018 1707 2061 ut
1738 2009 1905 2062 lubet.
1934 2006 2099 2062 Illud—

530 2115 639 2171 que
694 2109 745 2155 te
794 2115 905 2155 non
958 2099 1171 2171 fugiat,
1233 2101 1554 2170 sanguinem
1622 2099 1969 2154 innocentem
2041 2101 2095 2153 in

528 2192 816 2249 vestibulis
841 2193 1027 2263 templi
1066 2192 1283 2247 Domini
1309 2202 1362 2248 te
1390 2191 1709 2248 efi‘usurum.
1741 2191 1981 2247 Herodes
2008 2190 2094 2246 his

528 2286 704 2357 magis
733 2301 797 2340 ac
838 2286 1011 2356 magis
1041 2296 1397 2355 exasperatus
1416 2324 1431 2349 ,
1462 2293 1521 2338 ut
1552 2284 1693 2340 inter
1729 2285 1902 2339 altare
1933 2298 2095 2337 neca-

527 2384 683 2432 retur
710 2383 999 2446 antequam
1030 2376 1146 2431 dies
1195 2377 1535 2431 illucesceret
1559 2416 1573 2441 ,
1608 2375 1861 2438 mandat,
1894 2391 1961 2429 ne
1994 2390 2092 2444 po-

416 2526 423 2534 ,
526 2466 691 2538 pulus
770 2465 1040 2522 obstando
1125 2466 1408 2536 impediret
1492 2465 1785 2536 quominus
1867 2464 2083 2520 occide-

527 2565 699 2612 retur.
1256 2594 1261 2605 .

597 2644 781 2701 Primo
806 2652 986 2700 autem
1009 2645 1249 2701 diluculo
1283 2643 1596 2700 sacerdotes
1622 2643 1678 2698 in
1708 2642 1965 2712 templum
1994 2656 2091 2697 ve-

528 2739 743 2796 nientes
771 2739 1264 2809 obstupescebant,
1295 2738 1439 2809 quod
1472 2737 1579 2792 illis
1598 2775 1615 2801 ,
1649 2742 1709 2790 ut
1739 2734 1909 2789 moris
1934 2740 2053 2789 erat
2072 2772 2087 2797 ,

524 2847 637 2887 non
666 2830 884 2886 obviam
930 2831 1171 2901 prodiret
1228 2830 1438 2901 primus
1479 2826 1778 2892 sacerdos,
1844 2834 1901 2882 et
1955 2825 2090 2881 foris

522 2924 932 2994 exspectabant.
979 2920 1165 2994 Itaque
1196 2922 1331 2977 hora
1381 2919 1688 2984 dilabente,
1734 2935 1877 2975 unus
1907 2934 1971 2973 ex
2002 2918 2089 2974 his

524 3015 734 3087 ingredi
768 3031 936 3073 ausus
959 3022 1043 3072 est
1062 3055 1078 3079 ,
1120 3016 1210 3086 qui
1236 3014 1303 3069 ad
1328 3014 1500 3069 altare
1526 3020 1839 3069 concretum
1875 3014 2090 3082 sangui-

520 3123 646 3164 nem
669 3108 955 3180 conspicit,
979 3108 1442 3178 auditquevocem
1465 3105 1731 3161 dicentem
1755 3123 1768 3161 :
1793 3104 2085 3160 Zacharias

519 3199 740 3256 occisus
791 3206 915 3267 est,
970 3213 1073 3254 nec
1118 3198 1238 3268 ejus
1287 3196 1515 3267 sanguis
1565 3195 1857 3260 delebitur,
1911 3195 2085 3251 donec

518 3292 699 3348 veniat
733 3292 912 3359 ultor;
963 3291 1050 3347 his
1079 3290 1307 3347 vocibus
1356 3291 1542 3345 animo
1593 3288 1838 3357 fractus,
1897 3303 2085 3360 egres-

517 3397 722 3453 susque
762 3381 1137 3439 sacerdotibus
1192 3380 1436 3445 nuntiat,
1466 3380 1558 3451 qui
1587 3380 1926 3436 introeuntes
1956 3394 2084 3434 cor-

513 3488 618 3546 pus
649 3488 758 3528 non
796 3474 1018 3539 vident,
1052 3473 1147 3530 sed
1182 3474 1361 3529 solum
1389 3474 1709 3544 sanguinem
1735 3511 1751 3538 ,
1784 3469 2084 3541 scissisque

511 3546 894 3631 vestimentis,
940 3572 1170 3622 mortem
1224 3565 1374 3620 illius
1430 3565 1720 3637 lugebant,
1773 3563 2084 3634 populoque

511 3656 873 3720 nuntiarunt,
904 3662 958 3711 et
982 3655 1155 3711 trihus
1189 3655 1414 3721 diebus,
1451 3665 1505 3710 et
1525 3656 1703 3710 tribus
1746 3654 1997 3709 noctibus
2025 3655 2081 3708 in

514 3745 665 3801 luctu
710 3745 952 3801 fuerunt.
1011 3745 1275 3817 Deinceps
1323 3744 1635 3801 Simeonem
1664 3753 1811 3800 sorte
1856 3746 1913 3800 in
1960 3745 2081 3815 ejus

512 3837 693 3893 locum
723 3844 1051 3907 posuerunt,
1102 3840 1196 3909 qui
1228 3851 1257 3890 a
1304 3837 1508 3906 Spiritu
1546 3844 1737 3891 sancto
1770 3836 2079 3894 admonitus

513 3933 829 3998 acceperat,
877 3941 936 3983 se
974 3942 1081 3981 non
1133 3928 1286 3997 prius
1316 3928 1563 3983 visurum
1610 3933 1838 3983 mortem
1867 3968 1883 3994 ,
1916 3944 2079 4000 quam

509 4014 790 4073 Christum
820 4015 1034 4073 Domini
1068 4017 1263 4074 fuisset
1287 4019 1519 4074 intuitus
1541 4019 1609 4076 ”.

580 4107 848 4163 Narratur
878 4118 934 4165 et
965 4110 1068 4164 alia
1109 4111 1353 4181 quaedam
1387 4111 1454 4165 de
1502 4109 1766 4167 Zacharia
1812 4111 2073 4167 historia:

508 4200 679 4257 fuisse
712 4201 768 4256 in
800 4201 1004 4272 templo
1036 4203 1212 4258 locum
1244 4203 1309 4257 in'
1342 4218 1503 4274 quem
1540 4212 1751 4258 tantum
1772 4204 2077 4274 virginibus

507 4294 794 4367 ingressis,
848 4292 1018 4351 Deum
1060 4297 1311 4362 adorare,
1346 4312 1453 4351 non
1483 4304 1662 4351 autem
1706 4299 1891 4369 nuptis
1913 4338 1929 4364 ,
1960 4298 2077 4370 lege

507 4387 779 4443 sancitum
832 4402 896 4442 ac
947 4403 1269 4445 concessum
1327 4398 1464 4447 erat.
1501 4388 1669 4445 Maria
1726 4391 1891 4461 igitur
1952 4398 2075 4461 post

2203 1929 2302 1983 μου
2340 1912 2402 1965 τὸ
2431 1907 2590 1984 αἷμα,
2615 1914 2676 1967 τὸ
2703 1914 2759 1967 δὲ
2793 1913 3012 1986 πνεῦμά
3034 1932 3132 1986 μου
3161 1917 3189 1968 ὁ
3213 1913 3365 1980 Θεός.
3391 1913 3546 1979 Δέξαι
3574 1914 3631 1968 δὲ
3673 1914 3771 1968 καὶ

2198 2001 2452 2071 γίνωσκε,
2486 2003 2567 2056 ὅτι
2596 2002 2773 2056 ἀθῶον
2805 2001 2945 2075 αἷμα
2978 2004 3187 2076 ὲκχέεις
3208 2007 3287 2069 εἰς
3313 2004 3382 2058 τά
3411 2005 3655 2076 πρόθυρα
3674 2004 3766 2059 τοῦ

2197 2094 2324 2148 ναοῦ
2356 2095 2581 2166 Κυρίου.
2615 2095 2723 2148 Καὶ
2755 2097 2784 2148 ό
2821 2094 3082 2167 Ἠριὲὧης,
3117 2096 3211 2148 ἐπὶ
3238 2094 3443 2160 τούτοις
3474 2094 3767 2166 ὀργισθεὶς,

2200 2185 2399 2257 μεταξὺ
2429 2186 2520 2241 τοῦ
2555 2185 2939 2259 θυσιαστηρίου
2971 2186 3322 2258 ἀναιρεθῆναι
3348 2187 3509 2239 αὐτὸν
3542 2185 3647 2258 πρὸ
3672 2185 3767 2240 τοῦ

2194 2276 2485 2346 διαφαῦσαι
2518 2277 2864 2349 προσέταξεν,
2888 2276 3025 2349 πρὸς
3055 2278 3115 2331 τὸ
3143 2278 3217 2349 μή
3252 2278 3357 2331 ὑπὸ
3387 2276 3481 2330 τοῦ
3502 2276 3631 2331 λαοῦ
3657 2295 3768 2331 κω-

2194 2370 2419 2441 λυθῆναι
2450 2370 2614 2424 αὐτοῦ
2650 2370 2748 2442 τὴν
2782 2369 3062 2439 ἀναίρεσιν

2268 2657 2505 2731 ’Ὀρθρου
2537 2658 2594 2711 δὲ
2622 2659 2672 2711 οἰ
2729 2660 2894 2730 ἰερεῖς
2924 2659 3352 2731 παραγενόμενοι
3385 2660 3464 2723 είς
3490 2660 3580 2713 τὸν
3614 2659 3761 2725 ναὸν,

2191 2750 2508 2816 ὲξενίζοντο,
2544 2749 2684 2803 κατά
2714 2751 2775 2803 τὸ
2806 2751 2995 2814 εἰωθὸς
3028 2751 3104 2822 μὴ
3137 2752 3543 2824 ὑπαντήσαντος
3582 2752 3764 2817 αὐτοῖς

2190 2840 2283 2895 τοῦ
2315 2841 2637 2912 ἀρχιερέως,
2679 2842 2773 2893 καὶ
2804 2842 3065 2912 ἐπέμενον
3108 2839 3410 2913 ἐξω.’⁹ορας
3440 2839 3532 2896 οῦν
3562 2844 3765 2915 παρελο

2190 2930 2413 3001 κούσης,
2448 2926 2529 2994 εἷς
2557 2947 2641 2994 τις
2667 2931 2726 2997 ἐξ
2756 2931 2932 2985 αὐτῶν
2978 2930 3238 2984 εἰσελθεῖν
3287 2931 3686 3002 ἀπετόλμησεν.
3703 2933 3762 2985 '0

2188 3021 2245 3075 δὲ
2277 3020 2472 3094 θεωρεῖ
2498 3015 2635 3092 αἷμα
2665 3022 2911 3093 πεπηγὸς
2934 3022 3084 3093 παρά
3128 3021 3190 3075 τὸ
3233 3021 3632 3095 θυσιαστήριον,
3667 3023 3763 3077 καὶ

2190 3113 2376 3168 ἀκούει
2425 3114 2607 3184 φωνῆς
2649 3113 2939 3185 λεγούσης·
2971 3113 3245 3187 Ζαχαρίας
3283 3114 3625 3182 πεφόνευται,
3662 3115 3761 3168 καὶ

2186 3206 2288 3260 οὐκ
2329 3204 2772 3277 ἐξαλειφθήσεται
2818 3204 2880 3258 τὺ
2923 3201 3060 3276 αἷμα
3107 3204 3294 3270 αὐτοῦ,
3336 3206 3442 3270 ἓως
3472 3205 3535 3260 ἂν
3568 3205 3697 3280 ἔλθη
3724 3205 3758 3260 ὁ

2185 3299 2413 3362 ἔκδικος.
2433 3299 2665 3353 Ἀκούων
2711 3297 2842 3368 γοῦν
2880 3298 3053 3352 ταῦτα
3102 3299 3340 3372 ἔμφοϐος
3386 3298 3619 3367 ἐγένετο,
3661 3297 3758 3352 καὶ

2184 3389 2414 3457 ἐξελθὼν
2437 3393 2548 3453 τοῖς
2568 3390 2807 3462 ίερεῦσιν
2833 3390 3180 3463 ἀπήγγειλεν.
3214 3395 3277 3445 υί
3304 3390 3380 3458 δὲ,
3404 3389 3755 3456 εἰσελθόντες,

2183 3484 2245 3537 τὸ
2278 3485 2378 3555 μὲν
2408 3483 2567 3555 σῶμα
2598 3485 2699 3537 οὐκ
2727 3480 2886 3548 εἶδον,
2916 3487 2966 3538 εἰ
3009 3485 3083 3557 μὴ
3113 3485 3174 3538 τὸ
3202 3482 3360 3557 αἷμα,
3397 3485 3493 3539 καὶ
3517 3484 3617 3548 τὰς
3646 3500 3760 3537 στο-

2182 3575 2278 3640 λὰς
2300 3575 2507 3628 ἑαυτῶν
2521 3575 2645 3647 διαῤ
2652 3577 2931 3648 ῥήξαντες,
2953 3576 3235 3647 ὲκόψαντο,
3249 3578 3343 3631 καὶ
3359 3576 3436 3647 τῷ
3456 3574 3571 3647 λαῷ
3590 3576 3758 3646 ἀνήγ-

2182 3666 2386 3737 γειλαν,
2413 3668 2509 3721 κιιί¹
2538 3668 2665 3738 τρία
2689 3666 3003 3740 νυχθήμερα
3040 3670 3128 3721 ἐπ’
3162 3668 3310 3739 αύτῷ
3348 3667 3543 3739 θρῆνον
3568 3667 3755 3737 ἐποίη-

2183 3779 2302 3815 σαν.
2336 3763 2444 3815 Καὶ
2479 3761 2615 3833 μετά
2645 3761 2817 3815 ταῦτα
2854 3762 3114 3832 Συμεῶνα
3160 3763 3241 3825 είς
3284 3761 3381 3832 τὴν
3410 3759 3561 3826 τάξιν
3589 3756 3754 3812 αὑτοῦ

2180 3854 2366 3926 κλήρῳ
2399 3855 2754 3925 κατέστησαν,
2784 3854 2843 3917 6;
2870 3854 3111 3926 ὑπῆρχεν
3143 3852 3247 3906 ὑπὸ
3275 3851 3367 3906 τοῦ
3394 3850 3547 3921 ἀγίου
3578 3849 3751 3903 Πνεύ-

2183 3963 2351 4015 ματος
2382 3945 2774 4018 χρηματισθεὶς
2805 3945 2880 4017 μὴ
2906 3946 3030 3999 ἰδεῖν
3054 3945 3301 4009 θάνατον,
3330 3943 3433 4008 ἕως
3463 3942 3530 3997 ἂν
3558 3942 3639 4013 ἴδῃ
3662 3941 3754 3995 τὸν

2178 4037 2410 4109 Χριστὸν
2434 4039 2662 4108 Κυρίου.

2254 4129 2418 4201 Ἀλλη
2452 4129 2508 4183 δέ
2542 4147 2625 4193 τις
2672 4128 2882 4201 ἱστορία
2932 4128 3061 4201 περὶ
3091 4127 3184 4182 τοῦ
3218 4128 3486 4201 Ζαχαρίου
3519 4128 3753 4200 ἐμφέρε-

2176 4238 2295 4275 ται·
2345 4221 2421 4286 ὼς
2445 4223 2551 4293 ἀρα
2573 4218 2641 4293 ἦν
2667 4238 2750 4286 τις
2785 4222 2914 4294 περὶ
2941 4219 3035 4273 τὸν
3058 4220 3185 4274 ναὸν
3215 4219 3398 4285 τόπος,
3427 4219 3555 4273 ἔνθα
3586 4221 3751 4291 μόνας

2174 4313 2273 4377 τὰς
2306 4312 2607 4384 παρθένους
2650 4312 2778 4382 ἐξῆν
2821 4311 3094 4374 εἰσιούσας
3140 4312 3461 4383 προσκυνεῖν
3488 4309 3566 4381 τῷ
3597 4308 3745 4381 Θεῴο

2174 4403 2273 4467 τάς
2303 4404 2359 4458 δὲ
2389 4404 2728 4475 γαμηθείσας
2765 4404 2839 4475 μὴ
2878 4401 3017 4457 εἶναι
3056 4404 3303 4474 νόμιμον.
3322 4403 3385 4455 Ἠ
3417 4397 3509 4456 οῦν
3538 4402 3747 4473 Μαρία,

507 4479 846 4535 Salvatorem
876 4481 1119 4552 genitum
1151 4482 1320 4545 stetit,
1357 4483 1411 4536 in
1442 4483 1560 4538 loco
1592 4484 1715 4546 hoc,
1749 4499 1910 4554 quam
1940 4499 2067 4540 cum

2188 4497 2484 4566 γεννήσασα
2530 4495 2620 4548 τὸν
2673 4495 2921 4566 Σωτῆρα,
2956 4493 3208 4559 ἐλθοῦσα,
3235 4494 3364 4567 ἔστη
3397 4495 3456 4549 ἐν
3486 4492 3563 4565 τῷ
3599 4494 3748 4565 τόπῳ

504 4569 873 4642 impedirent,
931 4572 1025 4642 qui
1083 4587 1202 4627 eam
1260 4573 1373 4642 jam
1443 4575 1718 4644 peperisse
1769 4585 2068 4643 noverant,

504 4661 801 4719 Zacharias
849 4660 1150 4729 fatebatur,
1182 4680 1300 4719 eam
1336 4664 1553 4736 dignam
1598 4681 1753 4734 esse,
1796 4685 1916 4739 quae
1964 4685 2071 4724 una

503 4768 631 4809 cum
669 4753 979 4825 virginibus
1009 4764 1460 4811 commoraretur.
1512 4758 1699 4829 Itaque
1734 4776 1857 4815 eum
1902 4762 2071 4817 veluti

497 4843 709 4915 jurium
736 4845 1051 4901 violatorem
1072 4887 1088 4912 ,
1129 4854 1183 4902 et
1223 4848 1277 4901 in
1310 4848 1487 4903 locum
1523 4849 1791 4921 virginum
1823 4852 2066 4923 iniquum

502 4936 647 4992 inter
695 4937 869 4993 altare
911 4938 1276 4995 trucidavere.
1321 4939 1387 4995 Et
1429 4941 1546 4997 haec
1588 4958 1684 5013 per
1714 4952 2067 5001 transennam

500 5029 787 5102 obiterque
814 5028 958 5087 dicta
980 5043 1128 5089 sunt.

572 5120 743 5178 Porro
766 5119 966 5193 Ioseph
991 5138 1022 5177 a
1055 5122 1317 5180 fratribus
1338 5126 1392 5180 in
1420 5125 1654 5199 Egypto
1697 5129 1954 5194 traditus,
1985 5130 2070 5185 di-

500 5212 630 5269 vino
659 5213 870 5269 aﬂlatus
889 5212 1141 5280 Numine,
1174 5214 1475 5275 Pharaonis
1493 5204 2067 5292 somniis'interpreta-

501 5300 648 5359 tione
678 5305 961 5375 explicatis
999 5308 1038 5374 ’,
1062 5308 1233 5365 totius
1266 5307 1483 5383 :Egypti
1524 5313 1777 5385 princeps
1816 5315 2070 5370 nomina-

501 5404 593 5452 tus
622 5404 729 5462 est,
762 5407 814 5453 et
837 5399 979 5454 fame
1028 5407 1202 5456 totum
1237 5411 1504 5458 terrarum
1540 5404 1728 5461 orbem
1776 5405 2063 5478 aﬂiigente,

502 5484 698 5542 fratres
737 5489 793 5543 in
823 5488 1117 5562 Egyptum
1165 5509 1225 5549 se
1255 5493 1563 5561 conferunt,
1611 5496 1965 5562 frumentum,
2011 5504 2068 5553 et

501 5573 603 5644 ipsi
634 5585 693 5631 ut
720 5578 848 5633 fami
879 5580 1228 5638 mederentur
1245 5588 1479 5655 empturi
1504 5587 1657 5653 ’,eta
1681 5586 1943 5646 fratribus
1974 5604 2064 5646 re-

552 5753 620 5836 .”
645 5752 781 5813 Ibid.
820 5757 906 5814 16.
983 5760 1026 5793 θ’
1050 5759 1178 5818 Luc.
1207 5779 1267 5828 ιι,
1301 5764 1386 5819 14.
1460 5767 1484 5840 ,ί
1510 5764 1641 5823 Cen.
1669 5782 1780 5822 xu.
1818 5769 1876 5841 ‘_'
1917 5765 2060 5822 Ibid.

2170 4588 2364 4660 τούτῳ.
2401 4588 2734 4642 κωλυόντων
2783 4585 2875 4643 οῦν
2915 4590 3082 4661 αὐτὴν
3109 4588 3217 4642 τῶν
3254 4589 3469 4643 εἰδότων
3492 4604 3750 4658 γεγεννη-

2171 4683 2329 4735 κυῖαν
2356 4681 2545 4752 αὐτὴν,
2564 4681 2592 4732 6
2612 4682 2883 4754 Ζαχαρίας
2907 4682 3092 4751 ἔλεγεν
3114 4683 3271 4748 ἀξίαν
3302 4682 3467 4753 αὐτὴν
3495 4678 3635 4736 εἶναι
3652 4681 3747 4735 τοῦ

2169 4774 2335 4827 τόπου
2356 4774 2463 4827 τῶν
2491 4774 2793 4848 παρθένων.
2812 4776 2899 4839 Ὠς
2924 4770 3017 4828 οὖν
3036 4772 3450 4847 παρανομοῦντα
3477 4773 3639 4826 αὑτὸν
3666 4775 3747 4836 εἰς

2168 4865 2260 4919 τὸν
2304 4867 2467 4921 τόπον
2498 4866 2606 4919 τῶν
2647 4867 2931 4938 παρθένων
2975 4866 3173 4938 μεταξὺ
3218 4866 3313 4920 τοῦ
3359 4866 3745 4938 θυσιαστηρίου

2170 4957 2513 5012 ἀπέκτειναν.
2550 4959 2659 5013 Kal.
2690 4958 2862 5012 ταῦτα
2887 4959 2985 5030 μὲν
3017 4959 3094 5023 ὠς
3117 4961 3175 5012 ὲν
3200 4958 3416 5031 παρόδῳ
3438 4958 3651 5030 ἐλέχθη.

2251 5137 2445 5210 Ἰωσὴφ
2487 5138 2562 5202 δὲ,
2597 5138 2879 5202 ἀποδοθεὶς
2915 5139 2973 5191 ἐν
3021 5139 3280 5210 Αἰγύπτῳ
3318 5140 3424 5193 ὑπὸ
3455 5140 3561 5194 τῶν
3591 5138 3746 5194 ἀδελ-

2169 5228 2305 5299 φῶν,
2323 5228 2443 5301 θεία
2465 5230 2676 5301 ἐπινοίᾳ
2699 5228 2779 5300 τῷ
2807 5228 3005 5301 Φαραὼ
3022 5230 3297 5302 διακρίνας
3313 5231 3586 5303 ὀνείρατα,
3615 5233 3745 5302 ἡγεο-

2170 5319 2286 5391 μὼν
2330 5321 2512 5392 πάσης
2559 5322 2658 5395 τῆς
2704 5321 2977 5392 Αἰγύπτου
3018 5321 3361 5378 καθίσταται.
3423 5324 3532 5377 Καὶ
3583 5320 3740 5393 λιμοῦ

2167 5413 2346 5466 πᾶσαν
2378 5412 2655 5479 πιέζοντος
2674 5413 2773 5485 τὴν
2798 5414 2919 5485 γῆν,
2947 5416 2998 5468 οἰ
3028 5413 3245 5483 ἀδελφοὶ
3276 5414 3441 5469 αὐτοῦ
3474 5413 3741 5486 κατῆλθον

2166 5506 2245 5567 εἰς
2273 5504 2565 5574 Αίγυπτον,
2609 5509 2752 5560 σῖτον
2781 5507 2877 5560 καὶ
2913 5509 3066 5561 αὐτοὶ¹
3105 5507 3193 5562 διά
3237 5508 3328 5561 τὸν
3354 5505 3509 5579 λιμὸν
3537 5506 3742 5577 ὠνησό-

2169 5612 2348 5667 μενοιο
2400 5598 2491 5652 καὶ
2535 5597 2960 5672 ἀναγνωρισθεὶς
3000 5600 3181 5664 αὐτοῖς
3231 5599 3461 5673 Ἰωσὴφ,
3511 5598 3741 5672 μεθιστᾷ
