4112 6402
390 342 496 404 777

1313 323 1586 388 SPURIA.
1629 359 1697 369 —
1733 320 2092 381 COMMENT.
2132 309 2200 372 ΙΝ
2235 306 2731 372 HEXAEMERON.

3532 303 3631 366 778

385 464 577 529 αὐτοὺς
615 456 729 533 ἅμα
753 460 830 532 τῷ
865 459 1030 522 πατρὶ
1063 454 1252 509 Ἰακὼϐ
1276 456 1352 517 εἰς
1381 452 1477 523 τὴν
1509 451 1782 518 Αἴγυπτον
1815 465 1958 516 παγ-

2085 440 2331 511 :ognitus,
2368 436 2531 492 simul
2591 449 2714 488 cum
2775 441 2946 502 patre.
3003 448 3097 488 eos
3133 438 3189 487 ct
3219 432 3492 487 universis
3541 447 3637 485 eo-

384 559 536 629 γενῆ.
562 555 653 625 Τῷ
685 555 780 624 μὲν
816 551 922 622 γὰρ
961 548 1169 602 Ῥουὸὶν
1199 547 1459 614 τέσσαρες
1487 543 1669 603 παῖδες
1695 540 1959 608 ἐγένοντο,

398 627 585 718 Ἑνὼχ,
613 645 798 707 Φαλὲς,
843 639 1085 712 Ἀρρὼμ,
1127 635 1370 708 Χαρμεί·
1406 632 1483 702 τῷ
1522 632 1576 684 δὲ
1621 629 1843 700 Συμεὼν
1881 627 1960 693 ἓξ,

2065 548 2184 585 rum
2218 528 2439 584 familiis
2491 528 2547 581 in
2584 525 2878 597 Egyptum
2912 533 3210 578 commutat
3261 525 3301 577 ³.
3338 523 3518 577 Rubin
3551 531 3634 576 ct-‘

2063 623 2208 679 enim
2238 629 2470 690 quatuor
2485 618 2744 672 ﬁliierant
2765 616 2914 670 nati:
2945 615 3390 679 Enoch,Phales.
3413 616 3632 678 Arroni,

396 705 649 810 Ἰεϐούηλ,
695 705 1086 805 genus,
1133 705 1306 798 Ἀ),ιῆ,
1338 725 1498 795 Σαδή,
1529 722 1730 775 Σαούλ·
1768 722 1858 774 και
1888 719 1964 790 τῷ

2085 715 2320 779 Zharmi;
2352 711 2607 784 Symeoni
2637 726 2755 774 sex,
2793 707 3003 771 Jebuel,
3046 706 3237 772 .Iaben,
3269 708 3406 773 Aod,
3441 705 3635 771 Achivi

387 831 515 888 Asu‘!
566 831 731 900 τρεῖς,
787 822 1015 886 Γεδσὼν,
1089 819 1262 882 Βωὰδ,
1318 817 1411 868 καὶ
1464 811 1737 883 Μεναρεί·
1787 810 1864 880 τῷ
1907 810 1964 863 δὲ

399 923 570 978 Ἰούδα
596 921 774 981 πέντε,
797 916 923 987 Ἤρ,
949 911 1152 974 Αύνὼν,
1175 911 1385 972 οἵτινες,
1410 906 1588 969 καθὼς
1619 905 1962 976 προεγράφη,

389 1010 678 1073 ἀπέθανον,
721 1004 937 1077 Σηλὼμ,
969 1003 1162 1072 Φαρὲς,
1198 998 1376 1070 Ζαρά·
1415 996 1492 1066 τῷ
1537 996 1593 1048 δέ
1635 995 1809 1066 Φαρὲς
1852 994 1963 1059 δύο,

402 1098 654 1174 ’Δρῤὼμ,
711 1100 804 1152 καὶ
852 1094 1094 1165 Ἰεμοήλ·
1143 1091 1221 1162 τῷ
1266 1092 1324 1144 δέ
1374 1089 1626 1160 Ἰσσάχαρ
1683 1087 1964 1156 τέσσαρες,

395 1189 742 1254 Θαλά,Φονά,
787 1188 1022 1253 Ἰασοὺφ,
1076 1183 1315 1253 Ζαϐράν·
1348 1179 1425 1250 τῷ
1467 1177 1746 1231 Σαϐουλὼν
1797 1179 1964 1248 τρεῖς,

395 1284 612 1356 Σερδὲρ,
661 1279 876 1340 Ἀλδὼν,
927 1277 1093 1347 Αἰήλ·
1131 1276 1178 1328 οἱ
1220 1274 1421 1335 πάντες
1460 1273 1750 1343 τριάκοντα
1798 1273 1966 1340 τρεῖς,

393 1380 456 1431 ἐκ
490 1377 591 1446 τῆς
634 1373 793 1436 Λείας
825 1372 884 1424 τὸ
912 1371 1066 1439 γένος
1106 1369 1336 1437 ἔχοντες,
1377 1367 1470 1419 καὶ
1518 1364 1788 1433 θυγατέρα
1822 1362 1966 1414 Δίνα.

403 1468 676 1536 Ἐγένοντο
697 1463 753 1516 δὲ
787 1463 879 1516 καὶ
912 1460 989 1531 τῷ
1017 1458 1121 1511 Γὰδ
1153 1452 1258 1510 υίοὶ
1288 1455 1445 1516 ἐπτά,
1480 1451 1692 1521 Σαφὼν,
1727 1451 1967 1517 Ἂγγεις,

394 1559 622 1623 Σαῦνις,
671 1553 943 1616 Θασοϐἀθ,
1001 1552 1212 1622 Ἀήδις,
1265 1547 1552 1618 Ἀνοήδης,
1598 1543 1844 1617 Ἀρίλης·
1893 1541 1972 1610 τῷ

394 1656 450 1708 δὲ
491 1651 656 1722 Ἀσὴρ
689 1649 971 1719 τέσσαρες,
1009 1642 1206 1713 Ίεμνά,
1253 1640 1408 1704 Ἰοὺλ,
1459 1638 1660 1709 Μερία,
1697 1637 1790 1712 καὶ
1833 1632 1974 1706 Σερὰ

396 1745 672 1815 θυγάτηρο
738 1743 802 1795 ἐκ
850 1739 906 1792 δὲ
947 1736 1040 1791 106
1088 1733 1252 1804 Βερία
1309 1731 1675 1802 ἐγεννήθησαν
1741 1725 1970 1796 Χοϐὼρ,

2069 807 2231 874 Sade,
2269 806 2429 872 Saul;
2462 803 2589 859 Levi
2629 813 2761 864 tres,
2818 801 3054 864 Geilson,
3091 800 3266 855 Boach
3297 809 3352 854 et
3392 798 3631 865 Menari;

2064 900 2217 955 Iuda:
2245 899 2483 969 quinque
2509 913 2522 948 :
2552 896 2677 960 Her,
2718 895 2934 956 Annon,
2972 893 3086 962 qui,
3121 900 3178 946 ut
3208 894 3459 962 superius
3493 892 3635 946 seris

2069 1001 2219 1062 ptum
2248 1000 2352 1054 est,
2386 989 2782 1052 decesserunt;
2814 986 3016 1051 Sebon,
3043 984 3269 1046 Phares,
3300 983 3468 1049 Zara;
3501 981 3642 1035 Pha-

2068 1101 2158 1140 res
2219 1083 2350 1145 duo,
2410 1081 2622 1143 Arron,
2677 1088 2730 1134 et
2775 1079 3007 1144 Jemuel;
3065 1077 3332 1134 lssachar.
3368 1088 3639 1146 quatuor,

2069 1172 2263 1236 Thala,
2326 1169 2536 1233 Phona,
2587 1169 2816 1238 Jasuph,
2886 1169 3134 1235 Zahran;
3193 1167 3437 1222 Zabulon
3504 1177 3639 1230 tres.

2072 1263 2293 1330 Serder,
2329 1263 2528 1326 Aldon,
2560 1262 2677 1323 Ael,
2705 1261 2796 1329 qui
2823 1275 3013 1315 omnes
3049 1260 3272 1328 triginta
3302 1267 3414 1314 tres
3447 1275 3512 1313 ex
3548 1257 3644 1312 Lia

2070 1355 2333 1425 originem
2369 1356 2616 1417 trahunt,
2650 1362 2703 1407 et
2751 1353 2858 1405 ﬁlia
2892 1352 3047 1404 Dina.
3099 1351 3221 1405 Nati
3270 1359 3399 1406 sunt
3439 1359 3492 1407 et
3525 1349 3644 1405 Gad

2072 1458 2301 1518 septem,
2331 1446 2575 1515 Saphon,
2597 1446 2787 1514 Angis,
2825 1443 3046 1507 Saunis,
3083 1443 3420 1507 'l'hasobath,
3452 1444 3640 1507 Aedis,

2070 1540 2330 1602 Anoedis,
2363 1539 2576 1604 Ariles;
2616 1537 2782 1592 Asser
2815 1544 3069 1606 quatuor,
3121 1534 3316 1600 Jenna,
3354 1535 3495 1601 Jeul,
3535 1537 3650 1592 Mea

2074 1634 2174 1700 ria,
2214 1642 2268 1688 et
2321 1631 2455 1703 Syra
2517 1631 2660 1698 ﬁlia;
2693 1629 2880 1692 Berize,
2923 1629 3137 1683 Chcbor
3179 1636 3234 1682 et
3268 1627 3536 1683 Melchiel.
3581 1628 3647 1684 Hl

2073 1740 2262 1779 omnes
2313 1723 2585 1777 sexdecim
2623 1722 2737 1784 ﬁlii,
2803 1720 3056 1790 Zelphas,
3106 1721 3318 1774 ancillae
3364 1719 3495 1785 Lim,
3529 1733 3649 1790 qua:

397 1800 488 1894 καί
511 1800 769 1906 Μελχιήλδ
814 1825 958 1885 οὗτοι
991 1800 1188 1890 πάντες
1224 1825 1282 1892 ἒξ
1327 1823 1421 1876 καὶ
1450 1800 1580 1875 δέκα
1621 1820 1726 1872 υιοὶ
1765 1818 1976 1886 Ζελφᾶς

2085 1817 2298 1872 nomine
2327 1816 2434 1871 Liaa
2451 1833 2547 1870 eos
2581 1814 2784 1870 Jacobo
2800 1820 3170 1885 generaverat.
3197 1812 3286 1867 Sic
3307 1822 3361 1868 et
3393 1815 3448 1868 in
3479 1813 3650 1886 [Egya

394 1933 493 2000 τῆς
525 1927 808 1995 παιδίσκης
846 1923 1028 1985 Λείας,
1067 1922 1187 1991 ἣτις
1243 1921 1321 1981 είς
1371 1917 1539 1986 ὄνομα
1579 1914 1678 1984 τῆς
1706 1912 1868 1974 Λείας
1900 1909 1977 1979 τῷ

407 2021 601 2078 Ἰακὼϐ
651 2021 845 2080 αὐτοὺς
901 2015 1204 2084 ἐγέννησεν.
1260 2011 1584 2080 Ἐτέχθησαν
1638 2003 1695 2058 δὲ
1755 2002 1848 2057 καὶ
1899 2002 1978 2072 τῷ

410 2114 607 2184 Ἰωσὴφ
659 2113 717 2165 ἐν
779 2108 1034 2176 Αἰγύπτῳ
1091 2104 1276 2165 παῖδες
1331 2101 1458 2164 δύο,
1530 2096 1828 2166 Μανασσῆς
1887 2088 1978 2146 καὶ

408 2206 665 2279 Ἔφραῒμ,
715 2202 809 2267 οὓς
849 2202 1034 2255 ἔτεκεν
1081 2197 1226 2267 αύτῷ
1265 2193 1472 2248 Ἀσινέθ
1527 2192 1772 2260 Θυγάτηρ
1811 2188 1978 2240 Πετεδ

401 2301 513 2372 φρῆ
543 2296 743 2352 Ἠλιοῦ.
777 2297 885 2348 Καὶ
914 2296 977 2346 ἐκ
1023 2293 1118 2363 μὲν
1152 2288 1245 2342 106
1275 2283 1540 2354 Μανασσῆ
1569 2281 1826 2352 ἐγεννήθη
1861 2281 1981 2333 Μα-

403 2394 521 2462 χειρ
550 2392 614 2443 ἐκ
645 2388 892 2457 παλακῆς
922 2385 1121 2456 Συρίας
1141 2381 1216 2452 τῷ
1241 2380 1385 2448 γένει
1405 2393 1418 2408 ⁶
1451 2379 1478 2431 ὁ
1505 2377 1562 2429 δὲ
1591 2373 1805 2446 Μαχε“ιρ
1830 2373 1982 2441 ὲγένο

401 2495 532 2556 νησε
575 2483 664 2537 τὸν
704 2480 940 2534 Γαλαάδδ
989 2481 1052 2530 ἐκ
1096 2477 1152 2529 δὲ
1186 2474 1279 2528 τοῦ
1336 2470 1572 2543 Ἐφραῒμ
1616 2468 1981 2541 ἐγεννήθησαν

407 2576 511 2627 υίοὶ
543 2571 844 2641 Σουταλάμ,
873 2568 997 2632 Βὲδ,
1033 2567 1177 2637 Λάμ.
1215 2566 1307 2618 Ἐκ
1325 2564 1382 2618 δὲ
1403 2562 1494 2616 τού
1519 2559 1802 2630 Σουταλὰμ
1833 2561 1984 2627 ἐγεν-

403 2666 537 2739 νήθη
573 2664 738 2718 Ἐδέν.
779 2663 869 2733 Τῷ
909 2661 964 2714 δὲ
1010 2659 1267 2729 Βενιαμὶν
1315 2657 1409 2710 καὶ
1458 2653 1604 2724 αύτῷ
1652 2652 1744 2706 δύο
1796 2650 1982 2714 παῖδες

405 2761 669 2830 ἐγένοντο,
703 2753 1058 2826 Βαλλαχοϐὼρ
1107 2754 1200 2807 καὶ
1236 2753 1472 2820 Ἀσσαήρ
1492 2765 1505 2780 ⁸
1539 2751 1601 2800 ἐκ
1634 2747 1690 2800 δὲ
1719 2745 1810 2799 106
1845 2744 1984 2798 Ba).-

407 2850 654 2923 λαχοϐὼρ
675 2849 874 2922 Γηράν,
897 2848 990 2902 καὶ
1016 2848 1240 2917 Νοεμὶν,
1264 2845 1356 2898 καὶ
1376 2844 1579 2912 Λάχης,
1612 2840 1704 2894 καὶ
1745 2837 1982 2910 Ἐσρὼμ,

409 2947 500 2998 καὶ
521 2941 738 3015 Μαμφί.
781 2941 980 3012 Μαμφὶ
1007 2939 1063 2993 δὲ
1088 2939 1344 3006 ἐγέννησε
1367 2932 1458 2988 τὸν
1497 2933 1660 3003 ’Δράδ
1679 2950 1690 2962 ·
1715 2927 1856 2985 οὗτοι
1883 2931 1986 2982 υἱοὶ

420 3037 618 3109 Ῥαχὴλ
647 3039 694 3089 οἱ
728 3037 925 3098 πάντες
953 3031 1344 3087 ὀκτωκαίδεκα.
1386 3028 1512 3091 Υἱὸς
1551 3028 1608 3079 δὲ
1652 3026 1865 3093 ἐγένετο
1909 3022 1988 3094 τῷ

2077 1919 2169 1982 pto
2219 1909 2455 1979 Josepho
2518 1911 2633 1964 nati
2700 1916 2830 1962 sunt
2897 1908 2992 1962 ﬁlii
3055 1908 3185 1973 duo,
3248 1907 3528 1963 Manasscs
3593 1915 3648 1963 et

2076 2003 2353 2072 Ephraim,
2392 2019 2528 2072 quos
2555 2003 2758 2073 peperit
2789 2003 2865 2056 illi
2896 2001 3147 2064 Asineth,
3205 2000 3312 2054 ﬁlia
3344 1997 3649 2071 Petephrie,

2077 2095 2170 2149 ﬁlii
2200 2096 2385 2158 Helize,
2418 2103 2471 2151 et
2497 2113 2562 2151 ex
2588 2096 2836 2153 Manasse
2861 2104 3015 2152 ortus
3046 2103 3127 2150 est
3156 2096 3361 2150 Machir
3391 2111 3420 2150 e
3453 2096 3648 2165 pellice

2079 2185 2215 2258 Syra
2274 2203 2491 2258 genere.
2533 2186 2739 2241 Machir
2792 2187 2979 2257 genuit
3019 2185 3209 2241 Galad.
3270 2185 3349 2238 Ex
3393 2184 3649 2254 Ephraim

2077 2280 2190 2332 nati
2229 2287 2358 2334 sunt
2394 2279 2511 2345 lilii,
2545 2277 2812 2343 Sutalam,
2869 2278 2999 2340 Bad,
3053 2277 3216 2343 Lam;
3279 2293 3344 2332 ex
3374 2276 3650 2342 Sutulani,

2076 2370 2265 2425 Edem.
2302 2370 2580 2440 Benjamin
2608 2371 2734 2425 item
2787 2369 2895 2424 duo
2937 2370 3055 2434 ﬁlii,
3094 2369 3452 2423 Ballachobor
3473 2367 3652 2421 ctAs-

2079 2476 2185 2516 ser.
2215 2461 2291 2516 Ex
2325 2461 2702 2523 Ballachobor,
2735 2459 2951 2526 Geram,
2975 2471 3027 2516 et
3060 2459 3308 2522 Nocmin,
3332 2467 3386 2515 et
3423 2456 3652 2523 Lacheti,

2080 2561 2134 2609 et
2159 2553 2373 2617 Esrom,
2409 2563 2464 2610 et
2493 2553 2748 2623 Memphi.
2778 2551 3008 2623 Mamphi
3031 2555 3218 2623 genuit
3245 2551 3424 2618 Arad;
3451 2552 3503 2605 hi
3535 2567 3652 2604 om-

2082 2663 2182 2703 nes
2205 2647 2409 2702 Rachel
2456 2645 2552 2700 lilii
2585 2659 2816 2698 numero
2863 2645 3050 2699 decem
3100 2652 3154 2700 et
3191 2651 3338 2698 octo.
3369 2642 3479 2697 Dad
3509 2643 3654 2697 ﬁlius

2086 2738 2183 2792 fuit
2219 2732 2956 2809 Nephthalim,Nephthalim
2991 2735 3154 2801 Asiel,
3199 2743 3254 2790 et
3306 2734 3560 2807 Goymin,
3603 2740 3657 2789 et

2085 2828 2254 2894 lsaar,
2289 2841 2343 2884 et
2373 2826 2592 2898 Sylem;
2624 2828 2678 2882 hi
2714 2829 2809 2882 ﬁlii
2859 2827 3039 2881 Ballas
3069 2829 3278 2880 ancillae
3311 2824 3514 2880 Rachel
3553 2842 3658 2879 riu-

2087 2936 2236 2976 mero
2270 2931 2496 2990 septem.
2534 2918 2638 2973 Sed
2658 2921 2847 2974 beatus
2873 2917 3062 2982 Jacob,
3085 2919 3241 2973 annis
3276 2926 3494 2972 centum
3525 2933 3662 2987 quae

2089 3013 2337 3082 draginta
2369 3019 2573 3081 septem
2617 3013 2874 3081 peractis,
2907 3027 2938 3066 e
2968 3012 3077 3065 vita
3098 3010 3660 3081 migravitl’rimumiI

409 3102 678 3186 Δάδίητοῦ
731 3127 786 3180 δὲ
839 3125 1151 3194 Νεφθαλεὶμ
1195 3119 1410 3191 Ἀσιὴλ,
1461 3117 1556 3170 καὶ
1602 3117 1641 3168 Γ
1644 3117 1840 3186 οὓμὶν,
1894 3114 1984 3168 καὶ

2091 3119 2196 3173 que
2225 3117 2554 3172 unoquoque
2585 3102 2696 3156 ﬁlio
2729 3118 2992 3172 prospera
3022 3102 3337 3166 ominando,
3400 3103 3552 3156 varia
3579 3102 3664 3156 did

420 3224 624 3293 ἰσαάρ,
645 3221 738 3274 καὶ
760 3219 943 3288 Συλήμ
961 3233 974 3247 ο
1003 3211 1145 3268 οὗτοι
1171 3213 1276 3265 ιίο¹ι
1307 3210 1515 3274 Βάλλας
1545 3208 1831 3277 παιδίσκης
1863 3205 1989 3258 Ῥα-

410 3314 512 3386 χὴλ
541 3315 591 3364 οἱ
622 3313 818 3373 πάντες
853 3307 1009 3361 ὲπτά.
1044 3307 1102 3358 ὐ
1148 3304 1205 3356 δὲ
1249 3301 1516 3373 μακάριος
1555 3296 1746 3352 Ἰακὼὸ
1788 3296 1881 3366 ἐτη
1925 3294 1992 3348 τὰ

413 3407 588 3459 πάντα
627 3401 827 3473 βιώσας
873 3399 1016 3471 ρμξ,
1046 3398 1102 3449 ἐν
1148 3394 1406 3464 Αἰγύπτῳ
1433 3391 1670 3445 ἀπέθανε
1689 3429 1704 3454 ,
1731 3389 1992 3460 πρότερον

413 3498 640 3552 ἕκαστον
668 3494 775 3546 τῶν
806 3492 937 3545 υἱῶν
969 3489 1132 3543 αὑτοῦ
1172 3487 1442 3558 διαφόροις
1470 3483 1739 3552 εὐλογίαις
1771 3481 1994 3550 εὐλογή-

417 3606 534 3653 σας.
566 3588 676 3640 Καὶ
703 3585 799 3656 τὴν
840 3585 934 3654 μὲν
967 3581 1213 3649 εὐλογίαν
1257 3579 1363 3633 τῶν
1405 3574 1762 3650 πρωτοτόκων
1801 3571 1992 3642 Ἰωσὴφ

417 3679 738 3752 παρέσχετο,
759 3679 855 3730 καὶ
885 3676 1005 3746 οὐχὶ
1040 3674 1275 3727 Ῥουϐίν·
1303 3671 1433 3724 διότι
1475 3673 1502 3722 ὁ
1553 3669 1650 3740 μὲν
1687 3666 1882 3736 Ἰωσὴφ
1922 3665 1994 3736 μὴ

413 3772 562 3838 εἴξας
593 3771 749 3841 ἡδονῇ
785 3769 882 3839 τῆς
917 3765 1218 3835 Αἰγυπτίας
1258 3761 1566 3832 ἐδικαιώθη,
1612 3761 1641 3812 ὁ
1686 3759 1742 3812 δὲ
1787 3757 1994 3810 Ῥουῦὶν

414 3863 666 3936 ἡττηθεὶς
690 3863 960 3932 ἥμαρτενο
1004 3857 1176 3920 ἄλλως
1208 3873 1264 3909 τε
1290 3857 1371 3908 ὅτι
1422 3854 1517 3907 καὶ⁸
1564 3855 1627 3906 ἐκ
1659 3852 1760 3921 τῆς
1797 3849 1996 3920 Ῥαχὴλ

417 3959 758 4030 πρωτότοκος
786 3954 1016 4024 ὑπῆρχε,
1051 3951 1144 4004 καὶ
1173 3953 1239 4021 τῇ
1272 3949 1441 4002 ’ἰούδα
1471 3947 1609 4018 φυλῇ
1639 3945 1996 4016 ἀπεκλήρωσε

417 4048 515 4118 τὴν
556 4045 846 4116 βασιλείαν,
889 4044 982 4096 καὶ
1027 4043 1087 4094 ού
1138 4043 1203 4111 τῇ
1250 4038 1344 4092 106
1384 4037 1620 4091 Ῥουὸίν“
1653 4036 1784 4088 διότι
1830 4039 1857 4089 ὁ
1900 4036 1997 4105 μὲν

429 4137 628 4199 Ἰούδας
657 4140 713 4188 ἐν
747 4135 964 4204 γυναικὶ
989 4131 1296 4200 ὡνειδίσθη,
1322 4131 1350 4180 ό
1377 4129 1431 4181 δὲ
1474 4126 1783 4198 ἐδικαιώθη,
1809 4127 1998 4196 ὁμολοο

419 4230 594 4299 γήσας
648 4225 1004 4295 εὐγνωμόνως
1062 4217 1251 4276 ἐαυτὸν
1297 4221 1582 4289 τυγχάνειν
1632 4220 1698 4288 τῇ
1758 4215 1998 4288 ἁμαρτία

421 4318 737 4382 ὑπεύθυνον,
768 4318 860 4370 καὶ
887 4317 947 4369 ού
969 4316 1064 4386 τὴν
1089 4310 1338 4382 γυναῖκα.
1375 4309 1535 4364 Ἀλλά
1566 4311 1660 4364 καὶ⁵
1683 4310 1820 4363 κατά
1845 4309 2001 4360 10610

2090 3208 2357 3262 versaque
2407 3192 2784 3247 benedictione
2841 3191 3150 3256 benedixit,
3203 3201 3256 3245 et
3318 3193 3664 3262 primogenitt

2091 3286 2524 3342 benedictionem
2553 3285 2814 3354 clurgitus
2841 3290 2926 3337 est
2956 3282 3192 3353 Joseplio
3218 3291 3270 3336 et
3299 3299 3407 3338 non
3441 3283 3620 3338 Rubin
3645 3293 3664 3352 ι

2090 3380 2235 3450 quod
2264 3377 2464 3446 Joscph
2496 3375 2749 3447 {Egyptia
2781 3375 3057 3444 voluptate
3114 3376 3336 3429 minime
3383 3377 3664 3442 delinitus‘,

2087 3473 2270 3541 justus
2293 3471 2510 3524 habitus
2539 3481 2640 3523 est.
2671 3467 2884 3521 Bubin‘
2913 3470 2980 3520 ab
3008 3481 3070 3519 ea
3093 3475 3380 3535 superatus
3399 3471 3662 3536 peccavit,

2095 3562 2393 3633 praesertim
2418 3576 2539 3614 cum
2559 3576 2624 3614 ex
2661 3557 2866 3611 Rachel
2914 3557 3307 3626 priinogenilus
3337 3567 3502 3610 esset.
3537 3556 3664 3610 Tris

2095 3656 2184 3709 bui
2215 3653 2368 3708 Juda:
2396 3662 2450 3708 et
2483 3666 2588 3706 n0n
2611 3649 2790 3704 Rubin
2821 3648 3183 3718 principatum
3228 3650 3496 3712 attribuit,
3521 3649 3667 3717 quod

2092 3744 2245 3800 Judzn
2275 3760 2372 3814 pro
2407 3743 2633 3796 muliere
2663 3741 2924 3810 probrum
2978 3739 3250 3808 objectum
3299 3748 3414 3800 est;
3450 3741 3538 3793 hic
3571 3755 3670 3793 aut

2094 3845 2200 3891 tem
2228 3836 2411 3905 justus
2468 3833 2708 3895 habitus,
2741 3847 2864 3885 cum
2893 3831 3125 3886 candide
3176 3831 3357 3886 fassus
3411 3841 3558 3887 esset
3588 3848 3670 3901 se,

2099 3945 2204 3983 non
2234 3929 2539 3989 mulierem,
2566 3935 2787 3995 peccato
2818 3925 3136 3979 obnoxium.
3170 3924 3309 3989 Quin
3343 3933 3396 3979 et
3421 3934 3673 3995 propter:

2096 4036 2160 4076 ea
2194 4021 2268 4074 illi
2316 4018 2574 4090 regnandi
2623 4017 2904 4088 provincia
2975 4017 3152 4071 delata
3192 4027 3295 4080 est,
3353 4019 3480 4086 quia
3542 4018 3672 4074 reiit

2098 4113 2222 4182 quis
2247 4112 2499 4165 tribubus
2551 4111 2667 4165 sola
2699 4109 2812 4162 haec
2861 4115 3181 4162 constanter
3219 4109 3392 4177 magis
3469 4111 3672 4180 magisI

2099 4221 2204 4274 que
2229 4218 2415 4258 severe
2446 4210 2504 4256 ut
2533 4201 2642 4256 Deo
2671 4202 2900 4269 injurias
2952 4201 3128 4256 illatas
3187 4201 3557 4268 ulcisceretur,
3591 4203 3674 4258 lau

2100 4297 2365 4360 borahat;
2397 4301 2727 4365 quapropter
2785 4301 2838 4347 et
2869 4292 3148 4348 Christum
3199 4294 3503 4348 secundum
3551 4309 3674 4349 car-

425 4409 723 4480 βασιλεύειν
765 4406 986 4476 ἐτάχθη,
1022 4383 1226 4474 ’ἐπειδὴ
1274 4402 1406 4473 μόνη
1450 4400 1559 4454 τῶν
1599 4400 1771 4454 ἄλλων
1821 4396 1984 4466 φυλῶε

2103 4403 2263 4448 nem,
2304 4401 2370 4440 ex
2425 4399 2488 4439 ea
2539 4383 2832 4440 oriundum
2886 4383 3242 4447 vaticinatur,
3295 4388 3348 4436 et
3402 4397 3498 4452 per
3549 4397 3676 4436 eum

425 4471 737 4571 ίταμωτέρα
759 4471 895 4570 πρὸς
913 4471 1069 4566 ζῆλον
1098 4497 1189 4547 καὶ
1211 4471 1486 4564 ἐκδίκησιν
1518 4491 1650 4545 Θεοῦ
1682 4491 1984 4560 ἐτύγχανεν

2102 4478 2443 4533 vocationem
2500 4475 2742 4545 gentium
2804 4473 3062 4527 futuram.
3103 4471 3231 4528 Levi
3277 4487 3549 4528 summum
3586 4487 3678 4526 sae

421 4564 621 4649 διδ-καὶ
649 4564 706 4657 ἐξ
743 4564 906 4643 αύτού
935 4564 1094 4657 φ-ὗναι
1119 4585 1448 4658 προφητεύει
1477 4585 1565 4636 τὸν
1596 4579 1826 4654 Χριστὸν
1857 4577 1984 4634 κατὲ

2103 4569 2404 4625 cerdotium
2439 4568 2606 4628 dedit,
2629 4567 2772 4638 quod
2805 4567 3023 4619 Amram
3053 4580 3117 4620 ex
3142 4581 3208 4620 eo
3230 4572 3402 4626 ortus,
3439 4564 3680 4618 Pharao.

428 4685 626 4756 σάρκα,
654 4683 746 4735 καὶ
772 4681 869 4752 τὴν
906 4680 1095 4749 κλῆσιν
1129 4678 1194 4730 δι’
1226 4676 1388 4731 αὑτοῦ
1427 4674 1533 4727 τῶν
1563 4675 1748 4727 ἐθνῶν.
1783 4674 1890 4726 Καὶ
1922 4669 1998 4741 τῷ

429 4777 556 4830 Λευῖ
589 4775 646 4829 δέ
674 4775 773 4845 τὴν
801 4770 1205 4843 ἀρχιερωσύνην
1252 4767 1394 4839 μόνῳ
1433 4768 1713 4836 ἀπένειμε,
1744 4764 1934 4819 καθότι
1970 4766 1998 4819 ό

446 4866 663 4940 Ἀμράμ
703 4866 759 4932 ἐξ
793 4863 956 4918 αὐτού
998 4868 1120 4933 φὺς,
1160 4860 1222 4914 τὸ
1264 4859 1439 4931 δόγμα
1487 4859 1581 4913 106
1623 4857 1822 4929 Φαραὼ
1863 4874 2002 4928 παρ-ι

431 4960 744 5031 εκρούσατο,
779 4961 871 5011 καὶ
897 4954 986 5010 τὸν
1032 4956 1144 5008 υἱὸν
1187 4950 1380 5007 ἑαυτοῦ
1428 4951 1519 5005 τὸν
1555 4951 1796 5021 Μωῦσῆν
1840 4948 2005 5012 ἐίζωο·⁵

431 5051 644 5121 ποίησε.
699 5050 872 5104 Μόνον
931 5047 988 5101 δὲ
1041 5046 1131 5099 τὸν
1175 5045 1385 5098 Ῥουϐιν
1443 5043 1607 5096 πολὺν
1657 5041 1732 5112 τῷ
1789 5037 2008 5112 ἀριθμῷ

432 5143 676 5212 ἐποίησε,
721 5140 809 5195 διὰ
849 5137 909 5192 τὸ
957 5138 1030 5210 μὴ
1085 5135 1386 5190 συναινέσαι
1434 5139 1525 5188 ἐπὶ
1543 5137 1608 5205 τῇ
1650 5132 1845 5203 Ἰωσὴφ
1892 5133 2010 5182 ἐπιδ

2104 4663 2194 4717 nis
2249 4663 2444 4734 dogma
2490 4660 2792 4716 refellendo
2845 4659 3135 4729 coarguit,
3189 4658 3465 4727 ﬁliumque
3517 4669 3679 4714 suum

2107 4754 2349 4827 Moysem
2381 4755 2504 4809 vitae
2527 4753 2783 4809 servavit.
2816 4751 3052 4806 Tantum
3110 4751 3290 4805 Rubin
3341 4752 3678 4820 irequentem

2110 4849 2440 4917 uberemque
2484 4862 2711 4901 numero
2743 4845 3060 4908 declaravit,
3095 4845 3240 4914 quod
3293 4844 3358 4897 ad
3385 4843 3680 4912 Josephum

2111 4939 2446 5012 perdendum
2472 4953 2579 4994 non
2611 4938 2912 4993 consensit.
2968 4935 3155 5007 Itaque
3195 4942 3412 4991 mortuo
3438 4935 3606 4990 Jacob
3628 4936 3682 4989 in

2115 5031 2373 5103 Egypto,
2428 5032 2482 5084 in
2521 5032 2956 5086 Chananaaorum
3007 5030 3281 5099 regionem
3314 5029 3564 5082 translati
3599 5025 3686 5082 fu-

2115 5126 2266 5179 neris
2280 5123 2569 5193 exsequias
2596 5122 2868 5191 prosecuti
2887 5131 3014 5175 sunt
3040 5121 3081 5187 ³,
3100 5121 3350 5176 similiter
3369 5126 3423 5173 et
3452 5119 3684 5173 ﬁliorum

2115 5216 2236 5286 ejus
2268 5218 2532 5272 omnium.
2579 5213 2820 5268 Tandem
2851 5222 2904 5267 et
2930 5211 3131 5282 Joseph
3159 5227 3221 5266 ex
3257 5210 3499 5281 Egypto
3537 5224 3690 5265 sece-

433 5233 616 5304 ϐουλῇ.
649 5233 1077 5304 Τελευτήσαντος
1118 5228 1249 5298 γοῦν
1280 5226 1373 5280 106
1414 5222 1605 5279 ’Ῐακὼὸ
1636 5226 1692 5276 ἐν
1730 5223 2008 5292 Αἰγύπτῳ,

434 5325 514 5388 εἰς
553 5325 649 5397 τὴν
693 5324 1004 5378 Χαναναίαν
1044 5323 1144 5391 γῆν
1186 5319 1500 5393 κηδεύουσιν
1545 5316 1972 5388 ἀποκομίσαντες

2117 5308 2338 5373 dentes,
2401 5309 2670 5376 sepeliunt
2726 5309 2781 5370 ⁵,
2842 5307 2933 5359 ubi
2965 5319 3156 5360 eorum
3213 5304 3432 5374 generis
3489 5307 3690 5356 auctor

434 5416 635 5485 ὁμοίως
669 5416 725 5468 δὲ
768 5416 862 5469 καὶ
905 5416 1031 5477 τοὺς
1065 5414 1212 5475 υἱοὺς
1256 5410 1418 5464 αὑτοῦ
1450 5410 1675 5472 πάντας.
1721 5409 1843 5460 Ἐπὶ
1873 5407 1984 5459 τέλε

2121 5403 2393 5458 Abraham
2419 5402 2571 5470 prius
2601 5403 2857 5455 humatus
2885 5399 3097 5464 fuerat;
3123 5411 3188 5451 eo
3221 5395 3419 5452 inloco
3449 5395 3688 5450 terebina

435 5507 491 5560 δὲ
541 5505 756 5559 καὶτὸν
799 5507 1016 5575 Ἰωσὴφ,
1063 5505 1162 5573 τῆς
1209 5501 1480 5571 Αἰγύπτου
1535 5500 1984 5569 ἀποχωρήσαντες

2125 5495 2252 5550 thus
2281 5495 2452 5549 inerat
2481 5493 2584 5547 sub
2605 5508 2710 5562 qua
2741 5490 2910 5546 Jacob
2937 5490 3122 5544 Laban
3147 5489 3289 5543 idola
3318 5485 3608 5541 abscondit
3644 5486 3688 5549 τ,

440 5599 750 5670 κηδεύουσιν
779 5597 904 5650 ἔνθα
942 5599 972 5650 ὁ
1007 5595 1306 5670 προπάτωρ
1338 5591 1514 5646 αὐτῶν
1544 5590 1790 5662 Ἀϐραὰμ
1821 5605 1984 5662 προκε

2124 5601 2286 5657 quam
2318 5584 2384 5638 ad
2418 5585 2532 5639 haec
2561 5591 2803 5654 tempora
2835 5583 2890 5636 in
2921 5583 3183 5653 majorem
3214 5581 3500 5645 honorem,
3527 5576 3696 5635 vicini

543 5754 564 5786 ⁸
587 5753 714 5809 Gen.
743 5765 888 5807 XLVI.
966 5753 988 5783 ⁸
1013 5751 1144 5810 Gen.
1163 5766 1287 5805 ιιιι
1310 5752 1526 5814 passim.
1602 5750 1621 5781 ⁸
1647 5747 1773 5803 Cen.
1798 5758 1849 5801 ι.
1927 5745 1984 5798 ‘l

2085 5742 2145 5799 id.
2168 5759 2264 5798 sui
2285 5759 2298 5808 ;
2320 5740 2437 5797 los.
2481 5753 2633 5800 xxiv.
2715 5738 2734 5774 '
2763 5737 2890 5794 Cen.
2915 5740 3095 5812 xxxv;

753 5848 1028 5909 ΡΑτιιοι.
1061 5846 1180 5907 Gn.
1223 5846 1451 5906 XVIII.
1731 5906 1735 5911 .

3416 5835 3496 5895 an
