4112 6418
490 322 592 379 779

1354 324 1412 381 S.
1456 322 1896 382 EUSTATHIUS
1931 322 2422 383 ΑΝτιοοιιΕΝυε
2458 324 2857 383 EPISCOPUS.

3621 327 3730 382 780

478 442 602 511 ejus
629 441 820 495 incola:
849 452 1059 515 summa
1093 438 1355 510 religione
1377 448 1744 506 venerantur;
1765 454 1857 493 ara
1889 439 2044 510 quip-

2151 443 2408 514 κήδευτο·
2461 444 2519 496 ἐν
2560 434 2605 509 ᾧ
2636 441 2785 512 τόπῳ
2822 440 3033 511 ὑπῆρχε
3076 439 3171 494 καὶ
3198 441 3232 511 ἡ
3276 438 3604 512 τερέϐινθος,
3632 441 3737 510 ὑφ’

482 534 726 602 peetiam
762 546 909 586 nunc
930 546 995 585 ex
1020 531 1141 600 ejus
1189 531 1375 602 stipite
1427 538 1746 585 constructa
1779 533 2043 595 cernitur,

479 640 646 695 super
700 638 863 695 quam
908 623 1228 678 holocausta
1271 624 1733 693 hecatombasque
1777 622 2045 690 oﬂ‘erunt;

479 717 810 785 traduntque
856 730 977 770 eam
1008 715 1264 769 baculum
1311 714 1483 770 fuisse
1513 716 1679 771 unius
1733 715 2047 786 angeli,qui

479 807 548 863 ab
574 806 849 862 Abraham
910 806 1148 876 hospitio
1194 806 1407 876 excepti
1468 807 1708 870 fuerunt,
1765 823 1923 878 quem
1957 808 2051 862 illo

476 899 597 953 loco
648 899 966 969 praeteriens
1022 897 1322 967 plantavit;
1371 912 1433 951 ex
1467 897 1571 952 hac
1599 898 1782 951 multae
1812 897 2050 951 admira-

475 992 644 1046 tionis
692 990 1033 1046 terebinthus
1063 998 1266 1052 manat,
1309 990 1434 1058 igne
1464 988 1612 1043 enim
1663 988 1904 1051 admoto,
1934 995 2049 1042 tota

478 1084 534 1136 in
584 1084 763 1153 ignem
814 1080 1156 1148 accenditur,
1209 1080 1573 1149 omnibusque
1635 1095 1705 1135 ex
1746 1079 1960 1134 ﬂamma
1991 1080 2045 1134 i-n

477 1174 755 1244 pulverem
784 1172 1008 1228 dissolvi
1033 1171 1267 1237 videtur;
1301 1186 1487 1225 verum
1513 1170 1604 1225 ubi
1628 1171 1899 1226 exstincta
1932 1169 2047 1225 fue-

478 1268 571 1330 rit,
603 1265 892 1319 incolumis
914 1270 1045 1325 tota,
1073 1263 1436 1332 omnibusque
1486 1261 1604 1318 suis
1635 1262 1884 1333 partibus
1915 1277 2049 1318 con-

479 1366 634 1413 stans
656 1356 1098 1427 deprehenditur.

544 1534 675 1590 Post
706 1535 912 1590 obitum
939 1532 1164 1602 Ioseph,
1216 1529 1461 1602 Egyptii
1503 1530 1896 1586 beneficiorum
1946 1532 2051 1585 im-

477 1642 764 1688 inemores,
793 1634 848 1682 et
876 1626 1078 1681 invidia
1107 1626 1560 1693 mmulationeque
1609 1624 1848 1686 accensi,
1881 1624 2049 1678 variis

478 1718 847 1773 calamitatum
878 1717 1168 1786 generibus
1222 1713 1496 1769 lsraelitas
1540 1712 1845 1784 aﬂligehant
1875 1715 1916 1767 ⁸.
1954 1713 2047 1769 Et-

2147 528 2181 607 ᾖ
2229 533 2462 604 ἔκρυψεν
2507 531 2700 587 Ἰακὼϐ
2741 533 2838 603 τῆς
2880 531 3065 585 Λάϐαν
3112 530 3181 584 τά
3236 532 3446 596 εῖδωλα,
3489 533 3611 604 ἣτις
3644 533 3726 587 ἐτι

2146 626 2240 679 καὶ
2272 624 2367 679 νῦν
2390 627 2469 689 είς
2504 625 2668 697 τιμὴν
2709 624 2816 677 τῶν
2856 624 3132 696 προγόνων
3164 623 3269 677 ὑπὸ
3299 624 3408 677 τῶν
3439 623 3727 695 πλησιοχό-

2148 736 2257 790 ρων
2285 717 2644 788 θρησκεύεται
2663 734 2680 750 ο
2707 716 2820 770 ἐστι
2857 716 2966 787 7&9
2991 716 3116 786 ἄχρι
3147 714 3241 769 τοῦ
3270 714 3429 787 δεῦρο
3459 714 3609 786 παρὰ
3635 714 3728 770 τὸν

2146 809 2387 881 πρέμνον
2428 810 2599 880 αὐτῆς
2628 808 2827 879 βωμὸς,
2866 809 2949 877 ἐφ’
2978 807 3037 861 ὃν
3077 806 3145 859 τά
3179 823 3238 859 τε
3276 805 3722 876 ὁλοκαυτώματα,

2145 904 2239 955 καὶ
2280 902 2378 967 τὰς
2408 900 2716 972 ἑκατόμϐας
2744 885 3037 970 ἀνέφερονο
3082 893 3217 952 εἶναί
3262 914 3320 950 τε
3366 898 3499 967 φασὶ
3531 898 3725 969 ῥάϐδον

2146 993 2312 1065 αὐτὴν
2338 993 2456 1056 ἐνὸς
2480 992 2589 1045 τῶν
2621 991 3048 1059 ὲπιξενωθέντων
3079 989 3325 1058 ἀγγέλων
3342 989 3421 1060 τῷ
3450 988 3720 1061 Ἁϐραάμ,

2145 1088 2320 1158 ἥνπερ
2345 1085 2423 1156 τῷ
2451 1085 2600 1153 τόπῳ
2624 1085 2745 1139 τότε
2770 1082 2956 1152 παρὼν
2975 1081 3319 1151 ὲνεφύτευσε,
3347 1082 3440 1135 καὶ
3475 1081 3534 1148 ἐξ
3555 1081 3724 1153 αὐτῆς

2147 1178 2526 1249 ήάξιάγαστος
2561 1175 2759 1247 ὲνεφύη
2800 1174 2867 1246 [Ῑ.
2890 1174 3006 1247 άν-]
3028 1173 3357 1244 τερέϐινθος.
3381 1169 3725 1240 Ὗπαφθιῖσα

2145 1270 2252 1340 7&9
2297 1268 2393 1338 ὅλη
2419 1267 2528 1340 πῦρ
2566 1268 2794 1336 γίνεται,
2829 1267 2923 1320 καὶ
2970 1263 3249 1336 νομίζεται
3295 1266 3408 1327 τοῖς
3449 1266 3613 1317 πᾶσιν
3645 1266 3724 1328 είς

2146 1362 2292 1415 κόνιν
2332 1363 2395 1414 ἐκ
2447 1361 2545 1431 τῆς
2581 1358 2777 1429 φλογὸς
2825 1357 3188 1419 ἀναλύεσθαι,
3230 1356 3407 1410 καίτοι
3441 1356 3728 1410 σϐεσθεῖσα

2149 1451 2329 1523 μέντοι
2360 1451 2551 1523 ἀσινὴς
2577 1450 2696 1521 ὅλη,
2729 1450 2823 1503 καὶ
2843 1448 3098 1521 ἀκέραιος
3127 1448 3418 1501 δείκνυται.

2217 1542 2372 1597 Μετὰ
2421 1544 2478 1597 δὲ
2507 1517 2620 1614 ⁷τὴν
2660 1517 2918 1612 τελευτὴν
2949 1517 3055 1594 -τοῦ
3102 1540 3322 1611 Ἰωσὴφ,
3343 1540 3441 1610 τῆς
3482 1517 3740 1615 εὑπδιίᾶς,

2147 1634 2675 1710 ἀμνημονεύσαντες.
2696 1634 2745 1687 οί
2774 1633 3082 1710 Αἰγύπτιοι,
3116 1631 3389 1694 ποικίλαις
3422 1632 3726 1702 συμφοραῖς

2146 1728 2207 1782 τὸ
2238 1728 2391 1796 γένος
2427 1727 2528 1780 τῶν
2570 1707 2913 1798 Ἰσραηλιτῶν
2942 1707 3231 1786 ὑπέϐαλον,
3258 1723 3435 1794 φθόνῳ
3462 1723 3558 1776 καὶ
3582 1722 3730 1793 ζήλῳ

477 1812 620 1865 cnim
654 1810 910 1865 lsraelitaa
939 1808 1005 1861 ad
1035 1808 1248 1862 labores
1299 1803 1680 1875 suscipiendos
1721 1804 1916 1876 integri
1956 1820 2044 1859 ro-

2147 1818 2282 1890 πρδς
2332 1818 2527 1881 αὐτοὺς
2570 1816 2918 1887 διακείμενοι.
2970 1816 3034 1869 Οἱ
3079 1815 3190 1887 7&9
3225 1813 3546 1883 Ἰσραηλῖται
3591 1811 3728 1883 πρὸς

481 1903 735 1971 bustique
778 1900 1106 1964 virtutibus,
1165 1906 1220 1952 et
1246 1897 1450 1952 divitiis
1503 1894 1787 1966 Egyptios
1819 1911 2047 1965 supera-

476 2004 626 2061 runt,
652 1997 777 2049 vino
800 1994 1028 2048 obrutos
1055 1999 1110 2045 et
1130 1991 1262 2053 otio,
1295 1998 1349 2044 et
1378 1989 1591 2060 ignavia
1631 1987 1890 2043 continua
1918 1987 2040 2044 eﬂ'e-

476 2090 731 2144 minatus.
760 2085 958 2141 Verum
981 2099 1124 2139 unus
1139 2100 1206 2138 ex
1224 2082 1395 2138 sacris
1420 2080 1798 2153 Egyptiorum
1824 2083 2044 2147 scribis,

474 2179 747 2236 Pharaoni
770 2176 1055 2248 quemdam
1087 2175 1227 2244 apud
1259 2173 1532 2229 lsraclitas
1578 2173 1820 2227 futurum
1853 2173 2049 2243 praedi-

476 2277 572 2339 cit,
604 2273 699 2344 qui
739 2274 997 2326 universa
1048 2266 1285 2338 Egypto
1334 2267 1531 2320 mirum
1591 2266 1647 2320 in
1694 2265 1911 2321 modum
1950 2266 2046 2321 de-

475 2381 697 2438 pressa,
764 2361 973 2417 nationi
1034 2361 1265 2430 propriae
1343 2356 1597 2412 maximis
1662 2356 2045 2428 progressibus

475 2453 780 2527 potentiam
839 2450 1023 2513 addet,
1069 2449 1241 2518 gloria
1296 2447 1423 2511 sibi,
1454 2462 1619 2518 quam
1649 2448 1797 2501 nulla
1844 2447 2045 2501 delebit

473 2546 701 2608 oblivio,
757 2550 1092 2612 comparata.
1141 2539 1482 2609 Quapropter
1533 2536 1747 2591 Pharao
1786 2535 2043 2593 Hebraeos

475 2637 654 2693 modis
679 2634 934 2691 omnibus
993 2632 1221 2703 perdere
1264 2639 1544 2701 appetens,
1594 2629 1884 2700 animoque
1919 2645 2044 2684 ver-

474 2743 606 2783 sans
643 2726 946 2780 laboriosas
979 2737 1175 2792 operas
1222 2720 1457 2792 delegat,
1491 2728 1550 2774 ut
1583 2736 1773 2775 omnes
1823 2719 2043 2791 IEgypti

472 2822 724 2878 civitates
781 2818 1054 2873 iumnibus
1111 2814 1301 2881 ejectis
1349 2813 1651 2883 cingerent,
1696 2820 1758 2865 ιιι
1801 2810 2043 2866 ﬂuminis

475 2915 739 2984 impetum
771 2911 941 2964 variis
979 2907 1147 2961 alveis
1210 2903 1424 2960 eﬂ‘ossis
1462 2910 1732 2967 arcerent,
1789 2918 2044 2974 aggeres-

472 3020 580 3075 que
602 3008 966 3064 exssruerent,
1009 3008 1069 3052 ut
1092 2997 1361 3066 ejusdem,
1411 2995 1505 3049 ubi
1547 2995 1763 3064 evagari
1799 2994 2044 3064 incmpe-

474 3098 571 3158 rit,
630 3095 812 3148 aditus
870 3088 1326 3158 incommodaque
1376 3085 1758 3157 prohiberent;
1803 3084 1873 3139 ad
1926 3084 2042 3139 haec

472 3188 542 3246 ad
574 3186 884 3259 pyramidas
915 3182 1225 3254 erigendas,
1271 3194 1600 3251 puerosque,
1630 3180 1724 3248 qui
1775 3179 1917 3249 apud
1946 3194 2042 3235 eos
2068 3160 2110 3218 (ἶ

471 3285 846 3341 nascerentur,
905 3277 959 3331 in
986 3275 1187 3330 ﬂumen
1217 3269 1639 3345 praecipitandus
1684 3269 1907 3324 decreto
1954 3268 2042 3322 in-

472 3371 736 3442 terposito
756 3368 1098 3439 compulerit,
1116 3365 1442 3424 existimans
1456 3376 1582 3418 eum
1595 3377 1758 3435 quem
1782 3370 1934 3416 vates
1972 3358 2042 3414 ad

474 3461 764 3532 Aigyptuin
796 3457 1119 3515 abolendam
1160 3457 1402 3511 futurum
1448 3453 1682 3516 dixerat,
1712 3452 1876 3508 simul
1916 3467 2041 3506 cum

472 3549 595 3604 aliis
626 3550 681 3603 in
712 3547 932 3603 ﬂumine
952 3546 1324 3617 mergendum.

542 3641 674 3695 Erat
695 3642 876 3710 itaque
918 3640 1137 3710 quidam
1171 3654 1235 3695 ex
1282 3639 1428 3692 tribu
1485 3634 1636 3701 Levi,
1665 3635 1884 3690 nomine
1910 3633 2043 3688 Am-

470 3750 587 3789 ram
616 3737 660 3797 ’,
690 3734 782 3804 qui
812 3730 1111 3788 Jochabeth
1142 3732 1327 3795 ducta,
1351 3748 1419 3786 ex
1442 3746 1505 3786 ea
1524 3730 1766 3786 divinum
1800 3727 2041 3798 Moysem

471 3832 806 3895 susceperat,
837 3834 888 3879 et
910 3823 976 3878 ad
1002 3832 1220 3894 tempus
1249 3838 1373 3878 eum
1403 3823 1706 3878 studiosius
1735 3820 2041 3877 absconde-

470 3920 582 3975 bat.
613 3915 716 3971 Sed
781 3917 873 3971 ubi
923 3916 1127 3985 regiam
1180 3916 1352 3984 legem
1377 3915 1542 3968 nimis
1572 3913 1764 3967 acerbe
1797 3912 2042 3980 dureque

471 4008 683 4080 impleri
712 4008 864 4072 vidit,
896 4016 1041 4061 metu
1072 4023 1140 4062 ne
1168 4005 1684 4076 deprehenderetur,
1718 4004 1856 4058 cista
1909 4016 2043 4071 pue-

470 4101 651 4155 rulum
682 4097 1156 4153 accommodatum
1190 4096 1256 4150 ad
1291 4095 1440 4164 ripas
1479 4093 1721 4149 ﬂuminis
1758 4092 2036 4162 exposuit,

471 4200 526 4247 et
552 4192 659 4246 tilia
681 4190 981 4247 Pharaonis
1005 4191 1216 4245 lavandi
1243 4206 1302 4246 se
1326 4204 1492 4245 causa
1526 4189 1772 4253 veniens,
1808 4200 2042 4254 conspe-

470 4294 612 4341 ctam
643 4287 835 4340 cistam
859 4284 1054 4354 aperit,
1103 4284 1365 4355 puerique
1383 4281 1789 4353 pulchriludine
1805 4280 2044 4334 delecta-

468 4388 544 4444 ta,
574 4394 699 4433 cum
723 4386 936 4432 careret
967 4376 1112 4440 iiliis,
1162 4391 1287 4431 eum
1328 4375 1433 4429 sibi
1488 4373 1789 4443 adoptavit,
1823 4380 1877 4426 et
1918 4370 2041 4441 plu-

2148 1910 2339 1973 πόνους
2372 1910 2522 1973 ὄντες
2554 1909 2828 1980 καρτεροὶ,
2853 1909 3018 1979 ἀρετῇ
3052 1908 3145 1960 καὶ⁹
3173 1906 3384 1976 πλούτῳ
3413 1906 3537 1967 τοὺς
3563 1905 3727 1973 Δίγυ-

2148 2002 2337 2064 πτίους
2383 2001 2671 2073 διήνεγκαν
2689 2038 2706 2064 ,
2734 1999 2955 2052 ἐκείνων
2987 2001 3066 2062 είς
3093 1997 3262 2068 μέθην
3303 1994 3731 2066 κεχαυνωμένων

2146 2092 2240 2145 καὶ
2276 2091 2492 2162 ἀργίαν,
2527 2091 2622 2144 καὶ
2656 2089 2897 2161 ῥᾳθυμίᾳ
2938 2088 3328 2159 πεπεδημένων
3373 2085 3479 2140 ἀεί.
3528 2082 3625 2148 Εἷς
3668 2083 3725 2137 δέ

2144 2200 2228 2247 τις
2262 2182 2367 2235 τῶν
2398 2182 2526 2254 παρ’
2553 2181 2867 2250 Αἰγυπτίοις
2900 2178 3387 2251 ἱερογραμματέων
3415 2174 3724 2249 προσημαί-

2144 2290 2225 2329 νει
2263 2273 2340 2344 τῷ
2380 2272 2579 2345 Φαραὼ
2617 2272 2977 2344 τεχθήσεσθαι
3025 2271 3177 2343 παρὰ
3216 2274 3327 2334 τοῖς
3372 2267 3728 2342 Ἰσραηλίταις

2144 2365 2285 2429 τινὰ,
2314 2365 2372 2428 ὂς
2404 2367 2583 2418 πᾶσαν
2606 2365 2703 2435 μὲν
2728 2363 3051 2417 ταπεινώσει
3087 2363 3182 2435 τὴν
3224 2364 3518 2433 Αἴγυπτον,
3557 2359 3724 2432 αὐξή-

2147 2475 2227 2511 σει
2252 2457 2306 2510 δὲ
2333 2458 2424 2510 ἐπὶ
2456 2456 2597 2527 μέγα
2631 2457 2914 2527 προκοπῆς
2955 2457 3017 2509 τὸ
3054 2458 3251 2509 οἰκεῖον
3289 2453 3461 2517 ἔθνος,
3500 2455 3724 2522 ἀειμνη-

2146 2549 2404 2620 μόνευτον
2430 2547 2586 2613 δόξαν
2616 2547 2977 2618 κτησάμενος.
3016 2548 3126 2599 Καὶ
3154 2545 3244 2600 διὰ
3269 2545 3430 2599 τοῦτο
3458 2543 3723 2609 παντοίως

2142 2642 2267 2704 τοὺς
2309 2638 2591 2712 Ἑϐραίους
2636 2641 2666 2693 ό
2708 2638 2905 2713 Φαραὼ
2943 2638 3204 2693 ἀπολέσαι
3259 2638 3537 2693 διενοεῖτο·
3591 2636 3727 2709 ἔργα

2146 2733 2244 2803 μὲν
2290 2733 2470 2795 αὐτοῖς
2507 2732 2857 2802 προστάττων
2903 2730 3317 2802 ὲπιμοχθεύειν,
3362 2729 3616 2801 τειχίζειν
3669 2727 3726 2783 δὲ

2143 2822 2322 2885 πάσεις
2348 2822 2449 2891 τῆς
2483 2821 2756 2890 Αἰγύπτου
2781 2820 2878 2885 τὰς
2900 2821 3100 2886 πόλεις,
3134 2822 3228 2875 καὶ
3253 2822 3343 2875 τὸν
3376 2821 3614 2892 ποταμὸν
3648 2820 3727 2882 εἰς

2144 2913 2345 2978 πολλὰς
2384 2914 2689 2987 διατέμνειν
2715 2915 3019 2987 διωρυγάς’
3068 2916 3163 2969 καὶ
3209 2915 3440 2987 χώματα
3469 2915 3722 2986 ἐγείρειν,

2142 3005 2399 3073 κελεύων,
2440 3008 2586 3071 ὅπως
2643 3007 2783 3061 κατὰ
2824 3007 2987 3079 μηδὲν
3035 3007 3133 3079 τὴν
3177 3006 3330 3063 πόλιν
3376 3005 3726 3078 έπιλιμνίζων

2141 3096 2500 3169 λυμαίνηται·
2531 3098 2665 3170 πρὸς
2697 3098 2755 3151 δὲ
2788 3098 2998 3162 τούτοις
3029 3098 3121 3151 καὶ
3146 3098 3455 3170 πυραμίδας
3474 3098 3726 3168 ἐγείρειν,

2143 3190 2238 3243 καὶ
2265 3189 2333 3244 τὰ
2370 3191 2500 3261 παρ’
2531 3191 2713 3253 αὐτοῖς
2740 3189 3032 3260 τικτόμενα
3062 3189 3233 3261 βρέφη
3266 3188 3727 3262 κατακρημνίζειν

2143 3282 2236 3335 ἐπὶ
2258 3281 2350 3335 τοῦ
2386 3282 2626 3353 ποταμοῦ
2658 3283 2992 3353 ἀπεφήνατο,
3018 3283 3264 3354 οἰόμενος
3292 3284 3385 3337 καὶ
3421 3282 3511 3336 τὸν
3543 3280 3729 3335 θεσπι-

2143 3372 2340 3427 σθέντα
2372 3372 2671 3427 καταλῦσαι
2704 3371 2802 3444 τὴν
2842 3371 3113 3441 Αἴγυπτον
3138 3374 3461 3446 ἀραιρήσειν
3489 3371 3556 3445 [Ῑ.
3594 3372 3730 3426 καθ-

2141 3465 2416 3539 αιρήσειν]
2450 3466 2542 3519 ἐπὶ
2579 3464 2672 3520 τοῦ
2711 3464 2983 3537 ποταμοῦ.

2224 3643 2494 3714 ’Υπῆρχεν
2536 3638 2630 3697 οὖν
2667 3660 2751 3707 τις
2781 3643 2845 3697 ἐκ
2875 3642 2973 3713 τῆς
3002 3639 3172 3711 φυλῆς
3202 3638 3295 3694 τοῦ
3335 3638 3467 3694 Δευῖ
3507 3639 3730 3710 ’Ᾱμρὰμ

2140 3734 2385 3805 ὀνόματι,
2433 3734 2493 3798 ὃς
2533 3736 2761 3803 γυναῖκα
2809 3732 2907 3804 τὴν
2942 3730 3195 3803 Ἰωχαϐὲθ
3243 3730 3621 3803 κτησάμενος,
3668 3727 3731 3797 ιξ

2141 3824 2313 3895 αὐτῆς
2331 3825 2421 3877 τὸν
2443 3823 2727 3878 θεσπέσιον
2756 3823 2996 3894 Μωῦσῆν
3028 3822 3309 3893 ἐγέννησε,
3330 3822 3425 3874 καὶ
3456 3820 3730 3891 ἔκρυπτεν

2141 3917 2301 3969 αὐτὸν
2354 3916 2451 3969 ὲπὶ
2502 3916 2691 3988 χρόνον
2739 3915 2881 3969 τινά.
2930 3915 3016 3978 Ὠς
3060 3913 3116 3966 δὲ
3150 3912 3256 3966 εἶδε
3292 3913 3385 3966 τὸν
3427 3912 3591 3983 νόμον
3630 3909 3728 3967 τοῦ

2143 4006 2404 4077 βασιλέως
2449 4007 2850 4079 ἐπικρατοῦντα
2892 4003 3281 4079 σφοδρότερον,
3334 4003 3589 4069 δεδοικὼς
3650 4003 3726 4075 μὴ

2141 4100 2464 4171 κατάφωρος
2492 4099 2737 4171 γένηται,
2775 4102 2854 4163 είς
2888 4098 3060 4170 θήκην
3101 4095 3352 4168 ἐμϐαλὼν
3390 4096 3450 4149 τὺ
3493 4095 3727 4163 παιδίον,

2142 4192 2293 4263 παρά
2324 4192 2421 4257 τὰς
2443 4191 2607 4262 ὄχθας
2629 4190 2726 4243 τοῦ
2760 4190 3005 4262 ποταμοῦ
3037 4189 3324 4243 ἐκτίθεται.
3358 4188 3465 4242 Καὶ
3495 4190 3529 4258 ἡ
3560 4187 3732 4256 θυγά-

2139 4299 2244 4355 τηρ
2276 4283 2370 4338 τοῦ
2397 4281 2617 4356 Φαραὼ,
2669 4282 2895 4355 λουτροῦ
2948 4282 3106 4354 χάριν
3161 4279 3488 4351 ἀφικομένη,
3516 4278 3727 4350 θεωρή-

2143 4392 2281 4429 σασα
2310 4376 2407 4447 τὴν
2436 4375 2610 4446 θήκην
2642 4375 2870 4445 ἀνοίγει,
2906 4375 2998 4427 καὶ
3029 4372 3164 4443 πρὸς
3187 4370 3462 4434 τὸικάλλος
3486 4368 3581 4424 τοῦ
3611 4388 3731 4423 παι-

465 4471 621 4524 rimis
651 4468 1025 4540 [Egyptiorum
1060 4468 1368 4523 nutricibus
1394 4465 1710 4521 convocatis
1758 4464 1827 4519 ad
1887 4465 2037 4518 alen~

2142 4467 2253 4521 δίου
2304 4467 2530 4539 ἡσθεῖσα
2589 4468 2970 4539 είσεποιήσατο
3019 4464 3300 4536 ἀποροῦσα
3355 4462 3575 4526 παιδός’
3632 4463 3729 4515 καὶ⁵

466 4563 596 4616 dum
627 4559 1153 4631 puerum,pcrdebat
1184 4572 1632 4627 operam,earum
1646 4560 1845 4627 quippe
1873 4556 2038 4609 ubera

2142 4559 2342 4624 πολλὰς
2386 4560 2618 4632 τροφοὺς
2662 4559 3039 4628 συγκαλέσασα
3086 4557 3194 4611 τῶν
3232 4556 3579 4625 Αἰγυπτίων,
3626 4554 3729 4609 οὐκ

464 4649 835 4714 abhorrebat;
875 4648 1090 4702 tandem
1124 4656 1298 4702 mater
1329 4648 1469 4700 clam
1520 4646 1782 4710 admissa,
1840 4646 2042 4716 regina:

460 4743 620 4812 jussu
655 4741 910 4809 laetabat,
945 4746 1155 4794 tantum
1186 4740 1330 4795 enim
1365 4738 1515 4794 illius
1548 4739 1716 4793 ubera
1762 4740 1988 4809 sugebat
2018 4754 2033 4791 :

464 4836 534 4888 ab
564 4834 721 4904 ipsis,
776 4843 835 4887 ut
885 4832 1102 4903 opinor,
1154 4831 1503 4886 incunabulis
1542 4831 1823 4901 proprium
1860 4846 2038 4903 genus

463 4926 806 4990 admittebat,
838 4933 1232 4994 externumque
1264 4923 1645 4979 aversabatur.
1676 4921 1863 4993 Itaque
1892 4923 2037 4978 hunc

464 5018 710 5072 adultum
770 5015 1120 5072 Thermuthis
1160 5014 1264 5087 (sic
1286 5016 1432 5071 enim
1482 5016 1671 5085 regina
1725 5014 2038 5086 appellaba—

465 5111 586 5181 tur)
636 5109 898 5184 Moysem,
927 5109 1072 5180 quod
1111 5125 1175 5164 ex
1216 5110 1373 5179 aquis
1402 5117 1651 5165 servatus
1682 5116 1820 5172 erat,
1861 5108 2039 5163 nomi-

466 5206 635 5259 navit.
658 5202 902 5275 IEgyptii
931 5217 1168 5273 namque
1191 5216 1387 5273 aquam
1449 5217 1590 5271 may.
1625 5207 1679 5256 et
1710 5200 1920 5255 servari
1953 5216 2036 5254 ses

458 5295 757 5366 appellant,
788 5295 883 5350 sed
913 5293 1066 5347 illum
1095 5291 1330 5362 primum
1354 5303 1607 5361 parentes
1639 5289 1866 5344 Melchis
1896 5305 2039 5344 nun-

464 5385 759 5456 cupabant.
807 5382 939 5439 Erat
968 5393 1150 5439 autem
1200 5390 1426 5453 aspectu
1479 5382 1712 5438 festivus
1741 5381 1931 5446 nimis,
1962 5382 2036 5436 ita

466 5490 521 5531 ul
547 5478 861 5548 quicunque
889 5477 967 5530 illi
999 5477 1053 5531 in
1083 5476 1171 5530 via
1220 5482 1561 5539 occurreret,
1619 5473 2036 5544 obstupefactus

464 5567 789 5629 discederet,
820 5567 1165 5637 maximeque
1189 5580 1309 5621 eam
1364 5563 1825 5637 pulchritudinem
1863 5562 2041 5617 admi-

464 5668 697 5712 rareiur.
722 5657 888 5727 Igitur
918 5657 1064 5712 hunc
1091 5664 1253 5712 aetate
1292 5662 1514 5713 auctum
1570 5655 1923 5713 Thermuthis
1944 5655 2039 5711 de-

536 5793 560 5826 ⁸
579 5791 753 5848 Exod.
779 5807 816 5847 ι.
891 5795 910 5826 ⁹
930 5790 1103 5848 Exod.
1137 5808 1196 5847 ιι.

2141 4645 2285 4721 εἶχεν
2315 4651 2463 4714 ὅπως
2499 4649 2559 4702 τὸ
2588 4650 2795 4703 παιδίον
2829 4648 3142 4720 έκθρέψειεν
3165 4664 3179 4678 ο
3210 4644 3466 4717 οὐδεμιᾶς
3496 4646 3605 4717 γάρ
3632 4644 3730 4698 αύ-

2138 4741 2248 4795 τῶν
2275 4738 2442 4811 μαζὸν
2474 4740 2745 4812 προσίετο.
2784 4741 2904 4794 Ἐπὶ
2925 4740 3067 4793 τέλει
3094 4737 3223 4809 γοῦν
3248 4741 3278 4810 ἡ
3309 4739 3511 4810 μήτηρ,
3537 4738 3729 4790 ἀνεῖσα

2139 4833 2376 4905 κρύϐδην
2410 4835 2476 4903 τῇ
2513 4832 2819 4903 βασιλίσσῃ,
2869 4830 3154 4901 γαλουχεῖν
3206 4828 3584 4901 προσετάχθη·
3626 4825 3724 4897 μό-

2137 4944 2236 4997 νης
2278 4926 2387 4996 7&9
2432 4925 2602 4995 αὐτῆς
2652 4924 2743 4977 τὸν
2790 4922 2959 4994 μαζὸν
3012 4920 3389 4994 προσεδέξατο,
3429 4918 3488 4984 ἐξ
3522 4916 3725 4982 αὐτῶν,

2138 5014 2309 5089 οἶμαι,
2345 5015 2672 5087 σπαργάνων
2699 5015 2759 5069 τὸ
2796 5015 2894 5087 μὲν
2930 5015 3126 5066 οἰκεῖον
3156 5011 3309 5081 γένος
3347 5010 3723 5083 προσιέμενον,

2138 5110 2200 5164 τὸ
2226 5110 2282 5163 δὲ
2307 5108 2584 5181 ἀλλότριον
2616 5107 3036 5179 μυσαττόμενον.
3069 5102 3429 5175 Ἀνδρωθέντα
3461 5101 3591 5172 γοῦν
3622 5102 3724 5155 αὐ-

2138 5203 2253 5269 τὸν,
2284 5202 2522 5273 Μωῦσῆν
2564 5204 2859 5273 προσεῖπεν
2892 5198 3238 5269 ήΘέρμουθις
3290 5196 3480 5268 (τοῦτο
3517 5195 3624 5269 γὰρ
3655 5196 3722 5266 τῇ

2140 5295 2427 5367 βασιλίσσῃ
2476 5293 2690 5365 ὄνομα),
2739 5292 2925 5363 ἐπειδὴ
2973 5290 3203 5362 διεσώθη
3243 5291 3308 5343 ὲκ
3362 5289 3455 5343 τοῦ
3490 5288 3723 5352 ὓδατοςο

2134 5386 2428 5460 ,Αἰγύπτιοι
2462 5385 2572 5459 7&9
2607 5387 2668 5440 τὸ
2713 5386 2858 5457 ὕδωρ
2881 5384 3033 5455 μῶῦ,
3076 5383 3170 5437 καὶ⁵
3216 5382 3278 5437 τὸ
3316 5381 3439 5451 σὴς
3483 5381 3724 5453 σωθῆναι

2135 5479 2654 5553 προσαγορεύουσιν.
2694 5478 2953 5533 Ἔκάλουν
2989 5476 3045 5529 δὲ
3082 5475 3143 5529 τὸ
3178 5476 3306 5546 πρὶν
3339 5471 3500 5527 αὐτὸν
3538 5473 3587 5526 oi
3628 5486 3723 5542 γο-

2141 5576 2251 5636 νεῖς
2270 5566 2549 5635 Μελχείς.
2573 5566 2680 5625 *Ην
2723 5570 2779 5623 δὲ
2826 5569 3038 5633 ἀστεῖος
3079 5569 3216 5637 ἄγαν
3252 5570 3318 5639 τῇ
3357 5565 3497 5636 ὄψει,
3521 5565 3596 5629 ὡς
3632 5561 3727 5615 τὸν

2142 5664 2261 5720 καθ’
2285 5664 2403 5719 ὁδὸν
2441 5662 2762 5719 ἀπαντῶντα
2808 5661 2955 5733 αὐτῷ
2997 5660 3323 5731 ἀφίστασθαι
3357 5654 3716 5729 ἐκπληττόμε-
