4112 6414
393 348 488 407 781

1315 342 1589 407 SPURlA.
1613 382 1684 393 —
1723 341 2084 409 COMMENT.
2128 347 2196 408 IN
2233 342 2730 414 HEXAEMERON.

3536 351 3639 415 789

386 466 496 530 νον,
524 452 619 517 καί
644 456 1133 537 ὑπερθαυμάξοντα
1171 465 1233 519 τὸ
1272 466 1488 531 κάλλος.
1516 468 1789 539 Προσάγει
1815 471 1971 524 αὑτὸν

2076 470 2183 527 fert
2211 472 2279 527 ad
2302 481 2531 543 patrem,
2563 481 2624 529 ιιι
2648 473 2799 528 illum
2827 471 2980 546 regni
3013 473 3101 531 sui
3118 475 3391 533 scriberet
3413 486 3640 533 succest

385 551 478 610 οὖν
508 555 807 627 αὐξηθέντα
847 559 880 628 ή
904 557 1203 629 Θέρμουθις
1237 558 1317 629 τῷ
1352 558 1517 631 πατρί
1534 560 1724 632 αὐτῆς,
1748 560 1971 625 ἀξιοῦσα

387 647 611 717 ποιῆσαι
646 649 807 701 αὑτὸν
846 649 945 720 τῆς
991 641 1266 719 βασιλείας
1291 649 1454 703 αὑτοῦ
1482 650 1741 724 διάδοχον,
1770 654 1864 707 καὶ
1886 653 1971 707 τίς

387 740 544 812 θησιν
581 738 742 793 αὑτὸν
781 742 840 793 ἐν
875 744 996 805 ταῖς
1022 742 1209 812 χερσὶν
1251 742 1437 796 αὑτοῦ.
1478 743 1536 798 '0
1558 745 1615 799 δὲ
1642 744 1842 810 λαϐὼν,
1878 746 1974 799 καί

387 835 930 905 προστερνισάμενος,
991 832 1305 902 κατεφίλει·
1356 834 1824 908 χαριεντιξὸμενός
1870 854 1969 902 τε,

386 923 654 997 περιελὼν
682 925 780 996 τῆς
804 926 994 978 ἑαυτοῦ
1039 926 1277 998 κεφαλῆς
1311 927 1373 980 τὸ
1416 927 1670 999 διάδημα,
1700 929 1971 1000 ἐπιτίθησι

385 1019 452 1091 τῇ
477 1017 685 1070 ἐκείνου
710 1017 938 1089 κεφαλῇι
970 1019 1027 1071 '0
1052 1018 1109 1071 δὲ
1136 1019 1395 1089 Μωῦσῆς,
1422 1020 1731 1092 ἀπορρίψας
1758 1022 1851 1075 ἐπὶ
1871 1022 1974 1091 τῆς

387 1107 490 1175 γῆς
515 1106 575 1158 τὸ
599 1105 852 1177 διάδημα,
885 1107 1200 1160 κατεπάτει,
1231 1109 1340 1161 Καὶ
1367 1109 1395 1159 ό
1421 1112 1798 1180 γραμματεὺς,
1823 1112 1853 1163 ὁ
1874 1110 1973 1183 τήν

386 1199 600 1268 γένεσιν
671 1198 835 1251 αὑτοῦ
904 1198 1212 1270 προειπὼν,
1256 1199 1588 1270 θεασάμενος
1647 1204 1742 1255 καὶ
1796 1203 1973 1267 συνεὶς

387 1292 594 1344 ἐκεῖνον
620 1286 759 1343 εἶναι
786 1288 876 1343 τὸν
908 1291 1293 1364 θεσπιζὸμενον
1327 1295 1427 1365 τῆς
1455 1295 1766 1364 Αἰγυπτίων
1799 1287 1974 1367 ἀρχῆς

388 1381 667 1452 πολέμιον,
692 1376 919 1452 ὥρμησε
965 1383 1064 1453 μὲν
1113 1384 1450 1449 ἀποκτεῖναι,
1476 1386 1571 1439 καὶ
1610 1387 1710 1439 οὐκ
1748 1385 1932 1456 ίσχυσε
1956 1395 1970 1416 ⁵

388 1471 595 1544 βοήσας
621 1466 678 1524 δὲ
711 1471 814 1543 ἔφη
848 1472 927 1543 τῷ
959 1473 1200 1544 βασιλεῖ·

464 1583 484 1617 ι
529 1558 695 1629 Οὗτος
720 1565 925 1630 ἐκεῖνός
954 1568 1090 1632 ἐστι,
1121 1562 1360 1638 βασιλεῦ,
1389 1570 1557 1643 ὅνπερ
1576 1572 1708 1642 ἡμῖν
1735 1571 1976 1643 ἀναφυῆ-

385 1675 475 1712 ναι
514 1659 579 1711 ἐκ
610 1656 721 1712 τῶν
759 1658 1027 1730 Ἐϐραίων
1050 1660 1116 1713 τὸ
1140 1660 1413 1731 δαιμόνιον
1444 1661 1641 1735 ἔχρησε
1682 1663 1784 1734 τῆς
1826 1663 1977 1734 βασι-

387 1749 540 1814 λείας
575 1750 885 1819 Αἰγυπτίων
933 1751 1247 1806 ἐπίϐουλον⁸
1276 1755 1405 1822 ὅσγέ
1444 1757 1538 1809 καὶ
1579 1755 1674 1809 νῦν
1711 1756 1975 1828 σύμϐολον

386 1842 479 1897 τοῦ
510 1842 794 1915 μέλλοντος
824 1844 885 1897 οὑ
920 1844 1113 1916 μικρὸν
1148 1846 1479 1912 ἐπεδείξατο,
1504 1848 1635 1901 αὑτὸ
1657 1848 1719 1920 δὴ
1742 1841 1842 1918 τῆς
1877 1849 1976 1920 βα-

388 1934 592 1999 σιλείας
615 1935 675 1988 τὸ
692 1934 938 2007 σύνθημα
964 1937 1145 2009 ῥίψας,
1169 1938 1264 1992 καὶ
1287 1941 1679 2012 καταπατήσας
1699 1942 1778 2006 εἰς
1797 1942 1978 1996 τοὺδα-

388 2044 489 2097 φος
528 2027 728 2081 Τοῦτον
751 2028 879 2098 γοῦν
904 2028 1125 2095 ἀνελὼν,
1149 2027 1478 2100 Αἰγυπτίους
1506 2031 1602 2103 μὲν
1632 2031 1740 2087 τῶν
1759 2035 1979 2105 προσδο-

386 2119 653 2190 κωμένων
669 2121 949 2192 στερήσεις
974 2121 1178 2186 κακῶν,
1196 2122 1478 2194 Ἐϐραίους
1499 2124 1557 2177 δέ
1586 2124 1852 2196 σφαλῆναι
1874 2126 1977 2198 τῆς

384 2210 600 2275 ἐλπίδος
629 2212 726 2283 τῆς
762 2212 847 2265 ἐπ’
872 2212 1019 2284 αὑτῷ
1043 2215 1427 2286 καταστήσεις.
1479 2234 1499 2268 ι

460 2297 644 2351 Ταῦτα
673 2299 914 2363 εἰπόντος
955 2301 1141 2365 αὑτοῦ,
1178 2303 1207 2355 ὁ
1260 2297 1357 2373 μέν
1383 2303 1638 2374 βασιλεὺς
1668 2306 1813 2361 κατὰ
1838 2307 1975 2380 πρό-

2073 575 2253 616 sorem
2317 577 2575 628 exorans,
2604 562 2975 635 infantemque
3004 565 3061 620 in
3107 568 3275 638 patris
3309 583 3505 625 manus
3542 570 3640 624 im~

2072 655 2273 725 posuit,
2304 654 2394 724 qui
2419 655 2509 710 ubi
2535 671 2657 711 eum
2685 658 2893 729 accepit
2926 659 3093 723 ulnis,
3128 662 3331 731 pectori
3353 662 3638 716 astrictum

2073 747 2450 812 osculabatur,
2481 751 2536 803 et
2561 749 2714 819 pueri
2760 751 3029 806 suavitate
3081 751 3346 809 hilaratus
3387 752 3639 808 diadema

2073 839 2238 909 capiti
2265 855 2366 893 suo
2388 840 2688 910 demptum,
2713 840 2861 897 illius
2887 842 3050 912 capiti
3082 844 3344 914 imponit;
3372 844 3467 899 Sed
3492 843 3641 916 Moy-

2075 944 2164 986 ses
2187 930 2348 999 illud,
2381 932 2442 986 in
2491 940 2690 987 terram
2731 934 3059 1004 projectum,
3112 935 3340 1007 pedibus
3372 937 3637 1001 calcabat,
3692 994 3695 997 Α

2072 1036 2183 1096 quo
2210 1021 2329 1078 viso
2390 1022 2591 1087 scriba,
2623 1022 2716 1092 qui
2746 1022 2866 1092 ejus
2911 1030 3089 1078 ortum
3122 1025 3462 1094 praedixerat,
3513 1040 3639 1080 eum

2073 1125 2215 1178 esse,
2245 1114 2362 1184 qui,
2390 1121 2453 1169 ut
2485 1115 2723 1170 oraculis
2740 1124 3045 1185 acceperat,
3069 1114 3446 1187 Egyptiorum
3472 1121 3640 1186 regna

2073 1204 2332 1275 tanquam
2388 1205 2564 1261 hostis
2605 1214 2751 1262 esset
2805 1208 3097 1265 invasurus
3159 1223 3514 1279 cognoscens,
3571 1205 3639 1260 ad

2073 1311 2197 1351 eum
2227 1296 2589 1351 occidendum
2647 1313 2940 1369 aggressus
2974 1306 3079 1364 est,
3115 1300 3211 1355 sed
3238 1300 3450 1357 viribus
3480 1299 3641 1355 fessis

2075 1386 2361 1455 abstinuit,
2392 1395 2446 1444 et
2481 1388 2724 1445 clamore
2751 1389 2898 1445 edito
2929 1389 3069 1445 dixit
3094 1392 3208 1462 regi
3238 1410 3252 1446 π

2152 1582 2172 1616 ι
2194 1559 2292 1620 Hic
2325 1564 2441 1635 ipse
2470 1571 2575 1629 est,
2621 1579 2656 1619 ο
2694 1574 2815 1631 rex,
2871 1572 3030 1636 quem
3080 1565 3240 1620 nobis
3274 1573 3341 1621 ex
3398 1560 3644 1625 Hebraeis

2076 1656 2367 1711 oriundum
2394 1656 2636 1712 divinum
2686 1670 2887 1713 numen
2917 1656 3259 1727 praedixerat,
3283 1658 3434 1730 regni
3476 1658 3646 1730 EgyIL

2076 1748 2316 1820 ptiorum
2370 1749 2770 1814 insidiatorem,
2803 1750 2894 1820 qui
2937 1758 2991 1805 et
3042 1756 3189 1804 nunc
3221 1759 3405 1806 rerum
3436 1750 3647 1806 futurae

2007 1813 2049 1869 Β
2077 1813 2202 1893 rum
2231 1855 2342 1894 non
2367 1839 2485 1896 leve
2509 1841 2740 1911 praebuit
2767 1813 3170 1911 argumentum,
3203 1842 3423 1913 quando
3466 1842 3644 1913 ipsum

2076 1930 2231 2001 regni
2290 1931 2505 2002 insigne
2559 1932 2616 1987 in
2684 1939 2887 1988 terram
2953 1933 3225 2003 deiectum
3281 1935 3640 1991 conculcavit.

2077 2020 2235 2076 Hunc
2255 2022 2302 2076 si
2325 2024 2447 2078 neci
2475 2023 2788 2089 tradideris,
2821 2024 3109 2096 Egyptios
3139 2026 3208 2080 ab
3227 2026 3644 2083 imminentibus

2078 2113 2338 2183 periculis
2368 2114 2650 2181 liberabis,
2682 2116 3031 2187 Hebraeisque
3065 2132 3239 2187 spem,
3269 2126 3325 2174 et
3365 2117 3642 2185 ﬁduciam,

2075 2218 2240 2274 quam
2273 2204 2328 2259 iu
2356 2218 2422 2261 eo
2450 2214 2767 2276 posuerant,
2795 2207 3022 2264 adimes.
3061 2230 3081 2262 ι

2150 2293 2278 2350 Haec
2298 2311 2421 2351 cum
2461 2296 2553 2352 ille
2601 2296 2823 2361 diceret,
2858 2311 2974 2361 rex,
3020 2297 3097 2353 ita
3143 2299 3463 2370 providente
3508 2301 3640 2366 Deo,

386 2402 537 2444 νοιαν
584 2390 719 2444 Θεοῦ
768 2392 998 2465 ὀκνηρὸς
1044 2395 1180 2465 πρὸς
1221 2386 1314 2448 τὸν
1365 2397 1524 2467 φόνον
1554 2399 1806 2468 ἐγένετοδ
1841 2402 1875 2472 ή
1916 2398 1971 2456 δὲ

2077 2387 2361 2444 remissior
2387 2389 2443 2443 in
2470 2404 2537 2445 eo
2558 2389 2861 2445 occidendo
2875 2390 2995 2445 fuit.
3020 2389 3087 2444 Et
3105 2390 3480 2460 Thermuthis,
3504 2410 3536 2450 e
3555 2411 3643 2451 re-

383 2480 710 2555 Θέρμουθις,
734 2484 844 2538 τῶν
895 2485 1092 2557 χειρῶν
1139 2487 1233 2541 τοῦ
1287 2480 1552 2559 βασιλέως
1599 2492 1688 2546 τὸν
1734 2494 1971 2568 Μωῦσῆν

2077 2481 2161 2552 gis
2204 2480 2463 2538 manibus
2520 2481 2761 2554 Moysem
2789 2483 3088 2549 sublatum,
3128 2499 3322 2542 secure
3376 2486 3641 2543 custodie-

385 2575 485 2642 ἐξα
493 2578 766 2647 ρπάσασα,
795 2578 1092 2649 ἐφύλαττεν
1119 2581 1395 2651 ἀσφαλῶς.
2076 2572 2188 2628 bat.

458 2669 716 2734 Αἰθίοπες
745 2671 823 2736 δὲ,
868 2672 1151 2743 πρόσοικοι
1178 2677 1292 2738 τοῖς
1329 2676 1648 2745 Αιγυπτιοις
1684 2680 1977 2752 τυγχάνον-
2149 2662 2324 2720 Porro
2378 2665 2665 2737 Ethiopes
2707 2665 2984 2741 Egyptiis
3035 2668 3290 2736 ﬁnitimi,
3341 2664 3641 2742 improviso

382 2772 499 2827 τες,
544 2762 696 2833 ἄφνω
745 2763 1077 2829 ἐπελθόντες,
1124 2765 1476 2839 ἐπολιόρκουν
1526 2769 1626 2840 τὴν
1676 2769 1971 2839 Αἴγυπτον,

2070 2754 2280 2851 impetu
2313 2754 2478 2851 facto,
2529 2757 2853 2844 obsidebant
2882 2760 3196 2832 Egyptum,
3248 2761 3643 2834 Egyptiosque

386 2854 482 2907 καὶ
527 2853 1133 2926 ἀντιπαραταξαμένους
1172 2858 1298 2922 τοὺς
1328 2859 1657 2928 Αἰγυπτίους
1687 2864 1971 2934 τροπωσά-

2070 2847 2144 2902 ἒι
2180 2847 2411 2903 adverso
2434 2849 2756 2916 instructos,
2783 2852 2838 2906 in
2863 2851 3045 2923 fugam
3076 2858 3349 2911 vertentes
3377 2870 3551 2925 usque
3574 2857 3643 2911 ad

389 2958 562 3015 μενοι,
593 2944 901 3016 προέϐησαν
932 2944 1060 3020 ἄχρι
1092 2947 1370 3018 Μέμφεως
1403 2945 1498 3003 καὶ
1537 2951 1637 3024 τῆς
1679 2948 1972 3027 θαλάσσης,
2078 2938 2368 3010 Μθωιιιιὶιη
2390 2948 2446 2996 ει
2476 2956 2627 2997 mare
2670 2945 2945 3015 ἰποὸτθδεί
2976 2952 3134 3013 sum;
3166 2948 3241 3001 ita
3290 2952 3349 3001 1³⁸
3400 2944 3642 3018 198m“

384 3035 497 3106 ὅσῳ
541 3035 830 3104 Αἰγύπτιοι
894 3036 1035 3091 κατὰ
1099 3040 1345 3111 χρησμὸν
1406 3038 1693 3114 σύμμαχον
1740 3044 1801 3099 τὸ
1864 3046 1971 3102 τῶν

2077 3032 2285 3085 oraculi
2316 3033 2524 3088 monitu
2551 3033 2901 3090 Hebraaorum
2935 3036 3239 3093 auxiliariis
3282 3036 3456 3106 copiis
3475 3035 3530 3091 in
3547 3043 3644 3091 eos

399 3127 665 3200 Ἐϐραίων
707 3129 864 3198 γένος
902 3129 1157 3194 λαϐόντες
1205 3130 1462 3203 ἐπῄεσαν.
1514 3136 1625 3189 Καὶ⁸
1669 3132 1698 3188 ὀ
1753 3136 1971 3211 Φαραὼ,

2079 3121 2375 3178 irruerent.
2409 3121 2475 3177 Et
2491 3124 2707 3180 Pharao
2767 3134 2985 3197 tempus
3011 3127 3066 3182 id
3098 3135 3465 3198 opportunum
3495 3141 3640 3193 esse,

385 3224 579 3295 ’καιρὸν
607 3222 909 3295 ἐπιτήδειον
930 3223 1221 3294 εὑρηκέναι
1247 3224 1481 3296 νομίζων
1507 3222 1643 3299 πρὸς
1681 3227 1780 3300 τήν
1816 3228 1980 3286 Μωΰ-

391 3316 529 3379 σέως
571 3316 868 3388 ἀναίρεσιν,
913 3314 1012 3386 τὴν
1052 3308 1389 3388 Θερμούθιδα
1430 3312 1631 3388 ἠξίωσε
1679 3326 1979 3394 παρασχεῖν

388 3407 542 3478 αὑτῷ
603 3412 695 3461 τὸν
752 3409 1030 3480 Μωῦσῆν,
1081 3410 1231 3474 ὅπως
1290 3406 1453 3465 αὑτὸν
1516 3406 1819 3484 στρατηγὸν
1867 3413 1978 3469 τῶν

404 3498 670 3570 Ἐϐραίων
714 3502 1008 3572 ποιήσειεν,
1048 3496 1423 3573 ἐπομνύμενος
1465 3496 1630 3575 μηδὲν
1673 3501 1979 3578 κακουργή-

392 3605 507 3644 σειν
552 3586 732 3657 αὑτὸν,
769 3593 905 3648 ἀλλὰ
950 3588 1241 3667 ταξίαρχον
1289 3596 1448 3667 μόνον
1496 3598 1831 3669 καταστῆσαι
1868 3597 1976 3652 τῶν

402 3682 696 3756 Ἐϐραίων,
724 3679 1122 3758 ὑπολαμϐάνων
1151 3687 1343 3760 ῥᾳδίως
1367 3688 1528 3743 αὑτὸν
1551 3690 1655 3744 ὑπὸ
1679 3689 1787 3743 τῶν
1819 3690 1977 3744 πολε-

393 3775 535 3846 μίων
565 3776 954 3850 φθαρήσεσθαι,
979 3776 1054 3843 ὡς
1082 3782 1262 3852 μάχης
1286 3781 1598 3853 ὑπάρχοντα
1623 3783 1869 3855 ἄπειρον.

487 3867 551 3921 Ἡ
606 3868 663 3921 δὲ
719 3869 887 3923 πολλὰ
946 3870 1210 3943 πρότερον
1267 3873 1358 3925 τὸν
1417 3874 1631 3947 πατέρα
1689 3875 1784 3929 καὶ
1845 3876 1974 3940 τοὺς

391 3958 738 4029 γραμματεῖς
763 3957 1091 4029 ὀνειδίσασα,
1125 3965 1207 4017 ὅτι
1242 3963 1410 4033 ὅνπερ
1442 3963 1517 4028 ὡς
1552 3964 1809 4037 πολέμιον
1842 3966 1975 4020 ἀπο-

392 4050 598 4103 κτεῖναι
641 4049 938 4116 ἐϐούλοντο,
978 4052 1073 4107 νῦν
1135 4054 1209 4118 ὡς
1242 4054 1531 4127 ἐπίκουρον
1574 4056 1969 4125 παρακαλοῦσι,

389 4141 605 4195 δίδωσιν
663 4143 844 4207 αὐτοῖς
903 4144 993 4197 τὸν
1059 4139 1321 4215 Μωὺσῆν.
1393 4145 1451 4200 Ὀ
1506 4145 1569 4200 δὲ
1625 4146 1720 4201 τοῦ
1771 4148 1970 4202 οἰκείου

392 4232 579 4299 ἔθνους
607 4236 909 4306 στρατηγὸς
937 4233 1250 4309 προαχθεὶς,
1285 4236 1458 4309 λάθρα
1485 4238 1593 4290 τῶν
1604 4238 1873 4294 Αἰθιόπων
1901 4240 1971 4293 δι’

393 4326 586 4398 ἑτέρας
618 4327 738 4380 ὁδοῦ
772 4329 892 4398 ἄγει
922 4328 1321 4402 τὴν.στρατιὰν,
1352 4330 1449 4401 τῆς
1475 4330 1676 4384 ἀϐάτου
1734 4332 1828 4385 καί
1877 4332 1972 4403 θη-

393 4420 638 4492 ριοτόκου
699 4420 901 4492 (πᾶσαν
959 4418 1067 4495 γὰρ
1130 4422 1333 4496 θηρίων
1384 4423 1636 4494 ἐκτρέφει
1683 4423 1864 4494 φύσιν,
1895 4419 1970 4489 ὡς

2079 3228 2189 3284 quo
2220 3213 2433 3285 Moyses
2461 3222 2638 3272 morte
2662 3218 3029 3282 occumberet,
3076 3220 3352 3287 opinatus,
3379 3217 3646 3273 Thermu-

2078 3306 2197 3359 thin
2224 3308 2453 3377 rogavit,
2487 3314 2546 3362 ut
2594 3309 2697 3364 sibi
2730 3308 2968 3380 Moysem
3000 3310 3301 3374 exhiberet,
3361 3311 3442 3365 sic
3495 3311 3643 3365 enim

2076 3408 2203 3450 eum
2239 3395 2434 3450 ducem
2491 3395 2839 3452 Hebraeorum
2899 3398 3141 3468 eligeret,
3177 3405 3234 3454 et
3280 3399 3643 3468 jurejurando

2075 3486 2468 3555 comprobavit,
2500 3502 2561 3543 se
2608 3488 2684 3542 illi
2732 3487 2934 3541 malum
2966 3487 3175 3541 nullum
3215 3487 3514 3553 illaturum,
3547 3486 3644 3543 sed

2074 3582 2289 3631 tantum
2333 3577 2612 3648 copiarum
2670 3576 3059 3633 Hebraicarum
3120 3577 3402 3633 ductorem
3435 3579 3645 3632 constia-

2074 3681 2356 3729 tuturum:
2385 3671 2678 3727 meditatus
2727 3686 2855 3726 eum
2914 3669 3173 3727 facillimo
3219 3671 3457 3742 negotio,
3481 3673 3643 3743 quasi

2073 3760 2282 3815 militiae
2310 3761 2503 3816 rudem
2521 3761 2591 3816 ab
2614 3762 2862 3817 hostibus
2890 3761 3218 3816 trucidatum
3254 3762 3342 3817 iri.

2144 3848 2496 3908 Thermuthis
2547 3853 2710 3922 patri,
2740 3852 3042 3922 scribisque
3083 3852 3441 3921 exprobrans,
3499 3843 3645 3923 quod

2072 3957 2235 4012 quem
2286 3944 2456 3999 veluti
2512 3944 2721 3999 hostem
2770 3943 3076 3999 interﬁcere
3120 3944 3466 4015 satagebant,
3496 3960 3644 3999 nunc

2070 4034 2238 4089 veluti
2307 4034 2609 4105 adjutorem
2655 4035 3063 4104 desiderarent,
3107 4035 3272 4090 tradit
3346 4036 3454 4092 illis
3493 4034 3644 4109 Moy-

2070 4140 2206 4189 sem,
2234 4126 2329 4195 qui
2390 4127 2622 4197 propriae
2674 4127 2914 4183 nationis
2967 4125 3079 4180 dux
3138 4126 3365 4192 electus,
3423 4127 3642 4183 Eunon-

2069 4216 2230 4286 pihus
2261 4216 2471 4281 insciis,
2503 4217 2688 4287 copias
2743 4215 2893 4271 ducit
2955 4230 3052 4285 per
3089 4215 3250 4269 aliam
3280 4216 3422 4269 viam
3445 4255 3460 4281 ,
3490 4217 3644 4272 inac~

2069 4323 2282 4364 cessam
2338 4310 2579 4377 scilicet,
2634 4309 2933 4379 bestiisque
2983 4306 3281 4373 infamem,
3343 4309 3439 4360 alit
3493 4310 3641 4363 enim

2068 4401 2366 4457 bestiarum
2396 4416 2557 4456 omne
2577 4415 2768 4472 genus,
2794 4401 2868 4455 ita
2900 4408 2957 4454 ut
2976 4399 3224 4470 quaedam
3257 4415 3322 4454 ex
3363 4399 3449 4454 his
3474 4401 3640 4455 etiam

391 4488 530 4566 εἷναί
570 4488 717 4567 τινα⁷
741 4513 799 4566 ἐν
828 4488 981 4585 αὐτῇ*
1002 4488 1095 4567 καὶ
1124 4488 1438 4587 πετόμενα),
1474 4488 1571 4571 καί
1597 4488 1733 4587 πρδς
1782 4488 1857 4569 τὸ.
1891 4517 1965 4588 μὴ

2071 4493 2286 4559 volent;
2319 4508 2387 4547 ne
2422 4493 2547 4562 quis
2576 4500 2756 4547 autem
2788 4506 2819 4545 a
2842 4491 3032 4547 bestiis
3073 4488 3391 4555 caederetur,
3441 4503 3643 4560 capsu-

390 4603 722 4676 πλήττεσθαι
754 4598 858 4658 ὑπὸ
876 4605 985 4658 τῶν
1011 4605 1214 4677 θηρίων
1247 4606 1390 4672 τινὰ,
1425 4607 1690 4673 κιϐωτοὺς
1731 4602 1970 4672 πλεκτὰς

392 4677 718 4760 προστάττει
750 4695 977 4749 ἕκαστον
1009 4695 1364 4767 ἐπιφέρεσθαι
1398 4698 1557 4752 ἴϐεων
1603 4697 1969 4771 πεπληρωμέ-

390 4796 509 4848 νας⁶
541 4778 654 4839 ἔστι
709 4786 818 4858 γὰρ
866 4786 1024 4839 τοῦτο
1052 4786 1113 4839 τὸ
1151 4786 1288 4852 ζῶον
1321 4790 1442 4851 ταῖς
1472 4782 1662 4842 ἀσπίσι
1690 4782 1964 4861 πολέμιον.

402 4870 491 4941 Ὧς
523 4871 617 4931 οὖν
646 4877 738 4930 τὸν
787 4877 951 4930 τόπον
993 4879 1197 4931 ἐκεῖνον
1226 4878 1495 4942 διώδευον,
1541 4877 1640 4942 τὰς
1668 4877 1818 4942 ίϐεας
1856 4880 1968 4943 τοῖς

390 4960 602 5039 θηρίοις
661 4964 970 5040 ἐπαφῆκαν,
1008 4971 1234 5024 κάκεῖνα
1281 4969 1378 5042 τὴν
1409 4969 1594 5040 ἔφοδον
1637 4964 1840 5025 τούτων
1891 4970 1965 5043 μὴ

391 5054 778 5132 ὑπομείναντα,
828 5056 1209 5134 διεφθείροντο’
1240 5062 1334 5116 καὶ
1385 5058 1571 5115 τοῦτον
1606 5062 1719 5115 -τδν
1766 5060 1965 5135 τρόπον

388 5142 667 5215 διοδεύσας
717 5152 870 5220 ἄφνω
918 5150 1252 5222 προσπίπτει
1284 5155 1394 5216 τοῖς
1422 5146 1656 5222 Αἰθίοψι,
1692 5148 1785 5205 καὶ
1828 5153 1963 5206 πολὺ

389 5236 593 5311 πλῆθος
624 5241 802 5297 αὑτῶν
835 5241 1204 5313 κατασφάξας,
1246 5244 1371 5308 τοὺς
1407 5238 1627 5308 λοιποὺς
1657 5242 1737 5308 εἰς
1788 5243 1964 5317 φυγὴν

389 5328 635 5402 ἔτρεψεν.

459 5416 523 5474 Oi
545 5421 602 5474 δὲ
629 5421 903 5487 Αἰθίοπες,
929 5423 1081 5495 μόλις
1106 5420 1264 5494 φόνον
1288 5420 1354 5496 τῇ
1385 5421 1531 5500 φυγῇ
1555 5416 1960 5496 διαδράσαντες,

387 5508 487 5580 τὴν
516 5510 670 5564 πόλιν
716 5511 865 5566 Σαϐὰ
908 5508 1435 5587 καταλαμϐάνουσιν.
1484 5510 1592 5567 Ἧν
1630 5514 1738 5586 γὰρ
1785 5508 1962 5567 αὐτῶν

387 5593 526 5672 αὕτη
592 5599 882 5672 βασίλειος,
940 5601 1276 5679 ὠχυρωμένη
1331 5599 1497 5677 τείχει
1556 5606 1807 5680 κρατερῷ
1869 5601 1964 5660 καί

388 5686 656 5759 χώμασιν,
688 5692 1032 5765 ἀπρόσϐατος
1058 5695 1145 5750 διὰ
1175 5696 1265 5750 τὸν
1296 5695 1485 5749 Νεῖλον
1523 5690 1734 5768 (ἐπειδὴ
1781 5696 1961 5748 πᾶσαν

389 5776 556 5834 αὐτὴν
585 5782 933 5853 περιτειχίςει
958 5783 1037 5855 τῷ
1073 5772 1349 5858 paripari).
1376 5785 1563 5858 διόπερ
1597 5783 1689 5841 καὶ
1705 5783 1960 5840 δυσπολι-

2074 4585 2157 4640 las
2189 4584 2418 4655 plicatas
2449 4583 2627 4638 ibibus
2662 4583 2868 4653 plenas,
2900 4589 2961 4636 ut
2997 4581 3230 4652 quisque
3283 4595 3468 4637 secum
3518 4580 3641 4635 atie-

2073 4684 2180 4740 rat,
2204 4676 2380 4747 jubet.
2410 4675 2508 4732 Est
2548 4675 2693 4730 enim
2747 4675 2850 4730 hoc
2881 4675 3081 4729 animal
3123 4674 3299 4744 aspidi
3344 4673 3637 4730 infensum.

2072 4769 2302 4836 Quando
2332 4769 2501 4840 igitur
2543 4782 2641 4838 per
2682 4767 2801 4822 loca
2849 4767 2940 4820 illa
2986 4764 3489 4836 proﬁciscebantur,
3521 4765 3641 4820 ibes

2073 4862 2130 4916 in
2184 4861 2387 4917 bestias
2438 4860 2784 4924 dimiserunt,
2824 4873 2945 4928 qua:
2976 4873 3099 4913 cum
3149 4872 3337 4914 eorum
3379 4857 3640 4924 impetum

2071 4953 2217 5006 ferre
2246 4967 2354 5007 non
2388 4959 2630 5021 possent,
2675 4951 3244 5011 comsummabantur:
3298 4956 3352 5004 et
3390 4948 3494 5003 hac
3547 4963 3641 5002 rai-

2069 5045 2217 5099 tione
2229 5052 2642 5114 praetergressus
2658 5045 3056 5113 inexspectatus
3072 5042 3354 5112 Ethiopes
3374 5041 3638 5113 adoritur,

2071 5136 2292 5206 illisque
2337 5149 2534 5206 magna
2588 5135 2743 5191 clade
2787 5135 2937 5189 illata
2986 5136 3226 5205 reliquos
3274 5149 3496 5225 aversos
3553 5137 3643 5193 fu-

2068 5231 2233 5301 gavit.

2142 5409 2449 5480 Ethiopes,
2490 5406 2615 5480 fuga
2657 5407 2750 5464 vix
2797 5412 2974 5463 morte
3004 5406 3243 5479 repulsa,
3275 5407 3331 5462 in
3361 5407 3639 5463 civitatem

2070 5503 2213 5561 Saba
2242 5503 2593 5574 confugiunt;
2616 5501 2730 5557 haec
2757 5500 2900 5556 enim
2930 5508 3050 5557 erat
3070 5510 3257 5557 eorum
3278 5501 3426 5571 regia
3451 5502 3643 5559 mmnb

2067 5599 2171 5654 bus
2227 5595 2581 5651 validissimis
2630 5592 3027 5664 aggeribusque
3065 5598 3253 5662 septa,
3308 5599 3365 5647 et
3419 5602 3642 5664 propter

2066 5689 2245 5746 Nilum
2272 5689 2573 5752 inaccessa,
2609 5686 2827 5758 quando
2852 5701 2975 5742 eam
3004 5685 3367 5758 undequaque
3389 5686 3643 5760 circum-

2067 5783 2262 5853 fluens,
2296 5796 2450 5856 teque
2496 5795 2561 5837 ac
2618 5794 2809 5838 murus
2836 5777 3135 5848 concludit,
3162 5793 3331 5851 quare
3372 5784 3429 5837 et
3468 5770 3639 5850 Egy-
