4112 6410
452 327 562 380 785

1334 319 1392 376 S.
1428 319 1870 378 EUSTATHIUS
1907 321 2398 380 ANTIOCHENUS
2438 323 2830 382 EPISCOPUS.

3574 324 3680 381 784

455 441 584 511 ptiis
619 439 850 494 obsessu
896 435 1128 493 difﬁcilis
1165 446 1303 492 erat.
1350 435 1560 507 Moyses
1612 452 1790 492 rerum
1835 440 2008 496 consi-

2117 439 2343 511 όρκητος
2365 442 2477 503 τοῖς
2507 439 2820 508 Αἰγυπτίοις
2848 439 3156 512 ἐτύγχανεν.
3199 439 3258 494 '0
3292 440 3421 510 γοῦν
3471 442 3678 512 Μωσῆς

451 533 618 605 liique
650 531 824 599 inops,
860 528 914 585 in
949 529 1114 598 hujus
1157 528 1450 598 provincia:
1499 526 1832 593 difﬁcultate,
1856 545 2015 585 exer-

449 625 614 677 citum
652 621 720 676 ad
751 621 939 676 urbem
980 620 1264 684 conduxit,
1302 621 1558 690 variaque
1599 620 1868 690 Egyptiis
1907 638 2017 677 me-

448 711 746 770 ditantibus
807 728 932 766 cum
985 711 1123 766 nihil
1174 712 1254 766 eis
1311 711 1659 775 succederet,
1713 712 1818 765 filia
1875 714 2018 782 regis

450 803 701 860 Tharmis
729 806 966 868 nomine,
997 815 1054 858 ut
1083 819 1177 874 per
1207 811 1384 858 turres
1415 802 1650 874 Moysem
1672 804 1826 870 vidit,
1871 805 2017 862 illius

445 899 644 951 eximia
682 896 853 951 forma
892 897 1174 959 delectata,
1209 910 1308 949 nec
1364 909 1472 949 non
1501 902 1553 949 et
1602 895 1654 948 in
1688 896 1853 951 rebus
1901 911 2019 949 ma-

443 985 567 1056 gnis
617 985 1037 1054 cogitationibus
1063 983 1495 1054 pervestigandis
1525 984 1811 1038 consilium
1843 983 2018 1038 admi-

444 1084 585 1136 rata,
619 1077 740 1145 ejus
770 1091 954 1129 amore
984 1076 1191 1139 saucia,
1228 1090 1384 1130 servo
1417 1074 1682 1129 fidissimo
1719 1077 1907 1135 misso.
1950 1076 2017 1132 de

444 1167 652 1235 nuptiis
683 1182 804 1221 cum
853 1182 919 1220 eo
973 1181 1276 1222 sermonem
1324 1165 1556 1221 confert.
1605 1165 1817 1237 Moyses
1859 1166 1912 1220 id
1958 1182 2016 1223 se

441 1257 714 1315 facturum
764 1258 1066 1328 pollicetur,
1114 1257 1160 1311 si
1217 1258 1291 1312 illi
1345 1259 1616 1312 civitatem
1665 1257 2012 1317 tradidisset:

444 1349 533 1404 illa
564 1356 781 1419 repente
813 1349 985 1403 fmdus
1012 1347 1150 1414 ferit,
1176 1356 1229 1402 et
1249 1349 1439 1404 urbem
1469 1349 1636 1404 dedit.
1670 1349 1852 1420 Itaque
1875 1350 2014 1405 bello

445 1438 680 1498 sublato.
707 1447 758 1494 et
801 1438 1070 1510 Egyptiis
1104 1440 1156 1492 in
1191 1440 1407 1510 propria
1452 1440 1567 1492 loca
1602 1442 1856 1503 reversis,
1894 1456 2012 1495 eam

445 1531 500 1586 in
535 1531 943 1586 matrimonium
997 1529 1168 1593 ducit,
1212 1538 1264 1584 et
1313 1530 1588 1583 civitatem
1633 1530 1897 1595 aedificat,
1959 1541 2014 1587 et

446 1621 797 1691 Hermupolin
824 1621 1100 1686 nominat;
1139 1623 1214 1675 ita
1247 1622 1390 1676 enim
1423 1621 1489 1675 ab
1515 1621 1784 1692 Egyptiis
1807 1623 2013 1694 Moyses

443 1721 809 1782 nuncupatur,
858 1720 1080 1781 propter
1133 1727 1415 1766 sacrarum
1475 1712 1813 1781 litterarum,
1850 1730 2009 1784 quam

441 1803 648 1871 habuit,
681 1803 1204 1872 interpretationem.

510 2001 639 2057 Erat
662 2009 711 2057 et
747 2002 886 2071 apud
923 2000 1205 2071 Ethiopas
1244 2008 1466 2070 propter
1507 1999 1876 2054 admirabilem
1909 2013 2011 2054 sa-

441 2095 700 2165 pientiam
757 2093 813 2147 in
846 2108 1062 2148 summo
1102 2093 1328 2147 honore.
1365 2091 1528 2148 Usum
1581 2092 1725 2147 enim
1771 2092 2009 2156 navium,

438 2185 720 2240 machinas
754 2183 820 2237 ad
870 2183 1072 2254 lapides
1118 2184 1469 2243 excidentlos.
1503 2191 1805 2238 armaturas
1829 2181 2010 2255 {Egy—

439 2280 600 2349 ptias,
626 2279 986 2332 instrumenta
1016 2275 1082 2328 ad
1106 2275 1435 2330 hauriendas
1466 2289 1656 2342 aquas,
1695 2291 1756 2328 ac
1797 2275 2007 2337 bellica,

437 2372 646 2441 primus
679 2369 918 2422 omnium
955 2369 1062 2422 illis
1098 2368 1442 2436 excogitavit.
1482 2367 1654 2420 Etiam
1699 2367 2006 2422 universam

438 2463 728 2534 Egyptum
755 2463 808 2515 in
851 2460 1069 2529 triginta
1099 2459 1450 2529 praefecturas
1471 2457 1672 2518 divisit.
1695 2456 1759 2510 ad
1785 2473 2006 2526 regnum

436 2554 776 2622 Chenaphra:
802 2550 1202 2613 stabiliendum,
1230 2565 1351 2603 cutn
1380 2550 1584 2618 absque
1599 2548 1787 2602 ordine
1813 2561 1840 2599 a
1871 2543 2010 2615 regi-

436 2644 538 2698 bus
566 2648 882 2712 regerentur
905 2654 1002 2710 pro
1015 2637 1181 2691 animi
1206 2637 1430 2694 libidine
1460 2652 1635 2708 regem
1654 2637 1998 2704 appellantes,

432 2745 488 2790 et
506 2737 629 2788 item
656 2733 1172 2804 repudiantesquetn
1191 2725 1362 2795 magis
1378 2723 1595 2779 vellent.
1608 2723 1833 2792 Propter
1846 2727 1962 2804 haac

435 2745 488 2790 et
506 2743 629 2788 item
656 2743 1172 2804 reptldtantesquem
1191 2743 1362 2795 magis
1378 2743 1595 2779 vettettt.
1608 2743 1833 2792 t't‘opter
1846 2743 2015 2876 namq

435 2821 814 2878 sacerdotibus
847 2827 903 2876 ut
935 2820 1074 2876 deus
1109 2819 1524 2880 observabatur,
1567 2819 1635 2872 ab
1659 2816 1974 2887 Ethiopibu

434 2921 495 2970 υι
528 2930 619 2970 rex
642 2930 656 2965 :
677 2913 876 2969 etenim
899 2919 952 2966 et
979 2909 1447 2964 circumcisionem
1474 2910 1541 2963 ab
1561 2924 1624 2964 eo
1647 2919 1924 2978 acceptam
1939 2908 2007 2962 ad

433 3005 578 3060 hunc
613 3004 754 3058 diem
794 3009 1139 3058 conservant.
1161 3001 1375 3056 Primus
1405 3016 1637 3070 namque
1669 3008 1726 3054 ut
1759 2999 2004 3055 historiis

2119 531 2358 602 προσῆγε
2387 535 2452 603 τῇ
2482 533 2632 585 πόλει
2651 533 2746 603 τὴν
2773 533 3046 604 στρατιὰν,
3073 537 3130 587 ἐν
3145 534 3420 605 ἀμηχανίςτ.⁸
3450 535 3680 608 μεγίστῃ

2115 621 2212 687 ὢν,
2237 623 2324 676 διά
2353 623 2414 675 τὸ
2439 619 2574 676 εἶναι
2603 623 2923 678 δυσάλωτον.
2953 625 3370 694 Μηχανωμένων
3392 621 3486 678 οὖν
3511 625 3681 679 πολλά

2114 714 2223 767 τῶν
2245 715 2569 783 Αἰγυπτίων,
2591 717 2684 768 καί
2710 715 2874 787 μηδὲν
2905 716 3214 784 ἰσχυόντων,
3249 717 3282 785 ή
3309 715 3552 788 θυγάτηρ
3585 715 3678 770 τοῦ

2114 805 2376 876 βασιλέως
2429 807 2667 878 Θάρμεις
2709 807 2950 876 ὀνόματι,
3008 807 3098 860 τὸν
3141 807 3376 861 Μωῦσέα
3437 807 3523 860 διὰ
3573 807 3680 860 τῶν

2116 895 2336 966 πύργων
2353 895 2680 966 θεασαμένη,
2705 896 3035 966 καὶήσθεῖσα
3065 897 3157 948 ἐπὶ
3181 895 3259 966 τῷ
3285 895 3469 951 κάλλει
3493 896 3678 962 αὐτοῦ,

2116 990 2208 1041 καὶ
2230 989 2551 1059 θαυμάσασα
2572 987 2677 1041 τῶν
2703 989 3090 1059 ἐπιχειρήσεων
3115 988 3278 1042 αὐτοῦ
3301 989 3394 1060 τὴν
3417 989 3676 1050 ἐπίνοιαν,

2115 1082 2194 1144 εἰς
2221 1080 2380 1134 πόθον
2421 1081 2652 1152 ἔρχεται·
2687 1081 2780 1133 καὶ
2803 1082 3164 1134 ἀποστείλασα
3199 1081 3307 1133 τῶν
3334 1081 3556 1134 οἰκετῶν
3588 1081 3680 1134 τὸν

2115 1173 2452 1238 πιστότατον,
2483 1173 2607 1243 περὶ
2648 1173 2824 1242 γάμου
2856 1173 2990 1243 πρὸς
3020 1173 3176 1226 αὐτὸν
3198 1171 3458 1243 διελέχθη.
3513 1173 3571 1225 '0
3623 1171 3680 1224 δέ

2113 1265 2350 1335 Μωῦσῆς
2378 1265 2620 1336 ποιήσειν
2643 1262 2798 1317 τοῦτο
2821 1264 3102 1334 ὑπέσχετο,
3142 1266 3190 1316 εἰ
3233 1265 3331 1330 τὴν
3357 1263 3506 1316 πόλιν
3535 1262 3677 1333 αὐτῷ

2114 1357 2503 1428 παραδώσειεν.
2541 1355 2603 1408 Ἡ
2629 1355 2687 1408 δέ
2720 1355 3055 1426 παραχρῆμα
3078 1353 3174 1424 τὴν
3202 1353 3420 1424 εἰρήνην
3462 1353 3682 1406 σπένδε-

2114 1467 2222 1514 ται,
2252 1448 2345 1501 καὶ
2370 1448 2466 1517 τὴν
2495 1448 2648 1499 πόλιν
2671 1447 2816 1517 αὐτῷ
2849 1446 3228 1518 παραδίδωσιν.
3274 1443 3540 1515 Λυθείσης
3588 1439 3681 1499 οὖν

2113 1540 2212 1611 τῆς
2232 1540 2429 1610 μάχης,
2451 1537 2664 1591 καὶτῶν
2680 1539 2718 1591 Α
2732 1538 2988 1606 ίγυπτίων
3002 1540 3078 1600 είς
3100 1538 3223 1600 τοὺς
3236 1536 3464 1598 οἰκείους
3485 1536 3681 1598 τόπους

2113 1636 2532 1696 ἐπανελθόντων,
2557 1635 2748 1702 ἄγεται
2783 1635 2916 1706 πρὺς
2953 1634 3129 1705 γάμον
3156 1633 3342 1703 αὐτὴν,
3377 1633 3469 1686 καὶ
3509 1631 3680 1694 κτίζει

2116 1729 2286 1791 πόλιν,
2338 1727 2430 1780 κα)⁸
2463 1725 2814 1798 Ἐρμούπολιν
2857 1726 3190 1796 ἀναγορεύει·
3243 1724 3383 1778 οὕτω
3437 1724 3544 1794 γάρ
3576 1721 3682 1776 ὑπὸ

2112 1820 2219 1872 τῶν
2269 1819 2577 1888 Αἰγυπτίων
2619 1819 2648 1871 6
2683 1819 2919 1888 Μωῦσῆς
2949 1816 3434 1888 προσαγορεύεται,
3471 1815 3558 1868 διὰ
3583 1815 3679 1885 τὴν

2115 1911 2178 1983 [Ῑ.
2208 1911 2290 1982 τὸ]
2319 1911 2425 1964 τῶν
2461 1909 2618 1980 ἰερῶν
2638 1909 2978 1980 γραμμάτων
3017 1909 3306 1980 ἑρμηνείαν
3334 1907 3678 1979 ποιήσασθαι.

2194 2004 2447 2073 Ἐτιμᾶτο
2475 2003 2530 2055 δέ
2554 2004 2644 2056 καὶ
2673 2001 2824 2071 παρά
2856 2003 2966 2064 τοῖς
2985 1999 3225 2068 Αἰθίοψιν
3256 1999 3318 2052 ού
3356 1998 3562 2069 μικρῶς
3595 1997 3683 2052 διὰ

2110 2095 2207 2165 τὴν
2231 2093 2419 2163 σοφίαν
2447 2091 2542 2162 τήν
2572 2092 2916 2160 ἀξιάγαστον.
2951 2090 3156 2142 Πλοίων
3199 2089 3307 2160 γὰρ
3334 2089 3432 2160 τὴν
3459 2088 3678 2160 χρῆσιν,

2112 2185 2202 2237 καὶ
2235 2183 2478 2255 μηχανὰς
2501 2183 2638 2254 πρὸς
2651 2181 2976 2243 .λιθοθεσίαν,
2999 2179 3092 2233 καὶ
3120 2179 3258 2233 ὅπλα
3278 2178 3564 2248 Αἰγύπτια,
3588 2177 3682 2231 καὶ

2110 2277 2317 2348 ὄργανα
2363 2274 2651 2346 ύδρευτικά
2703 2275 2796 2326 καὶ
2826 2273 3054 2342 πολέμια
3096 2271 3308 2342 πρῶτος
3347 2271 3528 2333 αὐτοῖς
3586 2272 3683 2323 ἐπ-

2110 2365 2477 2436 ενόησεν.”Έτι
2499 2364 2553 2417 δέ
2572 2363 2664 2417 καί
2683 2363 2778 2434 τὴν
2800 2363 3072 2430 Αἴγυπτον
3097 2363 3273 2414 πᾶσαν
3294 2363 3371 2423 είς
3392 2361 3683 2432 τριάκοντα

2108 2453 2268 2506 διεῖλε
2316 2455 2531 2523 νομοὺς,
2579 2452 2713 2524 πρὸς
2762 2451 2821 2505 τὸ
2866 2451 2941 2522 τῷ
2969 2451 3215 2520 Χενεςρρῇ
3268 2450 3366 2520 τὴν
3408 2449 3682 2518 βασιλείαν

2115 2545 2421 2616 βεϐαιῶσαι·
2459 2545 2645 2614 ἐπειδὴ
2684 2545 2932 2606 ἀτάκτως
2970 2541 3338 2596 ἐϐασιλεύοντο
3373 2540 3681 2609 Αἰγύπτιοι,

2109 2637 2299 2709 γν;ἱ›μη
2355 2637 2718 2708 προσάγοντες
2759 2636 2852 2690 καὶ
2891 2633 3274 2705 καθαιροῦντες
3309 2633 3368 2685 ὃν
3421 2633 3484 2687 ἂν
3516 2631 3685 2704 προῄ-

2111 2746 2290 2801 ρηντο.
2328 2730 2405 2781 Δι’
2436 2727 2471 2781 ἃ.
2496 2726 2624 2796 γοῦν
2659 2724 2766 2780 ὑπὸ
2796 2727 2892 2796 μέν
2919 2725 3026 2778 τῶν
3069 2724 3256 2795 ἱερέων
3285 2723 3361 2787 ὡς
3403 2723 3524 2786 (ab;
3570 2725 3681 2776 ἐτι-

2112 2821 2270 2889 μᾶτο,
2302 2818 2406 2871 ὑπὸ
2426 2818 2480 2871 δὲ
2504 2817 2612 2870 τῶν
2639 2817 2907 2870 Αἰθιόπων
2931 2817 3006 2879 ὡς
3035 2815 3300 2886 βασιλεύς·
3334 2815 3426 2868 καὶ
3450 2815 3557 2887 γὰρ
3590 2816 3684 2869 καλ⁵

2107 2915 2206 2984 τὴν
2238 2912 2534 2985 περιτομὴν
2562 2915 2688 2984 παρ’
2723 2912 2884 2966 αὐτοῦ
2921 2913 3180 2984 μαθόντες
3216 2913 3341 2983 ἄχρι
3389 2911 3483 2964 τοῦ
3527 2910 3684 2981 δεῦρο

2109 3005 2482 3073 φυλάττουσιν.
2505 3005 2722 3076 Πρῶτος
2749 3003 2856 3075 γὰρ
2883 3000 3034 3067 οὗτος
3068 3002 3227 3072 σοφὸς
3256 3003 3562 3072 γεγένηται,
3607 3001 3685 3066 ὼς

433 3093 658 3148 tradidit
691 3091 1037 3163 Eupolemus,
1071 3092 1289 3161 sapiens
1333 3091 1451 3155 fuit,
1477 3099 1530 3146 et
1562 3093 1767 3160 primus
1799 3093 2004 3146 litteras

2112 3096 2313 3166 ἱστορεῖ
2331 3097 2358 3147 6
2380 3095 2711 3164 Εὐπόλεμος,
2739 3095 2830 3146 καί
2845 3094 3144 3163 γράμματα
3165 3092 3378 3164 πρῶτος
3412 3089 3682 3160 Ἑϐραίοις

432 3185 688 3242 Hebraeos
727 3185 946 3246 erudiit,
973 3199 1092 3254 quae
1133 3184 1322 3238 beatus
1379 3183 1649 3238 Abraham
1683 3199 1712 3239 e
1741 3183 2007 3240 Chaldaeis

431 3279 720 3334 detulerat.
754 3277 955 3330 llarum
1004 3275 1148 3329 enim
1191 3274 1351 3343 primi
1380 3275 1691 3329 inventores
1721 3275 1960 3330 Chaldaei
1988 3293 2003 3342 ;

431 3387 496 3426 ex
553 3369 793 3424 ll.br:eis
828 3367 1112 3422 Phoenices
1141 3366 1396 3430 habuere,
1431 3367 1776 3437 Cadmusque
1814 3368 1912 3424 has
1941 3369 2007 3423 ad

431 3462 649 3518 Grmcos
674 3461 972 3515 transtulit.
1013 3458 1142 3514 Post
1171 3458 1434 3514 adversus
1477 3459 1758 3530 Aithiopas
1799 3461 2008 3517 exerci-

433 3560 547 3606 tum
592 3553 814 3606 ductum
849 3551 903 3605 in
952 3549 1244 3620 Egyptum
1288 3551 1526 3619 appellit,
1557 3558 1612 3606 et
1656 3551 2006 3621 Chenephras

433 3641 615 3696 verbis
670 3655 796 3697 cum
855 3640 1108 3695 laudibus
1138 3639 1313 3708 plenis
1358 3640 1579 3710 excipit,
1625 3657 1681 3696 re
1719 3649 1899 3697 tamen
1951 3643 2005 3697 in

431 3747 554 3785 eum
588 3741 816 3784 mortem
849 3731 1288 3797 machinabatur;
1317 3747 1440 3786 eum
1492 3733 1635 3787 enim
1697 3733 2007 3789 hominibus

430 3821 676 3888 ejusdem
705 3821 918 3890 generis
942 3821 1231 3890 spoliatum
1262 3823 1316 3876 in
1352 3821 1640 3893 Memphim
1684 3839 1868 3878 secum
1893 3826 2008 3879 du-

433 3918 531 3980 cit,
563 3916 988 3984 interrogatque.
1024 3915 1154 3983 quid
1195 3914 1446 3970 humanis
1488 3916 1678 3972 usibus
1707 3925 1852 3972 esset
1903 3933 2009 3974 ac-

432 4007 866 4072 commodatum;
923 4014 977 4061 et
1026 4007 1115 4059 ille
1168 4007 1491 4076 respondit:
1528 4006 1750 4061 Bovium
1811 4025 2003 4079 genus,

433 4100 537 4170 ipsi
564 4100 707 4155 enim
731 4107 930 4153 terram
970 4105 1125 4154 arant
1155 4108 1208 4153 et
1235 4099 1438 4154 colunt.
1467 4099 1632 4170 Igitur
1659 4100 2005 4170 Chenephres

432 4191 578 4247 tauri
646 4191 837 4260 Apidis
894 4190 1079 4245 fanum
1129 4198 1185 4246 ut
1225 4189 1623 4257 exa'diﬁcarel,
1670 4193 2003 4248 multitudini

429 4299 554 4339 cum
586 4284 915 4346 mandasset,
945 4282 1143 4354 Moysis
1173 4284 1392 4338 virtutis
1445 4293 1796 4339 monumenta
1827 4283 2004 4355 (erant

429 4379 610 4427 autem
663 4372 776 4425 hmo
823 4387 928 4427 aere
967 4373 1199 4426 conﬂata
1251 4373 1397 4427 ibum
1427 4374 1917 4443 excogitationem,
1951 4384 2004 4430 et

2116 3187 2513 3258 παραδέδωκεν,
2555 3187 2696 3257 amp
2731 3189 2758 3240 6
2809 3186 3072 3256 μακάριος
3136 3182 3383 3255 Ἀϐραὰμ
3426 3183 3535 3236 ἀπὸ
3573 3182 3682 3236 τῶν

2113 3276 2388 3330 Χαλδαίων
2420 3276 2661 3345 ἐκόμισε·
2694 3274 2896 3344 πρῶτοι
2954 3275 3064 3345 γάρ
3112 3272 3328 3344 εὑρεταὶ
3380 3271 3580 3325 τούτων
3630 3273 3681 3325 οί

2113 3369 2363 3421 Χαλδαῖοι
2398 3367 2736 3436 γεγένηνται·
2788 3365 2938 3435 παρά
2967 3366 3024 3419 δὲ
3058 3364 3164 3418 τῶν
3197 3363 3467 3436 Ἐϐραίων
3495 3362 3684 3417 ἔλαϐον

2111 3460 2377 3522 Φοίνικες·
2440 3459 2534 3511 καὶ
2584 3459 2803 3528 Κάδμος
2845 3457 3012 3510 ταῦτα
3073 3458 3379 3527 μετήγαγεν
3435 3456 3515 3518 εἰς
3558 3455 3686 3517 τοὺς

2114 3549 2397 3618 Ἕλληνας.
2417 3547 2570 3602 Μετά
2589 3547 2643 3599 δὲ
2665 3549 2763 3618 τὴν
2784 3546 2923 3600 κατά
2940 3546 3046 3598 τῶν
3063 3545 3330 3598 Αἰθιόπων
3352 3544 3686 3616 στρατηγίαν

2112 3642 2416 3707 ἀφικνεῖται
2447 3639 2527 3701 εἰς
2559 3637 2849 3705 Αἴγυπτον·
2883 3637 2976 3689 καὶ
2996 3637 3024 3688 6
3055 3635 3338 3706 Χενεφρῆς
3371 3633 3549 3702 λόγοις
3585 3632 3685 3704 μὲν

2112 3732 2248 3800 εύφή
2258 3748 2374 3801 μοις
2407 3727 2670 3794 ἐδεξιοῦτο
2695 3727 2873 3790 αὐτὸν,
2894 3725 3073 3798 ἔργοις
3096 3725 3149 3777 δέ
3175 3725 3263 3778 τὸν
3285 3725 3512 3779 θάνατον
3543 3725 3687 3780 κατά

2112 3824 2276 3877 αὐτοῦ
2302 3825 2515 3894 ήρτυεν·
2542 3821 2744 3892 ἔρημον
2766 3819 2873 3889 γὰρ
2896 3818 3002 3872 τῶν
3029 3818 3312 3894 ὁμοφύλων
3338 3821 3685 3891 καταστήσας

2110 3913 2292 3975 αὑτὸν,
2325 3893 2429 3974 εἰς
2471 3911 2693 3981 Μέμφιν
2749 3910 2865 3980 μετ’
2938 3893 3100 3960 αὐτού
3162 3909 3538 3978 παραγίνεται·
3589 3908 3686 3962 καὶ

2111 4005 2288 4076 ἐρωτᾷ
2320 4002 2501 4066 αὑτὸν,
2531 4002 2581 4054 τί
2619 4004 2730 4064 τοῖς
2768 4000 3071 4072 ἀνθρώποις
3102 4000 3334 4071 ὑπάρχει
3361 3998 3679 4071 εὖχρηστον.

2121 4098 2179 4150 Ὁ
2210 4096 2266 4148 δὲ
2292 4096 2414 4164 ἔφη·
2452 4093 2572 4168 Τῶν
2603 4093 2740 4164 βοῶν
2773 4095 2834 4146 τὸ
2865 4094 3038 4162 γένος,
3067 4092 3152 4146 διὰ
3176 4092 3236 4145 τὸ
3275 4091 3553 4164 ἀρώσιμον
3583 4093 3683 4163 τὴν

2110 4188 2214 4257 γῆν
2240 4189 2328 4240 ὑπ’
2347 4187 2522 4240 αὐτῶν
2548 4184 2924 4239 καθίστασθαι.
2951 4185 3224 4248 Κελεύσας
3245 4180 3334 4237 οὗν
3369 4187 3477 4247 τοῖς
3506 4183 3682 4256 ὄχλοις

2109 4279 2138 4330 6
2175 4277 2456 4348 Χενεφρῆς
2488 4276 2687 4347 ταύρου
2729 4275 2949 4338 ’Ἄπιδος
2991 4275 3155 4346 σηκὸν
3193 4274 3573 4343 τεκτήνασθαι,
3612 4274 3682 4330 τὰ

2108 4369 2202 4423 τοῦ
2230 4369 2505 4431 Μωῦσέως
2535 4367 2634 4437 τῆς
2663 4367 2863 4438 ἀρετῆς
2913 4367 3279 4436 ὑπομνήματα
3307 4361 3394 4437 (ἦν
3423 4366 3480 4418 δὲ
3511 4365 3682 4420 ταῦτα

427 4464 712 4520 historiam
733 4479 909 4519 rerum
927 4463 1137 4519 fortiter
1153 4465 1414 4519 adversus
1427 4463 1713 4534 :Ethiopas
1729 4476 2002 4536 gestarum

2112 4456 2174 4509 ἐκ
2198 4455 2400 4525 χαλκοῦ
2433 4453 2798 4525 πεποιημένα,
2825 4452 2933 4506 τῶν
2969 4451 3126 4504 ἴϐεων
3168 4452 3266 4521 τὴν
3293 4451 3533 4502 ἐπίνοιαν
3555 4490 3568 4512 ,
3599 4450 3697 4502 καὶ

429 4554 730 4623 narrantia)
765 4557 867 4609 sub
926 4555 1234 4623 pavimento
1273 4556 1458 4625 templi
1517 4557 1747 4620 abdidit,
1780 4569 1833 4612 ut
1884 4558 2004 4628 ejus

428 4663 519 4703 res
547 4655 731 4717 gestat,
766 4646 1038 4702 oblivione
1067 4647 1490 4702 obscurarentur
1517 4663 1533 4712 ;
1573 4654 1625 4701 et
1657 4645 2004 4702 Hebraeorum

430 4735 858 4800 multitudinem,
889 4752 1010 4805 quae
1038 4752 1160 4791 eum
1195 4737 1465 4802 tuebatur,
1507 4736 1561 4788 in
1605 4736 1742 4792 duas
1772 4739 2007 4808 provin—

429 4831 543 4885 cias
589 4828 825 4900 partitus
855 4835 978 4884 est:
1013 4829 1205 4898 partim
1237 4827 1381 4881 enim
1413 4827 1468 4881 in
1497 4825 1790 4897 Ethiopiaa
1826 4837 2006 4884 custo-

427 4921 573 4978 diam
602 4921 779 4985 misit,
814 4923 1010 4992 partim
1063 4921 1117 4976 in
1147 4919 1302 4976 Jovis
1357 4921 1491 4975 urbe
1551 4919 1617 4974 ad
1675 4929 2004 4976 structuram

429 5012 639 5082 templi,
686 5013 854 5082 quod,
902 5019 1086 5066 monte
1107 5010 1287 5066 vicino
1319 5011 1372 5065 in
1408 5009 1612 5082 lapides
1643 5011 1850 5077 exciso,
1889 5020 2007 5068 erat

427 5104 842 5168 exstruendum.
887 5105 1016 5158 olim
1071 5102 1216 5157 enim
1259 5119 1326 5158 ex
1359 5105 1530 5158 coctis
1562 5103 1839 5160 laterculis
1889 5112 2007 5158 erat

427 5182 800 5268 compactum;
837 5199 964 5252 item
995 5213 1118 5251 eum
1155 5195 1426 5267 Egyptiis
1477 5197 1738 5250 nudatum
1791 5197 2004 5258 amicis.

428 5288 734 5344 interficere
764 5289 1360 5360 jubebatjurejurando
1385 5289 1541 5342 fidem
1576 5287 1908 5359 astringens,
1940 5305 2008 5343 ne

426 5381 504 5437 illi
532 5381 760 5438 insidias
793 5381 892 5438 has
937 5381 1106 5453 Moysi
1149 5381 1469 5436 revelarent.
1515 5379 1778 5436 Omnibus
1827 5381 2009 5450 itaque

427 5471 718 5526 consilium
781 5470 881 5527 hoc
942 5471 1324 5526 recusantibus
1355 5469 1739 5525 Chanenothes
1783 5471 2004 5539 quidam

431 5563 718 5618 sententia:
749 5562 906 5632 regia:
927 5576 1148 5632 operam
1171 5561 1422 5616 daturum
1450 5577 1508 5615 se
1534 5562 1802 5631 promisit,
1839 5561 2008 5615 dolo-

429 5667 540 5722 que
588 5653 758 5724 Moysi
805 5663 1032 5710 mortem
1089 5654 1401 5721 illaturum;
1455 5664 1584 5708 tunc
1644 5655 1906 5723 temporis
1952 5663 2007 5708 et

429 5741 614 5802 Meroe
651 5746 754 5817 (sic
797 5745 941 5801 enim
977 5745 1330 5834 Thermuthis
1357 5745 1674 5816 vocabatur)
1723 5745 2000 5815 defuncta,

2111 4553 2208 4624 τὴν
2245 4549 2483 4622 ἱστορίαν
2515 4550 2611 4619 τῆς
2635 4548 2755 4602 κατ’
2789 4546 3059 4601 Αἰθιόπων
3100 4544 3463 4618 ἀνδραγαθίας
3492 4544 3698 4616 κηρύτ-

2111 4641 2292 4709 τοντα)
2338 4638 2442 4692 ὑπὸ
2489 4639 2548 4692 τὸ
2589 4639 2783 4706 ἔδαφος
2821 4637 3083 4708 ἐνέκρυψε
3136 4637 3230 4689 τού
3285 4635 3412 4690 ναοῦ
3460 4635 3596 4706 πρὸς
3635 4633 3698 4688 τὸ

2112 4733 2250 4807 λήθῃ
2288 4731 2622 4805 παραδοῦναι
2656 4732 2725 4785 τὰ
2773 4731 2960 4784 τούτου
2997 4731 3267 4802 δράματα.
3305 4729 3408 4781 Τὸν
3438 4728 3495 4781 δέ
3535 4728 3695 4799 ὄχλον

2111 4827 2220 4880 τῶν
2257 4825 2522 4897 Ἐϐραίων
2552 4823 2642 4878 τὸν
2687 4823 3018 4896 περιέποντα
3061 4825 3242 4889 αὑτὸν,
3287 4826 3366 4888 είς
3415 4822 3508 4876 δύο
3555 4823 3694 4895 ἔργα

2113 4919 2345 4990 διένειμε
2368 4933 2382 4947 ·
2411 4917 2562 4992 ,τοὺς
2596 4918 2696 4986 μὲν
2740 4917 2847 4987 γὰρ
2891 4919 2970 4980 εἰς
3009 4916 3256 4987 φυλακὴν
3287 4915 3386 4986 τῆς
3409 4915 3694 4979 Αἰθιοπίας

2112 5011 2406 5083 ἐξέπεμψε,
2425 5013 2550 5075 τοὺς
2573 5010 2630 5064 δὲ
2653 5011 2742 5063 τὸν
2763 5013 2831 5079 ,ἐν
2855 4996 2978 5072 Διός
2998 5010 3150 5063 πόλει
3181 5008 3306 5062 ναὸν
3329 5009 3394 5061 ἐκ
3417 5007 3566 5061 λίθου
3590 5025 3690 5061 κα-

2109 5105 2464 5168 τασκευάσαι,
2486 5103 2899 5173 λατομήσαντας
2917 5102 2978 5155 τὸ
3002 5101 3224 5172 πλησίον
3240 5101 3385 5172 ὅρος,
3406 5099 3692 5170 ἐπέτρεψε·

2109 5185 2273 5241 πάλαι
2289 5185 2395 5255 γὰρ
2411 5184 2470 5250 ἐξ
2483 5187 2651 5256 ὀπτῆς
2669 5183 2886 5239 πλίνθου
2902 5186 2929 5236 ό
2943 5185 3066 5245 ναὸς
3084 5183 3502 5236 κατεσκεύαστο·
3524 5183 3682 5235 Ἀπο-

2111 5279 2346 5344 ξενώσας
2360 5279 2415 5330 δέ
2433 5278 2642 5331 καὶτῶν
2659 5277 2965 5345 Αἰγυπτίων
2979 5275 3157 5336 αὐτὸν,
3176 5275 3382 5326 ἀνελεῖν
3397 5276 3556 5328 αὑτὸν
3567 5277 3679 5337 τοῖς

2111 5371 2284 5440 φίλοις
2309 5371 2472 5425 αὑτοῦ
2501 5369 2819 5430 ἐνετέλλετο,
2842 5370 3045 5430 πάντας
3058 5368 3406 5440 ὁρκωμοτῶν,
3429 5367 3502 5440 μὴ
3529 5369 3678 5438 ποιῆ-

2111 5480 2199 5515 σαι
2220 5463 2367 5534 αύτῷ
2389 5464 2484 5533 τὴν
2509 5463 2803 5516 κατάύτοῦ
2816 5481 2878 5515 τυ
2889 5463 3182 5534 ρευομένην
3200 5461 3516 5531 κατάδηλον.
3532 5462 3678 5514 Πάνο

2108 5576 2216 5610 των
2243 5553 2336 5609 οἷν
2365 5555 2461 5627 τὴν
2477 5556 2671 5626 βουλὴν
2696 5556 2896 5624 ταύτην
2919 5555 3326 5625 ἀπειπαμένων,
3356 5551 3679 5622 Χανενὼθης
3786 5572 3793 5577 ·

2106 5668 2190 5713 τις
2217 5647 2609 5718 διακονῆσαιτῇ
2630 5645 2822 5720 γνώμῃ
2847 5646 2939 5699 τοῦ
2960 5646 3219 5716 βασιλέως
3246 5645 3520 5707 κατέθετο,
3536 5641 3674 5696 δολο-

2109 5739 2338 5813 φονῆσαι
2361 5740 2450 5792 τὸν
2471 5739 2704 5794 Μωῦσέα
2730 5739 3205 5812 ἐπαγγειλάμενος.
3226 5738 3356 5791 Τότε
3384 5737 3446 5808 δὴ
3472 5734 3679 5809 καὶτῆς
