4112 6430
420 408 530 467 785

1338 405 1610 464 SPURIA.
1655 437 1723 452 --
1759 406 2118 466 COMMENT.
2155 408 2224 464 IN
2264 407 2759 467 HEXAEMERON.

3559 406 3675 464 78$

414 527 672 600 Μερῤόης
699 526 862 598 (οὕτω
872 526 1343 600 γὰρήΘέρμουθις
1366 527 1631 601 ἐκαλεῖτο)
1674 530 1995 602 τελευτησά-

2106 531 2289 603 ingens
2351 530 2593 587 oblatum
2667 545 2728 586 se
2786 537 3006 585 nactum
3070 527 3285 584 Pharae
3341 529 3664 586 existimans

417 624 570 697 σης,ἒ
576 643 609 696 ρ
614 640 770 695 μαιον
781 626 809 678 6
827 625 904 676 Φα
912 623 1025 694 ραὼ
1035 623 1126 677 τὸν
1138 622 1327 695 καιρὸν
1341 625 1704 695 ἡγησάμενος,
1723 625 1989 696 προστάτ-

412 733 497 772 τει
528 718 735 788 Μωῡσῇ
755 716 848 770 καὶ
889 714 1180 788 Χανενώθῃ
1204 718 1282 779 είς
1297 718 1423 780 τοὺς
1445 717 1584 788 ὑπὲρ
1608 715 1884 785 Αἰγύπτου
1903 717 1988 771 τό-

415 826 552 874 πους
570 808 832 880 κηδεῦσαι
853 809 1040 881 αὐτήν.
1059 809 1309 877 Ἀφικνου
1318 809 1490 879 μένων
1505 808 1560 862 δὲ
1575 808 1769 873 αὐτῶν,
1791 804 1873 874 εἷς
1902 825 1986 874 τις

419 900 529 955 τῶν
551 899 864 953 συνειδότων
892 897 990 970 τὴν
1018 897 1243 971 γνώμην
1274 900 1369 953 τοῦ
1399 900 1596 972 Φαραὼ
1612 902 1989 955 ἀνακοινοῦται

415 990 497 1062 τῷ
525 992 752 1060 Μωῦσῇ·
783 989 876 1043 καὶ
908 988 1147 1059 φυλάξας
1172 990 1362 1043 ἑαυτὸν
1392 991 1654 1045 πάντοθεν
1681 995 1710 1046 6
1728 993 1989 1065 Μωῦσῆς,

417 1083 519 1154 τὴν
549 1080 802 1152 Μερῤόην
830 1080 1017 1150 ἔθαψε,
1049 1081 1144 1134 καὶ
1164 1080 1256 1133 τὸν
1278 1081 1441 1134 τόπον
1498 1082 1592 1136 καὶ
1618 1080 1710 1136 τὸν
1750 1084 1991 1155 ποταμὸν

415 1170 672 1243 Μερῤόην
707 1169 765 1236 ἐξ
793 1170 961 1240 αὐτῆς
984 1168 1440 1240 προσηγόρευσεν.
1479 1170 1650 1234 Αὐτὸς
1692 1171 1750 1225 δὲ
1791 1175 1855 1226 ὲκ
1897 1174 1996 1244 μὲν

417 1262 695 1333 Μέμφεως
733 1261 825 1315 τὸν
867 1261 1057 1316 Νεῖλον
1107 1260 1563 1333 διαπορθμεύσας,
1588 1263 1708 1317 καθ’
1742 1265 1996 1320 ὑπόθεσιν

430 1353 639 1426 Ἀαρὼν
663 1353 758 1408 τοῦ
777 1353 1004 1423 ἀδελφοῦ
1033 1350 1220 1416 αὐτοῦ.
1252 1357 1330 1418 είς
1349 1354 1445 1425 τὴν
1478 1355 1532 1408 ’Δ
1543 1355 1731 1426 ραὸίαν
1758 1357 1999 1425 ἀπέφευ-

418 1462 515 1515 γεν
537 1462 550 1477 ·
577 1448 607 1499 6
637 1446 694 1499 δὲ
726 1444 1051 1516 Χανενὼθης
1086 1446 1408 1516 πυθόμενος,
1428 1445 1721 1518 γυμνώσας
1742 1448 1803 1501 τὸ
1849 1449 1999 1518 ξίφος

418 1536 735 1601 ὑπαντιάξει
764 1536 929 1607 αὐτῷ·
970 1539 1000 1590 6
1051 1537 1109 1589 δὲ
1138 1539 1376 1610 Μωῦσῆς
1417 1540 1667 1609 κατεῖχεν
1695 1539 1859 1594 αὑτοῦ
1900 1540 1999 1611 τὴν

416 1633 596 1701 χεῖρα,
624 1629 718 1683 καὶ
745 1629 1025 1693 ὲκσπάτας
1043 1629 1106 1683 τὸ
1141 1628 1292 1699 ξίφος
1329 1628 1493 1683 αὐτοῦ
1528 1630 1630 1700 τῆς
1671 1631 1872 1703 χειρὸς,
1920 1630 1999 1702 τῷ

418 1722 603 1792 οἰκείῳ
651 1720 795 1789 ξίφει
838 1720 1001 1775 αὐτὸν
1052 1722 1434 1792 διεχειρίσατο,
1480 1723 1574 1776 καὶ
1603 1724 1685 1786 εἰς
1744 1722 2000 1795 Ἀραϐίαν

2092 630 2326 693 tempus,
2382 622 2554 695 Moysi
2603 629 2656 677 et
2697 621 3066 677 Chanenotbae
3109 621 3266 691 jubet
3315 628 3468 677 extra
3527 619 3670 675 ﬁnes

2090 713 2309 789 Egypti
2352 716 2475 772 ﬁliae
2520 717 2668 786 justa
2724 714 2923 771 facere.
2948 712 3069 780 Quo
3098 729 3221 769 cum
3268 714 3678 784 pervenissent,

2091 828 2236 867 unus
2288 826 2356 865 ex
2406 810 2644 865 consciis
2682 816 2920 864 mentem
2973 807 3271 862 Pharaonis
3320 807 3394 860 illi
3425 821 3666 862 commu-

2093 906 2260 961 nicat.
2286 902 2500 975 Moyses
2539 900 2643 957 sibi
2680 898 3044 967 nndequaqne
3073 910 3273 951 cavens
3310 892 3544 949 Meroem
3580 906 3673 948 se-

2094 995 2277 1066 peliit,
2312 1001 2366 1048 et
2401 991 2607 1052 locum,
2646 997 2701 1043 et
2738 986 2964 1042 ﬁuvium
3004 983 3238 1039 Meroem
3278 998 3343 1036 ex
3384 997 3446 1037 ea
3488 982 3677 1036 nomi-

2097 1086 2264 1143 navit.
2303 1082 2535 1154 Ipseque
2572 1096 2640 1135 ex
2678 1078 2947 1148 Memphi,
2988 1074 3109 1131 Nilo
3150 1075 3408 1145 traiecto,
3447 1075 3673 1131 nomine

2096 1177 2330 1233 Aaronis
2370 1174 2556 1231 I'ratris
2604 1172 2660 1226 in
2707 1170 2965 1225 Arabiam
3009 1167 3175 1239 fugit;
3216 1168 3360 1238 quod
3403 1166 3492 1221 ubi
3532 1181 3671 1236 ιιι-ωε

2096 1269 2268 1326 sensit
2286 1265 2691 1330 Chanenothes,
2717 1262 2908 1319 stricto
2935 1260 3115 1333 gladio
3138 1260 3400 1315 adversus
3426 1258 3672 1328 impetit:

2099 1373 2285 1411 verum
2356 1357 2568 1428 Moyses
2616 1357 2953 1426 deprehensa
3001 1370 3190 1419 manu,
3229 1367 3466 1423 enseque
3522 1351 3668 1404 illius

2099 1457 2334 1516 arrepto,
2369 1448 2599 1516 ejusmet
2621 1448 2768 1501 illius
2794 1446 2972 1517 gladio
2999 1444 3234 1516 jugulat,
3250 1452 3306 1499 et
3335 1445 3388 1497 in
3410 1442 3667 1496 Arabiam

2097 1540 2166 1594 ad
2199 1538 2490 1609 Raguelem
2530 1520 2767 1608 regionis
2812 1537 3113 1608 principem
3166 1536 3364 1605 migrat
3415 1534 3482 1593 ¹⁹.
3509 1538 3563 1587 et
3601 1546 3668 1587 ex

2098 1630 2218 1701 ejus
2262 1630 2369 1684 ﬁlia
2409 1628 2687 1700 Scpphora
2718 1630 2825 1686 sibi
2855 1630 2910 1683 in
2940 1627 3345 1684 matrimonium
3380 1624 3667 1689 collocata,

2098 1724 2237 1779 duos
2268 1725 2505 1794 suscepit
2527 1723 2684 1779 ﬁlios.

419 1813 558 1885 πρὸς
595 1814 919 1883 Ῥαγουῆλον
938 1813 1029 1867 τὸν
1054 1813 1163 1867 τῶν
1183 1814 1362 1868 τόπων
1387 1814 1624 1886 ἄρχοντα
1642 1817 1995 1887 παρεγένετο,
2045 1816 2138 1869 καὶ
2164 1815 2261 1888 τὴν
2283 1815 2554 1888 θυγατέρα
2581 1816 2744 1870 αὑτοῦ
2765 1813 3050 1887 Σεπφόραν
3075 1812 3361 1885 ἀγόμενος,
3385 1808 3443 1877 ἐξ
3498 1807 3670 1879 αὐτῆς

419 1901 514 1964 δύο
541 1904 736 1969 παῖδας
764 1904 1071 1976 ἐγέννησεν.

503 1998 562 2051 Ὀ
584 1998 639 2051 δὲ
664 1995 882 2068 Φαραὼ,
909 1998 1088 2050 πᾶσαν
1113 1996 1211 2067 τὴν
1235 1995 1675 2069 δραματουργίαν
1701 1994 1797 2049 τοῦ
1825 1996 1990 2050 Μωῦ-

2160 1996 2373 2052 Pharao
2406 1998 2499 2054 ubi
2537 1997 2736 2070 Moysis
2763 1996 2964 2052 factum
2994 1994 3184 2059 audiit,
3214 1993 3350 2048 iram
3376 1994 3429 2048 in
3458 1991 3675 2048 Iudaeo-

424 2086 562 2152 σέως
590 2087 910 2159 πυθόμενος,
937 2088 1030 2142 τὸν
1059 2087 1227 2158 θυμὸν
1268 2090 1361 2142 ἐπὶ
1393 2088 1455 2142 τὸ
1485 2088 1684 2162 πλῆθος
1721 2088 1830 2145 τῶν
1870 2091 2001 2143 Ἰου-

421 2178 586 2235 δαίων
622 2178 764 2249 ἔχεε,
829 2181 923 2233 καὶ
971 2180 1140 2250 ἄρδην
1179 2180 1401 2244 τούτους
1442 2181 1781 2252 ἀναιρεῖσθαι
1827 2198 1999 2252 προσ-

427 2267 605 2334 έταξε·
638 2269 831 2340 μόνους
857 2269 967 2341 γὰρ
993 2271 1188 2335 αὐτοὺς
1214 2271 1362 2343 λινῆν
1388 2272 1590 2343 ἐσθῆτα
1620 2275 1804 2345 φορεῖν
1819 2272 2005 2327 κελεύ-

430 2375 531 2425 σας
558 2360 648 2415 διὰ
673 2361 736 2414 τὸ
770 2360 1030 2433 εὔσημον,
1075 2365 1155 2427 είς
1186 2363 1396 2434 σφαγὴν
1442 2365 1635 2428 αὐτοὺς
1685 2367 1799 2430 τοῖς
1839 2366 2005 2435 Δίγυ-

427 2452 604 2515 πτίοις
668 2452 976 2506 ἐκδίδωσιν·
1012 2453 1099 2522 ἐφ’
1150 2446 1193 2520 ᾧ
1240 2453 1269 2505 6
1322 2454 1453 2518 Θεὸς
1494 2455 1723 2527 μεγίστῃ
1765 2456 2007 2529 τιμωρίᾳ

425 2540 617 2596 τοῦτον
659 2543 884 2596 ἐκόλασε
903 2560 917 2573 ·
954 2542 1170 2615 πρῶτος
1200 2543 1308 2615 γὰρ
1352 2545 1553 2609 παντὸς
1578 2545 1865 2620 ἀνθρώπου
1892 2546 2004 2600 ὲλε-

427 2633 726 2702 φαντιάσας
754 2635 784 2686 6
812 2631 1032 2704 Φαραὼ,
1076 2635 1287 2705 αἰσχρῷ
1317 2634 1408 2689 τὸν
1455 2634 1569 2705 βίον
1605 2637 1750 2690 τέλει
1780 2637 2008 2691 κατέλυ-

430 2740 543 2781 σεν.
591 2726 649 2778 Ὀ
681 2726 737 2779 δὲ
788 2725 979 2779 τούτου
1024 2725 1122 2797 τὴν
1161 2725 1329 2798 αὐτὴν
1373 2727 1545 2800 ἀρχὴν
1587 2728 1688 2799 τῆς
1733 2728 2008 2799 βασιλείας

426 2814 828 2886 διαδεξάμενος,
856 2815 991 2887 όμοῦ
1021 2817 1231 2888 καὶτῆς
1259 2819 1520 2891 πονηρίας
1548 2821 1712 2876 αὐτοῦ
1737 2818 1805 2895 ἦν
1834 2823 2009 2878 διάδο-

427 2922 519 2976 χος
536 2921 552 2937 ο
571 2908 681 2970 τοῖς
696 2906 803 2978 γὰρ
831 2909 1013 2971 αὐτοῖς
1042 2911 1230 2972 κακοῖς
1257 2912 1383 2974 τοὺς
1414 2912 1697 2978 Ἰουδαίους
1718 2915 2006 2970 ὑπέὸαλλε.

500 2998 609 3051 Καὶ
640 2998 838 3071 θρήνου
879 3000 1071 3055 πολλοῦ
1097 3005 1441 3075 περιέχοντος
1466 3006 1682 3069 αὐτοὺς,
1723 3009 1752 3060 6
1780 3006 1912 3072 Θεὸς
1933 3004 2011 3063 οῖ-

429 3103 556 3141 κτον
600 3087 780 3143 λαϐὼν
824 3090 1026 3156 αὐτῶν,
1062 3092 1155 3146 τὸν
1202 3094 1440 3164 Μωῦσῆν
1465 3094 1770 3166 ἐξέπεμψεν
1794 3098 1875 3161 είς
1912 3097 2013 3169 τὴν

429 3177 727 3248 Αἴγυπτον,
753 3183 1102 3252 προστάττων
1123 3183 1199 3255 τῷ
1219 3184 1416 3256 Φαραὼ
1452 3187 1718 3242 ἀπολῦσαι
1746 3188 1854 3243 τῶν
1889 3192 2013 3245 ἰου-

2101 2105 2222 2145 rum
2251 2090 2652 2146 multitudinem
2676 2088 2885 2153 eﬂudit,
2908 2102 3111 2157 eosque
3142 2084 3496 2140 internecioni
3528 2083 3670 2138 tradi

2101 2196 2327 2253 prorsus
2352 2181 2628 2236 mandavit
2647 2196 2662 2246 ;
2681 2187 2891 2234 tantum
2907 2178 3052 2234 enim
3081 2192 3174 2232 eos
3190 2175 3331 2230 lineo
3349 2174 3672 2229 vestimento

2103 2275 2254 2330 indui
2313 2274 2501 2344 jussit,
2528 2281 2603 2331 ,ιιι
2669 2272 2889 2327 facilius
2948 2274 3430 2339 cognoscerentur,
3482 2264 3674 2333 sicque

2102 2366 2430 2422 occidendos
2459 2363 2727 2435 Egyptiis
2752 2364 2951 2429 tradit;
2984 2375 3084 2430 pro
3112 2373 3222 2428 quo
3243 2357 3384 2412 Deus
3435 2355 3674 2409 maximo

2105 2455 2374 2526 supplicio
2402 2470 2527 2509 eum
2554 2453 2798 2523 punivit;
2820 2453 3062 2508 omnium
3085 2450 3229 2505 enim
3253 2445 3531 2502 hominum
3557 2444 3671 2514 pri-

2107 2564 2229 2603 mus
2255 2546 2491 2610 Pharao,
2539 2544 2928 2615 elephantiasi,
2985 2540 3289 2596 fwdissimo
3346 2536 3472 2603 line,
3506 2535 3673 2590 vitam

2107 2639 2308 2694 amisit.
2332 2637 2506 2707 Hujus
2527 2637 2581 2691 in
2615 2636 2895 2691 dominatu
2923 2645 3231 2697 successor,
3258 2628 3418 2685 simul
3438 2635 3492 2682 et
3524 2625 3679 2681 illius

2106 2733 2363 2787 vitiorum
2417 2732 2591 2787 haeres
2613 2729 2737 2784 fuit.
2774 2727 2974 2784 Iisdem
3024 2724 3224 2797 quippe
3258 2721 3418 2778 malis
3457 2717 3676 2775 ludens

2108 2823 2455 2882 conﬁciebat.

2179 3003 2310 3061 Inde
2339 3004 2578 3058 maximo
2609 3001 2831 3072 planctu
2878 2997 3280 3070 interpellante,
3321 2991 3464 3049 Deus
3484 3002 3676 3048 conm

2109 3096 2369 3151 misertus
2434 3092 2674 3165 Moysem
2696 3093 2750 3147 in
2778 3089 3074 3162 Egyptum
3133 3088 3282 3146 misit
3312 3086 3376 3153 “,
3406 3082 3680 3139 Pharaoni

2109 3185 2431 3258 praecipiens
2470 3182 2783 3239 Judaorum
2829 3182 3103 3237 nationem
3139 3180 3365 3235 liberam
3405 3175 3681 3232 dimittere

428 3275 593 3330 δαίων
646 3277 708 3331 τὸ
761 3277 914 3343 ἔθνος
957 3280 1038 3342 είς
1081 3280 1182 3350 τὴν
1240 3280 1475 3352 ἔρημον,
1531 3280 1673 3336 ὥστε
1718 3282 2006 3357 λατρεῦσαι

2111 3277 2167 3331 in
2204 3277 2502 3341 desertum,
2527 3283 2587 3329 ut
2610 3275 2689 3328 illi
2716 3272 3039 3328 deserviret.

430 3364 600 3435 αύτῷ.
1596 3375 1640 3421 κ

514 3454 640 3510 Ἐπὶ
669 3457 800 3525 γοῦν
828 3459 895 3529 τῇ
924 3458 1146 3533 τοιαύτῃ
1172 3460 1325 3532 ῥήσει
1348 3460 1440 3514 τοῦ
1470 3462 1750 3526 Μωῦσέως
1774 3464 2012 3536 χαλεπή-

432 3564 530 3611 νας
568 3549 596 3600 6
637 3546 857 3619 Φαραὼ,
890 3550 969 3614 είς
1010 3551 1232 3623 εἱρκτὴν
1295 3554 1635 3625 παραχρῆμα
1677 3553 2013 3626 ἐμϐληθῆναι

432 3638 593 3692 αὐτὸν
623 3640 921 3711 προσέταξε
942 3658 956 3672 ·
991 3643 1086 3695 καὶ
1115 3643 1201 3696 διὰ
1226 3644 1327 3714 τῆς
1360 3645 1552 3709 νυκτὸς
1583 3644 1788 3717 σεισμῷ
1815 3646 2012 3700 διεσεί-

436 3727 536 3799 σθη
562 3731 710 3782 πᾶσα
737 3732 769 3801 ἡ
802 3731 894 3802 γῆ,
926 3732 1001 3796 ὡς
1028 3731 1179 3797 τινὰς
1213 3733 1322 3787 τῶν
1351 3734 1606 3802 φυλάκων
1634 3737 1700 3789 ὲκ
1734 3735 1829 3788 τοῦ
1862 3735 2014 3801 δέους

432 3819 868 3895 ψυχορραγῆσαι,
910 3824 1062 3888 τινάς
1101 3825 1157 3879 δὲ
1198 3824 1349 3896 ὕπνῳ
1386 3825 1540 3897 βαθεῖ
1586 3827 1900 3898 παρεθείναι
1945 3826 2014 3882 τὰ

440 3915 606 3985 μέλη·
631 3915 801 3978 αὐτὰς
825 3915 881 3969 δὲ
913 3916 1014 3979 τὰς
1054 3916 1227 3982 πύλας
1259 3917 1357 3987 τῆς
1385 3919 1608 3990 είρκτῆς
1648 3919 2016 3992 άναπετασθῆο

434 4019 540 4071 ναι,
597 4005 693 4057 καὶ
733 4004 965 4071 ἐξελθεῖν
1007 4005 1098 4060 τὸν
1151 4008 1427 4077 Μωῦσῆν,
1461 4010 1555 4062 καὶ
1608 4010 2014 4081 παραγενέσθαι

435 4095 630 4158 νυκτὸς
664 4097 744 4159 είς
780 4095 846 4150 τὰ
895 4096 1139 4166 βασίλεια
1159 4114 1173 4127 ·
1201 4098 1295 4151 καὶ
1328 4098 1437 4169 γὰρ
1466 4100 1722 4154 κάκείνου
1749 4103 1808 4154 αἱ
1851 4102 2014 4173 θύραι

435 4187 802 4260 κλονουμένης
821 4189 922 4260 τῆς
950 4191 1052 4261 γῆς
1074 4191 1389 4263 διέστησαν·
1421 4192 1515 4246 καὶ
1538 4192 1754 4247 πάντων
1783 4193 1892 4248 τῶν
1920 4210 2016 4247 σω-

442 4283 836 4354 ματοφυλάκων
893 4285 1290 4350 καθευδόντων,
1341 4286 1602 4359 διύπνησε
1658 4288 1759 4342 τὸν
1814 4287 2016 4361 Φαραὼ

439 4370 644 4440 λέγων·
664 4390 683 4424 ι
719 4372 778 4429 '0
792 4372 923 4438 Θεὸς
962 4374 1304 4441 ὲξαπέστειλέ
1329 4393 1396 4446 με
1438 4375 1704 4430 ἀπολῦσαι
1751 4378 2017 4449 προστάτ-

439 4477 548 4515 των
578 4478 660 4515 σοι
705 4462 796 4517 τὸν
825 4462 935 4517 τῶν
974 4464 1239 4519 Ἰουδαίων
1266 4465 1413 4522 λαόν.
1438 4484 1459 4520 ι
1494 4465 1619 4524 Ὀδὲ
1647 4467 2016 4537 καταπλαγεὶς

440 4554 629 4626 ἠρώτα
674 4557 771 4627 καὶ
816 4560 965 4621 ποῖος
1008 4550 1161 4622 οὗτός
1207 4561 1346 4621 ἐστι,
1387 4559 1482 4614 καὶ
1511 4560 1565 4613 τί
1598 4559 1661 4613 τὸ
1708 4559 1878 4632 δνομα
1918 4559 2014 4614 τοῦ

438 4647 853 4712 ἀποστείλαντος
893 4651 1053 4703 αὐτὸν
1104 4650 1273 4704 Θεοῦ⁸
1326 4648 1356 4701 ὁ
1413 4650 1471 4705 δὲ
1509 4652 1768 4724 Μωῦσῆς,
1813 4649 2017 4724 προκύ-

437 4738 544 4809 ψας
576 4741 657 4802 είς
687 4738 784 4810 τὴν
808 4740 977 4811 ἀκοὴν
1016 4740 1202 4807 αὐτοῦ,
1235 4741 1331 4795 τοῦ
1391 4742 1527 4798 Θεοῦ
1561 4742 1625 4796 τὸ
1663 4743 1833 4814 ὄνομα
1868 4742 2016 4813 αὐτῷ

440 4833 766 4905 διεσάφησε·
796 4834 892 4887 καὶ
923 4833 996 4904 μὴ
1017 4836 1363 4907 καρτερήσας
1393 4836 1494 4906 τὴν
1527 4836 1694 4907 ἀκοὴν
1726 4838 1755 4889 6
1792 4835 2012 4909 Φαραὼ,

441 4924 533 4978 ἐπὶ
562 4925 663 4996 τῆς
696 4925 801 4995 γῆς
836 4924 1031 4979 ἔπεσεν
1074 4926 1308 4994 ἄφωνος.
1335 4927 1444 4981 Καὶ
1505 4926 1818 4998 προσελθὼν
1866 4927 2016 4998 ἤγει-

444 5032 537 5090 ρεν
573 5017 734 5071 αὐτὸν
782 5019 811 5071 6
850 5015 1111 5088 Μωῢσῆς,
1164 5018 1258 5071 καὶ
1300 5020 1380 5081 είς
1427 5018 1609 5072 δέλτον
1638 5018 1699 5071 τὸ
1752 5019 2017 5087 πανάγιον

441 5105 611 5177 ὄνομα
660 5106 988 5180 ἐγχαράξας,
1050 5108 1379 5177 ὲσφράγισε·
1443 5109 1537 5163 καί
1592 5126 1677 5173 τις
1734 5109 1842 5163 τῶν
1885 5111 2015 5182 παρ’

441 5199 757 5269 Δίγυπτίοις
790 5202 1000 5271 ἱερέων,
1034 5201 1291 5269 φαυλίσαι
1321 5200 1477 5256 τοῦτο
1508 5201 1783 5273 τολμήσας
1808 5202 1871 5256 τὺ
1902 5202 2016 5256 δνο-

443 5309 543 5363 μα,
583 5295 868 5364 σπασμονῇ
902 5291 1104 5357 εὐθέως
1137 5293 1228 5347 τὸν
1260 5292 1372 5363 βίον
1394 5294 1676 5347 κατέλυσε.

522 5383 584 5435 Ὀ
608 5382 667 5435 δὲ
691 5382 890 5452 Φαραὼ
919 5383 1138 5455 ποιῆσαί
1170 5401 1224 5437 τι
1257 5389 1484 5456 σημεῖον
1512 5385 1605 5438 τὸν
1656 5385 1898 5457 Μωῦσῆν
1926 5386 2020 5438 ὲπ-

443 5472 665 5543 έτρεπε·
699 5476 793 5527 καὶ
818 5477 847 5529 6
872 5476 1134 5547 Μωῡσῆς,
1161 5476 1227 5547 ἢν
1266 5479 1484 5547 κατεῖχε
1516 5476 1710 5548 ῥάϐδον
1741 5478 1899 5546 ἀφεὶς
1925 5476 2018 5531 ἐπὶ

444 5563 544 5633 τῆς
563 5563 686 5634 γῆς,
718 5565 798 5628 είς
829 5564 949 5632 ὅφιν
981 5565 1150 5637 αὐτὴν
1195 5565 1484 5637 μετέϐαλε·
1522 5567 1614 5621 καὶ
1655 5565 1817 5620 πάλιν
1849 5566 2019 5637 αὐτῆς

447 5653 744 5725 ἁψάμενος,
769 5658 849 5719 εὶς
873 5656 932 5709 τὸ
957 5659 1187 5729 ἀρχαῖον
1215 5658 1559 5730 ἀποκατέστη
1569 5675 1646 5712 σε.

524 5837 566 5869 ¹⁶
593 5835 767 5893 Exod.
805 5852 864 5893 ιι.
946 5837 988 5870 ¹²
1015 5836 1189 5896 Exod.
1236 5854 1319 5898 ιιι.
1397 5839 1439 5871 ¹¹
1466 5836 1640 5894 Exod.
1667 5854 1762 5896 vn.

2182 3449 2299 3505 Hoc
2327 3447 2530 3520 Moysis
2563 3446 2769 3503 dictum
2796 3462 2939 3518 aegre
2962 3448 3146 3501 ferens
3174 3441 3386 3498 Pharao
3431 3453 3681 3510 compreo

2110 3542 2343 3597 hensum
2373 3541 2520 3597 illico
2543 3542 2599 3595 in
2623 3540 2928 3595 custodiam
2960 3536 3183 3593 tradidit
3202 3534 3683 3597 includendum,et

2111 3651 2208 3707 per
2240 3643 2453 3690 noctem
2484 3645 2643 3689 terrae
2667 3633 2908 3689 motibus
2953 3629 3244 3687 universus
3295 3635 3560 3683 terrarum
3589 3641 3682 3681 or-

2113 3730 2198 3787 bis
2219 3736 2618 3798 conquassatus
2639 3735 2744 3789 est,
2776 3725 2851 3780 ita
2879 3734 2940 3781 ut
2970 3723 3124 3779 multi
3152 3738 3218 3779 ex
3246 3722 3561 3779 custodibus
3614 3722 3682 3777 ti-

2113 3837 2265 3876 more
2291 3819 2550 3891 perculsi,
2580 3818 2817 3873 animam
2849 3816 3110 3882 efﬁarint,
3137 3816 3293 3871 multi
3324 3815 3490 3870 etiam
3529 3813 3679 3886 gravi

2115 3927 2309 3969 somno
2337 3911 2598 3982 correpti,
2658 3907 2922 3965 membris
2972 3906 3173 3963 iuerint
3226 3905 3499 3973 dissoluti,
3548 3908 3681 3976 ipsa

2114 4004 2380 4061 custodite
2410 4002 2560 4058 fores
2583 4017 2741 4072 pares
2764 4008 3013 4072 patentes
3045 4006 3246 4068 aperta:
3277 3999 3408 4060 sint,
3441 3996 3680 4067 Moyses-

2115 4112 2222 4167 que
2254 4103 2476 4166 ereptus
2500 4095 2568 4149 ad
2598 4094 2796 4164 regiam
2821 4092 3147 4163 pervenerit,
3174 4090 3334 4160 cujus
3355 4102 3524 4160 porta:
3552 4089 3681 4143 dum

2114 4198 2260 4246 terra
2289 4187 2756 4253 coutremisceret,
2790 4185 2978 4239 divisae
3004 4191 3163 4251 sunt;
3192 4192 3245 4238 et
3279 4182 3533 4238 omnibus
3585 4197 3684 4235 cu-

2117 4282 2368 4339 stodibus
2393 4280 2642 4352 corporis
2673 4293 2868 4334 somno
2895 4277 3180 4347 correptis,
3216 4273 3431 4346 Moyses
3476 4273 3683 4330 excita-

2115 4376 2196 4430 vit
2226 4374 2586 4437 Pharaonem,
2612 4371 2802 4429 dicens
2828 4392 2842 4427 ε
2871 4391 2890 4424 ι
2917 4371 3059 4427 Deus
3081 4370 3229 4425 misit
3250 4384 3357 4434 me,
3388 4374 3446 4421 ut
3468 4364 3686 4422 Iudaeo-

2115 4482 2238 4521 rum
2273 4465 2531 4536 populum
2563 4465 2827 4527 dimittas,
2861 4463 2958 4518 tibi
3012 4461 3312 4526 mandans;
3357 4478 3377 4511 ι
3430 4459 3523 4513 ille
3562 4473 3687 4528 per-

2119 4559 2443 4614 terrefactus
2475 4557 2770 4627 quaerebat,
2804 4556 2927 4626 quis
2945 4554 3036 4610 hic
3063 4560 3227 4619 esset,
3251 4560 3303 4607 et
3322 4551 3469 4623 quod
3489 4563 3686 4605 nomen

2122 4648 2237 4716 Dei,
2269 4648 2361 4718 qui
2386 4648 2538 4702 illum
2560 4648 2803 4703 miserat.
2838 4646 3050 4718 Moyses
3092 4661 3151 4702 se
3182 4645 3249 4699 ad
3297 4658 3484 4699 aurem
3538 4642 3686 4696 illius

2051 4721 2091 4775 Ῑ)
2124 4738 2444 4804 admovens,
2479 4753 2675 4794 nomen
2700 4735 2796 4793 Dei
2823 4737 3225 4804 manifestavit;
3255 4734 3491 4798 Pharao,
3546 4730 3687 4785 tanti

2118 4832 2361 4889 nominis
2385 4830 2640 4886 audiendi
2672 4830 2869 4900 impar,
2906 4844 3039 4885 voce
3056 4828 3259 4884 amissa
3281 4828 3338 4881 in
3369 4835 3566 4882 terram
3592 4824 3687 4879 de-

2120 4925 2275 4986 cidit,
2300 4931 2356 4979 et
2399 4923 2669 4978 accedens
2723 4922 2958 4994 Moyses,
2983 4936 3108 4977 eum
3153 4919 3348 4981 erexit,
3383 4929 3690 4984 nomenque

2121 5013 2531 5073 sanctissimum
2590 5013 2794 5067 charta
2833 5011 3155 5082 inscriptum
3208 5008 3385 5079 sigillo
3430 5005 3688 5075 obsigna-

2122 5110 2218 5173 vit,
2248 5115 2305 5162 et
2338 5121 2483 5161 unus
2510 5121 2574 5161 ex
2612 5104 2989 5160 sacerdotibus
3018 5101 3313 5173 Egyptiis,
3346 5114 3546 5155 nomen
3584 5097 3689 5153 hoc

2125 5199 2281 5271 parvi
2309 5197 2490 5254 facere
2518 5212 2708 5264 ausus,
2740 5196 2925 5253 statim
2953 5209 3174 5266 spasmo
3192 5194 3358 5248 vitam
3382 5189 3603 5261 abiecit.

2194 5381 2408 5436 Pharao
2433 5380 2647 5451 signum
2671 5393 2703 5433 a
2720 5375 2905 5448 Moyse
2933 5374 3208 5447 poscebat,
3240 5379 3296 5431 et
3338 5370 3552 5444 Moyses
3591 5368 3690 5425 ba-

2124 5474 2331 5539 culum,
2363 5487 2523 5544 quem
2551 5486 2665 5543 prae
2684 5470 2936 5526 manibus
2962 5468 3219 5533 habebat,
3246 5467 3299 5522 in
3324 5475 3523 5521 terram
3552 5475 3688 5519 con—

2119 5564 2348 5635 jectum,
2377 5565 2432 5619 in
2455 5573 2758 5635 serpentem
2789 5560 3142 5617 commutavit
3175 5560 3239 5626 “,
3289 5572 3451 5628 quem
3490 5556 3688 5612 iterum

2129 5671 2254 5713 cum
2288 5656 2578 5730 tetigisset,
2609 5655 2893 5728 pristinam
2924 5652 3005 5710 illi
3031 5651 3261 5709 formam
3290 5648 3549 5706 restituit.
