4112 6424
460 393 562 452 τ87

1325 397 1381 452 S.
1425 394 1867 453 EUSTATHIUS
1905 392 2393 450 ANTIOCHENUS
2430 392 2824 449 EPISCOPUS.

3584 393 3690 449 788

526 509 697 568 Porro
724 526 846 566 cum
906 526 1082 580 neque
1129 511 1235 567 hoc
1275 513 1491 570 cederet
1530 515 1599 569 ad
1631 515 1888 584 po'pulum
1937 513 2008 567 di-

2192 511 2394 564 Ίῖούτου
2431 511 2486 563 δὲ
2545 509 2637 562 ἐπὶ
2676 509 2834 562 τοῦτο
2880 508 2954 581 μὴ
2997 507 3241 576 εἴξαντος
3281 508 3548 564 ἀπολῦσαι
3597 516 3688 565 τὸν

456 601 800 660 mittendum.
834 609 1026 655 orante
1051 599 1236 671 Moyse
1249 599 1440 665 Deum,
1475 619 1703 673 magnus
1727 611 1882 658 terrae
1902 619 2019 658 mo-

458 699 547 749 tus
573 704 678 744 una
701 704 822 743 cum
849 689 1116 759 grandine
1145 689 1322 746 factus
1341 699 1426 746 est
1451 700 1507 745 ut
1523 693 1616 762 qui
1642 701 1797 747 terrae
1813 703 2018 748 motum

453 782 754 838 evitandoe
782 780 1035 838 domibus
1058 798 1311 852 egressus
1341 785 1432 848 sit,
1468 801 1498 838 a
1534 787 1798 858 grandine
1828 786 2020 857 perde-

453 888 498 927 r.
513 881 642 940 tur;
670 874 762 943 qui
795 888 987 928 rursus
1005 874 1323 944 grandinem
1346 877 1690 943 declinando,
1738 879 1793 932 in
1827 878 2019 933 domos

451 965 760 1036 aufugeret,
786 976 944 1026 terrae
971 974 1118 1021 motu
1153 978 1455 1024 corrueret.

521 1059 752 1125 Quando
777 1069 955 1114 autem
994 1076 1168 1130 neque
1190 1061 1293 1116 hoc
1319 1062 1460 1117 ﬂecti
1480 1063 1673 1132 potuit,
1697 1064 1890 1118 baculo
1913 1062 2016 1117 Nili

453 1167 594 1220 aqua
618 1166 777 1216 caesa,
797 1159 964 1204 totam
984 1150 1396 1223 ferengyptum
1418 1154 1688 1209 inundans
1710 1154 1906 1209 ﬂuvius
1925 1170 2020 1224 pa-

451 1255 576 1293 rum
600 1240 774 1295 abfuit
801 1243 932 1311 quin
954 1244 1303 1305 immerserit,
1332 1244 1403 1296 ita
1432 1254 1489 1296 ut
1513 1246 1579 1298 ab
1601 1260 1664 1300 eo
1693 1255 1932 1314 tempore
1949 1245 2016 1300 ad

451 1333 554 1387 hoc
575 1349 747 1402 usque
781 1335 896 1403 ipse
927 1350 1057 1389 suos
1095 1334 1392 1391 descensus
1421 1337 1598 1391 iteret.
1633 1338 1818 1408 ltaque
1875 1337 2020 1392 Pha-

452 1440 548 1479 rao
600 1427 976 1482 sacerdotibus
1008 1429 1280 1493 omnibus,
1331 1430 1424 1499 qui
1479 1430 1768 1510 hlemphim
1812 1433 2018 1488 incole-

450 1517 600 1584 bant,
643 1523 976 1587 convocatis,
1001 1523 1056 1576 ni
1077 1523 1266 1581 eadem
1287 1539 1406 1592 quae
1432 1533 1486 1578 et
1512 1524 1723 1595 Moyses
1754 1525 2014 1581 miracula

450 1609 746 1674 ofﬁcerent,
783 1620 1012 1668 mortem
1046 1615 1172 1677 illis,
1209 1615 1543 1686 deorumque
1593 1615 1734 1672 fanis
1797 1619 2014 1673 ruinam

450 1704 686 1759 minatus
714 1712 819 1758 est.
856 1703 958 1770 Qui
982 1707 1318 1762 carminibus
1363 1708 1607 1778 magicis,
1647 1715 1706 1761 ut
1743 1709 2013 1773 solebant,

448 1792 714 1855 dracones
758 1803 816 1853 ut
849 1810 1127 1867 serperent
1167 1799 1432 1862 fecerunt,
1490 1799 1836 1870 ﬂuminisque
1869 1802 2017 1856 colo-

2117 603 2264 666 λαὸν,
2292 601 2588 672 εὐξαμένου
2616 600 2710 653 τοῦ
2744 600 2950 669 Μωῦσῆ
3000 601 3134 671 πρὸς
3160 600 3250 653 τὸν
3273 600 3426 663 Θεὸν,
3471 601 3688 671 σεισμὸς

2121 695 2293 766 μέγας
2327 692 2463 764 μετά
2484 690 2723 761 χαλάζης
2747 690 3063 761 ἐνέσκηψεν,
3092 689 3166 752 ὼς
3202 689 3294 742 τὸν
3326 689 3593 758 φεύγοντα
3623 691 3689 744 ἐκ

2116 783 2224 841 τῶν
2255 784 2518 854 δωμάτων
2546 781 2637 834 τὸν
2669 781 2891 851 σεισμὸν
2920 778 3024 832 ὑπὸ
3059 779 3160 848 τῆς
3191 777 3430 848 χαλάζης
3458 779 3689 836 ἀπόλλυ-

2119 878 2272 940 σθαι,
2308 876 2431 939 τοὺς
2455 876 2499 929 δ’
2528 870 2595 928 αὖ
2633 873 2790 926 πάλιν
2830 872 2926 943 τὴν
2966 870 3202 942 χάλαζαν
3235 871 3500 923 ἐκκλίνειν
3523 870 3690 924 σπεύο

2116 969 2308 1032 δοντας
2335 967 2440 1019 ὑπὸ
2471 966 2563 1022 τοῦ
2599 963 2822 1034 σεισμοῦ
2857 961 3336 1032 καταφθείρεσθαι.

2197 1062 2284 1124 Ὠς
2315 1060 2370 1117 δὲ
2387 1059 2480 1112 καὶ
2509 1056 2774 1113 ἐπὶτοῦτο
2796 1055 3005 1125 ἔμεινεν
3021 1051 3392 1122 ἀδυσώπητος,
3414 1056 3478 1123 τῇ
3509 1053 3690 1125 ῥάϐδῳ

2115 1154 2176 1206 τὸ
2201 1151 2456 1204 Νειλώῖον
2486 1149 2630 1219 ὓδωρ
2663 1144 2923 1208 ἐπάταξε,
2947 1144 3042 1196 καὶ
3068 1144 3165 1212 τὴν
3203 1143 3473 1211 Αἴγυπτον
3509 1142 3690 1213 πλημ.

2121 1265 2191 1318 μυ
2200 1247 2368 1315 ρήσας
2383 1241 2682 1312 ὀποταμὸς,
2717 1239 2914 1311 μικροῦ
2937 1239 3046 1290 δεῖν
3075 1239 3252 1290 πᾶσαν
3271 1235 3586 1299 ἐπέκλυσεν,
3611 1237 3688 1300 ὡς

2117 1338 2301 1390 ἔκτοτε
2329 1337 2456 1406 ἀχρι
2489 1335 2583 1387 τοῦ
2617 1333 2712 1388 νῦν
2741 1332 3006 1387 ποιεῖσθαι
3038 1331 3196 1383 αὑτὸν
3228 1329 3323 1399 τὴν
3365 1327 3682 1382 κατάϐασιν.

2129 1431 2185 1482 Ὀ
2210 1428 2340 1498 γοῦν
2387 1425 2606 1498 Φαραὼ,
2645 1427 2770 1488 τοὺς
2799 1424 2938 1495 ὑπὲρ
2981 1423 3202 1492 Μέμφιν
3255 1424 3419 1492 ἱερεῖς
3451 1437 3688 1492 προσκα-

2115 1522 2432 1591 λεσάμενος,
2455 1518 2748 1588 ἠπείλησεν
2774 1516 2966 1579 αὐτούς
2986 1532 3043 1571 τε
3071 1515 3165 1568 καὶ
3197 1513 3402 1576 πάντας
3429 1514 3554 1576 τοὺς
3577 1512 3688 1565 τῶν

2116 1611 2345 1664 εἰδώλων
2375 1608 2693 1678 ἐξαφανίσαι
2731 1607 2948 1677 σηκοὺς,
2981 1607 3030 1662 εί
3063 1605 3136 1676 μὴ
3167 1604 3244 1675 τῷ
3274 1605 3480 1674 Μωῦσῇ
3512 1621 3688 1672 παρα-

2117 1701 2360 1773 πλησίως
2414 1700 2925 1772 τερατουργήσειαν.
2973 1698 3034 1750 Οί
3093 1697 3182 1759 δέ,
3237 1698 3357 1760 ταῖς
3416 1694 3688 1758 είωθυίαις

2117 1794 2391 1865 γοητείαις
2424 1794 2777 1865 χρησάμενοι,
2809 1791 3108 1862 δράκοντας
3132 1789 3379 1858 ἐξέρπειν
3406 1787 3692 1858 ἐποίησαν,

447 1901 560 1940 rem
593 1894 893 1951 mutarunt,
926 1889 999 1942 ita
1037 1897 1096 1943 ut
1131 1890 1216 1945 his
1237 1891 1456 1947 inﬂatus
1481 1891 1714 1954 Pharao,
1761 1893 2008 1948 max-imis

2118 1884 2211 1936 καὶ
2244 1881 2333 1934 τὸν
2370 1881 2607 1952 ποταμὸν
2640 1881 2857 1951 δοκήσει
2886 1879 3255 1950 μετέχρωσαν,
3290 1879 3364 1942 ὡς
3393 1880 3456 1931 ἐκ
3495 1879 3687 1931 τούτου

446 1979 726 2046 suppliciis
753 1979 969 2036 Judmos
992 1981 1255 2050 aﬂ‘ecerit;
1279 1991 1331 2038 et
1349 1982 1559 2055 Moyses
1584 1985 1780 2039 baculo
1801 1986 2014 2054 pulsata

445 2075 612 2131 terra,
645 2070 846 2123 alatum
885 2072 1084 2124 animal
1128 2073 1406 2143 produxit,
1447 2075 1589 2145 quod
1632 2075 2013 2148 IEgyptiorum

444 2159 688 2217 insidens
717 2164 1039 2232 corporibus
1070 2167 1334 2236 operosis,
1366 2168 1716 2237 molestisque
1738 2169 2014 2224 ulceribus

443 2250 802 2322 defatigabat,
861 2255 936 2309 ita
981 2265 1039 2310 ut
1089 2257 1482 2320 medicamenta
1531 2261 1736 2320 nullam
1787 2267 2013 2330 possent

443 2343 637 2404 aﬂ'erre
662 2347 970 2411 utilitatem.

513 2518 584 2573 Ut
615 2527 668 2574 et
698 2521 754 2574 in
787 2520 891 2576 hac
915 2522 1071 2594 plaga
1102 2522 1316 2581 Pharao
1347 2525 1636 2581 induratus
1671 2534 1756 2582 est
1790 2527 1854 2593 ¹³,
1887 2535 2012 2581 tan-

441 2605 564 2661 dem
615 2609 1005 2679 primogenitos
1045 2615 1210 2671 totius
1263 2614 1484 2688 Egypti
1541 2628 1713 2673 morte
1765 2618 2006 2674 delevit:

440 2715 610 2768 quare
633 2701 835 2774 ingenti
869 2705 1014 2766 luctu
1039 2706 1276 2779 Egypto
1300 2718 1564 2779 occupata
1587 2726 1617 2765 e
1642 2719 1788 2765 terra
1820 2727 2010 2766 omnes

439 2784 650 2846 Pharao
671 2790 887 2851 Judazos
913 2797 1114 2862 emisit,
1145 2800 1236 2869 qui
1269 2801 1492 2853 multam
1536 2802 1680 2855 viam
1711 2803 2006 2873 progressi,

440 2879 863 2955 ﬂuminibusque
904 2888 1115 2944 Arabiae
1142 2890 1406 2960 trajectis,
1446 2873 1606 2946 tertia
1634 2892 1722 2947 die
1773 2894 1828 2947 in
1861 2911 2010 2950 mare

440 2969 685 3031 Rubrum
725 2981 1074 3036 conveniunt.
1122 2979 1228 3036 Sed
1293 2981 1402 3037 Deo
1446 2999 1541 3038 cor
1591 2983 1893 3040 Pharaonis
1924 2986 2008 3040 in-

438 3061 688 3132 durante,
712 3084 908 3127 rursus
963 3071 1228 3143 Egyptii,
1289 3075 1687 3143 praeteritorum
1739 3079 2006 3132 malorum

439 3154 614 3222 obliti,
649 3175 772 3214 cum
805 3160 1088 3219 Pharaone
1111 3163 1382 3221 Israelitas
1432 3169 1900 3238 persequebantur
1941 3171 2005 3224 “.

2116 1975 2432 2044 τυφωθέντα
2475 1973 2566 2026 τὸν
2603 1971 2807 2050 Φαραίιζ
2836 1972 3075 2043 τιμωρίᾳ
3111 1971 3342 2044 μεγίστῃ
3385 1972 3510 2034 τοὺς
3556 1971 3689 2023 Ἰου-

2113 2067 2295 2130 δαίους
2335 2065 2643 2120 ὑποϐαλεῖν.
2683 2064 2793 2118 Καὶ
2837 2066 2865 2116 ὁ
2893 2063 3152 2131 Μωῦσῆς,
3180 2065 3244 2132 τῇ
3275 2061 3454 2132 ῥάϐδῳ
3487 2060 3689 2125 παίσας

2112 2159 2211 2230 τὴν
2236 2159 2358 2229 γῆν,
2383 2158 2582 2228 πτηνόν
2606 2175 2659 2210 τι
2683 2157 2818 2220 ζῶον
2841 2155 3134 2226 ἐξερπύσαι
3161 2154 3326 2224 αὐτὴν
3349 2153 3690 2225 παρεσκεύα-

2115 2268 2225 2316 σεν,
2285 2251 2420 2321 ὅπερ
2463 2252 2574 2312 τοῖς
2622 2247 2865 2317 σώμασιν
2924 2247 3175 2316 ἐφιζάνον
3217 2247 3325 2299 τῶν
3374 2245 3689 2314 Αἰγυπτίων

2113 2343 2370 2405 meast;
2393 2341 2622 2412 άνιαράς
2643 2341 2825 2403 αὐτοῖς
2849 2340 3159 2410 παρείχετο,
3185 2337 3260 2401 ὡς
3292 2337 3560 2408 μηδεμίαν
3587 2336 3688 2407 τὴν

2115 2435 2364 2506 ἰατρικὴν
2394 2435 2617 2503 ποιῆσαι
2649 2432 2855 2495 τούτοις
2882 2431 3202 2502 ἐπικουρίαν
3231 2427 3508 2482 δύνασθαι.

2192 2529 2278 2590 Ὡς
2303 2527 2361 2579 δὲ
2410 2527 2504 2578 καὶ
2547 2524 2640 2577 ἐπὶ⁸
2660 2523 2759 2593 τῆς
2813 2523 3074 2592 μάστιγος
3110 2520 3311 2590 ταύτης
3346 2517 3686 2590 ἐσκληρύνθη

2109 2618 2326 2693 Φαραὼ,
2351 2617 2654 2671 τελευταῖον
2684 2615 2896 2685 θανάτῳ
2925 2614 2991 2666 τά
3029 2613 3348 2685 πρωτότοκα
3385 2612 3483 2682 τῆς
3523 2608 3686 2678 Αίγύ-

2111 2726 2244 2763 πτου
2275 2709 2454 2780 πάσης
2487 2705 2744 2766 ὑπέϐαλε.
2777 2705 2884 2758 Καὶ
2901 2705 3128 2766 πένθους
3157 2702 3423 2760 ἐπὶτοῦτο
3447 2702 3687 2774 ἀμέτρου

2110 2801 2504 2864 καταλαϐόντος
2533 2801 2632 2872 τὴν
2656 2799 2951 2868 Αἴγυπτον,
2979 2798 3086 2850 ἀπὸ
3111 2797 3210 2866 τῆς
3234 2794 3414 2867 χώρας
3435 2791 3684 2862 παγγενῆ

2110 2895 2316 2956 πάντας
2348 2895 2376 2945 ὁ
2398 2891 2594 2963 Φαραὼ
2620 2894 2744 2955 τοὺς
2784 2891 3066 2954 Ἰουδαίους
3100 2888 3370 2958 ἐξέπεμψε
3393 2904 3406 2916 ·
3443 2886 3534 2938 καὶ
3559 2883 3688 2938 πολ·-

2108 2985 2205 3057 λὴν
2237 2979 2382 3038 οὗτοι
2413 2985 2530 3038 ὁδὸν
2569 2983 2933 3046 διανύσαντες,
2971 2982 3064 3034 καὶ
3101 2981 3227 3042 τοὺς
3283 2978 3536 3049 Ἀραϐίας
3567 2976 3685 3028 δια-

2109 3078 2299 3142 ϐάντες
2332 3079 2628 3149 ποταμοὺς,
2657 3079 2884 3148 τριταῖοι
2933 3076 3024 3128 ἐπὶ
3052 3075 3151 3145 τὴν
3185 3070 3448 3144 Ἐρυθρὰν
3485 3068 3682 3122 θάλασε

2113 3189 2210 3226 σαν
2243 3173 2620 3244 παρεγένοντο.
2649 3169 2754 3223 Τοῦ
2796 3169 2852 3222 δὲ
2881 3166 3015 3222 Θεοῦ
3055 3168 3151 3238 τὴν
3188 3165 3413 3236 καρδίαν
3447 3158 3683 3231 σκληρύ-

435 3265 624 3314 ναντος
655 3252 751 3305 τοῦ
796 3255 1014 3326 Φαραὼ,
1046 3258 1205 3312 πάλιν
1232 3260 1282 3311 οἱ
1319 3260 1604 3329 Αἰγύπτιοι
1639 3263 2020 3336 ἐπιλησθέντες
2061 3267 2168 3322 τῶν
2219 3268 2598 3340 προλαϐόντων
2647 3265 2852 3328 κακῶν,
2891 3266 3018 3327 τοὺς
3075 3261 3413 3333 Ἰσραηλίτας
3461 3257 3576 3326 ἅμα
3607 3253 3686 3324 τῷ

431 3341 630 3412 φαραὼ
670 3345 984 3408 ἐπεδίωκον.

508 3437 776 3496 Caeterum
805 3458 966 3499 nemo
988 3441 1326 3502 Pharaonem
1365 3446 1422 3502 in
1455 3464 1632 3504 rerum
1674 3451 2003 3522 agendarum

434 3535 710 3598 stuporem
735 3547 768 3586 a
793 3533 899 3589 Deo
947 3534 999 3588 vi
1027 3544 1274 3591 coactum
1330 3537 1530 3608 impelli
1564 3541 1870 3608 existimet;
1922 3549 2007 3598 et-

433 3618 579 3672 enim
603 3617 772 3675 Doum
800 3621 848 3677 is
880 3623 1161 3693 injustitiae
1187 3637 1431 3692 accusat,
1463 3630 1592 3685 dum
1609 3631 1775 3686 dicit:
1809 3631 1865 3686 Si
1889 3634 2008 3704 ipse

433 3721 520 3768 est
552 3713 644 3780 qui
676 3729 772 3767 cor
805 3715 1046 3780 indurat,
1077 3726 1138 3770 ut
1183 3719 1314 3788 quid
1361 3721 1616 3776 indurato
1678 3725 2007 3779 succenset?

437 3802 636 3858 Verum
668 3807 825 3870 sciat,
867 3807 966 3862 has
999 3811 1279 3881 plagarum
1336 3811 1588 3869 inducias
1641 3818 1884 3886 stuporis
1926 3818 2005 3871 illi

437 3910 661 3950 causam
700 3898 903 3966 fuisse;
934 3915 1055 3954 cum
1088 3903 1230 3955 enim
1263 3903 1314 3956 in
1348 3920 1469 3958 eum
1496 3907 1682 3976 plagas
1716 3907 2002 3974 inferebat,

437 3989 697 4057 populum
724 3991 994 4046 dimittere
1021 3995 1393 4063 promittebat;
1427 4013 1609 4052 verum
1646 3999 1737 4053 ubi
1790 4015 1820 4052 a
1875 4016 2007 4071 sup-

435 4081 615 4150 pliciis
645 4083 971 4148 abstinebat,
1016 4085 1105 4141 ille
1147 4086 1544 4157 indurabatur;
1582 4091 1686 4145 hoc
1731 4093 1900 4156 enim,
1951 4075 2005 4148 et

436 4173 615 4226 verbis
642 4175 775 4244 ipsis
807 4174 1088 4247 Scriptura
1112 4179 1269 4234 nobis
1320 4181 1582 4246 insinuat,
1627 4199 1751 4237 cum
1804 4186 1878 4238 ait
1909 4186 1952 4218 "
1987 4201 2001 4239 :

449 4262 638 4319 Videas
667 4278 841 4322 autem
875 4269 1108 4334 Pharao,
1142 4272 1279 4341 quod
1310 4273 1452 4342 facta
1507 4284 1641 4329 esset
1701 4278 2000 4344 respiratio,

437 4362 738 4427 aggravavit
760 4377 852 4414 cor
876 4378 1051 4427 suum,
1071 4372 1120 4416 et
1151 4381 1254 4417 non
1282 4365 1480 4419 audivit
1511 4383 1620 4431 eos,
1645 4368 1781 4421 sicut
1801 4368 2004 4422 loculus

432 4461 512 4506 est
531 4452 814 4516 Dominus;
845 4461 897 4508 et
921 4454 965 4486 ³⁸
989 4455 1085 4508 :ln
1114 4455 1208 4509 hoc
1231 4457 1399 4525 ipsum
1422 4461 1644 4521 excitavi
1668 4470 1733 4527 le,
1757 4469 1811 4514 ut
1841 4471 2006 4516 osten-

433 4543 560 4598 dam
587 4545 639 4606 in
672 4555 720 4599 te
745 4556 912 4605 totum
941 4549 1100 4608 robur
1132 4567 1325 4606 meum.

505 4725 638 4792 Quae
670 4726 799 4781 dum
831 4729 1011 4794 audis,
1041 4745 1172 4786 cave
1196 4731 1250 4786 ld
1290 4732 1434 4786 malo
1491 4747 1656 4788 sensu
1707 4733 1998 4805 percipias,

2176 3446 2381 3519 Μηδεὶς
2426 3446 2483 3498 δὲ
2513 3443 2760 3514 ὑπολάϐῃ
2809 3443 2900 3496 τὸν
2938 3438 3135 3512 Φαραὼ
3165 3438 3270 3491 ὑπὸ
3313 3436 3408 3491 τοῦ
3436 3435 3572 3490 Θεοῦ
3607 3437 3687 3500 είς

2107 3541 2460 3611 ἀναισθησίαν
2507 3540 2615 3592 τῶν
2655 3537 3040 3610 πραττομένων
3075 3537 3271 3605 χωρεῖν
3301 3533 3684 3594 ἐκϐιάζεσθαι·

2106 3634 2316 3698 ἀδικίας
2342 3633 2454 3704 γὰρ
2489 3631 2617 3695 ἴσως
2648 3630 2741 3683 τοῦ
2771 3629 2904 3688 Θεοῦ
2928 3629 2955 3680 ὀ
2983 3626 3222 3688 τοιοῦτος
3252 3624 3686 3694 καταψηφίζεται

2106 3729 2359 3796 φάσκων·
2391 3726 2453 3778 Et
2481 3725 2642 3787 αὐτὸς
2673 3721 2962 3793 σκληρύνει
2985 3721 3081 3791 τὴν
3107 3717 3354 3790 καρδίαν,
3382 3718 3435 3770 τί
3469 3717 3686 3788 μέμφετ-

2105 3838 2194 3873 ται
2228 3818 2304 3889 τῷ
2350 3815 2800 3888 σκληρυνομὲνῳ;
2844 3812 3004 3866 Ἀλλά
3038 3811 3374 3880 γινωσκέτω,
3406 3810 3488 3862 ὅτι
3517 3809 3685 3883 άνοχὴ

2105 3911 2212 3963 τῶν
2263 3909 2540 3980 μαστίγων
2587 3907 2738 3961 αίτία
2769 3906 2867 3976 τῆς
2907 3902 3217 3976 πωρώσεως
3249 3901 3396 3971 αὐτῷ
3443 3900 3681 3969 ἐγίνετοο

2105 4005 2266 4074 ἡνίκα
2302 4002 2410 4073 γὰρ
2446 4002 2650 4069 ἐπῆγεν
2698 4000 2783 4052 ἐπ’
2808 3998 2968 4051 αὐτὸν
3011 3998 3111 4059 τὰς
3159 3995 3393 4066 πληγάς,
3427 3993 3686 4047 ἀπολύειν

2103 4096 2194 4148 τὸν
2227 4095 2353 4148 λαὸν
2384 4092 2745 4165 ἐπηγγείλατο
2767 4107 2782 4122 ⁸
2820 4092 2983 4162 ἡνίκα
3013 4090 3069 4142 δὲ
3100 4089 3249 4158 ἠφίει
3284 4087 3391 4140 τῶν
3432 4085 3682 4157 βασάνων

2105 4187 2285 4248 αὐτὸν,
2335 4185 2718 4257 ἐσκληρύνετο·
2752 4183 2906 4236 τοῦτο
2933 4180 3040 4256 γάρ
3066 4181 3158 4232 ἐπὶ
3200 4178 3398 4242 λέξεως
3426 4177 3683 4248 σημαίνει

2105 4277 2198 4329 καὶ
2228 4278 2260 4346 ἡ
2284 4277 2473 4348 Γραφὴ
2499 4276 2752 4342 λέγουσα·
2787 4273 3039 4338 Ἰδὼν-ιδέ
3061 4271 3288 4340 Φαραὼ,
3315 4271 3403 4325 ὅτι
3437 4271 3684 4339 γέγονεν

2103 4369 2426 4437 (inciti-116cc,
2465 4367 2716 4434 ἐϐάρυνε
2745 4369 2859 4434 τὴν
2905 4365 3159 4432 καρδίαν
3187 4364 3396 4428 αὑτοῦ,
3441 4362 3541 4416 καὶ
3572 4365 3683 4416 οὐκ

2103 4459 2469 4526 είσήκουσεν
2502 4457 2718 4521 αὐτῶν,
2762 4455 3026 4523 καθάπερ
3045 4455 3352 4522 ἐλάλησεν
3379 4457 3412 4507 ὀ
3443 4455 3679 4520 Κύριος-ν

2104 4553 2220 4616 καὶ,
2245 4555 2349 4616 Εὶς
2369 4551 2514 4604 αὐτὸ
2529 4549 2704 4603 τοῦτο
2729 4547 3006 4617 ἐξήγειρά
3026 4564 3120 4613 σε,
3148 4547 3308 4612 ὅπως
3330 4545 3683 4613 ἐνδείξωμαι

2111 4646 2183 4698 ἐν
2212 4644 2311 4698 σοὶ
2338 4643 2546 4699 πᾶσαν
2576 4643 2690 4710 τὴν
2713 4642 2972 4711 δύναμιν
2991 4659 3133 4711 μου.

2188 4736 2323 4789 Ἀλλ’
2354 4735 2565 4788 ἀκούων
2595 4735 2667 4806 μὴ
2701 4735 2998 4806 δυσφήμως
3035 4733 3334 4806 ὑπολάϐῃς,
3361 4732 3553 4800 λέγων⁸
3583 4728 3682 4784 Διά

433 4817 621 4874 dicens
653 4837 666 4874 :
697 4819 844 4886 Quas
874 4822 946 4875 ob
979 4838 1174 4878 causas
1196 4839 1292 4878 eos
1325 4825 1478 4894 punit
1529 4825 1683 4894 prius
1727 4826 1870 4889 illos,
1936 4835 1995 4878 ut

2109 4829 2150 4882 τί
2167 4831 2482 4900 τιμωρεῖται
2505 4828 2719 4893 αὐτοὺς,
2744 4827 3058 4896 ἀντιστῆναι
3081 4825 3227 4896 αὐτῷ
3251 4821 3681 4895 παρασκευάζων

432 4908 538 4964 sibi
573 4911 810 4974 obstent,
840 4915 1190 4981 praeparans?
1227 4930 1396 4984 quare
1428 4916 1707 4984 vapulant,
1744 4917 1789 4971 si
1815 4918 1884 4971 ab
1913 4917 1999 4971 in-

425 5002 639 5071 justitia
668 5003 808 5059 Deus
833 5006 1125 5061 abhorret?
1150 5007 1253 5062 Sed
1277 5008 1416 5063 scito
1441 5010 1698 5078 primum,
1716 5025 1836 5080 quas
1852 5009 1995 5079 apud

434 5093 770 5166 Scripturam
788 5100 1065 5154 adversari
1084 5102 1186 5156 sibi
1208 5101 1480 5165 videntur,
1503 5117 1612 5158 non
1625 5103 1990 5170 discursibus,

429 5189 525 5242 sed
555 5192 815 5260 exemplis
838 5193 1185 5250 dissolvenda
1211 5211 1356 5250 esse.

495 5279 967 5362 Quemadmodum
1001 5288 1146 5341 enim
1175 5288 1506 5342 medicorum
1544 5288 1734 5358 optimi
1768 5289 1861 5358 qui
1893 5289 1996 5342 bu.

429 5365 594 5429 mano
634 5380 816 5446 generi
857 5380 1145 5435 commodo
1195 5381 1526 5450 utilitatique
1577 5397 1699 5437 esse
1755 5382 1998 5449 student,

430 5464 646 5520 decreto
672 5468 862 5523 ultimo
893 5473 1053 5525 morti
1084 5473 1340 5527 subacws
1368 5475 1796 5542 expostulantes,
1827 5490 1922 5530 eos
1945 5477 1999 5531 in

432 5559 673 5613 membra
699 5561 966 5629 incidunt,
1001 5574 1060 5618 ut
1085 5579 1180 5634 per
1211 5565 1372 5618 morti
1405 5566 1698 5632 obnoxios,
1748 5567 2000 5623 homines

431 5647 669 5708 fructum
699 5654 934 5724 aliquem
959 5665 1366 5728 consequantur
1399 5675 1413 5710 :
1465 5661 1546 5716 sic
1594 5659 1736 5716 Deus
1783 5674 1997 5715 omnem

2103 4921 2299 4986 αὐτόν;
2335 4919 2420 4972 διά
2448 4919 2499 4973 τί
2543 4920 2756 4983 τύπτει,
2802 4921 2849 4972 εἰ
2881 4918 2980 4971 οὐκ
3008 4917 3153 4971 ἐστιν
3203 4916 3384 4970 ἀδικία
3423 4914 3574 4986 παρὰ
3603 4913 3680 4984 τῷ

2101 5012 2253 5083 θεῴ;
2289 5014 2447 5067 Ἀλλὰ
2470 5014 2783 5082 γινωσκέτω
2806 5011 3042 5082 πρῶτον,
3071 5013 3152 5065 ὅτι
3172 5009 3240 5064 τά
3262 5007 3521 5062 δοκοῦντα
3541 5003 3681 5067 εἶναι

2101 5105 2490 5175 ἀντιλεγόμενα
2545 5104 2696 5178 παρὰ
2725 5107 2792 5178 τῇ
2844 5105 3056 5177 Γραφῇ,
3096 5103 3156 5156 οὐ
3202 5103 3501 5171 λογισμοῖς,
3546 5099 3682 5155 ἀλλά

2100 5199 2502 5270 παραδείγμασι
2530 5198 2733 5253 λύεται.

2173 5293 2383 5364 ’Ὠσπερ
2404 5291 2510 5364 γάρ
2533 5294 2580 5344 oi
2599 5294 2804 5362 ἄριστοι
2823 5290 2930 5343 τῶν
2955 5288 3170 5357 ἰατρῶν,
3199 5285 3471 5355 ὠφέλιμόν
3489 5301 3542 5337 τι
3559 5284 3682 5336 ἐπιο

2100 5382 2288 5453 νοῆσαι
2319 5385 2382 5453 τῇ
2429 5382 2740 5452 ἀνθρωπίνῃ
2776 5381 2934 5451 φύσει
2973 5379 3380 5441 σπουδάζον-τες,
3424 5377 3550 5438 τοὺς
3577 5374 3676 5428 θα-

2101 5479 2290 5546 νατικῇ
2319 5475 2588 5544 ἀποφάσει
2640 5473 3040 5542 ὑποϐληθέντας
3068 5469 3421 5539 αἰτησάμενοι
3451 5465 3680 5535 ἀνατέμ-

2099 5585 2302 5624 νουσιν.
2328 5568 2413 5620 ἵνα
2441 5567 2528 5620 διά
2551 5567 2658 5619 τῶν
2693 5565 2959 5617 ὑποδίκων
2982 5563 3057 5632 τῷ
3081 5562 3294 5632 θανάτῳ
3318 5559 3594 5629 ὠφέλιμόν
3622 5574 3676 5610 τι

2099 5664 2211 5728 τοῖς
2241 5660 2545 5732 ἀνθρώποις
2577 5658 2899 5739 ἐφεύρωσινο
2927 5657 3101 5721 οὕτως
3132 5658 3159 5710 ὁ
3191 5659 3368 5710 πᾶσαν
3397 5650 3680 5725 ἀνθρωπί-

503 5831 548 5876 ”
578 5830 752 5898 Εενοά,
785 5848 883 5898 χιι.
964 5834 1004 5871 ⁸³
1028 5833 1202 5894 Exod.
1251 5852 1361 5900 ιιν.
1437 5838 1478 5871 ¹³
1499 5835 1675 5902 Exod.
1709 5852 1828 5901 vin.
1907 5838 1950 5872 ⁸⁸
1975 5835 2152 5899 Exod.
2186 5854 2262 5900 ix.
