4112 6484
456 406 560 464 ῗδῠ

1370 401 1643 461 SPURIA.
1682 433 1750 445 --
1786 400 2140 460 COMMENT.
2180 400 2252 456 IN
2288 399 2787 457 BEXAEMEBON.

3598 407 3702 466 790

455 539 553 594 νην
585 520 774 590 σοφίαν
809 519 1149 594 ὑπερϐαίνων
1181 520 1312 585 Θεὸς
1340 521 1428 575 διὰ
1462 519 1557 575 τοῦ
1599 520 1814 575 ἀνίατον
1851 525 2004 593 ἡμαρ

2131 519 2427 574 humanam
2496 519 2818 589 sapientiam
2885 535 3193 591 superans,
3245 539 3343 595 per
3406 541 3531 581 eum
3606 530 3699 597 qui

452 612 679 685 τηκότος
726 611 925 683 Φαραὼ
975 614 1178 683 σημεῖα
1234 613 1442 683 μεγάλα
1488 613 1744 675 δείκνυσι,
1786 614 1876 667 τὸν
1926 615 2025 686 μὲν

452 702 604 769 ἄξιον
653 704 922 774 τιμωρίας
953 702 1216 768 κολάζων,
1250 704 1377 766 τοὺς
1415 703 1472 757 δὲ
1519 704 1656 773 μετὰ
1701 705 1875 760 ταῦτα
1898 723 2024 775 γεν-

451 791 725 863 νωμένους
754 792 1093 866 θεραπεύων,
1137 793 1409 864 σωτηρίας
1446 794 1700 850 ὑπόθεσιν
1730 795 1828 868 τὴν
1858 795 2024 851 αὑτοῦ

449 883 721 957 τιμωρίαν
745 885 929 949 αὑτοῖς
952 885 1340 957 παρεχόμενος.

517 1063 848 1133 Συναγαγὼν
878 1058 970 1118 οῦν
1009 1065 1191 1119 πᾶσαν
1216 1065 1318 1138 τὴν
1349 1065 1576 1137 δύναμιν
1610 1067 1640 1119 6
1669 1065 1887 1137 Φαραὼ,
1924 1068 2022 1140 ἆρ-

453 1172 598 1225 ματα
643 1156 741 1226 μὲν
783 1155 1051 1221 διακόσια,
1119 1157 1331 1211 ἱππέων
1383 1157 1440 1211 δὲ
1495 1159 1759 1229 μυριάδας
1790 1167 1861 1225 κ’,
1897 1161 2022 1224 τοὺς

460 1246 797 1320 Ἰσραηλίτας
843 1249 1082 1303 ἐδίωκεν.
1116 1250 1178 1304 0i
1215 1248 1293 1312 δὲ,
1327 1251 1691 1322 διαιρεθείσης
1729 1252 1830 1322 τῆς
1862 1253 2018 1322 Ἐρυ-

449 1341 586 1413 θρᾶς
641 1339 914 1412 θαλάσσης
969 1340 1074 1395 ὑπὸ
1100 1341 1397 1406 Μωὺσέως,
1451 1343 1831 1413 προστάγματι
1882 1342 2017 1397 Θεοῦ

448 1432 798 1500 ἐπορεύοντοο
833 1432 926 1485 καὶ
965 1431 1251 1500 Αἰγύπτιοι
1300 1432 1528 1485 κατόπιν
1558 1433 1734 1486 αὐτῶν
1774 1433 2022 1487 ἐλαύνον-

448 1540 538 1587 τες
565 1521 1071 1593 κατεποντώθησαν,
1093 1524 1160 1593 τῇ
1195 1521 1375 1594 ῥάϐδῳ
1413 1524 1507 1578 τοῦ
1541 1525 1817 1589 Μωὺσέως
1844 1525 2019 1581 πατά-

449 1613 655 1680 ξαντος,
682 1615 776 1669 καὶ
796 1615 1191 1683 συναγαγόντος
1211 1614 1280 1669 τά
1310 1615 1498 1669 ὕδατα.
1691 1609 1697 1613 ’

517 1707 593 1777 Τῇ
627 1705 672 1759 δ’
697 1705 954 1778 ὑστεραίᾳ
977 1705 1262 1777 ἡμέρᾳηὰ
1294 1706 1430 1760 ὅπλα
1461 1707 1570 1762 τῶν
1600 1707 1911 1777 Αίγυπτίων
1938 1710 2016 1782 τῷ

446 1796 636 1870 πλήθει
658 1798 764 1851 τῶν
799 1799 1062 1872 Ἐϐραίων
1084 1801 1425 1871 προσήνεγκε
1457 1801 1516 1854 τὸ
1546 1800 1687 1873 ὕδωρ
1710 1802 2014 1872 ὠθούμενον
2042 1822 2051 1873 ἡ

2127 613 2245 667 sine
2291 625 2389 681 spe
2434 611 2542 665 ulla
2580 610 2860 666 medicina:
2900 614 3146 682 peccavit
3172 613 3508 674 Pharaonem
3542 620 3696 690 signa

2125 718 2322 774 magna
2382 702 2643 767 ostendit,
2709 717 2835 758 eum
2892 703 2986 773 qui
3043 708 3311 776 supplicio
3359 710 3561 780 dignus
3611 720 3697 768 est

2123 794 2433 864 castigans,
2483 801 2538 848 et
2600 808 2696 849 eos
2751 793 2844 863 qui
2895 794 2974 848 illi
3040 800 3332 853 succedent
3388 802 3581 859 fovens
3637 812 3693 859 et

2123 901 2347 952 sanans,
2401 886 2593 943 salutis
2645 887 2984 956 punitionem
3023 888 3170 945 illius
3218 892 3477 949 exhibens
3529 911 3690 967 argu-

2121 988 2386 1035 mentum.

2192 1071 2379 1141 itaque
2422 1070 2637 1127 Pharao
2662 1072 2704 1104 ¹⁷
2753 1073 3009 1129 universo
3058 1075 3300 1130 exercitu
3344 1088 3642 1136 convocato
3667 1122 3683 1147 ,
3749 1060 3761 1074 ’

2119 1162 2373 1218 curribus
2403 1163 2673 1226 ducentis,
2707 1165 2949 1234 equitatu
2981 1164 3048 1218 ad
3075 1166 3295 1235 triginta
3353 1171 3540 1237 millia,
3593 1188 3687 1229 su-

2119 1253 2440 1323 perveniens
2470 1253 2743 1311 lsraelitas
2772 1256 3122 1325 sequebatur,
3152 1259 3245 1328 qui
3282 1275 3432 1315 mare
3474 1260 3682 1330 Rubro,

2120 1342 2194 1394 ita
2222 1341 2448 1410 jubente
2478 1342 2610 1407 Deo,
2645 1345 2700 1398 in
2734 1345 2868 1401 duas
2893 1354 3075 1415 partes
3103 1348 3279 1405 diviso
3304 1366 3400 1421 per
3423 1350 3684 1426 Moysem,

2118 1433 2223 1487 iter
2247 1434 2538 1501 habebant,
2573 1444 2627 1490 et
2648 1434 2890 1507 Egyptit
2927 1451 3147 1511 aversos
3196 1456 3294 1496 eos
3341 1442 3683 1515 invadentes,

2118 1523 2361 1580 immersi
2384 1532 2532 1590 sunt,
2566 1526 2761 1582 baculo
2794 1527 2976 1599 Moyse
3003 1531 3359 1599 percutiente,
3411 1541 3465 1590 et
3514 1551 3682 1608 aquas

2116 1613 2172 1668 in
2214 1630 2380 1669 unum
2407 1626 2790 1688 congregante.

2186 1703 2414 1762 Postero
2438 1705 2526 1762 die
2537 1706 2914 1779 Egyptiorum
2932 1726 3080 1766 arma
3095 1712 3161 1768 ad
3175 1715 3574 1773 multitudinem
3585 1718 3683 1774 Ju-

2117 1798 2354 1853 daeorum
2372 1814 2568 1870 aquam
2587 1809 2746 1856 vento
2762 1802 3012 1873 pellente,
3032 1797 3207 1861 delata
3230 1815 3377 1862 sunt.
3392 1808 3456 1862 Et
3470 1808 3683 1882 Moyses

444 1890 548 1945 ὑπὸ
573 1890 665 1944 τοῦ
698 1871 1021 1961 πνεύματος.
1045 1892 1155 1945 Καὶ
1179 1893 1207 1944 6
1229 1891 1466 1963 Μωῦσῆς
1489 1871 1713 1958 εἰκάσας
1740 1895 1835 1948 καὶ
1857 1871 2005 1949 τοῦτε

2117 1890 2221 1944 hoc
2245 1907 2461 1961 quoque
2481 1891 2666 1946 divina
2695 1892 3038 1950 Providentia
3059 1898 3353 1970 contigisse
3375 1910 3527 1958 ratus
3559 1871 3682 1959 'illis

442 1986 505 2055 τῇ
538 1983 632 2038 τοῦ
662 1982 796 2036 Θεοῦ
829 1982 1155 2053 γεγενῆσθαι
1185 1984 1431 2055 προνοίᾳ,
1451 1984 1736 2039 ἐκέλευσεν
1761 1986 1899 2041 αὑτὰ
1919 2005 2016 2041 πο-

442 2075 718 2147 ρίσασθαι,
760 2077 909 2140 ὅπως
944 2075 1019 2148 μὴ
1060 2072 1167 2131 εἷεν
1207 2076 1446 2131 ἄνοπλοι.
1484 2077 1855 2147 Ἀφικνοῦνται
1883 2080 2014 2150 γοῦν

438 2169 520 2233 είς
538 2167 638 2238 τὴν
660 2167 881 2241 ἔρημον.
1285 2212 1290 2217 .

508 2258 620 2313 Καὶ
646 2257 676 2310 6
715 2256 1037 2328 Ῥαγουῆλος
1067 2258 1162 2311 καὶ
1206 2257 1390 2330 Ἰοθὼρ
1418 2258 1595 2330 (διώνυ
1603 2277 1701 2330 μσς
1720 2258 1828 2331 γὰρ
1850 2259 2013 2330 ἐτύγ-

438 2351 619 2423 χανεν)
640 2353 944 2419 ἀφικνεῖται
966 2349 1102 2421 πρὸς
1120 2350 1211 2404 τὸν
1224 2351 1482 2422 Μωῦσῆν,
1502 2352 1839 2423 ἐπαγόμενος
1866 2352 2013 2425 αὑτῷ

437 2442 532 2513 τὴν
544 2443 777 2510 γυναῖκα
800 2441 893 2494 καὶ
920 2441 1047 2503 τοὺς
1058 2438 1209 2503 υἱούς
1228 2457 1242 2472 θ
1265 2441 1359 2494 καὶ
1378 2440 1563 2511 μαθὼν
1582 2442 1760 2495 πᾶσαν
1775 2444 1905 2514 παρ’
1918 2444 2015 2497 αὑ-

435 2530 527 2586 τοῦ
575 2532 674 2601 τὴν
707 2532 827 2585 κατ’
871 2530 1182 2600 Αἰγυπτίων
1226 2529 1320 2584 τοῦ
1366 2530 1500 2583 Θεοῦ
1549 2528 2008 2602 θαυματουργίαν,

435 2623 774 2694 κατεπλάγη,
808 2622 903 2676 καὶ
938 2620 1154 2687 ἐδόξασε
1186 2622 1277 2675 τὸν
1319 2604 1471 2676 Θεόνξ
1500 2618 1609 2676 Ἦν
1643 2623 1701 2676 δὲ
1732 2618 1904 2689 οὗτος,
1934 2623 2011 2689 ὥς

435 2734 587 2785 φασι,
632 2715 724 2771 τοῦ
767 2715 1017 2787 Ἀϐραὰμ
1047 2716 1332 2784 ἀπόγονος,
1370 2713 1428 2782 ἐξ
1473 2717 1590 2781 ἐνὸς
1635 2716 1744 2770 τῶν
1775 2718 1841 2770 ἐκ
1870 2720 2010 2772 Χετ-

432 2808 628 2880 τόυρας
682 2808 1048 2880 γεννηθέντων
1074 2808 1222 2879 αὑτῷ
1250 2809 1492 2880 τεχθείςο
1524 2811 1587 2862 ἐκ
1631 2809 1740 2881 γὰρ
1767 2808 1861 2864 τοῦ
1908 2812 2007 2864 Ἰε-

433 2900 532 2966 ζὰν
578 2900 793 2970 ἐγένετο
844 2901 1036 2966 Δάδαν,
1092 2901 1378 2973 Ῥαγουὴλ,
1425 2901 1610 2973 Ἰοθὼρ
1683 2904 1778 2956 καὶ
1818 2902 2004 2957 ’06ά6.

430 2990 629 3058 Δεξιῶς
659 2986 751 3045 οὖν
796 2990 958 3045 αὑτὸν
993 2990 1524 3061 φιλοφρονησάμενος
1572 2993 1600 3045 6
1629 2991 1890 3061 Μωῦσῆς,
1925 2994 2008 3055 είς

430 3085 556 3148 τώς
586 3085 819 3148 οἰκείους
845 3084 1044 3148 τόπους
1073 3083 1446 3155 προέπεμψεν.
1977 3080 1982 3085 ’

499 3179 673 3244 Αὐτὸς
703 3179 758 3233 δὲ
787 3178 987 3241 πολλάς
1027 3178 1163 3248 πρὸς
1190 3177 1250 3230 τὸ
1279 3179 1546 3248 χρήσιμον
1582 3178 1695 3239 τοῖς
1737 3175 2006 3248 Ἑϐραίοις
2029 3201 2072 3260 C

429 3270 795 3343 νομοθετήσας
819 3271 847 3321 6
878 3267 1131 3336 Μωῦσῆςι
1148 3267 1487 3339 ἐτελεύτησε,
1526 3266 1725 3336 βιώσας
1753 3268 1846 3339 ἐτη
1881 3268 1964 3340 ρκ’
1982 3285 1997 3299 ο

425 3369 520 3420 καὶ
566 3362 765 3432 Ἰησοῦς
792 3361 820 3412 6
851 3359 1008 3429 Ναυῆ
1039 3361 1137 3431 τὴν
1166 3358 1460 3429 ἠγεμονίαν
1487 3358 1652 3412 αὑτοῦ
1683 3359 2000 3429 διαδέχεται,

427 3454 523 3507 καὶ
555 3452 738 3520 ἐξάγει
785 3452 883 3521 τῆς
916 3452 1121 3522 ἐρήμου
1146 3450 1235 3504 τὸν
1268 3450 1417 3517 λαὸν,
1445 3450 1539 3520 ἐτη
1569 3451 1621 3520 μ’
1652 3452 1709 3503 ἐν
1728 3451 1871 3521 αὑτῇ.
1885 3453 2001 3512 δια-

425 3543 711 3615 τρίψαντα,
752 3544 835 3612 ἐφ’
863 3537 931 3613 ἦς
958 3542 1036 3594 ἔτι
1063 3541 1134 3595 τὰ
1186 3541 1304 3613 ίχνη
1331 3542 1430 3612 τῆς
1481 3545 1851 3614 κατοικήσεως
1893 3544 2002 3597 τῶν

440 3634 702 3688 Ἰουδαίων
731 3634 978 3699 σώζεται.
1006 3636 1066 3687 Οἱ
1096 3634 1205 3706 γὰρ
1229 3636 1389 3706 χάριν
1419 3635 1662 3705 ἱστορίας
1682 3638 1796 3698 τοῖς
1814 3634 2001 3698 τόποις

426 3723 878 3795 ἐπιδημήσαντες,
911 3723 1020 3776 τῶν
1055 3723 1269 3793 σκηνῶν
1309 3723 1513 3787 τύπους
1544 3724 1624 3776 ἔτι
1678 3724 1999 3777 συνεστάναι

423 3815 735 3887 διηγοῦνται
778 3817 971 3887 μυρίου
1036 3816 1276 3887 πλήθους
1314 3815 1664 3887 ὑπαρχούσας
1738 3814 2001 3888 [Ῑ.ὑπαρ-

423 3906 751 3980 χουσῶν],τό
768 3923 830 3962 τε
891 3908 1100 3961 Σιναῖον
1128 3907 1253 3979 ὅρος
1282 3907 1620 3979 θεωρεῖσθαι,
1669 3908 1797 3979 παρ’
1821 3901 1866 3975 ᾧ
1896 3909 1998 3974 τὰς

425 3995 745 4068 νομοθεσίας
795 4001 824 4052 6
859 3996 1105 4067 Μωῦσῆς
1150 3997 1364 4070 εἴληφε,
1406 3998 1502 4050 καὶ
1557 3996 1767 4050 ἕκαστα
1792 3995 1901 4049 τῶν
1939 3996 2000 4050 ἐν

428 4087 498 4158 μέ
505 4103 586 4159 ρει
619 4087 1137 4162 ἀναγεγραμμένων.

493 4179 761 4251 Ζητητέον
798 4178 875 4232 δέ’
897 4182 959 4233 Οί
1001 4179 1239 4252 Ἑϐραῖοι
1271 4180 1328 4233 ἐν
1357 4181 1421 4251 τῇ
1454 4177 1713 4250 Αἰγύπτῳ
1739 4176 1998 4250 παρῴκη-

423 4287 525 4324 σαν
547 4270 641 4342 ἐτη
671 4277 715 4322 υ¹
732 4272 824 4324 καὶ
847 4271 912 4336 λ’,
939 4270 1035 4323 καὶ⁸
1060 4271 1181 4341 ούχὶ
1200 4277 1258 4324 ιε’
1289 4271 1382 4324 καὶ
1403 4270 1729 4340 διακόσιαοή
1769 4271 1866 4340 μὲν
1888 4268 1998 4341 γὰρ

420 4361 530 4418 τῶν
581 4363 786 4433 χρόνων
816 4362 1014 4433 ἐφεξῆς
1065 4362 1354 4433 ἀναγραφὴ
1402 4369 1497 4415 σιε¹
1532 4362 1807 4433 σημαίνει,
1863 4362 1896 4431 ἡ
1938 4360 1997 4413 δὲ

422 4451 612 4523 Γραφὴ
647 4458 691 4504 υ¹
728 4453 822 4505 καὶ
857 4451 920 4506 λ’.
961 4452 1123 4521 Λέγει
1159 4454 1286 4525 γάρ,
1316 4452 1399 4505 ὅτι
1432 4451 1715 4520 πάροικον
1734 4452 1905 4505 ἔσται
1928 4449 1994 4504 τὸ

417 4541 661 4612 σπέρμα
685 4542 792 4597 τοῦ
819 4542 1077 4614 Ἀϐραὰμ
1098 4545 1169 4598 ἐν
1187 4543 1265 4614 γῇ
1285 4544 1575 4612 ἀλλοτρίᾳ
1592 4543 1698 4612 ἔτη
1720 4546 1835 4598 υλθ.

489 4636 714 4708 Πρῶτον
744 4637 841 4707 μὲν
867 4633 959 4690 οὑν
988 4637 1366 4708 ἐπιτηρητέον,
1389 4638 1471 4690 ὅτι
1497 4637 1598 4689 οὑκ
1624 4634 1778 4688 εἶπεν
1803 4636 1874 4688 ἐν
1896 4637 1995 4688 Αί-

418 4729 640 4798 γύπτφ,
672 4727 787 4781 ἀλλ’
817 4728 887 4780 ἐν
946 4726 1025 4796 γῇ
1069 4728 1355 4796 ἀλλοτρίᾳ
1384 4728 1674 4796 πάροικον
1723 4727 1893 4782 ἔσται
1923 4726 1992 4780 τὸ

418 4817 657 4887 σπέρμα
702 4814 808 4870 τοῦ
863 4815 1120 4885 Ἀϐραάμ
1143 4833 1154 4845 '
1181 4817 1440 4887 ἀλλοτρία
1482 4816 1541 4869 δέ
1581 4816 1792 4887 ὑπῆρχε
1833 4816 1929 4869 καὶ
1955 4817 1988 4885 ή

417 4909 698 4964 Χαναναία
743 4909 836 4980 γῆ.
880 4910 946 4979 ἢν
978 4907 1306 4979 παρῴκησεν
1337 4910 1366 4962 6
1407 4907 1612 4970 Ἰσαὰκ,
1642 4908 1864 4981 σπέρμα
1892 4907 1988 4960 τοῦ

428 5001 678 5074 Ἀϐραὰμ
734 5001 841 5073 πρὸ
883 5000 1100 5054 πάντων
1143 5000 1305 5064 αὑτὸς
1351 5001 1632 5069 τυγχάνων
1678 4998 1952 5071 ἐξαίρετον
1971 5015 1984 5027 -

416 5093 532 5158 υἱὸς
546 5093 653 5166 γὰρ
680 5088 769 5165 ῆν.
787 5092 954 5164 Δῆλον
974 5088 1089 5157 οὖν,
1107 5093 1188 5145 ὅτι
1206 5092 1312 5164 πρὸ
1339 5091 1431 5146 τοῦ
1457 5091 1861 5163 κληρονομῆσαι
1878 5090 1987 5142 τῶν

415 5183 727 5252 ἀλλοφύλων
738 5184 837 5255 τὴν
850 5182 975 5255 γῆν,
988 5182 1232 5254 ὑπῆρχον
1249 5182 1500 5253 πάροικοι
1517 5181 1709 5252 μέχρις
1726 5180 1862 5234 ἐτῶν
1888 5179 1984 5244 υλ’,

417 5271 493 5336 ὥς
517 5291 621 5327 που
641 5277 735 5329 καὶ
762 5277 791 5330 6
828 5274 1145 5338 ’Δπόστολος
1163 5275 1328 5343 λέγει·
1358 5273 1656 5341 Διαθήκην
1696 5287 1987 5341 προκεκυο

406 5366 682 5436 ρωμένην
706 5367 826 5422 ὑπὸ
861 5366 1009 5423 Θεοῦ
1028 5367 1177 5436 μετὰ
1203 5366 1306 5434 ἐτη
1328 5369 1442 5429 υλ’,
1470 5367 1556 5430 είς
1592 5364 1659 5418 τὸ
1689 5378 1988 5433 καρποφο-

410 5457 595 5527 ρῆσαι
647 5458 765 5527 τὴν
816 5459 1210 5529 ἐπαγγελίαν
1260 5458 1353 5511 καὶ
1408 5457 1660 5527 ἐπιφέρει
1691 5472 1706 5487 ο
1775 5455 1859 5521 Τῷ
1916 5455 1986 5508 δὲ

424 5549 679 5619 Ἀϐραὰμ
705 5549 780 5602 δι’
804 5551 1163 5620 ἐπαγγελίας
1198 5548 1519 5617 ἐχαρίσατο
1563 5550 1596 5600 ό
1626 5547 1788 5612 Θεός.
1825 5545 1985 5607 Εἰκὸς

408 5636 523 5705 οὖν,
552 5642 635 5695 ὅτι
667 5641 726 5692 ἐν
759 5641 857 5712 μὲν
905 5645 970 5713 τῇ
1006 5640 1285 5711 Χαναναία
1326 5647 1420 5694 σιε¹
1453 5638 1808 5711 παρῴκησαν,
1839 5639 1896 5691 ἐν
1925 5638 1983 5690 δὲ

482 5800 526 5835 ⁸⁷
553 5796 725 5853 Exod.
762 5813 870 5853 xiv.
951 5798 992 5831 ¹⁸
1016 5797 1188 5857 Exod.
1216 5815 1369 5855 xvm.
1449 5797 1489 5830 ‘9
1518 5796 1668 5852 Deut.
1695 5811 1807 5851 xw.
1854 5864 1861 5869 θ
1900 5795 1945 5827 ³ο
1969 5791 2097 5852 Gen.
2130 5809 2219 5849 xv.

2114 1996 2177 2036 ea
2204 1981 2306 2036 sibi
2335 1996 2652 2052 comparare
2671 1984 2968 2051 mandavit,
2992 2002 3063 2042 ne
3113 1988 3232 2044 sine
3269 1992 3434 2048 armis
3474 1992 3676 2048 forent.

2113 2071 2417 2128 Deveniunt
2445 2075 2659 2130 tandem
2684 2075 2741 2130 in
2775 2075 3050 2133 desertum
3082 2078 3147 2135 ⁸⁸.

2186 2246 2250 2301 Et
2281 2247 2574 2321 Ragueius,
2618 2249 2733 2305 sive
2768 2249 2973 2317 Iothor,
3010 2259 3242 2324 utraque
3293 2256 3440 2311 enim
3488 2250 3681 2329 appelé

2112 2338 2315 2393 latione
2346 2341 2785 2411 nuncupabatur,
2811 2345 2960 2399 venit
2989 2345 3058 2399 ad
3106 2345 3365 2419 Moysem,
3416 2348 3493 2403 illi
3541 2365 3678 2406 uxo-

2112 2445 2227 2484 rem
2260 2429 2508 2502 ﬁliosque
2533 2432 2791 2499 afl‘erens;
2813 2434 2907 2505 qui
2934 2451 3057 2490 cum
3084 2443 3257 2490 totum
3291 2437 3384 2492 Dei
3411 2439 3679 2497 adversus

2112 2518 2401 2591 Egyptios
2439 2536 2578 2592 opus
2600 2524 2920 2581 admirabile
2942 2526 3206 2594 audisset,
3240 2529 3674 2600 obstupefactus,

2109 2613 2338 2685 gloriam
2366 2615 2517 2670 dedit
2549 2616 2677 2672 Deo.
2723 2619 2855 2673 Erat
2902 2635 3033 2676 vero
3070 2620 3179 2686 hic,
3239 2629 3298 2677 ut
3348 2621 3549 2691 ferunt,
3608 2641 3678 2681 ex

2107 2706 2384 2761 Abraham
2427 2709 2716 2774 oriundus,
2748 2725 2816 2766 ει
2858 2728 2968 2767 uno
3008 2712 3263 2779 filiorum,
3286 2731 3423 2785 quos
3474 2714 3564 2772 ill'e
3607 2732 3675 2775 ex

2108 2797 2376 2853 Chettura
2403 2800 2615 2867 habuit,
2643 2810 2836 2870 natus;
2864 2820 2929 2859 ex
2942 2802 3105 2860 Jezan
3118 2806 3261 2861 enim
3285 2817 3444 2865 natus
3466 2817 3550 2864 est
3566 2807 3675 2864 Da-

2107 2891 2234 2956 dan,
2264 2893 2489 2964 Raguel,
2520 2892 2702 2949 lothor
2731 2903 2785 2948 et
2811 2892 2983 2949 Obah.
3018 2894 3174 2950 Hunc
3219 2896 3451 2970 Moyses,
3476 2901 3552 2954 uti
3579 2916 3677 2971 par

2105 2990 2245 3050 erat,
2269 2984 2603 3053 perhumane
2627 2993 2908 3055 acceptum
2933 2985 2988 3040 in
3022 2988 3242 3059 propria
3271 2989 3391 3043 loca
3444 2989 3676 3047 dimisit.

2181 3154 2378 3211 Verum
2408 3156 2622 3229 Moyses
2658 3158 2724 3223 ι’,
2756 3159 2943 3215 multis
2990 3160 3201 3231 legibus
3255 3161 3490 3219 maximo
3545 3180 3672 3221 cum

2102 3247 2474 3303 emolumento
2504 3246 2705 3304 Judaeis
2730 3249 2877 3316 latis,
2902 3259 3151 3306 mortuus
3178 3260 3279 3316 est,
3305 3255 3481 3309 aetatis
3503 3270 3676 3310 anno-

2101 3353 2224 3392 rum
2245 3353 2373 3407 cxx,
2414 3345 2468 3395 et
2493 3338 2653 3395 Jesus
2680 3340 2822 3396 ﬁlius
2838 3340 2983 3395 Nave
3007 3342 3286 3414 c0pi'arum
3318 3344 3514 3399 ductor
3546 3362 3675 3402 suc--

2101 3429 2266 3495 cedit,
2300 3438 2353 3485 et
2384 3431 2640 3500 papulum
2669 3432 2722 3484 in
2756 3432 3101 3487 solitudinem
3126 3436 3672 3507 annosquadraginta

2101 3530 2497 3575 commoratum
2525 3521 2732 3589 eduxit,
2761 3523 2817 3575 in
2846 3539 2953 3591 qua
2982 3523 3161 3580 adhuc
3179 3523 3489 3580 Judaaorum
3518 3528 3673 3582 babi-

2098 3609 2324 3664 tationis
2348 3610 2577 3679 vestigia
2633 3610 3199 3682 integracernuntur.
3241 3613 3345 3680 Qui
3393 3616 3538 3671 enim
3590 3618 3671 3673 vi-

2100 3701 2254 3757 sendi
2278 3716 2444 3758 causa
2473 3702 2541 3757 ad
2573 3703 2661 3756 illa
2681 3703 2797 3757 loca
2820 3703 3045 3772 profecti
3073 3712 3222 3771 slmt,
3256 3706 3434 3762 adhuc
3465 3706 3672 3766 formas

2101 3793 2455 3847 tentoriorum
2488 3792 2713 3848 infinita:
2743 3794 3111 3850 multitudinis
3156 3798 3399 3868 conspici
3453 3813 3671 3854 asseve-

2098 3891 2244 3950 rant,
2275 3892 2329 3941 et
2348 3884 2592 3943 Sinaium
2641 3893 2880 3942 montem
2910 3887 3086 3943 adhuc
3109 3894 3274 3953 stare,
3302 3890 3357 3944 in
3387 3905 3496 3960 quo
3526 3893 3668 3962 leges

2099 3978 2314 4050 Moyses
2335 3979 2564 4049 accepit,
2622 3986 2678 4035 et
2733 3965 3071 4051 quascunque
3127 3981 3402 4051 sigillatim
3447 3985 3667 4055 scriptis

2094 4073 2314 4145 prodita
2337 4083 2482 4129 sunt.

2166 4165 2530 4232 Quaerendum
2562 4173 2743 4220 tamen
2767 4171 2888 4219 est:
2913 4162 3124 4218 Hebraei
3153 4163 3208 4218 in
3238 4163 3473 4236 Egypto
3505 4167 3665 4223 habi.

2094 4265 2284 4319 tarunt
2312 4257 2470 4313 annis
2503 4270 2630 4312 cccc
2656 4264 2836 4309 clxxx
2886 4262 2939 4309 et
2962 4270 3069 4310 non
3117 4255 3428 4325 quindecim
3466 4266 3520 4311 et
3560 4274 3663 4327 cc;

2096 4364 2222 4404 nam
2254 4354 2562 4416 temporum
2594 4345 2910 4400 continuata
2941 4345 3257 4415 descriptio,
3286 4338 3421 4400 ccxv
3463 4346 3663 4417 innuit,

2097 4441 2190 4495 sed
2224 4439 2503 4508 Scriptura
2532 4451 2771 4491 ccccxxx
2797 4453 2811 4501 ;
2844 4436 2920 4489 ait
2949 4451 3181 4506 namque
3203 4437 3247 4468 ²⁰
3276 4457 3287 4491 :
3320 4436 3664 4507 Peregrinum

2023 4538 2070 4592 D
2092 4531 2199 4597 erit
2225 4546 2399 4583 semen
2435 4527 2665 4582 Abrahae
2695 4529 2751 4581 in
2782 4537 2923 4581 terra
2951 4526 3125 4580 aliena
3163 4543 3329 4582 annos
3351 4543 3608 4584 ccccxxx.

2168 4620 2408 4676 Primum
2457 4622 2641 4691 itaque
2702 4618 3124 4682 observandum,
3171 4634 3282 4674 non
3328 4618 3555 4685 dixisse,
3610 4621 3663 4676 in

2095 4712 2350 4785 Egypto,
2372 4713 2465 4769 sed
2486 4716 2539 4768 in
2573 4722 2714 4768 terra
2751 4714 2926 4766 aliena
2964 4712 3293 4783 peregrinum
3343 4714 3442 4766 erit
3491 4729 3665 4767 semen

2094 4807 2344 4862 Abrahaz.
2403 4807 2595 4861 Aliena
2640 4817 2822 4862 autem
2877 4813 2999 4861 erat
3049 4813 3104 4862 et
3167 4813 3311 4861 terra
3364 4804 3663 4873 Chanaam,

2090 4914 2258 4968 quam
2288 4898 2555 4952 habitavit
2575 4896 2749 4962 Isaac,
2772 4898 2868 4968 qui
2910 4912 3023 4967 pra:
3044 4897 3301 4953 omnibus
3334 4898 3450 4967 ipse
3477 4913 3663 4951 semen

2090 4989 2324 5044 Abrahae
2351 4998 2469 5043 erat
2496 4989 2777 5044 eximium.
2808 4988 2938 5042 Erat
2979 4990 3181 5060 quippe
3232 4988 3396 5043 filius.
3436 4988 3668 5043 Manife-

2093 5091 2238 5136 stum
2268 5081 2451 5150 itaque
2489 5087 2594 5146 est,
2628 5095 2724 5135 eos
2772 5088 3064 5153 antequam
3120 5088 3470 5136 externorum
3506 5090 3666 5136 terra:

2093 5173 2338 5229 hmrcdes
2378 5171 2509 5226 facti
2560 5171 2814 5237 fuissent,
2852 5172 3174 5242 peregrinos
3227 5171 3443 5241 palasse
3489 5186 3664 5246 annos

2091 5285 2354 5333 ccccxxx,
2383 5264 2839 5338 quemadmodum
2857 5274 2912 5320 et
2929 5265 3222 5336 Apostolus
3247 5266 3324 5319 ait
3350 5264 3394 5295 “
3426 5284 3440 5320 :
3479 5264 3660 5320 Testa-

2091 5374 2322 5416 mentum
2347 5359 2857 5431 pra'delerminalum
2885 5374 2916 5410 a
2941 5357 3044 5411 Deo
3069 5366 3185 5426 post
3208 5373 3373 5411 annos
3403 5371 3663 5422 ccccxxx,

2090 5461 2150 5505 ut
2181 5452 2526 5520 fructiﬁcaret
2554 5449 2871 5518 promissio;
2919 5455 2973 5503 et
3008 5449 3211 5516 subdit,
3262 5448 3531 5503 Abraham
3564 5465 3665 5503 au-

2090 5554 2195 5598 tem
2230 5560 2323 5613 per
2365 5543 2764 5612 promissionem
2810 5540 2958 5596 dedit
3013 5541 3175 5596 Deus.
3218 5540 3661 5596 Consentaneum

2089 5636 2274 5707 itaque
2301 5643 2407 5699 cst,
2443 5650 2538 5692 eos
2571 5636 2627 5689 in
2651 5634 2957 5690 Chananaea
2986 5632 3262 5690 habitasse
3283 5647 3457 5690 annos
3500 5647 3658 5698 οων,

2328 5794 2370 5826 ﬂ
2408 5790 2529 5850 (ιαί.
2564 5808 2638 5848 ιιι.
