4112 6464
449 359 548 420 τινι

1310 360 1369 419 8.
1409 360 1852 418 EUSTATHIUS
1893 357 2383 417 ANTIOCHENUS
2420 359 2820 418 EPISCOPUS.

3582 365 3691 420 793

447 490 502 540 et
535 481 588 533 in
619 476 854 550 Egypto
881 476 1065 533 itidem
1089 493 1245 543 σειν,
1282 481 1373 551 qui
1413 482 1573 535 simul
1604 490 1732 538 sunt
1749 497 2004 537 ccccxxx.

2110 481 2176 549 τῇ
2208 478 2467 549 Αἰγύπτῳ
2487 477 2555 533 τὰ
2583 478 2722 533 αὑτά
2760 485 2876 543 σιε’,
2905 478 3047 549 άπερ
3073 476 3206 548 όμοῦ
3230 478 3434 547 γίνεται
3467 477 3560 550 ἔτη
3584 479 3682 536 υλ⁹.

515 571 781 628 Caeterum
809 570 1042 625 ducente
1064 569 1193 625 Jesu
1215 573 1258 604 "
1285 572 1564 643 populum,
1607 580 1659 627 et
1684 588 1867 628 arcam
1900 572 2007 632 Te-

447 663 700 725 stainenti
730 676 828 731 per
866 659 1363 732 Jordanem,-aquze
1383 663 1572 718 divisae
1597 672 1724 719 sunt
1757 666 1813 718 in
1848 679 2009 721 unam

445 753 873 816 concretionem,
902 753 1157 808 maximis
1185 755 1380 823 spatiis
1402 755 1652 810 dissitain
1680 773 1695 823 ;
1725 771 1855 828 pars
1887 772 2012 812 vero

443 849 636 911 altera,
681 864 804 920 qua)
845 848 902 907 in
947 863 1099 905 mare
1144 850 1342 904 salium
1388 850 1708 915 el‘l‘unditur,
1760 852 1814 906 in
1860 867 2012 907 mare

439 941 683 1005 Arabum
721 942 873 1012 lapsa
899 948 1003 1005 est,
1040 934 1214 996 donec
1247 943 1470 996 omnino
1491 943 1710 1009 defecit,
1738 953 1793 999 et
1819 961 2012 1003 omnes

442 1036 593 1090 sicco
622 1034 758 1103 pede
792 1035 1160 1104 praetergressi
1212 1040 1359 1089 circa
1408 1034 1662 1091 Hiericho
1709 1046 2011 1095 castrame-

441 1125 538 1180 tati
563 1132 690 1177 sunt
708 1126 774 1183 ³³.
813 1123 937 1178 Haec
964 1124 1214 1178 maximis
1244 1135 1395 1195 septa
1422 1128 1695 1183 Inmnibus
1729 1132 2011 1189 ntunicbao

439 1225 549 1277 tur,
585 1216 675 1272 Dei
701 1216 881 1285 jussu,
910 1231 1027 1270 eam
1055 1231 1151 1285 per
1174 1216 1292 1272 dies
1324 1231 1416 1272 sex
1435 1220 1719 1276 obsidione
1746 1224 2007 1285 cinctam.

440 1309 672 1379 septima
701 1314 989 1378 antequam
1028 1308 1144 1363 dies
1192 1308 1553 1373 illucesceret,
1587 1312 1827 1381 undique
1855 1316 2007 1369 inva-

441 1416 556 1459 sam
597 1401 741 1458 tubis
779 1401 1175 1470 clangentibus,
1216 1401 1580 1471 universoque
1620 1406 1821 1473 populo
1869 1423 2010 1461 una-

438 1497 570 1551 nimi
598 1512 868 1551 consensu
903 1495 968 1551 ad
1013 1495 1355 1551 clamandum
1385 1511 1415 1552 a
1446 1497 1825 1556 sacerdotibus
1854 1502 2007 1555 exci-

438 1598 572 1654 tato,
601 1599 654 1645 et
685 1605 841 1660 opem
890 1587 1121 1652 ferente,
1150 1588 1516 1657 diripuerunt,
1549 1599 1770 1659 repente
1810 1595 2008 1648 maeni-

437 1682 541 1744 bus
572 1681 851 1750 collapsis,
890 1687 1167 1748 totamque
1195 1678 1422 1734 Domino
1451 1690 1758 1737 sacrarunt.

506 1770 638 1829 Post
663 1771 710 1803 ²⁵
735 1770 992 1825 Hiericho
1030 1771 1233 1825 civitati
1260 1769 1356 1827 Vai
1390 1772 1742 1839 insidiantur,
1773 1789 2006 1845 eamque

2184 572 2469 639 Διάγοντος
2496 572 2551 625 δὲ
2582 571 2675 624 τοῦ
2709 570 2880 643 Ἰησοῦ
2909 572 2998 624 τὸν
3026 570 3151 624 λαὸν
3206 570 3300 623 καὶ
3325 570 3422 641 τὴν
3455 571 3688 628 κιϐωτὸν

2110 661 2211 733 τῆς
2236 661 2507 732 Διαθήκης
2532 661 2619 716 διὰ
2653 660 2747 715 τοῦ
2793 661 3080 733 Ἰορδάνου,
3111 662 3293 733 διέστη
3319 663 3388 716 τὰ
3421 663 3589 718 ὕδατα
3606 666 3686 728 εις

2112 760 2307 830 πῆγμα
2346 759 2404 811 ἒν
2437 758 2743 828 ἀφεστηκὸς
2787 755 3002 834 μακρὰν
3040 756 3274 828 σφόδρα·
3310 757 3370 809 τὸ
3410 757 3467 810 δὲ
3517 775 3689 812 κατα-ν

2113 848 2296 907 ϐαῖνον
2328 850 2408 911 είς
2433 847 2531 923 τὴν
2563 846 2835 902 θάλασσαν
2866 846 2971 906 τῶν
2994 846 3135 901 ἁλῶν
3161 845 3376 918 Ἄραϐα
3396 848 3684 920 κατῆλθεν,

2110 942 2216 1006 ἓως
2243 935 2303 995 οὑ
2332 945 2412 1006 είς
2435 942 2587 1005 τέλος
2619 940 2852 1005 ἐξέλιπε,
2889 940 2983 996 καὶ
3016 940 3213 1003 πάντες
3243 939 3333 991 ὲπὶ
3376 939 3546 1011 ξηρᾶς
3577 940 3687 994 διέ-

2112 1032 2317 1105 ϐησαν,
2353 1033 2447 1091 καὶ
2482 1032 2994 1104 στρατοπεδεύουσιν
3042 1031 3136 1084 ἐπὶ
3177 1030 3276 1102 τὴν
3315 1031 3537 1103 Ἱεριχὼ,
3575 1029 3685 1085 Ἧν

2110 1122 2167 1183 δὲ
2214 1123 2353 1194 αὕτη
2404 1123 2677 1194 μεγίστοις
2737 1123 3071 1194 ὠχυρωμένη
3134 1124 3355 1193 τείχεσι.
3409 1123 3684 1178 Κυκλοῦσι

2109 1215 2239 1286 γοῦν
2269 1216 2436 1286 αὐτὴν
2466 1216 2557 1268 ἐπὶ
2587 1215 2796 1288 ἡμέρας
2836 1215 2915 1281 ἒξ,
2948 1214 3083 1268 Θεοῦ
3116 1214 3516 1287 προστάξαντος
3536 1230 3552 1246 ⁸
3587 1215 3685 1274 καὶ

2109 1308 2174 1376 τῇ
2205 1305 2401 1377 ἑϐδόμη
2425 1305 2619 1377 ὄρθρου
2647 1305 2937 1376 περιῆλθον
2960 1306 3128 1377 αὑτὴν
3152 1305 3377 1375 ἕϐδομον
3400 1305 3680 1375 κυκλόθεν,

2108 1397 2202 1451 καὶ
2244 1398 2294 1457 ot
2330 1398 2490 1468 ἱερεῖς
2532 1396 2926 1465 σαλπίγξαντες
2964 1403 3082 1461 ταῖς
3135 1395 3388 1465 σάλπιγξι
3427 1395 3517 1448 τὸν
3557 1393 3683 1450 λαὸν

2108 1487 2283 1547 πάντα
2318 1486 2579 1552 ἀλαλάξαι
2604 1488 2937 1560 ὁμοθυμαδὸν
2976 1489 3286 1560 διήγειραν·
3324 1490 3418 1543 καὶ
3452 1488 3684 1558 βοησάν-

2107 1596 2213 1632 των
2241 1577 2419 1632 αὑτῶν
2445 1617 2458 1641 ,
2503 1579 2839 1651 παραχρῆμα
2870 1578 2931 1631 τὸ
2967 1582 3143 1651 τεῖχος
3176 1578 3359 1641 ἔπεσε,
3398 1580 3490 1631 καὶ
3541 1577 3683 1631 ἑάλω

2109 1667 2144 1743 ἡ
2177 1666 2351 1729 πόλις,
2381 1666 2475 1724 καὶ
2502 1669 2649 1729 πᾶσα
2675 1668 2751 1738 τῷ
2785 1668 2972 1738 Κυρίῳ
3002 1667 3243 1738 ὑπῆρξεν
3278 1666 3553 1737 ἀνάθημα.

2179 1761 2289 1815 Καὶ
2322 1762 2458 1831 μετὰ
2490 1762 2589 1830 τὴν
2619 1759 2825 1832 Ἱεριχὼ
2849 1760 3187 1832 ἐνεδρεύουσι
3217 1762 3314 1831 τὴν
3350 1760 3501 1813 πόλιν
3526 1758 3683 1827 Οὑαῒ,

436 1871 646 1934 captam
678 1863 802 1933 igne
826 1863 1203 1933 absumpsere,
1234 1874 1287 1920 et
1331 1880 1511 1935 regem
1558 1866 1705 1921 illius
1736 1868 1882 1938 ligno
1905 1882 2004 1939 ap-

2108 1853 2201 1914 καεὶ
2222 1852 2476 1915 λαϐόντες
2495 1853 2665 1923 αὑτὴν
2688 1852 3014 1924 ἐνέπρησαν,
3039 1854 3132 1905 καὶ
3157 1853 3245 1909 τὸν
3274 1851 3493 1923 βασιλέα
3514 1851 3683 1920 αὐτῆς

435 1969 688 2026 pensum,
726 1954 799 2008 ita
829 1952 956 2013 Jesu
1002 1958 1374 2028 przecipiente,
1414 1960 1563 2013 cruci
1604 1958 1908 2023 aﬂlxerunt,
1952 1968 2007 2013 et

430 2046 717 2107 occidente
753 2051 887 2118 sole,
935 2052 988 2104 in
1028 2051 1222 2105 vallem
1266 2066 1469 2125 corpus
1514 2050 1659 2109 illius
1704 2052 2005 2125 projectum

436 2156 630 2204 acervo
661 2141 899 2212 lapidum
930 2141 1249 2199 obruerunt.

506 2320 841 2383 Gabaonitaa,
871 2320 966 2375 ubi
1013 2320 1079 2376 ad
1121 2336 1217 2377 eos
1252 2318 1605 2374 Iudaicarum
1658 2320 2006 2376 obsidionum

435 2413 580 2476 {ama
602 2412 780 2468 delata
828 2419 913 2468 est
947 2413 1124 2483 (erant
1149 2416 1292 2468 enim
1321 2426 1511 2467 eorum
1543 2411 1758 2467 ﬁnitimi
1797 2424 1850 2468 et
1879 2429 2007 2483 pro-

434 2504 674 2578 pinqui),
695 2504 964 2558 malitiose
994 2502 1265 2559 lsraelitas
1305 2505 1408 2559 hoc
1438 2511 1598 2575 pacto
1637 2505 2003 2560 eluserunt".

438 2595 519 2658 Ne
576 2598 720 2653 enim
771 2596 1216 2665 approximantes
1272 2596 1419 2650 circa
1476 2611 1663 2651 eorum
1730 2596 2006 2652 civitatem

441 2694 989 2751 castrametarentur,
1021 2696 1321 2743 occurrunt
1360 2688 1496 2752 illis,
1541 2696 1690 2743 veste
1722 2695 1776 2743 et
1807 2689 2008 2745 calceis

435 2778 690 2837 discissis
723 2777 919 2841 induti,
955 2782 1114 2847 panis
1141 2777 1274 2833 sicci
1305 2779 1562 2849 carieque
1589 2778 1768 2843 obesi,
1815 2793 2008 2835 saccos

436 2878 699 2938 utresque
737 2876 984 2923 vetustos
1019 2879 1320 2938 portantes,
1341 2870 1705 2940 quidixerunt
1729 2890 1742 2925 ι
1766 2889 1785 2921 ι
1808 2868 2008 2924 Nostra

434 2960 631 3014 civitas
689 2960 850 3028 longe
889 2959 1082 3015 dissita
1104 2968 1218 3025 est;
1253 2975 1424 3030 panes
1444 2961 1588 3016 enim
1626 2961 1728 3015 hos
1759 2967 2006 3017 recentes

432 3050 594 3108 nobis
613 3050 942 3120 paravimus,
973 3051 1460 3120 vcstimentumque
1475 3067 1583 3121 quo
1603 3052 1890 3119 volvimur,
1908 3067 2010 3106 ιιον

436 3155 559 3202 vum
590 3148 729 3203 erat,
758 3154 883 3195 cum
931 3140 1229 3205 induimus,
1262 3142 1543 3212 caleeique
1575 3144 1722 3207 novi,
1755 3159 1879 3198 cum
1909 3159 2005 3200 eos

434 3233 663 3302 pedibus
693 3234 1070 3306 adaptavimus
1098 3251 1113 3301 ;
1138 3235 1231 3289 sed
1262 3234 1376 3290 haec
1403 3236 1583 3290 omnia
1632 3237 1849 3305 longum
1876 3252 2005 3307 pro-
2033 3233 2074 3256 "

434 3325 766 3395 ductumque
814 3327 920 3382 iter
966 3324 1204 3381 confecit
1262 3327 1584 3383 inveterata.
1641 3326 1779 3384 lnite
1837 3329 2007 3400 igitur

432 3415 716 3479 nobiscum
741 3432 952 3488 pacem,
978 3425 1032 3474 et
1055 3419 1109 3474 in
1125 3419 1417 3477 amicitiam
1450 3417 1732 3489 {tellusque
1760 3428 2005 3475 vestrum

432 3524 533 3571 nos
569 3509 856 3573 admittite,
895 3529 914 3563 ι
937 3509 1386 3568 EtbeatusJesus
1406 3510 1770 3581 jurejurando
1810 3511 2003 3568 amici-

431 3601 560 3658 tiam
599 3616 723 3657 cuin
773 3602 882 3657 illis
923 3602 1164 3658 habitam
1206 3602 1453 3657 stabiliit.
1498 3602 1786 3672 Deinceps,
1810 3616 2002 3657 eorum

430 3692 558 3747 dolo
605 3702 906 3763 comperto,
936 3695 1004 3747 ab
1059 3694 1163 3758 eis,
1211 3710 1280 3749 ne
1314 3695 1702 3765 jusjurandum
1751 3695 2002 3760 violaret,

436 3782 722 3847 abstinuit,
752 3782 846 3837 sed
894 3783 1038 3852 ligna
1065 3791 1118 3836 et
1153 3798 1348 3853 aquam
1395 3784 1764 3848 lsraelitarum
1804 3785 2004 3857 populo

429 3870 723 3937 advehere,
747 3886 846 3951 pro
873 3872 1062 3929 fraude
1076 3872 1263 3942 jussit,

503 4046 610 4103 Sed
637 4047 999 4113 Adonlbezec,
1018 4063 1111 4104 rex
1130 4047 1488 4117 Hierusalem,
1512 4050 1853 4117 Gabaonitls,
1880 4060 2004 4109 tan.

431 4155 595 4210 quam
625 4139 733 4196 illis
766 4140 860 4211 qui
892 4140 959 4195 ad
989 4139 1264 4198 lsraelitas
1302 4142 1490 4198 hostes
1506 4143 1862 4208 defecissent,
1891 4145 2003 4200 ira-

429 4240 541 4297 tus,
593 4247 783 4293 omnes
835 4232 1094 4289 ﬁnitimos
1148 4249 1304 4305 reges
1350 4236 1452 4292 sibi
1490 4237 1696 4291 auxilio
1732 4237 1995 4309 jungens,

430 4321 610 4388 (Elam
636 4340 817 4395 regem
850 4324 1124 4392 Chebron,
1150 4334 1204 4382 et
1234 4325 1464 4382 Phidom
1498 4343 1676 4398 regem
1706 4327 1997 4396 Jerimuth,

428 4424 483 4472 ct
509 4414 676 4486 Sipha
712 4431 894 4486 regem
928 4415 1149 4484 Lachis,
1180 4433 1282 4473 nec
1316 4434 1426 4473 non
1456 4426 1510 4473 et
1536 4418 1649 4475 Dad
1679 4434 1860 4490 regem
1899 4420 2002 4476 Sa-

426 4505 1387 4572 dollam,castrametatus,obsidione
1405 4510 1684 4579 premebat
1704 4510 1996 4568 Gabaon“.

428 4595 742 4653 Gabaonitze
769 4597 927 4653 malis
942 4600 1211 4669 oppressi,
1229 4599 1436 4670 legatos
1456 4601 1679 4657 mittunt
1696 4600 1762 4657 ad
1785 4599 1995 4666 Iesum,

426 4690 518 4760 qui
551 4690 605 4747 in
638 4688 875 4760 Galgalis
904 4706 1029 4746 cum
1068 4701 1234 4756 esset,
1278 4692 1395 4746 acie
1428 4707 1495 4746 ex
1535 4691 1766 4749 adverso
1792 4692 1996 4750 instru-

427 4788 536 4843 cta,
562 4796 890 4852 congressus
948 4791 1033 4838 est
1092 4781 1371 4854 fugatique
1430 4784 1747 4854 alienigenae
1791 4787 1990 4856 partim

425 4870 605 4943 gladio
652 4871 979 4933 occubuere,
1040 4872 1238 4942 partim
1298 4872 1582 4943 grandine.
1638 4870 1994 4942 Fugientibus

424 4962 568 5025 enim
595 4962 741 5017 Deus
772 4963 1089 5032 grandinem
1137 4964 1399 5028 immittit,
1426 4979 1548 5034 quae
1594 4963 1779 5037 plures
1809 4964 1995 5019 inimi.

425 5069 612 5109 eorum
642 5069 804 5124 quam
851 5054 1051 5110 bellum
1093 5056 1407 5113 interemit:
1458 5064 1518 5113 ut
1543 5064 1724 5113 autem
1770 5057 1996 5111 omnino

422 5160 519 5203 eos
550 5146 752 5202 deleret
784 5143 965 5211 Jesus,
999 5145 1168 5203 Deum
1197 5148 1391 5211 oravit,
1421 5159 1479 5201 ut
1500 5146 1642 5205 diem
1675 5155 1871 5217 praeter
1899 5163 1997 5202 na~

421 5243 558 5297 tune
575 5237 819 5295 ordinem
843 5239 1183 5309 protraheret
1197 5255 1387 5295 versus
1412 5237 1659 5303 Gabaon,
1674 5238 1807 5293 solis
1828 5253 1994 5294 cursu

422 5329 707 5401 impedito,
744 5340 799 5387 ct
830 5348 1019 5388 versus
1066 5332 1260 5386 vallem
1300 5334 1511 5392 Arnen.
1551 5332 1729 5397 lunae;
1759 5340 1813 5385 et
1849 5330 1993 5386 Deus

423 5423 592 5481 solem
628 5439 659 5478 a
691 5440 857 5480 cursu
910 5425 1109 5489 arcuit,
1157 5433 1211 5480 et
1251 5426 1769 5501 lunam,quousque
1809 5426 1862 5479 in
1907 5426 1995 5481 die

424 5513 658 5586 integro,
696 5516 879 5571 hostes
900 5516 1175 5593 pra'datus
1202 5527 1304 5572 est.
1357 5515 1610 5587 Quinque
1636 5525 1819 5572 autem
1857 5532 1991 5587 gen-

422 5606 559 5665 tium
582 5623 739 5679 reges
768 5606 929 5665 Iesus
974 5608 1121 5665 Nave
1167 5623 1291 5669 cum
1323 5609 1562 5682 abditos-
1593 5610 1895 5670 invenisset
1938 5611 1994 5669 in

2109 1945 2202 1999 ἐπὶ
2250 1943 2404 2008 ξύλου
2448 1944 2857 2016 κρεμάσαντες,
2906 1942 3306 2015 προστάξαντος
3346 1943 3438 1998 τοῦ
3484 1941 3681 2010 Ἰησοῦ,

2107 2035 2476 2107 ἐσταύρωσαν.
2498 2036 2605 2090 Καὶ
2626 2034 2870 2099 δύνοντος
2889 2035 2982 2089 τοῦ
3010 2035 3160 2106 ἡλίου
3187 2034 3411 2108 ἔρριψαν
3435 2034 3495 2086 τὸ
3523 2033 3683 2104 σῶμα

2107 2128 2272 2182 αὑτοῦ
2316 2129 2397 2191 είς
2449 2128 2737 2200 φάραγγα,
2767 2128 2861 2181 καὶ
2918 2126 3078 2199 σωρῷ
3123 2126 3253 2179 αὑτὸ
3284 2125 3445 2181 λίθων
3476 2125 3687 2196 ἐπέχω-

2109 2237 2229 2283 σαν.
3209 2262 3255 2284 γ
3281 2266 3288 2272 .

2126 2348 2131 2353 -
2178 2313 2243 2367 Οἱ
2269 2312 2325 2374 δὲ
2345 2311 2701 2375 Γαϐαωνῖται,
2721 2308 2925 2363 τούτων
2960 2307 3061 2373 τὰς
3095 2308 3409 2380 πολιορκίας
3439 2306 3681 2378 πυθόμε-

2108 2419 2189 2457 νοι
2244 2403 2515 2473 (ὑπῆρχον
2549 2402 2658 2473 γὰρ
2695 2399 2874 2457 αὐτῶν
2909 2399 3332 2469 ἀστυγείτονες),
3358 2398 3683 2470 πανούργως

2106 2496 2231 2557 τοὺς
2288 2493 2620 2565 Ἰσραηλίτας
2679 2492 3150 2560 κατασοφίζονται.
3179 2486 3357 2547 Ἦσαν
3402 2490 3465 2560 (1.
3495 2490 3569 2552 ὡς
3592 2487 3681 2561 ἆνΙ

2108 2585 2217 2657 γὰρ
2244 2585 2318 2657 μὴ
2348 2585 2652 2655 φθάσαντες
2706 2588 2772 2655 τῇ
2812 2584 2961 2638 πόλει
2995 2583 3172 2639 αὐτῶν
3223 2582 3643 2655 παρεμϐάλωσιν
3664 2618 3683 2647 ,

2108 2678 2414 2732 ὑπαντῶσιν
2442 2679 2626 2742 αὑτοῖς
2656 2677 2859 2748 ἐσθῆτα
2883 2679 2974 2731 καὶ
3004 2677 3324 2747 ὑποδήματα
3346 2674 3683 2746 διερρωγότα

2108 2770 2469 2841 ἠμφιεσμένοι
2490 2809 2503 2832 ,
2539 2771 2633 2825 καὶ
2668 2771 2902 2834 σάκκους
2940 2770 3118 2843 ἄρτων
3153 2768 3330 2843 ξηρῶν
3386 2767 3479 2821 καὶ
3510 2768 3685 2838 εὑρω-

2108 2861 2385 2928 τιώντων,
2422 2863 2515 2916 καὶΙ
2564 2863 2768 2927 ἀσκοὺς
2814 2862 3075 2926 παλαιοὺς
3120 2859 3546 2935 ὲπηχθισμένοι,
3583 2861 3687 2929 (ξά-

2109 2971 2330 3019 σκοντες
2358 2955 2540 3019 αὐτοῖς
2559 2971 2575 2986 ο
2604 2973 2623 3007 ι
2658 2956 2723 3008 Ἦ
2752 2955 2851 3025 μὲν
2876 2955 3028 3018 πόλις
3054 2953 3209 3026 ἡμῶν
3239 2953 3372 3006 πολὺ
3397 2953 3488 3022 ἀφ’
3514 2954 3548 3022 ή
3558 2951 3675 3022 μῶν

2107 3043 2358 3116 διέστηκε
2378 3063 2390 3077 ·
2421 3048 2547 3111 τοὺς
2580 3045 2689 3119 γὰρ
2714 3046 2913 3119 ἄρτους
2934 3046 3155 3109 τούτους
3192 3046 3417 3117 νεαροὺς
3446 3043 3682 3113 emta.

2111 3137 2355 3209 σθημεν,
2412 3140 2505 3194 καὶ
2549 3141 2648 3212 τὴν
2700 3140 2911 3210 ἐσθῆτα.
2958 3140 3025 3210 ἢν
3073 3136 3427 3211 περικείμεθα
3490 3134 3680 3205 καινὴν

2107 3231 2480 3302 ἡμεριέσμεθα,
2517 3233 2611 3287 καὶ
2642 3233 2709 3287 τὰ
2736 3232 3062 3303 ὑποδήματα
3095 3231 3191 3285 νέα
3227 3233 3341 3294 τοῖς
3374 3228 3527 3282 ποσὶν
3576 3228 3682 3281 ὑπς

2105 3323 2369 3395 εϐάλομεν
2389 3342 2402 3355 ·
2432 3327 2525 3380 καὶ
2557 3325 2731 3385 ταῦτα
2760 3325 2937 3379 πάντα
2957 3324 3016 3379 τὸ
3041 3324 3213 3396 μῆκος
3236 3323 3334 3395 τῆς
3380 3318 3501 3375 ὁδοῦ
3549 3337 3682 3374 κατ-ι

2104 3416 2316 3491 ἐτριψε.
2341 3420 2435 3472 καὶ
2468 3419 2797 3477 ὲπαλαίωσε.
2825 3416 3082 3476 Διάθεσθε
3108 3411 3198 3469 οὖν
3235 3413 3372 3486 πρὸς
3421 3414 3570 3484 ἡμᾶς
3598 3414 3681 3466 είς

2106 3510 2298 3585 ρήνην,
2331 3510 2423 3563 καὶ
2443 3510 2631 3580 φίλους
2663 3509 2818 3582 ἡμῶν
2841 3509 3234 3580 καταστήσατε.
3260 3525 3279 3559 ι
3311 3505 3421 3560 Καὶ
3444 3508 3472 3560 ό
3499 3505 3681 3576 μακά-

2106 3617 2225 3673 ριος
2265 3602 2473 3674 Ἰησοῦς
2516 3603 2698 3675 ὅρκοις
2742 3602 2965 3673 εἰρήνην
2997 3600 3094 3671 τὴν
3138 3600 3273 3672 πρὸς
3317 3600 3517 3662 αὑτοὺς
3561 3601 3687 3652 ἐπι-

2106 3690 2368 3749 στώσατο.
2403 3692 2666 3762 Ὕστερον
2711 3692 2769 3745 δὲ
2822 3691 2919 3762 τὴν
2962 3691 3292 3762 πανουργίαν
3337 3689 3516 3743 αὑτῶν
3561 3692 3682 3743 ἐπι-

2104 3782 2286 3849 γνοὺς,
2309 3782 2564 3851 ἐφείσατο
2596 3783 2692 3855 μὲν
2725 3781 2904 3835 αὑτῶν
2931 3781 3018 3835 διὰ
3041 3783 3132 3834 τὸν
3160 3781 3339 3853 ὅρκον,
3368 3779 3680 3852 ξυλοφορεῖν

2103 3873 2164 3927 δὲ
2196 3874 2291 3927 καὶ
2323 3874 2637 3947 ὑδροφορεῖν
2658 3876 2768 3938 τοῖς
2802 3873 3161 3946 Ἰσραηλίταις
3182 3874 3306 3928 ἀντὶ
3333 3873 3433 3944 τῆς
3461 3873 3680 3946 ἀπάτης

2105 3964 2463 4036 προσέταξεν.

2188 4053 2494 4127 Ὀργισθεὶς
2521 4055 2578 4109 δὲ
2612 4053 2962 4120 Ἀδωνιϐεζεκ
2980 4055 3009 4107 ό
3035 4053 3284 4125 βασιλεῖκ
3324 4053 3678 4127 Ἰερουσαλὴμ

2103 4147 2198 4202 ἐπὶ
2221 4147 2281 4200 τὸ
2301 4147 2671 4217 αὐτομολῆσαι
2701 4149 2815 4211 τοῖς
2851 4145 3206 4217 Ἰσραηλίταις
3238 4147 3363 4211 τοὺς
3396 4146 3674 4201 Γαϐαωνί-

2102 4260 2220 4306 τας,
2254 4240 2574 4312 συμμάχους
2601 4242 2726 4307 τοὺς
2760 4240 3165 4313 πλησιοχώρους
3199 4240 3380 4294 λαϐὼν
3413 4240 3676 4311 βασιλεῖς,

2100 4334 2193 4387 τὸν
2225 4332 2406 4403 Αίλὰμ
2439 4330 2663 4402 βασιλέα
2696 4330 2953 4402 Χεϐρὼν,
2982 4332 3075 4384 καὶ
3120 4329 3210 4383 τὸν
3255 4328 3425 4383 Φιδὼν
3451 4329 3543 4382 τὸν
3575 4330 3675 4400 τῆς

2115 4423 2401 4496 Ἰεριμοὺδ,
2436 4422 2530 4476 καὶ
2561 4420 2701 4491 Σιφὰ
2731 4422 2825 4475 τὸν
2854 4421 3071 4491 Λαχεὶς,
3101 4420 3180 4477 ἔτι
3227 4420 3283 4483 δὲ
3320 4420 3415 4475 καὶ
3447 4421 3539 4475 τὸν
3569 4421 3678 4477 Δὰδ

2034 4549 2077 4604 D
2102 4515 2199 4586 τῆς
2256 4512 2560 4583 Σοδολλάμ,
2604 4511 3060 4604 ἐστρατοπέδευσε
3102 4512 3238 4604 πρὸς
3294 4512 3523 4578 αὐτοὺς,
3582 4514 3675 4569 καὶ

2101 4605 2408 4677 ἐπολιόρκει
2438 4604 2533 4675 τὴν
2563 4603 2807 4665 Γαϐαών.
2843 4606 2904 4657 Oi
2939 4605 2996 4658 δὲ
3016 4603 3352 4658 Γαϐαωνῖται
3386 4605 3675 4676 συνεχόμε-

2102 4714 2182 4750 νοι
2214 4695 2602 4769 πρεσϐεύονται
2637 4696 2774 4768 πρὸς
2818 4694 3039 4766 Ἰησοῦν,
3093 4696 3149 4749 '0
3190 4695 3248 4749 δὲ
3291 4697 3349 4749 ὲν
3383 4694 3677 4761 Γαλγάλοις
3787 4690 3799 4702 ’

2099 4788 2198 4853 ὣν,
2227 4787 2692 4859 ἀντιπαρετάξατο
2719 4788 2923 4851 αὑτοῖς,
2948 4787 3040 4841 καὶ
3073 4785 3346 4859 συμϐολῆς
3376 4787 3675 4858 γενομένης

2100 4879 2487 4952 ὲτροπώθησαν
2518 4879 2568 4935 οἱ
2629 4877 2950 4947 ἀλλόφυλον
3006 4880 3099 4932 καὶ
3152 4878 3201 4936 οἱ
3248 4878 3345 4949 μὲν
3400 4876 3542 4946 ξίειςει
3597 4877 3675 4932 δι-

2102 4971 2438 5043 εφθάρησαν,
2477 4973 2526 5025 ot
2556 4971 2615 5027 δὲ
2648 4968 2876 5045 χαλάζῃ.
2911 4971 3222 5040 Φευγόντων
3255 4969 3365 5044 γὰρ
3403 4970 3607 5035 αὐτῶν,
3643 4973 3675 5024 ό

2102 5063 2234 5127 Θεὸς
2264 5063 2505 5134 χάλαζαν
2551 5064 2734 5125 αὑτοῖς
2770 5060 3198 5134 κατώμϐρησεν,
3228 5062 3352 5133 ἣτις
3391 5060 3675 5126 πλείστους

2102 5155 2210 5208 τῶν
2237 5157 2493 5213 ἐναντίων
2530 5156 2728 5217 ἀνείΑε,
2758 5155 2905 5226 ἥπερ
2929 5156 2957 5208 ὁ
2982 5154 3236 5225 πόλεμος.
3266 5155 3381 5209 ἰνα
3403 5154 3461 5208 δὲ
3492 5156 3673 5210 τέλεον

2102 5246 2400 5321 ἐξαφανίσῃ
2424 5249 2618 5311 αὑτοὺς
2664 5245 2891 5320 Ἰησοῦς,
2924 5245 3127 5316 ηὔξατο
3143 5246 3221 5318 τῷ
3241 5246 3381 5317 Θεῷ,
3399 5248 3547 5312 ὅπως
3573 5249 3674 5321 τὴν

2098 5340 2311 5410 ἡμέραν
2335 5338 2484 5409 παρὰ
2518 5339 2677 5410 φύσιν
2714 5336 2929 5409 μηκύνῃ
2955 5340 3141 5403 αὑτοῖς
3178 5339 3379 5410 στήσας
3402 5339 3494 5393 τὸν
3522 5341 3672 5412 ἥλιον

2101 5430 2242 5484 κατὰ
2282 5428 2526 5494 Γαϐαὼν,
2560 5430 2655 5485 καὶ
2682 5432 2783 5503 τὴν
2818 5431 3045 5503 σελήνην
3078 5431 3218 5485 κατὰ
3256 5430 3518 5503 φάραγγα
3556 5433 3672 5504 ’Δρ-

2099 5519 2226 5573 νῶν.
2261 5520 2371 5574 Καὶ
2415 5522 2641 5593 ἔστησεν
2670 5523 2699 5576 ό
2729 5521 2862 5586 Θεὸς
2904 5521 3090 5575 στάσει
3118 5522 3207 5576 τὸν
3238 5523 3388 5593 ἥλιον
3432 5523 3527 5578 καὶ
3569 5524 3670 5593 τὴν

2103 5612 2354 5683 σελήνην,
2387 5612 2493 5675 ἓως
2549 5608 2611 5668 οὑ
2663 5614 3001 5692 πανημέριον
3049 5616 3174 5679 τοὺς
3218 5615 3505 5688 πολεμίους
3530 5616 3665 5688 ἥλω.

497 5785 542 5820 ’⁸
564 5781 679 5841 los.
707 5798 789 5843 tu.
860 5784 1049 5849 ."los.
1082 5803 1167 5863 rt.
1232 5787 1281 5857 ξι
1306 5786 1422 5843 los.
1456 5803 1575 5845 vm.
1654 5788 1699 5824 "
1723 5786 1853 5844 Jor.‘
1884 5803 1961 5844 lx.
2040 5788 2225 5846 "los.
2255 5806 2323 5869 jx.
