4112 6414
425 359 531 417 793

1342 364 1619 425 SPURIA.
1652 397 1723 411 --
1757 364 2118 428 ΩΟΜΜΕΝΤ.
2162 363 2231 422 IN
2264 362 2761 422 HEXAEMERON.

3559 367 3665 422 794

420 481 559 544 Τοὺς
591 480 651 537 δὲ
700 481 861 537 πέντε
906 483 1145 557 βασιλεῖς
1195 484 1305 540 τῶν
1354 486 1524 541 ἐθνῶν
1570 486 1777 559 Ἰησοῦς
1825 487 1854 539 ὁ
1896 482 1990 539 τοῦ

2095 485 2379 557 spelunca,
2414 483 2643 554 supinos
2673 480 2823 538 bumi
2859 480 3156 554 projectos,
3188 489 3244 538 et
3276 498 3305 538 a
3335 484 3533 555 populo
3568 501 3665 541 su-

419 572 574 644 Ναυῆ
627 576 1034 647 κρυπτομένους
1078 576 1287 650 εὑρὼν,
1337 580 1417 642 είς
1458 578 1716 650 σπήλαιον
1767 576 1991 642 ὑπτίους

2093 594 2192 649 per
2210 577 2352 632 collo
2388 575 2742 632 conculcatos
2778 574 3072 640 interemit,
3114 582 3167 631 et
3209 590 3398 631 eorum
3428 590 3663 646 corpora
3715 580 3718 584 “

419 664 514 716 ἐπὶ
540 664 643 735 τῆς
671 666 793 737 γῆς,
831 668 1052 741 ῥιφῆναι
1098 669 1295 734 αὐτοὺς
1338 669 1635 742 πρόσεταξε
1656 713 1672 739 ,
1704 671 1798 724 καὶ
1822 686 1995 725 κατα-

418 756 709 813 πατεῖσθαι
740 758 844 811 ὑπὸ
876 759 969 813 τοῦ
999 759 1129 815 λαοῦ
1169 762 1263 816 επὶ
1304 763 1400 818 τοῦ
1427 764 1697 835 τραχήλου
1737 764 1989 835 ποιήσας,

416 848 705 903 ἀπέκτεινε
721 866 735 880 ’
762 850 855 905 καὶ
889 850 960 905 τὰ
986 851 1214 924 σώματα
1239 855 1419 909 αὑτῶν
1443 857 1535 910 ἐπὶ
1567 855 1723 923 ξύλου
1757 854 1993 927 ἀναρτή-

2093 668 2258 741 lignis
2288 681 2548 738 appensa,
2575 664 2795 719 tandem
2826 664 2881 719 in
2906 665 3165 734 spelunca
3196 665 3429 736 sepeliit,
3457 674 3512 722 et
3543 680 3666 720 om-

2092 760 2255 817 nibus
2282 773 2473 815 eorum
2517 756 2833 811 civitatibus
2870 756 3122 827 expilatis
3159 768 3472 812 montanam
3514 772 3665 812 canto

2091 859 2437 922 pestremque
2465 851 2739 920 regionem
2775 849 3008 917 subegit.

420 956 541 1005 σας,
574 941 800 1014 ὕστερον
832 944 912 1008 είς
936 944 999 997 τὸ
1035 947 1300 1018 σπήλαιον
1325 947 1463 1002 αὑτὰ
1489 947 1787 1021 κατώρυξε.
1813 947 1999 1010 Πάσας
2030 944 2089 1004 δὲ
2119 942 2219 1008 τὰς
2252 942 2435 1007 πόλεις
2462 941 2807 1013 ἐκπορθήσας
2855 939 3059 1006 αὑτῶν,
3122 942 3300 996 πᾶσαν
3323 940 3423 1011 τὴν
3450 939 3665 1013 ὀρεινὴν

419 1031 516 1087 καὶ
537 1031 636 1103 τὴν
661 1033 880 1104 πεδινὴν
909 1034 1162 1103 ὑπέταξε.

504 1123 682 1196 Ἀσὼρ
709 1124 788 1188 δὲ,
813 1128 842 1179 ό
869 1125 1119 1197 βασιλεὺς
1159 1128 1352 1195 Ἰασὶν,
1386 1130 1708 1209 συμμάχους
1740 1129 1865 1195 τοὺς
1895 1129 1994 1189 πέ-

423 1212 508 1287 ριξ
538 1212 719 1267 λαϐὼν
776 1215 1014 1287 βασιλεῖς
1038 1259 1053 1283 ,
1094 1218 1291 1292 πολλὴν
1324 1224 1597 1294 συνήγαγε
1628 1223 1877 1293 δύναμιν,
1918 1221 1994 1286 ὡς

419 1301 635 1358 εἰκάσαι
667 1304 728 1356 τὸ
770 1304 977 1374 πλῆθος
1008 1307 1107 1377 τῆς
1143 1310 1432 1380 στρατείας
1473 1312 1652 1364 αὑτῶν
1696 1314 1763 1382 τῇ
1807 1312 1997 1383 ἀναρι-

420 1392 614 1465 θμήτῳ
638 1394 737 1466 τῆς
763 1393 1035 1466 θαλάσσης
1058 1396 1288 1470 ψάμμῳ,
1313 1401 1407 1453 καὶ
1423 1400 1888 1473 άντιπαρετάξατο
1914 1401 1993 1471 τῷ

432 1485 629 1558 Ἰησοῦ.
668 1487 725 1539 Ὀ
757 1486 813 1543 δὲ
843 1488 1023 1553 αὑτοῖς
1074 1490 1226 1559 ἄφνω
1276 1491 1552 1545 ἐπιπεσὼν
1589 1492 1795 1564 Ἰησοῦς
1832 1493 1993 1549 αὑτόν

416 1595 478 1633 τε
500 1579 594 1633 καὶ
615 1578 821 1644 πάντας
847 1583 973 1646 τοὺς
997 1583 1318 1654 συμμάχους
1338 1586 1642 1656 πανστρατὶ
1665 1584 1991 1654 κατέσφαξε,

419 1671 514 1727 καὶ
554 1673 681 1737 τοὺς
737 1673 938 1737 ἵππους
986 1674 1162 1729 αὐτῶν
1206 1675 1602 1748 ὲνευροκόπησε
1618 1716 1632 1740 ,
1687 1677 1781 1730 καὶ
1813 1678 1993 1731 πᾶσαν

2166 1121 2340 1178 Porro
2372 1122 2512 1177 Asor
2548 1137 2643 1176 rex
2671 1118 2829 1176 Jabin
2850 1120 2920 1187 ’⁷,
2951 1134 3140 1177 omnes
3181 1135 3340 1192 reges
3367 1121 3578 1180 vicinos
3608 1124 3665 1181 in

2099 1215 2360 1271 auxilium
2381 1222 2602 1271 vocatos
2622 1217 2940 1267 immensam
2957 1213 3239 1282 copiarum
3257 1215 3666 1273 multitudinem

2097 1306 2294 1376 coegit,
2321 1306 2397 1360 ita
2441 1312 2501 1358 ut
2533 1303 2917 1358 innumerabili
2949 1318 3129 1358 arenae
3160 1305 3330 1360 maris
3358 1305 3553 1359 similis
3584 1307 3669 1360 vi-

2097 1396 2342 1460 deretur,
2376 1397 2577 1467 quibus
2606 1412 2664 1450 se
2690 1392 2851 1450 Jesus
2877 1397 3239 1464 Opposuit.At
3266 1397 3354 1451 hic
3371 1397 3668 1467 improviso

2098 1488 2430 1557 irrumpens,
2456 1487 2635 1558 ipsum
2678 1501 2979 1556 omnesque
3005 1486 3126 1555 ejus
3158 1487 3454 1544 auxiliares
3482 1490 3668 1559 copias

2096 1579 2469 1639 internecione
2504 1579 2721 1643 delevit,
2762 1588 3025 1649 artusque
3074 1594 3339 1649 equorum
3391 1581 3666 1650 abscidit,

2096 1682 2152 1729 et
2190 1689 2379 1730 eorum
2415 1680 2616 1728 terram
2649 1674 2959 1727 universam
3000 1670 3259 1727 lsraelitis
3292 1672 3527 1742 partitus
3558 1680 3665 1730 est.

419 1763 598 1821 αὑτῶν
645 1764 744 1835 τὴν
773 1765 877 1835 γῆν
920 1767 1033 1829 τοῖς
1077 1765 1434 1836 Ἰσραηλίταις
1475 1766 1740 1838 διένειμε·
1788 1769 1853 1839 τῇ
1899 1767 1991 1838 μὲν

2098 1767 2165 1821 Et
2209 1767 2376 1822 tribui
2433 1763 2625 1820 Ruben
2668 1763 2908 1820 sortibus
2949 1762 3215 1832 conjectis
3263 1762 3413 1818 dedit
3465 1773 3667 1819 terrain

420 1853 561 1925 φυλῇ
590 1855 687 1907 τοῦ
725 1855 935 1913 Ῥουόὶν
970 1855 1069 1927 τὴν
1096 1857 1203 1913 τῶν
1239 1858 1580 1933 Ἀμορραίων
1615 1861 1718 1931 γῆν
1747 1861 1992 1933 ἀπεκλή-

424 1962 565 2018 ρωσε
596 1947 689 2001 καὶ
717 1947 816 2019 τὴν
858 1945 1152 2020 Ῥαφασὴν,
1188 1950 1286 2021 τὴν
1321 1950 1379 2006 δὲ
1427 1949 1534 2005 Γὰδ
1569 1950 1668 2022 τὴν
1693 1952 1864 2023 αὐτὴν
1890 1952 1994 2024 γῆν

417 2038 527 2093 τῶν
568 2039 934 2112 ’Δμοῤῥαίων,
958 2042 1052 2095 καὶ
1083 2042 1144 2094 τὸ
1175 2042 1347 2114 ἥμισυ
1410 2043 1550 2115 φυλῇ
1587 2045 1853 2116 Μανασσῆ
1889 2046 1996 2099 άπ-

420 2128 626 2200 ένειμε,
664 2132 759 2184 καὶ
784 2134 852 2204 τῇ
887 2132 1029 2204 φυλῇ
1070 2133 1237 2188 Ἰούδα
1265 2133 1364 2207 τὴν
1388 2134 1513 2193 τῶν.
1552 2136 1815 2207 Ἐόραίων
1839 2175 1855 2202 ,
1900 2136 1994 2190 καὶ

415 2220 714 2283 Χετταίων,
771 2224 865 2283 καὶ
904 2222 1001 2295 τὴν
1049 2224 1324 2297 Ἐνακείμ.
1363 2229 1566 2295 Ἤγουν
1612 2227 1779 2285 Ἰούδα
1830 2228 1991 2302 φυλὴ,

418 2313 709 2386 σύμμαχον
743 2314 981 2370 λασοῦσα
1023 2319 1123 2390 τὴν
1153 2320 1323 2390 φυλὴν
1357 2319 1614 2391 Συμεὼν,
1646 2323 1773 2384 τοὺς
1806 2323 1992 2376 Χαναφ

416 2409 600 2472 ναίους
630 2409 725 2463 καὶ
774 2410 1099 2480 Φερεζαίους
1137 2412 1437 2484 ἐπόρθησε,
1472 2415 1566 2467 καὶ
1606 2414 1877 2485 φεύγοντα
1902 2416 1993 2471 τὸν

427 2499 781 2566 ’Δδωνιόεζὲκ
830 2503 1252 2574 χειρωσάμενοι,
1301 2506 1425 2570 τοὺς
1463 2507 1631 2570 πόδας
1674 2508 1839 2561 αὑτοῦ
1897 2508 1993 2567 καὶ

418 2591 514 2654 τὰς
545 2594 732 2663 χεῖρας
754 2595 1206 2667 ἠκρωτηρίασαν
1230 2598 1322 2651 καὶ
1351 2600 1773 2671 κατοδυρόμενος
1799 2602 1990 2657 ἑαυτὸν

416 2681 519 2755 ἔφη
543 2700 557 2714 ·
583 2703 600 2735 ι
628 2685 826 2751 Καθὼς
848 2688 1252 2761 ὲποίησα,οὖτω
1270 2709 1359 2762 μοι
1384 2693 1413 2744 ὁ
1441 2692 1572 2757 Θεὸς
1584 2694 1988 2753 ἀνταπέδωκεν.

427 2774 826 2848 Ἐὅδομήκοντα
856 2779 965 2851 γάρ
1019 2780 1288 2850 βασιλεῖς,
1335 2782 1404 2842 τά
1465 2785 1611 2857 ἄκρα
1657 2786 1766 2842 τῶν
1810 2786 1987 2841 ποδῶν

2096 1857 2562 1920 Amorrbaeorum,
2591 1863 2648 1910 et
2677 1855 2993 1927 llaphasen,
3020 1861 3075 1909 et
3104 1852 3217 1911 Gad
3255 1853 3429 1925 ipsam
3462 1842 3668 1910 terram

2093 1948 2556 2013 Amorrbazorum,
2586 1955 2643 2004 et
2668 1947 2949 2002 dimidium
2981 1946 3146 2001 tribui
3174 1947 3456 2014 Manassae,
3481 1955 3535 2003 et
3566 1950 3667 2003 tri-

2096 2043 2190 2098 bui
2218 2040 2372 2097 Judte
2404 2040 2756 2097 Hebraeorum
2778 2049 2833 2095 et
2860 2040 3250 2104 Cbettzorum,
3271 2049 3326 2096 et
3354 2039 3577 2095 Enacim
3595 2040 3665 2097 ³⁸.

2097 2133 2204 2192 Sed
2234 2133 2386 2190 Juda:
2420 2133 2620 2198 tribus,
2653 2134 2797 2189 tribu
2827 2130 3062 2203 Symeon
3103 2133 3160 2191 in
3200 2134 3462 2187 auxilium
3493 2132 3667 2188 advo-

2093 2233 2217 2280 cata
2238 2226 2305 2288 ²⁹,
2363 2225 2736 2289 Chanantcos,
2780 2232 2836 2279 et
2878 2223 3198 2279 Pberezseos
3254 2226 3495 2295 praedata
3548 2232 3665 2294 est;

2094 2331 2331 2388 cumque
2378 2317 2652 2388 cepissent
2682 2317 2974 2387 fugientem
3023 2317 3387 2383 Adonibezec,
3424 2325 3665 2371 extrema

2093 2412 2293 2480 pedum
2336 2426 2401 2466 ac
2431 2426 2692 2465 manuum
2723 2410 3145 2475 obtruncarunt,
3186 2411 3281 2480 qui
3311 2410 3665 2481 semetipsum

2092 2504 2388 2574 deplorans
2435 2503 2612 2558 dixit:
2648 2521 2667 2554 ι
2703 2500 3169 2569 Quemadmodum
3219 2501 3344 2566 feci,
3400 2503 3477 2556 ita
3534 2501 3669 2559 mihi

2098 2596 2243 2651 Deus
2290 2596 2564 2651 retribuit.
2616 2594 2972 2665 Septuaginta
3018 2594 3166 2650 enim
3219 2608 3377 2664 reges
3422 2602 3669 2649 extrema

2097 2688 2329 2759 pedibus
2356 2703 2419 2743 ac
2454 2687 2706 2744 manibus
2736 2687 2933 2750 mutili,
2964 2686 3067 2741 sub
3095 2701 3285 2741 mensa
3310 2701 3429 2740 mea
3463 2700 3525 2741 ea
3548 2699 3670 2755 qua!

2097 2780 2368 2836 cadebant
2413 2781 2760 2852 colligebant.
2802 2798 2822 2832 ι
2860 2778 2961 2837 Hic
2987 2781 3042 2835 in
3076 2778 3414 2835 Hierusalem
3457 2778 3669 2836 delatus

414 2866 596 2926 αὑτῶν
628 2870 722 2921 καὶ
751 2869 860 2924 τῶν
900 2871 1097 2944 χειρῶν
1126 2872 1541 2944 ὲκκεκομμένοι,
1570 2875 1827 2935 ὑποκάτω
1849 2872 1987 2948 ἦσαν

2097 2873 2281 2929 subito
2302 2873 2482 2944 periit.
2504 2872 2694 2929 Tribui
2716 2872 3424 2943 EphraimAmorrbaaorum
3448 2879 3503 2926 et
3527 2869 3670 2925 Phe-

413 2957 513 3029 τῆς
555 2960 835 3032 τραπέζης
890 2979 991 3034 μου
1043 2963 1112 3019 τὰ
1166 2966 1509 3036 ἐμπίπτοντα
1560 2968 1933 3037 ἀναλέγοντες.
1964 2989 1984 3023 ι

2093 2981 2411 3027 rezaeorum.
2443 2977 2496 3021 et
2517 2965 2936 3032 Samarazorum,
2976 2972 3032 3019 et
3058 2964 3297 3019 dimidia:
3324 2964 3464 3035 parti
3492 2963 3671 3020 tribus

415 3052 711 3123 Κομισθεὶς
730 3050 822 3107 οὖν
835 3056 914 3118 είς
929 3056 1286 3128 Ἰερουσαλὴμ
1304 3058 1618 3128 παραυτίκα
1635 3061 1892 3115 ἀπέθανε.
1904 3062 1984 3133 Τῇ

2096 3057 2361 3117 Manassae
2392 3057 2757 3120 Gersacorum.
2790 3065 2846 3114 et
2879 3056 3324 3113 Amorrliaeorum
3356 3056 3547 3111 tribuit
3573 3054 3666 3112 Je-

412 3142 470 3197 δὲ
484 3143 621 3216 φυλῇ
649 3145 886 3218 Ἐφραῒμ
918 3147 1137 3219 τὴντῶν
1162 3150 1525 3222 ’Δμορῥαίων,
1543 3154 1636 3206 καὶ
1663 3154 1990 3225 Φερεζαίων,

2095 3165 2193 3206 sus
2225 3169 2238 3206 :
2268 3150 2616 3206 Hebraeorum
2654 3164 2783 3205 vero
2812 3157 2868 3204 et
2909 3149 3372 3213 Amorrhasorum,
3394 3157 3449 3203 et
3472 3147 3672 3205 Jebus-

414 3236 508 3292 καὶ
530 3236 887 3307 Σαμαραίων·
927 3239 1021 3292 καὶ
1070 3238 1148 3308 τῷ
1179 3240 1365 3310 ἡμίσει
1394 3243 1566 3313 φυλῆς
1596 3245 1862 3316 Μανασσῆ
1894 3246 1991 3318 τὴν

2094 3256 2329 3298 satorum
2371 3242 2536 3297 tribui
2576 3241 3087 3312 Benjamin;tribui
3130 3241 3366 3312 Symeon
3415 3239 3671 3296 Hebraeo-

413 3325 522 3378 τῶν
537 3326 576 3378 Γ
578 3329 831 3396 ερσαίων,
850 3330 943 3382 καὶ
969 3332 1308 3403 Ἀμορραίων
1324 3334 1429 3404 γῆν
1445 3334 1738 3405 ἀπένειμεν
1766 3336 1990 3408 Ἰησοῦςο

416 3417 514 3488 τὴν
549 3417 605 3471 δὲ
635 3418 743 3471 τῶν
786 3419 1071 3492 Ἐϐραίων,
1119 3424 1213 3476 καὶ⁹
1254 3426 1615 3498 Ἀμορραίων,
1661 3427 1756 3483 καὶ
1797 3428 1994 3481 Ἰεϐου-

417 3506 584 3559 σαίων
631 3511 697 3579 τῇ
731 3508 824 3563 τοὺ
883 3511 1138 3583 Βενιαμὶν
1185 3514 1611 3587 ὲκληροδότησε’
1671 3520 1735 3588 τῇ
1789 3518 1848 3573 δὲ
1895 3518 1990 3574 τοῦ

413 3597 638 3668 Συμεὼν
676 3602 775 3672 τὴν
815 3602 926 3656 τῶν
962 3605 1225 3676 Ἑϐραίων
1257 3609 1352 3661 καὶ
1398 3609 1739 3677 Φερεζαίων*
1782 3611 1877 3666 καὶ
1921 3614 1990 3685 τῇ

413 3689 507 3744 τοῦ
539 3691 822 3746 Ζαϐουλὼν
848 3695 948 3767 τὴν
989 3697 1097 3751 τῶν
1136 3698 1442 3771 Φερεξαίων
1462 3718 1475 3735 ν
1505 3702 1603 3772 τὴν
1631 3703 1689 3756 δὲ
1726 3704 1837 3759 τῶν
1886 3706 1990 3759 Κι-

411 3778 577 3837 ναίων
619 3783 685 3851 τῇ
731 3782 1077 3856 Νεφθαλείμ’
1137 3790 1230 3841 καὶ
1276 3791 1343 3860 τῇ
1398 3789 1538 3860 φυλῇ
1592 3790 1687 3844 τοῦ
1735 3791 1843 3849 Δὰν
1890 3793 1991 3866 τὴν

426 3873 800 3945 Ἀμορραίων·
846 3879 912 3948 τῇ
957 3877 1016 3931 δὲ
1051 3878 1190 3951 φυλῇ
1255 3880 1543 3954 Ἰσσάχαρ,
1592 3883 1688 3938 καὶ
1739 3887 1804 3956 τῇ
1849 3885 1988 3958 φυλῇ

425 3964 594 4036 Ἀσὴρ
616 3967 716 4038 τὴν
750 3968 860 4021 τῶν
886 3970 1210 4043 Φερεζαίων.
1244 3974 1460 4047 Ταύτην
1495 3978 1674 4030 πᾶσαν
1708 3977 1991 4049 διανείμας

410 4054 510 4125 τὴν
563 4057 665 4126 γῆν
713 4059 919 4129 Ἰησοῦς
967 4069 1009 4133 ρ’
1052 4062 1147 4117 καὶ
1192 4071 1221 4118 ι’
1266 4065 1466 4136 βιώσας
1521 4067 1646 4139 έτη,
1699 4069 1986 4125 ἀπέθανεν.

425 4145 749 4221 Ἐλεαζάρου
780 4150 837 4203 δὲ
866 4152 961 4209 τοῦ
997 4153 1115 4207 υἱοῦ
1170 4154 1378 4227 Ἀαρὼν
1423 4156 1842 4231 τελευτήσαντος
1888 4159 1989 4232 τὴν

414 4236 821 4309 ἀρχιερωσύνην
851 4241 1006 4305 Φινὲς
1034 4244 1062 4295 ὁ
1092 4244 1205 4308 υἱὸς
1238 4244 1402 4298 αὑτοῦ
1432 4246 1716 4311 διεδέξατο.
1744 4248 1899 4303 Μετὰ
1930 4249 1989 4303 δὲ

411 4329 509 4400 τὴν
542 4330 795 4405 τελευτὴν
840 4334 1013 4405 Ἰησοῦ
1054 4337 1210 4407 Ναυῆ
1240 4339 1290 4391 oi
1331 4338 1689 4411 Ἰσραηλῖται,
1719 4340 1990 4401 ἀποστάν-

410 4435 504 4483 τες
541 4421 633 4475 τοῦ
664 4423 827 4487 Θεοῦ,
877 4428 943 4496 τῇ
991 4427 1259 4502 ’Δστάρτῃ
1318 4430 1649 4502 ἐλάτρευσαν
1696 4432 1791 4485 καὶ
1840 4447 1987 4505 παρ-

2092 3349 2238 3397 rum,
2269 3342 2324 3389 et
2346 3333 2781 3396 Pherezaeorum,
2806 3341 2861 3388 et
2889 3332 3053 3388 tribui
3079 3331 3324 3389 Zabulon
3354 3331 3672 3387 Pherezaea-

2091 3439 2238 3488 rum,
2267 3432 2322 3479 et
2351 3424 2513 3479 tribui
2542 3423 2886 3495 Nepbthalim
2915 3424 3251 3491 (linteorum,
3272 3433 3326 3479 et
3357 3424 3524 3478 tribui
3553 3422 3670 3484 Dan

2092 3515 2558 3582 Amorrltazorum,
2597 3525 2652 3572 et
2693 3516 2855 3571 tribui
2908 3513 3177 3579 lssacbar,
3222 3523 3276 3571 et
3316 3515 3482 3570 tribui
3530 3515 3673 3571 Aser

2092 3606 2530 3662 Phereza-orum.
2582 3606 2735 3661 Hanc
2765 3607 3077 3661 universam
3114 3614 3315 3660 terram
3356 3619 3482 3658 cum
3528 3602 3670 3660 divi-

2092 3699 2257 3755 sisset
2271 3696 2453 3761 Jesus,
2482 3699 2657 3753 aatatis
2681 3712 2946 3754 annorum
2976 3705 3193 3754 centum
3214 3702 3270 3752 et
3297 3696 3482 3752 decem
3503 3711 3534 3750 e
3557 3695 3670 3751 vita

2091 3791 2331 3848 decessit
2347 3793 2413 3847 ³ο,
2451 3793 2516 3847 Et
2544 3793 2802 3849 Eleazaro
2833 3793 2944 3848 lilio
2970 3794 3149 3848 Aaron
3184 3801 3402 3849 mortuo
3431 3793 3486 3847 in
3518 3808 3670 3848 sum-

2094 3899 2183 3940 mo
2210 3886 2519 3941 sacerdotio
2556 3884 2761 3943 Pbines
2807 3887 2929 3956 ejus
2976 3886 3124 3942 illius
3167 3886 3454 3942 successit.
3496 3884 3666 3942 Caele-

2090 3988 2211 4029 rum
2248 3987 2372 4046 post
2406 3975 2535 4034 Jesu
2574 3976 2723 4032 Nave
2759 3976 2967 4033 obitum
2987 3977 3031 4009 “
3060 3976 3337 4041 lsraelltae,
3366 3991 3490 4032 cum
3517 3975 3668 4031 dele.

2090 4067 2297 4123 cissent
2326 4084 2356 4123 a
2386 4067 2517 4137 Deo,
2546 4070 2823 4125 Astartam
2852 4071 3093 4135 coluere,
3116 4078 3171 4125 et
3203 4068 3352 4124 dedit
3376 4068 3501 4125 illos
3521 4066 3666 4125 Deus

2089 4158 2337 4229 captivos
2382 4160 2731 4217 Cbursatban
2779 4161 3041 4233 Syrorum
3079 4162 3213 4232 regi,
3250 4162 3345 4230 qui
3373 4177 3468 4218 eos
3495 4162 3667 4219 variis

2088 4252 2271 4308 modis
2293 4254 2590 4324 multisque
2632 4255 2923 4325 allligebat,
2958 4255 3033 4310 ita
3063 4263 3124 4310 ut
3166 4269 3494 4325 magnopere
3517 4256 3669 4310 cala-

2088 4343 2371 4400 mitatibus
2417 4344 2698 4416 defatigati
2735 4346 3027 4402 clamarint
3071 4343 3143 4400 ad
3188 4342 3397 4411 Deum,
3437 4343 3665 4417 datique

2089 4436 2200 4491 sint
2238 4437 2347 4491 illis
2377 4436 2614 4505 judices.

415 4508 615 4564 έδωκεν
669 4513 862 4579 αὑτοὺς
910 4517 1254 4591 ὑποχειρίους
1305 4522 1335 4575 ὁ
1380 4522 1513 4587 Θεὸς
1536 4522 1858 4597 Χωσαρθὰν
1911 4523 1990 4597 τῷ
2040 4525 2228 4599 Σύρων
2280 4529 2491 4601 βασιλεῖ
2514 4568 2530 4594 ,
2600 4530 2748 4594 ὅστις
2814 4529 2896 4595 είς
2946 4528 3145 4602 πολλὴν
3200 4528 3427 4600 συνοχὴν
3467 4527 3666 4591 αὐτοὺς

412 4601 765 4675 κατέστησεν,
816 4605 893 4669 ὼς
936 4606 1031 4660 ἐπὶ
1079 4610 1214 4664 πολὺ
1266 4613 1745 4687 καταπονηθέντας
1815 4614 2014 4680 αὑτοὺς
2068 4614 2264 4689 βοῆσαι
2313 4618 2454 4691 πρὸς
2528 4616 2619 4676 τὸν
2674 4617 2845 4687 Θεὸν,
2894 4621 2991 4679 καὶ
3037 4601 3260 4693 δοθῆναι
3308 4621 3488 4686 αὑτοῖς
3538 4635 3664 4696 apto

409 4696 531 4762 τάς.

514 4900 699 4962 κιο..
732 4920 810 4962 xt.
888 4907 936 4940 ⁸⁸
954 4905 1074 4967 lor.
1106 4923 1232 4967 xui.
1308 4911 1354 4948 ”
1373 4910 1504 4967 Jud.
1539 4928 1581 4971 ι.
1655 4911 1703 4948 ⁸⁸
1721 4911 1839 4970 los.
1874 4930 1991 4972 χιιι

2102 4914 2149 4948 ³⁸
2177 4913 2313 4972 Iud.
2338 4929 2422 4971 ιιι.
