4112 6482
437 403 544 464 795
1776 401 2022 459 LEONIS
2056 403 2330 460 ALLATll
3553 397 3656 456 796

443 566 3644 604 Μ

1388 719 1954 848 LEONIS
2044 717 2694 847 ALLATI-I

2000 971 2069 1018 IN

639 1126 1419 1246 EUSTATHII
1499 1123 2389 1239 ANTIOCHENI
2470 1126 3441 1245 HEXAEMERON

1255 1364 1505 1430 ΝΟΤιΕ
1558 1362 2030 1429 UBERIORES
2052 1362 2171 1424 ET
2195 1364 2822 1434 COLLECTANEA.

491 1613 609 1668 Col.
634 1611 754 1675 707,
786 1611 839 1663 in
880 1609 1126 1677 inscript.
1179 1606 1536 1660 Εὐσταθίου.
1591 1604 1665 1658 De
1700 1605 1984 1660 Eustathio
2015 1612 2062 1666 Α
2089 1609 2289 1662 tionem
2343 1618 2597 1680 exponat,
2635 1611 2727 1666 ubi
2781 1612 2922 1667 hanc
2967 1627 3152 1668 curam
3211 1613 3313 1669 sibi
3353 1613 3522 1669 fuisse
3558 1613 3652 1670 deo

423 1704 858 1766 Antiocheno,et
878 1701 996 1770 ejus
1027 1698 1508 1768 scriptis,plurain
1535 1697 1848 1767 praefatione
1870 1713 1987 1750 mea
2089 1698 2397 1751 mandatam
2452 1701 2669 1761 asserit,
2707 1708 2764 1753 ttt
2811 1718 2949 1772 opus
3005 1703 3214 1758 scilicet
3258 1705 3434 1758 sancti
3465 1704 3655 1760 Basilii

423 1798 488 1850 ad
526 1798 804 1850 lectorem.
841 1793 940 1847 llic
967 1794 1073 1846 duo
1099 1798 1334 1854 tantum,
1371 1806 1490 1860 quae
1523 1791 1592 1843 ibi
1628 1790 1879 1845 consulto
1911 1790 1990 1844 si-
2088 1789 2330 1859 episcopi
2379 1789 2567 1846 Graeco
2610 1808 2860 1848 sermone
2887 1797 3256 1865 conscriptum
3291 1800 3656 1853 monumentis

422 1888 591 1942 lentio
625 1885 947 1956 prmterntisi
1000 1885 1282 1937 tractanda
1349 1883 1607 1951 suscipio.
1646 1881 1710 1934 Et
1756 1883 1988 1952 primum
2090 1880 2284 1950 linguae
2317 1881 2540 1938 Latialis
2575 1884 2860 1948 insereret,
2893 1899 2924 1939 a
2957 1885 3263 1958 Syncletica
3312 1888 3648 1952 diaconissa,

421 1981 527 2037 erit
574 1979 870 2033 discrimen
918 1977 1057 2030 inter
1098 1975 1242 2028 hunc
1268 1981 1516 2028 nostrum
1541 1972 1904 2039 Eustathium,
1936 1980 1991 2026 et
2088 1975 2174 2030 cui
2200 1982 2252 2029 et
2285 1977 2483 2045 paruit,
2514 1985 2568 2031 et
2599 1993 2816 2046 operam
2847 1993 2998 2032 suam
3026 1979 3255 2036 ﬁdeliter
3280 1981 3545 2036 exhibuit.

422 2073 588 2126 alittm
627 2069 990 2133 Eustathium,
1034 2068 1124 2137 qui
1179 2065 1364 2119 Basilii
1412 2065 1586 2135 Magni
1625 2064 1987 2120 Hexaemeron
2159 2069 2386 2138 Quidam
2419 2071 2934 2142 aﬂirmarunthujus
2959 2072 3282 2144 Syncleticaa
3305 2073 3651 2135 diaconissae,

421 2165 479 2220 in
518 2165 756 2234 linguam
784 2161 1030 2215 Latinam
1064 2160 1352 2215 convertit.
1377 2157 1709 2221 Secundum,
1737 2157 1990 2212 ostende-
2089 2160 2156 2214 ad
2197 2176 2359 2230 quam
2407 2160 2728 2218 Eustathius
2757 2179 2914 2218 suum
2945 2178 3082 2233 opus
3111 2163 3314 2234 dirigit.
3339 2164 3656 2218 meminisse

422 2273 544 2312 mus
599 2264 872 2310 auctorem
928 2255 1073 2307 hunc
1101 2251 1644 2320 nostrum,quisquis
1687 2250 1775 2304 ille
1808 2249 1987 2311 fuerit.
2092 2250 2395 2316 Sedulium,
2440 2255 2737 2324 multisque
2779 2270 2896 2309 eam
2930 2262 3273 2324 prosecutum
3319 2255 3570 2309 laudibus
3601 2255 3654 2308 in

429 2351 601 2402 fuisse
650 2346 1094 2416 antiquissimum
1149 2345 1252 2413 ipsi
1317 2342 1599 2397 Eustathio
1653 2341 1992 2395 Antiochetto
2090 2345 2407 2414 prazfatione
2450 2347 2631 2414 operis
2685 2345 2984 2401 Paschalis.
3031 2345 3162 2411 Quae
3215 2345 3260 2401 si
3325 2361 3452 2400 vera
3504 2354 3654 2408 sunt,

419 2454 682 2494 coaevum.
714 2436 777 2489 Et
813 2452 945 2490 sane
981 2435 1109 2491 dum
1143 2435 1324 2488 animo
1353 2448 1416 2488 ea
1446 2449 1566 2502 qua:
1596 2433 1649 2485 in
1683 2433 1786 2485 hoc
1811 2432 1992 2486 libello
2091 2435 2433 2493 Eustatltiu-n
2476 2439 2824 2508 interpretem
2875 2436 3094 2491 Sedulio
3123 2452 3366 2492 comvum
3413 2444 3656 2505 tempore

419 2531 792 2589 continentur,
829 2527 1112 2596 agitarem,
1148 2524 1557 2594 inveniremque
1585 2522 1771 2578 Basilii
1810 2522 1990 2593 Magni

2090 2532 2381 2588 Theodosii
2414 2531 2663 2586 ﬂoruisse
2707 2530 3020 2585 necessario
3049 2527 3319 2584 fatendum
3342 2535 3446 2592 est,
3479 2529 3652 2582 maxi-

419 2622 730 2683 sententiis.
764 2621 1053 2689 verbisque
1099 2634 1264 2688 super
1290 2618 1479 2673 eadem
1516 2616 1744 2671 materia
1777 2616 1991 2671 similll-
2091 2641 2287 2696 ηιρφιε
2343 2641 2439 2681 eos
2492 2625 2670 2696 decipi
2723 2625 2814 2694 qui
2871 2622 3132 2678 Junitium
3176 2637 3242 2676 eo
3291 2622 3651 2691 antiquiorem

420 2735 510 2773 ma
555 2733 676 2789 quae
727 2718 815 2772 hic
876 2716 1168 2777 habentur,
1202 2715 1292 2768 diu
1331 2729 1420 2766 me
1449 2713 1608 2766 torsit
1634 2711 1907 2781 quomodo
1937 2710 1989 2764 id
2090 2721 2449 2782 constituunt,
2499 2732 2623 2771 cum
2669 2713 2860 2771 Junilii
2919 2721 2974 2770 et
3031 2712 3236 2769 Sedulii
3269 2721 3515 2784 tempora
3547 2729 3654 2767 non

421 2812 537 2867 ﬁeri
585 2811 782 2882 potuit,
820 2817 878 2864 ut
927 2809 1012 2863 vel
1060 2808 1293 2862 Basilius
1323 2807 1393 2860 ab
1431 2804 1736 2870 Eustathio,
1768 2805 1850 2857 vel
1882 2802 1990 2856 Eu-
2089 2809 2318 2863 multum
2351 2808 2576 2862 distent.

420 2905 655 2961 stathius
693 2920 723 2957 a
755 2901 976 2966 Basilio,
1013 2914 1242 2968 uterque
1268 2907 1320 2952 ct
1352 2901 1404 2950 in
1453 2897 1685 2950 dicendo
1725 2896 1992 2965 peritissi-
2021 2953 2061 2968 η
2163 2899 2268 2954 Sed
2314 2901 2380 2955 de
2419 2898 2757 2953 Antiocheno
2785 2903 3006 2951 auctore
3033 2895 3197 2965 hujus
3228 2901 3514 2956 tractatus,
3544 2909 3654 2964 quo

420 3013 563 3062 mus,
586 3010 687 3049 nec
722 2995 908 3048 alieme
935 2992 1260 3048 elocutionis
1295 2989 1539 3043 subsidio
1577 2989 1842 3058 indigens.
1869 3002 1990 3042 eas-
2024 2989 2063 3007 ¹¹
2091 2997 2298 3050 scilicet
2347 3001 2588 3063 tempore
2617 2992 2833 3056 vixerit,
2868 3005 3172 3046 sermonem
3201 2990 3506 3050 instituere,
3529 3002 3652 3041 cum

419 3089 542 3143 dem
603 3088 933 3151 sententias,
980 3095 1034 3139 et
1084 3085 1281 3148 verba,
1340 3085 1654 3153 luminaque
1722 3082 1987 3138 orationis
2089 3093 2428 3157 compertum
2461 3087 2532 3141 sit
2557 3087 2608 3139 in
2640 3085 2892 3147 historia,
2929 3097 3106 3152 operae
3137 3082 3370 3152 pretium
3413 3085 3649 3134 nonest.

418 3180 584 3234 fuerit
616 3185 913 3233 mutuatus.
942 3177 1254 3248 Sigebertus
1280 3177 1374 3230 lib.
1409 3176 1486 3229 De
1520 3175 1818 3229 illustribus
1851 3175 1987 3228 scri-
2088 3183 2478 3251 Argumentum
2504 3186 2688 3232 tamen
2715 3175 3181 3234 evidentissimum
3219 3175 3362 3229 illius
3390 3172 3563 3228 aetatis
3595 3170 3650 3223 in

417 3272 655 3342 ptoribus
694 3271 1037 3325 ecclesialicis
1057 3311 1070 3333 ,
1096 3282 1216 3335 cap.
1242 3269 1333 3333 2|,
1371 3269 1422 3321 in
1459 3269 1559 3322 hac
1588 3283 1645 3322 re
1675 3269 1846 3336 magis
1873 3267 1991 3319 ani-
2088 3272 2192 3327 hoc
2224 3272 2343 3340 ipso
2368 3284 2530 3339 opere
2562 3267 2824 3321 habemus
2857 3281 2975 3335 pag.
3006 3265 3094 3326 85,
3125 3263 3237 3327 ubi,
3275 3277 3399 3318 cum
3445 3259 3512 3314 de
3547 3258 3651 3312 ﬁne

417 3382 563 3420 inti-2n
615 3365 840 3419 dubium
897 3363 1146 3420 faciebat.
1179 3363 1308 3416 dum
1344 3363 1628 3424 scriberet,
1671 3360 1987 3415 Eustathius
2087 3371 2142 3420 et
2186 3361 2655 3417 consummatione
2687 3359 2848 3427 hujus
2890 3356 3076 3410 mundi
3115 3355 3538 3424 disputationem
3573 3352 3653 3404 in-

420 3459 696 3512 transtulit
728 3457 793 3510 de
820 3455 1001 3510 Gra'co
1024 3457 1077 3508 in
1107 3453 1354 3506 Latinum
1393 3452 1764 3507 Hexaemeron
1794 3452 1990 3506 Basilii
2087 3457 2372 3520 stituisset,
2399 3471 2558 3525 quem
2589 3461 2798 3508 tantum
2833 3451 2899 3505 ad
2933 3466 3196 3504 annorum
3230 3465 3324 3503 sex
3353 3449 3522 3502 millia
3551 3446 3654 3500 du-

415 3551 784 3605 Ca’uriensis.
809 3548 1021 3613 Quibus
1054 3545 1386 3601 Possevinus
1411 3543 1463 3596 in
1485 3539 1983 3610 Apparatuhazret:
2085 3556 2332 3603 raturum
2375 3544 2752 3606 contendebat,
2783 3553 2837 3598 et
2869 3552 3176 3596 accuratam
3210 3554 3476 3592 annorum
3517 3553 3653 3591 enu-

416 3641 568 3706 Quod
614 3655 732 3692 vero
783 3636 1080 3705 Sigebertus
1129 3627 1298 3706 inquii
1369 3652 1425 3688 in
1466 3633 1742 3705 Catatogo,
1790 3634 1987 3688 Eusta-
2085 3638 2439 3692 merationem
2465 3641 2906 3705 prosequeretur,
2940 3638 2999 3684 ut
3028 3633 3118 3700 qui
3148 3626 3652 3700 prieterierat,quid

417 3733 584 3785 thium
616 3733 670 3783 in
711 3728 958 3782 Latinum
1001 3729 1340 3782 transtulisse
1381 3727 1755 3782 Hexaemeron
1791 3727 1985 3781 Basilii
2085 3729 2264 3783 adhuc
2284 3727 2522 3782 futurum
2548 3724 3044 3796 possetexspectari
3071 3721 3264 3792 legenti
3292 3720 3646 3790 significaret,

411 3821 779 3882 Ccsarieusis,
817 3819 990 3872 nescio
1026 3817 1089 3870 de
1135 3835 1360 3887 quonam
1396 3820 1558 3870 dicat.
1596 3815 1983 3871 Existimabam
2085 3836 2244 3876 suum
2275 3826 2586 3887 computum
2611 3817 2676 3871 ad
2715 3816 3049 3870 tricesimum
3079 3830 3280 3868 annum
3307 3812 3649 3867 Constantini

417 3908 757 3983 Sigebertum
777 3913 1256 3975 hallucinatum,et
1278 3910 1618 3964 Eustathium
1639 3909 1818 3978 potius
1835 3924 1984 3962 com-
2085 3913 2214 3981 imp.
2242 3911 2556 3982 perductum
2588 3909 2724 3971 linit,
2751 3908 2886 3962 alios
2915 3922 3089 3963 annos
3108 3905 3541 3976 praetermittens.
3571 3903 3654 3957 Si-

417 4004 720 4074 pilatorem,
740 4004 853 4057 sive
870 4002 1276 4071 epitomatorem
1298 4001 1481 4070 operis
1506 4000 1761 4054 Basiliani
1793 4001 1980 4062 fuisse,
2081 4019 2246 4072 gnum
2268 4018 2394 4073 ergo
2419 4002 2547 4056 dum
2570 4001 2684 4054 haec
2699 3999 2787 4054 hic
2810 4009 3002 4053 auctor
3029 3999 3313 4061 scriberet,
3329 4011 3504 4052 annos
3525 4007 3647 4050 tan-

414 4111 524 4150 non
555 4094 922 4164 interpretem.
951 4093 1148 4148 Verum
1184 4109 1212 4146 a
1246 4092 1515 4147 sententia
1545 4091 1823 4146 detorsere
1849 4092 1984 4145 Cas-
2082 4103 2195 4148 tum
2216 4101 2526 4148 numeratos
2552 4110 2648 4147 nec
2667 4093 2851 4162 plures
2874 4092 3039 4146 fuisse
3053 4093 3442 4161 clapsos,quos
3461 4089 3649 4157 utique

415 4186 668 4244 siodorus
717 4188 810 4241 lib.
863 4187 936 4241 De
985 4188 1316 4240 institutione
1345 4185 1644 4238 divinarum
1675 4183 1982 4252 Scriptura-
2081 4203 2189 4241 non
2223 4188 2522 4253 tacuisset;
2555 4185 2608 4240 id
2641 4184 2784 4239 enim
2814 4191 2933 4238 erat
2959 4183 3104 4237 illius
3136 4184 3468 4236 institutum.
3493 4179 3646 4246 Quod

410 4294 531 4332 rum
558 4293 574 4332 :
607 4277 880 4339 Geneseos,
935 4279 1133 4348 inquit,
1187 4277 1447 4346 principia
1477 4286 1689 4330 sanctus
1743 4274 1980 4328 Basilius
2008 4294 2048 4352 ρ
2083 4281 2213 4334 mihi
2247 4281 2381 4336 satis
2413 4294 2683 4349 superque
2710 4288 2812 4341 est,
2843 4279 2886 4331 si
2918 4278 3129 4331 vivente
3149 4273 3507 4330 Constantino
3533 4273 3645 4325 hare

411 4368 587 4420 Αιιὶηο
617 4383 848 4421 sermone
884 4368 1155 4428 lucidavil.
1186 4383 1337 4436 quem
1375 4365 1688 4420 Eustathius
1710 4368 1788 4419 υὶῖ
1809 4365 1975 4420 άὶεεν·
2080 4375 2476 4437 scribebantur,
2514 4372 2764 4442 quamvis
2821 4379 3012 4425 auctor
3066 4370 3159 4423 diu
3205 4368 3370 4421 vitam
3419 4366 3643 4421 trahens

413 4458 645 4510 tissimus
685 4459 760 4510 ita
805 4459 1071 4511 transtulit
1103 4459 1156 4510 in
1186 4457 1454 4521 Latinum,
1490 4467 1544 4509 ut
1581 4458 1844 4527 ingenium
1883 4459 1980 4510 do-
2079 4472 2292 4533 tempus
2319 4465 2447 4518 illud
2477 4463 2792 4518 excesserit.

409 4549 633 4601 ctissimi
659 4550 757 4601 viri
789 4549 1052 4617 facundia:
1073 4566 1183 4602 sua:
1206 4548 1400 4601 viribus
1426 4550 1780 4617 wquiparasse
1799 4549 1976 4602 videa-

2147 4557 2283 4611 lbid.
2315 4560 2418 4622 Εἰς
2442 4555 2947 4625 τὴνἘξαήμερον.
2967 4553 3336 4609 Hexaemeron
3359 4549 3530 4605 Graeci
3550 4563 3635 4603 vo-

410 4649 500 4693 tur
521 4657 539 4692 ε
564 4642 652 4709 qui
681 4657 842 4709 usque
863 4642 930 4693 ad
960 4641 1190 4694 hominis
1224 4641 1574 4693 conditionem
1604 4657 1783 4694 novem
1815 4640 1976 4694 libros
2075 4659 2292 4715 cal-unt,
2340 4652 2577 4720 spatium
2623 4650 2755 4704 illud
2805 4665 2898 4704 sex
2951 4647 3185 4710 dierum,
3247 4662 3357 4716 quo
3405 4641 3644 4698 mundus

410 4733 624 4786 tetendit
652 4749 671 4796 ;
715 4742 767 4787 et
794 4733 1031 4788 Junilius
1079 4736 1369 4804 episc0pus
1397 4733 1712 4796 Africanus,
1739 4735 1853 4787 sive
1880 4748 1978 4802 po-

2077 4743 2328 4798 conditus
2386 4753 2439 4797 et
2496 4743 2792 4797 fabricatus
2844 4740 2981 4807 fuit;
3013 4756 3121 4793 non
3189 4738 3332 4809 quod
3383 4735 3643 4805 temporis

409 4827 518 4880 ίίυε
574 4824 741 4889 Beda:
787 4839 910 4878 nam
955 4824 1190 4879 Junilius
1235 4825 1362 4879 ΑΓΘΓ
1389 4825 1674 4879 Ειιδῑθιὴίο
1701 4827 1977 4894 δηιίίῐυίοῐ·
2076 4836 2251 4906 spatio
2277 4850 2415 4905 opus
2446 4835 2695 4889 habuerit
2720 4833 2990 4896 conditor,
3012 4831 3155 4887 Deus
3178 4831 3320 4886 enim
3346 4845 3454 4884 non
3480 4830 3638 4898 jussu

408 4913 580 4972 fuisse
605 4918 925 4987 quibusdam
959 4919 1109 4973 visus
1138 4925 1244 4982 est,
1277 4920 1328 4972 in
1355 4918 1669 4988 prmfationc
1699 4915 1974 4972 Commen-
2072 4936 2304 4990 tantum,
2337 4927 2432 4983 sed
2459 4935 2512 4982 et
2538 4928 2777 4999 cogitatu
2801 4936 3076 4996 operatur,
3098 4923 3191 4980 sed
3223 4923 3479 4993 quoniam
3503 4936 3639 4990 opus

408 5010 534 5061 ιω·ιὶ
585 5010 637 5062 in
686 5007 1284 5078 Genes.:l)eprincipio
1331 5011 1454 5064 libri
1498 5010 1732 5071 Genesis,
1783 5010 1837 5062 in
1872 5026 1974 5080 quo

2072 5027 2189 5075 erat
2221 5035 2307 5074 res
2351 5020 2525 5074 creari
2569 5019 2802 5088 quodam
2829 5018 3019 5072 ordine
3053 5035 3066 5071 :
3101 5016 3278 5071 ordini
3320 5025 3498 5068 autem
3539 5028 3641 5066 nu-

406 5100 587 5154 mundi
614 5101 768 5170 hujus
801 5105 998 5156 creatio
1027 5103 1288 5172 descripta
1317 5114 1415 5166 est,
1448 5105 1602 5157 multi
1630 5104 1798 5157 multa
1824 5104 1973 5158 dixe-
2071 5129 2256 5167 merus
2284 5121 2367 5167 est
2393 5111 2664 5182 proprius,
2698 5109 2853 5164 Philo
2883 5110 3121 5172 ιιιιιωιιε,
3165 5108 3240 5162 De
3279 5107 3461 5160 mundi
3486 5106 3641 5174 api/i—

404 5208 480 5253 re,
497 5203 544 5245 et
563 5195 728 5246 multa
748 5197 970 5262 posteris
995 5197 1186 5265 ingenii
1214 5197 1298 5250 sui
1329 5206 1664 5250 monumenta
1697 5198 1967 5267 reliquere.

2071 5205 2150 5256 cio
2169 5219 2187 5254 :
2205 5203 2302 5268 Ἓξ
2321 5204 2364 5256 δ’
2387 5204 2620 5275 ἡμέραις
2649 5201 3109 5274 δημιουργηθῆναι
3135 5217 3266 5270 φησι
3293 5197 3384 5250 τὸν
3415 5198 3637 5267 κόσμον,

403 5282 507 5338 Sed
538 5287 816 5354 prazcipue,
862 5297 1115 5356 quantum
1167 5300 1348 5343 nostra
1395 5289 1807 5357 pusillanimitas
1858 5288 1972 5342 edi-

2068 5295 2166 5349 οὐκ
2195 5294 2380 5364 ἐπειδὴ
2417 5294 2722 5367 προσεδεῖτο
2765 5293 2968 5363 χρόνων
3012 5293 3219 5362 μήκους
3244 5290 3272 5340 ὁ
3305 5288 3494 5352 ποιῶν,
3525 5288 3639 5357 ἅμα

399 5390 540 5428 scere
577 5379 765 5442 potuit,
810 5377 1045 5433 Basilius
1073 5379 1438 5446 Caesariensis,
1478 5397 1627 5450 quem
1658 5380 1968 5436 Eustathius

2069 5387 2177 5458 γὰρ
2207 5387 2336 5457 δρᾷν
2369 5387 2514 5450 εἰκὸς
2557 5385 2708 5447 Θεὸν,
2750 5388 2808 5440 οὺ
2857 5385 3258 5456 προστάττοντα
3291 5384 3471 5454 μόνον.
3505 5380 3640 5436 ἀλλὰ

399 5466 656 5536 interpres
701 5469 764 5522 de
800 5469 982 5525 Graeco
1022 5472 1146 5540 fecit
1173 5489 1282 5526 esse
1313 5471 1584 5526 Latinum.
1622 5471 1967 5526 Manifestum

2067 5477 2160 5529 uati.
2201 5476 2592 5547 διανοούμενον,
2627 5477 2740 5531 ἀλλ’
2789 5477 2974 5547 ἐπειδὴ
3025 5479 3136 5537 τοῖς
3181 5474 3488 5545 γενομένοις
3531 5473 3637 5525 ἔδει

397 5558 582 5628 itaque
631 5563 976 5618 Eustathiunt
1020 5565 1186 5629 hunc,
1222 5567 1314 5636 qui
1367 5566 1422 5620 in
1467 5566 1726 5620 vertendo
1764 5564 1966 5618 Basilio

2065 5569 2288 5634 τάξεως,
2324 5567 2473 5631 τάξει
2514 5567 2569 5619 δὲ
2599 5567 2828 5639 ἀριθμὸς
2858 5569 3052 5620 οἰκεῖον
3074 5606 3088 5628 ,
3131 5574 3187 5620 et
3225 5565 3499 5621 scnarium
3529 5580 3633 5618 nu-

398 5651 638 5706 laborem
669 5654 1165 5724 insumpsit,alium
1196 5673 1316 5712 esse
1343 5657 1412 5709 ab
1433 5656 1719 5711 Eustathio
1741 5657 1845 5709 hoc
1869 5671 1963 5709 no—
2070 5675 2276 5713 merum
2331 5659 2473 5712 inter
2516 5660 2652 5713 alios
2698 5661 2811 5728 lege
2866 5667 3074 5712 naturae
3129 5674 3252 5714 esse
3297 5655 3636 5727 generationi

397 5753 530 5799 atro,
565 5757 687 5795 cum
716 5751 769 5799 et
800 5746 945 5800 illius
977 5748 1224 5824 versibus
1256 5749 1396 5802 edita
1440 5749 1529 5811 sit,
1554 5756 1608 5801 et
1649 5748 1874 5816 ipsemet
1909 5747 1962 5801 itt
2070 5750 2410 5819 aptissimum
2443 5752 2629 5805 multis
2659 5751 2887 5819 explitat
2933 5751 3154 5805 ibidem.
3188 5749 3635 5816 Quotiescunque

397 5831 713 5904 praefatione
741 5851 868 5908 suae
919 5837 1186 5892 versionis
1217 5853 1442 5908 scopum
1489 5854 1668 5903 suum,
1697 5849 1750 5893 et
1788 5838 1962 5894 inten-
2070 5840 2233 5910 igitur
2257 5839 2526 5908 quispiam
2559 5840 2625 5893 ad
2653 5840 2958 5896 enarranda
2988 5842 3078 5895 illa
3107 5855 3226 5912 qua:
3252 5840 3306 5894 in
3335 5838 3428 5893 illo
3457 5839 3634 5909 spatio
