4112 6456
393 397 502 453 ’197

1392 397 1460 452 ΙΝ
1496 396 1867 454 EUSTATHll
1916 393 2387 452 HEXAEMERON
2425 394 2657 451 ΝΟΤᾹΞ.

3545 392 3649 449 798

394 517 613 571 fuerunt
640 511 822 566 divina
845 512 1101 569 facultate
1128 515 1410 585 producta,
1441 516 1681 571 studium
1711 515 1960 570 confere-

2086 515 2272 584 :pévou;
2316 515 2564 584 ἀκμάσαι
2611 511 2751 566 κατὰ
2782 512 2992 578 Ἴναχον
3033 511 3320 583 εἰρήκασιν
3354 510 3544 582 ἄνδρες
3589 513 3648 562 ἐν

393 605 505 666 bat,
551 603 606 657 in
663 604 1026 659 Hexaemeron
1083 608 1323 662 scribere
1367 608 1674 669 dicebatur,
1724 621 1956 676 quorum

2086 603 2340 659 ιαιδεύσει
2369 602 2659 672 γνώριμοι,
2715 600 2967 669 Κλήμης,
3008 600 3354 671 Ἀφρικανὸς,
3385 599 3647 661 Τατιανὸς

395 710 609 752 summa
659 703 776 751 toto
826 701 1001 768 primo
1057 696 1333 754 Geneseos
1367 700 1546 769 capite
1589 699 1956 761 concluditur,

2058 694 2154 747 τοῦ
2190 693 2310 746 καθ’
2341 694 2487 763 ἡμᾶς
2510 691 2690 760 λόγου,
2727 687 2836 741 τῶν
2861 705 2920 740 τε
2955 689 3018 740 ὲκ
3040 689 3340 758 περιτομῆς
3355 687 3640 759 Ἰώσηπος,

396 788 554 854 cujus
585 802 648 840 ea
679 787 779 841 fuit
809 790 952 857 apud
985 804 1174 844 omnes
1231 789 1542 852 dillicultas.
1577 798 1637 844 ut
1673 790 1828 844 multi
1866 804 1962 860 ag-

2086 787 2157 840 ιαὶ
2194 784 2446 846 Ἰοῦστος,
2486 783 2629 844 ἰδίως
2661 781 2882 833 ἕκαστοι
2902 778 2998 849 τὴν
3021 778 3294 842 ἀπόδειξιν
3317 781 3380 830 ὲκ
3403 779 3646 840 παλαιᾶς

397 879 570 949 gressi
613 879 723 932 sint
769 879 902 932 illud
945 895 1105 940 onus,
1130 881 1312 935 nullus
1343 887 1523 935 tamen
1565 896 1663 950 pro
1702 879 1966 950 dignitate

2086 876 2391 947 ιποσχόντες
2439 875 2698 945 ἱστορίας.
2733 873 2942 941 Ἴναχον
2986 869 3041 921 δὲ
3066 868 3175 922 τῶν
3221 869 3460 922 Ἰλιακῶν
3496 870 3652 940 ἕστη-

399 969 770 1038 compleverit,
797 970 932 1024 adeo
956 970 1137 1023 omnia
1175 978 1303 1024 sunt
1318 969 1700 1023 difﬁcultatum
1724 970 1966 1024 tenebris

398 1059 675 1114 obvoluta.
707 1059 1038 1130 Theophilus
1065 1059 1437 1115 Antiochenus
1471 1061 1565 1115 lib.
1601 1075 1662 1124 ιι,
1699 1058 1766 1112 ad
1800 1061 1969 1113 Auto-

401 1151 573 1220 lycum
603 1167 622 1206 :
648 1152 759 1222 Τῆς
812 1150 911 1222 μὲν
950 1147 1044 1206 οὖν
1073 1149 1440 1220 Ἐξαημέρου
1471 1151 1644 1214 οὐδεὶς
1671 1150 1970 1222 ἀνθρώπων

398 1241 622 1306 δυνατὸς
643 1244 782 1296 κατὰ
811 1242 966 1307 ἀξίαν
996 1242 1094 1314 τὴν
1125 1241 1387 1314 ἐξήγησιν
1416 1243 1509 1295 καὶ
1535 1243 1632 1313 τὴν
1662 1243 1970 1313 οἰκονομίαν

401 1334 580 1386 πᾶσαν
612 1334 861 1398 ἐξειπεῖν,
893 1334 1012 1387 οὑδὲ
1037 1335 1084 1387 εἰ
1111 1335 1278 1406 μυρία
1306 1333 1549 1402 στόματα
1579 1332 1710 1402 ἔχοι,
1747 1333 1840 1386 καὶ
1874 1351 1973 1403 μυ-

403 1426 523 1498 ρίας
571 1425 839 1493 γλώσσας,
870 1427 983 1480 ἀλλ’
1011 1426 1130 1479 οὐδὲ
1159 1427 1205 1478 εί
1238 1425 1450 1496 μυρίοις
1481 1424 1625 1477 ἔτεσι
1657 1423 1842 1495 βιώσοι
1888 1441 1974 1487 τις

401 1515 680 1587 ἐπιδημῶν
731 1519 790 1570 ὲν
825 1517 958 1587 τῷδε
990 1517 1069 1588 τῷ
1109 1517 1228 1588 βίῳ,
1259 1517 1379 1570 οὐδὲ
1409 1516 1579 1579 οὕτως
1610 1515 1761 1568 ἔσται
1794 1515 1975 1578 ἱκανὸς

399 1606 535 1677 πρὸς
558 1605 732 1660 ταῦτα
765 1606 928 1672 ἀξίως
951 1626 1003 1662 τι
1029 1613 1224 1672 εἰπεῖν,
1247 1609 1335 1662 διὰ
1361 1608 1424 1661 τὺ
1458 1609 1793 1680 ὑπερϐάλλον
1823 1607 1978 1678 μέγε-

400 1697 491 1761 θος
519 1698 612 1751 καί
643 1698 735 1750 τὸν
788 1699 1014 1753 πλοῦτον
1045 1700 1146 1770 τῆς
1169 1700 1360 1768 σοφίας
1389 1699 1482 1752 τοῦ
1506 1699 1662 1763 Θεοῦ,
1691 1699 1790 1769 τῆς
1813 1698 1978 1768 οὔσης

2067 987 2166 1024 σαν
2208 968 2558 1029 ἑπτακοσίοις
2602 963 2948 1037 πρεσϐεύειν.
2983 961 3188 1014 Horum
3217 962 3505 1016 verborum
3537 964 3650 1030 pri-

2066 1077 2210 1116 mam
2251 1067 2457 1130 partem
2489 1057 2672 1111 omisit
2715 1053 3054 1116 Eustathius,
3081 1051 3377 1108 secundam
3405 1052 3491 1106 sui
3534 1062 3652 1106 tra-

2068 1159 2249 1205 ctatus
2281 1149 2500 1202 initium
2533 1161 2658 1202 esse
2687 1145 2878 1204 voluit,
2903 1143 3134 1214 Κλήμης
3161 1141 3258 1212 μὲν
3291 1136 3404 1204 οὖν,
3435 1157 3544 1210 qua
3567 1140 3654 1196 vel

2069 1256 2180 1296 una
2229 1238 2518 1308 particula,
2563 1237 2667 1290 etsi
2718 1233 2990 1290 sententia
3049 1233 3105 1286 in
3163 1231 3394 1301 reliquis
3439 1232 3512 1286 sit
3549 1231 3654 1286 sibi

2071 1336 2334 1385 constans
2371 1339 2424 1382 et
2455 1325 2883 1386 absolutissima,
2914 1322 3154 1377 libellum
3197 1321 3344 1376 hunc
3384 1323 3656 1392 principio

2073 1419 2327 1473 mutilqu
2371 1431 2495 1471 esse
2514 1413 2787 1468 dictitant.
2822 1412 2920 1467 Est
2957 1412 3128 1474 enim,
3173 1411 3448 1481 inquiunt,
3491 1413 3658 1466 colle-

2074 1516 2215 1570 ctiva
2260 1519 2316 1568 et
2368 1509 2655 1565 rationalis
2679 1547 2695 1573 ,
2749 1507 3176 1576 necessarioque
3211 1507 3314 1559 alia
3345 1521 3658 1576 praesuppo-

2076 1606 2178 1671 nit,
2196 1620 2262 1659 ex
2283 1603 2480 1674 quibus
2497 1599 2849 1655 dictumillud
2877 1599 3108 1652 inl'ertur
3141 1614 3154 1649 :
3178 1597 3424 1667 adeoque
3456 1599 3563 1652 illis
3588 1599 3658 1652 ab

2079 1698 2169 1752 illa
2201 1695 2527 1766 principium
2556 1693 2820 1747 orationis
2847 1691 3048 1746 ducere
3076 1705 3288 1745 summa
3328 1692 3517 1761 religio
3549 1700 3654 1746 est.

399 1790 459 1842 ὲν
489 1791 660 1861 ταύτῃ
693 1794 758 1862 τῇ
785 1794 1250 1865 προγεγραμμένῃ
1291 1792 1642 1862 Ἐξαημέρῳο
1669 1793 1854 1847 πολλοὶ
1881 1793 1979 1864 μὲν

2086 1787 2281 1843 Verum
2309 1787 2401 1857 qui
2427 1785 2722 1856 gratiarum
2745 1782 3049 1839 Atticarum
3079 1797 3187 1836 non
3213 1782 3463 1852 ignarus.
3491 1784 3657 1838 lasci-

398 1878 492 1935 οὖν
516 1881 622 1934 τῶν
653 1863 1010 1955 συγγραφέων
1044 1863 1403 1955 ἐμιμήσαντο,
1431 1885 1523 1939 καὶ
1551 1883 1823 1957 ἠθέλησαν
1849 1863 1979 1955 περὶ

2086 1882 2294 1935 vientes
2349 1878 2640 1932 verborum
2680 1874 2954 1941 modulos,
3000 1890 3280 1944 novosque
3325 1876 3380 1929 in
3411 1877 3657 1930 oratione

399 1973 604 2026 τούτων
635 1973 884 2045 διήγησιν
926 1976 1276 2044 ποιήσασθαι,
1305 1978 1481 2030 καίτοι
1515 1976 1768 2040 λαϐόντες
1800 1975 1982 2030 ἐντεῦ-

404 2065 495 2118 θεν
523 2066 622 2129 τὰς
655 2068 926 2138 ἀφορμὰς,
953 2069 1071 2139 ἤτοι
1105 2071 1234 2141 περὶ
1264 2069 1468 2141 κόσμου
1509 2057 1758 2134 κτίσεως,
1784 2070 1818 2141 ἦ
1857 2068 1984 2139 περὶ

405 2155 618 2225 φύσεως
650 2156 956 2229 ἀνθρώπου,
986 2160 1081 2215 καὶ
1106 2159 1224 2212 οὐδὲ
1249 2159 1312 2212 τὸ
1339 2159 1501 2229 τυχὸν
1543 2159 1788 2231 ἐναυσμα
1837 2159 1985 2226 ἄξιόν

402 2263 456 2299 τι
481 2245 582 2316 τῆς
623 2245 879 2316 ἀληθείας
918 2245 1147 2312 ἐξεῖπον.
1183 2249 1418 2319 Ideoque
1467 2249 1671 2305 Iudaeis
1711 2251 1984 2320 prohibita

405 2338 526 2406 ejus
577 2338 740 2393 lectio
795 2347 920 2394 ante
966 2341 1301 2396 tricesimum
1355 2357 1580 2400 annum.
1621 2342 1987 2415 Hieronymus

405 2427 623 2500 Prolog.
678 2432 733 2485 in
784 2431 1143 2495 Ezechielem,
1182 2441 1237 2488 et
1283 2431 1598 2490 Ludovicus
1652 2434 1854 2491 Fidelis
1908 2434 1988 2490 De

406 2529 676 2575 structura
703 2521 906 2585 mundi,
933 2523 987 2577 in
1019 2524 1260 2593 prologo,
1288 2524 1342 2576 in
1366 2539 1476 2593 quo
1505 2533 1559 2578 et
1590 2524 1984 2588 dillicultatem,

407 2617 462 2663 et
493 2609 656 2678 hujus
689 2612 884 2681 capitis
910 2614 1167 2683 ambages
1199 2616 1270 2668 ita
1298 2615 1570 2686 expressit
1604 2630 1618 2669 :
1649 2614 1799 2667 Hanc
1821 2613 1989 2667 divini

415 2704 552 2757 vatis
606 2701 865 2767 Genesim,
933 2722 1024 2760 seu
1080 2706 1296 2776 hujusce
1341 2707 1668 2778 pra'grandis
1708 2707 1989 2761 mundanae

409 2794 573 2848 malis
634 2811 728 2850 sca:
769 2796 949 2850 diebus
999 2797 1315 2866 descriptam
1357 2809 1680 2852 structuram
1708 2798 1866 2852 veluti
1893 2799 1989 2852 sil-

408 2906 525 2943 vam
549 2890 834 2959 quamdam
858 2909 1097 2961 opacam,
1127 2893 1342 2948 densam
1390 2911 1451 2948 ac
1493 2894 1838 2957 tenebrosam,
1866 2893 1988 2948 hor-

409 2980 584 3036 ridam
614 2999 846 3044 accessu,
879 2984 1143 3054 difﬁcilem
1194 2985 1366 3050 aditu,
1409 2997 1459 3040 et
1497 2988 1670 3040 instar
1700 2986 1988 3058 labyrinthi

411 3071 720 3142 ambagibus
763 3075 992 3142 plenam,
1019 3086 1068 3130 et
1112 3079 1278 3131 maris
1327 3079 1617 3134 vastissimi
1649 3078 1877 3146 scopulis
1903 3095 1986 3132 rev

410 3162 775 3230 fertissimam,
818 3183 1018 3236 semper
1054 3169 1314 3237 judicavi.
1348 3169 1578 3240 Ingenue
1631 3170 1823 3238 fateor,
1859 3186 1987 3222 can-

411 3253 537 3307 dide
586 3254 767 3318 lector,
804 3274 885 3311 me
930 3259 984 3310 in
1025 3268 1138 3314 tota
1167 3258 1445 3326 Scriptura
1485 3277 1639 3314 sacra
1693 3261 1791 3312 hac
1835 3277 1990 3313 mun-

412 3345 569 3399 dana:
612 3349 766 3402 molis
815 3349 1165 3418 descriptione
1211 3351 1343 3404 nihil
1397 3354 1652 3406 invenisse
1702 3351 1988 3420 diﬂicilius,

413 3438 734 3504 abstrusius,
781 3451 937 3510 atque
986 3443 1265 3508 occultius,
1310 3445 1389 3498 ita
1418 3455 1477 3498 ut
1532 3447 1718 3498 mirari
1753 3460 1987 3507 'cessem,

413 3530 706 3598 antiquitus
769 3543 892 3588 ante
955 3536 1276 3592 tricesimum
1323 3553 1521 3589 annum
1565 3536 1699 3590 hanc
1744 3535 1988 3589 Genesim

415 3619 582 3689 legere
638 3637 740 3676 non
798 3622 1028 3680 licuisse.
1060 3624 1226 3694 Cujus
1283 3628 1575 3698 ingressum
1628 3627 1890 3690 tetricum,
1927 3643 1990 3680 ac

414 3712 829 3777 prosecutionem
882 3722 990 3769 tam
1035 3715 1282 3779 arduam,
1327 3724 1403 3770 tot
1440 3717 1699 3786 tantisque
1730 3716 1988 3784 vepribus,

415 3803 707 3868 cuniculis,
738 3806 1024 3862 mreandris
1056 3825 1117 3862 ac
1151 3807 1516 3878 difﬁcultatum
1548 3811 1746 3864 acere-is
1785 3819 1992 3864 scaten-

416 3901 516 3946 tem
558 3894 750 3958 inveni,
780 3907 837 3949 ut
873 3914 978 3951 una
1007 3917 1111 3952 non
1132 3899 1308 3964 modo,
1347 3911 1503 3970 atque
1529 3901 1701 3956 altera
1733 3903 1860 3965 vice,
1900 3899 1990 3955 sed

417 3994 496 4038 ter
515 3993 800 4054 quaterque
826 4004 857 4038 a
881 3988 1088 4042 calamo
1128 3989 1441 4052 destiterim,
1473 3993 1548 4047 rei
1583 3993 1774 4045 veritus
1805 3992 1992 4045 ardui-

417 4084 598 4138 tatem,
631 4086 679 4128 et
709 4080 1086 4146 emergentibus
1113 4078 1453 4149 undequaque
1481 4081 1696 4136 obrutus
1725 4083 1988 4152 ambigui-

417 4167 635 4221 tatibus.
668 4167 776 4222 Nec
811 4170 1102 4236 immerito,
1133 4186 1257 4225 cum
1287 4169 1476 4226 Jobius
1502 4174 1802 4248 monachus
1847 4173 1990 4244 apud

415 4255 670 4312 Photium
692 4260 746 4313 in
770 4260 1094 4317 Bibliotheca
1116 4261 1296 4315 tradat
1323 4276 1464 4331 opus
1493 4263 1596 4323 hoc
1632 4279 1724 4318 sex
1754 4264 1986 4328 dierum,

415 4353 614 4419 quibus
647 4353 833 4408 mundi
866 4356 1070 4409 creatio
1100 4353 1336 4424 perfecta
1365 4363 1469 4416 est.
1494 4371 1591 4410 sua
1616 4355 1991 4428 magnitudine

417 4458 481 4496 ac
525 4443 928 4512 pulchritudine
985 4445 1262 4501 Creatoris
1302 4461 1424 4500 esse
1477 4448 1786 4517 imaginem,
1827 4455 1880 4501 et
1920 4447 1987 4504 ad

2083 1974 2228 2028 sales
2279 1985 2390 2026 non
2443 1968 3008 2030 abhorret,tatebitur
3057 1965 3111 2020 id
3159 1967 3377 2036 quidem
3408 1967 3526 2022 sine
3549 1968 3658 2021 ulla

2081 2064 2525 2136 reprehensionis
2552 2072 2680 2118 nota
2711 2063 2824 2118 ﬁeri
2850 2077 3029 2132 posse,
3049 2060 3211 2130 idque
3240 2062 3510 2116 sermonis
3537 2077 3659 2116 esse

2083 2157 2413 2228 principium
2437 2172 2546 2210 non
2588 2154 3017 2210 incommodum.
3050 2151 3159 2208 Nec
3189 2153 3387 2208 desunt
3408 2155 3658 2223 exempla

2084 2250 2227 2318 apud
2256 2247 2578 2314 Himerium,
2623 2249 2942 2318 Gregorium
2969 2245 3368 2301 Nacianzenum
3404 2253 3459 2300 et
3497 2247 3656 2301 alios.

2085 2340 2256 2397 Porro
2275 2342 2605 2398 Clementem
2629 2342 2868 2414 Cyrillus
2897 2339 3299 2395 Alexandrinus
3325 2338 3488 2410 ἄνδρα
3513 2338 3660 2392 ὲ).λὸ-

2083 2448 2244 2502 γιμον
2269 2431 2361 2485 καὶ
2389 2430 2710 2503 πολυΐστορα
2732 2440 2926 2499 vocat;
2956 2437 3010 2484 et
3036 2443 3227 2484 rursus
3258 2431 3425 2506 ἄνδρα
3454 2427 3662 2496 ἐλλόγι-

2088 2539 2208 2594 μον,
2243 2523 2334 2575 καὶ
2387 2522 2678 2594 φιλομαθῆ,
2715 2521 2806 2575 καὶ
2857 2523 3296 2593 ἀναγνωσμάτων
3338 2519 3660 2592 Ἑλληνικῶν

2086 2615 2686 2687 πολυπραγμονήσαντα
2717 2614 2879 2685 βάθος
2913 2615 2989 2677 ὡς
3025 2613 3193 2683 ὀλίγοι
3224 2615 3365 2683 τάχα
3406 2629 3506 2664 που
3558 2611 3664 2664 τῶν

2087 2709 2193 2780 πρὸ
2216 2707 2401 2761 αὐτοῦ.
2431 2706 2596 2761 Plura
2635 2707 2703 2762 de
2739 2706 3038 2771 Clemente,
3079 2715 3132 2761 et
3161 2706 3281 2776 ejus
3311 2705 3530 2775 scriptis
3557 2703 3666 2756 Eu-

2085 2800 2270 2856 sebius
2301 2799 2377 2853 De
2433 2799 2816 2868 prwparalione
2847 2799 3164 2869 evangelica,
3219 2798 3313 2852 lib.
3357 2812 3437 2862 ll;
3477 2795 3666 2848 Eccle-

2085 2893 2240 2949 siast.
2275 2892 2487 2957 histor.,
2518 2893 2614 2947 lib.
2666 2908 2751 2955 ιιι,
2782 2907 2902 2962 cap.
2935 2893 3022 2956 11,
3049 2901 3102 2946 et
3142 2892 3236 2947 lib.
3266 2908 3340 2953 vI,
3376 2907 3499 2960 cap.
3525 2892 3560 2945 5
3613 2900 3667 2944 et

2087 2999 2208 3055 cap.
2241 2984 2301 3038 11
2326 3002 2339 3052 ;
2365 2984 2728 3055 Hieronymus
2771 2983 2825 3038 in
2854 2983 3108 3054 Catalogo
3141 2985 3325 3053 script.
3345 2983 3665 3048 ecclesiast.;

2087 3076 2450 3132 Cassiodorus
2491 3077 2585 3132 lib.
2640 3093 2656 3130 ι
2719 3075 2906 3130 Divin.
2947 3077 3384 3140 institutionum;
3432 3074 3663 3146 Epipha-

2091 3171 2216 3226 nius
2264 3170 2457 3226 haerosi
2510 3171 2600 3237 52,
2661 3170 2862 3224 Contra
2911 3167 3293 3233 Secundianos,
3353 3169 3446 3238 qui
3503 3169 3669 3222 rel'ert

2093 3262 2359 3332 quosdam
2410 3261 2859 3325 Alexandrinum,
2892 3263 3028 3316 alios
3064 3263 3451 3316 Atheniensem
3499 3262 3668 3315 fuisse

2090 3355 2416 3419 tradidisse;
2467 3354 2698 3411 Photius
2749 3356 2802 3409 in
2846 3354 3210 3418 Bibliotheca;
3240 3355 3580 3425 Nicephortns
3610 3357 3664 3408 in

2094 3445 2237 3500 Hist.
2269 3446 2365 3503 lib.
2385 3462 2458 3509 Iv,
2485 3461 2606 3516 cap.
2631 3447 2720 3512 '53,
2753 3453 2805 3501 et
2828 3445 2957 3510 alii;
2982 3443 3218 3517 Moysen:
3249 3461 3376 3499 vero
3413 3446 3668 3500 omnibus

2089 3537 2312 3593 Graecia:
2341 3537 2678 3607 sapientibus
2709 3537 3071 3607 antiquiorem
3108 3544 3163 3592 et
3209 3536 3391 3590 Inachi
3423 3552 3664 3591 coaevum

2090 3629 2261 3684 fuisse
2317 3628 2657 3683 demonstrat
2701 3627 2842 3682 libro
2904 3643 3128 3683 suorum
3175 3628 3574 3694 Stromatuml,
3607 3629 3665 3684 in
3737 3649 3747 3660 λ

2089 3735 2198 3790 quo
2242 3727 2296 3774 et
2334 3718 2584 3774 Cassiani
2613 3717 2897 3787 cujusdam
2923 3719 3333 3790 Χρονογραφίας
3366 3719 3614 3774 meminit
3646 3737 3662 3772 :
3761 3739 3769 3747 -

2092 3826 2306 3866 necnon
2364 3817 2418 3866 et
2459 3811 2527 3864 de
2545 3809 2750 3866 Iudaeis
2774 3809 3145 3866 Aristobulum
3173 3810 3460 3881 quemdam
3491 3818 3544 3864 et
3571 3808 3668 3867 Deo

2090 3903 2369 3966 metrium,
2400 3908 2453 3956 et
2476 3901 2830 3972 Eupolemum
2854 3903 3152 3971 scriptores
3193 3901 3457 3969 adversus
3476 3911 3666 3972 gentes

2090 3993 2393 4063 refert,qui
2434 3994 2490 4048 in
2529 3994 2936 4050 similitudinem
2961 3993 3186 4062 Iosephi
3235 3994 3662 4064 Ἀρχαιογονίας,

2091 4084 2294 4156 Muysis
2318 4082 2620 4138 etJudaicae
2641 4084 2818 4155 gentis
2839 4083 3217 4153 antiquitatem
3243 4095 3660 4141 asseverarunt:

2091 4175 2140 4230 is
2167 4175 2308 4228 inter
2336 4183 2531 4229 caatera
2548 4174 2741 4229 habet:
2762 4175 2963 4226 Ἀπίων
2987 4172 3164 4225 τοίνυν
3195 4173 3223 4224 ό
3255 4174 3661 4242 γραμματικὸς,

2089 4269 2119 4322 ό
2145 4266 2518 4336 πλειστονίκης
2544 4265 2857 4335 ἐπικληθεὶς
2895 4267 2953 4317 ὲν
2987 4266 3053 4334 τῇ
3095 4263 3326 4334 τετάρτῃ
3350 4264 3460 4318 τῶν
3485 4268 3665 4333 Αἰγυ-

2091 4357 2359 4415 πτιακῶν
2405 4357 2700 4428 ἱστοριῶν,
2755 4357 2933 4410 καίτοι
2990 4355 3473 4426 φιλαπεχθημένως
3532 4355 3667 4427 πρὸς

2101 4452 2383 4524 Ἐϐραίους
2427 4451 2787 4521 διακείμενος,
2819 4449 2915 4503 ἅτε
2965 4448 3259 4518 Αἰγύπτιος
3299 4448 3359 4500 τὸ
3391 4447 3563 4516 γένος,
3590 4449 3666 4511 ὡς

418 4536 660 4604 mysterii
679 4533 966 4592 Trinitatis
997 4540 1361 4607 cognitionem
1389 4540 1625 4594 maxime
1651 4525 1985 4606 conducere,

2096 4544 2190 4597 καὶ
2224 4544 2366 4598 κατὰ
2408 4542 2672 4596 Ἰουδαίων
2715 4541 2971 4607 συντάξαι
3006 4539 3228 4611 βιϐλίον,
3269 4539 3534 4610 Ἀμώσιος
3571 4539 3664 4592 τοῦ

414 4633 466 4678 et
501 4641 597 4694 per
635 4625 777 4678 hanc
820 4628 1178 4694 materialem,
1213 4638 1374 4698 atque
1402 4632 1761 4701 compositam
1797 4632 1986 4703 cogni.

417 4718 643 4782 tionem,
695 4721 961 4789 simplicis
1005 4729 1166 4791 atque
1212 4725 1586 4796 incompositae
1616 4736 1826 4781 natura:
1855 4729 1988 4783 sub-

418 4809 740 4877 stantiaeque
801 4811 1049 4865 notitiam
1109 4812 1386 4877 advenire,
1417 4816 1579 4885 idque
1626 4832 1797 4872 sacrae
1843 4817 1991 4872 Scri-

421 4907 595 4969 ptura:
629 4902 960 4957 tesumoniis
982 4904 1289 4959 conﬁrmat.
1327 4908 1478 4961 Multi
1516 4919 1695 4962 tamen
1727 4925 1834 4962 non
1869 4919 1992 4963 tan-

421 4998 536 5046 tum
579 5009 648 5048 ex
693 4994 1096 5062 antiquioribus
1118 4985 1454 5065 provinciam
1504 5000 1646 5054 hanc
1681 5001 1988 5068 subierunt,

419 5084 516 5140 sed
546 5101 610 5139 ex
650 5087 1047 5144 recentioribus
1072 5089 1348 5148 Vicentius
1384 5092 1752 5148 Belluacensis
1776 5095 1993 5165 episco-

421 5189 524 5244 pus
545 5179 725 5230 omnia
754 5179 957 5248 ingenti
980 5181 1276 5247 volumine,
1293 5184 1517 5252 triginta
1543 5185 1756 5242 duobus
1779 5191 1991 5256 magnis

421 5266 578 5320 libris
621 5267 819 5335 diviso,
856 5272 959 5328 sub
985 5271 1222 5342 'Speculi
1267 5276 1532 5330 naturalis
1564 5279 1784 5334 nomine
1837 5293 1989 5333 com-

421 5357 611 5426 plexus
640 5367 742 5414 est.

491 5448 610 5505 Col.
655 5451 902 5516 708,lin.
940 5456 992 5509 1.
1042 5459 1295 5527 Κλήμης
1328 5460 1446 5529 μὲν
1471 5458 1605 5517 οὖν.
1636 5462 1905 5518 Eusebius
1939 5463 1994 5516 in

421 5538 704 5602 Chronico,
723 5545 958 5598 Μωΰσέα
983 5550 1134 5616 γένος
1151 5551 1398 5622 Ἐϐραίον
1425 5554 1716 5625 προφητῶν
1739 5554 1994 5608 ἁπάντων

419 5631 636 5706 πρῶτον
670 5634 812 5704 ἀμφὶ
837 5638 930 5690 τοῦ
963 5641 1215 5712 Σωτῆρος
1244 5645 1422 5712 ἡμῶν,
1459 5645 1602 5713 λέγω
1633 5645 1691 5698 δὲ
1722 5645 1814 5696 τοῦ
1858 5645 1992 5713 Χρι-

420 5723 570 5785 στοῦ,
603 5726 745 5795 ἀμφί
796 5744 854 5779 τε
910 5733 1008 5800 τῆς
1036 5732 1142 5784 τῶν
1183 5733 1350 5787 ὲθνῶν
1382 5736 1449 5789 δι’
1481 5736 1642 5788 αὐτὸν
1669 5734 1995 5803 Θεογνωσίας

418 5819 700 5888 χρησμούς
734 5819 826 5874 καὶ
851 5819 1005 5890 λόγια
1037 5823 1156 5896 θείᾳ
1191 5826 1377 5902 ραφῇ
1415 5828 1850 5900 παραδεδωκότα,
1882 5827 1993 5889 τοῖς

2088 4636 2400 4705 Αἰγυπτίων
2429 4635 2690 4706 βασιλέως
2715 4632 3081 4705 μεμνημένος,
3103 4633 3198 4689 καὶ
3224 4632 3330 4685 τῶν
3359 4632 3478 4687 κατ’
3504 4630 3665 4684 αὑτὸν

2089 4726 2359 4800 πράξεων,
2380 4728 2629 4799 μάρτυρα
2643 4725 3031 4800 παρατίθεσθαι
3059 4723 3387 4794 Πτολεμαῖον
3410 4724 3500 4776 τὸν
3522 4723 3664 4774 Μεν-

2088 4820 2290 4890 δήσιον,
2343 4821 2437 4873 καὶ
2492 4819 2562 4872 τὰ
2603 4819 2705 4888 τῆς
2751 4817 2948 4882 λέξεως
2993 4816 3157 4869 αὑτοῦ
3209 4810 3310 4870 ὧδε
3354 4814 3486 4885 ἔχει’
3515 4815 3663 4866 Κατ-

2091 4908 2294 4977 έσκαψε
2322 4908 2379 4960 δὲ
2406 4907 2503 4978 τὴν
2538 4907 2790 4978 Ἀθυρίαν
2815 4908 3079 4976 Ἀμωσις,
3124 4905 3264 4958 κατὰ
3295 4904 3383 4958 τὸν
3425 4905 3665 4974 Ἀργεῖον

2091 5000 2380 5070 γενόμενος
2425 5003 2656 5070 Ἴναχον,
2700 4999 2774 5062 ὡς
2809 5001 2866 5052 ὲν
2914 5001 3024 5062 τοῖς
3072 4998 3280 5068 χρόνοις
3305 4995 3607 5068 ἀνέγραψεν
3635 4997 3664 5048 ό

2090 5091 2388 5161 Μενδήσιος
2437 5091 2787 5162 Πτολεμαῖος.
2830 5091 2888 5142 ’0
2929 5089 2986 5141 δὲ
3031 5087 3359 5159 Πτολεμαῖος
3401 5083 3553 5150 οὗτος
3593 5088 3666 5139 ἰε-

2093 5185 2220 5257 ρεὺς
2249 5184 2344 5254 μὲν
2375 5179 2442 5253 ἦν
2459 5199 2472 5213 ·
2498 5183 2596 5247 τὰς
2614 5183 2671 5236 δὲ
2697 5181 2806 5238 τῶν
2827 5181 3140 5250 Αἰγυπτίων
3158 5179 3418 5249 βασιλέων
3440 5177 3662 5249 πράξεις

2092 5277 2149 5328 ὲν
2164 5275 2338 5346 τρισὶν
2353 5273 2499 5337 ὅλαις
2514 5274 2801 5344 ἐκθέμενος
2823 5272 3043 5343 βίϐλοις,
3066 5271 3207 5327 κατὰ
3220 5270 3460 5340 Ἀμωσίν
3478 5287 3660 5341 φησιν,

2087 5366 2367 5435 Αἰγύπτου
2431 5365 2673 5435 βασιλέα,
2719 5363 2995 5426 Μωῦσέως
3040 5362 3338 5432 ἡγουμένου
3386 5360 3660 5429 γεγονέναι

2106 5457 2378 5520 Ἰουδαίοις
2399 5457 2498 5527 τὴν
2527 5455 2588 5520 ἐξ
2609 5455 2884 5524 Αἰγύπτου
2914 5455 3155 5525 πορείαν·
3187 5451 3245 5518 ἐξ
3279 5445 3351 5505 ὧν
3386 5451 3662 5505 συνῶπται

2095 5547 2237 5602 κατὰ
2272 5549 2480 5618 Ἴναχον
2525 5546 2831 5618 ἠκμακέναι
2869 5545 2959 5598 τὸν
2998 5543 3218 5602 Μωσέα.
3250 5541 3491 5596 Firmum
3543 5557 3663 5610 pro-

2097 5640 2243 5695 lecto
2266 5646 2643 5710 argumentum
2671 5639 2738 5694 ad
2770 5637 3133 5708 probandum,
3151 5643 3204 5691 et
3232 5650 3296 5690 ex
3327 5635 3446 5704 ipso
3475 5633 3662 5688 adver-

2094 5731 2532 5809 sarioductum.
2578 5731 2795 5784 Amosis
2865 5737 3108 5798 tempore
3172 5727 3354 5782 Inachi
3411 5727 3660 5793 vivebat;

2095 5823 2308 5898 Moyses
2352 5832 2596 5902 tempore
2645 5820 2940 5879 Amosidis.
2972 5821 3104 5886 Quis
3139 5819 3246 5877 nisi
3291 5818 3516 5876 demens
3545 5816 3665 5872 lna-
