4112 6418
465 367 573 423 799

1819 362 2065 423 LEONIS
2091 360 2377 421 ALLATII’

3626 361 3734 416 800

465 486 630 538 chum
676 490 730 538 et
780 479 1023 555 Moysem
1063 481 1259 540 iisdem
1297 483 1639 555 temporibus
1666 484 1921 542 floruisse
1949 501 2049 543 ne-
2074 493 2120 549 Α
2150 484 2205 537 in
2232 480 2496 544 Tacticis,
2532 479 2637 536 nisi
2671 477 2839 535 semel
2867 492 2993 532 cum
3022 474 3145 548 ejus
3172 475 3349 548 carpit
3377 474 3731 536 sententiam.

466 576 617 648 gabit
643 576 668 628 ἲ

536 665 671 721 Ibid.
707 667 813 720 Καὶ
853 667 1223 737 Ἀφρικανός.
1265 666 1342 723 De
1368 665 1649 734 Africano,
1686 670 1811 726 vide
1853 668 2050 727 Hiero-

465 773 712 826 nymum,
749 756 1097 820 Tritemium,
1161 760 1407 825 Suidam,
1437 759 1648 815 Sixtum
1677 762 1971 818 Senensem
1995 770 2050 818 et

467 851 636 905 alios:
657 850 823 903 nmlta
846 866 910 904 ac
932 851 1078 904 varia
1105 850 1306 920 ingenii
1326 853 1407 907 sui
1433 863 1784 907 monumenta
1811 856 2049 909 maximo

467 942 834 999 litteratorum
880 943 1167 997 commodo
1217 945 1480 1014 reliquit;
1546 961 1778 1015 quorum
1842 949 2046 1015 passim

467 1036 675 1086 mentio
704 1033 844 1100 apud
876 1040 1133 1088 auctores
1160 1030 1378 1089 Graecos
1425 1045 1479 1088 et
1517 1032 1762 1089 Latinos.
1796 1035 2050 1103 Legatio-

466 1135 590 1177 nem
624 1138 720 1193 pro
746 1126 1145 1179 instauratione
1179 1127 1329 1180 urbis
1357 1124 1614 1181 Emmaus
1645 1129 2049 1198 suscepit;quae

466 1223 655 1284 postea
681 1213 955 1285 Nicopolis
985 1218 1252 1285 appeilata
1274 1229 1378 1279 est,
1404 1229 1458 1272 et
1481 1217 1737 1273 obtinuit.
1776 1218 2045 1275 Eusebius

465 1304 520 1360 iu
540 1302 821 1368 Chronica,
844 1307 1204 1379 Παλαιστίνης
1236 1309 1530 1373 Νικόπολις
1559 1313 1592 1383 ἡ
1629 1312 1891 1385 πρότερον
1925 1313 2051 1382 Ἐμ-

468 1401 637 1470 μαοὺς
670 1399 890 1471 ἐκτίσθη
936 1400 1109 1467 πόλις,
1146 1401 1542 1473 πρεσϐεύοντος
1586 1404 1726 1474 ὑπὲρ
1757 1404 1928 1474 αὐτῆς
1953 1403 2045 1459 καὶ

463 1493 860 1562 προῖσταμὲνου
928 1492 1145 1547 Ἰουλίου
1209 1493 1535 1563 ’Δφρικανοῦ
1586 1495 1755 1549 ταῦτα
1787 1496 2047 1565 Χρονικὰ

463 1584 895 1657 συγγράψαντος.
931 1583 1045 1638 Sub
1079 1586 1405 1656 imperatore
1457 1585 1642 1641 Marco
1676 1587 1897 1642 Aurelio
1929 1588 2046 1642 An-

462 1678 673 1739 tonino,
705 1677 798 1746 qui
841 1674 1082 1731 Macrino
1117 1685 1481 1731 successerat.
1527 1676 1781 1747 Quinque
1813 1679 1880 1733 de
1905 1686 2043 1732 tem-

462 1765 689 1835 poribus
713 1765 986 1819 volumina
1020 1766 1370 1835 conscripsit;
1409 1766 1599 1836 incipit
1621 1782 1652 1819 a
1682 1767 1868 1821 mundi
1892 1782 2044 1821 crea-

2147 573 2362 645 Optima
2396 572 2582 628 Dionis
2607 571 2879 627 sententia
2926 570 3173 625 oratione
3215 568 3515 632 Rhodiaca,
3561 566 3636 621 Τδ
3671 568 3731 627 δι

2149 667 2259 722 τῶν
2306 665 2544 736 ἀρίστων
2592 662 2803 734 ἀνδρῶν
2850 661 3315 725 ἐπιλανθάνεσθαι,
3370 661 3465 715 καὶ
3511 659 3581 713 τὰ
3626 660 3730 731 τῆς

2150 759 2353 831 ἀρετῆς
2398 754 2538 811 ἆθλα
2578 757 2898 826 ἀποστερεῖν
2948 755 3048 808 οὐκ
3100 754 3180 807 ἔνι
3214 754 3503 823 τυγχάνειν
3572 752 3727 807 οὐδε·

2154 853 2282 923 μιᾶς
2314 848 2602 921 εὐπρεπῶς
2628 848 2972 919 προφάσεως,
3007 845 3135 899 ἀλλ’
3166 843 3476 916 ἀχαριστία,
3514 842 3726 914 φθόνος,

2152 941 2470 1013 μικρολογία
2520 940 2690 994 ἅπασι
2733 941 2846 1000 τοῖς
2897 938 3197 1007 αἰσχίστοις
3257 935 3468 1007 ἀνάγκη
3518 935 3727 1006 προσή·

2149 1052 2284 1089 κειν.
2321 1033 2506 1103 Neque
2541 1033 2721 1086 minus
2750 1030 2837 1085 fur
2865 1038 2970 1089 est.
3005 1031 3096 1100 qui
3130 1030 3271 1083 bona
3304 1028 3535 1083 aliorum
3559 1028 3729 1083 surri-

2150 1129 2247 1199 pit,
2280 1142 2442 1197 quam
2465 1127 2557 1196 qui
2588 1125 2787 1179 mentis
2821 1123 3175 1184 monimenta,
3205 1128 3259 1176 et
3288 1121 3519 1176 aliorum
3544 1119 3726 1175 studia

2149 1219 2468 1280 suil’uratur,
2493 1223 2548 1270 et
2577 1227 2854 1269 auctorem
2890 1212 3110 1267 silentio
3140 1215 3396 1282 praeterit.
3440 1209 3513 1265 De
3542 1227 3650 1281 quo
3674 1211 3724 1266 si

2146 1313 2272 1383 quis
2315 1311 2469 1380 plura
2503 1306 2800 1368 desiderat,
2839 1304 2995 1359 adeat
3028 1311 3246 1358 nostros
3284 1303 3338 1356 in
3374 1302 3606 1373 Longini
3640 1302 3720 1358 De

2146 1401 2360 1457 sublimi
2426 1414 2613 1469 genere
2645 1396 2900 1450 orationis
2958 1395 3199 1448 libellum
3267 1392 3721 1449 Commentarios.

2145 1493 2542 1550 Chronicorum
2576 1487 2818 1542 Africani
2862 1484 3293 1555 ἀποσπασμάτια
3336 1484 3582 1553 quaedam
3613 1499 3722 1539 una

2145 1602 2269 1641 cum
2299 1582 2606 1639 Eusebiano
2638 1580 2895 1635 Chronico
2929 1577 3072 1633 edita
3114 1585 3242 1633 sunt
3276 1592 3306 1630 a
3333 1571 3570 1646 Josepho
3596 1574 3727 1631 Sca-

2146 1679 2335 1749 ligero.
2361 1676 2535 1730 Porro
2557 1674 2719 1727 verba
2744 1670 3009 1734 Africani,
3031 1669 3233 1739 quibus
3257 1667 3490 1739 Moysem
3519 1669 3725 1724 lnacbo

2146 1786 2392 1827 coazvum
2427 1767 2641 1828 scribit,
2678 1765 2845 1820 habes
2870 1764 3009 1834 apud
3038 1762 3328 1817 Eusebium
3356 1763 3411 1816 in
3439 1759 3721 1831 Chronico,

462 1854 611 1909 tione
653 1853 795 1925 apud
831 1854 1089 1925 Moysem,
1125 1856 1482 1924 pervenitque
1516 1869 1689 1924 usque
1730 1855 1795 1907 ad
1837 1851 2039 1908 Christi
2077 1848 2118 1903 Β
2147 1866 2283 1919 libro
2348 1861 2539 1934 priori.
2598 1858 2711 1915 Nec
2776 1857 2911 1912 illud
2966 1856 3186 1911 silentio
3244 1857 3720 1925 praetereundum,

461 1946 776 2009 adventum,
815 1948 1097 2003 succincte
1130 1962 1347 2016 quoque
1377 1956 1527 2017 gesta
1561 1961 1590 2000 a
1635 1945 1837 2002 Christi
1884 1953 2041 2002 aetate

460 2055 635 2110 usque
666 2040 732 2093 ad
765 2038 989 2094 Macrini
1017 2039 1358 2110 imperatoris
1390 2049 1633 2109 tempora
1665 2040 2037 2110 prosequitur,

460 2131 537 2184 ita
567 2138 747 2185 tamen
783 2140 838 2183 ut
872 2131 1082 2186 nullum
1128 2134 1495 2188 necessarium
1544 2134 1767 2204 cognitu
1800 2132 2035 2186 omittat.

462 2219 685 2276 Photius
729 2223 782 2275 in
805 2221 1099 2278 Biblioth.:
1131 2223 1471 2294 Ἀνεγνώσθη
1518 2223 1844 2295 Ἀφρικανοῦ
1883 2224 2041 2275 ίστο-

462 2314 633 2383 ρικόν.
671 2308 838 2377 Οὗτός
870 2316 1019 2368 ἐστιν
1046 2318 1075 2369 ό
1106 2316 1200 2368 καὶ
1235 2318 1361 2380 τοὺς
1407 2316 1733 2386 λεγομένους
1767 2314 2038 2381 Κεστοὺς

456 2407 516 2459 ὲν
540 2405 718 2475 λόγοις
748 2406 1012 2471 συντάξας
1047 2406 1107 2460 ιδ’
1114 2449 1127 2462 .
1156 2409 1312 2461 Ἐστι
1340 2408 1397 2460 δὲ
1446 2408 1708 2477 σύντομος
1748 2407 1864 2477 μὲν,
1902 2406 2037 2462 ἀλλὰ

461 2497 626 2568 μηδὲν
666 2496 774 2550 τῶν
831 2498 1140 2567 ἀναγκαίων
1185 2499 1535 2570 ἱστορηθῆναι
1580 2498 2031 2570 παραλιμπάνων.

459 2589 721 2661 Ἀρχεται
760 2589 817 2642 δὲ
867 2589 974 2646 ἀπὸ
1012 2590 1112 2661 τῆς
1162 2591 1460 2660 Μωσαῖκῆς
1511 2590 1890 2661 κοσμογονίας,
1942 2591 2036 2644 καὶ

456 2682 701 2736 κάτεισιν
730 2681 834 2745 ἕως
877 2683 978 2754 τῆς
1016 2684 1252 2754 Χριστοῦ
1283 2683 1601 2753 παρουσίας.
1645 2684 2034 2754 Ἐπιτροχάδην

453 2775 510 2829 δὲ
536 2773 890 2845 διαλαμϐάνει
931 2775 1023 2827 καὶ
1066 2773 1136 2827 τὰ
1175 2776 1282 2829 ἀπὸ
1320 2775 1555 2845 Χριστοῦ
1589 2774 1750 2845 μέχρι
1776 2775 1875 2845 τῆς
1911 2776 2034 2828 Μα-

453 2867 641 2939 κρίνου
672 2867 767 2920 τοῦ
809 2868 1096 2938 Ῥωμαίων
1129 2866 1391 2938 βασιλέως
1418 2866 1712 2936 βασιλείας,
1742 2868 1831 2921 ὅτε
1858 2866 2057 2939 αὐτῷ,,

452 2956 531 3021 ὥς
587 2974 749 3028 φησι,
815 2958 910 3012 καὶ
957 2959 1052 3029 ἥδε
1101 2960 1134 3029 ή
1185 2958 1475 3029 συγγραφὴ
1524 2958 1854 3013 συνετελεῖτο
1894 2958 2031 3012 ἐτῶν

451 3048 586 3104 οὖσα
618 3051 805 3121 ,εψκγ⁹.
842 3050 1019 3123 Τεύχη
1065 3051 1121 3105 δὲ
1150 3051 1242 3105 τοῦ
1281 3050 1486 3121 βιϐλίου
1515 3051 1703 3106 πέντε.
1743 3051 1803 3107 ln
1836 3053 1941 3119 his,
1971 3059 2030 3107 ut

450 3142 674 3212 quidam
701 3143 943 3209 tradunt,
963 3145 1142 3198 omnia
1166 3159 1477 3216 regnorum,
1509 3146 1811 3211 nationum,
1842 3159 2025 3198 rerum

451 3233 793 3303 publicarum
846 3234 1000 3288 initia
1047 3249 1077 3288 a
1111 3237 1289 3305 capite
1338 3235 1565 3306 repetita
1614 3234 1682 3288 ad
1730 3233 1891 3289 ﬁnem
1933 3233 2028 3288 de-

449 3314 605 3379 duxii
650 3343 664 3379 :
708 3326 905 3382 deinde
962 3336 1058 3397 per
1114 3336 1263 3382 eerta
1309 3328 1633 3391 intervalla,
1701 3341 1839 3397 quas
1891 3326 2030 3397 ὁμά-

446 3414 544 3478 δας
579 3424 795 3476 vocaut.
829 3431 893 3472 ea
944 3417 1086 3472 inter
1116 3418 1582 3487 se'comparavit;
1622 3425 1898 3487 postremo
1935 3429 2032 3469 eo-

451 3522 573 3562 rum
607 3508 840 3563 indicem
870 3507 1089 3578 adjecit,
1125 3523 1284 3579 quem
1307 3508 1535 3563 Canona
1564 3508 1802 3570 vocavit,
1838 3508 1893 3561 in
1919 3520 2030 3577 quo

446 3610 574 3664 quae
624 3593 746 3649 καθ’
794 3595 970 3665 όμάδα
1016 3598 1071 3650 in
1127 3597 1506 3666 superioribus
1563 3598 1718 3652 libris
1769 3604 2029 3666 congesta

448 3692 628 3747 erant,
665 3700 760 3755 per
807 3701 984 3741 annos
1032 3702 1323 3756 expansos,
1355 3704 1477 3758 quae
1520 3687 1693 3743 Graeci
1742 3688 1889 3742 ἁπλᾶ
1932 3688 2029 3760 ἔτη

449 3785 794 3846 nuticupant,
827 3778 1075 3847 digessit,
1108 3793 1251 3848 quos
1295 3779 1430 3843 falli,
1478 3793 1612 3849 pace
1639 3787 1914 3835 tantorum
1949 3780 2030 3834 vi-

449 3880 638 3921 rorum
666 3867 920 3935 dixerim,
973 3869 1180 3924 nemini
1225 3869 1455 3924 dubium
1483 3885 1611 3926 esse
1638 3871 1834 3934 debet;
1882 3872 2030 3926 aliud

448 3959 597 4013 enim
619 3965 704 4014 est
729 3973 907 4014 canon
926 3962 979 4014 in
1000 3961 1310 4027 Chronicis,
1329 3970 1382 4016 et
1399 3962 1547 4016 aliud
1572 3962 1754 4026 index,
1784 3976 1884 4019 nec
1899 3965 2032 4035 όμάυ

447 4049 539 4104 ὂαι
570 4066 648 4106 σω
676 4059 805 4106 sunt
833 4067 971 4123 quas
1001 4053 1104 4123 ipsi
1136 4053 1350 4118 dicunt,
1397 4054 1493 4109 sed
1523 4061 1734 4108 tantum
1769 4057 2029 4127 pteraqu

447 4157 559 4197 non
588 4143 663 4198 ita
695 4145 1029 4207 necessaria,
1065 4159 1166 4199 nec
1185 4159 1420 4215 quorum
1465 4153 1616 4200 certa
1651 4150 1913 4218 temporis
1941 4164 2032 4203 ra-

446 4237 527 4289 tio
571 4237 749 4306 potuit
798 4237 987 4293 haberi
1042 4238 1148 4293 sub
1193 4238 1374 4309 aliqua
1406 4239 1548 4294 serie
1606 4246 1914 4309 temporum
1971 4243 2028 4297 in

446 4343 615 4382 unum
664 4340 945 4401 congesta,
977 4331 1156 4403 ὁμάδα
1201 4331 1383 4387 facere
1432 4333 1589 4389 facile
1643 4335 2024 4399 existimarint,

444 4422 910 4492 quemadmodum
937 4432 1067 4479 sunt
1109 4441 1232 4495 quae
1262 4425 1318 4479 iu
1360 4425 1621 4481 Chronico
1670 4427 2027 4484 Eustathiano

2141 1956 2363 2029 quando
2390 1955 2457 2010 de
2488 1952 2735 2009 historiis
2771 1950 2838 2003 ab
2877 1948 3136 2002 Africano
3164 1948 3385 2016 scriptis
3410 1962 3718 2002 sermonem

2142 2047 2427 2108 habemus,
2451 2042 2712 2098 Jacobum
2734 2040 3202 2109 archiepiscopum
3227 2036 3593 2101 Genuensem,
3620 2037 3717 2092 lib.

2139 2139 2451 2191 Animarum
2532 2133 2958 2193 solemnitatum,
3001 2139 3055 2186 et
3117 2128 3335 2185 Petrum
3396 2132 3717 2200 episcopum

2138 2228 2477 2298 Equilinum,
2534 2225 2630 2281 lib.
2682 2240 2737 2277 ix
2807 2220 3055 2291 Catalogi
3100 2230 3425 2284 sanctorum,
3488 2221 3714 2280 referre.

2136 2320 2366 2375 Ahdiam
2413 2318 2647 2389 primum
2684 2314 2978 2386 Babylonis
3005 2313 3345 2383 episcopum,
3381 2322 3437 2368 et
3465 2312 3535 2366 ab
3579 2313 3718 2382 ipsis

2138 2412 2402 2482 apostolis
2449 2411 2783 2465 ordinatum.
2812 2407 2955 2459 vitas
3002 2405 3290 2461 duodecim
3343 2404 3713 2475 apostolorum

2138 2503 2451 2572 scripsisse,
2477 2515 2616 2569 quas
2646 2497 2938 2566 Eutropius
2958 2495 3143 2550 Abdia:
3160 2495 3465 2565 discipulus
3480 2503 3716 2549 transtu-

2135 2594 2199 2647 lit
2230 2609 2294 2648 ex
2316 2591 2541 2646 Hebraeo
2575 2590 2629 2643 iu
2654 2585 3186 2650 Graecum,etJulius
3201 2586 3494 2643 Africanus
3524 2587 3578 2640 in
3609 2586 3715 2642 La~

2135 2684 2311 2737 tinum
2348 2701 2361 2738 :
2394 2694 2448 2736 et
2483 2682 2585 2736 sub
2613 2680 2772 2734 titulo
2803 2679 2966 2747 hujus
2996 2677 3183 2732 Abdiae
3215 2679 3399 2733 emissi
3436 2687 3565 2733 sunt
3608 2677 3711 2733 Ba-

2135 2774 2284 2830 siea:
2314 2786 2479 2844 opera
2506 2770 2779 2841 Wolfaugi
2812 2768 2958 2823 Lazii
2995 2771 3062 2824 ab
3090 2768 3330 2840 Oporino
3360 2771 3485 2825 libri
3524 2773 3708 2828 decem

2133 2862 2454 2917 certaminis
2471 2860 2779 2931 apostolici,
2795 2874 2935 2929 quos
2952 2866 3011 2912 ut
3041 2860 3143 2914 lide
3163 2860 3436 2930 indignos,
3456 2863 3711 2930 quemad.

2132 2955 2356 3010 modum
2374 2953 2544 3009 refert
2566 2952 2752 3009 Sixtus
2783 2950 3045 3006 Senensis
3062 2952 3116 3006 in
3134 2952 3481 3019 Bibliotheca,
3508 2955 3602 3009 lib.
3633 2969 3671 3007 ιι
3692 2995 3706 3017 ,

2131 3047 2336 3103 Paulus
2380 3063 2519 3120 papa
2567 3045 2660 3112 ιν,
2700 3047 2843 3101 inter
2886 3045 3090 3115 scripta
3152 3060 3183 3101 a
3248 3060 3309 3102 se
3336 3046 3591 3101 damnata
3621 3062 3710 3103 re-

2127 3140 2282 3211 jecit.

2199 3232 2334 3287 Ibid.
2398 3232 2510 3287 Kal
2573 3231 2724 3301 πρὸς
2776 3235 3010 3301 τούτοις
3078 3232 3377 3297 Τατιανός.
3453 3228 3707 3285 Clemens

2129 3322 2535 3378 Alexandrinus
2581 3325 2676 3379 lib.
2714 3321 2951 3380 tSIrom.
2986 3336 3005 3375 :
3033 3325 3303 3396 Πρότερον
3336 3322 3394 3375 δὲ
3420 3323 3556 3394 ὅπερ
3581 3321 3710 3375 ἀκό-

2129 3415 2318 3469 λουθον
2348 3411 2417 3488 ἧν
2441 3417 2570 3486 περὶ
2593 3416 2702 3470 τῶν
2723 3418 2862 3472 κατὰ
2891 3417 3094 3472 Μωσέα
3117 3416 3323 3488 χρόνων
3347 3415 3447 3486 ἤδη
3471 3414 3708 3479 λεκτέον,

2127 3506 2195 3562 δι’
2223 3501 2299 3562 ὧν
2340 3507 2682 3579 δειχθήσεται
2715 3506 3142 3579 ἁναμφηρίστως
3171 3507 3352 3575 πάσης
3397 3504 3586 3572 σοφίας
3610 3504 3712 3575 ἀρ-

2129 3599 2390 3670 χαιοτάτη
2421 3602 2455 3670 ἡ
2487 3598 2628 3652 κατὰ
2673 3599 2958 3671 Ἐϐραίους
2988 3596 3293 3666 φιλοσοφία.
3341 3594 3568 3666 Εἴρηται
3613 3594 3711 3664 μὲν

2129 3689 2221 3747 οὗν
2253 3694 2379 3764 περὶ
2402 3692 2607 3746 τούτων
2631 3690 2873 3763 ἀκριὸῶς
2911 3687 3160 3758 Τατιανῷ
3190 3691 3247 3740 ὲν
3283 3686 3362 3757 τῷ
3388 3685 3541 3754 πρὸς
3567 3687 3707 3739 Ἐλ-

2128 3790 2343 3853 ini-ag"
2382 3783 2597 3855 εἴρηται
2617 3783 2675 3837 δὲ
2707 3784 2800 3836 καὶ
2815 3781 3077 3851 Κασιανῷ
3092 3782 3150 3832 ὲν
3179 3777 3380 3851 πρώτῳ
3400 3777 3510 3831 τῶν
3545 3776 3709 3845 Ἐξη-

2128 3874 2420 3946 γητικῶνο
2455 3878 2678 3929 ἀπαιτεί
2715 3875 2771 3928 δὲ
2814 3876 2963 3945 ὅμως
2994 3873 3055 3926 τὺ
3092 3872 3391 3942 ὑπόμνημα
3430 3871 3526 3922 καὶ
3563 3872 3710 3941 ἡμᾶς

2129 3969 2450 4040 ἐπιδραμεῖν
2468 3968 2537 4021 τὰ
2565 3967 2703 4021 κατὰ
2728 3967 2819 4021 τὸν
2845 3966 3009 4020 τόπον
3050 3964 3335 4036 εἰρημένα.
3367 3962 3706 4017 Sententiam

2129 4061 2197 4116 de
2226 4069 2384 4116 aetate
2412 4059 2613 4132 Moysis
2633 4058 2895 4114 Tatiauus
2928 4064 3224 4127 pertractat
3252 4056 3306 4108 in
3335 4054 3591 4109 Oratione
3610 4051 3710 4108 ad-

2128 4169 2306 4208 versus
2335 4152 2542 4211 Gentes.
2576 4153 2643 4208 de
2677 4169 2785 4223 qua
2821 4152 3070 4206 inferius.
3122 4148 3196 4204 De
3222 4149 3473 4211 Tatiano,
3504 4157 3557 4203 et
3584 4147 3707 4215 ejus

2128 4244 2322 4299 haeresi
2367 4252 2421 4298 et
2459 4243 2679 4313 scriptis
2731 4243 2884 4311 plura
2917 4239 3278 4310 Hieronymus
3314 4237 3365 4291 in
3408 4235 3705 4308 Catalogo;

2128 4335 2386 4399 Irenaaus,
2434 4334 2531 4389 lib.
2580 4350 2621 4393 ι,
2654 4348 2775 4401 cap.
2803 4333 2905 4397 δὶς
2958 4330 3249 4392 Eusebius.
3286 4330 3381 4384 lib.
3428 4345 3505 4392 VI,
3556 4328 3703 4383 Hist.

2126 4431 2336 4491 κείω,
2371 4442 2493 4496 cap.
2546 4426 2634 4488 16,
2694 4425 2921 4489 17,19;
2975 4423 3313 4494 Epiphanius
3359 4423 3554 4478 haeres.
3598 4421 3703 4488 46;

442 4513 603 4568 titulo
647 4515 922 4587 σποράδην
968 4518 1332 4586 explicantur.
1379 4516 1653 4587 Quidquid
1700 4527 1882 4574 tamen
1933 4520 2026 4585 sit,
2063 4536 2104 4592 ι)
2135 4520 2460 4590 Rodiginus,
2513 4520 2605 4574 lib.
2647 4534 2728 4581 tu,
2756 4532 2876 4587 cap.
2910 4517 3008 4583 10;
3041 4516 3359 4571 Cltronirum
3386 4513 3708 4569 Alexandri-

443 4601 811 4657 certissimum
841 4612 926 4660 est
951 4604 1248 4660 Eusebium
1273 4609 1453 4661 omnia
1488 4607 1733 4663 Africani
1777 4609 1832 4663 in
1862 4625 2022 4665 suum

442 4691 761 4749 Clit-unicum
812 4699 1269 4769 transcripsisse,
1320 4700 1389 4755 ab
1433 4715 1607 4770 eoque
1657 4702 1841 4756 omnia
1888 4701 2025 4755 hau-

442 4786 604 4841 sisse.
625 4786 807 4854 Quare
825 4787 993 4858 hujus
1008 4790 1376 4863 ehronologici
1401 4794 1583 4863 operis
1601 4792 1884 4864 potissima
1906 4793 2024 4850 laus

440 4875 701 4933 Africano
730 4877 981 4944 debetur,
1018 4881 1178 4951 cujus
1223 4890 1278 4939 et
1308 4884 1481 4950 labor,
1516 4900 1624 4939 non
1658 4883 1894 4939 Eusebio
1923 4886 2025 4939 tri-

441 4969 692 5037 buenda;
728 4986 905 5041 neque
935 4972 1231 5029 defuerunt
1271 4976 1367 5046 qui
1404 4975 1695 5032 Eusebium
1723 4976 2023 5047 reprehen-

441 5061 653 5127 derent,
687 5064 834 5135 quod
875 5072 1026 5119 tanta
1074 5068 1375 5122 securitate
1418 5070 1654 5124 alienam
1687 5068 2017 5123 industriam

441 5153 550 5209 sibi
597 5155 921 5219 vindicaret,
954 5173 1134 5227 neque
1181 5157 1393 5215 crimen
1441 5159 1639 5230 ingrati
1676 5160 1844 5214 animi
1894 5160 2022 5214 hor-

440 5247 635 5327 ruerit,
676 5264 803 5303 cum
832 5249 922 5304 vix
953 5250 1102 5306 illius
1131 5252 1464 5314 meminerit,
1495 5252 1599 5308 nisi
1635 5251 1690 5306 in
1724 5252 1791 5307 iis
1819 5253 1873 5306 in
1906 5251 2024 5321 qui-

441 5337 545 5393 bus
567 5339 636 5395 ab
661 5340 783 5410 ejus
816 5341 1086 5397 sententia
1115 5343 1369 5408 discedit,
1395 5343 1528 5413 quin
1561 5350 1615 5398 et
1643 5344 1850 5413 optimo
1883 5343 2022 5398 scri-

440 5429 585 5496 ptori
611 5427 856 5487 fraudem
888 5431 1109 5499 fecisse,
1141 5447 1267 5488 cum
1296 5433 1461 5487 verba
1500 5432 1747 5488 Africani
1779 5435 2022 5503 interpo-

444 5517 606 5573 lando
652 5521 905 5580 invertat.
948 5522 1201 5581 Solemne
1233 5526 1425 5581 vitium
1460 5526 1563 5580 hoc
1605 5526 1854 5597 pluribus
1894 5525 2018 5592 fuit,

444 5618 877 5686 magnorumque
925 5618 1169 5672 virorum
1223 5618 1436 5675 animos
1485 5619 1682 5690 tetigit,
1734 5619 1878 5674 inter
1923 5634 2020 5675 eos

444 5697 644 5759 Leonis
679 5706 1025 5777 imperatoris
1064 5710 1157 5780 qui
1200 5705 1511 5766 Onosandri
1554 5725 1771 5776 nomen,
1828 5726 1859 5767 a
1909 5727 2022 5779 quo

444 5792 677 5849 multum
724 5795 1055 5867 profecerat,
1090 5799 1304 5871 ingrato
1330 5815 1546 5873 semper
1573 5803 1757 5858 obruit
1799 5802 2020 5859 silentio

2127 4629 2274 4675 num.
2305 4628 2426 4682 pag.
2459 4611 2564 4665 6l0
2588 4620 2641 4666 et
2669 4611 2808 4678 6l2;
2838 4609 3203 4680 Nicephorus.
3240 4611 3335 4667 lib.
3371 4625 3446 4672 iv,
3478 4623 3601 4678 cap.
3629 4606 3702 4673 ις

2127 4704 2526 4764 Theodoretus.
2556 4703 2650 4757 lib.
2676 4702 3091 4769 1-.Philastrius,
3119 4702 3488 4758 Damascenus
3511 4707 3566 4753 et
3587 4697 3700 4752 alii.

2126 4795 2283 4851 Hunc
2321 4795 2543 4866 quidam
2586 4801 2877 4857 vocarunt,
2926 4794 3106 4865 inepte
3152 4801 3355 4857 tamen,
3381 4789 3706 4845 Alexandri-

2123 4905 2289 4956 num;
2347 4889 2439 4942 alii
2481 4888 2801 4960 Assyrium;
2854 4886 3052 4958 Syrum
3106 4886 3277 4942 fuisse
3323 4885 3547 4939 tradunt
3588 4882 3707 4937 Cle—

2123 4996 2279 5035 mens
2304 4980 2707 5035 Alexandrinus
2736 4979 2833 5033 lib.
2872 4994 2932 5032 III
2965 4977 3251 5041 Stromat.,
3282 4986 3336 5031 et
3365 4974 3703 5046 Epiphanius

2122 5074 2213 5143 qui
2266 5073 2381 5127 haec
2426 5071 2626 5127 addit:
2665 5070 2921 5125 Scholam
2959 5085 3116 5124 suam
3185 5070 3355 5125 erexit
3406 5069 3475 5120 ab
3545 5067 3702 5121 initio

2122 5163 2177 5216 in
2211 5160 2596 5231 Mesopotamia
2630 5162 2777 5216 circa
2814 5173 2889 5212 xu
2931 5159 3042 5215 fere
3073 5174 3276 5213 annum
3324 5156 3586 5211 Antonini
3616 5155 3699 5211 Pii

2122 5254 2379 5316 Caesaris,
2410 5253 2700 5308 maximam
2718 5266 2848 5307 vero
2865 5262 3066 5321 partem
3096 5250 3625 5321 pmdicatimnissuaa
3645 5249 3699 5303 in

2120 5345 2431 5409 Antiochia,
2478 5360 2600 5415 qua;
2643 5344 2710 5400 ad
2754 5344 3035 5415 Daphnem
3071 5346 3176 5399 sita
3216 5352 3323 5406 est,
3362 5343 3510 5407 fecit,
3545 5351 3601 5399 et
3643 5343 3699 5399 in

2119 5437 2349 5492 Cilicum
2381 5437 2646 5507 partibus,
2672 5438 2901 5490 multmn
2933 5443 3113 5489 autem
3147 5442 3205 5488 et
3246 5435 3300 5488 in
3329 5433 3554 5497 Pisidia,
3585 5433 3702 5497 tibi,

2121 5538 2246 5577 cum
2282 5530 2528 5594 tempora
2563 5524 2767 5593 quibus
2797 5524 2931 5579 vixit
2965 5522 3237 5593 signiﬁcat
3269 5522 3375 5578 sub
3399 5524 3696 5581 Antonino.

2121 5631 2351 5672 necesse
2389 5623 2475 5670 est
2520 5617 2777 5671 mendum
2808 5631 2933 5671 esse
2961 5618 3031 5671 in.
3060 5615 3356 5670 Philastrio
3385 5617 3544 5680 illud,
3571 5615 3701 5668 Post

2120 5710 2271 5765 Decii
2338 5712 2787 5778 persecutionem,
2857 5725 2957 5780 pro
3016 5725 3128 5780 quo
3196 5709 3336 5766 forte
3409 5709 3698 5780 legendum

2121 5804 2371 5870 Adriani,
2402 5817 2529 5860 nam
2568 5804 2675 5863 sub
2704 5804 2797 5861 illo
2829 5819 3053 5875 passum
3092 5801 3371 5859 Iustinum
3405 5801 3698 5873 Martyrem
