4112 6438
377 364 480 424 801

1386 369 1456 426 ΙΝ
1492 369 1867 428 EUSTATH“
1905 367 2383 427 HEXAEMERON
2418 368 2650 431 NOTE.

3535 381 3642 439 802

375 480 535 538 testis
565 485 651 537 est
690 487 889 551 praeter
930 480 1068 538 alios
1110 481 1468 554 Epiphanius.
1516 481 1704 556 Neque
1751 483 1953 540 mirum
1981 492 2031 550 Α
2056 484 2216 541 detur
2241 500 2388 551 esse,
2434 487 2482 543 si
2516 502 2690 557 pauca
2731 488 2800 544 de
2829 505 2899 545 eo
2936 490 3263 561 edisseram,
3295 500 3356 548 ut
3395 499 3637 552 maxima

374 573 550 629 videri
586 573 745 630 debet
779 590 946 629 unum
970 584 1024 631 et
1043 575 1295 631 eumdem
1325 584 1628 644 auctorem,
1658 577 1823 633 modo
1845 578 1949 634 As-

371 665 607 737 syrium.
650 666 811 721 modo
842 663 1052 737 ‘Syrum
1085 671 1413 736 nuncupari.
1444 665 1581 721 Nam
1610 668 1836 739 Assyria
1894 675 1951 723 et

376 757 532 831 Syria
582 768 767 828 partes
815 757 961 814 Asiae
1014 758 1150 814 adeo
1184 759 1327 814 inter
1365 774 1425 815 se
1472 766 1604 815 sunt
1651 759 1846 815 vicinae
1889 766 1951 814 ut

373 865 518 920 saepe
557 848 987 915 confundantur,
1030 852 1175 905 unde
1217 849 1543 915 Herodotus,
1591 852 1684 906 lib.
1729 868 1805 906 vn
1838 870 1852 908 :
1885 849 1949 905 Οἳ

373 940 478 994 ὑπὸ
514 938 781 1010 Ἐλλήνων
816 940 1098 994 ἐκαλέοντο
1143 940 1345 1011 Σύριοι,
1378 943 1481 996 ὑπὸ
1515 943 1623 996 τῶν
1662 942 1950 1014 βαρϐάρων

385 1029 661 1102 Ἀσσύριοι
693 1030 1022 1101 ἐκλήθησαν,
1077 1047 1238 1102 quem
1299 1033 1478 1086 locum
1531 1034 1712 1087 laudat
1761 1032 1953 1088 Eusta-

372 1123 520 1178 thius
541 1122 595 1176 in
615 1122 924 1193 Dionysium
947 1138 967 1175 :
994 1124 1114 1177 Ὅτι
1143 1122 1199 1176 δὲ
1231 1123 1379 1178 ἄλλοι
1401 1123 1551 1195 παρὰ
1574 1125 1700 1187 τοὺς
1726 1124 1952 1196 Συρίους

369 1215 420 1267 oi.
461 1214 756 1286 Ἀσσύριοι,
799 1214 952 1285 δηλοῖ
994 1217 1087 1270 καὶ
1130 1215 1378 1285 Ξενοφῶν
1421 1218 1478 1269 ὲν
1523 1219 1634 1281 τοῖς
1677 1218 1947 1283 Ἐλληνι-

370 1306 520 1373 κοῒς.
564 1306 847 1379 Ἡρόδοτος
871 1307 927 1361 δὲ
951 1307 1097 1365 δοκεῖ
1128 1308 1281 1377 ἄγειν
1309 1309 1507 1372 αὐτοὺς
1547 1311 1627 1372 εἰς
1664 1308 1860 1363 ταύτὸν
1892 1309 1952 1361 ὲν

369 1393 451 1466 οἷς
483 1417 669 1472 φησιν,
695 1401 777 1456 ὅτι
823 1400 1116 1473 Ἀσσύριοι,
1140 1412 1269 1465 etc.,
1294 1409 1349 1457 et
1374 1400 1625 1457 Justinus
1662 1401 1757 1455 lib.
1793 1415 1833 1464 ι,
1857 1401 1950 1470 qui

367 1507 401 1548 a
449 1494 697 1549 barbaris
729 1493 962 1565 Assyrii,
992 1510 1021 1549 a
1065 1493 1272 1549 Graecis
1309 1493 1455 1566 Syri,
1499 1503 1555 1550 et
1596 1501 1655 1548 ut
1704 1495 1953 1549 scribunt

369 1585 574 1651 Acron,
620 1591 677 1640 et
719 1583 1057 1656 Porphyrius
1110 1601 1274 1656 super
1331 1585 1435 1640 ΟΛ.
1492 1585 1563 1640 12
1611 1583 1853 1653 Horatii,
1896 1594 1951 1640 et

368 1676 690 1733 Ammianus
723 1675 1072 1733 Marcellinus
1101 1678 1194 1732 lib.
1237 1693 1396 1741 uin,
1441 1675 1575 1741 Qua:
1601 1693 1738 1731 nunc
1770 1676 1950 1746 Syria,

369 1771 500 1825 olim
524 1769 748 1840 Assyria
780 1769 1086 1825 vocabatur.
1116 1768 1362 1841 Hyginus
1394 1768 1573 1822 fabula
1603 1768 1734 1835 275,
1777 1766 1949 1823 Semi-

2049 577 2363 643 diﬂicultas,
2394 594 2516 649 quae
2560 580 2704 635 inter
2728 590 2982 639 auctores
3010 584 3237 639 maximi
3279 586 3523 643 nominis
3551 596 3639 645 est

2048 670 2295 725 tollatur.
2320 668 2379 724 In
2404 668 2741 726 Bibliotheca
2769 671 2986 728 Patrum
3010 674 3141 729 editi
3166 678 3476 733 suntlibelli
3500 678 3634 745 duo,

2049 778 2194 818 unus
2226 762 2608 828 inscriptione,
2638 761 2956 818 Sanctorum
2973 774 3203 834 quatuor
3222 764 3632 838 Evongeliorum

2048 858 2329 911 harmonia
2354 858 2583 913 Tatiano
2605 858 2969 913 Alexandrino
3006 868 3243 926 auctore;
3267 860 3425 926 alter,
3458 859 3636 914 Evan—

2047 946 2305 1017 geliorum
2359 955 2588 1016 quatuor
2630 946 2869 1001 narratio
2919 948 3198 1002 Ammonio
3244 946 3631 1014 Alexandrino,

2049 1044 2158 1092 etc.
2194 1036 2549 1091 Harmoniam
2584 1035 2775 1093 Victor
2810 1038 3108 1108 Capuanus
3149 1039 3484 1107 coniecturis
3509 1042 3635 1111 qui-

2049 1129 2280 1184 busdam
2327 1130 2518 1184 tribuit
2578 1128 2829 1193 Tatiano.
2878 1138 2933 1186 et
2976 1146 3086 1184 non
3131 1130 3442 1197 Ammonio,
3469 1148 3633 1203 quem

2050 1208 2286 1275 maxime
2309 1220 2439 1286 labi,
2464 1228 2517 1275 et
2539 1220 2593 1274 in
2626 1238 2684 1276 re
2712 1229 2898 1291 aperta
2926 1222 3181 1277 caecutire
3206 1224 3361 1293 plura
3388 1233 3518 1280 sunt
3545 1239 3636 1278 ar-

2050 1319 2330 1382 gumento,
2369 1320 2424 1367 et
2466 1312 2521 1367 in
2569 1312 2672 1369 hoc
2720 1328 2939 1369 errasse
2961 1312 3237 1369 Victorem
3281 1315 3633 1371 manifestum

2050 1410 2155 1470 est,
2181 1420 2287 1457 non
2322 1408 2448 1474 quia
2476 1419 2616 1475 opus
2671 1404 2750 1460 De
2773 1407 3061 1460 canonibus
3133 1407 3443 1476 evangelicis
3470 1408 3638 1464 ascri-

2052 1495 2223 1565 pserit
2254 1494 2506 1561 Tatiano.
2541 1497 2685 1567 quod
2721 1498 2857 1552 falso
2885 1498 2961 1552 illi
2996 1498 3230 1568 imputat
3275 1497 3633 1566 Possevinus,

2051 1602 2322 1656 nusquam
2353 1588 2487 1642 illud
2513 1588 2817 1644 affirmante
2844 1588 3084 1655 Victore,
3131 1590 3240 1644 imo
3270 1592 3631 1657 contrarium,

2052 1677 2098 1731 si
2128 1686 2275 1732 recte
2305 1682 2469 1733 verba
2498 1679 2645 1736 illius
2666 1681 3084 1735 considerentur
3103 1697 3116 1743 ;
3137 1679 3221 1734 ait
3246 1680 3393 1735 enim
3429 1682 3484 1736 in
3502 1680 3639 1736 Prae-

2054 1766 2290 1821 fatione:
2316 1768 2450 1821 Dum
2483 1768 2705 1837 fortuito
2724 1770 2779 1822 in
2805 1785 2995 1823 manus
3032 1785 3174 1823 meas
3208 1766 3638 1821 incideretunum

370 1865 535 1942 ramis
587 1836 823 1918 Dercetis
860 1863 977 1933 ﬁlia
1022 1863 1076 1916 in
1125 1836 1287 1933 syria
1320 1861 1644 1932 Babylonem
1689 1861 1946 1916 condidit.
1981 1836 2026 1893 Β
2054 1873 2119 1911 ea:
2139 1869 2369 1929 quatuor
2397 1858 2737 1932 Evangelium
2769 1861 3203 1929 compositum,et
3234 1858 3447 1914 absente
3478 1859 3637 1914 titulo

368 1954 734 2027 Hieronymus
753 1953 906 2011 Isaiae
932 1971 1022 2021 xx,
1041 1954 1183 2021 Quos
1200 1964 1392 2010 veteres
1407 1955 1679 2026 Assyrios,
1698 1970 1838 2008 nunc
1857 1971 1950 2009 nos

367 2065 611 2106 vocamus
636 2047 818 2121 Syros.
846 2046 1176 2105 Transmisit
1200 2049 1290 2103 hic
1314 2049 1480 2102 multa
1500 2049 1808 2118 posteritati
1842 2064 1936 2103 vo-

369 2142 595 2206 lumina,
614 2158 680 2197 ex
702 2141 902 2213 quibus
936 2142 1166 2213 insignis
1198 2141 1288 2197 ille
1303 2140 1385 2195 Ad
1413 2150 1585 2210 gentes
1618 2140 1757 2195 liber
1790 2155 1952 2211 quem

367 2229 512 2301 apud
559 2232 758 2286 multos
819 2231 1057 2285 maximo
1096 2230 1273 2287 fuisse
1321 2232 1376 2285 in
1424 2231 1599 2301 pretio
1644 2241 1697 2285 et
1745 2231 1954 2285 honore

367 2323 742 2377 monumentis
785 2323 1041 2377 traditum
1076 2330 1182 2384 est.
1233 2323 1289 2376 in
1320 2338 1430 2392 quo
1462 2323 1530 2379 de
1574 2321 1776 2394 Moysis
1816 2323 1955 2377 anti-

366 2413 579 2481 quitate
616 2415 786 2468 multa
820 2414 1064 2469 disserit.
1099 2412 1400 2468 Chronicon
1427 2412 1849 2467 Alexandrinum
1883 2428 1952 2467 ex

368 2501 589 2559 Eusebii
622 2503 700 2558 De
734 2503 857 2560 hist.
882 2504 1176 2560 ecclesiast.
1209 2505 1284 2560 lib
1315 2520 1391 2572 tv,
1422 2520 1542 2575 cap.
1576 2505 1647 2559 27
1675 2505 1954 2559 ιΚαταλὲ-

366 2593 521 2647 λοιπε
559 2595 617 2648 δὲ
654 2588 808 2659 οὗτος
853 2595 986 2650 πολύ
1029 2613 1081 2650 τι
1122 2596 1324 2669 πλῆθος
1369 2597 1838 2668 συγγραμμάτων,
1877 2592 1952 2652 ὧν

369 2684 604 2755 μάλιστα
635 2687 788 2757 παρὰ
821 2687 1032 2748 πολλοῖς
1060 2705 1164 2759 μνη
1174 2688 1757 2761 μονεύεταιδιαϐόητος
1787 2690 1950 2744 αὑτοῦ

365 2777 521 2847 λόγος
547 2780 577 2832 ό
615 2780 1098 2850 πρὸς-Ἕλληνας,
1135 2784 1192 2835 ὲν
1216 2776 1260 2850 ᾧ
1280 2782 1374 2836 καὶ
1403 2781 1513 2835 τῶν
1534 2782 1795 2836 ἀνέκαθεν
1826 2783 1953 2855 χρό-

365 2885 472 2922 νων
526 2871 905 2942 μνημονεύσας
926 2911 940 2936 ,
985 2872 1093 2927 τῶν
1151 2875 1282 2945 παρ’
1335 2874 1594 2945 Ἕλλησιν
1643 2874 1950 2946 εὐδοκίμων

365 2960 621 3014 ἁπάντων
671 2963 875 3016 Μωσὲα
923 2979 985 3016 τε
1027 2963 1122 3016 καὶ
1165 2964 1295 3027 τοὺς
1355 2963 1620 3035 Ἐϐραίων
1662 2967 1951 3037 προφήτας

364 3054 612 3124 ἀπέφηνε
657 3039 1145 3127 προγενεστέρους·
1174 3055 1234 3118 ὃς
1261 3054 1325 3125 δὴ
1361 3057 1455 3109 καὶ
1491 3057 1641 3110 δοκεί
1674 3057 1783 3110 τῶν
1814 3074 1947 3126 συγ-

363 3147 706 3218 γραμμάτων
735 3147 899 3203 αὐτοῦ
932 3149 1149 3203 πάντων
1181 3147 1415 3203 καλλίων
1441 3166 1502 3203 τε
1531 3151 1623 3203 καὶ¹
1655 3150 1947 3222 ὠφελιμώ-

361 3252 522 3300 τατος
550 3237 837 3309 ὑπάρχειν.
865 3236 924 3292 ln
951 3253 1017 3293 eo
1041 3253 1165 3292 cum
1196 3247 1343 3293 retro
1372 3247 1494 3292 acta
1520 3246 1766 3310 tempora
1797 3256 1949 3295 com-

364 3337 745 3393 memorasset,
794 3330 1052 3384 omnibus
1089 3330 1233 3400 apud
1277 3328 1497 3385 Graecos
1536 3332 1794 3395 laudatis,
1828 3348 1953 3403 pro-

370 3419 623 3488 balisque
645 3418 740 3489 (ita
765 3422 910 3474 enim
934 3430 1109 3486 verto,
1139 3436 1247 3476 non
1279 3430 1339 3475 ut
1378 3421 1675 3495 interpres)
1705 3422 1946 3495 Moysem

363 3516 419 3563 et
461 3507 812 3563 Hebraeorum
840 3522 994 3565 vates
1035 3513 1369 3568 vetustiores
1416 3515 1677 3570 ostendit.
1715 3515 1949 3587 Scripsit

367 3597 675 3654 Orationem
706 3601 777 3654 ad
814 3600 1024 3669 Gentes,
1075 3605 1166 3675 qui
1201 3606 1340 3661 liber
1384 3607 1560 3678 ipsius
1589 3625 1654 3663 ex
1692 3609 1948 3665 omnibus

364 3706 502 3760 quos
545 3694 770 3764 scripsit
813 3696 971 3766 longe
1024 3698 1426 3768 pulcherrimus
1473 3706 1578 3765 est,
1626 3709 1682 3755 et
1726 3701 1951 3755 utilissi-

362 3799 509 3851 mus,
543 3797 598 3839 et
630 3785 720 3840 hic
747 3786 883 3842 liber
908 3787 1046 3842 idem
1073 3799 1126 3845 et
1150 3806 1293 3847 unus
1325 3799 1429 3855 est,
1460 3808 1571 3846 non
1604 3793 1857 3847 diversus
1888 3801 1948 3846 ut

361 3877 692 3945 opinabatur
726 3876 1085 3945 Possevinus,
1120 3897 1243 3936 cum
1292 3883 1386 3937 illo
1410 3891 1646 3938 tractatu
1681 3885 1948 3941 adversus

276 4003 281 4009 ~
361 3972 606 4035 eosdem,
626 3972 720 4040 qui
747 3971 896 4029 linit:
927 3973 1112 4027 Ταῦτα
1134 3973 1253 4044 μὲν,
1290 3967 1557 4046 ὧάνδρες
1589 3975 1869 4048 Ἕλληνες,
1919 3978 1951 4030 ὁ

363 4061 503 4115 κατὰ
531 4061 840 4136 βαρϐάρους
868 4064 1172 4136 φιλοσοφῶν
1198 4067 1460 4132 Τατιανὸς
1491 4069 1777 4136 συνέταξα,
1820 4086 1947 4137 γεν-

362 4153 544 4222 νηθεὶς
579 4155 677 4226 μὲν
704 4157 762 4210 ὲν
781 4158 848 4229 τῇ
868 4158 976 4211 τῶν
1015 4158 1315 4230 Ἀσσυρίων
1340 4162 1434 4231 γῇ,
1464 4158 1776 4224 παιδευθεὶς
1797 4160 1950 4232 πρῶ-

359 4261 451 4298 τον
483 4246 582 4318 μὲν
606 4247 679 4301 τὰ
706 4249 972 4321 ὑμέτερα,
1004 4249 1232 4320 δεύτερα
1268 4249 1326 4304 δὲ
1359 4253 1516 4305 ἅτινα
1544 4251 1642 4305 νῦν
1681 4251 1947 4323 κρύπτειν

364 4336 512 4409 (fort.
551 4339 863 4413 κηρύττειν)
894 4342 1321 4415 ἐπαγγέλλομαι.
1356 4344 1647 4399 Γινώσκων
1683 4346 1742 4400 δὲ
1762 4346 1948 4401 λοιπὸν

359 4431 443 4496 τίς
466 4433 495 4485 ὁ
512 4432 666 4498 Θεὸς,
691 4434 785 4489 καὶ
811 4435 897 4498 τίς
919 4436 1061 4491 κατὰ
1087 4437 1249 4491 αὐτὸν
1282 4439 1519 4510 ποίησις,
1547 4439 1763 4510 ἕτοιμον
1785 4441 1951 4512 ὲμαυο

2058 1967 2161 2003 non
2197 1951 2483 2006 invenirem
2516 1969 2703 2007 nomen
2743 1952 3004 2013 auctoris,
3045 1950 3326 2021 diligenter
3363 1950 3637 2022 inquirens

2053 2044 2145 2114 qui
2171 2053 2317 2113 gesta
2339 2044 2417 2098 vel
2437 2046 2581 2100 dicta
2611 2044 2828 2099 Domini
2866 2054 2915 2099 et
2939 2042 3237 2100 Salvatoris
3261 2044 3431 2099 nostri
3478 2060 3638 2097 evan-

2052 2134 2223 2206 gelica
2259 2136 2474 2191 lectione
2506 2137 2754 2197 discreta.
2806 2138 2860 2192 in
2894 2136 3132 2190 ordinem
3164 2153 3264 2207 quo
3304 2153 3360 2191 se
3391 2136 3637 2207 consequi

2054 2226 2386 2287 videbantur.
2421 2244 2523 2282 non
2563 2229 2782 2282 minimo
2827 2227 2992 2281 studii
3026 2228 3206 2282 labore
3235 2227 3512 2297 redegerit,
3551 2245 3636 2283 re-

2051 2319 2163 2387 peri
2200 2320 2539 2372 Ammonium
2567 2320 2848 2389 quemdam
2888 2319 3333 2384 Alexandrinum,
3355 2321 3443 2391 qui
3469 2335 3639 2376 cauo-

2053 2424 2161 2463 nuu
2188 2425 2396 2473 quoque
2454 2426 2741 2466 l-JVANGELII
2798 2427 3009 2466 rsn'run
3044 2427 3344 2475 Iuven'ron,
3388 2411 3635 2466 Μαιηιωὶ

2053 2496 2342 2571 Evangelia
2383 2503 2708 2572 reliquorum
2738 2503 2898 2557 trium
2927 2513 3170 2572 excerpta
3187 2504 3455 2573 junxisse.
3488 2521 3550 2559 ac
3578 2505 3637 2558 in

2052 2609 2215 2654 unam
2263 2594 2453 2648 seriem
2495 2592 2841 2664 Evangelium
2884 2598 3151 2658 nexuisse,
3196 2600 3333 2650 sicut
3377 2595 3636 2651 Eusebius

2052 2686 2328 2754 episcopus
2379 2683 2652 2754 Carpiano
2698 2684 2911 2739 cuidam
2958 2686 3190 2740 scribens
3228 2689 3284 2739 in
3323 2686 3637 2755 praefatione

2052 2777 2302 2831 editionis
2324 2794 2456 2843 sure,
2488 2794 2591 2849 qua
2634 2794 2859 2833 canones
2900 2780 3177 2832 memorati
3220 2777 3494 2850 Evangelii
3522 2779 3636 2833 edi-

2051 2870 2152 2930 dit.
2191 2870 2484 2940 supradicti
2516 2872 2613 2926 viri
2644 2872 2887 2925 imitatus
2915 2870 3181 2935 studium,
3216 2871 3376 2942 refert
3405 2872 3459 2925 in
3495 2871 3636 2925 hunc

2052 2963 2265 3017 modum
2283 2978 2301 3016 :
2318 2965 2628 3019 Amazonius
2651 2965 2869 3036 quidam
2896 2965 3550 3030 Alexandrinus,multum
3578 2972 3638 3019 ut

2053 3051 2286 3107 arbitror
2319 3051 2517 3107 laboris
2551 3062 2601 3107 et
2638 3055 2807 3110 studii
2842 3056 3169 3124 impendens,
3212 3070 3373 3108 unum
3415 3070 3480 3108 ea:
3511 3071 3639 3124 qua-

2054 3156 2174 3197 tuor
2218 3142 2368 3198 nobis
2408 3144 2621 3216 reliquit
2649 3145 2997 3216 Evangelium
3025 3163 3133 3211 ,'e:i:
3173 3146 3401 3201 historia
3436 3159 3640 3218 quoque

2049 3236 2165 3305 ejus
2199 3239 2450 3307 comperi,
2480 3249 2586 3293 etc.
2614 3237 2805 3295 Graeca
2847 3239 3067 3296 Eusebii
3112 3241 3279 3295 verba
3322 3238 3413 3293 illa
3460 3245 3636 3294 sunt:

2062 3325 2371 3398 ’Δμμώνιος
2415 3329 2514 3400 μὲν
2566 3332 2596 3383 ὁ
2631 3329 3036 3404 Ἀλεξανδρεὺς,
3076 3330 3294 3400 πολλὴν,
3342 3329 3420 3394 ὡς
3465 3329 3634 3393 εἰκὸς,

2051 3414 2484 3484 φιλοπονιανκαὶ
2508 3418 2746 3493 σπουδὴν
2775 3420 3138 3494 εἰσαγηοχὼς,
3160 3421 3219 3474 τὸ
3241 3420 3328 3474 διὰ
3354 3418 3645 3490 τεσσάρων

2050 3511 2182 3581 ἡμῖν
2211 3510 2600 3567 καταλέλοιπεν
2648 3514 3005 3587 Εὑαγγέλιον.
3041 3514 3120 3586 τῷ
3168 3513 3308 3567 κατὰ
3357 3512 3637 3567 Ματθαῖον

2047 3602 2147 3666 τὰς
2172 3601 2491 3674 ὁμοφώνους
2519 3602 2629 3657 τῶν
2656 3604 2860 3661 λοιπῶν
2900 3605 3304 3676 αὐαγγελιστῶν
3333 3604 3639 3677 περικοπὰς

2049 3694 2340 3766 παραθεὶς,
2371 3695 2448 3761 ὡς
2478 3696 2538 3761 ἐξ
2569 3696 2816 3768 ἀνάγκης
2856 3697 3143 3775 copo-imas
3172 3700 3266 3756 τὸν
3288 3699 3390 3770 τῆς
3414 3695 3641 3752 ἀκολου-

2050 3786 2172 3851 θίας
2207 3786 2396 3860 εἱρμὸν
2427 3788 2537 3841 τῶν
2560 3788 2728 3860 τριῶν
2749 3776 3381 3867 διαφθαρῆνᾲῆἔμρντρπὶ
3403 3788 3483 3861 τῷ
3510 3787 3638 3858 ὕφει

2047 3879 2147 3950 τῆς
2176 3878 2559 3949 ἀναγνώσεως,
2596 3889 2652 3937 et
2684 3880 2917 3936 inferius
2955 3880 3099 3935 idem
3122 3868 3635 3963 .wttirbitror

2047 3975 2187 4027 enim
2215 3983 2490 4042 propterea
2514 3991 2617 4029 non
2645 3974 2936 4041 Ammonii,
2978 3972 3071 4028 sed
3111 3962 3414 4063 Itujisigﬁe
3453 3974 3640 4031 editio-

2051 4082 2170 4120 nem
2200 4068 2480 4121 memorati
2525 4068 2831 4133 voluminis,
2870 4067 3011 4138 quod
3046 4054 3638 4131 Ammoniiiselaultwi

2047 4155 2222 4225 fertur
2253 4159 2532 4222 relationi,
2568 4158 3008 4231 evangelistarum
3065 4158 3639 4227 reliquarumrelalio—

2049 4263 2173 4301 num
2209 4249 2466 4303 discretos
2498 4250 2813 4304 annexuisse
2838 4266 3124 4304 sermones.
3164 4249 3269 4303 Hic
3308 4264 3430 4305 vero
3464 4251 3641 4307 sancti

2050 4340 2208 4396 Luca,
2246 4342 2508 4412 principia
2557 4354 2858 4411 assumpta,
2904 4344 3232 4414 reliquorum
3281 4343 3442 4396 trium
3491 4342 3638 4401 dicta

2051 4434 2383 4505 coniunxerit
2409 4444 2467 4488 ut
2479 4435 2603 4504 jure
2631 4435 2831 4506 ambigi
2854 4436 3021 4505 possit
3050 4445 3230 4488 utrum
3253 4435 3541 4497 Ammonii,
3565 4452 3639 4491 an

358 4522 453 4576 τὸν
499 4525 631 4595 ἡμῖν
676 4525 812 4594 πρὸς
845 4527 946 4597 τὴν
998 4527 1284 4599 ἀνάκρισιν
1338 4529 1447 4581 τῶν
1497 4529 1783 4600 δογμάτων
1812 4546 1950 4602 παρ-

2058 4525 2271 4580 Tatiani
2315 4528 2544 4581 inventio
2602 4528 2839 4597 ejusdem
2881 4528 3051 4596 operis
3109 4526 3293 4582 debeat
3356 4527 3634 4582 aestimari.

364 4613 575 4685 ίστημι,
644 4616 911 4688 μενούσης
958 4635 1047 4688 μοι
1087 4619 1229 4672 κατὰ
1258 4618 1392 4673 Θεὸν
1417 4620 1697 4685 πολιτείας
1734 4620 1956 4693 άνεξαρ-

361 4705 545 4776 νήτου.
583 4702 820 4775 Scripsit
847 4715 901 4761 et
930 4707 1079 4761 aliud
1119 4723 1260 4778 opus
1282 4710 1429 4779 quod
1482 4708 1820 4766 Diatessaron
1858 4726 1955 4781 ap.

363 4797 607 4866 pallavit,
638 4812 703 4853 ex
736 4806 976 4867 quatuor
1016 4798 1381 4871 Evangelistis
1408 4801 1699 4856 collectum
1728 4817 1743 4868 ;
1776 4802 1844 4857 de
1887 4817 1955 4857 eo

364 4886 479 4944 haec
518 4889 682 4946 habet
705 4890 1002 4945 Chronicon
1036 4891 1456 4947 Alexandrinum
1484 4909 1551 4948 ex
1582 4892 1817 4949 Eusebio
1850 4911 1864 4948 :
1892 4894 1951 4948 Ὀ

366 4980 618 5051 μέντοιγε
668 4965 945 5054 πρότερος
973 4984 1153 5036 αὐτῶν
1199 4984 1465 5048 Τατιανὸς
1511 4985 1805 5055 συνάφειάν
1831 5003 1954 5040 τινα

364 5071 462 5127 καὶ
493 5074 837 5146 συναγωγὴν,
864 5076 964 5130 οὐκ
988 5074 1085 5129 οἶδ’
1103 5078 1271 5141 ὅπως,
1295 5077 1403 5130 τῶν
1427 5078 1774 5148 Εὐαγγελὶων
1797 5092 1955 5150 ποιη-

365 5165 621 5235 σάμενος,
657 5167 720 5220 τὸ
759 5168 862 5222 Διὰ
899 5166 1213 5236 τεσσάρων
1257 5168 1416 5222 τοῦτο
1443 5171 1895 5241 προσωνόμασεν,
1924 5173 1954 5225 ὁ

365 5257 517 5328 παρά
543 5274 685 5312 τισιν
721 5261 891 5314 εἰσέτι
933 5262 1028 5315 καὶ
1067 5260 1164 5315 νῦν
1216 5260 1463 5332 φέρεται.
1498 5267 1632 5329 Quae
1664 5265 1741 5318 ita
1786 5265 1951 5319 verti-

365 5363 490 5403 mus
549 5366 566 5404 :
633 5348 926 5407 Enimvero
980 5353 1066 5408 bis
1120 5352 1400 5423 antiquior
1446 5352 1713 5409 Tatianus
1764 5356 1953 5412 nescio

365 5455 473 5511 qua
517 5440 940 5513 Evangeliorum
969 5446 1320 5509 cohaerentia,
1370 5454 1427 5502 et
1477 5448 1799 5504 collectione
1828 5465 1953 5519 per—

366 5535 528 5595 fecta,
555 5539 1010 5597 quam,etc.,non
1031 5536 1390 5606 confusionem
1419 5549 1469 5593 et
1499 5537 1855 5611 Synagogam,
1892 5548 1951 5595 ut

364 5634 486 5694 ejus
514 5627 804 5698 interpres,
821 5627 917 5684 sed
947 5644 1072 5683 cum
1111 5635 1316 5687 mentio
1347 5631 1421 5688 sit
1448 5631 1516 5687 de
1544 5632 1683 5686 libro
1714 5634 1815 5686 boc
1844 5631 1953 5686 Ta-

367 5717 501 5772 tiani
537 5734 697 5788 quem
729 5720 1132 5793 Διατεσσάρων,
1175 5738 1285 5777 non
1318 5731 1376 5778 ut
1421 5724 1590 5780 refert
1627 5722 1813 5779 Victor
1845 5723 1951 5779 Ca-

371 5824 605 5881 puanus,
649 5811 927 5884 Diapente,
975 5813 1278 5886 inscripsit,
1309 5832 1418 5873 non
1454 5817 1552 5874 abs
1582 5832 1640 5874 re
1688 5816 1825 5873 mihi
1855 5818 1951 5872 vi-

2054 4617 2250 4673 Nullus
2279 4633 2344 4673 ex
2391 4619 2480 4674 his
2525 4617 2769 4675 Victoris
2820 4636 2977 4676 error
3029 4620 3480 4691 deprehenditur,
3512 4636 3640 4676 cum

2054 4725 2193 4781 opus
2218 4711 2295 4766 De
2340 4712 2636 4767 canonibus
2677 4714 3011 4782 apostolicis,
3043 4714 3189 4786 quod
3234 4713 3405 4770 fuisse
3457 4713 3638 4768 diver-

2054 4820 2176 4858 sum
2206 4805 2276 4858 ab
2306 4820 2471 4875 opere
2505 4815 2561 4862 et
2592 4804 2890 4862 Harmonia
2936 4808 3185 4874 ejusdem
3230 4807 3642 4878 Evangeliorum

2056 4911 2283 4952 necesse
2314 4895 2436 4959 fuit,
2466 4913 2576 4952 non
2608 4907 2764 4968 putat
2787 4916 2911 4956 esse
2937 4898 3159 4954 Tatiani
3198 4899 3295 4955 sed
3338 4898 3636 4954 Ammonii.

2056 4985 2162 5041 Sed
2191 5002 2349 5042 error
2378 4989 2527 5044 illius
2568 4999 2653 5044 est
2682 5008 2845 5062 quem
2883 5007 2992 5046 non
3024 5000 3110 5047 est
3141 4991 3407 5047 odoratus
3443 4990 3639 5046 Posse-

2052 5077 2235 5141 vinus,
2267 5078 2522 5147 quamvis
2572 5079 2711 5135 alios
2760 5082 3012 5138 habuerit
3066 5088 3193 5136 ante
3237 5090 3513 5145 auctores,
3542 5079 3639 5150 qui

2053 5165 2207 5220 illum
2231 5166 2569 5228 adnotarint,
2605 5168 2755 5237 quod
2794 5169 3149 5226 Harmoniam
3200 5168 3631 5241 Evangeliorunt,

2055 5275 2177 5329 qua:
2199 5270 2318 5314 erat
2357 5259 2663 5329 legitimum
2707 5275 2851 5330 opus
2883 5263 3185 5327 Ammonii,
3218 5263 3453 5320 Tatiano
3499 5263 3639 5320 falso

2052 5350 2397 5423 ascripserit.
2450 5350 2739 5406 Consimili
2790 5351 3032 5410 Victoris
3083 5371 3272 5411 errore
3323 5356 3458 5427 lapsi
3509 5361 3637 5410 sunt

2052 5442 2353 5513 Gregorius
2386 5442 2596 5499 Edcrus
2631 5444 2725 5499 lib.
2761 5459 2822 5498 tn
2878 5442 3218 5501 (Economic:
3235 5447 3555 5515 Bibliorum,
3585 5456 3637 5505 et

2055 5543 2244 5599 Sistus
2269 5543 2532 5599 Senensis
2556 5544 2651 5599 lib.
2683 5560 2737 5598 Iv
2783 5542 3126 5599 Bibliotltecte
3155 5547 3210 5600 in
3240 5547 3535 5602 Ammonio
3580 5555 3638 5604 et

2052 5632 2305 5691 Tatiano.
2360 5634 2661 5692 Reddimus
2704 5637 2891 5706 itaque
2933 5636 3176 5706 genuino
3206 5640 3421 5707 parenti
3476 5654 3638 5696 suum

2052 5724 2245 5790 fetum,
2276 5734 2332 5780 et
2355 5727 2583 5781 mutatis
2617 5727 2672 5781 in
2697 5727 3055 5796 inscriptione
3100 5727 3637 5794 nominibus,'libel-

2052 5819 2165 5874 lum
2195 5819 2311 5875 sive
2336 5817 2758 5889 Evangeliorum
2798 5817 3277 5885 concordantiam,
3314 5826 3372 5875 et
3408 5819 3621 5877 flama
