4112 6410
483 327 593 384 803

1829 329 2080 390 LEONIS
2113 334 2394 392 ALLATII

3620 350 3728 405 8οι

479 447 644 509 niam,
671 459 790 515 qua
817 447 922 502 sub
948 447 1163 503 Tatiani
1194 451 1416 506 nomine
1446 452 1856 518 circumfertur,
1883 463 1938 510 et
1969 457 2054 510 in-
2082 461 2128 516 Α
2160 455 2370 520 sebius,
2393 456 2597 514 Eccles.
2629 460 2755 518 hist.
2785 463 2881 519 lib.
2903 479 2985 529 tu,
3016 480 3137 536 cap.
3167 466 3234 536 9;
3268 467 3650 541 Hieranymus,
3671 475 3726 530 in

477 541 628 608 cipit,
660 539 924 604 Quoniam
945 541 1157 611 quidem
1179 543 1335 596 multi
1373 546 1552 597 conati
1591 555 1734 608 sunt,
1768 563 1932 617 quam
1968 547 2053 602 Vi-

478 636 598 682 ctor
627 627 876 693 Tatiano,
921 638 976 684 et
1019 646 1144 685 cum
1175 647 1240 686 eo
1270 635 1454 702 plures
1491 636 1583 690 alii
1631 637 1895 702 referunt,
1922 640 2052 692 Am-

478 720 663 773 monio
711 723 1084 776 Alexandrino
1115 725 1192 777 uti
1239 728 1537 794 genuinum
1586 729 1756 785 fetum
1800 733 2048 788 restitui-

476 813 862 872 mus,alteram
908 830 1059 881 vero,
1101 832 1220 884 quae
1263 819 1480 886 praefert
1511 838 1710 876 nomen
1750 823 2046 889 Ammonii,

475 899 709 955 Tatiano
740 904 807 957 de
826 920 935 972 quo
961 907 1120 961 nobis
1151 916 1234 963 est
1263 925 1464 974 sermo,
1498 919 1550 966 et
1572 914 1782 984 incipit,
1821 915 1880 969 In
1901 921 2052 986 prin-

474 991 609 1057 cipio
643 1001 760 1044 erat
789 993 1029 1049 Verbum.
1065 995 1275 1051 Etenim
1332 1015 1452 1069 quze
1486 1001 1778 1069 Eusebius,
1823 1007 2046 1063 Chroni-

471 1099 591 1136 cum
637 1084 1081 1154 Alexandrinum,
1126 1089 1534 1160 Theodoretus,
1582 1097 1650 1153 de
1699 1099 2046 1158 Diatcssaron

473 1175 689 1230 Tatiani
716 1179 1004 1247 prodidere
1021 1183 1146 1238 huic
1165 1188 1517 1244 conveniunt.
1549 1190 1838 1260 Eusebius,
1866 1196 1962 1251 lib.
1997 1210 2051 1248 tv

476 1267 618 1322 Hist.
655 1270 864 1334 eccles.,
897 1289 1017 1342 cap.
1051 1274 1140 1337 27,
1175 1276 1249 1329 ita
1285 1281 1516 1336 scribit:
1554 1283 1812 1341 Tatianus
1840 1288 1931 1343 ille
1955 1291 2046 1360 qui

471 1367 586 1412 erat
608 1361 811 1428 primus
843 1379 1023 1417 eorum
1040 1377 1246 1432 auctor,
1277 1378 1329 1422 et
1359 1373 1600 1444 princeps
1627 1379 2043 1447 conjunctionem

471 1451 776 1520 quamdam,
806 1456 965 1508 etiam
1016 1460 1377 1516 collectionem
1425 1463 1829 1537 Evangeliorum
1871 1475 2044 1528 nescio

470 1539 730 1606 quomodo
775 1548 1086 1611 composuit,
1124 1549 1358 1620 illudque
1384 1569 1511 1622 opus
1551 1558 1656 1612 Διὰ
1686 1559 2002 1630 τεσσάρων
2026 1604 2041 1629 ,

470 1627 525 1680 id
553 1637 652 1692 est,
695 1629 868 1685 Unum
893 1633 1234 1706 Evangelium
1260 1658 1324 1694 ea:
1350 1656 1580 1713 quatuor
1607 1627 1890 1704 collectum
1909 1627 2046 1707 nune

465 1723 695 1790 cupavit,
729 1725 868 1793 quod
909 1729 1069 1782 etiam
1122 1731 1294 1787 adhuc
1328 1740 1679 1805 quorumdam
1726 1743 1950 1800 habetur
1987 1749 2041 1802 in

2163 546 2258 600 lib.
2286 547 2363 602 De
2390 552 2737 618 scriptoribus
2781 556 2986 620 ποίεε..
3016 569 3072 614 et
3099 555 3339 627 Epistola
3367 560 3436 614 ad
3449 561 3726 636 Magnum,

2159 646 2430 693 oratorem
2452 640 2779 709 Romanum;
2805 645 3160 712 Sozomenus,
3184 651 3277 706 lib.
3305 668 3342 715 ι,
3365 667 3482 722 cap.
3506 655 3556 720 ις
3583 654 3727 709 Eva-

2161 731 2333 800 grius,
2371 734 2464 788 lib.
2494 752 2546 800 ν,
2577 751 2698 807 cap.
2729 738 2829 805 24;
2856 739 3098 806 Photius,
3133 744 3186 797 in
3209 742 3573 808 Bibliotheca;
3601 745 3728 802 Stti-

2160 822 2281 886 das,
2314 823 2431 893 ipse
2459 825 2526 879 de
2558 842 2615 881 se
2631 829 2949 898 pluribusin
2981 833 3149 900 locis;
3179 832 3452 905 Josephus
3481 836 3726 909 Scaliger

2157 911 2211 964 in
2235 911 2538 984 Prolegnm.
2568 920 2621 972 in
2657 920 2749 974 lib.
2783 921 2861 975 De
2877 924 3238 980 emendatione
3271 937 3584 994 temporum,
3635 932 3721 986 vi-

2156 1020 2277 1057 rum
2305 1005 2451 1060 hunc
2484 1025 2829 1081 summopere
2877 1015 3079 1080 laudat,
3120 1017 3508 1089 historicisque
3543 1022 3724 1076 omni-

2156 1095 2259 1150 bus
2296 1096 2500 1153 Graecis
2567 1111 2622 1155 et
2659 1101 2868 1160 Latinis
2910 1110 3209 1177 anteponit.
3243 1109 3721 1180 Diligentissimus,

2153 1184 2349 1254 inquit,
2382 1190 2474 1241 καὶ
2513 1190 2966 1263 φιλαληθέστατος
3001 1200 3237 1252 omnium
3271 1204 3590 1272 scriptorum
3622 1205 3722 1260 Ιοδ

2155 1279 2363 1344 sep/tus,
2399 1280 2464 1335 de
2501 1300 2602 1352 quo
2633 1301 2728 1338 nos
2768 1287 3022 1342 audacter
3051 1292 3296 1359 dicimus,
3330 1312 3432 1349 non
3463 1298 3637 1351 solum
3664 1300 3721 1353 in

2153 1369 2306 1424 rebus
2329 1371 2598 1440 Judaicis,
2623 1378 2714 1430 sed
2734 1381 2894 1434 etiam
2917 1383 2971 1435 in
2998 1387 3226 1439 externis
3251 1389 3415 1442 tutius
3445 1389 3526 1442 illi
3552 1391 3717 1455 credi,

2156 1477 2316 1529 quam
2352 1465 2595 1520 ontmbus
2643 1467 2842 1525 ercis
2907 1482 2957 1528 et
2995 1473 3206 1530 Latinis
3241 1495 3260 1531 :
3295 1480 3472 1550 itaque
3513 1482 3720 1538 desinat

2153 1553 2341 1608 mirari
2371 1557 2556 1611 doctus
2590 1560 2668 1614 cir
2691 1603 2705 1624 ,
2740 1578 2830 1616 cur
2863 1572 2937 1618 tot
2981 1568 3180 1622 eruditi
3202 1579 3251 1623 et
3280 1587 3374 1626 nos
3401 1590 3602 1643 quoque
3628 1577 3720 1645 qui

2153 1658 2257 1696 non
2289 1645 2344 1697 in
2389 1647 2499 1702 illis
2538 1651 2785 1716 eruditis,
2825 1655 2914 1708 sed
2956 1656 3112 1727 hujus
3167 1662 3444 1729 scriptoris
3498 1664 3720 1719 lectione

2150 1737 2409 1804 peregrini
2437 1755 2540 1792 non
2584 1759 2788 1807 sumus,
2824 1754 3031 1800 tantum
3064 1750 3149 1803 illi
3192 1751 3514 1821 deferamus,
3563 1773 3718 1824 cujus

1914 1839 2042 1904 ipsi;
2072 1819 2113 1874 Β
2149 1822 2280 1891 ﬁdes
2306 1835 2358 1879 et
2385 1829 2616 1884 eruditio
2662 1833 2718 1886 in
2743 1836 2985 1892 omnibus
3029 1840 3218 1896 elucet.
3259 1819 3487 1900 Gaudeo
3526 1819 3717 1904 laudes

463 1902 783 1963 Chronicum
817 1910 1230 1971 Alexandrinum
1270 1929 1323 1975 et
1360 1920 1720 1995 Nicephorus,
1744 1928 1886 1986 Hist.
1909 1902 2037 1988 sccl.

462 1993 514 2088 l:
539 2012 610 2054 tv.
643 2012 692 2052 c.
731 2000 785 2066 4,
818 2002 873 2057 in
902 2020 1012 2074 quo
1057 2022 1191 2064 sane
1230 2010 1384 2079 illud,
1417 1993 1611 2071 Nescio
1635 2021 1913 2088 quomodo,
1939 2023 2041 2080 οὐκ

459 2082 555 2140 οἷδ’
585 2090 754 2157 ὅπως,
793 2097 1252 2156 considerandum
1283 2114 1403 2171 est;
1434 2107 1584 2165 fraus
1619 2082 1762 2167 enim
1809 2082 1908 2170 vel,
1939 2118 2040 2172 do—

459 2180 546 2236 lus
607 2183 844 2240 haeretici
907 2193 1147 2248 auctoris
1211 2195 1468 2254 indecore
1517 2208 1574 2255 et
1630 2219 1772 2269 non,
1817 2214 1876 2260 ut
1941 2223 2041 2277 par

457 2279 610 2339 erat,
663 2290 802 2345 opus
849 2279 984 2334 illud
1028 2285 1416 2343 concinnantis
1471 2291 1632 2347 nobis
1675 2295 2034 2365 significatur,

457 2365 605 2432 quod
654 2363 1033 2428 Theodoretus
1088 2376 1264 2443 palam
1308 2383 1550 2449 exponit,
1596 2386 1690 2441 lib.
1734 2363 1759 2440 ἰ
1832 2363 2032 2446 Havet.

459 2455 654 2522 fabul.,
687 2459 772 2515 his
801 2463 980 2520 verbis
1017 2467 1306 2524 :Tatianus
1339 2479 1630 2543 composuit
1669 2481 1828 2534 etiam
1859 2481 2036 2538 Euan-

456 2549 654 2616 gelium
683 2555 824 2621 quod
871 2556 1068 2612 dicitur
1103 2563 1208 2616 Διὰ
1249 2567 1581 2636 τεσσάρων,
1623 2575 1914 2641 amputatis
1954 2594 2039 2647 ge-

457 2640 714 2712 nealogiis
749 2655 798 2698 et
845 2648 991 2712 aliis,
1039 2667 1360 2726 quascunque
1411 2640 1717 2716 ostendunt
1748 2640 2033 2721 Dominum

457 2744 643 2789 natum
681 2753 794 2792 esse
829 2757 893 2793 ea:
943 2742 1113 2798 David
1139 2750 1429 2804 secundum
1472 2771 1703 2814 carnem.
1743 2757 1822 2814 Eo
1859 2772 2034 2817 autem

456 2827 541 2879 usi
565 2841 708 2892 sunt,
743 2846 844 2884 non
867 2833 906 2885 ii
934 2835 1036 2888 soli
1068 2840 1157 2905 qui
1185 2857 1306 2894 sunt
1334 2844 1481 2898 illius
1498 2857 1674 2910 sectte,
1698 2853 1787 2902 sed
1810 2851 1849 2904 ii
1873 2854 2034 2907 etiam

454 2920 546 2988 qui
572 2920 823 2991 dogmata
844 2929 1134 2995 apostolica
1152 2948 1442 3004 sequuntur
1458 2942 1852 3009 compositionis
1877 2945 2032 3014 frauo

456 3010 575 3064 dem
620 3031 724 3068 non
759 3032 1146 3087 cognoscentes,
1191 3026 1282 3079 sed
1326 3031 1624 3098 simplicius
1667 3050 1728 3088 eo
1778 3044 2032 3107 tanquam

458 3103 594 3159 libro
641 3112 1008 3177 compendioso
1047 3125 1267 3174 utentes.
1303 3119 1416 3190 Ego
1442 3139 1643 3194 quoque
1683 3127 1854 3183 inveni
1883 3103 2032 3197 plus-

453 3213 610 3266 quam
635 3199 888 3257 ducentos
917 3204 1223 3274 hujusmodi
1245 3210 1428 3277 libros,
1457 3216 1623 3285 quiin
1649 3216 1844 3275 honore
1867 3223 2028 3277 habe-

455 3289 648 3345 bantur
683 3295 738 3348 in
777 3299 975 3354 nostris
1011 3299 1287 3370 Ecclesiis,
1327 3323 1456 3376 quos
1488 3325 1606 3362 cum
1652 3324 1828 3366 omnes
1867 3313 2029 3367 simul

453 3387 752 3455 cocgissem,
801 3389 1041 3460 deposui,
1069 3405 1120 3449 et
1153 3397 1266 3450 loco
1313 3416 1497 3453 eorum
1547 3405 1753 3471 reposui
1799 3419 2030 3476 quatuor

450 3479 891 3547 evangelistarum
915 3484 1222 3557 Evangelia.
1249 3489 1354 3546 Sed
1386 3492 1441 3546 in
1471 3493 1573 3548 hoc
1598 3497 1840 3552 secundo
1863 3513 2028 3568 opere

451 3576 638 3636 aperte
666 3572 873 3628 recisas
897 3579 1245 3649 genealogias
1267 3597 1458 3638 omnes
1480 3581 1719 3650 Domini,
1747 3603 1868 3657 quas
1899 3605 2026 3644 eum

449 3671 518 3712 ex
570 3655 740 3714 David
768 3667 1070 3722 secundum
1111 3685 1330 3726 carnem
1366 3675 1608 3744 genitum
1645 3655 2026 3736 demonstrant

449 3752 822 3820 comperimus
869 3763 925 3811 et
962 3760 1070 3814 alia
1115 3766 1301 3818 omnia
1357 3766 1678 3825 detruncata
1705 3814 1720 3838 ,
1771 3784 1825 3830 et
1883 3792 2026 3832 nova

450 3837 628 3895 forma
655 3853 1040 3920 structuraque
1066 3855 1331 3910 orationis
1353 3873 1636 3925 conversa,
1669 3878 1777 3919 non
1808 3866 1936 3922 item
1967 3869 2024 3923 in

449 3931 649 4003 primo,
675 3939 731 3990 in
756 3953 864 4008 quo
892 3943 1074 3997 omnia
1105 3955 1338 4015 quatuor
1369 3954 1826 4022 evangelistarum
1853 3958 2019 4025 dicta,

450 4024 601 4080 nullo
635 4025 747 4083 fere
776 4034 1144 4098 prmtermisso
1186 4039 1254 4092 ad
1293 4040 1518 4095 verbum
1562 4044 1839 4116 descripta
1868 4065 2024 4119 repe-

450 4118 682 4175 riuntur.
717 4119 918 4179 Deinde
959 4127 1194 4196 primum
1236 4145 1376 4199 opus
1407 4148 1530 4187 cum
1571 4137 1730 4191 titulo
1761 4156 1870 4209 quo
1915 4118 2024 4196 cir-

446 4212 768 4280 cumfertur,
792 4214 1088 4273 Harmonia
1118 4221 1348 4287 scilicet,
1381 4241 1448 4279 ex
1483 4230 1758 4296 expressis
1788 4231 2022 4304 Evange-

448 4303 643 4357 liorum
677 4307 859 4363 verbis
887 4311 1275 4367 concinnatum
1313 4317 1445 4370 illud
1489 4333 1612 4373 esse
1656 4320 2022 4391 deprehendi-

445 4402 536 4446 tur
562 4395 836 4450 Ammonii
877 4399 1255 4467 Alexandrini,
1289 4407 1432 4474 quod
1462 4407 1754 4464 Zacharias
1782 4412 2020 4484 Chryso-

2058 3163 2102 3222 C

445 4485 722 4554 politanus
746 4490 1037 4560 episcopus
1067 4502 1194 4549 ante
1215 4497 1545 4568 quingentos
1577 4517 1749 4559 annos
1773 4505 2018 4562 illustra-
2048 4518 2095 4574 ι)

445 4577 524 4630 vit
563 4584 1010 4648 commentariis,
1055 4602 1196 4656 quos
1241 4605 1304 4644 ex
1350 4596 1642 4650 sententiis
1697 4609 2015 4657 sanctorum

444 4665 666 4721 Patrum
693 4671 747 4724 in
778 4688 940 4726 unam
965 4683 1214 4731 catenam
1232 4683 1502 4737 contextis
1530 4684 1761 4752 pulchro
1783 4690 2018 4746 artiﬁcio

443 4759 738 4828 coaptavit.
773 4760 1045 4820 Praeterea
1091 4769 1217 4837 quis
1246 4773 1420 4826 nescit
1465 4772 1756 4831 Tatianum
1816 4780 2014 4852 Syrum

443 4850 526 4902 vel
559 4851 866 4923 Assyrium,
907 4871 1017 4911 non
1053 4864 1235 4915 autem
1283 4862 1734 4934 Alexandrinum,
1793 4850 2018 4930 Ammo-

445 4941 594 4994 nium
624 4958 754 4998 vero
781 4945 1207 5002 Alexzmdrinum
1247 4951 1457 5008 fuisse?
1489 4953 1865 5015 Restituamus
1886 4969 2017 5032 ergo

441 5033 633 5088 titulos
683 5035 868 5101 libris,
913 5037 1085 5094 libros
1139 5043 1478 5110 parentibus,
1530 5054 1589 5099 ut
1639 5053 2017 5122 unusquisque

445 5139 574 5178 suos
630 5124 774 5182 fetus
836 5136 1132 5199 agnoscat,
1190 5132 1662 5206 inscribamusque
1713 5141 1766 5193 in
1814 5142 2013 5210 primo,

443 5212 764 5276 Sanctorum
794 5230 1024 5286 quatuor
1049 5219 1452 5290 Erangeliorum
1483 5225 1780 5283 Harmonia
1807 5235 2018 5286 Ammo-

442 5303 532 5357 nio
557 5303 918 5361 Alexandrino
953 5321 1197 5374 auctore;
1228 5313 1280 5364 in
1321 5315 1586 5381 secundo,
1611 5315 2017 5388 Evangeliorum

442 5393 791 5452 Dt’atessaron
825 5398 1052 5454 Tatiano
1088 5401 1310 5473 Assyrio
1339 5415 1573 5461 auctore.
1616 5407 1673 5462 Si
1705 5413 1828 5479 quis
1858 5413 2016 5482 plura

441 5487 717 5543 desiderat
747 5489 906 5545 adeat
946 5491 1217 5548 Caesarem
1241 5494 1561 5562 Baronium,
1589 5507 1738 5557 tomo
1779 5504 1857 5565 ll,
1887 5522 2012 5561 ann.

440 5579 566 5644 ιιι,
595 5581 683 5634 ubi
715 5591 970 5639 accurate
996 5587 1230 5654 plurima
1252 5588 1321 5643 de
1341 5605 1406 5644 eo
1419 5604 1583 5660 opere
1609 5594 2014 5653 animadvertit.

507 5671 627 5726 Col.
661 5673 904 5738 708,1in.
924 5675 980 5732 2.
1020 5677 1144 5731 Τῶν
1169 5678 1238 5731 δὲ
1255 5682 1322 5734 ὲκ
1355 5683 1678 5753 περιτομῆς
1715 5685 2012 5755 Ἰώσηπος.

435 5760 513 5820 De
536 5760 772 5834 Josepho
797 5766 1083 5835 historico,
1113 5770 1236 5841 ejus
1253 5772 1361 5826 vita
1392 5781 1446 5828 et
1476 5777 1698 5845 scriptis
1718 5779 1874 5846 plura
1908 5779 2014 5836 Eat-

2146 1913 2314 1972 hasce
2350 1915 2592 1990 Josepho
2631 1923 2948 1985 decantatas
2982 1931 3242 1988 audacter
3281 1933 3457 1992 dictas
3493 1952 3616 1992 esse
3647 1939 3718 1994 ab

2139 2009 2259 2078 ipso
2297 2013 2462 2066 etiam
2500 2013 2788 2072 laudatore
2827 2022 3112 2090 cognosci.
3145 2022 3282 2089 Quis
3327 2042 3484 2097 aquo
3529 2028 3717 2082 animo

2134 2093 2303 2150 ferret
2332 2097 2631 2166 hominem,
2671 2105 2766 2173 qui
2801 2108 3010 2162 nesciat
3051 2109 3153 2164 sibi
3196 2093 3486 2180 imperare,
3524 2128 3592 2166 ne
3629 2113 3714 2166 di-

2139 2193 2229 2240 cat
2251 2188 2395 2257 quod
2433 2199 2628 2247 contra
2665 2210 2882 2265 aequum
2915 2213 3076 2255 omne
3099 2215 3224 2256 esse
3261 2201 3504 2258 fatetur:
3541 2205 3712 2258 auda-

2138 2276 2277 2332 citer
2303 2280 2508 2337 dicitur
2531 2325 2544 2347 ,
2587 2300 2716 2356 ergo
2762 2304 2950 2344 verum
3002 2306 3109 2345 non
3155 2301 3257 2356 est,
3284 2309 3414 2363 ergo
3444 2295 3538 2365 qui
3576 2295 3712 2352 dicit

2138 2366 2430 2439 decipitur,
2463 2375 2510 2428 si
2551 2375 2830 2433 Aristoteli
2885 2381 3162 2439 credimus
3203 2383 3494 2440 Moralium
3531 2386 3710 2442 Eude-

2138 2460 2366 2515 miorum
2396 2465 2488 2520 lib.
2520 2483 2602 2531 ιιι,
2631 2484 2750 2539 cap.
2785 2471 2850 2538 5;
2888 2489 2975 2528 res
3021 2475 3164 2528 enim
3197 2478 3352 2531 aliter
3380 2494 3445 2532 ac
3473 2489 3602 2535 sunt
3629 2481 3710 2535 vi-

2138 2548 2356 2608 dentur.
2400 2555 2588 2613 Tutius
2627 2560 2711 2613 illi
2758 2564 2902 2616 credi
2942 2581 3101 2634 quam
3135 2569 3374 2624 omnibus
3418 2569 3616 2626 Gra'cis
3658 2583 3709 2627 et

2137 2639 2370 2712 Latinis,
2401 2663 2679 2719 nunquam
2729 2654 3128 2711 existimassem
3186 2661 3462 2716 hominem
3497 2664 3570 2717 ita
3610 2679 3708 2718 au-

2137 2735 2327 2792 dacter
2355 2740 2538 2796 dicere
2569 2759 2749 2813 posse,
2780 2755 2835 2801 et
2861 2747 3154 2804 humanam
3184 2751 3492 2819 historiam,
3514 2757 3581 2810 ab
3609 2758 3708 2812 ho-

2141 2830 2291 2885 mine
2320 2841 2374 2886 et
2413 2832 2662 2891 fortassis
2703 2840 2941 2908 pessimo
2983 2845 3350 2915 conscriptam
3388 2847 3586 2904 divina:
3615 2866 3707 2905 sa-

2137 2934 2351 2990 craeque
2381 2923 2642 2992 prasferri.
2671 2926 2862 2985 Tutius
2878 2931 3058 2988 credis
3084 2930 3320 3003 Josepho
3339 2950 3500 3005 quam
3533 2935 3708 2991 Evan-

2136 3013 2320 3082 gelio?
2381 3018 2555 3073 tutius
2609 3019 2835 3084 homini,
2872 3038 3032 3092 quam
3083 3025 3228 3080 Deo?
3265 3025 3422 3084 Dices
3469 3030 3562 3084 sed
3615 3046 3708 3083 au-

2137 3104 2326 3162 dacter
2371 3109 2551 3176 dices,
2606 3114 2753 3182 quod
2801 3115 2965 3170 etiam
3016 3120 3170 3187 prius
3221 3119 3404 3174 animo
3447 3120 3706 3176 audacter

2135 3206 2460 3268 conceptum
2487 3203 2746 3261 audacter
2769 3213 2823 3260 et
2848 3209 3076 3271 evomis,
3113 3224 3267 3264 sacra
3299 3211 3444 3265 omni
3477 3211 3705 3266 historia

2136 3289 2388 3343 tutiorem
2419 3305 2543 3346 csse
2585 3291 2828 3364 losephi.
2859 3296 2944 3351 vis
2972 3297 3152 3352 dicam
3182 3316 3291 3354 uno
3326 3301 3526 3356 verbo?
3563 3302 3609 3356 si
3645 3310 3706 3356 ut

2131 3397 2296 3438 verus
2326 3390 2411 3438 est
2450 3383 2504 3438 in
2533 3384 2763 3442 historia
2792 3387 3084 3460 Iosephus,
3113 3392 3186 3445 ita
3214 3401 3268 3447 et
3290 3403 3344 3446 tn
3371 3393 3424 3447 iu
3449 3394 3708 3449 emenda-

2131 3472 2278 3528 tione
2330 3481 2656 3544 temporum,
2705 3487 2865 3533 ruent
2917 3490 3181 3550 tempora.
3245 3483 3440 3539 Multos
3482 3483 3705 3556 Josephi

2133 3579 2351 3620 errores
2381 3567 2438 3620 in
2466 3567 2716 3633 historia,
2751 3578 2807 3625 et
2835 3572 3290 3630 hallucinationes
3337 3576 3704 3645 prudentissi-

2131 3669 2219 3709 me
2241 3659 2418 3728 magni
2447 3661 2551 3714 viri
2569 3662 2953 3724 observarunt,
2977 3673 3031 3718 et
3053 3675 3426 3731 correxerunt,
3454 3669 3596 3723 inter
3609 3686 3705 3726 eos

2130 3745 2315 3802 Cassar
2354 3747 2655 3816 Baronius,
2702 3752 2754 3806 in
2791 3753 3116 3821 Annalibus;
3157 3754 3429 3824 Pererius,
3467 3759 3520 3812 in
3549 3757 3703 3824 Gem;

2133 3837 2472 3912 Hegesippus
2517 3852 2570 3898 et
2607 3845 2722 3898 alii.
2767 3843 2833 3899 Et
2884 3861 3018 3902 sane
3085 3849 3301 3904 etiamsi
3345 3851 3704 3906 concederem

2129 3929 2427 4004 Josephum
2456 3935 2912 4008 φιλαληθέστατον
2951 3940 3006 3994 in
3037 3940 3226 4006 rebus,
3257 3958 3395 4012 quas
3424 3946 3538 4013 ipse
3563 3943 3707 4000 vide-

2130 4024 2224 4089 rit,
2253 4041 2533 4098 nunquam
2563 4036 2746 4085 tamen
2796 4031 2992 4087 adduci
3041 4049 3262 4102 possum
3295 4043 3355 4089 ut
3385 4036 3604 4090 credam
3648 4038 3704 4092 in

2128 4125 2280 4172 tanta
2311 4121 2648 4177 obscuritate
2676 4123 3031 4194 scriptorum,
3077 4128 3342 4182 varietate
3370 4137 3702 4199 temporum,

2129 4210 2447 4267 diversitate
2474 4215 2893 4282 sententiarum,
2938 4234 3206 4273 annorum
3255 4222 3396 4276 serie
3417 4224 3704 4277 veritatem

2129 4303 2184 4358 in
2233 4306 2488 4361 omnibus
2537 4308 2904 4378 κατορθῶσαι,
2970 4312 3186 4366 etiamsi
3249 4313 3703 4384 diligentissimus

2133 4393 2315 4447 fuerit.
2354 4393 2488 4450 lllud
2516 4405 2776 4465 praeterea
2824 4397 3018 4451 addam
3057 4399 3200 4468 quod
3233 4401 3343 4468 jam
3379 4402 3507 4454 olim
3536 4401 3705 4455 Joan-

2131 4498 2229 4537 nes
2263 4481 2428 4537 Picus
2459 4485 2688 4553 epistola
2733 4485 2967 4555 quadam
2998 4487 3064 4540 ad
3095 4489 3337 4558 ignotum
3369 4492 3602 4544 amicum
3633 4491 3705 4546 de

2125 4571 2366 4640 Josepho
2421 4574 2907 4630 animadverterat.
2957 4576 3110 4641 Quod
3163 4579 3293 4644 petis
3348 4575 3412 4632 de
3450 4575 3697 4648 Josepho.

2124 4662 2264 4716 scias
2295 4663 2501 4730 justum
2532 4659 2817 4733 Josephum
2864 4670 3003 4730 apud
3042 4666 3291 4722 Hebra'os
3317 4685 3415 4721 non
3460 4669 3699 4738 reperiri,

2125 4753 2215 4808 sed
2253 4753 2469 4823 Iosephi
2513 4757 2791 4824 epitonten,
2835 4757 2890 4810 id
2917 4768 3015 4820 est,
3047 4757 3362 4813 breviarium
3411 4761 3700 4831 quoddam.

2126 4845 2180 4898 in
2203 4863 2304 4916 quo
2339 4855 2390 4900 et
2417 4848 2587 4900 multa
2624 4858 2745 4902 sunt
2777 4851 3157 4912 commentitia,
3185 4863 3235 4906 et
3265 4868 3381 4922 qua:
3428 4853 3492 4907 de
3523 4854 3700 4908 decem

2127 4937 2368 4991 tribubus
2399 4938 2472 4990 ibi
2505 4939 2769 5008 leguntur,
2801 4957 2918 5011 qua:
2944 4943 3457 5012 postBabylonicam
3487 4945 3704 5013 captivi-

2127 5041 2289 5085 tatem
2342 5032 2670 5101 postliminio
2703 5051 2806 5087 non
2843 5035 3134 5099 redierunt,
3177 5053 3240 5090 ea
3277 5053 3389 5090 esse
3435 5041 3597 5091 notha
3647 5049 3700 5092 et

2126 5120 2453 5189 aduﬂcrina,
2499 5139 2564 5176 ea:
2601 5122 2837 5178 Hebrtcis
2877 5125 3005 5178 mihi
3051 5125 3229 5194 plures
3285 5128 3514 5196 confessi
3553 5139 3700 5193 sunt,

2124 5223 2440 5282 quapropter
2470 5215 2683 5268 illorum
2714 5214 2944 5284 Josepho
2967 5217 3118 5270 nulla
3150 5218 3363 5272 omnino
3392 5219 3522 5287 ﬁdes
3548 5220 3703 5272 adhi-

2126 5305 2312 5359 bendo.
2348 5305 2411 5359 In
2436 5298 2663 5375 Josepho
2699 5305 2880 5362 (ἔνωεο
2908 5310 3017 5362 scio
3050 5325 3160 5362 esse
3198 5309 3464 5378 quwdam,
3495 5327 3611 5379 qua:
3638 5311 3699 5363 de

2127 5396 2338 5452 Christo
2369 5407 2420 5452 et
2449 5397 2626 5467 fidem.
2658 5409 2707 5453 et
2737 5400 3082 5469 honorificam
3115 5401 3319 5470 faciant
3362 5403 3695 5462 mentionem.

2125 5491 2214 5544 sed
2252 5489 2433 5543 cadent
2465 5507 2577 5544 esse
2608 5492 2815 5559 penitus
2848 5507 2965 5544 cum
2996 5490 3100 5552 Itis.
3133 5508 3250 5562 quat
3289 5492 3343 5545 in
3376 5491 3582 5546 Latinis
3609 5508 3700 5545 co-

2127 5581 2331 5636 dicibus
2364 5581 2607 5651 leguntur
2638 5599 2742 5636 non
2789 5599 3078 5637 assererem
3113 5585 3216 5637 nisi
3255 5587 3526 5654 exemplar
3551 5583 3703 5638 Cra:-

2127 5689 2268 5736 cum,
2297 5671 2447 5740 cujus
2478 5671 2560 5725 hic
2597 5673 2727 5725 mihi
2757 5673 2906 5726 nulla
2937 5683 3014 5727 est
3038 5676 3212 5743 copia,
3243 5690 3418 5729 recens
3455 5675 3702 5745 legerem.

2198 5764 2332 5818 Ibid.
2365 5763 2474 5817 Καὶ
2519 5763 2811 5832 Ἰοῦστος.
2854 5764 3031 5836 Hujus
3079 5777 3358 5840 parentes,
3405 5766 3705 5835 πολιτείαν;
