4112 6418
400 345 508 400 805

1431 343 1500 399 IN
1528 343 1901 400 EUSTATHII
1942 343 2412 399 HEXAEMERON
2456 345 2689 402 NOTAE.

3541 353 3649 406 800

397 463 708 528 historiam,
742 473 795 519 et
838 465 1038 535 stylum
1077 465 1348 537 expressit
1393 465 1624 521 Photius
1676 465 1731 519 in
1777 464 1968 518 Biblio-
2007 470 2055 525 Α
2083 465 2271 521 sebius
2304 466 2375 520 de
2411 467 2712 535 semetipso
2741 467 2795 521 in
2840 468 3066 537 prologo
3122 467 3381 524 Historiis
3407 469 3660 523 ecclesia—

398 552 566 606 t/teca.
598 553 810 622 Oppido
833 552 1191 615 Tiberiensis,
1218 559 1443 622 parente
1462 550 1612 606 Pisto
1647 551 1866 605 homine
1887 565 1976 604 ne-

396 644 690 713 quissimo,
743 645 791 700 si
839 643 1078 714 Josepho
1125 645 1428 708 credimus,
1481 659 1680 714 genere
1728 641 1972 707 Judaeus,

396 739 716 807 auspicatus
757 745 841 792 est
871 737 1154 793 historiam
1187 752 1218 790 a
1255 736 1460 807 Moyse,
1500 735 1862 805 perduxitque
1905 734 1975 788 ad

395 828 602 882 exitum
645 843 818 897 usque
848 827 1104 898 Agrippae
1137 829 1354 898 septimi
1390 843 1420 881 e
1466 826 1671 881 familia
1718 826 1970 888 Herodis,

395 927 450 973 et
498 917 854 980 Jutlaicorum
909 935 1096 988 regum
1157 919 1458 988 postremi;
1510 919 1685 990 stylus
1740 918 1976 973 maxime

396 1012 676 1075 concisus,
700 1019 754 1065 et
798 1012 1054 1081 pleraque
1081 1011 1252 1064 relatu
1282 1027 1404 1066 cum
1439 1012 1633 1081 primis
1667 1011 1974 1065 necessaria

396 1102 761 1169 praetermisit.
786 1101 980 1157 Adesis
1007 1100 1396 1172 Hieronymum
1427 1103 1479 1156 in
1511 1102 1788 1172 Catalogo,
1816 1101 1974 1157 Joseo

396 1192 561 1260 phum
584 1192 640 1246 in
677 1191 797 1246 Vita
815 1207 936 1255 sua,
964 1191 1207 1247 Suidam.
1244 1193 1554 1262 Stephanus
1575 1195 1701 1248 item
1731 1194 1798 1248 de
1827 1193 1976 1248 urbi-

398 1285 502 1338 bus
535 1283 650 1337 haec
678 1282 744 1338 de
769 1299 836 1338 eo
863 1303 874 1338 :
913 1283 1008 1337 Ἐκ
1023 1283 1224 1354 ταύτης
1240 1283 1358 1356 [τῆς
1388 1284 1724 1357 Τιϐερίαδος]
1758 1281 1824 1356 ἦν
1848 1284 1976 1338 Ἰοῦ-

398 1391 519 1438 στος
549 1375 577 1426 ὁ
599 1374 688 1426 τὸν
706 1375 994 1430 Ἰουδαϊκὸν
1020 1376 1252 1447 πόλεμον
1274 1377 1364 1428 τὸν
1402 1377 1544 1429 κατὰ
1570 1377 1972 1430 Οὐεσπασιανοῦ

396 1467 707 1537 ἱστορήσας.
748 1464 949 1520 Verum
973 1482 1083 1520 non
1119 1475 1329 1520 tantum
1364 1466 1430 1521 de
1456 1465 1614 1522 Justo
1643 1467 1767 1530 hoc,
1803 1469 1896 1534 sed
1923 1478 1976 1522 et

393 1559 462 1612 de
501 1557 741 1627 Josepho
770 1556 982 1623 Judzeo,
1037 1557 1291 1624 Tatiano,
1332 1558 1615 1623 Africano,
1668 1557 1973 1622 Clemente,

393 1649 654 1710 Eusebio.
711 1665 927 1705 necnon
971 1659 1027 1705 et
1068 1651 1194 1706 aliis
1231 1651 1612 1721 scriptoribus,
1649 1666 1880 1720 quorum
1918 1652 1972 1704 in

394 1740 498 1796 hoc
534 1746 774 1795 tractatu
808 1739 867 1794 fit
893 1741 1122 1806 mentio,
1151 1749 1205 1796 et
1229 1757 1417 1796 eorum
1461 1742 1684 1812 scriptis
1712 1740 1888 1797 fusius
1917 1742 1971 1796 in

2074 561 2242 620 sticw,
2278 557 2416 628 Ἤδη
2446 558 2544 627 μὲν
2581 555 2676 610 οὖν
2703 558 2909 610 τούτων
2951 560 3046 612 καὶ
3075 560 3337 632 πρότερον
3360 563 3418 614 ὲν
3442 554 3523 622 οἷς
3553 559 3660 612 διε-

2072 648 2416 718 τυπωσὰμην
2461 652 2735 720 χρονικοῖς
2777 650 2994 702 κανόσιν
3026 651 3292 722 ἐπιτομὴν
3321 649 3660 720 κατεστησά-

2077 757 2203 811 μηψ
2221 741 2604 812 πληρεστάτην
2630 741 2675 794 δ’
2695 738 2786 794 οὖν
2807 742 2956 812 ὅμως
2977 741 3152 795 αὐτῶν
3173 743 3264 794 ἐπὶ
3278 743 3370 795 τοῦ
3392 742 3659 814 παρόντος

2072 830 2335 902 ὡρμήθην
2367 832 2465 902 τὴν
2489 833 2764 903 ἀφήγησιν
2816 832 3166 902 ποιήσασθαι.
3193 833 3386 886 Mirum
3418 848 3549 888 sane
3574 837 3660 885 est

2075 932 2135 977 ut
2163 922 2432 994 Josephus
2465 923 2709 995 Scaliger
2739 924 2793 978 in
2851 925 3046 978 horum
3089 924 3382 980 verborum
3464 940 3653 992 perce-

2074 1016 2259 1087 ptione
2287 1018 2556 1079 caecutiat,
2577 1027 2630 1072 et
2663 1017 2894 1070 aliorum
2932 1017 3177 1071 omnium
3231 1031 3432 1071 censor
3463 1017 3518 1068 in
3564 1013 3654 1069 his

2074 1105 2401 1160 clarissimis
2432 1107 2614 1160 verbis
2648 1107 2890 1178 indigeat
2929 1123 3160 1163 censore
3185 1127 3199 1175 ;
3225 1110 3302 1162 ait
3324 1122 3556 1176 namque
3595 1108 3651 1161 in

2075 1194 2646 1250 animadversionibus
2691 1201 2759 1248 ad
2809 1195 3144 1261 Eusebium,
3200 1213 3324 1250 cum
3378 1195 3445 1250 de
3506 1195 3652 1249 illius

2075 1286 2256 1354 operis
2307 1286 2464 1339 titulo
2520 1294 2739 1353 tractat,
2801 1285 3058 1341 Eusebius
3100 1288 3350 1356 prowmio
3397 1283 3654 1339 Historia:

2073 1377 2445 1431 ecclesiasticae
2471 1378 2802 1446 simpliciter,
2835 1395 2897 1431 ac
2921 1379 2974 1431 in
3010 1391 3190 1446 genere
3210 1376 3450 1448 Χρονικά
3473 1377 3653 1445 appel-

2077 1472 2184 1536 lat,
2251 1488 2532 1542 eorumque
2597 1489 2708 1527 sese
2756 1474 3016 1540 epitomen
3072 1473 3444 1540 conscripsisse
3499 1469 3651 1524 dicit.

2074 1562 2350 1633 Nusquam
2376 1563 2490 1617 haec
2517 1564 2784 1618 sententia
2812 1565 2866 1617 in
2903 1562 3122 1616 Eusebii
3151 1562 3353 1625 verbis,
3382 1577 3652 1631 nusquam

2073 1655 2474 1708 Chronicorum
2511 1653 2777 1722 Epitome.
2812 1651 2917 1707 Sed
2947 1652 3016 1707 de
3041 1661 3223 1706 mente
3253 1651 3476 1706 Eusebii
3511 1649 3654 1704 infe-

2075 1745 2213 1800 rius.
2244 1744 2456 1811 Quibus
2490 1744 2712 1800 Eusebii
2741 1745 2942 1808 verbis,
2993 1760 3117 1799 cum
3149 1759 3259 1797 non
3301 1743 3652 1796 animadver-

393 1841 584 1888 nostra
644 1834 711 1888 de
781 1834 1142 1904 scriptoribus
1209 1807 1596 1889 ecclesiasticis
1647 1832 1972 1888 Bibliotheca
2001 1807 2044 1862 Β
2073 1838 2233 1892 tisset
2256 1807 2487 1898 f'Suidas,
2523 1835 2626 1891 sibi
2660 1836 2895 1905 aliisque
2930 1835 3201 1904 pluribus,
3235 1834 3374 1887 forte
3399 1831 3563 1887 etiam
3593 1837 3651 1884 et

393 1942 559 1996 quam
600 1926 926 1995 jamdudum
971 1941 1250 1995 paramus.
1295 1924 1396 1980 Hic
1429 1941 1492 1980 ea
1540 1933 1756 1980 tantum
1799 1927 1974 1999 tetigi-

394 2034 520 2072 mus
549 2034 671 2088 qua:
699 2019 768 2073 ad
808 2034 922 2073 rem
958 2018 1138 2072 facere
1171 2017 1514 2072 videbantur.

463 2111 581 2165 Col.
620 2111 744 2175 708,
782 2111 879 2164 lin.
929 2110 981 2164 6.
1021 2108 1142 2164 Τῶν
1184 2109 1248 2161 δὲ
1299 2109 1483 2178 ἁγίων
1519 2127 1629 2175 τις.
1677 2107 1970 2164 Eusebium

393 2219 517 2259 esse
556 2205 694 2258 nulli
725 2204 975 2267 dubium,
1017 2217 1178 2273 quem
1214 2203 1382 2256 tacito
1434 2203 1657 2256 nomine
1705 2201 1969 2273 praeterit,

397 2292 559 2362 idque
596 2292 724 2347 odio
751 2302 806 2348 et
856 2293 1134 2347 simultate
1159 2292 1396 2362 quadam
1427 2291 1669 2346 offensus
1715 2291 1972 2346 consulto

394 2384 527 2454 agit.
559 2383 735 2438 llomo
762 2385 1080 2454 apostolica:
1129 2384 1379 2438 veritatis
1421 2390 1693 2453 rectaeque
1725 2383 1848 2438 fidei
1883 2399 1971 2438 se-

393 2485 588 2542 ctator,
613 2484 848 2531 tutorem
875 2493 940 2531 ac
971 2476 1241 2531 vindicem
1266 2475 1486 2530 Arianae
1525 2477 1821 2540 haereseos,
1862 2475 1974 2529 vul-

391 2576 576 2638 gatum
605 2577 661 2624 et
704 2577 896 2623 notum
935 2569 1191 2624 omnibus
1224 2567 1443 2623 Eusebii
1492 2569 1809 2639 negotium:
1845 2567 1971 2622 illu-

393 2661 525 2716 stris
573 2661 630 2715 in
661 2663 765 2716 fide
786 2662 1164 2717 conservanda
1197 2660 1467 2714 Eustathii
1504 2661 1785 2730 provincia
1806 2676 1974 2730 syno-

393 2753 497 2808 dus
527 2754 620 2807 illa
663 2753 881 2808 Nicaena
913 2755 939 2806 1
1008 2763 1062 2808 et
1099 2752 1154 2816 2,
1187 2753 1442 2823 dictaque
1471 2763 1714 2808 veterum
1747 2754 1973 2810 histori-

394 2860 586 2899 corum
635 2845 966 2898 confirmant
1015 2845 1148 2914 ipsa:
1197 2843 1416 2899 Eusebii
1471 2845 1821 2914 scriptiones.
1874 2843 1972 2899 Pio

395 2945 699 3005 sanctoque
721 2937 902 2990 animo
927 2935 995 2988 ad
1019 2935 1438 3004 concipiendum
1469 2934 1652 2989 odium
1675 2949 1840 2990 causa
1859 2935 1971 2989 haec

398 3028 524 3097 plus
539 3028 702 3082 etiam
730 3027 887 3082 satis.
921 3025 1098 3096 Hujus
1126 3029 1290 3081 etiam
1316 3024 1532 3081 dissidii
1565 3027 1828 3096 Origenes
1855 3027 1973 3096 ipse

400 3135 568 3176 causa
605 3121 775 3174 altera
807 3127 863 3175 et
917 3119 1235 3190 singularis.
1269 3116 1542 3173 Eusebius
1579 3127 1728 3174 totus
1779 3126 1865 3172 est
1914 3119 1968 3172 in

396 3209 630 3281 Origene
679 3211 1054 3276 defendendo;
1103 3225 1265 3266 suum
1331 3208 1572 3264 studium
1639 3218 1694 3264 et
1745 3225 1968 3280 operam

395 3300 664 3371 impendit
695 3306 750 3355 in
779 3301 1033 3364 historia;
1067 3299 1234 3353 etiam
1258 3300 1648 3368 Apologeticos
1680 3312 1710 3350 a
1742 3313 1802 3352 se
1831 3297 1970 3352 scri-

396 3399 542 3460 ptos,
578 3399 638 3443 ut
672 3392 751 3446 eis
783 3390 946 3445 addat
977 3397 1031 3445 et
1064 3389 1234 3443 robur
1293 3399 1347 3443 et
1376 3386 1588 3456 pondus
1619 3388 1970 3443 sanctissimo

391 3480 678 3550 Pamphilo
731 3481 957 3552 martyri
1014 3480 1262 3536 ascribit.
1313 3477 1528 3550 Susque
1581 3479 1755 3549 deque
1806 3488 1970 3534 ruant

395 3574 602 3640 omnia,
631 3580 842 3627 tantum
878 3573 955 3626 illi
985 3572 1137 3628 solus
1179 3579 1428 3628 servetur
1464 3572 1756 3627 incolumis
1785 3570 1971 3642 Orige-

396 3679 516 3729 nes,
543 3665 611 3718 ab
647 3665 1090 3720 accusationibus
1152 3671 1206 3719 et
1231 3679 1262 3718 a
1290 3663 1504 3719 delictis
1543 3663 1698 3718 liber.
1734 3662 1967 3718 Tantum

387 3756 695 3820 hominem,
729 3764 784 3810 et
815 3764 1022 3810 tantum
1053 3756 1216 3810 heroa
1241 3758 1295 3809 in
1319 3755 1560 3810 Ecclesia
1587 3754 1797 3825 (quidni
1820 3755 1966 3809 enim

396 3847 640 3903 dubitem
676 3848 757 3902 sic
805 3845 1093 3916 Origenem
1127 3847 1422 3916 appellare,
1457 3846 1756 3900 multorum
1788 3854 1841 3899 et
1877 3859 1967 3899 ve-

395 3941 852 4006 tustissimorum,
892 3955 1192 4009 eorumque
1243 3939 1719 3995 sanctissimorum
1743 3939 1966 3993 Patrum

395 4033 713 4088 testimonio
766 4031 960 4103 fultus)
993 4048 1024 4086 ’λ
1054 4031 1348 4087 calumniis
1399 4031 1736 4086 vindicatum
1776 4031 1968 4086 defen-

396 4127 526 4183 dere
553 4129 705 4198 pium
741 4135 845 4190 est,
870 4127 1138 4195 amicique
1169 4126 1354 4189 animi,
1381 4125 1476 4180 sed
1521 4125 1575 4178 in
1600 4125 1847 4181 criminis
1875 4125 1969 4180 de-

395 4221 684 4286 fensione,
741 4228 794 4274 et
836 4219 1121 4289 dignitatis
1184 4216 1620 4287 propugnatione
1678 4217 1966 4271 veritatem

392 4313 700 4376 obvertere,
726 4319 780 4366 et
819 4311 1022 4364 malum
1058 4308 1202 4363 malo
1229 4308 1446 4362 trudere
1489 4306 1685 4376 pejori,
1733 4306 1967 4363 Eusebio

390 4410 627 4466 tantum,
670 4409 725 4456 et
775 4401 922 4455 illius
966 4401 1156 4454 farina:
1208 4397 1522 4452 hominibus
1575 4398 1964 4453 concedamus.

2073 1925 2352 1996 Scaligero
2382 1927 2532 1979 varia
2564 1925 2970 1980 commentandi
3000 1934 3192 2001 auctor
3218 1923 3354 1990 fuit;
3382 1921 3652 1994 χρονικῶν

2071 2018 2312 2071 κανόνων
2343 2017 2692 2087 παντοδαπῆς
2741 2016 3002 2088 ἱστορίας,
3038 2017 3133 2069 καὶ
3160 2015 3366 2068 τούτων
3395 2015 3649 2084 ὲπιτομή.

2145 2108 2324 2164 Unum
2358 2126 2496 2180 opus
2526 2109 2827 2180 perfectum
2867 2109 3291 2178 absolutumque
3340 2107 3394 2160 in
3426 2107 3535 2160 duo
3563 2121 3653 2162 se-

2068 2201 2319 2271 junctum
2368 2203 2578 2264 divisit.
2611 2218 2846 2271 quorum
2882 2203 3113 2256 alterum
3162 2206 3308 2253 esset
3357 2197 3653 2254 Cltronicon

2075 2297 2181 2349 late
2212 2303 2426 2365 patens,
2458 2295 2689 2348 alterum
2719 2294 2909 2349 eadem
2936 2309 3057 2363 qua:
3090 2301 3144 2347 et
3173 2291 3434 2361 primum,
3454 2288 3651 2343 decur-

2072 2397 2183 2441 tata
2209 2395 2412 2448 tamen,
2431 2393 2484 2440 et
2513 2386 2566 2440 in
2593 2386 2867 2455 epitomen
2890 2385 3109 2440 redacta
3133 2378 3650 2437 contineretJoam

2071 2497 2171 2536 nes
2204 2481 2487 2535 Curterius
2523 2481 2577 2534 in
2613 2481 2843 2550 epistola
2871 2496 3034 2549 quam
3071 2477 3299 2549 praefixit
3332 2475 3650 2547 fragmentis

2072 2572 2292 2628 Eusebii
2340 2573 2392 2626 in
2437 2573 2676 2626 editione
2724 2573 2991 2627 librorum
3052 2570 3192 2624 Hist.
3241 2569 3646 2631 ecclesiastica,

2072 2664 2271 2718 asserit
2314 2663 2487 2716 solam
2535 2663 2808 2733 epitomen
2857 2665 3016 2718 nobis
3056 2678 3369 2732 superesse,
3407 2675 3650 2716 canones

2072 2765 2252 2810 autem
2305 2756 2600 2810 chronicos
2639 2756 2933 2818 excidisse,
2966 2767 3288 2825 argumento
3329 2761 3548 2824 sumpto
3577 2767 3646 2806 ex

2073 2851 2181 2905 illis
2215 2848 2536 2920 fragmentis
2571 2865 2692 2919 qua:
2713 2850 2951 2904 citantur
2975 2849 3043 2903 ab
3072 2849 3361 2903 Anastasio
3389 2850 3652 2916 episcopo

2071 2941 2322 3008 Niczeno,
2375 2939 2491 2994 Lib.
2534 2948 2718 3007 quwst.
2762 2939 2817 2992 in
2852 2937 2912 2994 S.
2938 2935 3272 3006 Scripturam
3320 2955 3386 2993 ex
3418 2939 3643 2995 Eusebio

2071 3035 2128 3088 in
2147 3035 2442 3096 Chronicis,
2494 3045 2614 3099 qua:
2640 3037 2822 3083 tamen
2849 3044 2957 3082 non
2993 3028 3265 3082 habentur
3295 3029 3349 3082 in
3379 3027 3649 3083 Eusebia-

2071 3125 2159 3178 nis
2197 3121 2487 3176 Chronicis
2518 3137 2639 3190 quze
2686 3120 3172 3176 circumferuntur.
3219 3119 3358 3174 Huic
3403 3121 3646 3190 opinioni

2072 3213 2286 3269 videtur
2310 3212 2491 3267 favere
2515 3210 2872 3274 Trithemius,
2895 3210 3051 3272 dum,
3069 3211 3164 3265 lib.
3199 3209 3278 3265 De
3304 3213 3646 3280 scriptoribus

2069 3303 2441 3359 ecclesiasticis
2475 3301 2698 3356 Eusebii
2727 3317 2894 3373 opera
2945 3317 3298 3367 enumerans,
3349 3315 3510 3358 vocat
3542 3306 3646 3360 hoc

2065 3395 2246 3464 ipsum
2292 3411 2431 3464 opus
2470 3393 2690 3447 Eusebii
2735 3410 2844 3448 non
2895 3391 3216 3456 Cltronicon,
3253 3395 3347 3448 sed
3371 3393 3650 3462 Epitomen

2066 3487 2341 3546 Chronica:
2371 3505 2389 3542 :
2423 3488 2503 3543 sic
2539 3487 2686 3540 enim
2723 3486 2833 3546 ille,
2881 3484 3150 3554 Epitomes
3195 3484 3469 3537 Chronica:
3516 3483 3649 3537 liber

2065 3594 2204 3632 unus
2236 3593 2354 3629 cum
2380 3575 2477 3629 hoc
2507 3575 2664 3628 initio
2689 3589 2710 3626 .·
2733 3573 2967 3644 Moysen:
3001 3575 3168 3643 gentis
3203 3571 3502 3626 Hebraicte.
3540 3571 3648 3626 Alii

2067 3669 2450 3725 existimarunt
2471 3664 2794 3719 Chronicum
2816 3663 2963 3733 quod
2997 3670 3173 3716 exstat
3201 3679 3308 3716 non
3351 3678 3472 3718 esse
3499 3663 3644 3716 illam

2067 3761 2134 3816 ab
2167 3758 2402 3814 Eusebio
2432 3756 2739 3813 confectam
2769 3755 3081 3826 Epitomen,
3113 3769 3211 3809 nec
3249 3754 3642 3824 Hieronymum

2067 3855 2214 3908 illam
2244 3851 2471 3906 vertisse
2506 3869 2520 3904 :
2557 3849 2651 3904 sed
2682 3864 2807 3904 esse
2843 3863 3034 3903 verum
3067 3845 3378 3902 Chronicon
3407 3845 3649 3901 historiae

2068 3944 2270 3999 factum
2319 3943 2387 3997 ab
2429 3941 2684 4004 Eusebio,
2723 3950 2779 3995 et
2817 3941 3143 3994 translatum
3195 3939 3265 3993 ab
3289 3937 3646 4008 Hieronymo,

2067 4039 2192 4093 licet
2224 4037 2279 4091 in
2299 4037 2460 4091 aliam
2495 4035 2722 4089 formam
2769 4033 3052 4088 redactum
3098 4041 3152 4086 et
3178 4031 3508 4086 mutilatum.
3538 4027 3650 4084 Lir-

2067 4128 2296 4184 dovicus
2332 4124 2494 4178 Vives
2540 4123 2595 4177 in
2625 4123 2862 4193 August.
2895 4121 2990 4175 lib.
3035 4135 3190 4183 xvm,
3230 4119 3305 4172 lle
3347 4121 3489 4173 cirit.
3528 4118 3644 4183 Dei,

2063 4233 2190 4288 cap.
2224 4217 2278 4280 8,
2323 4225 2375 4271 et
2403 4215 2684 4269 Arnoldus
2729 4213 3008 4269 Pontacus
3051 4211 3297 4266 sentiunt
3351 4219 3646 4280 utrumque

2067 4319 2283 4365 exstare
2324 4315 2378 4363 et
2422 4307 2745 4370 Cltronicon,
2790 4313 2846 4359 et
2891 4302 3186 4373 Epitomen,
3231 4311 3285 4358 et
3314 4304 3418 4358 hoc
3463 4304 3643 4373 ipsum

2068 4415 2190 4455 esse
2233 4398 2367 4453 illud
2409 4414 2547 4468 opus
2592 4396 2738 4466 quod
2779 4395 3050 4449 habemus
3093 4409 3205 4465 prie
3252 4394 3536 4458 manibus,
3589 4403 3646 4447 et

393 4491 563 4562 Egre
591 4493 694 4548 fert
721 4493 825 4546 hoc
854 4493 1126 4561 ingenuus
1154 4489 1426 4545 Eustathii
1450 4489 1674 4553 candor,
1689 4497 1852 4560 etpro
1876 4505 1969 4544 ve-
2002 4511 2044 4567 υ
2070 4491 2215 4560 quod
2243 4497 2473 4544 vocatur
2503 4504 2532 4542 a
2566 4487 2900 4558 Hieronymo
2928 4495 2984 4541 et
3009 4487 3132 4539 aliis
3177 4484 3395 4539 Eusebii
3423 4483 3647 4539 Chroni-

391 4591 584 4654 -ritate,
615 4587 761 4658 quod
785 4587 960 4652 aiunt,
987 4588 1168 4657 γυμνῇ
1186 4585 1407 4656 ,κεφαλῇ
1441 4601 1564 4638 curn
1598 4585 1835 4655 Origene
1856 4601 1972 4642 ces-

399 4690 583 4736 tamen
607 4681 746 4734 init:
781 4678 1066 4750 palamque
1103 4687 1155 4732 et
1193 4692 1346 4740 voce,
1394 4684 1450 4731 et
1488 4676 1711 4746 scriptis
1753 4692 1970 4734 errores

394 4775 545 4830 illius
595 4773 896 4842 impugnat,
935 4777 988 4824 et
1029 4779 1270 4839 apertam
1303 4769 1553 4823 veritatis
1601 4768 1817 4833 faciem,
1861 4785 1971 4823 non

399 4866 724 4936 ambagibus
773 4869 829 4919 et
875 4863 1017 4918 dolis
1063 4869 1374 4932 suspectam
1425 4861 1764 4915 amatoribus
1813 4876 1975 4931 expo-

395 4962 497 5026 nit,
530 4957 947 5026 volentibusque
961 4954 1230 5024 judicium
1248 4953 1560 5007 committit.
1595 4951 1974 5021 ldeoquequo-

392 5069 514 5108 rum
557 5053 761 5122 seripta
793 5050 897 5105 sibi
937 5048 1187 5109 molesta,
1233 5053 1287 5100 et
1317 5045 1539 5099 nomina
1576 5045 1764 5099 odiosa
1795 5043 1967 5098 ducit.

391 5147 470 5202 Ne
492 5156 671 5200 tamen
687 5144 910 5199 omnino
929 5142 1086 5196 fama:
1105 5141 1394 5196 detrahere
1414 5139 1689 5193 videretur
1707 5137 1972 5196 illius.co-

393 5247 665 5308 natusque
693 5253 801 5292 non
833 5239 1126 5296 aestimare,
1151 5234 1255 5288 hoc
1283 5247 1406 5287 eum
1437 5231 1637 5301 elogio,
1666 5229 1774 5282 τῶν
1799 5229 1969 5298 ἁγίων

389 5345 500 5391 τις,
532 5343 641 5397 quo
673 5338 726 5382 et
754 5326 1260 5396 perniciosissimos
1299 5321 1550 5377 homines
1594 5327 1852 5389 exceptos
1894 5318 1971 5372 le-

391 5421 595 5492 gimus,
632 5419 932 5476 decoravit.

459 5512 596 5568 Ibid.
640 5512 1094 5581 Ἄκριϐεστάτην
1119 5511 1242 5564 τῶν
1263 5508 1518 5578 χρόνων.
1537 5502 1804 5573 Georgius
1828 5502 1970 5572 Syn-

393 5608 590 5671 cellus,
633 5608 691 5659 '0
720 5607 905 5677 μέντοι
924 5603 1206 5668 Εὐσέϐιος,
1232 5602 1435 5672 καίπερ
1495 5597 1879 5671 πραγματείαν
1907 5595 1966 5648 οὐ

389 5701 490 5771 τὴν
514 5699 784 5771 τυχοῦσαν
824 5697 1214 5768 συλλεξάμενος
1273 5693 1597 5764 φιλοπόνως,
1630 5691 1727 5744 καὶ
1763 5687 1969 5760 τᾳύθην

389 5795 489 5868 τὴν
503 5794 695 5849 ἑαυτοῦ
714 5792 969 5865 χρονικὴν
989 5789 1308 5862 συγγραφὴν
1325 5783 1753 5856 κατασεμνύνας.
1776 5781 1839 5836 Ει
1859 5779 1970 5835 Eu-
2021 5852 2024 5855 ‘

2071 4599 2187 4636 con.
2215 4580 2422 4636 [lorum
2460 4580 2640 4634 varias
2667 4579 2910 4633 rationes
2935 4586 2987 4631 et
3017 4577 3412 4646 explicationes
3445 4577 3491 4631 si
3519 4579 3644 4645 quis

2071 4675 2369 4737 desiderat,
2397 4674 2540 4744 legat
2570 4668 3210 4741 ApparatumPontaciin
3244 4677 3404 4725 notas
3440 4669 3506 4723 ad
3530 4668 3642 4722 Eu-

2073 4767 2209 4823 sebii
2244 4763 2652 4822 Chronicon.lbi
2678 4765 2846 4826 enim,
2871 4761 3000 4817 dum
3034 4763 3132 4817 has
3156 4777 3294 4831 quas
3323 4763 3642 4832 scripsimus

2072 4857 2361 4928 Opiniones
2399 4857 2617 4918 refellit,
2661 4870 2815 4909 suam
2852 4853 3069 4924 probat,
3111 4860 3165 4907 et
3206 4861 3266 4907 ut
3312 4853 3430 4922 ipse
3455 4852 3642 4906 existi-

2072 4954 2184 5001 mat
2217 4945 2571 5001 validissimis
2611 4944 2915 4999 rationibus
2932 4944 3256 4997 confirmare
3287 4943 3502 5007 nititur,
3535 4959 3641 4996 non

2073 5037 2218 5110 quod
2268 5039 2370 5093 sibi
2413 5044 2796 5108 proposuerat,
2833 5037 2930 5090 sed
2962 5037 3110 5090 aliud
3145 5043 3343 5105 printer
3386 5051 3536 5112 spem
3589 5047 3643 5089 et

2070 5129 2536 5200 exspectationem
2570 5127 2940 5190 demonstrat;
2977 5128 3053 5181 ait
3083 5138 3346 5194 namque:
3388 5125 3642 5179 Eusebius

2072 5227 2211 5280 enim
2227 5225 2505 5294 distinguit
2532 5222 2694 5276 libros
2713 5221 2967 5277 Historiae
2981 5219 3369 5277 ecclesiasticas
3418 5237 3448 5272 a
3478 5219 3646 5274 Chro-

2069 5320 2219 5383 nico,
2267 5317 2491 5387 quodin
2533 5317 2646 5370 illis
2688 5316 2916 5386 plenius,
2951 5316 3007 5368 in
3042 5315 3136 5367 hoc
3178 5313 3404 5376 brevius,
3433 5314 3490 5366 in
3535 5313 3646 5366 illis

2074 5411 2412 5482 singillatim,
2446 5411 2498 5462 in
2523 5409 2618 5462 hoc
2643 5410 2967 5468 summatim,
2998 5416 3047 5460 et
3077 5408 3259 5475 utipse
3278 5407 3524 5476 loquitur.
3555 5421 3647 5474 per

2069 5505 2348 5572 epitomen,
2379 5511 2427 5556 et
2457 5503 2534 5555 ita
2561 5500 2846 5556 Chronicos
2875 5515 3101 5552 canones
3133 5507 3182 5551 et
3214 5499 3469 5566 epitomen
3507 5495 3646 5549 idem

2071 5608 2200 5662 opus
2227 5609 2342 5646 esse
2374 5591 2524 5646 docet
2554 5589 3019 5659 manifestissime;
3054 5603 3176 5658 quae
3201 5602 3326 5642 eum
3350 5602 3478 5642 vera
3507 5585 3642 5651 sint,

2071 5701 2181 5740 non
2217 5693 2402 5740 tamen
2437 5684 2776 5756 propositum
2808 5683 2958 5741 illius
3001 5681 3277 5753 probant:
3309 5680 3455 5734 aliud
3495 5681 3643 5734 enim

2071 5790 2158 5838 est
2212 5797 2320 5836 una
2362 5781 2486 5837 cum
2541 5778 2820 5836 Ludovico
2863 5775 3028 5833 Vives
3075 5777 3302 5842 sentire,
3351 5782 3644 5846 utrumque
