4112 6470
419 375 522 436 807

1761 361 2010 418 LEONIS
2048 362 2322 420 ALLATII

3562 352 3668 408 808

419 493 638 552 Eusebii
657 507 818 563 opus,
852 497 908 546 et
929 487 1229 545 Chronicon
1271 494 1325 540 et
1355 483 1635 552 Epitomen
1670 491 1906 543 erstarc.
1943 485 1997 533 et
2025 486 2072 541 Δ
2101 495 2230 537 suas
2261 489 2442 545 notas,
2471 472 2782 549 multosque
2798 475 2927 532 dum
2955 476 3092 531 alios
3108 473 3414 544 corrigunt,
3443 472 3523 528 vel
3538 485 3668 525 exa-

422 587 567 642 aliud
625 583 922 639 Eusebium
965 583 1138 636 libros
1179 593 1293 634 sua:
1337 576 1599 631 Historia:
1641 589 1673 628 a
1732 571 1997 627 Chronico

421 675 757 739 distinxisse,
803 683 860 728 et
905 674 961 726 in
1008 672 1102 725 illa
1156 670 1374 740 plenius
1448 677 1501 722 et
1549 665 1893 734 singillatim,
1943 663 2001 714 in

423 768 684 824 Chronico
708 765 929 822 brevius
948 771 1002 819 et
1029 762 1343 818 summatim
1361 799 1376 823 ,
1406 774 1494 814 res
1522 765 1729 827 gestas,
1755 764 1810 810 et
1833 768 2004 808 anno-

425 873 544 912 rum
575 859 775 912 seriem
808 869 1119 909 enarrasse.
1156 851 1468 906 Ridiculum
1501 851 1628 903 item
1677 854 1824 902 esset
1851 861 2004 900 asse-

427 947 735 1016 rere,quod
757 945 977 1014 quidam
1000 942 1402 1003 existimarunt,
1430 943 1504 994 ita
1527 954 1668 1008 opus
1701 938 1804 991 hoc
1836 936 2004 991 Chro-

428 1039 580 1091 nicon
604 1039 659 1091 in
687 1038 824 1091 duas
859 1045 1043 1106 partes
1087 1034 1404 1103 digessisse,
1437 1041 1494 1084 ut
1524 1033 1578 1084 in
1603 1031 1774 1100 priori
1819 1036 2005 1084 essent

429 1132 567 1184 certi
597 1143 840 1182 canones
875 1142 969 1180 seu
1001 1125 1226 1179 ordines
1265 1132 1361 1178 aut
1393 1125 1683 1184 columnae,
1715 1121 1768 1174 in
1805 1121 2005 1190 quibus

433 1220 570 1276 nihil
610 1217 756 1273 aliud
797 1217 1148 1276 cernebatur,
1186 1228 1348 1283 quam
1385 1228 1581 1266 nomen
1615 1211 1780 1279 regis,
1819 1217 1873 1263 et
1903 1223 2007 1261 nu-

434 1311 570 1364 meri
589 1322 854 1361 annorum
883 1306 1084 1374 ipsius;
1109 1305 1160 1355 in
1186 1302 1476 1371 posteriori
1502 1301 1919 1355 continerentur
1941 1313 2006 1353 ea

435 1403 638 1466 omnia,
662 1414 782 1470 quae
811 1398 875 1452 ad
905 1396 1189 1450 historiam
1217 1393 1572 1463 pertinerent,
1605 1408 1834 1462 quaeque
1861 1405 2008 1444 nunc

435 1494 686 1548 diversas
718 1491 815 1544 has
843 1489 1127 1543 columnas
1159 1495 1447 1556 occupant.
1495 1483 1627 1539 Rem
1668 1485 1830 1554 igitur
1869 1484 2008 1536 hanc

437 1584 625 1639 multis
647 1580 1056 1636 dillicultatibus
1097 1579 1457 1640 obstructam,
1500 1576 1585 1630 vel
1616 1591 1682 1629 ex
1729 1576 1843 1628 sola
1886 1590 2009 1627 ver-

439 1673 630 1728 borum
665 1671 880 1726 Eusebii
911 1670 1378 1739 interpretatione,
1413 1667 1785 1737 plenissimam
1814 1664 2012 1720 elﬁcie-

439 1780 583 1828 mus,
615 1767 661 1818 si
703 1778 824 1834 qua!
850 1762 962 1831 jam
1006 1761 1251 1832 praedicti
1291 1768 1545 1814 auctores
1575 1759 1628 1811 in
1663 1757 1898 1812 Eusebio
1927 1756 2012 1811 di-

439 1851 652 1909 vidunt.
681 1858 735 1904 et
774 1851 852 1903 uti
891 1848 1029 1904 duos
1067 1857 1336 1902 tractatus
1373 1854 1715 1917 agnoscunt,
1753 1862 1920 1900 unum
1955 1853 2010 1899 et

441 1938 690 1994 eumdem
723 1954 844 1994 esse
875 1938 1262 1992 existimarint.
1298 1935 1510 1989 Etenim
1535 1934 1802 1990 Eusebius
1831 1947 2010 1987 rerum

444 2030 842 2101 praeteritarum
875 2029 1262 2098 peritissimus,
1293 2027 1347 2080 in
1377 2024 1624 2080 Historia
1659 2025 2015 2079 ecclesiastica

443 2136 625 2176 rerum
660 2122 843 2176 varios
875 2130 1106 2176 eventus
1144 2120 1373 2188 prolixe,
1407 2125 1463 2172 et
1497 2125 1556 2171 ut
1587 2117 1854 2171 historico
1890 2129 2012 2169 mu-

443 2213 562 2268 neri
603 2211 973 2271 incumbebat,
997 2210 1292 2274 enarravit,
1339 2209 1475 2264 nulli
1520 2208 1837 2270 verborum,
1881 2204 2015 2259 nulli

445 2317 674 2370 parcens
697 2301 1093 2358 sententiarum
1120 2307 1430 2353 structurae.
1461 2297 1584 2352 llzec
1607 2297 1790 2351 omnia
1817 2303 1877 2349 ut
1900 2311 2018 2350 me-

447 2392 555 2446 lius
589 2392 803 2455 lectori,
836 2390 1161 2458 l‘aciliusque
1203 2396 1427 2460 possent
1461 2403 1776 2450 occurrere,
1826 2400 2020 2455 super-

447 2481 573 2534 ﬂuis
628 2481 893 2535 detractis
935 2481 1229 2548 minusque
1281 2479 1610 2533 necessariis
1662 2477 2018 2540 detruncatis,

452 2583 738 2643 antequam
761 2573 1053 2627 Historiam
1067 2571 1464 2634 conscriberet,
1493 2571 1658 2625 veluti
1690 2571 1744 2622 in
1779 2569 2023 2637 epitome

452 2669 510 2720 in
553 2681 653 2721 suo
688 2664 944 2720 Chronico
972 2664 1295 2733 digesserat.
1333 2658 1450 2714 Hoc
1497 2661 1642 2714 enim
1695 2661 1858 2713 verba
1904 2657 2022 2725 ipsa

456 2757 674 2812 Eusebii
698 2757 856 2810 nobis
885 2755 1140 2819 innuunt,
1168 2769 1289 2825 quae
1326 2755 1468 2808 male
1498 2754 1856 2821 interpretum
1890 2750 2023 2801 vitio

452 2863 703 2923 excerpta
739 2853 870 2907 viris
910 2850 1301 2907 eruditissimis
1359 2863 1570 2918 magnae
1606 2848 1757 2902 fuere
1803 2844 2026 2900 dilIicul-

455 2947 573 3000 tati.
623 2943 903 2999 Sententia
946 2943 1150 3013 quippe
1196 2941 1416 2995 illorum
1463 2940 1755 2994 verborum
1807 2945 1951 2990 recte
1994 2950 2024 2987 a

455 3035 668 3090 Rullino
709 3047 969 3103 expressa
1001 3048 1064 3086 ea
1093 3038 1218 3088 est:
1254 3029 1508 3096 Quamvis
1529 3028 1649 3097 jam
1693 3026 1756 3079 de
1795 3026 1875 3078 his
1896 3025 2024 3094 ipsis

457 3127 712 3182 nonnulla
735 3126 894 3180 etiam
921 3127 972 3177 in
1005 3121 1281 3178 Chronicis
1317 3120 1392 3189 (id
1425 3128 1524 3182 est,
1551 3120 1604 3170 in
1625 3134 1683 3172 eo
1717 3132 1868 3184 opere
1888 3116 2024 3186 quod

457 3218 521 3271 tle
555 3227 844 3285 temporum
873 3216 1078 3269 ratione
1103 3210 1531 3279 conscripsimus)
1563 3208 1782 3261 breviter
1817 3208 2023 3260 succin-

457 3320 632 3380 cteque
652 3306 1067 3376 perstrinxerim,
1089 3306 1293 3372 plenius
1325 3311 1498 3354 tamen
1530 3303 1582 3353 in
1603 3299 1850 3367 prazsenti
1875 3313 2024 3367 opere

459 3402 784 3472 singulorum
807 3397 1167 3452 narrationem
1189 3397 1390 3463 aperire
1414 3392 1749 3447 tentabimus.
1779 3390 2026 3460 Epitome

461 3494 642 3562 itaque
669 3506 832 3562 quant
855 3490 941 3543 hic
970 3489 1154 3544 laudat
1177 3487 1466 3551 Eusebius,
1502 3501 1610 3539 non
1639 3492 1724 3538 est
1745 3484 1830 3538 sui
1860 3482 2028 3536 Chro-

461 3583 850 3652 niciepitome,
876 3591 935 3632 ut
970 3576 1082 3631 fere
1119 3591 1310 3630 omnes
1351 3573 1561 3644 opinati
1603 3578 1734 3626 sunt
1763 3568 1833 3622 ad
1883 3569 2027 3621 hunc

461 3672 628 3736 diem,
655 3671 751 3728 sed
773 3670 1118 3739 estepitomc
1149 3681 1351 3728 rerum,
1381 3681 1515 3734 quas
1547 3663 1780 3733 plenius,
1815 3669 1870 3716 et
1905 3675 2029 3729 pro-

465 3761 646 3816 lixiori
679 3755 974 3820 Verborum
993 3767 1048 3814 et
1074 3757 1468 3812 sententiarum
1511 3755 1718 3809 ambitu
1753 3756 1807 3806 in
1845 3751 2027 3804 Histo-

459 3853 552 3907 ria
577 3849 754 3906 fuerat
783 3854 1126 3920 prosecutus.
1155 3845 1352 3917 Neque
1396 3843 1619 3899 Suidam
1651 3846 1698 3900 si
1748 3845 2030 3898 minimam

465 3943 758 3999 verborum
785 3941 982 3996 seriem
1017 3940 1278 4004 invertas,
1320 3938 1388 3992 ab
1415 3938 1515 3991 hac
1544 3949 1730 3991 nostra
1761 3937 2031 3990 sententia

469 4033 736 4090 dissidere
778 4035 863 4089 vel
912 4031 1230 4087 discordare
1277 4031 1621 4100 comperies;
1656 4030 1733 4083 ait
1770 4033 1915 4083 enim
1965 4027 2032 4083 de

470 4125 782 4189 Eusebio,el
794 4125 915 4196 ejus
929 4128 1146 4198 scriptis
1165 4145 1178 4182 :
1210 4116 1720 4191 Ἐκκλησιαστικῆ
1727 4143 1757 4190 ς
1771 4123 2034 4192 ἱστορίας

471 4219 619 4288 λόγοι
645 4216 698 4282 ι’,
731 4215 1012 4286 Χρονικῶν
1084 4215 1321 4269 κανόνων
1367 4215 1714 4286 παντοδαπῆς
1771 4215 2031 4286 ἱστορίας,

474 4314 568 4367 καὶ
597 4310 798 4367 τούτων
819 4305 1165 4379 ὲπιτομή.Τυ
1185 4307 1258 4362 ita
1276 4305 1466 4378 legito:
1499 4301 2044 4370 Ἐκκλησιαστικῆς

473 4391 737 4460 ἱστορίας
750 4397 897 4466 λόγοι
929 4397 980 4460 ι’,
1009 4398 1103 4450 καὶ
1134 4397 1337 4452 τούτων
1365 4397 1598 4468 ἐπιτομὴ
1626 4396 1902 4470 Χρονικῶν
1935 4413 2036 4451 καν-

2052 3175 2095 3234 C

2099 575 2292 642 gitant,
2319 587 2547 644 peccare
2579 579 2633 627 et
2666 569 2963 624 foedissime
2993 566 3391 638 deprehensum
3410 571 3529 628 est;
3556 561 3671 615 Ho-

2099 668 2265 720 mines
2298 681 2503 728 sumus,
2549 664 2732 719 aiebat
2777 663 2888 726 ille,
2925 677 3027 716 non
3062 662 3160 714 dii.
3204 658 3340 712 Illud
3375 667 3554 711 tamen
3585 664 3672 711 est

2100 758 2282 824 aliqua
2315 757 2757 811 consideratione
2797 769 2907 808 non
2962 753 3243 822 indignum
3271 763 3287 804 :
3315 764 3443 804 num
3479 749 3672 803 videli-

2099 857 2186 903 cet
2233 849 2498 904 Eusebius
2531 849 2728 917 dignus
2761 862 2858 900 sua
2893 845 3051 899 laude
3073 844 3165 907 sit,
3195 844 3325 897 dum
3365 849 3548 912 spreta
3591 847 3674 895 tot

2102 939 2435 1008 scriptorum
2481 937 2792 993 Judieorum
2839 945 2894 991 et
2941 935 3380 989 Christianorum
3417 935 3484 988 de
3511 939 3675 988 attate

2103 1029 2306 1102 Moysis
2338 1031 2629 1095 sententia,
2653 1031 2718 1082 ad
2744 1043 2881 1082 nova
2914 1027 3158 1099 quaedam
3180 1037 3391 1096 reperta
3416 1023 3670 1080 recurrit.

2105 1123 2248 1178 Sane
2271 1123 2582 1178 veneranda
2616 1121 2939 1190 antiquitas,
2971 1128 3025 1174 et
3055 1119 3360 1189 sapientum
3388 1117 3673 1170 hominum

2105 1215 2388 1270 sententiae
2425 1215 2603 1284 dignae
2655 1220 2802 1275 sunt,
2840 1227 2980 1282 quas
3012 1221 3065 1266 et
3097 1212 3454 1269 admiremur.
3486 1217 3539 1263 et
3577 1209 3676 1262 ho-

2104 1321 2383 1368 noremus,
2403 1314 2457 1359 et
2492 1315 2644 1360 extra
2661 1319 2756 1358 eas
2775 1303 2957 1373 vagari
2984 1303 3146 1357 nimis
3176 1303 3540 1372 periculosum
3569 1305 3676 1354 est.

2105 1399 2287 1465 Quare
2315 1397 2581 1468 Georgius
2613 1397 2904 1467 Syncellus
2932 1396 3130 1449 mirum
3164 1395 3216 1448 in
3250 1395 3469 1447 tnodttm
3509 1391 3676 1446 Euse—

2107 1492 2178 1546 bii
2209 1490 2500 1544 consilium
2519 1490 2759 1560 exagitat
2791 1489 2877 1543 his
2902 1489 3084 1542 verbis
3121 1506 3134 1542 :
3164 1487 3287 1540 ὀτι
3318 1485 3416 1556 μὲν
3453 1481 3544 1538 οὖν
3572 1485 3674 1538 αύ-

2107 1584 2200 1646 τὺς
2247 1581 2423 1652 ἑαυτῷ
2471 1583 2570 1652 τὴν
2623 1577 2853 1634 ἀτοπίαν
2898 1578 2991 1632 τοῦ
3044 1578 3202 1646 λόγου
3256 1577 3680 1650 μεμαρτύρηκεν

2109 1673 2390 1736 Εὐσέϐιος,
2409 1674 2570 1742 ἀρκεῖ
2599 1671 2734 1740 πρὸς
2759 1671 3083 1741 κατανόησιν
3113 1673 3225 1732 τοῖς
3254 1687 3313 1737 γε
3333 1669 3514 1732 ποσῶς
3547 1687 3678 1738 μετ-

2110 1763 2368 1835 εσχηκόσι
2427 1761 2782 1825 παιδεύσεως,
2826 1762 2990 1833 ἄλλης
3043 1778 3104 1814 τε
3148 1760 3242 1814 καὶ
3293 1762 3392 1832 τῆς
3436 1762 3495 1814 ὲν
3538 1762 3683 1814 ἱστοι

2113 1855 2255 1927 ριαις
2283 1855 2538 1917 παλαιαῖς
2587 1854 3041 1924 όμολογουμένης.
3083 1854 3178 1906 Ἓν
3218 1851 3326 1922 γὰρ
3363 1851 3512 1922 αὐτῷ
3544 1851 3682 1923 πρός

2113 1945 2420 2014 ἀνατροπὴν
2473 1942 2581 1996 τῶν
2636 1941 3136 2013 συγγεγραμμένων
3183 1941 3342 2010 ἤρκει
3385 1938 3563 1998 τοῦτο,
3589 1939 3683 1991 καὶ

2117 2037 2274 2106 μόνον
2290 2034 2349 2089 τὸ
2375 2037 2495 2098 ταῖς
2517 2034 2803 2094 τοσαύταις
2822 2031 3154 2104 τηλικούτων
3182 2031 3360 2097 δόξαις
3374 2029 3583 2102 ἀνδρῶν
3604 2047 3686 2097 ιριι

2113 2127 2356 2196 λοσόφων
2409 2128 2738 2190 ἀντιπεσεῖν,
2791 2125 3106 2196 ἀμάρτυρόν
3134 2141 3194 2176 τε
3226 2124 3326 2193 τὴν
3368 2122 3498 2192 παρ’
3519 2122 3682 2175 αὐτοῦ

2116 2219 2567 2290 παρεισαγαγεῖν.
2603 2217 2683 2270 Τὰ
2713 2215 2822 2286 γὰρ
2855 2219 2974 2278 ταῖς
3001 2214 3109 2268 τῶν
3139 2213 3370 2276 πολλῶν,
3405 2213 3604 2284 μᾶλλον
3627 2212 3686 2266 δὲ

2114 2311 2225 2364 τῶν
2252 2311 2465 2364 πάντων
2481 2309 2659 2374 δόξαις
2680 2307 3107 2378 ἀντεισαγόμενα
3129 2306 3282 2377 μόλις
3299 2305 3383 2371 ἂν,
3418 2305 3512 2357 καὶ
3551 2303 3688 2374 μετὰ

2118 2400 2320 2469 πολλῆς
2346 2399 2724 2470 προσδεχθεῑεν
2752 2397 2818 2451 ἂν
2851 2395 3176 2459 ἀποδείξεως
3206 2395 3356 2466 παρὰ
3384 2397 3496 2457 τοῖς
3525 2389 3584 2448 εὖ
3613 2397 3689 2447 ei—

2117 2487 2232 2542 δόσι
2263 2487 2435 2541 ταῦτα
2467 2487 2692 2558 κρίνειν.
2717 2483 2990 2554 Josephus
3023 2483 3265 2553 Scaliger
3293 2482 3590 2536 Eusebium
3619 2483 3689 2534 ab

2122 2581 2224 2636 hac
2276 2578 2494 2650 Georgii
2543 2579 2982 2647 expostulatione
3036 2577 3295 2631 vindicat.
3359 2574 3505 2627 Nam
3551 2573 3690 2642 quod

2123 2675 2354 2727 omnium
2383 2687 2635 2725 consensu
2672 2679 2930 2737 receptum
2944 2678 3043 2732 est,
3070 2678 3119 2722 et
3150 2679 3377 2734 tempore
3399 2667 3576 2736 ﬁdem,
3604 2673 3692 2718 at-

2121 2782 2221 2837 que
2252 2765 2622 2818 auctoritatem
2655 2763 2866 2827 meruit,
2909 2778 3013 2814 non
3045 2761 3280 2830 sequitur
3300 2759 3596 2814 necessario
3611 2773 3694 2812 re-

2124 2873 2242 2910 rum
2294 2872 2424 2910 esse.
2487 2854 2635 2908 Bona
2691 2855 2853 2916 ratio,
2907 2854 3095 2908 nescio
3128 2868 3197 2906 an
3245 2867 3273 2905 a
3308 2862 3460 2906 recta
3489 2858 3692 2906 mente.

2126 2949 2335 3004 Nollem
2369 2948 2706 3018 Scaligerum
2740 2947 2845 3002 hoc
2893 2948 3115 3001 nomine
3154 2956 3402 3000 veterum
3468 2942 3696 2997 Patrum

2127 3027 2515 3108 catholicaaque
2565 3037 2820 3092 Ecclesia:
2848 3051 2878 3090 a
2908 3035 3289 3091 suo.exordio
3344 3034 3696 3089 continuata:

2130 3134 2434 3188 sententias
2473 3133 2910 3199 auctoritateque
2942 3130 3152 3181 lirmata
3183 3127 3438 3196 dogmata
3499 3124 3698 3193 rejice-

2128 3240 2187 3279 re
2209 3264 2224 3290 ,
2273 3223 2602 3278 intrudendo
2634 3235 2772 3274 nova
2800 3239 2813 3276 :
2847 3221 2974 3290 quia
3003 3236 3106 3272 non
3138 3219 3374 3286 sequitur
3400 3216 3697 3270 necessaria

2129 3333 2251 3370 vero
2275 3331 2408 3370 esse.
2433 3314 2799 3369 Novatoribus
2816 3312 2960 3367 lavet
2981 3312 3100 3382 ipse
3119 3319 3369 3365 novator.
3392 3305 3699 3362 Sciatnova

2131 3409 2316 3465 omnia
2350 3419 2604 3478 suspecta
2641 3422 2782 3461 esse.

2203 3503 2366 3565 lbid.,
2402 3502 2496 3554 lin.
2525 3503 2576 3555 9.
2607 3497 2896 3567 Χρονικοῦ
2925 3498 3203 3561 κανόνος.
3233 3491 3581 3554 Ex‘Eusebio,
3610 3489 3701 3544 Ἕν

2131 3593 2188 3647 δὲ
2213 3593 2292 3664 τῷ
2322 3593 2547 3662 παρόντι
2580 3589 2672 3644 ἐπὶ
2695 3589 2756 3643 τὺ
2781 3585 2913 3643 αὐτὸ
2947 3589 3072 3651 τοὺς
3099 3587 3324 3658 χρόνους
3355 3583 3700 3654 συναγαγὼν,

2131 3685 2524 3756 ἀντιπαραθεὶς
2551 3684 2615 3736 ἐκ
2645 3681 2988 3754 παραλλήλου
3025 3679 3114 3732 τὸν
3143 3678 3270 3749 παρ’
3285 3677 3501 3747 ἑκάστῳ
3561 3675 3702 3728 ἔθνει

2131 3777 2242 3830 τῶν
2267 3776 2402 3829 ἑτῶν
2433 3775 2683 3846 ἀριθμὸν,
2714 3772 2964 3845 χρονικοῦ
2992 3771 3214 3832 κανόνος
3238 3767 3490 3832 σύνταξιν
3517 3769 3705 3838 ὲποιτλ⁸

2139 3867 2338 3937 σάμην.
2361 3865 2512 3937 Optts
2536 3866 2636 3918 hoc
2675 3863 2894 3917 Eusebii
2921 3861 3088 3914 variis
3123 3859 3313 3922 titulis,
3343 3873 3440 3913 seu
3471 3856 3707 3910 nomini-

2135 3955 2240 4010 bus
2295 3956 2615 4025 insignitur;
2664 3952 2993 4022 quibusdam
3029 3950 3173 4003 cnim
3203 3948 3406 4002 dicitur
3438 3944 3704 4000 Chronica

2138 4047 2194 4100 in
2229 4047 2492 4118 singulari
2538 4045 2820 4106 feminino,
2855 4042 2977 4096 aliis
3000 4037 3296 4101 Chronicaa,
3325 4039 3446 4092 aliis
3475 4036 3706 4090 Chroni-

2137 4155 2276 4199 cum,
2307 4140 2430 4192 aliis
2465 4136 2735 4199 Chronici,
2769 4135 2892 4189 aliis
2923 4133 3209 4193 Chronica,
3244 4130 3367 4184 aliis
3403 4127 3699 4182 Chronico-

2137 4246 2257 4283 rnnt
2289 4229 2432 4291 libri,
2465 4229 2588 4283 aliis
2619 4227 2846 4282 historia
2888 4223 3171 4284 Chronica,
3215 4221 3458 4275 Historia
3503 4228 3704 4284 tempo-

2139 4338 2276 4387 rum,
2311 4320 2555 4374 Historia
2587 4318 2990 4382 Chronicorum,
3027 4317 3282 4376 Annales,
3313 4313 3470 4366 Liber
3506 4321 3706 4378 tempo4

2139 4429 2280 4478 rum,
2349 4412 2730 4468 Clironicorum
2789 4409 3065 4465 Cananum
3113 4407 3391 4476 multiplex
3447 4404 3707 4466 historia,

473 4487 639 4540 νόνων
682 4487 1029 4556 παντοδαπῆς
1070 4487 1353 4558 ἱστορίαςε
1391 4503 1588 4556 nempe
1634 4487 2023 4542 Ecclesiastica

2141 4504 2438 4560 Chronicon
2488 4501 2802 4556 omnimodis
2855 4501 3112 4555 historiw.
3169 4497 3370 4553 Verum
3412 4505 3473 4550 ut
3502 4497 3710 4551 clarius

477 4576 718 4631 historia:
742 4575 864 4628 libri
890 4576 1083 4636 decem,
1101 4589 1150 4629 et
1175 4577 1358 4630 horum
1385 4576 1628 4646 Epitome
1659 4577 2037 4633 Chronicorum

477 4683 738 4722 canonum
769 4667 1083 4720 omnimodis
1112 4667 1369 4731 historice,
1396 4673 1552 4737 quasi
1603 4668 1831 4733 diceret,
1863 4669 2040 4724 Cano—

479 4776 578 4815 nes
609 4757 937 4812 omnimoda:
965 4756 1212 4812 historia:
1249 4758 1514 4812 librorum
1559 4755 2040 4822 decem,llistoriie

481 4849 853 4903 ecclesiastica
928 4856 1060 4904 sunt
1131 4851 1386 4920 epitome.
1450 4849 1792 4920 Conscripsit
1853 4852 2040 4921 itaque

477 4939 771 4994 Chronicon
823 4937 1092 4994 Eusebius
1141 4941 1288 5009 quod
1333 4951 1417 4996 est
1445 4941 1609 4996 veluti
1655 4944 2037 5011 conipendium

478 5045 660 5084 rerqu
697 5043 728 5083 a
758 5045 817 5086 se
851 5031 1181 5101 scriptarum
1213 5033 1269 5085 in
1305 5031 1545 5086 Historia
1577 5035 1956 5098 ecclesiastica,
1987 5045 2041 5090 et

477 5138 585 5176 non
615 5121 945 5186 Chronicon,
974 5131 1028 5178 et
1066 5123 1460 5194 Compendium
1488 5127 1766 5194 chronici,
1797 5137 1856 5183 ut
1884 5130 2040 5184 multi

479 5223 679 5269 temere
710 5216 919 5286 Opinati
953 5223 1104 5270 sunt.

549 5305 667 5361 Col.
705 5306 828 5371 708,
867 5308 962 5362 lin.
989 5308 1039 5362 7.
1085 5309 1214 5374 Τοῖς
1231 5312 1471 5380 χρόνοις
1512 5313 1743 5382 Ἰνάχου
1766 5316 1874 5370 τὸν
1900 5315 2038 5384 μέν.

477 5388 768 5447 Eusebium
795 5394 849 5448 in
873 5411 974 5449 suo
997 5395 1257 5452 Chronico
1291 5401 1344 5453 in
1375 5402 1562 5457 multis
1591 5420 1714 5458 esse
1745 5405 2044 5459 hallucina-

477 5491 591 5536 tum
623 5486 825 5554 reperit
852 5485 1126 5557 Jost'phus
1160 5488 1427 5562 Scaliger,
1476 5503 1532 5549 et
1564 5497 1677 5558 alii,
1713 5506 1765 5551 et
1799 5507 1925 5553 ante
1950 5516 2044 5556 eos

477 5573 742 5648 Georgius
779 5578 1089 5648 Synccllus.
1146 5582 1257 5638 Nec
1294 5587 1492 5643 mirum
1545 5597 1630 5642 est
1677 5590 1952 5645 hominem
1990 5594 2045 5647 in

480 5674 628 5720 tanta
663 5685 846 5724 rerum
872 5673 1234 5736 obscuritate.
1268 5693 1331 5731 ac
1362 5679 1706 5749 ignoratione
1752 5685 2046 5753 aliquando

480 5756 692 5823 lapsum
723 5763 913 5824 fuisse.
946 5767 1157 5824 Habent
1191 5779 1244 5827 et
1271 5773 1464 5845 reliqui
1504 5791 1697 5834 omnes
1747 5775 2045 5850 scriptores

2139 4596 2323 4650 omnia
2380 4594 2495 4648 haec
2543 4596 2913 4656 innotescant,
2970 4608 3038 4646 ne
3077 4593 3246 4645 variis
3277 4590 3454 4644 titulis
3475 4604 3566 4644 res
3599 4604 3711 4642 una

2137 4688 2440 4756 eademque
2460 4687 2804 4751 obscuretur,
2829 4700 3005 4754 opera:
3029 4685 3262 4755 pretium
3289 4685 3394 4738 erit
3409 4681 3708 4751 explicare.

2139 4779 2393 4848 quisnam
2451 4777 2616 4833 fuerit
2644 4777 2733 4831 hic
2775 4776 2996 4831 Eusebii
3047 4782 3336 4836 tractatus,
3378 4784 3432 4828 et
3481 4774 3536 4828 in
3586 4786 3713 4842 qua

2141 4871 2383 4926 membra
2407 4870 2636 4935 divisus,
2666 4877 2721 4924 et
2754 4871 2879 4939 quis
2911 4869 3218 4940 praecipuus
3249 4869 3572 4942 primusque
3589 4864 3711 4933 ejus

2141 4976 2362 5031 scopus.
2430 4959 2608 5013 Unum
2688 4959 2874 5028 itaque
2931 4959 3230 5028 perfectura
3288 4957 3713 5023 absolutumque

2140 5054 2244 5107 fuit
2273 5052 2490 5107 Eusebii
2522 5049 2836 5106 Chronicon.
2857 5049 3029 5116 Quod,
3060 5058 3120 5102 ut
3152 5049 3502 5103 Marcellinus
3527 5061 3713 5100 comes

2141 5147 2197 5199 in
2235 5144 2550 5215 pricfatione
2576 5130 2661 5199 sui
2691 5142 2939 5197 Chronici
2975 5143 3194 5204 asserit,
3232 5158 3264 5193 a
3298 5140 3482 5194 mundi
3507 5139 3713 5208 fabrica

2143 5253 2304 5306 usque
2357 5235 2424 5288 ad
2483 5233 2887 5288 Constantinum
2943 5233 3230 5302 principem
3291 5229 3552 5284 Eusebius
3596 5228 3716 5284 Cte-

2143 5330 2395 5384 sarieusis
2417 5329 2574 5396 hujus
2601 5327 2784 5382 sicculi
2807 5326 3084 5394 originem,
3117 5335 3370 5392 tempora,
3406 5339 3596 5385 annos,
3632 5337 3715 5374 re-

2145 5437 2268 5490 gna,
2301 5414 2613 5496 virtutesque
2644 5419 2969 5480 mortaliunt,
3006 5426 3054 5470 et
3084 5417 3355 5470 variarum
3400 5415 3599 5468 artium
3631 5429 3718 5466 re-

2145 5521 2400 5578 pertores,
2428 5511 2758 5579 omniumque
2785 5525 2910 5579 pene
2949 5509 3338 5576 provinciarum
3379 5515 3716 5560 monumenta

2118 5599 2330 5669 56rch
2355 5599 2514 5652 edidit
2544 5603 2703 5670 slylo,
2741 5611 3017 5670 nosterque
3050 5599 3405 5669 Hieronymus
3440 5598 3717 5652 transtulit

2148 5692 2198 5743 in
2225 5689 2495 5749 Latinum,
2523 5702 2571 5744 et
2605 5708 2764 5761 usque
2789 5693 2844 5745 in
2881 5693 3149 5746 Valentem
3179 5692 3444 5747 Cursarem
3478 5690 3723 5744 Romana

2151 5779 2340 5849 adjecit
2396 5778 2624 5847 eloquio.
2679 5782 2854 5851 Igitur
2897 5791 3112 5853 uterque
3150 5782 3306 5852 hujus
3334 5783 3503 5851 aperis
3532 5790 3720 5835 auctor
