4112 6424
348 462 355 467 κ
375 407 483 465 809

1397 397 1464 454 1N
1503 392 1876 453 EUSTATHII
1910 386 2381 448 HEXAEMERON
2419 385 2645 443 ΝΟΤιΕ.

3490 379 3597 440 810

374 534 725 579 mnuum
760 532 1018 573 annorum
1057 515 1196 570 hunc
1226 512 1481 569 mundum
1505 523 1629 568 tunc
1658 514 1772 582 {ore
1796 512 1933 565 miro
1962 519 2009 576 Α
2033 517 2089 564 et
2110 506 2188 562 rei
2215 502 2656 561 demonstranda
2682 501 3026 572 propositum
3051 501 3232 571 potius
3261 499 3315 554 id
3340 514 3607 570 exposce-

375 613 693 683 eomputarit
738 611 963 682 ingenio.
1022 608 1196 678 Hujus
1269 607 1586 663 excellentis
1644 614 1700 661 et
1765 605 1931 660 unius

375 706 559 778 operis
599 711 784 776 partes
820 704 957 759 duas
984 710 1173 758 auctor
1211 700 1376 757 fecit:
1415 700 1649 771 priorem
1695 698 1938 761 Κανόνας

374 791 727 862 παντοδαπῆς
772 790 1009 865 ἱστορίας
1033 806 1049 822 ο
1099 790 1474 860 posteriorem,
1504 787 1716 842 Κανόνα
1755 805 1938 860 χρονι-

376 881 472 936 κόν
501 880 801 952 inscripsit.
817 878 876 934 in
905 882 1140 951 priorem
1168 882 1411 934 omnium
1443 880 1705 950 gentium,
1742 894 1941 951 regno-

376 988 522 1036 rum,
558 972 860 1036 civitatum,
908 972 1201 1036 cunabula,
1264 970 1523 1041 origines,
1584 971 1939 1041 antiquitates

378 1064 685 1122 contulerat
711 1081 728 1121 ε
753 1063 809 1118 in
834 1061 1129 1118 secundam
1147 1062 1325 1118 solum
1349 1064 1543 1117 seriem
1561 1076 1937 1129 numerorum,

379 1170 477 1213 seu
498 1169 767 1209 annorum
800 1149 1212 1223 imperatorum,
1239 1158 1293 1206 et
1318 1151 1579 1206 nonnulla
1606 1150 1731 1205 alia.
1755 1136 1941 1205 Prima

380 1262 511 1320 pars
554 1230 821 1323 prelixior
878 1260 947 1301 ex
992 1243 1160 1298 variis
1223 1242 1540 1297 auctoribus
1594 1241 1938 1308 concinnata,

379 1337 541 1410 quasi
587 1335 805 1400 dill'usa,
850 1343 906 1390 et
946 1348 1084 1405 pene
1141 1333 1448 1388 communis
1484 1331 1551 1385 ad
1589 1346 1944 1401 quascunque

379 1430 518 1484 alias
546 1428 787 1483 rationes
817 1433 1124 1496 temporum
1150 1424 1308 1479 nobis
1340 1423 1690 1494 proponitur.
1733 1422 1944 1478 Secun-

381 1522 454 1577 da
483 1520 728 1578 strictior
752 1526 806 1575 et
833 1518 1076 1589 pressior
1119 1518 1221 1572 soli
1250 1515 1701 1572 demonstrationi
1731 1513 1938 1579 dedita,

382 1627 559 1668 annos
595 1625 909 1680 eorumque.
946 1609 1146 1665 seriem
1196 1624 1291 1679 per
1338 1608 1537 1678 strigas
1589 1615 1646 1662 et
1703 1606 1946 1676 virgulas

381 1700 729 1769 manifestat;
761 1701 932 1757 multa
972 1715 1094 1771 qua:
1146 1700 1203 1754 in
1242 1699 1413 1769 priori
1466 1706 1619 1770 parte
1674 1698 1939 1765 confusa,

382 1796 444 1852 in
519 1793 760 1851 secunda
822 1791 1080 1849 distincta
1158 1796 1460 1845 cernuntur
1515 1809 1530 1844 :
1604 1790 1659 1844 in
1731 1781 1949 1844 Conone

2036 600 2169 655 bant
2199 604 2259 652 ut
2281 597 2350 651 ab
2393 596 2587 660 Adam,
2615 593 2701 649 vel
2733 592 2781 648 si
2834 608 2864 647 a
2909 593 3130 663 regibus
3169 608 3201 647 a
3252 591 3402 657 Belo,
3437 591 3519 646 vel
3567 602 3608 647 ι

2040 692 2298 755 Saturno,
2325 690 2411 745 Vel
2436 688 2560 743 aliis
2582 684 2990 757 antiquioribus
3028 684 3243 739 initium
3273 684 3488 741 dicendi
3524 682 3608 740 fa-

2037 794 2206 843 ceret.
2252 783 2375 857 lpse
2416 796 2548 839 vero
2609 795 2641 835 a
2673 779 2814 834 Nino
2843 794 2941 836 seu
2995 778 3271 833 Abraham
3302 778 3607 836 exorditur.

2038 876 2309 933 Caeterum
2340 862 2598 938 Eusebio,
2632 872 2885 943 aliisque,
2929 869 3022 942 qui
3050 885 3150 940 pro
3181 870 3524 939 antiquitate,
3552 876 3608 924 et

2039 970 2283 1025 veritatis
2313 956 2581 1039 religione
2613 972 2740 1021 cum
2766 964 3019 1035 gentibus
3047 961 3355 1026 certabant,
3383 976 3608 1017 necesse

2040 1070 2189 1129 erat,
2219 1069 2281 1116 ut
2311 1064 2379 1116 ex
2432 1059 2597 1115 rebus
2626 1057 2767 1128 apud
2810 1057 2933 1111 illos
2963 1055 3130 1118 notis,
3193 1053 3438 1123 nullique
3471 1067 3607 1107 con-

2041 1153 2303 1210 troversis
2324 1152 2525 1223 scripta
2540 1157 2945 1220 componerent.
2966 1146 3208 1202 Etlmicis
3233 1154 3412 1199 autem
3432 1144 3610 1200 histo-

2042 1246 2373 1317 riographis,
2424 1253 2537 1299 tam
2589 1243 2793 1299 Graecis
2845 1255 3009 1311 quam
3070 1238 3280 1293 Latinis
3322 1250 3613 1292 commune

2046 1338 2168 1402 fuit,
2200 1344 2260 1393 ut
2287 1344 2520 1392 testatur
2548 1334 2754 1391 Paulus
2788 1332 3038 1397 Orosius,
3069 1340 3131 1386 ut
3170 1331 3396 1386 annales
3423 1343 3554 1384 suos
3578 1343 3611 1382 a

2043 1414 2185 1485 Nino
2208 1429 2532 1500 inciperent.
2556 1442 2680 1482 cum
2704 1425 2889 1481 omnia
2921 1432 3046 1478 ante
3064 1437 3190 1478 eum
3222 1421 3439 1491 penitus
3461 1420 3617 1490 igno-

2047 1528 2251 1582 rarent,
2280 1535 2381 1574 nec
2412 1517 2666 1589 gentilem
2708 1517 2876 1571 ullam
2911 1516 3175 1570 haberent
3207 1511 3510 1567 historiam.
3547 1510 3616 1565 Et

2048 1611 2167 1681 ipse
2199 1609 2467 1665 Eusebius
2500 1609 2556 1664 in
2595 1605 2912 1678 praefatione
2944 1623 2959 1659 :
2994 1603 3082 1656 Ἐν
3108 1596 3190 1664 οἷς
3238 1600 3388 1653 οὐδὲν
3423 1600 3613 1670 ἐπίση-

2053 1722 2150 1776 μον
2181 1701 2402 1772 γεγονὸς
2437 1702 2729 1774 ἱστορεῖται
2770 1699 2899 1770 παρ’
2921 1696 3197 1768 Ἕλλησιν.
3221 1694 3360 1748 Hinc
3399 1693 3619 1748 Tertul-

2051 1794 2230 1848 lianus
2280 1793 2374 1848 lib.
2429 1792 2507 1846 De
2546 1789 2766 1861 pallio:
2820 1789 2974 1858 Piget
3024 1786 3203 1841 tristia
3254 1801 3357 1839 non
3416 1782 3615 1846 minus,

381 1886 531 1943 enim
596 1885 840 1941 chronica
916 1881 1302 1939 consideratur
1364 1892 1420 1937 et
1486 1874 1659 1937 series
1722 1888 1778 1936 et
1852 1896 1936 1935 re-
1976 1883 2019 1937 Β
2046 1901 2205 1956 quam
2240 1902 2516 1954 regnorum
2558 1885 2690 1938 uices
2728 1897 3010 1936 recensere.
3049 1879 3265 1947 Quoties
3291 1886 3341 1932 et
3370 1878 3476 1931 ista
3504 1890 3622 1928 mu-

380 1986 507 2034 ctus
564 1978 702 2033 ordo
772 1991 1123 2032 numerorum
1205 1990 1302 2030 seu
1366 1976 1677 2038 annorum,
1736 1988 1949 2028 necnon

381 2069 704 2126 eorumdem’
734 2068 1005 2139 oppositio
1036 2068 1378 2123 diversorum
1424 2054 1698 2121 ordinum.
1750 2065 1946 2119 Arual-

382 2161 488 2217 dus
521 2158 797 2216 Pontacus
844 2167 997 2230 putat
1038 2147 1291 2214 Canones
1349 2157 1640 2212 cbronicos
1672 2156 1751 2210 nil
1798 2155 1945 2209 aliud

382 2267 529 2315 esse,
558 2265 720 2321 quam
750 2248 963 2305 tabulas
987 2250 1221 2320 aliquas,
1260 2248 1315 2303 id
1344 2242 1449 2311 est,
1510 2248 1728 2301 diversa
1771 2246 1948 2315 spatia

383 2342 633 2396 dimensa
666 2340 827 2396 lineis
855 2353 919 2394 ac
941 2340 1241 2402 latereulis,
1292 2353 1412 2408 quae
1436 2337 1723 2392 continent
1757 2350 1949 2390 nume-

384 2444 480 2487 ros
507 2422 612 2485 sibi
649 2420 928 2501 oppositos
961 2440 1028 2485 ex
1075 2428 1326 2494 adverso,
1387 2428 1588 2497 quibus
1637 2420 1950 2480 indicantur

382 2530 634 2592 tempora
664 2536 760 2576 seu
786 2520 914 2574 anni
951 2509 1293 2574 diversorum
1326 2518 1515 2588 regum
1550 2516 1779 2570 invicem
1817 2528 1950 2569 con-

383 2620 692 2676 currentes,
722 2626 817 2666 seu
859 2609 1277 2672 concordantes,
1330 2615 1384 2660 et
1409 2623 1476 2660 ex
1521 2621 1751 2676 quorum
1782 2605 1951 2659 'colla-

384 2705 557 2767 tione,
582 2718 678 2759 seu
704 2700 1127 2771 computatione,
1149 2696 1422 2770 colligitur
1441 2698 1722 2762 canonica,
1743 2698 1839 2752 seu
1863 2710 1952 2750 re-

385 2798 595 2869 gularis
621 2802 676 2850 et
703 2786 853 2849 certa
879 2789 1184 2863 temporum
1222 2790 1555 2861 supputatio,
1587 2797 1642 2844 et
1677 2788 1948 2844 collectio.

386 2882 623 2957 Ideoque
650 2886 802 2953 unio,
846 2901 941 2941 seu
972 2882 1266 2941 concordia
1314 2890 1548 2952 quatuor
1593 2881 1955 2952 evangelista-

389 2994 537 3042 rum,
573 2992 695 3049 qua:
730 2978 798 3031 ab
832 2972 1067 3031 Eusebio
1105 2970 1457 3035 describitur,
1509 2987 1605 3042 per
1640 2966 1952 3041 huiusmodi

388 3069 569 3126 lineas
617 3079 797 3125 rectas
845 3077 900 3123 et
946 3066 1315 3130 transversas,
1364 3066 1488 3136 qua?
1516 3064 1955 3134 complectuntur

377 3170 574 3222 .ccrtos
616 3169 671 3216 et
702 3162 947 3216 diversus
978 3160 1238 3212 numeros
1257 3156 1493 3210 invicem
1518 3152 1623 3208 sibi
1645 3156 1948 3225 oppositos,

2052 1979 2293 2042 taverint,
2316 1976 2425 2041 iam
2453 1975 2574 2029 inde
2625 1992 2658 2028 a
2701 1972 2845 2027 Nino
2882 1972 2995 2026 Beli
3040 1969 3319 2041 progenie!
3367 1971 3415 2022 si
3441 1976 3621 2022 tamen

2051 2067 2226 2123 Ninus
2251 2051 2485 2139 regnavit
2513 2067 2737 2137 primus,
2777 2074 2833 2117 ut
2864 2068 3107 2117 autumat
3139 2062 3465 2130 superiorum
3491 2075 3622 2129 pro-

2052 2161 2270 2229 fanitas,
2311 2161 2570 2228 fermeque
2609 2156 2750 2227 apud
2795 2172 2882 2211 vos
2931 2155 3079 2208 ultra
3130 2154 3300 2224 stylus
3359 2168 3463 2205 non
3496 2166 3622 2221 pro-

2049 2251 2301 2321 greditur.
2328 2250 2394 2305 Et
2415 2251 2670 2306 Albertus
2701 2251 2871 2306 abbas
2898 2247 3181 2303 Stadensis
3216 2246 3271 2299 in
3306 2243 3566 2299 Chronico
3596 2257 3620 2296 :

2051 2340 2091 2392 A
2120 2342 2291 2408 primo
2330 2350 2545 2409 parente
2595 2340 2865 2393 hominum
2909 2354 3071 2409 usque
3099 2336 3168 2389 ad
3213 2334 3416 2389 Ninum
3445 2333 3619 2388 nullos

2052 2430 2198 2486 actus
2235 2449 2411 2485 rerum
2433 2431 2764 2486 mundalium
2792 2428 3203 2501 historiograplti
3224 2428 3445 2498 posteris
3473 2436 3620 2479 attu-

2056 2510 2247 2579 lerunt.
2280 2507 2505 2596 ideoque
2537 2524 2600 2578 ab
2640 2525 2755 2592 ipso
2797 2534 3085 2592 ceperunt,
3114 2522 3240 2593 quia
3277 2522 3386 2592 ipse
3417 2520 3620 2588 primus

2053 2616 2227 2671 aliena
2260 2616 2509 2670 invadens
2542 2616 2756 2670 minime
2782 2616 2894 2670 suis
2924 2615 3158 2669 terminis
3191 2622 3305 2668 erat
3325 2620 3619 2666 contentus.

2054 2707 2168 2762 llac
2192 2709 2377 2779 itaque
2420 2708 2631 2763 ratione
2665 2707 2819 2762 ducti
2865 2722 3077 2770 omnes.
3110 2715 3162 2761 et
3198 2705 3313 2774 ipse
3349 2701 3621 2760 Eusebius

2054 2812 2086 2851 a
2120 2797 2258 2852 Nino
2288 2797 2523 2854 orditur.
2554 2796 2692 2852 Vide
2747 2796 3048 2864 Justinum,
3117 2790 3437 2860 Diodorum,
3483 2793 3624 2850 Oro-

2055 2891 2218 2951 sium,
2238 2890 2629 2963 Cassiodorum
2656 2899 2709 2944 et
2735 2889 2893 2945 alios.

2126 2966 2244 3040 Col.
2279 2982 2401 3045 τοι,
2433 2982 2530 3036 lin.
2559 2982 2646 3036 tt.
2692 2978 3003 3051 Συνήγαγε
3029 2976 3098 3032 δὲ
3127 2979 3403 3049 χρόνους.
3444 2973 3627 3032 Verba

2056 3082 2186 3131 sunt
2219 3073 2438 3129 Eusebii
2475 3073 2533 3127 in
2573 3072 2841 3143 prooemio
2886 3072 2973 3127 sui
3002 3062 3251 3126 Chronici
3287 3060 3628 3135 canonis,ct

2059 3180 2089 3220 a
2120 3158 2279 3220 nobis
2330 3166 2583 3235 superius
2621 3164 2870 3219 recitata.
2930 3163 3008 3217 Ex
3056 3163 3255 3233 quibus
3301 3163 3484 3234 regnis
3517 3161 3626 3219 duo

390 3254 594 3326 quibus
653 3250 964 3306 indicantur
1017 3242 1234 3333 diversa
1284 3245 1463 3316 capita
1515 3244 1572 3299 in
1610 3214 1808 3315 qu'itius
1843 3214 1951 3314 ipsi
1978 3214 2025 3276 ε
2055 3214 3626 3319 2.233;“;sane;eamne;uesicis:

389 3341 738 3414 evangelista:
763 3340 1118 3402 conveniunt,
1166 3330 1404 3393 Conone;
1437 3334 1719 3408 evangelici
1758 3334 1952 3390 dicun-

389 3444 503 3491 tur.
535 3435 642 3490 Sed
667 3432 799 3505 quid
824 3432 1005 3488 verbis
1031 3445 1191 3501 opus,
1207 3444 1331 3485 cum
1358 3427 1447 3483 hic
1472 3428 1586 3499 ipse
1614 3426 1953 3492 Eustathius,

391 3528 647 3596 quisnam
692 3524 855 3579 fuerit
887 3520 1178 3586 Chronica:
1205 3522 1375 3574 canoh
1405 3515 1625 3575 Eusebii
1653 3514 1957 3574 clarissime

391 3617 667 3689 explicet?
693 3614 958 3688 Χρονικοῦ
991 3614 1100 3688 γὰρ
1133 3607 1356 3678 κανόνος
1384 3604 1635 3677 σῦνταξιν
1667 3612 1956 3682 ἐπινοήσας

394 3712 462 3764 ἐκ
488 3708 829 3781 παραλλήλου
857 3706 1258 3779 ἀντιπαρέθηκε
1288 3700 1379 3760 τὸν
1408 3705 1535 3776 παρ’
1566 3704 1780 3774 ἑκάστῳ
1816 3702 1958 3756 ἔθνει

389 3798 801 3854 δυναστεύοντα.
833 3798 1086 3856 Omnium
1121 3797 1325 3868 optime
1348 3797 1402 3851 id
1423 3797 1664 3851 declarat
1689 3794 1958 3851 Eusebius

392 3888 451 3945 in
479 3889 744 3961 prooemio
767 3888 1020 3944 secundae
1040 3888 1233 3957 partis,
1265 3888 1318 3940 in
1348 3898 1457 3956 quo
1479 3884 1608 3956 quid
1635 3885 1807 3955 prima
1832 3898 1960 3954 pars

403 3998 434 4036 a
477 3980 717 4036 secunda
747 3979 961 4034 differat
984 3978 1135 4032 hisce
1155 3978 1377 4046 exponit
1409 3964 1578 4044 εἘγὼ
1603 3972 1659 4029 δὲ
1680 3974 1809 4047 περὶ
1828 3971 1930 4027 πολ
1942 4006 1960 4015 --

394 4070 489 4125 λοῦ
509 4066 600 4125 τδν
626 4070 796 4142 ἀληθῆ
830 4070 985 4138 λόγον
1013 4069 1339 4141 τιμώμενος,
1383 4064 1477 4122 καὶ
1506 4066 1565 4122 τὸ
1599 4068 1823 4140 ἀκριϐὲς
1848 4068 1962 4122 ἀνι-

396 4163 617 4236 χνεῦσαι
649 4159 738 4218 διὰ
758 4162 992 4235 σπουδῆς
1018 4162 1353 4237 προύθέμην.
1382 4164 1573 4218 Ἔνθεν
1595 4158 1878 4237 ὁρμηθεὶς,
1904 4166 1962 4218 ἐν

400 4254 500 4326 μὲν
533 4257 600 4327 τῇ
629 4255 732 4328 πρὸ
764 4251 967 4328 ταύτης
988 4256 1236 4323 συντάξει
1266 4255 1395 4320 ὔλας
1424 4256 1727 4329 ἐκπορίζων
1745 4256 1964 4327 ἐμαυτῷ

399 4344 603 4418 χρόνων
639 4344 958 4415 ἀναγραφὰς
991 4345 1378 4417 συνελεξάμην,
1403 4346 1660 4410 παντοίας
1695 4344 1965 4415 βασιλείας

398 4438 507 4493 τῶν
518 4429 816 4503 Χαλδαίων,
834 4438 1152 4511 Ἀσσυρίων,
1166 4438 1384 4510 Μήδων,
1403 4438 1647 4510 Περσῶν,
1662 4438 1867 4503 Λυδῶν,
1881 4439 1967 4491 Ἐ-

2057 3337 2165 3403 Sed
2191 3346 2570 3401 Chaldaeorum
2592 3360 2821 3416 regnum
2851 3343 3063 3400 salvum
3087 3344 3266 3400 adhuc
3287 3355 3537 3415 superest
3567 3347 3625 3401 in

2057 3439 2305 3508 reliquiis
2332 3435 2537 3492 Graecis
2559 3435 2757 3505 prioris
2781 3428 2932 3501 libri,
2950 3425 3339 3491 Thessalorum
3372 3436 3627 3491 neutrubi

2056 3537 2256 3584 exstat.

2129 3616 2289 3683 ibid.,
2326 3618 2424 3672 lin.
2468 3609 2555 3672 l6.
2616 3617 2727 3672 Καὶ
2765 3617 2991 3671 τούτων
3034 3614 3175 3684 τοὺς
3228 3618 3503 3687 χρόνους.
3549 3617 3632 3675 Ita

2058 3720 2189 3783 puto
2229 3711 2613 3782 supplendum,
2664 3711 2775 3764 Καὶ
2802 3700 3005 3764 τοῦτων
3037 3713 3164 3775 τοὺς
3197 3712 3422 3784 χρόνους
3451 3712 3543 3766 ἐπὶ
3567 3714 3631 3768 τὸ

2058 3793 2191 3857 αὐτὶ)
2251 3803 2607 3876 συναθροίσας
2667 3802 2895 3857 ἑκάστου
2959 3802 3144 3868 ἔθνους
3199 3804 3310 3859 τῶν
3369 3805 3631 3876 βασιλέων

2061 3895 2433 3963 συνεξελέξατο
2451 3895 2693 3967 χρόνους,
2724 3902 2818 3949 aut
2849 3895 2979 3966 quid
3012 3895 3212 3951 simile.

2130 3988 2292 4053 lbid.,
2321 3989 2416 4044 lin.
2442 3987 2534 4043 20.
2565 3987 2728 4042 Κατὰ
2768 3986 2880 4057 τὰρ
2917 3978 3033 4056 τὴν
3059 3988 3401 4060 Σεμίραμιν.
3462 3987 3636 4061 Euse-

2059 4080 2185 4137 bius
2218 4099 2230 4135 :
2259 4070 2406 4151 Πλὴν
2448 4078 2585 4133 ἀλλὰ
2629 4079 2723 4134 καὶ
2759 4068 2932 4143 οὕτως
2980 4077 3123 4133 κατὰ
3179 4080 3277 4149 μὲν
3308 4066 3540 4151 Ἴναχον,
3572 4081 3633 4135 ὃν

2063 4169 2278 4243 πρῶτον
2328 4169 2587 4241 ’Έλληνες
2643 4169 2878 4240 ’Ἄργους
2937 4165 3250 4238 βασιλεῦσαί
3305 4185 3466 4237 φασι,
3540 4170 3633 4224 τὸν

2074 4262 2338 4343 Ἑϐραίων
2366 4251 2689 4343 προπάτοραΔ
2715 4255 2931 4343 Ἰσραὴλ
2958 4257 3246 4330 γενόμενον
3276 4256 3453 4332 εὗρον,
3488 4261 3546 4329 ἐξ
3568 4252 3634 4316 οὗ

2063 4340 2125 4405 τὸ
2139 4349 2511 4421 δωδεκάφυλον
2543 4338 2638 4405 τοῦ
2665 4341 2934 4403 Ἰουδαίων
2962 4349 3148 4413 ἔθνους
3177 4349 3277 4418 τῆς
3299 4348 3393 4402 τοῦ
3419 4348 3638 4422 Ἰσραὴλ

2068 4443 2381 4512 ἐπωνυμίας
2407 4429 2630 4513 ἠξιώθη,
2649 4436 2790 4495 κατὰ
2821 4441 2878 4494 δέ
2900 4441 3203 4512 Σεμίραμιν
3239 4439 3331 4495 τὸν
3362 4441 3633 4513 Ἀδραὰμ,

401 4528 973 4605 6ραίων,Αίγυπτίων,
990 4527 1305 4601 ’Δθηναίων,
1323 4531 1603 4602 Ἀργείων,
1634 4530 1961 4594 Σικυωνίων,
1994 4549 2039 4604 D
2067 4531 2333 4586 Χαλδαῖον
2369 4531 2466 4603 μὲν
2505 4531 2567 4585 τὸ
2599 4531 2773 4600 γένος,
2791 4529 2964 4595 ἄλλως
2993 4549 3058 4601 γε
3090 4531 3257 4604 ἄνδρα
3286 4531 3637 4602 θεοφιλῆ,καὶ

398 4608 857 4694 Λακεδαιμονίων,
912 4615 1229 4694 Κορινθίων,
1278 4620 1582 4689 Θετταλῶν,
1620 4622 1962 4689 Μακεδόνων,

398 4710 663 4781 Λατίνων,
676 4708 757 4777 οἷς
772 4706 994 4785 ὕστερον
1008 4714 1227 4784 γέγονεν
1240 4716 1465 4789 ἐπίκλην
1485 4717 1656 4790 ὄνομα
1677 4719 1934 4789 Ῥωμαῖοι
1946 4734 1961 4748 ο

398 4800 537 4876 ὁμοῦ
554 4804 793 4874 γίνονται
824 4812 882 4858 ιε’
900 4822 913 4835 ·
946 4806 1004 4858 ὲν
1031 4806 1089 4859 δὲ
1119 4806 1197 4878 τῷ
1219 4808 1465 4879 παρόντι,
1488 4810 1579 4863 ἐπὶ
1608 4809 1669 4862 τὸ
1691 4810 1820 4863 αὐτὸ
1841 4809 1967 4874 τοὺς

400 4894 628 4967 χρόνους
653 4893 991 4965 συναγαγὼν,
1009 4898 1102 4950 καὶ
1127 4897 1513 4968 ἀντιπαραθεὶς
1537 4901 1601 4954 ἐκ
1624 4899 1966 4972 παραλλήλου

401 4986 493 5037 τὸν
522 4987 651 5058 παρ’
670 4986 883 5056 ἑκάστῳ
931 4985 1073 5041 ἔθνει
1106 4986 1212 5040 τῶν
1251 4986 1387 5041 ἐτῶν
1420 4989 1671 5060 ἀριθμὸν,
1716 4989 1967 5061 χρονικοῢ

403 5077 628 5143 κανόνος
658 5077 908 5144 σύνταξιν
943 5079 1309 5150 ἐποιησάμην.
1341 5078 1422 5133 En
1454 5080 1615 5135 unius
1635 5083 1816 5150 operis
1849 5095 1961 5151 per-

404 5167 532 5223 fecti
564 5185 629 5225 ex
659 5170 778 5241 ipso
808 5178 1032 5225 auctore
1060 5171 1170 5225 duo
1197 5171 1438 5226 membra
1468 5171 1747 5233 distincta.
1777 5180 1831 5227 et
1855 5188 1971 5227 am-

407 5261 599 5315 borum
632 5277 880 5334 scopum,
930 5271 1094 5332 atque
1124 5264 1491 5333 propositum,
1539 5264 1741 5334 quibus
1769 5263 1972 5334 optime

405 5351 567 5409 nobis
586 5356 710 5422 quis
738 5355 812 5411 sit
836 5354 1102 5428 Κρονικὸς
1128 5355 1305 5410 κανών
1335 5355 1653 5411 innotescit.
1822 5384 1827 5385 ν

476 5441 595 5500 Col.
631 5442 755 5508 708,
793 5445 893 5501 lin.
930 5448 1017 5503 10.
1062 5448 1157 5501 Ἐκ
1199 5447 1599 5517 παραλλήλου
1654 5444 1971 5517 ἀντιπαρέ-

406 5535 568 5602 θηκε.
625 5533 841 5607 Optime
867 5546 1054 5595 noster
1096 5538 1421 5595 Eustathius
1473 5538 1658 5595 verbis
1712 5540 1888 5602 hisce,
1939 5555 1972 5595 a

406 5640 644 5694 quonam
665 5627 749 5682 vel
773 5628 917 5684 unde
942 5630 1029 5685 sui
1059 5628 1317 5686 Chronici
1347 5631 1574 5687 canonis
1601 5631 1815 5686 initium
1855 5631 1973 5686 l'ue-

408 5717 478 5772 rit
510 5718 826 5791 auspicatus
857 5722 1102 5791 exponit,
1136 5723 1391 5779 videlicet
1436 5724 1502 5777 ἐκ
1542 5723 1643 5794 τῆς
1668 5723 1972 5794 ἀντιπαρα-

412 5807 628 5875 θέσεως·
662 5809 833 5864 series
866 5808 1009 5864 enim
1056 5816 1386 5880 temporum,
1428 5812 1641 5868 ratione
1677 5827 1968 5879 annorum,

727 5905 999 5979 Pareat.
1036 5900 1151 5965 Gn.
1194 5901 1422 5965 XVIII.

2065 4624 2278 4699 πρῶτον
2305 4624 2413 4677 τῶν
2458 4618 2587 4697 παρ’
2627 4618 2898 4696 Ἑϐραίοις
2938 4622 3229 4696 προφητῶν
3277 4620 3416 4679 εἶναι
3470 4643 3635 4680 πεπι-

2068 4730 2193 4768 στευ
2202 4713 2378 4786 μένον.
2412 4703 2478 4767 Et
2499 4711 2737 4769 Joannes
2759 4711 3132 4769 Antiochenus
3155 4714 3212 4768 in
3227 4712 3595 4784 Arehwologia
3612 4730 3636 4771 :

2068 4806 2192 4860 Ὀτι
2240 4794 2382 4859 κατὰ
2414 4805 2540 4870 τοὺς
2579 4796 2835 4889 Ἀϐραὰμ
2868 4807 3089 4889 χρόνους
3131 4806 3313 4872 Νίνος,
3355 4806 3451 4861 καὶ
3473 4805 3641 4879 Σεμί-

2069 4914 2237 4971 ραμις
2265 4888 2594 4951 ἐϐασίλευον.
2800 4886 2801 4889 η
2980 4886 2989 4893 ’

2139 4978 2299 5052 lbid.,
2326 4987 2422 5042 lin.
2445 4985 2536 5043 23.
2587 4985 2849 5057 Μωῦσῆς
2877 4986 2947 5041 δὲ
2978 4987 3128 5043 κατὰ
3158 4990 3449 5056 Κέκροπα.
3470 4990 3642 5048 Euse-

2067 5080 2230 5137 bius:
2266 5078 2480 5133 Τούτων
2511 5078 2620 5152 γὰρ
2662 5079 2917 5136 ἁπάντων
2952 5081 3054 5153 τὴν
3088 5081 3326 5155 ἱστορίαν
3367 5083 3643 5156 νεωτέραν

2067 5168 2169 5243 τῆς
2204 5170 2490 5244 Κέκροπος
2543 5172 2760 5257 ἡλικίας
2806 5174 2992 5238 παῖδες
3041 5174 3306 5247 Ἐλλήνων
3333 5175 3644 5249 παραδεδώ-

2069 5279 2218 5317 κασι.
2249 5263 2486 5318 Μωῦσέα
2523 5263 2582 5317 δὲ
2617 5262 2948 5353 ήιπαροῦσα
2991 5265 3236 5333 ἐξέτασις
3276 5267 3384 5323 τῶν
3434 5267 3644 5343 χρόνων

2069 5355 2323 5426 γενέσθαι
2361 5356 2501 5411 κατὰ
2531 5357 2796 5430 Κέκροπα
2839 5357 2929 5413 τὸν
2955 5359 3140 5431 διφυῆ,
3174 5361 3233 5415 ὃν
3267 5360 3482 5432 πρῶτόν
3511 5379 3646 5432 φασι

2069 5448 2170 5519 τῆς
2196 5448 2445 5520 Ἀττικῆς
2491 5448 2828 5519 βασιλεῦσαι,
2864 5451 3144 5524 συνίστησι
3197 5451 3305 5524 πρὸ
3336 5451 3444 5506 τῶν
3487 5453 3647 5508 Ἰλια-

2070 5539 2183 5595 κῶν
2212 5539 2357 5611 ἀμφὶ
2417 5545 2495 5594 τν⁹
2546 5538 2665 5613 ἔτη.
2719 5539 2800 5594 Ex
2853 5543 3055 5612 quibus
3101 5541 3401 5612 supplenda
3450 5542 3648 5599 lacuna

2072 5633 2129 5686 in
2172 5638 2364 5688 nostro
2406 5630 2694 5687 Eustathio
2730 5649 2744 5687 :
2776 5634 2874 5688 Ὀν
2927 5632 3035 5706 πρὸ
3064 5632 3172 5688 τῶν
3215 5633 3459 5689 ’Ῑλιακων
3501 5633 3650 5690 ἔτεσι

2071 5723 2400 5798 τριακοσίοις
2455 5725 2796 5795 πεντήκοντα
2855 5722 3273 5796 παραδεδώκασι
3337 5724 3652 5796 βασιλεῦσαι

2075 5814 2289 5888 πρῶτον
2321 5808 2419 5887 τῆς
2450 5817 2699 5881 ’Δττικῆς
2737 5814 3007 5886 Ἐλλήνων
3048 5815 3254 5880 παῖδας.
3309 5817 3420 5873 lmo
3448 5825 3653 5883 utrum-

3288 5909 3369 5971 26
