4112 6416
520 388 612 440 8ll

1859 386 2104 441 LEONIS
2135 385 2409 440 ALLATH

3655 379 3765 438 8|!

519 525 624 577 que
667 508 1043 579 corrigamus:
1104 509 1302 562 misere
1345 508 1489 562 enim
1543 508 1597 562 in
1629 508 1886 572 Eusebio,
1920 525 1948 562 a
1973 525 2083 580 quo
2112 516 2154 572 Α
2188 510 2440 579 placent;
2476 508 2606 578 quid
2658 508 2900 562 mirum?
2929 505 3206 576 displicuit
3248 511 3403 557 antea
3447 511 3500 558 et
3551 501 3766 558 divino-

517 609 724 665 noster,
762 617 870 654 non
897 608 1106 661 tantum
1137 602 1192 654 in
1221 601 1404 663 editis,
1455 602 1549 655 sed
1593 601 1645 654 in
1677 602 1932 657 omnibus
1975 603 2087 658 fere

517 693 901 762 manuscriptis
933 694 1168 762 positum
1194 701 1279 746 est
1308 699 1380 745 τν’
1401 707 1549 756 ccce,
1573 709 1670 763 pro
1693 708 1961 761 cccuxv;
1991 695 2083 749 sed

515 787 800 858 castigatio
827 787 938 840 haec
968 788 1103 840 inita
1147 789 1530 857 supputatione
1572 787 1838 843 firmatur.
1870 788 2002 842 Nam
2037 791 2084 842 si

516 893 662 932 anno
702 892 899 932 cccccx
953 878 1022 931 ab
1047 877 1322 931 Abraham
1362 878 1415 931 in
1463 893 1622 947 quem
1677 879 1864 932 incidit
1911 895 2084 934 annus

516 981 657 1020 xxxv
714 965 934 1036 Moysis,
987 973 1040 1020 ct
1106 966 1314 1036 primus
1367 967 1650 1036 Cecropis,
1705 969 2084 1038 aggregaveris

513 1071 771 1121 cccuxv,
814 1057 1054 1125 reperies
1080 1071 1254 1112 annos
1299 1071 1594 1118 ncccxxxv,
1631 1073 1740 1128 quo
1785 1055 2082 1128 Trojanum

511 1148 744 1218 contigit
771 1147 1064 1211 excidium,
1093 1156 1146 1202 et
1181 1148 1268 1202 hic
1295 1165 1415 1218 quae
1441 1149 1636 1204 scribit
1664 1148 1933 1205 Eusebius
1965 1149 2083 1220 ipse

510 1240 658 1294 circa
692 1255 894 1294 annum
936 1240 1004 1293 ab
1032 1240 1304 1293 Abraham
1343 1255 1638 1294 ncccxxxv.
1673 1240 1828 1306 Quod
1861 1253 1916 1295 ut
1951 1241 2083 1294 faci-

509 1331 618 1385 lius
663 1331 881 1385 credam
923 1331 1048 1385 facit
1082 1332 1323 1386 Africani
1377 1334 1676 1386 auctoritas
1715 1333 1766 1385 in
1798 1331 2077 1400 Chronico,

509 1423 599 1477 ubi
631 1423 706 1476 ait
736 1443 748 1479 :
800 1425 930 1477 Ἀπδ
961 1424 1249 1495 Κέκροπος
1289 1426 1381 1478 ἐπὶ
1413 1425 1510 1495 τὴν
1545 1425 1700 1477 Ἰλίου
1730 1425 1929 1478 ἅλωσιν
1960 1442 2080 1477 συν-

507 1515 728 1582 άργονται
763 1515 943 1587 μικρῷ
976 1516 1165 1568 δέοντα
1204 1515 1297 1584 ἐτη
1332 1521 1399 1569 υ’.

573 1608 690 1663 Col.
725 1605 846 1670 708,
866 1609 960 1662 lin.
991 1607 1082 1663 24.
1101 1608 1196 1672 Ὧς
1215 1604 1365 1660 εἶναι
1392 1605 1510 1659 τῶφ⁴
1544 1606 1678 1674 παρ’
1699 1607 1978 1673 "Ellum.
2003 1605 2076 1659 Ex

501 1697 771 1754 Eusebio:
800 1699 1035 1752 Μωῦσέα
1067 1699 1143 1762 δὲ,
1178 1697 1482 1768 φιλαλήθως
1521 1701 1714 1762 εἰπεῖν,
1736 1697 1940 1751 τούτων
1979 1699 2078 1768 μὲν

501 1790 783 1862 νεώτερον,
816 1789 928 1842 τῶν
973 1789 1028 1842 δὲ
1070 1791 1197 1861 παρ’
1238 1788 1492 1858 Ἕλλησιν
1545 1789 2076 1860 ἀρχαιολογουμένων

501 1881 890 1955 πρεσϐύτατον,
921 1883 1158 1953 Ὀμήρου
1187 1880 1350 1949 λέγω,
1368 1882 1462 1934 καὶ
1488 1883 1754 1943 Ἡσιόδου,
1781 1881 1872 1934 καὶ
1896 1881 2074 1934 αὐτῶν
2109 1863 2151 1916 Β

497 1976 607 2029 τῶν
650 1975 946 2047 Τρωῖκῶν,
996 1975 1091 2028 καὶ
1147 1974 1226 2028 ἔτι
1282 1974 1660 2044 Διοσκούρων,
1712 1973 2071 2044 Ἀσκληπιοῦ,

497 2067 772 2132 Διονύσου,
791 2066 986 2138 ἡρώων
1013 2083 1072 2118 τε
1101 2065 1554 2138 πάντων,Ἐρμοῦ
1594 2083 1653 2118 τε
1681 2066 1773 2119 καὶ
1811 2065 2074 2118 Ἀπόλλωο

497 2177 604 2222 νος,
645 2159 753 2212 τῶν
795 2177 852 2211 τε
893 2157 1094 2211 λοιπῶν
1142 2160 1268 2229 παρ’
1297 2157 1518 2227 Ἕλλησι
1555 2158 1712 2218 θεῶν,
1760 2157 2075 2228 μυστηρίων

493 2268 576 2314 τε,
614 2253 708 2305 καὶ
751 2251 1001 2315 τελετῶν,
1027 2252 1145 2313 Διός
1189 2268 1247 2303 τε
1293 2249 1454 2302 αὑτοῦ
1506 2247 1753 2321 πράξεων
1793 2251 1902 2302 τῶν
1946 2251 2072 2320 παρ’

495 2343 720 2415 Ἕλλησι
745 2343 1269 2415 μνημονευομένων.
1318 2341 1383 2395 Ει
1422 2339 1687 2396 inferius:
1721 2343 1932 2396 Γίνεται
1965 2341 2072 2414 γὰρ

497 2436 638 2506 μετὰ
666 2436 927 2507 Κέκροπα
951 2437 980 2488 ὁ
1009 2436 1146 2489 κατὰ
1173 2436 1514 2489 Δευκαλίωνα
1545 2435 1948 2504 κατακλυσμὸς,
1977 2434 2073 2486 καὶ

493 2528 528 2598 ἠ
559 2528 652 2579 ἐπὶ
681 2528 970 2590 Φαέθοντος
996 2527 1323 2598 ἐκπύρωσις,
1360 2527 1690 2597 Ἐριχθονίου
1733 2543 1791 2578 τε
1838 2526 2069 2593 γένεσις,

493 2621 588 2672 καὶ
617 2623 650 2690 ἡ
683 2619 785 2672 ὑπὸ
811 2621 1084 2692 Δαρδάνου
1118 2620 1214 2689 τῆς
1259 2619 1553 2690 Δαρδανίας
1597 2618 1791 2680 κτίσις,
1827 2617 1885 2669 ὃν
1934 2619 2072 2688 πρῶ-

490 2725 582 2765 τον
623 2712 786 2782 φησὶν
811 2712 958 2782 ’Ὁμη
969 2729 1081 2782 ρος,

564 2835 582 2855 ι
661 2843 674 2854 .
755 2840 768 2853 .
848 2842 862 2855 .
943 2802 1145 2855 Τέκετο
1173 2799 1606 2869 νεφεληγερέτα
1630 2800 1808 2864 Ζεύς⁹

491 2889 674 2964 Κόρης
698 2910 756 2947 τε
784 2893 1026 2964 ἁρπαγὴ,
1055 2895 1147 2946 καὶ
1189 2894 1474 2964 Δήμητρος
1504 2893 1798 2962 μυστήρια,
1831 2900 1933 2946 etc.
1966 2890 2069 2956 Qui

491 2985 645 3041 locus
675 2985 893 3042 Eusebii
931 3002 997 3041 ex
1035 2988 1136 3040 hoc
1188 2994 1378 3041 nostro
1409 2985 1698 3039 Eustathio
1742 2985 2070 3056 Hieronymo

490 3078 629 3133 duce
673 3079 1008 3149 supplendus
1068 3086 1192 3144 est,
1248 3077 1575 3150 Ἐριχθονίου
1643 3093 1701 3128 τε
1741 3077 1950 3145 γένεσις
2011 3077 2068 3143 ἐξ

501 3169 794 3238 Ἡφαίστου
846 3172 938 3224 καὶ
983 3169 1122 3241 Γῆς,
1157 3185 1278 3240 qua:
1323 3169 1706 3225 desiderantur
1751 3172 1806 3225 in
1854 3170 2064 3226 Graeco.

491 3259 632 3314 Idem
666 3260 931 3316 Eusebius
961 3261 1016 3315 in
1049 3263 1150 3316 hoc
1179 3261 1368 3316 eodem
1394 3259 1657 3316 Chronico
1680 3272 1831 3331 parte
1850 3264 2058 3333 prima:

485 3355 643 3406 Πᾶσα
689 3355 818 3424 παρ’
861 3353 1085 3424 Ἕλλησι
1136 3353 1524 3424 θαυμαζομένη
1577 3353 1773 3424 πρᾶξις
1811 3355 1918 3407 ἀπὸ
1958 3354 2065 3408 τῶν

497 3442 699 3513 Ἰνάχου
754 3443 994 3513 χρόνων,
1039 3444 1133 3496 καὶ
1175 3444 1466 3514 Φορωνέως
1511 3446 1590 3506 εἰς
1629 3445 1718 3496 τὸν
1772 3445 2064 3514 μετέπειτα

485 3535 728 3605 φέρεται.
771 3535 862 3587 Διὸ
887 3535 980 3587 καὶ
1018 3534 1240 3587 Πλάτων
1272 3536 1329 3587 ὲν
1360 3535 1568 3604 Τιμαίῳ
1606 3535 1682 3605 τῷ
1709 3535 1937 3606 διαλόγῳ
1971 3536 2063 3590 τοῦ

482 3624 771 3692 Φορωνέως
815 3624 1180 3694 ἐπιμέμνηται
1222 3623 1448 3695 χρόνων,
1491 3626 1565 3687 ὡς
1614 3626 1752 3678 πάνυ
1800 3627 2062 3692 παλαιῶν,

486 3715 581 3766 καὶ
604 3714 825 3784 Νιόϐης,
851 3716 943 3767 καὶ
971 3713 1064 3766 τοῦ
1097 3715 1215 3767 κατ’
1252 3714 1476 3783 Ὠγύγου
1514 3717 1869 3786 ἀρχαιοτάτου
1897 3737 2064 3771 κατα-

486 3806 748 3874 κλυσμοῦ,
773 3806 846 3868 ὼς
877 3805 1114 3874 λέγεται.

556 3897 717 3962 lbid.,
735 3899 828 3954 litt.
846 3897 935 3952 25.
953 3898 1200 3967 Ὀμήρου
1227 3901 1420 3968 λέγων
1439 3901 1535 3953 καὶ
1565 3902 1857 3956 Ἠσιόδου.
1881 3902 1955 3958 De
1978 3904 2067 3959 his

485 3997 539 4044 et
579 3990 702 4044 aliis
741 3990 1062 4044 auctoribus
1097 3990 1164 4044 ab
1210 3989 1494 4044 Eustathio
1529 3996 1966 4050 commemoratis
2007 3997 2064 4050 in

488 4089 672 4136 nostra
727 4083 793 4136 de
842 4083 1201 4152 scriptoribus
1247 4083 1494 4153 profanis
1544 4083 1871 4139 Bibliotheca
1908 4088 2061 4156 plura

484 4170 749 4226 dicemus.
778 4171 893 4225 Non
929 4173 1074 4226 enim
1115 4172 1332 4226 videtur
1361 4175 1644 4243 praesentis
1676 4176 1875 4246 negotii
1906 4177 2062 4246 plura

485 4261 552 4316 de
577 4261 684 4317 illis
714 4261 942 4325 referre,
977 4263 1434 4332 quemadmodum
1468 4272 1522 4318 et
1553 4265 1621 4319 de
1648 4265 1770 4320 aliis
1801 4265 2062 4322 fabulosis

483 4368 716 4423 quorum
767 4353 853 4407 hic
901 4354 957 4407 ﬁt
1005 4355 1228 4410 mentio.
1259 4353 1402 4425 Lege
1443 4357 1488 4410 si
1537 4357 1712 4426 placet
1771 4359 2064 4427 Apollodo-

483 4460 628 4512 rum,
661 4445 1019 4510 Phornutum,
1065 4447 1388 4512 Palefatum,
1425 4448 1693 4519 Hyginum
1725 4457 2061 4520 caeterosque

2188 617 2308 655 rum
2353 601 2626 654 hominum
2677 615 2799 654 acre
2851 599 3297 668 inculpatumque
3351 595 3664 663 judicium;
3711 605 3767 652 et

2185 694 2351 763 quod,
2387 693 2590 746 utinam
2625 693 2767 746 bono
2799 708 2897 746 suo
2933 691 3127 743 falsum
3149 690 3252 743 sit!
3285 703 3427 742 verae
3456 687 3765 743 catholicae-

2186 803 2290 856 que
2335 786 2616 849 veritatis;
2653 783 2744 839 sed
2799 785 2864 837 ad
2907 783 3026 852 ejus
3058 783 3198 837 sicut
3245 790 3299 836 et
3342 790 3661 836 creterorum
3708 781 3764 836 in

2186 879 2476 933 Homerum
2504 887 2736 932 conatus
2775 886 2828 931 et
2866 877 3123 933 rationes.
3159 876 3212 928 in
3255 873 3488 928 Homero
3519 879 3706 927 nostro
3731 887 3763 926 a

2184 971 2472 1026 calumniis
2502 970 2800 1035 vindicato,
2831 977 2888 1021 ut
2921 967 3122 1022 veritas
3164 981 3344 1020 causae
3394 966 3641 1035 exposcit
3673 979 3762 1019 re-

2184 1062 2531 1134 spondemus.
2565 1059 2639 1115 De
2679 1059 2896 1114 Homeri
2942 1068 2994 1113 et
3027 1057 3244 1112 Hesiodi
3276 1058 3616 1127 temporibus
3647 1057 3763 1112 hac

2183 1154 2343 1208 habet
2379 1151 2616 1206 Joannes
2663 1151 3056 1213 Antiochenus,
3091 1150 3143 1203 in
3174 1149 3538 1219 Archwologia
3575 1163 3594 1202 :
3623 1149 3760 1203 Φασί

2181 1261 2323 1307 τινες
2353 1245 2598 1314 Ὅμηρον
2622 1244 2728 1295 -καὶ
2761 1241 2999 1294 Ἠσίοδον
3020 1241 3181 1293 Δαϐὶδ
3205 1242 3548 1310 συνακμάσαι
3575 1280 3588 1302 ,
3626 1241 3673 1292 oi
3702 1240 3757 1292 δὲ

2180 1337 2346 1408 ὀλίγῳ
2387 1338 2670 1408 πρότερον,
2707 1336 2832 1387 οίδὲ
2867 1336 3004 1405 μετὰ
3042 1335 3209 1387 ταῦτα
3247 1333 3515 1402 γενέσθαι.

2250 1429 2410 1492 lbid.,
2446 1429 2542 1482 lin.
2586 1423 2675 1480 ‘27.
2707 1428 2834 1479 Ἔτι
2872 1443 2935 1479 τε
2967 1427 3274 1493 Χείρωνος.
3309 1423 3579 1494 Josephus
3622 1423 3754 1480 Sca-

2179 1522 2312 1592 liger
2339 1519 2713 1575 Animadvers.
2755 1517 2809 1572 in
2841 1517 3060 1573 Eusebii
3093 1516 3430 1577 Chronicum,
3468 1519 3666 1570 acriter
3697 1517 3752 1571 in

2177 1613 2565 1684 Hieronymum
2611 1611 2904 1675 invehitur,
2962 1610 3258 1678 multisque
3306 1625 3429 1662 eum
3482 1611 3749 1679 exagitat,

2177 1707 2318 1777 quod
2353 1707 2520 1759 multa
2562 1705 2614 1757 in
2647 1704 2736 1756 illa
2773 1701 3216 1770 interpretatione
3267 1700 3579 1754 necessaria
3618 1701 3754 1753 omio

2177 1799 2330 1862 serit,
2381 1798 2536 1867 plura
2579 1796 2646 1850 de
2693 1810 2793 1850 suo
2827 1793 3115 1860 addiderit,
3147 1793 3203 1847 in
3236 1793 3422 1848 multis
3449 1795 3612 1846 etiam
3643 1795 3752 1845 nun

2177 1893 2246 1946 sit
2280 1889 2499 1946 Eusebii
2547 1895 2782 1943 mentem
2831 1894 3118 1942 assecutus
3155 1904 3170 1940 :
3213 1884 3293 1940 sic
3339 1885 3505 1939 etiam
3547 1885 3648 1937 hoc
3696 1884 3751 1938 in

2177 1979 2296 2032 loco
2343 1977 2410 2032 de
2457 1976 2681 2031 Chirone
2719 1978 2791 2030 ait
2825 1991 3023 2030 nomen
3082 1975 3184 2028 hoc
3238 1974 3301 2028 de
3349 1991 3444 2027 suo
3486 1974 3753 2028 addidisse

2175 2072 2571 2140 Hieronymum,
2605 2086 2766 2135 neque
2790 2086 2881 2138 per
2920 2070 3096 2122 omnia
3131 2069 3364 2122 auctoris
3410 2068 3494 2121 sui
3523 2068 3753 2136 vestigiis

2174 2164 2451 2216 institisse.
2485 2162 2643 2215 Aliud
2679 2173 2758 2216 est
2791 2159 3062 2216 infensum
3104 2177 3225 2216 esse
3257 2161 3462 2214 nomini
3496 2161 3748 2228 alicujus,

2175 2250 2322 2303 aliud
2345 2250 2624 2304 veritatem
2651 2265 2770 2318 qua:
2803 2253 2855 2303 in
2892 2251 3109 2319 scriptis
3139 2259 3222 2304 est
3255 2251 3546 2321 indagare;
3582 2251 3752 2304 multa

2175 2358 2407 2412 namque
2464 2342 2600 2397 forte
2650 2345 2704 2396 in
2739 2343 2926 2398 codice
2960 2360 3120 2413 quem
3173 2342 3536 2414 Hieronymus
3581 2343 3757 2398 inter-

2174 2436 2492 2506 pretabatur
2542 2435 2700 2489 aliter
2743 2436 2846 2506 legi
2901 2443 3170 2504 poterant,
3214 2450 3333 2505 quae
3378 2435 3494 2504 ipse
3543 2433 3750 2491 Latinis

2173 2527 2339 2591 dedit,
2393 2527 2496 2580 etsi
2542 2526 2701 2579 modo
2734 2525 2788 2579 in
2838 2533 2988 2579 textu
3029 2542 3189 2595 quem
3227 2541 3338 2595 pra:
3369 2526 3618 2581 manibus
3651 2525 3751 2579 had

2173 2619 2366 2673 bemus
2411 2618 2494 2672 vel
2540 2632 2818 2687 superare,
2850 2617 2931 2670 vel
2959 2616 3190 2671 deiicere
3218 2624 3553 2682 cernuntur;
3588 2616 3751 2686 idque

2171 2727 2238 2766 ex
2281 2711 2384 2764 hoc
2438 2710 2658 2764 nomine
2702 2708 2959 2764 Chironis
2998 2716 3165 2778 patet,
3208 2708 3353 2779 quod
3402 2709 3445 2761 si
3496 2709 3549 2761 in
3597 2717 3748 2762 textu

2173 2802 2478 2858 Eusebiano
2511 2817 2618 2856 non
2649 2801 2858 2864 fuisset,
2891 2816 3169 2872 nunquam
3203 2800 3519 2856 Eustathius
3551 2801 3603 2855 in
3632 2801 3748 2856 suis

2173 2894 2393 2962 scriptis
2433 2895 2726 2948 retulisset.
2771 2892 2863 2947 Sic
2909 2893 3142 2948 dicimus
3184 2901 3237 2948 et
3274 2894 3330 2947 in
3379 2893 3519 2948 aliis.
3577 2894 3646 2948 At
3690 2891 3745 2947 in

2174 2988 2357 3042 multis
2391 2987 2591 3040 erravit
2626 2987 3007 3057 Hieronymus,
3053 3002 3153 3041 nec
3205 2986 3380 3042 fidelis
3430 2987 3749 3056 interpretis

2172 3092 2416 3140 munere,
2449 3078 2524 3130 uti
2557 3092 2655 3147 par
2685 3085 2821 3142 erat,
2857 3077 3076 3132 functus
3120 3085 3224 3132 est.
3273 3077 3456 3130 Dicam
3503 3074 3749 3145 Scaliger

2170 3167 2314 3236 quod
2376 3167 2571 3222 sentio.
2623 3166 2812 3220 Errata
2871 3167 3408 3237 przeclarissimorum
3463 3166 3743 3220 hominum

2171 3268 2472 3328 stuporem,
2508 3275 2616 3313 non
2648 3267 3017 3328 contemptum
3040 3267 3384 3313 commovent
3409 3275 3422 3320 ;
3452 3259 3530 3313 sic
3561 3259 3614 3312 in
3654 3274 3746 3311 ro-

2167 3350 2329 3405 busto
2356 3351 2575 3405 homine
2607 3351 2826 3422 gravior
2853 3351 3098 3413 morbus,
3129 3359 3183 3404 et
3212 3365 3357 3404 mors
3382 3350 3599 3420 inopina
3629 3366 3745 3405 me-

2167 3448 2280 3494 tum
2311 3443 2526 3507 incutit,
2562 3442 2812 3496 humanae
2850 3441 3161 3513 fragilitatis
3207 3458 3314 3497 non
3352 3443 3532 3498 minus
3564 3445 3746 3498 valen-

2167 3542 2268 3597 tes,
2298 3534 2391 3589 sed
2424 3545 2476 3590 et
2501 3535 2918 3590 robustissimos
2944 3533 3201 3588 admonet
3229 3542 3282 3588 et
3315 3535 3589 3610 cautiores
3619 3536 3745 3590 red-

2165 3629 2260 3682 dit.
2287 3626 2389 3693 Qui
2428 3629 2688 3682 Catonem
2728 3627 2939 3681 ebrium
2987 3625 3270 3689 viderunt,
3324 3640 3430 3680 non
3481 3628 3746 3695 riserunt,

2165 3719 2260 3772 sed
2299 3719 2654 3772 erubuerunt.
2710 3716 2942 3788 Ideoque
2987 3719 3190 3788 optime
3236 3718 3465 3783 dictum,
3513 3734 3623 3773 non
3673 3720 3746 3774 ab

2164 3811 2271 3866 illis
2295 3808 2576 3875 Catonem,
2610 3809 2705 3863 sed
2740 3810 2863 3864 illos
2891 3825 2920 3862 a
2956 3807 3161 3864 Catone
3201 3810 3589 3879 deprehensos.
3628 3810 3738 3867 Nec

2163 3904 2344 3957 minus
2383 3917 2535 3970 aeque
2583 3899 2789 3955 Seneca
2833 3901 2926 3955 lib.
2981 3901 3059 3955 De
3113 3902 3494 3971 tranquillitate
3548 3903 3732 3963 animi,

2163 4009 2283 4063 cap.
2321 3992 2420 4048 l5:
2442 3992 2633 4047 Catoni
2657 3992 2882 4046 ebrietas
2913 3991 3114 4058 obiecta
3143 4005 3235 4049 est.
3270 3994 3336 4045 At
3370 3993 3581 4061 [acilius
3614 3993 3734 4063 efﬁ-

2163 4088 2259 4140 ciet
2293 4087 2527 4156 quisquis
2567 4085 2811 4154 objecerit
2870 4084 2966 4137 hoc
3013 4087 3208 4138 crimen
3260 4086 3551 4150 honestum,
3582 4101 3740 4154 quam

2164 4188 2364 4245 turpem
2403 4177 2674 4230 Catonem.
2707 4175 3075 4230 Humanitatis
3117 4185 3201 4230 est
3236 4174 3510 4228 hominem
3549 4173 3616 4227 de
3652 4189 3740 4228 re-

2165 4269 2401 4339 publica,
2432 4269 2498 4323 de
2534 4269 2748 4328 litteris.
2791 4267 2856 4322 de
2899 4268 3164 4330 historia,
3197 4267 3264 4321 de
3311 4265 3564 4320 omnibus
3602 4265 3739 4320 bene
3796 4287 3798 4289 ν

2162 4359 2438 4421 meritum,
2471 4368 2524 4414 et
2569 4360 2840 4428 praecipue
2882 4357 3289 4429 Hieronymum,
3322 4357 3367 4412 si
3397 4355 3616 4426 quando
3643 4356 3739 4411 de.

2167 4451 2297 4514 ficit,
2331 4451 2597 4505 venerari.
2644 4449 2752 4504 Sed
2801 4451 3108 4504 machinam
3159 4451 3419 4519 aperiam.
3450 4449 3736 4504 Existimat

485 4537 792 4593 fabularum
846 4540 1160 4609 scriptores.
1206 4539 1325 4594 Non
1371 4543 1576 4610 patitur
1624 4551 1800 4596 tamen
1843 4541 2059 4597 Homeri
2095 4553 2136 4608 ο
2168 4539 2428 4612 Scaliger,
2468 4549 2527 4594 ut
2567 4549 2620 4597 et
2663 4541 2756 4595 alii
2789 4542 2967 4604 multi,
3005 4543 3050 4596 si
3090 4540 3565 4610 interpretationes
3611 4540 3737 4597 Hie-

482 4631 719 4700 dignitas
759 4631 832 4683 ita
861 4632 1006 4685 sicce
1038 4631 1340 4699 praeteriri;
1376 4646 1545 4701 quare
1574 4649 1693 4702 quae
1723 4633 1789 4687 de
1817 4647 1880 4687 eo
1918 4634 2060 4688 scri-

484 4723 590 4792 ptis
627 4721 851 4775 tradidit
884 4721 1126 4777 Velleius
1158 4722 1246 4776 hic
1272 4723 1635 4776 transcribam
1658 4723 2059 4778 :Clarissimum

482 4813 668 4867 deinde
706 4811 925 4866 Homeri
959 4812 1140 4866 illuxit
1191 4813 1457 4882 ingenium
1484 4814 1596 4867 sine
1617 4814 1852 4882 exemplo
1889 4817 2060 4868 maxi-

482 4923 625 4958 munt
657 4921 674 4958 :
705 4905 794 4974 qui
848 4904 1208 4974 magnitudine
1235 4921 1445 4972 operum
1467 4945 1480 4968 ,
1528 4914 1578 4958 et
1625 4905 1830 4974 fulgore
1864 4907 2060 4959 carmi-

480 5015 606 5052 num
636 4998 780 5052 solus
809 4997 1064 5063 appellari
1089 5007 1242 5064 poeta
1287 5001 1498 5052 meruit.
1538 4996 1605 5050 In
1635 5013 1734 5068 quo
1766 4998 1862 5052 huc
1894 4999 2061 5051 maxi-

481 5108 622 5144 mum
653 5101 750 5154 est,
783 5090 920 5160 quod
948 5105 1108 5159 neque
1153 5099 1272 5144 ante
1296 5090 1472 5151 illum,
1509 5106 1658 5159 quem
1706 5091 1792 5143 ille
1819 5091 2052 5143 imitare-

483 5190 587 5246 tur,
618 5197 778 5251 neque
819 5192 938 5248 post
973 5180 1148 5244 illum,
1180 5182 1272 5250 qui
1299 5198 1417 5235 eum
1444 5183 1642 5234 imitari
1673 5183 1835 5248 possit
1878 5183 2058 5235 inven-

482 5280 563 5325 tus
594 5281 707 5327 est:
738 5289 897 5341 neque
917 5288 1227 5343 quemquam
1259 5271 1630 5341 alium,-cujus
1660 5274 1828 5341 operis
1856 5274 2054 5342 primus

481 5375 667 5414 auctor
713 5363 889 5431 fuerit,
935 5364 992 5415 in
1026 5378 1085 5414 eo
1123 5362 1582 5430 perfectissimum,
1630 5374 1821 5430 prwtcr
1862 5361 2056 5415 Home-

481 5469 596 5506 rum
631 5464 679 5506 ct
709 5455 1077 5509 Archilochum
1116 5455 1446 5522 reperiemus.
1485 5454 1584 5507 Hic
1619 5457 1822 5524 longius
1861 5473 1893 5508 a
1927 5467 2058 5508 tem-

476 5546 688 5608 poribus
721 5545 842 5599 belli
886 5547 1024 5614 quod
1066 5547 1375 5614 composuit,
1431 5545 1624 5608 Troici,
1651 5563 1808 5614 quam
1841 5546 2054 5610 quidam

478 5647 678 5695 rentur,
713 5637 923 5705 abfuit;
964 5656 1085 5690 nam
1133 5639 1312 5706 ferme,
1351 5647 1456 5694 etc.
1497 5638 1569 5694 De
1619 5639 1737 5708 ejus
1781 5646 1955 5702 mtate,
2001 5645 2056 5693 et

479 5727 763 5778 excellenti
801 5737 995 5781 natura
1024 5728 1315 5798 divinaque
1342 5768 1357 5792 ,
1393 5729 1515 5784 vide
1559 5728 1698 5783 Justi
1738 5728 1905 5797 Lipsii
1936 5729 2053 5782 ani-

483 5813 886 5870 madversiones
937 5814 1156 5870 ibidem.
1212 5814 1334 5869 Haec
1390 5815 1533 5871 .lulio
1594 5819 1874 5888 Scaligero
1938 5834 2050 5873 non

2164 4633 2376 4704 ronytni
2427 4634 2750 4703 exagitando
2792 4632 3063 4694 refellant,
3109 4633 3256 4687 illius
3299 4633 3399 4686 viri
3440 4635 3734 4687 auctoritas

2161 4733 2268 4779 tem
2302 4724 2567 4786 minuere,
2601 4733 2654 4779 et
2690 4726 2742 4778 in
2777 4724 2897 4792 ejus
2928 4724 3271 4778 versionibus
3317 4723 3472 4778 fidem
3519 4722 3737 4778 deside-

2163 4828 2283 4867 rare
2311 4832 2324 4868 :
2357 4828 2526 4882 quare
2549 4821 2733 4882 postea
2781 4813 3109 4868 concludant
3147 4821 3201 4870 et
3246 4815 3516 4884 vulgatam
3566 4829 3737 4868 sacrae

2162 4904 2456 4975 Scriptum
2508 4906 2797 4960 editionem
2845 4921 2954 4960 non
2995 4922 3117 4961 esse
3189 4907 3335 4961 illius
3377 4905 3631 4976 ponderis
3680 4913 3735 4960 et

2161 4994 2473 5065 dignitatis,
2527 5003 2689 5065 prout
2740 4996 2884 5050 illam
2919 4997 3079 5050 habet
3125 4997 3391 5051 catholica
3451 4994 3731 5060 Ecclesia;

2158 5103 2327 5155 quare
2369 5103 2536 5142 novas
2576 5088 2679 5158 ipsi
2722 5089 3016 5141 moliantur
3052 5088 3545 5156 interpretationes,
3580 5103 3734 5141 vera-

2158 5194 2262 5249 que
2291 5179 2541 5249 dogmata
2573 5179 2686 5248 jam
2717 5179 2811 5232 diu
2846 5180 3164 5232 confirmata
3195 5194 3257 5232 ea
3295 5179 3642 5242 conturbent,
3676 5188 3733 5232 ut

2158 5284 2293 5323 nova
2325 5284 2423 5324 sua
2453 5268 2880 5338 simplicioribus
2911 5271 3350 5323 communicent:
3389 5270 3481 5325 sed
3510 5270 3734 5324 stabunt

2157 5360 2346 5428 quales
2400 5360 2588 5428 quales
2648 5370 2776 5414 sunt
2835 5359 3145 5430 Hieronymi
3210 5362 3730 5431 interpretationes;

2159 5451 2414 5520 Scaligeri
2446 5451 2492 5504 si
2521 5467 2639 5520 quae
2668 5459 2794 5506 sunt
2836 5453 3085 5522 perbellte
3109 5463 3163 5508 et
3190 5454 3489 5524 elegantes,
3512 5462 3566 5509 et
3596 5455 3733 5507 alio-

2158 5558 2277 5595 rum
2312 5543 2571 5596 similium
2603 5543 2820 5597 cadent.

2225 5633 2342 5688 Col.
2391 5634 2509 5699 709,
2553 5636 2650 5690 lin.
2691 5636 2743 5690 3.
2798 5631 2983 5700 Οὗτος
3014 5636 3241 5688 τοίνυν.
3292 5634 3543 5690 Justinus
3587 5634 3731 5687 Maro

2157 5739 2239 5797 tyr
2295 5725 2666 5780 Cohortatione
2712 5727 2780 5779 ad
2817 5724 3027 5780 Grtccos
3059 5767 3074 5790 ,
3135 5726 3202 5779 de
3247 5727 3437 5781 eodem
3488 5726 3726 5796 Moyse:

2155 5815 2338 5886 Τούτῳ
2383 5816 2595 5886 πρῶτον
2645 5820 2672 5869 ὁ
2724 5817 2874 5881 Θεὸς,
2926 5816 3018 5869 καὶ
3069 5815 3166 5887 τὴν
3216 5815 3415 5871 ἄνωθεν
3465 5817 3558 5872 ἐπὶ
3601 5813 3729 5878 τοὺς
