4112 6406
323 388 435 448 813

1315 378 1382 434 ΙΝ
1421 374 1794 434 EUSTATHII
1835 373 2309 431 llEXAEMERON
2346 376 2578 432 NOTAE.

3460 387 3570 446 ειι

323 508 512 578 ἁγίους
535 504 729 576 ἄνδρας
769 502 916 557 Θείαν
955 501 1048 556 καὶ
1084 499 1421 569 προφητικὴν
1454 497 1756 568 τηνικαῦτα
1796 512 1892 548 κα-

1996 494 2302 548 cellentiam
2357 495 2560 567 Moysis
2609 495 3006 553 demonstrant.
3060 497 3136 555 De
3186 500 3389 574 Moysis
3436 521 3569 563 vero

321 602 541 656 τιοῦσαν
571 599 871 670 παρέσχετο
907 595 1133 668 δωρεὰν,
1164 595 1257 648 καί⁸
1306 593 1519 665 πρῶτον
1558 592 1660 661 τῆς
1711 590 1894 643 θεοσε-

322 694 474 757 ϐείας
498 692 652 765 ἡμῶν
678 690 990 746 διδάσκαλον
1018 686 1268 757 γενέσθαι
1306 684 1712 757 παρεσκεύασεν
1734 700 1747 713 ·
1777 678 1895 736 εἶτα

324 785 441 856 μετ’
471 782 636 837 αὐτὸν
657 783 783 844 τοὺς
808 780 1026 840 λοιποὺς
1064 778 1362 848 προφήτας,
1401 775 1525 851 τοὺς
1570 775 1663 827 καὶ
1699 772 1894 835 αὐτοὺς

320 874 419 944 τῆς
442 871 611 941 αὐτῆς
642 869 790 940 αὐτῷ
818 868 1078 939 τυχόντας
1116 866 1345 936 δωρεᾶς,
1378 865 1471 918 καὶ
1497 863 1566 915 τὰ
1602 862 1740 917 αὐτά
1769 861 1896 931 περὶ

319 956 429 1011 τῶν
456 954 633 1009 αὐτῶν
660 953 972 1019 διδάξαντας
997 952 1166 1022 ἡμᾶς.
1199 948 1290 1003 Sic
1338 950 1465 1003 item
1507 946 1741 1003 Basilius
1780 945 1896 998 Ma-

320 1063 461 1119 gnus
491 1062 523 1101 a
548 1046 749 1118 Moysis
790 1044 1101 1100 laudatione
1126 1058 1254 1098 suas
1279 1045 1334 1097 in
1365 1040 1723 1097 Hexaemeron
1749 1037 1898 1105 ordi_

320 1149 411 1196 tur
441 1139 874 1210 explanationes.
1771 1133 1780 1142 '

386 1224 506 1289 Col.
535 1232 655 1297 709,
679 1230 774 1284 lin.
797 1231 849 1285 5.
876 1229 995 1299 Τὴν
1013 1230 1122 1301 γὰρ
1142 1228 1261 1285 τῶν
1279 1232 1636 1302 Αἰγυπτίων.
1662 1231 1897 1288 Basilius

316 1322 508 1378 hornil.
558 1322 586 1376 1
642 1322 694 1375 in
750 1319 1005 1375 Hexaem.
1049 1336 1067 1374 :
1105 1322 1199 1374 Ὃν
1246 1322 1653 1389 εἰσεποιήσαντο
1707 1321 1805 1392 μὲν
1862 1324 1896 1392 ὴ

317 1412 563 1485 Θυγάτηρ
602 1411 696 1465 τοῦ
734 1410 962 1482 Φαραὼ,
1000 1408 1256 1482 ἐξέθρεψε
1290 1410 1347 1463 δὲ
1390 1409 1715 1480 βασιλικῶς,
1771 1413 1898 1476 τοὺς

320 1506 516 1573 σοφοὺς
546 1504 656 1557 τῶν
699 1503 1012 1573 Αἰγυπτίων
1059 1503 1408 1567 διδασκάλους
1446 1503 1594 1573 αὐτῷ
1626 1504 1723 1575 τῆς
1772 1520 1898 1558 παι-

314 1599 551 1662 δεύσεως
598 1599 956 1670 ἐπιστήσασα.
1002 1597 1258 1653 Pluribus
1316 1596 1432 1652 hac
1483 1598 1670 1652 eadem
1728 1597 1824 1652 lib.
1878 1611 1896 1650 ι

314 1692 515 1747 Strom.
546 1690 798 1746 Clemens
850 1689 1273 1755 Alexandrinus,
1325 1699 1379 1745 et
1426 1707 1677 1762 quanam
1735 1690 1899 1747 fuerit

312 1783 694 1855 Egyptiorum
741 1781 1016 1846 doetrina,
1059 1781 1295 1839 laudatis
1346 1781 1573 1837 Philone
1612 1790 1667 1836 et
1707 1781 1889 1853 Eupo-

1995 587 2333 655 parentibus,
2358 604 2575 657 genere,
2603 588 2798 658 patria,
2824 590 2967 645 infra
3001 592 3205 663 aliquid
3229 611 3295 651 ex
3322 608 3567 655 veterum

1995 679 2214 747 scriptis
2253 678 2636 735 delibabimus.

2066 768 2222 833 lbid.,
2256 771 2353 825 lin.
2402 772 2450 825 7.
2504 773 2619 826 Ύπ’
2666 774 2852 829 αὑτοῦ
2899 773 3200 842 δηλονότι.
3254 776 3379 834 Hac
3422 780 3568 835 enim

1995 877 2118 916 cum
2175 864 2548 919 occultissima
2581 877 2788 929 essent,
2828 877 2884 921 et
2923 883 3139 924 omnem
3193 869 3445 927 humana
3481 874 3570 927 in-

1994 953 2306 1023 telligentia
2330 962 2547 1025 captum
2579 957 2929 1024 excederent,
2973 974 3084 1013 non
3124 969 3333 1029 poterat
3364 979 3573 1035 cogno—

1995 1059 2148 1099 scere
2175 1046 2278 1101 nisi
2305 1045 2509 1102 lumine
2534 1048 2853 1118 prophetico
2891 1050 3220 1108 illustratus.
3251 1052 3371 1109 Non
3400 1054 3573 1115 defuit

1994 1144 2177 1192 tamen
2214 1144 2267 1191 et
2306 1138 2541 1193 humana
2584 1140 2875 1206 industria,
2918 1149 2974 1197 et
3023 1144 3195 1200 solers
3227 1147 3573 1218 prudensquc

1995 1231 2132 1283 tanti
2163 1229 2263 1283 viri
2296 1231 2586 1286 consilium
2613 1250 2628 1296 ;
2671 1233 2871 1287 etenim
2905 1250 3027 1305 qua
3067 1236 3366 1307 scripserat
3397 1242 3574 1309 potuit

1995 1335 2026 1373 a
2055 1320 2179 1375 [iliis
2215 1322 2299 1375 vel
2346 1323 2635 1392 nepotibus
2672 1322 2894 1394 Iosephi
2935 1328 3258 1396 patriarcha
3301 1333 3572 1402 excipere,

1996 1425 2118 1465 cum
2166 1412 2307 1467 inter
2351 1411 2574 1484 Iosephi
2626 1424 2853 1471 mortem
2894 1426 2949 1474 et
2983 1427 3167 1473 ortum
3199 1421 3401 1494 Moysis
3444 1425 3578 1481 anni

1995 1518 2103 1557 non
2151 1505 2334 1575 plures
2376 1516 2611 1576 quatuor
2663 1516 2718 1562 et
2764 1511 3045 1581 sexaginta
3090 1513 3579 1574 interfuerint.Io—

1995 1594 2196 1664 sephus
2247 1595 2435 1651 habuit
2481 1612 2509 1649 a
2560 1607 2714 1668 patre
2768 1616 2870 1657 suo
2915 1594 3141 1665 Iacobo,
3206 1601 3445 1663 Iacobus
3503 1607 3576 1665 ab

1995 1687 2203 1755 lsaaco,
2234 1690 2453 1749 lsaacus
2500 1695 2569 1749 ab
2619 1695 2912 1760 Abraham,
2952 1697 3226 1753 Abraham
3270 1715 3302 1754 a
3344 1699 3470 1757 Sem
3520 1710 3577 1758 et

1994 1778 2130 1846 Noe,
2174 1780 2287 1838 Noe
2332 1784 2402 1839 ab
2443 1800 2545 1840 avo
2589 1801 2689 1842 suo
2731 1786 3084 1844 Mathusalem
3121 1792 3212 1861 qui
3254 1792 3416 1847 simul
3448 1809 3575 1848 cum

312 1851 476 1943 lenio,
518 1875 772 1945 explicat,
818 1888 1003 1945 quem,
1055 1873 1101 1928 si
1161 1875 1315 1939 libet,
1352 1874 1478 1941 adi;
1522 1884 1576 1931 et
1616 1877 1701 1931 his
1747 1851 2161 1931 anti-BAdam
2215 1876 2477 1933 ducentos
2533 1886 2587 1933 et
2640 1879 2996 1952 quadraginta
3045 1851 3159 1939 tres
3207 1898 3383 1941 annos
3414 1887 3573 1950 vixit.

312 1966 473 2038 quior
517 1964 770 2022 Justinus
820 1965 1196 2021 Cohortatione
1238 1967 1307 2019 ad
1359 1975 1532 2036 gentes
1564 1981 1583 2019 :
1615 1970 1752 2038 [Iap‘
1784 1963 1887 2033 οἷς,

311 2057 585 2130 ΛΕεγριὶἰε
613 2058 846 2123 scilicet,
878 2058 979 2111 οὐκ
1021 2057 1215 2129 ἐτέχθη
1269 2058 1512 2128 Μωῦσῆς
1546 2058 1725 2129 μόνον,
1755 2057 1889 2111 ἀλλά

309 2148 408 2202 καὶ
460 2147 641 2218 πάσης
703 2147 801 2219 τῆς
857 2147 1168 2216 Αἰγυπτίων
1217 2146 1548 2212 παιδεύσεως
1602 2151 1891 2220 μετασχεῖν

308 2238 516 2312 ¹ηξιώθη
566 2239 656 2294 διά
700 2239 763 2292 τὸ
805 2239 908 2292 ὑπὸ
948 2239 1215 2312 θυγατρὸς
1260 2240 1521 2311 βασιλέως
1573 2243 1651 2303 εἰς
1702 2240 1891 2304 παιδὸς

308 2330 618 2404 ᾠκειῶσθαι
663 2330 867 2403 χώραν,
901 2332 996 2386 καὶ
1043 2331 1132 2385 διὰ
1176 2332 1274 2403 τὴν
1319 2333 1718 2404 προειρημένην
1757 2331 1891 2404 πρό-

310 2439 478 2493 φασιν
522 2423 719 2493 πολλῆς
759 2422 1022 2494 ἠξιῶσθαι
1072 2424 1327 2494 σπουδῆς,
1372 2424 1447 2489 ὡς
1499 2424 1798 2496 ἱστοροῦσιν
1839 2424 1889 2477 οἰ

310 2515 611 2585 σοφώτατοι
635 2514 743 2569 τῶν
782 2516 1230 2588 ἱστοριογράφων,
1261 2518 1310 2568 οἱ
1346 2516 1552 2569 καὶτὸν
1585 2515 1698 2587 βίον
1723 2516 1888 2570 αὐτοῦ

307 2609 405 2662 καὶ
431 2606 529 2671 τὰς
560 2606 809 2678 πράξεις,
839 2608 933 2662 καὶ
961 2608 1022 2661 τὸ
1052 2608 1144 2662 τοῦ
1177 2608 1367 2677 γένους
1402 2608 1618 2681 ἀξίωμα
1653 2609 1894 2682 ἀναγρά-

307 2694 514 2767 ψασθαι
548 2696 920 2769 προελόμενοι,
946 2696 1119 2750 Φίλων
1165 2715 1225 2750 τε
1269 2699 1361 2752 καὶ
1399 2698 1677 2768 Ἰώσηπος.
1711 2698 1894 2755 Philo-

307 2791 401 2847 nis
425 2791 580 2846 locus
605 2797 689 2846 est
721 2792 759 2845 l.
793 2807 811 2845 1
843 2790 921 2844 De
944 2792 1052 2845 vita
1083 2790 1305 2862 Moysis,
1333 2807 1456 2863 pag.
1484 2793 1628 2859 410;
1667 2790 1891 2862 Iosephi

307 2879 350 2935 l.
382 2896 422 2935 ιι
452 2880 712 2936 Archwol.
748 2881 991 2947 Judaic.,
1020 2899 1074 2941 ο.
1103 2885 1136 2938 5
1166 2903 1181 2939 :
1208 2892 1262 2939 et
1295 2884 1433 2956 Aug.
1466 2885 1503 2939 Ι.
1547 2900 1682 2939 xvm
1712 2884 1789 2938 De
1817 2885 1894 2938 ci-

307 2976 403 3032 vit.
441 2973 559 3039 Dei,
585 2990 637 3030 c.
667 2974 735 3030 57
763 2993 779 3031 :
819 2975 1010 3031 Verum
1035 2976 1174 3047 quod
1211 2976 1483 3045 fatendum
1513 2985 1613 3042 est,
1643 2993 1745 3031 non
1782 2978 1895 3047 qui-

310 3068 432 3122 dem
460 3069 516 3122 in
552 3066 781 3134 Graecia,
824 3067 915 3124 sed
963 3070 1019 3123 in
1064 3068 1308 3122 barbaris
1356 3069 1617 3139 gentibus,
1652 3070 1790 3123 sicut
1838 3069 1893 3123 in

310 3160 568 3233 (Egypto,
578 3161 698 3232 jam
715 3162 893 3231 fuerat
922 3171 1044 3217 ante
1071 3160 1309 3232 Moysem
1340 3162 1597 3215 nonnulla
1623 3162 1888 3229 doctrina,

312 3268 433 3323 qua
464 3252 679 3307 illorum
715 3254 977 3323 sapientia
1021 3251 1574 3324 diceretur;alioquin
1612 3270 1716 3306 non
1751 3253 1890 3307 scri-

310 3353 462 3414 ptum
502 3353 638 3400 esset
669 3346 726 3399 in
751 3344 900 3399 libris
941 3345 1140 3399 sanctis
1170 3342 1406 3414 Moysen:
1438 3345 1704 3398 eruditum
1728 3344 1893 3415 fuisse

312 3440 461 3495 omni
497 3438 755 3507 sapientia
777 3437 1175 3508 Egyptiorum,
1209 3447 1332 3490 tunc
1370 3439 1546 3507 utique
1583 3437 1791 3506 quando
1820 3437 1894 3491 ibi

311 3540 472 3586 natus
502 3538 601 3594 est,
628 3539 677 3585 et
708 3545 742 3583 a
783 3529 901 3599 ﬁlia
938 3528 1241 3584 Pharaonis
1275 3527 1579 3597 adoptatus,
1610 3539 1764 3599 atque
1801 3545 1895 3583 nu—

313 3622 474 3676 tritus
495 3622 654 3675 etiam
683 3620 972 3675 liberaliter
993 3619 1247 3675 educatus
1292 3629 1390 3676 est.
1423 3621 1503 3675 Ex
1542 3621 1741 3690 quibus
1766 3637 1892 3676 ver-—

311 3714 419 3781 bis,
445 3713 589 3771 sicut
615 3714 779 3770 etiam
803 3720 859 3769 et
895 3729 959 3770 ex
992 3713 1062 3769 iis
1089 3728 1211 3783 qua
1243 3727 1408 3783 supra
1438 3728 1536 3785 pro
1568 3713 1894 3783 antiquitate

312 3806 521 3878 Moysis
550 3807 715 3862 allata
742 3815 889 3872 sunt,
923 3806 1246 3863 manifestus
1290 3822 1446 3863 error
1492 3805 1740 3862 Philonis
1771 3808 1892 3862 loco

307 3902 425 3973 jam
455 3902 623 3967 dicto,
642 3901 736 3972 qui
768 3901 837 3957 ad
861 3900 1217 3957 erudiendum
1253 3900 1492 3971 Moysem
1528 3912 1891 3970 praceptores

310 4010 429 4050 non
479 4002 690 4049 tantum
736 4010 769 4051 e
804 3992 1145 4064 prafecturis
1198 3991 1418 4063 Egypti
1462 3993 1745 4062 proximis,
1795 3994 1892 4049 sed

310 4087 480 4143 etiam
524 4088 737 4157 magnis
781 4086 1020 4157 pramiis
1074 4100 1105 4141 e
1145 4083 1351 4140 Gracia
1399 4085 1569 4141 fuisse
1592 4086 1890 4140 invitatos:

309 4178 631 4233 Διδάσκαλοι
656 4178 702 4232 δ’
730 4178 890 4242 εὐθὺς
916 4170 1207 4248 ἀλλαχόθεν
1236 4175 1383 4230 ἄλλοι
1411 4178 1683 4247 παρῆσαν,
1714 4178 1762 4229 οἰ
1795 4176 1892 4247 μὲν

310 4268 424 4325 didii
450 4270 558 4325 τῶν
588 4269 994 4342 πλησιοχώρων,
1027 4270 1118 4323 καὶ
1141 4267 1248 4322 τῶν
1269 4270 1389 4322 κατ’
1415 4269 1685 4337 Αἴγυπτον
1713 4267 1893 4339 νομῶν

308 4362 747 4429 αὐτοκέλευστοι,
769 4365 818 4417 οἱ
854 4364 899 4417 δ’
936 4363 1044 4417 ἀπὸ
1082 4363 1185 4433 τῆς
1217 4362 1462 4427 Ἑλλάδος
1501 4362 1595 4417 ἐπὶ
1630 4361 1894 4433 μεγάλαις

308 4456 543 4527 δωρεαῖς
598 4455 1093 4527 μεταπεμφθέντες.
1141 4453 1208 4508 ΕΙ.
1255 4455 1482 4510 inferius
1523 4473 1536 4509 :
1605 4455 1892 4526 Ἀριθμοὺς

1989 1982 2150 2036 quem
2186 1982 2558 2038 sapenumero
2600 1977 2655 2026 et
2702 1971 2836 2026 vidit
2888 1981 3232 2041 prasentem,
3257 1983 3313 2030 et
3348 1977 3578 2046 loquen-

1992 2074 2099 2125 tem
2147 2060 2387 2123 audivit,
2438 2061 2781 2133 plurimaque
2835 2064 2905 2118 ab
2941 2080 3007 2120 eo
3053 2066 3329 2124 de-rebus
3374 2068 3574 2128 divinis

1990 2151 2219 2206 edoctus
2252 2159 2356 2207 est.
2397 2150 2582 2207 Potuit
2617 2169 2748 2225 ergo
2782 2154 2997 2227 Moyses
3049 2157 3165 2212 hac
3194 2160 3446 2228 quamvis
3486 2160 3576 2215 di-

1990 2244 2117 2295 vina
2153 2242 2389 2296 humana
2418 2244 2631 2299 ratione
2663 2247 2963 2316 percipere,
2988 2255 3041 2301 et
3073 2247 3449 2320 Egyptiorum
3486 2251 3578 2306 do-

1991 2332 2166 2386 ctrina
2197 2333 2478 2402 explorata
2516 2334 2805 2389 verissima
2851 2342 2903 2389 et
2953 2335 3262 2390 certissima
3306 2337 3430 2393 aliis
3462 2345 3576 2393 tra-

1990 2425 2140 2480 dere.

2061 2515 2223 2581 lbid.,
2253 2515 2348 2573 lin.
2406 2516 2494 2570 io.
2540 2515 2650 2570 Kal
2696 2517 2913 2571 πολλοὶ
2961 2516 3078 2571 τῶν
3124 2518 3259 2589 παρ’
3291 2521 3574 2590 Ἕλλησι.

1996 2604 2191 2661 Eadem
2211 2606 2420 2662 ratione
2446 2614 2500 2662 et
2521 2604 2853 2677 Theophilus
2879 2608 2947 2662 ad
2969 2610 3284 2679 Autolycum
3305 2611 3342 2665 ι.
3368 2626 3431 2676 ιι,
3453 2612 3579 2681 phi-

1996 2697 2351 2767 losophorum
2404 2713 2469 2753 ac
2524 2708 2804 2769 poetarum
2854 2713 3020 2769 super
3068 2716 3248 2756 rerum
3297 2703 3581 2760 creatione

1994 2790 2191 2858 placita
2220 2804 2399 2845 meras
2446 2806 2568 2847 esse
2616 2805 2810 2861 nugas,
2858 2801 3020 2862 atque
3062 2795 3407 2862 garrulitates
3442 2793 3580 2869 fates-

1991 2886 2103 2944 tur,
2141 2882 2196 2937 in
2234 2884 2435 2952 quibus
2473 2899 2650 2953 neque
2693 2883 3019 2955 particulam
3058 2885 3303 2941 veritatis
3348 2901 3578 2944 cernere

1992 2977 2118 3047 quis
2147 2982 2343 3045 potest,
2388 2974 2552 3046 idque
2580 2976 2831 3030 venenati
2879 2990 2942 3029 ac
2979 2976 3250 3031 mortiferi
3295 2978 3578 3047 pharmaci

1993 3069 2239 3138 exemplo
2270 3068 2576 3123 conﬁrmat.
2612 3070 2768 3122 Δοκεῖ
2793 3068 2847 3121 δὲ
2876 3068 2943 3121 τὰ
2972 3060 3077 3122 ὑπὸ
3112 3069 3221 3122 τῶν
3251 3069 3573 3141 φιλοσόφων,

1994 3159 2027 3231 ἢ
2055 3158 2435 3232 συγγραφέων,
2467 3160 2562 3214 καὶ
2599 3159 2835 3231 ποιητῶν
2866 3158 3131 3232 εἰρημένα
3161 3158 3449 3227 ἀξιόπιστα
3477 3161 3576 3233 μὲν

1992 3247 2153 3315 εἶναι,
2189 3251 2343 3323 παρά
2375 3251 2436 3305 τὸ
2466 3251 2665 3323 φράσει
2691 3250 3154 3304 κεκαλλωπίσθαιο
3193 3252 3371 3323 μωρὸς
3396 3252 3451 3306 δὲ
3481 3252 3577 3307 καὶ

1994 3340 2150 3403 κενὸς
2181 3343 2209 3394 ὁ
2247 3340 2401 3408 λόγος
2430 3342 2607 3394 αὐτῶν
2635 3342 2943 3396 δείκνυται·
2988 3344 3072 3396 ὅτι
3114 3342 3279 3414 πολλὴ
3320 3343 3419 3413 μὲν
3448 3344 3578 3414 πλη-

1994 3431 2091 3494 θὺς
2114 3432 2215 3501 τῆς
2254 3432 2520 3502 φλυαρίας
2552 3433 2731 3484 αὐτῶν
2775 3434 2914 3496 ἐστι,
2943 3432 3005 3488 τὸ
3032 3432 3191 3505 τυχὸν
3229 3434 3285 3486 δέ
3312 3434 3414 3505 τῆς
3443 3434 3578 3507 άλη-

1993 3522 2141 3586 θείας
2168 3525 2225 3575 ἐν
2262 3523 2443 3586 αὐτοῖς
2475 3524 2572 3593 οὐχ
2611 3524 2944 3595 εὑρίσκεται.
2994 3528 3103 3581 Καὶ
3124 3528 3230 3599 γὰρ
3260 3526 3314 3580 εί
3344 3545 3398 3581 τι
3429 3527 3578 3582 δοκεῖ

1993 3614 2189 3686 ἀληθὲς
2217 3615 2282 3668 δι’
2313 3615 2490 3669 αὐτῶν
2535 3616 2977 3687 ἐκπεφωνῆσθαι,
3011 3620 3312 3692 σύγκρασιν
3357 3620 3467 3692 ἔχει
3504 3622 3574 3693 τῇ

1994 3707 2191 3778 πλάνῃ.
2226 3705 2490 3779 Καθάπερ
2521 3707 2629 3778 γὰρ
2669 3709 2959 3781 φάρμακόν
2996 3728 3046 3764 τι
3095 3712 3418 3786 δηλητήριον
3451 3729 3579 3783 συγ-

1993 3796 2194 3868 κραθὲν
2235 3795 2431 3868 μέλιτι,
2466 3799 2499 3869 ἢ
2536 3799 2681 3870 οἴνῳ,
2723 3800 2755 3872 ἢ
2808 3800 2979 3873 ἑτέρῳ
3014 3803 3141 3865 τινὶ,
3189 3804 3250 3857 τὸ
3284 3808 3390 3860 πᾶν
3435 3805 3579 3858 ποιεῖ

1996 3889 2255 3963 βλαὸερὺν
2294 3891 2387 3944 καὶ
2414 3891 2705 3963 ἄχρηστον,
2735 3891 2877 3946 οῦτω
2919 3886 3014 3947 καὶ
3059 3897 3091 3965 ἡ
3124 3895 3181 3948 ὲν
3210 3897 3393 3961 αὐτοῖς
3421 3898 3581 3951 πολυ-

1992 3984 2145 4055 λογία
2174 3985 2486 4058 εὑρίσκεται
2517 3987 2896 4057 ματαιοπόνια,
2918 3989 3012 4042 καὶ
3040 3987 3208 4061 βλάϐη
3239 3991 3442 4060 μᾶλλον
3463 3993 3580 4056 τοῖς

1994 4076 2334 4148 πειθομένοις
2361 4078 2519 4150 αὐτῇ.
2552 4076 2920 4134 Diti‘erentiam
2960 4081 3112 4147 item,
3139 4096 3261 4151 qua
3306 4089 3391 4137 est
3434 4083 3579 4138 inter

1994 4171 2375 4241 philosophdm
2415 4172 2692 4226 ethnicum
2741 4172 2892 4228 omni
2940 4174 3127 4229 divino
3172 4174 3377 4230 lumine
3407 4176 3580 4231 desti-

1992 4271 2194 4325 tutum,
2243 4262 2731 4335 et'philosophum
2781 4265 2903 4320 tidei
2939 4264 3312 4321 fundamentis
3352 4266 3575 4333 fultum,

1992 4356 2157 4411 etiam
2192 4357 2246 4410 in
2279 4356 2571 4412 litoralibus
2606 4357 3013 4427 elegantissime
3057 4360 3330 4430 expressit
3361 4358 3577 4416 Probus

1992 4442 2652 4520 Constantinopolitanus,
2687 4448 2861 4518 Epist.
2895 4448 2965 4504 ad
2999 4449 3299 4516 Armenios,
3333 4452 3402 4507 de
3427 4450 3574 4509 fide:

311 4542 417 4620 μὲν
442 4543 533 4601 οῦν
568 4547 663 4602 καὶ
690 4545 1028 4618 γεωμετρίαν
1046 4585 1061 4610 ,
1109 4548 1209 4618 τήν
1251 4562 1310 4600 τε
1342 4545 1632 4617 ῥυθμικὴν,
1663 4546 1755 4598 καὶ
1791 4545 1891 4615 ἀρ·
1919 4545 1964 4601 D
1992 4533 2274 4614 Διαφόρως
2294 4542 2351 4596 δὲ
2376 4543 2643 4615 ὡρίσαντο
2677 4543 2806 4615 περὶ
2825 4543 3030 4617 ταύτης
3070 4544 3127 4598 οἵ
3156 4562 3214 4598 τε
3240 4545 3345 4599 ὑπὸ
3367 4546 3579 4617 πλάνης

311 4640 568 4712 μονικὴν,
599 4640 695 4694 καὶ
737 4638 997 4711 μετρικὴν
1033 4638 1287 4707 θεωρίαν,
1333 4638 1429 4690 καί⁵
1481 4636 1744 4707 μουσικὴν
1789 4634 1889 4706 τὴν

311 4733 609 4803 σύμπασαν
635 4731 725 4785 διά
758 4749 819 4784 τε
848 4731 1095 4802 χρήσεως
1142 4729 1408 4800 ὀργάνων,
1439 4722 1534 4783 καὶ
1573 4727 1746 4796 λόγων
1781 4725 1890 4779 τῶν

307 4825 374 4879 ἐν
424 4826 544 4887 ταῖς
579 4824 820 4895 τέχναις,
864 4822 957 4875 καὶ
1000 4820 1251 4886 διεξόδοις
1296 4818 1687 4891 τοπικωτέραις
1723 4819 1890 4888 Αἰγυ-

309 4912 488 4969 πτίων
510 4916 558 4968 οί
586 4913 754 4982 λόγιοι
783 4911 1104 4982 παρέδοσαν,
1136 4911 1231 4963 καὶ
1260 4910 1484 4981 προσέτι
1512 4908 1608 4980 τὴν
1636 4907 1724 4962 διά
1755 4924 1890 4979 συμ-

310 5004 489 5062 ϐόλων
515 5005 847 5077 φιλοσοφίαν,
864 5004 931 5074 ἢν
959 5005 1015 5055 ἐν
1044 5004 1155 5065 τοῖς
1181 5001 1491 5073 λεγομένοις
1522 4998 1684 5072 ἱεροῖς
1710 4999 1891 5070 γράμ-

312 5113 485 5169 μασιν
517 5095 930 5158 ἐπιδείκνυνται,
962 5093 1055 5147 καὶ
1102 5090 1192 5145 διὰ
1232 5091 1331 5161 τῆς
1374 5089 1482 5142 τῶν
1518 5089 1670 5154 ζώων
1697 5088 1891 5141 ἀποδο-

308 5183 442 5256 χῆς,
488 5182 525 5237 ἀ
572 5184 666 5237 καὶ
707 5181 844 5235 θεῶν
888 5182 1071 5252 τιμαῖς
1120 5179 1474 5250 γεραίρουσι·
1504 5177 1602 5250 τὴν
1646 5178 1690 5232 δ’
1723 5177 1889 5250 ἀλλην

309 5274 599 5344 ὶγκύκλιον
626 5274 870 5329 παιδείαν
897 5273 1152 5343 ’Έλληνες
1177 5272 1450 5326 ἐδίδασκον
1467 5289 1480 5303 ο
1520 5274 1567 5326 οἱ
1595 5270 1653 5326 δὲ
1678 5272 1742 5326 ἐκ
1780 5272 1889 5327 τῶν

312 5362 705 5439 πλησιοχώρων
749 5364 821 5419 τά
866 5383 924 5419 τε
958 5363 1217 5437 Ἀσσύρια
1263 5364 1602 5437 γράμματα,
1649 5365 1743 5417 καὶ
1789 5363 1889 5436 τὴν

308 5455 425 5509 τῶν
480 5455 743 5527 οὐρανίων
800 5455 1106 5527 Χαλδαῖκὴν
1157 5456 1486 5528 ἐπιστήμην.
1540 5453 1701 5510 Nulla
1763 5464 1889 5511 ante

311 5545 557 5620 Moysem
587 5548 642 5603 in
672 5546 882 5605 Gracia
910 5550 1180 5614 doctrina,
1211 5550 1376 5606 nulla
1409 5550 1732 5622 disciplina,
1767 5564 1890 5617 qua

310 5640 360 5694 si
388 5639 638 5707 fuissent,
667 5641 857 5713 utique
884 5641 1095 5714 Moyses
1120 5658 1230 5698 non
1259 5643 1514 5699 omnibus
1546 5641 1768 5698 Gracia
1800 5656 1892 5697 sa-

311 5731 593 5801 pientibus
618 5734 888 5804 antiquior
913 5753 928 5803 ;
958 5736 1151 5806 sicque
1187 5744 1412 5790 ruerent
1446 5735 1628 5790 omnia
1654 5734 1889 5790 chrono-

312 5826 645 5896 graphorum
674 5836 1011 5899 argumenta,
1040 5829 1241 5900 quibus
1287 5829 1664 5899 antiquitatem
1712 5836 1766 5884 et
1794 5844 1889 5883 ex-

1995 4634 2287 4705 ἀγχόμενοι
2315 4635 2574 4706 ’Έλληνες
2605 4678 2620 4702 ,
2646 4636 2741 4690 καὶ
2781 4635 2841 4688 τὸ
2869 4636 3093 4708 ἀκριϐὲς
3125 4636 3226 4708 τῆς
3251 4637 3578 4711 διακρίσεως

1996 4726 2101 4782 ὑπὸ
2139 4729 2238 4800 τῆς
2272 4728 2403 4801 περὶ
2440 4722 2501 4782 τὸ
2546 4728 2701 4783 Θείον
2744 4728 2966 4798 ἀγνοίας
2993 4726 3456 4802 ἐπισκοτούμενοι,
3480 4729 3578 4783 καὶ

1993 4822 2043 4873 οἱ
2076 4818 2162 4874 διὰ
2189 4819 2424 4884 πίστεως
2450 4821 2575 4884 τοὺς
2602 4820 2912 4891 ὀφθαλμοὺς
2935 4821 3035 4892 τῆς
3075 4821 3309 4885 διανοίας
3339 4839 3578 4893 πεφωτι-

1999 4908 2183 4981 σμένοι
2230 4911 2586 4981 Χριστιανοὶ,
2626 4910 2722 4966 καὶ
2760 4908 2897 4983 πρὸς
2943 4910 3032 4965 τὸν
3080 4912 3179 4983 τῆς
3231 4911 3577 4985 δικαιοσύνης

1994 5002 2144 5072 ἥλιον
2175 5000 2387 5072 τρανῶς
2413 5000 2501 5054 διά
2528 5003 2628 5073 τῆς
2652 5002 2957 5073 ,ὁμολογίας
2980 5001 3241 5066 ἀτενίζειν
3264 5002 3571 5074 δυνάμενοι.

1996 5096 2059 5149 Οί
2094 5091 2192 5163 μὲν
2220 5093 2330 5166 γὰρ
2357 5096 2470 5159 τοῖς
2497 5095 2719 5159 οἰκείοις
2762 5095 3039 5166 λογισμοῖς
3078 5092 3264 5168 ὥσπερ
3294 5097 3352 5150 ἐν
3391 5096 3573 5151 σκότει

1996 5185 2441 5256 προσπταίοντες,
2474 5187 2569 5239 καὶ
2600 5182 3034 5255 ἀνηγεμόνευτον
3060 5187 3274 5257 ἔχοντες
3310 5186 3416 5240 ὑπὸ
3449 5204 3577 5259 προ-

1994 5271 2206 5348 λήψεως
2233 5272 2323 5328 τὸν
2361 5274 2483 5329 νοῦν
2505 5274 2819 5343 ἐπισφαλῶς
2846 5275 3087 5330 ὁδεύουσι
3125 5279 3235 5342 τοῖς
3271 5278 3571 5349 λογισμοῖς,

1999 5358 2166 5440 μόνην
2196 5368 2253 5419 ἐν
2284 5361 2365 5430 οἷς
2395 5364 2776 5437 δογματίζουσι
2815 5366 3174 5437 ψηλαφῶντες
3210 5369 3308 5441 τὴν
3343 5370 3575 5444 ῥέουσαν

1996 5463 2089 5516 καὶ
2115 5461 2343 5515 ἄστατον
2371 5460 2478 5514 τῶν
2504 5458 2795 5533 ὁρωμένων
2821 5458 3009 5530 φύσιν·
3040 5460 3101 5514 τὸ
3129 5462 3186 5515 δὲ
3215 5464 3319 5533 τῆς,
3338 5464 3574 5535 ἀληθοῦς

1996 5553 2228 5626 θεωρίας
2257 5553 2428 5625 ὄμμα,
2469 5548 2503 5626 ἢ
2535 5551 2975 5624 ἀμϐλυώττοντες
3006 5553 3112 5608 ὑπὸ
3149 5556 3359 5625 χρόνου,
3395 5557 3430 5629 ἢ
3466 5576 3576 5631 πη-

1997 5644 2259 5717 ρωθέντες
2293 5643 2397 5698 ὑπὸ
2454 5643 2683 5714 πλάνης,
2712 5641 3018 5698 ἀπώλεσαν.
3056 5643 3306 5716 Legenda
3346 5648 3573 5705 omnino

1995 5747 2079 5794 est
2109 5737 2445 5806 lepidissima
2492 5734 2996 5806 facundissimaque
3041 5736 3276 5793 Hermia
3326 5740 3574 5810 philoso-

1997 5830 2090 5903 phi
2123 5816 2573 5901 pliilosophomm
2605 5829 2890 5902 gentilium
2928 5829 3132 5895 irrisio,
3163 5830 3217 5885 in
3257 5847 3363 5903 qua
3399 5831 3573 5888 multa
