4112 6414
450 420 452 422 ⁷
491 406 596 463 815

1821 401 2067 460 ιεοΝιε
2106 399 2383 455 ΑιιΑτιι

3629 399 3732 459 £16

493 530 732 580 enarrat,
776 524 832 572 ut
880 517 1323 573 contrarietatem
1379 533 1499 588 qua:
1548 519 1602 572 in
1634 533 1823 574 eorum
1867 519 2074 590 opinio-
2101 523 2147 577 Α
2173 517 2418 579 Percrio,
2447 521 2493 575 si
2544 519 2825 575 sententia:
2853 517 3080 574 Joannis
3107 517 3219 571 Pici
3255 518 3325 571 ita
3361 517 3654 573 elaboratae
3681 510 3736 572 εί

493 613 654 670 n;bus
682 618 766 667 est
796 609 1106 681 patefaciat,
1145 619 1199 665 et
1235 610 1644 678 inquisitionem
1689 624 1871 666 rerum
1907 625 2069 680 quam

493 698 799 768 suscipiunt
848 698 902 750 in
950 697 1222 751 inlinitum
1260 697 1482 767 vagari,
1525 707 1580 753 et
1628 699 1779 752 nullo
1839 700 2072 754 termino

489 791 1095 860 Contineri,'eorumque
1121 787 1279 845 finem
1305 802 1427 844 esse
1451 790 1880 866 inexplicabilem
1909 797 2072 861 atque

490 883 759 942 inutilem,
795 882 996 950 quippe
1027 883 1170 950 quod
1217 881 1364 934 nulla
1399 894 1457 936 re
1485 883 1741 946 evidenti,
1778 890 1832 936 et
1862 883 2074 938 ratione

489 974 780 1045 perspicua
811 972 1185 1027 confirmetur.
1219 972 1322 1036 Qui
1366 985 1474 1026 non
1503 980 1712 1027 tantum
1743 990 1922 1028 rerum
1961 983 2074 1028 sta-

492 1075 606 1119 tum
638 1065 967 1134 modumque
1008 1080 1116 1118 non
1148 1073 1541 1134 cognoverunt,
1573 1065 1668 1120 sed
1712 1067 1949 1120 maxima
1990 1067 2074 1120 in-

492 1157 652 1212 scitia
694 1157 966 1226 stultaque
1011 1155 1174 1213 animi
1207 1156 1553 1211 contentione
1585 1156 1864 1211 veritatem
1900 1157 2071 1227 i‘psam

489 1259 808 1321 oppugnare
856 1263 1066 1302 summa
1113 1263 1216 1317 ope
1261 1249 1444 1302 conati
1495 1256 1658 1312 sunt,
1717 1249 2071 1320 Porphyrius,

491 1339 758 1402 Proclus,
805 1338 1115 1409 Eunapius,
1149 1337 1422 1405 Zosimu's,
1469 1341 1820 1411 sexcentique
1864 1342 1955 1395 alii
2004 1340 2073 1396 de

491 1433 692 1502 quibus
723 1433 776 1485 in
811 1431 1038 1485 historia
1068 1445 1350 1487 sermones
1376 1432 1596 1502 prolixi.

565 1525 682 1578 Col.
704 1522 826 1584 709,
851 1523 949 1576 lin.
977 1521 1065 1576 η.
1099 1521 1176 1576 Τὰ
1199 1522 1310 1593 γὰρ
1344 1513 1414 1588 ἐξ
1440 1523 1840 1593 ἀνθρωπίνης.
1865 1521 2072 1577 Tamen

491 1615 932 1688 quandocunque
965 1615 1418 1684 philosOphorum
1450 1616 1649 1686 placita
1685 1624 1846 1685 atque
1866 1616 2074 1671 doctri-

491 1722 575 1762 na
604 1721 632 1759 a
664 1707 890 1760 veritate
923 1721 1034 1759 non
1063 1706 1338 1772 vacillant,
1364 1708 1454 1762 ubi
1488 1709 1627 1762 ratio
1658 1724 1846 1764 eorum
1881 1709 2073 1762 mani-

491 1801 631 1857 festa
672 1807 776 1865 est,
823 1807 1144 1869 certumque
1197 1803 1652 1870 experimentum,
1711 1816 1835 1855 cum
1898 1801 2071 1856 sacris

492 1893 691 1947 litteris
726 1891 948 1945 minime
973 1866 1425 1956 contraria-sint,
1473 1901 1582 1947 nun
1629 1902 1715 1947 est
1758 1909 1858 1947 cur
1889 1894 1957 1948 ab
1990 1895 2070 1949 eis
2104 1866 2146 1921 Β

492 1983 886 2036 abhorreamus
930 1997 944 2032 :
995 1983 1197 2036 veritas
1231 1983 1377 2038 enim
1419 1995 1711 2038 sacrarum
1765 1985 2069 2039 litterarum

491 2090 762 2144 nusquam
793 2074 1047 2128 humanis
1073 2075 1380 2129 rationibus
1409 2082 1463 2130 et
1515 2076 1903 2146 experimentis
1941 2093 2071 2131 con-

490 2167 660 2220 traria
690 2174 794 2221 est.
845 2163 985 2218 Tuta
1016 2172 1101 2220 est
1127 2181 1292 2237 super
1322 2167 1424 2222 hoc
1447 2168 1737 2237 Augustini
1780 2169 2068 2232 sententia,

493 2261 587 2318 lib.
613 2277 631 2314 ι
660 2261 712 2314 in
741 2259 922 2316 Cenes.
960 2261 1028 2314 ad
1052 2260 1236 2324 litter.,
1275 2275 1395 2330 cap.
1422 2260 1484 2314 2|
1527 2284 1540 2315 -.
1580 2261 1691 2314 lloc
1717 2262 2074 2316 indubitanter

496 2353 773 2406 tenendum
803 2362 900 2416 est,
932 2363 989 2406 ut
1021 2351 1273 2423 quidquid
1301 2355 1560 2420 sapientes
1593 2353 1755 2424 hujus
1803 2359 1984 2410 mundi
2010 2359 2074 2411 de

493 2453 691 2498 natura
717 2460 891 2497 rerum
921 2446 1173 2498 ueraciter
1195 2444 1556 2500 demonstrare
1577 2450 1862 2515 potuerint,
1895 2460 2040 2504 osten
2057 2481 2074 2492 -

495 2535 688 2590 damus
721 2537 914 2589 nostris
940 2537 1125 2589 litteris
1155 2552 1256 2589 non
1283 2553 1394 2590 esse
1423 2541 1746 2593 contrarium
1772 2558 1793 2604 ;
1821 2541 2074 2612 quidquid

499 2637 674 2680 autem
696 2628 780 2682 illi
808 2629 865 2680 in'
895 2629 1006 2682 suis
1043 2627 1394 2682 voluminibus
1429 2633 1756 2684 contrarium
1795 2635 1963 2686 sacris
1988 2636 2075 2686 lit-

497 2720 623 2774 teris
650 2719 855 2786 docent,
873 2722 986 2774 sine
1013 2719 1124 2773 ulla
1151 2720 1477 2774 dubitatione
1495 2724 1768 2776 credamus
1795 2723 1848 2776 id
1878 2725 2076 2793 falsum

493 2826 630 2874 esse,
671 2820 718 2864 et
758 2828 964 2881 quoquo
1008 2810 1160 2866 modo
1193 2828 1470 2881 possumus
1503 2816 1662 2868 etiam
1687 2816 2021 2870 ostendamus
2054 2834 2074 2872 .'

496 2911 653 2972 atque
698 2903 775 2954 ita
801 2910 1062 2955 teneamus
1091 2902 1247 2971 ﬁdem
1270 2902 1486 2956 Domini
1509 2906 1697 2967 nostri,
1730 2907 1786 2958 in
1825 2923 1926 2975 quo
1951 2900 2075 2960 sun‘

499 2993 795 3048 abseondlti
824 3010 1001 3047 omnes
1033 2995 1265 3049 thesauri
1300 2997 1591 3064 sapientiae,
1633 3009 1691 3053 ut
1728 3017 1888 3070 neque
1921 3002 2076 3070 [alue

495 3082 839 3154 philosophia:
887 3085 1207 3155 loquacitate
1262 3087 1577 3142 seducamur
1607 3107 1768 3160 neque
1812 3093 2078 3149 simulata?

2173 611 2454 679 explicata:
2481 609 2768 665 dissonant
2815 626 2844 664 a
2879 610 3164 665 sententiis
3199 608 3420 680 Moysis,
3447 616 3739 680 textusqus

2173 700 2321 755 illius
2350 702 2699 756 discordant?
2732 702 2778 758 si
2813 701 3153 767 discordant,
3187 717 3308 772 quae
3346 708 3431 756 est
3480 701 3595 755 haec
3625 701 3740 757 dis-

2170 794 2491 848 cordantia?
2523 793 2778 858 fateatur,
2837 791 3033 848 deinde
3067 791 3483 847 animadvertat.
3551 789 3609 846 Si
3651 791 3740 849 in-

2171 887 2381 941 hmrent
2415 887 2696 942 sententiae
2722 886 2943 957 Moysis,
2972 892 3028 940 et
3063 885 3245 941 verbis
3271 893 3398 940 sunt
3428 898 3740 938 accommo-

2172 978 2336 1044 datae,
2373 987 2428 1033 et
2473 986 2806 1050 congruunt,
2851 989 2952 1034 nec
2983 993 3013 1031 a
3044 975 3328 1032 Catholica
3359 976 3608 1039 veritate,
3637 987 3742 1028 nec

2169 1079 2486 1125 Sanctorum
2520 1067 2740 1124 Patrum
2773 1070 2937 1125 dictis
2965 1069 3281 1126 abhorrent.
3328 1066 3525 1137 utquid
3557 1065 3742 1137 culpat

2174 1160 2548 1232 inculpatum?
2597 1159 2944 1217 Tentandum
2975 1168 3062 1216 est
3112 1161 3320 1230 aliquid
3365 1157 3623 1214 maximis
3650 1156 3742 1212 in.

2171 1253 2369 1324 geniis,
2399 1268 2519 1323 quze
2551 1251 2704 1307 frena
2739 1255 2849 1324 pati
2884 1253 3137 1308 nesciunt
3169 1295 3183 1318 ,
3211 1252 3458 1306 laxandze
3492 1257 3622 1304 sunt
3649 1247 3741 1304 in-

2171 1346 2315 1417 genii
2339 1346 2502 1408 vires,
2529 1361 2629 1401 nec
2671 1347 3064 1417 angustissimo
3091 1347 3443 1416 antiquorum
3487 1357 3620 1415 gyro
3649 1357 3744 1397 eo-

2173 1452 2292 1490 rum
2335 1437 2568 1506 impctus
2600 1436 2953 1508 refringendi.
3009 1437 3135 1492 Haec
3169 1437 3331 1492 sicuti
3367 1433 3551 1495 laudo,
3585 1432 3666 1488 sic
3687 1437 3745 1487 et

2171 1526 2420 1596 Cajetani
2482 1528 2808 1582 sententiam
2858 1527 3014 1581 initio
3049 1525 3578 1581 Commentariorum
3612 1535 3744 1577 suo-

2172 1631 2293 1670 rum
2344 1618 2400 1669 in
2458 1614 2700 1670 Genesim
2776 1615 3076 1679 accusavi;
3121 1631 3183 1670 ea
3238 1623 3418 1668 autem
3475 1622 3561 1668 est
3619 1629 3634 1667 :
3681 1606 3745 1666 Si

2172 1707 2381 1778 quando
2419 1708 2705 1761 occurrerit
2766 1707 2958 1776 aliquis
3013 1721 3193 1759 sensus
3245 1704 3410 1758 textui
3458 1718 3742 1766 consonus,

2171 1799 2408 1868 quamvis
2439 1815 2472 1852 α
2505 1807 2733 1852 torrente
2777 1797 3053 1851 doctorum
3083 1797 3310 1862 alienus,
3339 1795 3501 1848 lector
3535 1809 3743 1864 mquam

2172 1907 2226 1944 se
2260 1891 2491 1960 prebeat
2525 1907 2810 1955 censorem,
2838 1890 3116 1958 nullusque
3137 1887 3440 1950 detestetur,
3463 1885 3601 1955 quod
3629 1884 3744 1938 dis-

2173 1993 2318 2037 sonet
2352 2001 2383 2036 a
2406 1983 2593 2051 priscis
2624 1981 2948 2040 doctoribus.
2993 1979 3116 2035 Non
3157 1981 3294 2033 enim
3320 1977 3562 2048 alligauit
3601 1975 3743 2030 Deus

2171 2079 2548 2146 expositionem
2570 2076 2858 2144 Scriptura:
2877 2077 3174 2143 priscorum
3191 2072 3462 2126 doctorum
3485 2067 3744 2131 sensibus,

2173 2172 2408 2240 alioquin
2440 2186 2553 2239 spes
2589 2169 2736 2223 nobis
2773 2170 3046 2222 tolleretur
3068 2167 3358 2234 exponendi
3390 2163 3744 2232 Scripturam,

2175 2263 2277 2314 nisi
2325 2261 2712 2330 transferendo,
2759 2269 2816 2312 ut
2849 2262 3022 2320 aiunt,
3053 2259 3116 2311 de
3147 2256 3281 2310 libro
3311 2257 3366 2309 in
3389 2253 3743 2325 quinternum.

2176 2351 2407 2407 Textum
2442 2362 2625 2407 autem
2659 2351 2926 2406 Eustatbii
2974 2349 3220 2403 Graecum
3249 2347 3322 2400 ita
3357 2346 3590 2401 restituo
3624 2363 3636 2396 2
3666 2343 3748 2394 Τὰ

2173 2446 2285 2516 γὰρ
2311 2445 2369 2511 ἐξ
2405 2444 2747 2516 ἀνθρωπίνης
2782 2443 3018 2506 διανοίας
3059 2439 3462 2512 περιφερόμενα
3504 2437 3750 2507 δόγματα

2176 2538 2360 2607 ἀσαφῆ
2389 2538 2646 2608 τυγχάνει
2674 2537 2768 2590 καὶ
2798 2536 3191 2606 ἀνερμάτιστα.
3242 2533 3497 2587 Consona
3526 2529 3746 2583 tandem

2177 2639 2307 2684 sunt
2341 2633 2502 2685 verba
2538 2628 2722 2684 Basilii
2781 2629 2836 2682 in
2869 2627 3243 2699 philosophos,
3279 2625 3426 2679 hom.
3463 2625 3484 2677 l
3522 2641 3535 2677 :
3571 2620 3750 2675 Πολλὰ

2177 2722 2306 2793 περὶ
2334 2721 2549 2790 φύσεως
2582 2718 3106 2792 ἐπραγματεύσαντο
3145 2719 3193 2770 οἱ
3220 2717 3329 2770 τῶν
3360 2715 3628 2785 Ἑλλήνων
3656 2729 3748 2767 σο-

2177 2813 2288 2881 φοὶ,
2314 2814 2408 2866 καὶ
2441 2811 2558 2865 οὺδέ
2594 2807 2673 2874 εἷς
2703 2811 2831 2882 παρ’
2857 2811 3038 2871 αὐτοῖς
3063 2808 3218 2876 λόγος
3241 2805 3469 2876 ἕστηκεν
3498 2803 3752 2875 ἀκίνητος

2177 2908 2271 2960 καὶ
2297 2907 2612 2971 ἀσάλευτος,
2631 2907 2716 2959 ἀεὶ
2741 2904 2835 2958 τοῦ
2861 2905 3114 2976 δευτέρου
3143 2905 3234 2958 τὸν
3256 2903 3360 2974 πρὸ
3392 2901 3555 2955 αὐτοῦ
3585 2915 3752 2954 κατα-

2178 2997 2463 3061 ϐάλλοντος
2489 3016 2502 3030 ο
2527 2997 2667 3050 ὥστε
2696 2999 2827 3068 ἡμῖν
2870 2995 3034 3067 μηδὲν
3063 2993 3222 3066 ἔργον
3254 2989 3392 3045 εἶναι
3419 2991 3489 3046 τὰ
3527 2989 3753 3044 ἐκείνων

2178 3091 2451 3164 ἐλέγχειν·
2492 3089 2719 3163 ἀρκοῦσι
2761 3090 2867 3161 γὰρ
2915 3089 3164 3160 ἀλλήλοις
3217 3088 3353 3158 πρὸς
3400 3085 3497 3156 τὴν
3544 3083 3752 3136 οἰκείαν

489 3175 770 3247 religionis
801 3179 1175 3247 superstitione
1199 3189 1510 3246 terreamur.
1540 3181 1604 3236 Et
1639 3193 1699 3237 ut
1735 3185 1788 3238 in
1825 3199 1884 3238 re
1913 3187 2076 3242 nimis

2179 3186 2512 3257 ἀνατροπὴν.
2548 3185 2610 3236 Et
2645 3185 2790 3239 hom.
2834 3184 2868 3236 5
2899 3199 2912 3234 :
2942 3183 3052 3236 Καὶ
3083 3181 3135 3234 τι
3163 3182 3244 3234 δεῖ
3283 3181 3574 3252 πράγματα
3606 3178 3752 3249 ἔχειν

499 3271 697 3342 agitata
726 3279 779 3327 et
803 3280 1175 3336 controversa,
1205 3270 1380 3327 dicam
1410 3273 1553 3344 quod
1581 3276 1812 3330 sentiam
1848 3278 2016 3333 libere
2058 3294 2073 3332 :

501 3365 730 3434 Semper
762 3364 885 3418 illos
915 3363 1275 3418 stultissimos
1309 3365 1640 3429 existimavi,
1695 3367 1789 3436 qui
1846 3367 1919 3420 ita
1953 3375 2083 3422 sunt

497 3457 860 3527 philosophiae
905 3465 960 3511 et
983 3455 1309 3511 cultioribus
1344 3457 1540 3512 litteris
1562 3456 1782 3521 infensi,
1808 3466 1866 3512 ut
1892 3475 1960 3514 ne
1985 3475 2084 3514 auo

497 3550 670 3605 ditum
704 3550 921 3620 quidem
948 3565 1135 3604 earum
1169 3551 1506 3620 permittant.
1536 3551 1652 3606 Alia
1675 3553 1854 3606 omnia
1883 3553 1952 3608 ab
1975 3553 2082 3611 illis

497 3642 724 3697 habent.
759 3640 1164 3710 Scripturaeque
1202 3642 1366 3696 verba
1398 3643 1471 3696 ita
1513 3643 1839 3713 detorquent
1884 3654 2083 3702 utnon

503 3733 654 3786 illius
685 3733 1037 3798 sententiam,
1063 3733 1158 3787 sed
1188 3734 1316 3803 quid
1347 3734 1523 3788 exteri
1559 3737 1833 3791 senserint
1861 3739 2081 3794 curiose

500 3822 842 3892 perquirunt,
876 3829 929 3876 et
953 3822 1024 3876 ita
1058 3824 1274 3877 illorum
1305 3825 1587 3882 sententiae
1612 3824 1950 3898 Scripturam
1983 3847 2079 3885 ac-

504 3915 878 3970 commodant.
913 3913 1006 3969 Nae
1035 3931 1250 3986 semper
1272 3919 1348 3970 uti
1379 3919 1837 3988 prudentissimos
1863 3919 2076 3976 laudavi

503 4023 600 4062 eos
629 4008 720 4078 qui
749 4009 991 4062 rationes
1021 4007 1290 4064 humanas
1338 4025 1576 4080 veraque
1607 4013 1979 4082 experimenta
2007 4018 2079 4070 ita

503 4099 800 4170 explicant,
826 4110 885 4152 ut
922 4099 1064 4153 idem
1098 4115 1222 4153 cum
1250 4100 1451 4156 divinis
1499 4103 1698 4158 litteris
1734 4109 1935 4163 sentire
1964 4111 2080 4163 cla-

503 4192 723 4247 rissime
753 4192 1150 4253 demonstrent,
1187 4201 1241 4247 et
1272 4201 1505 4248 mentem
1551 4196 1763 4251 illorum
1794 4217 1916 4254 cum
1952 4215 2080 4256 vero

504 4285 806 4356 Scriptura:
855 4300 1019 4340 sensu
1071 4295 1374 4356 congruere
1417 4285 1792 4346 cﬂiracissime
1822 4294 2075 4360 probant.

504 4374 766 4440 Quamvis
812 4376 955 4429 enim
997 4377 1195 4431 divina:
1249 4379 1442 4434 littera:
1475 4382 1624 4435 nullo
1667 4382 1941 4453 indigeant
1982 4400 2080 4439 ent--

502 4474 664 4520 terno
693 4467 957 4534 subsidio,
996 4469 1088 4523 sed
1117 4477 1331 4524 suomet
1363 4471 1547 4526 divino
1576 4475 1768 4543 spiritu
1811 4475 1962 4529 fulta:
1989 4492 2074 4532 ve-

2183 3279 2330 3350 ἠμᾶς
2370 3277 2430 3329 τὸ
2471 3276 2662 3345 ψευδὲς
2712 3275 2890 3329 αὐτῶν
2938 3273 3333 3344 διελέγχοντας,
3382 3267 3461 3335 οἷς
3512 3270 3751 3340 ἐξαρκεῖ,

2180 3369 2281 3432 τὰς
2299 3366 2478 3422 αὐτῶν
2501 3367 2724 3420 ἐκείνων
2747 3365 2958 3436 βίϐλους
2981 3363 3236 3432 ἀλλήλαις
3263 3360 3752 3432 ἀντιπαραθέντας,

2181 3463 2240 3514 ἐν
2255 3461 2454 3532 ἠσυχίᾳ
2478 3459 2644 3529 πολλῇ
2667 3457 2864 3521 Θεατὰς
2884 3457 3062 3512 αὐτῶν
3077 3455 3169 3508 τοῦ
3197 3455 3431 3525 πολέμου
3453 3452 3752 3526 καθῆσθαις

2181 3552 2320 3608 Οὔτε
2371 3553 2480 3624 γὰρ
2523 3550 2740 3623 ἀριθμῷ
2785 3550 3058 3613 ἐλάττους,
3111 3548 3232 3602 οὔτε
3288 3543 3555 3617 ἀξιώματι
3600 3547 3752 3616 ὑφει-

2185 3647 2355 3718 μένοι,
2381 3645 2693 3716 πολυφωνίᾳ
2713 3643 2768 3697 δέ
2793 3643 2886 3697 καὶ
2907 3642 3055 3713 παρὰ
3081 3641 3216 3696 πολὺ
3245 3641 3589 3713 διαφέροντες
3619 3640 3754 3712 πρὸς

2179 3735 2240 3788 τὸ
2271 3733 2510 3788 ἐναντίον
2543 3733 2727 3795 αὐτοῖς
2761 3729 3236 3783 ἀντικαθίστανται
3266 3727 3442 3795 λόγον.

2251 3829 2414 3892 lbid.,
2443 3828 2540 3880 lin.
2590 3825 2674 3880 19.
2735 3825 3054 3889 Ἐποίησεν
3083 3825 3116 3875 ό
3149 3821 3290 3886 Θεὸς
3331 3820 3438 3874 τὸν
3475 3819 3750 3887 οὐραγόν.

2181 3923 2339 3977 Circa
2389 3922 2551 3990 hujus
2608 3919 2713 3972 loci
2769 3915 3166 3988 expositionem
3205 3929 3233 3967 a
3276 3911 3597 3982 quibusdam
3644 3911 3754 3963 Au-

2181 4015 2435 4086 gustinus
2492 4011 2809 4082 Eugubinus
2866 4009 3059 4063 acerbe
3117 4005 3406 4061 admodum
3458 4005 3753 4074 reprehen-

2181 4107 2351 4172 ditur,
2382 4112 2437 4158 et
2481 4104 2600 4172 eius
2634 4103 2906 4173 expositio
2938 4100 3101 4155 veluti
3144 4099 3279 4154 falsa
3312 4108 3365 4154 et
3398 4097 3752 4169 perabsurda,

2180 4206 2231 4255 et
2276 4216 2303 4253 a
2350 4199 2659 4254 Christiana
2709 4196 3000 4266 disciplina
3050 4194 3353 4248 abhorrens
3397 4209 3504 4247 non
3551 4195 3750 4255 solum,

2181 4293 2275 4347 sed
2306 4299 2565 4358 tauquam
2606 4300 2920 4358 perversum
2962 4297 3013 4340 et
3058 4287 3282 4356 impium
3339 4285 3531 4354 dogma
3565 4283 3754 4353 explo-

2182 4387 2350 4439 ditur.
2386 4381 2484 4436 iiic
2525 4395 2760 4449 namque
2789 4379 2842 4433 in
2884 4390 2981 4432 sua
3015 4377 3361 4446 CosmOpa-ia,
3389 4386 3442 4431 et
3475 4384 3636 4431 tract.
3676 4372 3756 4428 De

2183 4477 2388 4530 naturis
2435 4473 2776 4541 inrorporeis,
2809 4469 2999 4524 scribit
3045 4471 3241 4524 callum
3289 4483 3601 4540 empyreum
3632 4481 3755 4522 esse

502 4558 722 4612 ritatem
759 4557 893 4611 nulli
951 4557 1170 4612 dubiam
1217 4561 1470 4614 omnibus
1523 4564 1876 4618 manifestam
1920 4585 1932 4620 :
1968 4584 2077 4623 non

2186 4562 2463 4633 quidpiam
2516 4573 2776 4615 atomum
2824 4568 2877 4613 et
2943 4558 3266 4621 iucreatum,
3316 4557 3419 4611 hoc
3473 4565 3576 4629 est,
3631 4573 3755 4612 esse

503 4657 590 4703 est
619 4657 798 4704 tamen
831 4649 899 4703 ab
925 4665 1112 4703 earum
1147 4651 1429 4720 majestate
1449 4660 1502 4706 et
1526 4653 1791 4724 dignitate
1841 4658 2078 4713 alienum

503 4749 558 4794 et
598 4740 939 4804 indecorum,
981 4742 1025 4795 si
1081 4741 1226 4797 illius
1262 4744 1505 4798 veritatis
1557 4753 1765 4800 tantam
1808 4762 1928 4803 esse
1971 4751 2080 4804 vim

503 4848 903 4905 cognoscamus
930 4835 1002 4887 ita
1050 4843 1106 4888 ut
1134 4844 1187 4888 et
1221 4835 1343 4890 aliis
1373 4837 1507 4890 satis
1540 4846 1732 4907 patens
1763 4839 1926 4894 fuerit
1961 4857 2080 4896 ma-

505 4925 785 4982 nifestata.
808 4924 1084 4980 immerito
1116 4926 1296 4997 itaque
1318 4929 1372 4980 in
1404 4927 1612 4994 Cenes.,
1633 4931 1728 4984 lib.
1757 4943 1795 4993 t,
1828 4931 2081 4988 Pererius

503 5017 855 5086 reprehendit
912 5015 1176 5072 Joannem
1231 5017 1417 5072 Picum
1476 5020 1937 5090 Mirandulanum,
1987 5027 2080 5096 qui

506 5124 672 5179 super
701 5117 864 5179 caput
919 5112 1154 5179 primum
1197 5111 1472 5168 Geueseos
1509 5114 1828 5183 lleptaplum
1860 5133 2083 5188 compoo

507 5208 714 5265 suerat,
746 5209 800 5254 et
829 5209 1035 5271 septem
1073 5217 1240 5257 novas
1287 5205 1680 5273 expositiones,
1714 5208 2082 5280 doctrinaeque

508 5289 706 5361 Moysis
740 5293 806 5346 de
863 5293 1120 5360 operibus
1156 5309 1248 5348 sex
1305 5294 1518 5348 dierum
1553 5311 1582 5350 a
1633 5299 1785 5351 nullo
1837 5302 2080 5369 priorum

507 5384 836 5453 scriptorum
875 5394 1131 5447 tentatas,
1169 5400 1198 5437 a
1232 5400 1292 5439 se
1334 5397 1515 5440 autem
1575 5389 1752 5458 primo
1790 5393 2078 5461 cogitatas,

506 5473 778 5534 iuventas,
804 5477 1133 5541 elaboratas,
1172 5481 1551 5549 perfectasque
1585 5483 1962 5551 pertractavit,
2016 5485 2083 5537 li-

509 5565 774 5634 brumque
808 5567 955 5620 illum
995 5583 1183 5636 parum
1224 5569 1288 5622 ad
1309 5569 1614 5624 doctrinam
1651 5570 1851 5642 Moysis
1879 5572 2082 5625 intelli-

507 5656 737 5724 gendam
789 5657 1112 5714 conducere.
1168 5660 1497 5726 Qtucsissem
1551 5664 1738 5733 utique
1783 5665 2014 5718 libenter
2047 5679 2076 5718 a

587 5833 608 5870 ¹
641 5832 792 5890 Psal.
829 5852 943 5902 cm,
977 5840 1032 5893 2.
1110 5843 1128 5872 ⁸
1159 5841 1186 5893 1
1225 5842 1358 5897 Tim.
1381 5861 1450 5910 ri,
1481 5845 1563 5900 lli.
1638 5843 1840 5900 'Joan.
1878 5845 2083 5911 xvn,5.

2186 4655 2384 4717 lucem,
2433 4662 2483 4707 et
2531 4651 2833 4707 claritatem
2876 4651 3164 4720 quamdam
3213 4658 3522 4704 manantem
3563 4666 3627 4704 ex
3661 4650 3755 4704 Dei

2185 4744 2442 4805 essentia,
2490 4743 2544 4796 iu
2587 4757 2692 4812 qua
2736 4741 2880 4796 Deus
2922 4751 3026 4805 est,
3068 4750 3122 4796 et
3158 4741 3223 4795 ad
3264 4741 3423 4810 cujus
3468 4741 3757 4811 participa-

2185 4838 2388 4891 tionem
2441 4843 2603 4906 atque
2658 4833 2972 4888 fruitionem
3017 4841 3129 4886 tam
3184 4833 3310 4886 boni
3359 4831 3535 4902 angeli
3590 4846 3756 4901 quam

2183 4930 2285 4985 viri
2325 4930 2457 5000 justi
2499 4928 2880 4982 admittuntur.
2937 4925 3062 4980 llaec
3107 4925 3252 4979 enim
3285 4930 3389 4987 est,
3432 4924 3631 4995 inquit,
3665 4924 3757 4977 illa

2185 5030 2386 5078 teterna
2415 5022 2503 5076 lux
2535 5030 2588 5075 et
2620 5019 2845 5074 claritas
2881 5017 2995 5080 Dei,
3029 5033 3151 5088 quae
3195 5019 3248 5070 in
3281 5015 3560 5086 Scriptura
3595 5017 3760 5071 toties

2183 5115 2346 5185 justis
2392 5113 2705 5169 hominibus
2741 5125 2838 5180 pro
2890 5108 3140 5163 merccde
3192 5107 3438 5160 laborum
3489 5104 3762 5175 promitti-

2187 5215 2308 5262 tur:
2343 5208 2410 5262 de
2431 5223 2536 5278 qua
2565 5203 2973 5276 intelligendum
3008 5209 3160 5272 putat
3201 5198 3329 5252 illud
3360 5200 3504 5269 quod
3538 5201 3604 5254 de
3649 5198 3762 5254 Deo

2186 5301 2510 5372 iupsal.cut
2558 5298 2705 5352 canit
2730 5297 2919 5360 David,
2955 5295 3195 5348 Amictus
3219 5293 3413 5347 lumine
3436 5295 3572 5348 sicut
3606 5296 3759 5347 resti-

2187 5403 2358 5448 mento
2393 5396 2408 5424 '
2435 5413 2449 5459 ;
2480 5400 2533 5447 ct
2566 5391 2696 5445 illud
2727 5389 2916 5443 Pauli:
2940 5387 3044 5454 Qui
3071 5387 3234 5440 lucem
3281 5385 3488 5439 habitat
3523 5388 3763 5442 inacces—

2186 5486 2386 5541 sibilem
2415 5487 2468 5552 ';
2499 5493 2551 5538 et
2580 5483 2707 5537 illud
2744 5481 2954 5535 Domini
2992 5479 3131 5549 apud
3169 5478 3430 5534 Joannem
3457 5498 3468 5532 :
3505 5477 3766 5546 Clariﬁca

2187 5593 2297 5639 me,
2364 5585 2416 5627 tu
2478 5575 2675 5639 Pater,
2731 5572 2976 5624 claritate
3025 5585 3182 5639 quam
3235 5567 3396 5622 habui
3452 5569 3762 5638 priusquam

2189 5669 2412 5723 mundus
2459 5669 2627 5737 ﬁeret,
2679 5664 2818 5734 apud
2863 5673 2909 5716 te
2944 5660 3262 5732 '.Ejusdem
3303 5661 3444 5716 lucis
3484 5663 3762 5732 specimen
