4112 6408
360 413 463 471 817

1341 405 1408 460 IN
1449 403 1822 461 EUSTATHH
1864 400 2335 458 HEXAEMEBON
2368 400 2600 457 ΝΟΤΕ.

357 526 632 602 quoddam
682 524 868 580 datum
922 529 1007 577 est
1055 521 1113 576 in
1167 519 1650 590 transﬂguratione
1703 517 1922 572 Domini
1951 525 1997 580 ,Α
2025 515 2271 571 Platonis
2319 517 2465 570 varie
2502 513 2758 584 explicat,
2795 525 2849 568 et
2894 515 3132 570 rationes
3174 512 3347 585 aperit
3377 512 3606 570 Produc

358 617 552 682 nostri,
567 625 621 671 et
636 616 689 670 in
709 615 844 670 rubo
865 613 1085 684 Moysis,
1099 621 1153 668 et
1178 613 1230 666 in
1254 611 1373 681 ejus
1388 612 1538 666 vultu
1553 625 1619 666 ex
1635 610 1926 680 colloquio,

2029 608 2383 664 Commentar.
2402 609 2457 661 in
2476 607 2755 673 Timarum,
2767 614 2820 660 et
2835 604 3025 660 Cicero
3033 611 3193 662 etiam
3210 623 3248 661 ιι
3267 606 3343 661 De
3353 615 3467 662 nat.
3483 606 3610 660 deo-

360 719 414 765 st
447 707 842 764 consuetudine
880 721 1004 760 cum
1037 704 1153 759 Deo
1190 703 1374 758 habita
1421 718 1586 774 supra
1629 702 1927 758 humanum
2028 697 2926 770 rum,Quid,inquit,pulchriusea
2943 697 3136 767 ﬁgura.
3159 714 3274 768 qua:
3295 697 3410 752 sola
3429 714 3606 752 omnes

359 799 611 856 obtutum
665 796 1078 867 resplendente;
1129 802 1182 848 et
1230 795 1370 850 hanc
1419 811 1572 851 suam
1617 795 1928 865 Opinionem

359 884 661 944 confirmat
689 886 1002 942 testimonio
1054 885 1242 940 Basilii
1299 885 1497 956 Magni,
1544 885 1634 956 qui
1697 885 1843 940 hom.
1895 886 1931 938 2

363 993 519 1047 super
567 975 808 1032 Genesim
855 975 1022 1031 tradit
1052 976 1241 1032 eadem
1285 977 1468 1031 omnia
1515 976 1707 1032 iisdem
1748 978 1930 1032 verbis

365 1085 488 1140 quae
523 1076 578 1124 et
622 1076 812 1124 noster
847 1066 1170 1123 Eustathius
1205 1083 1328 1138 pag.
1364 1067 1452 1123 50‘.
1484 1065 1636 1120 Hane
1665 1066 1932 1139 Eugubini

363 1160 688 1218 sententiam
717 1160 764 1216 si
787 1161 910 1231 quis
937 1160 1065 1215 velit
1091 1159 1404 1224 defendere,
1424 1160 1574 1213 omni
1604 1159 1720 1230 ipse
1751 1159 1934 1215 defen-

363 1254 518 1307 sione
558 1250 814 1322 indignus
863 1249 989 1306 erit.
1023 1250 1234 1305 Caelum
1281 1264 1594 1321 empyreum
1640 1247 1781 1305 Deus
1823 1265 1934 1304 non

363 1349 469 1408 est,
497 1341 774 1412 quomodo
808 1358 938 1413 ergo
966 1349 1254 1405 aeternum,
1290 1342 1564 1412 quomodo
1595 1341 1934 1397 increatum?

365 1431 481 1486 Lux
532 1431 649 1486 hac
696 1441 881 1485 manat
931 1446 997 1486 ex
1045 1429 1140 1486 Dei
1185 1429 1444 1493 essentia,
1482 1428 1755 1498 quomodo
1806 1441 1936 1496 ergo

364 1524 564 1578 cmlum
607 1523 965 1594 empyreum?
1009 1529 1064 1578 et
1113 1523 1160 1576 si
1196 1523 1394 1577 ccelum
1441 1535 1760 1591 empyreum
1792 1518 1936 1573 Deus

366 1623 472 1680 est,
507 1615 780 1685 quomodo
812 1613 1093 1684 Scriptura
1123 1629 1234 1670 non
1264 1613 1466 1668 insanit
1505 1612 1697 1668 deillo
1723 1612 1934 1677 dicens,

369 1709 434 1764 In
466 1710 722 1779 principio
761 1709 953 1764 creavit
992 1707 1132 1762 Deus
1161 1707 1347 1763 calum
1376 1707 1442 1761 ‘?
1468 1722 1746 1778 nunquam
1788 1706 1938 1760 dice-

371 1815 488 1857 rem
517 1816 633 1857 rem
661 1800 905 1871 ejusdem
933 1815 1055 1854 cum
1079 1797 1189 1854 Deo
1211 1799 1462 1854 essentia:
1485 1813 1591 1852 non
1608 1814 1729 1853 esse
1745 1795 1934 1851 Deum.

365 1892 487 1948 Lux
532 1906 660 1963 ergo
701 1891 815 1946 haec
853 1898 969 1958 tua,
996 1897 1050 1945 et
1091 1891 1288 1946 caelum
1319 1906 1629 1963 empyreum
1666 1889 1810 1945 Deus
1839 1897 1943 1957 est,

365 1992 422 2040 et
463 1993 700 2049 creator,
727 1991 782 2040 et
807 1997 1027 2038 rursum
1057 1982 1338 2038 diversum
1381 1997 1411 2036 a
1449 1981 1558 2037 Deo
1589 1991 1641 2037 et
1670 1990 1940 2036 creatura.

367 2074 552 2147 Neque
600 2077 866 2131 sententia
920 2073 1190 2130 Eustathii
1237 2082 1291 2129 et
1345 2074 1552 2141 Basilii,
1598 2090 1736 2144 quos
1779 2076 1945 2128 etiam

367 2167 583 2223 videtur
611 2175 833 2223 secutus
863 2165 1243 2221 Theodoretus
1273 2166 1330 2219 in
1366 2164 1628 2230 Genesim,
1665 2173 1718 2221 et
1749 2164 1950 2221 Metho-

369 2260 533 2324 dius,
572 2259 687 2316 sive
731 2257 1058 2313 Timotheus
1101 2259 1389 2330 presbyter
1425 2256 1948 2329 llierosolymitanus

369 2351 615 2405 oratione
643 2351 699 2404 in
729 2353 1122 2419 Hypapantem,
1158 2350 1306 2406 illius
1321 2350 1649 2405 sententiam
1688 2352 1945 2420 probant,

371 2454 473 2496 nec
523 2440 738 2511 pondus
789 2441 1021 2508 addunt,
1077 2455 1178 2496 nec
1234 2441 1570 2498 firmitatem.
1630 2438 1841 2496 Etenim
1892 2439 1948 2496 hi

370 2529 563 2587 Patres
605 2530 781 2587 lucem
820 2532 968 2586 illam
1028 2533 1093 2603 et}
1118 2533 1422 2588 claritatem
1453 2549 1614 2604 quam
1651 2534 1949 2588 increatam

371 2627 641 2684 statuunt,
691 2620 962 2677 diversam
1011 2621 1079 2676 ab
1128 2636 1192 2677 ea
1236 2638 1358 2693 quae
1402 2638 1506 2676 una
1542 2639 1663 2677 cum
1701 2623 1862 2686 cmlo,
1896 2630 1951 2676 et

369 2721 544 2776 terra,
577 2720 631 2767 et
667 2713 856 2768 eadem
894 2713 1107 2769 ratione
1149 2730 1257 2783 qua
1302 2715 1500 2769 coelum
1530 2722 1586 2768 et
1632 2722 1778 2768 terra
1819 2727 1950 2784 pro-

373 2805 538 2861 ducta
583 2813 691 2870 est,
757 2807 1004 2876 quamvis
1067 2807 1233 2862 nullis
1293 2807 1570 2873 tenebris,
1624 2807 1760 2862 nulli
1823 2821 1950 2860 cor-

374 2896 636 2968 ruptioni,
672 2897 809 2951 nulli
855 2898 1086 2968 tempori
1125 2897 1362 2953 obnoxia
1397 2897 1487 2962 sit,
1533 2913 1643 2953 non
1683 2896 1951 2952 aﬂlrmant

374 3002 498 3044 esse
538 2988 736 3043 cmlum
782 3003 1118 3060 empyreum,
1165 3005 1266 3044 nec
1310 2989 1506 3043 caelum
1552 2989 1686 3043 illud
1731 2989 1798 3044 de
1843 3005 1950 3059 quo

377 3078 613 3144 dicitur,
645 3078 710 3133 In
750 3080 1004 3150 principio
1037 3079 1231 3133 creavit
1263 3077 1404 3132 Deus
1439 3078 1624 3134 caelum
1652 3088 1700 3133 et
1733 3089 1948 3134 terram.

380 3169 488 3227 Sed
539 3171 607 3226 de
653 3171 756 3227 hac
809 3170 1033 3225 Patrum
1092 3170 1365 3226 sententia
1423 3170 1555 3240 quid
1603 3171 1950 3227 sentiendum

379 3263 472 3330 sit,
506 3269 561 3318 et
585 3277 656 3318 an
695 3263 766 3320 sit
810 3264 952 3318 inter
993 3260 1391 3328 memorabilia,
1428 3268 1482 3314 et
1520 3262 1794 3332 paradoxa
1823 3262 1952 3332 reji-

383 3355 599 3422 cienda,
635 3355 707 3410 in-
730 3356 986 3425 praesenti
1010 3370 1119 3409 non
1144 3355 1334 3424 judico
1366 3373 1378 3405 :
1414 3353 1641 3410 inferius
1668 3357 1813 3410 enim
1845 3373 1953 3411 una

380 3461 506 3502 cum
533 3445 819 3500 Eustathio
847 3462 968 3516 pag.
997 3445 1096 3510 60,
1120 3445 1365 3500 dicemus
1407 3446 1609 3515 aliqua,
1643 3456 1955 3502 reverenter

379 3545 584 3591 tamen.
606 3535 852 3592 Veneror
872 3553 1107 3607 namque
1133 3537 1275 3592 dicta
1291 3537 1514 3593 Patrum
1536 3539 1950 3604 catholicorum,

381 3633 436 3680 et
464 3640 652 3680 verum
685 3626 884 3690 dicam,
921 3627 1109 3681 adoro.

458 3719 576 3776 Col».
595 3719 718 3782 709,
737 3718 834 3774 lin.
851 3718 940 3773 20.
972 3718 1034 3772 '0
1050 3719 1286 3787 στήσας
1300 3721 1407 3775 τὸν
1426 3722 1704 3790 οὐρανόν.
1723 3719 1957 3776 Basilius

385 3814 532 3867 born.
585 3811 607 3866 ί
661 3812 718 3865 in
772 3810 1133 3866 Hexaemeron
1164 3813 1310 3866 :Kai.
1369 3813 1497 3884 napi.
1540 3812 1633 3867 τοῦ
1683 3815 1958 3885 σχήματος

384 3906 442 3960 δὲ
473 3904 634 3960 ἱκανὰ
671 3907 802 3977 ἡμῖν
835 3904 903 3958 τὰ
939 3906 1068 3977 παρ’
1115 3906 1280 3960 αὐτοῦ
1313 3907 1556 3970 εἰπόντος
1598 3910 1656 3961 ἐν
1684 3907 1960 3979 δοξολογεᾳ

384 3995 542 4063 Θεοῦ,
583 3997 645 4050 Ὀ
694 3993 932 4062 στήσας
962 3995 1068 4049 τὸν
1104 3995 1363 4065 οὐραγὸν
1393 3996 1536 4050 ὡσεὶ
1560 3996 1850 4066 καμάραν.
1879 3998 1961 4051 Τὰ

387 4088 529 4144 αὐτὰ
555 4089 612 4143 δὲ
644 4088 816 4143 ταῦτα
846 4091 939 4143 καὶ
969 4091 1213 4162 περὶτῆς
1238 4091 1342 4162 γῆς
1380 4090 1816 4162 συμϐουλεύομεν
1836 4091 1961 4145 ἑαυ-

387 4185 518 4246 τοῖς,
553 4182 628 4254 μὴ
661 4181 1136 4255 πολυπραγμονεῖν
1166 4184 1335 4255 αὐτῆς
1363 4185 1460 4256 τὴν
1486 4185 1672 4239 οὐσίαν
1689 4185 1812 4255 ἥτις
1832 4185 1961 4238 ποτέ

391 4276 556 4327 ἐστιν.
593 4271 671 4328 De
718 4272 892 4344 ﬁgura
929 4273 1057 4329 coeli
1094 4273 1238 4344 apud
1279 4282 1495 4330 veteres
1531 4275 1827 4329 maximum
1861 4275 1964 4330 fuit

391 4362 712 4429 dissidium;
746 4379 935 4418 eorum
981 4364 1176 4434 placita
1219 4372 1418 4434 praeter
1460 4366 1597 4422 alios
1626 4365 1796 4421 refert
1834 4363 1964 4420 Plu-

390 4455 637 4518 tarchus,
661 4455 758 4510 lib.
781 4471 816 4510 ιι
841 4455 912 4509 De
928 4457 1108 4525 placit.
1127 4457 1846 4527 philosoph.;Theodoretus,
1864 4458 1959 4514 lib.

2035 799 2172 852 alias
2191 798 2390 867 ﬁguras
2413 792 2682 858 complexa
2703 792 3180 860 eontinet,qquue
3201 791 3335 845 nihil
3347 792 3610 860 asperita-

2035 893 2103 945 tis
2117 888 2327 952 habere,
2350 885 2480 942 nihil
2503 883 2808 954 oﬂ'ensionis
2841 880 3422 952 potest,nihiLincisum
3449 897 3613 953 angu-

2035 984 2123 1049 lis,
2150 981 2282 1036 nihil
2298 977 2650 1048 anfractibus,
2671 974 2806 1029 nihil
2828 974 3082 1036 eminens,
3106 971 3238 1026 nihil
3265 972 3610 1028 lacunosum?

2033 1074 2325 1131 Alcinoriae
2373 1070 2781 1126 lntrod-uctione
2818 1067 2873 1120 in
2905 1064 3152 1119 Platonis
3187 1064 3610 1135 philosophiam,

2034 1167 2226 1238 Σχῆμα
2246 1165 2290 1218 δ’
2307 1161 2454 1233 αὐτῷ
2469 1179 2534 1215 πε
2541 1158 2833 1231 ριέθηκετὸ
2845 1155 3200 1228 σφαιροειδὲς,
3216 1154 3617 1226 εὐμορφότατον

2038 1274 2140 1328 σχη
2149 1256 2352 1327 μάτων,
2371 1253 2463 1308 καὶ
2479 1248 2923 1322 πολυχωρότατον
2935 1247 3030 1301 καὶ
3039 1246 3469 1317 εὐκινητότωτον.
3487 1245 3618 1312 Quae

2037 1365 2148 1403 non
2183 1361 2486 1417 repugnare
2528 1341 2733 1399 divinis
2779 1339 3000 1402 litteris,
3031 1338 3171 1408 quin
3215 1338 3353 1394 inde.
3381 1354 3489 1392 non
3519 1338 3619 1392 ob-

2039 1455 2200 1496 scure
2228 1437 2434 1509 colligi,
2484 1433 2801 1491 conﬁrmari
2845 1439 3026 1502 potest
3057 1446 3124 1486 ex
3159 1430 3269 1485 illis
3299 1429 3483 1485 verbis
3513 1430 3619 1482 ini-

2039 1533 2117 1586 tio
2148 1530 2548 1585 Ecclesiastes:
2583 1526 2677 1582 Sol
2711 1524 2924 1587 occidit,
2955 1533 3005 1578 et
3046 1525 3099 1577 in
3143 1523 3315 1576 locum
3354 1538 3507 1576 suum
3537 1539 3619 1578 re-

2041 1623 2281 1686 vertitur,
2303 1620 2473 1691 ibique
2496 1634 2774 1672 renascens
2801 1627 2956 1688 gyrat
2985 1631 3074 1684 per
3121 1614 3397 1669 meridiem
3423 1623 3472 1668 et
3519 1615 3618 1683 ﬁe-

2042 1715 2203 1769 ctitur
2248 1713 2317 1768 ad
2350 1711 2688 1784 aquilonem:
2722 1711 2956 1763 lustrans
3004 1709 3248 1762 universa
3294 1709 3350 1760 in
3395 1707 3621 1760 circuitu

2043 1807 2209 1878 pergit
2232 1806 2474 1874 spiritus,
2506 1812 2555 1858 et
2578 1804 2632 1856 in
2659 1801 2886 1856 circulos
2917 1816 3040 1855 suos
3066 1799 3344 1854 reuertitur
3370 1801 3413 1854 ⁸.
3445 1796 3623 1864 Quare

2045 1898 2408 1970 Hieronymus
2453 1899 2508 1952 in
2550 1895 2752 1952 Comm.
2786 1909 2908 1965 cap.
2935 1910 2968 1948 v
3011 1891 3184 1963 Epist.
3236 1891 3305 1946 ad
3369 1889 3620 1960 Ephesios

2048 1990 2287 2062 graviter
2324 2003 2418 2044 eos
2451 1989 2719 2058 increpat,
2751 1986 2847 2056 qui
2893 1986 3090 2039 cmlum
3119 1999 3227 2038 non
3256 1982 3496 2052 undique
3530 1997 3620 2036 ro-

2048 2080 2299 2144 tundum,
2327 2078 2422 2134 sed
2443 2077 2672 2133 fornicis
2704 2077 2865 2132 modo
2892 2081 3179 2130 curvatum
3205 2072 3432 2128 faciunt.
3466 2071 3622 2139 Quod

2049 2176 2272 2230 omnino
2301 2179 2508 2229 certum
2534 2179 2618 2227 est
2636 2185 2761 2226 cum
2783 2185 2894 2225 non
2914 2167 3224 2223 rationibus
3251 2174 3465 2220 tantum
3491 2179 3624 2220 con-

2049 2266 2324 2328 vincatur,
2367 2263 2463 2319 sed
2507 2262 2884 2333 experimento
2927 2262 3090 2316 etiam
3147 2268 3486 2327 compertum
3529 2258 3622 2321 sit,

2049 2355 2250 2425 duplex
2298 2354 2403 2409 hoc
2445 2352 2886 2422 hemisphaerium
2921 2367 3065 2414 esse,
3108 2358 3162 2406 et
3205 2349 3491 2421 antipodas
3528 2348 3626 2403 sd-

2051 2462 2207 2503 versa
2236 2447 2397 2502 nobis
2445 2445 2978 2516 vestigia‘premere,
3031 2443 3100 2498 de
3134 2441 3337 2512 quibus
3371 2439 3625 2496 Manilius

2053 2553 2107 2608 in
2139 2553 2441 2606 Astronom.
2459 2568 2478 2606 :

2124 2643 2235 2698 Nec
2259 2645 2432 2697 minor
2461 2651 2537 2696 est
2565 2643 2672 2696 illis
2705 2641 2952 2704 mundus,
2981 2657 3072 2694 nec
3099 2639 3296 2697 lumine
3322 2637 3470 2708 pejor
3496 2653 3517 2701 ς

2125 2713 2238 2769 Nec
2261 2729 2537 2768 numerosa
2567 2713 2740 2766 minus
2767 2710 3260 2773 nascuntur-sidera
3289 2706 3343 2761 in
3381 2706 3510 2762 om
3536 2722 3571 2760 :~

2051 2825 2106 2871 et
2147 2815 2235 2870 alii
2269 2829 2502 2885 quorum
2531 2811 2771 2866 rationes
2807 2812 2953 2882 leges
2993 2809 3049 2863 in
3087 2807 3224 2864 locis
3251 2821 3281 2860 a
3305 2804 3627 2861 nobis-lau-

2052 2907 2216 2963 datis.
2242 2905 2369 2960 ch
2403 2921 2626 2975 namque
2655 2905 2848 2974 ﬁgura,
2872 2911 2933 2957 ut
2955 2899 3256 2954 aitPlinius
3282 2899 3374 2951 lib.
3397 2912 3458 2960 ιι,
3495 2910 3547 2952 c.
3569 2898 3628 2962 ‘3,

2053 3000 2295 3054 omnibus
2326 2999 2436 3052 suis
2468 2997 2706 3067 partibus
2735 2995 2909 3063 vergit.
2931 2995 2987 3048 in
3017 3008 3148 3056 sese,
3189 3007 3250 3044 ac
3271 2989 3370 3044 sibi
3390 2990 3508 3058 ipsa
3547 2997 3631 3042 to-

2053 3091 2276 3146 leranda
2325 3101 2424 3155 est,
2464 3106 2619 3161 seque
2674 3086 2917 3154 includit,
2960 3095 3020 3141 et-
3067 3085 3316 3150 continet,
3357 3081 3630 3136 nullarum

2054 3200 2205 3257 egens
2237 3184 2626 3254 compaginum.
2678 3179 2791 3235 lllec
2835 3179 2992 3250 ﬁnem
3030 3187 3124 3232 aut
3159 3177 3478 3247 principium
3504 3173 3630 3229 ullis

2055 3277 2165 3331 suis
2181 3276 2423 3345 partibus
2462 3276 2713 3340 sentiens,
2744 3289 2835 3336 nec
2863 3272 2989 3342 quia
3012 3269 3081 3324 ad
3111 3279 3330 3333 motum,
3363 3284 3463 3338 quo
3500 3266 3628 3321 sub-

2055 3367 2174 3422 inde
2199 3369 2330 3422 verti
2380 3367 2584 3428 debeat,
2605 3376 2674 3419 ut
2694 3379 2818 3420 mox
2856 3353 3147 3433 apparebit.
3187 3361 3311 3414 talis
3349 3359 3631 3428 aptissima

2054 3467 2152 3522 est,
2186 3457 2276 3512 sed
2307 3457 2578 3512 oculorum
2619 3473 2824 3527 quoque
2846 3453 3152 3524 probatione
3175 3449 3312 3522 quod
3348 3449 3628 3513 convexus,

2056 3549 2360 3620 mediusque
2408 3563 2715 3619 quacunque
2761 3556 3029 3610 cernatur,
3066 3562 3187 3600 eum
3227 3543 3280 3597 id
3319 3543 3551 3598 accidere
3573 3544 3632 3595 in

2007 3633 2011 3640 ’
2058 3643 2170 3698 alia
2218 3659 2324 3696 non
2375 3641 2541 3706 possit
2575 3641 2768 3721 ﬁgura.
2814 3637 2880 3692 Et
2927 3637 3249 3694 Theodorus
3297 3633 3635 3690 Prodromns

2058 3732 2264 3803 Dialog.
2303 3731 2370 3786 de
2402 3731 2566 3786 amic.
2599 3729 2786 3783 exsule
2819 3747 2832 3783 :
2867 3729 2938 3782 Ἣ
2971 3729 3053 3794 τίς
3088 3728 3178 3782 τὸν
3203 3728 3366 3799 εὐρὺν
3409 3725 3633 3797 οὐρανὸν

2058 3822 2154 3876 καὶ
2193 3822 2285 3876 τὸν
2319 3821 2491 3892 μέγαν
2538 3819 2825 3888 ἄκαμπτον
2870 3816 3000 3870 ὅντα
3045 3819 3104 3870 τὸ
3144 3821 3273 3888 πρὶν
3309 3815 3631 3886 εὐθυωρίαν,

2059 3916 2203 3986 ἀρχῇ
2239 3912 2504 3966 πυθέσθαι
2534 3909 2626 3965 τοῦ
2672 3910 2852 3978 λόγοις
2873 3907 2968 3961 τοῦ
2995 3909 3237 3979 φαμένου
3278 3907 3528 3980 ἔκαμψεν
3556 3910 3636 3972 εἰς

2059 4004 2157 4075 τὴν
2191 4004 2425 4074 σφαϊιραν
2464 4003 2513 4054 et
2540 4001 2615 4073 μὴ
2643 3999 2823 4069 eilia;
2859 3993 2972 4053 οἷον
2999 3998 3109 4069 γὰρ
3137 4002 3310 4052 εἰπεῖν
3348 4001 3426 4064 ὡς
3467 3997 3635 4053 καλοῦ

2062 4082 2156 4160 καὶ
2185 4093 2414 4164 κοσμίου
2453 4093 2594 4165 ἐρῶν
2636 4092 2829 4146 ἑαυτοῦ
2864 4091 3001 4164 πρὸς
3043 4089 3240 4144 κύκλον
3268 4091 3635 4163 συνεστράφη.
3670 4164 3671 4167 η

2062 4183 2252 4253 ἑαυτὸν
2303 4181 2453 4253 αὑτῷ
2506 4180 2696 4252 φιλιῶν
2773 4179 3108 4251 πανταχόθεν
3176 4179 3273 4232 καὶ
3324 4182 3638 4236 παντάπασι

2065 4271 2553 4344 συμπερισφίγγων
2586 4272 2747 4343 μέρη.
2775 4270 2834 4325 In
2857 4270 3000 4324 hanc
3028 4269 3355 4324 sententiam
3385 4270 3488 4339 legi
3514 4286 3640 4339 pos-

2059 4368 2195 4420 sunt
2228 4371 2282 4420 et
2312 4379 2433 4434 quae
2461 4362 2623 4418 habet
2651 4362 2902 4418 Clemens
2943 4359 3244 4422 Romanus,
3272 4359 3367 4414 lib.
3392 4375 3492 4414 vut
3537 4360 3640 4416 Re-

2065 4457 2262 4528 cognit.
2291 4453 2494 4510 Verum
2545 4455 2786 4524 antiquis
2825 4451 3085 4507 Patribus
3125 4452 3300 4508 mirus
3329 4451 3382 4505 in
3407 4451 3510 4505 hoc
3538 4450 3640 4507 fuit

393 4547 471 4602 De
499 4558 692 4602 natura
720 4557 770 4603 et
813 4549 1006 4605 mundo
1028 4567 1047 4616 ;
1091 4550 1433 4617 Aristoteles,
1461 4552 1557 4606 lib.
1608 4567 1646 4606 ιι
1684 4551 1774 4606 De.
1812 4552 1960 4618 caelo,
1996 4588 2039 4642 Β
2068 4565 2394 4613 consensus,
2437 4548 2636 4603 cmlum
2680 4547 2896 4602 scilicet
2921 4561 3030 4601 non
3068 4560 3194 4601 esse
3223 4543 3512 4600 rotundum
3543 4545 3639 4599 sed

393 4655 510 4711 cap.
543 4641 612 4704 4;
644 4639 988 4706 Ptolemaaus,
1022 4643 1119 4699 lib.
1166 4660 1204 4708 ι,
1243 4659 1295 4699 c.
1331 4643 1365 4698 3
1395 4643 1650 4700 editionis
1692 4657 1859 4713 mag.,
1910 4649 1964 4696 et

394 4731 515 4801 ejus
538 4741 933 4788 commentator
959 4733 1143 4789 Theon
1182 4735 1582 4790 Alexandrinus
1601 4753 1630 4802 ς.
1648 4733 1963 4792 Cleomedes

396 4822 453 4877 in
482 4822 704 4878 Meteor.
733 4823 828 4879 lib.
852 4839 892 4888 ι,
917 4834 973 4880 et
1001 4826 1089 4880 alii
1120 4827 1308 4883 multis
1333 4827 1638 4882 rationibus
1669 4835 1723 4882 et
1747 4828 1964 4898 experi-

397 4916 598 4972 mentis
629 4915 956 4987 sphazricum
989 4932 1112 4973 esse
1134 4919 1390 4987 probant.
1421 4917 1574 4973 Plato
1605 4934 1670 4974 ea
1708 4920 1774 4974 de
1804 4934 1864 4974 re
1889 4919 1964 4973 ita

397 5005 617 5077 scripsit
653 5007 709 5061 in
740 5005 936 5060 Timazo
963 5021 981 5060 :
1008 5007 1098 5077 Τῷ
1125 5006 1233 5078 γὰρ
1271 5006 1341 5060 τὰ
1367 5008 1542 5062 πάντα
1581 5009 1640 5060 ὲν
1679 5008 1826 5080 αὐτῷ
1852 5009 1966 5074 ζῶα

397 5097 666 5171 περιέχειν
692 5098 935 5170 μέλλοντι
968 5097 1094 5169 ζὼῳ
1136 5099 1343 5169 πρέπον
1375 5100 1440 5153 ἂν
1465 5099 1551 5172 εἴη
1577 5103 1760 5172 σχῆμα
1784 5101 1847 5154 τὸ
1872 5119 1968 5154 πε-

403 5187 674 5260 ριειληφος
707 5191 764 5242 ὲν
815 5189 964 5261 αὐτῴ
997 5190 1172 5244 πάντα
1218 5191 1388 5244 ὁπόσα
1423 5193 1701 5262 σχήματα·
1745 5192 1826 5244 διὸ
1873 5194 1966 5246 καὶ

401 5278 734 5347 σφαιροειδὲς
771 5281 835 5332 ὲκ
867 5281 1031 5351 μέσον
1072 5281 1248 5352 πάντη
1281 5282 1417 5353 πρὸς
1449 5283 1546 5344 τὰς
1575 5282 1828 5346 τελευτὰς
1859 5283 1971 5336 ἴσον

404 5371 605 5440 ἀπέχον
628 5372 950 5445 κυκλοτερὲς
980 5373 1111 5427 αὐτὸ
1142 5374 1494 5446 ὲτορνεύσατο
1522 5374 1739 5428 πάντων
1779 5375 1974 5428 τελειό-

402 5477 583 5526 τατον,
616 5461 926 5530 ὁμοιότατον
954 5481 1014 5516 τε
1041 5464 1170 5517 αὐτὸ
1195 5462 1370 5534 ἑαυτῷ
1407 5464 1720 5535 σχημάτων,
1747 5465 1973 5535 νομίσας

407 5555 584 5626 μυρίῳ
612 5553 825 5607 κάλλιον
851 5556 1034 5625 ὅμοιον
1079 5556 1331 5628 ἀνομοίου
1348 5573 1361 5586 ·
1391 5554 1531 5608 λεῖον
1555 5554 1612 5608 δὲ
1651 5555 1835 5624 κύκλῳ
1863 5557 1971 5608 πᾶν

403 5646 600 5713 ἔξωθεν
628 5645 759 5700 αὐτὸ
790 5647 1161 5718 ἀπηκριὸοὖτο
1186 5648 1395 5702 πολλῶν
1417 5649 1595 5721 χάριν.
1640 5646 1764 5702 Haec
1809 5647 1972 5703 verba

476 5800 499 5833 ⁸
539 5802 666 5861 Gen.
707 5819 759 5873 ι,
808 5805 857 5858 l.
933 5806 952 5834 '
999 5803 1170 5858 Eccle.
1212 5821 1265 5867 ι,
1307 5804 1361 5871 ες,
1399 5806 1451 5858 6.
1521 5795 1524 5799 ’

2070 4641 2247 4696 instar
2263 4639 2511 4703 fornicis,
2533 4645 2594 4693 ut
2619 4637 2890 4693 habemus
2908 4635 2998 4692 hic
3017 4651 3083 4691 ex
3113 4643 3301 4691 nostro
3330 4633 3640 4698 Eustathio.

2069 4731 2306 4796 Basilio,
2363 4729 2761 4802 Cbrysostomo
2818 4729 2966 4784 hom.
3034 4728 3100 4782 14
3164 4735 3218 4782 et
3276 4727 3343 4780 l7
3398 4725 3468 4780 ad
3526 4724 3638 4780 ﬂeo

2071 4821 2260 4887 braos,
2301 4821 2632 4892 Augustino,
2661 4821 2697 4874 Ι.
2731 4834 2771 4874 ιι
2821 4819 2907 4874 De
2935 4816 3122 4874 Geues.
3161 4817 3229 4873 ad
3259 4818 3512 4880 litteram,
3544 4816 3638 4887 qui

2071 4921 2126 4970 et
2157 4915 2288 4969 alibi
2325 4914 2403 4968 ait
2429 4929 2498 4969 se.
2521 4914 2790 4978 dubitare,
2825 4915 2909 4968 An
2934 4924 3076 4968 terra
3118 4911 3244 4967 caelo
3281 4910 3506 4982 undique
3543 4911 3644 4964 cir-

2071 5005 2312 5076 cumfuso
2339 5006 2688 5059 contineatur.
2719 5004 2976 5075 Ejusdem
3002 5005 3287 5059 sententias
3317 5003 3421 5057 fuit
3449 5009 3641 5057 auctor

2069 5099 2204 5154 libri
2244 5097 2684 5154 Christianorum
2729 5097 3050 5166 nuncupati,
3105 5105 3165 5150 ut
3209 5094 3375 5149 refert
3417 5092 3641 5148 Pbotius

2066 5189 2132 5243 in.
2157 5186 2409 5242 Biblioth.
2441 5203 2461 5241 :
2480 5187 2598 5241 Ὅτι
2629 5185 2657 5238 ὁ
2684 5185 2909 5258 οὐρανὸς
2923 5187 3021 5240 οὐκ
3036 5185 3150 5238 ἔστι
3185 5183 3491 5256 σφαιρικὸς,
3521 5181 3642 5236 οὐδὲ

2069 5284 2101 5352 ἡ
2130 5281 2224 5352 Υῆο
2259 5280 2373 5334 ἀλλ’
2397 5281 2426 5334 ὁ
2461 5278 2562 5351 μὲν
2589 5278 2724 5332 ὡσεὶ
2753 5278 3004 5350 καμάρα,
3036 5278 3129 5348 ἡδὲ
3155 5277 3514 5349 ἑτερομήκης,
3548 5273 3642 5326 καὶ

2069 5373 2390 5446 κεκόλληται
2431 5371 2502 5426 τὰ
2528 5371 2742 5443 πέρατα
2764 5368 2858 5423 τοῦ
2897 5369 3126 5441 οὐρανοῦ
3159 5370 3295 5441 πρὸς
3323 5369 3390 5422 τὰ
3431 5366 3644 5439 πέρατα
3723 5391 3732 5415 -.

2067 5468 2166 5538 τῆς
2187 5467 2310 5536 γῆς.
2345 5463 2664 5521 Theodorus
2689 5464 2814 5518 item
2842 5461 3139 5532 episcopus
3192 5459 3481 5516 Tarsensis
3512 5461 3546 5512 l.
3579 5472 3642 5512 ιιι
3716 5463 3720 5469 ’

2068 5556 2272 5612 Contra
2321 5557 2489 5611 fatum
2526 5556 2711 5612 multis
2751 5554 2854 5609 hoc
2892 5550 3037 5606 idem
3083 5552 3355 5621 capitibus
3392 5549 3646 5620 essequi-

2071 5657 2179 5716 tur,
2205 5657 2265 5703 ut
2295 5649 2526 5705 habetur
2557 5649 2698 5719 apud
2729 5646 2974 5704 Photium
2999 5664 3010 5699 :
3031 5646 3116 5698 Ἑν
3143 5644 3200 5696 δὲ
3222 5643 3298 5714 τῷ
3327 5642 3495 5713 τρίτῳ
3527 5659 3647 5704 πει-
