4112 6414
511 381 616 439 819

1847 373 2094 430 LEONIS
2131 374 2408 430 ALLATII

3641 369 3747 442 830.

512 501 670 576 ρᾰται
705 490 801 569 μὲν
826 497 914 550 διά
937 513 996 550 τε
1025 495 1119 549 τοῦ
1160 503 1244 549 κε’
1279 495 1430 549 κάτω
1459 497 1550 549 καὶ
1585 495 1678 549 τοῦ
1717 494 1820 566 κβ’,
1848 496 1942 551 καὶ
1970 496 2042 567 μὴ

2145 545 2152 557 ,
2179 494 2396 554 Είεηρίιί
2411 501 2592 552 contra
2609 496 2793 548 horres.
2817 510 2834 547 :
2854 493 3142 561 Γεγονέναι
3167 492 3245 555 δὲ,
3267 492 3334 546 τὰ
3363 493 3536 563 ἄστρα
3559 493 3622 545 ὲκ
3645 493 3750 563 γῆς

507 592 603 646 καὶ
634 590 726 644 τοῦ
769 591 954 662 τρίτου
988 590 1082 643 καὶ
1116 588 1384 653 εἰκοστοῦ,
1428 589 1520 642 καὶ
1558 595 1605 642 κ’
1643 588 1736 642 καὶ
1764 589 1805 642 δ’
1838 589 2080 658 ἐλέγχειν

504 684 629 746 τούξ
656 684 748 736 τὸν
785 682 1013 753 οὐρανὸν
1048 681 1335 751 σφαιρικὸν
1377 681 1812 751 ὑποτιθεμένους.
1847 681 1919 734 Οὐ
1955 682 2080 752 μέν·

499 790 647 841 τοιγε
674 772 762 826 διὰ
803 773 909 826 τῶν
946 774 1097 843 ἰσχὺν
1137 773 1368 843 ἑχόντων
1409 775 1457 825 οἱ
1497 773 1702 843 ἔλεγχοι
1738 773 1967 844 πρόεισι.
2005 774 2078 827 Τὸ

500 865 858 936 σφαιρικὸνδὲ
890 866 949 918 οὐ
982 865 1223 934 βούλεται
1251 869 1550 934 συγχωρεῖν
1573 865 1649 933 τῷ
1683 866 1912 936 οὐρανῷ·
1945 867 2076 918 διότι

496 955 708 1026 νομίζει
740 956 837 1027 τὴν
884 957 1224 1027 εἱμαρμένην
1253 958 1316 1009 ἐκ
1351 959 1447 1027 τῆς
1485 958 1735 1030 τοιαύτης
1762 957 2074 1026 εἰσάγεσθαι

498 1045 719 1109 θέσεως.
759 1046 1022 1112 Quamvis
1074 1047 1237 1116 hujus
1271 1047 1538 1102 rationem
1584 1049 1658 1102 uti
1700 1049 1912 1103 minimi
1957 1065 2074 1103 mo-

495 1137 663 1190 menti
691 1137 906 1192 refellat
936 1139 1073 1192 idem
1104 1137 1334 1192 Photius
1357 1138 1553 1193 ibidem
1588 1159 1601 1193 :
1635 1140 1825 1194 Καίτοι
1849 1141 2070 1211 οὐδεμία

490 1228 652 1281 τοῦτο
683 1230 951 1294 ἀπόδειξις
980 1230 1318 1294 ἐκϐιάζεται·
1351 1233 1411 1284 οὐ
1455 1232 1584 1303 γὰρ,
1619 1231 1671 1285 εἴ
1698 1250 1759 1300 γε
1788 1234 2070 1304 σφαιρικὸς

491 1320 522 1371 ὁ
549 1319 796 1389 οὐρανὸς,
839 1323 931 1374 καὶ
958 1322 1018 1380 τὸ
1046 1323 1144 1392 τῆς
1185 1323 1527 1393 είμαρμένης
1580 1323 1636 1390 ἐξ
1667 1325 1908 1395 ἀνάγκης
1945 1342 2069 1377 συν·

496 1407 730 1463 ίσταται.
765 1408 1082 1464 Lactantius
1109 1411 1143 1463 l.
1180 1426 1211 1462 v
1245 1410 1423 1470 Dii-iu.
1464 1413 1615 1473 inst.,
1656 1428 1706 1467 c.
1732 1413 1824 1475 24,
1857 1413 2067 1470 deridet

488 1515 586 1556 eos
610 1501 704 1571 qui
734 1501 930 1556 coelum
989 1501 1311 1570 rotundum,
1342 1514 1394 1559 et
1426 1503 1482 1559 in
1528 1520 1719 1561 omnes
1749 1515 1934 1577 partes
1967 1507 2064 1562 de-

485 1605 685 1646 vexum
734 1591 1107 1650 crediderunt.
1141 1594 1444 1665 Proc0pius
1492 1612 1612 1652 eam
1662 1599 1944 1655 mordicus
1990 1599 2064 1653 ita

483 1682 729 1739 defendit
759 1683 966 1742 Comm.
999 1687 1053 1740 in
1080 1685 1236 1754 Gem,
1270 1697 1332 1742 ut
1360 1705 1551 1744 eorum
1582 1691 1934 1753 sententiam,
1967 1691 2062 1760 qui

482 1775 683 1842 caelum
717 1775 1018 1846 praedicant
1047 1781 1366 1846 rotundum,
1400 1797 1430 1834 a
1475 1781 1744 1837 catholica
1776 1781 2061 1853 disciplina

2179 587 2266 641 διὰ
2293 586 2354 640 τὸ
2375 587 2471 658 τὴν
2498 588 2696 659 ἰκμάδα
2726 587 2790 646 ὲκ
2827 585 3025 657 ταύτης
3056 585 3385 650 ἐνίστασθαι,
3424 581 3492 656 ἧς
3528 585 3748 654 ἀραιου-

2183 681 2348 751 μένης
2374 680 2435 733 τὸ
2461 680 2572 751 πῦρ
2603 680 2875 748 γίνεσθαι·
2907 681 2970 732 ὲκ
3007 679 3064 731 δὲ
3094 677 3187 731 τοῦ
3224 677 3393 748 πυρὸς
3425 675 3746 748 μετεωριζο-

2181 772 2342 843 μένου
2380 773 2504 835 τοὺς
2536 774 2768 843 ἀστέρας
2803 769 3168 825 συνίστασθαι.
3201 765 3352 823 Εἶναι
3385 768 3441 820 δὲ
3477 769 3570 821 καὶ
3610 767 3747 836 γεώ-

2174 865 2286 928 δεις
2318 863 2506 934 φύσεις
2535 864 2592 916 ὲν
2635 864 2712 934 τῷ
2740 864 2887 933 τόπῳ
2909 862 3016 916 τῶν
3045 862 3288 932 ἀστέρων
3327 859 3745 932 συμφερομένας

2175 958 2420 1020 ἐκείνοις,
2451 955 2602 1010 Hanc
2624 955 2896 1012 Eustatbii
2920 954 3247 1011 sententiam
3278 962 3462 1008 tuetur
3485 961 3540 1009 et
3565 951 3746 1024 Olym-

2174 1047 2433 1118 piodorus
2461 1048 2514 1101 in
2529 1045 2631 1101 Job
2647 1062 2811 1116 super
2834 1047 2942 1102 illis
2970 1045 3152 1101 verbis
3172 1060 3296 1115 cap.
3319 1060 3550 1112 xxxviii,
3568 1043 3744 1112 Diiu-

2172 1155 2287 1192 sum
2319 1149 2493 1192 autem
2521 1148 2600 1194 est
2642 1140 2775 1192 sicut
2813 1147 2964 1192 terra
3003 1139 3135 1192 cinis
3167 1139 3209 1192 ⁸.
3238 1136 3486 1190 Notanda
3512 1134 3745 1211 Joannis

2169 1225 2551 1298 Chrysostomi
2592 1231 2884 1297 sententia,
2932 1231 3050 1285 Ὅτι
3107 1231 3204 1302 μὲν
3251 1229 3508 1301 καμάρας
3557 1227 3740 1284 εἰκόνα

2167 1318 2441 1384 διασώζει,
2473 1321 2657 1390 ίσμενο
2679 1321 2762 1384 τίς
2801 1321 2858 1374 δέ
2901 1325 3015 1376 ἐστι
3047 1323 3144 1396 τὴν
3163 1322 3370 1389 οὐσίαν,
3414 1323 3737 1394 ἀγνοοῦμεν.

2170 1406 2568 1468 Stolidissimus
2595 1412 2934 1468 Mohametus
2969 1411 3198 1466 aflirmat
3227 1427 3407 1467 aerem
3435 1411 3640 1467 factum
3670 1429 3739 1468 ex

2165 1499 2338 1565 fumo,
2373 1501 2580 1558 fumum
2622 1521 2688 1560 ex
2731 1519 2933 1574 vapore
2982 1511 3078 1558 aut
3125 1505 3470 1562 exhalatione
3503 1507 3735 1561 marina.

2164 1588 2406 1654 Primum
2437 1594 2634 1649 caelum
2671 1610 2736 1648 ex
2767 1608 2906 1662 aqua
2930 1593 3090 1648 viridi
3120 1602 3399 1658 constare,
3433 1595 3737 1650 secundum

2163 1696 2229 1736 ex
2260 1697 2402 1752 aqua
2446 1684 2615 1748 clara,
2647 1685 2871 1740 tertium
2907 1699 2975 1739 ex
3022 1685 3335 1754 smaragdo,
3369 1693 3627 1755 quartum
3667 1701 3736 1740 ex

2163 1787 2316 1838 auro,
2362 1775 2613 1844 quintum
2653 1791 2721 1832 ex
2750 1777 3065 1847 hiacyntho,
3097 1787 3309 1844 sextum
3336 1793 3404 1832 ex
3439 1777 3623 1830 tabula
3651 1775 3738 1829 lu-

478 1878 638 1925 vocet
669 1869 940 1934 alienam;
970 1873 1047 1926 ait
1085 1873 1229 1926 enim
1258 1891 1272 1928 :
1306 1873 1557 1928 Assertio
1600 1873 1896 1928 dicentium
1947 1888 2042 1929 caa-

2161 1865 2303 1930 cida,
2331 1868 2622 1936 septimum
2653 1884 2720 1923 ex
2767 1869 3020 1923 claritate
3048 1870 3210 1939 ignis,
3242 1877 3297 1924 et
3339 1869 3406 1924 de
3441 1885 3548 1924 uno
3593 1870 3736 1925 caelo

477 1961 590 2016 lum
633 1977 756 2018 esse
787 1963 971 2034 figurae
1017 1966 1318 2034 sphaericze,
1355 1975 1409 2021 et
1451 1966 1708 2021 circulari
1737 1973 1886 2019 motu
1922 1981 2055 2020 con-

473 2054 636 2118 verti,
671 2070 781 2108 non
813 2057 1108 2110 concordat
1153 2057 1466 2111 orthodoxa:
1505 2058 1745 2123 veritati,
1787 2059 1880 2112 sed
1921 2073 2053 2112 con-

473 2143 694 2202 tradicit
739 2143 932 2214 Moysi,
979 2147 1278 2216 praphetis,
1327 2146 1515 2213 Paulo,
1561 2158 1616 2203 et
1663 2147 1908 2214 Christo,
1957 2149 2051 2218 qui

470 2233 615 2290 hanc
645 2237 958 2306 opinionem
990 2239 1194 2309 ubique
1238 2241 1295 2294 in
1323 2239 1524 2295 divinis
1559 2239 1857 2310 Scripturis
1889 2240 2051 2296 refel-

470 2318 608 2383 lunt,
664 2320 925 2377 docentes
964 2324 1188 2388 coelum,
1228 2339 1407 2394 neque
1436 2325 1644 2380 circulo
1691 2325 1842 2393 ferri,
1875 2342 2051 2396 neque

469 2409 795 2477 sphaericam
840 2411 1074 2467 formam
1111 2413 1334 2476 habere,
1361 2414 1456 2469 sed
1495 2415 1776 2470 immobile
1819 2432 2048 2486 prorsus

469 2515 615 2556 esse.
647 2503 824 2570 Atque
847 2503 989 2558 idem
1021 2505 1123 2560 hoc
1154 2507 1351 2575 repetit
1385 2505 1550 2570 infra,
1575 2521 1696 2577 cap.
1729 2507 1778 2572 7,
1815 2515 1869 2562 et
1897 2508 2049 2564 vide-

469 2601 560 2646 tur
586 2602 869 2650 mutuatus
898 2612 926 2651 a
957 2596 1371 2669 Chrysostomo,
1405 2614 1436 2654 a
1467 2615 1576 2670 quo
1607 2601 1736 2655 item
1782 2616 1882 2656 sua
1912 2600 2050 2655 hau-

467 2695 662 2739 serunt
710 2686 1148 2758 TheOphylactus
1197 2697 1251 2745 et
1295 2689 1687 2748 Theodoretus.
1749 2691 1884 2748 Vide
1936 2693 2046 2747 Da-

462 2790 786 2832 .mascenum
821 2780 919 2834 lib.
957 2795 992 2834 ιι
1039 2779 1192 2837 Fidei
1245 2782 1476 2845 ortlzod.,
1519 2799 1640 2854 cap.
1674 2784 1728 2838 6.
1769 2783 1848 2840 lta
1885 2785 2046 2840 indu-

463 2870 732 2926 cebantur
766 2880 824 2924 ut
859 2873 1173 2939 crederent,
1215 2875 1530 2930 testimonio
1559 2877 1706 2931 ducti
1743 2876 2044 2948 Scripturae

464 2962 606 3030 psal.
638 2977 755 3028 cm,
790 2963 1090 3020 Extendens
1138 2967 1324 3020 cazlum
1343 2968 1481 3021 sicut
1504 2968 1689 3037 pellem
1712 2969 1753 3032 ⁸,
1785 2977 1838 3023 et
1869 2968 2040 3036 Isaiae,

463 3050 738 3122 Expendit
761 3056 916 3110 cazlos
941 3058 1079 3110 sicut
1111 3057 1472 3112 habitaculum
1517 3059 1586 3113 ad
1620 3060 1965 3114 habitandum
1996 3063 2037 3115 ".

533 3144 650 3203 Col.
671 3147 793 3210 709,
815 3149 911 3202 lin.
934 3149 1019 3204 15.
1039 3151 1235 3204 Αὐτοῦ
1251 3151 1503 3217 λεπτὴν.
1522 3151 1755 3207 Basilius
1770 3152 1925 3208 hom.
1939 3154 2041 3214 lin

2161 1958 2230 2012 ad
2265 1958 2410 2013 aliud
2451 1975 2574 2016 esse
2601 1959 2915 2015 distantiam
2945 1959 3158 2014 itineris
3173 1961 3596 2030 quingentorum
3637 1975 3736 2015 an-

2160 2065 2378 2106 norum.
2399 2049 2533 2117 Quis
2550 2067 2657 2106 non
2670 2052 2899 2107 miretur
2922 2051 3160 2107 hominis
3185 2052 3485 2122 ingenium,
3521 2051 3734 2107 in.his-

2159 2152 2330 2208 ceque
2375 2137 2750 2196 describendis
2779 2141 3139 2212 patientiam?
3175 2149 3234 2194 ut
3263 2142 3516 2196 oculatus
3537 2151 3621 2197 est
3646 2144 3734 2198 vir

2159 2231 2301 2294 iste!
2337 2241 2395 2286 ut
2439 2234 2610 2288 multa
2639 2234 2820 2290 videt!
2868 2235 3077 2289 Abeant
3107 2251 3234 2305 ergo
3267 2236 3639 2291 mathematici
3675 2244 3733 2294 et

2157 2331 2448 2393 geometrae
2491 2341 2613 2379 cum
2661 2327 2778 2380 suis
2820 2327 3096 2381 mensuris
3149 2337 3204 2382 et
3252 2329 3518 2384 numeris.
3567 2328 3730 2386 Solus

2154 2415 2292 2470 vidit
2315 2415 2631 2470 distantiam
2679 2433 2842 2488 quam
2873 2433 2982 2473 non
3020 2420 3215 2489 reliqui
3245 2434 3436 2476 omnes
3479 2421 3731 2492 homines.

2155 2523 2258 2564 nec
2292 2518 2484 2564 auctor
2513 2511 2629 2580 ipse
2660 2518 2891 2567 naturae.

2225 2599 2386 2666 lbid.,
2436 2603 2532 2656 lin.
2577 2603 2665 2656 25.
2713 2602 2830 2672 Τὴν
2862 2602 2929 2656 δὲ
2960 2601 3075 2672 γῆν
3102 2604 3341 2674 φάσκει.
3371 2604 3606 2661 Basilius
3635 2612 3724 2662 ta-

2153 2711 2279 2753 men
2321 2697 2398 2750 ait
2438 2696 2586 2750 hom.
2628 2696 2680 2760 l,
2721 2703 2880 2755 terra:
2910 2695 3265 2751 fundamenta
3305 2705 3515 2752 natura:
3550 2696 3725 2751 homi-

2152 2801 2284 2840 num
2315 2801 2438 2840 esse
2465 2785 2762 2856 incognita,
2789 2794 2843 2841 et
2872 2788 3050 2841 locum
3083 2785 3278 2850 Palmi,
3313 2801 3476 2855 quem
3513 2787 3601 2841 hic
3627 2785 3721 2842 ad-

2151 2879 2301 2934 ducit
2333 2878 2673 2942 Eustathius,
2705 2878 2955 2947 explicat.
2983 2877 3054 2930 Τὸ
3089 2877 3215 2948 γὰρ,
3233 2877 3363 2931 Ἐπὶ
3395 2877 3723 2932 θαλασσῶν

2151 2971 2542 3039 ἐθεμελίωσεν
2581 2969 2795 3037 αὐτὴν,
2842 2971 2893 3022 τί
2936 2969 3087 3039 δηλοῖ
3119 2969 3151 3038 ἢ
3184 2969 3243 3022 τὸ
3273 2969 3536 3022 πάντοθεν
3565 2986 3720 3041 περι-

2150 3059 2410 3129 κεχύσθαι
2432 3062 2496 3129 τῇ
2531 3062 2600 3129 γῇ
2633 3060 2731 3129 τὴν
2760 3059 2852 3111 τοῦ
2885 3057 3073 3122 ὓδατος
3099 3058 3297 3128 φύσιν;
3336 3059 3459 3120 Πῶς
3479 3052 3592 3123 οὖν,
3625 3062 3719 3129 ρυ-

2146 3152 2237 3205 τὸν
2271 3152 2512 3222 ὐπάρχον
2555 3151 2614 3202 τὸ
2653 3149 2819 3221 ὕδωρ,
2865 3149 2959 3204 καὶ
3005 3149 3097 3202 ἐπὶ
3135 3149 3194 3202 τὺ
3236 3149 3437 3219 πρανὲς
3478 3149 3718 3217 πεφυκὸς

462 3237 717 3294 Hexaem.
736 3256 753 3293 :
773 3240 929 3293 Ἀλλά
946 3259 1010 3293 πε
1019 3242 1072 3312 ρὶ
1088 3242 1183 3312 μὲν
1199 3243 1296 3310 τῆς
1308 3243 1490 3306 οὐσίας
1501 3243 1593 3296 τοῦ
1611 3244 1836 3314 οὐρανοῦ
1847 3245 2046 3317 ἀρκού-
2073 3233 2118 3294 C
2149 3244 2529 3308 καταπίπτειν,
2559 3241 2705 3313 μένει
2724 3241 2972 3312 dir-campani
2981 3258 3160 3312 μενον,
3185 3241 3276 3294 καὶ
3297 3239 3530 3310 οὐδαμοῦ
3551 3241 3718 3312 ἀπορι

462 3330 600 3402 μεθα
615 3335 727 3395 τοῖς
744 3333 890 3404 παρά
905 3333 996 3385 τοῦ
1029 3335 1244 3386 Ἡσαΐου
1271 3335 1596 3405 εἰρημένοις,
1612 3335 1670 3399 ὃς
1684 3339 1738 3388 ὲν
1759 3336 2042 3402 ἰδιωτικοῖς

459 3423 696 3493 ῥήμασιν
728 3424 917 3496 ἱκανὴν
950 3428 1083 3495 ἡμῖν
1106 3425 1205 3495 τῆς
1238 3425 1454 3494 φύσεως
1480 3427 1640 3480 αὐτοῦ
1670 3429 1769 3500 τὴν
1801 3429 2038 3484 διάνοιαν

455 3515 802 3586 ἐνεποίησεν,
855 3517 1055 3570 εἰπών·
1112 3517 1176 3570 '0
1233 3517 1571 3586 στερεώσας
1618 3520 1724 3574 τὸν
1780 3521 2040 3589 oi'pardr

455 3604 598 3664 ὡσεὶ
634 3607 890 3671 καπνὸν,
929 3609 1176 3662 τουτέστι
1213 3608 1415 3681 λεπτὴν
1461 3610 1647 3680 φύσιν’
1705 3612 1800 3665 καὶ
1821 3614 1881 3665 οὐ
1916 3631 2038 3667 στεο

461 3695 609 3766 ρεάν,
656 3699 777 3749 οὐδὲ
838 3703 1067 3772 παχεῖαν
1102 3702 1160 3764 ὲς
1193 3701 1292 3772 τὴν
1346 3701 1440 3755 τοῦ
1488 3703 1717 3774 οὐρανοῦ
1778 3705 2034 3760 σύστασιν

457 3788 744 3852 οὐσιώσας.
774 3790 850 3844 Ex
880 3793 1039 3860 cujus
1068 3795 1252 3848 verbis
1285 3795 1464 3849 locum
1494 3796 1636 3850 hunc
1660 3798 1734 3850 ita
1764 3797 2030 3853 restituo:

455 3879 565 3949 Τὴν
585 3879 641 3932 δὲ
666 3882 854 3936 οὐσίαν
885 3884 1070 3951 αὐτοῦ,
1096 3886 1179 3940 vel
1219 3886 1315 3956 τὴν
1346 3887 1541 3954 φύσιν;
1579 3887 1634 3940 in
1678 3888 1880 3957 quibus
1906 3889 2031 3941 illu-

455 3980 622 4028 strem
653 3973 801 4028 illam
846 3979 1277 4044 controversiam
1325 3980 1673 4044 determinat,
1717 3981 1839 4035 cceli
1883 3982 2033 4036 vide-

452 4061 579 4116 licet
619 4064 983 4132 substantiam
1014 4083 1122 4122 non
1151 4082 1274 4124 esse
1307 4069 1544 4134 mislam,
1579 4072 1673 4125 sed
1701 4072 2026 4142 simplicem,

453 4152 520 4207 de
547 4170 654 4224 qua
679 4158 850 4212 multa
899 4158 1059 4214 nobis
1102 4167 1157 4214 et
1186 4159 1438 4216 Plotinus
1484 4161 1561 4214 De
1590 4163 1804 4228 mundo,
1837 4173 1892 4218 et
1937 4165 2027 4218 alii

455 4245 819 4304 tradiderunt.
846 4249 1076 4315 Quidam
1099 4251 1245 4306 enim
1285 4253 1486 4310 malum
1518 4255 1761 4322 ejusdem
1785 4272 1908 4311 esse
1939 4272 2028 4311 na-

452 4344 590 4394 tura
638 4354 764 4395 cum
816 4342 1097 4398 elementis
1152 4344 1402 4398 arbitrati
1450 4354 1597 4409 sunt,
1654 4347 1799 4416 quod
1860 4347 2026 4402 refert

451 4423 826 4486 Theodoretus
857 4431 933 4486 De
962 4435 1188 4488 materia
1216 4443 1266 4488 et
1296 4437 1513 4500 mundo,
1543 4445 1596 4490 et
1624 4436 1777 4492 Philo
1807 4437 2026 4494 Judaeus

445 4515 527 4571 De
557 4535 761 4583 somno,
799 4528 853 4574 et
892 4521 1242 4582 Plutarchus.
1279 4523 1383 4578 Alii
1426 4525 1597 4596 igneae
1625 4543 1748 4583 esse
1789 4539 2018 4592 naturai,

445 4609 606 4678 cujus
642 4611 917 4680 opinionis
948 4623 1205 4676 auctores
1249 4615 1414 4669 tradit
1447 4617 1736 4689 Egyptins
1765 4621 2019 4676 Albcrtus

446 4701 675 4772 Magnus
720 4713 877 4760 tract.
925 4706 1061 4764 lDe,
1113 4709 1262 4772 caelo,
1307 4725 1427 4779 cap.
1467 4711 1521 4764 4.
1583 4709 1828 4768 Platonis
1873 4715 2021 4768 circa

442 4793 549 4848 hoc
579 4795 892 4865 opinionem
933 4798 1101 4855 habes
1125 4801 1178 4853 in
1226 4801 1482 4867 Alcinoo;
1518 4802 1794 4858 Macrobio
1839 4805 1931 4859 lib.
1967 4807 2020 4859 in

443 4884 626 4955 Somn.
679 4887 950 4956 Scipion.;
986 4892 1310 4961 Augustino.
1354 4910 1451 4948 vm
1506 4893 1585 4950 De
1640 4896 1849 4950 civitate
1900 4897 2018 4961 Dei,

439 4992 562 5048 cap.
589 4980 688 5046 il;
721 4980 1020 5050 Philopono
1065 4983 1130 5036 ad
1157 5001 1207 5038 γι
1244 4992 1296 5054 et
1322 5001 1419 5039 xm
1445 4983 1645 5039 Procli.
1675 4985 1778 5048 Sed
1815 4986 1882 5040 de
1920 4987 2022 5042 hoc

440 5070 600 5140 plura
627 5070 858 5128 inferius
899 5082 1090 5130 noster
1119 5075 1440 5132 Eustathius
1481 5093 1550 5133 ex
1583 5078 1784 5146 quibus
1815 5079 2014 5133 uelum

438 5171 757 5220 concretum
779 5165 851 5222 sit
874 5167 997 5223 aliis
1030 5167 1419 5224 declarandum
1468 5171 1803 5240 relinquens,
1833 5171 2016 5227 verbis

436 5253 593 5311 Isaia
627 5255 748 5325 ejus
797 5266 1051 5313 naturam
1099 5270 1337 5325 tenuem,
1385 5278 1494 5316 non
1542 5263 1793 5324 solidam,
1838 5277 2014 5332 neque

436 5360 680 5402 crassam
705 5366 829 5407 esse
850 5353 1036 5417 tradit,
1066 5370 1258 5408 eorum
1283 5355 1601 5425 opinionem
1634 5355 1884 5414 refellens
1916 5356 2006 5426 qui

434 5437 636 5492 caelum
703 5442 937 5498 solidum
981 5445 1150 5504 veluti
1215 5447 1534 5518 crystallum
1591 5449 1904 5518 ponebant,
1954 5455 2010 5502 et

435 5541 625 5583 eorum
661 5532 753 5602 qui
781 5540 1043 5600 terreum,
1066 5553 1417 5608 gravemque,
1446 5547 1500 5592 et
1528 5539 1884 5594 Anaximenis
1913 5540 2007 5609 qui

438 5615 572 5674 illud
605 5639 637 5678 e
681 5635 827 5680 terra
871 5625 1258 5695 fabricaverat,
1293 5631 1362 5685 de
1407 5647 1515 5701 quo
1560 5632 1822 5702 Origenes
1866 5632 2006 5687 lib.l

510 5780 530 5811 '
570 5779 721 5838 Psal.
758 5798 882 5850 cm,
916 5786 973 5843 2.
1046 5783 1068 5838 !
1110 5787 1220 5844 Isa.
1256 5805 1356 5856 XL,
1396 5789 1485 5844 2‘2.
1563 5791 1584 5822 ⁸
1619 5789 1721 5845 Job
1753 5808 1980 5860 xxxvm,
2017 5792 2101 5850 58.

2145 3336 2265 3406 ῥέον
2286 3353 2300 3400 ;
2325 3336 2398 3388 Σύ
2426 3334 2483 3387 δὲ
2511 3335 2572 3387 οὐ
2598 3333 2819 3402 λογίζει,
2847 3334 2927 3386 ὅτι
2947 3333 3044 3404 τὴν
3067 3333 3256 3403 αὐτὴν,
3277 3334 3370 3386 καὶ
3393 3332 3472 3385 ἔτι
3497 3333 3716 3388 πλείονα

2141 3425 2372 3496 ἀπορίαν
2411 3425 2488 3496 τῷ
2521 3424 2660 3493 λόγῳ
2701 3423 2927 3494 παρέχει
2959 3425 2991 3494 ἡ
3021 3423 3094 3492 γῆ
3128 3422 3247 3476 καθ’
3281 3422 3477 3494 ἑαυτὴν
3506 3441 3716 3495 κρεμα-

2144 3517 2278 3588 μένη
2317 3515 2590 3587 βαρυτέρα
2616 3517 2712 3585 τὴν
2749 3515 2909 3584 φύσιν
2939 3512 3092 3568 οὖσα.
3134 3513 3496 3569 Externorum
3530 3523 3713 3588 tamen

2139 3609 2584 3680 philosophorum
2624 3610 2807 3679 opinio
2836 3618 2920 3664 est
2948 3607 3118 3679 magis
3146 3615 3364 3678 recepta
3396 3607 3712 3670 :Fundasse

2136 3698 2306 3756 Deum
2346 3711 2549 3757 terram
2597 3701 2650 3754 in
2698 3700 2941 3770 sphzerae,
2987 3715 3107 3769 quae
3158 3699 3420 3753 mundum
3471 3699 3712 3769 undique

2135 3795 2534 3863 complectitur,
2583 3802 2794 3858 centro,
2853 3793 3054 3863 quippe
3103 3808 3224 3862 qua:
3283 3802 3505 3861 propter
3547 3807 3708 3865 suum

2133 3885 2497 3955 aequilibrium
2541 3901 2606 3941 ex
2652 3885 2801 3940 omni
2851 3893 3006 3954 parte
3065 3883 3399 3940 tantumdem
3457 3881 3626 3938 distat
3675 3898 3707 3937 a

2133 3979 2294 4045 casio,
2331 3985 2390 4031 ut
2426 3978 2500 4032 ob
2539 3977 2592 4032 id
2624 3978 2801 4049 ipsum
2833 3983 2888 4032 et
2915 3976 3127 4030 ﬁrmam
3159 3975 3344 4031 sedem
3381 3974 3701 4041 obtinuerit,

2131 4077 2185 4125 et
2219 4071 2444 4124 immota
2472 4070 2700 4134 nitatur,
2734 4077 2789 4124 et
2815 4069 2973 4122 fixam
3003 4068 3074 4123 sit
3100 4078 3260 4123 nacta
3289 4066 3460 4121 basim
3483 4084 3499 4133 ;
3522 4073 3576 4122 et
3600 4066 3704 4121 hoc

2131 4179 2171 4216 ιι
2219 4162 2289 4216 De
2317 4166 2443 4217 caelo
2477 4179 2602 4234 cap.
2652 4163 2718 4218 14
2769 4161 3122 4218 validissimis
3171 4159 3476 4214 rationibus
3510 4159 3704 4230 probat

2127 4255 2473 4321 Aristoteles,
2507 4263 2563 4310 et
2613 4271 2745 4311 sane
2790 4253 3172 4325 deSpicaciori,
3208 4263 3262 4308 et
3293 4252 3554 4308 deteriori
3587 4253 3698 4308 ele-

2128 4356 2331 4412 mento,
2360 4348 2581 4403 iniimus
2613 4349 2766 4403 locus
2787 4348 3103 4412 debebatur,
3129 4355 3287 4402 terrae
3307 4345 3698 4410 elementorum

2126 4438 2452 4504 deterrimae,
2482 4439 2636 4495 locus
2660 4440 2753 4510 qui
2779 4440 3012 4494 maxime
3044 4455 3072 4492 a
3104 4437 3244 4502 cwlo
3269 4438 3432 4512 distat
3454 4435 3693 4493 infimus.

2125 4529 2385 4586 Centrum
2420 4532 2608 4587 mundi
2644 4532 2880 4587 maxime
2913 4548 2942 4586 a
2976 4533 3116 4592 caelo
3152 4532 3342 4595 distat,
3379 4531 3608 4601 ideoque
3637 4529 3695 4598 in

2124 4639 2191 4677 eo
2223 4634 2338 4677 erat
2371 4623 2690 4681 collocanda
2728 4639 2829 4678 sua
2871 4631 3091 4690 natura,
3134 4624 3279 4678 unde
3316 4631 3460 4677 terra
3501 4639 3692 4693 aquas,

2122 4729 2234 4768 non
2273 4729 2303 4768 e
2343 4715 2625 4770 contrario
2665 4723 2867 4770 terram
2902 4731 3055 4785 aqua:
3102 4722 3431 4774 sustentant.
3474 4713 3550 4768 En
3591 4731 3693 4769 no-

2123 4824 2246 4864 vam
2285 4807 2581 4864 Nebulouis
2622 4809 3035 4880 physiologiam.
3072 4808 3265 4871 Terra,
3306 4811 3382 4862 ait
3419 4808 3693 4865 Mohame—

2124 4909 2233 4964 tus,
2276 4902 2577 4957 sustinetur
2602 4917 2631 4954 a
2666 4917 2861 4970 magno
2889 4901 3024 4955 bove
3057 4901 3215 4970 cujus
3251 4909 3415 4970 caput
3447 4901 3694 4954 extendi-

2123 5001 2214 5046 tur
2237 4993 2288 5046 in
2311 4994 2600 5057 orientem,
2631 4994 2803 5048 cauda
2836 4994 2890 5046 in
2913 4995 3278 5056 occidentem,
3300 5002 3535 5062 quatuor
3564 5009 3690 5046 vero

2120 5085 2286 5155 pedes
2339 5085 2648 5139 innituntur
2695 5085 2860 5155 lapidi
2908 5085 3160 5139 candido.
3204 5083 3261 5137 In
3298 5085 3480 5154 capite
3525 5083 3688 5136 habet

2119 5177 2474 5247 quadraginta
2503 5192 2732 5240 cornua,
2763 5193 2996 5248 quorum
3026 5191 3194 5231 unum
3225 5176 3294 5230 ab
3324 5177 3494 5231 altero
3521 5175 3688 5229 distat

2116 5269 2313 5325 itinere
2355 5270 2503 5324 mille
2549 5285 2839 5328 annorum.
2892 5269 3096 5325 Subtus
3149 5269 3381 5340 lapidem
3431 5283 3560 5322 vero
3601 5274 3687 5322 est

2116 5377 2276 5418 mons
2319 5363 2605 5418 infernalis
2657 5363 2838 5418 dictus
2894 5363 3050 5424 Zoth,
3103 5378 3262 5432 quem
3315 5358 3685 5420 conscendere

2115 5464 2386 5525 coguntur
2417 5465 2752 5523 peccatores,
2783 5464 2837 5514 et
2865 5457 2956 5511 ubi
2991 5457 3128 5510 bene
3163 5462 3422 5511 oneratus
3459 5461 3541 5506 “st
3576 5450 3686 5504 col-

2116 5544 2364 5605 labascit,
2387 5560 2590 5614 eosque
2622 5546 2938 5601 submersos
2964 5545 3016 5599 in
3043 5544 3315 5600 infernum
3342 5540 3677 5613 praecipitati:

2115 5634 2218 5690 sub
2248 5634 2350 5690 hoc
2383 5646 2566 5691 monte
2593 5647 2735 5692 terra
2766 5643 2850 5692 est
2881 5647 2936 5692 ct
2971 5645 3158 5707 postea
3197 5649 3368 5702 mare,
3404 5639 3458 5689 et
3487 5643 3681 5701 rursus
