4112 6442
387 432 486 491 891

1374 431 1444 487 IN
1482 432 1854 489 EUSTATHII
1893 431 2363 488 IIEXAEMERON
2401 429 2633 487 NOTAE.

3501 422 3608 487 8”

385 556 531 603 terra
560 546 815 617 aliudque
845 562 995 603 mare
1033 564 1205 618 usque
1244 549 1309 604 ad
1350 557 1556 619 septem
1589 558 1853 605 letzrarum
1888 559 1928 604 et

2043 548 2144 618 τῆς
2171 547 2451 610 εὐσεϐείας
2487 545 2772 617 χαρακτὴρ
2806 544 3034 609 ὲνιζάνιι
3062 542 3239 597 αὐτῶν
3263 544 3372 606 τοῖς
3399 542 3607 613 ήθεσιν,

385 638 615 693 marium
648 652 954 692 numerum.
990 635 1186 691 Ultima
1229 653 1356 693 vero
1399 647 1665 694 terrarum
1703 648 1787 695 est
1822 640 1944 693 alba

386 737 444 782 ut
473 727 576 793 lac,
612 727 793 784 mollis
812 734 870 785 ut
889 742 1104 793 crocus,
1137 727 1303 782 odora
1330 737 1388 783 ut
1420 730 1697 797 moscbus,
1721 738 1775 785 et
1799 731 1944 785 clara

383 824 445 874 ut
472 817 623 883 luna,
653 817 795 873 infra
837 834 957 874 eam
1006 834 1238 890 magnus
1279 821 1444 890 piscis
1483 822 1642 890 cujus
1685 830 1848 892 caput
1888 824 1944 877 in

382 913 669 977 orientem,
697 911 868 967 cauda
893 926 1085 966 versus
1120 910 1458 967 occidentem
1495 915 1813 984 porrigitur,
1847 932 1945 970 su.

382 1015 479 1071 per
515 1000 673 1070 cujus
709 1001 876 1057 dorso
908 1000 1207 1056 fundantur
1233 1017 1295 1056 ac
1329 1003 1513 1072 jacent
1541 1012 1720 1067 terrae,
1749 1006 1943 1071 maria,

382 1104 495 1157 aer,
531 1107 705 1161 usque
733 1090 801 1146 ad
837 1090 998 1146 finem
1029 1091 1240 1145 mundi.
1272 1090 1477 1146 Subtus
1516 1092 1717 1162 piscem
1751 1104 1944 1149 ventus

381 1190 485 1249 est,
512 1181 603 1252 qui
635 1198 759 1237 eum
794 1183 1050 1248 sustinet,
1085 1183 1283 1239 subtus
1319 1184 1463 1239 hunc
1490 1185 1723 1249 tonitru,
1750 1201 1943 1240 rursus

380 1275 483 1330 sub
526 1274 629 1330 hoc
673 1290 822 1330 mare
864 1275 1180 1339 obscurum,
1233 1277 1577 1346 postmodum
1623 1277 1830 1343 laudes,
1875 1277 1944 1331 ab

380 1364 531 1419 hisce
574 1364 768 1434 gloria,
820 1365 1078 1433 deinceps
1121 1365 1376 1433 thronus,
1428 1380 1551 1438 post
1596 1384 1718 1423 eum
1759 1368 1943 1429 tabula

378 1456 544 1526 picta,
574 1463 630 1510 et
658 1470 859 1525 penna.
886 1466 939 1512 et
968 1456 1194 1513 inferius
1220 1473 1417 1529 magna
1439 1458 1531 1514 Dei
1560 1460 1778 1514 nomina
1811 1478 1833 1525 ε⁷
1848 1459 1942 1515 sed

375 1549 521 1619 piget
553 1549 902 1619 ineptiarum,
929 1566 1163 1621 quarum
1194 1551 1380 1606 nullus
1406 1551 1600 1608 modus
1624 1552 1766 1624 apud
1798 1553 1942 1606 hunc

378 1647 694 1710 nugatorem
705 1680 718 1694 .

448 1728 707 1785 (301.709.
742 1731 837 1784 litt.
869 1731 956 1786 ‘26.
985 1732 1095 1788 Καὶ
1124 1733 1189 1787 τὸ
1226 1732 1352 1799 πῶς
1386 1734 1456 1787 οὺ
1488 1732 1585 1787 δεῖ
1621 1737 1798 1791 πολύ.
1836 1734 1940 1792 Ubi

377 1835 617 1890 namque
636 1820 768 1877 fides
800 1823 1101 1879 humanum
1123 1825 1456 1881 intellectum
1474 1823 1866 1893 informaverit,
1886 1834 1941 1882 et

2046 637 2417 710 ἀναζωπυρῶν
2441 637 2501 690 τὸ
2529 639 2593 690 ἐκ
2621 637 2718 708 τῆς
2745 635 2996 706 τοιαύτης
3024 633 3308 705 συνηθείας
3330 634 3611 707 συνειλημ-

2048 731 2206 802 μένον
2233 727 2383 801 ἦθος,
2408 729 2502 784 καὶ
2528 729 2648 805 κατ’
2673 727 2850 795 ὀλίγον
2876 728 2956 789 είς
2983 726 3083 799 τὴν
3110 726 3201 780 τοῦ
3225 726 3390 781 καλοῦ
3412 727 3607 793 αὐτοὺς

2044 821 2222 894 ὄρεξιν
2252 820 2481 894 ὁδηγῶν.
2518 820 2612 882 Είς
2642 818 2869 872 πλεῖστα
2904 816 2961 871 δὲ
2990 817 3193 887 ταύτης
3223 818 3326 872 ὑπὸ
3354 818 3461 873 τῶν
3490 820 3610 872 ἐπι-

2043 913 2353 984 γενομένων
2390 911 2761 984 μερισθείσης,
2793 910 3049 981 ζητήσεις
3073 910 3403 980 συνέστησαν
3430 909 3609 963 πλείο-

2044 1020 2153 1067 νες,
2179 1003 2428 1072 καθάπερ
2454 1004 2511 1054 ὲν
2543 1003 2655 1065 τοῖς
2683 1001 2993 1071 ἐριστικοῖς,
3034 997 3126 1066 ἀφ’
3167 990 3242 1050 ὧν
3266 999 3607 1069 ὲντρεχεστέ-

2047 1109 2172 1162 ρους
2218 1091 2316 1163 μὲν
2360 1091 2551 1155 ἄλλους
2583 1090 2782 1162 ἐτέρων
2822 1087 3040 1161 μᾶλλον,
3070 1087 3163 1142 καὶ
3196 1086 3607 1159 ζητικωτέρους,

2044 1183 2119 1246 ὼς
2147 1181 2211 1235 ἄν
2238 1198 2323 1246 τις
2347 1181 2513 1245 εἴποι,
2545 1179 2826 1250 γεγονέναι
2862 1177 3194 1250 συμϐέϐηκε,
3230 1177 3325 1231 καί
3345 1194 3487 1239 τινες
3507 1178 3618 1259 ἤδη.

2043 1275 2136 1327 καὶ
2163 1273 2428 1345 αἱρέσεων
2457 1271 2821 1344 προύστησαν,
2866 1272 2959 1341 ἀφ’
3001 1264 3075 1324 ὧν
3120 1271 3152 1341 ἡ
3200 1269 3342 1323 κατά
3380 1269 3441 1321 τὸ
3478 1264 3610 1339 ἦθος

2043 1363 2234 1435 ἄδηλος
2266 1361 2572 1434 κατασκευὴ
2602 1362 2925 1433 ἐμαραίνετο
2946 1377 2959 1391 ·
2988 1360 3083 1431 τῆς
3122 1360 3218 1430 μὲν
3247 1358 3387 1413 κατά
3416 1359 3507 1412 τὸν
3524 1358 3612 1412 λό-

2043 1468 2136 1521 γον
2172 1451 2455 1524 ἀκριϐείας
2496 1452 2596 1505 οὑκ
2647 1449 3047 1520 ὲιρικνουμένων
3089 1447 3310 1509 τούτων,
3352 1447 3465 1500 ὅσοι
3501 1446 3613 1500 τῶν

2042 1545 2304 1615 αἱρέσεων
2354 1543 2603 1613 ἡγεῖσθαι
2648 1542 2852 1612 ἠξίουν,
2879 1539 2973 1594 τοῦ
3021 1538 3077 1592 δὲ
3126 1537 3319 1593 πολλοῦ
3375 1536 3612 1609 πλήθους

2044 1634 2560 1706 στασιαστικώτερον
2606 1635 2742 1705 πρὸς
2791 1633 2922 1687 αὑτὸ
2978 1630 3331 1695 δια-τεθέντος,
3393 1629 3612 1693 κανόνος

2041 1728 2098 1781 δὲ
2123 1728 2331 1791 οὐδενὸς
2366 1727 2632 1789 εἰπόντος,
2676 1726 2796 1778 οὐδὲ
2828 1725 3025 1795 νόμων.
3062 1724 3153 1792 ἀφ’
3185 1715 3260 1775 ὧν
3298 1720 3405 1774 τῶν
3445 1720 3610 1792 ζητή-

2045 1837 2181 1874 σεων
2209 1819 2529 1892 πορίσασθαι
2557 1817 2728 1871 λύσιν.
2759 1815 3026 1886 Καθάπερ
3052 1815 3110 1869 δὲ
3147 1816 3204 1871 ἐν
3235 1816 3346 1877 τοῖς
3374 1812 3550 1877 ἄλλοις
3575 1814 3609 1884 ἡ

373 1914 616 1973 rationes
649 1915 900 1971 humanae
929 1925 983 1971 et
1002 1918 1372 1987 experimenta
1401 1916 1567 1972 veluti
1597 1918 1803 1974 nullius
1826 1934 1928 1973 moi

2042 1909 2341 1981 φιλοτιμία,
2372 1908 2452 1972 είς
2479 1905 2785 1979 ὑπερϐολὰς
2812 1905 3171 1968 ἐκπίπτουσα,
3203 1903 3303 1957 οὑκ
3334 1902 3478 1956 ἔστιν
3511 1902 3610 1955 ὅτι

378 2005 546 2059 menti
570 2007 722 2072 rejici
748 2006 964 2069 debent.
993 2009 1048 2062 in
1077 2023 1185 2078 qua
1215 2009 1364 2062 nulla
1391 2009 1599 2079 opinio,
1627 2009 1775 2063 nulla
1799 2011 1942 2064 veri-

373 2094 692 2160 similitudo,
718 2097 865 2151 nulla
890 2095 1120 2159 fallacia,
1147 2098 1297 2152 nulla
1316 2097 1606 2163 haesitatio,
1628 2099 1777 2156 nulla
1798 2103 1939 2155 inest

374 2184 663 2251 dubitatio,
701 2188 797 2243 sed
840 2188 896 2243 in
922 2190 1254 2248 obscuritate
1279 2190 1520 2260 patentia
1548 2192 1749 2256 omnia,
1776 2200 1940 2263 atque

374 2284 562 2344 aperta
603 2276 960 2349 intelligendo
999 2278 1228 2334 ﬁrmiter
1267 2287 1453 2347 tenet;
1480 2287 1533 2335 et
1558 2296 1678 2351 qua:
1712 2295 1819 2335 non
1854 2282 1934 2336 tri-

373 2370 484 2435 det,
511 2373 589 2426 uti
622 2373 927 2430 certissima
960 2375 1134 2430 credit
1159 2374 1509 2433 Christianus
1538 2382 1592 2430 et
1619 2375 1728 2430 illis
1750 2389 1940 2431 assen-

368 2462 521 2516 titur.
559 2459 721 2518 Fides
752 2463 1136 2537 haec-qualibet
1181 2463 1648 2520 demonstratione
1688 2465 1938 2537 superior

365 2558 473 2616 est,
503 2553 747 2621 qualibet
772 2553 1101 2610 certitudine
1128 2554 1349 2621 certior,
1376 2554 1617 2625 qualibet
1644 2553 1936 2624 disciplina

366 2643 657 2698 excelsior.
709 2644 889 2710 Quare
934 2643 1175 2701 Joannes
1222 2645 1388 2700 Picus
1434 2644 1834 2716 sapientissime
1878 2646 1934 2701 in

363 2735 807 2792 conclusionibus
838 2735 1172 2795 ailirmabat:
1203 2735 1372 2792 Sicuti
1400 2737 1549 2806 ﬁdes,
1575 2753 1691 2806 qua:
1718 2748 1795 2792 est
1825 2754 1935 2792 cre-

363 2824 586 2890 dulitas,
619 2835 696 2881 est
724 2827 868 2897 infra
903 2829 1211 2893 scientiam;
1240 2828 1317 2881 ita
1352 2827 1506 2897 ﬁdes,
1546 2845 1662 2900 quae
1700 2839 1779 2884 est
1820 2845 1935 2885 cere

361 2908 515 2985 ﬁdes,
546 2921 623 2965 est
649 2912 1231 2981 supersubstantialiter
1267 2928 1427 2982 supra
1461 2915 1738 2968 scientiam
1759 2924 1808 2969 et
1835 2917 1933 2970 in-

363 2999 627 3054 tellectum
662 3017 756 3056 nos
790 3001 900 3059 Deo
930 3002 1235 3060 immediate
1269 3003 1605 3075 conjungens.
1635 3003 1813 3060 Furor
1849 3014 1934 3065 est

361 3092 561 3148 divinae
594 3094 852 3164 potentiae
883 3110 1048 3165 opera
1080 3097 1155 3149 ita
1184 3096 1439 3162 scrutari,
1472 3104 1533 3151 ut
1560 3107 1747 3154 noster
1779 3099 1932 3154 iutel~

360 3185 533 3241 iectus
572 3187 644 3242 sit
682 3187 803 3257 ejus
833 3203 1128 3253 mensura;
1164 3187 1317 3245 furor
1345 3197 1429 3245 est
1456 3190 1694 3244 humana
1722 3199 1931 3256 mente,

2040 2002 2100 2055 οὑ
2125 2000 2465 2072 λυμαίνεται,
2496 1998 2637 2053 οὑτω
2661 1999 2717 2050 δὲ
2744 1997 2839 2051 καὶ
2866 1996 2958 2050 ἐπὶ
2987 1996 3211 2059 τούτων,
3239 1998 3305 2066 τῇ
3332 1995 3609 2063 καινότητι

2038 2090 2146 2144 τῶν
2176 2090 2344 2156 δοξῶν
2396 2090 2651 2162 ἑκάτερος
2696 2088 2788 2141 τὸν
2830 2086 2937 2158 πρὸ
2976 2085 3140 2140 αὑτοῦ
3181 2085 3609 2158 ὑπερϐάλλεσθαι

2041 2181 2376 2248 σπουδάζων,
2408 2183 2488 2245 είς
2527 2182 2784 2252 ἀνήνυτον
2823 2179 3055 2250 πρᾶγμα
3085 2177 3184 2247 τὴν
3213 2176 3380 2248 αὐτὴν
3406 2175 3609 2246 ταύτην

2038 2274 2407 2346 ἐμϐεϐλήκασι
2441 2272 2777 2342 φιλοσοφίαψ
2813 2271 3001 2341 ὥσπερ
3036 2271 3064 2323 ὁ
3102 2269 3393 2339 λεγόμενος
3438 2270 3609 2322 Μανι-

2037 2370 2210 2438 χαῖος,
2243 2368 2302 2430 ὃς
2332 2367 2549 2438 Πέρσης
2576 2365 2675 2438 μέν
2705 2366 2790 2428 τίς
2819 2366 2932 2418 ἐστι
2962 2363 3023 2416 τὸ
3046 2362 3220 2431 γένος,
3254 2361 3394 2415 κατά
3418 2377 3481 2427 γε
3509 2360 3609 2432 τὴν

2035 2458 2176 2531 ἐμὴν
2210 2459 2387 2524 δόξαν,
2417 2458 2626 2520 πάντας
2657 2453 2980 2527 ὑπερϐαλὼν
3010 2453 3073 2507 τὺ
3104 2451 3381 2523 θαυμάσια
3405 2451 3605 2521 λέγειν.

2036 2551 2148 2604 Kal.
2179 2550 2237 2604 οὑ
2276 2549 2443 2603 πάλαι
2477 2549 2576 2620 μὲν
2614 2545 2949 2601 ἐπεπόλασεν
2975 2547 3009 2616 ή
3047 2541 3236 2604 τούτου
3269 2540 3604 2613 καινοτομία.

2035 2642 2258 2714 Πρῶτός
2284 2642 2349 2711 γέ
2372 2659 2454 2705 τις
2481 2639 2670 2704 Πάπος
2693 2636 2950 2708 τοῦνομα,
2985 2643 3091 2691 etc.

2107 2734 2269 2796 lbid.,
2330 2735 2429 2788 lin.
2487 2732 2581 2788 ΞΒ.
2646 2732 2952 2799 Ἆνέφικτα
2997 2724 3130 2797 γάρ.
3189 2721 3608 2791 Elegantissime

2036 2829 2386 2899 prosequitur
2419 2825 2745 2881 sententiam
2787 2823 2931 2876 hanc
2971 2815 3237 2888 Georgius
3278 2813 3606 2877 Pisidasﬂe

2035 2920 2216 2975 mundi
2250 2919 2459 2989 api/icio
2497 2934 2595 2988 per
2620 2925 2815 2978 totum,
2847 2927 3010 2983 quem
3043 2910 3187 2969 vide.

2103 3008 2397 3072 lbid.,.lin.
2443 3007 2532 3061 53.
2576 3004 2686 3060 Καὶ
2734 3002 2802 3057 τὸ
2843 3001 2991 3072 φῶς.
3047 3000 3164 3057 Hoc
3214 2999 3394 3053 lumen
3435 2995 3606 3051 fuisse

2032 3102 2306 3171 quoddam
2338 3100 2670 3154 luminosum
2711 3111 2807 3167 per
2845 3102 3016 3149 totam
3060 3090 3250 3149 mundi
3293 3090 3605 3146 machinam

2030 3191 2287 3247 diffusum
2325 3191 2562 3247 Basilius
2609 3190 2757 3243 hom.
2807 3188 2841 3242 6
2882 3188 2936 3239 in
2985 3184 3244 3239 Hexaem.
3305 3179 3613 3253 Gregorius.

360 3274 547 3332 divina
577 3277 689 3343 illa,
726 3287 780 3333 et
812 3295 934 3349 quae
962 3281 1207 3335 mundus
1247 3296 1357 3335 non
1391 3282 1539 3350 capit
1572 3283 1830 3352 agitasse,
1874 3291 1930 3337 et
1955 3250 1997 3306 Ο
2033 3284 2410 3338 Nazianzenus
2434 3284 2487 3336 in
2521 3297 2709 3336 novam
2735 3279 3092 3343 Dominicam,
3123 3275 3217 3346 qui
3251 3289 3358 3344 qua
3391 3275 3604 3328 ratione

360 3368 571 3422 incerta
611 3369 824 3423 modica
850 3368 1140 3439 fragilique
1170 3371 1485 3439 conjectura
1516 3371 1808 3437 immensa,
1838 3386 1928 3427 sa-

358 3473 474 3517 cra,
503 3467 728 3522 aeterna,
760 3461 1189 3530 admirandaque
1219 3460 1499 3533 indagare.

428 3549 589 3614 lbid.,
618 3550 714 3604 lin.
740 3551 835 3617 27..
873 3551 942 3605 Τὸ
967 3552 1076 3622 γὰρ
1103 3552 1340 3608 ἁπλοῦν
1368 3554 1480 3623 τῆς
1508 3554 1786 3621 πίστεως.
1818 3553 1927 3607 Ba-

361 3642 518 3699 silius
545 3643 692 3699 hom.
722 3645 775 3709 1,
807 3645 870 3705 Et
896 3645 951 3699 δὲ
984 3646 1081 3716 μὴ,
1114 3645 1249 3699 ἀλλὰ
1277 3646 1339 3700 τό
1373 3665 1437 3717 γε
1474 3647 1676 3703 ἁπλοῦν
1706 3649 1808 3719 τῆς
1835 3649 1925 3701 πί-

359 3748 531 3796 στεως
576 3733 917 3807 ἰσχυρότερον
960 3733 1100 3789 ἔστω
1142 3735 1252 3790 τῶν
1298 3736 1529 3806 λογικῶν
1580 3737 1923 3805 ἀποδείξεων.

355 3824 791 3881 Christianorum
818 3826 1220 3899 philosophiam
1243 3829 1546 3900 simplicem
1570 3836 1625 3886 et
1646 3830 1766 3900 ejus
1787 3845 1923 3885 cau-

356 3928 475 3972 sam
523 3916 927 3974 eruditissimus
978 3928 1031 3975 et
1078 3920 1570 3991 φιλοσοφικιὶντατος
1620 3921 1925 3985 Alexander

353 4005 672 4078 Lycopolita
725 4007 910 4063 libello
963 4024 1093 4064 vere
1138 4024 1307 4065 aureo
1332 4018 1544 4065 contra
1594 4010 1923 4069 Manichaee

353 4098 730 4156 disertissimis
769 4099 952 4155 verbis
995 4100 1251 4171 explicat,
1313 4117 1475 4174 quem
1510 4102 1621 4173 jam
1665 4119 1922 4175 paramus

355 4189 734 4244 commoditati
783 4191 1016 4262 publica:
1059 4192 1353 4248 edendum.
1406 4193 1539 4265 Ejus
1580 4196 1747 4251 verba
1792 4213 1917 4254 cum

351 4295 464 4336 non
495 4282 606 4337 sint
644 4283 791 4352 quod
831 4297 935 4359 ego
977 4283 1145 4337 sciam
1180 4284 1249 4339 ad
1289 4283 1431 4339 hanc
1471 4284 1612 4341 diem
1642 4288 1787 4341 edita
1817 4304 1919 4344 nec

352 4371 558 4440 Graece,
583 4388 685 4429 nec
715 4371 926 4439 Latine,
961 4389 1068 4429 non
1104 4376 1375 4446 gravabor
1414 4376 1504 4432 hic
1539 4376 1726 4436 Graeca
1750 4393 1919 4451 appo-

350 4480 505 4531 nere,
533 4473 594 4521 ut
634 4464 759 4537 quis
790 4467 862 4523 sit
898 4474 1108 4532 auctor,
1145 4470 1525 4540 unusquisque
1555 4478 1814 4542 tanquam
1849 4489 1916 4529 ex

2030 3374 2258 3446 intelligi
2308 3375 2503 3430 debeat
2548 3373 2786 3444 explicat
2832 3369 3069 3424 Nicetas.
3117 3367 3263 3421 idem
3305 3371 3603 3420 tenuerunt

2029 3467 2119 3521 alii
2137 3464 2331 3533 Graeci,
2356 3464 2732 3520 Theodoretus
2756 3468 2947 3531 quaast.
2978 3459 3045 3512 14
3063 3465 3117 3512 et
3147 3455 3213 3511 i6
3230 3474 3245 3522 ;
3263 3455 3599 3509 Athanasius

2027 3567 2224 3631 quaest.
2250 3559 2337 3625 74;
2368 3556 2697 3612 Anastasius
2728 3553 3097 3608 Antiocltenus
3123 3550 3179 3604 in
3213 3546 3469 3602 Hexaem.
3502 3547 3596 3600 lib.

2028 3666 2111 3717 ιν;
2142 3649 2473 3719 Procopius,
2509 3649 2563 3701 in
2603 3645 2874 3710 Genesim;
2910 3642 3303 3704 Damascenus,
3330 3637 3424 3693 lib.
3458 3652 3497 3691 ιι
3522 3636 3600 3693 De

2024 3739 2133 3808 ﬁde
2172 3739 2407 3804 orthod.,
2453 3755 2575 3810 cap.
2617 3739 2683 3805 '1;
2716 3737 2980 3809 Didymus
3021 3747 3076 3793 et
3123 3735 3496 3807 Apollinarius
3540 3734 3603 3790 in

2024 3831 2250 3896 Catena,
2287 3831 2432 3903 quod
2480 3838 2665 3902 postea
2703 3838 2900 3900 quarto
2930 3828 3018 3884 die
3050 3828 3284 3884 inditum
3318 3834 3403 3883 est
3430 3826 3597 3881 lumi-

2023 3923 2249 3978 Iaribus
2276 3922 2423 3977 cmli.
2457 3922 2561 3976 Sed
2598 3921 2666 3975 de
2694 3920 2797 3974 hoc
2822 3920 3084 3975 nonnulla
3116 3917 3369 3976 interius.
3622 3934 3627 3940 '

2092 4013 2230 4068 Ibid.
2287 4014 2395 4070 Kal
2445 4013 2642 4067 πάντα
2692 4010 2878 4081 ὀξείᾳ.
2947 4010 3186 4066 Basilius
3253 4013 3400 4064 hom.
3455 4011 3492 4064 2
3541 4010 3596 4064 in

2023 4103 2275 4160 Hexaem.
2310 4121 2327 4159 :
2361 4106 2448 4158 Ἐν
2483 4105 2540 4159 δὲ
2569 4103 2646 4175 τῷ
2676 4104 2864 4158 πλάτει
2897 4103 3072 4157 πάντα
3095 4102 3163 4157 τὰ
3205 4099 3341 4173 μέρη
3370 4099 3463 4154 τοῦ
3503 4102 3596 4155 κό-

2022 4214 2180 4269 σμου,
2202 4198 2388 4270 βόρειά
2411 4215 2490 4260 τε,
2525 4199 2617 4251 καὶ
2646 4197 2816 4261 νότια,
2840 4198 2935 4250 καὶ
2963 4194 3093 4266 ὲῷα,
3129 4195 3221 4247 καὶ
3248 4195 3314 4246 τὰ
3335 4194 3592 4266 ἑσπέρια,

2019 4290 2078 4342 ὲν
2105 4288 2252 4359 ὀξείᾳ
2276 4286 2470 4358 καιροῦ
2496 4289 2635 4359 ῥοπῇ
2662 4283 3022 4355 κατεφώτιζε,
3050 4284 3210 4352 cujus
3234 4285 3398 4337 etiam
3430 4298 3593 4337 usum

2018 4386 2077 4445 et
2118 4380 2389 4433 rationem
2444 4377 2641 4443 reddit,
2707 4392 2871 4449 quam
2919 4379 2967 4434 si
3011 4378 3169 4453 libet
3203 4376 3385 4447 legito.
3454 4373 3592 4429 Mira

2019 4467 2168 4524 illius
2211 4468 2507 4538 praeconia,
2547 4476 2602 4523 et
2644 4469 2933 4540 plusquam
2968 4467 3189 4539 triginta
3220 4466 3586 4536 proprietates

352 4571 531 4625 ungue
562 4555 772 4611 leonem
809 4556 984 4625 possit
1014 4559 1318 4626 conjicere:
1368 4561 1432 4613 'H
1458 4561 1797 4633 Χριστιανῶν
1824 4580 1914 4633 φια-
1945 4578 1993 4634 D
2019 4559 2187 4616 refert
2228 4559 2524 4633 Dionysius
2569 4560 2893 4639 Areopaglta
2952 4561 3132 4632 capite
3176 4560 3212 4614 4
3257 4559 3331 4613 De
3394 4558 3589 4613 divini:

350 4647 574 4716 λοσοφία
606 4646 749 4717 ἁπλῆ
784 4646 1046 4703 καλεῖται·
1092 4650 1230 4723 αὑτὴ
1273 4652 1331 4705 δὲ
1369 4653 1461 4705 ἐπὶ
1485 4653 1587 4725 τὴν
1622 4654 1714 4707 τοὺ
1754 4655 1916 4727 ἤθους

350 4736 692 4808 κατασκευὴν
726 4737 826 4807 τὴν
856 4737 1113 4810 πλείστην
1137 4740 1453 4815 ἐπιμέλειαν
1488 4746 1719 4797 ποιεῖται
1749 4747 1918 4807 αἰνιτ-

348 4828 548 4901 τομένη
575 4828 705 4900 περὶ
738 4828 846 4882 τῶν
875 4830 1279 4902 ἀκριϐεστέρων
1306 4832 1481 4902 λόγων
1502 4836 1628 4905 περὶ
1648 4836 1804 4903 Θεοῦ,
1839 4830 1916 4891 ὧν

346 4919 409 4973 τὸ
447 4920 738 4991 κεφάλαιον
771 4920 871 4990 τῆς
911 4922 1038 4992 περὶ
1084 4922 1260 4978 ταῦτα
1308 4926 1542 4995 σπουδῆς
1584 4929 1808 4993 εἰκότως
1847 4929 1915 4983 ἂν

347 5013 583 5077 ἅπαντες
611 5011 979 5077 ἀποδέξαιντο.
1017 5014 1186 5069 Ἔνθα
1228 5017 1290 5070 τὸ
1323 5019 1603 5087 ποιητικὸν
1634 5020 1805 5075 αἴτιον
1835 5040 1915 5075 τι-

350 5103 614 5174 μιώτατον
658 5106 914 5169 τίθενται,
975 5108 1069 5171 καὶ
1113 5109 1481 5180 πρεσϐύτατον
1498 5152 1513 5177 ,
1562 5112 1655 5165 καὶ
1699 5112 1915 5171 πάντων

345 5196 517 5252 αἴτιον
542 5198 649 5253 τῶν
678 5199 868 5255 όντων.
910 5201 1063 5256 Ἐπεὶ
1107 5202 1202 5257 καὶ
1241 5204 1354 5267 τοῖς
1386 5202 1594 5273 ἠθικοῖς
1628 5203 1700 5259 τὰ
1735 5205 1912 5278 ἐργω-

344 5289 572 5362 δέστερα
613 5293 1060 5365 παραλείποντες,
1108 5286 1220 5347 οἷόν
1250 5295 1335 5358 τίς
1363 5312 1425 5349 τε
1463 5297 1497 5367 ἡ
1526 5295 1693 5369 ἠθικὴ
1720 5298 1911 5370 ἀρετὴ,

344 5378 441 5432 καὶ
466 5377 679 5450 λογικὴ,
711 5382 806 5435 καὶ
843 5383 943 5436 ὅσα
986 5382 1204 5451 λέγεται
1241 5385 1368 5457 περὶ
1402 5384 1549 5449 ὴθῶν
1580 5388 1675 5441 καὶ
1701 5388 1909 5456 παθῶν,

342 5471 472 5541 περὶ
502 5470 595 5523 τὸν
623 5470 939 5528 ὑποθετικὸν
966 5474 1301 5547 διατρίϐουσι
1328 5476 1509 5531 τόπον·
1547 5482 1786 5550 στοιχεῖα
1809 5482 1912 5551 μὲν

340 5561 478 5634 πρὸς
502 5561 738 5633 ἑκάστης
762 5565 960 5637 ἀρετῆς
985 5566 1250 5637 ἀνάληψιν
1275 5568 1375 5621 οὑκ
1392 5568 1753 5635 ἀποδιδόντες,
1773 5587 1913 5640 παρ⁶

340 5653 658 5725 αγγέλματα
696 5655 752 5709 δὲ
789 5658 1085 5732 παχύτερα,
1117 5660 1193 5725 ὡς
1214 5661 1530 5732 ἐτύγχανεν,
1558 5663 1910 5734 ὲπισωρεύον-

337 5759 449 5809 τες,
493 5739 570 5801 ὧν
614 5748 643 5800 ὁ
685 5747 852 5812 πολὺς
894 5748 1062 5821 δῆμος
1103 5750 1334 5817 ἀκούων,
1375 5752 1451 5816 ὡς
1487 5754 1553 5806 ὲκ
1581 5753 1681 5825 τῆς
1713 5752 1906 5825 πείρας

339 5837 454 5900 ἔστι
497 5838 707 5912 μαθεῖν,
764 5841 965 5917 σφόδρα
1004 5843 1309 5900 ἐπιδίδωσιν
1344 5845 1423 5909 είς
1460 5845 1779 5913 ἐπιείκειαν,
1811 5846 1904 5900 καὶ

2015 4653 2241 4717 nomin.,
2291 4660 2347 4710 et
2404 4668 2524 4727 cap.
2577 4653 2643 4709 15
2688 4653 2764 4708 De
2811 4652 3007 4708 calcati
3071 4652 3389 4710 hierarchia.
3442 4650 3589 4706 Nihil

2014 4746 2161 4801 enim
2197 4746 2265 4801 ad
2309 4746 2500 4802 mundi
2544 4746 2796 4801 decorem
2830 4753 2886 4800 et
2912 4752 3167 4799 ornatum
3197 4745 3412 4815 aptius;
3442 4743 3599 4799 unde-

2015 4836 2171 4910 Hugo
2214 4837 2282 4894 de
2329 4836 2532 4893 Sancto
2564 4836 2815 4901 Victore,
2839 4837 2979 4903 Quid
3009 4837 3280 4908 pulchrius
3297 4836 3448 4892 luce?
3468 4852 3587 4906 qua!

2013 4948 2131 4986 cum
2173 4932 2237 4986 in,
2267 4947 2322 4991 se
2347 4930 2572 4985 colorem
2604 4948 2705 4984 non
2731 4930 2905 4994 habet,
2933 4931 3166 4986 omnium
3204 4939 3377 4985 tamen
3411 4944 3589 4983 rerum

2013 5024 2212 5077 colores
2237 5024 2352 5092 ipsa
2380 5021 2767 5095 quodammodo
2797 5024 3018 5077 colorat.
3052 5022 3180 5082 Haec
3210 5023 3337 5077 item
3373 5038 3496 5076 cum
3523 5021 3586 5078 in

2013 5130 2203 5171 omnes
2252 5121 2438 5186 partes
2489 5128 2550 5169 se
2595 5112 2767 5169 eﬂ‘use
2818 5115 3210 5180 communicat,
3248 5114 3584 5184 praecipuum

2012 5206 2216 5263 dicitur.
2268 5206 2719 5270 instrumentum,
2768 5219 2879 5275 quo
2929 5206 3175 5261 caelestia
3228 5218 3458 5274 corpora
3496 5204 3583 5258 in-

2011 5296 2180 5359 fluant
2222 5298 2275 5351 in
2313 5295 2598 5359 inferiora,
2634 5311 2811 5366 eoque
2857 5296 3088 5352 vehente
3135 5295 3202 5350 ad
3243 5310 3346 5352 nos
3378 5311 3410 5350 a
3438 5295 3591 5351 cmlo

2011 5390 2355 5459 perveniunt.
2391 5386 2548 5460 Quod
2582 5387 2860 5444 Avicenna
2899 5403 3118 5458 quoque
3148 5388 3306 5452 dixit,
3337 5387 3433 5442 lib.
3464 5385 3581 5442 lle-
3632 5416 3637 5421 -

2011 5488 2165 5545 tem,
2199 5481 2383 5534 lumen
2421 5493 2626 5534 vocans
2658 5479 2969 5537 vehiculum
3018 5478 3281 5534 virtutum
3330 5481 3579 5535 omnium

2009 5572 2343 5636 caelestium,
2368 5580 2423 5627 et
2450 5569 2709 5627 Albertus
2746 5571 2972 5642 Magnus
3014 5571 3110 5627 lib.
3141 5571 3219 5626 De
3246 5588 3379 5626 sam.
3422 5581 3472 5627 et
3494 5588 3576 5628 υσ-

2006 5662 2100 5733 gil.
2122 5662 2432 5718 confirmat.
2463 5663 2645 5730 Quare
2671 5662 2733 5715 D.
2760 5662 3086 5719 Ambrosius
3121 5663 3216 5719 lib.
3247 5679 3264 5717 ι
3292 5662 3573 5730 ﬂexum,

2007 5770 2130 5824 cap.
2162 5754 2220 5819 9,
2243 5755 2488 5826 scripsit,
2517 5757 2682 5813 unius
2715 5763 2966 5811 naturam
2998 5771 3107 5811 non
3135 5756 3429 5822 immerito,
3463 5771 3576 5812 non

2005 5847 2063 5903 in
2105 5861 2384 5916 mensura,
2434 5863 2542 5904 non
2593 5849 2645 5905 in
2685 5848 2928 5920 pondere
2964 5864 3106 5915 esse,
3140 5853 3198 5902 ut
3227 5863 3316 5904 res
3344 5856 3599 5914 caetera;
