4112 6454
430 450 538 507 825

1772 455 2023 513 LEONIS
2058 455 2341 513 ALLATll

3571 452 3679 513 83s

431 585 462 622 a
500 567 615 663 beo
661 576 895 624 creatas.
927 568 1083 636 Quod
1133 578 1316 627 tamen
1365 573 1603 663 explicat
1648 571 1727 663 D.
1761 573 2003 632 Thomas
2029 580 2078 637 Α
2106 586 2189 637 tes
2235 576 2404 632 hasce
2449 576 2706 650 tenebras
2751 591 2892 643 esse,
2922 575 3180 663 quoniam
3230 574 3313 647 ha:
3355 588 3387 630 e
3415 572 3553 629 lueis
3589 569 3720 631 τοτ’

431 660 606 730 prima
634 668 799 730 part.,
847 669 1042 731 quaest.
1086 663 1139 728 5,
1180 670 1236 717 et
1278 663 1431 718 alibi.
1468 662 1672 735 Verum
1719 662 1863 722 hanc
1899 664 2009 720 Eu-

431 752 621 807 stathii
678 755 1008 810 sententiam
1079 756 1146 811 de
1192 756 1478 813 celerrima
1524 772 1588 813 ac
1628 768 2009 833 momentanea

430 843 573 900 lucis
627 846 864 912 actione,
898 863 1007 917 qua
1056 863 1177 904 sese
1222 850 1459 920 explicat
1492 852 1779 907 conﬁrmat
1815 861 2013 923 praeter

430 934 695 990 Basilium
731 945 785 992 et
834 938 1208 1005 Ambrosium,
1257 940 1427 996 Arist.
1466 942 1567 998 lib.
1609 960 1649 999 ιι
1700 942 1779 998 De
1818 946 2008 1011 anim.,

431 1036 544 1081 tex.
590 1027 678 1092 70,
725 1028 959 1100 aliisque
1006 1039 1198 1097 contra
1226 1031 1657 1103 ,Empedoclem,
1701 1036 1795 1106 qui
1834 1037 2011 1092 lucem

430 1120 643 1174 moveri
672 1120 873 1177 aiebat.
908 1121 1042 1188 Nam
1072 1123 1116 1180 si
1144 1123 1397 1194 traiectio
1430 1126 1522 1179 illa
1557 1141 1666 1181 non
1697 1126 1849 1183 ﬁeret
1874 1145 2014 1198 pun—

433 1222 527 1268 cto
549 1215 835 1284 temporis,
867 1216 1048 1278 saltim
1077 1230 1230 1279 mora
1260 1217 1317 1271 in
1352 1232 1553 1291 magno
1583 1218 1804 1293 quidem
1834 1200 2013 1290 spatio

434 1307 957 1380 deprehenderetur.
992 1308 1148 1375 Quod
1189 1311 1355 1365 etiam
1397 1310 1599 1366 rationi
1630 1313 1887 1387 convenit
1915 1330 2015 1368 na-

317 1461 323 1466 _
432 1407 682 1471 turaaque
712 1401 884 1472 ipsius
914 1401 1078 1467 lucis,
1105 1417 1230 1458 cum
1262 1404 1352 1475 lux
1390 1398 1729 1475 contrarium
1778 1421 1888 1461 non
1920 1406 2017 1462 ha—

433 1491 560 1546 beat
602 1511 616 1561 ;
655 1507 781 1546 nam
819 1500 875 1548 et
924 1494 1251 1561 substantia
1278 1496 1416 1551 nihil
1445 1504 1532 1553 est
1559 1498 1917 1570 contrarium,
1960 1505 2017 1566 et

436 1583 565 1653 quia
615 1584 690 1648 ita
721 1583 1020 1655 ellunditur
1071 1593 1133 1641 ut
1175 1603 1286 1660 non
1316 1587 1509 1644 eadem
1551 1588 1693 1646 lucis
1730 1590 1909 1661 portio
1948 1589 2017 1645 ab

436 1692 546 1731 una
570 1685 721 1749 parte
744 1677 801 1745 in
829 1677 991 1733 aliam
1017 1686 1282 1745 transeat,
1315 1681 1477 1741 sicuti
1509 1682 1710 1739 accidit
1733 1683 1813 1738 rei
1837 1683 2018 1740 locum

435 1768 694 1829 mutanti.
736 1784 859 1838 quae
908 1785 1019 1843 una
1063 1777 1228 1840 atque
1277 1772 1471 1829 eadem
1543 1773 1791 1845 singulas
1831 1781 2019 1845 partes

338 1874 345 1883 ‘
436 1861 599 1931 spatii
632 1860 899 1933 decurrit,
933 1863 1122 1934 eisque
1151 1866 1452 1929 secundum
1477 1882 1536 1922 se
1555 1865 1882 1938 respondet;
1910 1882 2019 1939 quo

2110 684 2271 728 cessu
2305 667 2634 743 elliciuntur,
2661 678 2717 725 et
2754 684 2878 724 cum
2914 684 3103 724 eorum
3134 674 3329 722 natura
3362 664 3419 720 in
3455 663 3681 731 luminis

2113 760 2420 832 privatione
2448 760 2554 825 sita
2583 761 2655 833 sit
2682 760 2902 833 proprie
2927 759 3239 817 ell‘ectorem
3277 758 3448 813 Deum
3478 756 3681 812 habere

2112 866 2222 905 non
2266 859 2585 922 potuerunt,
2638 867 2765 907 cum
2812 850 2957 909 Deus
3000 866 3109 907 non
3152 850 3535 922 privationem,
3584 846 3684 919 sed

2113 930 2296 999 rerum
2330 958 2452 1013 qua:
2488 959 2613 1011 vere
2643 945 2918 1006 exsistunt
2947 954 3138 1015 auctor
3173 945 3267 1007 sit,
3298 957 3419 1012 quae
3459 939 3684 1012 quidem

2114 1034 2352 1109 tenebrat
2378 1037 2692 1105 spectabilis
2712 1037 2874 1105 hujus
2905 1037 3045 1091 lucis
3078 1035 3448 1105 conditionem
3478 1048 3509 1087 e
3536 1028 3689 1103 Graec

2114 1140 2305 1181 corum
2349 1125 2569 1181 Patrum
2596 1127 2865 1199 sententia
2898 1131 3332 1197 antecesserunt.
3370 1122 3543 1178 Verba
3575 1120 3688 1176 Me-

2116 1218 2287 1274 thodii
2314 1228 2474 1276 sunt:
2501 1221 2653 1293 Ἐμτοὶ
2679 1220 3019 1295 φιλονεικεῖς,
3038 1220 3132 1272 καὶ
3160 1217 3296 1299 πρὸς
3326 1216 3426 1288 ἐμὲ
3447 1216 3686 1280 ἴστασαι,

2115 1313 2210 1366 καὶ
2235 1315 2348 1387 τοῖς
2380 1315 2533 1384 ἐμοῖς
2562 1312 2821 1384 ἀθληταῖς
2851 1309 3210 1387 ἀνταγωνίζῃ.
3244 1309 3368 1363 Ποῦ
3395 1307 3463 1361 δὲ
3482 1303 3557 1378 ἧς
3590 1306 3692 1371 ὅτε

2114 1404 2229 1475 ἐγὼ
2249 1404 2365 1474 τὴν
2392 1404 2512 1475 γῆν
2546 1402 2930 1479 sip-fatemur;
2952 1403 3035 1466 τίς
3059 1398 3128 1475 ἧς
3146 1401 3268 1455 τότε
3287 1418 3306 1473 ;¹
3340 1400 3502 1471 Ἤδη,
3533 1398 3691 1475 canet,

2117 1496 2448 1560 πεπτὼκεις.
2498 1498 2609 1551 Kal.
2641 1498 2750 1571 γὰρ
2793 1499 2848 1552 ὲν
2876 1499 2942 1568 τῇ
2983 1497 3126 1570 ἀρχῇ
3169 1496 3267 1569 τῆς
3311 1481 3690 1564 κοσμοποιίας,

2117 1591 2343 1656 Σκότος
2369 1585 2467 1660 ἦν,
2515 1589 2713 1661 φησὶν,
2759 1587 2960 1643 ἐπάνω
2997 1586 3108 1656 τῆς
3153 1588 3451 1650 ἀϐύσσου,
3505 1584 3694 1657 σκότος

2117 1681 2276 1749 τοῦτο
2298 1682 2360 1737 οὐ
2385 1681 2604 1736 κτισθὲν
2630 1681 2839 1747 σκότος,
2875 1679 3013 1735 ἀλλά
3038 1676 3436 1752 προαιδρετικῶς
3461 1674 3697 1749 ἀρξάμε-

2120 1791 2209 1843 νον
2276 1773 2469 1847 σκότος
2519 1775 2585 1844 τῇ
2644 1772 2739 1826 τοῦ
2804 1771 2981 1841 φωτὸς
3030 1772 3307 1843 στερήσει.
3351 1767 3429 1837 Ex
3494 1766 3697 1838 quibus

2119 1866 2304 1922 verbis
2376 1864 2652 1937 quomodo
2721 1864 3025 1920 Comitolus
3097 1862 3284 1920 eliciat
3343 1876 3464 1926 eam
3524 1858 3701 1934 fuisse

435 1953 497 2008 tit
537 1962 594 2008 ut
637 1970 784 2010 nunc
816 1955 915 2011 has
949 1972 1094 2026 nunc
1129 1958 1251 2015 illas
1293 1961 1648 2023 successione
1671 1959 2018 2017 decurrendo
2048 1949 2092 2005 Β
2121 1958 2380 2033 Methodii
2410 1961 2737 2015 sententiam
2779 1973 2945 2028 quam
2987 1955 3107 2027 ipse.
3132 1954 3302 2011 refert
3329 1951 3572 2008 nondum
3615 1949 3699 2019 vi-

436 2060 621 2100 moras
653 2046 856 2113 trahat,
896 2055 952 2103 et
993 2056 1215 2120 tempus
1241 2059 1552 2124 consumat.
1599 2052 1781 2119 Quare
1814 2054 2019 2124 optime

436 2134 760 2201 Aristoteles
788 2139 1102 2210 opinionem
1130 2143 1465 2208 contrariam
1486 2142 1560 2197 ita
1584 2142 1885 2200 refellendo
1908 2145 2013 2201 ait;

435 2224 607 2280 Τοῦτο
632 2228 741 2300 γάρ
771 2230 886 2283 ἐστι
925 2232 1022 2286 xal
1062 2232 1212 2305 παρὰ
1246 2232 1347 2305 τὴν
1374 2235 1431 2287 ἐν
1466 2233 1546 2306 τῷ
1573 2234 1717 2304 λόγῳ
1760 2234 2019 2307 ἀλήθειαν

436 2321 533 2390 καὶ
570 2321 722 2393 παρά
753 2321 821 2375 τὰ
850 2323 1171 2396 φαινόμενα.
1219 2323 1335 2390 Ηρο
1380 2324 1523 2389 idem
1568 2327 1809 2383 voluisse
1849 2326 2019 2382 Ploti-

436 2427 595 2476 num,
627 2412 722 2484 lib.
755 2430 826 2479 ιν,
858 2414 1098 2471 Ennead.
1126 2416 1192 2483 6,
1240 2417 1520 2485 existimo,
1548 2433 1673 2474 cum
1712 2419 1780 2475 de
1813 2420 2020 2475 lumine

434 2504 605 2575 verba
651 2503 861 2575 faciens
907 2508 1098 2565 multis
1144 2509 1453 2567 rationibus
1496 2509 1798 2566 declaravit
1835 2511 2019 2566 lumen

435 2610 548 2651 non
581 2613 705 2653 esse
732 2597 1029 2668 divisibile,
1074 2611 1168 2657 aut
1208 2603 1492 2675 multiplex
1522 2615 1744 2676 propter
1772 2604 2020 2661 diversas

435 2694 647 2757 partes,
686 2688 783 2749 Sed
814 2704 938 2745 esse
974 2699 1147 2746 totum
1187 2693 1242 2747 in
1279 2692 1521 2762 qualibet
1553 2702 1729 2765 parte,
1760 2692 2022 2763 quemad-

420 2779 668 2884 ’mudum'
701 2789 757 2836 ct
779 2782 957 2839 virtus
1001 2784 1206 2840 rectrix
1233 2793 1349 2855 tota
1379 2794 1464 2850 est
1498 2787 1554 2842 in
1586 2786 1829 2858 qualibet
1865 2794 2022 2857 parte

436 2872 724 2943 ponderis,
764 2882 821 2930 et
863 2875 1046 2930 anima
1090 2878 1360 2947 corporis.
1409 2876 1565 2946 Quod
1601 2878 1747 2933 enim
1780 2878 2018 2949 partium

438 2965 793 3031 successione
821 2980 930 3020 non
963 2966 1297 3033 extenditur,
1322 2983 1505 3038 neque
1531 2968 1884 3023 successione
1907 2983 2023 3022 mo-

437 3062 552 3126 tus,
587 3057 683 3117 sed
717 3066 923 3136 puncto
950 3059 1220 3132 temporis
1252 3074 1351 3131 per
1382 3075 1576 3119 omnes
1607 3069 1794 3139 partes
1822 3060 2022 3117 ditl‘un-

423 3146 608 3206 fditur.

509 3238 763 3309 Col.70$i,
782 3240 882 3307 lin.
901 3242 994 3311 55.
1010 3242 1132 3311 Πρὸ
1148 3245 1258 3314 γὰρ
1273 3244 1511 3299 τούτου.
1530 3241 1769 3307 Basilius
1783 3242 1931 3302 hom.
1949 3242 1985 3297 2
2006 3264 2019 3300 :

422 3332 512 3413 1Τδ
532 3332 642 3407 γὰρ
669 3335 858 3406 σκότος
884 3338 983 3411 οὐχ
1011 3339 1088 3402 ὡς
1111 3337 1351 3408 πέφυκεν
1373 3338 1715 3410 ἐξηγοῦνται.
1740 3338 1881 3409 ἀέρα
1903 3337 2025 3393 τινὰ

420 3426 763 3534 1ἀςίικξνιτιστον,
810 3428 843 3501 ἢ
886 3430 1051 3489 τόπον
1092 3429 1151 3497 ἐξ
1198 3430 1572 3503 ἀντιφράξεως
1604 3429 1858 3501 σώματος
1889 3431 2025 3484 ἀπο-

420 3519 819 3605 ςσκιαζὸμενον,
867 3523 900 3595 ἢ
950 3523 1087 3588 ὅλως
1129 3524 1253 3578 καθ’
1296 3523 1582 3578 ὁποιανοῦν
1633 3524 1816 3589 αἰτίαν
1860 3523 2024 3590 τόπον

436 3614 617 3684 φωτὸς
644 3615 1029 3689 ἐστερημένον,
1062 3616 1198 3672 ἀλλὰ
1234 3616 1462 3688 δύναμιν
1494 3615 1693 3687 κακὴν,
1734 3616 1934 3687 μᾶλλον
1967 3616 2026 3670 δὲ

437 3706 572 3776 αὐτὸ
605 3706 666 3759 τὸ
687 3707 856 3761 κακὸν
884 3709 1016 3780 παρ’
1047 3706 1240 3780 ἑαυτοῦ
1279 3708 1376 3780 τὴν
1404 3708 1581 3781 ἀρχὴν
1615 3707 1760 3779 ἔχον,
1796 3718 1933 3779 etc.;
1971 3715 2026 3763 et

421 3794 673 3863 .inferius
710 3815 725 3869 ς
765 3796 919 3850 Ἐπεὶ
961 3793 1054 3853 οὗν
1086 3798 1304 3867 ἐγένετο
1332 3798 1579 3870 οὐρανὸς,
1616 3798 2023 3872 προστάγματι,

423 3886 577 3969 ΔΘ.εοῦ
611 3886 825 3960 ἀθρόως
857 3890 1174 3959 περιταθεὶς
1204 3894 1317 3955 τοῖς
1351 3892 1501 3955 ἐντὸς
1542 3891 1647 3944 ὑπὸ
1682 3891 1781 3962 τῆς
1818 3891 2023 3957 οἰκείας

423 3978 608 4064 ἀὑτοῦ
652 3981 1004 4055 περιφερείας
1052 3982 1504 4065 ἀπειλημμένοις,
1545 3982 1704 4055 σῶμα
1740 3982 1863 4055 ἔχον
1901 4001 2025 4039 συν-

421 4071 563 4151 ιεχὲς
598 4072 778 4132 ἰκανὸν
806 4071 912 4137 τῶν
950 4072 1056 4143 ἔξω
1090 4073 1377 4144 διαστῆσαι
1409 4074 1478 4127 τὰ.
1506 4073 1670 4134 ἔνδον.
1710 4074 2029 4144 ἀναγκαίως

421 4164 533 4253 ἱτὸν
558 4165 1015 4237 ὲνατωλξιφθέντα
1053 4165 1206 4239 cr,th
1240 4167 1405 4227 τόπον
1439 4167 2016 4239 ἀφεγγῆ’κατέστησε,

420 4257 539 4337 ¹’τὴν
567 4257 765 4324 ἔξωθεν
790 4259 964 4333 αὐγὴν
985 4260 1268 4333 διακόψας.
1296 4261 1438 4332 Τρία
1463 4259 1573 4334 γὰρ
1592 4260 1675 4314 δεῖ
1699 4261 2023 4332 συνδραμεῖν

436 4353 534 4407 ἐπὶ
563 4354 661 4423 τῆς
689 4355 866 4420 σκιᾶς,
898 4354 959 4407 τὸ
993 4355 1131 4424 φῶς,
1163 4355 1229 4423 τὴ
1261 4355 1438 4427 σῶμα,
1464 4355 1556 4409 τὸν
1582 4354 1811 4425 ἀλαμπῆ
1835 4354 2022 4410 τόπον.

437 4445 515 4499 Τὸ
561 4447 740 4501 τοίνυν
790 4446 1081 4517 ὲγκόσμιον
1129 4447 1318 4515 σκότος
1361 4449 1427 4519 τῇ
1470 4447 1600 4521 σκιᾷ
1638 4444 1731 4500 τοῦ
1770 4445 2022 4518 οὐρανίου

420 4501 693 4608 ξσώματος
735 4501 1082 4608 παρυπέστη.
1123 4504 1219 4597 llis
1249 4501 1499 4593 constitua.
1523 4501 1661 4592 sunt
1702 4501 2022 4605 qu$|lmbet

437 4623 677 4682 Joannes
698 4624 1033 4693 Pbi10ponu‘s
1062 4626 1117 4693 in
1149 4626 1405 4697 "esteem.
1440 4626 1710 4691 referente
1739 4625 1936 4681 Pliotio
1966 4625 2021 4680 in

438 4716 733 4773 Bibliotlt.:
762 4717 875 4772 Kal
902 4718 1121 4788 σκότος
1151 4718 1352 4789 erraro)
1380 4716 1490 4789 τῆς
1504 4719 1802 4788 άϐὐσσου³
1832 4716 1893 4772 τὸ
1923 4716 2022 4789 μὲν

439 4811 586 4883 ὕδωρ
613 4810 848 4866 ἄϐυσσον
889 4810 1079 4890 ειπῲν,
1124 4809 1186 4865 τὸ
1224 4810 1282 4879 δὲ
1332 4809 1522 4879 σκότος
1573 4809 1665 4863 τὸν
1716 4807 2021 4879 ἀφώτιστον

437 4905 597 4975 ἀέρα.
646 4903 757 4958 Καὶ
804 4902 914 4975 γὰρ
957 4901 1159 4974 κυρίως
1205 4901 1396 4973 σκότος
1439 4901 1588 4974 ἐστὶν
1636 4903 1671 4975 ἠ
1706 4900 1800 4960 τοῦ
1844 4902 2021 4972 φωτὸς

437 4995 695 5055 ἀπουσία.
749 4994 861 5050 Καὶ
919 4995 1177 5067 συνήθεια
1227 4993 1285 5069 δὲ
1336 4995 1527 5067 σκότος
1574 4995 1664 5048 τὸν
1716 4993 2017 5064 ἀφώτιστον

436 5088 586 5159 λέγει
630 5087 790 5162 ἀέρα,
842 5089 962 5161 ἦτοι
1009 5087 1070 5142 τὸ
1121 5086 1432 5159 νυκτερινὸν
1489 5085 1583 5159 τοὺς
1639 5086 1801 5157 ἀέρος
1844 5086 2019 5140 κατά-

439 5198 623 5254 στημα
648 5222 664 5249 ,
718 5182 753 5255 ἢ
804 5183 901 5237 καὶ
955 5181 1019 5236 τὸ
1074 5180 1250 5245 ἄλλως
1304 5179 1423 5245 πῶς
1484 5180 1799 5251 συμϐαῖνον.
1860 5180 2023 5237 Certe

436 5274 683 5341 notanda
734 5284 820 5332 est
864 5275 1141 5331 sententia
1199 5273 1460 5329 Methodii
1515 5289 1682 5344 super
1729 5274 1840 5329 illis
1894 5289 2021 5328 ver.

435 5366 526 5427 bis
579 5367 704 5435 Job,
760 5366 860 5423 Ubi
916 5384 1212 5433 eras,cum
1262 5366 1547 5436 funderent
1597 5383 1689 5438 ego
1747 5365 2025 5437 terram'?

437 5462 543 5530 Qui
581 5471 786 5535 negat,
832 5471 893 5517 ut
948 5462 1229 5519 existimat
1271 5460 1475 5518 Paulus
1534 5461 1859 5527 Comitolus,
1921 5460 2023 5527 bas

436 5557 696 5612 tenebras
749 5555 1003 5612 conditas
1064 5554 1259 5619 fuisse,
1320 5564 1377 5609 et
1449 5556 1707 5615 tenebras
1768 5568 1889 5625 qua:
1947 5554 2026 5618 illi

432 5647 674 5715 horridae
720 5659 883 5721 atque
931 5650 1221 5718 incomptte
1266 5662 1453 5703 rerum
1508 5649 1754 5702 omnium
1788 5646 1918 5701 moli
1968 5647 2026 5707 in

437 5740 613 5815 prima
656 5741 844 5803 mundi
878 5741 1290 5808 constitutione,
1319 5747 1476 5797 erant
1501 5739 1772 5805 obductae,
1810 5745 2028 5795 nostra-

515 5920 536 5954 ’
581 5917 681 5977 Job
716 5933 958 5985 xxsvnt,
997 5919 1049 5973 ι.
1131 5921 1173 5953 ὀ
1213 5918 1339 5974 Gen.
1376 5936 1430 5986 ι,
1461 5919 1516 5973 2.
1604 5920 1643 5952 ¹¹
1686 5917 1726 5973 ll
1768 5917 1893 5974 Cor.
1936 5935 2010 5988 iv,

2184 5919 2224 5949 ¹²
2266 5915 2394 5974 Gen.
2432 5933 2480 5986 ι,
2516 5917 2567 5972 3.

2119 2050 2244 2119 deo,
2276 2064 2401 2113 cum
2432 2050 2601 2121 verba
2634 2047 2891 2104 Methodii
2933 2046 3083 2102 aliud
3130 2046 3387 2109 innuant,
3422 2057 3523 2099 nec
3570 2056 3698 2113 per:

2119 2142 2301 2212 plexe.
2337 2139 2555 2216 Etenim
2599 2139 2843 2216 tenebrae
2890 2138 2997 2193 illae
3045 2152 3210 2209 super
3263 2136 3545 2208 abyssum,
3586 2147 3701 2203 non

2118 2242 2277 2289 erant
2327 2240 2524 2300 creatae
2568 2233 2829 2305 tenebrat,
2874 2228 2971 2287 sed
3013 2229 3198 2285 liberae
3242 2227 3375 2298 ipsa;
3414 2229 3701 2295 corperunt

2119 2343 2244 2385 esse
2275 2327 2512 2394 tenebrae
2544 2326 2685 2383 lucis
2713 2327 3039 2398 privatione.
3076 2320 3233 2378 Unde
3271 2335 3402 2391 ergo
3441 2327 3546 2385 est,
3578 2317 3702 2372 illas

2121 2420 2330 2493 primas
2362 2420 2623 2492 tenebras
2671 2426 2950 2493 nostrates
2980 2417 3083 2471 has
3132 2413 3290 2470 esse?
3321 2410 3479 2468 Unde
3510 2424 3704 2466 eorum

2120 2510 2437 2583 ell‘ectorem
2469 2509 2641 2566 Deum
2673 2524 2784 2565 non
2814 2508 3025 2565 fuisse?
3053 2504 3211 2575 Unde
3244 2503 3415 2559 Deum
3448 2517 3559 2557 non
3582 2515 3705 2557 esse

2120 2603 2525 2674 privationum,
2574 2602 2672 2657 sed
2721 2616 2906 2657 rerum
2949 2615 3072 2671 quae
3118 2604 3339 2667 exstant
3387 2591 3708 2650 auctorem?

2120 2699 2204 2751 Au
2236 2711 2367 2765 vero
2400 2695 2490 2764 hic
2538 2693 2850 2764 Methodius
2903 2708 3015 2748 una
3048 2707 3174 2747 cum
3214 2688 3495 2760 Ludovico
3531 2685 3707 2742 Fideli

2123 2788 2327 2851 sentiat
2357 2787 2413 2863 in
2444 2786 2593 2841 notis
2637 2785 2705 2840 ad
2755 2785 2935 2863 ipsum
2981 2783 3316 2839 Methodium
3364 2779 3584 2853 planius
3612 2794 3708 2834 ex-

2123 2879 2486 2950 plicabimus;
2522 2887 2576 2934 et
2604 2893 2672 2940 an
2705 2878 2849 2934 idem
2892 2876 3141 2932 videatur
3180 2872 3424 2933 sensisse
3464 2870 3709 2946 Ioannes

2122 2969 2254 3024 Pius
2289 2970 2343 3024 in
2393 2969 2676 3044 lieptaplo,
2714 2970 2809 3025 lib.
2860 2984 2961 3032 vn,
3005 2967 3171 3037 capit.
3204 2966 3231 3019 1
3268 2982 3284 3020 :
3326 2963 3492 3023 Terra
3529 2970 3710 3031 autem|

2122 3070 2239 3116 erat
2266 3063 2442 3129 inanis
2481 3071 2533 3131 et
2553 3077 2740 3126 vacua,
2773 3069 2823 3127 et
2857 3058 3081 3114 tenebrtz
3121 3065 3281 3112 erant
3324 3070 3483 3125 super
3512 3053 3713 3125 [aciem

2124 3151 2303 3224 abyssi
2324 3153 2463 3208 ¹⁹.-
2475 3150 2596 3207 Non
2616 3160 2759 3211 creat
2777 3150 2919 3216 Deus
2936 3150 3268 3212 inanitatem,
3284 3164 3387 3201 non
3402 3155 3543 3201 creat
3562 3154 3713 3210 tener

2125 3246 2272 3309 bras,
2304 3246 2394 3301 sed
2419 3266 2437 3298 ι
2462 3255 2623 3317 terra,
2641 3246 2831 3316 inquit,
2850 3244 3022 3317 inanis
3039 3252 3089 3298 et
3105 3240 3328 3297 tenebrat
3355 3249 3540 3303 erant;
3566 3254 3706 3294 mon

2128 3338 2259 3395 dicit
2288 3339 2400 3395 hac
2430 3339 2593 3409 {uisse
2625 3349 2825 3409 creata,
2862 3336 2954 3393 sed
2994 3336 3179 3406 fuisse.
3211 3333 3278 3390 Et
3312 3334 3502 3405 paucis
3531 3333 3721 3418 interi

2124 3431 2311 3503 jectis,
2348 3429 2531 3502 Neque
2569 3431 2680 3506 [nec
2726 3430 2850 3501 fecit
2880 3428 3047 3494 Deus,
3096 3426 3185 3483 sed
3211 3427 3439 3481 hominis
3475 3425 3713 3499 malitia,

2128 3524 2220 3595 qui
2242 3523 2417 3578 valens
2460 3540 2515 3578 se
2555 3522 2634 3577 his
2679 3522 2829 3593 bonis
2859 3522 3103 3595 privavit,
3134 3518 3323 3591 quibus
3370 3518 3525 3593 illum
3563 3516 3707 3572 Deus

2127 3615 2411 3670 ditaverat.
2462 3613 2600 3668 Sunt
2626 3617 2718 3692 qui
2773 3613 2878 3673 hoc
2927 3612 3049 3667 loco
3088 3611 3436 3667 tenebrarum
3487 3608 3710 3663 nomine

2128 3723 2270 3779 quos
2316 3706 2630 3764 Ludovicus
2689 3706 2903 3782 Fidelis.
2932 3704 3032 3760 lib.
3067 3719 3106 3775 it
3147 3703 3223 3761 De
3270 3701 3454 3774 mundi
3494 3709 3707 3768 structu

2129 3815 2254 3871 cap.
2292 3800 2322 3852 7
2354 3808 2408 3855 et
2439 3799 2492 3863 8,
2523 3815 2631 3854 non
2674 3798 2967 3869 improbat,
3009 3811 3191 3852 aerem
3227 3793 3589 3865 caliginosum
3624 3793 3711 3846 lu-

2128 3893 2278 3949 mine
2327 3893 2650 3948 destitutum
2713 3890 2951 3963 intelligi
2992 3890 3195 3963 velint,
3247 3903 3315 3953 ex
3368 3902 3477 3957 quo
3529 3884 3709 3956 angeli

2127 3999 2286 4039 suum
2309 3983 2486 4039 sortiti
2518 3990 2648 4039 sunt
2675 3990 2877 4051 ortum,
2900 3995 3026 4055 nam
3060 3988 3120 4047 ut
3143 3994 3208 4036 ex
3234 3979 3364 4034 limo
3396 3985 3557 4049 terra:
3587 3985 3712 4031 lano

2128 4092 2290 4146 quam
2325 4077 2650 4146 praajacente
2676 4074 2904 4147 materia
2922 4074 3231 4145 hominem,
3261 4071 3344 4139 sic
3368 4086 3437 4126 ex
3467 4085 3594 4126 aere
3617 4084 3709 4123 ca-

2126 4172 2361 4245 liginoso
2418 4171 2585 4226 veluti
2648 4170 2970 4239 subjacente
3020 4165 3424 4224 substerniculo
3482 4163 3709 4235 angelos

2126 4262 2299 4335 Deum
2358 4262 2675 4319 condidisse
2723 4261 3099 4327 arbitrantur,
3144 4257 3300 4323 Bauli
3351 4257 3708 4327 fundamento

2124 4354 2324 4420 innixi,
2357 4354 2627 4409 dicentis:
2654 4352 2919 4419 Quoniam
2943 4350 3105 4427 Deus,
3123 4351 3213 4421 qui
3234 4351 3371 4403 dixit
3400 4346 3706 4417 deterrebitis

2127 4448 2295 4517 lucem
2342 4445 2729 4516 splendescere,
2775 4446 2885 4514 ipse
2927 4443 3108 4511 illuxit
3138 4445 3193 4509 in
3223 4442 3468 4508 cordibus
3508 4440 3706 4495 nostris

2126 4540 2197 4595 ad
2243 4538 2686 4600 illuminationem
2725 4539 2960 4597 scientiis
3006 4537 3272 4603 claritatis
3316 4534 3416 4590 Dei
3461 4536 3516 4589 in
3571 4533 3710 4604 facie

2055 4653 2099 4708 υ
2129 4630 2331 4687 Christi
2378 4630 2507 4696 Jesu
2551 4631 2615 4685 η.
2665 4629 2811 4686 Deus
2843 4630 3011 4697 enim,
3039 4629 3133 4700 qui
3169 4628 3309 4684 dixit
3349 4626 3418 4683 de
3463 4625 3715 4693 tenebris.

2132 4723 2310 4778 lucem
2346 4722 2748 4794 splendescere,
2783 4723 2830 4778 is
2858 4731 2963 4789 est,
3008 4724 3103 4793 qui
3143 4722 3212 4778 de
3255 4720 3501 4776 tenebris
3531 4718 3712 4794 dixit,

2131 4815 2265 4871 Fiat
2298 4820 2412 4881 lux,
2436 4825 2487 4881 et
2519 4816 2663 4881 facta
2683 4826 2762 4872 est
2781 4816 2922 4871 “.ld
2942 4823 3120 4877 autem
3137 4814 3361 4885 intelligi
3393 4829 3501 4871 non
3528 4818 3711 4884 potest

2129 4911 2199 4970 de
2225 4910 2463 4982 simplici
2497 4910 2722 4980 luminis
2760 4909 3028 4973 carentia,
3058 4907 3317 4979 quoniam
3366 4923 3431 4962 ex
3474 4906 3578 4960 hoc
3607 4920 3716 4966 ne-r

2129 5005 2250 5076 quit
2280 5004 2579 5075 quidquam
2613 5002 2772 5068 oriri,
2808 5011 2863 5058 et
2889 5001 3133 5073 proinde
3153 5016 3278 5059 cum
3304 4999 3451 5060 dicat
3480 4997 3714 5074 Paulus,

2127 5098 2193 5154 de
2253 5097 2475 5152 tenebris
2524 5095 2691 5157 lucem
2742 5095 3097 5165 splendescere
3118 5133 3134 5159 ,
3180 5100 3396 5165 Oportet
3451 5091 3713 5152 tenebras

2126 5192 2278 5264 ipsas
2333 5191 2481 5247 unde
2536 5191 2630 5249 lus
2686 5188 2916 5260 prodeat
2971 5186 3181 5259 aliquid
3236 5201 3378 5246 esse.
3434 5185 3505 5243 At
3548 5183 3705 5257 quid,

2129 5301 2337 5358 quaeso,
2368 5285 2675 5351 existimas,
2705 5282 3095 5353 hujuscemodi
3118 5280 3379 5338 tenebras
3419 5294 3564 5342 csse,
3599 5276 3717 5335 nisi

2123 5393 2303 5435 aerem
2334 5377 2516 5448 ipsum
2557 5375 2802 5431 tenebris
2824 5375 3085 5442 obsitum,
3118 5373 3214 5429 sed
3256 5371 3483 5427 luminis
3511 5384 3706 5426 susce-

2122 5468 2372 5541 ptivum?
2393 5467 2537 5539 quod
2570 5466 2894 5538 perpulchra
2933 5465 3021 5521 his
3042 5464 3222 5520 verbis
3245 5462 3488 5519 insinuat
3509 5459 3705 5525 Isaias,

2124 5560 2401 5631 inquiens,
2425 5558 2538 5630 Ego
2562 5557 2849 5623 Dominus,
2879 5567 3056 5612 etnon
3080 5564 3160 5610 est
3188 5554 3326 5609 alter
3348 5553 3588 5624 formans
3622 5551 3709 5607 lu-

2124 5666 2235 5704 cem
2249 5659 2299 5705 et
2324 5667 2508 5705 creans
2535 5648 2773 5704 tenebras
2802 5649 2876 5709 ης
2906 5647 3130 5703 nomine
3148 5653 3328 5701 autem
3355 5643 3704 5701 tenebrarum

2128 5738 2246 5795 boc‘
2267 5740 2390 5794 loco
2420 5738 2631 5809 aliquid
2667 5739 2965 5811 positivum
3001 5735 3413 5811 intelligendum
3440 5742 3547 5793 est.
3584 5731 3713 5796 Non

2652 5917 2693 5949 ¹²
2734 5914 2851 5974 Ita.
2888 5933 3011 5983 ην,
3052 5917 3101 5970 7.
