4112 6404
364 407 474 466 325

1356 407 1422 461 IN
1453 405 1831 464 EUSTATHII
1869 408 2349 464 HEXAEMERON
2389 407 2620 464 ΡΞΟΤΑΕ.

3507 404 3613 466 826

363 523 510 581 enim
542 521 763 579 luminis
803 520 1102 577 carentiam
1147 518 1356 574 creavit
1396 519 1562 576 Deus.
1599 520 1726 578 Haec
1759 503 1940 577 tamen

2069 523 2164 576 ιίου
2209 525 2570 594 γενησόμενον
2619 521 2936 593 ὑπερόριον,
2992 523 3192 600 μηδένα
3233 521 3288 575 δὲ
3338 522 3429 576 τὸν
3473 522 3616 592 μετὰ

362 615 550 686 Opinio
597 613 821 668 minime
864 612 1145 683 probanda
1197 611 1437 678 videtur,
1487 615 1574 669 vel
1616 630 1684 670 ex
1727 630 1793 668 eo
1827 617 1943 669 solo

2069 615 2216 669 παῦτα
2267 614 2571 685 ἀνθρώπων
2611 613 2870 684 μέλλοντα
2918 613 3078 668 πάλιν
3124 616 3361 686 οἰκήσειν
3413 614 3612 678 αύτὸν;

364 705 510 777 quod
547 703 775 774 angelis,
817 702 908 772 qui
941 711 1069 756 sunt
1109 701 1233 771 puri
1263 702 1493 771 spiritus
1528 703 1679 758 nullo
1717 718 1945 773 corpore

365 794 652 856 obstricti,
710 789 996 846 niateriale
1044 789 1372 860 principium
1429 792 1654 858 tribuat,
1712 793 1945 864 indeque

362 899 460 942 eos
474 899 765 952 corporeos
795 882 1208 952 materialesque
1233 871 1451 937 elliciat.
1476 882 1594 938 Add
1605 923 1648 949 υ,
1682 884 1812 939 hinc
1837 901 1944 939 non

368 973 530 1028 simul
561 987 686 1026 cum
723 971 864 1027 coelo
913 977 968 1026 et
1001 979 1149 1026 terra
1181 970 1357 1042 angeli
1406 971 1662 1042 producti
1697 972 1948 1028 referun-

367 1076 478 1132 tur,
511 1065 604 1121 sed
634 1073 756 1135 post
787 1063 908 1119 coeli
938 1073 990 1118 et
1013 1071 1173 1118 terra:
1198 1063 1555 1120 creationem.

438 1158 555 1217 Col.
586 1157 710 1224 709,
746 1156 840 1210 lin.
870 1156 960 1211 38.
1005 1155 1262 1220 Ἕξωθεν
1290 1153 1358 1208 δὲ
1392 1155 1498 1209 τοῦ
1521 1155 1803 1223 οὐρανοῦ.
1833 1157 1950 1210 Me-

369 1251 593 1306 thodius
627 1249 910 1320 presbyter
945 1246 1498 1318 Hierosolymitanus,
1548 1257 1687 1302 orat.
1737 1248 1792 1300 iu
1834 1246 1951 1316 Hy-

366 1351 674 1412 papantem,
706 1341 824 1397 sive
868 1337 1193 1394 Timotheus
1238 1337 1342 1393 sub
1379 1337 1537 1407 cujus
1571 1337 1790 1391 nomine
1836 1336 1950 1390 haec

369 1436 547 1491 oratio
586 1435 878 1507 praeteritis
931 1432 1092 1487 annis
1134 1433 1293 1486 initio
1339 1431 1532 1486 mutila
1578 1445 1778 1486 excusa
1843 1439 1950 1498 est,

367 1543 531 1598 quam
555 1526 817 1597 integram
833 1523 1058 1594 suisque
1079 1524 1325 1594 partibus
1355 1523 1661 1578 absolutam
1684 1521 1804 1586 tibi,
1835 1521 1954 1576 lec-

369 1626 476 1680 tor,
513 1631 622 1670 una
654 1630 780 1670 cum
817 1615 942 1669 aliis
973 1613 1375 1670 Methodiorum
1401 1611 1705 1683 opusculis,
1725 1619 1780 1667 et
1808 1610 1954 1682 frag-

369 1708 589 1772 mentis,
606 1707 718 1763 Deo
731 1707 915 1772 dante,
938 1722 1100 1778 quam
1117 1707 1354 1777 primum
1371 1704 1626 1760 dabimus
1668 1723 1682 1759 :
1705 1704 1754 1760 is
1771 1704 1955 1775 itaque

371 1801 441 1856 de
456 1801 562 1856 hoc
580 1798 771 1854 eodem
791 1799 999 1854 lumine
1016 1812 1325 1853 sermonem
1343 1811 1512 1868 agens
1529 1796 1605 1850 ita
1622 1794 1907 1850 exorditur
1938 1813 1951 1848 :

2045 708 2109 760 El
2141 707 2249 776 γὰρ
2279 707 2509 770 ἕκαστος
2553 704 2786 759 καὶτῶν
2829 704 3065 768 εὑσεϐῶς
3113 704 3468 775 βεϐιωκότων,
3521 705 3618 758 καὶ

2046 796 2155 850 τῶν
2181 795 2455 858 δυσσεϐῶς
2489 793 2979 866 πολιτευσαμένων,
3020 793 3157 862 μετὰ
3181 794 3242 846 τὸ
3275 795 3487 848 στάδιον
3518 792 3616 847 τοῦ

2048 888 2313 958 παρόντος
2341 887 2456 958 βίου
2492 887 2628 958 πρὸς
2665 886 2726 938 τὸ
2757 885 2831 956 μὴ
2877 885 2935 939 δν
2967 883 3278 952 ἀναλύεται,
3318 886 3410 938 καὶ
3442 885 3618 951 οὐδεὶς

2047 981 2147 1034 οὐκ
2173 979 2254 1034 ἔτι
2284 980 2546 1050 διαμένει,
2578 979 2719 1032 ὥστε
2753 979 2845 1032 καὶ
2877 978 3201 1049 παράδεισον
3243 977 3618 1048 κληρονομεῖν,

2049 1074 2270 1144 καὶτῆς
2307 1073 2365 1125 ὲν
2405 1066 2556 1142 αὐτῷ’
2581 1071 2793 1142 τρυφῆς
2837 1067 3130 1123 ἀπολαύειν
3175 1068 3326 1139 ἱερᾶς
3349 1084 3362 1097 ·
3399 1065 3514 1129 πῶς
3557 1067 3621 1120 οὐ

2053 1163 2230 1234 μάτην
2281 1161 2444 1216 αὑτὸν
2489 1157 2813 1230 γεγενῆσθαι
2870 1159 2903 1229 ή
2953 1157 3172 1228 τοιαύτη
3220 1155 3488 1227 ἀγνώμων
3529 1155 3626 1208 καὶ

2049 1254 2314 1324 δυσσεϐὴς
2334 1252 2601 1323 ὑπόληψις
2632 1251 2921 1320 ἀποφανεῖ,
2953 1251 3047 1302 καὶ
3076 1249 3163 1303 διὰ
3183 1248 3284 1318 τῆς
3316 1249 3394 1311 εἰς
3423 1249 3628 1301 ἐκεῖνον

2053 1347 2262 1419 ὕϐρεως
2276 1346 2367 1398 τὸν
2392 1344 2568 1398 κοινὸν
2582 1343 2707 1408 ὲξυϐ
2715 1343 2851 1414 ρίσει
2867 1341 3222 1413 δημιουργὸν,
3242 1342 3429 1392 ἐκεῖνα
3447 1337 3625 1410 πράτ-

2051 1457 2168 1494 τειν
2205 1437 2548 1510 κατηγορῶν,
2585 1437 2622 1490 ἃ.
2658 1438 2793 1509 μηδὲ
2833 1436 3052 1508 μέτριος
3096 1435 3161 1490 ἄν
3181 1451 3266 1498 τις
3283 1432 3632 1505 διαπράξοιτο

2051 1531 2192 1602 άνήρ
2221 1547 2236 1596 ;
2275 1528 2381 1586 Sed
2399 1529 2719 1584 Eustathius
2735 1543 2944 1599 magna:
2963 1526 3222 1581 Ecclesiae
3237 1525 3524 1595 presbyter
3541 1537 3649 1577 eo--

2054 1621 2178 1676 dem
2201 1619 2394 1674 Photio
2414 1616 2680 1674 referente
2696 1633 2795 1688 pro
2810 1617 3036 1672 veritate
3051 1622 3266 1686 sumpta
3285 1613 3637 1670 contentione

2055 1711 2328 1782 probavit,
2357 1711 2482 1764 Ὅτι
2507 1712 2645 1781 μετὰ
2671 1708 2771 1781 τὴν
2799 1707 3121 1778 ἀπαλλαγὴν
3148 1705 3242 1760 τοῦ
3269 1705 3520 1782 σώματος
3537 1703 3638 1757 αὑ·

2056 1803 2186 1859 τίκα
2229 1803 2548 1874 εὐεργοῦσιν
2591 1803 2648 1855 αἱ
2679 1799 2789 1854 τῶν
2831 1799 3005 1869 ἁγίων
3030 1797 3220 1868 ψυχαί.
3270 1797 3344 1850 Οὐ
3397 1793 3638 1866 μόνονᾶ
3729 1851 3739 1861 ο

370 1893 546 1956 Μόνος
558 1893 616 1946 ὲν
627 1890 932 1962 ἀνθρώποις
942 1890 1144 1954 τέλειος
1161 1888 1257 1944 ἄνθ
1267 1904 1445 1960 ρωπος
1460 1889 1489 1942 ὁ
1504 1887 1601 1960 τῆς
1615 1886 1956 1957 δικαιοσύνης
1987 1887 2030 1942 Β
2057 1895 2165 1950 τῶν
2193 1895 2385 1964 ἁγίων,
2419 1893 2555 1948 ἀλλὰ
2585 1893 2680 1948 καὶ
2699 1890 2888 1955 ἁπλῶς
2907 1891 3050 1946 κατὰ
3080 1890 3178 1960 τὴν
3200 1888 3405 1943 οἰκείαν
3429 1886 3640 1966 ἑκάστῃ

371 1986 500 2059 περὶ
547 1984 743 2038 πολλοῦ
773 1983 1054 2054 τιθέμενος
1106 1983 1313 2053 κτῆμα.
1363 1980 1656 2052 Ἀείφοιηον
1691 1981 1800 2054 γὰρ
1844 1983 1958 2044 τοῖς

368 2073 822 2147 δικαιοπραγοῦσι
869 2076 931 2127 τὺ
960 2075 1063 2145 τῆς
1097 2072 1448 2144 δικαιοσύνης
1481 2073 1670 2145 κτῆμα
1714 2073 1856 2128 κατὰ
1898 2075 1960 2127 τὸ

370 2166 580 2236 φάσκον
625 2166 771 2220 θεῖον
825 2165 1021 2238 ρητόνο
1072 2163 1204 2232 Φῶς
1241 2163 1497 2231 δικαίοις
1557 2163 1657 2219 διὰ
1712 2168 1957 2232 παντός.

368 2257 530 2312 Ποῖον
560 2257 710 2328 φῶςς
745 2257 820 2311 Οὐ
853 2257 914 2311 τὸ
948 2257 1104 2311 νυκτὶ
1136 2255 1558 2326 διαμαχόμενον,
1590 2257 1685 2309 καὶ
1705 2257 1963 2328 ἡλιακαῖς

369 2352 552 2406 ἀκτῖσι
608 2350 888 2406 διπλάσιον
957 2349 1381 2422 εὑρισκόμενον,
1438 2347 1534 2401 καὶ
1592 2347 1670 2419 τῷ
1736 2349 1962 2420 παρόντι

371 2444 526 2498 αίῶνι
571 2443 649 2506 ὡς
690 2441 1011 2514 προσκαίρῳ
1044 2440 1482 2512 συντριϐόμενον.
1531 2438 1662 2506 Φῶς
1714 2439 1965 2508 δικαίοις

373 2535 472 2590 διὰ
504 2536 745 2602 παντός.
783 2537 942 2589 Ποῖον
982 2533 1132 2604 φῶς;
1181 2534 1256 2587 Τὸ
1295 2533 1553 2588 ἐπέκεινα
1583 2535 1691 2588 τῶν
1720 2535 1962 2607 οὐρανῶν

372 2628 745 2700 αὑλιζόμενον,
773 2629 869 2682 καὶ
906 2627 968 2680 τὸ
991 2624 1297 2696 δεσποτικῷ
1329 2624 1503 2696 θρόνῳ
1537 2627 1962 2698 παριστάμενον.

376 2723 554 2792 Ὅπερ
599 2724 628 2775 ὁ
666 2720 875 2784 δίκαιος
911 2719 1160 2790 Ἀϐραὰμ
1191 2718 1452 2788 ἐννοήσας
1491 2719 1616 2781 τοὺς
1649 2718 1796 2790 αύτῷ
1836 2737 1964 2790 προ-

374 2813 698 2884 δεχομένους
744 2811 1132 2883 προσδέχεται,
1177 2811 1305 2875 τοὺς
1344 2811 1402 2864 δὲ
1445 2812 1520 2885 μὴ
1569 2810 1846 2875 τοιούτους
1888 2810 1969 2882 τῷ

376 2905 610 2973 ἀφεγγεί
632 2905 731 2975 τῆς
760 2902 973 2967 δικαίας
1015 2902 1314 2975 καταδίκης
1352 2905 1539 2978 χωρίῳ
1579 2902 1966 2978 παραπέμπει.

377 2993 479 3048 Διὰ
503 2995 662 3049 τοῦτο
709 2995 980 3068 κέκραγεν
1009 2997 1038 3048 ό
1089 2995 1308 3067 κράζων
1337 3012 1351 3027 ·
1413 2997 1542 3064 Φῶς
1567 2995 1821 3063 δικαίοις
1873 2993 1970 3048 διὰ

380 3089 627 3154 παντός.
679 3087 810 3155 Φῶς
841 3087 910 3142 δὲ
941 3085 1178 3142 ἀσεϐῶν
1213 3089 1560 3144 σϐέννυται.

451 3180 613 3246 lbid.,
639 3182 734 3236 lin.
767 3181 856 3236 M.
877 3183 982 3247 Είς
1005 3180 1036 3234 ὃ
1066 3180 1163 3234 καὶ
1185 3183 1238 3235 οἱ
1253 3180 1452 3248 καλῶς
1460 3180 1818 3247 βιώσαντες.
1829 3177 1973 3250 Ergo

383 3273 571 3330 statim
600 3284 728 3343 post
755 3273 920 3342 hujus
948 3273 1074 3329 vita:
1102 3274 1398 3328 terminum
1426 3280 1744 3329 sanctorum
1774 3273 1969 3328 animm

383 3365 444 3421 in
495 3365 838 3434 sempiternm
882 3365 1021 3421 lucis
1061 3365 1366 3420 claritatem
1399 3365 1612 3428 delatae,
1656 3363 1829 3435 gloria
1863 3364 1970 3419 sibi

385 3455 570 3512 debita
615 3453 974 3525 perfruuntur
1011 3453 1380 3526 felicitateque
1429 3455 1697 3510 immensa
1744 3455 1969 3525 potiun-

389 3555 498 3602 tur.
535 3545 651 3606 iloc
683 3545 832 3602 enim
876 3555 1122 3619 tempore
1151 3547 1247 3619 qui
1295 3547 1434 3602 bene
1477 3555 1775 3618 sancteque
1803 3548 1970 3602 vitam

390 3639 667 3694 duxerunt
699 3638 768 3692 ab
796 3651 860 3693 ea
891 3638 1150 3694 illustrati
1200 3638 1516 3710 quiescunt,
1567 3653 1668 3692 nec
1703 3636 1852 3691 aliud
1878 3652 1974 3691 ex-

391 3737 666 3800 spectant.
702 3730 858 3796 Quod
884 3728 1334 3786 manifestissime
1367 3728 1647 3798 colligitur
1676 3744 1744 3783 ex
1791 3727 1973 3783 verbis

391 3818 460 3874 ad
493 3835 614 3892 quae
637 3818 1017 3874 confirmanda
1053 3833 1163 3873 non
1207 3826 1292 3873 est
1325 3832 1464 3887 opus
1499 3816 1590 3871 hic
1633 3815 1973 3886 reliquorum

390 3909 615 3965 Patrum
667 3909 973 3966 sententias
1036 3909 1304 3966 intexere.
1359 3909 1739 3966 Theodoretus
1779 3910 1876 3965 lib.
1921 3925 1976 3964 Ix

393 4003 474 4061 De
506 4003 683 4072 affect.
719 4001 916 4067 θωνα,
950 4002 1008 4057 in
1039 4001 1166 4068 fine,
1214 4003 1314 4057 Ἐν
1344 4001 1425 4068 τῷ
1448 4004 1654 4073 κόσμῳ
1685 4004 1818 4074 γὰρ,
1845 4002 1973 4075 ἔφη,

395 4096 606 4164 θλίψιν
632 4095 821 4165 ἔχετε,
851 4095 951 4150 καί
989 4094 1273 4165 μακάριοί
1299 4095 1465 4162 ἐστε,
1489 4094 1635 4150 ὅταν
1675 4095 1978 4150 ὀνειδίσω-

395 4208 502 4246 σιν
524 4191 702 4263 ὑμᾶς,
738 4193 837 4247 καί
867 4191 1146 4258 διώξωσι,
1180 4192 1282 4246 καὶ
1322 4193 1537 4248 είπωσι
1562 4193 1686 4250 πᾶν
1710 4194 1980 4262 πονηρὸν

388 4284 557 4355 ῥῆμα
599 4287 727 4339 καθ’
749 4284 919 4355 ὑμῶν
941 4285 1152 4339 ἕνεκεν
1174 4285 1341 4355 ἐμοῦ.
1371 4285 1637 4354 Χαίρετε,
1668 4285 1766 4340 καὶ
1795 4287 1981 4356 ἁγαλο

397 4373 630 4435 λιᾶσθε,
646 4375 737 4428 ὅτι
762 4379 794 4429 d
805 4374 1024 4444 μισθὸς
1037 4375 1204 4444 ὑμῶν
1222 4375 1417 4441 πολὺς
1437 4377 1508 4430 ἐν
1529 4377 1656 4443 τοῖς
1679 4377 1976 4446 οὐρανοῖς.

397 4467 509 4521 Καὶ
548 4467 675 4530 τοὺς
706 4467 802 4537 μὲν
833 4467 1027 4530 πόνους
1061 4467 1158 4520 καὶ
1201 4466 1478 4531 κινδύνους
1507 4466 1782 4532 ὑπέδειξεν
1819 4466 1888 4520 τὰ
1922 4466 1979 4520 δὲ

2058 1988 2283 2055 ἀξίωσιν
2328 1988 2478 2043 πᾶσα
2505 1985 2820 2057 ἀνθρωπίνη
2851 1984 3018 2055 ψυχή.
3054 1981 3226 2052 Cujus
3256 1981 3347 2036 hic
3379 1980 3542 2036 verba
3570 1978 3640 2033 li-

2061 2078 2386 2135 bentissime
2424 2077 2876 2140 transcriberem,
2926 2076 2972 2131 si
3005 2074 3172 2129 libelli
3216 2074 3372 2144 copia
3415 2072 3554 2128 foret
3579 2078 3643 2126 ut

2061 2186 2251 2227 eorum
2293 2171 2660 2242 pervicaciam
2721 2169 3162 2238 comprimerem,
3215 2167 3309 2238 qui
3349 2167 3403 2221 in
3457 2175 3643 2237 aperta

2063 2270 2118 2318 et
2145 2279 2206 2318 re
2249 2262 2538 2318 manifesta
2589 2263 2660 2317 ita
2691 2261 3011 2324 caecutiunt,
3047 2271 3106 2314 ut
3132 2268 3186 2315 et
3232 2258 3354 2314 aliis
3383 2259 3643 2313 tenebras

2065 2353 2350 2412 oﬂundere
2384 2353 2732 2424 impudenter
2765 2353 3036 2407 nitantur.
3067 2349 3203 2418 Quis
3222 2350 3366 2405 enim
3387 2355 3640 2421 portenta

2065 2447 2214 2504 circa
2248 2446 2353 2501 hoc
2386 2445 2753 2516 pessimorum
2781 2443 3061 2498 hominum
3095 2441 3239 2498 ferre
3268 2441 3495 2512 posset?
3524 2440 3646 2495 Ma-

2067 2538 2248 2594 lorum
2271 2535 2482 2592 scilicet
2516 2535 2730 2591 animas
2759 2535 2815 2590 in
2845 2533 3124 2590 daemonas
3147 2533 3414 2596 converti,
3444 2532 3502 2585 in
3530 2531 3648 2586 leo-

2066 2645 2190 2696 nes,
2221 2629 2403 2700 lupos,
2440 2628 2686 2698 aliasque
2717 2626 2948 2691 bestias,
2983 2627 3127 2681 sicut
3159 2633 3213 2680 et
3235 2624 3512 2694 iustorum
3544 2623 3649 2677 mi-

2072 2737 2250 2794 grare.
2314 2719 2674 2786 Paradisum,
2732 2734 3158 2790 supernamque-
3192 2716 3532 2773 Hierusalem
3590 2715 3649 2770 in

2070 2815 2233 2870 tertio
2261 2813 2403 2869 cmlo
2437 2813 2600 2868 sitam
2635 2827 2778 2880 esse,
2812 2812 2946 2882 quin
2987 2827 3164 2881 neque
3195 2809 3248 2864 in
3283 2811 3443 2873 coelo,
3471 2824 3650 2879 neque

2071 2907 2129 2962 in
2157 2907 2342 2963 terris.
2379 2904 2489 2961 Sed
2532 2904 2730 2960 horum
2766 2903 2941 2974 magis
2972 2909 3282 2958 accuratam
3323 2900 3649 2971 explicatio-

2071 3013 2198 3052 nem
2223 2998 2279 3052 in
2310 3002 2548 3051 tractatu
2595 3009 2759 3065 quem
2796 2993 2864 3048 de
2902 2991 3227 3048 din‘erentiis
3258 2989 3572 3045 Graecorum
3597 2999 3655 3044 et

2073 3087 2395 3151 Latinorum
2443 3087 2768 3154 scribimus,
2819 3085 3123 3142 trademus.
3178 3082 3338 3139 Nunc
3393 3084 3500 3139 ista
3541 3081 3655 3138 sint

2077 3184 2234 3240 satis.

2149 3274 2313 3337 lbid.,
2343 3273 2442 3328 lin.
2484 3273 2576 3328 42.
2615 3272 2876 3338 Νοήσεις
2915 3270 2984 3324 δὲ
3019 3270 3233 3324 τούτου
3276 3267 3394 3336 τὴν
3419 3270 3657 3320 οἰκονοι-

2065 3367 2234 3438 μίαν.
2266 3365 2504 3420 Basilius
2537 3364 2685 3418 hom.
2719 3363 2755 3417 2
2806 3364 2860 3416 in
2899 3362 3152 3416 Hexaem.
3177 3375 3194 3412 :
3224 3361 3435 3430 Νόησον
3477 3358 3534 3410 δέ
3565 3373 3658 3428 μοι

2073 3459 2182 3514 ἀπὸ
2219 3455 2663 3530 παραδείγματος
2691 3453 2958 3527 ἐναργοῦς
2988 3454 3051 3507 τὸ
3077 3453 3392 3522 λεγόμενον,
3427 3452 3486 3503 έν
3524 3466 3656 3502 στα-

2074 3550 2218 3621 θηρᾷ
2248 3547 2568 3621 μεσημϐρίᾳ
2602 3546 2808 3617 σκηνήν
2844 3561 2966 3598 τινα
2992 3544 3058 3596 ὲκ
3090 3541 3302 3611 πυκνῆς
3334 3540 3429 3592 καὶ
3464 3553 3659 3606 στεγα-

2074 3645 2170 3714 νῆς
2213 3641 2345 3710 mn;
2395 3639 2572 3710 ἑαυτῷ
2620 3639 3067 3710 παραστήσαντα,
3099 3634 3194 3688 καὶ
3232 3635 3290 3688 έν
3335 3631 3511 3703 σκότῳ
3562 3631 3660 3684 αὐ-

2073 3734 2332 3805 τοσχεδίῳ
2368 3731 2559 3787 ἑαυτὸν
2593 3729 3008 3801 καθειργοῦντα.

2145 3829 2307 3893 lbid.,
2331 3827 2428 3882 lin.
2456 3829 2543 3883 49.
2567 3826 2731 3880 Οὕτω
2745 3824 3017 3879 τοιοῦτον
3043 3821 3484 3876 ἀνυπόστατον.
3508 3815 3664 3873 Basi-

2076 3920 2184 3974 lius
2203 3918 2438 3988 explicat
2455 3917 2602 3971 hom.
2625 3915 2661 3969 2
2688 3935 2702 3969 :
2723 3915 2969 3985 Λέγομεν
2988 3912 3168 3966 τοίνυν
3183 3910 3443 3965 καὶτοῦτο
3457 3909 3518 3962 τὸ
3545 3907 3667 3962 σκό-

2075 4026 2168 4073 τος
2203 4007 2276 4080 μὴ
2328 4006 2470 4060 κατὰ
2498 4006 2686 4060 ούσίαν
2734 4003 3122 4076 ὑφεστηκέναι,
3173 4003 3270 4056 καὶ
3314 4000 3488 4064 πάθος
3521 3995 3664 4054 εῖναι

2078 4103 2206 4174 περὶ
2235 4101 2325 4155 τὸν
2354 4100 2490 4171 ἀέρα
2525 4097 2972 4171 στερήσειφωτὸς
2993 4095 3394 4166 ὲπιγινόμενον.
3421 4092 3487 4147 Et
3518 4093 3664 4148 infe-

2079 4194 2198 4249 rius
2235 4212 2248 4247 :
2281 4191 2534 4244 Τοιοῦτον
2577 4186 2670 4243 οὖν
2725 4191 2947 4242 κάκεῖνο
2995 4185 3056 4238 τὸ
3112 4184 3303 4248 σκότος
3345 4182 3546 4236 ὑπόθου
3600 4183 3664 4237 οὐ

2079 4281 2505 4356 προηγουμένως
2561 4279 2884 4352 ὑφεστηκὸς,
2929 4277 3044 4332 ἀλλ’
3081 4274 3521 4344 ὲπακολουθῆσαν
3559 4273 3668 4328 έτέ-

2083 4395 2214 4452 ροις.
2239 4375 2304 4429 Et
2334 4376 2446 4431 hare
2466 4375 2611 4430 dicta
2642 4381 2771 4430 sunt
2798 4379 2988 4426 contra
3016 4384 3191 4440 nugas
3206 4365 3663 4431 Manichaeorum,

2083 4473 2445 4528 asserentium
2495 4467 2753 4523 tenebras
2799 4480 2920 4521 esse
2970 4461 3264 4535 quamdam
3300 4458 3664 4517 substantiam

402 4556 630 4628 βραδεῖα
662 4556 909 4619 καὶτοὺς
938 4555 1237 4625 στεφάνους
1268 4553 1406 4625 μετὰ
1449 4555 1510 4609 τὸ
1548 4554 1644 4609 τοῦ
1679 4554 1794 4626 βίου
1826 4553 1969 4617 τέλος⁴

2083 4573 2364 4626 aeternam,
2406 4569 2461 4619 et
2511 4557 2842 4632 principium
2885 4571 3070 4612 rerum
3119 4567 3229 4608 non
3285 4552 3467 4605 minus
3501 4563 3666 4619 quam

399 4646 700 4702 ἀποδώσειν
743 4645 992 4716 ὑπέχετο.
1025 4645 1132 4701 Sed
1164 4647 1248 4700 his
1281 4646 1492 4701 diutius
1525 4645 1807 4700 immorari
1835 4651 1984 4699 esset

402 4741 504 4795 soli
537 4741 719 4794 lumen
745 4737 948 4793 addere
983 4756 997 4793 :
1035 4737 1152 4792 haec
1182 4745 1364 4794 tamen
1402 4753 1494 4794 res
1521 4753 1552 4791 a
1579 4737 1830 4808 pluribus
1850 4751 1984 4791 con-

402 4841 650 4888 troversa
676 4831 869 4886 habuit
914 4845 1046 4886 suos
1084 4830 1406 4886 defensores
1440 4839 1494 4884 et
1527 4834 1981 4900 propugnatores.

403 4923 652 4982 Andreas
675 4921 1033 4980 Caesariensis
1064 4922 1118 4974 in
1145 4921 1542 4991 Apocalypsim,
1573 4935 1738 4975 serm.
1769 4919 1857 4983 l5,
1889 4933 1984 4973 ca-

405 5017 507 5090 pit.
541 5017 643 5082 45;
670 5026 723 5072 et
754 5030 920 5073 serm.
957 5013 1010 5080 6,
1038 5029 1161 5084 cap.
1195 5014 1297 5080 l7;
1331 5021 1386 5068 et
1417 5027 1584 5068 serm.
1621 5013 1710 5076 ll,
1735 5027 1857 5081 cap.
1893 5011 1984 5073 35,

406 5109 740 5164 existimavit
783 5107 1057 5178 justorum
1101 5105 1317 5160 animas
1350 5104 1594 5160 nondum
1627 5105 1813 5175 gloriae
1845 5103 1988 5157 divi-

407 5215 493 5253 nae
520 5200 811 5268 participes
831 5197 996 5267 hujus
1016 5196 1208 5252 mundi
1233 5195 1765 5250 consummationem
1795 5209 1991 5263 exspe-

409 5298 578 5345 ctare.
611 5289 670 5346 S.
693 5289 956 5360 Eulogius
991 5290 1045 5344 in
1084 5289 1342 5359 paradiso
1369 5289 1611 5342 terrestri
1643 5301 1738 5342 eas
1753 5285 1986 5353 deferri;

411 5381 616 5436 frustra
659 5383 802 5437 enim
837 5382 1032 5437 hortus
1079 5381 1174 5436 ille
1213 5364 1537 5436 deliciarum
1572 5387 1792 5434 creatus
1823 5386 1988 5442 esset,

410 5472 514 5527 nisi
544 5473 656 5540 jam
691 5478 1005 5526 sanctorum
1037 5472 1344 5525 animorum
1374 5475 1522 5525 esset
1561 5468 1989 5538 receptaculum.

2083 4661 2282 4716 lucem.
2319 4656 2626 4714 Alexander
2654 4651 2967 4726 Lycopolita
2999 4657 3185 4702 contra
3205 4643 3531 4699 Manichwos
3550 4656 3569 4694 :
3592 4638 3668 4692 Τδ

2083 4752 2142 4806 δὲ
2166 4750 2547 4824 λαμπρὸν,κα“ι
2565 4747 2628 4802 τὸ
2663 4745 2800 4817 φῶς,
2816 4745 2910 4798 καὶ
2941 4743 3002 4797 τὸ
3024 4742 3156 4804 ἄνω,
3175 4739 3352 4793 πάντα
3367 4735 3542 4790 ταῦτα
3571 4732 3669 4786 σὺν

2084 4843 2163 4914 τῷ
2177 4841 2296 4912 Θεῷ
2315 4839 2474 4895 εἶναι·
2497 4840 2558 4892 τὸ
2577 4837 2815 4910 ἀμυδρὸν
2834 4835 2892 4889 δὲ
2918 4833 3089 4888 καὶτὸ
3111 4832 3319 4894 σκότος,
3333 4827 3426 4882 καὶ
3439 4826 3500 4879 τὸ
3519 4824 3670 4878 κάτω

2089 4936 2186 4988 σὺν
2212 4936 2276 5005 τῇ
2298 4931 2421 5005 ὕλῃ.
2446 4930 2513 4984 Et
2533 4930 2730 4984 iterum
2754 4945 2767 4981 :
2787 4926 2897 4997 Τῆς
2927 4921 3020 4978 οὖν
3049 4923 3180 4995 ὕλης
3201 4917 3270 4995 ἦς
3296 4917 3670 4990 ἀπεκρίθησαν

2085 5025 2238 5097 ἥλιος
2270 5025 2362 5078 καί
2394 5023 2592 5092 σελήνη
2625 5020 2688 5074 τὸ
2723 5018 2890 5091 μέρος
2923 5015 3079 5079 ἐκτὸς
3107 5014 3202 5068 τοῦ
3233 5012 3439 5081 κόσμου
3471 5008 3672 5078 ἀπελη-

2088 5115 2307 5179 λόισθαι,
2343 5115 2436 5167 καὶ
2477 5109 2616 5166 εἶναι
2646 5113 2824 5164 έκεῖνο
2857 5107 2969 5179 πῦρ
2994 5103 3287 5160 καυστικὸν
3323 5102 3442 5174 μὲν,
3475 5097 3674 5154 σκοτῶ-

2089 5209 2178 5272 δες
2202 5207 2259 5260 δὲ
2289 5206 2383 5261 καὶ
2412 5203 2652 5274 ἀφεγγὲς
2681 5203 2838 5256 νυκτὶ
2860 5198 3206 5272 προσόμοιον.
3230 5193 3367 5250 Vide
3383 5192 3670 5263 Didymum

2092 5310 2276 5356 contra
2305 5297 2652 5362 Manicha'os,
2683 5303 2737 5352 et
2760 5295 2919 5349 alios.
3319 5314 3327 5323 -

2163 5392 2326 5458 lbid.,
2371 5391 2468 5446 lin.
2515 5389 2603 5445 52.
2657 5384 3099 5457 Ἀναχεομένου
3147 5383 3260 5454 τὰρ
3303 5380 3410 5436 τοῦ
3455 5379 3671 5450 φωτός.

2093 5484 2331 5540 Basilius
2370 5483 2520 5537 hom.
2546 5481 2582 5535 2
2614 5497 2628 5534 :
2663 5479 2796 5533 Τότε
2829 5478 2886 5532 δὲ
2913 5477 2974 5531 οὑ
3003 5473 3148 5530 κατὰ
3174 5475 3390 5546 κίνησιν
3422 5467 3673 5543 ἡλιακὴν,

412 5563 545 5635 Ejus
581 5563 746 5617 verba
773 5563 961 5618 'refcrt
1000 5561 1234 5619 Photius
1278 5562 1333 5616 in
1369 5561 1621 5615 Biblioth.
1653 5559 1755 5614 :Ti
1800 5559 1969 5628 δὲίκα

2095 5577 2209 5630 ἀλλ’
2236 5573 2596 5645 άναχεομένου
2621 5570 2716 5625 τοῦ
2738 5569 2956 5644 πρώτου
2985 5567 3162 5639 φωτὸς
3187 5565 3422 5629 ἐκείνου,
3452 5562 3548 5618 καὶ
3574 5561 3679 5616 πά-

413 5655 508 5708 τόν
560 5655 703 5709 κατὰ
751 5653 1014 5718 ἀνατολὰς
1071 5654 1400 5726 παράδεισον
1468 5651 1734 5721 ἐφύτευσε
1790 5650 1882 5704 τὸν
1936 5651 1995 5703 ἐν
2094 5667 2177 5722 λιν
2233 5667 2654 5738 συστελλομένου
2702 5663 2844 5718 κατὰ
2892 5662 2955 5717 τδ
3001 5660 3215 5733 ὁρισθὲν
3277 5658 3472 5731 μέτρον
3526 5652 3680 5726 παρὰ

427 5746 610 5817 Ἐδὲμ,
655 5746 714 5798 ἐν
747 5738 794 5814 ᾧ
839 5744 930 5798 τὸν
963 5745 1274 5817 ἄνθρωπον,
1304 5744 1363 5798 δν
1412 5743 1666 5809 ἔπλασεν,
1718 5741 1891 5806 ἔθετο,
1946 5743 1995 5794 εἰ

419 5839 622 5910 ἐκεῖνον
670 5838 768 5910 μὲν
811 5837 974 5909 εὐθὺς
1013 5836 1429 5921 παραϐήσεσθαι
1464 5836 1600 5909 ᾔδει,
1638 5834 1733 5888 καὶ
1763 5834 1858 5890 τοῦ
1887 5851 1995 5906 χω-

2097 5758 2231 5813 Θεοῦ
2273 5758 2453 5831 ἡμέρα
2490 5757 2726 5827 ἐγένετο,
2767 5755 2863 5810 καὶ
2901 5753 2998 5820 νὺξ
3025 5751 3304 5824 ἀντεπῄει.
3355 5749 3535 5817 Quare
3565 5761 3675 5801 non

2100 5849 2372 5906 immerito
2405 5849 2561 5904 illum
2589 5848 2731 5906 diem
2763 5845 3054 5904 Africanus
3082 5845 3290 5901 vocavit
3324 5841 3517 5913 νοητὴν
3541 5835 3676 5908 ἡμὶ-
