4112 6412
353 401 459 458 829
1341 392 1409 446 ΙΝ
1452 391 1826 460 EUSTATHII
1864 391 2339 450 HEXAEMERON
2377 391 2610 450 NOTAE.
3491 387 3594 444 830

351 519 499 572 mine
536 513 861 567 firmamenti
897 511 1233 581 intelligatur
1275 509 1474 565 caelum
1503 510 1776 570 stellatum
1821 526 1918 566 su-
1950 511 2152 577 Alius,
2188 512 2336 566 hom.
2365 512 2399 566 5
2442 512 2497 564 in
2531 509 2822 572 Hexaem;
2855 507 3189 579 Epiphanius
3222 508 3276 562 in
3323 507 3493 576 Epist.
3526 503 3597 560 ad

351 622 454 680 pra
479 605 628 676 quod
651 604 1006 675 perhibentur
1024 618 1148 668 esse
1169 616 1345 672 aquae,
1368 602 1424 668 id
1446 610 1531 656 est
1553 617 1731 657 nonus
1759 612 1813 658 et
1828 603 1922 657 dce
2020 603 2278 658 Joannem
2301 603 2347 655 Η
2355 601 2846 671 ierosolymitanum
2866 616 2885 666 ;
2906 601 3354 670 Chrysostomus,
3372 599 3520 654 hom.
3540 599 3597 666 4,

354 701 532 756 cimus
575 697 727 753 orbis
768 712 924 767 aquae
976 693 1392 751 similitudinem
1445 693 1770 762 referentes,
1827 695 1922 765 qui
2020 701 2074 750 et
2101 695 2156 747 in
2185 693 2326 764 psat.
2351 707 2588 760 chvul;
2627 691 2866 763 Cyrillus
2903 688 3453 760 Hierosolymitanus,
3492 686 3601 746 Ca-

357 791 602 862 undique
631 788 956 857 translucidi
987 796 1138 852 sunt,
1177 802 1276 842 nec
1315 787 1482 842 ullam
1517 787 1572 840 in
1614 801 1674 842 se
1712 787 1921 851 stellam

357 883 588 950 habent;
632 883 719 940 vel
772 883 849 936 ita
907 889 966 937 ut
1019 897 1116 952 per
1164 879 1570 935 ﬁrmamentum
1604 879 1926 950 designetur

361 989 476 1040 aer,
510 987 682 1044 aquas
707 987 835 1028 vero
865 988 960 1027 eas
996 971 1203 1036 vocari,
1239 987 1360 1040 quae
1392 970 1628 1041 pluendo
1665 970 1926 1025 decidunt

361 1065 418 1121 in
439 1074 664 1130 terram,
702 1066 934 1134 illasque
963 1065 1156 1131 abhis,
1191 1079 1312 1133 quae
1343 1078 1510 1134 supra
1545 1070 1747 1117 terram
1773 1070 1924 1126 sunt,

363 1156 606 1224 separari
633 1155 794 1217 caelo,
832 1156 932 1208 hoc
988 1161 1072 1208 est
1103 1169 1249 1207 aere.
1284 1152 1350 1206 Et
1387 1154 1490 1208 hoc
1529 1153 1782 1208 videntur
1813 1168 1932 1206 am-

362 1249 527 1318 plecti
557 1247 902 1318 Augustinus
939 1247 1030 1300 lib.
1065 1261 1104 1299 ιι
1139 1244 1210 1299 De
1242 1243 1427 1299 Genesi
1459 1244 1528 1298 ad
1556 1245 1685 1312 litt.,
1713 1260 1833 1314 cap.
1860 1245 1928 1312 4;

364 1337 726 1408 Hieronymus
756 1338 910 1406 epist.
930 1337 1018 1400 85,
1044 1335 1112 1388 ad
1137 1334 1426 1399 Oceanum,
1454 1335 1724 1391 refellitur
1750 1345 1931 1394 tamen

364 1446 396 1484 a
428 1428 726 1486 Francisco
761 1428 977 1484 Valesio
1003 1429 1079 1484 De
1109 1447 1266 1484 sacra
1297 1429 1650 1499 philosophia.
1677 1429 1840 1499 capit.
1878 1431 1931 1484 l.

364 1522 648 1593 Origenes,
685 1528 744 1577 ut
786 1521 952 1577 refert
986 1521 1326 1592 Epiphanius
1351 1521 1524 1592 Epist.
1559 1522 1627 1575 ad
1673 1520 1934 1576 Joannem

366 1614 932 1685 Hierosolymitanum,
960 1621 1014 1669 et
1035 1613 1400 1685 Hieronymus
1421 1615 1572 1682 epist.
1594 1613 1663 1668 ad
1689 1611 1938 1667 Pamma-

363 1705 560 1772 chium,
609 1705 746 1760 dixit
773 1719 964 1776 aquas,
989 1721 1109 1775 qum
1151 1721 1317 1776 super
1351 1704 1746 1760 firmamentum
1782 1712 1934 1768 sunt,

2025 786 2155 840 tech.
2188 787 2258 855 9;
2311 783 2687 840 Theodoretus
2734 783 2788 836 in
2836 779 2988 847 Gem,
3037 788 3229 851 quaest:
3263 781 3358 849 ll;
3401 779 3602 834 Proco-

2025 881 2148 950 pius
2178 880 2234 934 in
2263 877 2474 941 Geues.,
2501 891 2622 946 cap.
2659 877 2683 929 1
2709 893 2723 941 ;
2755 873 3081 945 Hippolytus
3111 880 3164 926 et
3195 871 3522 928 Severianus
3543 873 3599 925 in

2027 981 2239 1035 catena,
2294 968 2616 1039 Euthymius
2660 967 2717 1020 in
2753 965 2890 1034 psal.
2922 979 3046 1029 cm;
3098 961 3339 1017 Hilarius
3389 962 3440 1014 in
3460 961 3596 1033 psal.

2028 1077 2258 1127 cxxxvi;
2309 1060 2658 1121 Ambrosius,
2685 1057 2778 1110 lib.
2832 1071 2871 1110 ll
2908 1053 3192 1119 Hexaem.,
3227 1067 3347 1122 cap.
3393 1051 3428 1104 5
3457 1058 3509 1109 et
3537 1052 3603 1117 ις

2031 1150 2394 1221 Hieronymus
2424 1147 2595 1218 Epist.
2631 1147 2700 1201 ad
2735 1145 3034 1209 Oceanum;
3059 1144 3315 1213 August.,
3341 1141 3434 1194 lib.
3460 1156 3498 1194 ιι
3531 1139 3610 1195 De

2033 1243 2161 1299 Gen.
2217 1242 2285 1298 ad
2347 1243 2476 1306 litt.,
2521 1257 2640 1310 cap.
2697 1240 2750 1302 5,
2808 1245 2864 1293 et
2901 1237 2996 1290 lib.
3033 1251 3086 1290 ιι
3125 1233 3203 1287 De
3248 1232 3456 1286 civitate
3489 1230 3607 1293 Dei,

2033 1353 2154 1407 cap.
2181 1336 2394 1402 ultimo,
2428 1345 2481 1390 et
2511 1334 2566 1387 in
2587 1331 2724 1402 ρειαί.
2755 1345 2886 1396 cm;
2943 1326 3271 1382 Dracontius
3314 1324 3609 1395 Hispanus,

2035 1431 2240 1486 Marius
2275 1428 2466 1484 Victor
2492 1428 2566 1483 De
2594 1441 2745 1496 opere
2776 1439 2868 1478 sea;
2897 1420 3136 1483 dierum;
3161 1418 3466 1488 Drepanius
3490 1415 3616 1471 Flo-

2037 1540 2162 1588 rus,
2212 1524 2270 1577 in
2329 1520 2550 1592 Hymno
2612 1517 2780 1582 trium
2835 1525 3168 1584 puerorum;
3227 1507 3614 1569 Cassiodorus,

2037 1614 2266 1686 Haymo,
2292 1612 2500 1678 Bruno,
2523 1619 2577 1666 et
2600 1610 2688 1663 alii
2720 1622 2861 1677 quos
2886 1604 3074 1659 laudat
3102 1601 3370 1656 Martinus
3401 1599 3618 1655 Dolrius

2038 1702 2092 1756 in
2125 1684 2246 1770 cap.
2287 1714 2304 1753 ι
2343 1697 2540 1752 Geues.
2587 1693 2968 1766 Ἀμαθέστατα
3005 1689 3170 1760 igitur
3208 1686 3468 1741 Calvinus
3496 1684 3617 1740 bla-

364 1813 476 1853 non
532 1813 656 1854 esse
707 1812 900 1867 aquas,
933 1798 1028 1854 sed
1059 1813 1182 1855 esse
1226 1797 1449 1868 angelos
1478 1807 1732 1861 sanctos;
1765 1812 1938 1866 aquas
1975 1862 2007 1868 η
2038 1803 2178 1850 terat
2221 1795 2361 1848 hanc
2407 1791 2734 1848 sententiam
2787 1804 2931 1854 esse,
2962 1793 3018 1843 et
3055 1801 3086 1838 a
3130 1799 3297 1840 sensu
3341 1779 3618 1836 communi

365 1905 494 1948 vero
526 1905 646 1961 quae
671 1891 773 1947 sub
803 1890 1144 1946 ﬁrmamento
1169 1897 1296 1947 sunt
1327 1905 1448 1950 esse
1469 1889 1742 1944 daemones
1767 1891 1940 1944 malos
1975 1862 2014 1916 Β
2041 1887 2293 1948 alienam,
2323 1899 2444 1938 cum
2475 1897 2506 1935 a
2529 1891 2607 1936 tot
2635 1880 2913 1942 Patribus,
2945 1878 3123 1948 iisque
3156 1871 3514 1938 doctissimis,
3549 1870 3622 1926 sit

366 1998 396 2038 c
428 1983 570 2038 coelo
620 1983 824 2053 lapsos.
878 1984 938 2036 In
977 1982 1121 2037 hanc
1149 1981 1477 2038 sententiam
1513 1997 1677 2050 quam
1705 1981 1940 2052 Epipha-

366 2074 492 2130 nius
516 2081 570 2129 et
594 2073 958 2146 Hieronymus
1014 2075 1367 2138 damnarunt,
1403 2073 1640 2130 Basilius
1695 2073 1843 2130 hom.
1885 2073 1940 2136 '5,

368 2166 423 2218 in
466 2164 748 2230 Hexaem.,
791 2180 1086 2236 suppresso
1115 2163 1366 2236 Origenis
1396 2163 1639 2227 nomine,
1667 2163 1783 2218 haec
1818 2178 1944 2233 pro-

368 2256 482 2310 dit:
510 2257 671 2327 Ἡμῖν
697 2257 755 2310 δὲ
785 2258 880 2312 καὶ
905 2256 1039 2328 πρὸς
1061 2257 1187 2321 τοὺς
1223 2257 1330 2318 ἀπὸ
1357 2255 1456 2326 τῆς
1471 2255 1798 2325 Ἐκκλησίας
1831 2253 1945 2307 ἔστι

368 2362 452 2409 τις
501 2346 657 2414 λόγος
709 2347 837 2418 περὶ
884 2346 993 2399 τῶν
1033 2347 1413 2417 διακριθέντων
1457 2346 1682 2408 ὑδάτων,
1725 2347 1774 2400 οἳ
1817 2363 1949 2417 προ-

370 2440 532 2508 φάσει
564 2440 852 2510 ἀναγωγῆς
880 2441 974 2492 καὶ
999 2439 1283 2509 νοημάτων
1311 2437 1656 2510 ὑψηλοτέρων
1683 2439 1763 2501 είς
1788 2438 1950 2509 ἀλλη-

370 2529 560 2600 γορίας
594 2530 920 2600 κατέφυγον,
970 2530 1225 2601 δυνάμεις
1271 2530 1522 2599 λέγοντες
1574 2529 1950 2600 πνευματικὰς

374 2625 466 2676 καὶ
506 2623 828 2694 ἀσωμάτους
865 2623 1139 2696 τροπικῶς
1189 2626 1254 2677 ὲκ
1301 2622 1409 2676 τῶν
1440 2623 1647 2677 ὑδάτων
1695 2623 1952 2693 σημαίνε-

376 2713 530 2768 σθαι·
565 2715 657 2768 καὶ
691 2716 803 2768 ἄνω
838 2714 938 2786 μὲν
963 2714 1054 2767 ἐπὶ
1073 2714 1164 2766 τοῦ
1189 2712 1565 2785 στερεὼματος
1591 2711 1952 2784 μεμενηκέναι

375 2802 474 2868 τὰς
513 2805 847 2874 κρείττονας,
873 2806 1022 2858 κάτω
1065 2805 1122 2858 δὲ
1150 2808 1262 2870 τοῖς
1297 2804 1591 2877 περιγείοις
1624 2805 1717 2858 καὶ
1751 2805 1952 2868 ὑλικοῖς

375 2896 561 2959 τόποις
583 2900 1016 2967 προσαπομεῖναι
1038 2895 1136 2959 τὰς
1153 2897 1414 2966 πονηράς.
1436 2895 1535 2949 Διά
1556 2895 1716 2948 τοῦτο
1739 2895 1794 2948 δέ
1823 2912 1955 2964 φασι

379 2987 475 3040 καὶ
519 2985 589 3039 τά
636 2985 821 3039 ἐπάνω
851 2985 957 3039 τῶν
987 2985 1230 3058 οὐρανῶν
1272 2985 1440 3038 ὕδατα
1486 2987 1654 3040 αἰνεῖν
1682 2984 1771 3037 τὸν
1801 2984 1952 3050 Θεὸν,

376 3077 625 3130 τουτέστι
658 3076 757 3139 τάς
791 3077 1000 3145 ἀγαθὰς
1029 3075 1284 3146 δυνάμεις
1307 3074 1462 3141 ἀξίας
1489 3073 1652 3137 οὔσας
1671 3072 1758 3133 διὰ
1785 3071 1956 3126 καθα-

2041 1995 2152 2035 ιιιιο
2197 1993 2290 2032 ore
2332 1983 2587 2048 recepta;
2619 1980 2672 2029 et
2701 1987 2932 2042 prorsus
2962 1967 3361 2031 incredibilem,
3383 1979 3506 2018 cum
3533 1978 3622 2017 sa-

2044 2085 2139 2125 cra
2163 2068 2448 2138 Scriptura
2472 2069 2524 2122 id
2556 2064 2920 2136 apertissimis
2947 2061 3223 2125 verbis,et
3247 2056 3378 2111 alibi
3406 2056 3621 2117 innuat,

2043 2163 2194 2232 cujus
2242 2162 2415 2230 major
2447 2169 2525 2214 est
2582 2157 2898 2220 auctoritas,
2962 2169 3029 2209 ex
3089 2149 3418 2221 Augustino,
3465 2161 3624 2216 quam

2045 2256 2215 2316 omnis
2242 2254 2434 2323 ingenii
2453 2253 2669 2304 humani
2684 2249 2976 2317 capacitas.
2993 2244 3060 2298 Et
3081 2239 3532 2315 quemadmodum
3569 2236 3624 2290 in

2047 2347 2132 2402 his
2165 2345 2310 2400 fatue
2327 2345 2542 2408 delirat,
2566 2343 2642 2396 ita
2665 2350 2721 2397 et
2744 2340 2876 2396 fides
2899 2339 3019 2408 ejus
3042 2342 3358 2399 accusatur,
3381 2340 3435 2388 et
3457 2329 3626 2385 veluti

2048 2441 2335 2509 impostor,
2407 2436 2748 2505 mendaxque
2806 2430 3100 2490 refellitur,
3157 2442 3283 2480 cum
3339 2422 3628 2478 manifeste

2049 2533 2314 2588 mentitur
2360 2531 2630 2593 scribens,
2662 2525 2977 2582 Catholicos
3001 2522 3138 2577 velle
3175 2534 3276 2590 pro
3304 2517 3408 2572 ﬁde
3441 2525 3631 2570 tenen-

2051 2625 2203 2689 dum,
2254 2624 2352 2678 has
2416 2635 2588 2691 aquas
2644 2633 2808 2688 supra
2858 2616 3030 2671 caelos
3065 2628 3226 2667 veras
3272 2623 3444 2679 aquas
3485 2620 3629 2669 esse,

2053 2729 2178 2769 cum
2208 2712 2367 2766 aliam
2415 2709 2744 2766 sententiam
2775 2721 2896 2778 qua:
2929 2719 3053 2765 eum
3095 2701 3199 2757 ista
3237 2699 3460 2753 minime
3498 2710 3633 2749 con-

2055 2806 2224 2869 venit,
2250 2803 2516 2859 Catholici
2556 2802 2682 2865 viri,
2711 2800 3069 2868 maximaeque
3095 2789 3420 2849 eruditionis
3446 2785 3636 2856 vulga-

2055 2899 2166 2953 rint
2196 2896 2433 2968 publice,
2476 2901 2532 2950 et
2583 2893 2760 2964 palam
2795 2889 2953 2945 tutati
2994 2888 3120 2942 sint.
3160 2881 3547 2937 [hereticorum
3584 2877 3634 2930 is

2056 3005 2174 3044 mos
2211 2997 2314 3054 est,
2353 2994 2409 3041 et
2440 2983 2733 3045 dementia,
2764 2987 2824 3032 ut
2873 2991 2994 3048 qua:
3019 2973 3224 3028 dixeris
3267 2972 3546 3031 accusent,
3579 2970 3636 3019 et

2059 3081 2308 3137 refellent
2354 3077 2572 3134 etiamsi
2627 3074 2914 3130 verissima
2958 3070 3088 3131 sint,
3129 3081 3250 3136 qua:
3290 3078 3398 3117 non
3429 3058 3636 3113 dixeris

383 3170 582 3242 ρότητα
624 3169 720 3223 τοῦ
767 3167 1094 3240 ἡγεμονικοῦ
1123 3167 1212 3219 τὸν
1241 3165 1523 3237 πρέποντα
1563 3166 1732 3236 ὕμνον
1766 3165 1954 3218 ἀποδι-

2059 3176 2363 3244 imponant,
2387 3178 2447 3225 ut
2479 3169 2699 3232 iterum,
2730 3173 2785 3220 et
2817 3159 3191 3220 accusationis
3239 3164 3294 3211 et
3340 3152 3638 3224 reprehen-

379 3264 526 3320 δόναι
557 3264 635 3334 τῷ
667 3263 944 3317 κτίσαντι⁸
977 3261 1048 3314 τὰ
1071 3261 1127 3314 δὲ
1149 3260 1405 3314 ὑποκάτω
1425 3259 1534 3313 τῶν
1559 3259 1802 3330 οὐρανῶν
1832 3259 1958 3312 i385-
1992 3259 1994 3266 ἰ

380 3372 452 3413 τα.
478 3353 824 3424 πνευματικά
843 3348 982 3406 εἶναι
1006 3355 1104 3422 τῆς
1133 3350 1395 3421 πονηρίας
1427 3349 1535 3404 ἀπὸ
1567 3349 1660 3402 τοῦ
1690 3348 1830 3403 κατά
1859 3348 1958 3417 tpt’i—

383 3466 467 3504 σιν
492 3447 659 3518 ὕψους
680 3447 759 3518 είς
780 3446 840 3498 τὸ
869 3446 967 3515 τῆς
991 3443 1188 3506 κακίας
1215 3443 1375 3512 βάθος
1401 3443 1798 3506 καταπεσόντα,
1816 3442 1958 3511 ἆπερ

383 3538 459 3604 ὡς
489 3538 780 3610 ταραχώδη
810 3537 960 3602 ὅντα,
983 3535 1076 3590 καὶ
1125 3534 1505 3601 στασιαπικά,
1528 3534 1623 3588 καὶ
1656 3536 1767 3597 τοῖς
1797 3531 1959 3603 θορύ-

385 3633 501 3696 ϐοις
529 3631 637 3684 τῶν
669 3628 856 3682 παθῶν
899 3625 1295 3698 κυμαινὸμενα,
1321 3624 1592 3678 Θάλασσαν
1623 3623 1961 3694 ὠνομάσθαι,

385 3721 475 3776 διά
505 3721 565 3774 τὸ
607 3718 908 3790 μετάϐητον
946 3717 1038 3769 καὶ⁵
1064 3715 1294 3770 ἄστατον
1327 3715 1435 3768 τῶν
1468 3713 1610 3770 κατά
1642 3715 1958 3786 προαίρεσιν

387 3814 721 3883 κινημάτων.
753 3810 892 3873 Τοὺς
935 3809 998 3879 δὴ
1040 3807 1314 3871 τοιούτους
1341 3807 1533 3874 λόγους
1561 3807 1636 3870 ὡς
1669 3806 1960 3878 ὀνειράτων

389 3904 728 3976 συγκρίσεις,
758 3903 852 3956 καὶ
876 3899 1140 3971 γραώδεις
1177 3898 1378 3970 μύθους
1403 3897 1882 3968 ἀποπεμψάμενοι,
1903 3897 1963 3949 τὸ

390 3996 533 4068 ὕδωρ
560 3995 702 4066 ὕδωρ
729 3993 1030 4065 νοήσωμεν,
1059 3993 1154 4046 καὶ
1185 3991 1283 4062 τὴν
1307 3991 1578 4061 διάκρισιν
1611 3989 1707 4061 τὴν
1740 3988 1844 4042 ὑπὸ
1868 3987 1963 4056 τοῦ

391 4086 768 4159 στερεώματος
799 4083 1095 4155 γενομένην
1127 4083 1268 4136 κατά
1289 4081 1388 4152 τὴν
1418 4079 1769 4134 ἀποδοθεῖσαν
1787 4079 1966 4132 αἰτίαν

390 4178 687 4251 δεξώμεθα.
716 4177 972 4233 Valesius
999 4176 1119 4230 loco
1145 4174 1259 4244 jam
1285 4174 1434 4229 dicto
1459 4174 1554 4238 ait,
1581 4172 1780 4227 coelum
1812 4170 1964 4235 illud,

394 4271 540 4342 quod
605 4270 823 4341 plurimi
872 4269 1014 4324 hanc
1077 4267 1146 4329 ob
1197 4281 1417 4322 causam
1467 4273 1666 4321 vocant
1701 4263 1968 4334 crystalli-

398 4379 552 4428 num,
577 4377 810 4432 aqueum
840 4376 961 4417 esse
993 4375 1132 4430 aqua
1160 4359 1395 4430 quadam
1423 4356 1633 4412 cmlesti
1671 4370 1792 4426 quae
1818 4355 1970 4424 puri-

398 4464 510 4513 tate
539 4470 735 4525 aquam
761 4454 982 4519 referat,
1006 4469 1117 4508 non
1149 4461 1330 4507 tamen
1359 4450 1578 4528 frigore,
1599 4457 1693 4503 aut
1720 4448 1966 4510 humore,

2059 3261 2232 3320 sionis
2271 3274 2461 3315 ansam
2493 3256 2783 3326 arripiant.

2126 3353 2244 3408 Col.
2292 3350 2415 3414 712,
2450 3349 2548 3403 lin.
2581 3347 2672 3403 Η.
2698 3346 2880 3399 Ὥστε
2911 3340 3012 3397 καὶ
3048 3337 3248 3394 ἐπάνω
3284 3332 3456 3390 εῖναι.
3494 3331 3640 3389 Con-

2059 3443 2337 3502 stantinus
2370 3438 2650 3494 Manasses
2683 3434 2735 3488 in
2765 3431 2962 3488 Annal.
2984 3443 3004 3482 :

2065 3571 2202 3624 Τότε
2226 3567 2325 3622 καὶ
2349 3565 2464 3633 τὴν
2490 3562 2870 3633 martem-cor
2903 3555 3100 3633 φύσιν.
3117 3552 3234 3619 τὴν
3259 3550 3514 3633 ﬁduciam

2305 3620 2617 3699 ἀϐὖσσους
2633 3620 2865 3694 διελὼν,
2887 3620 2984 3704 καὶ
3002 3625 3228 3681 τούτων
3242 3621 3358 3704 μὲις·
3381 3620 3640 3688 ἀρίστην

2063 3691 2816 3780 ᾗρῦξίῧψοςμάνενᾶθὸῃτον
2843 3691 3080 3780 κούφως
3105 3691 3466 3780 μετεωρίσας

2158 3761 2227 3833 δὲ
2250 3761 2347 3832 sati
2379 3761 2491 3848 γῆς
2522 3761 2834 3829 ἀπολὶπὼν
2858 3761 3082 3834 ἔστησε
3108 3764 3324 3818 τούτων
3352 3761 3568 3830 μέσον.

2134 3903 2237 3956 Τὸν
2272 3899 2500 3972 οὐρανὸν
2529 3895 2718 3966 ὥσπερ
2743 3888 3018 3964 φραγμὸν,
3045 3886 3232 3956 ὥσπερ
3278 3881 3503 3955 στερῤδν
3530 3897 3642 3933 τει-

2067 3995 2200 4070 χίον.
2236 3995 2296 4050 In
2325 4006 2488 4048 versu
2520 3985 2762 4045 secundo
2786 3980 3106 4042 καὶτούτων
3133 3979 3231 4050 μὲν
3266 3977 3495 4047 ἀρίστην
3511 3973 3640 4044 quid

2068 4067 2141 4148 sit
2187 4103 2296 4144 non
2348 4086 2526 4157 capio.
2555 4081 2782 4155 Corrigo
2815 4078 2910 4132 καὶ
2951 4076 3158 4136 τούτων
3184 4072 3246 4126 τὸ
3274 4071 3372 4142 μὲν
3401 4071 3531 4124 ἄνω.
3564 4067 3644 4122 Ita

2067 4182 2212 4238 enim
2263 4189 2316 4234 et
2347 4178 2632 4233 veritatem
2682 4173 2798 4235 Dei,
2837 4176 2893 4226 et
2933 4165 3178 4224 auctoris
3210 4170 3447 4218 mentem
3486 4175 3645 4215 asse-

2070 4287 2319 4345 quemur.
2360 4268 2468 4325 Sed
2510 4268 2578 4322 ad
2625 4264 2758 4336 quid
2794 4276 2949 4332 aqua:
2976 4260 3084 4315 illa:
3110 4271 3232 4328 qua:
3269 4267 3435 4345 supra
3473 4252 3644 4308 caelos

2070 4344 2230 4423 sunt?
2279 4359 2577 4428 Procopius
2633 4364 2688 4412 et
2737 4351 3136 4417 Theodoretus,
3168 4361 3236 4401 ne
3268 4345 3370 4411 sol,
3409 4344 3540 4398 luna
3588 4350 3646 4398 et

2072 4465 2220 4512 astra
2252 4462 2438 4524 utpote
2471 4451 2663 4523 ignita,
2721 4446 2920 4503 cmlum
2957 4459 3024 4498 ex
3054 4441 3212 4512 aquis
3241 4438 3397 4510 quasi
3423 4435 3647 4506 congla-

397 4545 855 4618 quemadmodum
909 4546 1132 4608 coelum.
1180 4551 1236 4599 et
1286 4552 1436 4599 astra
1487 4544 1646 4616 ignea
1688 4556 1811 4597 esse
1845 4540 1968 4610 igne
2000 4545 2042 4604 D
2071 4552 2273 4607 ciatum
2305 4547 2642 4609 dissolvant;
2682 4541 2848 4606 Beda,
2868 4538 2936 4596 ad
2962 4533 3372 4605 temperandum
3409 4530 3646 4586 calorem

398 4639 632 4710 quodam
661 4637 893 4702 caelesti,
915 4638 1007 4707 qui
1037 4636 1453 4708 praestantioris,
1483 4651 1646 4706 quam
1674 4635 1970 4690 elementa-

399 4733 479 4804 ris
529 4737 614 4786 est
657 4739 886 4792 naturae,
921 4728 1131 4798 fulgore
1179 4728 1355 4784 solum
1389 4727 1632 4786 referens
1661 4727 1834 4790 illum,
1860 4739 1971 4789 non

401 4824 565 4879 etiam
615 4823 798 4882 calore
843 4827 899 4876 et
954 4821 1220 4876 siccitate.
1265 4821 1455 4890 Itaque
1492 4834 1690 4873 nomen
1720 4819 1880 4889 ignis,
1919 4825 1973 4887 et

401 4928 555 4990 aquae
604 4932 712 4971 non
772 4917 989 4984 pr0prie
1035 4913 1142 4968 dici
1188 4914 1256 4967 de
1292 4913 1558 4981 utrisque,
1595 4912 1691 4967 sed
1724 4911 1973 4982 analogia

401 5012 658 5081 quadam,
691 5014 750 5062 ut
779 5008 851 5063 sit
878 5006 1076 5075 duplex
1117 5005 1258 5075 ignis
1285 5012 1339 5058 et
1368 5005 1564 5074 duplex
1600 5018 1740 5073 aqua
1774 5019 1975 5058 secun-

403 5103 532 5157 dum
581 5099 910 5172 analogiam,
934 5096 1283 5153 elementaris
1334 5096 1544 5150 scilicet
1595 5103 1650 5151 et
1714 5095 1972 5169 caelestis.

403 5192 698 5248 Multorum
731 5165 914 5253 tamen
969 5189 1196 5244 Patrum
1223 5186 1677 5258 quemadmodum
1702 5193 1756 5241 et
1781 5165 1977 5242 Busta?

403 5283 505 5338 thii
528 5282 628 5339 fuit
653 5284 942 5346 sententia,
975 5295 1070 5335 eas
1096 5293 1267 5350 aquas
1289 5293 1414 5342 esse
1437 5293 1595 5334 veras
1623 5291 1816 5347 aquas,
1834 5276 1979 5346 ejus-

405 5375 639 5445 demque
688 5375 904 5446 generis
961 5379 1016 5428 et
1075 5371 1265 5426 formae
1309 5383 1435 5424 cum
1480 5368 1566 5425 his
1603 5366 1975 5428 inferioribus.

405 5465 640 5536 Ideoque
667 5466 764 5523 has
787 5481 959 5538 aquas
988 5480 1019 5520 a
1050 5464 1162 5521 Deo
1193 5478 1361 5535 supra
1390 5462 1588 5526 coelum
1611 5460 1820 5531 positas
1849 5474 1978 5515 cen-

406 5571 549 5627 sent,
600 5571 658 5616 ut
715 5560 872 5615 insiti
925 5557 1129 5629 algoris
1159 5555 1597 5627 propinquitate,
1626 5553 1805 5622 ignem
1835 5549 1981 5608 side-

407 5671 584 5720 reum,
611 5654 985 5722 terroremque
1020 5651 1138 5706 axis
1160 5646 1382 5704 aetherei
1410 5647 1740 5710 minuerent,
1760 5658 1824 5700 ac
1845 5653 1982 5698 tem-

409 5753 680 5818 perarent.
721 5744 798 5799 lta
839 5742 1091 5804 Clemens
1123 5741 1405 5798 Romanus
1439 5739 1536 5794 lib.
1580 5753 1618 5792 ιι
1678 5735 1978 5806 Recognit.;

410 5837 658 5902 lustinus
708 5842 935 5908 martyr,
966 5841 1160 5907 quaest.
1192 5831 1281 5900 93,
1331 5829 1400 5899 ad
1435 5827 1805 5893 Orthodoxos;
1833 5826 1981 5885 Basi-

2072 4659 2138 4700 ex
2168 4642 2220 4696 vi
2253 4647 2308 4696 et
2348 4646 2500 4694 motu
2550 4636 2788 4692 siderum
2815 4639 3032 4696 ortum;
3063 4626 3336 4690 Justinus,
3365 4623 3434 4678 ad
3465 4619 3648 4690 depri-

2072 4731 2327 4787 mendum
2379 4729 2802 4789 firmamentum,
2829 4736 2898 4776 ne
2941 4734 3164 4775 sursum
3184 4715 3426 4781 feratur;
3456 4710 3650 4765 Hiero-

2076 4838 2273 4895 nymus
2319 4820 2588 4883 Oleaster,
2617 4825 2680 4872 ut
2731 4816 2788 4870 in
2839 4812 3046 4868 diluvio
3074 4809 3187 4866 Noe
3213 4824 3310 4880 per
3341 4810 3650 4862 cataractas

2075 4915 2288 4972 emissae
2310 4921 2512 4967 terram
2535 4911 2850 4979 obruerent.
2865 4905 2968 4958 Alii
2990 4911 3050 4966 ut
3072 4902 3206 4959 solis
3230 4909 3285 4957 et
3305 4901 3446 4953 lunae
3465 4895 3649 4950 radios

2077 5006 2422 5062 reverberent
2473 5017 2677 5072 eosque
2725 5000 2983 5055 deorsum
3019 4995 3088 5050 ad
3117 5003 3319 5050 terram
3361 4987 3645 5059 repellant.

2075 5099 2182 5154 Alii
2217 5095 2287 5152 ad
2326 5100 2581 5150 ornatum
2613 5092 2876 5155 universi,
2907 5098 3019 5144 tum
3061 5095 3121 5142 ιιι
3152 5083 3350 5140 matrix
3381 5082 3498 5136 haec
3533 5091 3648 5133 cm-

2078 5189 2254 5253 lorum
2307 5185 2603 5240 creationis
2660 5181 2825 5236 index
2871 5184 3134 5240 exstaret,
3166 5188 3331 5246 quam
3379 5184 3548 5240 supra
3590 5183 3650 5224 se

2079 5277 2206 5344 caeli
2239 5289 2456 5345 semper
2505 5273 2870 5339 intuerentur,
2901 5275 3015 5322 tum
3049 5267 3116 5334 ad
3145 5265 3479 5334 voluptatem
3523 5274 3650 5315 san-

2079 5380 2314 5434 ctorum,
2361 5343 2422 5424 ιιι
2473 5369 2628 5439 aquis
2683 5366 2835 5420 hisce
2874 5359 3205 5434 crystallinis
3249 5355 3393 5412 oculi
3421 5343 3652 5426 pascan-J

2079 5473 2190 5522 tur.
2223 5463 2322 5520 Vel
2353 5469 2413 5518 ut
2456 5462 2600 5517 sicut
2655 5473 2796 5529 aqua
2843 5457 2957 5512 ha‘c
3006 5453 3118 5521 aeri
3154 5458 3365 5514 nostro,
3396 5446 3471 5502 ita
3498 5457 3654 5515 aqua

2081 5555 2186 5609 illae
2232 5551 2606 5609 subservirent
2627 5547 2834 5612 aetheri,
2859 5544 2954 5617 qui
2983 5550 3067 5599 est
3095 5541 3154 5597 in
3189 5539 3330 5595 cmlo
3374 5548 3652 5607 empyreo.

2083 5646 2237 5702 Mitto
2263 5660 2438 5716 nugas
2465 5643 2717 5698 aliorum.

2158 5709 2582 5793 Ibid.,lin.18.
2627 5728 2691 5781 Ὀ
2753 5725 2822 5780 δὲ
2875 5723 3049 5793 αἰθὴρ
3087 5717 3383 5790 πυρώδης.
3419 5709 3654 5768 Basilius

2086 5826 2233 5880 hom.
2267 5824 2300 5879 3
2327 5841 2341 5879 :
2376 5821 2478 5877 Τὸν
2519 5821 2577 5874 δὲ
2609 5817 2802 5893 αἰθέρα
2824 5833 2908 5881 τις
2937 5813 3265 5886 ἀμφιϐάλλει
3301 5807 3374 5882 μὴ
3401 5806 3520 5878 οὐχὶ
3557 5818 3652 5854 πυ-
