4112 6476
437 413 538 470 831

1785 414 2032 471 LEONIS
2068 411 2343 470 ALLATII

440 531 583 602 ρώὸη
635 525 771 584 εἶναι
818 531 914 584 καὶ
957 531 1179 602 διακαῆ,
1218 531 1277 596 ὃς
1306 535 1354 586 ei
1401 533 1476 605 μὴ
1509 533 1583 604 τῷ
1618 535 1896 604 ἀναγκαίῳ
1923 533 2016 587 τοῦ

2125 541 2228 598 tur,
2259 543 2313 588 et
2339 541 2422 587 est
2460 533 2662 602 pluvia,
2701 549 2794 588 seu
2833 534 3028 600 stilla;
3072 533 3118 589 si
3148 534 3252 588 erit
3274 534 3523 605 spissior,
3548 533 3689 591 fiunt

440 625 758 693 ποιήσαντος
807 623 968 681 αὐτὸν
1018 626 1129 696 ὅρῳ
1181 624 1484 696 κατείχετο,
1538 627 1589 678 τί
1626 626 1692 679 ἂν
1741 625 2012 680 ἐκώλυσεν

435 715 600 769 αὐτὸν
629 716 804 770 πάντα
837 715 1175 786 φλογίζοντα,
1195 719 1288 772 καὶ
1322 719 1790 790 καταωμπρῶντα
1816 719 2012 788 συνεχῆ

439 808 618 859 πᾶσαν
667 809 802 878 ὁμοῦ
842 809 944 880 τὴν
977 811 1034 860 ἐν
1078 811 1192 873 τοῖς
1244 806 1394 863 οὖσιν
1438 809 1774 876 ἐξαναλῶσαι
1807 809 2014 875 νοτίδας

405 899 408 902 ’
439 899 538 953 Διά
566 899 739 953 ταῦτα
776 900 920 972 ὓδωρ
963 901 1144 973 ἀέριον
1172 901 1380 970 γίνεται
1406 901 1733 972 νεφουμένου
1770 901 1863 954 τοῦ
1903 903 2016 956 ἀνω

437 1005 603 1044 τοπου
633 993 699 1043 ἐκ
727 992 826 1060 τῆς
851 991 1126 1062 ἀναφορᾶς
1157 993 1266 1046 τῶν
1295 992 1612 1062 ἀτμῶν,οὒς
1640 993 1894 1064 ποταμοὶ,
1920 993 2015 1046 καὶ

438 1082 658 1153 κρῆναι,
699 1084 795 1136 καὶ
823 1083 1050 1155 τενάγη,
1083 1083 1180 1137 καὶ
1206 1082 1414 1153 λίμναι,
1447 1085 1540 1139 καὶ
1590 1085 1800 1156 πελάγη
1837 1086 2016 1139 πάντα

441 1175 720 1242 προΐενται
769 1174 844 1239 ὼς
885 1175 950 1229 ἂν
981 1175 1057 1245 μὴ
1093 1175 1270 1229 πάντα
1302 1174 1595 1247 πυρακτῶν
1631 1178 1661 1230 ό
1698 1175 1860 1248 αἰθὴρ
1891 1177 2013 1230 ἐπι-

438 1264 615 1318 λάϐοι.
645 1265 840 1322 ΛΕιιιετ
859 1267 990 1337 quid
1022 1267 1114 1331 sit,
1146 1282 1253 1322 non
1279 1283 1387 1321 una
1418 1274 1503 1323 est
1528 1267 1770 1322 omnium
1795 1276 2015 1322 senten-

441 1356 551 1423 tia;
587 1357 803 1426 quidam
839 1358 1218 1413 existimarunt
1261 1374 1383 1414 esse
1434 1374 1611 1415 aerem
1647 1360 1898 1430 ignitum,
1924 1360 2015 1415 alii

445 1448 666 1502 cadum.
698 1446 1033 1520 Porphyrius
1064 1460 1118 1505 et
1155 1460 1282 1506 ante
1329 1469 1453 1507 eum
1504 1453 1753 1523 Orpheus
1779 1461 2014 1509 mentem

444 1547 498 1594 et
531 1541 858 1595 intellectum
893 1540 1044 1597 Jovis
1090 1547 1451 1615 appellarunt,
1481 1546 1801 1602 Aristoteles
1860 1547 1952 1601 lib.
1998 1562 2015 1600 l

442 1629 521 1684 De
547 1631 695 1694 emta,
728 1647 848 1701 cap.
881 1634 934 1692 5.
980 1642 1034 1689 et
1064 1636 1240 1704 primo
1270 1635 1516 1701 Meteon,
1565 1652 1780 1693 necnon
1812 1646 1866 1692 et
1916 1637 2013 1692 lib.

443 1722 522 1775 De
546 1722 761 1786 mundo,
790 1725 835 1778 si
873 1733 1052 1780 tamen
1100 1726 1422 1783 Aristoteles
1459 1729 1584 1782 libri
1631 1728 1779 1783 illius
1829 1739 2018 1782 auctor

441 1820 560 1876 est,
618 1814 685 1868 ad
745 1814 1138 1884 Alexandrum,
1195 1821 1396 1875 wthera
1471 1821 1592 1876 caeli
1670 1819 2017 1890 siderumque

444 1905 827 1970 substantiam,
855 1909 1180 1964 elementum
1225 1926 1255 1964 a
1295 1920 1528 1981 quatuor
1555 1911 1678 1966 aliis
1699 1911 2013 1967 sublunari-
2041 1891 2088 1951 Β

444 1996 548 2052 bus
571 1996 870 2063 diversum,
891 2001 1159 2064 divinum,
1185 2011 1236 2058 et
1267 2003 1637 2074 corruptionis
1665 2019 1883 2075 expers,
1906 2016 2016 2057 non

441 2105 509 2146 eo
561 2093 779 2162 quidem
836 2096 1260 2166 nomine;quod
1309 2113 1432 2152 eum
1487 2098 1644 2169 ignea
1696 2099 1768 2154 sit
1802 2098 2015 2169 ﬂagret.

445 2179 552 2235 Sed
580 2183 726 2252 quod
745 2185 834 2238 ἀεὶ
853 2185 953 2240 θεῖ.
983 2186 1230 2258 Οὐρανοῦ
1258 2188 1314 2241 δέ
1341 2189 1433 2243 καὶ
1459 2190 1675 2262 ἄστρων
1704 2189 1890 2243 οὐσίαν
1919 2190 2017 2260 μὲν

443 2275 636 2346 αἰθέρα
671 2275 960 2348 καλοῦμεν,
990 2279 1088 2349 οὐχ
1115 2278 1189 2343 ῶς
1216 2298 1379 2344 τινες,
1411 2279 1498 2334 διὰ
1517 2281 1578 2334 τὺ
1607 2279 1826 2352 πυρώδη
1852 2276 2017 2334 οὖσαν

444 2368 713 2432 αίθεσθαι,
747 2370 1191 2441 πλημμελοῦντες
1240 2374 1369 2445 περὶ
1414 2374 1512 2444 τὴν
1565 2373 1810 2428 πλεῖστον
1849 2373 2018 2444 πυρὸς

444 2459 871 2535 ἀπηλλαγμένην
911 2463 1158 2535 δύναμιν,
1194 2465 1329 2518 ἀλλὰ
1355 2465 1442 2519 διὰ
1465 2467 1526 2519 τὸ
1555 2467 1640 2520 ἀεὶ
1679 2466 1788 2520 θεῖν
1822 2467 2018 2520 κυκλο-

448 2553 796 2624 φορουμένην
845 2559 1102 2626 στοιχεῖον
1139 2553 1304 2611 οὖσαν
1362 2559 1544 2630 ἕτερον
1590 2557 1698 2613 τῶν
1741 2558 2018 2631 τεσσάρων

450 2644 726 2716 ἀκήρατόν
756 2665 814 2700 τε
845 2649 937 2703 καὶ
970 2648 1126 2704 θεῖον.
1159 2650 1223 2706 Et
1253 2652 1347 2706 lib.
1390 2667 1407 2705 ι
1461 2652 1538 2708 De
1566 2653 1692 2706 εωιο
1725 2652 2019 2722 reprehen-

449 2735 531 2790 dit
579 2737 975 2808 Anaxagoram,
1032 2741 1176 2811 quod
1235 2758 1334 2812 pro
1368 2742 1510 2815 igne,
1559 2743 1813 2798 aetherem
1859 2743 2016 2808 dixit,

447 2828 594 2896 quod
629 2837 683 2883 et
717 2831 857 2886 alios
898 2830 1096 2888 fecisse
1148 2837 1285 2890 satis
1314 2844 1503 2890 notum
1543 2845 1644 2891 est.
1679 2834 1747 2889 Hi
1785 2851 2020 2906 namque

445 2917 519 2971 ab
561 2918 715 2984 αῐθω,
743 2937 852 2976 non
912 2924 980 2978 ab
1022 2925 1109 2978 ἀεὶ
1155 2925 1288 2986 θεῖν,
1325 2928 1579 2983 aatherem
1625 2927 1920 2991 deducunt,
1963 2927 2020 2982 in

445 3025 610 3080 quam
664 3016 988 3070 sententiam
1022 3025 1077 3072 et
1113 3016 1304 3072 Cicero
1341 3019 1435 3072 lib.
1465 3034 1502 3072 ιι
1557 3018 1635 3073 De
1666 3028 1856 3073 natura
1898 3019 2022 3074 deo-

457 3117 577 3154 rum
612 3103 778 3161 ivisse
807 3105 1056 3174 videtur;
1096 3116 1150 3163 et
1193 3107 1509 3163 Phornutus
1537 3109 1667 3164 item
1701 3110 1776 3165 De
1827 3121 2021 3165 natura

446 3196 687 3290 deorum,
719 3213 839 3268 cap.
872 3197 946 3254 De
971 3200 1110 3255 coelo
1137 3202 1235 3255 :'H
1265 3201 1320 3254 δὲ
1365 3203 1520 3255 οὐσία
1566 3201 1729 3256 αὐτοῦ
1765 3203 2020 3274 πυρώδης
2046 3231 2090 3290 c

447 3287 622 3354 ἐστιν,
656 3291 733 3355 ὡς
784 3291 940 3362 δῆλον
991 3295 1056 3346 ἐκ
1115 3293 1208 3347 τοῦ
1255 3294 1404 3365 ἡλίου
1455 3296 1548 3349 καὶ
1597 3296 1663 3348 ἐκ
1699 3295 1807 3349 τῶν
1847 3295 2021 3349 ἀλλων

446 3381 682 3454 ἄστρων.
718 3383 882 3437 Ὅθεν
917 3386 1010 3439 καὶ
1040 3385 1204 3458 αἰθήρ
1235 3386 1437 3458 ἐκλήθη
1467 3386 1529 3439 τὸ
1561 3385 1824 3451 ἐξώτατον
1859 3387 2022 3457 μέρος

449 3474 545 3528 τοῦ
574 3477 778 3548 κόσμου
798 3477 906 3531 ἀπὸ
929 3477 1021 3532 τοῦ
1053 3479 1322 3534 αἴθεσθαι.
1350 3477 1674 3535 Eustathius
1706 3489 1888 3534 tamen
1932 3479 2020 3534 hic

450 3582 553 3638 pro
579 3569 780 3625 aethere
806 3579 1062 3639 quartum
1095 3572 1426 3628 elementum
1463 3572 1737 3644 intelligit,
1770 3573 2022 3628 videlicet

451 3660 654 3729 ignem,
685 3661 780 3730 qui
809 3669 976 3717 totam
1003 3671 1206 3719 terram
1236 3679 1334 3719 sua
1365 3664 1417 3717 vi
1451 3671 1506 3719 et
1536 3663 1792 3720 facultate
1822 3680 2023 3719 consu-

453 3758 646 3818 meret,
671 3753 778 3806 nisi
809 3761 864 3808 et
903 3754 1063 3824 jussu
1105 3755 1316 3816 divino,
1347 3761 1402 3809 et
1436 3757 1592 3826 aquis
1618 3757 1796 3813 aereis
1813 3756 2026 3816 detine-

453 3847 626 3896 retur.

527 3932 646 3988 Col.
669 3934 790 4002 712,
815 3935 912 3992 lin.
936 3935 1026 3992 22.
1049 3938 1415 4009 Svrdrortat
1442 3941 1573 4009 περὶ
1595 3941 1662 3994 τὸ
1678 3941 1854 4009 ὕψος.
1872 3939 2026 3995 Basi-

453 4021 564 4077 lius
610 4024 756 4079 bom.
809 4025 842 4080 5
868 4026 1292 4098 ιΣυναγομένων
1329 4029 1438 4101 γὰρ
1476 4029 1584 4084 τῶν
1616 4030 2026 4101 ἀναθυμιάσεων

456 4116 586 4188 περὶ
608 4117 670 4171 τὸ
699 4117 853 4189 ὕψος,
879 4119 974 4174 καὶ
1002 4123 1376 4192 πυκνουμένου
1398 4122 1490 4176 τοῦ
1519 4123 1678 4193 ἀέρος
1699 4127 1817 4186 ταῖς
1835 4126 1898 4176 ἐκ
1919 4123 2026 4177 τῶν

455 4209 781 4280 πνευμάτων
807 4210 1080 4283 πιλήσεσι,
1097 4213 1225 4267 ὅταν
1249 4214 1346 4285 μὲν
1370 4215 1426 4268 αἱ
1453 4214 1589 4278 τέως
1617 4213 1913 4285 ἀτμοειδῶς
1934 4215 2028 4268 καὶ

456 4301 668 4367 λεπτῶς
685 4304 1080 4378 ἐνεσπαρμέναι
1098 4306 1176 4378 τῷ
1196 4306 1345 4376 νέφει
1361 4307 1562 4371 νοτίδες
1584 4307 1838 4378 ἀλλήλαις
1859 4323 2027 4379 προσ-

457 4397 775 4468 χωρήσωσι,
814 4400 1071 4467 σταγόνες
1119 4400 1356 4468 γίνονται
1426 4400 1502 4472 τῷ
1538 4399 1693 4471 βάρει
1739 4399 1847 4454 τῶν
1900 4417 2030 4469 συγ-

460 4486 754 4558 κριθέντων
809 4492 1103 4562 φερόμεναι
1141 4493 1204 4546 τὸ
1232 4494 1400 4547 κάτω,
1435 4494 1546 4558 Καὶ
1579 4494 1716 4564 αῦτη
1747 4493 1901 4547 ὑετοῦ
1931 4493 2028 4562 γέ-

2115 623 2340 685 imbres.
2377 632 2540 692 atque
2572 624 2763 679 nimbi.
2801 623 2874 676 Ex
2917 623 3118 694 quibus
3158 624 3231 678 ita
3271 623 3522 678 lacunam
3551 638 3684 692 sup-

2115 715 2202 783 ple
2237 734 2250 767 :
2283 714 2490 766 Γίνεται
2545 713 2601 766 δὲ
2647 713 2819 776 οὕτως
2867 716 2895 766 ὁ
2953 713 3122 776 ὺετός.
3177 712 3504 782 Συνάγονται
3556 714 3684 783 περὶ

2113 807 2191 872 τὸ,
2219 815 2323 862 etc.

2185 905 2343 970 lbid.,
2380 906 2476 961 lin.
2501 905 2591 959 27.
2633 906 2704 959 Ἦ
2724 905 2792 958 δὲ
2817 904 2962 975 χιὼν
2994 905 3061 958 ἐκ
3089 904 3206 958 τῶν
3229 903 3481 958 ὑδάτων.
3525 903 3682 959 Basi-

2113 994 2240 1058 lius,
2289 995 2436 1049 hom.
2490 997 2564 1052 5:
2600 997 2767 1050 Ὅταν
2820 996 2877 1049 δέ
2935 996 2996 1049 τὸ
3037 997 3199 1066 ὑγρὸν
3229 993 3527 1068 ἐξαφρισθῇ
3564 1001 3684 1063 ταῖς

2117 1086 2259 1158 βίαις
2284 1088 2391 1141 τῶν
2419 1089 2634 1160 ἀνέμων
2657 1089 2946 1153 ἀνακοπέν,
2976 1085 3092 1141 εἶτα
3120 1091 3201 1152 είς
3228 1089 3396 1162 ἀκρον
3437 1088 3684 1162 καταψυ-

2115 1185 2241 1256 χθέν
2271 1185 2389 1238 ὅλον
2420 1183 2486 1238 δι’
2529 1184 2651 1238 ὅλου
2682 1187 2862 1254 παγῇ,
2901 1183 3234 1256 θραυομένου
3265 1182 3360 1237 τοῦ
3398 1183 3616 1253 νέφους,
3647 1187 3682 1255 ή

2115 1276 2249 1347 χιὼν
2289 1277 2677 1347 καταφέρεται.
2717 1274 2836 1329 Non
2886 1275 3173 1331 dissimilia
3215 1276 3377 1331 habet
3417 1273 3686 1348 Georgius

2117 1366 2329 1423 Pisides
2380 1367 2457 1423 De
2509 1370 2697 1422 ruendi
2739 1372 2982 1439 api/icio;
3039 1369 3247 1426 Plinius
3305 1371 3400 1424 lib.
3431 1371 3684 1435 1t,c.60,

2119 1460 2438 1514 Grandinem
2470 1463 2797 1531 conglaciato
2833 1462 2995 1515 imbre
3025 1463 3198 1532 gigni,
3228 1471 3276 1515 et
3307 1462 3472 1515 nivem
3508 1459 3687 1515 eodem

2120 1551 2338 1604 humore
2369 1551 2584 1604 mollius
2639 1561 2839 1614 coacto,
2871 1553 3115 1621 pruinam
3150 1561 3322 1604 autem
3352 1565 3417 1605 ea:
3453 1567 3572 1605 rore
3603 1567 3689 1621 ge-

2119 1642 2248 1698 lido.
2291 1643 2396 1698 Sed
2443 1644 2592 1698 brevi
2627 1644 2680 1697 id
2707 1645 3040 1713 explicemus
3096 1659 3367 1698 sermone.
3412 1641 3470 1698 Si
3520 1659 3690 1712 vapor

2120 1735 2376 1790 humidus
2414 1736 2468 1789 in
2505 1737 2646 1791 acris
2694 1735 2870 1789 media
2914 1735 3136 1804 regione
3165 1734 3458 1789 subvectus
3487 1733 3688 1789 densa-

2118 1837 2229 1893 tur,
2259 1843 2360 1882 nec
2401 1835 2516 1881 tum
2562 1828 2898 1897 congelatur,
2924 1825 2982 1880 fit
3010 1827 3212 1896 pluvia,
3241 1826 3328 1881 vel
3368 1828 3690 1896 congelatur

2115 1923 2430 1993 priusquam
2502 1923 2557 1975 in
2630 1935 2824 1990 aquam
2873 1928 3238 1986 convertatur,
3281 1927 3335 1974 et
3379 1919 3438 1972 fit
3481 1920 3576 1973 nix
3619 1932 3685 1975 ex

2115 2009 2314 2079 frigore
2367 2017 2482 2063 tum
2521 2009 2733 2064 fortiori
2757 2024 2916 2078 quam
2949 2008 3156 2078 pluvia,
3187 2008 3271 2062 vel
3307 2017 3597 2080 postquam
3631 2010 3689 2064 iu

2116 2115 2310 2170 aquam
2359 2099 2634 2154 resolutus
2695 2099 2880 2164 fuerit,
2913 2107 2968 2153 et
2996 2098 3054 2152 fit
3097 2099 3334 2169 grando;
3362 2099 3406 2155 si
3432 2114 3602 2170 vapor
3631 2101 3688 2156 in

2117 2191 2301 2244 intima
2350 2190 2572 2262 regione
2619 2189 2764 2246 aeris
2812 2188 3080 2252 subsidet,
3131 2190 3216 2245 vel
3270 2190 3590 2260 congelatur
3635 2197 3691 2250 et

2117 2280 2176 2336 fit
2228 2280 2446 2351 pruina,
2493 2282 2578 2335 vel
2632 2295 2742 2335 non
2803 2281 3142 2350 congelatur,
3181 2289 3228 2335 et
3265 2279 3321 2334 tit
3353 2295 3464 2335 ros.
3499 2280 3689 2336 Nivem

2116 2371 2563 2426 candidissimam
2592 2370 2802 2441 nigram
2831 2370 3018 2424 invitis
3047 2371 3302 2427 sensibus
3321 2372 3539 2425 volebat
3567 2387 3694 2429 esse

2117 2463 2628 2531 Anaxagoras,quia
2651 2467 2796 2515 esset
2817 2475 2958 2530 aqua
2981 2469 3257 2516 concreta.
3287 2459 3486 2515 Sextus
3507 2460 3692 2532 Empi-

2117 2553 2266 2610 ricus
2313 2551 2610 2624 Pyrrhon.,
2641 2551 2905 2624 Hypotyp.
2933 2553 3028 2608 lib.
3063 2570 3101 2616 ι,
3135 2567 3256 2622 cap.
3290 2552 3378 2616 1'5,
3407 2551 3692 2622 Νοούμενα

2116 2648 2173 2701 δέ
2208 2647 2569 2718 φαινομένοις,
2619 2646 2695 2709 ὡς
2737 2648 2767 2699 ό
2808 2643 3174 2716 Ἀναξαγόρας
3221 2643 3282 2697 τὸ
3325 2643 3524 2714 λευκὴν
3554 2639 3692 2698 εἶναι

2118 2741 2214 2813 τὴν
2260 2741 2432 2812 χιόνα,
2482 2738 2766 2804 ἀντετίθει,
2795 2738 2877 2791 ὅτι
2913 2723 3044 2808 χιὼν
3087 2735 3231 2807 ὕδωρ
3264 2735 3381 2788 ἐστὶ
3413 2734 3701 2805 πεπηγόςή

2117 2834 2179 2887 τὸ
2203 2833 2260 2886 δὲ
2283 2832 2427 2903 ὕδωρ
2457 2832 2573 2884 ἐστὶ
2605 2831 2792 2901 μέλαν,
2821 2831 2914 2883 καὶ
2941 2831 2975 2900 ή
3006 2827 3137 2900 χιὼν
3163 2829 3270 2900 ἄρα
3299 2826 3524 2899 μέλαινά
3549 2827 3700 2891 ἐστι,

2120 2925 2252 2992 Quae
2312 2924 2709 2996 argumentatio
2747 2923 2832 2977 vel
2875 2938 2941 2976 ex
2986 2922 3079 2975 illo
3120 2920 3237 2975 solo
3283 2918 3456 2975 refelli
3491 2926 3691 2990 potest,

2121 3017 2266 3088 quod
2323 3016 2588 3071 terminos
2643 3014 2700 3069 in
2746 3013 3212 3084 propositionibus
3245 3019 3437 3075 mutet,
3460 3025 3599 3080 quos
3645 3011 3698 3067 si

2121 3124 2232 3164 non
2278 3114 2533 3171 mutaret,
2571 3106 2688 3176 ipsa
2717 3120 2814 3175 per
2845 3121 2904 3160 se
2929 3114 3110 3160 rueret
3132 3111 3384 3174 essetque
3405 3101 3638 3157 ridicula
3676 3121 3690 3156 :

2121 3201 2238 3272 ipse
2266 3198 2347 3254 sic
2391 3197 2681 3261 formabat,
2718 3195 2822 3250 Nix
2850 3203 2934 3252 est
2965 3212 3102 3267 aqua
3129 3203 3414 3255 concreta;
3440 3208 3579 3263 aqua
3609 3199 3696 3248 est

2122 3292 2301 3362 nigra,
2325 3304 2456 3360 ergo
2483 3287 2577 3343 nix
2606 3295 2690 3344 est
2715 3287 2868 3358 nigra
2899 3306 2912 3342 :
2945 3303 3070 3342 cum
3101 3287 3176 3340 ita
3209 3292 3354 3342 esset
3386 3282 3692 3339 formanda.

2121 3382 2221 3438 Nix
2275 3389 2358 3438 est
2401 3395 2543 3451 aqua
2602 3386 2885 3444 concreta,
2913 3393 3053 3448 aqua
3092 3383 3347 3433 concreta
3391 3384 3475 3431 est
3515 3375 3696 3445 nigra,

2122 3484 2255 3528 tunc
2305 3473 2493 3543 utique
2541 3477 2880 3541 sequeretur,
2933 3484 3064 3539 ergo
3117 3468 3212 3523 nix
3256 3475 3344 3522 est
3379 3467 3556 3538 nigra.
3593 3466 3702 3521 Sed

2122 3566 2247 3636 quis
2298 3563 2619 3619 concederet
2666 3576 2862 3632 aquam
2921 3569 3233 3614 concretam
3287 3573 3411 3614 esse
3452 3558 3704 3628 nigram?

2123 3674 2248 3713 eum
2287 3671 2483 3727 aquam
2542 3655 2706 3710 etiam
2740 3655 2912 3724 ipsam
2954 3652 3057 3708 etsi
3093 3667 3203 3706 non
3271 3658 3583 3706 concretam
3611 3651 3700 3704 ni-

2125 3766 2275 3822 gram
2301 3764 2425 3805 esse
2445 3764 2554 3804 non
2579 3746 2893 3803 afﬁrmaret.

2197 3840 2356 3906 lbid.,
2405 3841 2501 3895 lin.
2558 3840 2647 3894 5|.
2690 3839 2756 3892 Ἡ
2784 3838 2852 3890 δὲ
2895 3835 3125 3904 βροντὴ
3156 3834 3306 3888 κατὰ
3337 3833 3553 3888 τοῦτον
3596 3833 3702 3886 τὸν

2123 3937 2330 4004 λόγον.
2391 3933 2667 3995 Basilius,
2725 3931 2873 3984 hom.
2915 3930 2948 3982 5
2990 3947 3001 3982 :
3036 3928 3146 3998 Τὴν
3207 3926 3316 3996 γάρ
3367 3923 3704 3996 στερρότητα

2126 4024 2222 4078 καὶ
2299 4023 2618 4077 ἀντιτυπίαν
2681 4019 2776 4073 τοῦ
2853 4017 3160 4088 πνεύματος
3229 4013 3323 4068 τοῦ
3398 4013 3706 4083 ἐναπολαμ-

2127 4117 2423 4188 ϐανομένου
2461 4118 2578 4178 ταῖς
2636 4112 2908 4182 κοιλότησι
2960 4109 3067 4162 τῶν
3109 4107 3309 4177 νεφῶν,
3363 4107 3458 4161 καὶ
3512 4105 3600 4159 διὰ
3642 4105 3706 4158 τὸ

2130 4209 2323 4280 βιαίως
2395 4205 2761 4279 ἐκρήγνυσθαι
2827 4203 2954 4264 τοὺς
3037 4200 3138 4262 τὰς
3206 4198 3433 4270 βροντὰς
3508 4197 3709 4250 ἀποτεο

2127 4301 2354 4364 λοῦντας
2408 4300 2633 4370 ψόφους,
2674 4296 2960 4367 στερέωσιν
2985 4291 3213 4364 βροντῆς
3248 4295 3281 4360 ή
3308 4288 3500 4361 Γραφὴ
3535 4304 3708 4361 προσ.

2129 4393 2445 4464 ηγὸρευσεν.
2501 4387 2795 4460 Gregorius
2851 4384 3228 4438 Naziauzenus
3288 4381 3365 4436 De
3393 4380 3654 4451 theologia
3686 4394 3706 4433 :

2131 4486 2196 4538 Τί
2267 4487 2356 4556 μοι
2416 4482 2794 4552 φιλοσοφήσεις
2856 4477 2986 4549 περὶ
3044 4474 3338 4547 ἀστραπῶν
3399 4472 3494 4526 καλ⁵
3554 4472 3709 4544 βρον-

466 4596 627 4643 δεσις.
661 4581 927 4651 Georgius
964 4582 1175 4640 Pisides
1206 4585 1284 4639 De
1311 4586 1494 4639 mundi
1525 4563 1763 4655 opiﬁcio,
1791 4600 1911 4656 pag.
1940 4583 2025 4649 i9,

2136 4578 2264 4644 τῶν,
2300 4571 2345 4629 ὦ
2377 4572 2612 4646 βροντῶν
2646 4571 2752 4625 ἀπὸ
2781 4570 2884 4639 γῆς
2918 4569 3004 4631 σὺ,
3034 4567 3128 4619 καὶ
3159 4565 3279 4618 οὐδὲ
3316 4563 3532 4634 μικροῖς
3554 4577 3710 4615 σπιν-

461 4681 519 4729 et
557 4671 766 4729 Plinius
788 4675 890 4730 lib.
945 4691 1010 4740 ιι,
1044 4677 1210 4746 capit.
1241 4676 1310 4731 42
1336 4697 1349 4732 :
1386 4676 1557 4730 Extra
1582 4679 1679 4731 has
1709 4693 1899 4732 causas
1928 4693 2032 4731 non

461 4766 757 4834 negaverim
803 4767 1055 4822 exsistere
1094 4767 1287 4822 imbres
1315 4779 1612 4839 ventosque.
1641 4769 1902 4835 Quoniam
1931 4768 2033 4822 Itu-

462 4861 666 4916 midam
701 4880 734 4916 a
769 4872 933 4928 terra,
958 4864 1096 4919 alias
1125 4880 1245 4919 vero
1271 4875 1484 4934 propter
1512 4880 1754 4932 vaporem
1775 4865 2033 4933 [umidam

460 4956 714 5011 exhalare
763 4957 1041 5029 caliginem
1107 4969 1303 5013 certum
1367 4967 1464 5014 est.
1517 4957 1794 5028 Nubesque
1834 4957 2036 5028 liquore

461 5065 669 5120 egresso
702 5049 758 5103 in
806 5049 1052 5115 sublime,
1094 5059 1187 5104 aut
1218 5067 1283 5106 ea:
1311 5068 1429 5105 aere
1480 5060 1660 5105 coacto
1692 5053 1747 5102 in
1781 5050 2033 5120 liquorem

461 5141 625 5212 gigni.
664 5140 908 5196 Densitas
946 5157 1130 5196 earum
1171 5158 1458 5214 corpusque
1484 5141 1626 5195 haud
1654 5141 1813 5197 dubio
1861 5143 2037 5212 conje-

464 5241 642 5286 ctatur
695 5242 1022 5303 argumento,
1074 5249 1193 5286 cum
1241 5233 1402 5288 solem
1455 5232 1782 5303 obumbrent,
1834 5235 2038 5308 perspi-

464 5339 623 5377 cuum
660 5324 798 5379 alias
837 5327 998 5379 etiam
1036 5323 1372 5379 urinantibus
1423 5325 1477 5378 in
1527 5324 1760 5396 qualibet
1814 5325 2039 5394 profun-

465 5414 594 5470 dam
633 5433 893 5488 aquarum
935 5416 1291 5473 attitudiaem.
1323 5416 1537 5473 Etenim
1571 5432 1640 5472 ex
1669 5431 1871 5487 vapore
1903 5417 2036 5474 solis

465 5505 519 5560 vi
551 5507 762 5562 elevato
789 5509 844 5562 in
876 5508 1110 5564 mediam
1150 5510 1425 5579 regionem
1463 5508 1606 5564 aeris
1647 5509 1908 5577 paulatim
1939 5508 2038 5562 fri-

469 5608 599 5664 gore
626 5598 801 5653 nubes
820 5599 1277 5669 densantur,quae
1305 5599 1509 5663 calore,
1536 5599 1622 5653 vel
1654 5599 1762 5653 alio
1781 5600 2037 5669 quopiam

473 5683 785 5742 stimulante
818 5689 1121 5759 liquefiunt,
1149 5697 1203 5743 et
1232 5689 1581 5744 resolvuntur
1610 5688 1665 5743 in
1697 5703 1915 5759 aquam,
1939 5689 2037 5744 de-

473 5778 846 5848 scenduntque
895 5780 1257 5838 diversituode
1292 5799 1389 5852 pro
1422 5783 1642 5853 vaporis
1695 5781 2039 5837 dissimilitu-

474 5867 602 5922 dine
637 5886 648 5922 :
683 5871 727 5926 si
769 5873 908 5926 enim
941 5889 1106 5945 vapor
1142 5873 1239 5927 fuit
1272 5877 1466 5944 rarior,
1500 5876 1752 5945 guttatim
1781 5874 2036 5928 dilabun-

2136 4671 2300 4741 θῆρσι
2325 4668 2424 4738 τῆς
2446 4665 2700 4738 ἀληθείας
2723 4661 3064 4733 λαμπόμενε,
3086 4659 3237 4720 τίνας
3260 4657 3466 4727 ἀτμοὺς
3489 4653 3724 4732 αἰτιάσῃ-

2137 4764 2331 4831 νέφους
2357 4757 2740 4830 δημιουργοὺς,
2762 4755 2795 4828 ἢ
2821 4753 2980 4825 ἀέρος
3005 4747 3279 4805 πῦκνωσίν
3301 4763 3444 4811 τινα,
3471 4747 3503 4815 ἢ
3532 4744 3712 4814 νεφῶν

2139 4854 2246 4909 τῶν
2279 4852 2592 4922 μανοτάτων
2626 4848 2801 4916 θλίψιν
2828 4844 2862 4914 ἢ
2895 4841 3189 4915 σύρῥηξινς
3229 4841 3314 4893 ἵνα
3342 4842 3375 4909 ή
3413 4839 3508 4909 μὲν
3533 4835 3712 4906 θλίψις

2142 4947 2225 5000 σοὶ
2257 4945 2356 5016 τὴν
2387 4941 2696 5015 ἀστραπὴν,
2727 4940 2761 5008 ή
2801 4937 2858 4989 δέ
2887 4934 3041 5007 ῥῆξις
3073 4933 3170 5004 τὴν
3210 4931 3436 5003 βροντὴν
3465 4927 3713 5000 ἀπεργά-

2142 5057 2323 5111 σηται,
2349 5039 2499 5090 ποῖον
2549 5034 2607 5087 δὲ
2650 5029 2868 5100 πνεῦμα
2917 5023 3434 5096 στενοχωρούμενον,
3465 5016 3586 5073 εἶτα
3611 5019 3714 5073 οὐκ

2139 5133 2259 5202 ἔχον
2281 5129 2530 5193 διέξοδον,
2550 5126 2638 5179 ἴνα
2665 5120 2916 5194 ἀστράψῃ
2946 5117 3280 5187 θλιϐόμενον,
3316 5114 3410 5167 καὶ
3444 5112 3712 5184 βροντήσῃ

2140 5223 2511 5297 ῥηγνύμενον;
2538 5234 2605 5273 ex
2627 5215 2825 5284 quibus
2849 5214 3027 5266 locum
3046 5206 3312 5264 Eustatbii
3343 5207 3416 5260 ita
3442 5205 3673 5297 restituo
3696 5222 3709 5255 :

2151 5319 2218 5371 Ἦ
2245 5316 2303 5369 δὲ
2333 5312 2528 5386 βροντὴ
2559 5311 2701 5363 κατά
2727 5305 2915 5359 τοῦτον
2942 5305 3034 5356 τὸν
3075 5301 3233 5367 λόγον
3280 5300 3346 5368 τῇ
3395 5295 3714 5370 στερρότητι

2141 5412 2237 5466 καλ¹
2268 5407 2361 5462 τοῦ
2401 5404 2709 5474 πνεύματος
2749 5397 3041 5467 ἀντιτυπία
3078 5395 3306 5464 γίνεται.
3334 5391 3577 5446 Celebris
3612 5388 3718 5442 fuit

2143 5515 2335 5560 eorum
2357 5497 2544 5569 Opinio
2569 5495 2663 5566 qui
2689 5492 3097 5552 existimarunt,
3127 5485 3336 5540 tonitru
3361 5482 3478 5539 fieri
3504 5480 3716 5537 exstin-

2141 5594 2323 5650 ctione
2372 5589 2517 5658 ignis
2556 5585 2796 5641 nubibus
2826 5580 3132 5650 intercepti.
3163 5577 3231 5631 Et
3256 5573 3722 5647 quemadmodum

2140 5688 2348 5744 ferrum
2395 5682 2637 5738 candens
2680 5679 2735 5732 in
2781 5690 2974 5746 aquam
3023 5674 3338 5726 immersum
3381 5666 3598 5731 stridet,
3639 5667 3717 5719 ita

2141 5781 2287 5852 ignis
2308 5778 2418 5834 ille.
2448 5775 2530 5829 vel
2561 5772 2716 5826 stella
2749 5770 2938 5840 ignita,
2964 5774 3024 5820 ut
3054 5763 3381 5834 opinabatur
3421 5759 3716 5852 Epicurus.

2147 5849 2200 5933 in
2233 5871 2429 5928 nubem
2459 5867 2679 5935 delapsa
2707 5861 2996 5918 stridorem
3023 5857 3247 5922 excitat,
3280 5857 3358 5910 sic
3390 5855 3444 5906 in
3477 5849 3717 5907 nubibus
