4112 6412
534 407 641 462 855

531 528 741 591 aspectu
781 515 1125 589 percipiebam
1170 533 1189 570 :

526 614 758 666 scientiae
802 622 990 674 artem,
1035 613 1083 665 si
1111 627 1198 664 ars
1232 611 1340 662 Iure
1373 609 1604 662 vocanda
1643 617 1739 661 est.
1787 606 1990 660 Etenim
2034 616 2093 660 ut

531 701 826 756 Homericis
857 702 967 756 illis
994 702 1226 756 versibus
1246 701 1467 754 relatum
1492 709 1604 753 est:

597 834 749 890 Sicut
776 847 951 890 autem
979 837 1114 890 venti
1132 837 1234 890 duo
1259 847 1472 902 pontum
1492 842 1809 889 commovent
1829 833 2090 900 piscosum

593 906 794 976 Boreas
823 917 872 961 et
901 906 1192 976 Zephyrus,
1221 909 1310 975 qui
1338 924 1364 960 e
1401 906 1624 959 Thracia
1658 906 1863 974 spirant

597 975 821 1029 Ruentes
852 975 1082 1046 repente,
1115 979 1274 1030 simul
1305 993 1422 1028 vero
1451 986 1499 1028 et
1530 976 1669 1046 unda
1700 976 1848 1046 nigra

595 1047 893 1110 Attollitnr,
912 1043 1232 1113 multamque
1263 1057 1414 1099 extra
1444 1061 1587 1098 mare
1620 1043 1793 1115 algam
1821 1043 2086 1111 fundunt:

523 1159 605 1211 ita
655 1158 781 1212 mihi
813 1159 924 1212 lteri
953 1159 1232 1228 contigisse
1267 1159 1468 1212 videtur
1495 1155 1919 1211 :summitatibus
1950 1156 2090 1209 enim

527 1251 781 1303 montium
803 1251 1000 1304 similes
1029 1250 1343 1318 aspiciebam
1377 1248 1567 1311 undas,
1594 1265 1712 1318 quae
1735 1249 1780 1300 si
1810 1248 1979 1301 dicere
2005 1247 2089 1316 fas

523 1352 624 1406 est,
656 1344 826 1412 ipsum
861 1343 1043 1396 caelum
1077 1347 1390 1412 tangebant;
1429 1342 1565 1394 unde
1595 1342 1714 1394 hinc
1755 1350 1956 1393 tantum
1994 1339 2090 1393 hoc

524 1437 911 1504 exspectabam,
943 1437 1238 1488 universam
1268 1437 1465 1488 scilicet
1508 1447 1700 1489 terram
1739 1435 2090 1503 submergen—

521 1528 684 1588 dam;
709 1539 757 1580 et
777 1528 903 1580 mihi
930 1528 1098 1580 locum
1125 1529 1178 1580 in
1206 1545 1306 1598 quo
1333 1545 1412 1581 me
1435 1529 1561 1598 fuga
1588 1529 1884 1595 reciperem,
1913 1527 2088 1578 animo

523 1619 802 1689 ﬁngebam,
834 1629 884 1672 et
920 1619 1157 1673 Noeticte
1187 1637 1326 1673 arca:
1367 1623 1634 1687 exemplar
1668 1619 2085 1673 considerabam.

533 1710 722 1764 Verum
751 1712 1070 1780 exspectatio
1101 1728 1214 1764 mea
1246 1711 1508 1779 frustrata
1530 1723 1628 1764 est.
1661 1710 1833 1764 Simul
1861 1710 1997 1762 enim
2027 1725 2088 1761 ac

426 1833 430 1836 -
522 1818 666 1856 mare
691 1803 960 1867 intumuit,
995 1805 1187 1860 iterum
1212 1803 1319 1857 uice
1345 1820 1495 1856 versa
1533 1803 1760 1873 fractum
1793 1819 1937 1854 mare
1964 1801 2092 1854 dis-

1866 401 2113 458 LEONIS
2151 399 2423 456 ALLATII

1232 525 1282 570 et
1340 515 1638 570 excellentis
1692 533 1754 568 ac
1810 515 2096 585 singularis
2127 521 2168 577 Α
2199 515 2307 569 duo
2329 513 2474 584 globi
2503 512 2866 575 efﬁcerentur,
2901 510 2994 566 sed
3018 510 3091 565 ita
3117 508 3338 564 fuerunt
3365 506 3548 562 omnia
3573 505 3759 576 dispo-

3657 393 3761 451 856

2199 608 2323 671 sita,
2357 618 2412 659 ut
2442 623 2505 659 ex
2547 606 2632 661 his
2672 607 2885 660 duobus
2924 604 3212 674 separatis,
3251 599 3523 671 contiguis
3550 606 3757 661 tamen,

2198 715 2364 752 unum
2393 699 2696 753 elliceretur
2726 699 3042 762 rotundum,
3084 705 3137 750 et
3175 696 3368 765 globus
3408 709 3550 749 unus
3581 693 3760 764 perfe-

2197 790 2498 854 ctissimus,
2535 804 2644 844 non
2680 788 3010 859 geometrica
3041 785 3393 840 rotunditate.
3426 782 3584 849 Quod
3613 783 3759 837 enim

2197 880 2252 934 in
2302 881 2460 951 aquis
2510 880 2839 940 abundabat.
2889 878 2944 932 in
2988 877 3235 930 cavernis
3276 883 3433 930 terra:
3477 875 3759 930 occlusum

2195 979 2298 1034 est,
2329 981 2382 1026 et
2415 973 2468 1026 in
2501 972 2946 1042 profundissimis
2988 971 3222 1024 vallibus
3265 975 3568 1038 receptum,
3613 965 3758 1036 quod

2197 1061 2251 1114 in
2283 1061 2444 1116 terris
2493 1075 2657 1130 super
2710 1075 2879 1130 aquas
2925 1058 3170 1123 emersit,
3222 1058 3276 1112 in
3330 1057 3758 1127 impendentium

2196 1154 2461 1207 montium
2511 1152 2829 1206 altitudines
2884 1159 3194 1221 porrectum
3257 1147 3525 1214 surrexit;
3572 1153 3626 1202 et
3677 1145 3758 1201 sic

2194 1243 2474 1312 mqualiter
2495 1243 2732 1312 undique
2750 1254 2890 1296 terra
2926 1248 2979 1296 et
3001 1257 3154 1312 aqua:
3176 1241 3540 1300 sustinentur,
3559 1246 3609 1291 et
3639 1252 3759 1292 sus-

2195 1337 2391 1398 tinent,
2440 1350 2616 1405 neque
2669 1334 3006 1388 exceduntur
3052 1349 3230 1402 neque
3272 1331 3563 1386 excedunt.
3615 1327 3758 1383 Fieri

2194 1429 2375 1480 tamen
2424 1434 2624 1496 potest,
2669 1435 2728 1480 ut
2780 1426 3240 1496 quemadmodum
3291 1438 3398 1479 una
3439 1439 3566 1494 pars
3599 1431 3758 1478 terra}

2195 1519 2299 1572 alia
2323 1519 2652 1572 eminentior
2683 1525 2788 1582 est,
2811 1519 2916 1571 alia
2948 1518 3051 1570 alia
3078 1518 3408 1586 depressior,
3440 1531 3542 1568 nec
3576 1525 3757 1568 tamen

2195 1619 2393 1665 terram
2416 1625 2540 1664 esse
2565 1611 2854 1664 rotundam
2882 1609 3224 1678 negabimus,
3259 1608 3338 1662 sic
3368 1614 3421 1661 et
3455 1620 3560 1660 una
3584 1605 3755 1674 regio,

2193 1711 2246 1757 et
2280 1704 2431 1758 locus
2469 1705 2540 1758 sit
2575 1704 2695 1772 ipso
2739 1716 2889 1756 mare
2940 1699 3228 1761 humilior,
3279 1699 3354 1752 ita
3397 1704 3457 1752 ut
3496 1698 3540 1750 si
3577 1697 3757 1750 aditus

2195 1805 2402 1868 pateret
2440 1797 2598 1867 aquis
2632 1796 3097 1864 submergeretur,
3131 1794 3303 1846 altera
3351 1791 3512 1844 altior
3540 1797 3592 1843 et
3621 1789 3758 1842 emi-

519 1891 839 1956 solvebatur,
875 1892 1018 1946 ultra
1047 1894 1318 1963 proprium
1354 1896 1522 1947 locum
1549 1909 1651 1947 non
1681 1897 1983 1956 concedens,
2011 1892 2093 1946 di-
2121 1879 2163 1936 Β
2193 1889 2442 1954 acutior;
2498 1886 2956 1958 quemadmodum
3011 1883 3336 1938 Aristoteles
3398 1882 3466 1936 de
3534 1880 3757 1950 regione

522 1985 639 2037 bino
684 1983 934 2054 quodam,
985 1995 1042 2038 ut
1087 1987 1392 2039 summatim
1423 1986 1618 2049 dicam,
1646 1987 1804 2056 jussu
1836 1986 2089 2055 perterri-

517 2083 652 2132 tum.
703 2075 772 2129 Et
800 2077 1239 2148 quemadmodum
1278 2080 1468 2146 swpius
1503 2095 1681 2132 servus
1723 2078 2006 2148 quispiam,
2043 2077 2091 2131 si

524 2169 720 2223 invitus
755 2186 788 2222 a
825 2171 1039 2224 domino
1065 2170 1134 2222 ad
1163 2186 1290 2239 opus
1324 2171 1689 2239 compellatur,
1715 2171 1930 2238 imperio
1959 2171 2092 2239 qui-

519 2261 635 2316 dem
658 2263 844 2316 timore
865 2263 1052 2317 ductus
1090 2264 1260 2329 audit,
1299 2274 1352 2316 at
1386 2263 1522 2334 quod
1553 2263 1715 2326 subit,
1753 2281 1871 2316 cum
1907 2263 2088 2317 nolens

519 2362 666 2422 agat,
702 2353 881 2420 palam
909 2352 1064 2422 effari
1096 2369 1199 2406 non
1236 2369 1398 2406 ausus
1428 2353 1521 2407 sub
1557 2354 1738 2424 lingua
1765 2354 2093 2406 immurmu—

519 2449 630 2507 rat,
672 2443 950 2496 iracundia
992 2442 1293 2497 exardens:
1339 2446 1414 2497 sic
1454 2444 1580 2497 mihi
1619 2442 2002 2512 quodammodo
2039 2452 2089 2498 et

521 2550 668 2588 mare
695 2533 1002 2598 videbatur;
1035 2536 1136 2589 etsi
1164 2535 1301 2588 enim
1349 2536 1430 2589 ira
1469 2534 1802 2604 eﬂerbuerat,
1838 2537 1892 2588 in
1929 2543 2090 2590 semet

521 2627 659 2680 iram
722 2628 1022 2681 continebat
1063 2627 1164 2681 sibi
1218 2627 1392 2696 frenos
1436 2629 1696 2693 injiciens,
1755 2637 1804 2681 et
1857 2627 2088 2697 furorem

517 2732 672 2772 suum
715 2717 940 2770 Domino
991 2717 1330 2786 manifestare
1386 2730 1584 2772 notens.
1648 2716 1876 2786 Reliqua
1924 2717 2088 2784 hujus

518 2809 784 2863 orationis
843 2808 1030 2863 Graeca
1090 2817 1144 2862 et
1205 2808 1397 2862 Latina
1457 2825 1579 2862 cum
1644 2817 1834 2863 nostro
1883 2807 2088 2863 Metho-

520 2900 609 2954 dio
657 2901 820 2956 dabo.
878 2899 1011 2954 Vide
1066 2908 1324 2969 praeterea
1382 2900 1672 2968 Georgium
1725 2898 1960 2955 Pisidcm
2013 2900 2089 2953 De

521 2992 704 3045 mundi
752 2993 984 3061 opiﬁcio,
1032 3000 1085 3046 et.
1129 2991 1392 3046 Joannem
1437 2991 1887 3062 Chrysostomum
1923 3008 2088 3063 super

519 3081 654 3136 illud
699 3080 942 3137 llierem.
977 3095 1098 3151 cap.
1151 3097 1203 3146 v,
1237 3096 1379 3135 vers.
1420 3079 1510 3144 22,
1540 3079 1644 3147 Qui
1680 3080 1831 3148 posui
1869 3095 2086 3132 arenam

521 3173 804 3226 terminum
830 3173 986 3235 mari,
1013 3173 1067 3226 in
1100 3181 1292 3226 catena
1322 3188 1441 3242 qua:
1467 3186 1496 3224 a
1531 3171 1692 3226 nobis
1715 3169 1905 3224 Latina
1943 3169 2084 3224 facta

511 3263 626 3335 jam
656 3273 739 3321 est
765 3266 964 3336 publici
997 3265 1161 3334 juris.

585 3357 702 3412 Col.
725 3357 845 3418 712,
869 3358 962 3412 lin.
986 3358 1075 3412 45.
1109 3355 1260 3408 Ἐπεὶ
1278 3356 1334 3408 τί
1363 3353 1650 3409 ἐκώλυσε.
1677 3352 1912 3409 Basilius
1936 3353 2082 3408 hom.

515 3451 550 3504 4
583 3449 765 3504 ιἘπεὶ
798 3449 850 3500 τί
899 3447 1102 3502 ἐκώλυε
1143 3448 1240 3519 τὴν
1301 3447 1566 3518 Ἐρυθρὰν
1605 3446 1873 3499 θάλασσαν
1907 3448 2086 3499 πᾶσαν

515 3539 613 3612 τὴν
641 3538 913 3607 Αἴγυπτον
943 3539 1256 3610 κοιλοτέραν
1287 3534 1448 3591 οὖσαν
1481 3539 1678 3608 ἑαυτῆς
1711 3538 1974 3604 ἐπελθεῖν,
1993 3539 2087 3592 καὶ

515 3629 847 3700 συναφθῆναι
866 3629 942 3699 τῷ
967 3629 1355 3700 παρακειμένῳ
1381 3632 1447 3699 τῇ
1475 3629 1735 3700 Αἰγύπτῳ
1765 3631 2011 3700 πελάγει,
2035 3630 2085 3682 εί

516 3721 594 3793 μὴ
626 3721 1120 3791 τῷ.προστάγματι
1161 3717 1228 3791 ἦν
1268 3721 1615 3790 πεπεδημένη
1644 3721 1734 3773 τοῦ
1771 3723 2082 3788 κτίσαντος;

516 3814 584 3868 Ει
610 3829 666 3867 1n
697 3813 801 3866 hoc
830 3813 992 3868 etiam
1028 3821 1156 3866 sunt
1185 3814 1463 3866 variantes
1492 3813 1939 3883 philosophorum
1967 3829 2088 3868 sen-

514 3903 719 3958 tentiae.
775 3900 1006 3968 Quidam
1052 3901 1198 3955 enim
1249 3910 1452 3955 terram
1503 3904 1640 3956 mari
1687 3903 2084 3971 deprcssiorem

514 3994 804 4060 allirmant,
849 3992 1181 4047 Catharinus
1231 3991 1298 4044 ad
1354 4006 1473 4061 cap.
1530 4007 1548 4045 1
1611 3991 1830 4055 Gener...
1865 3995 2070 4058 Canus,

514 4087 830 4157 Burgensis,
863 4092 1054 4139 noster
1093 4084 1182 4138 hic
1212 4091 1424 4148 auctor,
1462 4083 1695 4139 Basilius
1723 4092 1776 4138 et
1796 4085 1887 4138 alii
1916 4105 1928 4139 :
1964 4101 2084 4139 eam

514 4180 936 4251 probabiliorem
974 4187 1161 4232 censet
1204 4175 1260 4230 S.
1299 4173 1558 4239 Thomas,
1617 4190 1634 4229 1
1678 4185 1846 4246 part.,
1893 4193 1947 4247 q.
1990 4176 2079 4241 69,

514 4281 618 4323 art.
650 4269 674 4321 1
711 4289 723 4322 :
758 4269 898 4322 idem
931 4280 985 4323 et
1011 4268 1208 4321 Cicero
1243 4267 1528 4323 censuisse
1555 4267 1790 4332 videtur,
1823 4283 1838 4321 1
1873 4267 1944 4321 De
1973 4285 2084 4321 na-

515 4371 636 4414 tura
662 4361 877 4414 deorunt
905 4377 940 4414 11
965 4379 978 4416 :
1012 4359 1182 4425 Mare,
1209 4361 1403 4430 inquit,
1437 4377 1554 4414 cum
1583 4376 1742 4428 supra
1768 4371 1961 4414 terram
1990 4362 2079 4426 sit,

513 4455 742 4508 medium
794 4463 969 4506 tamen
1018 4463 1169 4507 terra:
1222 4455 1392 4506 locum
1449 4463 1688 4522 expetens
1738 4467 2083 4523 congregatur

2113 3218 2158 3278 C

2190 1981 2571 2052 Aig'i'ptiorum
2626 1988 2679 2033 et
2705 1994 2855 2034 mare
2883 1977 3070 2032 Rubro
3101 1983 3359 2046 tanquam
3385 1973 3755 2029 certissimum

2191 2082 2342 2128 notat
2383 2074 2508 2128 libr.
2541 2075 2716 2144 primo
2747 2071 2990 2136 Meteon,
3025 2086 3147 2140 cap.
3181 2071 3404 2134 ultimo;
3439 2077 3493 2121 et
3532 2067 3606 2120 ita
3641 2065 3756 2120 exi-

2191 2167 2353 2220 Stimo
2399 2174 2652 2220 auctores
2691 2180 2832 2235 quos
2879 2178 3046 2233 supra
3085 2161 3362 2216 nominavi
3391 2173 3515 2214 esse
3549 2157 3755 2212 intelli-

2192 2256 2416 2327 gendos,
2449 2260 2737 2325 omniaque
2770 2257 2931 2310 dubia
2963 2265 3017 2309 et
3063 2260 3403 2323 argumenta,
3454 2250 3509 2303 in
3549 2256 3757 2302 utram-

2190 2363 2296 2418 que
2332 2355 2538 2418 partem
2583 2348 2816 2401 adducta
2862 2347 3122 2400 facillimo
3162 2343 3378 2412 negotio
3411 2340 3548 2395 solvi
3579 2359 3590 2393 :
3618 2338 3756 2392 divi-

2189 2456 2425 2510 namque
2481 2441 2807 2511 sapientiam
2852 2447 2906 2493 et
2944 2437 3242 2492 bonitatem
3272 2432 3570 2488 dilucidius
3599 2432 3758 2484 inno-

2189 2539 2419 2598 tescere,
2452 2547 2574 2603 qua:
2598 2532 2779 2587 omnia
2810 2531 2882 2585 ita
2922 2532 2977 2584 in
3008 2528 3247 2600 pondere
3277 2534 3332 2582 et.
3364 2538 3620 2580 mensura
3642 2522 3757 2577 dis-

2187 2622 2392 2693 posuit.

2259 2714 2418 2780 lbid.,
2461 2716 2560 2769 lin.
2605 2715 2696 2770 49.
2738 2715 2865 2766 ’Ότι
2911 2713 2979 2766 δὲ
3015 2712 3236 2780 ἀληθὲς
3282 2710 3478 2764 τοῦτο.
3524 2707 3758 2762 Basilius

2188 2807 2335 2862 ltom.
2396 2805 2430 2861 4
2464 2826 2477 2862 :
2513 2807 2664 2860 Ἑπεὶ
2711 2807 2763 2859 τί
2802 2805 3003 2858 ἐκώλυε
3038 2805 3134 2875 τὴν
3173 2803 3438 2876 Ἐρυθρὰν
3489 2801 3757 2855 Θάλασσαν

2189 2900 2366 2951 πᾶσαν
2400 2899 2500 2971 τὴν
2533 2899 2800 2967 Αἴγυπτον
2832 2897 3141 2967 κοιλοτέραν
3179 2894 3341 2949 οὖσαν
3374 2894 3571 2963 ἑαυτῆς
3606 2891 3758 2946 ἐπελ-

2189 2991 2320 3054 θεῖν,
2356 2991 2448 3044 καὶ⁵
2485 2989 2816 3059 συναφθῆναι
2864 2989 2940 3059 τῷ
2977 2988 3360 3059 παρακειμένῳ
3500 2986 3758 3054 Αἰγύπτῳ

2189 3083 2433 3152 πελάγει,
2463 3085 2511 3136 εί
2555 3081 2628 3152 μὴ
2653 3081 2729 3152 τῷ
2763 3081 3142 3151 προστάγματι
3182 3076 3250 3150 ἦν
3281 3076 3623 3146 πεπεδημένη
3661 3073 3757 3128 τοῦ

2191 3177 2506 3240 κτίσαντος;
2550 3177 2668 3229 Ὅτι
2706 3175 2813 3245 γὰρ
2845 3174 3197 3244 ταπεινοτέρα
3236 3173 3334 3243 τῆς
3370 3169 3630 3242 Ἐρυθρᾶς
3662 3169 3759 3222 θα-

2190 3268 2392 3337 λάσσης
2419 3269 2451 3338 ἡ
2485 3266 2772 3336 Αἴγυπτος,
2793 3266 2935 3338 ἔργῳ
2958 3266 3180 3318 ἔπεισαν
3202 3267 3348 3336 ἡμᾶς
3374 3265 3422 3316 οἱ
3437 3263 3760 3333 θελήσαντες

2185 3359 2430 3429 ἀλλήλοις
2451 3357 2520 3410 τὰ
2547 3357 2756 3426 πελάγη
2791 3356 3043 3425 συνάψαι,
3074 3357 3135 3408 τό
3154 3373 3212 3408 τε
3254 3355 3548 3423 Αίγύπτιον
3577 3356 3670 3408 καὶ
3696 3355 3759 3408 τὺ

2198 3449 2433 3514 Ἰνδικὸν,
2465 3452 2522 3502 ἐν
2563 3443 2607 3516 ᾧ
2647 3451 2680 3520 ὴ
2722 3449 2956 3520 Ἐρυθρὰ
2992 3447 3252 3503 θάλασσα,
3299 3449 3498 3518 Διόπερ
3531 3447 3759 3516 ἐπέσχον

2183 3539 2282 3611 τὴν
2314 3540 2654 3611 ἐπιχείρησιν
2682 3539 2896 3612 πρῶτος
2929 3539 3230 3610 ἀρξάμενος
3266 3540 3571 3610 Σέσωστρις
3604 3541 3633 3591 ὁ
3667 3540 3761 3592 At-

2184 3629 2432 3700 γύπτιος,
2468 3631 2562 3684 καὶ
2599 3633 2627 3684 ό
2671 3631 2807 3702 μετὰ
2840 3631 3012 3684 ταῦτα
3061 3631 3340 3702 βουληθεὶς
3387 3631 3758 3702 ἐπεξεργάσα-

2186 3721 2308 3777 σθαι
2329 3723 2550 3794 Δαρεῖος
2571 3723 2599 3774 ὁ
2623 3724 2822 3794 Μῆδος.
2844 3721 3248 3778 Habueruntab
3277 3725 3569 3782 Aristotele
3598 3727 3690 3780 lib.
3719 3741 3758 3780 ιι

2184 3815 2432 3881 Meteon,
2463 3831 2584 3885 cap.
2611 3817 2724 3869 ult:
2760 3815 2920 3887 Δηλοῖ
2967 3815 3024 3867 δὲ
3065 3815 3125 3868 τὸ
3157 3816 3472 3886 γινόμενονο
3505 3816 3612 3881 Οὓς
3652 3817 3761 3888 γάρ

2185 3925 2363 3978 φαμεν
2387 3907 2777 3978 ἀρχαιοτάτους
2803 3903 3065 3960 εἶναιτῶν
3087 3906 3384 3978 ἀνθρώπων
3405 3909 3758 3977 Αἰγυπτίους,

2181 3999 2385 4053 τούτων
2437 3999 2656 4070 ἠχώρα
2705 4001 2853 4052 πᾶσα
2898 4003 3150 4068 γεγονυῖα
3202 4001 3446 4069 φαίνεται
3494 4003 3586 4054 καὶ
3625 3998 3760 4054 οὖσα

2181 4091 2274 4145 τοῦ
2319 4091 2562 4162 ποταμοῦ
2613 4091 2789 4162 ἔργον,
2823 4092 2932 4143 Καὶ
2959 4092 3116 4144 τοῦτο
3163 4093 3303 4144 κατά
3343 4109 3402 4144 τε
3428 4091 3525 4162 τὴν
3575 4093 3760 4165 χώραν

2184 4184 2351 4254 αὐτὴν
2378 4183 2573 4256 δρῶντι
2604 4182 2758 4253 δῆλόν
2797 4184 2934 4241 ἐστι,
2961 4185 3055 4236 καὶ
3088 4183 3156 4236 τά
3189 4183 3316 4254 περὶ
3353 4183 3450 4254 τὴν
3494 4183 3760 4255 Ἐρυθρὰν

2184 4273 2458 4328 Θάλασσαν
2487 4275 2781 4344 τεκμήριον
2827 4275 3028 4327 ἱκανόν.
3065 4274 3278 4344 Ταύτην
3317 4275 3424 4345 γὰρ
3455 4276 3562 4328 τῶν
3609 4276 3761 4344 βασι-

2181 4364 2314 4418 λέων
2347 4381 2428 4428 τις
2467 4365 2727 4436 ἐπειράθη
2775 4364 3091 4436 διορύττειν.
3126 4367 3200 4419 Ού
3230 4367 3339 4438 γὰρ
3381 4366 3582 4437 μικρὰς
3609 4365 3759 4437 εἶχεν

2182 4455 2247 4512 ἂν
2281 4457 2461 4519 αὐτοῖς
2487 4455 2752 4524 ὠφελείας
2782 4456 2990 4519 πλωτὸς
3016 4456 3160 4520 ἅπας
3180 4457 3208 4509 ό
3237 4449 3397 4519 τόπος
3417 4458 3754 4527 γιγνόμενος.

513 4547 742 4616 undique
769 4545 1064 4615 tequaliter,
1090 4561 1249 4614 neque
1281 4544 1557 4607 redundat,
1591 4561 1750 4615 neque
1769 4545 2078 4614 effunditur.

2188 4548 2413 4616 Λέγεται
2445 4547 2502 4599 δὲ
2543 4545 2776 4617 πρῶτος·
2797 4547 3101 4618 Σέσωστρις
3148 4549 3492 4620 ἐπιχειρῆσαι
3519 4549 3626 4601 τῶν
3653 4565 3764 4601 πα-

514 4638 622 4693 Alii
665 4645 866 4692 terram
896 4653 1018 4693 esse
1050 4653 1200 4692 mare
1235 4638 1506 4700 altiorem,
1558 4646 1619 4691 ut
1660 4637 2083 4708 Chrysostomus

515 4732 663 4787 hom.
685 4731 718 4785 9
741 4730 809 4784 ad
825 4746 946 4800 pop.
965 4730 1236 4796 Antioch.;
1281 4732 1622 4802 Augustinus
1645 4732 1696 4784 in
1715 4730 1852 4800 psal.
1884 4747 2080 4798 cxxxv;

514 4823 879 4894 Hieronymus
905 4823 962 4877 in
1000 4822 1131 4877 illud
1177 4825 1315 4894 psal.
1338 4840 1507 4888 χχχιι,
1531 4822 1860 4894 Congregans
1876 4824 2011 4877 sicut
2029 4825 2083 4877 in

511 4927 629 4970 utre
669 4932 834 4986 aquas
869 4916 1071 4980 maris;
1109 4915 1479 4971 Damascenus
1521 4915 1614 4970 lib.
1650 4931 1685 4970 ιι
1719 4914 1844 4970 Fid.
1874 4915 2078 4970 orthod.

512 5021 632 5076 cap.
656 5005 688 5059 9
714 5017 766 5060 et
797 5006 897 5073 lO;
928 5003 1270 5062 Contarenus
1295 5006 1389 5060 lib.
1419 5021 1454 5060 ll
1478 5005 1554 5059 De
1579 5008 1866 5071 elementis,
1892 5013 1945 5061 et
1966 5007 2079 5060 alii.

513 5097 643 5162 Qua:
682 5097 802 5152 duae
855 5097 1140 5166 Opiniones
1193 5097 1294 5153 etsi
1345 5099 1575 5152 multum
1619 5099 1760 5152 inter
1791 5115 1850 5153 se
1877 5097 2083 5154 distare

513 5181 786 5247 videntur,
827 5197 928 5252 ego
963 5189 1144 5236 tamen
1179 5182 1408 5236 dixerim
1450 5191 1698 5237 neutram
1733 5182 1949 5249 falsam,
1985 5181 2081 5238 sed

512 5272 876 5325 certissimam
901 5279 1190 5341 utramque
1211 5281 1266 5326 et
1288 5287 1493 5336 veram,
1520 5273 1566 5326 si
1596 5288 1704 5327 non
1731 5273 1798 5328 de
1821 5274 2081 5328 universo

513 5371 670 5415 terra:
692 5363 980 5428 elemento,
1011 5379 1188 5433 neque
1211 5379 1384 5434 aqum,-
1415 5363 1510 5419 sed
1550 5373 1704 5434 parte
1729 5365 1964 5435 quadam
1993 5366 2080 5420 in-

511 5453 804 5524 telligatur.
854 5453 1115 5521 Quamvis
1147 5457 1293 5511 enim
1332 5456 1474 5512 Deus
1505 5472 1677 5529 aquas
1719 5465 1922 5512 terram
1963 5473 2081 5512 om-

511 5560 635 5598 nem
666 5562 765 5600 suo
800 5546 947 5602 ﬂuxu
988 5557 1318 5619 occupantes
1345 5559 1624 5620 separatas
1669 5550 1723 5604 in
1763 5566 1932 5604 unum
1964 5551 2079 5605 vel-

514 5636 588 5689 uti
628 5637 830 5702 locum,
861 5648 915 5694 et
970 5643 1256 5698 stationem
1307 5643 1588 5707 detulerit,
1623 5650 1677 5697 et
1710 5649 1854 5696 terra
1893 5658 1988 5697 eas
2024 5643 2079 5697 in

513 5729 735 5796 proprio
759 5729 904 5792 sinu,
935 5747 1166 5785 caverna
1197 5734 1465 5786 duntaxat
1497 5734 1858 5803 amplissima,
1886 5743 2078 5787 mutuo

513 5817 794 5886 complexu
823 5824 1114 5891 exceperit.
1151 5841 1258 5878 non
1305 5833 1486 5879 tamen
1527 5824 1579 5878 id
1612 5826 1685 5878 ita
1727 5825 1974 5894 contigit,
2016 5835 2074 5880 ut

2185 4641 2384 4693 λαιῶν⁶
2430 4638 2544 4691 ἀλλ’
2572 4631 2730 4708 εὗρεν
2777 4639 3111 4710 ὑψηλοτέραν
3157 4637 3319 4694 οὖσαν
3347 4641 3444 4711 τὴν
3491 4640 3741 4694 θάλαττα⁹

2183 4732 2279 4801 τῆς
2313 4731 2434 4801 γῆς.
2469 4729 2558 4782 Διὸ
2593 4730 2796 4793 ἐκεῖνός
2817 4745 2876 4781 τε
2919 4730 3202 4802 πρότερον,
3233 4733 3322 4783 καὶ
3349 4733 3568 4802 Δαρεῖος
3601 4731 3760 4785 ὓστε-

2186 4840 2276 4894 ρον
2298 4821 2570 4874 ἐπαύσατο
2598 4820 2908 4892 διορύττων,
2929 4823 3075 4886 ὅπως
3106 4824 3178 4892 μὴ
3201 4823 3467 4895 διαφθαρῇ
3490 4823 3551 4875 τὸ
3581 4823 3757 4892 ῥεῦμα

2183 4913 2273 4966 τοῦ
2332 4911 2577 4982 ποταμοῦ
2631 4913 2998 4983 συμμιγείσης
3056 4915 3154 4983 τῆς
3200 4914 3488 4984 θαλάττης.
3555 4913 3755 4968 Strabo

2185 5005 2278 5059 lib.
2306 5019 2320 5058 ι
2361 5003 2694 5067 εἈπιθάνως
2719 5005 2774 5057 δέ
2806 5003 2968 5072 λέγω,
2999 5005 3079 5058 ὃτι
3113 5007 3218 5078 πρὸ
3247 5007 3354 5058 τῶν
3385 5006 3644 5077 Τρωῖκῶν
3666 5005 3760 5056 οὺ-

2181 5091 2342 5167 δεμία
2380 5093 2448 5167 ἦν
2474 5095 2692 5168 διώρυξ.
2717 5097 2820 5149 Τὸν
2854 5097 2911 5150 δέ
2954 5098 3376 5170 ἐπιχειρήσαντα
3410 5097 3630 5168 ποιῆσαι
3663 5097 3755 5148 Σέ·

2183 5207 2414 5262 σωστριν
2446 5190 2747 5261 ἀποστῆναί
2781 5208 2931 5261 φασι,
2983 5191 3384 5262 μετεωροτέραν
3420 5191 3754 5244 ὑπολαϐόντα

2179 5281 2278 5352 τὴν
2303 5282 2401 5352 τῆς
2441 5281 2709 5352 θαλάττης
2745 5282 3085 5350 ἐπιφάνειαν.
3118 5283 3183 5336 Et
3207 5281 3302 5336 lib.
3338 5298 3448 5336 xvn
3482 5281 3753 5352 ιἘτμήθη

2179 5372 2237 5424 δὲ
2266 5374 2298 5442 ἡ
2326 5371 2524 5444 διῶρυξ
2548 5372 2827 5445 καταρχὰς
2861 5373 2958 5444 μὲν
2987 5373 3091 5426 ὑπὸ
3123 5370 3460 5444 Σεσώστριος
3507 5373 3613 5444 πρὸ
3642 5371 3751 5424 τῶν

2180 5461 2464 5532 Τρωῑκῶν,
2489 5464 2538 5515 οί
2565 5461 2621 5515 δὲ
2669 5463 2774 5515 ὑπὸ
2821 5462 2915 5515 τοῦ
2953 5463 3322 5534 Ψαμμητίχου
3358 5462 3544 5525 παιδὸς
3591 5460 3754 5533 ἀρξα-

2185 5553 2347 5624 μένου
2383 5555 2563 5625 μόνον,
2611 5551 2730 5609 εἶτα
2775 5555 3084 5618 ἐκλιπόντος
3124 5554 3217 5607 τὸν
3261 5553 3402 5625 βίον·
3446 5553 3668 5624 ὕστερον
3697 5550 3753 5604 δὲ

2181 5643 2285 5696 ὑπὸ
2315 5645 2539 5715 Δαρείου
2563 5645 2658 5698 τοῦ
2683 5645 2895 5717 πρώτου
2921 5645 3302 5716 διαδεξαμένου
3333 5645 3393 5698 τὸ
3419 5644 3546 5713 ὲξῆς
3575 5644 3753 5714 ἔργον.

2181 5735 2283 5789 Καὶ
2327 5734 2478 5800 οὗτος
2501 5737 2578 5800 δὲ,
2607 5738 2733 5811 δόξῃ
2762 5738 2946 5806 ψευδεῖ
2986 5738 3250 5802 πεισθεὶς,
3282 5739 3459 5808 ἀφῆκε
3491 5738 3549 5789 τὸ
3596 5735 3755 5809 ἔργον

2181 5830 2308 5899 περὶ
2358 5829 2663 5884 συντέλειαν
2709 5830 2829 5904 ἤδη.
2874 5830 3128 5903 Ἐπείσθη
3183 5831 3290 5902 γὰρ
3350 5827 3755 5900 μετεωροτέραν
