4112 6406
331 393 436 450 85⁸1

1356 385 1420 439 ΞΝ
1463 385 1831 442 ΕΕΞΤᾹΤΗΠ
1870 385 2345 442 IIEXAEMERON
2383 387 2611 446 ΝΟΤᾹΞ.

3455 397 3558 452 858

327 502 465 559 εῖναι
513 504 610 574 τὴν
655 501 916 572 Ἐρυθρὰν
961 501 1225 554 θάλατταν
1258 499 1356 570 τῆς
1391 501 1686 569 Αἰγύπτου,
1715 504 1809 556 καὶ
1844 504 1883 554 εἰ

1996 500 2225 572 Reliqua
2277 503 2393 572 lege
2433 503 2576 572 apud
2627 504 2838 573 ipsum;
2879 505 2994 575 lege
3045 515 3306 576 praeterea
3358 509 3561 566 Macro-

327 597 607 668 διακοπείη
643 597 749 658 πᾶς
771 597 799 647 ὁ
831 593 1029 666 μεταξὺ
1062 593 1268 665 ἰσθμὸς,
1305 594 1793 666 ὲπικλυσθήσεσθαι
1820 599 1884 667 τῇ

328 688 564 762 θαλάττῃ
613 688 712 758 τὴν
757 689 1051 756 Αἴγυπτον.
1084 685 1151 739 Hi
1201 695 1383 739 tamen
1435 685 1764 741 dissentiunt
1820 687 1888 740 ab

327 779 624 846 Herodoto,
658 781 750 850 qui
802 795 992 834 omnes
1021 778 1200 833 fossas
1244 787 1298 832 et
1348 778 1602 849 dioryges
1645 794 1674 831 a
1723 778 1887 833 Seso-

327 872 496 927 stride
519 870 690 926 fuisse
715 869 940 925 eﬂ‘ossas
975 875 1165 922 auctor
1187 876 1292 931 est,
1326 867 1422 922 sed
1451 868 1518 921 de
1547 868 1648 920 hac
1675 883 1740 922 ne
1776 884 1888 922 ver-

324 963 454 1017 bum
481 963 721 1034 quidem,
755 962 846 1017 sed
877 962 997 1032 ejus
1037 961 1380 1016 eﬂ‘ossionem
1416 960 1624 1021 tribuit,
1688 959 1781 1012 lib.
1825 974 1884 1023 ιι,

324 1051 724 1109 Psammeticho
750 1054 884 1122 regi,
919 1055 1011 1122 qni
1043 1053 1228 1107 multis
1253 1060 1374 1122 post
1409 1051 1697 1105 Sesostrim
1731 1053 1886 1107 annis

324 1146 459 1199 vixit
485 1165 496 1199 :
536 1145 904 1216 Ψαμμητίχου
933 1145 988 1198 δὲ
1012 1143 1201 1207 Νεκὼς
1234 1147 1363 1206 παῖς
1391 1143 1624 1211 ἐγένετο,
1649 1144 1741 1196 καὶ
1760 1143 1886 1196 ἐϐα-

326 1236 502 1288 σίλευε
534 1235 828 1304 Αἰγύπτου,
868 1237 926 1298 ὃς
959 1239 1024 1307 τῇ
1056 1233 1278 1307 διώρυχι
1308 1235 1632 1305 ἐπεχείρησε
1675 1235 1887 1306 πρῶτος

321 1330 390 1398 τῇ
432 1329 512 1390 εἰς
551 1327 810 1399 Ἐρυθρὰν
849 1327 1118 1381 Θάλασσαν
1161 1326 1417 1399 φερούσῃ,
1466 1327 1562 1398 τὴν
1601 1329 1819 1398 Δαρεῖος
1859 1330 1887 1380 ὁ

323 1419 539 1490 Πέρσης
566 1419 794 1491 δεύτερα
829 1419 1076 1490 διώρυξε.
1110 1417 1254 1474 Idem
1301 1418 1531 1473 habetur
1579 1420 1717 1488 apud
1755 1420 1885 1472 Dio-

321 1505 530 1562 dorum.
589 1507 744 1562 Unde
790 1507 1066 1562 immerito
1116 1507 1536 1577 reprehenditur
1582 1525 1611 1561 a
1667 1509 1885 1563 Pererio

320 1596 559 1653 Basilius
596 1598 762 1652 veluti
811 1599 1070 1653 memoria
1125 1599 1333 1667 lapsus,
1374 1609 1466 1652 aut
1493 1600 1743 1653 mendum
1767 1602 1884 1670 ejus

321 1690 544 1758 scriptis
571 1690 787 1744 aliunde
815 1690 1118 1759 irrepsisse.

381 1780 500 1834 Col.
523 1780 649 1844 712,
671 1781 766 1834 lin.
795 1781 881 1835 55.
912 1781 1020 1834 Kal
1035 1781 1121 1850 μὴ
1152 1781 1270 1835 ἀπὸ
1290 1782 1510 1858 ταύτης
1529 1781 1748 1849 ἄλλην.
1780 1781 1883 1835 Ba-

318 1872 479 1927 silius
503 1872 650 1926 hom.
685 1873 719 1926 4
751 1890 765 1928 :
801 1872 1083 1925 Τουτέστιν
1112 1872 1244 1942 ἄλλη
1283 1873 1391 1926 άπὸ
1413 1856 1614 1943 ταύτης
1641 1873 1715 1944 μὴ
1751 1875 1882 1926 ἀπο-
1916 1856 1954 1908 Β

317 1963 621 2034 γενηθήτω,
648 1962 760 2017 ἀλλ’
790 1965 847 2017 ὲν
879 1967 943 2034 τῇ
979 1962 1169 2036 πρώτῃ
1203 1964 1428 2035 συλλογῇ
1459 1965 1804 2035 ἀπομεινάτω
1828 1965 1887 2018 τὸ

318 2055 699 2126 συναγόμενον.

389 2148 551 2213 lbid.,
583 2148 680 2203 lin.
709 2147 798 2202 56.
829 2145 1034 2201 IIon
1066 2146 1176 2216 γὰρ
1218 2140 1317 2216 ἦν.
1349 2145 1584 2201 Basilius
1616 2147 1760 2202 bom.
1805 2149 1839 2202 4
1868 2167 1880 2203 :

320 2240 555 2294 Ἔπειτα
581 2241 608 2292 ό
638 2237 806 2292 εἰπὼν
826 2237 1152 2307 συναχθῆναι
1178 2236 1246 2290 τά
1266 2236 1434 2292 ὕδατα
1459 2241 1536 2303 εἰς
1567 2241 1886 2312 συναγωγὴν

319 2331 472 2403 μίαν,
505 2330 669 2395 ἑδειξέ
710 2347 812 2393 σοι,
849 2331 930 2383 ὅτι
970 2329 1138 2382 πολλὰ
1167 2325 1235 2400 ἦν
1257 2331 1395 2384 κατά
1437 2330 1661 2394 πολλοὺς
1688 2333 1886 2396 τόπους

313 2423 620 2496 διῃρημένα
639 2421 705 2475 τὰ
733 2421 919 2475 ὑδατα.
950 2422 1020 2474 Αἵ
1040 2439 1100 2474 τε
1142 2420 1252 2492 γάρ
1274 2421 1380 2474 τῶν
1414 2423 1554 2494 ὀρῶν
1579 2423 1887 2494 κοιλότητες

315 2512 558 2583 φάραγξι
609 2512 848 2582 βαθείαις
893 2512 1302 2584 ὑπερῤηγμέναι
1341 2509 1483 2584 εἶχον
1531 2514 1636 2566 τῶν
1680 2514 1885 2567 ὑδάτων

312 2606 417 2677 τὴν
452 2605 731 2676 συλλογήν.
777 2605 854 2659 Ex
889 2606 1088 2675 quibus
1138 2606 1259 2659 loco
1297 2605 1424 2658 huic
1469 2606 1660 2660 mutilo
1709 2621 1885 2661 reme-

313 2694 492 2759 dium,
537 2695 610 2748 ita
642 2695 786 2750 enim
819 2697 1046 2750 restitue
1081 2716 1093 2750 :
1127 2695 1303 2749 Πολλά
1350 2692 1443 2750 οὖν
1483 2697 1624 2750 κατὰ
1659 2697 1887 2761 πολλοὺς

311 2785 513 2850 τόπους
539 2786 837 2860 διῃρημένα
869 2787 937 2841 τὰ
965 2787 1148 2842 ὕδατα.
1177 2790 1246 2843 Αἰ
1261 2806 1321 2842 τε
1350 2789 1458 2860 γὰρ
1478 2791 1586 2843 τῶν
1614 2790 1754 2863 ὀρῶν
1780 2809 1886 2844 κοι-

312 2876 536 2948 λότητες
578 2873 719 2948 εἰχον
765 2877 870 2932 τῶν
911 2879 1115 2934 ὑδάτων
1142 2881 1238 2952 τὴν
1272 2881 1535 2953 συλλογὴν
1570 2884 1662 2936 καὶ
1696 2884 1750 2936 αἰ
1778 2883 1882 2953 φά-

315 2988 540 3044 ραγγεςο

385 3060 500 3114 Col.
534 3059 655 3122 7l5,
688 3059 782 3114 lin.
813 3061 866 3114 5.
905 3061 1050 3128 Τοὺς
1081 3063 1350 3129 κόλπους
1387 3063 1684 3131 σημαίνει.
1730 3064 1886 3121 Basi-

1989 591 2137 645 bium
2189 591 2556 646 Salurnalium
2598 592 2692 648 lib.
2741 608 2840 658 vn,
2888 593 3143 662 Plinium,
3199 596 3557 669 Pomponium

1990 685 2205 752 Melam,
2240 686 2511 750 Solinum,
2539 685 2884 751 Strabonem,
2911 698 2963 742 et
2994 690 3151 745 alios.

2060 779 2222 845 lbid.,
2274 779 2372 833 lin.
2423 780 2474 833 7.
2511 781 2593 832 Οὐ
2635 780 2705 832 τὰ
2747 782 3006 848 τυχόντα
3047 781 3115 833 δὲ
3151 782 3270 837 τῶν
3303 784 3557 839 ὑδάτων.

1988 868 2188 924 Fusius
2218 871 2320 924 boc
2355 870 2496 924 idem
2522 867 2754 924 Basilius
2791 869 2937 924 hom.
2990 871 3024 923 4
3060 890 3072 924 :
3113 873 3186 924 Οὑ
3236 872 3344 943 γὰρ
3389 875 3559 944 δήπου

1988 965 2082 1016 καὶ
2112 964 2178 1016 τὰ
2206 963 2548 1033 τελματιαία,
2603 965 2696 1017 καὶ
2740 963 2807 1014 τά
2840 961 2898 1026 ἐξ
2944 961 3165 1032 ὃμερων
3209 965 3561 1036 συναθροιζό-

1991 1072 2124 1125 μενα
2157 1055 2450 1125 προφέρειν
2494 1056 2624 1125 ἡμῖν
2667 1053 2956 1120 ὀφείλουσι,
2986 1053 3080 1105 καί
3117 1051 3204 1105 διὰ
3236 1053 3437 1108 τούτων
3471 1057 3564 1108 τὸν

1987 1149 2143 1216 λόγον
2191 1149 2346 1219 ἡμῶν
2396 1148 2643 1217 ἐλέγχειν
2688 1145 2926 1197 οἱέσθαιο
2962 1143 3096 1196 ἀλλὰ
3132 1144 3231 1214 τὴν
3276 1147 3562 1217 μεγίστην,

1986 1243 2080 1294 καὶ
2109 1241 2444 1310 τελεωτάτην
2459 1238 2761 1310 συνδρομὴν
2777 1237 2884 1289 τῶν
2915 1239 3120 1291 ὑδάτων
3143 1238 3396 1310 ὠνόμασε
3431 1257 3562 1291 συν-

1987 1332 2204 1403 αγωγὴν
2265 1333 2413 1402 μίαν.
2448 1333 2556 1383 Καὶ
2589 1331 2696 1401 γὰρ
2741 1330 2809 1382 τὰ
2842 1331 3049 1399 φρέατα
3081 1333 3393 1399 συναγωγαὶ
3435 1331 3563 1384 ὑδὰ-
3609 1394 3615 1407 ι

1984 1443 2092 1480 των
2121 1429 2227 1480 εἰσί⁵
2255 1426 2638 1498 χειροποίητοι,
2689 1425 2779 1477 καὶ
2811 1425 2872 1476 τὸ
2912 1423 3190 1477 κοιλανθὲν
3215 1427 3314 1495 τῆς
3343 1427 3444 1496 γῆς
3462 1427 3562 1497 τῆς

1985 1515 2393 1587 ὲνεσπαρμένης
2426 1515 2624 1575 νοτίδος
2652 1512 3028 1584 ἐπιρρεούσης.
3061 1514 3134 1565 Οὑ
3167 1513 3344 1565 τοίνυν
3375 1514 3442 1566 τὰ
3468 1532 3560 1567 τυ-

1983 1606 2146 1676 χόντα
2176 1605 2283 1657 τῶν
2313 1605 2517 1656 ὑδάτων
2544 1603 2888 1674 ἀθροίσματα
2917 1605 2948 1671 ἡ
2984 1603 3082 1672 τῆς
3109 1605 3426 1674 συναγωγῆς
3459 1606 3559 1675 ἐμμ-

1985 1697 2163 1767 φαίνει
2186 1695 2543 1768 προσηγορία,
2565 1693 2701 1746 ἀλλὰ
2729 1693 2824 1763 τὴν
2847 1693 3131 1762 ἐξέχουσαν
3157 1694 3248 1747 καὶ
3273 1695 3553 1766 μεγίστην,

1985 1793 2042 1844 ὲν
2137 1791 2244 1843 πᾶν
2265 1789 2326 1841 τὸ
2358 1791 2618 1858 στοιχεῖον
2664 1789 2856 1857 ἀθρόον
2883 1786 3264 1840 διαδείκνυται.
3291 1785 3366 1840 .Ut
3407 1788 3553 1842 enim

1987 1888 2200 1936 vastam
2239 1882 2385 1935 illam
2417 1881 2584 1935 maris
2618 1880 2811 1933 molem
2858 1877 3110 1940 elﬁceret,
3144 1893 3252 1932 non
3295 1894 3554 1948 quaecun-

1987 1989 2095 2043 que
2127 1988 2235 2034 res,
2269 1972 2363 2027 sed
2406 1971 2660 2040 grandes,
2691 1979 2744 2025 et
2786 1971 3065 2024 immensae
3115 1970 3556 2037 requirebantur.

1987 2064 2126 2130 Quid
2172 2063 2317 2120 stilla
2362 2062 2428 2116 ad
2459 2070 2665 2116 tantam
2718 2075 2984 2130 aquarum
3031 2059 3399 2114 illuviem?Et
3446 2060 3558 2114 hate

1986 2155 2260 2210 sententia
2309 2154 2410 2208 fuit
2458 2155 2618 2209 etiam
2673 2152 2840 2205 Arist.
2893 2151 2985 2204 lib.
3041 2165 3078 2202 ιι
3121 2148 3340 2206 Mereor.
3383 2149 3562 2218 Atque

1985 2246 2172 2300 omnia
2209 2245 2428 2316 quidem
2457 2244 2652 2309 maria,
2682 2253 2834 2297 extra
2873 2257 3090 2295 omnem
3127 2243 3556 2295 controversiam

1984 2351 2109 2392 cum
2141 2335 2359 2390 Oceano
2405 2335 2666 2389 continua
2708 2341 2857 2398 sunt,
2896 2342 3092 2401 praeter
3120 2344 3271 2385 mare
3299 2328 3558 2399 Caspium

1983 2427 2051 2483 de
2078 2443 2188 2498 quo
2213 2442 2321 2481 non
2354 2426 2488 2481 satis
2511 2424 2766 2479 convenit
2796 2423 2940 2478 inter
2969 2431 3244 2478 auctores.

2055 2519 2215 2582 lbid.,
2267 2520 2362 2574 lin.
2429 2519 2512 2572 Η.
2561 2518 2784 2584 Ὥσπερ
2838 2515 2948 2584 γὰρ
3001 2515 3068 2568 τό
3120 2515 3260 2583 πῦρ.
3323 2513 3560 2569 Basilius

1983 2611 2132 2666 hom.
2163 2612 2236 2664 4:
2273 2611 2482 2679 ’Ὠσπερ
2527 2607 2636 2680 γάρ
2673 2608 2734 2660 τὸ
2777 2606 2888 2676 πῦρ
2924 2606 3018 2658 καὶ
3066 2607 3145 2668 εἰς
3173 2605 3345 2676 μικρά
3387 2623 3559 2659 κατα-

1981 2721 2044 2756 κε
2055 2703 2417 2774 ρματισμένον
2443 2701 2590 2754 ἐστὶν
2611 2700 2704 2753 ἐπὶ
2733 2700 2832 2770 τῆς
2880 2693 2982 2750 ὦδε
3010 2699 3220 2768 χρείας,
3253 2700 3347 2752 καὶ
3366 2699 3561 2771 ἀθρόον

1987 2792 2084 2844 ἐπὶ
2109 2791 2203 2844 τοῦ
2225 2791 2438 2862 αἰθέρος
2461 2790 2706 2858 κέχυται·
2738 2789 2831 2840 καὶ
2847 2788 2875 2838 ὁ
2904 2787 3037 2857 Ἀὴρ
3057 2788 3309 2858 διῄρηται
3341 2790 3436 2858 μὲν
3467 2789 3562 2841 καὶ

1980 2884 2122 2938 κατὰ
2147 2883 2317 2954 μικρά
2338 2883 2430 2934 καὶ
2449 2881 2513 2934 ἀθ
2524 2881 2658 2952 ρόως
2677 2881 2734 2933 δὲ
2767 2878 2858 2934 τὸν
2877 2881 3068 2950 περίγε
3079 2897 3154 2932 ιον
3171 2882 3305 2933 ὲκπε
3313 2881 3562 2952 ριείληφε

1979 2973 2144 3026 τόπον
2163 2989 2176 3003 ·
2191 2971 2333 3024 οὑτω
2349 2973 2444 3024 καὶ
2461 2969 2550 3022 ἐπὶ
2565 2967 2660 3022 τοῦ
2680 2969 2893 3032 ὓδατος,
2913 2970 2960 3021 εἰ
2979 2970 3075 3022 καὶ
3097 2970 3444 3042 μικραίτινές
3455 2972 3562 3024 εἰσι

1981 3053 2304 3133 διῃρημέναι
2350 3063 2656 3125 συστάσεις,
2695 3059 2831 3114 ἀλλὰ
2876 3061 2974 3131 μία
3003 3078 3068 3128 γε
3113 3063 3408 3133 συναγωγὴ
3438 3063 3471 3132 ή
3501 3062 3564 3115 τὸ

314 3154 421 3208 lius
454 3153 601 3207 hom.
623 3152 656 3206 οἱ
683 3171 696 3208 :
728 3152 808 3206 Τὰ
828 3152 885 3206 δὲ
917 3156 1234 3225 συστήματα
1250 3154 1356 3207 τῶν
1381 3155 1608 3221 ὑδάτων,
1635 3157 1879 3210 τουτέστι

1982 3151 2100 3206 ὅλον
2134 3152 2392 3220 στοιχεῖον
2423 3149 2532 3202 τῶν
2579 3149 2782 3202 λοιπῶν
2829 3151 3192 3221 ἁποκρίνασα.
3249 3150 3375 3206 llaec
3418 3152 3567 3222 ignis-

312 3247 436 3309 τοὺς
465 3246 696 3308 κόλπους
733 3245 859 3309 τοὺς
890 3246 1033 3298 κατά
1075 3246 1202 3299 ἴδιον
1237 3248 1419 3317 σχῆμα
1464 3248 1567 3300 ὑπὸ
1591 3251 1688 3320 τῆς
1727 3266 1882 3320 περι-

313 3339 570 3406 κειμένης
622 3335 725 3405 γῆς
779 3335 1222 3404 ἀπολειφθέντας,
1275 3335 1548 3400 θαλάσσας
1596 3341 1625 3392 ό
1677 3339 1880 3411 Κύριος

313 3426 720 3496 προσηγόρευσε
745 3441 758 3455 ·
792 3425 1032 3479 θάλασσα
1082 3427 1319 3496 Βόρειος,
1370 3427 1610 3482 θάλασσα
1653 3429 1876 3494 Νότιος,

323 3515 467 3587 Ἐῴα
493 3517 754 3580 θάλασσα,
785 3517 880 3570 καὶ
921 3516 1182 3588 Ἑσπερία
1223 3518 1385 3570 πάλιν
1413 3519 1593 3589 ἑτέρα.
1631 3520 1738 3573 Καὶ
1761 3520 1877 3572 ὀνό-

314 3624 463 3678 ματα
497 3607 604 3662 τῶν
649 3608 898 3676 πελαγῶν
934 3608 1196 3672 ἰδιάζοντα
1245 3609 1445 3674 Πόντος
1480 3610 1750 3677 Εὔξεινος,
1782 3614 1877 3666 καὶ

311 3701 664 3772 Προπόντιος,
733 3701 1148 3772 Ἑλλήσποντος,
1211 3704 1433 3771 Αἰγαῖος
1487 3705 1580 3758 καὶ
1657 3705 1836 3770 Ἰόνιος
1862 3747 1877 3770 ,

309 3795 634 3864 Σαρδονικὸν
692 3796 956 3865 πέλαγος,
1007 3799 1102 3850 καὶ
1150 3798 1470 3860 Σικελικὸν,
1515 3799 1610 3852 καὶ
1669 3799 1880 3871 Τυρρη-

309 3886 462 3938 νικὸν
518 3885 734 3956 ἕτερον,
791 3886 884 3940 καὶ
931 3888 1097 3958 μυρία
1140 3904 1203 3957 γε
1247 3887 1484 3958 ὀνόματα
1535 3887 1808 3957 πελαγῶν,
1842 3891 1878 3945 δι

313 3974 524 4046 μακρὸν
546 3975 610 4028 ἂν
635 3976 719 4048 εἴη
751 3977 843 4030 καὶ
863 3977 1249 4047 ἀπειροκαλίας
1279 3978 1470 4048 μεστὸν
1502 3978 1568 4031 δι’
1598 3981 1878 4053 ἀκριϐείας

309 4071 820 4142 ἀπαριθμήσασθαι.
866 4073 1162 4144 Gregorius
1205 4075 1437 4145 Cyprius
1482 4075 1535 4129 in
1566 4074 1736 4128 Maris
1788 4091 1880 4128 en-

309 4164 480 4216 comio
505 4163 782 4227 εΚόλπους
823 4165 921 4235 μὲν
954 4165 1246 4230 πολυειδεῖς
1274 4167 1656 4227 ἀναλίσσουσα,
1682 4169 1878 4236 νήσους

306 4257 364 4309 δὲ
398 4252 464 4310 αὖ
492 4259 556 4310 ὲκ
590 4257 759 4329 μέσης
790 4257 988 4329 μικρὰς
1025 4258 1120 4311 καὶ
1150 4256 1366 4329 μείζους
1407 4258 1748 4324 ἀναδιδοῦσα,
1784 4259 1879 4311 καί

306 4349 588 4421 πορθμοὺς
620 4350 678 4402 ὲν
729 4349 896 4420 στενῷ
925 4351 1004 4413 είς
1048 4347 1208 4421 μέσον
1249 4351 1531 4422 διήκοντας
1574 4350 1879 4424 ἀπεργαξοο

309 4441 472 4512 μένη,
515 4439 598 4504 τίς
625 4440 691 4495 ἂν
721 4440 876 4510 λόγος
911 4441 1145 4514 μετρίως
1173 4443 1346 4495 εἰπεῖν
1385 4443 1706 4514 ἀποχρήσοι.
1748 4441 1878 4508 Quae

1983 3241 2307 3304 similitudo,
2341 3240 2592 3310 quamvis
2631 3255 2743 3295 rem
2775 3240 2843 3294 de
2876 3256 2983 3308 qua
3020 3256 3204 3294 sermo
3225 3249 3307 3295 est
3339 3241 3562 3296 institu-

1981 3341 2069 3388 tus
2098 3332 2384 3387 commode
2425 3331 2679 3400 explicet,
2712 3346 2821 3384 non
2859 3338 3042 3384 tamen
3073 3331 3127 3384 in
3156 3331 3414 3387 omnibus
3443 3333 3561 3387 suis

1981 3425 2227 3494 partibus
2260 3438 2383 3478 esse
2409 3438 2592 3477 veram
2629 3423 2940 3492 opinamur.
2971 3422 3142 3490 Aquae
3172 3437 3410 3491 namque
3437 3439 3560 3493 qum

1980 3514 2037 3568 in
2068 3513 2379 3583 paludibus,
2417 3514 2664 3578 lacubus,
2706 3513 2935 3581 aliisque
2973 3514 3107 3569 locis
3146 3513 3380 3578 ﬂuitant,
3413 3515 3559 3584 ejus-

1980 3605 2102 3660 dem
2137 3613 2264 3660 sunt
2300 3604 2532 3659 rationis
2561 3612 2615 3659 et
2658 3616 2867 3658 naturae
2905 3619 3028 3659 cum
3053 3607 3327 3661 elemento
3359 3623 3557 3677 aqueo.

1979 3706 2033 3754 et
2069 3700 2121 3752 in
2167 3698 2278 3752 ullo
2322 3698 2430 3752 alio
2456 3697 2561 3752 nisi
2596 3698 2736 3761 loco,
2778 3691 3086 3766 sapore,'et
3126 3700 3372 3769 pondere
3403 3701 3576 3758 ditio--

1981 3800 2110 3846 runt
2138 3809 2153 3858 ;
2185 3790 2328 3860 ignis
2367 3797 2550 3844 autem
2584 3805 2694 3859 quo
2730 3790 2935 3844 utimur
2965 3805 3066 3846 nos
3095 3791 3239 3845 infra
3278 3793 3556 3864 regionem

1981 3885 2124 3936 aeris
2155 3895 2266 3936 non
2301 3889 2385 3936 est
2414 3880 2661 3950 ejusdem
2690 3879 2879 3935 forma:
2917 3895 3042 3936 cum
3090 3883 3184 3936 illo
3215 3883 3554 3950 elementari,

1980 3988 2106 4028 cum
2150 3980 2338 4027 noster
2379 3972 2648 4042 impurior
2681 3972 2754 4026 sit
2789 3980 2843 4028 et
2871 3974 3135 4039 crassior,
3165 3981 3220 4028 et
3247 3975 3368 4032 ideo
3397 3975 3559 4030 lumi-

1979 4065 2188 4130 nosior,
2218 4078 2322 4119 nec
2366 4065 2513 4118 illam
2550 4065 2848 4120 siccitatem
2889 4072 2944 4120 et
2982 4065 3221 4120 calorem
3257 4066 3310 4120 in
3359 4082 3417 4122 se
3458 4067 3558 4122 ba-

1979 4155 2090 4222 bet,
2125 4172 2285 4226 quem
2333 4147 2474 4226 ignis
2508 4156 2877 4220 elementaris,
2914 4157 3009 4210 sed
3043 4157 3199 4224 longe
3221 4155 3436 4212 diversa
3467 4174 3556 4212 ra-

1978 4248 2127 4304 tione
2159 4248 2334 4311 ardet,
2369 4258 2421 4304 et
2447 4249 2742 4312 comburit,
2790 4262 3032 4316 suosque
3062 4255 3283 4316 praestat
3305 4247 3552 4304 effectus.

2049 4338 2212 4406 lbid.,
2255 4341 2352 4394 lin.
2402 4341 2489 4395 15.
2533 4338 2702 4408 Πηγὴ
2897 4339 3028 4391 ἐστι
3071 4337 3180 4406 τῆς
3236 4338 3368 4406 περὶ
3413 4339 3550 4408 γῆν.

1979 4429 2180 4486 Eadem
2213 4431 2377 4485 habet
2401 4429 2636 4485 Basilius
2663 4429 2810 4483 hom.
2832 4428 2887 4490 4,
2917 4435 2973 4480 ct
3001 4425 3295 4496 Gregorius
3319 4427 3553 4498 Cyprius

305 4534 494 4589 omnia
545 4532 947 4603 elegantissime
993 4531 1286 4603 Dionysius
1340 4533 1740 4589 Alexandrinus
1799 4533 1877 4587 De

1982 4525 2036 4578 in
2053 4521 2226 4578 Maris
2245 4523 2513 4577 encomio:
2539 4524 2735 4592 Μήτηρ
2756 4521 2811 4573 δὲ
2831 4518 2922 4574 τοῦ
2940 4519 3142 4584 παντὸς
3167 4519 3375 4584 ὓδατος,
3391 4537 3554 4591 προσ-

305 4625 414 4679 εἱιιι
442 4623 608 4688 orbis,
631 4638 751 4693 qua
780 4623 908 4693 quia
937 4624 1328 4680 Commentarii
1355 4625 1478 4679 loco
1495 4640 1618 4682 esse
1646 4634 1878 4697 possunt

303 4732 418 4772 non
453 4715 724 4788 gravabor
757 4715 1032 4771 ascribere
1055 4734 1069 4770 :

374 4826 578 4898 Πάντη
617 4827 669 4898 δ’
702 4825 1006 4898 ἀκαμάτου
1045 4828 1280 4898 φέρεται
1300 4824 1445 4896 ῥόος
1470 4828 1753 4881 ὠκεανοῖο

305 4893 411 4964 Εἷς
437 4893 716 4967 μὲνέὼν,
747 4893 1015 4966 πολλῇσι
1035 4893 1085 4950 δ’
1116 4893 1532 4966 ’ἐπωνυμίῃσιν
1553 4898 1801 4966 ἀρηρώς.

308 4971 468 5036 Ἦτοι
494 4971 527 5021 ό
549 4968 665 5036 μὲν
692 4967 931 5036 ,λοκροῖο
968 4970 1104 5034 παρ’
1143 4967 1435 5036 ἐσχατιὴν
1465 4968 1730 5036 ζεφύροιο

309 5031 533 5103 ’Ἄτλας
549 5031 838 5107 ’ἑσπέριος
869 5031 1258 5103 κικλήσκεται
1279 5055 1291 5067 ⁸
1320 5031 1506 5107 αὐτὰρ
1522 5031 1792 5104 ’ὕπερθεν

303 5108 460 5174 Πρός
477 5108 721 5176 βορέην,
749 5110 849 5162 ἵνα
867 5108 1074 5172 παῖδες
1092 5108 1452 5176 ἀρειμανέων
1484 5107 1872 5176 Ἀριμασπῶν,

304 5181 540 5232 Πόντον
561 5197 688 5248 μινκ
701 5179 986 5234 καλέουσι
1023 5181 1326 5248 πεπηγότα
1361 5195 1443 5238 τε,
1481 5179 1722 5246 κρόνιόν
1751 5194 1832 5230 τε.

308 5249 519 5318 Ἄλλοι
534 5245 585 5300 δ’
613 5245 690 5304 αὖ
708 5250 806 5305 καὶ
820 5249 1037 5318 νεκρόν
1050 5245 1373 5318 ἐφήμισαν,
1386 5245 1580 5302 οὕνεκ’
1601 5249 1872 5316 ἀφαυροῦ

317 5315 573 5389 Ἠελίου.
603 5318 856 5386 Βράδιον
874 5315 987 5389 γὰρ
1017 5315 1192 5387 ὑπεὶρ
1220 5319 1338 5374 ἅλα
1368 5319 1480 5384 τήν
1517 5319 1584 5372 δε
1622 5315 1870 5387 φαείνει,

303 5387 427 5440 Αἰεί
443 5386 530 5459 -δὲ
551 5390 852 5459 μσκιεροῒσι
877 5386 1204 5459 παχύνεται
1226 5391 1294 5442 ὲν
1316 5386 1668 5458 νεφέλῃσιν.

303 5455 502 5528 Αὐτὰρ
539 5456 625 5511 ὅθι
650 5455 946 5527 πρώτιστα
962 5455 1274 5528 ⁷φαείνεται
1301 5455 1704 5528 ἀνθρώποισιν

315 5525 503 5600 ξΗῷον
520 5525 810 5600 ναλέουσι
841 5530 939 5582 καὶ
974 5525 1237 5584 ’Ἰνδικὸν
1262 5525 1436 5600 οἶδμα
1463 5529 1799 5596 θαλάσσης.

306 5595 479 5664 Ἀγχι
508 5597 560 5650 δ’
602 5600 946 5665 Ἐρυθραῖόν
974 5617 1056 5664 τε,
1077 5601 1175 5652 ἰιαί
1203 5595 1505 5654 Αἰθιὸπιον
1540 5595 1872 5654 καλέουσιν

307 5667 459 5735 Πρὸς
485 5668 682 5722 νότον.
723 5670 908 5724 Ἔνθα
944 5669 1012 5724 δὲ
1056 5671 1284 5736 πολλός
1331 5668 1610 5736 ἀοικήτου
1655 5671 1871 5738 χθονός

1595 5739 1801 5794 αὐλὼν

1595 5739 1758 5793 ama

315 5804 662 5880 ’Extératac,
697 5809 1010 5880 ιιαλεροῖσι
1039 5808 1405 5880 κεκαυμένος
1439 5738 1758 5878 nauigium.

1978 4617 2177 4671 κείσθω
2224 4616 2280 4670 δὲ
2337 4615 2432 4668 καὶ
2474 4613 2673 4677 παντὸς
2707 4613 2874 4685 ὑγροῦ
2906 4611 3176 4666 θάλασσα·
3206 4611 3447 4683 εὔδηλον,
3477 4612 3552 4675 ὡς

1977 4710 2071 4762 καὶ
2101 4707 2303 4762 τούτων
2322 4709 2422 4762 οὑκ
2445 4708 2578 4777 άλλη
2610 4725 2692 4770 τις
2707 4707 2853 4760 αἰτία
2879 4707 2938 4760 τὸ
2965 4706 3128 4778 μέρος
3163 4704 3336 4769 τοῦτο,
3363 4706 3444 4758 ὅτι
3477 4705 3550 4776 μὴ

1977 4801 2245 4855 θάλασσα·
2283 4802 2342 4854 οὑ
2375 4801 2439 4872 δὴ
2473 4801 2610 4872 μόνα
2645 4798 2817 4853 ταῦτα
2847 4801 2946 4870 τὴν
2979 4799 3172 4869 ὑγρὰν,
3206 4799 3281 4861 ὡς
3319 4798 3547 4868 μητέρα,

1976 4893 2116 4946 κατὰ
2147 4893 2236 4947 τὸν
2271 4894 2559 4964 εἰρημένον
2599 4893 2858 4962 κέκτηται
2898 4893 3122 4961 τρόπον.

2046 4985 2204 5046 lbid.,
2237 4986 2332 5038 lin.
2363 4985 2449 5038 l7.
2481 4984 2590 5038 Kal
2624 4983 2792 5038 πᾶσα
2817 4985 2854 5050 ἡ
2889 4984 2964 5052 γῆ
2995 4985 3318 5051 ὑπόνομος.
3357 4980 3550 5035 Fusior

1975 5077 2208 5132 Basilius
2241 5079 2383 5131 hom.
2406 5077 2439 5130 4
2467 5095 2480 5131 :
2512 5076 2733 5148 Πρῶτον
2761 5077 2858 5146 μὲν
2892 5077 2973 5128 ὅτι
3004 5075 3153 5144 πηγὴ
3182 5074 3278 5144 τῆς
3305 5074 3432 5144 περί
3446 5073 3549 5143 γῆν

1975 5171 2192 5241 ἀπάσης
2213 5167 2414 5231 νοτίδος
2435 5168 2550 5220 ἐστί
2571 5165 2633 5218 τὸ
2656 5165 2756 5235 τῆς
2780 5164 3054 5235 θαλάσσης
3079 5164 3242 5236 ὕδωρ,
3269 5163 3425 5216 τοῦτο
3449 5164 3548 5233 μὲν

1973 5267 2032 5318 ὲν
2053 5267 2163 5328 τοῖς
2197 5261 2426 5332 ἀφανέσι
2469 5262 2654 5331 πόροις
2685 5257 3068 5329 διαδιδόμενον,
3099 5259 3173 5321 ὡς
3210 5257 3459 5328 δηλοῦσιν
3489 5258 3546 5309 αἰ

1975 5355 2276 5427 σομφώδεις
2305 5353 2410 5407 τῶν
2431 5353 2695 5423 ἠπείρων,
2721 5352 2815 5404 καὶ
2834 5351 3114 5421 ῦπαντροι,
3139 5350 3227 5419 ὑφ’
3256 5349 3322 5412 ἃς
3352 5351 3384 5418 ἡ
3411 5349 3547 5420 ῥοώ-

1972 5447 2070 5518 δης
2109 5445 2528 5508 διαυλωνίζουσα
2587 5443 2850 5506 θάλασσα,
2900 5441 3118 5496 ἐπειδὰν
3170 5441 3410 5503 σκολιαῖς
3452 5441 3547 5494 καὶ

1973 5538 2111 5607 πρὸς
2143 5536 2204 5588 τὸ
2254 5535 2433 5606 ὄρθιον
2481 5533 2809 5604 φερομέναις
2859 5529 3215 5602 ἐναπολειφθῇ
3266 5530 3542 5596 διεξόδοις,

1972 5626 2076 5681 ὑπὸ
2101 5628 2194 5681 τοῦ
2217 5626 2498 5691 κενοῦντος
2528 5624 2694 5697 αὐτὴν
2723 5623 3028 5695 πνεύματος
3071 5623 3351 5695 ὠθουμένη
3385 5622 3546 5694 φέρε-

1969 5735 2059 5770 ται
2089 5717 2192 5784 ἔξω
2218 5717 2316 5788 τὴν
2348 5717 2670 5786 ἐπιφάνειαν
2705 5712 3061 5786 διαρῤήξασα,
3098 5713 3192 5766 καὶ
3221 5713 3428 5780 γίνεται
3451 5709 3546 5764 πό·-

1972 5827 2127 5880 τιμος
2159 5811 2222 5863 ἐκ
2247 5809 2344 5872 τῆς
2369 5807 2668 5880 διηθήσεως
2706 5807 2768 5860 τὸ
2801 5807 2996 5877 πικρὸν
3049 5805 3273 5860 ἱαθεῖσα.
3311 5805 3449 5874 Ἤδη
3487 5801 3545 5856 δὲ
