4112 6420
555 380 662 438 859

1885 375 2134 432 LEONIS
2171 374 2460 438 ALLATJI

3689 372 3797 426 8ιο

553 494 648 547 καλ⁵
697 491 1030 563 θερμοτέρας
1077 492 1142 544 ἑκ
1194 489 1470 561 μετάλλων
1508 489 1788 560 ποιότητος
1823 490 1965 543 κατά
2020 491 2118 562 τὴν

2222 501 2452 560 corpora
2483 489 2628 544 enim
2671 488 3022 545 elementaria
3063 496 3274 543 naturae
3319 485 3436 557 lege
3505 493 3670 556 atque
3704 500 3795 539 or-

553 581 781 648 διέξοδον
809 579 1188 652 προσλαϐοῦσα
1217 582 1280 632 ὲκ
1303 579 1403 648 τῆς
1432 579 1600 650 αὐτῆς
1623 579 1718 632 τοῦ
1741 580 2012 644 κινοῦντος
2037 584 2121 634 αί-

553 674 674 736 τίας
696 672 888 738 ζέουσα
908 673 1114 742 γίνεται
1135 671 1211 735 ὡς
1235 670 1302 724 τὰ
1326 671 1517 732 πολλὰ,
1542 673 1638 726 καὶ
1656 673 1923 745 πυρώδης.
1945 675 2120 746 Ὅπερ

554 764 820 834 πολλαχοῦ
847 765 944 834 μὲν
961 763 1072 816 τῶν
1097 765 1295 834 νήσων,
1330 762 1593 834 πολλαχοῦ
1621 764 1678 816 δὲ
1705 763 1813 816 τῶν
1843 765 2121 836 παραλίων

551 856 731 910 τόπων
759 855 965 920 ἔξεστιν
993 855 1270 926 ἱστορῆσαι
1291 871 1304 885 ⁸
1336 855 1534 922 ὃπουγε
1566 857 1658 909 καὶ
1689 856 1828 912 κατά
1869 858 1967 927 τὴν
2026 875 2123 928 με-

554 948 760 1016 σόγειον
797 947 952 999 τόποι
993 947 1135 1010 τινὲς
1163 947 1270 999 τῶν
1303 947 1580 1018 ποταμίων
1614 948 1818 1000 ὑδάτων
1861 949 2118 1016 γείτονες,

551 1038 628 1102 ὡς
661 1037 830 1108 μικρά
857 1037 1108 1108 μεγάλοις
1130 1037 1363 1100 εἰκάσαι,
1382 1036 1448 1089 τὰ
1461 1037 1809 1108 παραπλήσια
1833 1037 2119 1107 πάσχουσι.

553 1130 700 1198 Πρὸς
724 1126 816 1181 οὖν
838 1129 891 1181 τί
917 1128 1074 1181 τοῦτο
1101 1127 1314 1199 εἴρηταί
1347 1145 1470 1198 μοις
1500 1129 1616 1181 Ὀτι
1659 1130 1806 1181 πᾶσα
1852 1129 2120 1198 ὑπόνομός

553 1221 702 1272 ἐστιν
730 1222 761 1290 ή
789 1221 860 1291 γῆ
879 1220 966 1273 διὰ
997 1221 1176 1290 πόρων
1210 1219 1428 1288 ἀφανῶν
1449 1221 1512 1270 ὲκ
1541 1219 1648 1272 τῶν
1677 1219 1859 1290 ἀρχῶν
1888 1219 1987 1288 τῆς
2025 1218 2124 1272 θα-

555 1310 761 1379 λάσσης
789 1310 1204 1374 ὑπονοστοῦντος
1248 1310 1342 1363 τοῦ
1377 1310 1585 1374 ὓδατος.
1629 1309 1704 1364 De
1748 1325 2012 1380 aquarum
2040 1310 2123 1364 vi-

556 1402 732 1464 ribus,
767 1411 821 1456 et
850 1401 1159 1470 saporibus,
1185 1403 1414 1472 aliisque
1436 1402 1814 1472 qualitatibus,
1857 1402 1978 1456 vide
2003 1416 2122 1471 qua:

554 1508 623 1548 ex
650 1492 941 1547 Aristotele
969 1493 1291 1563 compendio
1329 1494 1462 1547 dicit
1503 1493 1750 1549 Stobaeus
1790 1494 1848 1548 in
1883 1493 2121 1562 Physicis

553 1583 750 1654 eclogis
783 1621 800 1650 ,
829 1599 951 1655 cap.
978 1584 1066 1638 '54.

623 1697 741 1752 Col.
770 1695 898 1762 715,
935 1698 1032 1752 lin;
1078 1698 1166 1752 19.
1202 1697 1264 1752 Ἡ
1289 1698 1398 1767 γὰρ
1433 1697 1674 1766 ῥοώδης
1712 1697 2015 1753 θάλασσα.
2047 1695 2124 1752 De

552 1789 834 1842 ﬂuminum
859 1788 1196 1859 fontiumque
1223 1803 1388 1845 causa
1412 1795 1465 1843 et
1495 1789 1702 1858 origine
1731 1790 1884 1858 plura
1905 1788 2122 1843 Aristo-

2229 583 2355 637 dine
2389 583 2704 638 cmlestibus
2735 583 3020 637 ubediunt.
3063 581 3320 636 Albertus
3349 581 3448 635 lib.
3482 594 3520 633 ιι
3546 578 3794 642 Meteon,

2230 681 2388 727 tract.
2426 672 2482 736 2,
2514 687 2632 742 cap.
2660 671 2745 735 ιε,
2779 673 2954 742 inquit
2979 686 3210 741 vapores
3235 673 3288 725 in
3315 671 3499 734 terris,
3546 669 3798 724 cavernis

2226 765 2468 818 elevatos
2501 763 2841 834 reﬂexosque
2866 764 3143 819 attrahere
3167 761 3236 816 ad
3258 778 3316 818 se
3331 761 3800 830 aquam,eamque

2227 870 2451 911 sursum
2483 854 2696 918 eﬂ'erre,
2728 864 2783 909 et
2826 855 3086 910 continua
3125 869 3225 909 sua
3275 853 3514 916 actione,
3541 860 3608 907 et
3649 852 3795 907 illisu

2229 946 2298 999 ad
2349 946 2554 1002 montis
2590 947 2756 1001 latera
2795 961 2959 1016 poros
3001 946 3248 1017 aperire,
3315 943 3515 1014 quibus
3575 943 3799 998 tandem

2227 1038 2483 1108 erumpit.
2528 1037 2631 1092 Alii
2670 1039 2881 1101 dicunt,
2929 1052 3051 1092 cum
3084 1023 3231 1092 terra
3263 1037 3450 1092 multis
3485 1037 3556 1089 sit
3609 1035 3794 1105 pervia

2229 1131 2523 1200 specubus,
2549 1146 2744 1200 aquam
2774 1131 2941 1184 maris
2964 1131 3018 1184 in
3050 1130 3320 1199 ejusmodi
3351 1143 3485 1184 cava
3525 1129 3643 1181 loca
3674 1143 3797 1183 sese

2229 1221 2509 1286 inducere,
2565 1228 2686 1290 Quae
2712 1222 2842 1292 quia
2877 1228 3006 1276 sunt
3053 1228 3309 1290 angusta,
3360 1233 3538 1288 neque
3585 1225 3795 1272 tantam

2229 1314 2398 1369 maris
2431 1315 2626 1368 molem
2659 1328 2855 1384 capere
2886 1318 3116 1381 queunt,
3161 1325 3280 1366 eam
3305 1325 3460 1378 aqua:
3487 1308 3794 1379 portionem

2229 1417 2598 1473 compressam
2623 1403 2688 1457 ad
2711 1403 3057 1458 extrinsecus
3075 1401 3424 1455 incumbente
3448 1399 3581 1453 mari
3607 1413 3795 1468 egres-

2230 1511 2349 1550 sum
2379 1511 2486 1565 qua
2513 1497 2598 1550 via
2633 1497 2826 1565 possit,
2853 1510 3117 1565 quaarere,
3162 1495 3351 1564 sicque
3381 1493 3496 1549 lieri
3527 1507 3794 1562 aquarum

2228 1588 2590 1643 exsilitiones.
2611 1589 2856 1643 Aliorum
2877 1589 3016 1644 alios
3041 1586 3234 1643 modos
3255 1594 3308 1642 et
3340 1587 3582 1642 rationes
3609 1598 3796 1656 quaere

2229 1679 2286 1734 in
2313 1681 2474 1736 dictis
2513 1683 2851 1738 auctoribus.

2300 1795 2460 1860 Ibid.,
2496 1795 2593 1851 lin.
2627 1793 2717 1850 24.
2775 1792 2970 1851 Πάλιν
2997 1794 3066 1849 δὲ
3094 1790 3357 1849 ἐπειδάν.
3410 1792 3645 1848 Causam
3676 1806 3799 1862 pro-

554 1879 689 1933 leles
735 1878 830 1931 lib.
870 1894 888 1932 ι
938 1853 1181 1942 "eteo-ra.
1248 1893 1370 1948 cap.
1421 1877 1512 1942 15,
1558 1853 1612 1932 εἰ
1659 1853 1756 1933 ιη).-
1805 1895 1865 1940 II.
1897 1892 2018 1948 cnp-
2057 1875 2121 1942 ες
2157 1853 2200 1909 Β
2229 1893 2348 1956 pter
2374 1853 2537 1956 quam
2572 1903 2726 1957 aquae
2748 1902 2872 1941 cum
2895 1905 2960 1942 ex
2995 1904 3106 1942 uno
3133 1895 3186 1942 et
3210 1886 3401 1950 eodem
3447 1883 3616 1947 fonte,
3646 1853 3799 1938 mare

553 1965 728 2028 Plato.
761 1971 815 2022 in
859 1966 1151 2032 Phaedone;
1184 1965 1452 2036 Georgius
1494 1966 1776 2037 Agricola,
1836 1968 1935 2021 lib.
1976 1982 1992 2020 ι
2044 1965 2124 2020 De

554 2068 675 2112 ortu
715 2067 766 2112 et
813 2060 986 2114 causis
1036 2058 1534 2123 subterraneorum;
1566 2058 1822 2113 Albertus
1870 2058 2120 2128 Magnus,

553 2147 649 2202 lib.
713 2161 755 2202 ll
790 2145 1037 2213 Meteon,
1067 2156 1224 2218 tract.
1287 2149 1371 2214 l2,
1401 2149 1564 2219 capit.
1596 2148 1683 2215 ll;
1710 2147 1945 2203 Jacobus
1985 2148 2127 2202 Mili-

550 2238 731 2304 chius,
775 2239 831 2293 in
876 2241 1042 2309 capit.
1085 2239 1186 2294 105
1232 2239 1325 2293 lib.
1379 2254 1419 2294 ιι
1489 2237 1681 2305 Plinii;
1725 2238 1976 2295 Valesius
2043 2239 2124 2294 De

549 2345 706 2384 sacra
735 2330 1088 2400 philosophia,
1121 2345 1241 2400 cap.
1264 2331 1354 2394 63,
1388 2338 1441 2385 et
1463 2331 1574 2384 alii.
1605 2329 1729 2384 Fuit
1761 2329 2123 2400 quorumdam

551 2416 739 2484 opinio
776 2417 917 2470 intra
955 2425 1154 2471 terram
1197 2433 1320 2472 esse
1361 2417 1626 2487 quasdam
1675 2420 1940 2474 cavitates
1966 2427 2020 2474 et
2044 2419 2124 2472 al-

553 2520 708 2570 veos,
734 2505 931 2574 quibus
953 2505 1153 2562 imbres
1173 2507 1534 2577 excipiantur,
1563 2516 1726 2578 atque
1746 2525 1814 2564 ex
1844 2510 1911 2564 iis
1947 2508 2122 2564 fontes

550 2604 606 2651 et
625 2596 818 2651 ﬂuvios
847 2597 1144 2660 dimanare,
1168 2605 1222 2652 et
1252 2613 1421 2668 aquas
1444 2599 1564 2654 illas
1591 2616 1764 2670 usque
1784 2599 1852 2654 ad
1886 2600 2122 2654 futuram

552 2687 785 2742 hiemem
816 2687 1082 2750 suﬂicere,
1114 2702 1215 2742 nec
1241 2703 1560 2744 exarescere
1593 2697 1886 2760 antequam
1925 2703 2122 2746 rursus

552 2782 705 2853 pluat
729 2799 743 2836 :
781 2781 977 2836 siccari
1003 2796 1134 2836 vero
1159 2797 1253 2837 eos
1279 2797 1512 2852 quorum
1543 2783 1680 2839 alvei
1709 2785 1947 2840 minores
1971 2791 2121 2851 sunt,

548 2881 606 2929 et
625 2873 696 2928 ob
727 2871 1000 2928 defectum
1033 2887 1300 2943 aquarum
1333 2889 1444 2928 non
1473 2873 1688 2931 ﬂuitant
1727 2891 1901 2947 usque
1926 2878 1994 2933 ad
2024 2895 2123 2933 no-

550 2981 649 3020 vas
680 2965 906 3035 pluvias.
938 2965 1262 3021 Aristoteles
1298 2973 1353 3021 et
1391 2967 1482 3020 alii
1509 2982 1731 3023 causam
1771 2970 2000 3039 primam
2033 2987 2124 3042 ge-

550 3056 854 3111 nerationis
900 3055 1189 3110 ﬂuviorum
1250 3065 1500 3112 statuunt
1553 3058 1659 3112 loci
1704 3069 1976 3127 naturam,-
2029 3061 2121 3116 ubi

551 3156 775 3218 prepter
806 3148 909 3204 soli
944 3149 1246 3212 raritatem,
1274 3150 1482 3205 multus
1512 3157 1568 3205 et
1603 3153 1859 3221 copiosus
1892 3153 2117 3222 spiritus

551 3244 862 3307 generatur,
897 3237 992 3308 qui
1035 3252 1197 3308 quam
1233 3239 1483 3308 proxime
1512 3239 1577 3293 ad
1617 3242 1838 3310 vaporis
1867 3247 2120 3295 naturam

549 3327 780 3382 accedit.
832 3327 1037 3384 Deinde
1082 3344 1214 3384 vero
1273 3328 1474 3400 frigore
1531 3330 1637 3384 loci
1683 3333 1736 3384 in
1785 3347 1981 3402 aquam
2031 3347 2125 3387 co-

548 3420 718 3488 gitur,
773 3436 896 3490 quae
941 3421 1114 3490 ejecta
1181 3420 1305 3475 fons
1359 3429 1416 3477 et
1466 3422 1618 3493 origo
1667 3421 1954 3478 ﬂuviorum
2018 3431 2121 3479 est.

548 3509 660 3583 Nec
716 3511 930 3567 videtur
981 3513 1279 3568 absurdum
1331 3513 1380 3569 si
1428 3523 1650 3584 propter
1699 3515 1943 3570 eamdem
1993 3529 2126 3569 cau-

549 3617 681 3682 sam,
723 3603 780 3658 in
805 3612 963 3659 terra:
1016 3605 1320 3660 visceribus
1377 3612 1669 3675 generatur
1719 3620 1860 3678 aqua
1905 3614 2124 3677 propter

551 3709 715 3764 quam
749 3709 916 3764 supra
951 3703 1152 3750 terram
1205 3695 1260 3750 in
1295 3709 1451 3762 aere;
1484 3697 1602 3767 pari
1633 3697 1779 3752 enim
1814 3700 2026 3752 ratione
2067 3699 2147 3762 in.

551 3792 851 3856 vaporante
895 3801 1022 3842 aere
1071 3787 1244 3857 frigus
1292 3797 1570 3856 operatur.
1635 3788 1766 3854 Quae
1815 3789 2122 3845 Aristotelis

551 3877 738 3948 Opinio
760 3878 805 3931 si
837 3886 983 3933 recte
1009 3879 1392 3934 consideretur
1416 3895 1574 3935 suam
1603 3881 1766 3936 habet
1822 3883 2121 3952 probabili-

555 3976 744 4032 tatem,
779 3983 882 4023 nec
921 3969 998 4022 ita
1039 3970 1244 4025 absona
1277 3977 1363 4025 est
1417 3970 1472 4024 in
1520 3971 1864 4041 philosophia
1917 3981 1979 4029 ut
2025 3990 2119 4030 ex-

552 4061 680 4131 pelli
707 4061 930 4117 omnino
960 4069 1252 4118 mereatur.
1275 4062 1589 4118 Christiano
1610 4072 1790 4120 tamen
1814 4066 2038 4135 homini,
2055 4084 2118 4124 ea

551 4169 716 4223 super
750 4154 855 4208 hoc
887 4155 1157 4208 sententia
1187 4165 1272 4210 est
1296 4156 1676 4226 amplexanda,
1711 4172 1831 4227 quae
1865 4169 1947 4213 est
1990 4175 2120 4215 san-

475 4318 486 4327 _
549 4254 762 4301 ctorum
784 4244 1006 4300 Patrum
1029 4247 1358 4309 communis,
1377 4253 1430 4301 et
1451 4263 1619 4302 sacrae
1647 4247 1941 4319 Scripturae
1963 4253 2118 4308 testi-

549 4337 757 4392 moniis
781 4337 1154 4393 conﬁrmatur.
1193 4334 1471 4408 Originem
1515 4338 1742 4394 fontium
1778 4358 1808 4396 e
1833 4345 1969 4398 mari
1994 4353 2118 4400 esse

549 4443 582 4482 a
618 4442 727 4499 quo
756 4426 1000 4490 elliuunt,
1051 4435 1106 4484 et
1161 4427 1218 4483 in
1269 4429 1416 4499 quod
1443 4429 1695 4496 inﬂuunt,
1747 4432 1820 4486 ita
1856 4433 2112 4499 Basilius,

2226 1976 2460 2039 scilicet,
2490 1976 2755 2046 originem
2792 1977 3033 2040 trahant,
3071 1990 3181 2030 non
3223 1976 3469 2030 eamdem
3505 1976 3721 2029 servent
3743 1979 3800 2028 et

2237 2066 2577 2136 qualitatem,
2612 2076 2667 2122 et
2695 2082 2968 2138 saporem,
2995 2068 3090 2123 sed
3121 2067 3425 2123 secundum
3463 2067 3570 2120 loci
3618 2064 3800 2118 varie-

2222 2167 2388 2215 tatem
2421 2161 2549 2229 ipsae
2579 2161 2742 2214 etiam
2777 2162 3052 2216 varientur
3081 2169 3203 2231 pete
3244 2175 3275 2213 a
3303 2159 3667 2230 philosophis.

2299 2251 2460 2318 lbid.,
2479 2255 2575 2308 lin.
2603 2249 2695 2312 27.
2724 2253 2887 2324 Αὕτη
2909 2255 3004 2308 καὶ
3046 2253 3165 2308 τῶν
3189 2250 3402 2322 ἀερίων
3421 2252 3674 2307 ὑδάτων.
3703 2252 3803 2305 Ba-

2224 2345 2402 2410 silius,
2449 2346 2595 2400 ltom.
2624 2347 2660 2400 4
2701 2364 2716 2401 :
2749 2347 2903 2418 Καλὴ
2939 2346 3033 2400 καὶ
3061 2346 3194 2399 διότι
3224 2348 3337 2409 τοῖς
3373 2345 3581 2416 ἀερίοις
3607 2344 3795 2398 ὕδασιν

2223 2439 2364 2508 ἀρχή
2403 2437 2488 2500 τίς
2523 2441 2638 2491 ἐστι
2680 2439 2773 2491 καὶ
2809 2437 2980 2510 πηγὴ,
3020 2438 3329 2509 θαλπομένη
3381 2438 3480 2508 μὲν
3519 2439 3586 2508 τῇ
3617 2437 3796 2490 ἀκτῖνι

2226 2527 2320 2580 τοῦ
2353 2527 2525 2598 ἡλίου,
2553 2528 2917 2598 ἀποτιθεμένη
2943 2529 2998 2581 δὲ
3034 2528 3093 2581 τὸ
3139 2527 3331 2581 λεπτὸν
3361 2527 3455 2580 τοῦ
3486 2527 3675 2592 ὓδατος
3707 2528 3797 2581 διὰ

2221 2619 2328 2673 τῶν
2345 2620 2552 2690 ἀτμῶν,
2569 2621 2704 2692 ὅπερ
2717 2619 2972 2674 ἐλκυσθὲν
2986 2623 3064 2684 είς
3076 2619 3166 2672 τὸν
3182 2621 3291 2674 ἄνω
3301 2620 3485 2684 τόπον,
3505 2615 3621 2673 εἶτα
3637 2637 3800 2673 κατα-

2221 2709 2424 2783 ψυχθὲν
2451 2712 2539 2765 διὰ
2571 2713 2631 2766 τὸ
2655 2713 2984 2784 ὑψηλότερον
3010 2711 3259 2780 γενέσθαι
3286 2712 3385 2782 τῆς
3415 2710 3523 2765 ἀπὸ
3544 2711 3637 2766 τοῦ
3673 2711 3797 2764 ἐδά-

2223 2819 2354 2874 φους
2379 2803 2726 2868 ἀνακλάσεως
2757 2803 2865 2857 τῶν
2897 2804 3151 2868 ἀκτίνων,
3187 2803 3280 2857 καὶ
3321 2802 3456 2874 ὁμοῦ
3491 2804 3591 2873 τῆς
3614 2804 3678 2857 ὲκ
3699 2802 3794 2857 τοῦ

2222 2896 2417 2965 νέφους
2455 2897 2610 2958 σκιᾶς
2641 2896 2740 2965 τὴν
2785 2895 2943 2965 ψύξιν
2977 2894 3348 2962 ἐπιτεινούσης
3389 2893 3542 2957 ὑετὸς
3566 2894 3795 2962 γίνεται,

2221 2989 2313 3041 καὶ
2339 2988 2538 3041 πιαίνει
2568 2988 2666 3060 τήν
2699 2989 2819 3059 γῆν.
2844 2986 3137 3058 Gregorius
3165 2986 3396 3057 Cyprius
3423 2986 3477 3039 in
3501 2985 3673 3039 Maris
3705 3003 3801 3040 en-

2221 3083 2429 3136 comio:
2460 3081 2694 3153 Ὀμῦροι
2725 3082 2780 3134 δὲ
2806 3081 2942 3152 πρὸς
2975 3082 3086 3143 τοῖς
3112 3079 3442 3151 εἰρημένοις,
3471 3080 3564 3132 καὶ
3589 3079 3797 3149 δρόσοι,

2221 3173 2316 3228 καὶ
2337 3173 2564 3243 νιφετοὶ,
2594 3172 2812 3242 νεφέλαι
2845 3190 2904 3226 τε
2939 3167 3004 3225 αὖ
3041 3173 3097 3225 αἱ
3127 3172 3350 3234 τούτους
3383 3171 3667 3239 γεννῶσαι,
3699 3173 3797 3226 καὶ

2225 3265 2323 3319 ὅσα
2338 3264 2552 3337 πρῶτον
2584 3267 2662 3329 είς
2682 3265 2772 3318 τὸν
2805 3265 2916 3319 ἀνω
2935 3263 3298 3334 συνιστάμενα
3322 3264 3504 3328 τόπον,
3536 3261 3633 3316 εἶτ’
3656 3266 3800 3317 ὲκεί-

2217 3355 2314 3409 ⁴θεν
2342 3358 2420 3420 είς
2443 3357 2546 3428 γῆν
2570 3356 2830 3411 κάτεισιν.
2865 3353 3150 3420 Quomodo
3186 3363 3370 3410 autem
3397 3355 3451 3410 in
3493 3370 3619 3411 aere
3641 3371 3798 3427 aquae

2225 3454 2554 3515 generentur
2574 3445 2966 3504 exnlicavimus
2993 3443 3266 3514 superius.

2300 3603 2457 3670 lbid.,
2481 3603 2576 3658 lin.
2611 3603 2700 3658 '55.
2734 3603 2839 3657 Καὶ
2868 3602 2954 3656 ἔτι
2982 3603 3078 3656 καί
3107 3603 3240 3657 νῦν.
3261 3600 3516 3664 Basilius,
3546 3614 3694 3656 nom.
3723 3601 3792 3656 5:

2236 3695 2299 3748 Ἦ
2325 3693 2576 3765 γὰρητότε
2610 3691 2782 3763 φωνὴ,
2816 3691 2911 3745 καὶ
2936 3691 2996 3744 τὺ
3025 3690 3237 3762 πρῶτον
3264 3691 3438 3744 ἐκεῖνο
3469 3689 3796 3761 πρόσταγμα

2221 3781 2330 3840 οἷον
2359 3786 2521 3856 νόμος
2568 3803 2653 3848 τις
2688 3785 2904 3853 ἐγένετο
2951 3783 3183 3853 φύσεως,
3233 3782 3327 3836 καὶ
3359 3782 3682 3852 ὲναπέμεινε
3723 3785 3791 3855 τῇ

2220 3881 2313 3948 γῇ,
2345 3877 2441 3948 τὴν
2459 3877 2552 3930 τοῦ
2584 3878 2776 3946 γεννᾷν
2798 3877 2934 3946 αὐτῇ
2962 3876 3056 3928 καὶ
3071 3876 3436 3946 καρποφορεῖν
3459 3873 3685 3947 δύναμιν
3713 3879 3797 3941 είς

2219 3969 2281 4022 τὸ
2310 3968 2437 4040 ἑξῆς
2466 3972 2854 4040 παρεχόμενος.
2887 3967 2952 4020 Et
2995 3966 3260 4022 inferius:
3290 3966 3408 4019 Ἵνα
3453 3965 3668 4038 πρῶτον
3702 3969 3797 4022 ἐκ·

2219 4062 2328 4113 εῖνο
2362 4059 2690 4130 πρόσταγμα
2721 4058 3086 4111 διδασκαλεῖον
3116 4060 3183 4129 τῇ
3214 4057 3372 4126 φύσει
3405 4058 3627 4130 γένηται
3658 4059 3797 4131 πρὸς

2218 4153 2316 4224 τὴν
2349 4151 2476 4221 ἑξῆς
2507 4149 2844 4205 ἀκολουθίαν.
2875 4149 2941 4203 Ει
2973 4150 3120 4204 hom.
3153 4151 3184 4205 9
3208 4150 3451 4221 εΝόησον
3479 4151 3631 4223 ῥῆμα
3653 4151 3792 4206 Θεοῦ

2216 4244 2305 4298 διά
2339 4245 2440 4314 τῆς
2467 4244 2694 4308 κτίσεως
2724 4243 2935 4315 τρέχον,
2960 4245 3056 4295 καὶ
3074 4243 3194 4296 τότε
3231 4241 3554 4314 ἀρξάμενον,
3589 4244 3682 4296 καὶ
3705 4243 3798 4314 μέ-

2217 4352 2309 4407 χρι
2335 4333 2431 4389 νῦν
2463 4334 2740 4406 ἐνεργοῦν,
2767 4335 2860 4387 καὶ
2895 4335 2974 4396 είς
2993 4333 3143 4397 τέλος
3174 4333 3369 4400 διεξιὸν
3406 4334 3510 4399 ἕως
3548 4334 3615 4388 ἃν
3643 4338 3672 4388 ό
3703 4335 3796 4388 κό-

2219 4444 2354 4498 σμος
2383 4425 2784 4498 συμπληρωθῇ.
2811 4423 2948 4479 Vide
2983 4425 3203 4494 locum;
3236 4433 3319 4481 est
3351 4427 3495 4482 enim
3529 4429 3790 4497 optimus.

548 4521 737 4575 homil.
757 4522 811 4584 4,
831 4531 1018 4576 noster
1033 4520 1353 4577 Eustathius
1375 4523 1429 4576 in
1452 4522 1556 4577 hoc
1578 4524 1719 4591 loco,
1756 4524 2117 4598 Hieronymus

2222 4517 2480 4574 Leontius
2510 4517 2758 4572 Arabissi
2787 4517 3080 4588 episcopus
3129 4532 3380 4573 sermone
3411 4517 3479 4573 de
3512 4519 3793 4574 creatione

550 4611 619 4667 ad
644 4611 880 4682 primum
923 4619 1088 4682 caput
1129 4611 1496 4675 Ecclesiaste,
1531 4613 1794 4683 Isidorus,
1832 4617 1869 4670 l.
1898 4633 1961 4672 ιιι
1993 4618 2118 4674 Ori-

549 4705 748 4775 ginum,
774 4704 942 4770 c.90;
967 4703 1383 4759 Damascenusu
1431 4703 1507 4758 De
1534 4703 1628 4774 (id.
1660 4707 1890 4773 orlltod.,
1915 4725 2032 4780 cap.
2052 4709 2114 4777 9;

552 4794 843 4865 Gregorius
873 4795 1106 4866 Cyprius
1139 4794 1197 4849 in
1226 4792 1399 4848 Maris
1442 4797 1700 4860 encomio,
1756 4807 1810 4852 et
1859 4814 1925 4854 ex
1961 4800 2114 4867 aliis;

550 4887 705 4941 Plato
731 4887 788 4940 in
821 4885 1130 4952 Phaedone;
1181 4885 1392 4941 Plinius
1427 4887 1522 4943 lib.
1561 4903 1622 4951 ιι,
1660 4903 1780 4959 cap.
1817 4889 1925 4958 65;
1961 4890 2118 4946 Philo

547 4976 768 5032 Judaus
799 4975 874 5030 De
903 4976 1086 5030 mundi
1113 4977 1342 5046 api/icio.
1377 4977 1602 5031 Variant
1641 4985 1822 5033 tamen
1856 4980 1912 5033 in
1941 4981 2115 5050 expli-

549 5069 768 5123 catione
823 5069 989 5134 illius,
1032 5067 1307 5138 quomodo
1357 5068 1614 5124 videlicet
1663 5080 1858 5141 suopte
1899 5072 2115 5143 ingenio

549 5161 732 5230 gravis
765 5160 936 5231 possit
962 5174 995 5214 e
1035 5160 1171 5213 mari
1217 5160 1516 5215 ascendere
1542 5160 1599 5215 in
1629 5161 1930 5217 altissimos
1959 5178 2116 5217 mon-

551 5260 655 5312 tes,
687 5264 717 5302 e
762 5250 961 5320 quibus
989 5249 1226 5318 erumpit
1263 5249 1318 5302 in
1371 5256 1524 5302 tanta
1561 5250 1739 5321 c0pia.
1793 5249 2114 5308 Eustathius

519 5329 523 5336 ’
551 5357 750 5414 aquam
778 5343 944 5403 maris
974 5343 1190 5412 spiritu,
1217 5341 1416 5396 ﬂatuve
1445 5340 1675 5397 interius
1706 5351 1959 5399 movente
1991 5359 2116 5399 sur-

550 5450 671 5490 sum
700 5433 769 5488 ad
791 5435 1153 5506 scaturigines
1179 5433 1411 5505 impelli.
1435 5431 1530 5489 His
1564 5435 1836 5490 consentit.
1856 5434 2112 5501 Basilius,-

551 5524 780 5589 Plinius,
837 5523 1013 5579 Plato.
1057 5523 1115 5578 S.
1141 5523 1417 5590 Thomas,
1465 5538 1502 5577 ιι
1574 5522 1811 5580 Sentent.
1857 5526 1986 5581 dist.
2022 5527 2110 5589 14,

2220 4618 2274 4664 et
2304 4607 2515 4663 Lazaro
2539 4608 2804 4672 redivivo,
2829 4624 2939 4663 non
2974 4609 3250 4680 incompta
3285 4609 3642 4664 similitudine
3667 4627 3792 4666 ver-

2218 4701 2345 4756 bum
2383 4701 2516 4755 illud
2548 4700 2816 4765 divinum,
2839 4701 2936 4766 ait,
2969 4701 3091 4756 loco
3138 4701 3363 4756 seminis
3398 4702 3452 4755 in
3485 4703 3652 4758 rebus
3693 4718 3790 4773 ge-

2217 4792 2477 4848 nerandis
2511 4792 2702 4857 fuisse,
2727 4807 2960 4863 eamque
2983 4793 3038 4846 in
3065 4793 3230 4848 rebus
3259 4793 3368 4848 illis
3394 4793 3502 4847 vim
3532 4793 3794 4848 habuisse

2218 4897 2380 4952 quam
2411 4890 2466 4937 et
2495 4897 2678 4937 semen
2706 4898 2735 4955 ι
2771 4892 2826 4936 et
2881 4883 3059 4937 adhuc
3097 4881 3164 4936 ad
3213 4883 3625 4953 conceptionem
3655 4899 3792 4937 con—

2219 4989 2458 5028 currere.
2499 4972 2564 5026 Τί
2619 4973 2800 5041 λέγεις
2849 4974 3125 5044 αίρετικέ;
3185 4975 3414 5040 Βλέπεις
3457 4976 3578 5030 ἀντὶ
3617 4993 3791 5031 κατα-

2219 5065 2378 5137 ϐολῆς
2402 5064 2712 5138 σπέρματος
2740 5064 2801 5118 τὸ
2821 5065 2912 5119 τοῦ
2943 5065 3102 5135 λόγου
3131 5068 3410 5137 γινόμενον
3442 5068 3789 5139 πρόσταγμα.
3817 5132 3828 5141 _

2216 5158 2326 5211 Καὶ
2353 5157 2468 5220 πῶς
2495 5155 2789 5227 ἀμφίϐολον
2808 5156 2986 5226 λέγεις
3007 5159 3107 5228 τῆς
3132 5158 3463 5230 παρθενικῆς
3485 5162 3790 5231 γεννήσεως

2214 5241 2274 5302 τὸ
2305 5249 2597 5319 μυστήριον
2621 5265 2635 5313 ;
2655 5247 2721 5300 Ἀ
2745 5249 2854 5321 γὰρ
2887 5249 2981 5303 νῦν
3015 5249 3324 5322 σπέρματος
3351 5252 3478 5305 ἄνευ
3511 5252 3572 5305 οὐ
3606 5251 3788 5304 τίκτε-

2214 5357 2322 5406 ται,
2352 5340 2560 5403 τούτοις
2597 5344 2629 5412 ή
2675 5342 2826 5411 φωνὴ
2858 5341 2978 5394 τότε
3019 5342 3304 5412 συνέτρεχε
3353 5341 3445 5395 τοῦ
3493 5343 3789 5407 καλοῦντος

2215 5433 2351 5501 πρὸς
2373 5429 2644 5502 γέννησιν,
2675 5435 2768 5486 καὶ
2799 5432 3109 5505 συλλήψεως
3141 5433 3358 5505 τρόπον,
3415 5435 3445 5487 ό
3475 5434 3572 5504 τῆς
3601 5432 3788 5487 κελεύ-

2216 5539 2350 5585 σεως
2386 5525 2638 5594 ἐμιμεῖτο
2661 5525 2843 5595 νόμος,
2877 5526 2970 5578 καὶ
2997 5525 3084 5578 διὰ
3120 5527 3247 5595 μιᾶς
3280 5527 3461 5597 φωνῆς
3488 5524 3788 5597 ὲσαρκοῦτο

551 5625 742 5684 quaest.
783 5617 832 5679 i,
863 5617 958 5681 ait,
1017 5617 1295 5670 fontanam
1341 5624 1396 5670 et
1445 5615 1758 5670 lluviatilem
1795 5630 1992 5685 aquam
2025 5625 2111 5670 at-

2222 5613 2279 5667 τὰ
2309 5613 2506 5668 πάντα.
2565 5617 2674 5669 Καὶ
2720 5617 2748 5669 ό
2795 5617 2917 5670 τότε
2966 5618 3255 5688 σαρκώσας
3300 5618 3397 5688 τὴν
3429 5618 3626 5678 κτίσιν,
3688 5615 3786 5670 καὶ

554 5707 693 5760 trahi
741 5721 962 5763 sursum
1011 5709 1064 5762 vi
1117 5708 1423 5763 caelestium
1477 5722 1769 5777 corporum
1802 5709 2110 5763 communis

2222 5703 2411 5777 σπόρον
2445 5706 2696 5778 ἀσπόρως
2729 5709 3040 5780 χορηγήσας
3069 5712 3181 5773 τοῖς
3227 5711 3411 5772 πᾶσιν,
3468 5709 3628 5770 αὐτὸς
3677 5707 3787 5760 ἀπὸ

553 5797 681 5853 boni
710 5799 900 5869 gratia.
921 5795 1027 5853 Nec
1058 5805 1263 5852 motum
1290 5797 1433 5854 hunc
1465 5813 1616 5868 aqum
1644 5813 1764 5855 osse
1785 5799 2106 5870 violentum,

2222 5798 2435 5872 λογικῆς
2469 5797 2774 5871 σαρκωθεὶς
2803 5801 2904 5872 γῆς
2954 5800 3218 5872 προῆλθεν
3266 5801 3520 5872 ἀπόρως
3557 5799 3655 5870 τὴν
3695 5796 3787 5852 διὰ
