4112 6414
382 353 481 404 8-H

1323 348 1386 402 IN
1428 345 1796 403 EUSTATHII
1839 341 2315 398 HEXAEMEBON
2358 341 2588 397 ΝΟΤίΕ.

3546 339 3654 396 842

386 467 584 538 σαρκὸς
619 467 970 535 φυτευθεῖσαν
1020 468 1112 521 τοῦ
1165 467 1393 521 θανάτου
1429 467 1582 538 ῥίζαν
1624 468 1689 536 τῇ
1720 464 1961 536 δρεπάνῃ
1993 467 2037 521 Α
2065 463 2130 530 τῇ
2166 459 2295 529 ὁλκῇ
2331 459 2423 511 τοῦ
2459 457 2661 528 θερμοῦ
2697 457 3091 526 συνεπάγεσθαι
3126 458 3220 511 τοῦ
3260 459 3525 532 τροφίμου
3550 459 3652 529 τῆς

383 563 480 632 τῆς
503 561 836 632 παρθενικῆς
870 563 1148 615 ἐκκόπτων
1186 561 1508 630 γεννήσεως.

468 653 584 706 Col.
610 652 734 718 715,
779 653 873 708 lin.
911 653 998 708 57.
1028 654 1096 707 Ἠ
1111 654 1220 720 γὰρ
1238 651 1584 719 ,ϐλάστησις
1605 649 1962 718 καθηγεῖται.

393 744 655 806 Basilius,
687 744 832 797 hom.
856 743 888 796 5
917 763 929 798 :
965 742 1184 815 Πρῶτον
1216 744 1362 794 ἐστιν
1397 743 1454 793 έν
1499 745 1565 812 τῇ
1616 741 1826 810 γενέσει
1858 738 1966 790 τῶν

389 837 676 908 φυομένων
713 836 745 906 ἡ
787 834 1098 907 βλάστησις,
1152 835 1362 897 ἔπειτα,
1409 835 1537 887 ὅταν
1575 833 1825 905 προκύψῃ
1875 849 1964 902 μι-

395 929 528 1000 κρὸν
554 927 622 982 τὰ
654 928 1027 998 βλαστήματα,
1068 927 1262 997 βοτάνη
1300 927 1528 995 γίνεται,
1575 923 1715 987 εἶτα,
1747 925 1967 978 ἐπειδὰν

393 1018 629 1089 αὐξηθῇ,
656 1018 846 1088 χόρτος
876 1020 992 1070 ἐστὶ
1025 1018 1166 1070 κατά
1192 1018 1385 1089 μικρὸν
1405 1017 1838 1089 διαρθρουμένων
1860 1017 1966 1070 τῶν

390 1111 694 1181 φυομένων,
731 1113 823 1162 καὶ
852 1111 1010 1182 μέχρι
1042 1111 1141 1180 τῆς
1173 1112 1264 1164 ἐπὶ
1291 1111 1352 1163 τὸ
1387 1111 1606 1180 σπέρμα
1639 1109 1966 1174 τελειώσεως

389 1204 706 1276 προϊόντων.
751 1203 1012 1268 Quamvis
1058 1205 1202 1259 enim
1260 1205 1717 1274 germinationum
1768 1218 1966 1274 genera

389 1296 563 1357 varia,
601 1295 743 1349 sicut
776 1302 830 1349 et
883 1296 1216 1366 plantarum,
1267 1311 1368 1349 nec
1405 1311 1512 1349 uno
1558 1302 1820 1364 tempore,
1866 1311 1968 1350 nec

390 1389 510 1442 loco
559 1388 911 1454 conveniant,
952 1397 1134 1443 tamen
1200 1404 1416 1458 semper
1470 1389 1705 1458 priorem
1763 1403 1885 1443 esse
1915 1395 1969 1443 et

391 1473 684 1537 fructibus,
716 1481 768 1528 et
816 1473 1042 1528 ﬂoribus
1095 1475 1544 1543 germinationem
1585 1489 1810 1528 necesse
1861 1481 1966 1536 est,

387 1566 849 1639 quemadmodum
890 1574 944 1620 et
991 1566 1045 1619 in
1089 1566 1405 1620 animalium
1443 1567 1795 1635 generatione
1837 1581 1969 1620 con-

387 1667 628 1727 ceptum.
672 1655 840 1718 Plin..
876 1655 1071 1710 Natur.
1105 1656 1257 1722 hist.,
1292 1657 1328 1712 1.
1367 1674 1476 1722 XVI,
1515 1673 1563 1712 c.
1598 1657 1706 1712 25:
1742 1657 1970 1713 Catula—

389 1754 581 1806 tionem
612 1751 798 1804 rustici
837 1758 1043 1809 vocant.
1079 1749 1327 1818 gestiente
1364 1759 1556 1802 natura
1596 1750 1796 1802 semina
1829 1750 1970 1802 acci-

2072 553 2174 622 γῆς
2203 553 2324 605 ὅσον
2358 552 2598 622 μέτριον,
2635 550 2907 604 καὶτοῦτο
2943 551 3332 624 καταμερίζειν
3374 555 3453 616 είς
3478 550 3650 604 καλά-

2077 664 2204 716 μην,
2241 647 2336 700 καὶ
2370 645 2572 714 φλοιὸν,
2603 645 2820 709 καὶτὰς
2848 645 3018 716 θήκας
3066 645 3158 698 τοῦ
3187 647 3331 698 σίτου
3367 646 3460 698 καὶ
3489 641 3651 696 αὑτὸν

2067 740 2163 793 τὸν
2191 742 2335 791 σῖτον
2362 739 2456 792 καὶ
2486 739 2612 801 τοὺς
2643 737 2956 811 ἀνθέρικας.
2980 737 3046 790 Et
3077 737 3198 793 ideo
3227 737 3551 792 Aristoteles
3586 735 3654 789 li-

2073 831 2214 886 bello
2248 829 2323 882 De
2347 829 2620 898 juventute
2653 838 2703 882 et
2741 839 2927 882 senect.
2963 829 3051 882 rit.
3095 838 3252 882 mort.
3286 837 3336 882 et
3376 828 3650 896 respirat.,

2075 924 2271 994 capit.,
2297 924 2349 987 i,
2386 923 2602 978 radices
2617 938 2740 978 esse
2756 922 2833 975 ait
2853 937 2917 976 os
2939 922 3280 993 plantarum;
3303 919 3655 990 quemadmo-

2073 1014 2202 1067 dum
2231 1014 2375 1068 enim
2430 1014 2689 1068 animalia
2746 1028 2842 1083 per
2872 1028 2934 1067 os
2969 1013 3152 1068 cibum
3207 1012 3510 1082 excipiunt,
3547 1024 3657 1080 quo

2073 1106 2265 1160 vivunt
2309 1113 2363 1159 et
2412 1113 2834 1168 conservantur,
2889 1103 3077 1159 eadem
3113 1104 3326 1158 ratione
3372 1109 3427 1157 et
3458 1103 3659 1171 planta:

2075 1217 2172 1271 per
2220 1199 2436 1254 radices
2501 1197 2783 1252 humorem
2839 1206 2892 1252 et
2938 1197 3254 1251 alimentum
3327 1194 3659 1249 contrahunt

2081 1306 2191 1360 quo
2225 1297 2624 1345 sustentantur.
2679 1288 2860 1356 Quare
2905 1297 3085 1342 autem
3135 1288 3240 1343 hoc
3284 1287 3562 1342 contrarie
3600 1299 3662 1340 se

2075 1382 2238 1438 habet
2267 1381 2322 1436 in
2353 1382 2556 1452 plantis
2578 1391 2632 1435 et
2661 1380 2990 1436 animalibus
3035 1379 3155 1435 fuse
3179 1380 3379 1434 ibidem
3401 1379 3658 1449 explicat,

2076 1489 2236 1545 quem
2286 1475 2441 1542 vide;
2473 1481 2527 1529 et
2557 1473 2972 1543 Theophrastus
3006 1472 3084 1527 De
3106 1473 3232 1527 hist.
3257 1473 3451 1542 plant.,
3486 1473 3578 1524 lib.
3620 1486 3656 1533 ι.

2076 1583 2196 1637 cap.
2219 1567 2254 1620 ‘2
2286 1585 2297 1620 :
2327 1568 2484 1620 Ἔστι
2519 1567 2576 1619 δὲ
2623 1565 2748 1638 ῥίζα
2782 1566 2879 1636 μὲν
2907 1566 2972 1619 δι’
3002 1559 3062 1619 οὗ
3088 1567 3262 1638 τροφὴ
3290 1565 3575 1633 ἐπάγεται.

2151 1659 2314 1724 lbid.,
2345 1661 2440 1714 lin.
2471 1659 2560 1714 50.
2580 1659 2650 1712 Ἠ
2670 1658 2739 1711 δὲ
2767 1659 3007 1727 καλάμη
3035 1659 3139 1713 τοῦ
3176 1660 3372 1713 σίτου.
3401 1658 3660 1720 Basilius,

2079 1752 2227 1805 hom.
2259 1752 2292 1805 5
2324 1770 2336 1804 :
2372 1751 2498 1814 Πῶς
2523 1750 2713 1818 γόνασι
2747 1749 3105 1814 διαζώννυται
3141 1751 3172 1821 ἡ
3201 1751 3422 1822 καλάμη
3448 1750 3539 1803 τοῦ
3577 1752 3660 1802 σί-

388 1861 506 1914 pere
533 1860 690 1913 eoque
726 1843 960 1895 animam
1008 1840 1261 1910 inferente
1303 1841 1545 1894 omnibus
1589 1842 1741 1894 satis.
1777 1840 1971 1896 Conci-

2081 1861 2190 1906 του,
2218 1844 2304 1896 ἵνα
2330 1842 2520 1915 ὥσπερ
2553 1842 2839 1914 σύνδεσμοι
2867 1860 3010 1906 τινες
3038 1843 3238 1915 ῥᾳδίως
3270 1843 3330 1896 τὸ
3361 1842 3525 1913 βάρος
3551 1842 3662 1896 τῶν

389 1939 538 2006 piunt
578 1936 736 1990 variis
773 1934 978 1997 diebus,
1003 1942 1051 1988 et
1085 1950 1181 2002 pro
1223 1950 1322 1986 sua
1359 1950 1574 2004 qumque
1607 1944 1828 1997 natura,
1863 1935 1974 1988 alia

388 2032 630 2101 protinus
654 2038 708 2082 ut
734 2027 1016 2089 animalia,
1060 2026 1266 2080 tardius
1299 2027 1502 2096 aliqua,
1536 2037 1586 2082 et
1616 2027 1816 2081 diutius
1851 2045 1975 2098 gra-

389 2123 509 2179 vida
539 2132 723 2193 partus
773 2130 959 2192 gerunt
983 2137 1002 2173 :
1025 2119 1165 2190 quod
1217 2121 1530 2190 germinatio
1579 2122 1694 2174 ideo
1734 2130 1972 2175 vocatur.

390 2215 618 2270 Pariunt
669 2231 787 2268 vero
815 2230 933 2266 cum
962 2213 1176 2282 ﬂorent,
1219 2213 1418 2281 ﬂosque
1448 2212 1538 2265 ille
1572 2214 1741 2282 ruptis
1767 2221 1976 2266 constat

405 2309 670 2362 utriculis.
726 2306 985 2359 Educatio
1028 2307 1078 2358 in
1108 2321 1260 2374 pomo
1288 2315 1365 2358 est
1389 2325 1400 2359 :
1427 2306 1521 2358 hoc
1551 2315 1601 2360 et
1633 2306 1971 2376 germinatio.

395 2401 531 2456 Vide
549 2400 1005 2470 Theophrastum,
1031 2397 1104 2452 De
1125 2397 1309 2451 histor.
1335 2401 1527 2466 plant.,
1556 2399 1648 2454 lib.
1669 2417 1749 2460 Ill,
1779 2416 1898 2470 cap.
1919 2399 1974 2466 6,

405 2507 469 2544 ex
523 2508 630 2560 quo
687 2507 785 2544 sua
838 2497 1118 2543 mutuatus
1179 2500 1261 2543 est
1315 2486 1545 2542 Plinius.
1602 2488 1976 2544 Pulcherrime

391 2582 614 2646 Ocellns
636 2581 913 2646 Lucanus,
943 2581 1036 2634 lib.
1091 2597 1186 2635 vnn
1229 2581 1303 2635 De
1328 2582 1671 2647 univcrso,de
1701 2583 1975 2637 seminum

389 2683 536 2741 ortu,
581 2685 634 2730 et
663 2675 925 2729 arborum
970 2675 1331 2745 productione
1365 2675 1633 2729 circulum
1667 2675 1972 2730 constituit.

391 2766 632 2822 Arbores
653 2768 799 2822 enim
823 2766 1055 2821 fructum
1082 2766 1338 2832 ferentes,
1364 2777 1680 2837 caeteraeque
1694 2769 1893 2837 plantae
1911 2785 1976 2824 ex

391 2859 694 2913 seminibus
734 2859 819 2914 sui
862 2866 1020 2912 ortus
1059 2858 1275 2912 initium
1321 2857 1545 2924 habent,
1603 2859 1816 2916 fructus
1844 2877 1977 2915 vero

392 2949 646 3021 producti
676 2960 729 3004 et
757 2949 870 3018 jam
903 2948 1128 3020 perfecti
1181 2966 1377 3005 rursus
1411 2952 1479 3005 ab
1504 2951 1693 3006 eodem
1728 2952 1782 3006 in
1833 2951 1975 3008 idem

392 3050 736 3095 connueante
778 3047 977 3093 natura
1012 3040 1415 3096 dissolvuntur.
1463 3039 1616 3106 Quod
1652 3049 1706 3096 et
1739 3041 1806 3098 de
1841 3058 1973 3111 qua-

391 3143 518 3189 tuor
547 3133 940 3186 elementorum
971 3135 1319 3204 generatione
1335 3135 1532 3188 asserit
1560 3153 1572 3188 :
1601 3135 1720 3206 Πῦρ
1747 3135 1845 3206 μὲν
1868 3135 1977 3209 γὰρ

390 3228 471 3290 εἰς
503 3225 561 3278 ἓν
613 3225 1004 3297 συνερχόμενον
1041 3225 1185 3298 ἀέρα
1226 3227 1524 3297 ἀπογεννᾷ,
1577 3225 1686 3298 ἀὴρ
1718 3227 1775 3280 δὲ
1809 3226 1974 3299 ὕδωρ,

393 3317 538 3390 ὕδωρ
572 3317 628 3369 δὲ
657 3319 782 3388 γῆν,
815 3319 922 3372 ἀπὸ
950 3319 1053 3388 γῆς
1079 3318 1135 3372 δὲ
1170 3319 1204 3389 ἡ
1238 3318 1376 3372 αὐτῇ
1409 3317 1658 3390 περίοδος
1684 3320 1782 3390 τῆς
1811 3337 1981 3390 μετα-

393 3406 556 3476 ϐολῆς
591 3407 754 3478 μέχρι
786 3406 980 3478 πυρὸς,
1014 3407 1136 3460 ὅθεν
1172 3407 1378 3480 ἤρξατο
1424 3408 1799 3480 μεταϐάλλειν.
1824 3412 1885 3464 Οί
1923 3409 1980 3462 δὲ

393 3499 595 3569 καρποὶ
632 3500 726 3551 καὶ
749 3497 817 3551 τὰ
850 3498 1076 3552 πλεῖστα
1110 3501 1216 3554 τῶν
1251 3500 1552 3572 ῥιζοφύτων
1585 3502 1693 3557 ἀπὸ
1729 3504 1983 3575 σπερμά-

392 3609 500 3645 των
522 3592 779 3646 ἀνέλαϐον
806 3591 904 3664 τὴν
931 3592 1104 3666 ἀρχὴν
1138 3596 1236 3666 τῆς
1266 3597 1562 3665 γενέσεως*
1618 3598 1982 3669 καρπωθέντα

393 3682 452 3736 δὲ
493 3682 584 3736 καὶ
642 3683 1136 3755 τελεσφορήσαντα,
1186 3686 1348 3741 πάλιν
1406 3688 1499 3742 ἐπὶ
1547 3689 1608 3742 τὸ
1639 3689 1858 3760 σπέρμα
1881 3691 1982 3762 τὴν

394 3776 651 3830 ἀνάλυσιν
683 3778 918 3829 ποιεῖται
962 3777 1071 3830 ἀπὸ
1119 3777 1212 3831 τοῦ
1265 3779 1453 3842 αὑτοῦ,
1502 3781 1597 3834 καὶ
1629 3781 1722 3835 ἐπὶ
1756 3782 1818 3835 τὸ
1851 3783 1984 3835 αὐτὸ

393 3867 483 3937 sip
531 3863 760 3929 διέξοδον
782 3866 1207 3938 ἐπιτελουμένης
1235 3869 1333 3940 τῆς
1365 3870 1598 3934 φύσεως.

468 3958 630 4019 lbid.,
673 3959 771 4013 lin.
824 3959 911 4014 38.
957 3961 1180 4014 Νοτίὸα
1224 3961 1333 4031 γὰρ
1395 3965 1641 4033 θερμήν.
1703 3965 1982 4034 Basilius,

396 4051 546 4105 hom.
573 4050 607 4105 5
639 4070 652 4106 :
687 4051 858 4104 Ὅταν
897 4053 952 4115 ὲς
981 4053 1083 4123 γῆν
1113 4054 1398 4125 καταπέσῃ
1424 4055 1485 4108 τὸ
1515 4056 1736 4128 σπέρμα
1768 4058 1984 4130 συμμέ-

399 4159 544 4215 τρως
569 4142 773 4208 νοτίδος
799 4144 892 4196 καὶ
922 4143 1132 4217 Θέρμης
1176 4144 1298 4216 ἔχου
1309 4164 1424 4203 σαν.
1471 4147 1667 4218 χαῦνον
1695 4149 1984 4221 γενόμενον

397 4235 491 4288 καὶ
529 4233 855 4307 πολύπορον,
883 4236 983 4306 τῆς
1013 4239 1426 4311 παρακειμένης
1455 4241 1562 4312 γῆς
1586 4241 1987 4315 περιδραξάμε-

399 4341 521 4390 νον,
559 4325 627 4377 τὰ
660 4328 836 4379 οἰκεῖα
877 4327 973 4380 καὶ
1008 4328 1261 4399 σύμφυλα
1296 4331 1432 4401 πρὸς
1466 4331 1626 4384 ἑαυτὸ
1659 4333 1981 4387 ἐπισπᾶται.

327 4467 334 4474 ,
410 4415 781 4486 Ἐμπίπτοντα
808 4418 864 4470 δὲ
879 4422 992 4483 τοῖς
1018 4421 1226 4492 πόροις,
1243 4423 1338 4475 καὶ
1366 4423 1868 4495 περιολισθαίνοντα
1888 4426 1984 4496 τῆς

2076 1937 2363 2007 ἀσταχύων
2397 1937 2656 2007 φέρωσιν,
2683 1937 2808 1990 ὅταν
2834 1936 3063 2006 πλήρεις
3092 1937 3241 2000 ὄντες
3270 1935 3496 2008 καρπῶν
3526 1938 3663 2008 πρὸς

2076 2032 2173 2100 τὴν
2203 2032 2304 2101 γῆν
2335 2029 2805 2096 κατακλίνωνται;
2862 2029 2961 2083 Διά
2999 2029 3154 2083 τοῦτο
3183 2031 3211 2082 ὁ
3242 2031 3338 2101 μὲν
3368 2029 3567 2100 βρόμος
3593 2030 3660 2082 δι’

2076 2123 2199 2176 ὅ)ου
2231 2123 2404 2189 κενὸς,
2431 2123 2525 2176 ἆτε
2553 2123 2744 2194 μηδενὶ
2773 2122 2870 2194 τὴν
2897 2121 3136 2193 κεφαλὴν
3161 2122 3546 2193 βαρυνόμενος,
3569 2121 3663 2176 τὸν

2076 2214 2132 2267 δὲ
2169 2217 2313 2268 σῖτον
2341 2217 2452 2278 τοῖς
2486 2215 2803 2286 συνδέσμοις
2835 2214 3044 2278 τούτοις
3072 2217 3104 2286 ἡ
3142 2215 3303 2284 φύσις
3327 2216 3662 2288 κατησφαλί-

2080 2325 2228 2361 σατο.
2268 2309 2354 2361 Ἐν
2382 2307 2525 2380 Θήκῃ
2575 2309 2632 2362 δὲ
2665 2309 2758 2363 τὸν
2787 2309 2986 2364 κόκκον
3015 2309 3346 2380 ἀποθεμένη,
3370 2310 3445 2373 ὡς
3473 2312 3547 2381 μὴ
3575 2311 3663 2364 εύ-

2076 2398 2410 2470 διόιρπαστον
2438 2395 2576 2451 εἶναι
2607 2401 2720 2461 τοῖς
2748 2399 3163 2472 σπερμολόγοις,
3183 2400 3262 2452 ἔτι
3293 2401 3389 2454 καὶ
3415 2404 3477 2472 τῇ
3510 2417 3665 2471 περι-

2079 2493 2206 2564 ϐολῇ
2240 2493 2350 2546 τῶν
2395 2493 2700 2566 ἀνθερίκων
2744 2489 2854 2547 οἷον
2899 2495 3049 2548 ἀκίσι
3079 2494 3177 2559 τὰς
3207 2497 3270 2549 ὲκ
3302 2495 3410 2548 τῶν
3455 2497 3664 2568 μικρῶν

2079 2584 2232 2650 ζώων
2280 2586 2539 2656 ἀφίστησι
2587 2586 2812 2657 βλάϐας.
2850 2586 3046 2642 Cicero
3091 2586 3159 2642 de
3214 2595 3495 2643 senectute
3549 2587 3664 2642 btet:

2078 2678 2262 2732 omnia
2286 2677 2652 2735 disertissime
2680 2681 3032 2750 prosequitur
3058 2695 3071 2731 :
3105 2679 3420 2751 Quanquam
3446 2697 3528 2734 me
3549 2683 3637 2751 qui
3647 2710 3666 2721 -

2078 2769 2197 2822 dem
2228 2786 2331 2824 non
2363 2770 2568 2839 fructus
2597 2773 2774 2829 modo.
2800 2772 2887 2826 sed
2909 2773 3069 2826 etiam
3093 2773 3257 2840 ipsius
3287 2782 3442 2826 terrce
3465 2773 3557 2842 jus
3603 2788 3666 2825 ac

2080 2871 2278 2918 natura
2320 2862 2546 2917 delectat
2577 2879 2595 2917 :
2626 2880 2742 2933 qua:
2763 2881 2880 2918 cum
2943 2865 3139 2935 gremio
3176 2865 3378 2919 mollito
3436 2882 3498 2918 ac
3536 2865 3666 2918 sub-

2080 2961 2197 3007 acto
2217 2969 2391 3008 semen
2425 2970 2669 3023 sparsum
2692 2956 2885 3024 excipit
2918 2972 2937 3010 :
2983 2957 3213 3025 primum
3243 2955 3298 3010 id
3347 2969 3667 3011 occa'catum

2080 3043 2327 3109 cohibet;
2378 3061 2444 3100 ex
2471 3063 2572 3117 quo
2605 3049 2832 3112 occatio,
2887 3064 3002 3118 qua:
3052 3048 3147 3102 hoc
3187 3049 3360 3119 efficit,
3394 3051 3666 3103 nominata

2003 3181 2046 3238 C
2083 3147 2203 3192 est:
2231 3138 2422 3193 deinde
2453 3139 2768 3210 tepefactum
2799 3157 2988 3209 vapore
3017 3151 3064 3195 et
3099 3157 3400 3210 compressu
3429 3159 3527 3196 suo
3567 3143 3670 3212 dif—

2082 3232 2286 3302 fundit,
2309 3243 2359 3287 et
2398 3235 2544 3288 elicit
2573 3235 2955 3291 herbescentem
2986 3253 3050 3291 ex
3075 3254 3134 3291 eo
3163 3237 3481 3292 viriditatem
3505 3255 3524 3303 ;
3551 3254 3670 3310 qua:

2091 3327 2180 3379 via:
2223 3344 2255 3379 a
2287 3327 2438 3396 ﬁbris
2484 3328 2763 3397 stirpium,
2821 3332 3016 3384 sensim
3061 3330 3333 3395 adolescit,
3397 3331 3671 3401 culmoque

2093 3433 2268 3472 erecta
2295 3419 2616 3486 geniculato,
2650 3423 2854 3492 vaginis
2877 3423 2997 3492 jam
3014 3426 3168 3494 quasi
3194 3424 3472 3494 pubescens
3496 3426 3670 3479 inclu-

2084 3509 2252 3573 ditur,
2287 3527 2316 3564 e
2352 3510 2540 3580 quibus
2585 3529 2703 3565 cum
2743 3517 3010 3570 emerserit
3031 3557 3044 3580 ,
3073 3516 3247 3586 fundit
3273 3517 3472 3588 frugem
3499 3519 3670 3588 spisso

2085 3599 2270 3654 ordine
2303 3612 2561 3666 sructam,
2603 3611 2652 3657 et
2683 3613 2870 3658 contra
2917 3609 3094 3660 avium
3142 3611 3406 3665 minorum
3436 3628 3668 3666 morsum

2087 3695 2325 3747 munitur
2371 3693 2512 3748 vallo
2554 3696 2872 3750 aristarum.
2923 3696 3076 3753 Hanc
3135 3701 3263 3757 item
3323 3711 3532 3758 natura:
3563 3705 3670 3758 vim

2085 3787 2161 3840 ita
2194 3786 2429 3856 explicat
2453 3785 2764 3842 Alexander
2790 3787 3171 3859 Aphrodiscus
3208 3792 3268 3847 in
3299 3795 3393 3850 lib.
3441 3813 3479 3863 ι,
3530 3796 3670 3850 Pro-

2089 3879 2244 3932 blem.
2277 3879 2329 3932 in
2355 3894 2588 3949 prooem.
2614 3897 2626 3934 ε
2658 3879 2916 3952 Καρποῦς
2947 3881 3002 3936 δὲ
3027 3882 3237 3949 πάντας
3263 3889 3358 3942 καὶ
3380 3890 3672 3961 σπέρματα

2089 3972 2226 4042 πρὸς
2251 3971 2466 4040 γένεσιν
2499 3973 2592 4026 καὶ
2625 3973 2876 4046 διαδοχὴν
2906 3973 3001 4028 τοῦ
3023 3976 3213 4044 γένους
3235 3983 3608 4056 τεκτηναμένη
3634 3986 3668 4054 ἡ

2089 4065 2520 4136 φύσις,λεπίσιν,
2551 4067 2582 4138 ἢ
2615 4066 2828 4137 σώμασί
2857 4084 2998 4122 τισιν
3019 4070 3257 4142 ὑγροῖςῆ
3294 4071 3601 4140 ξυλώδεσιν,
3635 4078 3668 4148 ἢ

2087 4159 2372 4230 δέρμασιν,
2412 4160 2614 4231 ὁμοίως
2669 4161 3008 4231 ἠσφαλίσατο
3033 4177 3048 4191 ·
3072 4163 3321 4234 καθάπερ
3368 4167 3426 4218 ὲν
3455 4169 3673 4239 κιϐωτῷ

2089 4253 2308 4316 τούτους
2347 4253 2714 4326 ἀποκρύψασα
2749 4256 2887 4327 πρὸς
2918 4257 3207 4328 ἀποφυγὴν
3250 4259 3447 4329 κρύους
3479 4262 3512 4332 ἦ
3548 4262 3674 4317 Θάλ-

2091 4346 2297 4418 πους,ἦ
2329 4345 2485 4409 ζώων
2513 4346 2672 4400 τινῶν
2692 4347 3039 4401 ἀδικούντων.
3057 4349 3168 4401 Καὶ
3199 4350 3328 4403 αὐτὸ
3347 4351 3403 4405 δὲ
3427 4353 3488 4406 τὸ
3517 4356 3644 4426 περί
3661 4387 3673 4396 -

2091 4435 2278 4508 ϐλημα
2319 4437 2600 4502 παντελῶς
2644 4441 2862 4510 ἀχρεῖον
2891 4442 2951 4493 ού
2985 4441 3320 4511 κατέλειψεν,
3354 4443 3488 4498 ἀλλά
3538 4448 3676 4518 πρὸς

397 4505 504 4601 γῆς
552 4507 621 4560 τά
667 4505 967 4601 λεπτότατα
997 4510 1184 4581 μόρια,
1218 4511 1311 4564 ἐπὶ
1357 4513 1518 4566 πλέον
1545 4514 1828 4587 ἀνευρύνει
1858 4515 1984 4578 τοὺς
2019 4523 2060 4576 D
2091 4505 2296 4600 τράφὴν
2322 4505 2756 4601 παρεσκεύασέζλ,

397 4597 595 4667 ὄγκους
623 4598 809 4663 αὑτοῦ,
851 4598 990 4653 ὥστε
1016 4602 1297 4672 ῥιζοῦσθαι
1332 4605 1430 4676 μὲν
1459 4608 1540 4669 είς
1587 4607 1648 4658 τὸ
1689 4607 1859 4672 κάτω,
1895 4607 1986 4660 ἐπὶ

397 4691 461 4744 τὸ
483 4691 594 4746 ἄνω
626 4690 682 4743 δὲ
716 4691 1052 4762 προκύπτειν
1084 4695 1386 4767 ἰσαρίθμων
1406 4701 1528 4761 ταῖς
1550 4697 1726 4769 ῥίζαις
1753 4700 1860 4752 τῶν
1885 4717 1986 4753 κα-

399 4783 588 4856 λάμων
618 4785 1094 4858 προϐαλλομένων.
1118 4787 1349 4846 Joannis
1371 4807 1470 4856 xu,
1493 4790 1747 4848 Christus
1780 4796 1988 4864 optima

401 4875 764 4930 similitudine
794 4892 860 4930 ex
889 4892 1060 4945 grano
1085 4877 1140 4931 in
1163 4888 1306 4934 terra
1333 4882 1600 4937 moriente
1629 4881 1986 4950 ducta,suam

400 4966 874 5038 glorificationem,
920 4984 1018 5023 nec
1055 4985 1162 5023 non
1193 4979 1247 5025 et
1275 4973 1507 5028 aliorum
1541 4977 1800 5030 ostendit.
1841 4977 1989 5044 Quo—

402 5060 566 5114 modo
598 5067 780 5115 autem
810 5078 876 5115 ex
904 5063 1131 5126 semine,
1168 5073 1262 5117 aut
1284 5066 1490 5135 planta.
1528 5076 1622 5122 aut
1655 5071 1858 5124 animal
1891 5086 1986 5142 ge-

404 5159 630 5204 neretur
662 5153 831 5208 habes
861 5170 925 5208 ex
960 5154 1254 5210 Aristotele
1293 5173 1332 5210 ιι
1391 5157 1468 5212 De
1509 5170 1745 5228 generat.
1795 5162 1986 5226 anim.,

402 5255 526 5308 cap.
559 5240 610 5302 1,
641 5243 733 5297 ubi
769 5243 884 5298 haec
916 5245 1074 5315 longe
1103 5245 1294 5310 dubia,
1345 5255 1399 5302 et
1429 5257 1804 5318 centroversa,
1852 5254 1989 5307 satis

404 5337 565 5384 acute
602 5332 744 5385 sicut
774 5343 828 5388 et
869 5342 1066 5390 cmtera
1121 5337 1306 5390 omnia
1339 5339 1756 5408 perpenduntur
1808 5347 1862 5394 et
1895 5356 1991 5394 ex-

405 5424 700 5492 plicantur.

477 5515 635 5578 lbid.,
661 5518 758 5573 lin.
790 5519 880 5576 45.
926 5521 1320 5594 Θαλπομένου
1350 5522 1419 5577 δὲ
1446 5525 1537 5578 ἀεὶ
1573 5523 1678 5579 τοῦ
1713 5526 1990 5594 ,ϐλαστή-

398 5626 606 5677 ματος.
665 5609 917 5676 Basilius,
968 5615 1117 5670 hom.
1154 5617 1187 5670 5
1239 5635 1251 5671 :
1306 5616 1655 5689 Θαλπομένου
1697 5618 1752 5672 δὲ
1781 5621 1867 5672 ἀεὶ
1895 5621 1988 5674 τοῦ

407 5701 784 5774 βλαστήματος
821 5707 1124 5779 συρομένην
1167 5709 1254 5762 διά
1287 5709 1394 5763 τῶν
1439 5709 1605 5781 ῥιζῶν
1649 5711 1746 5784 τὴν
1786 5712 1984 5778 νοτίδα,

487 5793 532 5826 *⁸
571 5792 698 5850 Cen.
737 5813 813 5858 ιιι.
852 5796 937 5854 i8.

855 5895 1124 5957 PATROL.
1165 5896 1282 5958 Gn.
1321 5899 1552 5962 XVIII.

2163 4618 2326 4685 lbid.,
2376 4620 2474 4675 lin.
2513 4620 2603 4676 57.
2639 4620 2751 4675 Καὶ
2783 4623 2836 4675 εὶ
2868 4622 3334 4692 συνεϐλὰστησε
3385 4627 3509 4693 τοῖς
3553 4644 3678 4693 τρο-

2090 4709 2310 4779 φίμοις.
2379 4709 2639 4778 Basilius,
2672 4711 2824 4768 hom.
2861 4713 2895 4767 5
2926 4732 2940 4766 :
2974 4714 3084 4766 Kal.
3126 4714 3328 4779 εὐθέως
3363 4716 3675 4788 συνεξεξὸοη

2089 4803 2204 4864 τοῖς
2235 4801 2524 4872 τροφίμοις
2550 4803 2620 4856 τά
2653 4803 2976 4877 δηλητήρια,
3011 4806 3149 4876 μετά
3172 4807 3265 4860 τοῦ
3299 4807 3445 4862 σίτου
3477 4809 3538 4862 τὸ
3569 4816 3678 4863 κώ-

2092 4909 2254 4957 νειον,
2309 4893 2450 4964 μετά
2503 4895 2611 4948 τῶν
2644 4895 2848 4950 λοιπῶν
2891 4898 3196 4968 τροφίμων,
3248 4899 3527 4973 ἐλλέϐορος
3583 4904 3677 4956 καὶ

2092 4983 2360 5046 ἀκόνιτον,
2401 4987 2495 5038 καὶ
2522 4986 2904 5058 μανδραγόρας
2934 4989 3028 5042 καὶ
3055 4990 3084 5041 ὀ
3107 4990 3208 5059 τῆς
3242 4992 3490 5062 μήκωνος
3523 4992 3672 5056 ὀπός.

2093 5075 2279 5131 Multis
2315 5077 2455 5131 hanc
2491 5079 2855 5146 quaestionem
2889 5083 3166 5151 proponit,
3197 5090 3252 5137 et
3280 5084 3530 5140 dissolvit
3568 5083 3678 5139 Lu-

2093 5166 2322 5223 dovicus
2353 5166 2577 5232 Fidelis,
2604 5169 2677 5222 De
2706 5169 2892 5223 mundi
2918 5181 3212 5236 structura,
3235 5174 3331 5227 lib.
3366 5190 3437 5242 iv,
3474 5190 3594 5245 cap.
3621 5175 3674 5239 G,

2092 5271 2146 5318 et
2185 5263 2483 5334 respondet
2521 5279 2712 5319 eorum
2770 5266 3042 5333 Opinioni,
3093 5269 3188 5338 qui
3243 5267 3443 5326 herbas
3486 5271 3678 5327 noxias

2095 5361 2251 5409 sexto
2275 5355 2364 5410 die
2384 5365 2508 5425 post
2538 5356 2700 5426 primi
2736 5358 2981 5426 parentis
3005 5362 3499 5428 transgressionem
3542 5377 3676 5417 eon-

2094 5447 2238 5501 ditas
2276 5447 2611 5510 sentiebant,
2647 5447 2740 5501 illa
2784 5449 3044 5503 suasione
3071 5452 3327 5517 permoti,
3357 5451 3503 5522 quod
3536 5452 3679 5509 Deus

2095 5535 2372 5591 hominem
2399 5536 2796 5604 condemnans,
2828 5537 3072 5592 futurum
3107 5539 3410 5609 respiciens
3431 5543 3631 5597 dixerit
3661 5564 3673 5598 :

2096 5624 2424 5682 Geminabit
2458 5627 2554 5682 tibi
2587 5637 2728 5682 terra
2767 5629 2988 5684 tribulos
3030 5639 3083 5684 et
3121 5632 3301 5702 spinas
3321 5633 3387 5698 “,
3444 5634 3680 5706 ideoque

2092 5729 2283 5776 rentur
2317 5723 2370 5776 in
2423 5721 2807 5792 hujuscemodi
2854 5725 3320 5794 transgressionis
3357 5741 3576 5796 pmnam
3611 5743 3676 5783 ac

3285 5907 3360 5967 9.7
