4124 6448
414 395 517 453 845

1756 386 1934 443 LEON
1941 386 2003 442 IS
2040 386 2320 442 ALLATII

3554 349 3661 436 84s

412 494 707 574 vindictam
734 513 930 568 herbas
955 512 1146 566 noxias
1170 511 1978 582 post'Adaz'pravaricationem

2094 509 2305 581 λέϐορον
2329 511 2438 572 τοῖς
2466 507 2772 579 ἀνθρώποις
2792 503 3114 578 δηλητήριον
3140 503 3288 566 bina,
3316 501 3492 575 ψᾶρες
3516 501 3574 556 δὲ
3599 501 3663 556 τὸ

413 607 589 665 solum
625 602 795 658 fuisse
837 599 1150 665 productas.
1187 599 1329 654 Vera
1365 606 1546 654 tamen
1577 604 1688 652 est
1715 595 1988 652 sententia

416 696 683 754 Eustatliii
710 702 763 750 et
793 695 1025 748 aliorum
1046 693 1142 763 qui
1172 693 1370 748 herbas
1392 691 1491 747 has
1522 691 1710 745 noxias
1733 703 1840 744 una
1861 701 1987 742 cum

417 790 536 845 aliis
571 787 756 843 herbis
782 795 1067 856 generatas
1098 783 1394 839 existimat.
1434 782 1605 836 Noxia
1641 780 1788 836 enim
1814 787 1868 834 et
1897 794 1978 834 ve-

409 896 623 937 nenosa
658 879 822 934 rebus
855 877 976 931 aliis
1005 877 1290 931 commista
1316 875 1557 929 humano
1573 873 1756 944 generi
1785 873 1840 926 in
1862 887 1988 925 cor-

421 973 569 1043 poris
599 969 1018 1040 :egritudinibus
1070 967 1330 1022 sanandis
1359 965 1504 1019 usui
1536 973 1683 1020 sunt.
1724 961 1834 1016 Nec
1880 977 1988 1015 non

419 1062 747 1117 animalibus
778 1059 1128 1130 quibusdam,
1182 1072 1372 1116 eorum
1422 1055 1672 1126 corporis
1721 1054 1990 1107 constitu-

421 1157 568 1210 tione
612 1154 686 1208 ita
735 1160 1016 1222 poscente,
1054 1165 1169 1221 pro
1221 1150 1481 1204 alimento
1540 1147 1889 1214 deserviunt,
1931 1153 1990 1199 ut

420 1247 683 1316 exemplis
718 1243 945 1298 inferius
977 1239 1539 1312 patebit.'Lucretius,
1577 1239 1673 1292 lib.
1701 1254 1732 1290 v
1767 1255 1782 1292 :

525 1422 790 1476 Prazterea
823 1420 971 1474 nobis
998 1429 1262 1473 veratrum
1289 1429 1365 1472 est
1398 1434 1517 1471 acre
1553 1431 1821 1477 reuenum,

526 1497 595 1544 At
645 1492 815 1558 capris
856 1491 1058 1559 adipes,
1105 1498 1153 1543 et
1190 1488 1550 1541 colui-uicibus
1591 1497 1770 1556 auget.

528 1562 728 1631 Quippe
756 1560 924 1613 videre
961 1563 1077 1631 licet
1107 1561 1440 1631 pinguescere
1475 1573 1610 1625 sa’pe
1632 1559 1806 1609 cicuta

522 1629 838 1701 Barbigeras
856 1629 1097 1700 pecudes,
1129 1629 1326 1683 homini
1349 1645 1464 1697 quae
1476 1640 1554 1683 est
1581 1644 1702 1680 acre
1720 1643 1985 1680 venenum.

420 1812 563 1866 idem
611 1811 852 1866 sentiunt
905 1809 1279 1865 Theodoretus
1323 1817 1374 1865 et
1406 1809 1764 1875 Ambrosius;
1797 1817 1850 1864 ct
1883 1807 1990 1862 Au-

423 1905 611 1958 sonius
643 1904 718 1956 ait
747 1922 763 1956 :

495 2085 693 2139 Toxica
719 2083 955 2153 zelotypo
978 2081 1122 2135 dedit
1154 2097 1288 2135 uxor
1310 2081 1509 2134 mce‘cha
1531 2098 1741 2144 veneno,

566 2154 677 2208 Nec
704 2155 833 2208 satis
868 2153 936 2205 ad
964 2163 1179 2205 mortem
1221 2153 1440 2204 credidit
1468 2169 1580 2205 esse
1595 2153 1802 2205 datum.

497 2225 714 2279 Miscuit
738 2225 942 2292 argenti
963 2222 1181 2275 lethalia
1201 2221 1436 2289 pondera
1465 2223 1587 2288 vivi,

561 2294 780 2365 Cogeret
799 2303 855 2346 ut
878 2294 1091 2365 celerem
1109 2293 1185 2365 eis
1202 2293 1468 2365 geminata
1499 2309 1692 2346 necem.

496 2361 709 2419 Dividat
737 2366 845 2417 haec
869 2364 1064 2432 siquis,
1095 2361 1299 2430 faciunt
1314 2363 1544 2415 discreta
1577 2379 1846 2426 venenum,

567 2435 874 2489 Antidotum
897 2442 1098 2486 sument
1131 2448 1247 2498 quae
1276 2434 1476 2485 sociata
1501 2433 1660 2488 bibet.

426 2591 515 2644 Sic
545 2597 597 2644 et
626 2588 982 2643 animantium
1017 2603 1214 2658 genera
1237 2587 1464 2658 pulchra
1485 2596 1635 2655 sunt,
1664 2597 1721 2641 et
1751 2586 1990 2641 homini-

426 2686 527 2738 bus
559 2699 664 2738 non
700 2681 882 2736 minus
929 2683 1080 2735 utilia
1120 2697 1283 2750 quam
1323 2681 1635 2736 necessaria
1675 2698 1688 2733 :
1726 2680 1990 2734 nonnulla

423 2783 602 2832 tamen
634 2775 940 2845 perniciosa
965 2783 1096 2828 sunt
1125 2783 1179 2829 et
1216 2773 1433 2828 nociva.
1461 2771 1672 2828 Plinius
1704 2770 1991 2825 Naturalis

427 2865 572 2921 Hist.
614 2867 710 2921 lib.
743 2883 804 2928 ιι,
840 2881 959 2936 cap.
995 2866 1084 2928 65,
1121 2866 1282 2918 aliam
1320 2865 1484 2934 hujus
1522 2864 1602 2919 rei
1641 2879 1864 2920 causam
1903 2879 1993 2917 as-

425 2956 603 3026 signat
631 2975 644 3010 :
680 2957 818 3022 Quin
871 2964 920 3008 et
967 2971 1162 3008 venena
1194 2963 1388 3007 terram
1417 2955 1584 3007 nostri
1619 2955 1888 3007 misertam
1910 2954 1994 3006 in-

424 3049 659 3108 stituisse
693 3045 835 3099 credi
875 3053 1076 3113 potest,
1124 3061 1186 3097 ne
1229 3045 1284 3096 in
1330 3043 1488 3097 twdio
1514 3043 1792 3098 dira’fftte
1831 3042 1992 3111 {amis

425 3156 588 3201 mors,
620 3149 773 3192 terra:
801 3139 1000 3192 meritis
1026 3138 1374 3201 alienissima,
1407 3137 1548 3190 lenta
1578 3153 1673 3190 nos
1717 3152 1994 3190 consume-

426 3240 503 3303 ret
531 3230 668 3293 tabe,
702 3246 763 3283 ne
795 3229 1026 3282 lacerum
1053 3243 1240 3295 corpus
1263 3226 1490 3296 abrupta
1523 3227 1901 3296 dispergerent,
1931 3241 1994 3279 ne
2022 3208 2063 3263 (ἶ

425 3323 598 3393 laquei
653 3331 910 3392 torqueret
960 3337 1112 3390 plena
1158 3330 1505 3389 pra'postera,
1557 3319 1765 3372 incluso
1805 3318 1997 3386 spiritu

422 3418 510 3470 cui
529 3427 849 3488 qutrrerelur
870 3416 1043 3470 exitus
1070 3431 1088 3468 :
1112 3430 1174 3468 ne
1215 3414 1266 3466 in
1284 3413 1546 3484 profundo
1566 3415 1789 3483 quaesita
1809 3423 1997 3480 morte,

423 3509 693 3578 sepultura
721 3507 913 3576 pabulo
945 3507 1114 3576 ﬁeret,
1161 3522 1223 3560 ne
1269 3506 1400 3574 ferri
1438 3510 1707 3559 cruciatus
1737 3504 1998 3559 scinderet

423 3619 636 3672 corpus.
675 3599 761 3654 Ita
792 3610 868 3654 est
913 3601 1153 3661 miserta,
1215 3601 1391 3668 genuit
1431 3599 1485 3651 id
1519 3599 1671 3665 cuius
1727 3599 1995 3668 facillimo

423 3694 638 3759 haustu,
669 3692 875 3745 illibata
911 3706 1146 3760 corpore,
1172 3700 1221 3744 et
1249 3707 1364 3743 cum
1403 3699 1510 3744 toto
1542 3691 1796 3760 sanguine
1823 3691 1998 3744 extin-

422 3799 720 3854 gueremur,
747 3783 894 3836 nullo
931 3783 1128 3846 labore,
1156 3781 1457 3835 sitientibus
1489 3781 1686 3835 similes
1721 3797 1738 3834 :
1768 3781 1998 3850 qualiter

422 3874 698 3942 defunctos
727 3888 831 3926 non
852 3871 1102 3937 volucris,
1131 3887 1233 3924 non
1256 3870 1371 3938 [era
1411 3871 1713 3939 attingeret,
1745 3879 1997 3940 ternaque

422 3973 736 4027 servaretur,
751 3965 839 4033 qui
854 3961 953 4016 sibi
973 3963 1070 4031 ipsi
1085 3961 1353 4030 periisset;
1372 3971 1440 4028 et,
1455 3973 1510 4015 ut
1524 3979 1695 4016 verum
1713 3963 1995 4031 fateamur,

425 4069 566 4112 terra
619 4058 767 4112 nobis
821 4058 1085 4110 malorum
1143 4057 1429 4110 remedium
1475 4062 1676 4126 genuit,
1722 4073 1814 4109 nos
1860 4055 1996 4109 illud

424 4152 542 4204 vita:
600 4150 825 4221 facimus
882 4165 1154 4204 venenum.
1203 4147 1310 4204 Sed
1364 4148 1497 4219 quid
1561 4147 1767 4202 diceret
1831 4147 1996 4203 homo

420 4242 697 4304 ethnicus,
734 4241 882 4295 omni
927 4240 1113 4294 divino
1158 4239 1364 4294 lumine
1406 4240 1723 4305 destitutus,
1777 4255 1994 4310 praeque

422 4333 610 4387 mundi
673 4332 835 4402 hujus
903 4333 1127 4387 caducis
1181 4331 1484 4398 blanditiis,
1539 4332 1676 4387 nihil
1711 4333 1994 4390 aestimans

421 4434 704 4490 :cternum,
727 4425 930 4478 nullam
956 4434 1282 4494 exspectans
1316 4425 1629 4481 felicitatem
1655 4425 1677 4478 ?

2091 601 2334 655 κώνειον.
2362 600 2688 655 Coturnices
2725 600 2852 651 item
2892 596 3122 652 venenis
3156 596 3518 666 pinguescere
3551 604 3663 648 trao

2091 691 2172 746 dit
2195 689 2406 744 Plinius
2433 690 2530 744 lib.
2564 705 2620 752 ι,
2665 703 2789 758 cap.
2829 687 2923 752 25,
2955 685 3330 740 Coturuicibus
3378 685 3556 738 veneni
3579 701 3664 739 se-

2091 804 2208 842 men
2231 788 2566 857 gratissimus
2590 786 2734 839 cibus
2757 801 2772 836 :
2798 801 2953 854 quam
2983 784 3044 838 ob
3072 801 3291 837 causam
3325 799 3412 837 eas
3434 781 3662 837 damna-

2091 897 2204 934 vere
2251 895 2464 942 menstc,
2502 879 2757 946 simulque
2797 878 3117 930 comitialem
3167 886 3380 946 propter
3416 875 3656 930 morbum

2091 974 2274 1040 despui
2307 982 2532 1036 suetum,
2566 987 2718 1040 quem
2749 970 2877 1022 sola:
2900 968 3218 1021 animalium
3249 968 3662 1048 sentiunt,pra:.—

2093 1076 2169 1119 ter
2191 1065 2473 1118 hominem.
2525 1062 2582 1116 lu
2613 1063 2698 1116 his
2731 1061 2892 1116 Plinii
2918 1062 3101 1116 verbis
3132 1060 3310 1114 obiter
3339 1057 3392 1112 id
3415 1059 3662 1112 animad-

2091 1153 2408 1209 vertendum
2451 1151 2519 1206 de
2568 1151 2832 1206 comitiali
2883 1150 3048 1204 verbo
3099 1164 3208 1201 non
3239 1147 3496 1201 omnibus
3540 1162 3663 1201 esse

2092 1260 2255 1299 unam
2295 1243 2648 1297 sententiam.
2683 1241 3004 1296 A-ristoleles
3047 1241 3100 1292 in
3147 1237 3410 1291 Problem.
3441 1239 3535 1302 ait,
3558 1237 3664 1291 M6-

2091 1346 2212 1392 νους
2267 1325 2583 1398 ἀνθρώπους
2623 1329 2680 1378 ὲν
2713 1327 2792 1397 τῷ
2811 1326 2918 1378 τῶν
2959 1325 3117 1389 ζώων
3141 1325 3286 1392 γένει
3326 1322 3662 1394 ἐπιλήπτους

2091 1419 2358 1488 γίνεσθαι.
2392 1419 2724 1473 Plutarchus
2751 1416 2901 1470 addit
2949 1413 3466 1484 capramzlacobus
3508 1413 3664 1468 Dele-

2093 1513 2361 1583 campius,
2422 1519 2477 1565 et
2535 1525 2722 1575 canes,
2775 1517 2828 1563 et
2872 1507 3003 1562 feles
3037 1517 3090 1562 et
3127 1508 3327 1560 arietes
3371 1521 3435 1560 eo
3467 1505 3662 1559 morbo

2092 1606 2320 1675 periisse
2337 1619 2394 1658 se
2425 1602 2627 1657 vidisse
2658 1608 2930 1665 testatur;
2966 1614 3165 1669 capras
3194 1608 3246 1652 et
3278 1612 3406 1652 oves
3431 1613 3496 1652 eo
3515 1612 3664 1650 mor-

2092 1697 2162 1751 bo
2197 1696 2382 1750 vexari
2412 1695 2577 1749 tradit
2609 1692 2985 1762 Hippocrates
3040 1691 3137 1745 lib.
3185 1690 3324 1758 Περὶ
3349 1689 3460 1758 τῆς
3496 1688 3663 1758 ἱερῆς

2091 1789 2303 1841 νόσου·
2333 1800 2504 1855 equos
2522 1783 2810 1854 Apsyrtus;
2832 1780 3142 1851 accipitres,
3169 1789 3222 1836 et
3250 1782 3502 1853 graculos
3532 1779 3664 1834 Bro-

2021 1868 2064 1922 Β
2094 1881 2244 1934 dans
2272 1879 2367 1933 lib.
2395 1893 2477 1942 ιιι,
2511 1891 2611 1946 cap
2634 1875 2737 1940 23;
2779 1875 2978 1929 Sextus
3010 1889 3139 1930 vero
3173 1873 3482 1944 Empiricus
3521 1871 3664 1943 Pyr-

2091 1969 2450 2040 rhonlepot.
2483 1968 2577 2022 lib.
2609 1984 2646 2028 ι,
2677 1982 2785 2021 non
2811 1965 3281 2031 lielleborum,sed
3301 1967 3536 2020 cicutam
3565 1981 3661 2019 co-

2091 2062 2335 2114 turnices
2353 2057 2753 2129 pinguefacere,
2771 2057 2930 2111 sicuti
2951 2056 3316 2129 hyoscyamus
3329 2072 3456 2111 sues
3472 2055 3660 2110 refert:

2092 2151 2166 2206 Τδ
2188 2150 2317 2221 γοῦν
2342 2149 2564 2203 κώνειον
2598 2149 2798 2202 πιαίνει
2827 2147 3222 2215 τοὺςδρτυγας,
3250 2149 3343 2201 καὶ
3373 2151 3400 2201 ὁ
3426 2147 3663 2200 ὑοσκύα-

2095 2263 2194 2316 μος
2215 2245 2312 2306 τὰς
2326 2238 2410 2309 ὗς,
2429 2243 2483 2296 αϊ
2500 2243 2562 2312 δὴ
2579 2241 2828 2312 χαίρουσι
2850 2243 2944 2295 καὶ
2967 2241 3346 2313 σαλαμὰνδρας
3364 2240 3663 2294 ὲσθίουσαι.

2165 2333 2324 2398 lbid.,
2357 2335 2454 2389 lin.
2484 2335 2536 2388 9.
2573 2333 2673 2386 Άιὰ
2709 2332 2777 2386 δὲ
2808 2333 2914 2386 τοῦ
2937 2333 3371 2402 μανδραγόρου.
3403 2331 3660 2393 Basilius,

2094 2427 2241 2482 hom.
2275 2428 2344 2482 5:
2373 2427 2492 2480 Ἐτι
2521 2426 2578 2479 δὲ
2611 2427 2704 2478 καὶ
2732 2425 2867 2478 αὐτὰ
2899 2426 3070 2478 ταῦτα
3105 2427 3160 2478 ἐν
3201 2423 3375 2496 καιρῷ
3406 2440 3534 2477 ποτε
3569 2423 3666 2476 καὶ

2093 2519 2226 2588 ἡμῖν
2265 2519 2532 2589 χρήσιμα.
2563 2517 2659 2570 Διὰ
2700 2516 2798 2587 μὲν
2827 2516 2935 2588 γὰρ
2968 2515 3060 2569 τού
3090 2516 3465 2587 μανδραγόρου
3497 2513 3666 2567 ὕπνον

2097 2610 2270 2680 ἰατροὶ
2324 2609 2724 2676 κατεπὰγουσιν
2765 2624 2778 2638 '
2819 2607 2960 2675 ὀπίῳ
2989 2607 3045 2660 δὲ
3071 2607 3169 2670 τὰς
3215 2606 3449 2679 σφοδρὰς
3475 2605 3666 2668 ὀδύνας

2091 2701 2201 2754 τῶν
2227 2701 2492 2770 σωμάτων
2520 2698 3002 2769 κατακοιμίζουσιν
3025 2716 3040 2729 ·
3066 2699 3165 2769 ἤδη
3205 2697 3262 2751 δέ
3285 2715 3429 2762 τινες
3449 2697 3528 2768 τῷ
3561 2715 3670 2751 κω⁹

2093 2793 2219 2864 νείῳ
2249 2794 2341 2846 καὶ
2383 2793 2444 2845 τὸ
2489 2791 2760 2855 λυσσῶδες
2815 2791 2922 2844 τῶν
2966 2790 3196 2861 ὀρέξεων
3258 2790 3668 2861 κατεμάραναν,

2095 2885 2188 2938 καὶ
2226 2883 2304 2954 τῷ
2356 2884 2624 2956 ἐλλεϐόρῳ
2652 2883 2821 2936 πολλὰ
2853 2882 2962 2935 τῶν
2989 2882 3221 2953 χρονίων
3260 2881 3448 2936 παθῶν
3480 2880 3670 2954 ἐξεμόο

2095 2977 2346 3047 χλευσαν.
2380 2975 2600 3030 Plenam
2638 2975 3016 3045 mandragorae
3048 2975 3229 3029 herbae
3267 2974 3670 3030 consideratio-

2096 3084 2218 3125 nem
2246 3069 2414 3124 liabes
2447 3069 2588 3140 apud
2625 3067 2860 3122 Plinium
2895 3068 2989 3121 lib.
3022 3083 3147 3132 xxv,
3185 3082 3304 3136 cap.
3336 3066 3420 3131 15,
3455 3066 3508 3119 in
3536 3081 3669 3135 quo,

2097 3172 2152 3216 et
2183 3161 2302 3229 ejus
2331 3161 2386 3214 in
2417 3161 2709 3214 medicinis
2736 3175 2870 3214 usus
2900 3158 3226 3227 explicatur,
3253 3157 3378 3226 ejus
3406 3157 3534 3209 item
3557 3156 3665 3209 vim

2101 3253 2438 3308 somniﬁcam
2472 3254 2545 3304 ita
2567 3251 2802 3321 explicat
2827 3268 2840 3303 :
2864 3235 3029 3302 Folia
3059 3259 3434 3302 conservantur
3462 3247 3517 3300 in
3551 3262 3668 3299 mu-

2101 3345 2184 3396 ris
2213 3343 2495 3412 efﬁcacius,
2532 3342 2668 3394 alias
2702 3341 2989 3394 recentium
3023 3355 3208 3394 succus
3249 3339 3410 3408 pestis
3432 3348 3510 3392 est
3546 3354 3564 3392 :
3594 3339 3670 3390 sic

2099 3452 2300 3504 quoque
2328 3437 2501 3488 noxia:
2525 3436 2678 3488 vires.
2718 3430 3062 3487 Gravedinem
3094 3435 3257 3486 etiam
3281 3433 3511 3502 afferunt
3531 3432 3670 3500 olla-

2100 3540 2186 3582 ctu
2217 3545 2234 3582 .·
2260 3545 2560 3599 quanquam
2587 3528 2730 3581 mala
2751 3529 2806 3580 in
2831 3527 3094 3598 aliquibus
3135 3529 3289 3582 terris
3323 3526 3668 3586 mandantur,

2100 3621 2262 3675 nimio
2301 3629 2473 3672 tamen
2490 3619 2649 3672 odore
2679 3620 3040 3672 obmutescunt
3062 3620 3255 3688 ignari.
3295 3617 3434 3672 Potu
3464 3617 3675 3688 quidem

2099 3711 2330 3781 largiore
2366 3711 2526 3764 etiam
2555 3711 2874 3765 moriuntur.
2925 3709 3009 3763 Vis
3041 3710 3316 3779 somniftca
3343 3725 3437 3778 pro
3475 3709 3675 3763 viribus

2101 3804 2405 3858 bibentium.
2444 3802 2622 3856 Media
2651 3803 2794 3871 potio
2818 3802 2996 3873 cyathi
3025 3807 3200 3856 unius.
3231 3801 3443 3854 Bibitur
3462 3813 3513 3855 et
3547 3818 3674 3856 con-

2100 3903 2183 3947 tra
2214 3904 2496 3963 serpentes,
2528 3904 2576 3947 et
2608 3904 2727 3946 ante
2756 3894 3010 3947 sectiones
3052 3894 3448 3963 punitionesque
3469 3909 3531 3946 ue
3552 3909 3672 3946 sen-

2101 3986 2322 4040 tiantur.
2357 3983 2435 4039 οι
2481 3985 2591 4038 licec
2625 3987 2757 4038 satis
2798 3993 2876 4038 est
2921 3983 3183 4052 aliquibus
3223 3999 3466 4037 somnum
3513 3983 3675 4038 odore

2097 4079 2369 4147 quwsisse.
2410 4076 2622 4129 Bibitur
2664 4085 2713 4128 et
2755 4091 2849 4143 pro
2893 4074 3154 4128 lielleboro
3185 4075 3385 4128 duobus
3421 4075 3588 4128 obolis
3619 4077 3674 4129 in

2098 4169 2291 4226 mulso.
2330 4168 2393 4222 Et
2415 4168 2778 4239 Theophrast.
2816 4167 2959 4220 Hist.
2989 4170 3162 4236 plant.
3201 4171 3293 4222 lib.
3329 4184 3401 4235 ιι,
3433 4185 3552 4239 cap.
3581 4171 3669 4233 10,

2098 4263 2367 4335 Καθάπερ
2401 4264 2497 4317 καὶ
2522 4263 2617 4316 τοῦ
2643 4262 3020 4334 μανδραγόρου
3050 4263 3112 4314 τὸ
3136 4263 3232 4318 ιιὲν
3257 4262 3454 4331 φύλλον
3482 4264 3674 4335 χρήσι·

2102 4373 2200 4427 μον
2246 4353 2383 4409 εἷναί
2429 4373 2559 4424 φασι
2601 4354 2737 4425 πρὸς
2786 4355 2855 4408 τὰ
2889 4355 3020 4425 ’ἐλκη
3059 4356 3177 4425 μετ’
3218 4355 3463 4424 ἀλφίτου,
3493 4356 3591 4426 τὴν
3618 4355 3680 4407 δὲ

2099 4449 2257 4522 ῥίζαν
2285 4448 2420 4520 πρὸς
2453 4449 2780 4520 ἐρυσίπελας
2813 4448 3096 4513 ξανθείσάν
3137 4467 3194 4503 τε
3221 4450 3314 4502 καὶ
3342 4449 3451 4513 ὄξει
3473 4449 3676 4503 δευθεῖ-

489 4540 609 4594 Col.
646 4538 771 4602 7l6,
806 4539 903 4592 lin.
953 4539 1007 4592 4.
1052 4539 1122 4591 Τὸ
1157 4539 1275 4609 μὲν
1313 4542 1421 4608 τὰρ
1445 4538 1714 4593 κώνειον.
1755 4539 1990 4596 Basilius

2100 4559 2218 4605 σαν,
2247 4541 2342 4593 καὶ
2375 4540 2512 4611 πρὸς
2537 4540 2604 4594 τὰ
2637 4540 2969 4612 ποδαγρικὰ,
2989 4543 3083 4595 καὶ
3105 4543 3241 4614 πρὸς
3265 4541 3430 4595 ὕπνον
3451 4544 3545 4595 καὶ
3565 4543 3679 4612 φίλ-

422 4631 569 4685 hom.
605 4630 672 4684 5:
699 4629 772 4682 Τὸ
803 4630 898 4700 μὲν
930 4629 1038 4701 γὰρ
1069 4628 1291 4684 κώνειον
1311 4632 1362 4684 οἱ
1390 4631 1564 4702 ψᾶρες
1588 4631 1873 4702 βόσκονται
1905 4634 1991 4686 διὰ

420 4723 517 4796 τὴν
539 4723 881 4793 κατασκευὴν
926 4723 1019 4776 τοῦ
1039 4721 1288 4791 σώματος
1314 4723 1410 4794 τὴν
1442 4727 1506 4777 ὲκ
1527 4723 1622 4777 τοῦ
1659 4724 1986 4798 δηλητηρίου

423 4809 627 4882 βλάϐην
673 4810 1174 4881 ἀποδιδράσκοντες.
1206 4813 1452 4877 Λεπτοὺς
1471 4813 1579 4886 γὰρ
1616 4815 1832 4885 ἔχοντες
1863 4817 1991 4878 τοὺς

419 4901 526 4955 ἀπὸ
555 4904 653 4973 τῆς
681 4900 905 4970 καρδίας
931 4900 1151 4971 πόρους,
1189 4902 1480 4972 φθάνουσιν
1516 4906 1753 4975 ἐκπέψαι
1781 4908 1842 4960 τὸ
1888 4924 1991 4960 κα-

418 4993 675 5058 ταποθὲν,
709 4995 835 5068 πρὶν
866 4994 963 5066 τὴν
993 4996 1085 5047 ἀπ’
1107 4996 1271 5049 αὑτοῦ
1304 4997 1464 5067 ψῦξιν
1484 4998 1592 5050 τῶν
1625 4999 1856 5070 καιρίων
1889 5017 1991 5052 κα-

419 5083 711 5154 θάψασθαι.
746 5086 1058 5141 Alexander
1101 5089 1474 5158 Aphrodiseus
1509 5090 1604 5146 lib.
1636 5106 1676 5158 ι,
1717 5087 1989 5145 Problem.

419 5180 474 5232 in
506 5179 842 5249 praefatione.
873 5178 1056 5245 Quare
1090 5193 1308 5236 veratro
1351 5183 1682 5247 coturnices,
1722 5192 1776 5236 et
1812 5182 1991 5237 sturui

417 5270 595 5324 cicuta
630 5281 941 5338 vescantur,
972 5272 1114 5327 inter
1164 5274 1498 5342 quaestiones
1551 5275 1988 5345 inexplicabiles,

418 5360 635 5432 Deoque
664 5363 765 5417 soli
803 5363 1071 5419 duntaxat
1111 5373 1370 5436 tanquam
1409 5381 1600 5421 eorum
1654 5367 1854 5422 artifici
1905 5384 1993 5424 so-

418 5451 710 5506 lertissime
731 5456 978 5523 cognitas
1009 5455 1207 5523 rejicit.

485 5542 648 5608 lbid.,
677 5545 770 5600 lin.
802 5546 856 5602 8.
898 5547 1009 5600 Τὸν
1040 5547 1107 5600 δὲ
1143 5549 1466 5618 ἐλλέϐορον
1489 5550 1787 5605 ἐσθίουσι.
1833 5551 1991 5607 Basi-

417 5633 524 5688 lius
545 5635 689 5690 hom.
717 5638 783 5690 5:
823 5639 1138 5710 Ἐλλέϐορος
1161 5641 1216 5693 δὲ
1233 5643 1478 5712 ὀρτύγων
1498 5644 1614 5696 ἐστὶ
1639 5644 1834 5716 τροφὴ,
1865 5645 1992 5698 ἰδιό-

416 5741 541 5796 τητι
568 5727 817 5796 κράσεως
838 5728 936 5800 τὴν
977 5729 1183 5802 βλάϐην
1210 5733 1650 5802 ἀποφευγόντων.
1687 5736 1995 5793 Alexander

416 5814 714 5885 Aphrodis.
751 5818 871 5872 loco
895 5821 1073 5888 citat.,
1109 5824 1376 5893 Ὀρτυγές
1396 5843 1452 5880 τε
1484 5825 1754 5880 σιτοῦνται
1784 5830 1874 5884 τὸν
1905 5832 1993 5885 ἐλ-

2096 4652 2220 4706 τρα.
2260 4633 2472 4686 Διδόασι
2500 4634 2555 4686 δὲ
2597 4636 2654 4686 ὲν
2682 4636 2866 4706 οίνῳῆ
2899 4638 2956 4688 ὲν
2990 4635 3122 4700 ὄξει.
3158 4635 3425 4705 Τέμνουσι
3458 4636 3515 4689 δὲ
3550 4652 3678 4707 τρο-

2098 4729 2322 4799 χίσκους
2373 4726 2556 4800 ὥςπερ
2606 4728 3244 4799 ῥαφανίδος,ὲνείραντες
3273 4727 3329 4781 δὲ
3367 4729 3426 4780 ὲν
3459 4728 3679 4798 γλεύκει

2101 4819 2410 4891 ἐκρέμασαν
2427 4820 2567 4889 ὑπὲρ
2585 4819 2812 4873 καπνοῦ.
2845 4819 2910 4874 Ει
2940 4819 3242 4890 chOphon
3267 4820 3322 4872 in
3343 4818 3623 4890 Symposio
3655 4840 3669 4874 :

2100 4911 2190 4982 Τῷ
2221 4911 2329 4982 γὰρ
2356 4911 2468 4965 ὄντι
2492 4909 2633 4975 οἶνος
2662 4913 2837 4984 ἄρδων
2863 4912 2962 4975 τὰς
2989 4912 3168 4982 ψυχὰς
3227 4913 3325 4977 τὰς
3373 4913 3471 4985 μὲν
3499 4912 3677 4975 λύπας

2092 5005 2283 5074 ὥσπερ
2312 5006 2340 5056 ὁ
2373 5005 2754 5075 μανδραγόρας
2782 5003 2908 5068 τοὺς
2941 5004 3261 5076 ἀνθρώπους
3292 5006 3548 5075 κοιμίζει,
3578 5006 3678 5067 τὰς

2093 5097 2148 5150 δὲ
2182 5097 2596 5168 φιλοφροσύνας,
2620 5097 2809 5168 ὥσπερ
2837 5096 3014 5149 ἔλαιον
3043 5097 3215 5167 φλόγα
3231 5098 3457 5168 ἐγείρει.
3485 5097 3539 5152 lu
3568 5114 3680 5166 quo

2098 5188 2478 5260 chOplmutis
2515 5191 2634 5244 loco
2665 5191 3014 5259 interpretem
3049 5191 3431 5252 allucinatum,
3468 5199 3522 5245 et
3554 5188 3680 5243 Pie-

2099 5284 2241 5336 rium
2286 5280 2631 5345 Valerianus,
2665 5283 2757 5336 lib.
2814 5297 2967 5348 Lvm,
2999 5299 3046 5337 c.
3067 5282 3134 5336 de
3171 5281 3525 5348 Mundragoru
3557 5296 3681 5334 ver-

2100 5377 2251 5427 sione
2292 5375 2458 5442 hujus
2487 5373 2799 5443 deceptum,
2833 5376 3038 5443 optime
3085 5373 3369 5426 annotavit
3395 5375 3480 5427 vir
3512 5373 3565 5425 in
3591 5387 3681 5424 sa-

2099 5466 2210 5520 cris
2233 5466 2573 5534 explicandis
2604 5465 2906 5535 Scripturis
2927 5464 3130 5518 nemini
3153 5464 3430 5518 secundus
3450 5464 3677 5517 Michael

2099 5555 2387 5619 Gislerius,
2408 5573 2568 5626 quem
2593 5573 2809 5626 semper
2829 5557 3061 5610 maxime
3075 5557 3374 5610 admiratus
3394 5571 3513 5610 sum
3531 5557 3680 5625 ejus-

2099 5663 2205 5717 que
2251 5651 2414 5702 verba
2459 5650 2696 5702 maximo
2725 5663 2846 5702 meo
2893 5663 2996 5701 usu
3023 5655 3077 5700 et
3122 5651 3408 5704 commodo
3462 5664 3680 5718 semper

2100 5741 2314 5810 excepi,
2336 5751 2388 5794 et
2411 5741 2464 5794 in
2503 5741 2644 5793 hanc
2669 5740 2811 5793 diem
2831 5739 3068 5809 excipio,
3099 5755 3262 5807 quem
3290 5739 3480 5794 multis
3518 5742 3676 5795 anuis

2100 5830 2359 5888 Ecclesia:
2389 5832 2672 5887 catholicae
2700 5832 2919 5886 utilitati
2944 5833 3213 5888 bonorum
3250 5832 3494 5886 einnium
3538 5834 3680 5889 votis
