4124 6418
403 419 525 475 843.

1365 423 1431 475 IN
1469 420 1840 477 EUSTATIHI
1881 414 2358 473 HEXA‘EMERON
2391 415 2620 471 ΝΟΤᾸΕ.

3554 399 3660 470 sui

413 536 554 590 Deus
585 539 931 607 superstitem
963 548 1016 594 et
1047 540 1373 595 incolumem
1412 553 1723 604 conservet,
1767 543 1819 595 in
1850 557 1978 596 eru-
2010 547 2051 600 Α
2082 540 2337 609 superius
2385 537 2600 591 dixerat
2651 549 2814 587 anum
2855 535 3146 603 quamdam
3190 533 3424 588 Atticam
3471 534 3664 589 cicuta

413 628 715 695 ditissimis,
749 631 1031 700 solidaque
1054 631 1324 694 doctrina,
1363 634 1562 702 pietate
1591 649 1653 687 ac
1683 649 1810 688 vera
1848 633 1976 688 reli-

413 721 566 790 gione
600 721 818 776 refertis
851 721 1262 778 Commentariis
1297 725 1352 778 in
1401 727 1559 780 Cant.
1612 728 1834 788 cantic.,
1887 740 1976 779 ca-

411 806 506 874 pit.
538 823 633 866 vu.
658 823 802 862 vers.
843 808 928 872 l5,
954 807 1296 877 expositione
1331 809 1527 878 prima.
1561 809 1633 864 De
1655 812 1756 865 hac
1787 811 1978 866 eadem

410 916 467 955 re
500 901 688 954 eadem
728 899 1093 963 Dioscorides,
1131 902 1366 972 indeque
1394 903 1598 958 factum
1628 906 1979 974 proverbium

410 992 649 1048 Lttciano
677 995 729 1046 in
764 993 998 1060 Timone,
1024 996 1158 1047 ὅπου
1179 1011 1241 1062 γε
1277 995 1530 1069 καθάπερ
1549 997 1655 1050 ὑπὸ
1681 1000 1982 1070 μανδραγό-

409 1101 502 1154 ρου
530 1083 831 1147 καθεύδεις,
855 1093 908 1139 et
933 1083 1280 1139 Demostheni
1301 1085 1355 1139 in
1377 1101 1430 1138 tv
1461 1086 1776 1155 Philippica,
1811 1086 1982 1139 Ἀλλ’-

414 1177 525 1229 οὺδ⁵
577 1175 937 1246 ἀνεγερθῆναι
1006 1177 1282 1247 δυνάμεθα
1311 1217 1326 1240 ,
1395 1178 1531 1231 ἀλλὰ
1605 1179 1982 1252 μανδραγόραν

408 1268 710 1332 πεπωκόσι,
753 1266 887 1320 εἴτι
929 1269 1220 1338 φάρμακον
1250 1268 1378 1322 ἄλλο
1426 1270 1688 1334 τοιοῦτον,
1728 1271 1983 1342 ἐοίκαμεν

408 1353 732 1430 ἀνθρώποις.
792 1358 926 1415 Vide
958 1360 1298 1431 Rodiginum,
1336 1361 1460 1416 lihr.
1501 1379 1636 1427 xvtt,
1683 1365 1848 1434 capit.
1889 1365 1979 1419 24.

407 1447 714 1504 Notandum
737 1451 883 1519 quod
918 1450 1332 1522 Theophrastus
1354 1454 1430 1506 ait
1457 1455 1877 1525 mandragoram
1915 1456 1982 1509 ad

409 1555 644 1604 amores.
677 1551 731 1596 et
762 1542 960 1611 philtra
990 1544 1321 1609 conducere,
1355 1555 1410 1600 et
1439 1556 1637 1615 praeter
1665 1547 1984 1618 Theophra-

409 1640 552 1688 stum
577 1633 718 1687 idem
749 1642 982 1690 testatur
1011 1634 1378 1703 Dioscorides,
1401 1637 1736 1708 Epiphanius
1763 1639 1816 1693 in
1838 1639 1986 1710 Phy-

409 1723 630 1792 siologo,
650 1731 703 1778 et
719 1725 809 1778 alii
831 1742 846 1785 ;
866 1725 951 1778 sic
971 1724 1115 1778 enim
1146 1725 1324 1780 locum
1346 1727 1495 1780 illum
1527 1724 1804 1783 Geneseos
1829 1728 1987 1781 intel-

411 1813 564 1882 liges,
603 1814 696 1868 sed
715 1815 783 1869 de
815 1815 921 1869 hoc
952 1815 1006 1868 in
1040 1817 1247 1872 nostris
1281 1818 1769 1874 exercitationibus
1800 1821 1979 1890 plura.

2083 633 2300 701 triginta
2332 630 2519 683 holcas
2545 628 2665 682 sine
2695 627 2895 680 damno
2925 626 3225 681 sorbuisse.
3257 622 3367 680 Ἦν
3391 625 3472 689 δὲ,
3508 625 3659 694 φασὶ,
3746 639 3754 647 ·

2081 722 2253 796 γραῦς
2294 721 2512 790 Ἀττικὴ
2560 719 2850 791 τριάκοντα
2905 717 3071 789 ,ὁλκὰς
3105 717 3329 770 κωνείου
3366 716 3664 780 ἀκινδύνως

2082 813 2516 886 προσφερομένη.
2553 811 2662 866 Res
2708 811 2870 864 etiam
2923 818 3114 863 uolatu
3144 809 3306 880 digna
3335 819 3435 864 est.
3478 809 3666 865 Refert

2081 907 2495 978 Theophrastus
2557 903 2632 956 De
2662 903 2852 957 histor.
2891 902 3084 972 plant.,
3135 901 3230 955 lib.
3286 916 3361 964 tx,
3411 917 3532 972 cap.
3573 900 3664 962 18,

2081 999 2382 1054 Eudemum
2429 997 2625 1051 Chium
2669 994 2860 1066 viginti
2900 994 3039 1049 duas
3082 994 3380 1062 aliquando
3413 994 3667 1062 potiones

2087 1089 2348 1144 hellebori
2383 1104 2494 1141 uno
2527 1088 2616 1142 die
2645 1087 2967 1156 sumpsisse,
2988 1100 3110 1140 cum
3143 1084 3248 1138 fori
3287 1085 3428 1154 apud
3460 1099 3668 1139 merces

2083 1180 2317 1242 sederet,
2352 1195 2451 1233 nec
2493 1179 2802 1233 surrexisse
2841 1177 3160 1247 priusquam
3196 1183 3344 1230 esset
3384 1175 3666 1234 meridies.

2083 1283 2213 1325 tunc
2257 1285 2392 1325 vero
2435 1269 2598 1324 domo
2638 1269 2808 1340 petita
2842 1269 3066 1322 balneas
3113 1268 3444 1337 ingressum,
3480 1280 3670 1321 cama-

2083 1374 2310 1433 tumque
2360 1377 2513 1417 more
2548 1363 2732 1425 solito,
2782 1376 2882 1416 nec
2914 1359 3214 1430 quidquam
3243 1359 3576 1414 evomuisse.
3613 1359 3671 1412 Id

2085 1464 2265 1509 tamen
2301 1455 2506 1508 auxilio
2530 1453 2767 1524 quodam
2800 1461 3107 1525 praeparato
3131 1453 3448 1523 perfecisse,
3479 1467 3674 1523 quam-

2084 1547 2170 1601 vis
2218 1555 2442 1616 propter
2490 1545 2728 1602 hominis
2786 1546 3242 1603 consuetudinem
3293 1547 3552 1616 pleraque
3605 1561 3674 1601 ex

2087 1640 2504 1695 medicamentis
2533 1642 2640 1694 vim
2673 1656 2828 1695 suam
2859 1642 3109 1696 amittere
3148 1655 3249 1694 nec
3288 1639 3524 1710 amplius
3557 1655 3674 1695 mc-

2085 1726 2395 1782 dicamenta
2443 1744 2565 1783 esse
2611 1744 2772 1798 posse
2820 1730 3131 1800 negandum
3175 1745 3285 1784 non
3317 1731 3426 1797 sit,
3459 1730 3674 1799 hocque

2087 1818 2254 1874 refert
2282 1835 2349 1875 ex
2382 1819 2762 1890 Theophrasto
2798 1821 3120 1892 Apollonius
3163 1823 3217 1877 in
3275 1824 3465 1877 histor.
3502 1823 3674 1877 Mira-

408 1903 548 1979 Quid
581 1907 820 1962 herbarii
855 1908 1180 1979 prteripiant
1206 1911 1258 1965 in
1285 1912 1541 1979 secanda,
1566 1915 1982 1985 colligendaque
2013 1911 2055 1965 Β
2085 1910 2302 1972 bilibus,
2353 1912 2454 1966 etsi
2495 1921 2706 1966 mutato
2750 1913 2968 1968 nomine
3013 1923 3066 1968 et
3111 1929 3210 1984 pro
3252 1913 3527 1978 Eudemo,
3563 1914 3672 1969 Eu-

412 1999 778 2068 mandragora
832 2000 1064 2055 hahetur
1113 2003 1251 2071 apud
1290 2004 1725 2073 Theophrastum
1767 2005 1975 2060 Histor.

407 2090 573 2154 plant.
600 2091 694 2144 lib.
713 2106 784 2154 Ix,
813 2107 860 2146 c.
899 2091 954 2157 9,
982 2101 1036 2146 et
1056 2092 1286 2147 Pliniqu
1305 2095 1398 2150 lib.
1417 2113 1542 2160 xxv,
1567 2112 1685 2166 cap.
1712 2098 1797 2153 15.
1819 2097 1980 2153 Plura

407 2181 476 2234 de
507 2181 608 2235 hac
632 2183 796 2238 herba
823 2191 876 2238 et
903 2185 1024 2254 ejus
1051 2187 1352 2243 virtutibus
1385 2187 1622 2244 Levinus
1647 2189 1979 2246 Lemniasin

409 2269 781 2340 Explicatione
804 2274 1013 2332 herbar.
1044 2276 1247 2343 biblic.,
1277 2295 1396 2348 cap.
1420 2280 1476 2335 2.

477 2363 592 2419 Col.
619 2365 742 2431 7|6,
770 2367 864 2420 lin.
892 2367 972 2421 10.
1005 2369 1116 2422 Kal
1139 2369 1220 2436 τῷ
1259 2372 1408 2438 ὀπίῳ
1447 2373 1552 2438 τὰς
1586 2373 1873 2442 σφοδράς.
1907 2374 1982 2430 De

407 2456 516 2525 opii
551 2460 942 2526 prmparatione
969 2467 1023 2515 et
1047 2477 1149 2515 usu
1180 2463 1234 2516 in
1275 2465 1562 2520 medicinis
1587 2465 1797 2522 Plinius
1833 2466 1978 2525 Hist.

409 2557 586 2602 natur.
617 2549 710 2603 lib.
749 2565 843 2615 xx,
876 2565 998 2620 cap.
1028 2551 1132 2618 i8;
1173 2553 1300 2608 huic
1332 2555 1440 2608 vim
1468 2571 1575 2610 non
1623 2557 1982 2626 soporiferam

407 2641 590 2702 modo,
641 2655 830 2694 verum
889 2642 934 2696 si
981 2643 1258 2712 copiosior
1311 2645 1596 2702 hauriatur
1643 2649 1982 2705 mortiferam

409 2733 624 2792 tribuit.
662 2743 718 2786 et
743 2732 984 2790 Galenus
1017 2739 1267 2807 pluribus
1299 2739 1351 2793 in
1386 2741 1540 2796 locis.

479 2823 612 2878 Ibid.
645 2818 728 2890 Τῷ
754 2825 822 2878 δὲ
863 2830 1084 2896 κωνείῳ
1124 2831 1230 2896 τὰς
1268 2834 1628 2901 λυσσώδεις.
1685 2837 1760 2892 De
1805 2839 1984 2894 cicuta

407 2924 461 2971 et
493 2918 612 2986 ejus
641 2919 891 2976 remediis
922 2920 1134 2986 Plinius
1166 2924 1261 2978 lib.
1303 2941 1427 2988 xxv,
1459 2942 1578 2998 cap.
1623 2931 1856 2996 ultimo;
1893 2948 1987 2986 va-

408 3008 544 3060 riam
584 3021 761 3064 autem
800 3013 992 3068 cicutae
1038 3017 1490 3084 przeparationem
1537 3021 1602 3074 ad
1652 3023 1861 3076 obitum
1896 3025 1984 3078 in-

407 3097 692 3155 ferendum
748 3103 960 3158 lacile.n
1011 3111 1064 3159 et
1118 3107 1325 3176 absque
1398 3109 1510 3161 ullo
1569 3109 1756 3166 dolore
1821 3114 1988 3171 refert

407 3189 765 3264 'I'heophrast.
798 3195 942 3251 Hist.
993 3199 1163 3266 plant.
1210 3200 1244 3253 l.
1295 3215 1369 3264 tx,
1409 3217 1533 3272 cap.
1569 3203 1654 3267 l7,
1692 3214 1987 3278 narratque

405 3283 569 3337 etiam
610 3286 868 3340 Chiorum
918 3289 1064 3342 circa
1111 3289 1212 3342 hoc
1267 3292 1508 3347 studium
1546 3305 1598 3349 et
1633 3297 1981 3363 industriam,

407 3375 500 3442 qui
538 3375 684 3429 illam
719 3393 829 3432 non
867 3381 1133 3444 terebant,
1171 3384 1262 3437 sed
1302 3384 1548 3440 detracto
1576 3389 1812 3457 tegmine
1839 3389 1986 3458 quod

406 3464 778 3520 dimcultatem
827 3478 1028 3532 movet,
1081 3473 1339 3542 quoniam
1388 3479 1655 3547 concoqui
1699 3495 1841 3549 aegre
1890 3497 1986 3550 po-

405 3567 532 3619 test,
583 3557 782 3628 pistam
832 3561 886 3613 in
935 3565 1199 3617 mortario
1259 3565 1579 3632 tundebant,
1624 3577 1679 3624 et
1724 3573 1987 3642 prmtenui

406 3649 591 3703 cribro
620 3653 998 3708 transmissum
1025 3694 1038 3718 ,
1078 3669 1218 3726 aqua
1255 3659 1559 3728 inspersam
1590 3661 1869 3725 bibebant,
1901 3673 1978 3717 at-

405 3754 512 3807 que
556 3740 628 3793 ita
674 3742 859 3798 obitus
906 3746 1052 3800 celer
1099 3747 1384 3818 facilisque
1436 3751 1742 3806 eveniebat.
1777 3751 1898 3806 Ὅτι
1930 3753 1986 3806 δὲ

401 3831 646 3903 διαφέρει
683 3833 746 3886 τὸ
784 3836 1021 3906 χρῆσθαι
1067 3857 1184 3903 πως
1227 3839 1441 3912 ἑκάστῳ
1469 3843 1704 3914 φανερὸν
1745 3845 1809 3898 ὲκ
1859 3845 1990 3898 πολ-

403 3923 530 3978 λῶν.
577 3926 729 3980 Ἐπεὶ
761 3929 854 3980 καὶ
881 3930 1046 3993 Χίους
1079 3933 1211 4001 φασὶ
1242 3933 1320 4004 τῷ
1365 3935 1572 4006 κωνείῳ
1601 3937 1863 4010 πρότερον
1892 3939 1989 4010 οὐχ

402 4016 565 4080 οὕτω,
607 4019 741 4072 ἀλλά
768 4021 1070 4092 τρίϐοντας,
1118 4025 1374 4098 καθάπερ
1420 4030 1468 4081 oi
1512 4029 1680 4094 ἄλλοι,
1729 4031 1986 4102 χρῆσθαι.

403 4109 517 4163 Νῦν
564 4110 622 4164 δὲ
671 4113 792 4166 οὐδὲ
844 4114 910 4167 ἂν
963 4112 1043 4179 εἷς
1079 4117 1342 4188 τρίψειεν,
1383 4119 1518 4174 ἀλλά
1569 4123 1991 4193 περιπτίσαντες

403 4200 498 4252 καὶ
527 4200 814 4268 ἀφελόντες
846 4204 907 4256 τὸ
943 4204 1172 4273 κέλυφος
1223 4205 1402 4278 (τοῦτο
1434 4209 1543 4280 γὰρ
1572 4210 1633 4262 τὸ
1662 4211 1760 4282 τὴν
1799 4211 1991 4281 δυσχέ-

405 4307 554 4362 ρειαν
585 4293 822 4365 παρέχον
861 4295 1326 4369 δυσκατέργαστον
1347 4299 1464 4372 ὂν),
1511 4301 1648 4370 μετὰ
1697 4301 1868 4356 ταῦτα
1902 4303 1993 4356 x6-

403 4399 624 4436 πτουσιν
669 4387 727 4438 ἐν
767 4387 846 4458 τῷ
883 4387 1053 4460 ὅλμῳ,
1087 4393 1182 4445 καί
1206 4391 1586 4456 διαπτίσαντες
1618 4392 1824 4452 λεπτὰ,
1868 4395 1990 4448 ἐπι-

343 4457 361 4472 ’
404 4475 698 4540 πάττοντες
730 4479 816 4547 ἐφ’
843 4477 987 4551 ὕδωρ
1022 4481 1288 4545 πίνουσιν,
1330 4483 1470 4542 ὥστε
1498 4487 1720 4554 ταχεῖαν
1749 4485 1842 4538 κα)⁸
1870 4484 1994 4538 ἐλα-

2085 2019 2306 2057 nomum
2341 2006 2570 2071 scribat,
2600 2014 2653 2062 et
2681 2006 2984 2063 Eudemum
3014 2009 3515 2081 Pharmacopolam,
3549 2028 3675 2066 cunt

2084 2094 2327 2152 Eudemo
2371 2099 2508 2152 Chio
2561 2099 2884 2167 confundat,
2917 2103 3013 2158 sed
3061 2104 3130 2160 de
3173 2105 3260 2160 his
3299 2105 3454 2176 plura
3490 2106 3546 2160 in
3579 2122 3678 2160 no-

2085 2187 2218 2242 stris
2244 2203 2584 2262 synonymis.
3186 2216 3188 2218 ν

2157 2278 2318 2345 lbid.,
2351 2281 2448 2336 lin.
2478 2284 2562 2338 15.
2591 2285 2699 2338 Kal
2735 2285 2931 2340 πάντα
2960 2287 3030 2341 ἐν
3049 2287 3157 2356 μιᾷ
3185 2287 3414 2356 καιροῦ.
3441 2286 3678 2344 Basilius

2083 2370 2234 2424 hom.
2268 2387 2320 2425 tv
2348 2390 2362 2426 :
2393 2374 2577 2428 Πάντα
2609 2375 2667 2428 ὲν
2703 2378 2799 2447 μιᾷ
2831 2375 3023 2446 καιροῦ
3058 2378 3220 2448 ῥοπῇ,
3253 2377 3352 2429 οὐκ
3383 2376 3512 2429 ὄντα
3547 2377 3679 2448 πρό-

2084 2478 2259 2534 τερον,
2294 2463 2436 2534 ὑπὲρ
2464 2463 2564 2534 τῆς
2590 2465 2693 2536 γῆς
2715 2468 2796 2528 είς
2822 2467 2882 2519 τὸ
2914 2462 3054 2519 εἶναι
3098 2466 3364 2539 παρῆλθε,
3411 2466 3548 2536 μετὰ
3577 2468 3678 2536 τῆς

2084 2553 2291 2616 οἰκείας
2311 2553 2542 2607 ἕκαστον
2562 2553 2822 2626 ἰδιότητος
2846 2556 3269 2628 ὲναργεστάταις
3289 2558 3385 2627 μὲν
3399 2557 3679 2628 διαφοραῖς

2086 2645 2194 2697 ἀπὸ
2225 2644 2332 2698 τῶν
2372 2646 2701 2716 ἑτερογενῶν
2738 2647 3101 2720 χωριζόμενα,
3132 2648 3318 2720 οἰκείῳ
3348 2647 3404 2701 δὲ
3448 2648 3680 2702 ἕκαστον

2086 2734 2321 2806 γνωριζό
2328 2753 2485 2806 μενον
2515 2737 2846 2811 χαρακτῆρι.

2157 2827 2317 2892 lbid.,
2347 2829 2443 2884 lin.
2490 2830 2576 2884 i7.
2607 2832 2718 2885 Kal
2779 2832 3005 2886 τούτων
3046 2832 3118 2888 τὰ
3149 2835 3268 2902 μέν
3303 2835 3456 2888 ἐστι.
3501 2835 3556 2889 1η
3589 2850 3682 2889 ar-

2087 2917 2313 2975 boribus
2345 2921 2487 2976 sicut
2508 2929 2562 2976 et
2593 2921 2647 2976 in
2677 2922 3006 2979 animalibus
3043 2939 3166 2981 esse
3213 2926 3449 2995 speciem
3486 2941 3681 2996 quam—-

2088 3011 2236 3072 dam,
2266 3018 2320 3064 et
2356 3011 2615 3082 figuram,
2649 3029 2812 3084 quam
2858 3025 3051 3071 auctor
3079 3023 3268 3071 noster
3297 3018 3680 3073 characterem

2089 3101 2348 3170 appellat,
2381 3117 2486 3171 qua
2529 3112 2583 3158 et
2637 3104 2707 3159 ab
2746 3105 2870 3160 aliis
2915 3105 3104 3161 diviste
3150 3116 3586 3178 cognoscuntur,
3629 3117 3684 3165 et

2092 3205 2206 3245 sua:
2247 3203 2460 3248 natura}
2509 3209 2649 3264 opus
2699 3211 2956 3252 exercere
2999 3199 3237 3263 valeant,
3275 3201 3408 3254 uulli
3452 3200 3684 3256 dubium

2091 3298 2330 3355 unquam
2360 3283 2464 3338 fuit
2495 3301 2595 3339 nec
2628 3287 2755 3340 erit.
2791 3287 2923 3354 Quae
2953 3289 3126 3344 forma
3167 3307 3232 3345 ex
3265 3292 3522 3347 omnibus
3553 3307 3682 3362 par-

2089 3376 2240 3429 tibus
2287 3377 2432 3430 sumi
2484 3386 2686 3446 potest,
2730 3380 2783 3434 in
2817 3395 2923 3434 una
2954 3383 3100 3436 enim
3142 3383 3272 3436 dum
3307 3385 3544 3450 variant,
3577 3385 3682 3440 etsi

2089 3466 2146 3520 in
2190 3468 2314 3523 aliis
2357 3471 2712 3534 conveniunt,
2764 3473 2995 3530 diversae
3044 3481 3227 3531 tamen
3280 3493 3382 3532 nec
3433 3476 3682 3548 ejusdem

2091 3561 2292 3629 speciei
2337 3561 2758 3631 judicabuntur.
2811 3567 2949 3622 Hinc
3001 3570 3251 3638 quaedam
3310 3571 3437 3626 latis
3491 3572 3678 3638 foliis,

2091 3651 2210 3706 aliae
2239 3653 2469 3718 strictis,
2518 3657 2746 3712 serratis
2787 3659 2928 3725 aliae,
2972 3660 3093 3715 aliae
3142 3661 3197 3715 in
3243 3662 3412 3717 alium
3457 3663 3680 3719 modum

2089 3747 2370 3815 expansis.
2411 3747 2503 3802 Sic
2551 3749 2618 3804 de
2661 3751 2888 3816 cortice,
2923 3755 3114 3817 ramis,
3147 3754 3448 3821 radicibus,
3481 3756 3680 3811 fructi-

2090 3837 2215 3898 bus,
2241 3847 2294 3893 et
2322 3839 2467 3895 aliis.
2501 3839 2726 3896 Summa
2758 3851 2939 3898 tamen
2965 3861 3156 3900 eorum
3183 3862 3384 3918 genera
3413 3847 3683 3906 habemus

2091 3942 2155 3981 ex
2195 3926 2574 3998 Theophrasto
2623 3931 2721 3986 lib.
2760 3948 2778 3986 ι
2812 3931 2889 3986 De
2918 3933 3109 3990 histor.
3155 3936 3350 4004 plant.,
3387 3953 3509 4008 cap.
3543 3938 3596 4001 6,
3628 3947 3684 3994 et

2093 4021 2224 4073 alibi
2257 4039 2275 4074 ι
2306 4021 2556 4091 quaedam
2587 4024 2732 4078 enim
2773 4040 2964 4080 earum
2995 4033 3126 4082 sunt
3155 4027 3399 4096 urbanae,
3431 4030 3682 4098 quaedam

2094 4113 2408 4176 silvestres.
2453 4115 2702 4184 quaedam
2753 4113 3082 4180 fructifera),
3133 4117 3382 4187 quaedam
3437 4122 3679 4181 steriles.

2092 4203 2338 4272 quaedam
2371 4202 2645 4268 ﬂoriferte,
2670 4205 2790 4259 alia:
2822 4204 2956 4260 ﬂore
2981 4214 3255 4272 carentes,
3281 4208 3530 4278 quaedam
3556 4227 3682 4280 per-

2093 4301 2258 4363 petuo
2293 4293 2550 4357 virentes,
2580 4295 2828 4363 quaedam
2874 4297 3164 4366 perdentes
3210 4298 3358 4358 folia.
3396 4294 3507 4353 οἷον
3542 4303 3680 4373 ἡμέ-

2095 4402 2205 4456 ρων
2229 4425 2243 4447 ,
2285 4386 2512 4455 ἀγρίων,
2566 4385 2929 4458 καρποφόρων
2953 4425 2968 4451 ,
3011 4389 3305 4460 ἀκάρπων,
3345 4390 3678 4464 ἁνθοφόρων,

2093 4477 2357 4540 ἀνανθῶν,
2393 4477 2717 4547 ἀειφύλλων,
2753 4478 3109 4546 φυλλοὸόλων.
3144 4479 3356 4535 Plinius
3385 4483 3548 4536 etiam
3583 4483 3676 4537 lib.

404 4567 546 4640 φρὰν
570 4568 813 4636 γίνεσθαι
859 4571 957 4642 τὴν
1007 4573 1344 4647 ἀπαλλαγήν.
1379 4575 1613 4646 Ideoque
1642 4575 1985 4632 Dioscorides

2094 4585 2206 4628 xvt.
2239 4584 2360 4640 cap.
2406 4570 2495 4632 18,
2533 4570 2789 4625 arborum
2829 4570 3166 4626 differentias
3215 4572 3586 4642 prosequitur,
3625 4583 3680 4625 et

405 4659 498 4714 lib.
547 4677 620 4722 tv,
649 4676 769 4731 cap.
806 4662 892 4726 79,
928 4663 1360 4721 efﬁcacissimam
1409 4671 1515 4722 vim
1546 4669 1740 4724 tribuit
1769 4671 1982 4733 cicutte,

403 4766 524 4821 qua:
552 4752 606 4806 in
641 4753 818 4808 insula
847 4754 984 4809 Chio
1018 4761 1285 4816 nascitur.

472 4843 589 4899 Col.
615 4845 738 4907 7l6,
766 4848 862 4901 lin.
899 4848 984 4903 Η.
1002 4851 1112 4904 Kal
1146 4851 1225 4917 τῷ
1255 4853 1551 4921 ἐλλεϐόρῳ
1571 4853 1642 4906 τὰ
1664 4856 1875 4923 χρόνια
1912 4853 1986 4908 De

403 4937 666 4996 hellebori
698 4943 1005 5010 speciebus,
1041 4944 1623 5013 ﬁguris,vi,facultate
1652 4955 1705 5000 et
1735 4963 1837 5002 usu
1872 4948 1986 5016 lege

402 5029 542 5086 Plin.
575 5034 611 5086 Ι.
647 5049 776 5096 xxv,
805 5049 854 5087 c.
884 5033 958 5100 5;
995 5034 1367 5092 Dioscoridem
1396 5038 1434 5093 l.
1468 5053 1542 5100 tv,
1571 5053 1620 5091 c.
1654 5037 1829 5092 l50et
1863 5038 1982 5093 151.

403 5123 652 5179 Advertit
684 5125 885 5181 Sextus
919 5125 1228 5197 Empiricus
1269 5129 1531 5200 Pyrrhon.
1581 5129 1780 5198 Hypot.
1816 5130 1910 5183 lib.
1945 5146 1984 5193 ι,

403 5229 526 5282 cap.
562 5216 647 5278 ιι,
683 5218 1050 5284 helleborum,
1085 5221 1128 5274 si
1163 5230 1322 5275 tenue
1345 5229 1400 5275 et
1447 5221 1831 5291 lanuginosum
1863 5221 1987 5291 quis

404 5305 584 5373 ipsum
614 5308 764 5374 edat,
797 5322 1029 5367 mortem
1057 5312 1272 5377 alierre,
1297 5313 1382 5368 sin
1409 5327 1661 5367 crassum
1693 5327 1801 5366 non
1832 5312 1984 5367 item.
2018 5325 2021 5328 '

404 5397 568 5450 Καὶὸ
597 5397 873 5472 ἐλλέϐορος
903 5403 1097 5466 λεπτὸς
1131 5403 1227 5474 μὲν
1268 5405 1363 5456 καὶ
1405 5403 1642 5474 χνοὼδης
1687 5402 1990 5472 προσφερὸ-

405 5506 565 5560 μενον
595 5493 826 5562 πνιγμὸν
855 5497 1126 5567 ἐπιφέρει,
1154 5495 1466 5567 κριμνώδης
1497 5495 1553 5547 δὲ
1601 5494 1676 5547 ὢν
1700 5495 1906 5555 οὐκέτι,
1937 5500 1990 5546 et

407 5581 660 5637 Rulinum
700 5588 988 5653 quemdam
1030 5588 1169 5658 apud
1204 5588 1520 5642 Chalcidem
1552 5587 1672 5642 sine
1701 5587 1812 5639 ulla
1848 5600 1989 5638 noxa

406 5679 590 5733 bibere
633 5681 854 5734 solitum
901 5681 1092 5737 fuisse.
1130 5685 1239 5738 Καὶ
1279 5685 1554 5752 Ῥουφῖνος
1595 5684 1651 5736 δὲ
1695 5685 1724 5736 ό
1756 5684 1814 5734 ἐν
1847 5681 1990 5734 Χαλ-

408 5770 511 5822 ιιίδι
533 5771 700 5825 πίνων
728 5771 1004 5844 ἑλλέϐορον
1026 5774 1148 5828 οὔτε
1173 5777 1323 5845 ἤμει,
1350 5774 1471 5828 οὔτε
1490 5776 1624 5838 ὅλως
1647 5773 1988 5844 ὲκαθαίρετο,

408 5860 519 5918 ἀλλ’
546 5862 621 5927 ὥς
645 5881 696 5917 τι
725 5864 834 5918 τῶν
864 5866 1106 5940 συνήθων
1133 5868 1504 5940 προςεφέρετο
1552 5868 1646 5922 καὶ
1689 5865 1908 5928 ἔπεσσε,
1939 5873 1993 5919 et

2089 4679 2210 4732 cap.
2243 4667 2304 4716 l9
2334 4682 2346 4716 :
2375 4661 2637 4718 Prwterea
2665 4663 2912 4718 arborum
2937 4664 3059 4718 aliis
3088 4664 3334 4718 decidunt
3362 4665 3526 4734 folia;
3557 4665 3680 4720 alia:

2088 4756 2406 4823 sempiterna
2440 4772 2591 4808 coma
2624 4757 2808 4817 virent,
2831 4772 2986 4827 quam
3021 4754 3375 4826 differentiam
3407 4754 3680 4812 antecedat

2089 4865 2292 4902 necesse
2321 4858 2398 4901 est
2445 4849 2608 4915 prior.
2645 4846 2780 4901 Sunt
2811 4849 2950 4902 enim
3000 4849 3252 4902 arborum
3291 4851 3532 4918 quantum
3565 4866 3680 4902 om-

2089 4939 2212 4991 nino
2242 4938 2526 5000 silvestres,
2558 4937 2802 5006 quadam
2847 4929 3158 4994 urbaniores
3183 4957 3202 4994 :
3230 4956 3363 5010 quas
3396 4940 3480 4994 hic
3507 4939 3679 5010 placet

2091 5027 2383 5081 nominibus
2425 5029 2766 5097 distinguere.
2801 5029 2940 5101 Ergo
2987 5033 3168 5096 mites,
3199 5049 3316 5102 qui?
3350 5033 3548 5100 fructu,
3587 5042 3680 5084 aut

2091 5121 2271 5190 aliqua
2312 5119 2465 5185 dote,
2502 5123 2927 5186 umbraminevc,
2971 5123 3135 5193 oﬂicio
3155 5123 3437 5178 humanius
3461 5123 3674 5192 juvant,

2093 5233 2196 5268 non
2225 5216 2457 5283 improbe
2483 5213 2733 5266 dicantur
2761 5213 3002 5268 urbana.

2163 5307 2322 5372 lbid.,
2361 5308 2457 5361 litt.
2494 5306 2586 5360 20.
2623 5306 2939 5375 Ἀείφυλλα
2968 5305 3036 5360 δέ
3062 5307 3232 5361 ἐστιν
3267 5308 3460 5362 ἐλαία.
3498 5306 3679 5362 Theo-

2091 5400 2352 5470 phrastus
2376 5401 2426 5462 Ι,
2456 5397 2529 5452 De
2545 5397 2881 5466 hist.plant.,
2906 5413 3027 5468 cap.
3049 5398 3116 5452 15
3147 5418 3160 5452 :
3192 5398 3313 5451 Τῶν
3344 5399 3440 5470 μὲν
3457 5398 3679 5470 ἡμέρων

2093 5495 2354 5563 ἀείφυλλα
2392 5493 2564 5554 ἐλαία,
2603 5490 2796 5562 φοίνιξ,
2827 5492 3023 5565 δάφνη,
3058 5491 3339 5565 μύρρινος,
3372 5488 3582 5562 πεύκης
3619 5507 3682 5566 ¹τι

2093 5587 2267 5655 γένος,
2297 5586 2647 5656 κυπάριττος·
2695 5584 2804 5637 τῶν
2853 5584 2910 5636 δὲ
2957 5583 3197 5654 ἀγρίων,
3240 5583 3428 5655 ἐλάτη,
3476 5583 3677 5655 πεύκη.

2093 5677 2379 5749 ἄρκευθος,
2425 5676 2643 5747 σμῖλαξ,
2686 5675 2843 5740 Θυία,
2893 5677 2986 5729 καὶ
3035 5675 3100 5746 ἥν
3150 5676 3408 5746 Ἀρκάδες
3454 5674 3682 5728 καλοῦσι

2095 5770 2403 5844 φελλόδρυν,
2435 5769 2655 5842 φιλύρα,
2703 5769 2913 5842 κέδρος,
2951 5769 3132 5831 πίτυς,
3175 5767 3439 5839 μυρρίκη,
3488 5765 3676 5832 πύξος,

2095 5865 2306 5935 πρῖνος,
2347 5861 2533 5935 ἀγρία,
2583 5859 2906 5931 κήλαστρον,
2952 5857 3170 5930 φιλύκην
3223 5857 3462 5929 ἀφάρκη·
3498 5853 3680 5910 Ταῦτα
