4124 6420
411 389 513 447 847

1747 393 1996 449 LEONIS
2036 393 2310 448 ALLATII

3563 393 3671 446 818

409 513 466 566 δὲ
508 511 698 582 φύεται
748 511 874 583 περὶ
911 511 1000 564 τδν
1038 511 1317 582 Ὄλυμπον
1343 553 1357 577 ,
1399 514 1688 584 ἀνδράχνη.
1730 515 1988 585 κόμαρος,
2023 518 2066 572 Α
2094 513 2154 564 τὸ
2199 512 2417 584 χρῶμα,
2471 499 2812 582 φλοϊσθέντος
2859 511 2954 565 τοῦ
3005 511 3180 576 ξύλου,
3212 511 3527 581 λευκότερον
3577 511 3676 580 μὲν

409 599 716 674 τέρμινθος,
764 602 951 672 ἀγρία,
992 601 1197 672 δάφνη.
1233 607 1391 656 Δοκεῖ
1440 603 1494 656 δὲ
1529 606 1560 674 ἡ
1596 604 1863 676 ἀνδράχνη
1901 605 1995 657 καὶ

408 695 434 744 ό
465 693 680 762 οἴναρος
728 691 795 743 τὰ
841 692 937 760 μὲν
984 692 1131 744 κάτω
1181 693 1543 760 φυλλοϐολέῖν,
1587 695 1654 747 τὰ
1695 695 1752 747 δὲ
1793 695 1996 764 ἔσχατα

407 783 512 835 τῶν
541 782 859 852 ἀκρεμόνων
893 782 1164 848 ἀείφυλλα.
1195 783 1365 853 ἔχειν·
1401 783 1647 854 ὲπιφύειν
1673 785 1728 838 δὲ
1759 786 1844 838 ἀεὶ
1870 787 1994 848 τοὺς

406 873 734 942 ὰκρέμονας.
779 871 842 924 Et
886 873 1100 928 Plinius
1129 891 1195 928 ex
1231 874 1608 946 Theophrasto
1643 877 1786 931 llist.
1833 888 1944 932 nat.
1975 918 1989 941 ,

407 962 500 1015 lib.
533 978 644 1024 xw,
677 978 798 1032 cap.
829 963 900 1015 ‘20
935 981 946 1015 :
985 961 1319 1017 L’rbanarum
1352 967 1527 1034 generi
1569 983 1666 1019 non
1712 967 1990 1032 decidunt,

406 1052 551 1113 olea’,
586 1053 758 1118 lauro,
790 1058 1002 1123 palmaz,
1042 1066 1230 1126 myrto,
1263 1073 1525 1123 cupresso.
1571 1060 1729 1126 pinis,
1767 1059 1989 1123 hedera’,

407 1144 808 1207 rltododendro;
843 1157 896 1201 et
943 1163 1063 1217 cap.
1110 1149 1170 1201 21
1227 1167 1238 1201 :
1286 1148 1615 1202 Silrestrium
1654 1153 1825 1219 generi
1860 1152 1993 1219 folia

407 1253 508 1288 non
538 1236 806 1302 decidunt,
832 1237 1011 1299 abieti,
1041 1239 1215 1302 larici,
1241 1242 1782 1309 pinastro,junipero,
1799 1241 1989 1305 cedro,

408 1330 754 1396 therebintho,
788 1330 946 1394 buxo,
996 1332 1106 1384 ilici
1131 1372 1145 1394 ,
1178 1334 1465 1401 a'quifolio,
1498 1334 1694 1396 suberi,
1730 1345 1875 1397 taxo,
1909 1345 1992 1387 ta-

407 1419 626 1482 marici;
659 1421 791 1473 inter
820 1430 1041 1492 utraque
1085 1438 1273 1490 genera
1316 1434 1437 1476 sunt
1469 1425 1732 1478 adrachne
1763 1426 1815 1477 in
1845 1424 1992 1478 Cra'o

406 1510 512 1572 cia,
548 1520 596 1563 et
651 1511 837 1580 ubique
888 1512 1074 1566 unedo.
1127 1513 1346 1584 Reliqua
1383 1517 1521 1569 enim
1567 1516 1699 1584 [alia
1746 1517 1990 1571 decidunt

411 1601 508 1662 lus,
559 1613 908 1672 prreterquam
958 1606 1010 1657 in
1044 1607 1424 1660 cacuminibus.
1461 1607 1524 1660 Et
1555 1620 1746 1663 auctor
1781 1607 1992 1679 Geopo-

410 1695 512 1747 nir.
543 1710 553 1743 :
587 1694 783 1763 Δένδρα
831 1693 1054 1764 ἀειθαλῆ
1084 1699 1218 1758 ἐστι,
1253 1697 1385 1766 μηδέ
1405 1715 1532 1750 ποτε
1561 1698 1990 1770 φυλλορῤοῦντα

409 1789 460 1836 ὲν
486 1784 562 1853 τῷ
599 1784 844 1854 χειμῶνι,
885 1785 950 1842 ίδ,
988 1785 1182 1854 φοίνιξ,
1215 1789 1418 1859 κίτρον,
1459 1790 1752 1860 στρόϐιλος,
1794 1791 1987 1859 δάφνη,

2095 600 2188 654 τοῦ
2217 601 2430 672 πρίνου,
2461 602 2817 672 οίνωπότερον
2853 601 2909 654 δὲ
2938 601 3036 670 τῆς
3065 601 3251 672 δρυὸςο
3289 601 3355 654 τά
3403 601 3459 654 δὲ
3505 599 3677 668 φύλλα

2097 692 2384 763 προσέοικε
2448 693 2544 762 μὲν
2587 693 2806 762 ἀμφοῖν,
2855 691 2965 759 ἔχει
2999 690 3054 742 δὲ
3095 690 3265 759 μείζω
3295 691 3327 761 ἢ
3363 691 3438 753 ὡς
3467 695 3674 760 πρῖνος,

2095 784 2300 838 ἐλάττω
2328 785 2385 838 δὲ
2414 786 2446 856 ῆ
2477 785 2551 847 ὡς
2589 785 2737 854 δρῦς.
2778 785 2886 836 Καὶ
2916 784 3007 836 τὸν
3045 783 3254 853 καρπὸν
3291 784 3387 853 μὲν
3414 783 3506 836 τοῦ
3547 785 3676 854 πρε-

2096 892 2186 928 νου
2217 876 2356 929 κατά
2383 877 2443 929 τὸ
2480 875 2705 945 μέγεθος
2745 874 2968 938 ἐλάττω,
3001 877 3120 936 ταῖς
3166 873 3474 943 ἐλαχίσταις
3498 873 3556 927 δὲ
3582 873 3678 944 βα-

2094 966 2272 1030 λάνοις
2305 969 2443 1020 ἴσονο
2479 969 2573 1022 xui.
2601 967 2928 1036 γλυκύτερον
2961 966 3056 1036 μὲν
3092 965 3186 1017 τοῦ
3227 964 3441 1036 πρίνου,
3475 966 3679 1036 πικρό-

2094 1075 2248 1129 τερον
2287 1059 2341 1112 δὲ
2387 1061 2483 1130 τῆς
2520 1059 2697 1130 δρυός.
2740 1057 2978 1113 Καλοῦσι
3023 1057 3078 1109 δέ
3125 1075 3264 1120 τινες
3306 1058 3396 1110 τὸν
3443 1057 3541 1127 μὲν
3581 1055 3676 1110 τοῦ

2095 1151 2305 1220 πρίνου,
2339 1151 2430 1203 καὶ
2463 1151 2554 1203 τὸν
2594 1149 2796 1222 ταύτης
2837 1149 3045 1219 καρπὸν
3083 1151 3300 1209 ἄκυλον,
3338 1149 3433 1202 τὸν
3479 1149 3537 1202 δὲ
3577 1149 3678 1218 τῆς

2073 1240 2252 1312 δρυὸς
2297 1242 2541 1311 βάλανον.
2595 1244 2824 1312 Μήτραν
2873 1242 2928 1294 δὲ
2979 1241 3089 1310 ἔχει
3141 1241 3535 1312 φανερώτερον,
3573 1241 3606 1312 ἢ
3647 1245 3678 1294 ὁ

2094 1334 2281 1402 πρῖνος
2343 1334 2451 1386 Καὶ
2497 1334 2528 1402 ἡ
2577 1333 2674 1403 μὲν
2732 1331 3019 1402 φελλόδρυς
3080 1333 3332 1400 τοιαύτην
3392 1331 3511 1384 τινὰ
3562 1330 3676 1400 ἔχει

2093 1422 2274 1491 φύσιν.
2312 1421 2474 1476 Plura
2512 1439 2726 1492 possem
2757 1438 3054 1491 congerere
3093 1423 3161 1477 ab
3199 1424 3321 1476 aliis
3361 1422 3429 1476 de
3463 1421 3675 1476 arbori-

2093 1512 2216 1575 bus,
2251 1529 2484 1582 quorum
2523 1514 2611 1567 hic
2645 1513 2702 1567 lit
2748 1513 2971 1576 mentio,
3003 1512 3148 1566 dicta
3181 1519 3234 1566 et
3267 1511 3534 1576 dubitata,
3579 1510 3674 1566 scd

2092 1612 2253 1658 notas
2305 1605 2359 1658 in
2417 1603 2800 1667 Eustathium,
2865 1620 2972 1657 non
3037 1604 3329 1657 herbarum
3386 1603 3674 1656 historiam

2090 1697 2405 1750 scribimus.
2455 1695 2663 1749 Sullicit
2708 1696 2829 1764 ejus
2881 1695 3028 1749 dicta
3077 1695 3240 1749 dictis
3273 1695 3504 1747 aliorum
3545 1709 3676 1749 con-

2093 1785 2338 1840 ﬁrmasse
2374 1786 2453 1838 Vt'l
2485 1786 2816 1839 declarasse.

409 1877 575 1938 ὲλαία,
629 1878 982 1950 κυπάρισσος,
1037 1881 1284 1950 κερατία,
1308 1857 1763 1952 -πίτυςίπρίνος,
1803 1857 1987 1949 πύξος,
2024 1857 2064 1912 Β
2165 1877 2296 1932 ibid.
2324 1879 2418 1931 lin.
2444 1878 2534 1931 23.
2566 1876 2632 1930 Τὸ
2658 1877 2845 1944 ῥόδον
2871 1875 3018 1930 ἄνευ
3063 1873 3174 1943 τῆς
3207 1876 3489 1942 ἀκάνθης.
3523 1873 3676 1929 Basi-

409 1970 662 2040 μυρσίνη,
714 1971 921 2040 κέδρος,
973 1971 1106 2034 ἰτέα,
1155 1973 1247 2025 καὶ
1280 1971 1567 2043 ἄρκευθος.
1615 1974 1991 2030 Artemidorus

408 2057 680 2115 Oueirocr.
751 2061 842 2113 lib.
895 2076 931 2123 l,
978 2076 1100 2130 cap.
1146 2060 1215 2114 79
1261 2080 1273 2114 :
1314 2063 1554 2126 Φοίνικος
1586 2064 1642 2116 δὲ
1689 2065 1776 2118 καὶ
1806 2065 1990 2130 ἐλαίας

407 2149 656 2219 στέφανοι
719 2152 926 2222 γάμους
987 2152 1286 2224 ἐλευθέρων
1334 2156 1673 2226 περιποιοῦσι
1716 2160 1990 2226 γυναικῶν

405 2240 488 2292 διὰ
531 2241 628 2311 τὴν
670 2241 893 2312 πλοκήν.
953 2243 1061 2295 Καὶ
1100 2244 1265 2296 τέκνα
1315 2249 1778 2319 προσαγορεύουσι
1831 2253 1993 2304 πολυ-

406 2333 590 2403 χρόνια
624 2332 712 2386 διὰ
741 2332 803 2385 τὸ
833 2331 1098 2397 ἀειθαλὲς,
1132 2335 1246 2386 υἱὸν
1289 2337 1386 2405 μὲν
1415 2340 1442 2390 ὁ
1488 2339 1682 2405 φοίνιξ,
1722 2341 1991 2413 θυγατέρα

405 2421 458 2472 δὲ
489 2423 523 2492 ἡ
550 2421 724 2475 ἐλαία.
759 2421 1084 2479 Plutarchus
1113 2428 1162 2477 in
1194 2423 1432 2495 Sympos.
1475 2427 1527 2490 8,
1563 2431 1826 2498 quaest.9,
1863 2434 1994 2502 pal-

409 2527 552 2565 mam
602 2528 725 2568 esse
782 2516 856 2567 ait
919 2517 1244 2586 μακρόόιον,
1294 2518 1722 2588 ἐμπεδόφυλλον,
1766 2523 1994 2593 βεϐαίως

408 2605 712 2673 ἀείφυλλον,
749 2607 982 2678 ideoque
1012 2624 1134 2664 esse
1166 2611 1391 2666 victoris
1425 2616 1729 2681 praemium,
1767 2618 1887 2671 Ὅτι
1914 2619 1995 2671 δεῖ

408 2692 504 2763 τὴν
543 2695 651 2746 τῶν
699 2697 1004 2767 νικηφόρων
1044 2698 1198 2762 δόξαν
1253 2699 1476 2768 ἄφθιτον
1519 2706 1610 2756 καὶ
1659 2705 1848 2776 ἀγήρω
1881 2707 1994 2760 δια-

411 2785 608 2854 μένειν.
643 2785 978 2852 Phornutus,
1009 2791 1173 2859 capit.
1220 2791 1288 2847 de
1341 2792 1530 2858 Musis,
1574 2797 1625 2849 in
1654 2812 1717 2850 ea
1748 2801 1994 2867 agnoscit

409 2875 468 2928 τὸ
497 2876 737 2943 ἀείζωον.
783 2878 839 2932 1η
893 2878 1028 2952 Tylo
1069 2882 1268 2948 insula,
1325 2882 1536 2938 Plinius
1590 2886 1684 2940 lib.
1735 2905 1834 2952 xu,
1869 2905 1990 2959 cap.

414 2965 500 3028 11,
529 2967 660 3020 nulli
693 2969 951 3022 arborum
987 2969 1114 3022 folia
1147 2971 1400 3026 decidere
1437 2974 1636 3038 tradit;
1664 2982 1714 3027 et
1749 2976 1841 3031 lib.
1879 2992 1991 3038 ενι,

412 3071 533 3126 cap.
569 3056 633 3110 ‘21
670 3077 684 3110 :
719 3058 783 3112 ln
827 3058 1058 3114 Thurino
1091 3079 1238 3130 agro,
1280 3062 1371 3116 ubi
1397 3063 1615 3134 Sybaris
1635 3066 1760 3136 fuit,
1788 3083 1852 3120 ea:
1881 3070 1994 3138 ipsa

413 3145 536 3199 urbe
568 3149 985 3216 prospiciebatur
1012 3169 1233 3222 quercus
1278 3171 1404 3218 una,
1455 3173 1723 3227 nunquam
1753 3159 1882 3228 folia
1911 3161 1994 3214 di-

411 3240 643 3300 mittens.
677 3257 767 3294 nec
801 3253 922 3297 ante
957 3245 1179 3298 me'liam
1213 3257 1448 3301 a’statem
1477 3251 1798 3320 germinans.
1829 3251 1994 3324 quue

410 3333 602 3386 mirum
651 3343 748 3397 est,
783 3333 982 3390 ercis
1033 3340 1339 3396 auctoribus
1388 3342 1675 3410 proditum,
1720 3346 1859 3413 apud
1897 3365 1992 3402 nos

407 3435 586 3490 postea
632 3427 803 3482 sileri.
840 3427 983 3482 Nam
1029 3430 1264 3485 locorum
1313 3443 1461 3487 tanta
1505 3438 1576 3489 vis
1619 3448 1716 3498 est,
1760 3449 1816 3491 ut
1853 3442 1994 3492 circa

410 3513 694 3584 Memphim
727 3517 969 3589 .Egypti,
1002 3531 1050 3574 et
1081 3523 1136 3574 in
1169 3521 1516 3592 Elephantine
1551 3527 1830 3583 Thebaidis
1861 3531 1994 3583 nulli

410 3607 588 3660 arbori
616 3607 879 3673 decidant,
917 3628 980 3665 ne
1027 3613 1214 3667 vitibus
1249 3616 1478 3685 quidem.
1514 3616 1646 3673 Vide
1689 3619 1990 3676 Varronem

411 3698 505 3750 lli.
551 3713 590 3761 ι,
628 3715 746 3770 cap.
785 3700 836 3764 'i,
872 3700 949 3754 De
983 3719 1038 3757 re
1069 3705 1300 3768 rustica;
1345 3717 1400 3761 et
1435 3706 1875 3778 Theophrastum
1921 3712 1996 3766 De

412 3790 599 3843 histor.
652 3792 820 3859 plant.
858 3794 952 3848 lib.
991 3811 1028 3860 ι,
1072 3797 1241 3866 capit.
1276 3799 1362 3861 15,
1419 3801 1511 3854 ubi
1556 3810 1609 3856 et
1658 3803 1724 3857 de
1778 3805 1996 3874 platano

413 3880 725 3937 Gortineusi
754 3891 808 3936 et
838 3885 904 3939 de
942 3884 1305 3956 Elephantino
1341 3905 1489 3959 agro.
1533 3893 1670 3964 Περὶ
1705 3896 1812 3966 γὰρ
1855 3897 1994 3949 Ἐλες

415 3973 674 4044 φαντίνην
716 3975 834 4029 οὐδὲ
867 3975 965 4040 τάς
1012 3977 1308 4048 ἀμπέλους,
1346 3981 1464 4035 οὐδὲ
1513 3985 1613 4048 τάς
1662 3989 1831 4049 συκᾶς
1867 4005 1996 4055 φασι

413 4064 776 4133 φυλλοϐολείν.
815 4066 872 4122 In
913 4069 1110 4139 quibus
1145 4070 1287 4124 sicut
1330 4084 1384 4127 et
1426 4074 1480 4128 iu
1526 4076 1646 4131 aliis
1681 4093 1748 4131 an
1786 4076 1996 4136 Plinius

415 4156 588 4213 lldelis
627 4159 944 4231 interpretis
975 4178 1202 4219 munere
1231 4164 1451 4222 functus
1496 4167 1566 4221 sit
1601 4170 1996 4240 aliisjudican-

412 4250 540 4303 dum
575 4251 823 4321 relinquo
851 4273 862 4308 :
900 4253 1003 4309 hoc
1033 4271 1219 4310 verum
1252 4266 1361 4324 est,
1385 4259 1632 4329 qutedam
1672 4262 1739 4317 de
1771 4279 1871 4318 suo
1900 4265 1998 4319 ad-

412 4342 659 4406 didisse,
717 4345 823 4399 alia
873 4347 1144 4403 omisisse.
1204 4349 1274 4403 At
1331 4367 1440 4406 non
1492 4369 1557 4407 ex
1622 4352 1997 4426 Theophrasto

412 4437 712 4500 transtulit,
741 4436 834 4492 sed
871 4453 937 4494 ex
969 4442 1112 4508 aliis,
1150 4442 1447 4516 Graecaque
1484 4452 1544 4499 ut
1586 4454 1742 4500 erant
1793 4448 1848 4502 in
1891 4448 1997 4505 illis

2093 1969 2220 2029 lius,
2255 1968 2401 2023 hom.
2428 1969 2461 2023 5
2494 1987 2505 2021 :
2541 1968 2689 2038 Πλήν
2717 1985 2779 2036 γε
2807 1969 2887 2020 ὅτι
2920 1968 2980 2021 τὸ
3013 1967 3161 2038 ῥόδον
3183 1969 3304 2020 τότε
3333 1968 3459 2022 ἄνευ
3505 1967 3672 2020 ἀκάν-

2089 2061 2190 2131 θης
2223 2057 2310 2131 ἦν.
2345 2061 2608 2132 ’Ὑστερον
2636 2061 2692 2113 δὲ
2723 2059 2795 2130 τῷ
2829 2060 3014 2114 κάλλει
3043 2060 3135 2113 τοῦ
3173 2060 3366 2122 ἄνθους
3399 2062 3431 2130 ή
3463 2058 3676 2113 ἄκανθα

2092 2154 2456 2224 παρεςεύχθη,
2488 2155 2573 2208 ἵνα
2595 2155 2653 2206 τὸ
2679 2152 2908 2224 τερπνὸν
2946 2153 3042 2223 τῆς
3069 2153 3417 2216 ἀπολαύσεως
3447 2152 3673 2221 ἐγγύθεν

2092 2246 2302 2315 ἔχωμεν
2343 2247 2752 2318 παρακειμένην
2799 2245 2896 2317 τὴν
2941 2246 3139 2317 λύπην,
3195 2245 3531 2316 μεμνημένοι
3574 2248 3675 2316 τῆς

2092 2337 2383 2407 ἁμαρτίας,
2413 2336 2478 2388 δι’
2511 2337 2576 2406 ἢν
2615 2339 2851 2404 ἀκάνθας
2904 2339 2997 2392 καὶ
3046 2337 3327 2410 τριϐόλους
3369 2341 3500 2408 ἡμῖν
3541 2339 3674 2392 ἀνα-

2092 2428 2293 2481 τέλλειν
2339 2429 2700 2501 κατεδικάσθη
2737 2433 2768 2501 ή
2808 2431 2901 2501 γῆ.
2940 2431 3034 2484 Pia
3069 2438 3124 2485 et
3158 2432 3401 2501 prudens
3427 2445 3674 2485 commo-

2092 2521 2353 2582 nefactio,
2391 2531 2449 2574 ut
2479 2521 2734 2576 videlicet
2767 2523 2930 2579 homo
2982 2524 3036 2576 in
3087 2538 3267 2576 rosam
3320 2530 3543 2591 aspectu
3585 2521 3671 2576 in-

2088 2609 2258 2678 jecto,
2305 2611 2486 2664 statim
2541 2613 2756 2681 pristini
2785 2621 2838 2668 et
2877 2612 3086 2682 antiqui
3128 2611 3288 2682 primi
3324 2613 3590 2682 parentis,
3619 2622 3673 2666 et

2094 2703 2178 2758 sui
2223 2704 2408 2772 lapsus
2455 2706 2770 2759 memoriam
2827 2713 3078 2776 repetat;
3136 2716 3188 2760 et
3234 2706 3543 2759 Calamitate
3577 2706 3673 2759 in-

2096 2804 2305 2867 specta,
2345 2799 2398 2851 in
2437 2813 2598 2867 quam
2632 2807 2855 2869 propter
2899 2807 3182 2869 peccatum
3241 2799 3468 2863 incidit,
3510 2801 3675 2856 corde

2096 2887 2290 2943 fremat
2315 2897 2369 2944 et
2404 2890 2594 2944 intime
2625 2892 2823 2952 doleat,
2858 2893 3051 2960 suique
3085 2895 3349 2948 creatoris
3380 2909 3537 2962 opem
3575 2910 3672 2949 ex-

2095 2993 2306 3052 poscat.
2333 2994 2386 3037 et
2417 2983 2522 3038 sibi
2551 2995 2759 3038 caveat.
2794 2983 3122 3038 Continuata
3154 2986 3298 3038 enim
3325 2993 3673 3054 peccatorum

2097 3075 2360 3128 me‘moria
2385 3075 2592 3128 nullum
2628 3076 2928 3130 remedium
2963 3077 3144 3146 aptius
3178 3077 3243 3130 ad
3271 3077 3481 3130 veniam
3512 3077 3677 3146 impe-

2097 3167 2371 3227 trandam,
2405 3182 2504 3221 nec
2541 3167 2707 3220 ullum
2749 3167 2894 3221 aliud
2930 3167 3003 3221 ita
3035 3184 3254 3238 segnem
3292 3167 3468 3221 reddit
3499 3166 3674 3220 homi-

2099 3273 2220 3310 nem
2269 3257 2337 3312 ad
2385 3259 2683 3328 nequitiam
2716 3261 3157 3328 perpetrandam,
3191 3267 3250 3313 ut
3281 3261 3473 3314 scribit
3501 3258 3675 3330 Chry-

2095 3356 2370 3402 sostomus
2403 3351 2456 3401 in
2489 3350 2658 3416 Epist.
2693 3349 2760 3402 ad
2799 3350 3078 3413 llebra’os,
3115 3367 3234 3419 cap.
3274 3368 3372 3413 xu,
3408 3352 3552 3407 hom.
3584 3351 3674 3414 5i,

2095 3447 2149 3493 et
2176 3440 2228 3493 in
2259 3448 2449 3495 catena
2467 3441 2521 3493 in
2553 3457 2668 3510 cap.
2699 3459 2786 3495 xw
2823 3441 3106 3495 Hieremiae
3137 3459 3153 3495 :
3189 3442 3311 3495 Ἐπὶ
3335 3443 3394 3495 τὸ
3419 3443 3678 3513 λειπόμε-

2093 3549 2184 3584 νον
2208 3532 2493 3603 φάρμακον
2516 3533 2846 3602 καταφεύγει
2867 3534 2973 3586 τῶν
2997 3535 3406 3605 ἁμαρτημάτων
3424 3535 3524 3605 τὴν
3545 3533 3682 3602 γνῶ-

2099 3641 2200 3675 σιν.
2228 3622 2336 3678 Nec
2365 3624 2613 3679 dissentit
2634 3625 2861 3695 August.
2885 3626 2977 3678 lib.
3000 3642 3038 3692 ι,
3062 3625 3131 3678 De
3155 3624 3281 3680 Gen.
3300 3636 3482 3678 contra
3509 3623 3677 3678 Mani-

2098 3717 2287 3779 clueos,
2317 3731 2364 3769 c.
2396 3717 2503 3770 15:
2530 3715 2632 3770 Per
2663 3727 2930 3784 peccatum
2971 3718 3194 3771 hominis
3225 3728 3365 3771 terra
3396 3719 3677 3772 maledicta

2095 3816 2196 3865 est,
2230 3815 2285 3859 ut
2333 3809 2510 3875 spinas
2540 3819 2766 3876 pareret,
2813 3826 2916 3862 non
2959 3819 3013 3862 ut
3060 3812 3173 3877 ipsa
3214 3825 3394 3878 pomus
3433 3811 3674 3875 sentiret,

2097 3915 2214 3968 qua:
2253 3901 2363 3952 sine
2401 3916 2556 3953 sensu
2597 3910 2708 3964 est,
2758 3900 2848 3954 sed
2891 3912 2947 3953 ut
2989 3903 3188 3970 peccati
3231 3902 3448 3955 humani
3481 3904 3677 3955 crimen

2099 4005 2300 4058 semper
2327 3991 2623 4044 hominibus
2653 4003 2772 4045 ante
2811 3992 2988 4045 oculos
3027 4002 3255 4060 poneret,
3287 4009 3390 4063 quo
3425 3993 3676 4046 admone-

2099 4095 2280 4138 rentur
2319 4084 2608 4154 aliquaudo
2645 4088 2809 4139 arerti
2853 4104 2884 4138 a
2930 4087 3177 4156 peccatis,
3209 4097 3258 4139 et
3307 4087 3375 4139 ad
3408 4087 3503 4139 Dei
3538 4102 3676 4154 prte-

2099 4189 2249 4247 cepta
2279 4181 2528 4232 converti.
2570 4178 2760 4232 Herba
2792 4189 2990 4240 autem,
3022 4190 3128 4232 etc.
3185 4178 3308 4233 Haec
3341 4187 3522 4234 tamen
3550 4195 3676 4233 sen-

2099 4269 2270 4323 tentia
2304 4267 2524 4323 Pererio
2551 4269 2589 4322 l.
2619 4282 2657 4333 ι,
2688 4269 2740 4320 in
2789 4267 2916 4320 Gen.
2956 4285 3065 4322 non
3107 4268 3333 4322 arridet.
3377 4267 3490 4322 Nec
3529 4269 3689 4321 enim.

2101 4367 2279 4428 potest
2317 4357 2512 4411 adduci
2563 4365 2620 4410 ιιι
2651 4356 2839 4410 credat
2885 4373 3066 4411 rosam
3112 4367 3238 4411 ante
3271 4365 3556 4426 peccatum
3597 4357 3676 4410 fa-

2099 4459 2240 4503 ctam
2269 4449 2440 4504 fuisse
2474 4450 2680 4518 absque
2715 4449 2910 4517 spinis.
2952 4447 3093 4503 Deus
3123 4450 3266 4502 enim
3299 4449 3436 4502 tales
3478 4448 3675 4502 condi-
3771 4441 3776 4446 ’

412 4527 727 4582 auctoribus
772 4527 964 4583 Latina
991 4530 1132 4588 fecit.
1163 4534 1294 4590 Esto
1321 4555 1333 4590 :
1372 4543 1552 4591 tamen
1588 4548 1873 4608 suspectus
1899 4541 1993 4594 ad-
2024 4546 2068 4599 D
2097 4542 2177 4596 dit
2222 4557 2310 4595 res
2343 4541 2534 4609 quales
2575 4547 2704 4595 sunt
2737 4541 3038 4595 secundum
3070 4549 3324 4595 naturam
3360 4555 3538 4606 suam,
3574 4555 3676 4594 nec

412 4617 519 4674 huc
550 4626 635 4673 est
672 4635 796 4674 cum
824 4629 877 4676 et
914 4625 970 4678 in
1005 4625 1128 4681 aliis
1162 4627 1352 4684 eodem
1380 4627 1544 4683 modo
1578 4645 1637 4685 se
1665 4639 1854 4700 gerat;
1901 4632 1994 4686 sed

409 4723 520 4762 non
548 4714 630 4764 est
665 4713 950 4780 przesentis
977 4717 1202 4786 negotii.

482 4801 600 4856 Col.
631 4803 755 4869 716,
779 4805 1102 4862 lin.22.Kal
1126 4808 1502 4876 ἣνἈρκάδες
1523 4811 1836 4880 φίλοδρυν.
1863 4814 1997 4867 Cor-

409 4896 525 4964 rige
554 4911 621 4949 ex
654 4894 1052 4966 Theophrasto,
1083 4901 1391 4970 φελλόδρυν.
1440 4901 1616 4972 Hujus
1659 4913 1912 4959 naturam
1942 4914 1995 4961 et

409 4995 724 5040 accuratam
764 4989 1188 5061 descriptionem
1219 4993 1382 5050 habet
1417 4996 1554 5050 idem
1581 4995 1994 5066 Theophrastus

410 5079 485 5133 De
516 5079 697 5134 histor.
732 5081 900 5151 plant.
930 5081 1026 5138 lib.
1072 5100 1153 5149 tu,
1193 5088 1360 5157 capit.
1401 5089 1467 5143 16
1500 5106 1512 5142 :
1553 5091 1617 5142 Ὅ
1647 5089 1701 5142 δὲ
1739 5089 1994 5143 καλοῦσιν

421 5171 679 5241 Ἀρκάδες
707 5172 996 5244 φελλόδρυν
1035 5177 1243 5230 τοιάνδε
1290 5177 1401 5249 ἔχει
1447 5179 1547 5247 τὴν
1577 5182 1758 5248 φύσιν,
1789 5180 1863 5244 ὡς
1897 5181 1994 5251 μὲν

406 5261 592 5325 ἁπλῶς
624 5266 816 5328 εἰπεῖν,
850 5265 952 5319 ἀνά
985 5266 1148 5336 μέσον
1180 5269 1369 5338 πρίνου
1401 5269 1494 5322 καὶ
1522 5271 1682 5342 δρυός
1709 5273 1843 5323 ἐστι.
1884 5271 1995 5323 Καὶ

405 5353 534 5407 ενιοι
591 5355 1063 5428 ὑπολαμϐάνουσιν
1121 5356 1257 5413 εἶναι
1304 5360 1470 5432 θῆλυν
1513 5365 1722 5432 πρῖνον.
1773 5362 1854 5415 διὸ
1900 5363 1994 5416 καὶ

404 5440 536 5494 ὅπου
582 5445 655 5514 μὴ
702 5444 891 5514 φύεται
945 5449 1152 5517 πρῖνος,
1204 5448 1378 5519 τούτῳ
1423 5450 1658 5521 χρῶνται
1716 5451 1850 5521 πρὸς
1896 5451 1994 5514 τὰς

405 5533 642 5602 ἁμάξας.
684 5537 778 5590 καὶ
823 5538 890 5590 τὰ
926 5537 1170 5604 τοιαῦτα,
1203 5541 1456 5613 καθάπερ
1485 5544 1518 5612 ἡ
1572 5543 1700 5614 περλ⁸
1733 5542 1995 5596 Λακεδαί-

406 5641 545 5694 μονα
597 5627 686 5678 καὶ
727 5627 958 5680 Ἠλείαν.
1015 5627 1253 5682 Καλοῦω
1305 5630 1360 5682 δὲ
1417 5631 1472 5684 οἴ
1518 5648 1580 5699 γε
1631 5635 1853 5701 Δωριεῖς
1901 5635 1994 5687 καὶ

401 5715 601 5785 ἀγρίαν
632 5716 692 5768 τὸ
731 5717 964 5787 δένδρον.
999 5719 1154 5771 Ἔστι
1201 5720 1258 5772 δὲ
1307 5721 1695 5791 μαλακώτερον
1743 5723 1837 5777 τοῦ
1871 5727 1995 5796 πρί-

401 5821 512 5868 νου,
551 5805 909 5880 σκληρότερον
946 5808 1002 5861 δὲ
1045 5809 1136 5862 καὶ
1180 5814 1510 5867 πυκνότεοον
1539 5813 1636 5885 τῆς
1670 5814 1846 5886 δρυός.
1885 5819 1992 5870 Καὶ

2098 4640 2382 4703 peccatum
2412 4630 2541 4686 Adae
2592 4633 2825 4685 mutavit
2855 4648 3046 4686 earum
3098 4633 3463 4703 proprietates
3514 4640 3676 4700 atque

2098 4723 2465 4787 conditiones,
2517 4737 2640 4776 cum
2687 4737 2788 4776 nec
2831 4739 2894 4776 ea
2942 4721 3186 4793 quidem,
3221 4739 3345 4792 qua:
3391 4736 3518 4776 vera
3549 4728 3678 4776 sunt

2099 4814 2402 4870 secundum
2456 4823 2714 4868 naturam
2761 4814 3003 4868 hominis
3049 4823 3333 4884 peccatum
3377 4814 3496 4882 ejus
3523 4812 3678 4882 quid-

2099 4920 2260 4976 quam
2308 4905 2624 4959 variaverit.
2676 4903 2879 4958 Rosam
2918 4905 3243 4959 vei-enasci
3292 4904 3434 4958 inter
3490 4904 3678 4972 spinas

2098 4996 2406 5051 naturalem
2464 5010 2606 5050 rosae
2654 4996 3107 5049 constitutionem
3156 5006 3320 5065 atque
3371 4995 3678 5064 generatio-

2097 5100 2222 5139 nem
2258 5086 2638 5154 consequitur.
2683 5084 2864 5151 Quare
2899 5085 3004 5140 etsi
3055 5093 3185 5140 ante
3227 5095 3513 5154 peccatum
3550 5085 3680 5137 Δάαι

2097 5184 2254 5230 erant
2291 5176 2404 5230 haec
2447 5176 2700 5229 humana)
2732 5186 2942 5230 natura:
2984 5178 3170 5237 noxia,
3215 5191 3325 5229 non
3363 5175 3598 5230 luissent
3628 5172 3678 5225 ci

2097 5269 2152 5321 in
2185 5281 2424 5337 pmnam,
2467 5268 2515 5321 si
2561 5282 2669 5320 non
2710 5277 3015 5337 peccasset,
3050 5265 3146 5321 sed
3195 5267 3269 5318 ita
3299 5275 3447 5320 esset
3495 5266 3680 5317 animo

2097 5375 2440 5430 corporeque
2473 5360 2723 5424 eli‘ectus,
2767 5369 2824 5413 ut
2869 5359 3127 5413 l'acillime
3165 5359 3283 5412 hare
3325 5359 3560 5412 exitiosa
3596 5358 3679 5409 in-

2098 5463 2409 5506 ternoscere
2442 5460 2492 5504 et
2523 5453 2694 5505 vitare
2721 5458 2928 5520 posset.
2965 5449 3161 5505 Verum
3203 5458 3308 5509 est,
3345 5449 3510 5502 Deum
3543 5447 3679 5499 tales

2099 5563 2187 5600 res
2237 5546 2553 5601 condidisse
2607 5547 2800 5616 quales
2857 5555 2986 5600 sunt
3041 5543 3345 5600 secundum
3401 5551 3675 5596 naturam.

2101 5638 2258 5693 Same
2289 5639 2492 5694 mentis
2525 5647 2610 5693 est
2652 5638 2814 5692 lateri
2861 5653 3045 5691 rerum
3089 5636 3458 5708 proprietates
3498 5645 3552 5687 et
3583 5647 3678 5685 na-

2098 5739 2252 5787 turas
2274 5740 2500 5800 peccato
2527 5732 2828 5800 primorum
2850 5740 3136 5799 parentum
3158 5747 3264 5783 non
3283 5728 3452 5784 fuisse
3483 5727 3677 5780 imum—

2099 5830 2263 5878 tatas.
2312 5821 2666 5891 Exploratum
2700 5829 2805 5888 est,
2847 5831 2973 5876 ante
3022 5831 3307 5892 peccatum
3363 5835 3485 5874 cum
3530 5814 3680 5871 nulla
