4124 6430
439 401 545 458 849

1474 404 1540 458 lN
1580 371 1954 460 EUSTATllll
1990 405 2471 464 nnxanuenou
2507 411 2730 468 noras.

3602 401 3709 477 ss‘o

437 517 598 586 culpa
630 531 805 586 neque
834 531 1034 586 corpus
1059 533 1235 587 neque
1264 518 1506 572 animum
1551 518 1810 583 alliceret,
1848 536 2026 590 neque
2056 529 2096 581 Α
2131 538 2272 574 nium
2310 535 2596 587 maturat;
2622 533 2676 580 et
2710 541 2830 596 cap.
2865 528 2956 596 26,
2999 529 3235 584 Perdunt
3279 532 3536 602 facillima
3589 544 3710 588 ante

439 623 654 680 pinnam
690 609 852 663 ullam
890 608 1057 664 fuisse
1091 610 1339 665 inditam.
1369 610 1508 666 Vero
1537 616 1719 667 verius
1759 622 1844 668 est
1872 613 2017 666 Ada-

441 715 587 754 mum
620 707 748 754 tunc
777 700 852 754 ita
876 700 1057 754 animo
1085 710 1138 754 et
1168 716 1398 770 corpore
1442 701 1610 758 luisse
1643 702 1916 765 eﬂ‘ectum,
1957 712 2018 757 ut

441 799 492 847 ct
519 793 750 847 exitiosa
775 805 1154 864 cognosceret,
1182 803 1236 849 et
1267 803 1448 864 posset
1475 797 1668 850 vitare.
1702 793 1826 850 ldco
1855 803 1907 850 et
1937 810 2026 850 ro-

441 900 558 939 sam
595 901 719 939 cum
764 886 938 955 spinis
984 896 1167 940 natam
1211 887 1624 951 allirmabimus,
1661 896 1717 943 et
1755 889 1810 942 in
1855 890 2030 958 spinis

443 978 616 1042 nasci,
645 979 945 1034 naturalem
977 995 1115 1034 rosa:
1144 981 1587 1036 constitutionem
1617 990 1671 1035 ct
1725 982 2032 1051 generatio-

443 1085 569 1124 nem
609 1072 914 1140 consequi?
948 1071 1064 1124 Alia
1103 1072 1265 1126 nobis
1295 1072 1517 1127 aliunde
1555 1080 1623 1127 et
1656 1089 1795 1128 rosa:
1835 1082 2030 1126 natura

443 1169 497 1216 et
530 1163 798 1216 naturalis
821 1164 1147 1218 constitutio
1173 1165 1492 1234 qumrenda.
1533 1164 1690 1230 Quod
1727 1175 1920 1218 natura
1948 1166 2032 1219 in-

446 1256 615 1309 situm
666 1262 752 1309 est
789 1263 952 1326 atque
985 1256 1196 1321 datum,
1227 1265 1281 1312 et
1323 1259 1630 1313 naturalem
1681 1259 2032 1314 constitutio-

446 1362 570 1400 nem
599 1349 973 1416 consequitur,
1006 1349 1090 1402 lex
1119 1356 1220 1410 est,
1249 1364 1370 1417 qua:
1395 1349 1542 1404 nullo
1565 1350 1846 1404 hominum
1879 1349 2050 1419 inge-

449 1438 564 1494 nio.
611 1439 760 1491 nulla
817 1445 1124 1508 temporum
1177 1440 1591 1504 vicissitudine,
1645 1442 1795 1495 nulla
1847 1457 2031 1496 rerum

446 1535 733 1599 varietate,
768 1535 919 1589 nullo
941 1537 1104 1590 etiam
1139 1536 1314 1606 ipsius
1338 1546 1568 1603 natum,
1601 1539 1646 1593 si
1680 1539 1792 1592 ﬁeri
1827 1544 2030 1609 posset,

448 1630 678 1698 impetu,
709 1629 976 1695 violatur;
1017 1628 1112 1684 sed
1134 1645 1350 1699 semper
1375 1630 1632 1684 eamdem-
1666 1647 1778 1684 rem
1817 1631 1880 1684 ad
1913 1629 2032 1685 exi-

450 1727 566 1774 tum
597 1735 768 1789 usque
796 1721 1172 1790 consequitur.
1207 1719 1361 1786 Quod
1390 1723 1433 1775 si
1460 1722 1643 1784 tollas,
1678 1723 1760 1776 vel
1796 1724 1849 1775 in
1885 1721 2032 1775 aliud

449 1819 824 1866 transmutare
850 1814 1168 1873 tentaveris,
1202 1828 1316 1866 rem
1351 1821 1404 1868 et
1450 1814 1620 1882 ipsam
1655 1815 1870 1883 perdes.
1904 1815 2032 1869 etin

449 1905 612 1958 aliam
661 1905 997 1961 imtnutabis.
1032 1905 1098 1958 Et
1134 1906 1339 1961 scimus
1379 1907 1541 1960 etiam
1583 1907 1820 1960 dubitari
1874 1923 1941 1960 an
1978 1909 2028 1962 id

452 1996 653 2050 virtute
685 1995 1030 2051 etilacultate
1079 1997 1262 2050 divina
1320 1997 1434 2050 lieri
1481 2007 1685 2067 posset,
1717 2008 1769 2052 et
1808 2001 2030 2053 conclua

449 2087 586 2142 dunt
636 2103 703 2143 ex
750 2095 945 2142 natura
995 2088 1072 2142 rei
1123 2087 1177 2141 id
1218 2089 1515 2158 implicare.
1571 2090 1639 2141 At
1682 2106 1782 2144 nos
1827 2091 2030 2145 nostris

451 2180 603 2234 hisce
653 2180 996 2250 temporibus
1025 2180 1386 2250 agricolarum
1440 2181 1707 2235 industria
1754 2182 1825 2234 ita
1876 2197 2030 2236 rosas

451 2273 660 2326 institui
690 2272 986 2334 cernimus,
1013 2281 1072 2324 ut
1094 2273 1298 2342 absque
1327 2272 1500 2342 Spinis
1521 2279 1829 2341 erumpant,
1855 2288 2030 2342 neque

451 2363 1028 2425 minusvcnustiores,
1065 2378 1240 2431 neque
1276 2363 1457 2416 minus
1489 2362 1844 2415 odoratiores.
1883 2359 2032 2426 Quo-

454 2455 614 2508 modo
647 2469 778 2530 ergo
809 2469 838 2505 a
879 2463 1074 2506 natura
1115 2455 1187 2506 ita
1219 2463 1590 2523 comparatum
1635 2469 1756 2507 esse
1787 2451 2026 2506 afﬁrma-

457 2536 843 2602 bimnslldem
874 2554 957 2600 est
992 2547 1131 2600 inter
1159 2547 1344 2615 spinas
1373 2546 1526 2600 nasci
1562 2547 1860 2600 naturalem
1893 2559 2032 2599 rosa:

454 2638 903 2693 constitutionem
925 2639 1186 2706 consequi
1210 2637 1498 2700 aliirmare,
1529 2652 1592 2689 ac
1609 2636 1749 2690 inter
1769 2636 2034 2690 domesti-

456 2743 552 2782 cos
589 2727 822 2796 parietes
871 2728 1146 2781 hominem
1209 2729 1385 2788 nasci,
1440 2726 1743 2780 naturalem
1792 2726 2037 2781 hominis

457 2822 926 2876 constitutionem.
978 2821 1041 2874 Et
1086 2823 1286 2876 mirum
1339 2830 1446 2884 est,
1487 2821 1632 2892 quod
1666 2837 1788 2876 cum
1826 2821 1880 2874 in
1928 2821 2032 2875 hoc

459 2911 591 2966 llorc
611 2909 856 2966 omniu’m
893 2912 1263 2983 pulcherrimo
1309 2914 1464 2983 plura
1507 2923 1738 2984 possunt
1779 2913 2031 2968 conside-

456 3005 568 3058 rari
603 3020 723 3074 quae
755 3005 874 3074 ejus
903 3015 1152 3058 naturam
1187 3007 1447 3076 consequi
1487 3021 1594 3060 non
1627 3008 1864 3061 absurde
1887 3005 2034 3061 dice-

459 3111 666 3159 remus,
700 3097 964 3168 ncglectis
990 3097 1118 3161 illis,
1143 3097 1208 3150 ad
1237 3097 1448 3166 spinas,
1467 3112 1588 3166 qua:
1619 3097 1852 3165 pessima
1883 3103 2030 3162 sunt,

460 3189 698 3243 animum
738 3190 1114 3243 attendamus.
1146 3186 1224 3242 Ex
1263 3188 1745 3256 Peripateticorum
1793 3198 1847 3241 et
1889 3189 2035 3258 inge-

459 3297 694 3334 nuorum
739 3281 1191 3350 philosophorum
1234 3280 1422 3334 schola
1462 3287 1651 3333 notum
1699 3281 1774 3343 id,
1809 3295 1872 3334 ac
1900 3281 2034 3335 satis

459 3382 672 3428 certum
711 3373 1001 3437 habemus,
1043 3373 1117 3426 ita
1145 3374 1368 3442 propria
1396 3388 1519 3427 esse
1558 3372 1636 3426 rei
1670 3372 1784 3436 illa,
1814 3387 1936 3441 qua:
1967 3373 2036 3426 ad

458 3467 761 3520 naturalem
789 3466 1233 3521 constitutionem
1252 3473 1682 3534 consequuntur,
1726 3473 1783 3518 ut
1813 3465 1880 3520 de
1916 3466 2056 3520 aliis.

459 3558 597 3620 dici,
635 3564 689 3613 et
732 3558 851 3612 aliis
902 3557 1292 3612 communicari
1342 3558 1567 3612 minime
1626 3557 1839 3628 possint
1888 3558 2036 3612 salva

462 3661 821 3721 utrorumque
868 3660 1088 3707 natura.
1132 3652 1203 3705 At
1249 3652 1390 3706 inter
1424 3651 1612 3720 spinas
1662 3652 1814 3706 nasci
1863 3651 2038 3706 soline

461 3759 600 3799 rosre
626 3744 912 3799 convenit?
956 3743 1096 3814 Ergo
1128 3744 1271 3797 inter
1295 3743 1482 3814 spinas
1505 3744 1658 3797 nasci
1693 3759 1801 3797 non
1842 3758 2041 3798 conse-

462 3838 653 3904 quitur
695 3838 1000 3891 naturalem
1050 3852 1188 3890 rosae
1213 3835 1686 3891 constitutionem.
1720 3835 1788 3889 At
1824 3851 1934 3890 non
1965 3836 2040 3889 ita

461 3928 680 3998 propria
727 3935 782 3980 ut
814 3929 888 3982 sit
917 3927 1040 3982 aliis
1087 3928 1463 3997 inconjuncta,
1509 3942 1642 3998 ergo
1685 3943 1796 3982 non
1847 3936 2041 3980 natura

461 4022 611 4084 data,
637 4033 766 4088 ergo
797 4027 976 4090 potest
1008 4021 1256 4090 generari
1292 4035 1440 4082 rosa,
1472 4029 1527 4073 et
1581 4021 1700 4074 sine
1742 4019 1916 4089 spinis
1945 4033 2042 4088 ge-

461 4114 666 4166 nerari.
716 4111 820 4166 Sed
866 4111 1060 4165 demus
1106 4113 1269 4165 etiam
1314 4126 1428 4165 rem
1480 4112 1554 4164 ita
1613 4127 1672 4166 se
1713 4111 1951 4175 habere,
1989 4120 2042 4165 et

465 4204 608 4258 inter
631 4204 815 4273 spinas
839 4204 1013 4266 nasci,
1045 4204 1304 4272 consequi
1332 4218 1472 4258 rosae
1503 4205 1808 4257 naturalem
1841 4205 2043 4258 consti-

462 4297 748 4349 tutionem.
798 4294 939 4360 Quid
983 4295 1145 4349 inde?
1187 4293 1458 4357 Culturaa,
1515 4295 1652 4358 soli,
1698 4311 1874 4364 aqua,
1917 4295 2040 4349 εωιί

461 4395 667 4440 tantam
693 4401 815 4441 esse
853 4387 965 4454 jam
995 4395 1048 4442 et
1083 4386 1396 4442 facultatem
1429 4388 1482 4440 in
1517 4387 1740 4456 plantis,
1768 4387 1813 4442 si
1862 4386 2044 4441 Theo-

462 4483 688 4549 phrasto
743 4480 977 4548 aliisque
1016 4478 1330 4541 credimus,
1368 4486 1429 4532 ut
1466 4480 1636 4533 miras
1693 4479 2046 4534 alterationes

2133 615 2517 678 maturitatem,
2571 617 2772 684 palma,
2811 619 2967 688 ﬁcus,
3017 623 3322 693 amygdala,
3360 627 3551 690 malus,
3615 643 3712 696 py-

2132 723 2244 768 rns,
2277 707 2399 760 item
2427 709 2640 776 punica,
2667 725 2784 778 qua:
2823 711 2984 764 etiam
3013 714 3220 768 roribus
3253 715 3452 779 nimiis,
3482 727 3531 770 et
3560 717 3710 784 prui-

2131 799 2212 852 nis
2265 800 2451 868 ﬂorent
2501 803 2716 856 amittit.
2753 801 2873 868 Qua
2907 802 2976 857 de~
3017 821 3180 858 causa
3221 807 3494 876 inflectunt
3535 825 3711 861 ramos

2133 893 2247 962 ejus
2281 911 2344 948 ne
2374 894 2594 963 subjecti
2628 896 2900 950 humorem
2929 897 3179 965 infestum
3228 901 3514 969 excipiant,
3559 909 3713 970 atque

2133 989 2454 1042 contineant.
2490 986 2663 1059 Pgrus
2705 1000 2751 1043 et
2799 990 3105 1060 amygdala,
3130 992 3291 1045 etiam
3322 993 3367 1045 si
3410 1009 3513 1046 non
3539 993 3709 1062 pluat,

2134 1080 2224 1133 sed
2259 1081 2353 1149 ﬁat
2405 1083 2704 1135 austrinum
2752 1083 2959 1146 caelum,
3011 1093 3104 1136 aut
3149 1083 3409 1150 nubilum,
3461 1086 3712 1137 amittunt

2133 1174 2340 1242 ﬂorent.
2387 1185 2434 1228 et
2467 1176 2664 1243 primos
2709 1175 2948 1244 fructus,
2988 1177 3034 1229 si
3081 1193 3198 1230 cum
3243 1177 3533 1246 deﬂoruere
3581 1178 3712 1231 tales

2133 1265 2244 1319 dies
2275 1265 2491 1334 fuerint.
2538 1267 2682 1321 ldcm
2714 1267 2877 1321 refert
2913 1269 3005 1322 lib.
3043 1285 3176 1333 xvn,
3212 1285 3334 1340 cap.
3363 1269 3418 1334 2,
3461 1285 3582 1340 qua:
3609 1270 3711 1324 ha-

2134 1357 2252 1412 buit
2294 1375 2357 1412 ex
2407 1359 2806 1429 Theophrasto,
2840 1361 2915 1414 De
2957 1362 3134 1415 causis
3163 1363 3328 1427 plant.
3364 1363 3461 1418 lib.
3499 1381 3554 1428 ιι,
3591 1380 3712 1435 cap.

2135 1449 2192 1502 H
2223 1469 2234 1503 :
2268 1449 2632 1520 Ἀποὸλητικὰ
2672 1451 2728 1502 δὲ
2775 1451 3007 1521 μάλιστα
3038 1451 3146 1505 τῶν
3180 1453 3406 1523 καρπῶν
3450 1454 3577 1524 πρὶν
3620 1471 3716 1508 πε-

2135 1541 2299 1592 πᾶναι
2337 1539 2494 1609 συκῆ,
2541 1540 2633 1592 καὶ
2666 1539 2859 1606 φοίνιξ,
2909 1540 3340 1611 καὶ’ἁμυγδαλῆ,
3375 1543 3468 1595 καὶ
3517 1543 3712 1613 μηλέα,

2133 1633 2229 1686 καὶ
2276 1633 2451 1695 ἄπιος.
2498 1632 2702 1687 Ἱκανὸν
2751 1633 2860 1703 γὰρ
2893 1635 2987 1688 καὶ
3037 1633 3211 1687 ὁτιοῦν
3259 1634 3575 1707 διυγρᾶναι,
3624 1639 3717 1691 καὶ

2135 1724 2359 1787 ἀσθενὲς
2392 1725 2634 1794 ποιῆσαι,
2664 1725 2757 1778 καὶ
2786 1726 2901 1795 ἅμα
2935 1725 3144 1790 τούτοις
3176 1743 3239 1795 γε
3269 1728 3363 1782 καὶ
3392 1729 3716 1800 πνευμάτων

2136 1817 2431 1884 ἐπιγίνεται
2466 1816 2708 1886 μέγεθος.
2761 1817 2824 1870 Ἥ
2853 1817 2908 1870 δὲ
2949 1819 3046 1888 ῥόα
3087 1821 3200 1882 τοῖς
3237 1819 3335 1890 μὲν
3381 1819 3593 1874 ἄνθεσιν
3625 1821 3717 1873 ea»

2138 1906 2511 1969 κατάπτωτος.
2562 1905 2816 1976 ’Λσθενὴς
2845 1905 2952 1977 γὰρ
2989 1907 3166 1959 αὐτῶν
3203 1909 3235 1978 ἡ
3267 1908 3605 1979 πρόσφυσις·
3642 1909 3718 1973 ὡς

2137 1998 2180 2050 δ’
2227 1998 2355 2051 ὅταν
2402 1997 2666 2067 ψεκάδια,
2721 1997 2815 2050 καὶ
2851 1998 3030 2070 δρόσοι
3077 1999 3334 2064 πέσωσιν,
3398 2000 3718 2072 εἰσδυόμενα

2139 2089 2278 2141 κατὰ
2309 2089 2370 2140 τὸ
2407 2087 2566 2150 ἄνθος
2598 2087 2909 2158 ἁνυγραίνει
2954 2090 3048 2141 καὶ
3092 2089 3364 2160 ποιεῖτὴν
3405 2089 3580 2163 βολήν.
3629 2091 3720 2143 Διὸ

2138 2181 2233 2233 καὶ
2263 2181 2559 2249 κατάγουσι
2589 2180 2656 2234 τὰ
2683 2180 2895 2251 δένδρα,
2929 2181 3022 2240 καὶ
3063 2181 3162 2236 οὐκ
3193 2183 3414 2251 ἀφιᾶσιν
3457 2183 3538 2246 είς
3563 2181 3715 2252 ὕψος,

2138 2274 2285 2336 ὅπως
2340 2274 2389 2326 οἱ
2441 2273 2646 2326 κύτινοι
2705 2272 2776 2343 μὴ
2829 2272 2979 2344 ὀρθοὶ
3029 2273 3310 2344 γενόμενοι
3359 2274 3619 2346 δέχωνται
3658 2275 3720 2328 τὸ

2139 2365 2322 2436 ὑγρόν.
2356 2367 2419 2417 Ol
2451 2365 2506 2417 δὲ
2551 2366 2644 2419 καὶ
2682 2365 2948 2419 ἀνάπαλιν
2995 2365 3273 2420 κελεύουσι
3317 2367 3568 2436 φυτεύειν
3620 2367 3720 2431 τὰς

2141 2457 2370 2528 pasam
2409 2457 2599 2510 τούτου
2659 2459 2841 2528 χάριν,
2895 2459 3045 2522 ὅπως
3083 2459 3244 2523 εὐθὺς
3289 2457 3717 2515 κατανεύσωσιν.

2141 2550 2261 2602 Ὅτι
2291 2549 2335 2602 δ’
2365 2550 2601 2620 ὑγρότης
2629 2549 2775 2602 αἰτία
2806 2549 2905 2620 τῆς
2945 2547 3234 2617 ἀποϐολῆς,
3261 2549 3511 2603 κάκεῖθεν
3540 2547 3717 2618 δῆλον.

2139 2645 2204 2696 Al
2234 2640 2340 2712 γὰρ
2385 2642 2537 2695 ἄπιοι
2562 2642 2657 2694 καὶ
2690 2639 3018 2711 ἀμυγδαλαῖ,
3053 2640 3158 2694 κᾶν
3203 2641 3281 2712 μὴ
3325 2639 3514 2712 βρέχῃ,
3549 2639 3719 2702 νότιος

2138 2734 2194 2787 δὲ
2297 2736 2325 2786 ὁ
2360 2733 2465 2804 ἀὴρ
2498 2735 2592 2788 καὶ
2625 2733 2909 2804 ὲπινεφὴς,
2944 2731 3306 2786 ἀποϐάλλουσι
3349 2735 3444 2785 καὶ
3485 2731 3552 2785 τὰ
3585 2730 3720 2802 ἄνθη

2141 2841 2234 2879 και
2282 2827 2409 2888 τοὺς
2459 2823 2710 2896 πρώτους
2761 2824 3035 2895 καρποὺς,
3090 2824 3185 2877 ἐὰν
3233 2821 3394 2887 εὐθὺς
3440 2821 3579 2893 μετὰ
3625 2822 3723 2894 τὴν

2139 2915 2443 2986 ἀπάνθησιν
2507 2911 2562 2988 ᾗ.
2624 2913 2998 2970 Theodoretus
3051 2914 3370 2983 invcapitn
3420 2911 3722 2978 Hieremia,

2151 3007 2363 3071 ἰστέον,
2396 3009 2477 3062 ὅτι
2524 3010 2552 3060 ό
2591 3007 2839 3079 Ἐϐραῖος
2872 3009 2994 3060 ἀντὶ
3041 3009 3307 3078 καρυΐνης
3353 3005 3724 3076 ἀμυγδαλίνην

2141 3099 2322 3170 φησίν.
2371 3101 2433 3152 Ἡ
2473 3099 2529 3151 δὲ
2563 3099 2903 3170 ἁμυγδαλίνη
2938 3099 2999 3151 τὸ
3041 3100 3177 3168 ταχὺ
3209 3099 3308 3168 τῆς
3346 3097 3615 3170 τιμωρίας
3645 3097 3728 3150 αι-

2139 3190 2372 3244 νίττεται
2393 3206 2406 3221 ·
2439 3189 2544 3260 πρὸ
2574 3191 2680 3260 γὰρ
2705 3190 2812 3242 τῶν
2851 3189 3026 3243 ἄλλων
3051 3190 3282 3261 δένδρων
3313 3189 3482 3243 ἀνθεῖ.

2210 3281 2372 3344 lbid.,
2407 3283 2504 3335 lin.
2536 3282 2625 3336 50.
2665 3284 2727 3338 Ἠ
2751 3282 2819 3336 δὲ
2856 3283 3039 3350 πικρὰ
3069 3281 3408 3351 ἀμυγδαλῆ.
3465 3280 3722 3344 Basilius,

2138 3374 2297 3426 Horn.
2317 3373 2351 3427 5
2384 3392 2396 3426 :
2433 3373 2566 3426 Τινὰ
2591 3372 2647 3426 δὲ
2689 3376 2783 3426 καὶ
2813 3373 2912 3444 τὴν
2941 3375 3020 3425 ὲκ-
3048 3373 3262 3440 φύσεως
3293 3371 3491 3424 κακίαν
3535 3374 3727 3442 ἐπιμε-

2139 3463 2310 3527 λείαις
2356 3463 2619 3535 γεωργῶν
2667 3463 3081 3535 θεραπευόμενα
3131 3464 3406 3533 ἐγνωμεν·
3462 3457 3574 3517 οἷον
3626 3464 3727 3528 τὰς

2140 3555 2318 3620 ὀξείας
2363 3555 2534 3627 ῥοιὰς,
2581 3555 2672 3609 και¹
2716 3556 2824 3609 τῶν
2872 3555 3195 3625 ἀμυγδαλῶν
3240 3554 3338 3619 τὰς
3372 3554 3722 3628 πικροτέρας,

2142 3650 2268 3701 ὅταν
2299 3647 2672 3721 διατρηθεῖσαι
2705 3649 2766 3701 τὸ
2807 3648 2945 3719 πρὸς
2979 3651 3044 3719 τῇ
3094 3647 3218 3721 ῥίζῃ
3268 3647 3517 3717 στέλεχος
3549 3647 3726 3716 σφῆνα

2143 3743 2352 3814 πεύκης
2404 3741 2634 3812 λιπαρὸν
2668 3742 2767 3812 τῆς
2813 3740 3137 3812 ὲντεριώνης
3191 3741 3362 3811 μέσης
3412 3739 3727 3794 διελαθέντα

2141 3835 2418 3901 δέξωνται,
2456 3836 2536 3898 εἰς
2559 3832 3316 3906 εὐχρηστίαν-μεταϐάλλουσι
3341 3833 3463 3887 τότε
3502 3831 3596 3887 τοῦ
3630 3849 3727 3902 χυ-

2148 3926 2248 3997 μοῦ
2299 3927 2401 3996 τὴν
2449 3925 2784 3996 δυσχέρειαν.
2814 3923 3245 3994 Theophrastus,
3285 3921 3492 3978 llistor.
3548 3922 3727 3992 plant.

2145 4021 2240 4074 lib.
2268 4035 2328 4080 ιι,
2374 4034 2495 4086 cap.
2526 4018 2580 4080 8,
2626 4017 2965 4089 amygdalam
3009 4033 3074 4072 ex
3117 4031 3302 4070 amara
3347 4018 3558 4072 dulcem
3583 4016 3722 4072 elllci

2144 4114 2280 4174 vult,
2314 4113 2360 4166 si
2407 4114 2530 4180 quis
2574 4111 2804 4165 caudice
2841 4109 3207 4164 circumlosso
3244 4110 3729 4180 praeterforatoquo

2147 4220 2403 4259 mensura
2449 4203 2756 4257 dodrantali
2795 4201 3038 4270 undique
3078 4202 3372 4270 lacrymam
3421 4199 3726 4255 ellluentem

2148 4300 2201 4352 in
2257 4299 2398 4352 idem
2457 4298 2697 4351 deﬂuere
2747 4295 2911 4349 sinat.
2952 4292 3088 4347 Vide
3129 4292 3405 4362 ejusdem,
3449 4291 3528 4345 De
3554 4292 3730 4346 causis

2146 4388 2314 4455 plant.
2353 4387 2446 4440 lib.
2483 4403 2520 4450 ι,
2551 4386 2718 4456 capit.
2749 4384 2840 4448 Si,
2871 4398 2981 4452 quo
3010 4383 3131 4436 loco
3173 4382 3512 4453 amygdalam
3537 4381 3732 4436 humo—

2151 4480 2227 4534 ris
2267 4479 2599 4534 abundantia
2647 4477 2889 4532 sterilem
2945 4475 3026 4529 sic
3063 4475 3318 4545 castigari
3367 4472 3539 4527 tradit
3584 4471 3726 4529 Plin.

463 4571 903 4639 mutationesque
924 4571 994 4634 ,in
1035 4570 1103 4623 iis
1131 4570 1376 4639 quotidie
1399 4578 1714 4633 cernantur,
1747 4577 1800 4624 et
1825 4569 2038 4641 Hippon
2075 4589 2118 4643 ι)
2151 4572 2243 4628 lib.
2279 4587 2412 4634 xvn,
2444 4586 2565 4641 cap.
2595 4571 2692 4625 27:
2717 4568 3028 4641 Amygdala
3052 4584 3118 4624 ea:
3145 4568 3344 4622 amaris
3377 4566 3555 4621 dulces
3597 4566 3730 4635 ﬁunt

463 4672 655 4718 auctor
674 4670 779 4725 est,
805 4677 1021 4714 onmem
1056 4663 1320 4731 plantam,
1351 4672 1404 4716 et
1433 4663 1761 4727 silvestrem,
1792 4673 1844 4718 et
1877 4663 2042 4716 urba-

462 4771 590 4810 nam
623 4755 829 4809 cultum
864 4756 1136 4823 adeptam,
1169 4765 1262 4808 aut
1286 4771 1395 4809 non
1426 4757 1678 4825 adeptam
1703 4756 1836 4810 efﬁci
1859 4771 2040 4826 posse,

462 4861 516 4903 ct
571 4855 853 4919 peccatum
906 4847 959 4900 id
1009 4862 1116 4900 non
1154 4846 1352 4901 faciet?
1397 4863 1554 4916 plena
1610 4847 1854 4916 peccati?
1902 4846 2072 4902 Deus.

465 4944 620 5013 ipse?
678 4941 854 5005 Adde,
887 4943 1076 5011 spinas
1107 4947 1160 4994 et
1197 4939 1430 4994 tribulos
1463 4939 1788 5009 germinabit
1838 4938 1954 4993 tibi.
1987 4937 2043 4992 Si

460 5041 571 5110 jam
604 5050 755 5096 erant
790 5041 978 5110 Spinm,
1016 5039 1060 5094 si
1100 5037 1213 5107 jam
1248 5036 1457 5100 tribuli,
1494 5037 1675 5090 inania
1706 5035 1886 5089 divina
1922 5051 2046 5091 ver-

466 5131 554 5193 ba,
579 5133 760 5187 inanis
783 5146 940 5201 pmna
965 5138 1018 5184 et
1046 5127 1378 5192 maledictio,
1396 5127 1648 5196 quamvis
1671 5125 1822 5180 dicas
1853 5125 2042 5190 fuisse,

466 5223 559 5278 sed
606 5241 713 5277 non
762 5225 817 5277 in
854 5237 1095 5294 pugnam.
1131 5220 1257 5275 llzec
1297 5229 1444 5281 sunt,
1492 5217 1697 5280 Pereri,
1728 5233 1870 5287 quze,
1905 5227 1960 5273 et
1999 5220 2046 5273 si

466 5329 573 5366 non
597 5321 743 5367 esset
775 5313 1072 5369 Eustathii.
1111 5311 1319 5372 Basilii,
1353 5309 1666 5378 Augustini,
1693 5325 1925 5378 quiorum
1953 5324 2047 5377 pa-

468 5415 612 5459 trum
639 5407 651 5460 !
684 5409 1005 5470 auctoiitas,
1057 5405 1324 5460 inducunt
1362 5414 1419 5458 ut
1448 5404 1666 5457 credam
1714 5418 1892 5455 rosam
1922 5409 2047 5456 ante

466 5508 748 5568 peccatum
777 5496 973 5551 factam
1007 5514 1130 5552 esse
1163 5497 1368 5566 absque
1401 5498 1595 5565 spinis.
2013 5569 2020 5574 _

537 5592 654 5647 Col.
685 5590 808 5645 716.
830 5591 924 5644 lin.
948 5592 1037 5644 28.
1071 5593 1132 5644 Ἡ
1171 5590 1238 5643 δὲ
1260 5588 1576 5658 ἀμυγδαλῆ
1603 5588 1817 5656 πρώτη.
1837 5587 2048 5643 Plinius

465 5686 591 5740 iilzr.
629 5699 742 5744 xvr,
781 5679 981 5736 Natur.
1022 5681 1190 5743 Hist.,
1225 5697 1344 5751 cap.
1374 5681 1467 5744 25,
1503 5679 1586 5733 Ea:
1631 5681 1710 5734 Itis
1739 5698 1855 5752 qua:
1883 5680 2050 5736 hieme

468 5777 648 5846 aquila
679 5776 966 5835 exoriente,
988 5785 1041 5828 ut
1073 5774 1329 5841 diximus,
1356 5774 1677 5842 concipiunt,
1702 5774 1856 5842 ﬂoret
1875 5777 2049 5842 prima

470 5873 700 5925 omnium
736 5867 1019 5937 amygdala
1065 5885 1237 5922 mense
1263 5865 1549 5932 Januario,
1591 5865 1788 5920 Martio
1819 5883 1935 5920 vero
1958 5883 2050 5935 po-

2147 4666 2195 4718 si
2223 4664 2572 4733 circumfosso
2620 4665 2816 4731 stipite,
2846 4671 2894 4718 et
2924 4662 2988 4716 ab
3029 4664 3140 4716 ima
3176 4671 3325 4728 parte
3354 4659 3731 4728 circumforato

2145 4758 2379 4824 deﬂuens
2408 4759 2601 4827 pituita
2649 4757 3004 4826 abstergatur.
3050 4753 3344 4809 Africanus
3381 4752 3524 4823 apud
3561 4751 3732 4808 Geor-

2144 4852 2378 4919 gicorum
2415 4851 2763 4905 collectorem
2795 4848 2887 4902 lib.
2937 4865 2991 4906 χ,
3035 4846 3318 4902 medicinae
3347 4843 3512 4914 hujus
3540 4843 3734 4899 memi-

2147 4941 2227 4994 nit
2260 4949 2314 4992 et
2342 4941 2480 4994 alias
2516 4939 2700 4993 subdit
2733 4939 3028 4994 εΓλυκεῖαν
3058 4939 3114 4991 δὲ
3151 4939 3214 4992 ὲκ
3247 4938 3451 5009 πικρᾶς
3487 4932 3744 5007 ποιήσειέ

2147 5037 2216 5097 εί,
2257 5036 2605 5105 ὲκτρυπήσας
2633 5033 2692 5086 τὸ
2724 5035 2966 5107 πρέμνον
2994 5034 3084 5104 ἐπὶ
3109 5032 3415 5104 παλαιστὴν
3440 5034 3499 5085 ὲν
3528 5047 3729 5101 τετρα-

2149 5129 2326 5200 γώνῳ,
2371 5129 2431 5181 τὸ
2471 5128 2706 5192 δάκρυον
2740 5127 2932 5199 ἐκδέξῃ
2977 5127 3038 5179 τὸ
3073 5128 3192 5180 κατ’
3235 5125 3499 5189 ἐνιαυτὸν,
3531 5124 3636 5188 ἕως
3666 5121 3733 5178 ἂν

2149 5221 2442 5292 γλυκανθῇ.
2473 5219 2704 5273 Κάλλιον
2735 5219 2791 5272 δέ
2819 5236 2962 5280 τινες
2987 5218 3266 5281 ποιοῦντες
3293 5215 3742 5288 υττεριορύττουσιι

2150 5315 2251 5368 καῖ’
2288 5311 2670 5382 περισάλλουσι
2699 5313 2900 5381 κόπρον
2945 5312 3096 5364 ὑείαν
3146 5309 3466 5381 ἐπιχέαντες
3516 5307 3610 5362 καὶ
3644 5297 3735 5360 οὗ·

2152 5425 2264 5478 ρον,
2315 5401 2433 5459 εἶτα
2490 5403 2906 5477 προσχώσαντες
2959 5402 3244 5475 ἀρδεύουσι
3303 5404 3424 5455 κατ’
3465 5399 3729 5463 ἐνιαυτὸν,

2149 5500 2256 5562 ἕως
2279 5492 2338 5552 οὗ
2377 5497 2742 5568 γλυκανθῶσι.
2780 5497 2894 5548 Πᾶν
2923 5495 2978 5547 δὲ
3021 5494 3271 5563 στέλεχος
3300 5490 3614 5562 ἀμυγδαλῆς
3643 5492 3733 5543 έκ-

2151 5592 2318 5646 κοπὲν
2356 5589 2647 5646 ἀποϐάλλει
2686 5589 2775 5642 τὸν
2819 5586 3049 5656 καρπόν.
3095 5587 3332 5657 Ἀπαλὴν
3377 5586 3432 5638 δὲ
3478 5585 3570 5637 καὶ
3600 5582 3733 5650 γλυ-

2151 5688 2302 5738 κεῖαν
2347 5688 2410 5736 ἐκ
2443 5683 2682 5753 σκληρᾶς
2724 5682 2817 5734 καὶ
2868 5679 3069 5750 πικρᾶς
3099 5679 3366 5748 ποιήσεις,
3408 5679 3455 5730 εί
3491 5675 3560 5728 τὰ
3604 5675 3733 5744 περὶ

2149 5776 2209 5828 τὸ
2245 5776 2494 5845 στέλεχος
2526 5775 2630 5838 ἕως
2661 5775 2768 5828 τῶν
2805 5774 2897 5826 ἐπὶ
2929 5771 3127 5841 πολλῆς
3158 5769 3322 5842 ῥιζῶν
3361 5765 3730 5838 γυμνὼοειας,

2153 5868 2244 5921 καὶ
2295 5866 2614 5938 ἁρδεύσειας
2665 5866 2902 5936 συνεχῶς
2953 5864 3106 5918 ὕδατι
3137 5861 3325 5935 θερμῷ
3359 5861 3464 5932 πρὸ
3512 5858 3609 5927 τῆς
3644 5857 3737 5910 ἁν-
