4124 6430
437 387 535 438 851

1777 391 2024 448 LEUNIS
2067 391 2338 446 ALLA'I‘II

3589 397 3696 452 852

437 500 791 572 Θοὸολήσεως.
834 503 890 558 In
931 506 1132 574 quibus
1183 507 1393 563 ultimis
1442 510 1622 564 verbis
1663 526 1726 564 ea
1781 513 1862 565 sic
1885 527 2008 564 cor-
2036 515 2082 570 Α
2113 510 2230 565 visu
2251 510 2368 579 ipso
2398 513 2653 574 recreari,
2678 526 3014 581 corporequc
3036 513 3692 583 excitari,etquasicom-

436 593 573 664 rigo,
601 596 701 658 ἕως
727 596 834 649 τῶν
867 599 1133 667 ἐπιπολῆς
1168 599 1352 669 ῥιζῶν.

503 687 620 738 Col.
653 685 775 750 716,
809 687 905 739 lin.
942 687 1030 740 54.
1062 688 1180 754 Thr
1207 688 1484 756 αὐτὴνδὲ
1503 692 1839 758 θεραπείαν.
1860 692 2012 746 Aris-

433 777 628 830 toteles
647 776 740 831 lib.
766 793 804 840 ι,
828 778 899 832 De
924 781 1144 847 plantis,
1173 795 1292 851 cap.
1319 783 1373 841 3.
1399 781 1696 851 Amygdala
1719 799 1942 852 quoque,
1963 793 2011 835 et

432 870 574 922 mala
603 881 833 938 grauata
854 890 1007 926 suam
1035 875 1297 927 malitiam
1317 891 1408 942 per
1441 877 1707 930 culturam
1740 879 2009 932 amittunt.

429 972 478 1011 et
511 962 654 1014 mala
679 975 908 1033 granata
933 975 1159 1020 stercore
1181 968 1398 1034 porcina
1422 967 1690 1021 radicibus
1720 969 1930 1037 injecto,
1963 977 2011 1020 et

431 1068 570 1120 aqua
617 1053 766 1108 dulci
809 1056 1009 1126 frigida
1057 1059 1231 1128 rigata
1281 1060 1502 1112 meliora
1554 1059 1866 1114 redduntur.
1907 1058 2011 1113 Sed

431 1145 704 1216 amygdali
729 1147 891 1202 clavis
923 1151 1165 1218 conﬁxae,
1203 1151 1402 1219 gummi
1437 1166 1528 1219 per
1560 1151 1784 1204 multum
1813 1161 2010 1218 tempus

429 1239 700 1292 stillantes
745 1241 986 1294 meliores
1046 1240 1357 1305 redduntur,
1415 1244 1698 1313 multwque
1751 1244 2010 1298 silvestres

428 1332 630 1392 plantw
657 1347 748 1400 per
775 1332 870 1385 hoc
904 1334 1193 1400 artiﬁciunt
1223 1335 1493 1387 hortenses
1531 1336 1707 1404 ﬁunt;
1742 1343 1796 1389 et
1830 1335 2008 1390 Paxa-

430 1439 553 1478 mus
587 1424 728 1493 apud
773 1425 1120 1478 collectorem
1172 1423 1545 1495 Ceorgicorum
1587 1427 1678 1480 lib.
1712 1444 1766 1490 ι,
1819 1428 2011 1497 Περιοο

431 1514 597 1584 ρυξας
625 1515 718 1568 τοῦ
754 1516 969 1587 δένδρου
1005 1517 1102 1581 τὰς
1130 1519 1282 1589 ῥίζας
1307 1521 1508 1590 κόπρον
1533 1521 1683 1573 ὑείαν
1705 1521 2004 1591 ἐπίχρισον,

430 1609 522 1660 καὶ
556 1607 736 1677 χώσας
769 1611 926 1679 ῥᾶνον
952 1609 1098 1683 οὔρῳ
1131 1611 1474 1681 ἀνθρωπείῳ.
1528 1612 1610 1664 Τὰ
1645 1612 1701 1664 δὲ
1734 1613 1861 1683 περὶ
1888 1613 2009 1668 τού-

428 1715 520 1750 του
549 1701 606 1751 ἐν
635 1700 711 1768 τῷ
740 1701 882 1770 ἄλλῳ
913 1719 1014 1770 μου
1060 1703 1349 1773 γεωργικῷ
1381 1703 1570 1774 eis).th
1609 1705 1777 1774 τρίτῳ
1827 1707 1885 1758 ἐν
1929 1705 2006 1775 τῷ

426 1809 550 1860 κεφ.
595 1793 706 1856 ἔχε’
739 1793 1064 1866 τελεώτερον
1092 1797 1362 1866 εὑρήσεις.

498 1883 659 1944 lbid.,
696 1885 792 1938 lin.
839 1887 927 1941 53$.
975 1865 1050 1940 r'H
1093 1865 1167 1940 δέ
1202 1865 1412 1953 θήλεια
1459 1887 1685 1956 φοίνιξ.
1745 1886 2000 1951 Basilius,
2033 1865 2076 1920 Β

423 1976 574 2031 hom.
609 1977 679 2031 5:
715 1979 824 2030 Καὶ
857 1978 984 2042 ἴδοις
1017 1978 1084 2032 ἄν
1121 1997 1253 2032 ποτε
1298 1981 1396 2052 τὴν
1435 1983 1565 2052 παρ’
1597 1983 1776 2034 αὐτῶν
1811 1983 2007 2051 ὀνομα-

426 2069 658 2140 ζομένην
703 2069 924 2141 θήλειαν
968 2072 1226 2125 καθεῖσαν
1267 2076 1393 2137 τοὺς
1422 2073 1647 2137 κλάδους
1679 2069 1795 2129 οἷον,
1830 2074 2004 2145 ὀργῶ-

425 2178 554 2225 σαν,
607 2162 700 2215 καὶ
745 2163 844 2233 τῆς
891 2163 1211 2235 συμπλοκῆς
1252 2165 1544 2236 ἐφιεμένην
1593 2166 1687 2219 τοῦ
1741 2167 1999 2238 ἄρρενος·

423 2248 546 2312 τοὺς
588 2248 645 2301 δὲ
691 2249 1033 2321 θεραπευτὰς
1079 2253 1188 2307 τῶν
1235 2256 1417 2324 φυτῶν
1475 2257 1847 2327 ἐμϐάλλοντας
1891 2259 2005 2320 τοῖς

423 2336 637 2401 κλάδοις
665 2334 776 2392 οἷόν
816 2358 936 2394 τινα
984 2343 1273 2414 σπέρματα
1304 2345 1412 2398 τῶν
1441 2346 1706 2416 ἀρρένων,
1751 2348 1877 2411 τοὺς
1914 2347 2003 2399 λε·-

427 2428 686 2500 τομένους
711 2432 906 2502 ψῆνας.
939 2436 1032 2488 καὶ
1051 2434 1223 2499 οὕτως
1250 2431 1360 2488 οἷον
1388 2438 1445 2489 ἐν
1477 2437 1725 2508 αἰσθήσει
1750 2439 1849 2510 τῆς
1871 2439 2004 2492 ἀπο-

423 2520 668 2585 Ααύσεως
709 2524 950 2592 γίνεσθαι
990 2527 1082 2578 καὶ
1121 2526 1476 2599 ἀνορθοῦσθαι
1521 2528 1680 2583 πάλιν
1717 2531 1844 2593 τοὺς
1875 2530 2003 2583 κλά-

423 2613 562 2677 δους,
609 2617 703 2668 καὶ
742 2618 876 2686 πρὸς
909 2619 971 2671 τὸ
1002 2622 1199 2672 οἰκεῖον
1231 2622 1413 2692 σχῆμα
1445 2623 1537 2675 τοῦ
1573 2623 1739 2692 φυτοῦ
1765 2624 1865 2694 τὴν
1907 2625 2000 2677 κό-

422 2723 530 2774 μην
545 2707 1029 2766 ἀποκαθίστασθαι.
1056 2711 1194 2766 Plin.
1217 2713 1310 2770 lib.
1332 2730 1587 2784 xm,cap.
1606 2716 1638 2769 4
1659 2717 2000 2781 :Arboribus,

421 2800 524 2852 imo
537 2803 710 2868 potius
734 2804 975 2858 omnibus
1005 2823 1120 2875 qua:
1150 2816 1289 2861 terra
1311 2807 1512 2876 gignat,
1543 2808 1814 2878 herbisque
1840 2811 2000 2863 etiam

420 2902 697 2962 utrumque
729 2911 912 2949 sexum
937 2915 1050 2952 esse
1083 2899 1476 2968 diligentissimi
1513 2912 1725 2954 natura:
1754 2902 1999 2958 tradunt.

420 2983 576 3049 Quod
608 2985 660 3036 in
702 2986 924 3053 plenum.
943 2991 1073 3045 satis
1097 2991 1164 3044 sit
1194 2991 1396 3046 dixisse
1441 2994 1534 3046 hoc
1565 2995 1621 3048 in
1649 2995 1762 3049 loco
1788 3012 1802 3061 ;
1838 2996 1998 3048 nullis

420 3083 599 3128 tamen
629 3075 907 3132 arboribus
937 3081 1290 3149 manifestius,
1321 3099 1434 3137 mas
1467 3084 1519 3138 in
1558 3084 1776 3152 palmite
1821 3087 1995 3155 ﬂoret,

418 3164 615 3231 femina
663 3168 798 3222 citra
844 3171 1028 3237 florem
1073 3173 1329 3240 germinat
1372 3183 1577 3227 tantum
1614 3177 1778 3244 spinte
1809 3178 1996 3240 modo;
2025 3199 2074 3262 ς

417 3266 470 3310 et
501 3257 748 3322 inferius,
772 3259 976 3316 thero
1006 3280 1108 3316 non
1136 3264 1254 3322 sine,
1278 3266 1513 3320 maribus
1537 3269 1746 3337 gignere
1767 3269 1992 3339 feminas

414 3364 599 3416 sponte
641 3351 780 3405 edito
815 3370 1024 3408 nemore
1072 3357 1388 3425 conﬁrmant
1419 3372 1439 3409 :
1468 3359 1729 3430 circaque
1757 3361 1992 3430 singulos

412 3438 589 3504 plures
619 3453 808 3496 nutare
845 3444 898 3496 in
928 3461 1046 3498 eum
1079 3461 1275 3514 pronas
1313 3445 1684 3506 blandioribus
1707 3451 1890 3509 comis,
1925 3449 1994 3502 il-

380 3541 389 3550 ‘
416 3530 527 3584 lum
551 3534 736 3588 erectis
768 3535 1033 3604 hispidum
1061 3539 1264 3609 aﬂlatu,
1297 3539 1513 3608 visuque
1539 3541 1671 3608 ipso,
1704 3552 1754 3595 et
1784 3542 1994 3611 pulvere

412 3623 573 3676 etiam
604 3626 833 3696 reliquas
861 3631 1129 3684 maritare.
1176 3631 1351 3700 Hujus
1380 3633 1567 3688 arbore
1608 3636 1993 3695 excisaviduas

412 3724 531 3782 post
560 3718 880 3772 sterilescere
939 3721 1188 3788 feminas.
1231 3724 1475 3794 Adeoque
1503 3735 1579 3780 est
1603 3729 1801 3780 veneris
1834 3729 1991 3781 intel-

415 3813 603 3874 lectus,
635 3823 691 3864 ut
723 3814 890 3866 coitus
918 3815 1077 3868 etiam
1111 3819 1438 3886 excogitatus
1472 3820 1540 3872 sit
1572 3819 1654 3872 ab-
1674 3820 1881 3874 homine
1929 3838 1994 3875 ea:

413 3904 654 3958 maribus
685 3904 837 3972 ﬂore,
869 3922 931 3958 ac
952 3906 1218 3976 lanugine,
1249 3909 1460 3962 interim
1494 3925 1610 3964 vero
1641 3921 1844 3968 tantum
1871 3915 1993 3980 rul-

413 4013 529 4050 vere
574 3997 826 4064 inspersa.
857 3999 1088 4066 feminis.
1143 4000 1527 4057 Guillaudinus
1573 4004 1625 4058 in
1673 4003 1908 4076 Egypto
1939 4013 1992 4060 et

387 4086 635 4142 .Oriente
664 4089 977 4144 observavit
1009 4107 1074 4144 ne
1102 4090 1317 4146 feminae
1347 4094 1564 4148 steriles
1600 4095 1731 4158 sint,
1768 4105 1870 4150 aut
1891 4096 1988 4149 im-

410 4190 691 4236 maturum
720 4183 956 4238 fructum
984 4185 1233 4254 perdant,
1266 4202 1447 4241 mares
1472 4203 1538 4242 eo
1570 4188 1856 4244 intervallo
1882 4189 1990 4244 seri

411 4284 474 4329 ut
512 4276 582 4330 ab
605 4277 672 4335 iis
711 4279 984 4347 pulverem
1007 4286 1200 4334 ventus
1228 4277 1284 4332 in
1312 4278 1433 4332 illas
1461 4280 1714 4348 perferat.
1745 4280 1898 4346 Quod
1944 4280 1990 4334 si

411 4371 629 4440 longius
668 4370 897 4432 distent,
946 4389 1106 4441 quam
1146 4381 1208 4426 ut
1249 4373 1427 4442 pulvis
1463 4373 1664 4427 odorve
1705 4373 1991 4442 pervenire

411 4460 608 4528 possit,
645 4473 758 4516 tum
802 4477 832 4515 a
885 4478 1032 4517 mare
1063 4462 1258 4520 funem
1278 4463 1563 4534 religatum
1613 4463 1680 4518 ad
1731 4463 1989 4518 laminam

2117 603 2276 670 plesu
2326 604 2561 672 quodam
2619 604 2962 660 reviviscere.
3018 605 3282 673 Agricola:
3317 605 3689 671 subscribunt,

2117 700 2391 746 testantur
2438 693 2769 764 philosophi,
2801 695 3135 763 experientia
3184 697 3300 767 ipsa
3350 713 3533 752 rerum
3574 714 3692 752 ma—

2114 786 2284 853 gistra
2307 786 2561 839 ducimur
2591 787 2657 840 ad
2690 788 3160 842 consentiendum.
3189 787 3301 843 Hoc
3323 805 3479 859 aequo
3509 791 3690 845 animo

2115 873 2258 927 ferre
2287 889 2592 942 possemus,
2627 889 2679 930 at
2708 878 2853 947 quod
2885 879 3049 934 refert
3075 878 3422 935 Florentinus
3449 881 3501 934 in
3528 878 3690 934 Geor-

2113 967 2266 1034 gicis,
2296 969 2529 1034 palmam
2564 968 2823 1022 feminam
2855 986 2963 1024 non
2997 971 3164 1026 maris
3192 972 3567 1042 cujuscunque
3593 973 3689 1027 de-

2115 1055 2319 1109 siderio
2339 1058 2528 1119 teneri,
2549 1059 2644 1112 sed
2671 1061 2832 1113 unius
2849 1069 3058 1113 tantum
3079 1061 3145 1113 ad
3167 1076 3326 1130 quem
3345 1061 3592 1126 inclinat,
3613 1062 3686 1115 ita

2112 1163 2181 1202 ne
2200 1156 2255 1202 et
2284 1149 2619 1218 apprehensa
2648 1152 2991 1220 pulchritudo
3015 1153 3228 1208 arboris
3257 1152 3532 1224 ingenium
3553 1153 3690 1208 alte-

2112 1248 2219 1302 rat,
2238 1247 2292 1294 et
2320 1241 2479 1310 cujus
2496 1241 2673 1296 solius
2697 1244 3002 1312 amplexum
3025 1245 3302 1314 exposcit;
3322 1261 3480 1314 quem
3500 1253 3686 1314 postea

2112 1333 2366 1402 agricola:
2409 1341 2526 1389 arte
2561 1335 2794 1403 quadam
2826 1335 3257 1404 deprehendunt,
3292 1337 3478 1390 multis
3524 1337 3687 1391 simul

2109 1427 2279 1480 ramis
2310 1441 2373 1480 ex
2414 1425 2648 1482 diversis
2677 1428 2919 1483 maribus
2947 1429 3215 1492 collectis,
3249 1438 3303 1484 et
3331 1429 3396 1484 ad
3430 1429 3686 1484 feminam

2109 1531 2309 1587 aegram
2359 1524 2526 1587 atque
2573 1533 2760 1572 amore
2802 1517 3080 1589 fatigatam
3128 1521 3458 1590 propositis;
3501 1523 3684 1576 statim

2109 1608 2250 1662 enim
2270 1609 2407 1678 ipsa,
2427 1611 2686 1680 neglectis
2697 1616 2929 1678 caeteris,
2951 1611 3017 1664 ad
3039 1613 3288 1667 arborem
3309 1613 3415 1668 sibi
3433 1614 3686 1669 dilectam

2110 1698 2354 1765 inclinat,
2369 1711 2426 1756 et
2447 1703 2629 1756 laetitia
2655 1703 2888 1772 quadam
2907 1705 3125 1758 subsilit
3148 1706 3255 1758 voti
3273 1720 3532 1775 compos;
3563 1707 3682 1770 hoc,

2109 1793 2352 1860 inquam,
2370 1793 2496 1862 quis
2513 1794 2792 1848 crederet?
2808 1796 3083 1860 allectum,
3101 1813 3359 1862 amorem,
3377 1798 3686 1851 inclinatio-

2112 1899 2343 1953 nemque
2378 1885 2445 1938 ad
2479 1886 2688 1940 similes
2736 1889 2964 1943 arbores
3013 1891 3204 1958 palmae
3230 1905 3341 1944 non
3381 1890 3687 1959 denegave-

2110 1976 2254 2039 rim;
2277 1975 2646 2044 cognitionem
2673 1978 2948 2046 quomodo
2982 1977 3282 2031 concedere
3319 1977 3546 2031 debeam
3587 1977 3686 2032 ad—

2110 2065 2217 2119 huc
2271 2066 2472 2121 haereo.
2527 2066 2792 2124 Surculos
2847 2069 2916 2123 ab
2966 2070 3158 2123 arbore
3179 2069 3415 2134 decisos,
3454 2071 3686 2140 ideoque

2108 2155 2219 2209 vita
2262 2157 2524 2226 privatos,
2565 2160 2769 2229 optime
2797 2160 3207 2231 distinguendo,
3245 2175 3309 2214 ac
3341 2176 3681 2230 cognoscen-

2112 2246 2205 2309 do,
2238 2247 2392 2318 signa
2427 2249 2482 2302 in
2515 2250 2738 2304 surculo
2763 2250 2978 2304 arboris
3024 2257 3217 2306 amata:
3246 2249 3448 2318 optime
3480 2249 3684 2316 dijudi-

2106 2346 2226 2404 cat;
2277 2339 2371 2394 sed
2399 2341 2686 2397 audiamus
2716 2341 2881 2398 verba
2932 2340 3234 2396 Florentini
3270 2359 3283 2395 :
3327 2343 3384 2393 Ὀ
3414 2340 3470 2393 δὲ
3507 2339 3684 2410 φοίνιξ

2108 2432 2210 2502 ἐρᾷ
2247 2430 2341 2485 καὶ
2387 2429 2626 2502 δριμέως
2665 2431 2852 2502 ἐτέρου
2892 2431 3152 2500 φοίνικος,
3189 2431 3283 2486 καὶ
3325 2431 3387 2483 οὐ
3421 2431 3683 2502 πρότερον

2106 2539 2338 2575 παυεται
2368 2521 2461 2574 τοῦ
2487 2521 2672 2584 πόθου,
2695 2522 2798 2585 ἕως
2821 2522 2886 2575 ἂν
2911 2521 3080 2593 αὐτὴν
3121 2525 3149 2574 ὁ
3189 2521 3464 2593 ἐρώμενος
3503 2538 3682 2594 παρα-

2109 2615 2430 2686 μυθήσεται.
2468 2615 2624 2667 Ἐστι
2656 2614 2765 2686 γὰρ
2799 2615 2926 2666 ἰδεῖν
2963 2613 3022 2667 τὸ
3055 2613 3681 2685 δένδρον,.ἐπικεκαμμέ-

2103 2724 2215 2774 νον,
2251 2708 2343 2759 καὶ
2391 2707 2466 2778 μὴ
2501 2707 2666 2778 φέρον
2699 2707 2797 2777 τὴν
2836 2707 2973 2760 ἰδίαν
3012 2705 3203 2776 βάσιν,
3233 2707 3372 2778 μηδὲ,
3397 2722 3680 2778 καρποφο-

2105 2795 2251 2867 ροῦν.
2286 2795 2455 2848 Τοῦτο
2481 2796 2541 2848 οὐ
2574 2795 2818 2848 λανθάνει
2836 2795 2926 2860 ,τὸν
2950 2796 3210 2866 γεωργὸν,
3229 2795 3434 2848 ἀλλ’ὅτι
3464 2797 3559 2867 μὲν
3580 2797 3683 2868 ἐρᾷ

2103 2886 2197 2945 καὶ
2227 2887 2416 2955 ἐρᾶται
2444 2886 2823 2958 τεκμαίρεται,
2855 2887 3037 2955 ἀγνοεῖ
3058 2886 3114 2939 δὲ
3153 2889 3306 2939 ποίου
3343 2903 3356 2917 ·
3395 2887 3476 2940 διὸ
3507 2904 3682 2958 παρα-

2103 2977 2372 3048 πτόμενος
2405 2979 2660 3046 φοινίκων
2696 2978 2926 3043 πολλῶν,
2957 2981 3050 3033 καὶ
3092 2979 3252 3032 πάλιν
3281 2979 3374 3034 ἐπὶ
3397 2981 3507 3050 τὴν.
3544 2979 3681 3052 ἐρῶ-

2104 3088 2203 3125 σαν
2229 3071 2485 3136 ἐπανιὼν,
2509 3073 2989 3142 καιὲφαπτόμενος
3011 3075 3074 3142 τῇ
3095 3073 3258 3142 χειρὶ,
3273 3072 3422 3125 δοκεί
3441 3071 3564 3141 φιλή
3575 3090 3678 3141 μα-

2102 3181 2154 3216 τι
2167 3163 2354 3234 ὥσπερ
2374 3163 2653 3217 διακονεῖν.
2667 3165 2826 3216 [Ιοίου
2839 3165 2894 3217 δὲ
2911 3165 3148 3233 φοίνικος
3166 3165 3314 3216 ἐστιν
3335 3164 3470 3233 αὐτῇ
3493 3162 3675 3226 πόθος,

2104 3256 2356 3326 σημαίνει
2373 3256 2572 3325 τρόπον
2593 3255 2790 3327 τινὰτῇ
2805 3256 2911 3314 τῶν
2932 3256 3118 3309 παθῶν
3147 3258 3316 3328 καὶτῇ
3335 3256 3439 3309 τῶν
3459 3255 3676 3326 χειρῶν,

2101 3349 2176 3411 ὡς
2199 3349 2262 3402 ἄν
2279 3365 2361 3410 τις
2375 3350 2500 3419 εἴπῃ
2518 3348 2716 3401 νεύσει.
2737 3348 2880 3420 Πρὸς
2894 3350 3098 3410 ἐκεῖνον
3119 3349 3226 3420 γὰρ
3252 3347 3568 3408 ἀποϐλέπει,
3586 3347 3680 3400 καὶ

2101 3437 2194 3496 ἐπὶ
2213 3438 2419 3491 ἐκεῖνο-ι
2453 3437 2746 3510 πρόρριζος
2777 3438 2966 3509 ὥσπερ
2993 3437 3295 3491 σπεύδουσα
3314 3430 3510 3507 ἐαυτὴν
3529 3438 3683 3508 ἐπιρ-

2103 3531 2302 3602 ρίπτει.
2337 3532 2504 3594 ’Ἃκος
2535 3527 2629 3584 οὖν
2655 3532 2864 3599 γίνεται
2893 3532 2956 3601 τῇ
2988 3528 3170 3602 ὲρώσῃ
3205 3529 3265 3582 τὺ
3305 3528 3398 3582 τοῦ
3427 3528 3678 3606 γεωργοῦ

2103 3622 2343 3693 συνεχῶς
2392 3623 2702 3694 ἁπτομένου
2749 3623 2843 3684 τοῦ
2894 3623 3120 3694 ἄρρενος
3149 3623 3246 3687 τὰς
3272 3624 3460 3694 χεῖρας
3511 3619 3678 3676 αὑτοῦ

2103 3716 2502 3786 προσπελάζειν
2529 3719 2594 3787 τῇ
2640 3716 2890 3788 ἐρωμένῃ
2955 3716 3186 3786 μάλιστα
3217 3715 3273 3768 δὲ
3320 3716 3564 3786 πραΰνει.
3586 3713 3678 3767 τὸν

2102 3808 2302 3880 ἔρωτα,
2340 3813 2387 3862 εί
2419 3810 2561 3863 κατὰ
2599 3809 2698 3881 τὴν
2741 3809 2909 3878 ἄνθην
2947 3807 3144 3874 ἐξελὼν
3183 3809 3292 3866 ἀπο
3320 3808 3419 3876 τῆς
3465 3807 3681 3877 σκαφῆς

2099 3900 2194 3954 τοῦ
2229 3902 2458 3973 ἄρρενος
2482 3900 2694 3972 ἐνθήσει
2728 3903 2794 3972 τῇ
2826 3901 3032 3970 κεφαλῇ
3075 3899 3172 3970 τῆς
3190 3898 3422 3969 ἐρώσης,
3451 3899 3547 3967 καὶ
3572 3897 3680 3950 λοι-

2101 3993 2201 4047 πὸν
2232 3996 2264 4065 ἡ
2295 3994 2482 4065 φοίνιξ,
2516 3993 2884 4064 ἀγλαῖζομένη
2929 3993 3210 4046 κάλλιστον
3260 3991 3478 4062 καρπὸν,
3522 3989 3680 4044 οἴσει.

2102 4087 2159 4141 1η
2206 4087 2406 4157 quibus
2439 4088 2751 4142 necessario
2780 4085 3148 4155 ‘corrigcndus
3181 4092 3266 4139 est
3297 4084 3470 4147 locus,
3515 4090 3576 4137 et.
3604 4082 3678 4135 ita

2103 4179 2494 4244 restituendus,
2547 4179 2596 4230 εἰ
2652 4177 2794 4242 κατὰ
2847 4177 2945 4247 τὴν
2995 4175 3162 4245 ἄνθην
3201 4173 3400 4241 ἐξελὼν
3449 4175 3556 4226 ἀπὸ
3580 4175 3680 4242 τῆς

2104 4270 2317 4341 σπάθης
2340 4269 2434 4323 τοῦ
2468 4269 2733 4342 ἄρρενος
2776 4269 2850 4322 ita
2895 4267 3039 4321 euitn
3087 4281 3150 4320 ea
3183 4265 3398 4319 arboris
3439 4280 3566 4334 pars
3610 4279 3678 4317 ex

2100 4379 2208 4433 qua
2261 4363 2471 4417 fructus
2505 4362 2743 4432 pendent
2792 4367 3038 4414 vocatur.
3068 4357 3247 4412 Julius
3281 4357 3494 4422 Pollux,
3529 4355 3675 4415 Ono-

2103 4466 2262 4512 mast.
2297 4456 2390 4509 lib.
2418 4472 2456 4516 ι,
2500 4470 2623 4524 cap.
2667 4454 2752 4518 i2,
2801 4454 2857 4505 '0
2887 4451 2942 4504 δὲ
2967 4451 3177 4522 καρπὸς
3204 4454 3232 4505 ὁ
3263 4451 3360 4521 μὲν
3389 4450 3480 4504 τοῦ
3516 4450 3678 4522 apus-

410 4551 658 4619 perduci,
693 4562 754 4606 ut
786 4554 954 4609 maris
988 4554 1346 4609 fecundavis
1372 4570 1468 4624 per
1495 4570 1614 4610 eam
1645 4557 1896 4625 copulam
1927 4572 1992 4612 ac

2105 4567 2187 4612 νος
2208 4548 2315 4618 ψὴν
2333 4587 2356 4605 .
2389 4547 2417 4598 ὁ
2442 4546 2498 4599 δὲ
2517 4547 2617 4616 τῆς
2638 4545 2856 4615 θηλείας
2889 4545 3136 4615 βάλανος,
3169 4543 3226 4610 ἐξ
3255 4537 3315 4596 οὗ
3341 4544 3398 4596 δὲ
3437 4543 3678 4614 κρέμαν-

407 4641 946 4712 vinculumirrepat.
997 4641 1186 4702 Refert
1231 4642 1496 4704 Jovianus
1543 4643 1822 4700 Pontanus
1865 4645 1992 4704 Eri-

408 4732 610 4793 dani,l.
644 4748 681 4797 ι,
711 4734 920 4802 palmas
946 4734 1103 4800 duas,
1127 4751 1330 4790 marem
1358 4734 1653 4797 Brundusii
1679 4745 1882 4801 satum,
1917 4738 1997 4793 fe-

407 4825 616 4879 minam
675 4825 945 4898 Hydrunti
1017 4829 1232 4883 steriles
1291 4829 1479 4882 tandiu
1558 4827 1764 4895 fuisse,
1813 4831 1994 4901 quoad

407 4914 776 4974 adulta-fusis
804 4919 972 4978 ramis
1006 4935 1066 4974 se
1094 4921 1325 4974 invicem
1352 4921 1761 4992 copspexerint,
1801 4930 1855 4976 et
1881 4934 1992 4976 tum

406 5010 661 5078 quamvis
715 5011 876 5082 longo
928 5021 1104 5068 tractu
1160 5013 1384 5069 dissitas
1435 5013 1674 5069 fructum
1731 5014 1990 5072 edidisse.

405 5100 638 5160 Nonnus
672 5101 1066 5173 Dionysiacor..,
1098 5104 1187 5157 4‘2.

518 5195 781 5263 Ἀρσενα
811 5194 911 5248 καὶ
940 5198 1179 5265 φοίνικα
1208 5195 1714 5266 γεγηθότα-θήλεϊ·
1726 5197 1942 5267 plagita.

409 5283 592 5340 Mirus.
614 5301 678 5340 ac
704 5287 1127 5355 perditusamor
1161 5289 1385 5343 arbores
1405 5289 1569 5342 etiam
1602 5305 1818 5344 vexans.
1843 5290 1993 5345 omni

408 5393 576 5431 sensu
623 5377 950 5436 destitutas!
995 5379 1277 5443 Quishmc
1307 5395 1415 5432 non
1464 5379 1711 5433 fabulosa
1742 5383 1995 5448 putaret?

407 5468 630 5526 Plantas
680 5481 869 5525 nmtuo
920 5488 1104 5528 amore
1147 5473 1291 5542 capi,
1335 5489 1400 5526 ex
1443 5472 1510 5527 iis
1542 5473 1989 5528 molestissimum

393 5562 646 5628 palmam
679 5568 900 5626 sentire.
933 5565 976 5619 si
1011 5563 1197 5634 procul
1234 5579 1436 5618 marem
1472 5578 1500 5616 a
1534 5564 1736 5618 femina
1776 5566 1988 5619 conseri

409 5655 713 5722 conlingat,
749 5657 973 5710 alteram
1013 5666 1284 5711 amantem
1321 5673 1590 5721 arescere,
1624 5673 1814 5711 versus
1843 5672 1991 5714 ama-

411 5753 526 5795 tum
561 5760 678 5799 sese
706 5746 989 5809 inclinare,
1021 5749 1264 5811 surculo,
1291 5749 1542 5818 lanugine
1566 5750 1648 5801 vel
1681 5749 1842 5801 etiam
1870 5749 1990 5818 pul-

385 5837 620 5893 .vere'si
670 5846 1012 5906 aspergatur,
1042 5847 1129 5903 ut,
1162 5839 1304 5908 quod
1359 5840 1754 5906 admirabilius,
1800 5840 1984 5905 odore,

2100 4657 2190 4692 ται
2217 4640 2266 4691 οἱ
2303 4637 2522 4707 βάλανοι
2549 4637 2750 4708 σπάθη.
2783 4636 2986 4707 Εἴρηκε
3013 4636 3075 4689 τὸ
3101 4634 3272 4706 δνομα
3297 4634 3548 4702 Ξενοφῶν
3582 4635 3677 4687 καὶ

2111 4732 2412 4804 Ἡρόδοτος,
2453 4731 2651 4800 λέγων,
2678 4732 2758 4784 ὃτι
2791 4733 2883 4784 καὶ
2899 4731 3026 4797 τόξα
3047 4729 3188 4792 τινὲς
3217 4725 3361 4799 εἶχον
3389 4731 3452 4782 ἐκ
3472 4728 3678 4797 ταύτης

2100 4825 2199 4895 τῆς
2232 4822 2585 4895 σπάθηςηΑᾶ
2615 4823 2717 4887 hoc
2736 4823 2903 4890 hujus
2939 4821 3464 4891 arborisingenium
3503 4820 3677 4889 expli-

2097 4915 2332 4970 candum
2360 4915 2515 4968 multi
2540 4913 2739 4968 summi
2774 4913 2873 4966 viri
2893 4913 3038 4966 vires
3061 4913 3264 4982 ingenii
3299 4911 3672 4975 contulerunt,

2099 5019 2159 5062 ut
2199 5010 2340 5064 alter
2365 5009 2539 5064 altero
2569 5006 2917 5076 eloquentior
2952 5005 3246 5060 videretur.
3285 5003 3428 5058 Inter
3447 5010 3675 5057 caeteros

2100 5098 2466 5159 Philostratus
2505 5097 2560 5150 in
2617 5095 2790 5160 Icon.,
2819 5095 2911 5149 lib.
2956 5111 2993 5154 ι.
3031 5094 3084 5148 in
3124 5094 3242 5164 ἕλη,
3295 5093 3540 5147 Achilles
3569 5091 3676 5145 Ta-

2098 5193 2208 5245 tius
2246 5188 2319 5242 De
2349 5189 2733 5255 Clisopltrontis
2761 5197 2810 5246 et
2856 5186 3137 5256 Leucippes
3177 5187 3459 5258 Amoribns
3479 5225 3492 5248 ,
3512 5185 3607 5240 lib.
3635 5202 3672 5247 ι,

2095 5293 2152 5339 et
2171 5283 2612 5353 Theophylactus
2644 5281 2977 5344 Simocatus,
2998 5280 3160 5353 epist.
3183 5280 3271 5342 18,
3299 5286 3353 5334 et
3379 5278 3434 5333 in
3465 5278 3671 5344 Quwst.

2096 5375 2430 5432 naturalibus
2453 5415 2467 5436 ,
2502 5381 2700 5443 qum-sl.
2731 5373 2784 5426 5.

2168 5465 2327 5530 lbid.,
2361 5467 2457 5520 lin.
2491 5467 2579 5522 '59.
2615 5467 2684 5520 Ἠ
2700 5467 2767 5519 δὲ
2782 5468 3116 5537 συκάμινος
3145 5466 3258 5535 ὀψὲ
3283 5465 3414 5537 μέν.
3437 5464 3669 5530 Plinius,

2093 5559 2191 5614 lib.
2226 5575 2336 5622 xvi,
2366 5573 2488 5628 cap.
2513 5559 2604 5620 ‘22,
2648 5559 2832 5612 Morus
2855 5572 3031 5613 autem
3068 5562 3352 5626 novissima
3387 5561 3670 5630 germinat,

2095 5667 2215 5704 cum
2237 5653 2424 5718 primis
2451 5652 2584 5720 folia
2613 5653 2872 5716 demittit;
2901 5661 2954 5708 et
2989 5670 3110 5722 cap.
3149 5653 3239 5716 25,
3274 5651 3514 5707 Serotino
3541 5669 3677 5721 quo,—

2095 5746 2219 5798 dam
2259 5747 2556 5815 germinant
2580 5746 2788 5813 ﬂorent,
2819 5757 3194 5816 maturantque
3227 5746 3484 5807 celeriter,
3515 5744 3674 5813 sicuti

2097 5857 2299 5900 morus,
2329 5857 2443 5913 (μίαν
2475 5840 2759 5892 norissimn
2781 5841 3104 5893 urbanarum
3127 5840 3407 5907 germinat,
3435 5856 3545 5901 nec,
3567 5841 3694 5904 nisi,
