4124 6420
419 370 525 428 855

1445 385 1513 441 IN
1554 385 1929 443 EUSTATllll
1959 386 2432 461 ΗΕΧΑΕΜΕΒΟΝ
2464 383 2694 442 NOTAE.

3549 379 3676 435 .854

411 499 602 546 exacto
634 489 852 562 frigore,
893 496 955 549 ob
1001 496 1055 551 id
1084 497 1230 553 dicta
1283 502 1679 577 sapientissimo
1719 506 1993 561 arborum.

2101 525 2231 578 τρυς
2252 506 2474 581 ἀντέχῃ.
2519 506 2613 560 καὶ
2640 504 2737 576 τὴν
2759 506 2953 559 ἀκτῖνα
2964 505 3056 559 τοῦ
3074 505 3232 589 ήλίου,
3247 504 3335 565 διά
3357 502 3456 573 τῆς
3482 500 3674 587 ἀοαιό-

416 578 521 635 Sed
552 596 671 635 cum
696 586 869 655 coepit,
898 588 954 641 in
978 598 1183 643 tantum
1205 593 1449 648 universa
1471 598 1788 664 germinatio
1817 615 1993 652 erunt-

414 673 513 742 pit,
563 683 622 727 ut
654 691 763 730 una
812 688 964 733 nocte
1011 692 1231 754 peragat
1282 687 1445 739 etiam
1476 704 1596 741 cum
1632 692 1893 759 strepitu;
1925 707 1992 746 ex

415 762 800 836 Theophrasto
831 769 909 826 De
925 774 1104 829 causis
1129 776 1325 843 plaut.,
1353 778 1447 833 lib.
1476 797 1512 846 ι,
1535 796 1658 851 cap.
1694 781 1784 844 20,
1809 784 1994 838 Ταῦτα

419 855 521 925 μὲν
561 859 896 933 πρωῖκαρπα
926 863 1178 938 καθάπερ
1230 868 1492 939 ἄμπελος,
1535 873 1630 925 καὶ
1672 873 1830 944 συκῆ,
1887 874 1992 945 μά-

419 945 578 1001 λιστα
606 949 662 1002 δὲ
696 953 1013 1024 συκάμινος.
1045 956 1193 1028 Αὕτη
1242 960 1339 1030 μὲν
1383 961 1492 1035 γάρ
1514 963 1719 1034 γυμνὸν
1752 964 1865 1035 ἔχει
1902 965 1993 1018 τὸν

419 1038 659 1111 καρπόψ
717 1041 848 1098 ὥσθ’
896 1047 1023 1102 ὅταν
1072 1051 1101 1104 ὁ
1124 1050 1271 1122 ἦλιος
1290 1053 1475 1126 ἐπιθῇ,
1498 1057 1637 1126 ταχὺ
1663 1055 1996 1128 προηλλοίω-

421 1144 504 1192 σε,
537 1129 796 1202 βραχείας
830 1134 1083 1208 δεόμενος
1132 1138 1487 1213 θερμότητος.
1537 1144 1689 1216 Ἀμα
1715 1145 1773 1199 δὲ
1813 1147 1908 1201 καὶ
1937 1148 1994 1199 ὲν

419 1221 573 1297 αὐτῷ
638 1228 1028 1297 συνεργάζεται
1080 1231 1310 1304 δύναμις
1357 1237 1574 1307 ισχυρὰ,
1644 1238 1739 1294 καὶ
1785 1238 1996 1311 ἀθρόως

423 1315 652 1370 ἐπιοῦσα
708 1320 963 1394 καθάπερ
1018 1325 1114 1377 καὶ
1150 1327 1289 1398 πρὸς
1331 1328 1429 1399 τὴν
1480 1328 1793 1402 βλάστησιν,
1825 1331 1996 1403 ἡγὰρ

419 1406 645 1482 ὀψιότης
692 1412 945 1487 ἐποίησεν
990 1416 1307 1490 ἀθροισμὸν.
1333 1421 1496 1476 Ὅθεν
1542 1423 1639 1478 ἅτε
1677 1424 1997 1496 βλαστήσεις

421 1498 636 1572 ἀθρόαι,
669 1506 762 1559 καὶ
790 1507 929 1578 μετά
960 1513 1133 1582 φορᾶς
1161 1512 1400 1581 γίνονται
1428 1516 1700 1588 νεανικῆς,
1731 1515 1873 1570 ὥστε
1903 1516 1998 1570 καὶ

419 1589 591 1662 ψόφον
622 1599 815 1663 ποιεῖν,
866 1601 1120 1674 καθάπερ
1161 1604 1306 1668 τινές
1347 1623 1502 1675 φασι,
1552 1609 1647 1662 καὶ
1679 1608 1873 1678 πέψεις
1898 1624 1996 1663 τα-

421 1688 557 1756 χεῖς.
587 1680 654 1742 Ει
676 1705 796 1762 cap.
830 1691 891 1747 2i
916 1715 929 1749 :
974 1697 1037 1749 'H
1062 1698 1159 1768 μὲν
1186 1694 1280 1754 οὖν
1308 1701 1408 1772 τῆς
1434 1702 1735 1771 συκαμίνου
1767 1701 1856 1756 διὰ
1878 1702 1999 1757 τοῦ-

420 1793 485 1830 το
522 1778 729 1852 πρώῖος
759 1802 771 1815 ο
799 1784 874 1850 ὡς
897 1786 954 1841 δὲ
976 1788 1269 1864 Μενέστωρ
1297 1793 1481 1863 φησὶν,
1513 1795 1546 1863 ή
1580 1793 1677 1864 μὲν
1709 1792 1998 1865 βλάστησις

2097 617 2255 672 τητος
2269 597 2506 669 δαψιλῶς
2528 597 2851 668 ὑποδέχηται
2881 615 2896 663 ;

2172 691 2306 746 Ibid.
2368 690 2609 747 lin..57.
2675 686 2865 757 Οὗτος
2912 690 3094 745 οὐδὲν
3147 692 3353 761 ἀργόν.
3412 690 3669 751 Basilius.

2095 783 2246 838 hom.
2276 783 2528 848 5,,ούδὲν
2552 784 2793 838 ἀναίτιον
2816 783 2967 838 οὐδὲν
2994 784 3477 856 ἀπὸταύτομάτου,
3497 774 3679 853 πάντα

2097 874 2212 947 ἔχει
2239 876 2361 931 τινά
2395 876 2584 947 σοφίαν
2615 877 2948 949 ἀπόρρητον.
3010 876 3350 948 Augustinus
3398 880 3491 934 lib.
3528 895 3567 944 ι,
3594 878 3676 932 De

2068 1032 2073 1035 _
2104 968 2314 1033 (ἕρκει,
2350 980 2536 1024 contra
2560 969 2908 1035 Manichwos,
2933 986 3058 1043 cap.
3101 972 3189 1038 16,
3208 973 3454 1027 conlutat
3480 990 3673 1029 eorum

2070 1062 2394 1128 inscitiam,
2449 1064 2543 1134 qui
2566 1079 2799 1134 quarum
2839 1079 3024 1120 rerum
3054 1065 3158 1135 ipsi
3186 1081 3347 1121 usum
3396 1066 3673 1142 ignorant.

2099 1168 2193 1208 eas
2217 1167 2448 1223 prorsus
2507 1153 2774 1208 inutiliter
2801 1163 2856 1209 et
2880 1171 3222 1226 supervacue
3262 1157 3514 1213 conditas
3544 1173 3676 1213 cen-

2098 1253 2243 1300 sent.
2271 1244 2592 1300 Aristoteles
2618 1245 2868 1315 pluribus
2890 1246 2947 1301 in
2968 1247 3108 1303 locis
3151 1247 3320 1303 Deum
3341 1258 3396 1305 et
3420 1259 3674 1305 naturam

2099 1336 2236 1390 nihil
2268 1350 2432 1407 agere
2455 1336 2660 1391 frustra
2689 1338 2995 1403 contendit,
3018 1347 3073 1394 et
3102 1341 3374 1411 praecipue
3400 1357 3439 1408 ι,
3466 1341 3544 1397 De
3571 1358 3676 1398 ca-

2072 1429 2175 1493 lo,
2198 1434 2330 1483 text.
2358 1428 2449 1493 51,
2477 1428 2640 1483 etlib.
2680 1444 2743 1494 ιι,
2779 1436 2911 1483 text.
2939 1429 3027 1495 50,
3056 1441 3110 1486 et
3136 1440 3269 1487 text.
3298 1433 3404 1500 59;
3434 1442 3488 1489 et
3519 1435 3673 1498 lib.t.

2073 1516 2295 1593 'Politq
2326 1533 2455 1589 cap.
2483 1517 2537 1583 ὅ,
2573 1526 2629 1574 et
2670 1519 2836 1587 alibi;
2871 1529 2925 1576 et
2946 1520 3360 1591 TheOphrastus
3393 1525 3468 1580 De
3495 1528 3676 1583 causis

2097 1608 2494 1676 plant.,.initio.
2521 1607 2660 1662 Οὔτε
2692 1608 2800 1682 γὰρ
2834 1612 2868 1681 ή
2893 1611 3055 1679 φύσις
3071 1612 3222 1666 οὐδὲν
3256 1614 3432 1686 μάτην
3453 1619 3614 1681 ποιεῖ,
3638 1618 3675 1689 ἦ

2100 1719 2162 1755 τε
2178 1700 2386 1755 διάνοια
2399 1699 2612 1771 βοηθεῖν
2638 1701 2892 1774 ὲθέλειτῇ
2919 1701 3098 1772 φύσει.
3127 1703 3191 1758 Ει
3213 1704 3421 1763 Plinius
3442 1724 3673 1778 prooem.

2102 1796 2197 1852 lib.
2220 1795 2292 1851 22
2322 1815 2337 1851 :
2368 1794 2519 1849 Nihil
2550 1813 2584 1849 a
2622 1812 2799 1849 rerum
2820 1808 3014 1851 natura
3035 1799 3149 1853 sine
3182 1800 3365 1869 aliqua
3389 1803 3676 1859 occultiore

421 1869 593 1943 αὐτῆς
629 1874 757 1945 ὀψία
781 1876 869 1931 διά
897 1880 996 1952 τῆς
1020 1881 1358 1955 ψυχρότητος
1384 1884 1686 1952 τοῦ-τόπου,
1712 1886 1817 1956 ἡδὲ
1839 1885 2000 1955 πέψις

2103 1905 2269 1943 causa
2306 1890 2471 1960 gigni,
2524 1889 2748 1956 scribit;
2785 1898 2841 1945 et
2887 1891 2983 1945 lib.
3020 1908 3212 1957 xxvin,
3232 1908 3354 1964 cap.
3398 1893 3490 1959 24,
3530 1895 3675 1951 Adeo

421 1967 611 2035 ταχεῖα
641 1966 728 2023 διά
752 1970 851 2040 τὴν
876 1972 1200 2029 ἀσθένειαν..
1644 2024 1650 2031 .
1968 2024 1972 2029 -

492 2054 612 2113 Col.
649 2059 776 2127 716,
820 2063 918 2118 lin.
944 2063 1038 2122 41.
1083 2066 1155 2121 Ἡ
1184 2066 1254 2121 δὲ
1282 2068 1666 2126 ἐλαίας-01ης
1688 2080 1743 2125 et
1759 2069 1998 2140 reliquas

418 2147 669 2219 arbores,
711 2169 945 2224 quarum
975 2156 1064 2213 hic
1103 2158 1313 2216 mentio
1345 2159 1422 2225 ﬁt,
1458 2170 1582 2232 post
1607 2163 1857 2219 aastivum
1887 2164 2001 2219 sol-

420 2240 635 2297 stitium
681 2242 812 2300 folia
847 2258 1167 2305 convertere
1194 2258 1386 2305 narrat
1439 2253 1710 2309 collector
1761 2254 1993 2325 Geopon.

404 2348 488 2391 rex
523 2331 783 2403 Floreat,
814 2352 938 2409 cap.
957 2339 1013 2406 2,
1042 2341 1413 2414 Προσημαίνει
1437 2343 1496 2398 δὲ
1529 2346 1625 2400 καὶ
1648 2345 1749 2411 τὰς
1790 2346 1999 2420 τροπάς

420 2422 640 2497 θερινὰς
670 2431 1073 2501 στραφέντατά
1105 2433 1281 2503 φύλλα
1307 2437 1406 2508 τῆς
1427 2436 1636 2501 ἐλαίας,
1659 2435 1848 2510 ὥσπερ
1863 2439 1897 2509 ἡ
1918 2455 1999 2508 φι-

415 2514 557 2588 λύρα
587 2520 679 2574 καὶ
726 2523 758 2593 ή
804 2523 1003 2579 πτελέά
1031 2526 1181 2599 καὶὴ
1221 2525 1412 2600 λεύκη.
1453 2527 1630 2595 Quod
1658 2531 1998 2600 experientia

402 2618 629 2666 certum
656 2628 777 2669 esse
799 2615 1091 2671 conﬁrmat
1114 2618 1390 2675 Antonius
1415 2620 1680 2677 Mizaldus
1708 2621 1784 2676 De
1806 2631 1994 2678 secret.

418 2716 694 2769 agrorum,
720 2703 817 2759 lib.
856 2721 1088 2778 nt,cap.
1113 2708 1202 2774 17,
1235 2716 1290 2764 et
1319 2707 1529 2768 Gellius
1563 2712 1660 2766 lib.
1688 2729 1761 2780 Ix,
1795 2728 1917 2785 cap.
1942 2714 1994 2783 7,

430 2788 598 2862 Vulgo
628 2803 679 2848 et
702 2797 969 2864 scriptum
1006 2810 1055 2854 et
1113 2800 1369 2856 creditum
1406 2813 1507 2869 est,
1567 2803 1712 2874 folia.
1757 2804 1998 2861 olearum

420 2884 677 2940 arborum
727 2888 959 2945 brumali
981 2901 1032 2946 et
1061 2894 1341 2950 solstitiali
1370 2895 1456 2952 die
1482 2900 1732 2963 conuerti,
1784 2908 1834 2954 et
1879 2916 1997 2971 qua!

417 2991 545 3045 pars
576 2995 757 3035 eorum
786 2982 960 3051 fuerat
992 2985 1231 3055 inferior,
1253 2998 1408 3058 atque
1430 2990 1712 3057 occultior,
1743 3009 1862 3047 eam
1904 3009 1997 3047 su-

416 3072 839 3147 perﬁeniLatque
870 3078 1064 3147 exponi
1105 3080 1175 3134 ad
1201 3084 1403 3145 oculos,
1437 3093 1489 3137 et
1535 3085 1605 3136 ad
1638 3084 1825 3150 solem,
1849 3085 1996 3156 quod

2100 1982 2234 2037 nihil
2254 1997 2443 2050 parens
2472 1982 2570 2035 illa
2609 1998 2786 2037 rerum
2808 1984 3039 2037 omnium
3072 1984 3186 2039 sine
3218 1985 3515 2056 ingentibus
3547 2003 3678 2041 cau-

2101 2077 2175 2131 sis
2196 2077 2405 2147 genuit;
2428 2084 2484 2133 et
2510 2076 2862 2148 Palingenius
2896 2080 2951 2133 in
2979 2077 3111 2134 Vitae
3142 2080 3388 2145 zodiaca,

2175 2189 2350 2264 Quam
2381 2189 2519 2264 nihil
2542 2190 2813 2244 incassum
2845 2190 3014 2259 faciat
3046 2202 3263 2255 natura,
3299 2192 3555 2264 Deusquc,

2173 2259 2277 2335 Qui
2297 2276 2472 2335 secum
2499 2259 2610 2314 lucc
2640 2271 2846 2335 reputat
2870 2278 2987 2335 non
3025 2278 3176 2325 casu,
3203 2264 3291 2335 sed
3317 2259 3541 2335 ratione,

2172 2329 2409 2386 Consilio
2433 2330 2694 2402 jussuque
2720 2331 2819 2385 Dei
2846 2332 2965 2402 ﬁeri
2993 2335 3170 2386 omnia
3194 2331 3329 2388 dicet

2088 2499 2093 2503 ο
2170 2462 2291 2518 Col.
2327 2462 2451 2529 717,
2492 2463 2589 2518 lin.
2619 2464 2670 2519 1.
2712 2466 2824 2518 Ἓν
2862 2465 2973 2535 γὰρ
3018 2465 3176 2536 ὕδωρ
3222 2467 3319 2521 διὰ
3352 2467 3463 2538 τῆς
3487 2468 3676 2539 ῥίζης.

2098 2555 2356 2621 Basilius,
2389 2557 2537 2613 hom.
2565 2558 2636 2622 5,
2679 2559 2773 2611 Ἐν
2795 2556 2959 2630 ὕδωρ,
2994 2560 3082 2614 διά
3125 2561 3225 2633 τῆς
3266 2560 3423 2634 ῥίζης
3456 2563 3681 2634 ἑλκόμεο

2098 2669 2210 2716 νον,
2235 2651 2411 2715 ἄλλως
2448 2652 2545 2722 μὲν
2566 2651 2756 2723 τρέφει
2780 2650 2878 2722 τὴν
2912 2651 3068 2723 ῥίζαν
3091 2653 3281 2723 αὐτὴν,
3311 2652 3567 2718 ἄλλωςδὲ
3588 2655 3682 2709 τὸν

2098 2744 2281 2815 φλοιὸν
2308 2745 2402 2799 τοῦ
2447 2744 2753 2816 στελέχους,
2783 2745 2876 2799 καὶ
2913 2744 3086 2811 ἄλλως
3116 2746 3180 2799 τὸ
3226 2744 3400 2811 ξύλον,
3438 2746 3533 2801 καὶ
3579 2747 3683 2820 τὴν

2098 2836 2421 2911 ἐντεριώνην
2450 2838 2673 2911 ἑτέρως.
2713 2837 2786 2891 Τὸ
2814 2838 2947 2892 αὐτὸ
2979 2839 3074 2893 καὶ
3102 2839 3298 2908 φύλλον
3331 2840 3560 2908 γίνεται,
3589 2841 3686 2896 καὶ

2097 2933 2179 2997 είς
2217 2931 2546 3003 ἀκρέμονας,
2581 2931 2676 2985 καὶ
2728 2930 2956 2995 κλάδους
2988 2930 3395 3003 κατασχίξεται,
3444 2934 3539 2987 καὶ
3569 2933 3683 2996 τοῖς

2098 3028 2334 3097 καρποῖς
2376 3024 2605 3096 παρέχει
2644 3025 2745 3097 τὴν
2774 3023 3022 3096 αὔξησιν,
3077 3025 3171 3078 καὶ⁸
3197 3025 3431 3098 δάκρυον
3458 3026 3551 3080 τοῦ
3593 3044 3690 3097 φυο

2097 3119 2216 3184 τοῦ,
2249 3118 2342 3172 καὶ
2374 3116 2506 3181 ὀπὸς
2537 3119 2603 3170 ἐκ
2634 3116 2737 3186 τῆς
2780 3117 2952 3186 αὐτῆς
2998 3117 3178 3181 αἰτίας
3231 3119 3579 3190 προέρχεται.
3624 3118 3685 3175 In

419 3162 571 3219 nobis
593 3182 795 3237 quoque
825 3169 986 3225 semel
1024 3181 1181 3243 atque
1208 3174 1403 3229 itmm
1445 3177 1674 3245 experiri
1704 3177 1995 3234 uolentibus

419 3254 496 3284 ιο..
523 3273 630 3284 ρ---
654 3261 1027 3284 .._-..-_..-J-----
1064 3265 1227 3284 “2.-----
1284 3276 1350 3284 μ.

2101 3162 2347 3265 eamdem
2386 3163 2715 3263 sententiam
2767 3162 2965 3261 Sextus
3000 3205 3206 3277 Empir.
3265 3162 3534 3279 i’yrilion.
3567 3209 3685 3284 [lg-

419 3254 496 3310 ita
517 3273 635 3313 esse
653 3261 1030 3328 propemodum
1062 3265 1231 3318 uisum
1270 3276 1371 3319 est.

405 3386 410 3393 ·
488 3367 648 3436 lbid.,
695 3372 792 3428 liu.
834 3374 922 3429 44.
960 3375 1076 3445 Τῆς
1112 3377 1182 3430 δὲ
1224 3377 1450 3449 ἡμέρου
1482 3382 1699 3451 συκῆς.
1739 3382 1997 3452 Basilius,

421 3461 665 3519 hom-5:
698 3464 778 3518 Τά
811 3467 950 3521 αύτά
983 3469 1038 3522 δὲ
1066 3468 1241 3525 ταῦτα
1271 3473 1517 3546 καὶπερὶ
1539 3473 1648 3528 τῶν
1684 3476 1865 3557 συκῶν
1895 3495 2000 3557 φα-

422 3569 507 3607 σιν
542 3554 712 3609 οοὸθεν
762 3560 810 3612 οἱ
856 3560 955 3631 μὲν
985 3559 1084 3625 τὰς
1132 3562 1332 3635 ἀγρίας
1362 3567 1533 3629 συκᾶς
1559 3554 2001 3639 παραφυτεύουσι

389 3667 392 3671 '
420 3649 542 3710 ταῖς
589 3649 841 3722 ἡμέροις,
873 3654 922 3706 οἱ
949 3653 1013 3706 δὲ’
1039 3655 1165 3718 τοὺς
1211 3654 1467 3719 ὀλύνθους
1501 3659 1852 3731 ἐκϐήσαντες,
1893 3662 2003 3716 τῶν

421 3742 716 3816 εύκάρπων
774 3747 870 3801 καὶ
922 3746 1144 3819 ἡμέρων
1196 3748 1374 3802 συκῶν
1423 3749 1523 3822 τὴν
1551 3752 1765 3805 ἀτονίαν
1819 3752 2003 3809 ἰῶνται

425 3841 617 3912 ῥέοντα
650 3843 773 3915 ήδη,
808 3845 902 3898 καὶ
920 3845 1180 3899 σκεδαννύ
1190 3863 1349 3917 μενον
1373 3847 1465 3901 τὸν
1492 3848 1703 3920 καρπὸν
1718 3852 1832 3911 τοῖς
1851 3848 2005 3903 ὀλύνο

422 3931 544 3999 θοις
574 3934 881 4006 ἐπέχοντες.
907 3935 1343 4008 Theophrastus,
1363 3936 1508 3993 Hist.
1537 3940 1711 4008 plant.
1757 3941 1883 3995 libr.
1938 3956 2000 4006 ιι,

422 4042 548 4098 cap.
577 4025 633 4091 9,
669 4028 747 4081 ait
769 4028 1232 4099 capriﬂcationem
1257 4038 1598 4101 compertam
1628 4032 1694 4085 ad
1713 4031 2001 4096 auxilium,

421 4134 493 4175 ne
510 4119 647 4177 licus
670 4120 883 4177 fructus
911 4123 1183 4178 amittant.
1214 4121 1449 4195 Ideoque
1480 4124 1534 4179 in
1562 4125 2005 4195 regionibusillis

424 4212 483 4267 in
531 4214 734 4284 quibus
789 4214 1066 4270 fructuum
1115 4216 1332 4285 jactura
1390 4232 1499 4270 non
1534 4213 1614 4283 Iit,
1649 4216 2004 4288 capriﬁcandi

424 4318 587 4359 usum
618 4305 830 4359 nullum
858 4306 1076 4376 penitus
1096 4321 1240 4370 esse,
1264 4314 1326 4360 ut
1346 4307 1399 4360 in
1430 4304 1608 4372 Italia,
1639 4307 1693 4361 in
1720 4307 1855 4363 locis
1877 4307 2004 4362 item

414 4396 721 4466 ‘aquiloniis
753 4407 808 4454 et
839 4401 1063 4466 macris,
1086 4409 1146 4455 ut
1174 4402 1228 4455 in
1245 4399 1471 4455 Phalcio
1511 4398 1847 4472 Megarensis
1867 4399 2006 4471 agri,

424 4497 486 4543 et
518 4489 848 4559 quibusdam
882 4493 1132 4561 partibus
1182 4493 1480 4559 Corinthii,
1517 4500 1571 4549 et
1602 4493 1659 4547 in
1690 4494 1882 4550 eodem
1913 4507 2008 4547 ea-

423 4581 548 4650 pite
564 4581 920 4651 capriﬁcandi
942 4585 1211 4640 rationem
1228 4585 1417 4640 multis
1439 4585 1818 4656 prosequitur,
1843 4598 2006 4653 quem

422 4672 552 4728 vide
572 4673 717 4728 sicut
740 4681 795 4729 et
817 4673 1059 4729 Plinium
1085 4675 1182 4731 lib.
1208 4692 1320 4743 xw,
1344 4691 1466 4747 cap.
1491 4675 1579 4743 19,
1605 4684 1660 4732 et
1675 4674 2005 4742 Palladium,

425 4760 526 4818 li‘b.
557 4779 620 4829 ιι,
652 4779 774 4835 cap.
806 4764 894 4821 11).

500 4879 664 4947 lbid.,
691 4880 791 4936 lin.
817 4881 906 4937 51.
944 4882 1185 4953 Ἐπειδὴ
1225 4882 1295 4938 δὲ
1340 4885 1580 4951 ἁπαλός
1640 4885 1794 4939 ἐστι.
1855 4883 2013 4940 Basi-

430 4973 557 5039 lius,
590 4975 736 5030 hom.
769 4975 825 5038 5,
857 4975 968 5028 Καὶ
1005 4968 1082 5029 ὧν
1137 4976 1237 5048 μὲν
1266 4975 1476 5041 ἁπαλὸς
1509 4979 1537 5031 ὁ
1573 4977 1785 5050 καρπός
1818 4993 1832 5007 ·
1865 4976 2009 5050 ποιχρ

429 5069 523 5123 τοῦ
546 5068 745 5139 φύλλου
771 5069 832 5123 τὸ
864 5071 1286 5141 σκεπαστήριον,
1323 5069 1399 5133 ὼς
1438 5070 1531 5122 ἐπὶ
1573 5070 1673 5140 τῆς
1690 5068 1870 5138 ,συκῆς
1892 5085 1905 5098 ·
1937 5062 2014 5122 ὧν

430 5156 486 5211 δὲ
519 5159 569 5212 οἱ
624 5159 828 5233 καρποὶ
874 5157 1269 5231 στεγανώτεροι
1326 5157 1537 5231 ἐλαφρά
1583 5158 1691 5215 τῶν
1725 5156 1936 5227 φύλλων
1978 5159 2013 5229 ή

433 5253 731 5327 προσϐολὴ,
772 5253 849 5320 ὡς
894 5254 990 5308 ἐπὶ
1036 5255 1137 5324 τῆς
1193 5253 1427 5327 καρύας.
1492 5252 1619 5307 Ὅτι
1683 5254 1872 5306 ὲκεῖνα
1915 5251 2014 5323 μὲν

433 5344 522 5399 διὰ
553 5344 615 5400 τὸ
661 5346 884 5411 ἀσθενὲς
915 5346 1161 5411 πλείονος
1191 5348 1364 5400 ἐδεῖτο
1411 5345 1511 5417 τῆς
1559 5344 1813 5418 βοηθείας
1838 5363 1854 5378 ο
1889 5344 2015 5399 τού-

432 5451 548 5499 τοις
578 5434 623 5489 δ’
645 5435 712 5489 ἀν
745 5437 1097 5511 προσϐλαὸὴς
1124 5438 1341 5505 ἐγένετο
1375 5437 1409 5508 ἡ
1440 5436 1723 5509 παχυτέρα
1753 5434 2016 5508 περιϐολὴ

433 5528 498 5582 ἐκ
517 5527 620 5599 τῆς
648 5527 742 5581 ἀπ’
757 5528 935 5582 αὐτῶν
958 5530 1137 5593 σκιᾶς.
1981 5569 1989 5575 -

505 5640 668 5706 lbid.,
704 5641 801 5696 lin.
851 5642 921 5698 54
975 5643 1079 5698 Διὰ
1100 5643 1177 5714 δὴ
1209 5646 1384 5701 τοῦτο
1415 5644 1601 5701 καὶτὸ
1616 5646 1877 5715 φύλλον.
1912 5643 2017 5698 Ba-

437 5734 616 5799 silius,
661 5734 811 5788 hom.
847 5734 901 5799 5,
939 5735 1064 5799 Πῶς
1119 5737 1475 5809 κατέσχισται
1533 5738 1635 5808 τῆς
1685 5735 2019 5808 ἀμπέλουτὸ

438 5827 657 5897 φύλλον,
692 5827 779 5881 ἵνα
801 5829 895 5881 καὶ
930 5830 1064 5899 πρὸς
1095 5832 1191 5893 τὰς
1223 5834 1284 5888 ὲκ
1304 5830 1418 5886 ,τοῦ
1441 5830 1616 5901 ῖὰἑρος
1639 5830 1842 5902 βλάϐας
1874 5831 1902 5883 ὁ
1925 5828 2015 5899 βάν-

2100 3301 2246 3374 ροιΙι.
2278 3301 2377 3356 lib.
2408 3316 2448 3360 ι,
2498 3299 2610 3352 Καὶ
2662 3298 2853 3370 ὥσπερ
2898 3300 2961 3351 τὸ
2991 3299 3132 3373 ὕδωρ
3164 3300 3222 3355 ἓν
3263 3304 3359 3357 καὶ
3416 3303 3688 3374 μονοειδὲς

2099 3393 2410 3463 διαδόμενον
2442 3393 2522 3455 εἰς
2562 3390 2634 3444 τὰ
2676 3389 2868 3461 δένδρα
2913 3390 3048 3445 ὅπου
3086 3391 3184 3461 μὲν
3225 3390 3433 3459 γίνεται
3485 3391 3684 3461 φλοιὸς,

2101 3485 2233 3537 ὅπου
2259 3483 2316 3537 δὲ
2355 3481 2567 3546 κλάδος,
2600 3482 2732 3535 ὅπου
2777 3480 2834 3534 δὲ
2865 3480 3223 3552 καρπὸς,.καὶ
3246 3481 3347 3553 ’ήδη
3377 3482 3560 3549 σῦκον,
3591 3484 3687 3538 καὶ

2105 3575 2226 3649 ῥοιά
2251 3575 2346 3629 καὶ
2384 3572 2494 3628 τῶν
2522 3573 2697 3629 ἄλλων
2721 3573 2953 3628 ἕκαστον
2971 3587 2984 3601 °
3025 3573 3127 3627 hoc
3157 3573 3423 3644 siquidem
3460 3576 3532 3630 ita
3561 3591 3687 3632 eve-

2104 3668 2187 3722 uit
2210 3664 2671 3740 quemadmodum
2704 3663 2847 3720 idem
2876 3663 3034 3719 cibus
3064 3673 3361 3722 concoctus
3393 3666 3687 3737 aliquando

2104 3760 2167 3815 ﬁt
2212 3774 2371 3823 vena,
2414 3757 2689 3814 interdum
2735 3757 2958 3821 arteria,
2994 3757 3265 3813 interdum
3308 3774 3391 3824 os,
3432 3775 3687 3814 nonnun-

2105 3868 2269 3926 quam
2302 3867 2506 3908 nervus
2538 3859 2594 3908 et
2617 3850 3047 3922 unumquodque
3088 3851 3355 3921 aliorum;
3397 3862 3450 3909 et
3480 3853 3532 3907 in
3567 3870 3690 3909 mu—

2107 3946 2241 4002 sicis
2271 3962 2429 4002 uuus-
2457 3953 2513 4001 et
2545 3945 2687 4000 idem
2735 3944 3072 4000 musicorum
3102 3942 3265 4002 ﬂatus
3299 3945 3356 4001 in
3383 3945 3571 4002 tibiam
3602 3947 3690 4002 in-

2107 4042 2373 4112 spiratus,
2406 4040 2569 4095 modo
2597 4047 2796 4094 acutus
2839 4042 2919 4103 tit,
2951 4038 3115 4094 modo
3148 4040 3371 4110 gravis;
3397 4049 3452 4095 et
3489 4057 3688 4098 manus

2107 4133 2241 4204 lyrae
2289 4132 2558 4203 impressa
2589 4145 2984 4201 nonnunquam
3032 4145 3252 4200 gravem
3301 4146 3518 4195 sonum,
3550 4148 3692 4187 non-

2108 4238 2391 4296 nunquam
2414 4232 2637 4279 acutum
2662 4221 2954 4289 redditget
2981 4221 3033 4275 in
3059 4222 3182 4276 aliis
3210 4222 3373 4277 rebus
3397 4222 3539 4278 idem
3565 4240 3693 4301 cou-

2109 4322 2324 4392 tingere
2350 4321 2632 4377 cernimus

2179 4411 2343 4476 lbid.,
2381 4411 2480 4467 lin.
2515 4411 2570 4469 4.
2606 4412 2714 4467 Kal
2746 4412 2816 4465 ἐκ
2850 4411 2962 4483 τῆς
3006 4409 3195 4479 αὐτῆς
3226 4408 3482 4476 νοτίδος.
3532 4408 3693 4466 Basi-

2110 4502 2240 4566 lius,
2270 4502 2421 4556 hom.
2446 4502 2503 4567 5,
2533 4501 2658 4565 Πῶς
2682 4501 2844 4555 πάλιν
2864 4504 2929 4555 ὲκ
2957 4500 3054 4573 τῆς
3079 4497 3252 4569 αὐτῆς
3275 4498 3476 4562 νοτίδος
3505 4499 3563 4551 ὲν
3594 4498 3694 4569 μὲν

2110 4599 2177 4669 τῇ
2204 4595 2436 4668 ἀμπέλῳ
2458 4592 2599 4660 οἶνος
2620 4595 2956 4661 συνίσταται,
2976 4596 3031 4647 ὲν
3054 4593 3112 4646 δὲ
3128 4595 3194 4664 τῇ
3225 4591 3382 4664 ἐλαίᾳ
3394 4590 3457 4646 τὺ
3481 4590 3658 4644 ἔλαιον
3675 4607 3691 4622 ο

2112 4690 2209 4747 καὶ
2238 4689 2300 4743 οὐ
2333 4688 2492 4743 τοῦτο
2526 4687 3054 4760 μόνον-θαυμαστδν,
3089 4685 3205 4750 πῶς
3252 4679 3355 4738 ὦδε
3394 4683 3492 4757 μὲν
3541 4683 3600 4738 τὸ
3634 4684 3697 4760 ύ-

2111 4784 2259 4857 γρδν.
2276 4780 2684 4853 ἀπεγλυκάνθη,
2731 4782 2847 4836 ἐκεῖ
2876 4781 2932 4835 δὲ
2963 4779 3192 4851 λιπαρὸν
3211 4776 3452 4848 γέγονεν.
3479 4774 3593 4831 ἀλλ’
3614 4776 3697 4830 ὅτι

2113 4879 2210 4935 καὶ
2245 4879 2303 4931 ὲν
2326 4876 2687 4947 τοῖςκγλυκέσι
2718 4876 2952 4947 καρποῖς
2992 4872 3271 4945 ἀμύθητος
3300 4873 3335 4942 ή
3376 4868 3697 4942 παραλλαγή

2112 4971 2213 5041 τῆς
2247 4970 2548 5041 ποιότητος.
2586 4967 2748 5021 Ἀλλο
2773 4966 2882 5039 γὰρ
2913 4964 2975 5018 τὸ
3018 4967 3077 5018 ὲν
3112 4962 3341 5035 ἀμπέλῳ
3382 4961 3575 5032 γλυκὺ,
3606 4963 3699 5015 καὶ

2114 5063 2242 5119 ἄλλο
2271 5063 2334 5116 τὸ
2362 5064 2421 5116 ὲν
2447 5059 2641 5134 μηλέᾳ,
2674 5061 2768 5115 καὶ
2799 5059 2970 5129 σύκῳ,
3013 5057 3108 5111 καὶ
3139 5056 3361 5127 φοίνικι.
3391 5053 3467 5109 De
3504 5070 3701 5110 succo-

2117 5154 2323 5211 rum-in
2357 5155 2559 5227 plantis
2597 5151 2921 5207 differentiis
2943 5148 3126 5204 adesis
3149 5144 3591 5216 Theophrastum
3624 5145 3701 5199 De

2107 5232 2330 5303 ‘Ilistor.
2364 5246 2533 5316 plant.
2571 5245 2668 5301 lib.
2702 5260 2740 5310 t,
2767 5258 2887 5313 cap.
2938 5239 3028 5304 19,
3076 5246 3130 5294 et
3175 5239 3296 5307 ejus
3346 5238 3699 5315 interpretem

2119 5341 2359 5399 Elinium
2405 5340 2502 5395 lib.
2535 5355 2627 5402 xv,
2675 5353 2796 5407 cap.
2842 5335 2934 5402 28,
2971 5334 3064 5405 qui
3113 5331 3469 5388 diﬂusissime
3501 5329 3701 5406 horum

2120 5435 2445 5490 varietatem
2467 5436 2825 5503 pertractant.

2101 5579 2104 5583 .
2193 5525 2356 5590 lbid.,
2382 5492 2486 5581 lin:
2520 5525 2574 5581 9.
2605 5524 2717 5581 Kal
2749 5521 2905 5578 αὐτὰ
2944 5521 3015 5575 δὲ
3062 5517 3183 5573 τῶν
3222 5517 3508 5587 δένδρων.
3544 5492 3703 5576 Basi-

2119 5622 2250 5685 lius,
2286 5620 2436 5675 hom.
2469 5618 2525 5684 5,
2560 5615 2723 5670 Ἀλλο
2742 5615 2852 5686 γάρ
2883 5612 2979 5668 τοῦ
3024 5612 3206 5684 σχίνου
3234 5612 3295 5665 τὸ
3320 5611 3577 5683 δάκρυον,
3605 5610 3702 5663 καὶ

2120 5713 2278 5777 ἄλλος
2308 5715 2338 5767 ὁ
2368 5711 2500 5776 ὀπὸς
2532 5709 2628 5764 τοῦ
2666 5708 2966 5781 βαλσάμου,
3003 5707 3100 5760 καὶ
3123 5704 3396 5777 νάρθηκές
3430 5720 3576 5767 τινες
3611 5702 3704 5760 ἐπὶ

2121 5807 2223 5878 τῆς
2253 5796 2554 5874 Αἰγύπτου,
2578 5801 2674 5857 καὶ
2700 5798 2907 5871 Λιϐύης
2926 5796 3282 5870 summm
3310 5793 3702 5869 γένοςάπώα-
