4124 6422
453 423 559 479 εδδ

1793 407 2038 464 LEONIS
2077 403 2349 459 ALLATII

3600 392 3706 448 856

451 543 697 616 κρύουσι.
743 544 873 607 Quae
895 537 1006 594 sint
1047 537 1306 591 arborum
1343 535 1614 604 lacrymae,
1638 539 1694 585 et
1741 529 1834 599 qui
1879 531 2031 584 succi
2065 538 2108 588 Α
2135 540 2255 579 cam
2295 537 2416 594 qua:
2475 528 2723 588 superest
2785 517 2889 572 sibi
2945 531 3258 579 reservare;
3291 513 3516 610 .l'alsum
3575 509 3704 606 item

448 637 684 705 explicat
741 632 1106 702 Theophrast.
1157 629 1234 683 De
1288 629 1468 682 causis
1519 626 1689 697 plant.
1759 624 1883 678 libr.
1945 638 2020 684 vl,

447 744 566 796 cap.
604 727 690 787 18,
751 725 988 780 Καλοῦσι
1037 723 1094 775 δὲ
1133 721 1202 774 τά
1232 721 1330 792 μὲν
1359 720 1546 783 όποὺς,
1597 719 1664 772 τὰ
1698 719 1754 771 δὲ
1792 716 2020 788 δάκρυα.

446 819 770 890 Κοινότερον
811 817 867 869 δέ
899 817 927 868 ό
971 815 1120 877 ὀπός.
1155 813 1408 883 Διαφέρει
1437 811 1493 863 δὲ
1533 811 1660 872 ἴσως
1693 807 1862 869 οὐδὲν,
1905 806 2025 858 ἐπεὶ

442 911 504 962 τό
545 927 610 978 γε
635 909 942 962 κοινότατον
994 905 1293 976 ἀνωνύμως
1339 903 1654 973 λεγόμενον·
1703 901 1736 972 ἢ
1790 901 2024 970 ὑγρότης

443 1001 621 1054 οἰκεία
648 1000 770 1053 καθ’
801 999 1028 1052 ’ἑκαστον
1057 997 1216 1067 πέψιν
1237 997 1453 1066 ἔχουσα.
1476 995 1574 1049 Διά
1595 996 1650 1048 δὲ
1678 995 1737 1048 τὸ
1771 1009 2027 1063 σωματω-

441 1093 702 1164 δεστέρας
729 1088 868 1145 εἷναι
899 1091 992 1145 καί⁵
1025 1091 1308 1160 γλίσχρας,
1339 1088 1437 1152 τὰς
1458 1089 1500 1141 δ’
1530 1086 1838 1149 ὑδατώδεις,
1875 1084 2024 1153 ἀγλί-

440 1201 662 1254 σχρους,
680 1182 788 1236 τῶν
821 1183 917 1253 μὲν
945 1182 1152 1249 γίνεται
1175 1179 1360 1250 πῆξαι,
1385 1179 1491 1232 τῶν
1519 1179 1563 1232 δ’
1593 1177 1675 1231 οὖ.
1704 1177 1848 1249 Πρὸς
1874 1177 2020 1239 ἐνίας

439 1277 497 1329 δὲ
538 1276 632 1328 καὶ
671 1272 1114 1346 παρεμϐάλλουσί
1153 1290 1204 1324 τι
1231 1271 1320 1324 τοῦ
1363 1271 1553 1341 πῆξαι,
1589 1271 1682 1323 καὶ
1719 1270 2017 1337 συλλέγειν.

515 1366 678 1427 lbid.,
718 1366 812 1418 lin.
849 1364 934 1418 i0.
973 1366 1162 1417 ’Ἄλλο
1205 1362 1316 1430 γὰρ
1348 1362 1458 1429 τῆς
1497 1361 1736 1430 σχίνου.
1784 1359 2021 1414 Lentisci

443 1459 737 1530 lacrymam
766 1457 1086 1511 mastichem
1117 1472 1240 1510 esse
1261 1453 1539 1522 colligitur
1555 1468 1619 1507 ex
1647 1450 2026 1522 Theophrasto

440 1549 519 1603 De
543 1549 668 1602 hist.
701 1547 871 1615 plant,
918 1546 1012 1600 lib.
1051 1562 1122 1598 rx.
1161 1561 1207 1598 c.
1258 1544 1305 1604 l,
1343 1543 1665 1596 Συνίσταται
1707 1541 1764 1594 δὲ
1797 1542 1890 1595 καὶ
1931 1541 2025 1593 ἐπὶ

438 1643 539 1710 τῆς
567 1641 771 1710 σχίνου,
805 1638 900 1691 καὶ
929 1638 1020 1691 ἐπί
1057 1638 1154 1708 τῆς
1195 1635 1434 1706 ἀκάνθης
1481 1636 1578 1705 τῆς
1628 1634 1796 1705 ἰξίνης
1835 1633 2027 1686 καλουο

442 1736 632 1806 μένης,
661 1733 720 1799 ἐξ
757 1728 832 1788 ὧν
878 1735 910 1804 ἡ
955 1732 1212 1802 μαστίχη.
1259 1730 1390 1796 Qua:
1431 1738 1610 1784 autem
1660 1729 1732 1783 sit
1776 1727 1923 1781 ixine
1973 1734 2026 1780 et

438 1844 602 1898 quam
631 1826 952 1880 masticbem
985 1831 1232 1894 procreet
1254 1824 1394 1876 idem
1422 1822 1795 1891 prosequitur,
1827 1820 1920 1874 lib.
1941 1833 2022 1882 vt,

437 1936 560 1990 cap.
585 1919 638 1983 4,
685 1919 749 1972 Ἦ
783 1917 920 1988 ίξίνη
951 1917 1144 1985 φύεται
1171 1915 1268 1986 μὲν
1295 1915 1354 1966 ού
1384 1913 1672 1985 πολλαχοῦο
1705 1911 1793 1984 ριζ

435 2015 493 2067 δέ
525 2017 692 2067 ἐστιν·
726 2013 834 2066 ἀπὸ
861 2011 916 2064 δέ
941 2010 1040 2080 τῆς
1063 2009 1216 2082 ῥίζης
1248 2007 1416 2078 μέσης
1444 2004 1859 2078 ὁσπερματικδς
1881 2005 2017 2058 ἄκα-

436 2123 525 2170 νος
541 2104 899 2175 ἐπιπέφυκεν,
916 2101 1102 2171 ὥσπερ
1122 2100 1287 2172 μῆλον
1304 2095 1360 2153 εὗ
1384 2098 1526 2170 μάλα
1543 2094 2015 2169 ἐπικεκρυμμένον

436 2198 530 2250 ἐπί
570 2196 682 2250 τῶν
719 2195 955 2266 φύλλων.
1006 2189 1172 2255 Οὗτος
1214 2192 1269 2244 δὲ
1301 2191 1393 2244 ἐπὶ
1426 2189 1520 2244 τοῦ
1564 2189 1734 2260 ἄκρου
1772 2186 1927 2258 φέρει
1956 2184 2018 2237 τὸ

435 2287 672 2358 δάκρυον
711 2285 995 2356 εὔστομον,
1042 2284 1136 2336 καὶ
1168 2281 1328 2334 τοῦτό
1372 2281 1580 2350 ἐστινὴ
1623 2276 1898 2346 ἀκανθικὴ
1925 2276 2018 2327 ml.

434 2378 470 2448 η
508 2377 766 2448 μαστίχη.
803 2374 916 2445 Ego
949 2383 1132 2427 tamen
1177 2372 1354 2442 magis
1395 2371 1462 2424 ad
1497 2382 1729 2424 mentem
1776 2365 2017 2421 auctoris

435 2481 490 2525 et
513 2470 579 2524 ad
611 2471 937 2525 sententiam
983 2469 1239 2538 legerem,
1273 2466 1368 2518 κο.)⁵
1397 2463 1553 2516 τοῦτὸ
1593 2464 1739 2516 ἐστιν
1777 2461 1811 2532 ή
1845 2459 2014 2516 ἀκάν-

435 2562 564 2633 θικὴ
598 2561 858 2632 μαστίχη,
893 2567 946 2615 et
979 2561 1035 2614 ni
1068 2573 1288 2614 vererer
1325 2558 1394 2610 ab
1427 2554 1701 2625 aliquibus
1755 2563 2014 2622 tanquam

438 2656 619 2710 audax
651 2655 921 2719 accusari,
968 2654 1198 2708 libenter
1229 2651 1418 2720 utique
1462 2664 1562 2718 pro
1603 2649 1823 2709 ἄκανος,
1849 2645 2015 2701 ἄκαν-

437 2771 531 2835 θος
567 2771 826 2842 legcrem,
873 2774 933 2823 ut
975 2765 1170 2822 modus
1199 2765 1524 2835 phrasisque
1565 2777 1671 2816 una
1715 2760 2016 2829 eademque

435 2862 818 2934 Theophrasto
853 2868 1132 2922 servetur;
1173 2857 1304 2911 dicit
1335 2855 1482 2911 enim
1516 2855 1656 2909 hanc
1687 2851 2011 2907 masticbem

435 2955 685 3024 generari
731 2954 824 3007 ἐπὶ
864 2953 963 3024 τῆς
987 2951 1248 3022 ἀκάνθης,
1281 2967 1388 3005 non
1429 2950 1518 3003 ἐπὶ
1546 2947 1642 3000 τοῦ
1665 2945 1889 3008 ἀκάνου,
1945 2959 2011 2998 ex

434 3065 548 3119 quo
578 3065 686 3104 non
709 3047 998 3118 ἀκανθική,
1030 3046 1122 3102 sed
1147 3044 1402 3117 ἁκανῖκή,
1430 3044 1724 3106 diceretur,
1751 3039 1982 3112 quemad
2001 3069 2014 3080 -

435 3143 658 3198 modum
693 3152 747 3198 et
774 3141 1032 3196 ἀκανικσιὶ
1071 3140 1300 3195 ἄκανθαι
1345 3138 1484 3209 apud
1520 3139 1696 3208 ipsum
1733 3135 2006 3206 leguntur,

2130 615 2366 685 pretium
2396 609 2696 665 mastiches
2735 605 2969 661 Turcico
2995 601 3306 674 imperatori
3345 599 3564 654 nomine
3596 596 3703 649 tri-

2130 708 2247 763 buti
2279 705 2515 776 persolvi
2554 723 2566 758 :
2601 701 2697 759 sed
2733 701 2847 754 hanc
2880 709 3008 755 sunt
3032 696 3260 750 alterius
3301 691 3524 761 negotii.
3549 688 3707 742 Dale-

2128 799 2380 868 campius
2408 795 2647 850 Plinium
2667 791 3022 862 reprehendit
3051 787 3196 859 quod
3223 786 3362 841 falso
3384 782 3705 838 mastichem

2131 889 2335 944 resinis
2376 886 2604 958 liquidis
2637 881 3108 943 annumeraverit,
3141 879 3240 931 lib.
3292 892 3406 939 xw,
3441 889 3562 943 cap.
3611 872 3704 926 20.

2129 978 2236 1034 Sed
2288 978 2586 1033 immerito.
2633 973 2896 1029 Mastiche
2937 972 3083 1026 enim
3125 967 3499 1032 dum-emuit,
3549 973 3707 1018 ante-

2125 1086 2291 1142 quam
2323 1071 2633 1132 coalescat,
2666 1067 2832 1121 ﬂuida
2869 1073 2954 1120 est
2982 1060 3439 1134 quemadmodum
3477 1066 3531 1112 et
3560 1066 3704 1112 tere-

2125 1160 2369 1216 binthus.
2407 1157 2466 1212 Et
2499 1157 2686 1212 forsan
2723 1165 2971 1226 tempore
2998 1152 3162 1206 Plinii
3192 1165 3280 1204 res
3309 1149 3469 1202 aliter
3509 1161 3570 1200 se
3601 1145 3703 1198 ha-

2127 1252 2292 1306 bebat
2338 1266 2402 1304 ac
2438 1249 2602 1303 modo
2631 1247 2904 1301 videmus.
2957 1241 3281 1299 Communis
3324 1248 3408 1294 est
3457 1237 3704 1293 omnium

2127 1341 2182 1394 in
2213 1355 2276 1396 ea
2308 1339 2489 1394 insula
2541 1337 2766 1392 traditio
2809 1352 2840 1390 a
2887 1334 3191 1404 majoribus
3242 1336 3467 1399 excepta
3514 1326 3705 1382 masti-

2127 1431 2284 1484 chem
2333 1430 2487 1500 prius
2545 1427 2812 1499 liquidam
2865 1425 3198 1494 ﬂuidamque
3243 1422 3438 1476 fuisse.
3497 1418 3702 1474 Verum

2130 1526 2424 1590 postquam
2457 1529 2690 1572 sanctus
2719 1516 2813 1572 Dei
2843 1524 3055 1587 martyr
3083 1513 3326 1570 Isidorus
3350 1513 3403 1566 in
3429 1527 3490 1566 ea
3523 1511 3702 1564 insula

2127 1612 2386 1682 martyris
2451 1626 2657 1666 corona
2724 1609 2964 1672 ditatus,
3009 1609 3077 1663 ad
3135 1607 3417 1662 cmlestem
3468 1603 3700 1676 patriam

2126 1703 2528 1773 commigravit,
2559 1704 2613 1757 in
2649 1702 2850 1756 durum
2899 1716 3105 1770 corpus
3127 1699 3292 1753 veluti
3337 1697 3541 1768 gummi
3572 1710 3704 1748 con-

2127 1797 2391 1856 crevisse,
2424 1793 2590 1864 idque
2615 1793 2883 1865 sanguine
2914 1795 3054 1846 tanti
3101 1791 3360 1862 martyris
3398 1789 3702 1859 pra-stilum

1794 1880 2018 1981 όφυλλο,
2049 1921 2092 1976 Β
2123 1884 2315 1986 luisse,
2352 1885 2482 1940 dum
2515 1901 2613 1956 per
2666 1887 2790 1940 illas
2829 1885 3056 1939 arbores
3100 1882 3496 1986 dilacerandus
3538 1880 3700 1981 equis

2120 1975 2456 2030 immanibus
2499 1976 2707 2045 ligatus.
2729 1974 3068 2029 trahebatur.
3119 1972 3274 2029 Facti
3319 1973 3482 2042 hujus
3513 1969 3705 2025 memi-

2119 2069 2200 2122 nit
2234 2067 2496 2123 Nicolaus
2533 2067 2950 2140 Pepagomenus
2979 2068 3233 2121 oratione
3265 2067 3320 2122 in
3345 2065 3551 2120 dictum
3574 2079 3704 2120 san-

2117 2167 2292 2224 ctum,
2311 2175 2476 2230 quam
2509 2159 2756 2217 Latinam
2778 2174 2806 2212 a
2831 2159 2994 2214 nobis
3015 2159 3213 2212 factam
3237 2173 3344 2211 una
3371 2155 3701 2210 cumGraeca

2118 2251 2336 2321 publico
2357 2251 2664 2318 commodo,
2700 2249 2808 2305 Deo
2843 2251 3025 2313 dante,
3062 2249 3303 2304 edemus.
3327 2248 3575 2316 lsitaque
3590 2247 3697 2302 ait:

2117 2341 2288 2414 Λόγος
2319 2342 2375 2395 δέ
2402 2359 2486 2405 τις
2515 2342 2737 2414 φέρεται
2767 2342 2861 2395 καὶ
2895 2341 3048 2417 ἡμῶν
3076 2341 3202 2410 ἄχρι
3238 2339 3469 2407 φθάσας,
3509 2338 3585 2402 ὼς
3611 2338 3702 2391 τὸν

2119 2431 2212 2486 νῦν
2251 2432 2623 2503 καταρρέοντα
2649 2431 2756 2484 τῶν
2788 2430 2981 2500 σχίνων
3017 2430 3171 2494 ὀπὸν,
3205 2431 3299 2487 καὶ
3333 2429 3700 2498 πηγνύμενον,

2121 2523 2234 2576 ῐστε
2279 2523 2479 2586 πάντες
2518 2523 2692 2575 ὁπόσα
2746 2521 2936 2574 τούτου
2976 2521 3123 2592 παρά
3162 2523 3275 2583 τοῖς
3323 2521 3472 2583 Χίοις
3519 2519 3702 2590 μόνοις

2117 2611 2281 2684 φορὰ,
2311 2613 2405 2666 καὶ
2435 2611 2511 2676 ὡς
2534 2612 2692 2683 εἴπερ
2729 2629 2782 2665 τι
2816 2611 2894 2682 τῷ
2931 2611 3030 2682 βίῳ
3055 2611 3228 2682 τούτῳ
3261 2610 3701 2664 λυσιτελέστατον

2117 2705 2238 2759 καθ’
2277 2706 2440 2758 αὐτόν
2483 2721 2543 2757 τε
2615 2705 2710 2758 καὶ
2750 2707 2861 2769 τοῖς
2903 2704 3081 2768 ἄλλοις
3126 2703 3574 2775 ἐπιμιγνύμενον,
3626 2703 3701 2775 μὴ

2113 2795 2352 2869 πρόσθεν
2385 2795 2612 2868 ἰσχυρὰν
2641 2795 2870 2849 εἰωθότα
2901 2796 3198 2866 λαμϐάνειν
3223 2795 3321 2866 τὴν
3359 2795 3540 2866 πῆξιν,
3569 2797 3700 2849 κάν-

2112 2889 2303 2943 τεῦθεν
2333 2891 2443 2952 τοῖς
2462 2887 2886 2952 ύδασιν,ὖοντος,
2912 2888 3478 2960 συμπαραφερόμενόν
3505 2905 3565 2941 τε
3607 2888 3702 2940 καί⁹

2113 2981 2510 3053 ἀπολλύμενον.
2540 2980 2665 3036 ’Ότι
2698 2981 2772 3052 μὴ
2797 2981 2936 3035 πάνυ
2959 2981 3182 3052 μετρίου
3207 2981 3350 3044 τινὸς
3371 2980 3499 3034 ἄνευ
3533 2981 3583 3033 οἰ
3606 2979 3700 3033 τοῦ

2118 3075 2394 3148 μάρτυρος
2441 3072 2612 3138 ἆθλοι,
2664 3076 2758 3128 καὶ
2801 3075 2868 3128 τά
2900 3075 3132 3148 λαμπρά
3159 3073 3302 3128 κατά
3338 3074 3447 3128 τῶν
3489 3072 3701 3145 ἐχθρῶν

2114 3166 2494 3237 ἀγωνίσματα,
2536 3165 2633 3220 καὶ
2675 3163 2736 3217 τὸ
2765 3165 2862 3236 τῆς
2906 3164 3132 3237 γνώμης
3171 3165 3473 3228 ἀνένδοτον,
3515 3163 3608 3217 καὶ
3640 3165 3698 3217 αἰ

435 3237 531 3291 lib.
565 3253 640 3302 Iv,
670 3252 795 3307 cap.
818 3235 867 3302 7,
912 3235 1054 3290 Hist.
1098 3234 1266 3304 plant.
1295 3233 1424 3288 Etsi
1459 3232 1657 3296 ἄκανος
1692 3229 1828 3285 velis
1881 3229 2010 3282 reti-

2119 3229 2742 3330 abxval'xapsepﬁaug,
2794 3229 2875 3320 εἰς
2967 3229 3060 3310 νῦν
3088 3229 3317 3328 ’ὁρᾶταμ
3369 3256 3504 3328 πρὸς
3551 3254 3700 3308 λίθου

435 3345 586 3390 nere,
639 3345 809 3399 quare
864 3329 983 3399 ejus
1019 3329 1344 3384 sententiam
1388 3341 1499 3380 non
1553 3324 1870 3389 concludes,
1914 3321 2009 3378 καὶ

431 3420 592 3473 τοῦτό
626 3422 823 3490 ἐστινὴ
857 3419 1088 3492 ἁκανικὴ
1127 3419 1400 3490 μαστίχηῖ
1429 3418 1534 3473 Sed
1563 3418 1847 3473 dubitasse
1879 3417 2014 3472 satis

433 3513 500 3566 de
531 3512 652 3567 hac.
678 3511 890 3566 Plinius
925 3513 1017 3567 lib.
1060 3527 1159 3576 xu,
1189 3527 1310 3581 cap.
1344 3511 1432 3575 17,
1473 3509 1576 3565 Sed
1601 3510 1854 3564 mastiche
1879 3525 2013 3579 quo-

432 3620 532 3674 que
566 3605 774 3673 gemina
805 3611 904 3666 est,
932 3603 1181 3673 quoniam
1211 3612 1259 3654 et
1291 3603 1343 3655 in
1374 3603 1505 3655 Asia
1535 3598 1841 3669 Gratciaque
1871 3615 2016 3668 repe-

432 3696 594 3760 ritur,
624 3695 784 3748 herba
817 3695 995 3747 radice
1021 3694 1157 3762 folia
1189 3694 1450 3758 amittens,
1483 3702 1530 3746 et
1576 3692 1833 3745 carduum
1865 3693 2014 3745 simi-

435 3790 534 3841 lem
560 3788 702 3841 malo
731 3787 944 3842 seminis
969 3787 1199 3855 plenum,
1231 3788 1567 3856 lacrymaque
1595 3788 1823 3854 erumpit
1845 3787 2014 3838 incisa

433 3889 585 3946 parte
608 3895 815 3933 summa
842 3881 928 3933 vix
971 3888 1032 3932 ut
1052 3879 1288 3950 dignosci
1321 3879 1485 3947 possit
1516 3896 1548 3932 a
1586 3877 1842 3933 masticbe
1872 3894 2012 3932 rera.

437 3969 552 4026 Nec
576 3988 678 4025 non
711 3983 760 4026 et
813 3974 969 4025 tertia
1015 3972 1069 4025 in
1120 3970 1290 4024 Ponto
1323 3981 1399 4024 est
1439 3970 1713 4024 bituminis
1764 3969 2012 4024 similiOr.

441 4064 840 4118 Laudatissima
901 4073 1076 4117 autent
1126 4071 1204 4116 est
1243 4061 1378 4114 Chia
1423 4059 1676 4124 candida,
1711 4059 1863 4128 cujus
1897 4075 2015 4128 pre-

437 4160 570 4212 t'um
603 4157 657 4210 in
710 4157 873 4211 libras
912 4172 1004 4219 xx,
1053 4157 1221 4227 nigrae
1254 4171 1372 4208 vero
1410 4170 1506 4208 xu.
1546 4151 1678 4208 Chia
1715 4169 1744 4211 ε
1795 4151 2014 4207 lentisco

435 4252 668 4306 traditur
691 4251 835 4322 gigni
867 4250 1065 4322 gummi
1115 4248 1290 4311 modo,
1338 4247 1674 4301 adulteretur
1715 4255 1774 4299 ut
1827 4244 2012 4311 thura,

435 4346 632 4398 resina.
665 4343 860 4398 Petrus
885 4343 1182 4405 Bellonius,
1206 4341 1574 4396 Obsert'ation.
1603 4341 1698 4393 lib.
1724 4355 1786 4406 II,
1813 4355 1936 4409 cap.
1956 4340 2009 4402 8,

434 4436 722 4491 Masticlies
747 4447 1024 4505 proventus
1057 4437 1112 4489 in
1137 4453 1199 4489 ca
1241 4434 1419 4488 insula
1453 4433 1583 4486 Chio
1615 4442 1794 4485 tantus
1825 4440 1924 4496 est,
1955 4441 2013 4486 ut

433 4529 658 4598 singulis
693 4528 846 4581 annis
895 4527 1115 4580 Turcico
1150 4526 1462 4594 imperatori
1502 4541 1597 4594 pro
1629 4524 1900 4594 quaternis
1935 4524 2013 4577 rel

2117 3348 2278 3418 φύσιν
2307 3349 2474 3417 ἐγγὺς
2506 3348 2894 3418 μετεποίησαν,
2943 3349 3058 3422 ἅμα
3099 3365 3160 3401 τε
3199 3349 3388 3402 τούτου
3431 3347 3702 3418 τοσαύτην

2115 3439 2412 3508 εἰργάσατο
2439 3437 2536 3509 τὴν
2568 3439 2830 3502 ἐπίδοσιν,
2859 3439 2934 3502 ὡς
2970 3438 3172 3511 μηδένα
3207 3437 3403 3510 μικροῦ
3427 3437 3537 3492 τῶν
3562 3439 3702 3509 ὁπή-

2116 3548 2246 3584 ποτε
2290 3531 2394 3599 γῆς
2421 3529 2713 3584 οἰκούντων
2747 3530 2822 3601 μὴ
2850 3531 2949 3600 τῆς
2981 3531 3100 3591 κατ’
3129 3530 3247 3594 ἔτος
3275 3529 3570 3584 ἀπολαύειν
3602 3548 3702 3600 φο-

2118 3624 2236 3694 ρᾶς.
2270 3623 2421 3693 Μηδέ
2447 3621 2556 3694 γὰρ
2583 3623 2648 3676 ἂν
2667 3625 2776 3686 τοῖς
2805 3621 2910 3692 πρὸ
2938 3620 3032 3685 τοῦ
3064 3623 3231 3675 πᾶσιν
3250 3622 3700 3692 Ἀσκληπιάδαις,

2115 3713 2327 3774 οὐδενὸς
2364 3713 2486 3764 ὅτου
2523 3695 2628 3765 τῶν
2659 3711 2796 3782 πρὸς
2826 3712 3066 3782 ἰατρείαν
3100 3710 3288 3764 παθῶν
3318 3712 3382 3765 ob.
3413 3713 3702 3782 μεμνημέο

2115 3821 2246 3868 νοις,
2272 3801 2533 3866 πολλάκις
2583 3801 2768 3872 σχεδὸν
2819 3800 3178 3874 ἀμνημοσύνη
3227 3799 3414 3853 τούτου
3468 3800 3700 3872 προσῆν,

2116 3899 2318 3970 καίπερ
2357 3902 2470 3962 τοῖς
2513 3896 2896 3970 καιριωτάτοις
2938 3895 3378 3968 συμϐαλλομένου
3410 3894 3478 3948 τὰ
3512 3912 3702 3968 περιτ-

2115 3993 2339 4046 τεύοντα
2368 3991 2476 4046 τῶν
2511 3992 2692 4064 ὑγρῶν
2722 3990 3069 4062 ἀποκαθᾶραι
3103 3990 3198 4043 καὶ
3228 3988 3525 4058 ἀλγηδόνας
3553 3989 3700 4043 ἐστιν

2115 4084 2180 4149 ἃς
2217 4085 2569 4154 ἐπικουφίσαι
2601 4101 2660 4136 τε
2691 4084 2785 4137 καὶ
2842 4067 3110 4154 κοιμίσαι,
3150 4081 3245 4135 καὶ
3284 4080 3354 4134 τὰ
3396 4081 3703 4154 παρειμένα

2113 4177 2216 4232 τοῦ,
2261 4177 2511 4248 σώματος
2553 4176 2990 4248 ίσχυροποιῆσαι,
3047 4175 3141 4228 καὶ
3195 4173 3498 4246 νευρῶσαι,
3539 4174 3701 4242 φύσιν

2114 4269 2350 4340 ἔχοντος.
2407 4269 2614 4332 Ὄντως
2661 4267 2886 4341 ἀρίστου
2942 4269 3036 4327 καὶ
3088 4265 3412 4337 θαυμαστοῦ,
3453 4264 3699 4338 γεωργοῦ

2116 4360 2328 4431 καρπὸς
2352 4359 2567 4430 ἥδιστος
2595 4362 2713 4413 κατ’
2749 4360 3065 4428 ἐπωνυμίαν
3096 4357 3260 4411 αὐτοῦ
3292 4358 3702 4430 τὴνένέργειαν

2115 4451 2476 4520 κεκτημένος.
2514 4450 2660 4520 Πλὴν
2703 4451 2826 4502 ὅσον
2854 4449 2882 4501 ὁ
2918 4449 3015 4519 μὲν
3049 4449 3143 4501 καὶ
3179 4448 3355 4518 ψυχὰς
3388 4447 3701 4518 καμνούσας

2115 4544 2258 4608 ἀξιοῖ
2293 4541 2611 4613 θεραπείας,
2644 4543 2739 4596 καὶ
2784 4544 2894 4604 τοῖς
2936 4541 2996 4594 τὸ
3038 4541 3196 4612 σῶμα
3229 4542 3480 4612 πονήρως
3516 4540 3699 4611 ἔχουσι

432 4623 606 4694 quinis
626 4619 858 4674 millibus
871 4617 1184 4672 ducatorum
1203 4617 1434 4686 pendant
1454 4620 1507 4668 in
1524 4615 1884 4669 deductionem
1898 4615 2012 4684 ejus

2119 4631 2367 4702 δωρεῖται
2401 4631 2498 4702 τὴν
2543 4631 2702 4684 ἴασιν·
2753 4634 2780 4684 ό
2817 4631 2872 4684 δὲ
2915 4630 3049 4701 τῷδε
3092 4632 3349 4704 βραχεῖαν
3392 4631 3565 4700 ἐνίησι
3599 4631 3699 4703 τῆς

434 4732 656 4770 summa:
680 4730 838 4785 quant
869 4713 952 4766 illi
989 4713 1176 4766 tributi
1207 4711 1415 4764 nomine
1441 4709 1570 4763 dare
1599 4709 1804 4774 debent,
1834 4718 1883 4762 et
1907 4709 2018 4761 sin—

437 4811 590 4878 gulas
611 4815 855 4862 centenas
872 4805 1034 4860 libras
1056 4806 1283 4859 centenis
1295 4804 1470 4874 quinis
1490 4801 1699 4856 ducetis
1723 4803 2013 4864 restimunt,

431 4898 688 4972 quidquid
700 4899 814 4968 ejus
837 4908 1068 4966 superest
1090 4897 1190 4951 sibi
1214 4905 1501 4950 reservant.
1531 4891 1674 4948 Galli
1699 4902 2014 4949 mercatores

433 4994 717 5049 mastiches
730 4993 955 5062 pretium
970 4990 1105 5044 idem
1117 4999 1360 5058 perpetuo
1376 5005 1487 5042 esse
1500 4986 1891 5041 considerantes
1905 4988 2018 5040 eati-

432 5089 677 5150 stimant;
692 5094 846 5155 atque
868 5085 1026 5138 etiam
1041 5083 1270 5150 referunt
1287 5080 1734 5146 incolas,collecta
1744 5079 1857 5148 ejus
1874 5089 2016 5133 certa

334 5182 339 5194 ‘
431 5178 750 5248 quantitate,
768 5175 1023 5243 reliquam
1051 5174 1296 5243 abjicere.
1332 5171 1437 5226 Sed
1466 5172 1520 5225 id
1546 5172 1757 5226 veritati
1787 5173 2017 5226 maxime

436 5269 764 5321 contrarium
808 5275 886 5320 est
919 5282 936 5319 :
967 5281 1095 5318 nam
1126 5266 1205 5317 uti
1243 5261 1477 5318 diximus
1541 5278 1763 5333 magnas
1811 5264 2014 5333 impen-

437 5377 522 5413 sas
570 5361 624 5413 in
659 5359 864 5414 lentisci
898 5357 1178 5427 fruticibus
1231 5355 1491 5421 colendis,
1527 5364 1576 5409 et
1622 5355 1875 5409 curandis
1929 5356 2017 5424 [ac

435 5450 720 5515 ciunt;sed
751 5453 1005 5522 quoniam
1037 5451 1260 5505 Turcico
1284 5450 1590 5517 imperatori
1611 5449 1832 5518 singulis
1863 5452 2016 5502 annis

435 5560 531 5610 pro
563 5555 816 5614 quatuor,
850 5554 941 5598 aut
977 5545 1212 5614 plurium
1245 5543 1474 5598 millium
1517 5545 1831 5598 ducatorum
1874 5545 2017 5597 testi-

443 5639 672 5690 motione
697 5637 950 5705 pendunt,
987 5639 1101 5701 ejus
1129 5639 1359 5703 pretium
1385 5637 1460 5691 vel
1490 5653 1701 5706 augere,
1734 5637 1813 5690 rel
1843 5637 2017 5690 immi—

441 5743 599 5781 nuere
630 5746 733 5782 non
763 5730 903 5783 licet.
939 5730 994 5782 In
1025 5728 1228 5798 quibus
1259 5730 1450 5783 multis
1485 5729 1685 5782 labitur
1716 5727 2011 5783 Bellonius.

442 5815 645 5873 Verum
675 5821 821 5875 enim
846 5829 950 5882 est,
987 5819 1195 5873 incolas
1226 5821 1540 5889 praescripta
1571 5822 1874 5888 quantitate
1903 5820 2017 5873 col-

446 5913 582 5970 lecta
616 5913 882 5980 reliquam
909 5913 993 5967 vcl
1027 5911 1286 5978 abjicerr,
1320 5913 1403 5968 vel
1437 5911 1726 5982 negligere.
1772 5910 2011 5977 Falsum,

2122 4722 2362 4793 ἰατρείας
2385 4724 2704 4796 ἀπόρροιαν.

2189 4814 2350 4879 lbid.,
2381 4816 2478 4869 lin.
2509 4817 2594 4871 11.
2622 4816 2729 4871 Kal
2753 4815 2944 4881 ἄλλος
2965 4818 2997 4868 o'
3022 4814 3494 4886 τῆςβίιλσάμου.
3528 4814 3703 4870 Theo-

2119 4907 2377 4979 phrastus
2412 4907 2466 4960 in
2500 4905 2639 4961 valle
2672 4903 2845 4976 Syriae
2874 4903 3050 4969 nasci,
3091 4904 3328 4958 lructum
3364 4903 3536 4972 magis
3564 4904 3699 4956 odo-

2118 5010 2296 5055 ratum
2331 5015 2454 5054 esse
2487 5014 2650 5068 quam
2703 4999 3021 5068 lacrymam,
3068 5004 3132 5053 et
3165 4997 3410 5051 incisura
3455 4995 3598 5050 facta
3626 5012 3705 5055 ex,

2118 5089 2366 5152 caudice,
2409 5089 2532 5144 sive
2572 5098 2726 5157 parte
2769 5103 3029 5157 superna,
3074 5096 3264 5147 testate
3297 5095 3410 5141 tota
3444 5102 3692 5149 succum,

2119 5180 2214 5233 sed
2271 5180 2420 5232 illum
2476 5179 2872 5248 paucissimutn
2907 5179 3129 5250 colligi,
3161 5180 3257 5232 lib.
3296 5195 3349 5232 ιι
3399 5177 3475 5232 De
3504 5179 3705 5240 histor.

2117 5271 2311 5338 plantu
2348 5285 2470 5339 cap.
2518 5268 2572 5330 6,
2617 5270 2690 5322 Τὸ
2733 5269 2787 5322 δὲ
2832 5268 3106 5340 βάλσαμον
3149 5270 3357 5338 γίνεται
3395 5270 3493 5340 μὲν
3535 5271 3593 5322 ἐν
3617 5268 3697 5339 τῷ

2118 5361 2340 5427 Αὐλῶν,
2379 5361 2457 5431 τῷ
2484 5363 2610 5433 περὶ
2650 5362 2870 5435 Συρίαν,
2915 5361 3273 5433 παραδείσους
3310 5362 3353 5424 δῗ
3394 5358 3531 5416 εἷναί
3563 5379 3696 5432 φασι

2116 5453 2210 5506 δύο
2229 5453 2440 5522 μόνους,
2461 5453 2549 5505 τὸν
2573 5453 2671 5523 μὲν
2686 5455 2808 5506 ὅσον
2833 5452 3003 5505 εἴκοσι
3031 5453 3276 5524 πλέθρων
3325 5454 3416 5507 τὸν
3443 5455 3485 5508 δ’
3511 5455 3698 5524 ἕτερον

2119 5544 2297 5614 πολλῷ
2335 5544 2608 5599 ἐλάττονα.
2651 5545 2875 5616 Reliqua
2900 5546 3022 5600 vide
3056 5547 3195 5616 apud
3230 5547 3692 5617 ’l‘lteOphrastmn,

2119 5652 2182 5691 ex
2214 5652 2323 5706 quo
2361 5637 2569 5692 Plinius
2609 5638 2705 5693 lib.
2751 5653 2852 5700 xu,
2887 5653 3008 5707 cap.
3050 5638 3142 5701 25,
3197 5653 3294 5692 sua
3335 5641 3565 5708 accepit,
3591 5652 3695 5693 nec.

2117 5730 2374 5784 convenit
2405 5730 2458 5783 in
2478 5731 2736 5784 omnibus
2766 5731 2833 5784 de
2860 5729 3089 5785 historia
3121 5730 3353 5786 balsami
3405 5737 3692 5785 auctorum

2118 5821 2406 5875 sententia.
2478 5820 2685 5876 Plinius
2745 5821 2878 5875 dicit
2921 5822 3223 5876 balsamum
3276 5822 3365 5876 uni
3417 5829 3693 5876 terrarum

2116 5911 2316 5969 Iudaea:
2365 5930 2730 5984 concessum;
2801 5914 3151 5972 Dioscorides
3205 5915 3458 5970 concedit
3521 5914 3698 5970 etiam
