4124 6436
418 439 522 498 857

1428 437 1495 492 ΙΝ
1536 438 1908 496 ΕεδτΑτηιι
1932 439 2405 495 ΗΕΧΑΕΜΕΒΟΝ
2436 440 2667 496 NOTAE.

2888 381 2902 417 Ι

3563 441 3670 498 858

419 561 691 633 Aigypto;
730 559 929 615 Strabo
964 559 1058 615 lib.
1101 576 1190 615 xvi
1238 560 1493 616 silvestre
1541 562 1696 616 nasci
1744 561 1911 614 tradit
1943 561 1997 614 in
2028 570 2075 621 Α
2104 560 2321 615 steculis
2347 572 2638 625 excoctum,
2663 560 2869 630 glebam
2894 559 3054 614 habui
3083 572 3288 615 erutam
3323 576 3480 631 prope
3524 559 3673 614 Nar-

420 654 714 710 maritimis
747 653 1062 708 Sabaeorum
1091 670 1107 721 ;
1152 651 1564 723 Theophrastus
1595 654 1847 708 silvestre
1878 653 1997 707 bal-

422 761 634 802 samum
666 745 876 799 nullum
917 759 1147 815 usquam
1190 752 1467 815 repertum
1503 745 1746 814 accepit;
1792 742 1998 798 Pausa-

422 837 545 889 nias
579 834 910 889 inBteoticis
942 836 1168 890 arbores
1198 834 1256 890 in
1291 836 1493 889 Arabia
1526 835 1812 897 describit,
1846 848 1996 905 myr-

421 935 603 982 torum
650 929 1047 999 magnitudine,
1084 928 1232 983 foliis
1265 928 1524 982 amaraci.
1567 925 1704 982 Vide
1730 927 1996 997 reliquam

421 1020 711 1075 historiam
745 1021 1057 1091 viperarum
1108 1021 1211 1077 sub
1252 1021 1372 1089 ejus
1411 1019 1603 1074 fronde
1641 1020 1993 1072 latitantium.

424 1111 635 1167 Plinius
660 1113 830 1168 incidi
860 1114 1025 1176 vitro,
1052 1113 1229 1183 lapide
1257 1113 1539 1182 osseisqne
1560 1112 1823 1172 cultellis.
1854 1110 1998 1165 ferro

425 1204 566 1269 laedi,
594 1204 1004 1275 TheOphrastus
1039 1205 1231 1261 ferreis
1271 1205 1547 1274 unguibus
1580 1204 1713 1258 caidi
1739 1244 1754 1269 ,
1789 1200 1998 1257 Plinius

426 1300 657 1367 primam
692 1298 923 1368 gratiam
966 1313 1091 1353 esse
1134 1298 1409 1368 lacrytnaa,
1457 1295 1754 1352 secundam
1781 1292 1996 1356 semini,

426 1389 640 1442 tertiam
683 1389 899 1453 cortici,
932 1389 1213 1443 minimam
1262 1389 1412 1459 ligno
1433 1388 1547 1455 ait;
1589 1385 1999 1456 Theophrastus

426 1481 658 1551 primam
692 1481 928 1546 fructus,
967 1480 1264 1536 secundam
1299 1481 1578 1549 lacrymae,
1613 1479 1863 1532 ultimam
1887 1477 2001 1531 vir-

426 1588 639 1643 garum.
669 1570 949 1626 Diversam
982 1572 1148 1642 hujus
1194 1571 1428 1627 balsami
1481 1570 1775 1642 colligendi
1825 1569 1998 1623 ratio-

427 1679 550 1718 nem
586 1663 706 1719 sine
754 1679 989 1720 censura
1040 1672 1231 1718 narrat
1264 1662 1577 1717 Brocardus
1614 1661 1916 1716 monachus
1946 1669 2000 1715 et

426 1770 487 1811 se
518 1756 722 1811 vidisse
768 1755 987 1822 fatetur,
1029 1756 1086 1810 in
1132 1755 1501 1824 descriptione
1531 1763 1690 1809 terrae
1744 1760 1947 1809 sanctae
1981 1771 1996 1805 :

426 1847 526 1902 Est
553 1849 714 1902 etiam
748 1848 821 1902 ibi
854 1848 1040 1903 hortus
1070 1847 1332 1912 Balsami,
1362 1848 1457 1919 qui
1501 1849 1760 1917 irrigatur
1793 1864 1824 1901 a
1855 1846 1999 1914 [ante

423 1954 603 2008 parvo,
629 1940 888 1994 uberrime
933 1950 1105 1994 tamen
1144 1940 1357 2009 ﬂuente,
1383 1939 1439 1992 in
1463 1955 1564 2009 quo
1606 1940 1755 1993 aiunt
1789 1939 1996 1993 beatam

437 2029 703 2102 Virginem
731 2049 951 2102 puerum
978 2030 1161 2086 Jesum
1197 2031 1385 2085 lauisse
1409 2047 1426 2084 :
1447 2030 1508 2083 ob
1543 2029 1598 2083 id
1628 2028 1850 2084 habetur
1878 2030 1995 2101 fons

424 2121 516 2175 ille
552 2124 606 2175 in
636 2124 985 2187 uerteratione,
1010 2121 1201 2175 nedum
1245 2138 1278 2174 a
1310 2118 1650 2181 Christianis,
1680 2137 1855 2175 verum
1883 2130 1931 2175 et
1965 2139 1998 2175 a

427 2208 731 2268 Saracenis.
767 2211 985 2266 Modum
1030 2211 1309 2284 colligendi
1353 2211 1650 2266 balsamum
1696 2211 1834 2265 hunc
1871 2212 2000 2266 mihi

428 2300 687 2357 Saraceni
707 2304 1064 2358 ostenderunt.
1096 2302 1398 2373 Carpebant
1425 2303 1615 2372 folium
1644 2319 1807 2355 unum
1835 2318 1866 2355 a
1898 2302 1997 2356 sti-

423 2396 553 2462 pite,
600 2395 869 2450 adhazrent
901 2397 1041 2450 enim
1072 2396 1205 2463 folia
1255 2396 1446 2464 stipiti,
1480 2404 1527 2448 et
1559 2405 1749 2448 contra
1787 2392 1995 2447 radium

429 2486 561 2541 solis
594 2486 730 2539 illud
759 2487 1130 2554 discerpentes,
1162 2496 1362 2556 guttam
1408 2484 1791 2538 lucidissimam
1834 2493 1885 2537 et
1917 2500 2001 2537 su-

427 2594 526 2646 pra
576 2577 788 2630 modum
823 2577 1143 2647 odoriferam
1175 2577 1467 2631 elicuerunt
1501 2593 1520 2630 :
1551 2586 1601 2630 et
1630 2579 1674 2629 is
1719 2587 1797 2630 est
1848 2592 1997 2629 verus

427 2671 600 2741 liquor
638 2670 909 2725 balsami:
942 2671 1031 2741 qui
1058 2672 1111 2724 in
1151 2670 1361 2737 phialas
1402 2671 1594 2723 vitreas
1630 2669 1918 2739 colligitur,
1949 2678 1999 2723 et

426 2761 496 2816 ad
517 2763 751 2817 diversas
784 2762 966 2816 mundi
989 2772 1167 2828 partes
1189 2762 1441 2824 mittitur,
1476 2762 1688 2814 tametsi
1720 2777 1846 2815 raro
1885 2761 1999 2813 sine

428 2854 662 2906 mixtura
697 2852 767 2905 ad
797 2854 1027 2922 regiones
1058 2862 1263 2906 nostras
1305 2852 1589 2920 perueniat.
1619 2851 1779 2904 Aiunt
1812 2851 1997 2914 etiam,

425 2940 476 3001 si
509 2946 697 3013 folium
736 2944 868 2999 illud
898 2957 1083 2999 contra
1114 2945 1320 2999 radium
1349 2945 1475 2999 solis
1508 2960 1611 2998 non
1643 2943 1997 3014 frangeretur,

427 3032 638 3087 minime
667 3048 880 3086 succum
915 3034 1067 3086 illum
1098 3032 1351 3089 stillaret.

498 3123 617 3180 Col.
646 3126 771 3191 717,
814 3126 912 3180 lin.
951 3126 1037 3180 l5.
1067 3125 1390 3194 Ἱστοροῦσι
1409 3124 1476 3178 δέ
1490 3142 1649 3192 τινες
1664 3123 1841 3179 καὶτὸ
1857 3122 1999 3192 ἤλε-

426 3234 626 3287 κτρον.
664 3217 920 3282 Basilius,
965 3217 1111 3271 hom.
1157 3217 1209 3282 '5,
1252 3216 1423 3286 Λόγος
1457 3216 1514 3269 δέ
1557 3216 1642 3280 τίς
1673 3217 1788 3270 ἐστι
1817 3217 1911 3270 καὶ
1936 3216 1998 3269 τὸ

426 3309 689 3381 ἡλεκτρον
709 3309 840 3362 ὀπὸν
864 3305 1002 3362 εἶναι
1027 3308 1213 3378 φυτῶν
1230 3309 1309 3373 εἰς
1331 3308 1479 3361 λίθου
1503 3308 1663 3379 φύσιν
1687 3308 2006 3380 ἀποπηγνῦ-

432 3415 610 3471 μενον.
638 3397 851 3454 Psellus
898 3398 963 3453 de
993 3397 1259 3467 lapidibus
1286 3398 1485 3468 duplex
1515 3399 1776 3453 electrum
1803 3400 2006 3453 consti-

433 3496 559 3556 tuit,
606 3506 775 3545 unum
810 3490 1078 3554 Indicum,
1132 3490 1364 3545 alterum
1418 3488 1748 3560 Libyticum.
1791 3499 1846 3544 et
1873 3489 2004 3543 dicit

428 3582 657 3653 reperiri
684 3581 840 3651 juxta
871 3580 1095 3642 fluvium
1134 3580 1451 3643 Eridanum.
1502 3579 1709 3645 subdit,
1745 3581 1918 3634 Ἔνιοι
1945 3579 2003 3633 δὲ

430 3676 524 3731 καὶ
545 3676 777 3745 δάκρυον
793 3674 925 3729 αὐτὸ
945 3692 1073 3744 φασι
1088 3674 1300 3747 δένδρου
1326 3674 1487 3738 τινός.
1518 3673 1733 3743 Κοῦφον
1761 3673 1868 3745 γάρ
1888 3676 2003 3726 ἐστι

427 3768 521 3821 καὶ
542 3766 821 3838 θυμιᾶται,
852 3767 927 3832 ὡς
955 3770 983 3828 ὁ
1013 3766 1303 3831 λιϐανωτὸς
1334 3768 1428 3821 καὶ
1457 3769 1499 3844 ὴ,
1525 3767 1779 3838 μαστίχη.
1809 3766 2004 3822 Varias

430 3866 715 3920 auctorum
763 3860 1064 3916 sententias
1112 3858 1180 3914 de
1232 3859 1497 3925 suecino,
1551 3869 1604 3913 et
1647 3861 1767 3930 ejus
1794 3860 2004 3931 origine

426 3951 649 4023 collegit
694 3939 933 4019 Plinius,
979 3950 1076 4008 lib.
1127 3966 1338 4014 xxxv",
1392 3966 1511 4021 cap.
1564 3951 1601 4005 2
1654 3959 1709 4007 et
1760 3953 1815 4017 5,
1865 3967 2007 4022 quas

426 4039 518 4100 hic
544 4055 830 4099 recensere
855 4041 1099 4111 ineptum
1143 4055 1265 4096 esse
1303 4040 1454 4096 duxi.
1492 4039 1696 4112 Siquis
1725 4041 2003 4098 eruditio-

428 4149 555 4197 nem
591 4136 731 4189 tanti
776 4136 879 4191 viri
908 4144 964 4190 et
1015 4134 1276 4190 admirari
1305 4143 1360 4191 et
1404 4138 1655 4191 venerari
1701 4137 1997 4205 desiderat,

428 4226 590 4282 adeat
630 4230 808 4287 locum
844 4229 1041 4290 mirum
1085 4244 1240 4288 sane.
1269 4236 1322 4284 et
1349 4229 1663 4283 omnimoda
1712 4230 2004 4300 prudentia

425 4318 790 4389 doctrinaque
844 4319 1292 4376 refertissimum.
1340 4318 1453 4375 Nos
1508 4320 1707 4375 miselli
1758 4320 1887 4374 item
1946 4327 2001 4373 et

423 4424 699 4481 pauperes
728 4411 796 4465 ad
839 4412 993 4466 illum
1030 4412 1164 4483 quid
1197 4410 1507 4467 addemus?
1534 4411 1864 4467 Aristoteles
1902 4410 1997 4465 lib.

426 4500 510 4557 De
548 4501 881 4566 mirabilibus
926 4504 1306 4569 auscultation.
1353 4504 1421 4558 ad
1473 4503 1663 4563 fictilia
1715 4512 2001 4575 poetarum

2101 653 2287 708 boncm
2318 656 2371 707 in
2427 652 2543 722 ejus
2580 652 2777 721 lapidis
2825 654 3024 722 fodinis
3052 654 3276 709 dimidia
3308 668 3372 709 ea:
3396 663 3546 722 parte
3588 655 3669 707 ni-

2099 764 2246 818 gram
2276 785 2291 810 ,
2345 745 2520 799 altera
2572 744 2789 813 ﬂauam,
2841 746 3043 799 succini
3097 746 3250 800 modo
3281 762 3299 798 :
3327 746 3465 814 quod
3511 761 3669 815 argu-

2098 848 2274 892 mento
2330 837 2624 890 certissimo
2667 846 2767 900 est,
2805 837 3076 890 succinum
3116 853 3175 890 eo
3212 836 3364 890 modo
3389 838 3529 907 gigni
3567 854 3669 908 quo

2096 929 2350 983 diximus.

2173 1021 2332 1086 ibid.,
2375 1022 2474 1076 lin.
2511 1021 2598 1076 l9.
2634 1021 2816 1075 Τοῦτο
2845 1021 2912 1074 τὸ
2943 1020 3200 1087 ἡλιακὸν
3225 1020 3370 1091 φῶς.
3411 1021 3669 1087 Qumnam

2102 1114 2267 1168 fuerit
2303 1114 2393 1167 lux
2428 1114 2520 1166 illa
2561 1113 2737 1183 prima
2792 1114 2989 1182 priscis
3040 1114 3149 1167 illis
3192 1113 3527 1182 temporibus
3564 1129 3665 1167 nec

2101 1220 2209 1259 non
2238 1204 2389 1260 hisce
2414 1206 2620 1259 nostris
2651 1211 3074 1258 controversum
3104 1203 3283 1259 adhuc
3315 1210 3435 1259 est:
3468 1204 3535 1258 de
3555 1217 3665 1273 qua

2102 1298 2222 1352 fuse
2253 1305 2308 1351 et
2353 1296 2636 1351 enucleate
2666 1295 2825 1349 multi
2871 1295 3241 1365 disputarunt.
3293 1294 3665 1352 Damascenus

2104 1389 2202 1444 lib.
2235 1405 2298 1454 tt,
2339 1386 2464 1441 Fid.
2502 1388 2733 1456 orthod.,
2767 1403 2818 1443 c.
2857 1388 2909 1451 7,
2948 1388 3244 1455 existimat,
3293 1389 3468 1443 lucem
3520 1390 3668 1444 illam

2103 1481 2274 1536 fuisse
2295 1481 2625 1535 elementum
2668 1479 2830 1549 ignis.
2862 1479 3186 1533 Ambrosius
3223 1479 3549 1537 Catharinus
3596 1483 3673 1536 ait

2102 1573 2276 1627 lucem
2312 1572 2458 1625 illam
2491 1570 2659 1626 fuisse
2690 1571 2864 1625 lucem
2913 1570 3046 1625 solis
3077 1571 3396 1640 perfectam,
3423 1588 3577 1643 mque
3606 1587 3672 1627 at:

2102 1675 2249 1714 nunc
2274 1667 2390 1727 est;
2426 1659 2589 1728 cujus
2622 1659 2978 1729 perfectionis
3009 1673 3058 1714 et
3102 1661 3529 1729 pulchritudinis
3556 1679 3674 1717 ma-

2100 1770 2265 1825 gnum
2299 1770 2421 1809 esse
2445 1761 2849 1824 argumentum,
2879 1754 3024 1822 quod
3055 1769 3118 1809 ea
3148 1753 3290 1810 Deus
3321 1755 3438 1825 ipse
3454 1772 3559 1812 suo
3585 1757 3676 1826 ju-

2102 1846 2249 1900 dicio
2281 1844 2678 1914 comprobavit.
2709 1842 2853 1897 Beda
2902 1846 2955 1897 in
2982 1842 3263 1909 llexaem.,
3292 1843 3550 1902 Nicolaus
3597 1848 3676 1903 De

2031 1901 2073 1956 Β
2111 1937 2251 2008 lyra,
2280 1901 2578 1999 Tostlatus,
2613 1942 2666 1990 ct
2725 1935 2817 1988 alii
2869 1934 3205 1989 arbitrantur
3253 1937 3482 2007 primam
3525 1939 3674 1993 illam

2108 2030 2286 2083 lucem
2335 2043 2444 2082 non
2478 2025 2650 2082 fuisse
2680 2026 2874 2093 solem,
2912 2027 3006 2082 sed
3039 2042 3241 2098 corpus
3285 2030 3558 2098 quoddam
3591 2031 3675 2085 lu-

2104 2118 2285 2172 cidum
2336 2116 2405 2171 ad
2462 2117 2874 2173 similitudinem
2907 2116 3090 2172 densa:
3136 2118 3479 2191 lucentisque
3512 2122 3676 2178 nubis

2106 2211 2162 2265 in
2205 2209 2477 2280 superiori
2505 2217 2661 2279 parte
2689 2211 2879 2266 mundi
2922 2212 3199 2275 videlicet,
3232 2214 3288 2268 in
3333 2229 3443 2284 qua
3488 2226 3675 2286 postea

2106 2303 2190 2359 sol
2218 2312 2302 2357 est
2332 2301 2567 2369 positus,
2598 2304 2744 2372 quod
2762 2304 2910 2358 circa
2943 2304 3252 2360 densiorem
3280 2306 3521 2361 materia:
3543 2322 3674 2377 par-

2107 2403 2237 2460 tem,
2264 2409 2387 2464 quae
2409 2394 2647 2448 medium
2678 2396 2863 2450 mundi
2886 2396 3066 2450 locum
3100 2397 3674 2467 circumplectebatur,

2105 2486 2163 2539 in
2197 2484 2385 2538 orbem
2421 2498 2774 2552 conversum,
2806 2485 3019 2539 dierum
3072 2495 3127 2541 et
3159 2486 3404 2541 noctium
3459 2488 3675 2544 vicissi-

2107 2575 2327 2630 tudines
2359 2573 2648 2638 efﬁciebat,
2678 2584 2733 2630 et
2759 2592 2823 2630 ex
2854 2577 2948 2631 illo
2981 2577 3163 2632 lucido
3198 2593 3429 2647 corpore
3463 2588 3675 2650 postea,

2104 2679 2301 2737 quarto
2332 2665 2421 2722 die
2454 2666 2722 2722 formatus
2758 2677 2841 2721 est
2881 2668 2963 2721 so'l
2991 2668 3274 2737 amplioris
3334 2668 3687 2738 praestantia»

2108 2759 2295 2828 risque
2317 2759 2457 2813 lucis
2480 2758 2786 2813 additione.
2807 2757 3102 2835 Dionysius
3123 2760 3450 2831 Areopagita
3474 2770 3614 2832 part.
3636 2777 3676 2824 ι,

2106 2866 2228 2921 cap.
2257 2852 2312 2915 4,
2346 2851 2420 2906 De
2448 2852 2613 2908 divin.
2640 2853 2870 2916 nomin.,
2903 2869 3065 2922 quem
3100 2862 3406 2925 sequuntur
3434 2854 3498 2909 D.
3532 2855 3681 2911 Tho-

2104 2957 2224 2999 mas
2270 2944 2444 3013 prima
2478 2953 2632 3014 parte
2669 2952 2866 3014 qua'st.
2902 2945 2996 3006 67,
3034 2954 3141 3000 art.
3179 2944 3237 3007 4.
3270 2954 3324 2999 et
3355 2954 3549 3017 quazst.
3589 2947 3677 3013 70,

2106 3044 2212 3091 art.
2246 3036 2269 3089 1
2296 3054 2311 3102 ;
2339 3035 2632 3108 Dionysius
2663 3037 3069 3092 Carthusianus
3091 3052 3258 3107 super
3282 3038 3516 3108 primum
3551 3052 3680 3108 cap.

2105 3127 2304 3183 Cenes.
2357 3135 2463 3183 art.
2508 3128 2576 3194 9;
2612 3127 2868 3183 Pererius
2922 3137 2976 3184 et
3030 3130 3123 3185 alii
3173 3129 3510 3197 existimant,
3566 3144 3681 3186 non

2105 3221 2265 3275 aliam
2296 3220 2486 3284 fuisse,
2516 3236 2679 3291 quam
2731 3222 2906 3276 lucem
2933 3222 3087 3286 solis,
3119 3223 3216 3277 sed
3257 3223 3432 3292 primo
3457 3222 3679 3292 quidem

2104 3308 2194 3363 die
2220 3308 2384 3363 veluti
2432 3307 2747 3371 informem,
2781 3318 2837 3364 et
2879 3310 3252 3379 imperfectam
3289 3327 3411 3367 esse
3445 3310 3677 3379 factam,

2104 3408 2302 3471 quarto
2326 3409 2505 3455 autem
2525 3402 2612 3455 die
2629 3399 2798 3456 fuisse
2814 3403 3119 3455 absolutam
3142 3410 3195 3457 et
3217 3413 3678 3460 consummatam.

2103 3492 2245 3547 Αὐτὸ
2272 3492 2382 3565 γάρ
2412 3494 2528 3546 ἐστι
2556 3493 2618 3546 τὸ
2644 3493 2777 3563 φῶς,
2806 3496 2854 3547 εἰ
2887 3494 2981 3549 καὶ
3005 3493 3127 3547 τότε
3155 3494 3560 3565 ἀσχημάτιστον
3586 3489 3677 3565 ἦν,

2102 3586 2240 3657 ὅπερ
2271 3587 2300 3638 ὀ
2333 3586 2475 3650 θεῖος
2527 3587 2633 3656 ἔφη
2677 3585 2903 3655 Μωσῆς,
2953 3587 3048 3639 καὶ
3092 3585 3261 3657 αὐτὴν
3311 3585 3527 3655 ἐκείνην
3578 3587 3691 3658 τὴν

2104 3677 2325 3751 πρώτην
2362 3679 2540 3750 ὁρίσαι
2574 3678 2684 3732 τῶν
2722 3677 2844 3732 καθ’
2884 3679 3030 3749 ἡμᾶς
3061 3677 3283 3751 ⁴ἡμερῶν
3321 3677 3531 3752 τριάδα.
3568 3679 3682 3732 Καὶ

2103 3771 2311 3842 ὥσπερ,
2345 3778 2452 3826 etc.
2484 3768 2680 3825 Noster
2703 3779 2916 3836 auctor,
2939 3779 2994 3825 et
3026 3770 3260 3827 Basilius
3284 3785 3404 3824 cum
3436 3786 3502 3825 eo
3527 3770 3677 3825 hom.

2104 3863 2159 3930 6,
2197 3865 2357 3933 cujus
2387 3863 2554 3919 verba
2588 3864 2677 3918 hic
2698 3864 2997 3926 ascribam.
3031 3879 3098 3918 ne
3129 3863 3318 3919 eadem
3351 3864 3552 3935 saepius
3585 3878 3674 3919 co-

2104 3971 2202 4026 gar
2232 3955 2680 4025 repetere,tradit
2706 3957 2937 4026 primam
2961 3956 3102 4012 hanc
3128 3957 3301 4012 lucem
3328 3956 3498 4013 fuisse
3525 3971 3688 4012 crea-

2102 4054 2212 4099 tam
2267 4062 2364 4117 per
2413 4062 2493 4111 se,
2549 4055 2603 4102 et
2636 4047 3077 4112 immaterialem,
3111 4055 3310 4117 quarto
3357 4054 3540 4101 autem
3589 4046 3679 4102 die

2104 4130 2310 4185 factum
2341 4147 2464 4187 esse
2493 4147 2695 4202 corpus
2720 4133 2880 4196 solis,
2920 4142 3178 4201 tanquam
3213 4131 3336 4200 ejus
3367 4131 3676 4186 vehiculum

2102 4221 2191 4276 cui
2224 4222 2388 4277 insita
2427 4230 2482 4277 et
2513 4223 2784 4293 impressa
2840 4232 2946 4279 est.
2978 4225 3111 4276 Τότε
3147 4222 3246 4293 μὲν
3275 4221 3383 4294 γὰρ
3415 4222 3552 4294 αὑτὴ
3581 4222 3676 4276 τοῦ

2102 4313 2279 4384 φωτὸς
2299 4316 2331 4385 ἡ
2352 4315 2511 4384 φύσις
2539 4315 2815 4387 παρήχθη,
2842 4316 2937 4369 νῦν
2957 4315 3013 4369 δὲ
3036 4315 3330 4386 τὸήλιακὸν
3342 4313 3499 4367 τοῦτο
3521 4314 3679 4386 σῶμα

2103 4408 2287 4480 ὄχημα
2310 4404 2449 4462 εἶναι
2477 4407 2553 4479 τῷ
2582 4408 2908 4480 πρωτογόνῳ
2935 4407 3130 4478 ἐκείνῳ
3166 4406 3305 4476 φωτὶ
3342 4404 3672 4478 παρεσκεύαε

2103 4518 2244 4554 σται.
2279 4500 2366 4564 Ὠς
2395 4499 2504 4572 γὰρ
2522 4500 2649 4554 ἄλλο
2669 4498 2729 4552 τὸ
2760 4498 2869 4571 πῦρ
2904 4499 3000 4553 καὶ
3026 4498 3154 4554 ἄλλο
3179 4500 3207 4551 ὁ
3239 4496 3449 4569 λύχνος,
3479 4497 3540 4552 τὸ
3579 4497 3681 4569 μὲν

422 4602 739 4653 commenta
770 4595 991 4665 refugit.
1021 4594 1402 4667 Dalecampius
1435 4598 1598 4652 aliam
1644 4596 1857 4652 suecini
1889 4596 1980 4652 ori

2104 4593 2201 4665 τὴν
2227 4592 2320 4646 τοῦ
2341 4591 2594 4663 φωτίζειν
2610 4591 2840 4662 δύναμιν
2867 4590 3008 4662 ἔχον,
3036 4591 3096 4644 τὸ
3118 4590 3175 4644 δὲ
3189 4590 3550 4661 παραφαίνειν
3568 4591 3682 4653 τοῖς

421 4689 610 4759 ginem
641 4694 841 4743 contra.
869 4685 1103 4742 Plinium
1128 4688 1205 4745 ita
1235 4695 1428 4748 narrat
1461 4708 1483 4753 ε,
1518 4687 1583 4742 1η
1610 4689 1839 4759 regione,
1887 4704 2004 4760 qute

420 4780 697 4837 succinum
742 4780 923 4846 mittit,
972 4780 1267 4851 resiniferte
1311 4781 1473 4835 nulla:
1502 4790 1626 4836 sunt
1657 4781 1891 4835 arbores.
1932 4782 2004 4834 At

2104 4684 2379 4756 δεομένοις
2428 4683 2814 4755 πεποιημένον·
2855 4681 2997 4738 οὕτω
3045 4683 3140 4736 καὶ
3180 4682 3259 4752 τῷ
3308 4680 3680 4753 καθαρωτάτῳ

2108 4778 2304 4849 ἐκείνῳ
2346 4776 2441 4830 καὶ
2477 4776 2777 4847 εἰλικρινεῖ,
2806 4775 2900 4829 καὶ
2943 4774 3092 4844 aen,»
3138 4775 3298 4844 φωτὶ,
3351 4774 3533 4844 ὄχημα
3583 4772 3681 4826 νῦν

419 4875 481 4929 in
521 4874 1010 4943 septentrionalium
1060 4874 1300 4927 littorum
1339 4885 1515 4928 tractu
1555 4874 1825 4930 bituminis
1866 4884 1999 4931 certe

2104 4871 2152 4923 oi
2183 4870 2470 4942 φωστῆρες
2496 4867 3030 4939 κατεσκευάσθησαν.
3062 4867 3208 4923 Idem
3240 4867 3451 4922 videtur
3475 4865 3680 4921 sentire

426 4985 589 5037 genus
637 4968 833 5037 ﬂavum
875 4975 954 5021 est
999 4977 1057 5020 ut
1084 4969 1291 5039 nigrum
1324 4967 1466 5037 apud
1514 4985 1608 5022 nos
1648 4968 1704 5022 in
1756 4969 1998 5032 Avernis,

424 5058 640 5129 eiusque
670 5059 904 5128 naphtha
929 5058 1090 5128 ﬂava,
1119 5059 1327 5130 qualem
1361 5076 1388 5115 e
1419 5058 1720 5114 Saxonibus
1750 5062 2005 5130 a/ferunt,

427 5156 478 5200 et
521 5148 809 5218 petroleum
860 5158 1068 5222 vocant,
1114 5160 1171 5203 ut
1207 5151 1347 5219 apud
1387 5167 1481 5204 nos
1514 5162 1654 5204 atra.
1699 5150 1833 5205 Cum
1881 5168 2002 5222 ergo

427 5240 572 5307 fonte
600 5259 695 5298 suo
723 5244 947 5298 scaturit
991 5215 1221 5298 boitumen
1259 5243 1315 5301 id.
1343 5245 1502 5299 molle
1534 5244 1724 5310 adhuc,
1755 5254 1806 5300 et
1848 5247 2005 5317 liqui~

427 5332 578 5396 dum,
614 5334 762 5388 obuia
809 5351 1026 5406 qua'que
1085 5334 1443 5406 amplectitur,
1491 5338 1700 5401 retinet,
1749 5336 1996 5394 includit.

430 5423 630 5483 Fluctu
669 5445 789 5483 vero
837 5428 1098 5483 lambente
1142 5429 1196 5483 in
1237 5428 1405 5483 altum
1455 5430 1790 5499 provolutum
1830 5433 2001 5501 magis

429 5521 704 5589 uertigine,
738 5530 788 5573 et
817 5522 1104 5593 salsugine,
1139 5526 1486 5595 temporisque
1510 5523 1866 5579 diuturnitate
1896 5524 1998 5578 du-

428 5613 607 5673 rescit,
639 5620 697 5666 ut
736 5612 877 5682 apud
917 5631 1012 5668 nos
1040 5613 1474 5683 pissasphaltum.
1509 5623 1559 5669 et
1578 5615 1697 5685 jam
1743 5626 1854 5669 tum
1881 5634 1997 5671 sue-

426 5698 605 5756 cinum
640 5713 740 5767 est,
777 5704 952 5774 sicque
990 5699 1291 5760 concretum
1328 5705 1383 5759 in
1423 5705 1597 5760 littore
1627 5706 1741 5774 ejus
1780 5710 2004 5761 scaturi-

426 5791 541 5858 gini
581 5796 821 5865 opposito
864 5796 1099 5851 aduersis
1143 5798 1305 5852 ventis
1346 5796 1580 5867 ejicitur.
1614 5796 1857 5870 Gagatis.
1913 5802 2002 5869 qui

430 5890 615 5947 procul
645 5887 804 5943 dubia
840 5889 1066 5949 bitumen
1096 5899 1172 5946 est
1206 5891 1260 5946 in
1307 5890 1593 5947 uisceribus
1620 5901 1774 5947 teme
1818 5891 2003 5946 multis

2107 4962 2407 5032 Gregorius
2452 4961 2857 5026 Nazianzenus,
2899 4967 2953 5013 et
3004 4959 3118 5022 alii,
3164 4973 3304 5029 quos
3353 4972 3518 5028 supra
3561 4957 3677 5011 lau-

2106 5054 2378 5108 davimus.
2423 5050 2576 5108 Hanc
2606 5053 2852 5107 ultimam
2889 5054 3239 5115 sententiam,
3282 5048 3532 5121 quamvis
3575 5049 3677 5103 mi-

2108 5163 2225 5213 ram
2251 5162 2280 5201 a
2315 5146 2643 5217 quibusdam
2676 5146 3068 5205 existimatam.
3095 5152 3149 5200 et
3182 5158 3381 5199 novum
3413 5142 3671 5196 inducen-

2104 5251 2213 5297 tem
2244 5239 2571 5293 miraculum
2592 5238 2740 5308 quod
2763 5238 2987 5292 minime
3014 5235 3405 5291 admittendum
3423 5234 3478 5289 in
3506 5234 3677 5288 histo-

2103 5333 2185 5387 ria
2218 5332 2515 5388 creationis
2539 5372 2555 5398 ,
2589 5338 2650 5385 ut
2680 5331 2868 5385 multis
2916 5329 3153 5393 videtur,
3189 5330 3244 5383 in
3295 5344 3392 5382 sua
3424 5327 3676 5384 doctrina

2106 5428 2180 5481 ita
2237 5424 2554 5481 defenderet
2607 5422 2963 5493 Palingenius
3024 5437 3092 5476 ex
3141 5420 3227 5476 sui
3274 5418 3495 5475 Zodiaci
3541 5420 3676 5474 Vita:

2106 5520 2230 5574 lihr.
2260 5533 2359 5581 xu,
2383 5517 2457 5571 ait
2476 5516 2622 5569 enim
2661 5513 2826 5569 Deum
2859 5530 2957 5569 sua
2997 5513 3390 5583 omnipotentia
3412 5527 3474 5567 ac
3499 5514 3681 5568 sciene

2105 5615 2179 5667 tia
2208 5622 2361 5668 extra
2402 5612 2599 5666 cmlum
2632 5610 2787 5680 plura
2826 5615 2881 5663 et
2912 5606 3121 5676 majora
3154 5621 3391 5670 creasse,
3429 5606 3690 5676 quinimo

2105 5721 2227 5760 cum
2267 5705 2505 5776 potuerit

2406 5848 2478 5859 -—
2504 5815 2702 5871 Facere
2733 5817 2965 5885 inﬁnita.
2994 5812 3287 5881 putandum
3318 5823 3396 5885 est

2214 5888 2428 5945 Fecisse
2457 5889 2668 5957 inﬁnita
2700 5884 3004 5957 omnemque
3031 5885 3266 5955 explesse
3288 5884 3541 5953 rigorem,
