4124 6412
481 362 587 418 859

1851 359 2034 417 LEON
2042 359 2103 414 IS
2140 359 2433 415 ALLATII.

3642 357 3749 416 890

557 472 565 479 ’
589 477 701 532 Nec
723 494 957 533 servasse
992 478 1044 535 in
1073 495 1127 532 se
1160 477 1486 541 ranum,vel
1532 478 1721 531 inutile
1754 478 2064 551 quidquam.
2097 479 2143 534 Α
2172 476 2319 529 btrus
2339 475 2392 529 in
2423 473 2634 545 Eclogis
2652 473 2905 545 physicis,
2934 472 3186 529 Julianus
3214 473 3474 545 Apostata
3498 513 3513 539 ,
3542 478 3747 547 hymno

553 589 666 645 Hoc
699 598 879 646 autem
906 590 1177 645 iullnitum
1198 606 1322 646 esse

515 703 739 773 Puram,
782 704 1123 767 immensam,
1157 713 1208 758 et
1264 706 1377 758 sine
1415 722 1633 773 corpore
1665 707 1867 768 lucem,

585 772 813 847 Ijucem,
826 792 933 844 qua
957 778 1127 829 nostri
1160 775 1289 829 solis
1323 778 1470 847 longe
1495 772 1668 831 minor
1694 788 1771 832 est
1802 779 1917 838 lux,

584 842 800 917 Lucem,
836 842 997 915 quam
1048 847 1240 899 terreni
1272 842 1429 900 oculi
1451 864 1552 901 non
1593 863 1802 902 cernere
1826 856 2058 917 possent,

584 915 800 979 Lucem,
828 933 989 986 quam
1023 932 1090 970 ea:
1118 933 1230 970 sese
1258 918 1480 986 e/I'undit
1529 917 1670 973 Deus
1701 915 1988 989 inﬁnitam.

548 1027 616 1083 Et
650 1028 800 1082 illam
842 1028 1021 1084 lucem
1055 1044 1180 1085 esse
1227 1031 1345 1085 sine
1387 1045 1622 1100 corpore
1666 1030 1810 1101 quod
1840 1031 2061 1087 minime

477 1118 696 1173 videtur
729 1118 1148 1184 inconveniens,
1174 1135 1298 1174 cum
1324 1120 1428 1176 lus
1443 1136 1552 1175 non
1584 1122 1869 1191 proveniat
1893 1137 1921 1176 a
1945 1138 2059 1176 tua-

477 1211 636 1278 teria,
662 1210 756 1267 sed
788 1228 819 1265 a
848 1211 1022 1266 forma
1045 1254 1060 1278 ,

720 1334 790 1346 ——
814 1302 898 1357 Ea:
920 1321 1025 1375 qua
1058 1305 1132 1359 vis
1164 1314 1214 1357 et
1241 1304 1400 1360 decor
1437 1306 1597 1379 eﬂluit
1619 1307 1810 1362 omnis.

546 1394 679 1461 Quae
709 1411 833 1451 cum
867 1396 1245 1451 concedantur
1291 1396 1483 1452 formis
1532 1399 1846 1467 corporeis,
1882 1397 2055 1455 multo

470 1486 649 1556 magis
680 1487 1090 1541 concedendum
1113 1497 1197 1542 est
1224 1487 1415 1545 formis
1448 1489 1813 1558 incorporeis.

580 1576 890 1649 Ermsertim
915 1595 1032 1632 cum
1064 1580 1171 1633 sint
1210 1595 1357 1647 pura:
1386 1581 1579 1649 magis,
1618 1590 1669 1634 et
1700 1591 1897 1639 tenues.
1932 1592 1997 1636 et.

579 1648 877 1723 Participes
906 1653 1073 1723 multo
1109 1651 1321 1723 uberius
1361 1648 1669 1721 pulchrique
1703 1650 1945 1723 bonique.

582 1717 702 1791 luto
723 1720 859 1791 inter
881 1719 1032 1773 divos
1064 1737 1166 1790 quo
1195 1717 1414 1791 quisque
1443 1717 1709 1787 potentior
1734 1717 1849 1787 est,
1862 1733 1911 1777 et

575 1789 799 1861 Qignior
826 1790 923 1844 hoc
957 1789 1119 1844 etiam
1142 1789 1337 1858 majori
1364 1793 1561 1847 lumine
1586 1794 1767 1861 fulget.

588 1857 757 1930 thue
780 1862 917 1914 inter
942 1862 1124 1915 stellas
1160 1857 1326 1915 multo
1363 1857 1714 1917 nitidissimus
1742 1874 1820 1919 est
1847 1865 1949 1930 sol,

583 1929 678 1984 Sic
696 1933 834 1985 inter
866 1933 1014 1985 divos
1051 1934 1185 1986 lucet
1219 1949 1311 1986 rex
1344 1934 1434 1987 ille
1462 1933 1698 1987 deorum.

581 1998 706 2055 Non
745 2012 922 2056 tamen
954 2002 1199 2057 obscurat
1234 2005 1481 2074 reliquos.
1505 2006 1631 2075 quin
1670 2007 1876 2076 per/itit
1905 2005 2047 2061 illos.

471 2090 585 2147 Nec
604 2094 907 2165 requiritur
934 2110 1048 2160 aer,
1076 2097 1130 2151 in
1158 2111 1267 2166 quo
1298 2105 1557 2167 tanquam
1596 2098 1651 2152 in
1687 2099 1938 2169 subjecto
1966 2100 2051 2153 lu-

465 2202 591 2242 men
630 2187 765 2242 illud
806 2189 1093 2255 inhaereat,
1132 2207 1256 2246 cum
1310 2207 1406 2246 aer
1446 2192 1670 2248 minime
1700 2195 1771 2249 sit
1824 2195 2049 2252 luminis

467 2276 799 2348 subjectum.
841 2295 1018 2351 neque
1052 2282 1234 2336 lumen
1270 2283 1342 2338 sit
1369 2283 1423 2337 in
1446 2297 1572 2338 aere
1604 2302 1617 2337 :
1650 2282 1768 2337 Ima
1799 2301 1890 2338 aer
1920 2302 2047 2339 con-

469 2379 556 2424 tra
584 2379 662 2425 est
703 2372 757 2426 in
790 2371 1005 2436 lumine,
1045 2381 1099 2428 et
1128 2373 1244 2440 lux,
1279 2385 1443 2429 stare-
1466 2384 1637 2445 potest
1672 2377 1867 2447 absque
1906 2379 2047 2431 aeris

467 2463 599 2518 uisu.
618 2461 734 2518 Lux
757 2480 884 2519 vero
911 2480 1032 2534 qua:
1060 2476 1144 2520 est
1173 2466 1226 2520 in
1260 2467 1493 2530 sole,est
1512 2469 1778 2538 particula
1812 2470 1948 2525 lucis
1970 2471 2048 2525 di-

467 2556 625 2619 vinae,
661 2554 895 2628 ideoque
925 2560 980 2613 in
1015 2560 1131 2614 sole
1154 2560 1398 2625 nitescit,
1420 2563 1671 2631 quamvis
1710 2563 1766 2617 in
1803 2561 1912 2618 Deo
1934 2579 2043 2618 non

465 2647 962 2718 comprehendatur
992 2660 1215 2722 propter
1251 2655 1533 2708 materiam
1583 2654 1733 2710 illius
1754 2696 1769 2721 ,
1798 2671 1919 2725 qua:
1961 2664 2045 2711 est

466 2737 573 2792 luci
609 2739 914 2810 aptissima.

530 2830 645 2904 illa
669 2834 827 2887 etiam
857 2833 953 2888 lux
983 2836 1165 2890 divina
1194 2846 1273 2891 est
1304 2838 1557 2904 impressa
1589 2838 1842 2893 aliorum

529 2902 785 2980 inorum
820 2905 1029 2980 formis,
1063 2910 1300 2977 quamvis
1340 2902 1442 2980 non
1477 2909 1718 2963 omnibus
1751 2926 1951 2980 a'que-,-

2170 568 2225 620 in
2259 567 2459 631 Solem,
2482 575 2535 621 et
2565 564 2815 623 Proclus.

2235 656 2397 720 lbid.,
2431 658 2528 713 lin.
2556 657 2645 711 Π.
2682 657 2751 711 Τὸ
2778 658 2832 710 δ’
2859 657 3006 712 αὐτὸ
3037 658 3423 728 παράδειγμα.
3456 656 3571 713 Hoc
3600 659 3743 715 idem

2163 749 2388 804 uberius
2431 750 2787 819 prosequitur
2813 749 3049 805 Basilius
3083 751 3233 804 hom.
3282 750 3336 804 6.
3369 749 3579 805 Lunam
3613 765 3743 807 vero

2161 840 2295 894 solis
2327 839 2539 910 fulgore
2573 841 2702 911 tegi,
2736 849 2790 896 et
2826 841 2879 895 in
2914 849 3088 895 totum
3112 849 3360 897 mutuata
3390 843 3457 896 ab
3514 857 3580 897 co
3622 843 3742 899 luce

2162 928 2392 1000 fulgere,
2442 930 2612 985 refert
2646 931 2857 987 Plinius
2903 932 2997 988 lib.
3038 947 3097 996 ιι,
3129 947 3252 1003 cap.
3295 931 3350 993 9,
3382 932 3543 1003 cujus
3574 935 3739 989 verba

2160 1037 2283 1076 cum
2309 1022 2375 1075 ad
2392 1037 2516 1077 rem
2546 1021 2752 1076 faciant
2775 1024 2865 1077 bic
2891 1024 3185 1079 ascribam.
3210 1023 3353 1078 Solis
3383 1025 3737 1095 fulgoreeam,

2160 1126 2218 1168 ut
2246 1116 2452 1180 reliqua
2480 1116 2796 1187 sidera,tegi
2835 1133 2854 1170 :
2890 1117 2937 1171 si
2968 1118 3179 1187 quidem
3216 1120 3268 1170 in
3298 1128 3463 1172 totum
3494 1129 3742 1174 mutuata

2160 1204 2224 1259 ab
2268 1222 2329 1260 eo
2361 1206 2475 1260 luce
2516 1205 2738 1275 fulgere,
2766 1207 2976 1277 qualem
3007 1211 3061 1261 in
3091 1224 3397 1277 repercussu
3431 1226 3582 1279 aqua:
3605 1209 3741 1263 voli-

2159 1307 2272 1351 tare
2324 1300 2699 1367 conspicimus.
2762 1298 2895 1356 ldeo
2934 1300 3175 1356 molliore
3227 1310 3276 1355 et
3332 1302 3637 1371 imperfecta
3690 1303 3740 1356 ei

2156 1390 2375 1455 solvere,
2415 1399 2621 1444 tantum
2650 1392 2943 1456 humorem,
2980 1403 3135 1464 atque
3161 1394 3321 1447 etiam
3345 1409 3555 1462 augere,
3588 1409 3739 1463 quem

2154 1481 2284 1536 solis
2309 1480 2450 1535 radii
2484 1492 2782 1537 assumant.
2817 1482 2944 1538 Ideo
2966 1495 3021 1538 et
3040 1484 3292 1553 inthuali
3315 1483 3511 1537 lumine
3534 1485 3735 1552 aspici:

2152 1574 2279 1645 quin
2310 1588 2375 1627 ea:
2400 1573 2621 1628 adrerso
2652 1576 2862 1629 demum
2877 1577 3056 1646 plena,
3078 1575 3297 1646 reliquis
3318 1575 3503 1630 diebus
3528 1585 3737 1631 tantum

2152 1681 2217 1719 ea:
2248 1682 2304 1721 se
2331 1668 2482 1720 terris
2516 1666 2781 1735 ostendat,
2808 1678 3064 1739 quantum
3085 1685 3150 1723 ea:
3177 1670 3285 1723 sole
3305 1672 3422 1739 ipsa
3454 1670 3733 1735 concipiat.

2156 1756 2223 1811 In
2252 1760 2396 1812 coitu
2432 1759 2639 1829 quidem
2673 1778 2777 1815 non
2827 1763 2973 1815 cerni
3000 1778 3016 1815 :
3057 1765 3309 1832 quoniam
3338 1763 3587 1816 haustum
3616 1779 3735 1816 om-

2138 1842 2277 1904 ‘nem
2317 1850 2451 1906 lucis
2497 1868 2682 1906 aversa
2722 1852 2816 1906 illo
2874 1864 3076 1924 regeret
3111 1854 3259 1909 unde
3279 1858 3556 1926 acceperit.
3585 1855 3734 1924 Apu-

2156 1945 2300 1999 leius
2335 1944 2431 1999 lib.
2463 1943 2541 1999 De
2575 1945 2679 2000 Deo
2705 1944 2946 2002 Socratis
2983 1964 3001 2002 :
3039 1947 3190 2002 Luna
3215 1949 3345 2003 solis
3379 1949 3599 2013 armata,
3630 1963 3726 2003 no-

2151 2037 2251 2091 ctis
2284 2036 2436 2101 deus,
2470 2054 2562 2091 seu
2592 2040 2945 2102 corniculum,
2970 2057 3060 2095 seu
3093 2041 3332 2104 dividua,
3356 2057 3447 2095 seu
3474 2043 3734 2111 protumi-

2150 2126 2242 2190 da,
2274 2145 2365 2182 seu
2395 2129 2552 2198 plena
2581 2130 2673 2192 sit,
2710 2131 2860 2185 uaria
2889 2132 3089 2200 ignium
3119 2131 3257 2201 face,
3287 2140 3484 2203 quanto
3525 2129 3733 2199 longius

2150 2218 2290 2273 absit
2323 2236 2356 2273 a
2396 2220 2525 2283 sole,
2568 2231 2719 2273 tanto
2774 2221 2977 2292 largius
3025 2222 3335 2276 illuminata
3388 2238 3515 2291 pars
3561 2223 3731 2275 inm-

2149 2321 2321 2366 mento
2357 2314 2563 2369 itineris
2592 2324 2640 2369 et
2672 2315 2887 2370 luminis
2912 2332 3139 2371 mensem
3170 2318 3281 2370 suis
3311 2317 3515 2371 actibus
3549 2333 3612 2371 ac
3634 2331 3731 2385 pa-

2149 2404 2295 2459 ribus
2326 2405 2617 2474 dispendiis
2645 2409 2897 2461 mstimat.
2925 2406 2991 2461 Et
3030 2409 3171 2463 hanc
3204 2410 3275 2463 ob
3302 2423 3526 2464 causam
3552 2407 3727 2465 Graeci

2149 2509 2311 2569 pcata:
2353 2501 2490 2554 solis
2521 2499 2686 2553 filiam
2736 2510 2954 2565 vocant,
2994 2499 3284 2572 Euripides
3311 2502 3369 2557 in
3414 2491 3725 2566 Phoenissis,

2256 2587 2325 2645 Ὦ
2384 2592 2791 2661 λιπαροζώνου
2857 2595 3109 2664 θύγατερ

2263 2685 2494 2741 Ἠελίου
2512 2726 2528 2749 ,

2250 2780 2550 2835 Σελαναία
2567 2819 2582 2842 ,
2628 2780 3090 2847 χρυσεόκυκλον
3114 2781 3353 2850 φέγγος.

2251 2868 2520 2925 Hesiodus
2548 2887 2679 2925 vero
2710 2879 2764 2926 et
2786 2870 3049 2943 Virgilius
3083 2887 3326 2927 sororem
3354 2890 3369 2926 :

2216 2957 2331 3014 Nec
2359 2959 2549 3030 fratris
2576 2964 2744 3017 radiis
2768 2963 2999 3018 obnoxia
3023 2980 3235 3033 surgere
3251 2963 3400 3019 luna.

2146 3051 2346 3109 Thales
2399 3053 2538 3108 dixit
2569 3071 2690 3111 eam
2737 3072 2769 3110 a
2823 3056 2941 3113 sole
2992 3056 3318 3121 illustrari,
3360 3054 3509 3126 quod
3557 3055 3739 3111 etiam-

2143 3143 2508 3218 Pythagoras,
2542 3145 2924 3215 Parmenides,
2951 3147 3337 3220 Empedocles,
3368 3149 3731 3219 Anaxagoras

2145 3245 2201 3292 et
2232 3236 2579 3295 Metrodorus
2631 3249 2946 3297 senserunt.
2983 3241 3262 3296 Avicenna
3315 3249 3368 3296 et
3415 3239 3721 3296 Macrobius

537 2969 607 3047 ξι
635 2990 742 3047 non
771 2969 941 3047 stella:
974 2969 1150 3031 omnes
1183 2978 1377 3047 a'quali
1404 2979 1601 3034 lumine
1630 2969 1824 3039 lucent;

533 3042 642 3119 ﬁed
676 3046 846 3115 magis
872 3042 1349 3119 unagalia,quanto
1376 3048 1487 3103 Iure
1515 3051 1794 3119 perfectior
1822 3050 1917 3103 illa
1937 3060 2038 3106 est.

534 3110 704 3194 [itque
728 3110 833 3169 una
863 3117 1085 3194 candela
1113 3110 1248 3173 alias
1276 3110 1558 3194 accendere
1594 3110 1793 3192 plures,

532 3181 646 3255 Nec
679 3195 854 3241 tamen
888 3192 1005 3252 ipsa
1034 3206 1189 3243 suum
1225 3192 1443 3250 amittit,
1485 3181 1737 3245 min'uitve
1767 3181 1993 3246 nitorem
2020 3188 2135 3255 ,',C.

439 3303 443 3307 .
532 3254 695 3333 {laud
723 3275 870 3313 secus
898 3260 996 3333 illa
1027 3262 1123 3314 Del
1154 3261 1248 3313 lus:
1274 3263 1563 3327 inviolata,
1592 3262 1827 3333 nihilque

529 3325 845 3382 Decrescens
876 3329 1013 3384 alios
1041 3333 1272 3401 impertit
1304 3334 1498 3387 lumine
1525 3325 1691 3386 divos.

458 3414 813 3489 Palingenius
839 3420 1025 3492 itaque
1053 3426 1525 3495 oppugnatoribus
1554 3424 1718 3496 hujus
1754 3425 2041 3481 sententia:

457 3511 535 3565 ita
561 3513 916 3583 responderet
948 3534 960 3569 :
989 3513 1190 3572 Lucem
1223 3517 1373 3571 illam
1405 3518 1479 3572 ita
1506 3526 1745 3573 creatam
1782 3518 1904 3574 sine
1930 3519 2039 3573 ulla

458 3606 687 3659 materia
719 3608 966 3676 potuisse
987 3624 1084 3678 per
1117 3625 1177 3665 se
1200 3612 1506 3668 subsistere
1540 3613 1660 3667 sine
1689 3628 1836 3678 aere,
1874 3612 1928 3666 in
1954 3627 2040 3667 se-

458 3693 692 3763 metipsa
725 3698 892 3751 veluti
918 3698 970 3751 in
1010 3701 1229 3769 pr0pria
1264 3701 1463 3765 forma,
1496 3720 1618 3773 quae
1645 3712 1763 3758 erat
1793 3703 1862 3758 ab
1889 3704 2039 3758 omni

458 3801 691 3857 corpore
720 3795 773 3842 et
813 3792 1044 3845 materia
1089 3804 1364 3863 separata,
1395 3803 1449 3849 et
1472 3796 1556 3850 sic
1601 3797 1810 3849 nullum
1838 3812 2036 3850 novum

459 3877 740 3933 inducitur
770 3881 1119 3952 miraculum;
1144 3886 1233 3939 illa
1260 3894 1452 3956 postea
1494 3887 1585 3940 lux
1608 3895 1805 3957 quarto
1828 3887 1916 3945 die
1939 3888 2039 3943 fuit

458 3971 562 4025 soli
592 3975 1022 4036 communicata.
1066 3993 1176 4032 non
1204 3995 1299 4049 per
1319 3980 1676 4035 mutationem
1695 3979 2037 4035 substantia-

456 4062 586 4130 lem,
616 4064 708 4120 sed
740 4081 837 4138 per
859 4068 1132 4125 diversam
1178 4072 1629 4142 applicationem,
1676 4072 2035 4143 quemadmo-

450 4154 584 4210 dum
638 4157 818 4214 lumen
869 4159 1116 4217 divinum
1170 4165 1616 4221 communicatur
1672 4165 1871 4230 beatis,
1926 4180 2036 4237 qua

450 4254 953 4311 communicatione
988 4256 1125 4311 tiunt
1168 4257 1451 4323 luminosi,
1488 4258 1651 4313 sicuti
1689 4259 1873 4313 multre
1902 4272 2036 4311 can-

446 4342 585 4397 delas
615 4358 860 4401 accensa:
886 4363 914 4401 a
939 4350 1111 4418 prima
1141 4350 1392 4406 candela.
1428 4351 1533 4407 Sed
1556 4351 1624 4407 de
1647 4351 1750 4406 hac
1782 4351 2035 4424 Paliuge-

449 4437 529 4491 nii
571 4442 844 4493 sententia
890 4442 1124 4496 aliorum
1153 4452 1273 4500 esto
1300 4445 1607 4513 judicium;
1631 4445 1878 4516 quaedam
1908 4463 2031 4503 esse

2143 3329 2330 3384 lunam
2359 3346 2388 3384 a
2418 3332 2534 3387 sole
2564 3333 2806 3388 mutuari
2843 3334 3024 3388 lumen
3049 3334 3284 3389 credunt
3313 3353 3326 3388 :
3360 3334 3569 3404 reliqua
3595 3349 3720 3389 verc

2143 3430 2293 3477 astra
2320 3422 2389 3477 de
2414 3438 2521 3479 suo.
2542 3426 2838 3482 collucere.
2865 3425 3110 3497 Antipho
3140 3427 3363 3498 proprio
3387 3442 3508 3481 cam
3539 3426 3720 3483 lucere

2141 3512 2367 3578 lumine,
2392 3523 2576 3585 partes
2601 3524 2784 3572 autem
2817 3518 2939 3588 ejus
2961 3517 3316 3573 absconditas
3339 3532 3568 3574 accessu
3589 3517 3718 3572 solis

2140 3606 2451 3672 obscurari,
2487 3616 2751 3679 tanquam
2781 3609 3110 3664 imbecillius
3134 3624 3163 3663 a
3191 3608 3427 3674 fortiori,
3457 3608 3723 3680 quemad-

2141 3701 2364 3756 modum
2421 3709 2476 3757 et
2530 3703 2656 3757 aliis
2717 3702 2898 3757 stellis
2957 3700 3720 3773 contingit;Anaximandcr.

2141 3790 2511 3865 XenOphanes
2544 3795 2828 3866 proprium
2861 3794 3047 3848 lunam
3091 3793 3297 3848 habere
3340 3793 3525 3848 lumen
3567 3793 3723 3848 dise-

2138 3895 2308 3954 rnnt;
2356 3888 2685 3943 Aristoteles
2746 3887 3032 3958 pr0prium
3088 3885 3325 3955 quidem,
3368 3884 3464 3940 sed
3504 3885 3719 3951 rarius;

2142 3981 2313 4034 Stoici
2360 3980 2788 4048 subobscurum,
2821 3988 2875 4036 et
2907 3994 3168 4045 aereum;
3216 3976 3451 4034 Berosus
3494 3987 3722 4034 auctore

2137 4070 2450 4138 Cleomede,
2478 4082 2642 4144 atque
2661 4074 2825 4132 etiam
2846 4072 3098 4127 Vitruvio
3119 4073 3213 4127 lib.
3244 4089 3318 4135 ix,
3343 4088 3464 4143 cap.
3485 4072 3538 4135 4,
3557 4087 3720 4143 quem

2138 4163 2284 4228 vide,
2316 4166 2533 4235 putavit
2592 4166 2737 4219 luna:
2765 4179 2968 4235 corpus
3006 4164 3171 4234 pilam
3202 4178 3323 4219 esse
3353 4164 3524 4217 altera
3563 4171 3721 4233 parte

2136 4256 2494 4323 candentem,
2524 4255 3022 4310 alteracazruleam
3051 4296 3066 4319 ,
3095 4254 3327 4323 ejusque
3360 4256 3718 4309 mutationem

2137 4347 2277 4412 fieri,
2315 4355 2480 4417 prout
2509 4347 2687 4417 magis
2730 4346 2983 4401 minusve
3011 4360 3041 4399 a
3067 4345 3183 4400 sole
3217 4346 3532 4415 corripitur.
3566 4344 3717 4401 Cau-

2137 4453 2228 4493 sas
2252 4436 2595 4491 diversitatis
2630 4436 3081 4505 apparentiarum
3128 4435 3183 4490 in
3220 4435 3348 4489 luna
3380 4438 3585 4505 optime
3616 4451 3715 4491 ex-

447 4545 571 4599 quze
623 4538 677 4584 et
727 4541 890 4586 caute
930 4535 1054 4604 legi,
1085 4544 1140 4590 et
1172 4536 1471 4607 prudenter
1508 4538 1774 4608 explicari
1833 4539 2034 4598 debere
2066 4546 2107 4599 ι)
2138 4530 2293 4601 ponit
2318 4527 2558 4585 Iacobus
2586 4527 2888 4593 Milicbius,
2916 4537 3215 4583 comment.
3251 4529 3307 4583 in
3337 4530 3517 4583 locum
3553 4529 3714 4584 Plinii

444 4636 670 4678 censeo.
698 4622 898 4679 Verum
932 4626 1065 4681 mibi
1092 4642 1308 4699 semper
1326 4630 1380 4683 in
1413 4629 1499 4684 his
1529 4630 1716 4697 rebus,
1748 4631 1801 4686 in
1828 4632 2028 4701 quibus

446 4724 660 4770 natura:
686 4716 768 4772 vis
826 4724 881 4772 et
913 4716 1169 4783 facultas,
1194 4736 1379 4775 rerum
1412 4720 1734 4777 diﬂicultate
1765 4738 2028 4793 oppressa

442 4810 749 4878 decumbit,
781 4818 838 4865 et
865 4813 1067 4867 mentis
1095 4813 1351 4869 humana:
1392 4815 1574 4881 acies,
1614 4816 1871 4885 oculique
1903 4818 2029 4871 cali-

440 4910 595 4972 gant,
623 4917 725 4957 nec
766 4902 875 4956 nisi
933 4902 1116 4957 alllatu
1171 4905 1361 4962 divino
1406 4907 1725 4962 confirmari
1770 4917 2023 4978 possunt,

442 5003 760 5048 sanctorum
810 4992 1035 5048 Patrum
1084 4997 1360 5051 sententia
1394 4997 1613 5052 videtur
1666 4998 2024 5067 probabilior,

442 5085 775 5156 minimeque
807 5086 1064 5142 curiosus
1099 5088 1437 5144 intellectum
1491 5091 1733 5163 captivo,
1763 5091 1868 5147 etsi
1914 5106 2023 5146 non

438 5176 630 5234 eadem
662 5195 784 5249 quae
808 5190 863 5235 et
892 5198 1017 5252 ego,
1047 5183 1347 5238 sentientes
1371 5183 1659 5240 invenero.

509 5270 625 5325 Col.
645 5272 771 5339 717,
796 5275 894 5328 lin.
915 5276 1007 5330 25.
1039 5277 1149 5330 Kal
1174 5278 1253 5343 ὠς
1276 5276 1483 5345 ἔτερόν
1500 5294 1572 5331 τι.
1596 5276 1852 5337 Basilius.
1871 5276 2019 5332 hom.

436 5362 470 5411 ϐ
497 5375 512 5413 :
542 5362 629 5426 Ὠς
656 5359 748 5416 οὖν
770 5364 958 5437 ἕτερον
983 5366 1083 5436 μέν
1104 5384 1156 5421 τι
1184 5370 1249 5438 τῇ
1282 5367 1497 5439 eodequ
1523 5367 1806 5439 λευκότης,
1836 5369 2021 5440 ἕτερον

435 5452 492 5505 δέ
517 5470 568 5506 τι
596 5453 658 5508 τὸ
688 5453 1116 5528 λελευκωμένον
1142 5460 1317 5530 σῶμα·
1345 5458 1487 5513 οὓτω
1515 5460 1609 5514 καὶ
1640 5458 1709 5512 τὰ
1738 5459 1834 5512 νῦν
1866 5462 2020 5530 εἰρη-

438 5543 597 5610 μένα.
620 5546 853 5620 διάφορα
876 5549 1005 5603 ὄντα
1025 5551 1230 5621 ἥνωται
1248 5554 1314 5623 τῇ
1342 5552 1571 5623 δυνάμει
1592 5551 1685 5606 τοῦ
1713 5554 2015 5615 κτίσαντος,

510 5631 668 5695 lbitl.,
700 5635 794 5689 lin.
828 5635 919 5690 9.8.
952 5639 1193 5691 Ἔπειτα
1229 5640 1332 5693 τὸν
1361 5641 1539 5708 ἣλιον
1566 5641 1635 5694 ἐκ
1669 5642 1775 5695 τοῦ
1807 5643 2013 5708 πυρός.

439 5720 514 5775 De
541 5726 673 5777 solis
714 5734 931 5789 natura,
971 5730 1372 5800 magnitudine,
1413 5733 1607 5803 figura,
1640 5736 2017 5789 comersioni-

437 5815 559 5869 bus.
599 5814 839 5880 defectu,
869 5819 1063 5901 signis.
1099 5830 1150 5876 et
1186 5832 1360 5887 motu,
1388 5824 1508 5878 vide
1540 5840 1658 5895 qum
1694 5825 1861 5883 refert
1894 5826 2019 5884 Sto-

2133 4638 2162 4675 a
2210 4621 2370 4675 nobis
2408 4636 2574 4691 supra
2614 4620 2879 4690 positum.
2915 4617 3119 4674 Verum
3156 4634 3347 4674 eorum
3385 4621 3593 4691 opinio,
3619 4622 3714 4691 qui

2131 4712 2317 4766 lunam
2350 4720 2403 4767 et
2428 4712 2711 4782 proprium
2752 4712 2936 4766 lumen
2981 4712 3203 4775 habere,
3235 4713 3474 4781 itemque
3520 4728 3551 4765 a
3598 4712 3717 4768 solo

2131 4811 2398 4876 mutuari,
2438 4826 2604 4881 quam
2638 4808 2801 4864 etiam
2854 4809 3105 4878 sequitur
3148 4816 3339 4863 noster
3368 4806 3712 4873 Eustathius,

2134 4903 2321 4958 verior
2370 4911 2453 4959 est
2490 4912 2543 4958 et
2566 4901 2937 4972 probabilior;
2974 4901 3318 4956 habet‘enim
3372 4917 3532 4956 suum
3585 4909 3714 4971 pm-

2128 4998 2310 5066 prium
2377 4996 2677 5052 obscurum
2737 4993 3145 5065 quodammodo
3199 5010 3301 5050 nec
3350 4994 3709 5056 luminosum,

2126 5089 2428 5145 carbonum
2491 5089 2689 5154 instar,
2751 5089 2948 5158 recipit
2997 5089 3353 5144 vero'solare
3391 5089 3709 5158 splendens.

2126 5182 2336 5236 clarum
2377 5196 2487 5250 quo
2522 5196 2646 5235 sese
2690 5182 2968 5245 ostendat,
2998 5180 3235 5249 aliisque
3290 5178 3359 5234 ad
3414 5177 3710 5234 videndum

2080 5254 2586 5343 quemadmodum
2647 5271 2889 5327 interdiu
2939 5272 3023 5327 sol
3080 5273 3225 5326 viam
3281 5272 3480 5342 aperit.
3538 5269 3709 5324 Plura
3754 5256 3763 5325 ῗ

2121 5369 2190 5422 de
2224 5366 2311 5421 bis
2364 5364 2687 5421 Cleomedes
2735 5365 2835 5419 lib.
2889 5381 2927 5420 ιι
2973 5363 3220 5431 Meteon,
3268 5366 3416 5420 inter
3469 5373 3704 5421 caetera:

2126 5460 2362 5533 ᾜδεσαν
2404 5460 2458 5514 δὲ
2508 5460 2604 5514 καὶ
2647 5462 2695 5512 ol
2728 5459 3052 5514 παλαιτατοι
3089 5457 3199 5512 τῶν
3231 5457 3477 5527 φυσικῶν
3515 5473 3575 5509 τε
3613 5455 3707 5508 καὶ

2122 5553 2487 5624 ἀστρολόγων,
2514 5554 2595 5607 ὅτι
2624 5552 2732 5606 ἀπὸ
2756 5551 2849 5605 τοῦ
2876 5551 3029 5623 ἡλίου
3057 5552 3090 5621 ή
3122 5550 3317 5622 σελήνη
3337 5549 3540 5619 coepti);
3569 5547 3705 5618 ἔχει,
3724 5596 3738 5603 -

2117 5645 2194 5709 ὡς
2224 5645 2381 5716 δῆλόν
2428 5647 2544 5699 ἐστι
2587 5643 2803 5716 πρῶτον
2848 5643 2947 5715 μὲν
2990 5645 3055 5696 ὲκ
3096 5643 3194 5713 τῆς
3227 5641 3581 5714 ἐτυμολογίας
3609 5639 3704 5694 τοῦ

2118 5738 2381 5808 ὀνόματος
2425 5739 2616 5809 αὐτῆς,
2665 5735 2839 5799 οὕτως
2877 5735 3271 5808 ὠνομασμένης
3317 5737 3380 5788 ὲκ
3422 5735 3517 5788 τοῦ
3549 5732 3705 5791 eam:

2119 5826 2286 5898 αὐτὴν
2317 5827 2433 5882 νέον
2466 5827 2606 5899 ἔχειν
2647 5828 2753 5893 ἀεὶ,
2798 5828 2889 5882 κπὶ
2934 5828 2996 5881 ὲκ
3033 5827 3126 5881 τοῦ
3171 5825 3499 5881 ἐπιδίδοσθαι
3542 5823 3706 5897 δᾷδας
