4124 6442
441 404 539 462 861

1401 397 1466 451 lN
1507 395 1880 452 EUSTATHII
1905 394 2383 450 HEXAEMERON
2419 394 2650 452 ΝΟΤᾸΞ.

3586 382 3691 436 862

442 523 552 581 τοῖς
578 521 654 581 εἰς
685 517 756 570 τὰ
801 518 1119 588 Ἀρτεμίσισι
1150 516 1394 569 εἰσιοῦσι.
1429 515 1600 568 Τοῦτο
1621 517 1732 588 γὰρ
1761 519 1859 587 μὲν
1891 517 2009 587 σύμ-

2131 531 2258 586 gere
2308 525 2362 570 et
2403 516 2649 570 roborari
2705 517 3000 572 cernimus.
3046 517 3353 573 Ludovicus
3401 518 3598 575 Fidelis
3625 521 3702 576 De

441 611 593 665 ὀολόν
624 613 738 663 ἐστι
766 609 858 662 τοῦ
891 608 1087 674 ἔξωθεν
1111 608 1253 679 ἔχειν
1280 608 1375 678 τὴν
1399 608 1626 678 σελήνην
1656 610 1714 660 τὸ
1744 609 1878 678 φῶς.

517 703 676 764 ιωα..
709 703 805 756 lin.
834 701 929 755 ult.
971 701 1085 770 Τῆς
1107 701 1334 770 ἡμέρας
1362 701 1598 767 ἐκείνης
1630 702 1781 770 μήτε
1807 702 2018 768 οὔσης.

442 795 588 864 Lego
622 793 696 864 μὴ
717 793 998 864 καιούσης,
1039 793 1174 864 μήτε
1208 800 1341 854 ete.,
1375 792 1438 844 ad
1471 801 1706 849 mentem
1753 794 2018 854 auctoris,

443 886 539 955 qui
571 885 685 938 haec
721 884 830 938 duo
871 883 924 936 in
963 882 1078 937 sole
1118 881 1507 942 consideravit,
1554 881 1735 935 lumen
1772 889 1826 935 et
1872 882 2020 936 calo-

444 994 583 1042 rem,
621 978 804 1032 lumen
836 976 989 1030 dedit
1021 973 1166 1037 diei,
1209 975 1446 1028 calorem
1478 974 1582 1028 soli
1617 992 1630 1027 :
1663 983 1716 1027 et
1763 973 1886 1028 ideo
1931 975 2020 1028 hic

445 1072 522 1124 ait
571 1071 741 1126 solem
781 1077 990 1122 tantum
1027 1067 1096 1121 ab
1138 1066 1228 1118 illa
1270 1066 1357 1119 die
1389 1081 1564 1136 neque
1598 1073 1810 1127 urente,
1842 1083 2020 1136 neque

443 1163 820 1225 calefaciente,
853 1161 947 1216 sed
975 1161 1150 1214 solum
1177 1159 1518 1212 illuminante
1541 1159 1722 1213 lumen
1746 1162 2015 1229 accipere.

509 1254 628 1309 Col.
662 1254 784 1319 7.20,
819 1254 912 1307 lin.
940 1252 993 1305 2.
1026 1252 1153 1305 Ὀτι
1188 1250 1256 1304 δὲ
1285 1251 1353 1304 ἐκ
1385 1250 1575 1318 πυρὸς
1617 1250 2016 1318 συνέστηκεν.

442 1347 648 1402 Omnes
677 1345 791 1402 fere
827 1329 1038 1401 veteres
1082 1343 1392 1415 pliiIOSOphi
1436 1360 1545 1397 uno
1578 1359 1674 1398 ore
1725 1345 1896 1399 solem
1930 1359 2020 1400 ca-

441 1432 611 1486 lidum
663 1441 716 1488 et
767 1433 1010 1488 candens
1056 1433 1187 1503 quid
1238 1449 1362 1488 esse
1404 1433 1762 1496 aliirmarunt,
1812 1433 1915 1488 etsi
1964 1433 2018 1487 in

439 1524 622 1582 calido
647 1525 751 1578 hoc
785 1524 1142 1595 exprimendo
1179 1541 1289 1579 non
1316 1523 1693 1580 convenerint.
1734 1522 2020 1594 Euripides

440 1618 500 1671 in
529 1617 820 1673 Phoenissis
854 1620 1030 1690 ignem
1073 1620 1285 1674 vocavit
1315 1659 1330 1682 ,

551 1711 712 1774 Ἥλιε
751 1712 914 1777 θοαῖς
955 1713 1234 1766 ἵπποισιν
1262 1711 1552 1766 εἱλίσσων
1569 1711 1790 1778 φλόγα,

545 1814 600 1863 et
626 1807 682 1862 in
715 1805 1006 1860 Phaetonte
1028 1850 1044 1873 ,

547 1915 759 1985 Θερμὴ.
781 1917 850 1970 δὲ
876 1917 1134 1984 ἄνακτος

547 2009 707 2073 Φλὸξ
729 2010 1190 2077 ύπερτέλλουσα
1214 2009 1339 2080 γῆς.

512 2100 883 2170 Anaxagoras,
913 2108 966 2156 et
983 2100 1319 2156 Democritus
1339 2103 1564 2166 ferrum,
1579 2103 1662 2156 vel
1676 2117 1866 2157 saxum
1886 2117 2016 2155 can-

437 2192 608 2259 dens;
641 2192 995 2249 Parmenides
1023 2195 1194 2249 solem
1226 2195 1480 2248 etlunam
1511 2195 1578 2250 de
1599 2195 1808 2248 circulo
1840 2195 2015 2249 lacteo

435 2287 608 2341 voluit
633 2287 875 2352 cxcerni,
887 2287 1041 2353 illum
1074 2287 1292 2356 quidem
1307 2302 1335 2340 a
1351 2288 1560 2343 rariore
1575 2287 1735 2342 calidi
1759 2288 2010 2350 mistura,

436 2380 640 2436 hancia
671 2379 1140 2450 densiore-frigidi
1162 2397 1177 2446 ;
1196 2379 1566 2450 Xenophanes
1585 2379 1651 2434 de
1669 2381 1909 2435 nubibus
1931 2381 2009 2433 in-

435 2473 619 2528 censis
649 2481 828 2527 ortum
875 2475 1048 2530 solem
1100 2483 1274 2544 putat,
1296 2483 1351 2530 et
1387 2474 1655 2531 defectum
1681 2475 1876 2531 iisdem
1919 2491 2014 2531 ex-

437 2562 650 2617 stinctis
665 2563 904 2627 evenire,
923 2565 1160 2618 etalium
1180 2581 1374 2623 rursus
1391 2566 1524 2619 oriri
1545 2583 1560 2631 ;
1580 2566 2009 2636 Theophrastus,

436 2653 680 2722 physicis
713 2653 1060 2723 igniculisde
1091 2653 1312 2711 humida
1342 2654 1687 2710 exhalatione
1717 2653 2007 2724 componi;

433 2745 826 2804 Anaximandri
871 2755 926 2800 et.
971 2746 1202 2804 aliorum
1238 2745 1528 2818 opiniones
1560 2746 1684 2800 vide
1719 2748 1862 2816 apud
1887 2745 2012 2800 Sto-

436 2836 611 2890 bteum
643 2835 699 2888 in
745 2834 960 2905 Eclogis
987 2835 1241 2906 physicis,
1270 2851 1388 2906 pag.
1424 2837 1528 2903 55;
1561 2843 1616 2891 et
1649 2835 1840 2892 Patres
1863 2837 2009 2890 anti-

434 2927 553 2996 qui,
593 2924 852 2988 Basilius.
901 2927 1050 2980 hom.
1075 2927 1137 2994 6;
1172 2927 1516 2998 Augustinus
1545 2929 1793 2998 pluribus
1844 2929 1900 2982 in
1929 2929 2011 2984 lo-

434 3018 552 3084 cis;
613 3017 944 3084 Atnbrosius
981 3019 1075 3072 lib.
1109 3035 1168 3072 ιι.
1203 3017 1457 3074 Hexaem.
1499 3029 1553 3074 et
1581 3021 1694 3074 alii.
1726 3020 1790 3075 Et
1836 3037 1900 3077 ex
1933 3037 2013 3078 re-

433 3109 792 3174 centioribus,
828 3109 985 3181 Hugo
1015 3109 1082 3165 de
1112 3109 1168 3166 S.
1213 3109 1430 3166 Victore
1480 3112 1674 3166 Adnot.
1711 3114 1766 3165 in
1799 3111 2007 3180 Cenes,

433 3217 557 3271 cap.
594 3201 662 3268 6,
694 3204 896 3267 solum,
931 3202 1129 3272 inquit,
1174 3202 1342 3257 solem
1383 3201 1659 3270 propriam
1692 3203 1892 3258 habere
1927 3205 2008 3257 lu-

433 3311 576 3358 cem,
605 3303 660 3350 et
689 3296 872 3365 ipsum
913 3311 978 3350 ex
1016 3296 1140 3365 igne
1171 3310 1295 3350 esse
1335 3293 1560 3357 factum,
1608 3294 1849 3364 reliquas
1878 3310 2008 3351 vero

433 3387 620 3441 stellas
661 3404 729 3442 ex
775 3402 934 3442 aerea
990 3388 1220 3442 materia
1282 3387 1524 3442 relucere
1583 3387 1787 3456 potius,
1845 3404 2008 3458 quam

433 3477 638 3540 lucere.
685 3475 870 3532 Solem
915 3486 1120 3542 tamen,
1171 3478 1314 3536 sicut
1363 3485 1416 3532 et
1462 3489 1658 3532 caetera
1702 3487 1850 3532 astra
1899 3495 2009 3536 non

430 3583 556 3622 esse
587 3568 802 3632 calidae,
837 3585 938 3623 nec
971 3570 1142 3640 ignea:
1168 3577 1377 3624 naturae
1416 3571 1574 3624 multi
1604 3570 1881 3635 doctores,
1919 3588 2010 3626 va-

434 3661 1064 3722 lidissimissrationibus
1099 3662 1454 3725 concludunt.
1511 3660 1604 3722 Sol
1639 3665 1782 3718 enim
1826 3663 2006 3720 incor-

433 3752 712 3821 ruptibilis
743 3759 848 3815 est,
893 3769 993 3810 nec
1035 3752 1276 3808 admittit
1313 3754 1606 3824 qualitates
1637 3756 2005 3826 corruptivas,

433 3844 571 3898 tales
614 3851 744 3898 sunt
770 3845 919 3900 calor
948 3853 1012 3907 et,
1031 3844 1222 3916 frigus.
1254 3847 1415 3902 Astra
1470 3859 1536 3911 et.
1555 3849 1634 3905 sol
1666 3865 1769 3904 nec
1814 3858 2011 3920 praeter

431 3943 712 4001 naturam,
739 3952 842 3992 nec
876 3937 1146 3993 violenter
1170 3948 1461 3994 moventur
1492 3960 1505 3995 :
1541 3942 1686 4012 quod
1729 3942 1774 3996 si
1826 3949 2010 3997 essent

430 4029 589 4100 ignea
614 4029 666 4084 id
693 4029 1153 4101 accideretkignis
1177 4032 1322 4085 enim
1355 4048 1576 4088 sursum
1620 4042 1887 4098 movetur.
1919 4033 2010 4090 Sic

430 4122 594 4176 etiam
653 4123 863 4176 nullum
923 4131 1070 4178 esset
1132 4138 1384 4178 securum
1440 4131 1495 4178 et
1561 4132 1772 4190 tutum,
1827 4126 2009 4180 omnia

431 4213 578 4268 enim
614 4222 889 4269 astrorum
929 4215 1023 4282 illo
1063 4215 1188 4285 igne
1235 4215 1693 4288 conflagrassent,
1741 4233 1865 4272 cum
1898 4234 2006 4272 non

431 4321 530 4375 per
565 4307 741 4362 lucem
776 4307 954 4374 solum
980 4307 1075 4362 sed
1117 4308 1278 4363 etiam
1317 4324 1413 4377 per
1443 4309 1704 4373 calorem,
1738 4309 2006 4364 caleface-

431 4403 555 4452 rent
591 4408 646 4451 et
675 4406 968 4453 torrerent.
1003 4398 1268 4456 Dicamus,
1293 4401 1481 4471 igitur,
1507 4401 1742 4456 solarem
1771 4407 2006 4457 calorem

427 4490 570 4544 nihil
605 4491 753 4543 aliud
785 4507 908 4548 esse
947 4507 1112 4562 quam
1148 4494 1385 4558 calorem
1417 4495 1576 4568 ignis,
1613 4495 1744 4550 solis
1776 4495 2004 4566 fulgore.

2129 607 2316 660 mundi
2343 618 2533 662 struet.
2572 609 2668 660 lib.
2705 625 2758 670 v,
2795 625 2917 678 cap.
2953 610 3005 671 5,
3036 611 3390 678 quaestionem
3421 610 3486 664 de
3520 613 3703 667 calore

2126 701 2261 754 solis
2306 701 2590 770 proponit,
2623 708 2672 755 et
2713 701 2780 754 ad
2829 710 3063 755 mentem
3119 703 3291 756 nostri
3337 705 3579 757 auctoris
3626 704 3700 758 ila

2124 793 2374 846 dissolvit
2405 812 2420 847 :
2455 792 2644 847 Verum
2679 792 2784 858 hic,
2817 794 3014 862 inquit,
3047 795 3284 847 nonnihil
3313 797 3586 850 suboritur
3604 813 3702 848 an-

2123 889 2362 951 xietatis,
2403 905 2471 940 an
2507 888 2610 941 soli
2651 898 2930 957 perpetuus
2969 888 3165 942 ha'reat
3199 889 3367 953 calor,
3409 909 3478 944 an
3525 892 3702 946 calore

2121 997 2341 1050 prorsus
2389 985 2457 1034 sit
2499 981 2784 1034 destitutus
2807 984 2830 1036 ἰ)
2856 979 3012 1035 Circa
3058 981 3111 1035 id
3142 985 3290 1036 varia
3323 985 3702 1054 circumferun-

2127 1085 2212 1126 tur
2235 1089 2424 1137 sensa;
2456 1073 2586 1126 nihil
2619 1085 2792 1126 tamen
2839 1075 3073 1127 alienum
3104 1093 3134 1126 a
3163 1077 3380 1129 veritate
3423 1078 3701 1131 existima-

2123 1163 2305 1226 rerim,
2332 1166 2380 1216 si
2414 1171 2471 1214 ut
2499 1163 2600 1215 soli
2623 1162 2869 1230 splendor
2907 1180 3109 1231 semper
3156 1163 3380 1230 haerens,
3427 1168 3588 1220 etiam
3616 1171 3690 1222 in-

2125 1265 2302 1308 ternus
2354 1255 2622 1308 tribuatur
2655 1255 2844 1308 calor:
2876 1258 2966 1325 qui
3015 1257 3418 1328 circumquaque
3471 1259 3699 1328 diffusus

2122 1346 2232 1400 haec
2264 1345 2547 1415 ealefaciat
2579 1346 2857 1414 inferiora.
2893 1344 3027 1398 Hinc
3045 1359 3242 1415 quanto
3270 1351 3484 1417 propius
3515 1350 3583 1402 ad
3607 1367 3700 1404 nos

2123 1437 2327 1491 accedit
2360 1438 2461 1498 sol,
2491 1446 2540 1490 et
2565 1448 2747 1491 nostro
2788 1437 2963 1490 zenith
3005 1439 3239 1492 ricinior'
3275 1451 3510 1509 apparet,
3555 1451 3702 1496 tanto

2122 1527 2269 1580 illius
2303 1530 2577 1590 intensior,
2623 1537 2672 1582 et
2717 1546 2817 1596 quo
2848 1531 3102 1582 remotior
3128 1547 3158 1582 a
3185 1530 3364 1595 nobis,
3393 1549 3451 1586 eo
3480 1533 3704 1588 debilior

2121 1621 2447 1689 percipiatur
2475 1620 2642 1674 calor.
2686 1619 2754 1672 Et
2777 1620 2997 1690 proinde
3037 1622 3126 1690 qui
3163 1639 3312 1674 zona:
3340 1623 3558 1677 subsunt
3593 1634 3704 1678 tor-

2121 1713 2250 1764 ridtv
2268 1713 2632 1765 vehementiori
2662 1721 2958 1764 exuruntur
2982 1724 3135 1775 testu,
3172 1715 3311 1782 quod
3341 1715 3446 1767 illis
3480 1715 3546 1768 sit
3572 1717 3700 1770 solis

2119 1803 2569 1872 perpendicularis
2605 1805 2775 1867 calor,
2803 1814 2852 1858 et
2876 1807 2965 1875 qui
3007 1807 3195 1860 absunt
3237 1807 3464 1877 longius,
3509 1809 3703 1878 majori

2051 1883 2094 1937 Β
2122 1891 2292 1960 rigent
2325 1889 2543 1958 frigore.
2589 1889 2732 1942 Hinc
2763 1891 2846 1959 fit,
2881 1901 2936 1942 ut
2968 1893 3056 1960 qui
3097 1891 3189 1944 sub
3220 1892 3338 1960 polo
3363 1895 3582 1955 arctico,
3623 1895 3703 1948 vel

2125 1981 2419 2032 antarctico
2448 1978 2674 2033 resident
2702 1981 2971 2034 immensis
3001 1982 3292 2051 algoribus,
3324 1984 3456 2036 sicut
3496 1985 3699 2050 quisub

2124 2089 2257 2130 zona
2273 2071 2472 2125 torrida
2491 2073 2749 2125 continuis
2765 2072 3075 2141 subjaceant
3100 2074 3411 2128 ardoribus.
3431 2074 3512 2128 pit
3536 2078 3700 2130 etiam

2122 2175 2178 2216 ut
2211 2164 2319 2217 sole
2360 2163 2685 2217 horizontem
2731 2175 2970 2218 nostrum
2996 2177 3282 2235 occupante
3311 2184 3404 2220 aer
3421 2167 3724 2238 fervidior”

2121 2265 2175 2309 et
2202 2256 2507 2310 abscedente
2531 2257 2754 2326 rigidior
2782 2257 3220 2327 deprehendatur.

2191 2346 2352 2410 lbid.,
2384 2348 2479 2401 lin.
2511 2349 2562 2402 4.
2607 2347 2717 2400 Τοῦ
2753 2347 3115 2415 διαχωρίζειν
3143 2349 3261 2403 ἀνὰ
3287 2351 3500 2419 μέσον.
3541 2350 3726 2405 Βειείιι-

2120 2440 2248 2504 lius,
2275 2440 2422 2494 hom.
2450 2440 2504 2503 6,
2535 2440 2650 2493 Νῦν
2682 2441 2737 2493 δὲ
2765 2441 2918 2510 ἥλιον
2947 2441 3176 2507 ἐπέταξε
3207 2445 3319 2505 τοῖς
3355 2443 3572 2514 μέτροις
3598 2443 3700 2513 τῆς

2119 2531 2350 2603 ἡμέρας,
2374 2533 2467 2585 καὶ
2500 2533 2750 2604 σελήνην,
2768 2533 2895 2585 ὅταν
2923 2535 3051 2587 ποτὲ
3074 2535 3210 2605 πρὸς
3237 2535 3326 2586 τὸν
3353 2534 3482 2587 ἴδιον
3505 2535 3714 2588 κύκλον

2119 2625 2452 2697 ἀπαρτισθῇ,
2482 2628 2722 2697 ἀρχηγὸν
2769 2628 2990 2700 ἐποίησε
3028 2629 3126 2700 τῆς
3163 2630 3376 2692 νυκτός.
3412 2628 3696 2684 Constant;

2118 2715 2266 2772 Man.
2299 2719 2353 2771 in
2387 2719 2586 2772 Annal.

2121 2809 2284 2862 Οὕτω
2311 2807 2429 2878 μὲν
2456 2805 2568 2864 οὖν
2594 2809 2864 2864 τετέλετο
2903 2811 2974 2864 τὰ
3006 2811 3153 2863 κατὰ
3185 2811 3326 2876 τοὺς
3367 2811 3627 2878 ἀστέρας

2116 2879 2225 2951 Kal
2252 2879 2499 2951 τέτακτο
2532 2879 2652 2948 μὲν
2678 2881 2852 2951 ἣλιος
2876 2880 3072 2948 ἀστὴρ
3110 2881 3522 2951 ἡμεροκράτωρ
3542 2899 3555 2912 ·

2123 2950 2193 3003 Τὸ
2237 2949 2306 3003 δὲ
2329 2948 2599 3018 σελήνης
2617 2950 2935 3020 ,βλέφαρον
2963 2948 3306 3019 ὲπιίρσευσε
3331 2948 3455 3019 τὴν
3483 2948 3696 3008 ὶούκτα.

2187 3047 2347 3113 Ibid.,
2383 3049 2481 3103 lin.
2516 3049 2566 3104 7.
2601 3051 2777 3103 Ἔστι
2808 3049 2877 3103 δὲ
2900 3050 2938 3116 ἠ
2973 3050 3089 3113 νὺξ
3120 3051 3411 3118 σκίασμα.
3438 3049 3698 3116 Basilius,

2116 3139 2264 3194 hom.
2294 3139 2346 3206 6,
2377 3140 2489 3192 Καὶ
2511 3142 2544 3210 ἡ
2566 3140 2660 3206 νὺξ
2689 3141 2784 3194 ἐπὶ
2808 3140 2868 3193 τὸ
2903 3141 3143 3194 ἐναντίον
3172 3145 3292 3204 ταῖς
3321 3142 3534 3195 ἀκτῖσιν
3566 3144 3699 3195 ὑπο-

2038 3246 2081 3303 c
2114 3235 2301 3303 χωρεῖ,
2344 3232 2496 3284 οὐδὲν
2520 3232 2706 3302 ἕτερον
2738 3228 2871 3284 οὖσα
2898 3231 3039 3284 κατὰ
3058 3231 3156 3301 τὴν
3182 3232 3342 3299 φύσιν
3388 3231 3421 3302 ἢ
3454 3231 3699 3302 σκίασμα

2111 3324 2236 3393 γῆς,
2285 3323 2374 3386 Ὧς
2407 3323 2516 3393 γὰρ
2543 3325 2602 3374 ὲν
2629 3323 2815 3394 ἡμέρᾳ.
2847 3324 2879 3393 ἡ
2908 3324 3036 3375 σκιὰ
3051 3323 3128 3392 τῷ
3157 3323 3572 3392 ἀντιφρὰσσυντι
3597 3323 3696 3394 τὴν

2111 3416 2286 3486 αὐγὴν
2339 3415 2766 3486 παρυφίσταται,
2800 3413 2974 3476 οὕτως
3005 3415 3037 3484 ή
3077 3413 3192 3477 νὺξ,
3216 3413 3568 3483 σκιαζομένου
3601 3415 3698 3466 τοῦ

2111 3508 2240 3578 περὶ
2269 3507 2372 3576 γῆν
2405 3505 2590 3577 ἀέρος,
2624 3503 2976 3557 συνίστασθαι
3010 3504 3277 3572 πέφυκεν.
3337 3503 3548 3557 Plinius
3578 3505 3611 3556 l.
3633 3520 3694 3563 ιι.

2110 3614 2232 3669 cap.
2263 3599 2348 3660 10,
2385 3597 2553 3652 Terra
2588 3600 2840 3652 subeunte
2878 3599 3180 3666 repentinas
3214 3594 3400 3648 obduci
3431 3593 3695 3658 tenebras,

2111 3703 2422 3757 rursumque
2452 3687 2600 3741 illius
2635 3690 2824 3740 umlra
2854 3687 3002 3741 sidus
3039 3686 3294 3740 hebetari.
3331 3685 3510 3755 Neque
3547 3686 3694 3738 aliud

2109 3793 2221 3830 esse
2263 3785 2465 3830 noctem
2509 3793 2665 3846 quam
2713 3787 2868 3832 terra:
2920 3777 3184 3831 umbram.
3235 3774 3587 3846 Palingenius
3637 3776 3693 3830 in

2111 3867 2343 3929 Zodiaco
2369 3871 2507 3934 uitat,
2535 3871 2631 3924 lib.
2661 3886 2720 3924 It.

2331 3991 2400 4001 -—-
2433 3963 2536 4016 Sed
2563 3976 2668 4014 nox
2700 3960 2921 4016 adrersa
2949 3962 3001 4014 in
3034 3971 3185 4030 parte
3214 3971 3447 4024 creatur,

2113 4030 2314 4100 Quippe
2336 4031 2484 4092 aliud
2499 4049 2602 4085 non
2619 4042 2694 4085 est
2717 4049 2872 4102 qnam
2890 4043 3044 4086 terra:
3063 4042 3216 4102 atque
3235 4032 3459 4100 wquoris
3486 4031 3691 4084 umbra.

2181 4120 2340 4187 Ihid.,
2374 4123 2472 4176 lin.
2506 4123 2592 4175 ll.
2620 4123 2728 4176 Kal
2760 4127 2792 4176 ό
2815 4123 2932 4192 μὲν
2962 4123 3134 4191 ἣλιος
3180 4120 3404 4189 ὥσπερ.
3450 4121 3522 4174 De
3561 4121 3694 4185 solis

2113 4211 2452 4281 praestantia,
2496 4211 2796 4281 dignitate.
2847 4213 2899 4264 vi
2953 4209 3301 4271 admiranda,
3351 4219 3405 4263 et
3451 4212 3692 4279 potentia

2112 4303 2410 4375 Dionysius
2445 4304 2775 4372 Areopagita
2811 4302 2888 4356 De
2916 4303 3079 4356 dii-in.
3112 4299 3433 4362 nominibus,
3465 4316 3586 4370 cap.
3623 4301 3690 4365 4;

2110 4394 2362 4456 lulianus
2387 4394 2669 4465 Apostata,
2688 4392 2960 4464 Orpheus,
2987 4393 3234 4455 Proclus,
3262 4390 3482 4461 Lycius,
3503 4393 3688 4458 hymn.

2112 4487 2166 4542 in
2219 4490 2419 4554 solem,
2465 4487 2676 4542 Plinius
2716 4487 2793 4540 lib
2855 4503 2917 4546 ιι,
2961 4501 3082 4555 cap.
3137 4485 3191 4550 6,
3234 4483 3640 4554 elegantissime
3675 4499 3690 4511 ’

428 4598 540 4652 quo
563 4582 885 4636 naturaliter
912 4583 1184 4646 trahatur.
1203 4585 1597 4641 modificatum.
1615 4585 1858 4657 Namque
1879 4585 2080 4648 eum,D
2111 4582 2312 4636 Eorum
2349 4580 2551 4645 medius
2567 4579 2647 4634 sol
2665 4580 2855 4648 fertur,
2894 4578 3224 4646 amplissima
3243 4574 3602 4646 magnitudine
3631 4591 3691 4627 ac

393 4717 396 4720 .
428 4672 574 4727 inter
605 4671 1219 4742 alimentariacorpora
1256 4673 1474 4744 igneum
1510 4675 1689 4739 solum
1724 4674 2005 4728 caelestem

428 4765 676 4818 imitatur
724 4763 1014 4832 fulgorem,
1059 4765 1241 4838 ipsum
1273 4780 1405 4819 vero
1449 4765 1524 4830 ita
1568 4773 1628 4819 ut
1656 4765 1879 4833 plurimi
1916 4780 1998 4818 ve~

428 4865 608 4912 terum
643 4855 1116 4927 philosophorum,
1149 4856 1220 4910 ob
1250 4871 1370 4910 eam
1410 4856 1823 4918 similitudinem
1859 4863 2007 4921 astra

427 4950 584 5020 ignea
617 4963 740 5004 esse
775 4947 1043 5017 suspicati
1093 4946 1205 5011 sint
1226 4987 1240 5010 ,
1273 4945 1330 5000 fit
1361 4947 1518 5012 valde
1553 4954 2005 5010 consentaneum,

427 5051 488 5095 ut
521 5039 916 5097 similitudinis,
955 5039 1104 5104 illius
1151 5055 1320 5102 causa
1372 5039 1532 5100 facile
1563 5039 1816 5097 trahatur
1864 5039 2008 5108 igan

427 5134 640 5195 emlesti
692 5132 920 5200 lumine,
971 5132 1118 5202 quod
1171 5135 1339 5186 etiam
1394 5132 1682 5202 vestigium
1733 5130 2005 5200 quoddam

427 5223 733 5280 divinitatis
762 5225 882 5294 ejus
913 5225 1165 5294 corporis
1198 5231 1302 5278 est.
1330 5221 1386 5278 Si
1424 5223 1580 5294 plura
1616 5222 1794 5294 cupis,
1827 5213 2008 5286 adesis

430 5313 784 5383 Eranciscum
823 5315 1097 5380 Valesium
1125 5315 1383 5378 Desacra
1420 5313 1770 5383 philosophia,
1799 5329 1918 5382 cap.
1958 5314 2004 5366 l.

429 5406 674 5478 Denique
705 5409 979 5464 sententia
1022 5415 1109 5463 est
1152 5407 1672 5478 Peripateticorum,
1719 5407 1886 5461 solem
1915 5423 2009 5479 per

429 5503 612 5556 lumen
649 5500 825 5555 facere
853 5508 964 5554 tam
994 5501 1256 5565 calorem,
1305 5507 1414 5562 tam
1455 5500 1649 5569 frigus,
1682 5498 1896 5553 diversa
1926 5506 2009 5550 ta-

430 5610 556 5650 men
599 5595 834 5658 ratione,
872 5596 1024 5657 illum
1055 5595 1274 5664 quidem
1313 5610 1408 5663 per
1449 5610 1528 5658 se,
1564 5593 1665 5648 hoc
1703 5599 1882 5655 autem
1914 5608 2008 5660 per

430 5685 716 5751 accidens;
755 5701 880 5740 nam
934 5687 1224 5754 praesentia
1272 5687 1497 5742 luminis
1553 5685 1683 5739 facit
1740 5685 2006 5746 calorem,

387 5845 392 5851 _
432 5780 677 5833 absentia
732 5794 860 5834 vero
901 5781 1248 5851 friguszquo
1296 5778 1440 5832 enim
1488 5778 1668 5830 lumen
1715 5776 1870 5838 solis.
1918 5783 2009 5828 aut

441 5873 596 5949 nullo
629 5871 790 5928 modo
848 5879 940 5920 aut
974 5873 1212 5928 tenuiter
1246 5869 1521 5943 pertingit,
1562 5869 1692 5923 inibi
1726 5867 1907 5942 frigus.
1934 5868 2008 5922 vi-

2106 4684 2362 4744 potestate
2389 4690 2406 4728 :
2431 4690 2520 4736 nec
2540 4683 2828 4742 temporum
2853 4671 3025 4737 modo,
3047 4681 3428 4740 terrarumque,
3448 4668 3538 4722 sed
3552 4667 3690 4721 side-

2109 4784 2225 4832 rum
2248 4768 2408 4820 etiam
2437 4767 2671 4834 ipsorum
2711 4763 2926 4833 ctrlique
2967 4773 3159 4816 rector.
3187 4761 3343 4815 Hunc
3365 4760 3548 4814 mundi
3577 4777 3691 4814 esse

2110 4859 2270 4911 totius
2306 4859 2664 4920 animum,,ac_
2691 4856 2904 4926 planius
2945 4865 3166 4911 mentem
3193 4868 3211 4905 :
3243 4852 3379 4906 hunc
3399 4850 3690 4922 principale

2113 4957 2320 5003 natura:
2351 4949 2581 5018 regimen
2627 4965 2688 5001 ac
2717 4964 2908 5001 numen
2939 4946 3147 5000 credere
3175 4947 3342 5008 decet,
3385 4959 3540 5012 opera
3575 4947 3688 5011 ejus

2113 5044 2460 5098 a'stimantes.
2520 5039 2622 5093 Hic
2665 5041 2832 5094 lucem
2892 5039 3045 5094 rebus
3097 5039 3365 5092 ministrat
3418 5037 3687 5106 aufertque

2111 5137 2381 5199 tenebras;
2404 5135 2486 5188 hic
2525 5135 2728 5205 reliqua
2757 5134 2934 5187 sidera
2967 5133 3199 5187 occultat
3226 5148 3242 5184 :
3276 5132 3360 5184 hic
3397 5133 3528 5184 vices
3560 5139 3687 5183 tem-

2107 5245 2293 5296 parum
2326 5243 2625 5296 annumque
2653 5242 2854 5294 semper
2881 5233 3236 5278 renascentem
3265 5238 3329 5276 ex
3355 5238 3455 5276 usu
3481 5233 3690 5275 natura!

2111 5326 2393 5386 temperat;
2444 5315 2526 5367 hic
2559 5316 2676 5368 creti
2722 5315 2998 5367 tristitiam
3049 5313 3286 5377 discutit,
3325 5323 3481 5382 atque
3523 5313 3686 5364 etiam

2109 5409 2327 5474 humani
2360 5407 2546 5460 nubila
2587 5407 2752 5459 animi
2784 5415 3026 5465 serenat;
3068 5404 3152 5455 hic
3190 5420 3343 5456 suum
3385 5403 3555 5456 lumen
3584 5421 3685 5455 crr-

2111 5501 2237 5554 teris
2274 5516 2474 5570 quoque
2508 5497 2768 5552 sideribus
2801 5498 3046 5565 fleuerat.
3087 5495 3407 5558 Pra'clarus,
3437 5495 3682 5556 eximius,

2072 5582 2074 5584 ⁷
2111 5594 2290 5654 omnia
2333 5592 2560 5651 intuens.
2606 5590 2782 5643 omnia
2820 5591 2982 5641 etiam
3026 5587 3335 5650 exaudiens,
3377 5596 3433 5638 ut
3461 5587 3687 5653 principi

2111 5685 2414 5745 litterarum
2466 5683 2697 5737 Ilomero
2746 5683 3008 5750 placuisse
3047 5683 3099 5735 in
3153 5698 3255 5733 uno
3308 5697 3366 5733 eo
3402 5679 3564 5732 video.
3611 5678 3683 5731 De

2110 5777 2242 5830 Solis
2293 5775 2557 5829 encomiis
2617 5776 2731 5844 lege
2787 5773 3139 5827 Plutarchum
3190 5773 3279 5825 l'rh.
3324 5771 3400 5825 De
3441 5771 3681 5823 dortrina

2109 5868 2434 5938 principum;
2473 5867 2804 5923 Macrobium
2843 5863 3283 5918 ISnturnalium'
3332 5863 3681 5916 Ambrosium
