4124 6418
478 412 584 470 £55

1832 412 2084 469 LEONIS
2120 412 2297 468 ALLA
2306 412 2394 466 Tll

3546 468 3553 473 .
3637 413 3743 470 864

479 528 575 583 lib.
604 544 656 581 ιν
688 525 970 589 Hexaem.,
1005 540 1127 595 cap.
1166 525 1226 592 1;
1259 525 1585 596 Gregorium
1653 526 2053 585 Nazianzenum

2166 537 2276 595 τοῖς
2324 529 2544 602 χωρίοις
2591 532 2719 602 περὶ
2768 529 2806 586 ἀ
2862 530 3291 603 συναθροίζεται.
3346 528 3557 587 Plinius
3621 533 3742 588 loco

480 616 559 671 De
588 632 720 669 nova
755 615 1053 681 Dominica,
1082 627 1137 669 et
1164 624 1305 669 orat.
1344 634 1407 680 ιι,
1442 616 1520 671 De
1559 618 1860 690 theologia;
1896 619 2064 677 Joan-

477 725 603 764 nem
652 707 941 763 Jovianum
978 705 1287 762 Pontanum
1325 706 1548 765 Uranie
1584 710 1680 768 lib.
1720 728 1770 779 l;
1800 712 2063 786 Augusti-

478 816 609 855 num
642 799 1014 869 Eugubinum,
1047 799 1296 871 Cosmop.
1321 816 1444 872 cap.
1472 802 1523 857 l.

545 893 666 950 Col.
688 894 812 957 720,
836 894 934 947 lin.
955 894 1042 948 15.
1062 894 1215 950 Ἡδὲ
1232 894 1465 965 σελήνη
1481 899 1594 967 οὐχ
1611 898 1781 954 οὕτω.
1800 899 1874 956 De
1899 903 2064 958 variis

384 978 391 1043 ἶ
476 986 624 1040 luna:
661 985 1066 1041 mutationibus
1088 1002 1253 1057 supra
1286 990 1474 1044 nescio
1504 1006 1625 1059 qua:
1648 993 1907 1049 diximus.
1932 992 2064 1059 Qui-

476 1076 603 1131 dam
631 1088 985 1148 augmentum
1012 1080 1153 1135 lunae
1177 1078 1409 1135 ﬂammae
1437 1082 1777 1139 incremento
1798 1086 2058 1154 tribuere,

476 1187 599 1242 quae
628 1171 822 1226 ordine
857 1172 1116 1242 paulatim
1146 1182 1441 1235 cresceret,
1469 1173 1643 1230 donec
1668 1176 1828 1246 plena
1863 1178 2064 1234 redda-

475 1274 591 1330 tur,
630 1280 963 1335 rursumque
991 1266 1181 1319 eodem
1217 1277 1376 1335 pacto
1417 1266 1760 1334 decrescere,
1797 1270 1972 1325 donec
2004 1272 2060 1325 in

476 1358 869 1428 conjunctione
914 1374 1142 1429 prorsus
1178 1360 1582 1430 exstinguatur,
1620 1362 1671 1415 id
1702 1364 1848 1433 quod
1892 1365 2059 1420 etiam

478 1451 545 1506 de
576 1460 857 1507 menstrua
893 1453 1262 1508 occultatione
1287 1452 1653 1528 XenOphanes
1684 1459 1986 1515 asserebat.

549 1544 710 1610 lbid.,
749 1545 846 1598 lin.
876 1543 960 1598 16.
987 1546 1218 1613 Χρόνον
1240 1545 1308 1599 δὲ
1340 1545 1514 1614 ἣλιος
1545 1546 1666 1602 καί.
1693 1546 1769 1602 De
1794 1556 2056 1619 tempore,

476 1633 597 1704 ejus
631 1645 829 1688 natura
861 1642 915 1689 et
964 1635 1089 1690 aliis
1118 1635 1187 1689 ad
1219 1642 1437 1707 tempus
1482 1638 1858 1708 spectantibus
1899 1641 2059 1712 plura

477 1727 787 1797 philosophi
818 1727 873 1781 in
912 1728 1173 1799 physicis.

2165 623 2350 678 dicto:
2384 621 2521 677 Cum
2554 623 2789 679 orientis
2831 633 2994 694 atque
3025 622 3329 679 occidentis
3358 622 3498 678 radii
3544 623 3744 681 rubent

2164 714 2317 769 coire
2346 713 2584 784 pluvias.
2620 714 2754 768 Cum
2791 714 3003 769 oriente
3031 713 3170 767 radii
3196 729 3307 768 non
3340 714 3589 768 illustres
3610 715 3748 769 emi-

2164 804 2394 869 nebunt,
2446 804 2696 874 quamvis
2739 804 3069 859 circumdati
3111 804 3257 860 nube
3290 820 3397 859 non
3458 804 3591 867 sint,
3627 805 3749 875 plu-

2164 897 2305 949 viam
2339 896 2697 967 portendunt.
2718 893 2777 951 Si
2804 906 2931 952 ante
2957 904 3206 951 exortum
3233 896 3408 953 nubes
3436 897 3745 966 globabun-

2163 997 2252 1044 tur
2283 989 2514 1045 hiemem
2549 1004 2800 1060 asperam
2828 990 3261 1055 denuntiabunt;
3288 990 3332 1047 si
3366 991 3540 1047 nubes
3571 988 3744 1046 solem

2162 1081 2622 1147 circumcludent,
2663 1091 2871 1154 quanto
2915 1084 3101 1138 minus
3130 1084 3355 1139 luminis
3375 1083 3741 1155 relinquetur,

2162 1180 2313 1229 tanto
2363 1175 2733 1230 turbulentior
2771 1184 3066 1246 tempestas
3107 1176 3245 1243 erit;
3290 1176 3338 1231 si
3391 1191 3525 1232 vero
3576 1178 3742 1232 etiam

2160 1267 2363 1337 duplex
2402 1268 2554 1323 orbis
2607 1267 2771 1323 fuerit
2801 1283 2867 1324 eo
2896 1270 3155 1324 atrocior.
3203 1269 3359 1336 Quod
3382 1269 3428 1325 si
3461 1270 3516 1324 in
3545 1278 3746 1349 exortu

2161 1359 2251 1414 ﬁet
2276 1361 2350 1415 ita
2377 1369 2438 1415 ut
2467 1362 2765 1418 rubescant
2794 1362 2966 1418 nubes
2993 1363 3229 1418 maxima
3258 1363 3577 1420 ostendetur
3603 1362 3744 1419 tetu-

2160 1462 2364 1522 pestas.
2400 1451 2642 1507 Plurima
2664 1452 2752 1508 his
2786 1453 2984 1508 similia
3025 1454 3195 1509 refert
3225 1454 3430 1512 Aratus
3465 1457 3602 1528 Περὶ
3635 1457 3761 1511 διο-ι

2162 1546 2424 1617 σημείων.
2466 1543 2738 1601 Collector
2784 1544 3157 1617 Georgicarum
3197 1547 3295 1602 lib.
3324 1564 3363 1611 ι,
3397 1548 3507 1602 Καὶ
3532 1551 3560 1602 ὁ
3590 1548 3751 1620 ἣλιος

2158 1637 2237 1700 δὲ,
2273 1637 2577 1691 ἀνατέλλων
2608 1639 2701 1705 καὶ
2733 1637 3130 1710 μελαινόμενος,
3161 1639 3401 1712 ὄμϐρους
3426 1640 3596 1710 δηλοῖ.
3632 1642 3743 1697 Καὶ

2163 1729 2544 1793 ἀνατέλλοντος
2590 1729 2647 1783 δὲ
2689 1731 2784 1783 τοῦ
2818 1730 2994 1802 ἡλίου,
3044 1731 3138 1784 ὲάν
3173 1731 3325 1804 παρά
3376 1732 3473 1796 τὰς
3522 1735 3746 1796 ἀκτῖνας

546 1819 708 1882 Ibid.,
740 1820 840 1876 lin.
866 1820 956 1874 22.
991 1821 1061 1875 Τὸ
1095 1820 1166 1874 δὲ
1206 1821 1492 1878 ἔστωσαν
1518 1827 1605 1891 εις
1637 1828 1874 1896 σημεῖα,
1908 1826 2064 1883 Non-
2088 1886 2131 1897 __
2162 1822 2431 1875 σκοτεινὸν
2468 1823 2626 1891 νέφος
2660 1826 2825 1895 φανῇ,
2870 1822 3075 1896 δμϐρον
3112 1824 3279 1896 δηλοῖ.
3330 1825 3599 1897 Δυόμενος
3629 1826 3684 1880 δὲ
3715 1830 3745 1880 6

474 1911 612 1966 nulli
657 1912 825 1966 verba
855 1911 973 1967 haec
1017 1914 1326 1978 astrologiae
1369 1932 1530 1986 quam
1580 1886 1780 1972 vocant
1821 1918 2053 1989 judicia-

2162 1911 2331 1982 ἥλιος,
2368 1912 2469 1967 ὲάν
2495 1886 2636 1966 κο.τά
2660 1886 2718 1967 τὸ
2757 1886 3043 1987 apter-api»)
3076 1917 3141 1986 μέ
3152 1886 3241 1987 ρος
3267 1886 3621 1989 νέφοξμέλαν
3646 1918 3757 1992 ἔχῃ

472 2004 634 2065 riam,
652 2013 707 2061 et
729 2004 944 2075 pondus
975 2005 1182 2061 addere
1208 2017 1260 2062 et
1286 2010 1671 2064 auctoritatem
1695 2021 2055 2081 praesumunt,

472 2105 526 2150 et
548 2096 697 2153 illam
733 2098 1046 2163 scientiam,
1079 2098 1125 2152 si
1157 2114 1278 2169 qua:
1301 2108 1387 2155 est
1412 2115 1443 2153 a
1465 2099 1594 2167 Deo,
1635 2103 1703 2157 ab
1730 2103 1850 2174 ipso
1872 2106 2057 2159 statim

472 2190 661 2243 mundi
690 2191 939 2252 exordio,
969 2191 1074 2246 hoc
1101 2193 1420 2249 testimonio
1450 2196 1891 2262 corroboratam,
1924 2198 2058 2271 quin

471 2288 527 2335 et
566 2282 891 2339 mortalibus
928 2282 997 2338 ad
1047 2299 1168 2339 eam
1211 2289 1620 2357 aucupandam,
1651 2295 1705 2343 et
1737 2290 2055 2356 sudoribus,

470 2384 527 2429 et
550 2376 749 2446 vigiliis
777 2378 1113 2448 propositam
1147 2379 1471 2449 gloriantur.
1504 2382 1759 2451 lnquiunt
1790 2384 1960 2449 enim,
2000 2386 2057 2441 in

472 2469 594 2538 ipsa
634 2468 875 2524 siderum
917 2470 1190 2539 positione
1222 2482 1275 2526 et
1311 2481 1558 2543 aspectu,
1590 2477 1758 2531 veluti
1787 2477 1841 2531 in
1872 2478 2056 2533 tabula

473 2559 712 2628 quadam
738 2560 887 2614 cerni
921 2562 1129 2629 omnia,
1167 2579 1289 2634 quae
1320 2581 1552 2635 usquam
1584 2567 1790 2622 mundo
1817 2567 1942 2624 huic
1971 2570 2057 2625 in-

472 2650 662 2704 feriori
703 2660 963 2707 eventura
987 2662 1137 2718 sunt,
1169 2657 1317 2710 omni
1360 2658 1639 2715 dubietate
1671 2675 1736 2716 ac
1771 2662 2056 2717 incertitu-

472 2743 601 2797 dine
652 2744 887 2799 sublata.
943 2745 1145 2800 Verum
1186 2747 1304 2803 haec
1350 2750 1621 2805 sententia
1651 2767 1815 2821 quam
1859 2753 2056 2808 habeat

471 2833 806 2889 validitatem
853 2844 909 2889 et
951 2835 1141 2899 robur,
1178 2846 1233 2891 et
1260 2837 1463 2906 quibus
1493 2838 1702 2892 nitatur
1734 2835 2054 2894 fundamen-

469 2926 545 2980 tis
586 2942 649 2980 ac
689 2927 996 2982 rationibus
1028 2927 1118 2980 alii
1165 2935 1290 2982 ante
1319 2943 1421 2984 nos
1468 2930 1605 2984 satis
1650 2937 1907 2984 accurate
1936 2936 2053 2983 tra-

470 3023 752 3087 diderunt,
789 3039 889 3078 nec
929 3023 1071 3077 ratio
1106 3030 1309 3077 nostra:
1344 3022 1664 3093 scriptionis
1707 3022 1761 3076 id
1794 3022 1969 3092 poscit
1997 3030 2055 3077 ut

471 3122 524 3168 et
554 3130 659 3169 nos
687 3115 878 3169 eadem
915 3124 1267 3185 repetamus;
1304 3130 1483 3169 rerum
1522 3120 1772 3179 eventus,
1814 3130 1934 3185 qua!
1980 3116 2052 3171 sit

471 3206 586 3259 haec
614 3206 852 3266 vanitas,
880 3205 1124 3274 quotidie
1161 3206 1325 3261 etiam
1355 3207 1666 3261 nolentibus
1688 3205 2046 3262 demonstrat.
2077 3245 2119 3303 ο
2193 3229 2347 3283 οὐδὲ
2378 3228 2497 3300 μὲν

469 3298 708 3355 Basilius
747 3299 802 3353 in
838 3300 986 3354 hunc
1018 3302 1196 3355 locum
1236 3301 1439 3355 acriter
1460 3307 1649 3355 contra
1678 3299 1847 3355 hosce
1871 3310 2050 3355 astro-

469 3394 622 3466 logos
654 3395 951 3450 invehitur.
1003 3394 1451 3466 Chrysostomus.
1502 3400 1558 3449 et
1597 3391 1892 3463 Gregorius
1933 3392 2051 3447 Ma-

468 3504 610 3557 gnus
642 3489 699 3542 in
739 3505 776 3543 n
826 3503 952 3558 cap.
987 3487 1245 3549 Matthzei,
1273 3486 1617 3557 Augustinus
1660 3484 1757 3539 lib.
1801 3500 1861 3548 ιι,
1899 3499 2055 3552 super

469 3579 660 3637 Cenes.
713 3583 783 3634 ad
839 3582 1096 3645 litteram,
1127 3596 1177 3635 e.
1228 3579 1316 3643 17,
1363 3589 1418 3634 et
1460 3579 1555 3633 lib.
1607 3595 1669 3644 ιι,
1696 3577 1769 3632 De
1808 3577 2053 3632 doctrina

470 3672 797 3736 Christiana,
829 3689 949 3743 cap.
980 3672 1072 3736 21,
1107 3680 1160 3727 et
1189 3673 1352 3737 alibi;
1380 3671 1649 3727 Eusebius
1683 3670 1756 3724 De
1781 3686 2055 3740 pra'para-

473 3766 613 3817 tione
662 3762 915 3833 Evangel.
951 3765 1049 3818 lib.
1078 3780 1193 3826 xw,
1231 3780 1354 3835 cap.
1386 3765 1453 3830 ις
1492 3772 1548 3819 et
1587 3764 1683 3818 lib.
1717 3777 1793 3827 vt,
1829 3778 1955 3833 cap.
1995 3761 2048 3815 9.

471 3855 612 3923 Quin
639 3865 694 3911 et
725 3857 927 3927 ingenti
966 3858 1305 3912 voluminum
1355 3858 1512 3926 copia
1563 3868 1756 3909 contra
1784 3870 1878 3910 eos
1915 3854 2053 3909 scri-

476 3958 708 4020 pserunt
752 3947 1054 4015 Diodorus,
1086 3948 1372 4005 Tarsensis
1408 3950 1737 4018 episcopus,
1784 3946 2053 4001 referente

470 4042 667 4096 Pholio
701 4043 755 4095 in
788 4040 1137 4105 Bibliotheca,
1172 4047 1226 4095 et
1263 4039 1604 4094 Bardesanes
1630 4036 1805 4109 Syrus
1837 4051 1903 4090 eo
1930 4035 2050 4090 dia-

471 4137 595 4206 logo
623 4151 805 4205 quem,
837 4142 1031 4204 rogatu
1062 4133 1385 4194 amicorum,
1427 4132 1494 4185 de
1531 4130 1662 4191 fato,
1702 4138 1756 4184 et
1788 4128 2052 4183 adversus

469 4227 753 4283 Chaldaeos
778 4227 1126 4297 conscripsit,
1163 4231 1223 4280 ut
1253 4230 1519 4278 memorat
1549 4221 1818 4277 Eusebius
1840 4221 1937 4275 lib.
1972 4238 2047 4287 vi,

470 4318 550 4375 De
582 4329 871 4389 prwparat.
918 4317 1146 4387 Evang.,
1196 4332 1317 4385 cap.
1349 4316 1382 4369 8
1408 4355 1422 4377 ,
1454 4323 1508 4368 et
1538 4329 1603 4368 ex
1651 4311 2057 4367 recentioribus

467 4411 707 4468 Joannes
752 4409 916 4465 Picus
972 4408 1257 4463 duodecim
1318 4407 1472 4460 libris
1515 4412 1569 4459 et
1615 4404 1728 4477 alii.
1795 4403 2051 4474 Plerique

468 4520 592 4560 cum
624 4509 813 4556 nostro
848 4499 1137 4555 Eustathio
1176 4498 1340 4553 verba
1382 4496 1497 4550 haec
1539 4495 1811 4564 pertinere
1858 4494 2050 4549 existi-

2162 2003 2409 2074 πλησίον,
2446 2004 2647 2069 εὐθέως
2692 2004 2895 2077 ὄμϐρον
2928 2007 3267 2079 προσδοκᾷν·
3303 2007 3520 2080 βρονταὶ
3549 2009 3606 2062 δὲ
3652 2012 3744 2064 καὶ

2160 2095 2437 2167 ἀστραπαὶ
2474 2095 2596 2149 ὅθεν
2651 2096 2913 2164 γίνονται,
2958 2097 3168 2153 ἐκεῖθεν
3210 2098 3302 2153 τὸν
3353 2099 3600 2173 χειμῶνα
3655 2100 3733 2169 δη-

2159 2187 2251 2241 λοῦ
2261 2204 2335 2241 σι.

2231 2280 2397 2344 lbid.,
2435 2279 2530 2334 lin.
2561 2279 2651 2335 28.
2686 2282 2864 2335 Ὅταν
2900 2280 2969 2335 δὲ
2995 2286 3055 2337 ai
3083 2285 3399 2355 λεγόμεναι
3429 2283 3607 2351 ἄλως.
3640 2283 3742 2337 Ba-

2157 2373 2337 2437 silius,
2370 2373 2518 2428 bom.
2548 2375 2602 2439 6,
2658 2375 2766 2428 Kal.
2794 2375 2873 2446 τῷ
2906 2376 3043 2447 ἡλίῳ
3083 2377 3140 2430 δὲ
3194 2377 3320 2431 ὅταν
3354 2378 3410 2430 αι
3453 2376 3743 2449 λεγόμεναι

2156 2466 2301 2529 ἄλως
2326 2467 2760 2539 περιγραφῶσιν,
2793 2467 2826 2539 ἢ
2853 2466 3043 2531 ὕδατος
3064 2467 3250 2541 ἀερίου
3279 2467 3551 2540 πλῆθος,ἢ
3580 2486 3743 2522 πνευ-

2159 2559 2345 2629 μάτων
2381 2559 2565 2630 βιαίων
2595 2559 2809 2631 κίνησιν
2856 2561 3248 2629 ἀποφαίνουσιν
3267 2577 3282 2591 ⁸
3314 2561 3347 2633 ἢ
3392 2561 3486 2615 καὶ
3508 2560 3605 2626 οὓς
3630 2561 3765 2615 ὀνο-ν

2159 2651 2422 2723 μάζουσιν
2476 2652 2782 2723 ἀνθηλίους,
2837 2654 2968 2707 ὅταν
3015 2653 3488 2725 πμπεριτρέχωσι
3536 2656 3603 2725 τῇ
3648 2652 3770 2709 τοῦ.-

2155 2745 2306 2815 ἡλίου
2343 2746 2505 2815 φορᾷ,
2542 2745 2961 2816 συμπτωμάτων
2994 2745 3158 2799 τινῶν
3192 2745 3394 2817 ἀερίων
3415 2748 3617 2817 σημεῖα
3655 2747 3743 2815 γί-

2154 2855 2354 2892 νονται.
2390 2838 2601 2908 Ὥσπερ
2632 2833 2725 2890 οὖν
2759 2839 2853 2890 καὶ
2877 2840 2932 2890 αί
2961 2838 3168 2910 ῥάϐδοι,
3200 2841 3256 2891 αἱ
3288 2838 3429 2892 κατὰ
3458 2839 3560 2908 τὴν
3579 2839 3765 2912 χρόαν.

2152 2930 2254 2999 τῆς
2284 2929 2450 3001 ἴριδος
2480 2931 2560 2993 είς
2592 2929 2751 3003 ὀρθὸν
2790 2933 2902 2994 τοῖς
2944 2932 3161 3000 νέφεσιν
3195 2931 3613 3002 ὲμφαινόμεναι,
3646 2931 3745 3003 δμ-

2154 3023 2339 3095 6ρους,
2371 3023 2404 3095 ἢ
2441 3023 2716 3095 χειμῶνας
2746 3022 3038 3087 ἐξαισίους,
3070 3024 3106 3096 ἢ
3143 3023 3278 3087 ὅλως
3320 3024 3420 3097 τὴν
3463 3026 3555 3078 ἐπὶ
3592 3025 3745 3081 1:12!-

2156 3133 2280 3169 στον
2319 3116 2619 3188 μεταϐολὴν
2648 3117 2742 3171 τοῦ
2773 3117 2935 3189 ἀέρος
2966 3115 3353 3171 ἐνδείκνυνται.
3377 3117 3581 3174 Aratus
3618 3137 3634 3174 :

2527 3231 2737 3300 ἠελίου
2766 3230 3062 3301 σχεδόθεν
3085 3231 3458 3301 μελανεῦσαι
3484 3231 3673 3287 ἀλωαὶ

2190 3299 2413 3371 Είξδιοι,
2445 3302 2771 3371 ἁσσότεραι
2803 3299 2871 3354 δὲ
2897 3302 2995 3354 καὶ
3025 3299 3330 3371 ἀστεμφὲς
3343 3303 3731 3371 μελανεῦσαι

2185 3369 2444 3425 Μᾶλλον
2464 3369 2768 3443 χειμέριαι.
2795 3372 2912 3426 Δύο
2946 3372 2998 3424 δ’
3034 3371 3113 3426 ἂν
3141 3369 3547 3443 χαλεπώτεραι
3562 3370 3706 3432 εἶεν.

2152 3484 2476 3543 Ptolemaeus
2500 3502 2719 3558 quoque
2741 3487 2837 3543 lib.
2867 3502 2928 3550 ιι,
2955 3502 3078 3558 cap.
3107 3489 3301 3544 ultimo
3334 3505 3588 3546 arearum
3622 3490 3741 3544 ani-

2152 3582 2587 3637 madversionem
2611 3598 2719 3639 non
2740 3583 2977 3654 neglexit
2998 3605 3011 3639 :
3034 3601 3160 3640 nam
3194 3586 3240 3642 si
3269 3600 3380 3641 una
3412 3584 3579 3640 fuerit
3605 3598 3743 3656 pura

2153 3674 2523 3744 paulatimque
2571 3683 2883 3739 evanescat,
2927 3676 3279 3732 serenitatem
3318 3695 3331 3730 :
3365 3676 3453 3732 sin
3483 3674 3607 3731 duae
3649 3683 3744 3730 aut

2152 3771 2288 3827 tres,
2331 3763 2564 3819 hiemem
2599 3765 2931 3833 signiﬁcant.
2962 3766 3140 3835 Atque
3171 3766 3273 3821 hac
3296 3781 3419 3821 cum
3449 3775 3740 3822 ventorum

2153 3856 2520 3920 turbulentia,
2584 3856 2893 3920 subrubra,
2934 3857 3204 3928 quasique
3248 3865 3557 3927 perruptae,
3613 3871 3741 3911 cum

2151 3944 2299 4011 nive,
2352 3946 2669 4016 caliginosae
2722 3962 2871 4011 vero,
2925 3963 2989 4002 ac
3030 3950 3223 4018 spissae
3273 3948 3390 4003 haec
3436 3947 3739 4002 accidentia

2152 4036 2361 4104 majora
2399 4052 2463 4090 ac
2495 4037 2769 4093 severiora
2817 4039 3173 4108 portendunt.
3207 4038 3409 4095 Aratus
3450 4039 3567 4093 haec
3607 4053 3741 4110 pro-

2152 4128 2401 4197 gnostica
2434 4128 2508 4181 ita
2539 4127 2805 4184 describit
2840 4149 2853 4185 :

2186 4240 2253 4291 El
2292 4236 2361 4291 δέ
2381 4241 2450 4292 κέ
2470 4258 2577 4308 μιν
2607 4240 2739 4307 περὶ
2767 4240 2977 4295 πᾶσαν
3008 4241 3197 4297 ἀλωαὶ
3224 4239 3675 4306 invidebo-artat,

2192 4310 2271 4382 Ἰ(
2290 4309 2544 4382 τρεῖςηήὲ
2575 4310 2684 4382 δύο
2714 4312 3136 4381 περικείμεναι,
3164 4312 3237 4380 ἠὲ
3256 4312 3342 4382 μί’
3367 4313 3483 4379 ειη,

2194 4377 2271 4451 Τῇ
2296 4377 2414 4447 μὲν
2448 4379 2511 4451 ἴῃ
2541 4377 2796 4451 ἀνέμοιο
2817 4377 3150 4451 galba-alni;
3174 4377 3238 4437 τε
3257 4377 3543 4438 ’δοκεύειν

2199 4450 2571 4523 Υηῖῖηιιιξφη
2600 4450 2861 4523 ἀνέμοιο·
2888 4454 3296 4523 μαραινομένη
3324 4452 3393 4506 δὲ
3416 4455 3708 4523 γαλήνης.

2190 4518 2427 4601 [αλρύο
2536 4519 2613 4601 ἦν
2644 4518 2903 4601 χειμιρνί
2929 4518 3372 4601 περιτροχάοιτο
3397 4518 3650 4601 delum.

469 4602 623 4650 mant
656 4593 721 4646 ad
754 4594 909 4662 signa
955 4590 1290 4645 naturalium
1346 4588 1662 4653 eﬂ‘ectuum,
1708 4587 2043 4651 serenitatis,

2185 4588 2519 4673 illeiCOfand‘
2555 4587 2919 4673 ἂνᾴεῑμεῦνα
2944 4587 3472 4673 φέρεὶτξριέλωςτος

469 4683 687 4754 pluviae,
712 4690 1025 4745 ventorum,
1050 4678 1379 4741 sterilitatis,
1400 4677 1674 4744 sanitatis,
1705 4677 2044 4742 morborum,

467 4775 710 4840 serendi,
744 4774 989 4839 secandi,
1032 4770 1347 4843 navigandi,
1380 4780 1433 4826 et
1468 4770 1801 4836 medicandi,
1832 4769 1899 4825 de
1923 4772 2046 4841 qui-

467 4869 570 4923 bus
605 4867 704 4924 lib.
735 4883 901 4931 xvm,
934 4882 1055 4936 cap.
1090 4864 1158 4920 55
1181 4905 1195 4930 ,
1246 4865 1469 4933 cepiose
1509 4861 1741 4927 Plinius,
1790 4863 2049 4918 collector

467 4961 869 5033 Georgicorum,
909 4961 1113 5013 Aratus
1165 4965 1219 5012 et
1261 4957 1384 5024 alii;
1431 4965 1486 5012 et
1532 4971 1633 5011 nos
1682 4958 1944 5012 nonnulla
1982 4974 2049 5013 ex

465 5056 576 5113 illis
603 5069 894 5124 excerpere
921 5053 1271 5135 conabimur.

538 5149 702 5210 lbid.,
763 5148 861 5201 lin.
907 5146 998 5200 es.
1046 5144 1257 5215 Ἀχλὺς
1304 5142 1413 5213 γὰρ
1473 5142 1536 5195 τὸ
1585 5142 1733 5210 ἀέρι.
1789 5141 2047 5205 Basilius,

469 5245 614 5297 hom.
644 5239 699 5302 6,
742 5238 990 5292 Ἐπειδὰν
1022 5237 1131 5305 γὰρ
1157 5237 1223 5289 δι’
1254 5235 1449 5306 ἀχλύος
1478 5237 1511 5306 ἡ
1547 5233 1794 5306 ἀναφορὰ
1825 5234 2048 5307 γένηται

467 5336 560 5390 τοῦ
589 5335 762 5405 ἡλίου,
795 5332 1173 5405 ἀμαυροῦνται
1205 5331 1302 5401 μὲν
1333 5331 1388 5382 αἱ
1417 5331 1654 5391 ἀκτῖνες,
1696 5326 2048 5397 ἀνθρακώδης

466 5431 525 5483 δὲ
551 5431 644 5483 καὶ
677 5428 913 5498 ὒφαιμος
948 5426 1044 5496 τὴν
1072 5423 1236 5498 χρόαν
1262 5425 1471 5493 ὁρᾶται,
1497 5423 1592 5494 τῆς
1618 5419 1927 5491 παχύτητος
1952 5418 2047 5472 τοῦ

469 5523 627 5593 ἀέρος
656 5521 861 5590 ταύτην
887 5516 1221 5589 ἐμποιούσης
1258 5515 1355 5587 τὴν
1390 5512 1693 5585 φαντασίαν
1721 5515 1841 5575 ταῖς
1871 5512 2047 5581 ὄψεσι.

468 5613 561 5685 Μὴ
596 5614 865 5684 διαχυθεὶς
916 5611 973 5664 δὲ
1013 5610 1116 5663 ὑπὸ
1143 5609 1242 5679 τῆς
1291 5609 1509 5672 ἀκτῖνος
1542 5606 1570 5658 ὁ
1625 5605 2051 5674 πεπυκνωμένος

469 5705 605 5768 τέως
641 5706 742 5758 καὶ
774 5702 1045 5765 συνεστὼς
1089 5700 1216 5771 ἀὴρ,
1253 5699 1412 5770 δῆλός
1457 5702 1572 5752 ἐστι
1600 5697 1689 5751 διὰ
1731 5698 1830 5769 τὴν
1878 5698 2049 5768 ἀπόῤ-

472 5798 622 5866 ροιαν
649 5794 757 5848 τῶν
792 5797 855 5847 ὲκ
886 5794 985 5863 τῆς
1026 5793 1129 5863 γῆς
1163 5792 1350 5863 ἀτμῶν
1398 5791 1740 5864 κρατηθῆναι
1778 5792 1851 5862 μὴ
1895 5780 2051 5862 δυνή-

472 5886 605 5947 θεὶς,
630 5883 763 5935 ἀλλὰ
797 5882 872 5951 τῷ
898 5880 1219 5950 πλεονασμῷ
1255 5881 1343 5933 τοῦ
1371 5882 1536 5953 ὑγροῦ
1566 5881 1807 5951 χειμῶνα
1835 5881 2049 5945 ἐπάξων

2186 4658 2294 4712 Καὶ
2305 4657 2547 4728 μᾶλλον
2556 4657 3062 4730 μελανεῦσαιξκὰὶ
3078 4666 3129 4718 εί
3137 4657 3220 4733 ﬁn
3227 4657 3465 4734 γινοίατο

2151 4775 2323 4826 Areas
2353 4772 2454 4828 has
2485 4790 2721 4830 coronas
2759 4779 2974 4832 vocavit
3004 4776 3217 4833 Plinius
3252 4777 3350 4834 lib.
3387 4794 3449 4842 η,
3478 4794 3599 4849 cap.
3638 4778 3736 4845 29,

2151 4863 2372 4933 quando
2414 4864 2668 4922 videlicet
2701 4870 2849 4922 circa
2887 4871 3060 4925 solem
3094 4880 3147 4924 et
3194 4871 3402 4933 lunam,
3446 4872 3528 4927 vel
3571 4872 3735 4926 aliam

2149 4956 2350 5009 claram
2384 4959 2598 5012 stellam
2633 4959 2876 5015 circulus
2922 4962 3283 5032 conspicitur.
3322 4959 3600 5017 Exsistunt
3632 4979 3741 5017 ea:-

2150 5046 2267 5101 dem
2296 5066 2502 5104 corona:
2532 5054 2676 5106 circa
2710 5053 2911 5119 lunam,
2941 5064 2989 5109 et
3018 5056 3162 5109 circa
3194 5056 3574 5121 nobiliaastra
3604 5057 3734 5111 cmlo

2150 5156 2350 5209 quoque
2386 5142 2718 5198 inhwrcntia.
2758 5146 3083 5203 Aristoteles
3113 5149 3181 5203 de
3230 5149 3315 5203 his
3350 5148 3444 5202 lib.
3483 5164 3569 5216 ιιι,
3619 5147 3735 5203 Με-

2152 5243 2280 5288 teor.
2316 5236 2560 5289 omnium
2598 5239 3029 5295 absolutissime.
3772 5240 3779 5265 "

2221 5324 2380 5384 lbi(l..
2431 5327 2528 5381 lin.
2571 5328 2629 5382 5|
2675 5349 2688 5383 :
2739 5332 2918 5385 Ἐπὰν
2964 5331 3033 5384 δὲ
3082 5331 3182 5385 καί
3242 5336 3296 5385 οἱ
3349 5334 3729 5403 καλούμενοι.

2149 5415 2353 5470 Aratus
2397 5438 2411 5472 :

2182 5533 2449 5607 Σκέπτεο
2475 5533 2525 5587 δ’
2548 5535 2584 5602 ἢ
2610 5535 2905 5607 ἀνιόντος.
2934 5534 2972 5601 ἢ
3001 5537 3217 5607 αὐτίκα
3248 5536 3561 5607 δυομένοτο

2188 5602 2261 5657 Εἴ
2285 5620 2402 5658 που
2433 5609 2485 5658 οι
2518 5606 2748 5674 νεφέων
2775 5605 2847 5658 τὰ
2872 5605 3137 5673 παρήλια
3160 5602 3612 5673 κικλήὰκονται.

2190 5674 2265 5746 Ἦ.
2284 5676 2485 5746 νότου,
2524 5677 2596 5741 ἠὲ
2621 5675 2849 5742 ,80ρῆος
2875 5677 3173 5744 ἐρεύθεται
3199 5678 3238 5746 ἢ
3263 5677 3598 5745 ἑκάτερθεν,

2186 5743 2282 5817 Μὴ
2375 5746 2528 5817 οὕτω
2550 5746 2816 5817 σκοπιὴν
2835 5743 3058 5814 ταύτην
3078 5743 3342 5817 ἀμινῆνα
3360 5743 3725 5817 φυλάσσειν·

2187 5814 2393 5888 quq-dp
2410 5815 2492 5867 ὅτ’
2509 5816 2923 5888 ᾀμροτὲρυθεν
2942 5818 3092 5887 ὁμοῦ
3108 5814 3237 5887 ἀερὶ
3250 5814 3491 5888 μέσσον
3505 5819 3730 5888 ἔχωσιν

2202 5884 2427 5938 Ἠέλιον
2455 5886 2638 5939 κεῖναι
2676 5886 2920 5957 νεςέλαι
2945 5884 3571 5957 ἐχεδὸτίῺκεανοῖο,”
3656 5886 3661 5893 ’
