4124 6422
403 397 507 453 865

439 515 642 583 Fﬁrru
653 534 712 583 cu
743 513 995 583 ἀμϐολίη
1022 510 1219 566 διόθεν
1241 509 1540 581 χειμῶνος
1558 514 1771 578 ἰόντος.

439 581 602 652 Εῑήγε
617 582 734 651 μὲν
752 584 820 636 ἐκ
847 581 1069 650 βορέαο
1094 583 1179 651 μί’
1211 583 1306 650 οἴη
1333 585 1713 651 φοινίσσοιτο
1740 623 1753 645 ,

451 653 547 707 Ἐκ
563 654 757 721 ,βορέω
786 653 998 718 πνοιάς
1027 669 1095 706 κε
1123 652 1308 722 φέροι·
1335 655 1502 720 νοτίη
1536 652 1604 704 δὲ
1627 653 1842 704 νότοιο.

440 722 508 778 Ἦ
543 724 644 776 καί
668 741 784 776 που
809 723 1168 792 ῥαθάμιγγες
1194 724 1577 791 ἐπιτροχόωσ’
1608 723 1822 784 ὑετοῖο,

450 793 779 861 Ἑσπερίοις
799 795 894 846 καὶ
917 793 1159 861 μᾶλλον
1179 793 1502 860 ἐπιπρεπὲς
1524 793 1702 861 ἤματι
1723 795 1974 858 τούτοις·

452 862 811 933 Ἐσπερόθεν
840 862 951 933 γὰρ
981 863 1138 932 ὁμῶς
1169 864 1524 933 σημαίνεται
1556 862 1809 932 ἐμμενὲς
1840 864 1975 917 alet.

405 976 481 1032 De
521 977 810 1040 antheliis,
846 977 961 1030 sive
990 976 1243 1046 pareliis,
1287 974 1630 1038 Aristotcles,
1661 974 1888 1041 Plinius,
1925 983 1980 1030 et

403 1069 516 1124 alii.

473 1161 592 1216 Col.
613 1161 736 1223 7'20,
765 1161 858 1215 lin.
885 1161 954 1215 53
987 1179 998 1214 :
1025 1158 1133 1214 Kal
1155 1158 1340 1211 πάλιν
1373 1158 1554 1226 ἡνίκα
1566 1156 1831 1224 ῥάϐδοις.
1858 1158 1980 1211 Ari-

405 1256 628 1310 stoteles
665 1253 886 1309 Meteor.
922 1255 1016 1309 lib.
1049 1269 1131 1314 Ill.
1163 1252 1364 1321 parelia
1392 1251 1674 1314 scribit,-et
1693 1252 1872 1321 virgas
1887 1266 1980 1306 ea-

401 1347 522 1401 dem
547 1363 613 1401 ex
637 1363 804 1402 causa
832 1348 966 1409 ﬁeri,
995 1347 1090 1402 sed
1120 1345 1286 1400 nubis
1307 1345 1498 1398 habitu
1528 1345 1768 1407 diverso,
1804 1345 1978 1413 siqui-

400 1434 522 1491 dem
553 1452 676 1490 cum
714 1437 804 1490 illa
856 1437 1180 1506 caliginosa,
1225 1445 1274 1490 et
1317 1435 1563 1504 asqualis,
1611 1449 1673 1488 ac
1718 1442 1978 1504 praeterea

400 1543 604 1598 aquosa
630 1529 911 1599 densaque
939 1530 1121 1592 fuerit,
1157 1537 1270 1582 tum
1301 1531 1478 1583 visum
1513 1538 1774 1597 tanquam
1811 1542 1841 1580 a
1873 1527 1978 1582 levi

400 1622 624 1690 speculo
671 1623 739 1676 ad
792 1625 959 1677 solem
1022 1622 1279 1677 reﬂexum
1337 1621 1632 1676 candorem
1668 1621 1975 1689 concipere.

402 1713 579 1770 Solem
622 1717 766 1771 enim
801 1725 856 1770 et
904 1718 1087 1772 colore
1130 1723 1182 1769 et
1219 1718 1388 1785 ﬁgura
1439 1715 1643 1770 referre
1691 1713 1976 1783 parelium,

400 1820 466 1861 ac
495 1807 658 1862 nubis
686 1809 902 1877 quidem
935 1808 1303 1878 mqualitatem
1334 1805 1535 1860 coloris
1573 1793 1697 1859 esse
1725 1819 1975 1862 causam.

399 1898 746 1954 reﬂexionem
774 1908 953 1953 autem
982 1900 1134 1953 visus
1168 1899 1232 1952 ad
1267 1899 1465 1952 nubem
1503 1905 1760 1966 tanquam
1787 1911 1978 1966 specu—
2011 1887 2049 1940 Β

398 1991 510 2047 lum
552 1991 754 2058 ﬁguras,
788 2007 912 2047 cum
944 1993 1036 2046 illa
1076 1999 1132 2046 ut
1171 1993 1410 2046 nondum
1443 1991 1513 2046 sit
1548 2005 1708 2059 aqua,
1743 1990 1818 2042 ita
1846 2005 1979 2042 con-

399 2084 579 2140 festim
610 2087 680 2141 sit
715 2088 767 2140 in
792 2101 856 2140 ea
899 2087 1181 2151 mutanda,
1217 2086 1448 2155 ideoque
1491 2085 1728 2155 pluviam
1759 2094 1976 2152 porten-

397 2178 527 2232 dere
561 2180 826 2248 parelium
858 2180 1032 2248 magis
1070 2179 1136 2231 ad
1173 2188 1420 2232 austrum
1454 2192 1615 2246 quam
1647 2176 1715 2230 ad
1753 2177 1975 2229 boream

397 2269 583 2334 situm,
611 2271 754 2340 quod
778 2271 924 2326 illius
953 2287 1047 2325 aer
1077 2271 1291 2325 facilius
1313 2285 1476 2340 quam
1508 2269 1672 2338 hujus
1703 2269 1755 2322 in
1780 2282 1975 2337 aquam

396 2368 662 2416 transeat.
698 2359 942 2430 Denique
976 2361 1188 2416 oriente
1231 2371 1283 2415 et
1326 2362 1610 2415 occidente
1652 2361 1766 2414 sole
1800 2360 1974 2422 cerui,

397 2467 506 2504 non
533 2453 638 2506 alte
659 2452 752 2505 sed
787 2452 1006 2520 oblique
1041 2453 1168 2510 sita.
1201 2459 1261 2505 ut
1292 2460 1346 2507 et
1376 2453 1576 2520 virgas,
1605 2465 1726 2520 quas
1752 2457 1977 2520 propter

397 2543 622 2596 nubium
655 2543 1080 2611 inaequalitatem
1107 2544 1186 2597 sic
1211 2551 1497 2596 vocantur.

468 2632 628 2694 Ibid.,
684 2635 779 2688 lin.
813 2635 901 2688 58.
959 2635 1020 2690 Ἠ
1060 2635 1128 2688 δὲ
1187 2634 1420 2702 σελήνη
1479 2635 1724 2688 ἐπειδὰν
1775 2634 1846 2686 ἐν
1901 2631 1975 2700 τῇ

393 2724 582 2791 τρίτῃ.
618 2723 873 2790 Basilius,
918 2727 1066 2780 hom.
1100 2726 1155 2790 6,
1195 2727 1379 2799 Λεπτὴ
1421 2728 1517 2798 μὲν
1546 2727 1655 2798 γὰρ
1684 2723 1819 2780 οὖσα
1849 2727 1976 2797 περὶ

394 2817 583 2888 τρίτην
632 2817 843 2889 ἡμέραν
890 2818 982 2872 καὶ
1025 2819 1260 2890 καθαρὰ,
1311 2820 1580 2892 σταθερὰν
1627 2821 1807 2873 εὐδίαν
1846 2837 1975 2873 κατ-

392 2907 806 2976 επαγγέλλεται*
827 2912 1024 2979 παχεῖα
1039 2910 1093 2962 δὲ
1115 2915 1234 2974 ταῖς
1257 2912 1527 2983 κεραίαις,
1552 2913 1645 2966 καὶ
1671 2911 1973 2983 ὑπέρυθρος

393 3000 712 3070 φαινομένη,
747 3000 779 3071 ἢ
809 3001 902 3054 καὶ
946 3001 1090 3073 ὕδωρ
1147 3003 1348 3074 λάϐρον
1376 3004 1482 3057 ἀπὸ
1513 3003 1710 3072 νεφῶν,
1753 3003 1785 3073 ἢ
1819 3003 1971 3056 νότου

394 3089 572 3159 βιαίαν
617 3093 828 3162 κίνησιν
875 3093 1107 3148 ἀπειλεῖ.
1161 3095 1236 3148 Ex
1279 3096 1480 3165 quibus
1515 3096 1734 3164 corrigo
1762 3103 1970 3149 textum

390 3180 684 3248 Eustaihii,
721 3183 869 3262 ὕδωρ
891 3185 1111 3256 λάϐρον,
1141 3186 1172 3256 ἢ
1197 3187 1346 3239 νότον
1372 3187 1560 3256 βίαιον.
1592 3189 1791 3242 Aratus
1815 3187 1972 3241 lucu-

394 3273 570 3329 lenter
594 3276 709 3330 haec
741 3278 924 3330 omnia
952 3296 964 3330 :

425 3365 624 3436 Λεπτὴ
650 3366 766 3434 μὲν
795 3367 1021 3435 καθαρὴ
1060 3385 1124 3421 τε
1150 3368 1284 3436 περὶ
1313 3369 1512 3436 τρίτον
1540 3364 1695 3436 ἦμαρ
1720 3368 1929 3432 ἐοῦσα,

429 3435 641 3500 anm
673 3437 725 3488 κ’
754 3436 866 3501 εἵη,
897 3438 1088 3504 λεπτὴ
1119 3438 1185 3491 δὲ
1211 3435 1307 3492 καὶ
1339 3441 1408 3491 οὐ
1431 3435 1846 3506 μάλ’ἐρευθὴς

426 3507 784 3577 Πνευματίη.
812 3509 1004 3574 ΙΙαχίη
1038 3509 1104 3561 δὲ
1140 3510 1236 3562 οιαὶ
1269 3509 1588 3576 ἀμϐλείῃσι
1620 3511 1883 3577 κεραίαις

431 3574 805 3648 Τέτρατονέκ
836 3577 1163 3643 τριατιὶτοιο
1187 3574 1345 3646 φόως
1371 3574 1936 3648 ἀμενηνὸνέχουσα

432 3647 500 3700 Ἦ
527 3646 678 3712 νότῳ
697 3647 1078 3716 ἀμϐλύνεται,
1101 3649 1139 3716 ἢ
1163 3649 1379 3714 ὕδατος
1397 3646 1575 3719 ἐγγὺς
1598 3650 1824 3714 ἐόντος.

391 3757 568 3813 Varro
603 3775 617 3811 :
655 3757 716 3814 Si
765 3771 954 3830 quarto
1012 3761 1097 3816 die
1151 3765 1277 3815 (una
1318 3765 1418 3816 erit
1465 3763 1688 3828 directa,
1723 3781 1968 3834 magnam

387 3860 748 3921 tempestatem
783 3855 835 3906 in
869 3856 1005 3907 mari
1048 3857 1347 3926 pra'sagiet,
1381 3858 1482 3910 nisi
1507 3857 1553 3909 si
1583 3873 1833 3909 coronam
1862 3859 1969 3910 cir-

384 3957 452 3995 ca
495 3959 549 3996 se
575 3943 806 4007 habebit,
839 3954 888 3998 et
921 3962 1036 3998 eam
1070 3947 1334 3999 sinceram
1365 3963 1382 4000 :
1419 3949 1666 4016 quoniam
1689 3948 1784 4000 illo
1815 3948 1968 4002 modo

383 4051 492 4087 non
520 4045 640 4089 ante
667 4036 884 4103 planam
911 4037 1093 4090 lunam
1120 4038 1474 4091 Itiematurum
1505 4039 1755 4105 ostendit,
1786 4041 1832 4092 si
1859 4041 1969 4107 ple-

385 4125 598 4178 nilunio
635 4143 726 4195 per
759 4127 1036 4181 dimidium
1071 4144 1204 4197 pura
1235 4130 1354 4192 erit,
1387 4128 1497 4183 dies
1524 4147 1732 4184 serenos
1763 4131 1971 4200 signiﬁ-

380 4219 626 4271 cabrt:si
655 4220 839 4281 rutila,
873 4230 1048 4274 ventos
1081 4237 1098 4272 :
1124 4223 1441 4292 nigrescens,
1463 4224 1678 4276 imbres.
1709 4221 1768 4276 Si
1796 4225 1966 4292 caligo

377 4310 530 4362 orbis
555 4308 742 4363 nubem
778 4313 1070 4377 incluserit,
1103 4322 1279 4366 ventos
1312 4329 1416 4383 qua
1443 4330 1498 4366 se
1539 4315 1736 4381 ruperit
1763 4329 1779 4367 :
1815 4316 1862 4367 si
1888 4331 1969 4384 ge-

379 4401 521 4454 mini
540 4400 688 4456 orbes
709 4402 1008 4470 junxerint,
1041 4405 1298 4474 majorem
1320 4416 1702 4473 tempestatem,
1726 4416 1774 4460 et
1799 4409 1966 4476 magis

372 4495 428 4548 si
459 4503 566 4548 tres
593 4509 767 4558 erunt,
791 4506 882 4549 aut
925 4498 1082 4566 nigri.
1123 4506 1217 4550 aut
1247 4499 1549 4566 interrupti,
1587 4509 1740 4569 atque
1763 4498 1965 4552 distra-

1412 393 1478 447 lN
1521 391 1893 449 EUSTATHII
1923 392 2397 450 HEXAI‘IMI'LRON
2437 395 2662 452 NOTJE.

3555 399 3660 456 866

2012 535 2056 586 Α
2089 530 2184 566 noc
2210 527 2496 568 conceaant
2529 517 2694 569 oculis
2719 524 2936 578 ncslris,
2964 529 3017 568 ut
3041 531 3103 568 ea
3129 531 3234 568 auo
3259 529 3456 578 staera,
3477 517 3664 568 mani-

1998 3247 2040 3302 C

2081 605 2270 674 festum
2303 609 2370 660 sit
2411 607 2638 676 amplius
2679 609 2883 660 carteris
2923 608 3094 662 lucere
3123 625 3276 678 super
3315 619 3529 670 terram,
3571 624 3662 662 nec

2079 698 2215 752 diem
2238 700 2526 754 clarescere
2561 701 2665 753 nisi
2692 699 2804 752 luce
2832 700 2984 764 solis,
3013 717 3105 752 nec
3139 711 3341 754 noctem
3377 710 3453 752 tot
3491 700 3660 754 stellis

2080 791 2424 861 fulgentibus.
2460 795 2536 845 ita
2571 794 2740 846 lucere
2776 794 2822 845 si
2855 793 2982 846 luna
3025 791 3182 859 desit,
3215 793 3659 864 quemadmodum

2079 886 2358 952 praesentia
2388 885 2531 937 illius
2564 885 2898 938 illustratur.

2150 973 2311 1040 Ibid.,
2344 977 2439 1030 lin.
2469 976 2557 1030 44.
2599 977 2675 1030 Τὰ
2713 974 2780 1028 δὲ
2806 975 2998 1043 ἄστρα
3027 975 3126 1029 καὶ
3147 973 3374 1045 μηνῶν.
3407 975 3482 1031 De
3511 977 3660 1031 varia

2080 1076 2351 1120 astrorum
2387 1066 2868 1121 obscrvatione‘in
2904 1081 3158 1136 agrorum
3204 1069 3441 1129 cultura,
3491 1069 3659 1120 multa

2079 1167 2313 1220 veteres,
2345 1157 2580 1220 Plinius.
2617 1157 3052 1229 Theophrastus,
3088 1157 3284 1222 Varro,
3312 1167 3502 1213 auctor
3531 1157 3662 1212 Ceo-

2079 1251 2410 1317 ponicorum,
2442 1258 2496 1304 et
2530 1250 2646 1305 alii.

2149 1339 2309 1404 Ibid.,
2360 1341 2456 1394 lin.
2497 1340 2589 1395 46.
2626 1339 2739 1394 Kal
2782 1343 2842 1394 αἱ
2877 1340 3153 1408 πλειάδες
3192 1341 3662 1396 ἁνατέλλουσαι.

2079 1431 2352 1487 Hesiodus
2377 1435 2431 1487 in
2467 1435 2697 1503 Ἔργοις
2723 1434 2821 1486 καὶ
2847 1435 3114 1503 ἡμέραις,
3153 1435 3188 1488 Ι.
3222 1450 3281 1486 n.

2112 1546 2430 1612 Πληϊάδων
2475 1547 2871 1615 Ἀτλαγενέων
2897 1546 3432 1612 ἐπιτελλομενάων,

2118 1619 2217 1737 Ἀὶρ
2243 1619 2388 1685 ,εσο’
2411 1617 2658 1686 ἀμητοῦ·
2689 1619 2923 1686 ἀρότοιο
2955 1618 3021 1670 δὲ
3046 1616 3499 1686 δυσσομεϊὰων·

2118 1693 2154 1740 Α
2214 1637 2287 1740 (ζὴ
2319 1705 2406 1740 τοι
2430 1689 2652 1740 νύκτας
2675 1706 2738 1740 τε
2772 1689 2869 1740 καὶ
2891 1687 3086 1740 ’ἤιιατα
3108 1687 3499 1740 τεσσίιοιίλιονπ

2115 1686 2188 1740 Al
2214 1686 2287 1752 δή
2319 1705 2406 1740 τοι
2430 1689 2652 1756 νύκτας
2675 1706 2738 1742 τε
2772 1689 2869 1740 καὶ
2891 1687 3086 1756 ἤματα
3108 1687 3559 1756 τεσσαράκοντα

2112 1760 2504 1826 Κεκρύφαται·
2539 1755 2708 1824 αὖτις
2737 1758 2803 1810 δὲ
2827 1758 3264 1827 περιπλομένου
3297 1755 3577 1811 ἐνιαυτοῦ

2115 1831 2450 1893 φαίνονται,
2475 1828 2546 1882 τὰ
2578 1828 2780 1896 πρῶτα
2807 1830 3286 1897 χαρασσομένοιο
3313 1828 3588 1896 σιδήρου.

2080 1941 2144 1994 Et
2181 1941 2503 2005 Columella,
2533 1941 2608 1995 De
2645 1959 2698 1994 re
2723 1941 2944 2004 rustica,
2981 1941 3075 1994 lib.
3119 1956 3180 2002 ιι,
3221 1955 3341 2008 cap.
3385 1939 3439 2002 8,
3482 1938 3663 1991 l'lacet

2080 2043 2260 2088 nostro
2303 2043 2468 2104 poeta:
2509 2035 2782 2097 adoreum,
2845 2043 2998 2104 atque
3061 2034 3221 2087 etiam
3267 2033 3501 2084 triticum
3557 2047 3665 2086 non

2079 2135 2198 2181 ante
2230 2128 2490 2179 seminare
2512 2143 2667 2196 quam
2697 2125 2988 2180 occiderint
3011 2124 3248 2194 Virgilio:
3274 2140 3292 2177 :
3313 2123 3450 2193 quod
3486 2124 3659 2192 ipsum

2078 2221 2309 2273 numeris
2348 2221 2424 2273 sic
2461 2220 2701 2272 edisserit
2734 2233 2752 2272 ε

2165 2313 2232 2364 At
2266 2313 2312 2364 si
2343 2313 2601 2365 triticeam
2638 2314 2689 2363 in
2722 2328 2962 2376 messem,
2995 2311 3312 2381 robustaque
3341 2313 3492 2377 farra

2160 2381 2441 2436 Exercebis
2466 2382 2680 2434 humum
2713 2383 2940 2449 solisque
2963 2383 3182 2435 instabis
3215 2385 3395 2436 aristis
3421 2424 3436 2448 ,

2164 2454 2298 2506 Ante
2334 2452 2426 2505 tibi
2457 2452 2582 2506 an:
2610 2453 2910 2506 Atlantides
2943 2453 3356 2510 abscondantur.

2075 2565 2486 2620 Absconduntur
2512 2576 2686 2620 autem
2716 2567 2882 2621 altero
2927 2575 2974 2620 et
3001 2567 3264 2620 tricesimo
3299 2565 3385 2620 die
3416 2573 3532 2636 post
3569 2583 3661 2620 au-

2078 2659 2311 2712 tunmale
2362 2659 2768 2728 te'iuinoctium,
2818 2659 2965 2727 quod
3019 2659 3126 2728 fere
3181 2659 3461 2728 conﬁcitur
3521 2675 3662 2712 nono

2076 2746 2307 2804 Kalend.
2336 2747 2579 2804 Octobris
2611 2764 2627 2801 :
2655 2757 2868 2817 propter
2893 2748 3030 2819 quod
3060 2749 3282 2822 intelligi
3314 2749 3462 2802 debet
3493 2750 3660 2802 tritici

2083 2845 2222 2897 satio
2253 2843 2457 2897 dierum
2496 2859 2588 2897 sex
2611 2851 2661 2897 et
2700 2842 3053 2914 quadraginta
3094 2843 3156 2896 ab
3184 2859 3374 2896 occasu
3408 2843 3659 2913 Virgilia—

2077 2954 2192 2990 rum
2227 2937 2315 3006 qui
2349 2937 2411 3004 ﬁt
2445 2947 2568 2990 ante
2592 2938 2728 2989 diem
2760 2953 2812 2990 ις
2845 2933 3076 2992 Kalend.
3104 2935 3416 2990 Novembris
3440 2937 3506 2989 ad
3533 2936 3657 2988 bru-

2077 3044 2176 3082 ma:
2211 3038 2447 3097 tempora
2482 3044 2497 3080 :
2525 3029 2602 3081 sic
2631 3029 2770 3082 enim
2805 3037 3012 3080 servant
3061 3027 3340 3096 prudentes
3384 3027 3655 3098 agricola’,

2075 3130 2132 3173 ut
2165 3119 2462 3190 quindecim
2500 3120 2682 3173 diebus
2719 3122 2865 3182 prius
2912 3137 3067 3190 quam
3093 3123 3410 3190 conficiatur
3447 3121 3655 3184 bruma,

2077 3211 2395 3280 totidemque
2433 3219 2550 3278 post
2597 3227 2714 3263 eam
2762 3209 3052 3278 confectam
3091 3228 3252 3280 neque
3294 3219 3466 3274 arent,
3495 3227 3661 3266 neaue

2075 3304 2230 3356 vitem
2266 3313 2358 3354 aut
2394 3303 2634 3355 arborem
2662 3310 2866 3370 putent.

2143 3392 2302 3456 Ibid.,
2335 3394 2430 3447 lin.
2451 3393 2538 3448 54.
2566 3393 2686 3461 Πρό
2717 3392 2785 3444 δὲ
2818 3393 3042 3446 τούτων
3069 3394 3303 3460 χρόνος.
3356 3393 3522 3462 quue
3551 3393 3654 3448 de-

2073 3485 2370 3540 monstrari
2410 3493 2586 3555 potest
2617 3492 2938 3554 argumento
2967 3485 3304 3538 validissimo
3335 3501 3398 3540 ex
3442 3485 3656 3540 Aristo-

2074 3577 2196 3631 telis
2222 3577 2494 3637 doctrina.
2527 3576 2930 3646 pias-apposito
2958 3582 3171 3645 tempus
3206 3591 3328 3631 esse
3359 3592 3652 3630 numerum

2074 3677 2274 3724 motus.
2334 3669 2391 3723 In
2446 3683 2554 3737 quo
2609 3674 2790 3722 autem
2844 3668 3060 3722 diﬂ‘erat
3113 3683 3285 3722 aevum
3333 3684 3362 3721 a
3411 3675 3657 3738 tempore

2073 3765 2229 3832 plura
2262 3762 2491 3816 Proclus
2535 3761 2843 3816 Diadochus
2873 3761 2926 3814 in
2958 3761 3240 3832 Tlteologia
3273 3760 3579 3817 Platonica.

2142 3855 2300 3918 lbid.,
2340 3855 2437 3908 lin.
2469 3853 2556 3908 57.
2594 3851 2848 3921 Καιροὺς
2871 3852 2939 3906 δὲ
2961 3854 3164 3923 λέγειν
3193 3855 3512 3923 ἡγούμεθα.
3551 3855 3625 3910 Ba
3640 3883 3657 3894 --

2073 3948 2254 4012 silius,
2284 3948 2431 4000 hom.
2469 3943 2524 4010 6,
2561 3947 2799 4016 Καιροὺς
2827 3946 2882 3998 δὲ
2916 3944 3093 4014 λέγειν
3122 3944 3403 4017 ἡγούμεθα
3423 3946 3522 4010 τὰς
3545 3947 3657 4001 τῶν

2071 4037 2230 4110 ὡρῶν
2275 4037 2600 4106 ὲναλλαγὰς,
2636 4038 2925 4108 χειμῶνος,
2960 4038 3055 4090 καὶ
3088 4037 3266 4107 ἔαρος,
3307 4040 3402 4092 καὶ
3440 4038 3653 4110 θέρους,

2070 4131 2164 4182 καὶ
2193 4128 2530 4200 μετοπώρουο
2555 4130 2620 4191 ἃς
2648 4129 2922 4192 εὐτάκτως
2949 4127 3281 4199 περιοδεύειν
3313 4131 3459 4199 ἡμᾶς
3482 4131 3544 4183 τὸ
3564 4149 3654 4184 τε·

2069 4221 2338 4290 ταγμένον
2375 4221 2472 4291 τῆς
2510 4221 2776 4290 κινήσεως
2806 4219 2914 4273 τῶν
2943 4222 3244 4291 φωστήρων
3273 4222 3521 4292 παρέχει.
3577 4222 3650 4276 De

2069 4322 2307 4384 quatuor
2333 4315 2460 4366 anni
2496 4320 2800 4382 temporum
2829 4313 3212 4368 vicissitudine
3239 4315 3519 4379 nonnulla,
3545 4315 3650 4370 etsi

2070 4406 2350 4476 pueriliter
2378 4404 2828 4475 phil050pliatur,
2862 4413 2916 4458 et
2947 4405 3103 4474 quasi
3133 4405 3360 4474 plastice
3393 4407 3649 4476 proponit

2069 4499 2413 4562 Eustathius,
2462 4497 2578 4552 sive
2627 4496 2956 4551 Eumathius
3004 4497 3412 4552 Macrembolita
3454 4499 3550 4553 lib.
3592 4517 3650 4553 tv

370 4587 472 4640 cli.
515 4584 754 4640 Nascens
787 4589 912 4642 luna
949 4591 996 4642 si
1037 4605 1199 4643 cornu
1237 4592 1504 4658 superiore
1538 4593 1723 4645 obatro
1768 4603 1964 4662 surget,
2001 4599 2044 4651 υ
2073 4592 2151 4645 De
2181 4591 2450 4644 amoribus
2488 4589 2722 4643 Ismenes
2752 4599 2800 4642 et
2825 4588 3089 4644 Ismeniaz.

367 4679 589 4748 pluvias
624 4678 924 4734 decrescens
961 4680 1131 4743 dabit,
1182 4683 1230 4734 si
1273 4683 1544 4751 inferiore,
1585 4693 1706 4737 ante
1737 4684 1966 4752 plenilu—

369 4771 554 4834 nium,
589 4770 637 4822 si
667 4769 719 4822 in
748 4770 920 4822 media
955 4771 1173 4840 nigritie
1197 4772 1292 4823 illa
1321 4773 1504 4840 fuerit,
1527 4773 1745 4827 imbrem
1776 4775 1828 4827 in
1855 4774 1967 4840 ple-

370 4861 610 4915 ni‘lunio.
655 4861 717 4915 Si
759 4862 912 4929 plena
967 4863 1108 4916 circa
1154 4879 1208 4915 se
1251 4862 1460 4916 habebit
1508 4864 1705 4929 orbem,
1747 4881 1812 4919 ea:
1860 4881 1966 4935 qua

366 4962 532 5023 parte
561 4952 641 5006 Itis
671 4958 902 5006 maxime
940 4953 1249 5022 splendebit,
1280 4971 1344 5008 ea:
1371 4972 1433 5009 ea
1459 4968 1664 5009 rentum
1694 4959 1964 5024 ostendet;

367 5047 418 5100 si
463 5047 521 5098 in
561 5055 680 5098 ortu
729 5061 928 5097 cornua
969 5048 1238 5099 crassiora
1278 5047 1497 5114 fuerint.
1530 5047 1804 5102 horridam
1837 5059 1962 5104 tem-

367 5145 658 5194 pestatem.
687 5136 748 5190 Si
778 5147 900 5190 ante
921 5148 1167 5207 quartam
1195 5155 1297 5190 non
1323 5142 1589 5207 apparuit,
1618 5149 1768 5194 vento
1796 5140 1965 5196 Favo-

367 5229 468 5282 nio
499 5227 682 5292 ﬂante,
714 5229 959 5282 hiemalis
990 5239 1098 5284 toto
1135 5247 1306 5283 mense
1330 5233 1450 5286 erit.
1488 5232 1548 5286 Si
1575 5232 1780 5286 decima
1813 5244 1965 5287 sexta

366 5320 732 5375 uehementius
763 5322 1012 5390 flammea
1053 5323 1380 5391 apparuerit.
1421 5340 1638 5392 asperas
1685 5333 1964 5392 tempesta-

369 5425 452 5466 tes
497 5413 796 5481 pra’sagiet.
831 5413 925 5468 His
956 5415 1156 5467 similia
1191 5415 1354 5468 habet
1377 5414 1588 5470 Plinius
1623 5417 1762 5469 libro
1791 5416 1960 5482 dicto,

365 5511 426 5559 et
474 5512 670 5555 auctor
716 5503 1153 5574 Ceoponicoram,
1201 5507 1294 5559 lib.
1341 5523 1393 5573 1;
1450 5505 1696 5563 Ruellius
1745 5509 1959 5562 collect.

368 5594 454 5647 De
485 5593 766 5646 nativitate
789 5596 1054 5659 stirpium,
1093 5595 1186 5648 lib.
1225 5612 1285 5659 tl,
1308 5611 1431 5666 cap.
1474 5597 1546 5649 De
1571 5593 1846 5668 praesagiis
1875 5615 1964 5652 so-

365 5685 439 5738 lis
471 5688 529 5734 et
561 5680 734 5744 (ante;
765 5691 818 5736 et
847 5683 1286 5754 Theophrastus.

444 5771 617 5834 Ibid.,
655 5772 751 5827 lin.
786 5772 875 5827 42.
913 5776 1166 5844 Ὄργανα
1194 5771 1309 5830 οὖν
1340 5779 1594 5846 χρόνων.
1625 5777 1962 5850 Augustinus

364 5871 451 5925 De
481 5863 678 5920 Genesi
711 5865 779 5920 ad
812 5868 917 5922 litt.
946 5867 1042 5923 lib.
1075 5883 1134 5933 ιι,
1171 5883 1293 5938 cap.
1329 5869 1417 5939 t6,
1450 5869 1621 5938 Certe,
1654 5871 1853 5942 inquit,
1886 5871 1962 5925 vel

2139 4683 2255 4737 Col.
2288 4683 2412 4748 721,
2448 4683 2545 4736 lin.
2585 4682 2634 4734 1.
2677 4681 2788 4734 Καὶ
2828 4681 3049 4750 χειμὼν
3069 4681 3186 4750 μὲν
3213 4683 3450 4751 γίνεται.
3490 4681 3647 4737 Basi-

2068 4774 2196 4836 lius,
2234 4773 2379 4826 hom.
2408 4773 2459 4833 6,
2494 4769 2715 4840 Χειμὼν
2762 4771 2862 4840 μὲν
2903 4771 3011 4842 γὰρ
3048 4771 3254 4839 γίνεται
3295 4775 3408 4834 τοῖς
3453 4771 3646 4835 νοτίοις

2071 4866 2258 4937 μέρεσι
2296 4864 2390 4917 τοῦ
2425 4864 2574 4934 ἡλίου
2603 4863 3131 4934 προσδιατρίϐοντος,
3171 4866 3263 4916 καὶ
3299 4864 3430 4916 πολὺ
3459 4863 3518 4916 τὸ
3553 4881 3646 4917 νυ-

2066 4956 2313 5026 κτερινὸν
2346 4954 2588 5023 σκίασμα
2623 4954 2750 5023 περὶ
2781 4954 2870 5006 τὸν
2900 4953 3018 5006 καθ’
3059 4955 3206 5023 ἡμᾶς
3247 4955 3408 5006 τόπον
3443 4956 3642 5007 ἀποτε-

2065 5049 2300 5110 λοῦντος,
2332 5046 2472 5099 ὥστε
2499 5044 2905 5115 καταψύχεσθαι
2935 5046 3033 5115 μὲν
3065 5046 3154 5098 τὸν
3186 5046 3313 5117 περὶ
3345 5047 3446 5115 γῆν
3483 5047 3642 5118 ἀέρα,

2068 5140 2242 5197 πάσας
2291 5137 2347 5189 δὲ
2397 5137 2494 5198 τὰς
2545 5135 2716 5206 ὑγρὰς
2771 5134 3191 5204 ἀναθυμιάσεις,
3250 5135 3644 5204 συνισταμένας

2067 5231 2195 5302 περὶ
2227 5231 2395 5300 ἡμᾶς,
2426 5227 2649 5299 ὄμϐρων
2675 5243 2732 5278 τε
2758 5227 2936 5278 αἰτίαν
2973 5228 3064 5278 καὶ
3090 5225 3336 5297 κρυμῶν,
3363 5228 3455 5279 καὶ
3486 5228 3644 5295 mea-

2064 5324 2153 5386 δος
2200 5321 2480 5392 ἀμυθήτου
2528 5317 2811 5387 παρέχειν.
2863 5318 3076 5372 Gcmin.
3129 5319 3203 5371 De
3237 5329 3507 5386 apparent.
3540 5337 3643 5374 cae-

2068 5415 2208 5476 lest.,
2246 5405 2433 5486 Τροπὴ
2462 5413 2519 5466 δέ
2549 5416 2664 5466 ἐστι
2701 5410 3001 5484 χειμερινὴ,
3040 5412 3164 5464 ὅταν
3191 5414 3218 5464 ὁ
3244 5411 3392 5481 ἥλιος
3427 5415 3643 5483 «oppr»-

2063 5504 2214 5574 τὰτῳ
2244 5504 2402 5574 ἡμῶν
2433 5504 2528 5573 τῆς
2561 5504 2826 5574 οἰκήσεως
2865 5499 3110 5570 γένηται,
3142 5500 3233 5553 καλ⁴
3261 5502 3644 5565 ταπεινότατος

2063 5596 2138 5659 ὡς
2168 5597 2304 5666 πρὸς
2327 5596 2416 5650 τὸν
2445 5597 2714 5667 ὁρίζοντα,
2746 5594 2838 5647 καὶ
2870 5591 3189 5647 νοτιὼτατον
3219 5592 3414 5646 κύκλον
3432 5593 3642 5665 γράψῃ,

2067 5690 2161 5741 καὶ
2195 5692 2458 5760 μεγίστην
2492 5689 2681 5742 πασῶν
2721 5687 2828 5740 τῶν
2861 5689 2918 5738 ὲν
2957 5685 3186 5756 ἐνιαυτῷ
3223 5685 3392 5739 νύκτα
3419 5687 3628 5757 ποιήσῃ·

2064 5795 2172 5841 ται,
2207 5777 2494 5849 ἐλαχίστην
2521 5779 2578 5832 δὲ
2611 5780 2846 5851 ἡμέραν.

2135 5869 2296 5936 Ibid.,
2350 5871 2443 5925 lin.
2498 5872 2547 5927 Ἰ.
2614 5871 2884 5926 Ἐπειδὰν
2934 5870 3000 5925 δὲ
3053 5871 3329 5925 ἐπανιών.
3385 5870 3640 5934 Basilius,
