4124 6412
478 406 583 461 867

1805 401 2052 457 LEONIS
2088 398 2361 455 ALLATII

3627 390 3732 451 868

464 517 614 571 hom.
649 516 701 575 6.
736 516 984 569 Ἐπειδὰν
1008 516 1065 570 δὲ
1095 515 1335 570 ἐπανιὼν
1358 516 1517 571 πάλιν
1544 515 1655 569 ἀπὸ
1681 514 1791 568 τῶν
1827 533 2038 586 μεσημ-
2066 524 2111 577 Α
2138 515 2219 567 λιν
2242 514 2335 566 ἐπὶ
2362 511 2455 566 τοῦ
2497 510 2812 584 ίσημερινοῦ
2839 511 3065 582 γένηται
3098 508 3322 576 κύκλου,
3351 506 3446 563 καὶ
3475 509 3598 581 ίσην
3621 511 3725 582 τὴν

464 600 662 683 ϐρινουν
695 609 911 680 χωρίων
942 610 1035 662 ἐπὶ
1061 608 1155 661 τοῦ
1189 609 1355 679 μέσου
1382 608 1629 677 γένηται,
1656 606 1796 660 ῶστε
1830 605 1889 671 ἐξ
1924 607 2043 659 ῐσου

468 702 712 774 μερίζειν
732 702 887 754 νυκτὶ
914 701 1050 772 πρὸς
1072 702 1284 773 ἡμέραν
1307 700 1397 754 τὸν
1417 700 1629 771 χρόνον,
1654 700 1778 752 ὅσον
1799 698 2045 752 πλεῖστον

462 796 575 856 τοῖς
591 792 903 864 ὑπεργείοις
926 791 1332 864 προσδιατρίϐει
1378 792 1583 856 τόποις,
1624 791 1863 863 τοσούτῳ
1904 791 2046 845 κατά

467 885 631 959 μέρος
668 889 931 955 ἐπανάγει
958 886 1056 957 τὴν
1085 885 1403 957 εὐκρασίαν,
1426 886 1523 938 καὶ
1551 885 1759 952 γίνεται
1789 885 1887 955 ἐαρ
1909 886 2044 937 πᾶσι

470 978 567 1047 μὲν
597 981 782 1048 φυτοῖς
810 978 913 1047 τῆς
936 976 1281 1048 βλαστήσεως
1309 976 1570 1047 ἀρχηγὸν,
1600 975 1830 1047 δένδρων
1850 976 1906 1029 δέ
1932 979 2044 1038 τοῖς

466 1069 742 1134 πλείστοις
770 1071 1005 1141 παρέχον
1031 1069 1130 1141 τὴν
1151 1069 1462 1133 ἀναϐίωσιν,
1491 1067 1649 1133 ζώοις
1672 1068 1728 1121 δὲ
1748 1069 2041 1140 χερσαίοις,

466 1163 563 1214 καὶ
604 1162 844 1231 ἐνύδροις
892 1163 1062 1215 ἅπασι
1106 1162 1166 1215 τὺ
1197 1163 1352 1229 γένος
1402 1159 1671 1229 φυλάσσον
1709 1162 1774 1212 ἐκ
1806 1161 1904 1230 τῆς
1934 1159 2042 1212 τῶν

467 1253 861 1323 ἐπιγινομένων
901 1252 1170 1323 διαδοχῆς.
1217 1252 1481 1307 Geminus
1510 1269 1523 1307 :
1555 1252 1775 1322 Ἐαρινὴ
1817 1251 1914 1322 μέν
1949 1247 2042 1305 οὖν

469 1345 728 1417 ίσημερία
774 1345 983 1414 γίνεται
1028 1345 1157 1415 περί
1201 1345 1297 1416 τὴν
1340 1345 1448 1397 τῶν
1497 1343 1704 1399 ἀνθέων
1752 1344 1934 1415 ἀκμὴν
1984 1347 2042 1397 ἐν

465 1433 632 1505 Κριοῦ
668 1437 768 1507 μιᾷ
801 1436 985 1508 μοίρᾳ.
1032 1434 1170 1492 Vide
1209 1436 1278 1492 de
1306 1438 1411 1490 hoc
1444 1439 1600 1508 plura
1634 1436 1779 1507 apud
1821 1436 2042 1492 Cicero-

465 1541 610 1592 nem,
649 1542 685 1579 ιι
719 1526 796 1580 De
823 1539 1001 1582 natur.
1035 1527 1289 1583 Deorum.

531 1617 647 1671 Col.
668 1618 762 1672 7‘2!
777 1658 791 1682 ,
811 1619 905 1672 lin.
926 1620 1011 1673 Η.
1030 1619 1140 1672 Καὶ
1166 1621 1390 1689 γίνεται
1416 1620 1522 1690 ἔαρ
1538 1618 1658 1686 τοῖς
1671 1619 1787 1689 μὲν
1809 1617 2037 1689 φυτοῖς.

464 1708 684 1780 Longus
706 1712 951 1780 sophista
1010 1712 1337 1766 Paemenicou
1375 1713 1467 1767 lib.
1520 1729 1558 1778 t,
1581 1708 1754 1783 Ἦρος
1778 1705 1845 1783 ἦν
1874 1711 2038 1783 ἀρχὴ,

464 1800 561 1853 καὶ
597 1800 774 1853 πάντα
812 1801 1058 1871 ἢκμαζεν
1093 1801 1250 1873 άνθη,
1284 1802 1352 1854 τὰ
1385 1803 1443 1855 ἐν
1467 1803 1712 1874 δρυμοῖς,
1748 1801 1817 1855 τὰ
1853 1803 1910 1854 ἐν
1934 1802 2043 1854 λει-

2152 604 2363 675 ήμέραν
2395 606 2461 675 τῇ
2488 605 2641 657 νυκτὶ
2662 606 2975 676 ποιήσηται.
3010 602 3085 658 De
3107 603 3271 657 modo
3300 602 3643 667 incrementi,
3675 608 3732 657 et

2151 698 2484 753 decrementi
2519 698 2733 753 dierum
2759 714 2823 752 ac
2863 697 3132 763 noctium,
3165 712 3231 752 ac
3274 707 3580 766 temporum
3610 711 3732 751 mu-

2153 791 2377 853 latione,
2415 789 2821 854 vicissitudine,
2874 791 3078 844 ca'oris
3127 797 3183 844 et
3238 789 3460 860 frigoris
3507 803 3731 844 succes-

2152 882 2326 947 sione,
2362 882 2479 937 sole
2508 898 2604 953 per
2632 884 2810 954 spatia
2841 883 3051 937 zodiaci
3080 899 3202 953 qua:
3228 891 3357 937 sunt
3382 884 3525 938 inter
3559 883 3731 953 arqui-

2150 974 2407 1027 noctialia
2455 981 2511 1028 et
2562 974 2773 1044 trapica
2810 982 3012 1044 puncta
3044 982 3418 1045 percurrente,
3453 981 3509 1029 et
3536 988 3729 1029 eorum

2150 1081 2318 1120 causa
2371 1066 2659 1135 diligenter
2711 1065 3005 1120 admodum
3060 1065 3382 1121 Cleomedes
3440 1065 3567 1120 libr.
3616 1065 3727 1134 jam

2148 1158 2317 1221 dicto,
2351 1173 2390 1222 ι,
2418 1156 2805 1220 Meteororum;
2839 1167 2894 1214 et
2924 1157 3134 1212 Plinius
3167 1157 3262 1211 lib.
3296 1172 3453 1223 ινιιι,
3483 1170 3604 1225 cap.
3634 1155 3724 1211 25.

2218 1248 2378 1315 lbid.,
2416 1250 2512 1303 lin.
2551 1250 2642 1305 25.
2695 1252 2777 1304 Οὐ
2828 1249 2988 1303 ποιεῖ
3028 1248 3098 1302 δὲ
3134 1248 3250 1318 τὴν
3280 1249 3524 1318 ἡμέραν.
3576 1248 3731 1303 Basi~

2149 1344 2275 1410 lius,
2337 1345 2486 1398 hom.
2536 1343 2590 1409 6,
2626 1344 2908 1398 Ἔστωσαν
2956 1343 3014 1397 δὲ
3064 1344 3158 1396 καὶ
3210 1345 3289 1406 είς
3332 1342 3569 1414 ήμέρας,
3629 1341 3728 1412 οὐχ

2146 1435 2286 1488 ὥστε
2344 1437 2557 1507 ἡμέρας
2623 1439 2830 1500 ποιεῖν,
2887 1436 3001 1490 ἀλλ’
3060 1435 3202 1489 ὥστε
3263 1434 3555 1506 κατάρχειν
3620 1432 3730 1487 τῶν

2147 1523 2389 1596 ἡμερῶν.
2442 1524 2657 1595 Ἡμέρα
2683 1525 2791 1596 γὰρ
2828 1526 2921 1578 καὶ
2945 1525 3040 1592 νὺξ
3086 1524 3431 1597 πρεσϐύτερα
3470 1523 3572 1589 τῆς
3619 1522 3727 1575 τῶν

2148 1615 2450 1687 φωστήρων
2498 1615 2782 1682 γενέσεως.
2838 1616 3009 1669 Τοῦτο
3053 1615 3163 1686 γὰρ
3214 1616 3547 1669 ἐνδείκνυται
3597 1617 3730 1685 ήμῖν

2146 1706 2241 1759 καὶ
2273 1706 2302 1758 6
2339 1703 2552 1776 ψαλμὸς
2593 1697 2799 1773 λέγων·
2834 1708 3042 1760 "eam
3076 1705 3258 1773 ἥλιον
3306 1708 3394 1772 είς
3437 1694 3730 1769 ἐξουσίαν

2146 1795 2256 1863 τῆς
2278 1796 2523 1865 ἡμέρας,
2562 1796 2838 1865 σελήνην
2886 1798 2985 1851 καί
3025 1799 3287 1866 ἀστέρας
3317 1800 3406 1864 είς
3436 1798 3730 1863 ἐξουσίαν

468 1891 631 1963 μῶσι,
671 1891 765 1946 καὶ
792 1892 893 1946 ὃσα
918 1892 1090 1963 δρεια.
1128 1892 1337 1963 Βόμϐος
1364 1889 1431 1963 ἦν
1461 1894 1562 1965 ἤδη
1598 1892 1881 1964 μελιττῶν,
1913 1888 2045 1964 ἦχος
2076 1893 2117 1947 Β
2145 1886 2255 1957 τῆς
2285 1891 2524 1955 νυκτός.
2558 1890 2682 1954 Πῶς
2712 1888 2807 1944 οὖν
2840 1889 2951 1961 ἔχει
2980 1892 3077 1963 τὴν
3106 1890 3352 1957 ἐξουσίαν
3384 1891 3484 1961 τῆς
3513 1893 3728 1964 ἡμέρας

464 1982 692 2055 ὀρνίθων
740 1985 1046 2054 μουσικῶν,
1103 1987 1450 2057 σκιρτήματα
1491 1985 1754 2055 ποιμνίων
1792 1985 2040 2056 ἀρτιγεν-

466 2077 659 2148 νήτων·
702 2075 865 2148 ἄρνες
907 2077 1174 2148 ἐσκίρτων
1206 2079 1263 2132 ἐν
1290 2080 1405 2140 τοῖς
1431 2077 1634 2147 ὄρεσιν,
1674 2075 1941 2147 ἐϐόμϐουν
1987 2078 2045 2129 ἐν

462 2169 577 2231 τοῖς
616 2166 875 2238 λειμῶσιν
914 2170 970 2222 αί
1016 2168 1282 2240 μέλιτται,
1316 2168 1416 2233 τὰς
1455 2168 1662 2241 λόχμας
1696 2169 1923 2240 κατῇδον
1950 2168 2044 2241 δρ-

464 2257 630 2322 νιθες.

533 2348 698 2415 lbid.,
733 2351 834 2407 lin.
877 2352 965 2406 l3.
1020 2352 1276 2408 Ἐκεῖθεν
1317 2351 1386 2406 δὲ
1427 2351 1565 2423 ἤδη.
1597 2351 1858 2418 Basilius,
1891 2352 2041 2407 hom.

463 2437 521 2502 6,
563 2440 802 2494 Ἐκεῖθεν
836 2441 893 2494 δὲ
919 2441 1020 2514 ήδη
1059 2442 1197 2514 πρὸς
1237 2442 1456 2515 θερινὰς
1494 2442 1703 2514 τροπὰς
1745 2443 1833 2494 ἐπ’
1875 2440 2044 2513 αὐτὴν

463 2530 564 2602 τὴν
599 2532 833 2604 ’ᾼρκτον
866 2533 1182 2587 ἀπελαύνων
1209 2535 1238 2586 6
1268 2534 1420 2604 ἥλιος
1492 2532 1589 2596 τὰς
1624 2533 1884 2604 μεγίστας
1913 2533 2043 2602 ἡμῖν

461 2620 572 2673 ⁴τῶν
600 2602 822 2693 ἡμερῶν
846 2623 1162 2695 παρίστησι,
1186 2625 1280 2677 καὶ
1295 2602 1390 2676 ήδιά
1412 2623 1473 2675 τὸ
1497 2623 1589 2675 ἐπὶ
1612 2602 1860 2676 πλεῖστον
1882 2639 2046 2694 προσο

462 2709 670 2781 ομιλεῖν
693 2711 770 2783 τῷ
795 2712 940 2781 ἀέρι,
972 2712 1134 2783 αὐτόν
1170 2729 1231 2765 τε
1267 2712 1628 2783 καταφρίσσει
1659 2711 1750 2763 τὸν
1779 2711 1918 2782 ὑπὲρ
1951 2727 2042 2764 κε-

463 2802 639 2873 φαλῆς
673 2805 705 2874 ή
715 2782 831 2875 μῶν
865 2782 1024 2876 ἀέρα,
1058 2804 1153 2859 καὶ
1180 2803 1279 2873 τὴν
1301 2803 1405 2872 γῆν
1428 2782 1605 2857 πᾶσαν
1631 2801 2039 2874 καταξηραίνει,

460 2894 573 2956 τοῖς
625 2910 686 2946 τε
738 2893 1161 2966 σπέρμασιννέκ
1204 2892 1394 2947 τούτου
1441 2893 1719 2965 συνεργῶν
1767 2893 1903 2964 πρὸς
1944 2892 2040 2964 τὴν

462 2983 690 3055 ἄδρησιν
740 2983 835 3035 καὶ
871 2982 979 3036 τῶν
1017 2982 1249 3054 δένδρων
1289 2984 1535 3052 καρποὺς
1565 2982 1906 3050 κατεπείγων
1948 2984 2042 3035 ἐπὶ

461 3073 561 3145 τὴν
609 3072 791 3142 πέψιν,
843 3074 931 3126 ὅτε
973 3073 1067 3127 καὶ
1112 3073 1549 3143 φλογωδέστατός
1592 3078 1737 3130 ἐστιν
1786 3075 1979 3129 ἐαυτοῦ
2011 3078 2040 3129 6

458 3162 630 3235 ἣλιος,
662 3163 915 3236 βραχείας
941 3163 1107 3218 ποιῶν
1130 3166 1228 3229 τὰς
1258 3166 1416 3231 σκιὰς
1438 3167 1530 3221 ἐπὶ
1549 3168 1647 3239 τῆς
1669 3167 2034 3239 μεσημϐρίας,

2142 1981 2171 2032 6
2195 1981 2374 2051 ἥλιος;
2404 1982 2525 2033 Ὅτι
2567 1981 2628 2034 τὸ
2656 1982 2771 2051 φῶς
2798 1985 2856 2036 ἐν
2901 1984 3078 2055 ἐαυτῷ
3126 1985 3460 2056 περιφέρων,
3507 1986 3729 2038 ἐπειδάν

2142 2089 2273 2126 ποτε
2305 2073 2397 2126 τὸν
2427 2072 2548 2126 καθ’
2578 2075 2726 2144 ήμᾶς
2759 2075 3008 2146 ὁρίζοντα
3038 2077 3310 2149 ὑπεράρῃ,
3337 2075 3550 2147 ἡμέραν
3581 2094 3727 2149 παρ-

2142 2163 2253 2234 έχει
2281 2162 2536 2227 διαλύσας
2560 2165 2621 2217 τὸ
2655 2165 2866 2229 σκότος.

2214 2255 2503 2320 lbid.,'lin.
2544 2258 2634 2312 54.
2677 2260 2749 2312 Ἠ
2773 2257 2842 2311 δὲ
2881 2258 3114 2327 σελήνη
3149 2260 3413 2315 ἐπειδάν.
3464 2259 3725 2322 Basilius.

2142 2347 2292 2405 hom.
2323 2348 2379 2413 6,
2415 2349 2619 2421 Σελήνη
2654 2350 2773 2420 μὲν,
2810 2350 3030 2404 ἐπειδὰν
3068 2351 3363 2416 δωδεκάκις
3395 2352 3485 2406 τὸν
3531 2352 3731 2422 ἑαυτῆς

2141 2441 2405 2515 ἐκτελέσῃ
2427 2442 2648 2513 δρόμον,
2680 2442 2930 2496 ἐνιαυτοῦ
2964 2445 3079 2496 ἐστι
3137 2446 3395 2517 ποιητική
3421 2463 3433 2475 ·
3472 2445 3613 2515 πλὴν
3639 2445 3727 2498 ὅτι

2144 2536 2310 2606 μηνὸς
2328 2535 2624 2607 ἐμϐολίμου
2639 2535 2811 2589 δεῖται
2840 2535 3100 2601 πολλάκις
3119 2537 3254 2608 πρὸς
3273 2537 3372 2609 τὴν
3401 2538 3602 2611 ἀκριϐῆ
3620 2537 3728 2591 τῶν

2140 2626 2298 2699 ὡρῶν
2319 2627 2621 2700 συνδρομήν
2640 2645 2653 2657 ο
2700 2629 2776 2693 ὡς
2798 2628 3034 2700 Ἑϐραῖοι
3051 2629 3112 2683 τὸ
3127 2629 3355 2683 παλαιὸν
3371 2629 3463 2685 τὸν
3484 2629 3728 2684 ἐνιαυτὸν

2140 2714 2297 2788 ἦγον,
2337 2720 2432 2772 καὶ
2471 2720 2578 2773 τῶν
2623 2720 2889 2792 Ἑλλήνων
2918 2723 2969 2774 οἱ
3001 2722 3366 2794 ἀρχαιότατοι.
3416 2722 3726 2778 Ludovicus

2140 2809 2342 2865 Fidelis
2368 2810 2444 2865 De
2464 2811 2647 2866 mundi
2678 2823 2971 2878 structura,
3009 2815 3103 2870 lib.
3137 2831 3190 2880 ν,
3224 2831 3346 2887 cap.
3379 2817 3432 2883 5,
3460 2814 3597 2871 Sunt
3627 2832 3728 2869 au-

2142 2910 2242 2955 tem
2263 2918 2520 2956 annorum
2541 2902 2615 2968 Iti,
2635 2914 2692 2957 ut
2714 2905 2884 2969 aiunt,
2908 2905 3237 2974 lunares,illi
3252 2907 3471 2961 solares.
3490 2906 3726 2962 Lunares

2141 2992 2390 3048 tredecim
2418 2993 2560 3049 lume
2588 2996 2999 3051 reuolutiouibus
3042 3013 3060 3051 :
3106 2999 3307 3054 salares
3333 3016 3441 3053 una
3466 3000 3726 3070 completa

2140 3086 2273 3142 solis
2301 3104 2333 3140 a
2366 3097 2558 3157 puncto
2592 3089 2815 3152 Arietis,
2840 3106 3002 3159 usque
3030 3089 3100 3144 ad
3131 3091 3271 3147 idem
3297 3103 3548 3161 punctum
3575 3109 3723 3147 reuo-

2140 3178 2339 3234 lutione
2355 3179 2628 3235 duodecim
2649 3198 2871 3245 menses,
2894 3198 2984 3236 seu
3003 3186 3551 3255 trecentogsetcaginta
3569 3186 3727 3256 quin-

458 3233 546 3308 διὰ
571 3255 632 3308 τὸ
768 3233 979 3327 -ύψηλοῦ
1000 3256 1091 3309 τὸν
1117 3257 1242 3328 περὶ
1271 3258 1417 3329 ἡμᾶς
1447 3233 1828 3330 καταλάμπειν
1849 3233 2034 3315 τόπον.

2139 3287 2237 3342 que
2260 3233 2371 3324 dies
2427 3233 2968 3340 complementa—uno
3005 3273 3189 3327 addito
3233 3233 3529 3344 quadrimte
3560 3233 3725 3345 perﬁ-

459 3342 765 3401 Geminus:
802 3346 990 3419 Τροπὴ
1039 3347 1097 3400 δὲ
1144 3347 1328 3421 θερινὴ
1369 3349 1579 3419 γίνεται
1620 3352 1749 3423 περὶ
1789 3351 1887 3424 τὴν
1931 3352 2038 3406 τῶν

458 3437 753 3508 καυμάτων
791 3438 1038 3491 ἐπίτασιν
1083 3440 1141 3492 ἐν
1189 3441 1467 3513 Καρκίνου
1509 3443 1607 3513 μιᾷ
1639 3442 1825 3515 μοίρᾳ,
1850 3444 1983 3498 ὅπου
2011 3447 2040 3499 6

457 3527 605 3597 ἥλιος
636 3529 728 3582 τὸν
767 3527 1105 3601 βορειότατον
1139 3530 1337 3586 κύκλον
1383 3532 1604 3603 γράφει,
1639 3535 1732 3588 καὶ
1772 3534 2038 3606 μεγίστην

459 3618 648 3673 πασῶν
672 3618 779 3672 τῶν
802 3621 859 3673 ἐν
882 3621 1108 3692 ἐνιαυτῷ
1135 3623 1347 3694 ἡμέραν
1377 3625 1634 3691 ἐπιτελεῖ,
1670 3625 1958 3698 ἐλαχίστην
1980 3626 2038 3679 δὲ

458 3707 556 3778 τὴν
598 3709 790 3763 νύκτα.
843 3710 1062 3783 Longus
1115 3712 1447 3771 Paemenicon
1491 3717 1617 3772 libr.
1653 3732 1694 3784 ι,
1723 3713 1898 3788 ’Ἡρος
1944 3713 2039 3773 οῦν

460 3799 560 3869 ἤδη
608 3799 780 3866 τέλος,
815 3802 912 3855 καὶ
964 3803 1155 3877 θέρους
1202 3807 1368 3878 ἀρχὴ,
1413 3809 1509 3863 καὶ
1560 3809 1737 3873 πάντα
1771 3812 1829 3863 ἐν
1861 3811 2036 3882 ἀκμῇ,

459 3890 651 3963 δένδρα
674 3895 732 3946 ἐν
761 3897 1009 3966 καρποῖς,
1048 3897 1208 3952 πεδία
1232 3901 1290 3953 ἐν
1319 3899 1492 3969 ληΐοις
1510 3917 1526 3931 ·
1559 3902 1713 3974 ήδεῖα
1740 3903 1838 3972 μὲν
1859 3904 2038 3957 τεττί-

459 4003 574 4056 γων
610 3989 738 4059 ἠχή,
784 3990 1011 4059 γλυκεῖα
1037 3992 1130 4045 καὶ¹
1160 3994 1194 4064 ἡ
1228 3993 1325 4064 τῆς
1365 3993 1586 4066 ὀπώρας
1628 3995 1786 4067 ὀδμὴ,
1832 3996 2038 4069 τερπνὴ

458 4076 516 4130 δὲ
541 4080 806 4150 ποιμνίων
831 4079 1021 4153 βληχή.
1048 4081 1280 4137 Είκασεν
1306 4084 1371 4139 ἄν
1396 4101 1478 4147 τις
1494 4086 1735 4150 καὶτοὺς
1760 4087 2036 4157 ποταμοὺς

459 4166 605 4238 ᾅδειν
653 4170 837 4241 ἠρέμα
877 4173 1119 4241 ῥέοντας,
1167 4176 1260 4228 καὶ
1306 4176 1433 4240 τοὺς
1482 4177 1716 4248 ἀνέμους
1770 4180 2037 4250 συρίττειν

456 4261 577 4323 ταῖς
602 4259 813 4316 πίτυσιν
834 4264 1187 4334 ἐμπνέοντας,
1212 4267 1304 4320 καὶ
1324 4267 1414 4320 τὸν
1432 4268 1580 4339 ἥλιον
1606 4269 1889 4338 φιλόκαλον
1909 4271 2036 4325 ὄντα

459 4351 664 4415 πάντας
687 4353 940 4408 ἀποδύειν

503 4444 690 4515 _lbid.,
732 4446 827 4502 lin.
875 4444 957 4502 l9.
1006 4448 1106 4502 Ἐν
1144 4449 1256 4519 γὰρ
1286 4451 1416 4518 ταῖς
1445 4451 1878 4522 βραχυτάταις.
1933 4454 2031 4510 Ba-

2139 3364 2372 3417 ciuntur.
2408 3363 2594 3417 Annus
2625 3372 2801 3418 autem
2826 3363 3114 3419 bissextilis
3153 3366 3371 3428 dicitur.
3401 3368 3492 3437 qui
3533 3379 3725 3438 quarto

2136 3471 2339 3527 quoque
2378 3472 2516 3509 anno
2550 3455 2653 3510 566
2714 3455 2898 3509 diebus
2943 3457 3252 3524 completur.
3296 3457 3462 3513 Plura
3508 3461 3576 3514 de
3620 3459 3726 3515 hoc

2139 3560 2284 3600 anno
2313 3546 2674 3613 Censorinus,
2703 3547 2976 3618 Iosephus
3009 3547 3248 3620 Scaliger
3276 3560 3329 3605 et
3364 3550 3482 3606 alii.

2208 3636 2368 3701 lbid.,
2400 3638 2495 3694 lin.
2529 3638 2617 3694 55.
2657 3638 2833 3706 Πλὴν
2889 3638 2980 3692 ὅτι
3005 3640 3200 3709 μηνὸς
3229 3641 3576 3711 ἐμϐολίμου.
3609 3639 3725 3696 Pli-

2139 3728 2266 3784 nius
2295 3730 2417 3785 libr.
2454 3747 2515 3794 ιι,
2556 3732 2723 3800 capit.
2748 3731 2805 3797 8,
2843 3730 3037 3797 Deinde
3057 3731 3186 3786 solis
3213 3741 3444 3787 meatum
3471 3749 3584 3788 esse
3599 3749 3726 3802 par-

2140 3822 2270 3874 tium
2295 3822 2504 3892 quidem
2536 3832 2887 3877 trecentarum
2916 3824 3194 3895 sexaginta
3223 3839 3242 3877 :
3274 3824 3365 3879 sed
3396 3836 3453 3878 ut
3480 3824 3724 3880 observa-

2141 3914 2213 3969 tio
2251 3913 2564 3968 umbrarum
2611 3915 2727 3984 ejus
2776 3914 2955 3970 redeat
2996 3915 3066 3968 ad
3118 3925 3294 3979 notas,
3346 3919 3534 3988 quinos
3568 3918 3722 3971 annis

2137 4005 2248 4059 dies
2278 4006 2463 4075 adjici,
2498 4022 2754 4077 superque
2792 4017 3038 4078 quartam
3067 4017 3273 4077 partem
3312 4008 3438 4073 diei,
3468 4024 3626 4079 quam
3655 4008 3719 4061 ob

2136 4115 2356 4153 causam
2395 4100 2575 4170 quinto
2609 4117 2748 4155 anno
2777 4118 2912 4156 unus
2953 4103 3289 4157 intercalaris
3335 4101 3447 4157 dies
3480 4103 3719 4162 additur.

2137 4201 2195 4243 ut
2228 4200 2517 4257 temporum
2563 4192 2702 4246 ratio
2732 4192 2862 4247 solis
2913 4193 3091 4247 itineri
3144 4202 3419 4263 congruat.
3469 4192 3543 4247 De
3574 4206 3720 4246 anno

2138 4283 2454 4338 intercalari
2502 4293 2558 4338 et
2600 4299 2788 4339 mense
2828 4284 2951 4339 vide
2999 4285 3245 4339 Solinum
3274 4285 3441 4354 capit.
3501 4299 3586 4347 ιιι,
3617 4282 3721 4338 Pe-

2137 4385 2282 4429 trum
2325 4372 2597 4429 Nannium
2651 4374 2981 4446 Symmicton
3029 4376 3127 4431 lib.
3164 4394 3219 4442 ν,
3253 4384 3307 4431 et
3339 4376 3476 4431 alios
3525 4376 3618 4447 qui
3649 4376 3719 4432 de

2134 4466 2517 4522 emendatione
2545 4474 2852 4536 temporum
2889 4469 3250 4538 scripserunt.

457 4535 637 4599 silius.
675 4537 823 4591 hom.
858 4538 914 4602 6,
945 4541 1213 4608 Μέγισται
1258 4542 1367 4613 γάρ
1400 4546 1537 4597 εἰσιν
1569 4546 1818 4618 ἡμερῶν,
1844 4548 1904 4600 ἐν
1945 4543 2032 4613 αἷς

2207 4556 2381 4621 lbid.,
2413 4556 2511 4612 lin.
2562 4535 2674 4613 57."
2706 4559 2767 4611 Ὀ
2806 4559 2915 4629 γὰρ
2944 4535 3198 4627 natam);
3226 4561 3522 4629 ἐνιαυτός.
3561 4560 3753 4623 σείει..

459 4628 789 4701 βραχύταταί
836 4633 972 4686 εἰσιν
1009 4635 1064 4687 αί
1120 4638 1289 4700 σκιαὶ,
1343 4637 1436 4690 καὶ
1485 4635 1817 4707 βραχύταται
1870 4638 2032 4693 πάλιν

453 4720 658 4793 ἡμέραι
689 4723 744 4775 ai
779 4712 885 4787 τὰς
905 4724 1059 4788 σκιὰς
1096 4724 1313 4796 ἔχουσαι
1341 4728 1687 4801 μακροτάτας
1710 4745 1724 4761 ο
1760 4730 2032 4785 καὶτοῦτο

455 4815 586 4885 παρ’
653 4815 784 4886 ἡμῖν
834 4818 946 4878 τοῖς
1009 4817 1340 4888 ἐτεροσκίοις
1389 4818 1735 4890 λεγομένοις,
1796 4822 1909 4875 ὅσοι
1962 4823 2031 4876 τὰ

456 4904 681 4976 ἀρκτῷα
705 4905 805 4976 τῆς
832 4906 936 4976 γῆς
965 4908 1309 4980 ἐποικοῦμεν.
1348 4908 1555 4965 Horum
1587 4920 1896 4966 accuratam
1931 4930 2030 4968 ex-

455 4997 784 5065 positionem
816 4996 985 5052 habes
1027 5000 1168 5069 apud
1201 4999 1565 5067 Cleomedem,
1605 5001 1821 5058 Meteor.
1854 5005 1948 5059 lib.
1988 5021 2027 5062 ι.

523 5087 681 5152 lbid.,
710 5088 807 5142 lin.
828 5088 920 5143 20.
956 5088 1069 5143 Kal
1099 5090 1284 5147 πάλιν
1305 5090 1425 5146 ἀπὸ
1446 5091 1566 5147 τῶν
1589 5095 2026 5164 προσαρκτίων.

452 5178 709 5247 Basilius,
745 5182 889 5238 hom.
929 5183 982 5248 6,
1033 5185 1310 5240 Ἐντεῦθεν
1359 5186 1713 5259 διαδεξαμένη
1743 5190 1890 5260 ἡμᾶς
1932 5189 2028 5243 τοῦ

455 5276 770 5347 μετοπώρου
819 5281 851 5350 ή
903 5278 1024 5351 ῶρα
1072 5280 1372 5352 ἀποθραύει
1422 5281 1520 5352 μὲν
1564 5282 1659 5336 τοῦ
1711 5284 1937 5353 πνίγους
1968 5284 2029 5338 τὸ

454 5360 810 5439 ὑπερϐάλλον,
843 5371 984 5424 κατὰ
1012 5372 1206 5443 μικρὸν
1227 5372 1284 5426 δὲ
1314 5374 1529 5449 ὑφιεῖσα
1569 5375 1669 5445 τῆς
1708 5375 1915 5447 θέρμης
1941 5375 2028 5430 διὰ

448 5462 551 5533 τῆς
593 5466 734 5519 κατά
764 5468 863 5537 τὴν
892 5469 1089 5539 κρᾶσιν
1135 5470 1431 5540 μεσότητος
1476 5469 1729 5531 ἀϐλαϐῶς
1772 5473 1920 5541 ἡμᾶς
1959 5472 2027 5524 δι’

451 5557 651 5629 ἑαυτῆς
677 5560 754 5631 τῷ
777 5562 1025 5632 χειμῶνι,
1050 5563 1316 5634 προσάγει
1340 5563 1581 5635 δηλονότι
1612 5563 1704 5617 τοῦ
1735 5564 1889 5636 ἡλίου
1924 5563 2029 5617 πά-

450 5648 533 5702 λιν
566 5652 671 5705 ἀπὺ
696 5652 802 5705 τῶν
833 5658 1212 5727 προσαρκτίων
1243 5658 1334 5710 ἐπὶ
1363 5656 1431 5710 τὰ
1467 5657 1618 5712 νότια
1661 5658 2028 5729 ὑποστρέφον-

449 5755 562 5803 τος.
589 5740 849 5799 Geminus
871 5761 882 5794 :
902 5746 1180 5817 Ἰσημερία
1210 5746 1266 5800 δέ
1285 5750 1402 5801 ἐστι
1430 5748 1822 5820 φθινοπωρινὴ,
1848 5749 1977 5803 ὅταν
1996 5751 2024 5802 6

449 5828 601 5900 ἥλιος
622 5830 716 5884 ἀπ’
745 5830 960 5903 ἄρκτων
993 5836 1128 5905 πρὸς
1170 5836 1515 5910 μεσημϐρίαν
1545 5838 1879 5911 παροδεύων,
1920 5840 2025 5894 πά-

2134 4649 2261 4708 lius.
2293 4648 2442 4703 hom.
2482 4649 2539 4714 6,
2582 4649 2833 4715 Ἡλιακὸς
2864 4650 2922 4704 δέ
2954 4654 3100 4706 ἐστιν
3132 4654 3377 4717 ἐνιαυτὸς
3415 4656 3448 4727 ή
3483 4654 3592 4709 ἀπὸ
3620 4653 3717 4708 τοῦ

2133 4736 2297 4793 αὐτοῦ
2330 4742 2557 4811 σημείου
2586 4743 2680 4795 ἐπὶ
2705 4742 2767 4796 τὸ
2794 4743 2926 4797 αὐτὸ
2963 4748 3188 4816 σημεῖον
3223 4745 3366 4799 κατά
3384 4746 3482 4817 τὴν
3509 4747 3716 4801 οἰκείαν

2132 4830 2347 4902 κίνησιν
2378 4832 2473 4886 τοῦ
2503 4832 2655 4904 ήλίου
2683 4835 3153 4900 ἀποκατάστασις.
3192 4836 3260 4892 Et
3288 4836 3509 4895 lsaacus
3538 4838 3715 4910 Argy-

2132 4938 2228 4978 rus
2258 4924 2317 4978 in
2347 4922 2564 4980 Conone
2604 4927 2866 4993 paschali,
2905 4943 3026 5000 cap.
3058 4930 3111 4995 l,
3155 4929 3371 5001 Ἐπειδὴ
3403 4932 3513 5003 γὰρ
3542 4934 3570 4986 6
3601 4934 3713 4986 ἐνι-

2132 5013 2294 5077 αυτὸς
2316 5017 2383 5086 τῇ
2415 5014 2510 5069 τοῦ
2539 5015 2690 5086 ήλίου
2734 5020 2947 5090 κινήσει
2972 5023 3428 5093 παραμετρεῖται,
3471 5024 3505 5093 ἡ
3535 5022 3593 5076 δέ
3619 5023 3714 5076 τοῦ

2130 5106 2281 5176 ⁴ήλίου
2328 5107 2544 5178 κίνησις
2600 5109 2877 5174 κυκλικῶς
2918 5112 3285 5183 ἐνεργουμένη
3339 5113 3434 5166 κα)⁵
3481 5115 3589 5167 ἀπὸ
3618 5116 3714 5170 τοῦ

2130 5198 2296 5252 αὐτοῦ
2320 5200 2547 5271 σημείου
2576 5202 2656 5265 είς
2676 5202 2737 5255 τὸ
2756 5203 2891 5257 αὐτὸ
2914 5204 3394 5277 ἀποκαθισταμένη
3424 5205 3516 5259 τὸν
3542 5208 3718 5260 ἐνιαυο

2129 5288 2220 5342 τὸν
2250 5288 2444 5359 ὁρίζει.
2475 5290 2543 5344 Et
2576 5289 2840 5347 Geminus
2863 5294 3049 5350 libello
3073 5294 3150 5350 De
3176 5295 3470 5365 .lpparent.
3490 5299 3665 5352 caelest
3696 5336 3712 5358 .

2142 5379 2200 5432 ὐ
2230 5380 2287 5432 δὲ
2317 5380 2467 5451 ἥλιος
2495 5383 2729 5453 ἐνιαυτῷ
2778 5383 3159 5457 διαπορεύεται
3200 5385 3294 5438 τὸν
3327 5387 3591 5450 ζωδιακὸν
3617 5388 3715 5441 κύ-

2129 5470 2256 5525 κλον
2276 5488 2289 5502 ·
2319 5472 2436 5525 ἐστι
2467 5473 2577 5544 γὰρ
2605 5475 2874 5541 ἐνιαύσιος
2902 5477 3115 5550 χρόνος,
3148 5481 3206 5532 ἐν
3236 5472 3281 5546 ᾧ
3311 5483 3339 5533 6
3375 5480 3529 5550 ἥλιος
3559 5497 3714 5552 περι-

2129 5564 2419 5635 πορεύεται
2460 5570 2552 5619 τὸν
2600 5566 2864 5631 ζωδιακὸν
2906 5569 3124 5632 κύκλον,
3158 5572 3253 5625 καὶ
3283 5572 3388 5625 ἀπὸ
3419 5572 3512 5624 τοῦ
3542 5568 3709 5625 αὐτοῦ

2129 5658 2357 5727 σημείου
2398 5659 2490 5712 ἐπὶ
2522 5659 2586 5712 τὸ
2622 5661 2753 5713 αὐτὸ
2777 5663 3001 5731 σημεῖον
3048 5663 3499 5716 ἀποκαθίσταται.
3553 5663 3608 5716 ὐ
3652 5662 3714 5717 δὲ

2128 5750 2317 5820 χρόνος
2342 5743 2499 5815 οὗτός
2521 5752 2669 5806 ἐστιν
2689 5753 2914 5823 ἡμερῶν
2964 5752 3181 5820 τξεδον¹·
3209 5753 3268 5806 ἐν
3288 5753 3576 5818 τοσαύταις
3600 5754 3708 5825 γὰρ

2128 5841 2365 5913 ήμέρᾳις
2402 5842 2594 5908 τάςτξ¹
2651 5845 2846 5917 μοίρας
2904 5843 3192 5916 παροδεύει
3241 5845 3269 5897 ὁ
3322 5841 3506 5917 ἥλιος·
3543 5844 3709 5911 ,ῶστι
