4124 6418
400 396 503 450 869

1412 394 1479 449 IN
1518 390 1889 451 EUSTATHII
1917 391 2394 450 HEXAEMERON
2434 392 2668 449 NOTAE.

3558 377 3669 445 870'

400 516 550 590 παρὰ
606 516 800 588 μικρὸν
861 516 920 569 ὲν
965 515 1066 586 μιᾷ
1094 513 1278 587 ἡμέρᾳ.
1329 515 1521 586 μοῖραν
1574 516 1838 569 κινεῖσθαι
1892 514 1982 568 τὸν

2085 530 2175 567 sus
2217 514 2298 568 vel
2326 529 2560 567 recessus
2607 511 2807 582 liquido
2852 520 3169 567 monstrant.
3205 509 3420 565 Norant
3464 510 3668 579 pariter

398 609 567 681 ἥλιον.

468 702 586 759 Col.
607 700 728 761 721.
752 700 847 755 lin.
863 700 955 756 39.
983 699 1093 768 Τῆς
1111 699 1180 753 δὲ
1198 698 1809 769 σελήνηςληγούσης.
1829 698 1983 754 Basi-

399 794 527 857 lius,
562 794 712 848 hom.
743 792 799 858 6,
821 789 988 864 Οἶμαι
1014 792 1071 846 δὲ
1099 792 1194 846 καὶ
1223 794 1289 863 τῇ
1323 790 1430 844 τῶν
1460 789 1613 855 ζώων
1645 794 1979 862 κατασκευῇ,

401 885 493 939 καὶ
520 887 631 948 τοῖς
651 884 758 938 ἀπὸ
793 883 899 954 γῆς
937 883 1248 954 φυομένοις,
1281 880 1354 953 μὴ
1391 880 1593 953 μικρὰν
1632 881 1896 953 ὑπάρχειν
1917 883 1982 934 ὲκ

403 977 498 1048 τῆς
546 976 689 1030 κατὰ
727 976 825 1049 τὴν
873 975 1102 1046 σελήνην
1154 974 1456 1046 μεταϐολῆς
1501 974 1598 1046 τὴν
1651 974 1979 1029 συντέλειαν.

404 1069 613 1134 ’Λλλως
645 1069 753 1141 γὰρ
781 1068 1075 1123 διατίθεται
1103 1069 1431 1140 μειουμένης
1461 1067 1652 1139 αὐτῆς,
1681 1070 1775 1122 καὶ
1809 1068 1982 1132 ἄλλως

401 1162 706 1233 αὐξομένης
733 1161 802 1215 τὰ
823 1160 1072 1233 σώματα,
1102 1159 1199 1215 νῦν
1226 1162 1325 1232 μὲν
1349 1159 1623 1233 ληγούσης
1643 1160 1810 1232 ἀραιὰ
1837 1162 1983 1230 γενό·

407 1272 565 1327 μενα,
596 1256 691 1308 καὶ
723 1254 876 1322 κενὰ,
897 1254 994 1307 νῦν
1026 1254 1083 1308 δὲ
1113 1253 1440 1326 αὐξομένης,
1463 1254 1557 1309 καὶ
1590 1254 1726 1327 πρὸς
1747 1250 1809 1308 τὸ
1842 1254 1982 1326 πλῆ-

406 1364 497 1419 ρες
545 1347 940 1419 ἐπειγομένης,
971 1347 1066 1401 καὶ
1121 1346 1262 1401 αὐτὰ
1310 1347 1472 1401 πάλιν
1501 1346 1978 1418 ἀναπληρούμενα.

403 1441 603 1498 Sextus
657 1441 1088 1514 Empyricus-in
1147 1442 1394 1497 eamdem
1446 1442 1771 1497 sententiam
1801 1443 1839 1498 l.
1862 1459 1978 1507 vut,

402 1532 534 1588 Adv.
570 1533 819 1587 matltem.
846 1573 861 1597 ,
894 1532 1063 1587 Κατὰ
1120 1532 1230 1604 γὰρ
1267 1532 1367 1596 τὰς
1398 1533 1496 1603 τῆς
1536 1533 1767 1605 σελήνης
1813 1532 1980 1603 αὐξή-

403 1646 516 1694 σεις
558 1628 654 1682 καὶ
687 1627 901 1697 φθίσεις
929 1626 1100 1681 πολλὰ
1144 1626 1253 1679 τῶν
1295 1643 1356 1679 τε
1392 1624 1649 1695 ἐπιγείων
1691 1624 1845 1690 ζώων
1887 1625 1983 1678 καὶ

403 1720 709 1776 θαλασσίων
743 1719 917 1790 φθίνει
948 1736 1007 1773 τε
1055 1719 1150 1773 καὶ
1177 1715 1329 1785 αὔξει
1358 1759 1374 1782 ,
1424 1716 1707 1788 ἀμπώτεις
1763 1734 1823 1770 τε
1886 1717 1981 1769 καὶ

402 1814 785 1888 πλημμυρίδες
811 1813 938 1883 περί
974 1828 1095 1865 τινα
1125 1810 1266 1882 μέρη
1298 1811 1396 1882 τῆς
1424 1809 1698 1880 θαλάσσης
1717 1809 1977 1878 γίνονται.

402 1906 527 1964 Hau:
553 1910 740 1964 eadem
764 1907 1103 1961 incremento
1122 1904 1367 1974 ejusdem
1394 1904 1605 1973 augeri,
1630 1903 1981 1957 decremenlo
2015 1884 2055 1940 Β

399 2003 574 2058 minui
604 2001 742 2057 dicit
766 1999 979 2055 Plinius
1011 1998 1108 2053 lib.
1155 2013 1216 2060 tt,
1251 2011 1374 2067 cap.
1405 1997 1494 2061 41,
1527 2005 1582 2051 et
1609 2011 1728 2064 cap.
1759 1994 1849 2059 99,
1889 1993 1979 2048 ubi

400 2107 721 2164 poteStatcm
755 2095 897 2147 luna:
928 2100 983 2148 et
1035 2100 1306 2145 terrenam
1335 2097 1388 2144 et
1417 2089 1684 2142 marinam
1720 2088 1977 2159 explicat.

398 2188 638 2240 Consule
657 2185 786 2240 item
814 2183 1098 2239 .Elianum
1124 2182 1197 2236 De
1223 2182 1346 2236 hist.
1377 2182 1542 2236 anim.
1560 2181 1655 2235 lib.
1682 2196 1757 2241 ιχ.
1781 2195 1902 2250 cap.
1926 2181 1979 2245 4,

399 2280 493 2350 qui
526 2278 691 2333 etiam
721 2278 814 2332 lib.
849 2293 950 2342 ιιι,
995 2292 1116 2347 cap.
1147 2276 1235 2338 l3,
1268 2283 1476 2339 narrat,
1517 2274 1745 2346 physam
1776 2272 1984 2345 Egyp-

400 2373 537 2425 tium
566 2371 794 2440 piscem,
851 2384 1066 2424 necnon
1101 2377 1154 2423 et
1182 2367 1333 2424 illius
1369 2367 1530 2437 jecur
1556 2382 1681 2422 cum
1728 2368 1854 2420 luua
1886 2381 1984 2436 pa-

400 2464 535 2518 riter
563 2461 904 2524 decrescere,
940 2461 1259 2533 pariterque
1297 2474 1626 2516 recrescere.
1662 2457 1825 2513 Plura
1861 2473 1983 2527 quae

401 2552 746 2626 συμπάθειαν
780 2553 983 2607 habent
1006 2566 1131 2606 cum
1166 2553 1298 2606 luna
1333 2558 1684 2622 augescente,
1716 2557 1771 2605 et
1827 2565 1985 2605 sene—

399 2654 588 2702 scente
622 2652 908 2701 enumerat
936 2643 1145 2699 Gellius
1187 2644 1283 2700 lib.
1323 2659 1420 2709 xv,
1468 2659 1587 2714 cap.
1620 2644 1675 2708 8,
1706 2642 1985 2712 refertque

398 2737 593 2794 Lucilti
647 2750 841 2793 versus
880 2737 992 2792 huc
1041 2737 1400 2808 pertinentes.
1442 2736 1700 2793 Manilius
1747 2749 1978 2807 promm.

400 2831 496 2887 lib.
535 2847 597 2895 ιι,
625 2831 705 2886 sic
729 2833 824 2895 ait,

472 2944 565 3001 Sic
583 2946 853 3001 submersa
887 2946 1059 3016 fretis,
1091 2947 1410 3002 conc/tarum
1441 2954 1491 3000 et
1513 2962 1720 3001 carcere
1743 2946 1929 3001 clausa

470 3018 551 3069 Ad
583 3018 722 3072 lunw
747 3027 946 3072 motum
978 3020 1187 3072 variant
1218 3017 1476 3073 animalia
1504 3034 1714 3087 corpus.

400 3130 782 3203 Hippocrates.
815 3134 934 3190 sive
967 3135 1093 3205 quis
1129 3134 1270 3188 alius
1295 3132 1483 3187 libello
1513 3132 1589 3187 De
1616 3133 1979 3198 Astronomia,

2080 604 2281 671 experti
2308 604 2496 665 medici
2519 601 2750 666 morbos,
2770 604 3171 673 morborumque
3186 602 3453 671 periodos,
3479 611 3529 655 et
3551 602 3665 670 ipso

2083 695 2222 750 lunae
2239 697 2579 759 incremento,
2599 694 2905 766 plenilunio,
2920 700 2995 750 uel
3013 697 3337 750 decremento
3362 713 3466 749 nau
3491 712 3536 751 te
3552 696 3666 750 uela

2081 788 2452 850 committunt;
2501 786 2751 859 agricola:
2804 797 3017 856 aspectu
3046 788 3182 843 luna:
3237 789 3441 842 diverso
3495 797 3665 842 terras

2083 888 2266 933 aratro
2301 879 2533 949 ﬁndunt,
2573 880 2699 949 ﬁmo
2752 881 3106 950 impingnant,
3141 882 3343 935 semina
3388 889 3664 952 spargunt,

2081 983 2273 1042 segetes
2306 982 2527 1036 metunt,
2562 985 2854 1043 cteteraque
2877 974 3020 1043 agris
3052 990 3113 1027 ac
3138 973 3306 1027 Itortis
3328 974 3558 1028 colendis
3580 972 3665 1027 di-

2081 1062 2302 1131 ligenter
2335 1062 2618 1134 adoptant,
2645 1072 2695 1117 et
2724 1063 2779 1116 id
2804 1066 3005 1134 generis
3024 1064 3261 1134 plurima
3285 1073 3553 1118 astrorum
3583 1081 3664 1119 re-

2082 1154 2212 1225 ferri
2240 1165 2452 1224 possent
2493 1157 2668 1228 signa.
2702 1153 2987 1227 Oppianus
3032 1156 3412 1212 Ἀλιευτικῶν
3451 1159 3666 1229 quinto,

2081 1264 2244 1303 versu
2281 1248 2385 1303 589
2413 1267 2426 1302 :

2084 1363 2303 1416 Ἕθνεα
2330 1361 2383 1415 δ’
2412 1361 2759 1430 ὀστράκινα,
2790 1357 2861 1417 τά
2900 1364 2951 1417 θ’
2982 1361 3300 1430 ἐρπύζουσι
3348 1362 3632 1431 θαλάσσῃ

2081 1432 2287 1487 Πάντα
2301 1431 2495 1502 φάτις,
2507 1432 2707 1501 μήνης
2721 1433 2838 1504 μὲν
2865 1433 3198 1501 ἀεξομένης
3226 1433 3378 1504 κατὰ
3403 1435 3659 1504 rapacior,

2081 1504 2267 1571 Σαρκὶ
2289 1504 2704 1572 ’περιπλήθειη
2723 1501 2833 1559 ’καὶ
2862 1505 3116 1559 πλείονα
3132 1503 3379 1572 ναιέμεν
3398 1501 3570 1558 οἷκον
3588 1519 3603 1534 ·

2082 1575 2420 1641 Φθινούσης
2440 1573 2492 1626 δ’
2516 1573 2759 1642 ἐξαῦτις
2780 1574 3206 1643 ἀφαυροτέροις
3222 1573 3403 1642 μελέε
3413 1590 3515 1628 τσι

2091 1644 2474 1700 Ῥικνοῦσθαι
2498 1662 2511 1674 ·
2542 1646 2671 1713 τοίη
2701 1663 2792 1712 τις
2822 1644 2912 1701 ἐνὶ
2950 1646 3170 1712 σφίσιν
3202 1644 3374 1698 ἐστὶν
3411 1644 3664 1714 ἀνάγκη.

2083 1754 2148 1808 Ει
2176 1754 2389 1811 Plinius
2417 1756 2514 1811 lib.
2540 1772 2618 1821 lx,
2645 1772 2767 1828 cap.
2805 1757 2894 1820 31,
2927 1755 3123 1812 Cancri
3151 1766 3199 1809 et
3225 1757 3404 1810 omnia
3437 1755 3550 1824 ejus
3577 1772 3664 1825 ge-

2084 1850 2222 1903 neris
2250 1849 2421 1904 ltieme
2461 1849 2749 1914 lwduntur,
2783 1861 3041 1903 autumno
3066 1857 3115 1902 et
3159 1864 3275 1902 vere
3321 1848 3664 1918 pinguescunt

2082 1949 2130 1995 et
2170 1942 2459 2010 pleuilunio
2497 1943 2687 2012 magis,
2728 1942 2856 2011 quia
2898 1949 3045 1995 nocte
3078 1939 3224 1994 sidus
3262 1938 3433 2008 tepido
3462 1936 3665 2008 fulgore

2083 2036 2349 2105 mitiﬁcat.
2382 2034 2594 2102 Quibus
2626 2035 2980 2090 manifestum
3008 2040 3113 2099 est,
3141 2050 3253 2087 non
3291 2040 3500 2087 tantum
3532 2047 3665 2087 con-

2082 2127 2270 2196 chilia,
2324 2128 2420 2184 sed
2476 2126 2759 2193 animalia,
2803 2136 2858 2183 et
2907 2128 3109 2182 multos
3146 2134 3408 2198 praeterea
3456 2125 3666 2195 lapides

2083 2220 2298 2291 aliaque
2336 2219 2699 2276 diversissimi
2731 2221 2950 2291 generis
2981 2234 3106 2273 cum
3140 2219 3270 2273 luna
3311 2232 3584 2283 crescere,
3608 2224 3666 2272 et

2083 2310 2421 2367 decrescere.
2460 2310 2686 2368 Nonnus
2718 2311 3073 2382 Dionysiacon
3104 2326 3157 2376 ν,
3203 2310 3270 2367 de
3303 2310 3542 2366 selenete
3582 2308 3665 2363 la-

2084 2403 2208 2474 pide
2706 2470 2709 2473 _

2713 2549 2786 2561 —
2812 2517 2893 2587 Τῇ
2919 2518 2988 2572 δὲ
3024 2518 3297 2588 σελήνης

2077 2582 2221 2657 Εἶχε
2245 2587 2419 2660 λίθον
2445 2588 2816 2653 πάλλευκον,
2851 2582 2919 2656 ὃς
2942 2582 3256 2660 εὐκεράοιό
3272 2582 3525 2657 ’θεαίνης

2081 2657 2450 2731 ᾼειπομένῃς
2469 2662 2723 2729 μινύθει,
2753 2661 2850 2731 καὶ
2880 2657 3117 2725 ἀέξεται
3145 2662 3371 2731 ὁππότε
3389 2662 3555 2731 μήνη

2097 2728 2445 2800 ᾎρτιφανὴς
2471 2728 2660 2800 σέλας
2683 2730 2870 2798 ὑγρὸν
2901 2730 3359 2797 ἀποστίλϐουσα
3382 2728 3625 2800 κεραίης

2095 2798 2326 2855 Ἠελίου
2352 2799 2671 2870 γενετῆρος
2707 2800 3027 2872 ἀμέλγεται
3067 2802 3399 2873 αὐτόγονον
3416 2798 3555 2870 πῦρ.

2153 2930 2366 2989 Psellus
2396 2934 2463 2989 de
2509 2934 2825 3006 lapidibus:
2863 2935 2920 2989 ’0
2951 2935 3255 3009 σεληνίτης.
3302 2906 3561 2990 Καλεῖται
3604 2934 3664 2989 δὲ

2082 3026 2276 3091 οὕτως,
2304 3028 2386 3082 ὅτι
2423 3027 2701 3100 ὀφθαλμὸν
2741 3024 2853 3083 οἷόν
2880 3046 3003 3084 τινα
3051 3030 3444 3102 συναυξόμενον
3477 3029 3666 3085 τοῦτον

2084 3121 2179 3174 καὶ¹
2213 3120 2654 3192 συμμειούμενον
2696 3124 2817 3185 ταῖς
2859 3122 2960 3193 τῆς
2993 3123 3224 3195 σελήνης
3263 3122 3527 3194 αὑξήσεσι
3571 3122 3667 3176 καὶ

401 3239 465 3279 ex
490 3225 942 3296 interpretatione
982 3225 1252 3280 Gulideoli
1299 3223 1525 3278 Mordici
1552 3224 1774 3292 :Aspice
1801 3226 1982 3278 lunam

2087 3209 2457 3283 ωμμειὼσεσι
2488 3212 2780 3267 δείκνυται.
2805 3212 2939 3269 Vide
2973 3213 3283 3285 Philippum
3318 3214 3666 3269 Maussacum

398 3320 613 3385 quando
651 3326 729 3371 est
779 3317 938 3386 plena
978 3317 1195 3379 lumine,
1226 3317 1352 3386 quia
1384 3329 1495 3368 tum
1528 3317 1717 3370 crescit
1740 3316 1979 3386 sanguis,

398 3418 451 3461 et
474 3407 705 3462 medulla
729 3409 782 3462 in
813 3407 955 3462 omni
985 3407 1213 3471 homine,
1236 3418 1286 3462 et
1317 3407 1498 3462 bestiis
1534 3408 1796 3462 omnibus.
1836 3406 1982 3464 Idem

399 3501 535 3568 ﬁtin
564 3500 702 3553 mari
729 3510 778 3554 et
808 3501 1013 3554 cunctis
1038 3500 1092 3554 in
1121 3499 1274 3553 rebus
1299 3499 1606 3553 mundanis.
1635 3497 1979 3564 Ptolemaeus,

403 3591 478 3645 Ἥ
506 3608 565 3644 τε
601 3592 797 3664 σελήνη
845 3592 921 3655 ὡς
954 3593 1336 3663 περιγειοτάτη
1375 3592 1558 3645 δίδωσι
1590 3594 1702 3656 τοῖς
1741 3592 1880 3664 πρὸς
1914 3594 1981 3664 τῇ

399 3684 470 3755 γῇ
494 3684 595 3755 τὴν
628 3685 950 3758 ἀπόρροιαν,
978 3684 1408 3756 συμπαθούντων
1437 3685 1595 3757 αὐτῇ,
1627 3683 1721 3737 καὶ
1762 3701 1987 3756 συντρε-

399 3776 652 3847 πομένων
695 3777 803 3831 τῶν
837 3774 1124 3842 πλείστων,
1167 3777 1261 3831 καὶ
1299 3777 1560 3849 ἐμψύχων
1597 3776 1693 3831 καὶ
1729 3777 1976 3849 ἀψύχων·

398 3869 493 3923 καὶ
539 3869 801 3941 ποταμῶν
855 3870 1228 3937 συναυξόντων
1268 3872 1365 3925 καὶ
1410 3870 1819 3942 συμμειούντων
1870 3874 1984 3936 τοῖς

401 3960 572 4025 φωσὶν
600 3959 772 4031 αὐτῆς
797 3960 865 4015 τὰ
886 3960 1153 4033 ῥεύματα,
1178 3961 1460 4016 θαλασσῶν
1482 3963 1540 4017 δὲ
1571 3964 1982 4036 συντρεπουσῶν

398 4051 521 4112 ταῖς
548 4051 869 4117 ἀνατολαίςο
904 4063 959 4108 et
986 4053 1256 4124 interpres
1312 4070 1618 4126 anonymus
1676 4054 1719 4109 T
1722 4055 1809 4111 ab.
1857 4055 1985 4112 Pto-

402 4140 712 4215 ωτι-,⁸0ρῶ
741 4145 840 4216 μὲν
871 4144 982 4218 γὰρ
1007 4147 1102 4199 καὶ
1127 4144 1197 4198 τὰ
1224 4144 1485 4200 θαλάττια
1509 4144 1625 4211 ζῶα
1658 4146 1983 4214 συναυξανόοι

403 4240 541 4301 μέγα
581 4234 678 4287 καὶ
730 4236 1140 4308 συμμειούμενα
1188 4239 1255 4309 τῇ
1295 4237 1515 4310 σελήνῃ,
1565 4240 1660 4293 κα)⁵
1714 4240 1871 4311 ἡμῶν
1925 4241 1983 4295 δὲ

399 4319 583 4374 αὐτῶν
620 4337 741 4376 τινα
798 4325 940 4397 μέρη
983 4325 1079 4380 τοῦ
1130 4325 1408 4400 σώματος,
1463 4325 1576 4382 οἷον
1635 4329 1833 4401 ὄνυχας
1887 4331 1983 4385 καὶ

398 4410 621 4484 τρίχας·
661 4408 730 4485 ἦν
766 4415 825 4469 δέ
866 4434 919 4470 τι
953 4419 1047 4471 καὶ
1099 4418 1241 4491 ἱερὸν
1289 4418 1428 4483 ζῶον
1477 4421 1534 4475 ὲν
1587 4423 1655 4493 τῇ
1721 4422 1981 4494 Αἰγύπτῳ

396 4503 598 4576 ταῦρος
639 4508 994 4579 ἀνακείμενος
1036 4513 1101 4582 τῇ
1144 4511 1269 4583 θεῷ,
1312 4508 1373 4568 οὗ
1416 4514 1605 4586 ήσόϐη
1652 4514 1980 4587 συνηύξανεν

2085 3303 2141 3357 ἱιι
2171 3310 2344 3357 notat.
2379 3303 2445 3356 ad
2480 3301 2831 3357 Plutarchum
2856 3303 2925 3358 de
2956 3302 3167 3359 ﬂuntin.
3202 3306 3256 3359 in
3291 3302 3566 3374 Hgdaspe,
3602 3312 3658 3357 et

2084 3395 2355 3449 Caesarem
2394 3392 2652 3449 JEvolum
2706 3392 3124 3459 Neapolitanum
3167 3393 3246 3448 De
3292 3396 3468 3449 causis
3519 3398 3663 3449 antio

2082 3487 2278 3556 patltite
2324 3498 2373 3541 et
2413 3486 2723 3558 sympathia:
2771 3504 2947 3542 rerum
2989 3488 3316 3542 naturalium
3353 3489 3408 3543 in
3446 3487 3571 3543 line.
3600 3489 3665 3543 Et

2086 3580 2408 3650 llodulphus
2453 3578 2751 3634 Goclenius
2792 3580 2846 3634 in
2891 3577 3233 3651 Morosopltia
3278 3578 3507 3636 Joannis
3548 3578 3662 3635 Ro-

2084 3672 2221 3728 berti
2256 3687 2377 3743 pag.
2409 3671 2534 3737 l7l,
2561 3679 2615 3727 et
2643 3680 2916 3743 sequent.,
2951 3672 3108 3744 plura
3131 3689 3196 3728 ex
3222 3672 3454 3727 laudatis
3477 3683 3665 3728 aucto-

2086 3769 2238 3824 ribus
2272 3767 2540 3836 congerit,
2569 3767 2636 3824 de
2676 3768 2729 3823 vi
2758 3775 2813 3823 et
2844 3766 3085 3822 ellicacia
3138 3767 3281 3822 luna:
3307 3766 3365 3821 in
3405 3766 3491 3824 his
3519 3765 3662 3822 infe-

2084 3860 2346 3916 rioribus.
2382 3862 2584 3915 Mirum
2633 3861 2762 3915 item
2798 3868 2882 3915 est
2913 3858 3058 3933 quod
3099 3860 3153 3914 in
3193 3858 3445 3915 Herbarii
3475 3859 3665 3930 cujus-

2084 3952 2210 4007 dam
2243 3952 2463 4010 schedis
2492 3953 2713 4023 legitur,
2759 3952 3030 4006 lunariam
3074 3951 3298 4007 herbam
3339 3952 3395 4005 in
3435 3953 3665 4009 summis

2082 4041 2313 4111 Alpibus
2343 4042 2497 4097 nasci
2521 4057 2691 4113 prOpe
2730 4041 2910 4098 fontes
2941 4052 3032 4096 aut
3070 4041 3317 4106 ﬂumina,
3354 4040 3502 4099 foliis
3536 4059 3663 4113 par-

2084 4133 2228 4188 vulis
2260 4172 2276 4194 ,
2338 4133 2591 4188 rotundis
2640 4132 2817 4188 instar
2857 4132 3124 4187 nummuli
3160 4132 3227 4185 ad
3278 4133 3516 4188 amaraci
3550 4133 3664 4190 fere

2084 4226 2522 4293 similitudinem,
2561 4224 2709 4280 cassii
2756 4225 2841 4280 vel
2882 4224 3099 4281 caerulei
3125 4224 3349 4286 coloris,
3388 4225 3545 4279 caule
3570 4240 3665 4278 ru-

2082 4320 2204 4383 bro,
2236 4327 2291 4374 et
2344 4318 2593 4382 odorato,
2645 4317 2831 4373 radice
2870 4331 3095 4383 crocea;
3150 4316 3529 4388 lunariamque
3578 4316 3665 4371 id-

2083 4413 2233 4467 circo
2267 4411 2551 4482 appellari,
2595 4409 2740 4482 quod
2780 4410 2846 4464 ad
2882 4410 3024 4466 lunae
3057 4417 3271 4477 auctus,
3291 4410 3379 4465 vel
3409 4410 3663 4464 imminu-

2082 4506 2264 4560 tiones
2290 4518 2542 4559 crescere
2590 4518 2654 4558 ac
2677 4502 2996 4559 decrescere
3019 4502 3386 4560 consueverit.
3418 4500 3663 4557 totidem-

398 4595 564 4668 αὐτῇ,
601 4598 695 4652 καὶ
752 4599 1116 4671 ωνεμειοῦτο.
1170 4603 1293 4656 Εἰσὶ
1339 4603 1396 4656 δὲ
1443 4606 1537 4658 καὶ
1584 4604 1680 4659 νῦν
1739 4606 1979 4677 συμφθί-

2084 4614 2191 4670 que
2223 4597 2349 4653 folia
2374 4598 2581 4654 habere
2614 4597 2838 4662 dicitur,
2870 4604 3004 4668 quot
3034 4597 3161 4650 luna
3190 4595 3354 4651 habet
3377 4595 3515 4652 dies.
3568 4638 3573 4643 .

397 4706 602 4755 νοντες,
630 4693 725 4746 καὶ
754 4693 1142 4760 ωναυξοῦντες
1168 4695 1305 4750 λίθοι
1336 4697 1481 4762 τινὲς
1507 4700 1574 4773 τῇ
1627 4698 1752 4770 θεῷ.
1786 4697 1977 4755 Horat.

395 4793 458 4845 tt,
488 4796 800 4837 sermonum
828 4783 863 4837 4
889 4803 901 4836 :

536 4893 767 4951 Lubrica
798 4909 1070 4954 nascentes
1104 4900 1317 4970 implent
1349 4901 1607 4957 conchilia
1637 4902 1797 4961 luna.

395 5026 639 5088 Isidorus
671 5033 797 5090 libr.
845 5049 945 5100 xu,
980 5049 1100 5105 cap.
1131 5035 1185 5103 6,
1224 5035 1475 5093 Omnium
1530 5038 1834 5092 clausorum
1862 5054 1980 5092 ma-

394 5128 470 5181 ris
504 5130 841 5196 animalium,
895 5140 1051 5202 atque
1107 5133 1424 5187 concitarum
1473 5134 1790 5187 incremento
1839 5134 1979 5189 (ante

394 5220 631 5277 membra
652 5233 988 5295 turgescunt;
1016 5224 1219 5294 defectu
1243 5236 1587 5280 evacuanlur.
1619 5225 1786 5280 Luna:
1812 5227 1975 5292 enim,
2000 5220 2003 5225 ’

393 5329 513 5367 cum
545 5315 602 5367 in
643 5328 922 5386 augmento
952 5319 1134 5389 fuerit,
1177 5328 1331 5390 auget
1368 5323 1660 5384 humorem,
1698 5336 1818 5374 cum
1856 5336 1976 5374 vero

392 5405 447 5458 in
481 5405 743 5476 defectum
762 5411 978 5473 venerit,
1007 5410 1252 5464 humores
1282 5411 1614 5476 minuuntur,
1647 5421 1752 5467 etc.
1791 5410 1978 5466 Ludo-

394 5498 550 5553 vicus
592 5498 796 5556 Fidelis
842 5502 921 5556 De
972 5503 1157 5557 mund.
1220 5513 1410 5557 struet.
1468 5504 1591 5559 libr.
1632 5520 1686 5567 v,
1732 5518 1852 5574 cap.
1920 5504 1974 5570 5,

392 5588 580 5655 Laure,
610 5591 805 5659 inQuit,
834 5594 1160 5664 diversitate,
1182 5599 1501 5652 incremento
1523 5598 1601 5652 vel
1626 5597 1973 5663 decrementa,

394 5693 654 5754 augentur
685 5684 762 5739 uel
826 5690 1154 5755 minuuntur,
1201 5693 1619 5763 impinguantur,
1650 5693 1729 5745 vel
1768 5706 1975 5744 marce-

395 5789 550 5833 scunt
574 5796 799 5851 corpora
820 5780 1098 5849 inferiora,
1133 5786 1282 5855 quod
1313 5787 1613 5841 animantia
1642 5785 1821 5850 bruta,
1856 5801 1974 5839 aves

399 5886 463 5925 ac
492 5873 684 5942 pisces,
728 5873 1044 5945 ittarumque
1075 5878 1342 5945 medullis,
1378 5881 1484 5934 into
1513 5888 1563 5934 et
1603 5881 1768 5934 maris
1800 5894 1977 5934 acces-

2156 4687 2317 4751 lbid.,
2347 4688 2446 4743 lin.
2476 4688 2566 4742 42.
2609 4688 2763 4741 Διότι
2795 4687 3107 4759 ὑγρότητα.
3142 4685 3398 4752 Basilius,
3425 4687 3570 4741 hom.
3603 4687 3658 4747 6,

2083 4781 2229 4835 Διότι
2283 4782 2557 4853 ὑγρότητὰ
2596 4798 2715 4835 τινα
2759 4780 3051 4852 θερμότητι
3098 4779 3442 4852 κεκραμένην
3470 4778 3564 4832 ἐπὶ
3601 4777 3662 4833 τὺ

2085 4873 2249 4945 βάθος
2302 4874 2608 4942 φθάνουσαν
2658 4872 2963 4944 λεληθότως
3017 4872 3242 4943 ἐνίησιν.
3299 4869 3658 4937 Aristoteles,

2082 4965 2178 5020 lib.
2210 4981 2265 5026 v,
2294 4963 2374 5017 De
2394 4974 2533 5033 part.
2569 4963 2812 5020 animal..
2839 4978 2961 5034 cap.
3001 4963 3055 5029 5,
3087 4963 3354 5018 rationem
3384 4963 3662 5032 augmenti

2080 5055 2250 5110 tradit
2282 5070 2405 5111 esse
2430 5065 2616 5109 noctes
2647 5054 2963 5124 tepidiores,
2988 5052 3443 5124 quemadmodum
3473 5061 3527 5107 et
3561 5053 3660 5110 de-

2081 5149 2344 5203 crementi
2391 5145 2725 5216 frigidiores;
2764 5161 2886 5200 cum
2927 5147 3072 5200 enim
3119 5146 3375 5199 animalia
3414 5145 3529 5200 haec
3561 5161 3660 5200 ex-

2080 5238 2331 5308 sanguia,
2361 5246 2418 5290 ut
2439 5244 2654 5300 ostreas,
2680 5235 2983 5307 conchylia.
3012 5244 3064 5290 et
3086 5234 3139 5290 id
3168 5237 3382 5306 generis
3415 5235 3520 5289 alia
3551 5236 3662 5290 sint

2082 5328 2380 5398 frigidioris
2422 5336 2655 5387 natura,
2705 5326 2907 5396 frigore
2940 5332 3134 5379 vexata
3168 5325 3402 5379 calorem
3445 5324 3662 5380 deside-

2079 5426 2225 5485 rant,
2259 5418 2418 5486 cujus
2442 5433 2543 5487 ope
2586 5415 2830 5487 pleniora
2858 5415 3115 5475 evadunt,
3150 5421 3371 5483 propter
3400 5415 3542 5468 enim
3576 5414 3662 5469 lu-

2080 5520 2198 5560 cem
2235 5506 2530 5574 pleniorem
2575 5516 2765 5559 noctes
2797 5511 2925 5559 sunt
2958 5504 3278 5574 tepidiores,
3308 5513 3362 5559 et
3393 5520 3500 5558 non
3530 5504 3661 5575 quia

2080 5612 2178 5666 per
2200 5598 2252 5652 id
2291 5607 2507 5668 tempus
2553 5598 2830 5668 copiosius
2879 5604 3184 5667 pascuntur
3211 5604 3272 5651 ut
3322 5597 3476 5650 multi
3507 5597 3662 5652 dixe-

2078 5696 2229 5743 runt.
2262 5689 2521 5757 Quinimo
2550 5691 2665 5760 ipse
2688 5691 3009 5745 Aristoteles
3036 5691 3074 5743 1.
3110 5706 3185 5751 tv,
3214 5688 3292 5743 De
3328 5689 3662 5760 generatione

2081 5784 2330 5849 animal.,
2369 5800 2491 5854 cap.
2532 5784 2588 5849 ἓ,
2614 5783 2773 5839 docet
2804 5782 2965 5838 sicuti
2997 5781 3077 5838 sol
3117 5797 3214 5851 per
3256 5788 3428 5835 totum
3454 5793 3659 5835 annum

2081 5884 2324 5932 aestatem
2368 5884 2531 5949 atque
2568 5876 2801 5932 hiemem
2838 5875 2986 5945 facit,
3031 5874 3105 5928 ita
3139 5875 3321 5929 lunam
3373 5888 3470 5946 per
3507 5856 3667 5926 mett-~
