4124 6416
446 369 546 427 871

1807 357 2055 413 LEONIS
2091 355 2368 412 ALLATll

3619 352 3725 409 δῖε

446 501 585 546 sem,
635 498 745 538 non
786 480 1004 552 quidem
1051 494 1298 541 accessu,
1334 456 1677 551 decessuque
1724 488 1784 534 ut
1832 479 2031 541 solem.
2060 483 2101 540 Α
2135 477 2364 531 rhaeum.
2400 472 2515 528 Sita
2558 480 2739 527 autem
2791 469 3000 543 Pyrrha
3051 477 3169 525 erat
3206 469 3259 524 in
3293 468 3526 525 occidua
3563 466 3727 526 Lesbi

447 576 545 634 sed
571 577 932 637 incrementa,
964 582 1019 628 et
1049 573 1404 628 decrementa
1428 572 1673 628 luminis.
1707 573 1860 627 Luna
1883 573 2029 628 enim

446 664 606 733 plena
640 664 901 726 calorem,
942 677 1105 733 quem
1151 662 1361 732 reliqua
1384 670 1630 734 tempore
1664 664 1826 719 habet
1848 664 2034 719 minus

447 758 746 819 intensum,
789 755 1023 811 intendit
1050 774 1065 821 ;
1099 756 1242 812 sicut
1273 763 1327 811 et
1356 756 1439 811 sal
1466 767 1655 813 testate
1678 757 1802 827 plus
1835 757 2035 813 calcfa-

447 849 543 917 cit,
575 849 754 904 hieme
784 848 990 901 minus.

518 943 638 999 Col.
673 942 796 1005 7'21,
822 942 921 998 litt.
943 941 1033 995 43.
1071 943 1134 994 οἱ
1175 928 1305 1010 γὰρ
1331 940 1745 1009 καθεύδοντες.
1774 941 2031 1004 Basilius.

449 1036 645 1091 hom.6
674 1054 688 1090 :
719 1034 948 1107 Δηλοῦσι
982 1034 1038 1087 δὲ
1066 1035 1115 1088 οἰ
1142 1033 1494 1097 καθεύδοντες
1520 1035 1624 1088 ὑπὸ
1654 1035 1884 1107 σελήνην
1903 1036 2037 1107 ὑγρό

445 1146 609 1202 τητος
635 1128 900 1200 περισσῆς
925 1127 1022 1191 τὰς
1047 1127 1144 1198 τῆς
1175 1128 1413 1198 κεφαλῆς
1437 1128 1775 1201 εὐρυχωρίας
1803 1130 1905 1200 πλη
1916 1130 2039 1201 ρού-

451 1237 623 1290 μενοι,
656 1221 749 1273 καὶ
779 1222 847 1273 τὰ
884 1219 1156 1290 νεοσφαγῆ
1198 1218 1304 1272 τῶν
1340 1220 1516 1292 κρεῶν
1549 1223 1685 1291 ταχὺ
1728 1224 2039 1295 τρεπόμενα

447 1313 513 1383 τῇ
551 1312 821 1384 προσϐολῇ
851 1312 950 1383 τῆς
992 1311 1240 1383 σελήνης,
1276 1314 1370 1366 καὶ
1405 1312 1559 1377 ζώων
1587 1315 1900 1385 ἐγκέφαλοι,
1943 1318 2039 1370 καὶ

446 1404 556 1459 τῶν
583 1404 881 1459 Θαλαττίων
904 1404 973 1458 τὰ
1006 1405 1300 1476 ὑγρότατα,
1328 1406 1421 1459 καὶ
1449 1408 1505 1459 αἱ
1536 1405 1644 1460 τῶν
1681 1407 1913 1479 δένδρων
1948 1410 2038 1463 ὲν-

446 1497 722 1568 τεριῶναι.
769 1496 1008 1552 Galenus
1059 1498 1153 1553 lib.
1215 1514 1273 1552 ut
1330 1497 1408 1552 De
1463 1497 1601 1553 dieb.
1644 1498 1928 1563 decretor.,
1970 1500 2039 1557 de

448 1591 577 1644 luna
612 1609 624 1644 :
660 1588 843 1642 Πάντα
877 1590 976 1660 μὲν
1004 1590 1112 1661 γάρ
1136 1589 1172 1645 ἃ
1198 1590 1329 1663 δρᾷν
1369 1590 1615 1659 πέφυκεν
1653 1592 1867 1666 ἀμυδρὰ
1895 1593 2041 1663 γίνε-

446 1699 554 1745 ται,
596 1680 910 1754 μηνοειδοῦς
934 1682 1232 1753 γενομένης
1260 1682 1459 1753 αὐτῆς
1489 1684 1707 1739 ἅπαντα
1747 1687 1804 1740 δὲ
1843 1686 2038 1761 ισχυρὰ

450 1774 903 1847 πεπληρωμένης,
940 1774 1082 1827 ὥστε
1106 1775 1203 1829 καὶ
1238 1777 1366 1840 τοὺς
1406 1779 1655 1849 καρποὺς
1679 1780 1737 1831 ἐν
1772 1779 1906 1851 τῷδε
1937 1799 2036 1835 πε-

2137 570 2308 624 latere
2353 568 2393 621 C
2429 582 2461 622 a
2494 567 2651 621 Malia
2681 565 2893 628 stadiis,
2928 566 3003 620 ita
3034 564 3305 621 referente
3334 562 3601 620 Strabone
3629 564 3727 620 lib.

2135 676 2273 726 xm;
2303 667 2358 713 et
2398 673 2549 713 mare
2594 658 2738 711 inter
2769 655 3033 712 Euboeam
3076 662 3132 711 et
3189 654 3531 717 Chalcidem,
3578 652 3728 724 quod

2136 761 2300 823 ponte
2354 751 2522 807 duum
2557 751 2813 821 jugcrum
2856 750 3211 821 iungebatur.
3272 748 3430 817 Quod
3484 759 3539 805 et
3605 749 3730 806 aliis

2136 842 2311 899 fuisse
2337 858 2629 898 commune
2672 842 2807 898 satis
2848 841 3202 897 manifestum
3236 850 3322 897 est
3368 841 3425 896 in
3473 841 3726 907 historia,

2135 943 2189 989 et
2215 935 2468 1006 quamvis
2513 934 2837 991 Eustathius
2872 935 3118 991 videatur
3164 933 3432 990 reﬂuxum
3469 934 3642 988 maris
3672 933 3729 988 in

2138 1024 2355 1096 Euripis
2416 1033 2629 1079 tantum
2686 1024 2995 1092 allirmare;
3064 1032 3247 1080 tamen
3299 1024 3347 1079 si
3401 1031 3552 1078 recte
3606 1022 3729 1093 ejus

2137 1118 2302 1173 verba
2334 1116 2762 1188 perpendantnr,
2787 1116 2856 1172 de
2879 1116 3134 1172 universa
3162 1116 3331 1170 totius
3362 1116 3531 1170 maris
3563 1115 3726 1178 male,

2139 1209 2256 1264 sive
2285 1216 2369 1279 (ut
2405 1210 2477 1263 ita
2512 1207 2715 1278 dicam)
2749 1208 3009 1264 barathro
3056 1208 3459 1278 intelliguntur.
3496 1206 3731 1279 Euripo—

2138 1315 2259 1354 rum
2298 1309 2480 1354 autem
2526 1301 2859 1354 mentionem
2908 1298 3143 1363 induxit,
3172 1299 3318 1370 quod
3361 1300 3414 1353 in
3454 1299 3563 1354 illis
3593 1314 3732 1369 pra:-

2138 1395 2298 1464 cipue
2328 1392 2509 1449 lluxus
2540 1394 2643 1450 iste
2680 1404 2962 1450 cernatur.
2997 1393 3067 1447 Et
3109 1395 3253 1448 circa
3299 1393 3504 1457 littora,
3542 1404 3601 1447 ut
3647 1393 3732 1446 in-

2139 1487 2256 1556 quit
2288 1484 2520 1552 Plinius,
2552 1487 2719 1558 magis
2751 1504 2912 1558 quam
2944 1487 2997 1540 in
3045 1487 3155 1540 alto
3193 1486 3248 1539 hi
3295 1486 3522 1556 wquoris
3557 1495 3730 1540 matus

2139 1577 2611 1648 deprehenduntur.
2670 1578 2775 1646 Qui
2820 1594 2931 1649 qua
2980 1578 3324 1633 manifestior
3370 1579 3547 1633 oculis
3607 1593 3732 1648 spe-

2140 1674 2406 1728 ctantium
2441 1679 2546 1737 est,
2586 1687 2653 1726 ea
2700 1672 3013 1744 perplexiar
3063 1676 3213 1742 angit
3260 1670 3731 1727 considerantium

2141 1766 2393 1831 animos,
2454 1773 2511 1823 et.
2562 1766 2847 1823 veritatem
2906 1781 3073 1822 sensu
3137 1774 3411 1837 patentem
3476 1764 3734 1820 deturbat

447 1868 629 1921 παίνει
690 1868 784 1922 καλ⁸
830 1866 1048 1932 αὐξάνει
1094 1868 1344 1939 τάχιστα,
1375 1871 1470 1923 καὶ
1505 1871 1573 1925 τά
1601 1870 1769 1943 νεκρὰ
1810 1871 2039 1944 σώματα

2143 1868 2306 1930 atque
2363 1859 2672 1915 confundit.
2724 1858 2957 1925 Quidam
3010 1858 3418 1922 existimarunt,
3464 1868 3644 1922 nocte,
3679 1860 3735 1911 et

444 1960 722 2033 διασήπει,
744 1962 983 2025 καὶτοὺς
1010 1961 1114 2014 ὑπὸ
1136 1960 1235 2032 τὴν
1260 1961 1435 2033 αὐγὴν
1456 1962 1625 2035 αὐτῆς
1652 1964 2034 2036 κοιμηθέντας,

444 2050 480 2123 ἢ
512 2053 607 2106 καὶ
631 2052 805 2116 ἄλλως
833 2053 925 2106 ἐπὶ
954 2053 1114 2107 πλέον
1144 2052 1548 2125 διατρίψαντας,
1577 2055 1791 2128 ὠχροὺς
1822 2058 1917 2111 καὶ
1948 2076 2040 2114 xa-

450 2143 783 2218 ρηόαρικοὺς
813 2144 1206 2216 ἀπεργάζεται.
1250 2145 1447 2201 Omnia
1492 2147 1761 2218 siquidem
1794 2163 1914 2219 qua:
1958 2148 2040 2204 fa-

446 2253 573 2293 cere
619 2245 746 2292 nata
779 2249 881 2303 est,
918 2238 1011 2292 ubi
1045 2237 1200 2294 falcis
1242 2238 1469 2309 ﬁguram
1508 2248 1887 2309 reprmsentat,
1920 2225 2043 2297 lan-l

444 2328 611 2401 guida
637 2331 820 2401 jiunt;
868 2329 1048 2384 valida
1079 2330 1285 2391 omnia,
1319 2344 1445 2383 cum
1478 2330 1638 2400 plena
1669 2330 1853 2387 fuerit.
1887 2331 2037 2398 Qua-

448 2428 672 2492 propter
701 2429 758 2476 et
787 2419 972 2492 fruges
1005 2428 1138 2475 tunc
1185 2419 1441 2491 adauget,
1469 2430 1821 2494 maturatque
1860 2425 2037 2479 celer-

447 2515 608 2577 rime,
641 2518 857 2568 mortua
883 2527 1116 2583 corpora
1142 2511 1198 2567 in
1220 2511 1402 2567 tabem
1431 2512 1705 2578 dissolvit,
1735 2529 2040 2586 somnoque

448 2606 645 2677 sopitis
677 2605 780 2661 sub
813 2605 934 2675 ejus
964 2605 1190 2668 lumine,
1227 2604 1311 2660 vel
1352 2604 1513 2660 aliter
1538 2604 1747 2661 diutius
1776 2606 2039 2663 immora-

446 2699 521 2755 tis
549 2699 832 2768 pallorem,
862 2704 914 2752 et
948 2696 1148 2767 capitis
1175 2696 1421 2753 dolorem
1450 2698 1730 2755 conciliat.

518 2790 682 2856 Ihid.,
714 2791 814 2846 lin.
846 2790 939 2845 46.
982 2790 1219 2859 Ὁμοίως
1249 2788 1318 2843 δὲ
1350 2790 1449 2843 καὶ
1484 2789 1558 2844 τὰ
1586 2792 1740 2860 περί.
1775 2792 2037 2855 Basilius.

448 2884 597 2940 hom.
630 2884 663 2938 6
694 2902 708 2938 :
742 2884 854 2937 Kal.
876 2883 945 2937 τὰ
988 2883 1116 2955 περὶ
1146 2881 1239 2935 τὸν
1273 2881 1413 2954 ἀέρα
1443 2882 1499 2937 δὲ
1539 2883 1684 2958 πάθη
1721 2889 1841 2951 ταῖς
1876 2904 2041 2958 μετα-

446 2975 632 3041 6ολαῖς
667 2976 870 3047 ταύτης
910 2974 1339 3041 συνδιατίθεται,
1382 2974 1458 3040 ὡς
1507 2979 1876 3051 μαρτυροῦσιν
1907 2983 2040 3053 ήμίν

448 3069 511 3125 αἴ
534 3088 594 3124 τε
621 3070 763 3125 κατὰ
798 3069 896 3142 τὴν
921 3068 1217 3141 νουμηνίαν
1245 3069 1503 3135 πολλάκις
1533 3072 1641 3124 ἀπὸ
1671 3071 1910 3146 γαλήνης
1947 3075 2042 3129 καὶ

447 3163 709 3235 νηνεμίας
755 3162 1009 3233 αἰφνίδιοι
1048 3161 1287 3234 ταραχαὶ
1320 3161 1497 3232 νεφῶν
1528 3163 1924 3237 κλονουμένων,
1948 3171 2041 3223 καὶ
2067 3191 2109 3248 C

449 3252 872 3324 συμπιπτόντων
903 3253 1173 3325 ἀλλήλοις.

519 3346 657 3403 lhid.
690 3347 787 3402 lin.
816 3347 906 3404 50.
941 3347 1052 3403 Kal
1083 3348 1351 3419 γίνονται
1384 3348 1519 3418 περὶ
1558 3349 1698 3415 τοὺς
1727 3352 2035 3420 εὺρίπους.

447 3441 706 3504 Basilius,
740 3441 891 3496 ham.
937 3440 971 3496 6
1017 3460 1032 3498 :
1084 3442 1195 3496 Καὶ
1236 3441 1294 3494 αἱ
1331 3443 1461 3514 περὶ
1493 3443 1619 3506 τοὺς
1644 3444 2040 3516 εὐρίπουςπα-

446 3533 703 3606 λίῤῥοιαι,
730 3535 825 3587 καὶ
849 3535 883 3605 ή
913 3534 1041 3607 περὶ⁷
1070 3533 1160 3588 τὸν
1180 3534 1472 3607 λεγόμενον
1496 3535 1736 3590 ὠκεανὸν
1762 3536 2039 3609 ἄμπωτις,

446 3618 516 3697 ἢν
542 3628 663 3689 ταῖς
688 3624 958 3696 περιόδοις
986 3626 1087 3696 τῆς
1117 3624 1346 3699 σελήνης
1376 3628 1727 3700 τεταγμένως
1766 3629 2042 3701 ἑπομένην

448 3706 672 3787 ἐξεῦρον
698 3716 748 3766 οἱ
766 3715 1202 3786 προσοικοῦντες.
1224 3720 1286 3771 Ui
1326 3718 1426 3789 μὲν
1453 3719 1564 3792 γάρ
1593 3720 1810 3793 εὔριποι
1839 3724 2043 3795 μεταρ-

453 3806 667 3878 ρέουσιν
697 3807 782 3877 ἐφ’
812 3807 1050 3879 ἑκάτερα
1088 3810 1231 3864 κατὰ
1277 3810 1348 3864 τὰ
1379 3810 1544 3866 λοιπὰ
1575 3812 1675 3884 τῆς
1705 3814 1952 3888 σελήνης,
1985 3820 2042 3871 ὲν

448 3898 510 3977 δὲ
539 3897 619 3968 τῷ
649 3898 825 3970 καιρῷ
848 3899 951 3969 τῆς
978 3899 1245 3969 γενέσεως
1273 3902 1394 3957 οὐδὲ
1423 3903 1483 3957 τὸ
1517 3904 1855 3977 βραχύτατον
1882 3910 2044 3981 ἀτρε-

455 3990 669 4063 μοῦσιν,
704 3991 821 4046 ἀλλ’
854 3992 914 4046 ὲν
955 3993 1100 4064 σάλῳ
1133 3995 1228 4049 καὶ
1254 3995 1588 4052 ταλαντὼσει
1612 3998 1851 4072 διηνεκεί
1878 4002 2041 4056 καθε-

453 4084 740 4156 στήκασιν,
776 4083 902 4151 ἕως,
954 4086 1251 4154 ὲκιρανεῖσα
1302 4087 1484 4154 πάλιν,
1538 4089 1860 4147 ἀκολουθίαν
1922 4094 2043 4148 τινὰ

450 4178 519 4249 τῇ
572 4177 865 4251 παλιρροία
905 4178 1272 4251 παράσχηται.
1313 4181 1376 4235 Ἡ
1423 4182 1481 4235 δὲ
1527 4185 1757 4257 ἐσπερία
1798 4185 2042 4243 Θάλασσα

451 4268 549 4334 τὰς
598 4268 881 4341 ἀμπώτεις
931 4270 1264 4339 ὑφίσταται,
1316 4270 1410 4325 νῦν
1473 4274 1571 4346 μὲν
1627 4275 2040 4345 ὖπονοστοῦσα,

453 4363 614 4417 πάλιν
641 4361 699 4416 δέ
728 4361 1114 4428 ἐπικλύζουσα,
1140 4364 1331 4434 ὥσπερ
1363 4367 1659 4434 ἀναπνοαῖς
1681 4372 1781 4443 τῆς
1814 4374 2043 4448 σελήνης

451 4452 795 4524 ὐφὲλκομένη
830 4452 965 4525 πρὸς
988 4455 1048 4508 τὸ
1085 4456 1280 4521 ὀπίσω,
1310 4460 1404 4512 καὶ
1450 4461 1615 4516 πάλιν
1657 4465 1778 4527 ταῖς
1816 4465 1910 4518 ἀπ’
1944 4467 2044 4519 αὐ-

2141 1950 2381 2006 interdiu
2444 1950 2714 2022 reciproci
2778 1950 3019 2019 :equaris
3071 1948 3221 2003 ﬂuxu
3274 1958 3597 2004 aestuantem
3645 1962 3735 2001 re-

2139 2044 2249 2100 labi
2279 2046 2510 2116 septies.
2548 2044 2759 2101 Seneca
2788 2043 2845 2098 in
2879 2041 3112 2103 Hercule
3146 2040 3332 2097 (Ειωο
3362 2060 3378 2097 =

2286 2158 2520 2230 Euripus
2547 2158 2720 2214 undas
2750 2158 2914 2228 ﬂectit
2945 2155 3221 2212 instabiles
3249 2173 3412 2230 vagas

2282 2228 2589 2300 Septemque
2617 2247 2806 2284 cursus
2836 2230 2939 2299 fert
2965 2239 3014 2284 et
3051 2230 3263 2300 totidem
3291 2228 3471 2300 refert.

2284 2298 2425 2356 Dum
2453 2298 2659 2371 lapsum
2694 2298 2855 2355 Titan
2888 2309 3089 2371 mergat
3119 2299 3328 2354 Oceano
3364 2298 3543 2367 iubar.

2140 2414 2328 2471 Livius
2356 2415 2455 2469 lib.
2490 2430 2638 2470 xxvu
2665 2430 2776 2469 non
2806 2413 3111 2470 asscntitur
3141 2412 3269 2466 huic
3298 2412 3585 2467 sententia:
3619 2431 3633 2466 :
3667 2410 3734 2464 Et

2141 2507 2337 2577 fretum
2366 2508 2562 2576 ipsum,
2599 2506 2799 2577 inquit,
2827 2504 3017 2575 Euripi
3062 2521 3167 2560 non
3214 2505 3401 2574 septies
3449 2504 3556 2569 die,
3601 2504 3734 2558 sicut

2141 2600 2291 2670 fama
2341 2598 2465 2670 fert,
2513 2599 2833 2666 temporibus
2881 2599 3038 2653 statis
3072 2600 3388 2665 reciprocat,
3425 2596 3516 2652 sed
3546 2606 3735 2651 temere

2140 2694 2199 2747 in
2247 2691 2462 2747 modum
2516 2692 2675 2756 venti,
2729 2707 2868 2745 nunc
2913 2690 3033 2757 huc,
3069 2708 3208 2745 nunc
3252 2692 3382 2745 illuc
3414 2708 3562 2747 verso
3599 2691 3736 2744 mari

2139 2786 2279 2841 velut
2312 2795 2488 2840 monte
2535 2785 2798 2854 prwcipiti
2824 2784 3097 2840 devolutus
3128 2793 3334 2839 torrens
3365 2785 3595 2854 rapitur.
3623 2785 3731 2838 An-

2141 2880 2369 2950 tiphilus
2402 2878 2692 2950 Byzantius
2733 2877 2856 2948 ejus
2904 2878 3392 2949 reciprocationem
3441 2876 3733 2948 Autltolog.

2143 2970 2296 3044 Epig.
2322 2971 2421 3026 lib.
2455 2987 2495 3036 ι,
2531 2986 2653 3041 cap.
2688 2970 2782 3037 36,
2814 2971 3227 3042 elegantissime
3255 2971 3530 3042 expressit
3564 2989 3579 3026 :

2214 3082 2508 3137 Εὐϐοῑκοῦ
2542 3083 2795 3137 κόλποιο
2825 3082 3219 3153 παλινδ;’νητε
3252 3083 3560 3145 θάλασσα,

2284 3154 2600 3223 Πλαγκτὸν
2622 3153 2800 3223 ὕδωρ,
2825 3154 2997 3221 ἰδίοις
3009 3155 3312 3224 ῥεύμασιν
3330 3156 3667 3221 ἀντίπαλον

2233 3225 2437 3290 Ἠελίῳ
2462 3241 2583 3295 κην
2608 3226 2783 3279 νυκτὶ
2815 3224 3177 3295 τεταγμένον
3193 3227 3258 3293 ἐς
3280 3227 3404 3294 τρὶς
3425 3227 3716 3280 ἄπιοι-ον’
3762 3246 3763 3249 η

2288 3296 2528 3367 Ναυσὶν
2558 3294 2712 3351 ὅσον
2749 3294 3003 3366 πέμπεις
3024 3296 3217 3367 χεῦμα
3240 3296 3657 3366 δανειζόμενον
3679 3337 3696 3359 ,

2221 3366 2427 3434 Θαῦμα
2440 3367 2586 3438 ,βίον
2618 3367 2818 3437 θαμϐὠ
2841 3382 2918 3438 σε
2938 3374 3003 3420 τὸ
3024 3366 3040 3431 ,
3057 3369 3299 3438 μυρίον,
3324 3368 3467 3422 οὐδὲ
3481 3368 3719 3438 ματεύω

2290 3438 2419 3507 Σὴν
2441 3436 2699 3493 στάσιν(
2721 3437 2981 3507 Ἀρῤήτῳ
3012 3436 3200 3493 ταῦτα
3226 3438 3464 3509 μέμηλε
3484 3436 3697 3510 φύσει.

2151 3549 2250 3605 Diu
2281 3551 2409 3607 item
2445 3552 2737 3622 quaesitum
2769 3567 2800 3606 a
2829 3551 3197 3623 philosophis,
3225 3568 3466 3625 quanam
3495 3555 3736 3618 ratione,

2147 3648 2201 3696 et
2231 3656 2342 3711 qua
2365 3641 2681 3712 impellente
2713 3656 2866 3696 mare
2894 3642 3207 3708 accederet,
3248 3659 3557 3714 rursusque
3586 3660 3737 3703 rece-

2149 3734 2334 3801 deret;
2365 3749 2556 3789 eorum
2606 3735 2809 3805 placita
2852 3734 3022 3791 refert
3059 3735 3411 3794 Plutarchus.
3449 3737 3742 3809 Euripides

2150 3828 2206 3883 in
2232 3826 2511 3900 Iphigenia
2543 3829 2777 3884 Taurica
2799 3845 2830 3885 a
2854 3833 3034 3888 ventis
3052 3832 3389 3903 quibusdam
3420 3835 3534 3892 illic
3561 3835 3743 3892 ﬂanti-

2150 3921 2253 3975 bus
2286 3922 2361 3977 ita
2406 3922 2527 3993 rapi
2574 3923 2771 3978 credit.
2821 3923 2989 3990 Quid,
3039 3926 3087 3980 si
3132 3925 3185 3980 id
3228 3927 3370 3983 idem
3424 3928 3544 3985 ﬁeri
3585 3932 3741 3985 nulla

2149 4012 2317 4068 llante
2366 4028 2501 4068 aura
2534 4022 2876 4085 compertum
2908 4016 3036 4072 est?
3058 4016 3439 4084 Aristotelem,
3476 4021 3622 4092 quod
3655 4022 3737 4076 rei

2149 4105 2317 4174 hujus
2344 4113 2600 4160 naturam
2636 4106 2886 4163 invenire
2918 4123 3028 4162 non
3064 4120 3274 4179 posset,
3303 4111 3468 4167 tedio
3496 4112 3738 4167 animam

2148 4196 2363 4252 eﬂlassc
2392 4197 2641 4267 perhibet
2672 4197 3118 4266 Nanzianzenus,
3143 4199 3399 4260 Justinus
3430 4214 3641 4276 martyr
3675 4206 3740 4261 in

2151 4289 2297 4345 illius
2325 4288 2661 4359 profundum
2693 4306 2754 4347 se
2781 4292 3123 4363 praecipitem
3145 4295 3391 4361 dedisse,
3424 4297 3618 4369 sicque
3638 4300 3740 4355 de-

2150 4396 2390 4436 mersum
2414 4382 2658 4436 animum
2692 4384 2982 4454 abjecisse.
3011 4385 3372 4442 Communior
3397 4396 3579 4445 tamen
3607 4405 3738 4446 sen-

2149 4473 2321 4527 tentia
2349 4482 2405 4529 et
2431 4475 2650 4530 veritati
2679 4477 2855 4547 magis
2894 4492 3141 4534 consona
3173 4479 3414 4545 videtur,
3446 4497 3611 4553 quam
3649 4499 3741 4540 se-

452 4544 553 4616 τῆς
579 4545 857 4610 ὲκπνοίαις
898 4547 978 4611 εἷς
1022 4547 1082 4601 τὺ
1129 4552 1327 4604 οἰκεῖον
1363 4552 1561 4623 μέτρον
1594 4554 2036 4629 προωθουμένης.

2143 4563 2257 4615 cuti
2292 4572 2420 4618 sunt
2460 4564 2711 4619 nonnulli
2750 4544 2961 4637 antiqui
2991 4567 3302 4639 philosaphi
3340 4544 3407 4623 et
3445 4544 3547 4624 viri
3597 4586 3739 4641 pra:-

454 4637 748 4711 Εὐρίπους,
779 4638 864 4693 vel
891 4637 1135 4711 εὖριπος,
1161 4649 1245 4697 est
1281 4643 1479 4699 fretum
1511 4660 1608 4701 seu
1644 4646 1844 4703 ductus
1872 4664 2045 4718 aqua-

453 4746 574 4785 rum
629 4737 831 4785 terram
881 4740 1112 4802 utraque
1167 4743 1322 4804 parte
1374 4734 1715 4805 adjacentem
1768 4739 2040 4798 dividens.

451 4820 647 4877 Cicera
697 4821 792 4875 lib.
847 4837 900 4885 v,
939 4821 1017 4876 De
1067 4823 1310 4896 legibus:
1346 4825 1551 4882 Ductus
1603 4845 1865 4899 aquarum
1913 4850 2043 4905 quos

450 4911 545 4966 isti
580 4910 735 4967 Nilus
770 4910 1095 4984 Euriposque
1128 4925 1337 4980 vacant,
1368 4918 1490 4987 quis
1532 4935 1651 4972 cum
1702 4920 1887 4977 viderit
1937 4941 2043 4980 non

451 5004 720 5058 irriserit?
748 5003 939 5059 Pollux
974 5007 1067 5061 lib.
1106 5024 1184 5067 rx.
1216 5024 1336 5079 cap.
1376 5010 1398 5064 l
1440 5029 1452 5066 :
1487 5011 1603 5066 ’Ἵνα
1633 5013 1688 5066 δὲ
1722 5017 1754 5085 ὴ
1798 5016 2044 5073 θάλασσα

453 5092 994 5171 ἑκατέρωθενοῦσαν
1035 5100 1134 5170 τὴν
1173 5102 1276 5171 γῆν
1316 5102 1533 5175 διαιρεῖ,
1575 5106 1731 5161 τοῦτο
1769 5109 2044 5183 Θαλάσσης

453 5185 688 5249 αὐλῶνα,
720 5187 814 5240 καὶ
845 5185 1090 5259 εὔριπον,
1126 5192 1219 5244 καὶ
1248 5192 1493 5264 πορθμὸν
1522 5194 1602 5248 δεῖ
1635 5197 1839 5254 καλεῖν.
1873 5199 2044 5271 Magis

455 5277 675 5347 proprie
703 5283 884 5332 tamen
917 5277 970 5331 id
1000 5294 1198 5334 nomen
1233 5279 1337 5335 fuit
1369 5284 1684 5354 impositum
1717 5290 1785 5344 ad
1822 5289 1913 5344 illa
1947 5309 2045 5347 ex-

454 5367 709 5437 plicanda
740 5384 863 5439 quae
901 5380 1191 5427 moventur
1224 5382 1390 5444 atque
1435 5389 1770 5446 recurrunt,
1824 5382 2044 5440 ﬂuendo

453 5460 538 5514 vel
573 5458 865 5516 renuendo.
904 5462 1123 5536 Longus
1166 5464 1410 5524 Pmmen.
1449 5486 1465 5525 ι
1509 5490 1523 5525 :
1563 5472 1725 5539 Πόλις
1780 5477 1897 5530 ἐστὶ
1943 5479 2046 5532 Λέ-

456 5550 584 5645 aeota
634 5553 911 5628 Μιτυλήνη
966 5558 1174 5631 μεγάλη
1224 5563 1318 5615 ita).
1363 5563 1536 5636 καλή*
1578 5565 1887 5640 διείληπται
1936 5572 2044 5645 γὰρ

454 5642 715 5738 εὖρίποις,
740 5646 1132 5722 ὑπεισρεούσης
1168 5653 1270 5723 τῆς
1302 5654 1592 5728 θαλάττης,
1626 5662 1721 5714 καὶ
1747 5642 2043 5738 ζκεκόσμηί-

455 5747 545 5785 ται
571 5734 836 5825 γεφύραις
864 5738 1050 5803 ξεστοῦ
1082 5744 1176 5796 καὶ
1219 5745 1415 5803 λευκοῦ
1449 5748 1618 5805 λίθου.
1655 5734 2043 5825 Propriissime

455 5830 637 5878 tamen
672 5824 905 5897 Euripus
933 5831 1220 5888 dicebatur
1251 5839 1391 5906 apud
1428 5848 1638 5900 veteres
1681 5824 1878 5904 fretum
1910 5847 2044 5919 Pyr-

2147 4655 2521 4720 stantissimi,
2576 4658 2671 4712 sed
2719 4657 2886 4713 etiam
2930 4659 3088 4714 multi
3149 4661 3435 4717 catholicae
3475 4661 3739 4720 Ecclesia

2146 4746 2363 4812 Patres,
2402 4759 2456 4804 et
2476 4765 2641 4819 quam
2683 4753 3035 4823 amplectitur
3065 4763 3255 4810 noster
3278 4755 3622 4823 Eustathius,
3653 4761 3739 4813 Iu-

2147 4853 2274 4893 nam
2312 4840 2526 4895 scilicet
2568 4856 2693 4898 esse
2749 4858 2973 4899 causam
3009 4845 3176 4915 hujus
3211 4855 3417 4912 matus,
3460 4849 3739 4919 quomoda

2146 4943 2328 4988 autem
2362 4933 2417 4988 id
2451 4933 2563 4995 ﬁat,
2599 4936 2910 5007 explicatur
2938 4955 2967 4993 a
2992 4940 3335 5011 philosophis
3364 4942 3419 4997 in
3454 4945 3738 5012 metearis,

2146 5036 2201 5080 et
2240 5040 2343 5081 nos
2387 5026 2531 5081 infra
2576 5029 2826 5099 quaedam
2864 5030 3133 5088 dicemus.
3176 5035 3255 5090 lta
3298 5050 3525 5092 sensere
3556 5036 3741 5093 Ptole-

2148 5132 2340 5183 ma-us,
2385 5118 2602 5187 Cicero,
2639 5120 2876 5190 Plinius,
2916 5124 3138 5191 Strabo,
3174 5127 3456 5185 Marsilius
3485 5129 3737 5191 Ficinus.

2149 5208 2384 5266 Levinus
2432 5210 2712 5278 Lemnius,
2752 5223 2807 5270 et
2850 5217 2966 5271 alii.
3011 5217 3155 5274 Idem
3198 5221 3405 5291 placuit
3443 5222 3740 5279 Ambrosio

2148 5301 2242 5355 lib.
2273 5319 2327 5356 tv
2359 5301 2645 5371 Hexaem.,
2681 5321 2803 5378 cap.
2844 5307 2895 5371 7,
2931 5308 3159 5377 Basilio,
3193 5314 3342 5367 ham.
3378 5313 3432 5369 6.

2152 5408 2163 5441 λ
2217 5392 2382 5460 lbid.,
2418 5396 2516 5454 lin.
2560 5398 2650 5453 51.
2697 5400 2808 5454 Kal
2844 5402 2981 5470 περὶ
3012 5402 3122 5458 τὸν
3165 5404 3455 5462 ὠκεανόν.
3486 5405 3564 5464 De
3598 5418 3735 5464 testu

2147 5488 2339 5557 maris,
2367 5498 2423 5545 et
2452 5491 2573 5562 ejus
2604 5492 3071 5561 consideratione,
3104 5505 3161 5554 et
3197 5514 3389 5567 causa,
3417 5512 3472 5558 et
3501 5504 3732 5557 aliorum

2147 5579 2295 5635 circa
2344 5582 2449 5636 hoc
2490 5584 2846 5653 apinianibus
2903 5589 3061 5659 plura
3104 5590 3275 5647 habes
3323 5590 3466 5660 apud
3508 5589 3731 5646 Franci-

2149 5687 2304 5726 scum
2336 5672 2656 5742 Vallesium,
2696 5677 2775 5733 De
2806 5697 2964 5736 sacra
2999 5683 3352 5753 philosophia,
3398 5701 3521 5756 cap.
3557 5687 3648 5750 5‘2,
3678 5695 3731 5741 et

2149 5764 2415 5823 adversus
2450 5767 2896 5839 Eratosthenem,
2934 5777 3026 5844 qui
3059 5775 3161 5833 soli
3191 5777 3540 5847 ἀνωμαλίας
3564 5778 3732 5850 hujus

2149 5868 2376 5912 causam
2436 5873 2561 5917 esse
2595 5862 2832 5934 valebat,
2870 5872 2924 5921 et
2965 5868 3132 5924 maris
3167 5868 3415 5939 ejusdem
3453 5870 3616 5925 aliam
3647 5880 3729 5927 at-
