4124 6410
431 393 540 450 875

1457 387 1521 442 IN
1561 383 1933 443 EUSTATHII
1966 384 2444 440 IIEXAEMERON
2489 386 2714 442 ΝΟΤᾸΞ.

3594 395 3698 452 871»

435 520 542 576 quo
569 505 730 560 aliam
765 505 1110 575 superficiem
1145 503 1510 558 disertissime
1537 502 1782 572 disputat
1815 499 2012 555 Strabo
2045 510 2086 561 Α
2121 501 2389 556 vol-antem
2441 503 2595 572 sequi
2658 518 2766 556 non
2824 505 3056 573 possint,
3116 505 3296 561 ﬂuxus
3362 507 3580 577 quidem
3642 513 3700 562 lit

437 597 534 654 ιιι).
568 615 606 652 ι.
650 596 888 652 Consule
924 606 1184 667 praeterea
1231 595 1585 651 Laurentium
1614 593 1912 649 Corvinum
1953 593 2011 646 in

434 704 535 746 sua
557 689 870 760 Geograph.,
898 706 946 744 c.
981 690 1074 756 ll;
1105 688 1370 744 Joannem
1405 686 1761 742 Franciscum
1799 684 2011 746 Picum,

432 782 518 836 1.ι
571 781 647 835 De
715 783 957 836 examine
1003 783 1194 845 vanit.,
1247 797 1296 835 c.
1349 779 1447 844 I2;
1487 778 1754 833 Joannem
1797 777 2009 839 Picum,

433 873 532 928 lib.
566 889 627 927 ιιι
658 873 857 927 Contra
900 873 1125 936 Astrol.,
1173 887 1294 941 cap.
1339 872 1442 937 IS;
1477 870 1746 931 Ficinum,
1791 884 1913 938 cap.
1957 867 2010 930 6,

434 966 503 1020 ad
534 963 731 1020 Plotin.
767 967 860 1020 lib.
899 981 990 1029 ιιι,
1025 964 1264 1017 Ennead.
1291 963 1355 1028 2;
1411 962 1802 1021 Contarenum,
1848 959 1941 1012 lib.
1973 970 2009 1010 ιι

434 1056 512 1110 De
537 1057 838 1120 elementis;
872 1065 926 1113 et
961 1057 1222 1112 Levinum
1257 1055 1544 1110 Lemnium
1570 1052 1645 1105 De
1667 1050 1856 1105 occult.
1897 1058 2011 1105 nat.

433 1149 648 1214 mirac.,
695 1150 789 1203 lib.
835 1165 894 1212 ιι,
927 1163 1047 1219 cap.
1086 1149 1178 1212 41,
1224 1148 1383 1217 cujus
1415 1147 1605 1211 verba,
1639 1145 1768 1214 quia
1801 1150 2016 1197 contro-

432 1237 627 1292 versie
669 1238 834 1307 hujus
875 1239 1080 1292 nodum
1125 1238 1364 1292 dilucide
1400 1237 1718 1307 expediunt,
1751 1242 1806 1288 et
1849 1248 2012 1287 omne

431 1328 658 1383 dubium
706 1339 979 1393 amovent,
1024 1333 1312 1400 lucemque
1356 1329 1593 1384 alii-runt
1640 1328 1875 1390 auctori,
1919 1326 2009 1380 hic

430 1418 744 1473 describere
777 1435 888 1473 non
937 1422 1206 1490 gravabor
1243 1438 1255 1474 :
1301 1419 1497 1489 Magna
1523 1434 1670 1480 sane,
1719 1417 1917 1487 inquit,
1959 1425 2009 1468 et

430 1509 570 1564 luna:
610 1526 788 1578 opera,
820 1512 875 1565 in
907 1528 1081 1565 rerum
1115 1525 1310 1566 natura
1349 1522 1602 1580 apparent
1635 1527 1651 1564 :
1682 1526 1856 1564 verum
1881 1509 2008 1562 solis

429 1603 698 1672 eﬂ'ectibus
719 1605 1034 1673 posteriora.
1061 1604 1203 1660 Solis
1226 1607 1363 1660 enim
1388 1605 1634 1672 beneﬁcio
1663 1603 1760 1656 illa
1789 1601 2006 1670 fruitur,

430 1695 698 1766 lucemque
727 1697 792 1750 ab
821 1698 915 1751 illo
954 1700 1199 1766 sortitur,
1236 1702 1314 1752 sic
1342 1707 1398 1752 ut
1433 1705 1582 1750 tanta
1608 1697 1755 1750 illius
1783 1711 1908 1762 pars
1940 1695 2010 1746 il-

429 1787 704 1852 lustretur,
739 1798 992 1860 quantam
1013 1790 1093 1843 sol
1123 1806 1218 1842 suo
1240 1787 1514 1857 splendore
1537 1785 1800 1849 irradiat;
1829 1783 2007 1853 deficit

2121 592 2321 647 Oceani
2354 594 2458 647 sub
2489 594 2696 648 torrida
2735 595 2791 648 in
2813 597 3177 663 occidentem,
3216 601 3396 670 quoad
3446 602 3701 672 impingit

2121 684 2188 737 ad
2213 685 2486 739 contraria
2535 687 2740 750 littora,
2785 698 3155 758 curvaturque
3197 694 3265 745 ab
3297 693 3364 746 iis
3401 714 3411 747 :
3441 694 3700 748 dissolvi-

2121 785 2211 830 tur
2241 793 2370 831 vero
2407 777 2660 833 discessu
2697 781 2838 833 lunae
2880 781 3172 835 concilium
3214 798 3503 853 aquarum,
3549 787 3696 854 quod

2120 875 2202 921 cst
2234 868 2288 921 in
2323 867 2519 922 itinere
2549 885 2744 924 versus
2789 871 3076 935 torridam,
3115 888 3235 941 quae
3265 874 3553 946 desertteja
3587 888 3716 945 tra-l

2119 969 2208 1012 ctu
2237 961 2331 1030 qui
2379 963 2499 1016 illas
2530 963 2830 1026 exciverat,
2888 964 3090 1033 impetu
3139 975 3320 1037 capto,
3363 977 3589 1034 remeat,
3641 979 3718 1025 ett

2119 1056 2351 1107 assultat
2400 1055 2468 1108 ad
2520 1055 2701 1109 littora
2748 1073 2883 1123 sua;
2922 1069 2975 1112 et
3020 1058 3107 1112 hic
3144 1059 3377 1129 impetus
3412 1069 3496 1115 cst
3552 1061 3695 1116 alius

2117 1152 2408 1212 generatus
2433 1161 2527 1214 per
2570 1146 2874 1200 absentiam
2909 1148 3074 1211 lunm,
3110 1149 3286 1204 donec
3325 1151 3442 1220 ipsa
3475 1153 3692 1207 rediens

2118 1233 2268 1288 frena
2311 1235 2546 1305 impetus
2575 1237 2742 1304 hujus
2774 1237 3003 1307 recipiat
3029 1241 3231 1294 moder.
3255 1250 3474 1312 turque,
3503 1254 3556 1298 et
3587 1261 3694 1298 una

2117 1341 2240 1382 cum
2284 1344 2386 1382 suo
2437 1339 2586 1383 motu
2644 1331 3000 1403 circumagat.
3052 1335 3128 1388 Ita
3179 1337 3360 1392 littora
3409 1341 3694 1409 mqualiter

2118 1421 2356 1489 patentia
2399 1421 2590 1475 iisdem
2624 1421 2776 1476 horis
2811 1423 3108 1494 implentur
3138 1430 3341 1493 omnia,
3380 1432 3691 1486 reductiora

2117 1525 2247 1564 vero
2307 1510 2539 1575 tardius,
2590 1514 2852 1568 nonnulla
2907 1516 3270 1573 diversimode
3325 1521 3396 1574 ob
3440 1522 3690 1579 diversos

2117 1604 2307 1657 oceani
2335 1604 2538 1658 aditus.

2188 1695 2346 1772 Ibid.,
2381 1697 2472 1750 lin.
2507 1697 2596 1750 55.
2636 1697 2909 1753 Κάτωθεν
2937 1701 3047 1769 γὰρ
3089 1701 3126 1768 ἠ
3171 1704 3426 1772 σελήνη.
3469 1705 3527 1760 In
3557 1707 3690 1762 ecli-

2117 1787 2304 1858 psibus
2336 1789 2631 1853 solaribus,
2662 1806 2897 1860 quanam
2928 1794 3143 1848 ratione
3173 1797 3306 1850 solis
3339 1797 3476 1850 radii
3502 1798 3686 1852 lunam

429 1888 603 1932 autem
639 1880 873 1950 lucisque
901 1896 1081 1949 expers
1115 1880 1372 1946 redditur,
1409 1879 1499 1934 ubi
1531 1889 1685 1933 terra:
1714 1879 2006 1931 interventu
2038 1864 2084 1924 Β
2111 1889 2542 1948 nonpenetrent,
2567 1891 2622 1935 et
2651 1884 2926 1952 quomodo
2962 1885 3114 1950 luna,
3144 1901 3269 1941 cum
3295 1889 3368 1943 sit
3398 1889 3557 1960 longe
3587 1893 3689 1945 mi-

427 1971 519 2024 lux
544 1973 626 2024 illi
657 1973 1009 2042 intercipitur.
1047 1973 1192 2027 Tunc
1222 1984 1399 2027 autem
1422 1973 1693 2040 potissime
1717 1973 1773 2024 in
1797 1979 2006 2024 terrena

425 2065 560 2117 vires
595 2080 720 2118 suas
741 2066 992 2134 explicat,
1029 2081 1148 2117 cum
1180 2064 1256 2118 vel
1288 2064 1389 2117 soli
1418 2079 1484 2116 ex
1519 2061 1736 2116 adverso
1766 2061 2006 2129 opposita

425 2159 692 2227 impletur,
732 2168 888 2228 atque
930 2159 1229 2213 orbiculata
1270 2158 1507 2228 efﬁcitur,
1543 2156 1618 2209 vel
1653 2154 1741 2207 ubi
1778 2154 2006 2222 primum

424 2250 508 2303 illi
540 2251 900 2321 conjungitur.
946 2251 1045 2305 His
1073 2253 1211 2305 enim
1237 2251 1444 2304 dierum
1484 2249 1675 2318 spatiis
1716 2255 2005 2316 augescunt

423 2352 618 2412 segetes
641 2383 656 2405 ,
694 2343 954 2396 conchilia
995 2352 1318 2413 turgescunt,
1352 2358 1494 2395 vente
1531 2340 1807 2410 sanguine,
1851 2353 2004 2390 ossa-

421 2449 521 2503 que
543 2434 787 2488 medullis
818 2437 1122 2505 implentur.
1151 2435 1266 2500 Quo
1291 2437 1350 2504 fit
1377 2443 1434 2486 ut
1455 2432 1762 2487 concubitus
1788 2431 1855 2484 iis
1881 2441 2007 2482 tem-

422 2525 638 2595 poribus
683 2526 854 2580 minus
895 2527 1106 2594 ofﬁciat.
1161 2524 1231 2578 Et
1271 2525 1520 2596 quoniam
1570 2523 1748 2576 omnia
1787 2520 2004 2573 humore

422 2618 633 2683 imbuit,
667 2619 726 2688 ﬁt
761 2627 818 2671 ut
848 2635 1033 2672 carnes
1057 2617 1226 2671 radiis
1254 2619 1400 2671 illius
1429 2617 1682 2686 exposita:
1708 2613 2000 2678 tabescant,

422 2719 579 2781 atque
603 2711 837 2764 homines
870 2727 1054 2765 somno
1088 2711 1306 2778 vinoque
1335 2710 1517 2780 sopiti,
1565 2708 1822 2778 pallorem
1854 2708 2004 2776 capi-

422 2805 592 2874 tisque
633 2803 964 2874 gravedinem
1004 2804 1354 2868 contrahant,
1399 2821 1461 2857 ac
1507 2803 1689 2858 morbo
1743 2803 2005 2858 comitiali

423 2897 721 2966 afficiantur
751 2912 768 2950 :
794 2897 1002 2951 relaxat
1047 2899 1184 2951 enim
1233 2913 1435 2962 nervos,
1480 2913 1542 2951 ac
1579 2897 1845 2950 cerebrum
1880 2895 1999 2964 plus

421 2990 555 3042 satis
588 2989 875 3054 humectat,
907 2991 1166 3061 mentique
1198 2992 1246 3044 vi
1278 2990 1495 3060 algiﬁca
1523 2999 1787 3058 stuporem
1815 2988 1998 3056 infert.

423 3081 622 3136 Oceani
657 3099 857 3153 quoque
902 3095 1064 3138 (estus
1113 3086 1366 3147 excitare,
1412 3099 1730 3152 causamque
1769 3084 2002 3152 recipro-

418 3173 578 3226 candi
606 3173 687 3226 illi
712 3173 943 3244 prwbere
972 3184 1171 3228 nonest
1201 3173 1340 3244 quod
1367 3174 1482 3242 quis
1509 3171 1762 3242 ambigat.
1802 3171 1862 3226 Si
1891 3172 2002 3240 qui-

417 3265 534 3318 dem
594 3283 714 3318 cum
765 3267 1110 3334 perspicimus
1153 3265 1333 3318 silenti
1376 3274 1531 3332 atque
1575 3263 1797 3315 obscura
1837 3262 1995 3324 luna;

415 3372 578 3425 eaque
608 3356 684 3409 vel
714 3356 884 3409 medio
917 3355 1039 3409 orbe
1069 3354 1322 3421 dissecta,
1364 3354 1442 3408 vel
1475 3355 1528 3406 in
1562 3367 1761 3406 cornua
1793 3351 1998 3421 falcata

415 3449 523 3501 sive
575 3458 854 3518 augescat,
919 3456 1012 3501 aut
1054 3449 1347 3510 minuatur,
1399 3445 1574 3499 nullos
1623 3444 1997 3514 propemodum

415 3540 534 3609 ﬁeri
578 3555 837 3608 aquarum
879 3555 1187 3604 concursus,
1239 3555 1329 3592 nec
1360 3539 1416 3591 in
1462 3537 1631 3590 ullam
1662 3535 1994 3590 altitudinem

415 3631 593 3686 attolli
637 3649 926 3697 oceanum,
977 3648 1298 3702 quiscunque
1357 3631 1518 3684 etiam
1584 3631 1769 3684 littora
1815 3629 1991 3682 alluit.

415 3720 646 3775 Rursum
679 3723 771 3776 ubi
815 3739 936 3776 cum
987 3722 1095 3776 sole
1150 3719 1506 3792 congreditur,
1561 3730 1715 3790 atque
1753 3720 1998 3773 innovari

415 3815 617 3884 incipit,
645 3825 737 3869 aut
774 3818 828 3870 in
863 3816 1040 3870 orbem
1078 3814 1439 3869 circumducta
1469 3813 1624 3882 plena
1671 3813 1996 3881 conspicitur

416 3907 678 3958 maximos
709 3900 934 3960 excitari
955 3915 1137 3966 aestus,
1159 3905 1456 3974 ﬂuctusque
1486 3903 1663 3956 attolli
1690 3905 1746 3956 in
1774 3903 1996 3956 immen-

414 4009 553 4060 sum,
601 3999 718 4068 quis
761 3998 868 4050 alio
914 4014 1074 4068 quam
1128 3998 1182 4050 in
1214 3999 1354 4050 luna:
1388 4004 1607 4057 motum,
1637 3995 1864 4064 fluxum,
1911 4010 1993 4046 re-

413 4088 720 4158 ﬂuxumque
763 4089 945 4143 oceani
987 4087 1220 4157 referat?
1270 4086 1338 4141 Ut
1368 4089 1507 4140 enim
1540 4101 1754 4155 magnes
1791 4084 1992 4153 ferrum

415 4180 606 4244 allicit,
645 4183 720 4234 sic
756 4180 904 4234 sidus
934 4180 1030 4234 hoc
1074 4191 1227 4234 terra:
1254 4179 1552 4248 proximum
1585 4195 1731 4231 mare
1771 4177 1992 4231 attrahit

413 4274 759 4343 concitatque.
797 4271 943 4327 Nam
989 4289 1106 4326 cum
1148 4272 1274 4324 luna
1319 4273 1526 4334 oritur,
1581 4286 1806 4324 oceanus
1849 4270 1993 4322 circa

414 4367 536 4421 illas
576 4368 763 4437 plagas
800 4365 1112 4429 devolvitur,
1155 4379 1334 4432 nempe
1373 4365 1677 4428 orientales,
1716 4373 1993 4435 partesque

414 4456 762 4512 occidentales
803 4457 1017 4512 deserit.
1034 4455 1261 4522 Quando
1292 4471 1408 4510 vero
1439 4455 1507 4508 ad
1537 4471 1784 4508 occasum
1808 4457 1990 4525 vergit,

2114 1989 2236 2037 nor,
2272 1983 2441 2028 totum
2477 1983 2661 2030 tamen
2694 1977 2864 2031 solem
2899 1979 3182 2045 obscuret,
3219 1983 3421 2038 diserte
3450 1984 3687 2054 explicat

2109 2064 2448 2133 Cleomedcs,
2475 2065 2692 2121 Meteor.
2722 2069 2816 2122 lib.
2843 2086 2906 2135 ιι,
2945 2086 3068 2141 pag.
3105 2072 3174 2126 80
3209 2073 3467 2130 editionis
3507 2075 3684 2130 Paris.

2181 2153 2340 2221 Ibid.,
2396 2157 2492 2211 lin.
2545 2158 2636 2213 55.
2685 2160 2851 2228 Μέγα
2890 2159 2958 2212 δὲ
2999 2162 3098 2216 καὶ
3138 2161 3292 2231 αὐτὴ
3345 2165 3383 2233 ἡ
3428 2164 3682 2231 σελήνη.

2112 2249 2187 2304 De
2217 2250 2591 2320 magnitudine
2625 2251 2785 2316 quat,
2813 2259 2867 2306 et
2900 2253 3131 2307 aliorum
3156 2255 3498 2323 planetarum
3527 2257 3686 2327 plura

2108 2342 2428 2399 Cleomedcs
2487 2345 2608 2397 loco
2657 2345 2714 2399 d.
2777 2354 2827 2400 et
2883 2346 2996 2400 alii.
3045 2347 3400 2418 Anaxagoras
3463 2357 3687 2406 auctore

2112 2434 2406 2490 Plutarcho
2435 2437 2619 2490 lunam
2656 2438 2872 2494 dicebat
2905 2453 3029 2492 esse
3068 2455 3253 2508 parem
3281 2439 3681 2511 Peloponneso.

2108 2527 2419 2584 Ludovicus
2445 2528 2648 2586 Fidelis
2681 2530 2759 2586 De
2787 2548 2934 2585 mun.
2961 2541 3081 2596 slr.,
3115 2532 3153 2586 l.
3179 2548 3233 2596 v,
3265 2547 3317 2589 c.
3357 2533 3411 2599 7,
3441 2548 3686 2602 quaerere

2108 2627 2273 2690 atque
2314 2622 2551 2676 scrutari
2586 2622 2653 2676 dc
2685 2624 3057 2692 magnitudine
3089 2632 3141 2678 et
3205 2625 3515 2694 quantitate
3554 2627 3685 2680 solis

2107 2719 2162 2766 et
2190 2713 2330 2766 lunae
2351 2729 2615 2783 arrogans
2652 2729 2775 2769 esse
2809 2715 3116 2778 contendit,
3154 2730 3364 2788 nosque
3393 2725 3684 2770 contentos

2107 2817 2230 2858 esse
2256 2803 2455 2858 debere
2495 2804 2772 2873 descripto
2801 2804 2955 2869 solis,
3006 2813 3060 2858 et
3098 2805 3260 2869 Iuniae,
3295 2819 3359 2858 ac
3399 2805 3685 2859 stellarum

2107 2893 2211 2950 hoc
2236 2911 2481 2959 munere,
2519 2905 2576 2950 ut
2615 2897 2698 2952 sol
2729 2896 2860 2958 diei,
2897 2905 2952 2952 et
2984 2897 3113 2950 luna
3150 2897 3296 2952 nocti
3321 2897 3570 2966 praesint,
3605 2897 3684 2950 di-

2105 2986 2403 3056 vidantque
2431 2989 2571 3042 inter
2595 2989 2769 3043 lucem
2800 2994 2855 3042 et
2897 2987 3173 3051 tenebras,
3198 2986 3340 3042 diem
3364 2995 3417 3042 et
3442 2997 3683 3042 noctem.

2116 3077 2323 3132 Vanum
2351 3091 2428 3134 est
2468 3081 2628 3142 enim,
2663 3080 2862 3151 inquit,
2899 3079 3218 3148 pmclarum
3261 3090 3421 3134 terere
3457 3089 3682 3150 tempus,

2105 3181 2153 3224 et
2196 3172 2388 3227 sudore
2441 3175 2607 3227 multo
2644 3175 2936 3242 exquirere,
2998 3188 3114 3228 aute
3155 3171 3296 3226 Deus
3350 3174 3530 3242 ignota
3572 3187 3685 3226 esse

2104 3263 2287 3319 voluit.

2175 3355 2309 3410 Ibid.
2351 3356 2539 3411 Μῦθοι
2577 3356 2645 3409 δὲ
2671 3356 2958 3424 ληρώδεις
2984 3356 3102 3411 ὑπὸ
3123 3358 3488 3426 μεθυόντων.
3527 3355 3684 3410 Basi-

2103 3446 2228 3511 lius,
2264 3449 2410 3501 bom.
2443 3447 2476 3501 6
2512 3467 2524 3501 :
2558 3448 2729 3502 Μῦθοί
2764 3465 2907 3510 τινες
2939 3447 3356 3516 καταγέλαστοι,
3387 3446 3492 3500 ὑπὸ
3525 3451 3682 3517 γραῖ-

2099 3540 2224 3594 δίων
2259 3540 2716 3612 κωθωνιζομένων
2762 3539 3259 3612 παραληρούμενοι,
3315 3537 3587 3608 πανταχοῦ
3610 3537 3682 3589 δι-

2100 3634 2390 3705 εδόθησαν,
2448 3636 2531 3688 ὅτι
2569 3634 2927 3706 μαγγανείαις
2961 3634 3073 3686 τισὶ
3100 3635 3200 3704 τῆς
3251 3632 3457 3694 οἰκείας
3519 3631 3680 3701 ἔδρας

2098 3728 2489 3797 ἀποκινηοεῖσα
2531 3727 2729 3798 σελήνη
2782 3727 2920 3796 πρὸς
2963 3725 3067 3795 γῆν
3111 3724 3496 3796 καταφέρεται.
3553 3725 3679 3786 Πῶς

2102 3821 2199 3891 μὲν
2241 3817 2333 3873 οὖν
2361 3821 2546 3890 κινήσε
2611 3819 2822 3889 γοήτων
2847 3818 3096 3888 ἐπαοιδὴ,
3114 3818 3179 3888 ἢν
3213 3816 3373 3882 αὐτὸς
3396 3814 3681 3886 ἐθεμελίω-

2099 3928 2191 3964 σεν
2219 3913 2248 3963 ὁ
2264 3911 2714 3980 ’Ύψιστος-’,ποῖος
2747 3911 2790 3963 δ’
2810 3909 2874 3964 ἂν
2899 3911 2994 3964 καὶ
3012 3911 3175 3973 τόπος
3203 3909 3679 3963 κατασπασθείσαν

2096 4005 2266 4074 αὐτὴν
2303 4004 2630 4069 ὑπεδέξατο,
2677 4003 2871 4074 Sagas,
2917 4019 3216 4074 magosque
3259 4005 3456 4058 caelum
3513 4003 3682 4070 depo-

2098 4112 2250 4161 nere,
2292 4105 2494 4152 terram
2540 4097 2897 4165 suspendere,
2945 4104 3004 4150 ut
3033 4095 3216 4150 verbis
3269 4080 3483 4165 Apuleii
3531 4103 3679 4160 utar;

2098 4189 2276 4244 fontes
2308 4189 2528 4250 durare,
2567 4200 2781 4243 montes
2839 4188 3068 4251 diluere,
3117 4201 3310 4241 manes
3357 4186 3675 4251 sublimare,

2095 4284 2227 4339 deos
2263 4283 2556 4347 inﬁrmare,
2589 4281 2770 4336 sidera
2797 4281 3166 4350 exstinguere,
3199 4288 3464 4334 tartarum
3495 4279 3677 4349 ipsum

2096 4376 2428 4438 illuminare,
2459 4389 2609 4428 mare
2634 4374 2850 4444 pigrum
2893 4373 3170 4442 colligare,
3202 4373 3372 4427 solem
3407 4371 3672 4434 inhibere.

2095 4469 2282 4522 lunam
2344 4467 2634 4533 deducere,
2693 4467 2879 4520 stellas
2934 4466 3186 4527 evellere,
3230 4473 3284 4520 et
3345 4463 3448 4517 alia
3503 4465 3675 4516 multa

412 4552 467 4605 in
499 4552 608 4606 illis
637 4550 876 4620 partibus
909 4551 1239 4604 crebrescunt
1273 4549 1491 4618 fluctus,
1539 4550 1592 4602 in
1625 4549 1691 4602 iis
1731 4563 1848 4600 vero
1874 4564 1991 4616 qua:

2107 4560 2246 4614 dictu
2275 4561 2482 4631 gravia,
2515 4567 2568 4614 et
2598 4558 2848 4613 maximae
2881 4557 3278 4620 admirationis,
3314 4557 3430 4612 suis
3463 4555 3676 4625 magnis

417 4641 485 4690 ad
505 4650 680 4694 ortum
705 4650 939 4709 spectant
964 4640 1346 4701 detumescunt,
1375 4637 1530 4708 idque
1559 4637 1886 4709 affluentibus
1915 4637 1990 4690 vel

415 4730 627 4798 parcius
659 4750 753 4801 pro
784 4734 1100 4786 incremento
1153 4731 1456 4799 defectuque
1491 4730 1621 4782 lucis
1644 4745 1803 4799 quam
1835 4729 1992 4782 luna-

417 4838 498 4876 res
529 4823 668 4877 radii
695 4824 958 4878 exhibent.
991 4823 1199 4878 Caatera
1247 4824 1314 4876 ad
1351 4823 1455 4875 hoc
1502 4822 1647 4876 idem
1687 4822 1989 4890 spectantia

414 4918 532 4987 lege
567 4917 709 4987 apud
750 4921 950 4987 ipsum.
996 4916 1234 4972 Joannes
1266 4915 1570 4985 Kepplerus
1632 4914 1687 4968 in
1735 4913 1990 4968 Introdu-

415 5011 596 5064 ctione
649 5009 717 5063 ad
774 5025 929 5064 suam
981 5009 1337 5078 Astrologiam
1387 5025 1574 5062 novam
1623 5007 1992 5075 αἰτιολόγητον

415 5102 658 5156 rationes
703 5101 881 5157 lluxus
913 5109 966 5156 et
1008 5101 1248 5156 relluxus
1289 5101 1458 5155 maris
1498 5100 1570 5153 ita
1602 5100 1844 5154 insinuat
1875 5117 1886 5152 ε
1917 5099 1993 5151 lu-

415 5207 542 5246 nam
567 5193 774 5248 scilicet
802 5210 901 5249 sua
949 5194 1269 5248 attractoria
1299 5194 1374 5258 vi,
1415 5208 1538 5264 qua:
1577 5192 1645 5245 ad
1684 5202 1861 5247 terras
1904 5207 1990 5245 us-

416 5299 524 5354 que
567 5286 882 5356 porrigitur,
917 5303 1088 5359 aquas
1134 5288 1236 5342 sub
1269 5302 1461 5340 zonam
1503 5286 1767 5340 torridam
1811 5286 1993 5354 prole-

417 5385 591 5439 ctare,
627 5392 733 5446 quo
773 5380 916 5434 facto
943 5381 1138 5435 nudari
1171 5381 1357 5435 littora
1407 5395 1691 5445 zonarum,
1723 5389 1777 5434 et
1808 5379 1994 5433 clima-

416 5478 533 5523 tum
569 5470 894 5525 lateralium.
931 5473 1117 5543 Itaque
1147 5473 1304 5544 aquis
1346 5474 1402 5527 in
1434 5472 1615 5527 latiori
1648 5473 1803 5527 alveo
1829 5485 1992 5526 ocea-

418 5564 477 5618 ni
511 5563 950 5632 assurgentibus,
1007 5563 1122 5618 ﬁeri
1160 5571 1361 5634 potest,
1406 5572 1466 5618 ut
1496 5564 1551 5618 in
1580 5562 1991 5634 angustioribus

418 5655 539 5726 ejus
567 5654 818 5717 sinubus,
844 5655 1002 5709 modo
1023 5672 1130 5710 non
1158 5657 1322 5711 nimis
1345 5663 1494 5710 arcte
1513 5655 1811 5720 conclusis,
1835 5669 1991 5724 aquae

419 5757 688 5818 praesente
737 5748 862 5801 luna
908 5749 1071 5802 etiam
1127 5749 1389 5820 aufugere
1441 5749 1510 5804 ab
1562 5763 1625 5803 ea
1677 5747 1986 5803 videantur.

419 5841 556 5898 Cum
591 5850 771 5898 autem
807 5856 958 5910 aqua:
998 5842 1182 5895 lunam
1227 5844 1487 5898 verticem
1526 5843 1776 5900 celeriter
1805 5849 1988 5898 trans-

736 5935 998 5996 Ρλτιιοι..
1033 5935 1150 5996 Gn.
1185 5935 1412 5997 XVIII.

2097 4652 2590 4718 susurraminibus,
2633 4652 3094 4722 quandocuuque,
3147 4657 3200 4704 et
3245 4649 3559 4717 ubicunque
3614 4647 3676 4699 Ii-

2095 4747 2276 4800 buerit
2305 4745 2460 4798 multi
2507 4747 2808 4808 credidere,
2841 4752 2896 4799 et
2933 4745 3170 4797 maxime
3204 4743 3446 4796 omnium
3482 4748 3670 4810 poetae.

2095 4837 2232 4891 Dido
2283 4837 2348 4890 ad
2401 4839 2612 4891 Annam
2649 4853 2892 4892 sororem
2929 4838 3026 4899 ait,
3091 4835 3182 4892 lib.
3215 4849 3268 4888 tv
3298 4831 3512 4887 ίΕειεὶά.
3544 4830 3672 4886 Vir-

2093 4929 2306 4999 giliante
2339 4947 2350 4982 :

2097 5046 2234 5100 Hinc
2266 5045 2394 5098 mihi
2426 5044 2674 5114 Massng
2713 5045 2876 5114 gentis
2902 5053 3199 5097 monstrata
3231 5040 3474 5094 sacerdos
3507 5053 3524 5089 :

2099 5117 2225 5169 11(ιέ
2259 5133 2311 5170 se
2345 5117 2669 5168 carminibus
2707 5115 2969 5182 promittit
3000 5114 3196 5167 solvere
3227 5123 3421 5164 mentes

2095 5188 2241 5252 Quas
2273 5187 2411 5250 velit,
2443 5195 2527 5239 ast
2563 5187 2684 5238 aliis
2714 5183 2877 5238 duras
2904 5186 3183 5237 immittere
3207 5198 3385 5246 curas,

2094 5259 2294 5312 Sistere
2322 5273 2512 5326 aquam
2541 5255 2739 5324 ﬂuviis,
2767 5265 2816 5308 et
2851 5255 3075 5326 fiumina
3105 5265 3298 5326 vertere
3326 5261 3486 5312 retro.

2095 5323 2500 5397 Nocturno'sque
2531 5329 2626 5380 ciet
2652 5342 2831 5378 manes
2857 5342 2874 5378 :
2899 5325 3099 5394 mugire
3124 5323 3316 5397 videbis

2094 5399 2202 5453 Sub
2235 5395 2449 5467 pedibus
2483 5407 2698 5460 terram,
2730 5405 2778 5448 et
2798 5397 3104 5449 descendere
3135 5395 3394 5447 montibus
3414 5408 3590 5446 ornos.

2092 5510 2430 5582 Propertius,
2465 5511 2612 5582 Eleg.
2640 5511 2732 5564 lib.
2774 5525 2812 5572 ι,
2847 5510 2981 5580 eleg.
3015 5509 3039 5560 1
3080 5529 3092 5564 :

2091 5629 2162 5682 At
2189 5645 2276 5683 vos
2307 5627 2538 5682 deductte
2567 5626 2752 5697 quibus
2773 5635 2850 5680 est
2879 5623 3100 5697 fallacia
3129 5621 3266 5697 luna:

2164 5698 2231 5751 Et
2265 5699 2414 5752 labor
2442 5699 2496 5751 in
2530 5693 2749 5767 magicis
2777 5693 2932 5750 sacra
2958 5695 3105 5763 piare
3134 5693 3287 5767 focis.

2095 5769 2175 5823 En
2203 5768 2423 5838 agedum
2448 5765 2676 5821 domina:
2702 5778 2922 5820 mentem
2957 5765 3234 5838 convertite
3263 5772 3484 5824 nostrtr,

2169 5835 2421 5908 Et'facite
2443 5840 2538 5894 illa
2566 5855 2677 5893 meo
2704 5838 2900 5908 palleat
2923 5852 3012 5891 ore
3048 5835 3234 5904 magis.
3296 5861 3304 5871 -

3351 5923 3428 5982 28
