4124 6414
413 413 530 470 -875

431 532 573 587 Tunc
601 547 690 598 ego
715 526 1030 598 crediderim
1063 525 1224 588 vobis,
1259 534 1306 576 et
1323 522 1526 598 sidera,
1567 528 1614 573 et
1647 533 1821 571 amnes

499 592 662 654 Posse
695 597 933 668 Cytwceis
957 596 1144 649 ducere
1168 592 1509 647 carminibus.

433 737 696 799 Tibullus,
741 732 888 803 Eleg.
919 733 974 799 2,
1005 731 1098 786 lib.
1132 745 1147 783 ι
1184 749 1194 783 :

431 870 584 942 Hanc
605 888 698 942 ego
720 871 783 924 de
804 870 939 942 caelo
973 867 1243 942 ducentem
1271 865 1445 942 sidera
1475 861 1600 942 vidi,

495 933 760 996 Fluminis
795 940 903 994 htL’C
931 937 1106 1008 rapidi
1135 938 1366 991 carmine
1396 934 1546 988 vertit
1573 933 1693 985 iter.

431 1077 773 1149 Apollonius,
809 1076 1006 1146 Argon.
1045 1073 1139 1126 lib.
1171 1087 1233 1126 ιιι
1265 1089 1277 1124 :

433 1190 544 1246 Kal
582 1188 885 1258 ποταμοὺς
916 1187 1117 1258 laena"
1152 1184 1361 1258 ἱεροὺςΔ
1383 1177 1694 1258 κείιαδεινὰ
1716 1177 1966 1258 ῥέογτας
1990 1190 2002 1204 ·

437 1263 663 1330 Ἀστρα
700 1249 764 1312 τε
790 1249 886 1312 καὶ
914 1249 1113 1326 μήνὴς
1148 1249 1310 1323 ἱερῆς
1338 1251 1595 1320 ἐπέδησε
1633 1249 1978 1310 κελεύθους.

436 1374 712 1437 Lucanus,
737 1369 834 1427 lib.
880 1385 932 1424 νι
965 1388 978 1423 :

437 1492 507 1562 Et
527 1493 727 1562 patitur
753 1496 928 1562 tantos
955 1494 1116 1562 cantu
1146 1481 1390 1562 depressa
1422 1478 1648 1562 labores,

437 1547 614 1618 Donec
635 1560 930 1629 suppositas
962 1555 1175 1626 propior
1206 1547 1471 1620 despumet
1501 1551 1555 1603 in
1589 1547 1795 1602 herbas.

437 1674 623 1740 Ovid.,
652 1688 733 1728 xu
773 1669 1129 1740 Metamorph.
1163 1685 1180 1722 :

438 1787 614 1842 Mater
640 1795 753 1842 erat
778 1784 1004 1855 Mycale,
1033 1797 1189 1855 quam
1221 1779 1500 1855 deduxisse
1528 1777 1762 1832 canendo

439 1859 588 1930 Saepe
612 1851 918 1912 reluctantis
947 1851 1223 1908 constabat
1245 1867 1445 1906 cornua
1473 1851 1632 1904 lunae.

439 1972 718 2037 Horatius,
742 1969 846 2026 oda
874 1984 930 2033 ν,
956 1965 1127 2037 Epod.
1147 1983 1166 2020 :

442 2090 574 2157 Qua:
601 2087 778 2143 sidera
813 2091 1095 2157 excantata
1123 2097 1241 2157 uoce
1273 2078 1524 2134 Thessala

546 2159 851 2230 Lunamque
876 2153 1002 2210 caelo
1031 2153 1232 2220 diripit.

443 2273 610 2328 Plura
641 2270 860 2342 collegit
881 2268 1120 2324 Joannes
1149 2264 1490 2320 Passeratius
1514 2260 1568 2316 in
1598 2259 1804 2314 dictum
1833 2259 2014 2314 locum

443 2365 737 2436 Propertii.
784 2361 920 2428 Quae
947 2357 1134 2414 omnia
1183 2356 1262 2411 uti
1299 2353 1515 2417 stolida,
1567 2350 1840 2414 fabulosa,
1894 2347 2016 2418 quis

447 2468 594 2510 sanae
621 2451 821 2506 mentis
863 2463 976 2503 non
1023 2445 1252 2515 rejiciet,
1301 2457 1424 2498 cum
1473 2447 1728 2494 auctores
1763 2438 1891 2508 ipsi,
1923 2437 2017 2509 qui

444 2547 538 2602 illa
568 2543 843 2600 mentibus
865 2538 1146 2594 hominum
1169 2537 1412 2606 ingerere
1441 2531 1623 2588 conati
1651 2539 1798 2595 sunt,
1821 2543 1884 2583 ea
1913 2529 2017 2584 sibi

446 2633 888 2690 contradicentes
937 2627 1286 2698 vituperant?
1340 2623 1568 2692 Medea,
1629 2623 1675 2678 si
1730 2621 2016 2692 potuisset,

445 2744 557 2783 non
585 2727 660 2781 ita
689 2727 1002 2790 clamasset,
1038 2720 1096 2777 Si
1134 2735 1337 2789 possem
1365 2719 1546 2773 sanior
1574 2732 1760 2780 essem,
1790 2713 1878 2768 sed
1907 2723 2020 2766 tra-

448 2824 526 2878 hit
553 2821 774 2876 invitam
803 2834 937 2872 nova
967 2816 1061 2870 vis.
1081 2813 1240 2869 Circe
1255 2826 1377 2882 quae
1393 2806 1655 2880 quidquid
1676 2807 1834 2861 vellet
1860 2819 2021 2875 posse

447 2912 792 2978 credebatur,
817 2923 977 2964 suum
1003 2905 1246 2975 nequivit
1275 2903 1525 2974 Ulyssem
1563 2898 1828 2955 remorari
1856 2917 1869 2952 :
1902 2912 2021 2967 quae

450 3006 530 3061 sic
559 3002 759 3058 cecinit
787 2999 1033 3065 Ovidius,
1061 2997 1229 3063 libi],
1263 2995 1338 3050 De
1374 2993 1568 3048 remed.
1592 3009 1762 3046 amor.
1791 3007 1810 3046 :

455 3108 653 3164 Omnia
682 3107 855 3177 fecisti
886 3123 947 3159 ne
977 3103 1202 3158 callidus
1231 3103 1396 3177 hostis
1422 3100 1609 3177 abiret,

556 3177 659 3233 Ille
682 3172 826 3231 dedit
858 3185 1011 3231 certa:
1046 3177 1205 3228 lintea
1235 3173 1388 3235 plena
1419 3172 1578 3242 fugce.

454 3248 649 3306 Omnia
677 3248 869 3318 fecisti,
901 3263 964 3300 ne
989 3257 1037 3299 te
1061 3246 1200 3315 ferus
1239 3252 1407 3318 ureret
1433 3243 1599 3312 ignis;

556 3315 768 3390 Longus
793 3319 848 3371 in
876 3318 1037 3371 invito
1063 3323 1264 3386 pectore
1292 3315 1423 3368 sedit
1455 3328 1626 3366 amor.

447 3435 710 3505 Sciteque
731 3432 798 3488 ab
823 3429 1151 3502 Hippocrate
1179 3429 1408 3484 diluitur
1434 3429 1618 3484 libello
1644 3427 1721 3482 De
1735 3427 1986 3498 epilepsia
2005 3443 2023 3480 :

446 3528 518 3584 Si
550 3527 713 3589 enim,
750 3525 947 3594 inquit,
995 3522 1148 3577 homo
1177 3520 1504 3575 carminibus
1539 3520 1721 3575 lunam
1773 3519 2025 3574 deducere

443 3619 580 3674 caelo
609 3625 807 3688 posset,
845 3625 955 3669 tum
987 3623 1124 3669 certe
1171 3613 1332 3677 Deus,
1361 3621 1410 3666 et
1447 3629 1590 3667 mens
1620 3611 1819 3677 divina,
1854 3621 2027 3666 astro-

453 3725 572 3764 rum
611 3708 854 3763 conditor
894 3716 942 3761 et
985 3715 1178 3771 rector,
1212 3706 1483 3759 hominum
1512 3705 1783 3769 potestati,
1809 3719 2026 3774 magno-

445 3817 674 3872 rumque
706 3800 1136 3863 incantamentis,
1178 3797 1315 3868 quod
1345 3796 1516 3852 dicere
1557 3797 1706 3865 nefas
1755 3804 1853 3860 est,
1894 3804 2028 3850 esset

450 3893 735 3949 obnoxius.
767 3889 986 3946 Fabula:
1013 3899 1066 3945 et
1090 3890 1294 3944 erroris
1325 3889 1553 3958 hujusce
1577 3887 1730 3959 origo
1757 3898 1881 3942 nata
1924 3896 2027 3956 est,

444 3993 519 4040 ιιι
547 3983 712 4040 refert
752 3982 1078 4037 Plutarchus
1107 3981 1234 4037 libr.
1272 3979 1352 4035 De
1402 3989 1648 4050 precept.
1700 3979 2027 4046 connubial.,

457 4075 605 4147 quod
633 4074 884 4129 homines
929 4073 1070 4128 luna:
1099 4071 1395 4143 deliquium
1427 4073 1763 4143 ignorarent,
1803 4072 2030 4142 ejusque

458 4165 686 4222 luminis
741 4164 798 4218 in
837 4163 1027 4234 eclipsi
1059 4160 1353 4218 defectum.
1401 4161 1656 4234 Aganice,
1693 4162 1858 4218 verba
1903 4173 2032 4220 sunt

451 4255 759 4322 Plutarchi,
795 4253 1064 4326 Hegetoris
1092 4251 1332 4308 Thessali
1359 4255 1496 4324 ﬁlia,
1526 4253 1758 4310 siderum
1790 4257 1845 4310 in
1865 4257 2029 4325 pleni-

461 4348 621 4402 luniis
649 4346 881 4416 defectus
914 4347 1106 4416 perita,
1139 4361 1201 4399 ac
1221 4347 1472 4415 temporis
1513 4363 1614 4416 quo
1657 4346 1788 4400 luna
1827 4346 2032 4416 objecta

461 4449 614 4494 terra:
639 4437 829 4491 umbra
859 4435 1255 4492 obnubilaretur
1283 4453 1474 4507 gnara,
1515 4453 1633 4490 cum
1671 4436 1780 4491 haec
1816 4437 2034 4492 mulier-

1780 395 2024 452 LEONlS
2065 385 2333 448 ALLATll

2038 520 2083 574 Α
2109 512 2385 578 νόμενον.
2416 504 2668 567 Basilius,
2699 502 2844 556 hom.
2877 497 2933 565 6,
2969 497 3042 552 De
3068 496 3214 552 sole:
3245 495 3336 566 Μὴ
3363 491 3684 560 ἐξαπατάτω

3578 374 3682 428 8Τὺ

2107 573 2257 656 σε-τὺ
2289 599 2629 670 φαινόμενον,
2677 595 2800 666 μήδ’
2838 594 2917 645 ὅτι
2963 591 3228 660 πηχυαῖος
3255 589 3367 649 τοῖς
3394 584 3561 656 ὁρῶσι
3607 582 3686 635 δο-
3756 573 3764 623 ἶ

2106 692 2210 752 κεῖ,
2240 686 2492 740 τοσοῦτον
2531 684 2694 738 αὐτὸν
2724 679 2860 735 εἶναι
2901 679 3111 750 λογίσῃ.
3161 674 3537 746 Συναιρεῖσθαι
3575 669 3682 743 γὰρ

2106 780 2351 848 πέφυκεν
2374 779 2432 830 ὲν
2465 778 2577 839 τοῖς
2611 773 2865 844 μεγάλοις
2891 772 3223 842 διαστήμασι
3249 769 3316 823 τὰ
3348 767 3552 840 μεγέθη
3575 765 3685 819 τῶν

2105 869 2418 942 ὁρωμένων,
2449 868 2550 938 τῆς
2586 866 2845 937 ὁρατικῆς
2887 864 3169 934 δυνάμεως
3200 861 3299 914 οὐκ
3349 857 3686 930 ὲξαρκουμέο

2108 981 2203 1034 νης
2229 963 2317 1015 τὸν
2358 959 2558 1032 μεταξὺ
2591 959 2752 1011 τόπον
2789 957 3076 1027 διαπερᾷν,
3109 953 3234 1008 ἀλλ’
3261 951 3424 1006 οἱονεὶ
3457 950 3686 1003 ὲνδαπα-

2108 1055 2354 1125 νωμένης
2408 1051 2486 1122 τῷ
2539 1050 2708 1121 μέσῳ,
2753 1051 2848 1103 καὶ
2887 1047 3027 1102 κατά
3081 1045 3256 1113 ὀλίγον
3311 1043 3480 1114 αὐτῆς
3524 1041 3687 1112 μέρος

2109 1145 2554 1218 προσϐαλλούσης
2569 1145 2679 1205 τοῖς
2709 1142 2943 1211 ὁρατοῖς.
2963 1137 3166 1210 -Μικρά
3195 1133 3288 1189 οὖν
3315 1137 3348 1206 ή
3376 1135 3499 1204 ὄψις
3531 1133 3687 1203 ἡμῶν

2108 1237 2396 1308 γενομένη,
2431 1234 2601 1307 μικρά
2630 1233 2852 1303 ἐποίησε
2867 1227 3183 1302 νομίζεσθαι
3215 1228 3283 1280 τὰ
3310 1228 3589 1298 ὁρώμενα,
3626 1223 3689 1276 τὸ

2109 1332 2308 1384 οἰκεῖον
2364 1327 2536 1390 πάθος
2587 1328 2700 1388 τοῖς
2747 1326 2966 1396 ὁρατοῖς
3019 1322 3375 1393 ἐπιφέρουσα.
3429 1318 3591 1369 Ὥστε
3640 1317 3687 1367 εἰ

2109 1422 2419 1494 ψεύδεταιὴ
2455 1420 2596 1490 ὄψις,
2635 1418 2862 1472 ἄπιστον
2886 1415 2948 1468 τὸ
2975 1415 3274 1486 κριτήριον.
3305 1413 3462 1468 Multi
3507 1419 3688 1464 tamen

2111 1529 2178 1569 ex
2229 1511 2470 1582 antiquis
2530 1507 2870 1580 philosophis
2923 1508 3090 1561 etiam
3146 1505 3315 1560 solem
3367 1503 3517 1558 illius
3564 1517 3694 1558 esse

2113 1601 2529 1676 magnitudinis,
2558 1616 2666 1671 qua
2693 1615 2752 1656 se
2800 1599 3080 1654 hominum
3115 1596 3291 1652 oculis
3317 1595 3578 1657 ostendit,
3610 1593 3693 1648 af-

2114 1696 2422 1761 ﬁrmarunt,
2453 1693 2595 1749 inter
2621 1706 2718 1747 eos
2746 1692 3002 1762 princeps
3036 1689 3210 1744 fuisse
3237 1687 3457 1743 videtur
3489 1685 3691 1756 Epicu-

2112 1803 2234 1851 rus,
2261 1799 2423 1855 quem
2451 1780 2876 1852 elegantissime,
2901 1789 2956 1836 et
2987 1793 3098 1833 non
3129 1777 3387 1834 invalidis
3407 1791 3692 1848 argumen-

2040 1861 2090 1923 Β
2118 1880 2189 1935 tis
2223 1875 2423 1933 refellit
2449 1872 2788 1940 Cleomedes,
2819 1871 2918 1927 lib.
2952 1887 2988 1926 ιι
3021 1869 3240 1924 Meteor.

2185 1969 2306 2026 Col.
2357 1967 2482 2029 724,
2513 1967 2610 2022 lin.
2658 1965 2712 2018 4.
2746 1966 2974 2032 Ὥσπερ
3024 1963 3138 2033 γὰρ
3173 1963 3229 2016 ει
3272 1979 3382 2030 τις.
3432 1960 3690 2024 Basilius,

2116 2062 2263 2119 hom.
2294 2061 2329 2116 6
2359 2079 2372 2115 :
2420 2056 2827 2130 ’Υπομνήσθητι
2852 2056 2910 2110 δὲ
2957 2055 3066 2110 τῶν
3097 2053 3312 2108 οἰκείων
3353 2052 3563 2118 παθῶν,
3599 2053 3695 2106 καὶ

2116 2155 2269 2228 παρά
2313 2152 2539 2208 σεαυτοῦ
2580 2150 2722 2218 ἕξεις
2759 2149 2869 2204 τῶν
2898 2148 3206 2219 λεγομένων
3237 2147 3337 2218 τὴν
3373 2145 3573 2200 πίστιν.
3628 2144 3698 2198 Εἰ

2119 2261 2249 2298 ποτε
2278 2243 2387 2298 ἀπὸ
2432 2241 2739 2313 ἀκρωρείας
2785 2239 3027 2311 μεγάλης
3069 2238 3251 2291 πεδίον
3293 2233 3432 2301 εἶδες
3470 2234 3605 2289 πολύ
3635 2253 3695 2288 τε

2118 2336 2213 2389 καὶ
2267 2334 2478 2399 ὕπτιον,
2513 2335 2676 2406 ήλίκα
2727 2331 2824 2404 μέν
2862 2349 2944 2385 σοι
2972 2329 3248 2400 κατεφάνη
3279 2329 3347 2382 τά
3378 2327 3569 2399 ζεύγη,
3600 2346 3700 2399 πη-

2118 2427 2257 2481 λίκοι
2299 2427 2356 2480 δὲ
2384 2429 2433 2480 οί
2475 2425 2737 2497 ἀροτῆρες
2771 2422 2958 2488 aii-col;
3008 2425 3056 2476 εί
3101 2422 3176 2493 μὴ
3230 2422 3532 2493 μυρμήκων
3577 2417 3701 2473 τινά.

2122 2535 2202 2572 σοι
2239 2517 2507 2588 παρέσχον
2540 2514 2859 2584 φαντασίαν.
2894 2513 2956 2565 El
2989 2512 3046 2565 δὲ
3079 2513 3173 2567 καὶ
3203 2512 3312 2567 ἀπὸ
3344 2511 3576 2574 σκοπιᾶς
3605 2511 3699 2563 καὶ

2124 2610 2265 2680 μέγα
2308 2607 2542 2676 πέλαγος
2585 2605 2968 2676 τετραμμένης
3010 2607 3076 2676 τῇ
3121 2603 3365 2676 θαλάσσῃ
3401 2603 3500 2666 τὰς
3548 2601 3700 2672 ὅψεις

2121 2699 2404 2763 ὲπέὸαλες,
2436 2697 2617 2768 ἡλίκαι
2653 2696 2751 2767 μέν
2782 2713 2866 2748 σοι
2904 2694 3090 2761 ἔδοξαν
3121 2690 3259 2748 εἶναι
3297 2692 3403 2747 τῶν
3433 2693 3611 2763 νήσων
3642 2693 3700 2744 αἱ

2125 2789 2396 2861 μέγισται,
2431 2786 2635 2857 πηλίκη
2677 2785 2735 2838 δέ
2765 2801 2847 2838 σοι
2880 2784 3158 2854 κατεφάνη
3193 2783 3290 2854 μία
3311 2780 3417 2834 τῶν
3441 2779 3701 2851 μυριοφό-

2126 2898 2233 2952 ρων
2256 2879 2494 2934 ὁλκάδων
2523 2879 2738 2941 λευκοῖς
2767 2877 2954 2941 ἱστίοις
2984 2875 3122 2947 ὑπὲρ
3147 2875 3350 2945 κυανῆς
3367 2873 3700 2945 κομιζομένη

2125 2973 2432 3043 θαλάσσης;
2469 2972 2517 3024 εἰ
2567 2971 2642 3042 μὴ
2692 2969 2870 3039 πάσης
2897 2969 3226 3040 περιστερᾶς
3257 2965 3582 3039 μικροτέραν
3620 2980 3703 3016 σοι

2128 3065 2434 3137 παρέσχετο
2463 3064 2563 3134 τὴν
2593 3064 2909 3132 φαντασίαν.

2195 3157 2353 3223 lbid.,
2407 3157 2502 3211 lin.
2560 3155 2611 3209 7.
2684 3151 3201 3220 Ἐνδαπανηθεῖσα
3258 3151 3388 3220 γάρ.
3437 3149 3703 3210 Basilius.

2126 3251 2274 3305 hom.
2308 3250 2340 3304 6
2375 3269 2386 3303 :
2423 3249 2589 3314 Διότι,
2641 3247 2890 3316 καθάπερ
2939 3244 3101 3315 ἔφην,
3148 3241 3577 3311 ὲνδαπανηθεῖσα
3628 3239 3708 3308 τῷ

2126 3342 2246 3414 ἀέρι
2291 3345 2324 3413 ἡ
2375 3341 2516 3411 ὄψις,
2565 3339 2808 3410 ἐξίτηλος
2848 3337 3134 3408 γενομένη,
3179 3337 3316 3407 πρὸς
3359 3335 3457 3406 τὴν
3504 3333 3707 3405 ἀκριϐῆ

2127 3433 2428 3504 κατάληψιν
2459 3431 2566 3485 τῶν
2607 3430 2898 3502 ὁρωμένων
2944 3428 3044 3481 οὐκ
3092 3427 3327 3498 ἐξαρκεῖ.
3369 3425 3570 3482 Eadem
3613 3439 3706 3478 ra-

2129 3528 2276 3582 tione
2318 3525 2638 3580 Aristoteles
2698 3522 2774 3578 De
2818 3530 3048 3592 generat.
3087 3520 3248 3574 anim.
3283 3519 3379 3575 lib.
3411 3536 3465 3585 v,
3499 3532 3620 3587 cap,
3652 3516 3705 3577 1.

2130 3619 2204 3673 ait
2219 3632 2283 3673 ea
2301 3632 2423 3687 qua:
2459 3615 2636 3672 oculis
2673 3615 3110 3685 prominentibus
3128 3621 3256 3669 sunt
3273 3611 3462 3683 procul
3482 3625 3708 3665 cernere

2128 3717 2426 3782 nequeunt,
2445 3725 2565 3780 qua:
2581 3717 2770 3764 contra
2792 3708 2938 3762 intus
2959 3708 3014 3762 in
3035 3723 3167 3762 cavo
3189 3706 3378 3761 oculos
3397 3704 3594 3760 habent
3619 3718 3710 3774 po-

2129 3803 2288 3869 sitos,
2321 3801 2480 3872 longe
2508 3799 2754 3871 aspicere
2786 3808 3038 3870 possunt,
3065 3798 3153 3852 διά
3177 3799 3238 3851 τὸ
3268 3798 3368 3869 τὴν
3397 3796 3609 3867 κίνησιν
3631 3793 3710 3865 μὴ

2129 3891 2607 3948 διασκεδάννυσθαι
2629 3893 2709 3955 εἰς
2740 3892 2958 3962 ἀχανὲς,
2981 3890 3097 3945 ἀλλ’
3121 3889 3464 3959 εὐθυπορεῖν,
3500 3887 3712 3953 Quibus

2131 3984 2309 4040 verbis
2334 3984 2644 4055 opinionem
2670 3981 2914 4038 Platonis
2943 3983 3231 4053 amplexus
3264 3983 3477 4037 videtur
3505 3981 3716 4036 Aristo-

2131 4077 2287 4141 teles,
2316 4075 2773 4147 quemadmodum
2808 4083 2863 4130 et
2902 4092 2962 4130 ιιι
3015 4074 3236 4131 Meteor.
3269 4090 3390 4146 cap.
3421 4075 3475 4141 5,
3503 4074 3536 4129 4
3571 4082 3626 4129 et
3655 4072 3710 4135 6.

2131 4173 2185 4220 et
2219 4165 2486 4220 Problem.
2524 4167 2765 4222 sectione
2785 4167 2876 4230 5|,
2902 4167 3168 4237 problem.
3202 4167 3291 4233 16,
3316 4165 3384 4221 ad
3415 4165 3714 4221 dubitatio-

2133 4272 2233 4314 nes
2267 4257 2530 4328 quasdam
2553 4257 2934 4313 dissolvendas
2959 4258 3062 4312 hac
3084 4257 3273 4313 eadem
3310 4258 3502 4323 utitur,
3527 4272 3717 4328 quam-

2133 4349 2217 4404 vis
2253 4348 2585 4403 contrariam
2631 4355 2855 4404 secutus
2883 4347 3153 4403 videatur.
3189 4347 3265 4404 De
3295 4348 3554 4419 opinione
3597 4347 3718 4421 Pla-

2135 4439 2306 4504 tonis,
2353 4446 2635 4509 aspectum
2670 4439 2880 4495 scilicet
2912 4438 3049 4494 allici
3098 4439 3335 4512 imagine
3364 4441 3547 4510 aliqua
3586 4454 3617 4493 a
3657 4455 3716 4493 re

457 4530 595 4584 culis
626 4526 851 4582 credulis
898 4543 1138 4598 praesaga
1169 4527 1337 4596 futuri
1364 4527 1690 4597 praediceret,
1723 4539 2028 4598 prrecanta-
2061 4544 2105 4598 ι)
2134 4532 2253 4587 visa
2283 4530 2556 4600 eﬂluente,
2602 4532 2699 4587 sed
2745 4532 2982 4588 emicare
3027 4549 3094 4588 ex
3143 4534 3319 4590 oculis
3358 4535 3555 4598 lucem,
3605 4549 3715 4603 qua

457 4617 601 4670 tione
631 4615 812 4670 lunam
843 4614 1130 4669 subducere
1173 4616 1300 4670 caelo
1341 4615 1670 4672 credebatur.
1717 4617 1830 4673 Hoc
1885 4619 2031 4674 idem

457 4707 749 4762 conﬁrmat
797 4706 1159 4778 fragmentum
1207 4709 1403 4763 veteris
1439 4717 1610 4778 poetae
1638 4709 1781 4780 apud
1816 4708 2032 4766 Turne-

460 4800 613 4864 bum,
648 4796 931 4851 Adversar.
972 4798 1062 4852 lib.
1096 4815 1208 4863 XIX,
1242 4813 1363 4869 cap.
1403 4800 1470 4866 '5;
1501 4807 1554 4854 et
1577 4801 1874 4855 Martinum
1911 4802 2034 4858 Del-

463 4890 604 4944 rium
638 4888 1095 4958 Disquisitionum
1134 4890 1464 4960 magicarum
1489 4891 1582 4947 lib.
1623 4907 1686 4958 ιι,
1713 4902 1908 4963 quaest.
1941 4895 2030 4958 ll,

461 4991 517 5036 ct
543 4990 736 5051 praeter
765 4982 902 5036 alios
934 4980 1252 5037 Cleomedes
1287 4983 1406 5037 loco
1431 4982 1598 5038 dicto.
1649 4983 1868 5049 Τούτοις
1907 4986 2035 5055 ἑξῆς

391 5097 396 5102 ·
461 5073 553 5126 τὸν
597 5075 724 5145 περὶ
768 5074 866 5144 τῆς
907 5072 1199 5142 ἐκλείψεως
1246 5075 1413 5146 αὐτῆς
1455 5075 1810 5148 ποιησώμεθα
1854 5077 2030 5148 λόγον,

463 5167 611 5229 ὅπως
672 5167 745 5237 μὴ
795 5165 1190 5238 παραπλησίως
1242 5169 1355 5230 τοῖς
1407 5167 1672 5238 γραῖδίοις
1729 5171 1824 5224 καὶ
1876 5175 2036 5242 ἡμεῖς

461 5255 794 5326 δοξάσωμεν,
829 5257 1028 5310 ὁπόταν
1069 5255 1311 5310 ἐκλείπει
1344 5259 1376 5328 ἠ
1405 5257 1620 5329 σελήνη,
1651 5261 1732 5313 ὅτι
1757 5263 2038 5333 φαρμακί-

462 5349 550 5412 δες
582 5349 718 5402 εἰσὶν
752 5350 810 5403 al
834 5349 1192 5421 καθαιροῦσαι
1234 5351 1425 5422 αὐτήν.
1465 5350 1630 5405 Multa
1660 5354 1716 5407 in
1743 5354 1883 5408 hanc
1913 5371 2037 5410 sen-

466 5441 689 5493 tentiam
721 5442 881 5496 habet
905 5439 1143 5497 Joannes
1167 5440 1388 5498 Wierus
1421 5443 1495 5497 De
1523 5447 1802 5515 prwstigiis
1842 5446 2039 5502 daemo-

467 5547 590 5584 num
625 5532 717 5586 lib.
774 5548 835 5595 ιι,
885 5549 1007 5603 cap.
1044 5533 1145 5597 17;
1195 5544 1250 5589 et
1296 5534 1509 5589 Delrius
1557 5537 1706 5592 dicto
1751 5539 1889 5604 loco,
1921 5541 2035 5611 qui,

469 5621 598 5685 Qua:
632 5621 699 5674 sit
738 5639 1009 5692 magorum
1028 5635 1258 5692 potestas
1296 5627 1349 5678 in
1381 5626 1528 5680 orbes
1580 5628 1830 5696 caelestes,
1863 5631 2040 5685 sidera

465 5725 514 5764 et
545 5711 818 5777 elementa,
851 5715 1099 5784 pluribus
1127 5719 1384 5786 explicat.

537 5803 696 5869 lbid.,
730 5805 826 5864 lin.
864 5806 952 5862 59.
995 5807 1092 5877 Μὴ
1138 5810 1245 5878 γὰρ
1283 5811 1632 5876 ἐξαπατάτω
1681 5830 1754 5868 σε
1798 5817 1863 5870 τὸ
1907 5834 2039 5888 gat-

2132 4621 2406 4691 objectum
2458 4622 2901 4693 comprehendat,
2954 4632 3191 4679 tractant
3237 4624 3560 4682 Priscianus
3607 4623 3713 4691 Ly-

2134 4709 2237 4765 dus
2270 4710 2365 4764 lib.
2397 4709 2476 4764 De
2499 4711 2819 4780 phantasia;
2857 4714 3172 4771 Chalcidius
3217 4714 3506 4770 Comment.
3540 4716 3593 4765 in
3618 4711 3712 4764 Ti-

2136 4817 2326 4856 mceum
2355 4801 2642 4869 Platonis;
2673 4805 2932 4862 Alcinous
2964 4807 3016 4861 in
3051 4806 3462 4863 lntroductione
3483 4805 3549 4859 ad
3589 4802 3710 4858 Pla-

2137 4899 2251 4946 ton.
2286 4891 2720 4962 Philosophiam;
2754 4895 3041 4952 Nemesius
3064 4896 3143 4951 De
3171 4908 3285 4951 nat.
3313 4898 3479 4961 hom.,
3499 4909 3620 4964 cap.
3651 4894 3708 4958 7;

2134 4981 2474 5046 Macrobius,
2513 4983 2731 5037 Saturn.
2781 4985 2875 5040 lib.
2925 5001 3000 5048 Vl,
3034 5001 3152 5056 cap.
3187 4985 3284 5050 M;
3327 4982 3575 5039 Plotinus
3612 4982 3708 5036 lib.

2137 5071 2216 5125 De
2245 5073 2446 5128 visione
2471 5073 2761 5137 ;Euclidcs
2799 5076 2981 5131 libello
3027 5076 3104 5130 De
3129 5077 3472 5144 prospectiva,
3513 5084 3566 5128 ct
3600 5075 3711 5127 alii.

2210 5158 2379 5224 lbid.,
2427 5161 2524 5216 lin.
2581 5161 2634 5216 9.
2699 5163 2811 5217 Kal
2867 5163 2958 5217 ὅτι
3011 5163 3397 5234 παμμέγεθες.
3458 5162 3714 5221 Basilius.

2139 5249 2288 5305 hom.
2321 5251 2353 5305 6
2384 5270 2399 5306 :
2433 5251 2622 5306 Βούλει
2661 5255 2768 5308 ἀπὸ
2797 5254 3007 5325 μικρῶν
3057 5245 3370 5326 τεκμηρίων
3401 5253 3585 5307 λαϐεῖν
3624 5253 3718 5306 τοῦ

2143 5341 2405 5412 μεγέθους
2438 5344 2606 5416 αὐτῆς
2639 5345 2734 5416 τὴν
2767 5347 3034 5410 ἀπόδειξιν
3054 5348 3148 5413 ;Αί
3182 5346 3319 5400 κατά
3351 5345 3447 5418 τὴν
3479 5346 3722 5415 οίκουμέ-

2140 5450 2238 5503 νην
2272 5434 2455 5496 πόλεις
2487 5435 2740 5489 πλεῖστον
2772 5435 3016 5507 ἀλλήλων
3042 5436 3423 5506 ἀπῳκισμέναι
3453 5436 3593 5490 κατά
3619 5437 3719 5507 τὴν

2141 5525 2402 5597 ἀνατολὴν
2434 5529 2840 5598 τετραμμέναις
2873 5530 3232 5601 ῥυμοτομίαις
3279 5529 3339 5594 ἐξ
3389 5530 3504 5582 ἴσου
3550 5531 3721 5584 πᾶσαι

2142 5616 2203 5670 τὸ
2239 5615 2516 5687 σεληναῖον
2570 5618 2684 5688 φῶς
2719 5620 3090 5688 ὑποδέχονται.
3141 5620 3303 5675 Plura
3351 5623 3418 5677 de
3464 5621 3567 5676 hoc
3602 5624 3723 5677 vith

2143 5708 2285 5778 apud
2315 5708 2660 5765 Cleomedem
2694 5712 2813 5767 loco
2846 5713 3014 5766 dicto.

2217 5799 2379 5867 lbid.,
2434 5801 2528 5854 lin.
2588 5802 2671 5856 14.
2723 5804 2829 5861 Kal
2880 5805 3091 5874 ὁμοίως
3124 5804 3339 5872 αὑτήν.
3391 5804 3598 5860 Similia
3645 5806 3724 5862 le-
