4124 6418
447 389 549 444 877

1464 369 1529 425 ΙΝ
1564 363 1940 425 -ΕυεΤΑτιιιι
1969 356 2445 417 ΙΙΕΧΛΕΜΕΒΟΝ
2477 354 2707 412 NOTAE.

3595 341 3698 397 878

447 512 646 576 guntur
679 500 822 573 apud
849 497 1133 561 Basilium,
1157 494 1307 548 hom.
1335 490 1369 543 6
1398 507 1411 542 :
1450 488 1681 560 Ὁμοίως
1718 488 1826 559 γὰρ
1859 484 2025 555 αὐτῆς

2139 479 2206 533 Ξνι
2228 478 2296 533 τὰ
2324 475 2578 545 πελάγια,
2598 472 2669 526 τὰ
2696 469 3011 540 αίγιαλὼδη,
3034 466 3102 521 τὰ
3130 465 3310 537 βύθια,
3335 463 3404 517 τὰ
3423 460 3700 535 πετρώδη,

2168 569 2180 576 .
2224 572 2235 576 _
2316 566 2332 576 .
2383 569 2406 576 _
2531 566 2541 576 .
2754 562 2779 576 .
2849 560 2860 576 .
2964 560 2976 576 .
3212 556 3271 576 _.,
3306 555 3583 576 .._1---_-__
3634 549 3700 576 -.ι

445 597 554 654 ἀπὸ
599 596 708 650 τῶν
758 590 1087 665 ίσημερινῶν
1132 587 1309 666 τόπων
1372 582 1802 652 ἀνατελλούσης,
1854 578 1908 632 οἵ
1962 595 2023 633 τε

447 687 862 762 προσοικοῦντες
908 687 974 756 τῇ
1022 677 1434 751 κατεψυγμένη,
1469 677 1564 730 καὶ
1594 675 1697 728 ὑπὸ
1724 673 1820 737 τὰς
1868 687 2014 743 περι-

450 782 689 854 στροφὰς
729 779 831 849 τῆς
876 778 1077 849 ἄρκτου
1120 773 1361 843 κείμενοι
1396 765 1889 841 μεταλαμϐάνουσι,
1931 762 2025 816 καὶ

447 879 495 929 οἱ
525 872 667 929 κατὰ
689 871 759 924 τὰ
791 869 945 924 κοῖλα
972 868 1072 938 τῆς
1106 861 1453 937 μεσημϐρίας
1469 860 1567 931 τῆς
1592 856 2027 927 διακεκαυμένης

447 970 689 1039 γείτονες
710 983 724 996 ο
779 959 860 1028 οἷς
898 962 1031 1016 πᾶσι
1058 957 1201 1013 κατὰ
1238 956 1299 1010 τὸ
1330 954 1530 1017 πλάτος
1561 948 2024 1020 ἀντιπαρήκουσα,

450 1058 793 1131 σαφεστάτην
823 1050 1236 1128 μαρτυρίαντοῦ
1295 1046 1556 1120 μεγέθους
1586 1043 1900 1114 παρέχεται.

520 1128 685 1215 lbid.,
713 1150 810 1204 lin.
846 1146 933 1202 ιε.
974 1142 1084 1199 Καὶ
1115 1141 1334 1206 εὐθέως
1376 1138 1416 1207 τι
1447 1136 1563 1207 μὲν
1591 1134 1892 1190 θάλασσα.
1926 1128 2029 1185 Ba-

450 1241 628 1305 silius,
684 1240 831 1294 bom.
885 1237 953 1291 7:
981 1230 1154 1288 τΗλθε
1201 1232 1553 1304 πρόσταγμα,
1585 1227 1680 1281 καὶ
1736 1223 1897 1287 εὐθὺς
1936 1223 2030 1276 καὶ

449 1332 683 1402 ποταμοὶ
724 1328 960 1402 ἐνεργοὶ,
1010 1323 1342 1394 καὶνλίμναι
1374 1320 1610 1391 γόνιμοι,
1663 1316 1772 1371 τῶν
1816 1315 2031 1370 οἰκείων

448 1423 677 1477 ἕκαστον
706 1419 885 1475 αὐτῶν
941 1418 1036 1472 καὶ
1082 1414 1225 1471 κατὰ
1277 1413 1438 1483 φύσιν
1485 1410 1678 1481 γενῶν·
1717 1408 1812 1463 καὶ
1861 1408 1896 1479 ἡ
1938 1406 2034 1460 θά-

448 1515 624 1569 λασσα
668 1514 737 1567 τὰ
783 1509 1104 1566 παντοδαπὰ
1132 1508 1264 1579 γένη
1311 1505 1420 1560 τῶν
1448 1503 1675 1558 πλωτῶν
1726 1500 1903 1567 ῶδινε,
1938 1500 2032 1554 καὶ

449 1604 570 1658 οὐδὲ
607 1604 731 1657 ὅσον
760 1604 817 1655 ὲν
865 1600 1005 1655 ίλύσι
1049 1599 1146 1655 καὶ
1175 1598 1406 1667 τέλμασι
1434 1594 1527 1648 τοῦ
1572 1593 1763 1657 ὓδατος
1794 1588 1884 1662 ἦν,
1912 1591 2031 1644 οὐδὲ

447 1695 606 1749 τοῦτο
632 1695 802 1767 ἀργὸν
825 1693 962 1747 οὐδὲ·
977 1692 1203 1763 ἄμοιρον
1242 1689 1340 1761 τῆς
1373 1687 1513 1742 κατὰ
1550 1686 1649 1759 τὴν
1681 1686 1859 1739 κτίσιν
1906 1701 2031 1738 συν-

448 1787 662 1850 τελείας
693 1785 978 1857 ἁπέμεινε.

520 1899 685 1966 lbid.,
716 1901 817 1955 lin.
847 1899 937 1954 19.
972 1897 1097 1954 Τῶν
1120 1898 1234 1968 γὰρ
1269 1895 1545 1950 ἐναλίων.
1577 1893 1839 1959 Basilius,
1878 1894 2026 1948 hom.

447 1994 480 2047 7
519 2011 535 2049 :
576 1992 828 2048 Μάλιστα
873 1992 971 2063 μὲν
1016 1987 1256 2061 ἀμφίϐια
1304 1986 1373 2041 τὰ
1414 1985 1583 2040 πολλὰ
1610 1984 1814 2039 τούτων
1862 1985 2009 2038 ἐστὶν

448 2079 561 2139 οἷον
590 2084 796 2154 φῶκαι,
825 2084 919 2138 καὶ
949 2080 1301 2155 κροκόδειλοι,
1336 2080 1431 2134 καὶ
1473 2080 1525 2133 οἱ
1565 2078 1823 2147 ποτάμιοι
1852 2075 2031 2141 ἵπποι,

450 2177 547 2233 καὶ
580 2176 861 2249 βάτραχοι,
897 2176 993 2231 καὶ
1023 2177 1303 2247 καρκῖνοιο
1341 2171 1454 2226 ἀλλ’
1486 2167 1580 2225 οὖν
1620 2168 2031 2242 προηγούμενον

448 2269 563 2341 ἔχει
593 2269 657 2322 τὸ
686 2269 962 2341 νηκτικόν.
992 2265 1226 2332 Plinius,
1271 2265 1368 2321 lib.
1402 2280 1579 2328 xxx",
1607 2277 1732 2333 cap.
1764 2261 1827 2315 11
1864 2280 1878 2315 :
1912 2258 2030 2314 Jam

449 2359 734 2424 caniciﬂae,
773 2358 1088 2422 dromones,
1121 2365 1382 2420 cornutae,
1429 2354 1615 2427 gladii,
1669 2367 1837 2408 serrae
1885 2365 2036 2406 com-

452 2467 758 2523 munesque
790 2451 952 2515 mari,
982 2458 1164 2516 terrm,
1216 2450 1365 2503 amni
1399 2446 1796 2519 bippopotami,
1843 2458 2035 2500 croco—

449 2543 549 2599 d.li
580 2562 594 2599 :
626 2552 681 2600 et
710 2543 856 2597 amni
890 2550 1126 2605 tantum,
1161 2556 1227 2596 ac
1258 2539 1418 2603 mari,
1442 2538 1676 2611 thymni,
1701 2535 2032 2607 thymnides,

452 2635 632 2700 silum,
680 2634 947 2699 coracini,
996 2648 1209 2705 pereas;
1263 2639 1318 2688 et
1349 2631 1446 2686 lib.
1506 2647 1582 2695 ix,
1613 2643 1735 2699 cap.
1768 2629 1823 2697 5,
1857 2629 1925 2684 de
1952 2630 2036 2682 In-

451 2726 562 2782 dici
605 2726 775 2781 maris
815 2724 1014 2781 belluis
1045 2737 1354 2779 sermonem
1377 2721 1586 2777 habens
1614 2739 1626 2774 :
1657 2717 1891 2785 Exeunt,
1936 2721 2033 2783 ait,

450 2827 503 2873 et
533 2817 708 2887 pecori
733 2817 934 2872 similes
972 2817 1159 2889 bellare
1194 2814 1269 2868 ibi
1296 2815 1351 2869 in
1384 2824 1603 2878 terram,
1636 2821 1902 2883 pastaque
1940 2828 2035 2866 ra-

453 2912 597 2967 dices
625 2911 893 2981 fructuum
924 2917 1180 2974 remeant,
1203 2917 1255 2962 et
1281 2908 1525 2979 quaedam
1552 2922 1826 2973 equorum,
1855 2905 2037 2960 asino-

453 3021 596 3070 rum,
625 3015 902 3060 taurorum
924 3001 1184 3072 capitibus
1206 3017 1324 3072 quae
1350 3002 1706 3071 depascuntur
1733 3009 1876 3055 sata.
1897 2997 2035 3054 Vide

454 3098 695 3155 Plinium
729 3100 823 3155 lib.
856 3115 935 3161 ix,
974 3113 1095 3168 cap.
1128 3096 1215 3163 19,
1244 3103 1299 3151 et
1325 3111 1448 3165 cap.
1483 3094 1573 3161 57,
1603 3100 1659 3149 et
1687 3093 2031 3158 Athenaeum,

451 3192 549 3249 lib.
582 3206 707 3258 vui,
725 3207 848 3264 pag.
879 3189 1007 3244 248.
1040 3187 1402 3252 Onesicritus,
1437 3185 1582 3257 apud
1606 3185 1955 3278 Strabonem,
1980 3199 2030 3240 c.
2062 3217 2109 3278 Ο

454 3284 545 3352 15,
575 3291 765 3339 narrat
794 3285 945 3337 circa
973 3280 1354 3351 Taprobanem
1370 3278 1535 3334 Indiae
1559 3277 1769 3333 belluas
1791 3277 2035 3331 marinas

459 3375 731 3446 ancipites
759 3374 882 3428 vitae
908 3373 1083 3437 nasci,
1110 3372 1247 3426 alias
1269 3369 1444 3425 bobus
1465 3367 1691 3433 similes,
1709 3367 1845 3422 alias
1858 3365 2032 3436 equis,

455 3466 595 3522 alias
613 3466 784 3523 variis
797 3452 1124 3520 animalibus
1153 3460 1528 3518 terrestribus.
1551 3460 1709 3530 Κήτη
1722 3458 1779 3512 δὲ
1801 3456 2036 3529 ἀμφίϐια

453 3559 584 3630 περὶ
602 3555 1128 3629 αὐτὴνγίνεσθαι,τὰ
1147 3555 1244 3627 μὲν
1259 3554 1430 3625 βουσὶ,
1444 3552 1512 3607 τὰ
1521 3552 1565 3604 δ’
1586 3552 1792 3616 ἵπποις,
1812 3549 1880 3603 τὰ
1895 3549 1939 3602 δ’
1953 3549 2040 3605 άλ-

456 3649 570 3713 λοις
584 3647 859 3720 χερσαίοις
891 3648 1127 3703 ἐοικότα.
1153 3646 1480 3702 Ambrosius
1511 3646 1639 3700 item
1675 3643 1771 3719 lib.
1807 3659 1840 3697 γ
1869 3641 1982 3697 Hex
2016 3660 2030 3696 :

457 3715 618 3803 ραιτῖ
642 3715 806 3791 etiam
852 3753 972 3790 cum
1022 3736 1271 3806 pleraque
1321 3733 1474 3804 pedes
1523 3715 1768 3796 habeant,
1820 3740 1869 3785 et
1917 3747 2036 3785 amo

457 3831 678 3886 bulandi
697 3848 873 3895 usum,
892 3846 951 3885 eo
966 3829 1105 3901 quod
1124 3831 1230 3884 sint
1247 3827 1531 3896 amphibia,
1548 3843 1665 3898 qua:
1688 3825 1764 3881 vel
1792 3827 1847 3879 in
1864 3823 2036 3894 aquis,

456 3923 535 3978 uel
558 3925 616 3978 in
645 3930 790 3978 terra
810 3924 1006 3987 vivunt,
1034 3934 1145 3978 etc.
1166 3920 1364 3986 Varro,
1384 3936 1439 3975 tv
1475 3918 1553 3974 De
1581 3919 1763 3989 lingua
1809 3916 2002 3970 Latina
2019 3931 2037 3967 :

460 4014 632 4071 Graeci
658 4033 724 4071 ea
754 4032 872 4087 qua:
895 4016 951 4071 in
984 4031 1126 4086 aqua
1149 4024 1199 4070 et
1218 4014 1274 4069 in
1303 4022 1446 4067 terra
1476 4020 1695 4082 possunt
1737 4010 1900 4064 vivere
1944 4025 2038 4062 vo-

457 4117 582 4162 cant
611 4107 897 4177 amphibia.
929 4106 1251 4173 Columella,
1280 4106 1377 4161 lib.
1422 4119 1541 4171 vm,
1572 4117 1697 4173 cap.
1734 4100 1834 4155 i2:
1880 4099 2039 4154 Venio

458 4215 598 4254 nunc
624 4199 695 4254 ad
722 4215 813 4254 eas
853 4216 972 4254 aves
996 4215 1129 4271 quas
1153 4196 1327 4253 Graeci
1354 4194 1650 4268 ἀμφιϐίους
1679 4202 1887 4257 vocant,
1913 4191 2039 4262 quia

459 4310 566 4349 non
602 4304 812 4350 tantum
861 4295 1153 4359 terrestria,
1185 4293 1276 4348 sed
1310 4291 1572 4363 aquatilia
1600 4304 1801 4361 quoque
1834 4285 2040 4342 deside-

457 4400 582 4443 rant
609 4388 841 4460 pabula;
871 4405 961 4444 nec
1008 4388 1179 4458 magis
1217 4386 1376 4441 humo
1405 4400 1565 4456 quam
1593 4392 1782 4453 stagno
1821 4396 2041 4436 consue-

458 4489 586 4536 runt
611 4496 629 4534 :
652 4479 870 4551 ejusque
897 4479 1101 4551 generis
1132 4492 1289 4532 anser
1323 4477 1586 4546 praecipue
1612 4473 1826 4528 rusticis
1854 4479 2039 4541 gratus

2125 569 2195 624 τὰ
2214 566 2463 638 ἀγελαῖα,
2488 566 2555 619 τὰ
2575 560 2893 636 σποραδικά,
2919 560 2990 613 τὰ
3018 561 3179 631 κήτη,
3205 556 3275 611 τὰ
3304 555 3607 627 ὑπέρογκα,
3632 549 3706 605 τὰ

2124 660 2427 715 λεπτότατα
2475 656 2585 709 τῶν
2636 653 2854 726 ἰχθύων.
2884 650 2965 724 Τῇ
3002 649 3110 722 γὰρ
3143 649 3279 720 αὐτῇ
3324 645 3552 717 δυνάμει
3605 641 3706 698 καὶ

2126 753 2202 826 τῷ
2228 753 2327 825 ἴσῳ
2358 748 2739 822 προστάγματι
2766 747 2827 800 τό
2858 763 2915 799 τε
2949 744 3094 816 μέγα
3144 743 3238 796 καὶ
3269 740 3330 793 τὸ
3378 738 3572 811 μικρὸν
3608 753 3703 809 με-

2125 843 2455 914 ταλαγχάνει
2484 841 2578 895 τοῦ
2606 835 2763 893 εἶναι.

2198 936 2360 1000 lbid.,
2384 935 2482 990 lin.
2517 931 2609 987 9.7.
2646 930 2722 985 Τὰ
2745 926 3019 1000 ἀγελαῖα,
3055 924 3128 980 τὰ
3158 920 3515 993 σποραδικά.
3550 918 3704 975 Cice-

2127 1046 2210 1095 ro,
2272 1026 2488 1082 Tuscul.
2515 1042 2570 1088 v,
2611 1023 2951 1094 Congregata
2976 1015 3047 1074 'et
3080 1017 3344 1086 solivaga.
3380 1011 3702 1069 Theodorus

2129 1119 2295 1184 Gaza,
2330 1115 2585 1187 Gregalia
2629 1123 2685 1170 et
2719 1112 2991 1177 incivilia;
3024 1124 3151 1164 nam
3181 1117 3236 1164 et
3259 1104 3584 1162 Aristoteles
3613 1104 3705 1159 do-

2130 1217 2216 1266 cet
2278 1225 2295 1263 1
2332 1208 2406 1262 De
2428 1207 2553 1261 hist.
2578 1206 2769 1269 anim.,
2814 1217 2935 1272 cap.
2970 1202 3023 1268 1,
3046 1216 3109 1256 ex
3147 1197 3480 1271 gregalibus,
3514 1209 3705 1266 quem-

2132 1300 2425 1357 admodum
2471 1308 2525 1353 et
2554 1310 2623 1351 ex
2681 1293 2945 1351 solitariis
2991 1291 3242 1364 quaedam
3280 1305 3403 1346 esse
3428 1287 3701 1353 πολιτικά,

2133 1394 2335 1461 civilia,
2363 1391 2612 1463 quaedam
2637 1388 2962 1461 σποραδικά.

2200 1503 2362 1570 lbid.,
2392 1502 2489 1558 lin.
2522 1501 2616 1557 28.
2657 1501 3020 1572 Συτγένειαν
3051 1500 3201 1571 πρὸς
3227 1498 3295 1554 τὸ
3328 1497 3506 1567 ὕδωρ.
3549 1494 3706 1552 Basi-

2134 1596 2260 1661 lius,
2294 1595 2443 1650 hom.
2475 1593 2508 1646 7
2536 1611 2550 1647 :
2581 1591 2953 1663 Ἐξατατέτω
2986 1592 3060 1646 τὰ
3076 1591 3285 1646 ὕδατα.
3317 1588 3575 1656 Ἐξείξεσι
3604 1587 3706 1659 τὴν

2134 1684 2367 1755 φυσικὴν
2393 1683 2502 1738 τῶν
2528 1682 2743 1757 νηκτῶν
2771 1682 2907 1754 πρὸς
2933 1681 2995 1735 τὸ
3033 1678 3176 1753 ὕδωρ
3225 1679 3544 1749 συγγένειαν
3577 1694 3592 1708 ’
3624 1678 3706 1732 διὸ

2137 1774 2331 1847 μικρὸν
2360 1776 2409 1828 οἱ
2438 1774 2618 1846 ἰχθύες
2637 1772 2999 1847 χωρισθέντες
3031 1771 3124 1825 τοῦ
3154 1770 3342 1834 ὓδατος
3368 1767 3706 1840 διαφθείρον-

2133 1889 2246 1927 ται.
2279 1868 2415 1924 Ούδὲ
2444 1868 2553 1940 γὰρ
2592 1867 2811 1941 ἔχουσιν
2854 1867 3151 1939 ἀναπνοὴν,
3207 1863 3348 1928 ὥστε
3388 1862 3567 1917 ἕλκειν
3610 1862 3704 1915 τὸν

2134 1962 2273 2035 ἀέρα
2303 1959 2493 2016 τοῦτον
2526 1976 2545 1995 ⁸
2577 1959 2693 2014 ἀλλ’
2735 1961 2876 2032 ὅπερ
2913 1960 3026 2023 τοῖς
3071 1958 3349 2031 χερσαίοις
3388 1956 3536 2011 ἐστὶν
3574 1954 3703 2028 ἀὴρ,

2134 2051 2292 2107 τοῦτο
2312 2050 2392 2122 τῷ
2422 2050 2619 2123 πλωτῷ
2651 2051 2800 2121 γένει
2839 2051 2899 2105 τὸ
2928 2049 3092 2122 ὕδωρ.

2205 2163 2366 2230 lbid.,
2392 2164 2492 2219 lin.
2532 2164 2621 2219 σο.
2664 2165 2729 2218 Ἠ
2749 2163 2863 2233 γὰρ
2890 2163 3008 2218 τῶν
3029 2162 3389 2232 βρατχείων.
3446 2158 3703 2221 Basilius.

2135 2256 2285 2313 hom.
2315 2256 2346 2311 ’1
2378 2276 2391 2311 :
2424 2257 2588 2328 Καὶή
2629 2254 2779 2310 αἰτία
2817 2255 2974 2328 δήλη,
3009 2255 3091 2308 ὅτι
3112 2256 3246 2325 ἡμῖν
3283 2253 3312 2305 ὀ
3337 2250 3592 2323 πνεύμων
3618 2251 3707 2319 ἔγ-

2137 2363 2314 2401 κειται
2340 2345 2533 2418 ἀραιὸν
2559 2348 2654 2400 καὶ
2685 2344 2990 2417 πολύπορον
3037 2343 3366 2415 σπλάγχνον,
3414 2341 3444 2395 ὃ
3483 2341 3572 2396 διὰ
3607 2340 3707 2411 τῆς

2136 2436 2232 2493 τοῦ
2267 2436 2516 2508 θώρακος
2551 2435 2835 2508 υιαστολῆς
2880 2435 2971 2490 τὸν
3025 2435 3165 2507 ἀέρα
3193 2434 3500 2506 δεχόμενον,
3533 2433 3594 2489 τὸ
3622 2431 3708 2486 ἐν·

2136 2529 2227 2583 δον
2246 2528 2404 2601 ἡμῶν
2435 2527 2638 2600 θερμὸν
2671 2526 3026 2600 διαρῤιπίζει,
3072 2528 3166 2581 καὶ
3198 2525 3489 2598 ἀναψύχει.
3533 2525 3709 2579 Ἐκεί-

2138 2640 2250 2687 νοις
2271 2622 2329 2676 δὲ
2355 2624 2388 2694 ἡ
2424 2621 2532 2677 τῶν
2561 2620 2833 2694 βραγχίων
2851 2620 3100 2692 διαστολὴ
3123 2620 3219 2675 καὶ
3247 2619 3534 2686 ἑπίπτυξις
3557 2622 3709 2691 δεχο-

2143 2715 2319 2787 μένων
2338 2715 2401 2769 τδ
2420 2714 2567 2787 ὕδωρ
2598 2716 2693 2768 καὶ
2727 2714 2970 2769 διῖέντων
3004 2714 3094 2768 τὸν
3116 2714 3217 2784 τῆς
3246 2712 3521 2783 ἀναπνοῆς
3548 2710 3708 2781 λόγον

2137 2806 2463 2879 ἀναπληροῖ.
2511 2804 2628 2861 Hoc
2646 2805 2787 2861 idem
2810 2806 2977 2863 sentit
2996 2804 3342 2870 Aristoteles,
3370 2819 3431 2858 ιιι
3456 2802 3536 2857 De
3561 2811 3706 2871 part,

2140 2893 2340 2958 anim.,
2374 2906 2498 2962 cap.
2547 2890 2603 2959 6,
2651 2891 2779 2946 dum
2817 2892 2915 2960 ait,
2961 2891 3194 2962 piscium
3236 2888 3449 2944 nuli-um
3510 2886 3712 2943 habere

2109 2985 2477 3056 pulmonem,
2519 2984 2616 3041 sed
2671 2999 2772 3055 pro
2815 2998 2882 3039 eo
2932 2981 3229 3037 branchias
3261 2978 3543 3046 obtinere;
3568 2991 3712 3047 aqua

2137 3077 2283 3132 enim
2307 3077 2487 3146 pisces
2505 3075 2920 3147 refrigerantur,
2953 3081 3017 3129 ut
3065 3088 3190 3128 aere
3224 3088 3347 3143 quae
3386 3071 3619 3141 spirant.
3646 3068 3712 3123 Et

2137 3166 2237 3221 lib.
2251 3182 2335 3230 ιν,
2372 3180 2490 3235 cap.
2526 3166 2579 3232 l,
2606 3165 2788 3235 pisces
2814 3164 3069 3234 pulmone
3083 3178 3292 3227 carere,
3328 3170 3382 3217 et
3413 3160 3711 3216 branchias

2143 3258 2264 3312 vice
2292 3257 2570 3328 pulmonis
2604 3257 2816 3313 sortiri.
2851 3255 3199 3324 Ambrosius,
3222 3255 3319 3311 lib.
3360 3272 3394 3309 v
3429 3240 3711 3320 lienem,

2141 3363 2265 3419 cap.
2288 3348 2343 3415 4,
2374 3350 2500 3403 item
2548 3348 2645 3415 ait,
2671 3347 2814 3418 quod
2843 3346 3055 3402 caneris
3084 3345 3458 3400 animantibus
3476 3352 3561 3400 est
3593 3359 3708 3408 aer,

2141 3436 2247 3492 hoc
2266 3436 2513 3507 piscibus
2564 3451 2691 3493 esse
2728 3449 2949 3504 aquam,
2994 3441 3153 3488 extra
3189 3447 3352 3503 quam
3395 3432 3575 3487 vivere
3609 3448 3711 3486 nc-

2139 3535 2347 3599 queunt
2366 3527 2511 3583 sicut
2535 3527 2833 3584 intercluso
2857 3525 3083 3596 Spiritus
3116 3532 3422 3581 commeatu
3451 3523 3713 3578 animalia

2141 3620 2314 3675 emori
2338 3633 2564 3674 necesse
2585 3628 2689 3673 est.
2722 3616 3004 3688 Oppianus
3042 3615 3295 3672 Ἁλιευτ.
3334 3631 3374 3670 ιι
3407 3634 3422 3670 :

2201 3712 2313 3769 Καὶ
2340 3712 2452 3783 γὰρ
2478 3712 2575 3766 καὶ
2606 3710 2937 3767 νεπόδεσσι
2965 3711 3291 3779 παλίῤῥοος
3311 3708 3550 3764 ἕλκεται
3572 3707 3708 3777 ἀήρ.

2139 3806 2216 3862 De
2236 3807 2340 3863 hac
2379 3806 2679 3876 quaestione
2706 3801 2938 3867 Plinius,
2971 3803 3068 3857 lib.
3100 3817 3179 3870 ix,
3200 3816 3325 3872 cap.
3352 3802 3404 3867 7,
3441 3808 3495 3858 et
3515 3800 3713 3857 Caelius

2142 3899 2508 3969 Rhodiginus,
2542 3896 2639 3952 lib.
2666 3912 2739 3963 iv,
2763 3908 2887 3965 cap.
2924 3894 3015 3949 15.

2208 4012 2371 4076 lbid.,
2392 4011 2491 4066 lin.
2512 4011 2602 4066 55.
2623 4008 2775 4065 Οὐδὲ
2789 4012 2926 4078 παρ’
2956 4007 3160 4075 αὐτοῖς
3173 4008 3243 4074 ἐξ
3272 4009 3573 4078 ἡμισείας.
3610 4006 3716 4061 Ba-

2142 4105 2321 4171 silius,
2347 4103 2493 4159 bom.
2524 4102 2556 4155 7
2579 4120 2592 4156 :
2614 4101 2780 4157 Οὐδὲν
2812 4100 2965 4174 παρὰ
2986 4103 3099 4165 τοῖς
3127 4099 3335 4172 ἰχθύσιν
3369 4099 3427 4165 ἐξ
3461 4100 3716 4170 ἡμισείας

2142 4194 2412 4250 ὥπλισται
2443 4195 2557 4257 τοῖς
2583 4190 2815 4255 ὀδοῦσιν,
2845 4190 2922 4255 ὡς
2960 4190 3087 4261 βοῦς
3109 4191 3238 4259 παρ’
3268 4191 3400 4260 ἡμῖν
3451 4189 3546 4243 καὶ
3578 4189 3716 4259 πρό-

2143 4287 2325 4341 ϐατον.
2359 4284 2494 4339 Οὐδὲ
2522 4283 2632 4355 γὰρ
2651 4282 2955 4354 μηρυκάζει
2981 4298 3035 4334 τι
3065 4280 3195 4352 παρ’
3226 4280 3428 4343 αὐτοῖς,
3452 4280 3502 4332 εί
3528 4278 3603 4352 μὴ
3622 4278 3717 4332 τὸν

2142 4380 2343 4450 σκάρον
2367 4377 2525 4450 μόνον
2571 4373 2842 4446 ἱστοροῦσί
2887 4390 3050 4437 τινες.
3097 4372 3282 4426 Πάντα
3322 4372 3380 4427 δὲ
3432 4372 3718 4438 ὀξυτάταις

2141 4473 2347 4543 ἀκμαῖς
2374 4469 2600 4524 ὀδόντων
2646 4466 3163 4529 καταπεπύκνωται,
3208 4466 3294 4520 ἵνα
3325 4465 3400 4537 μὴ
3430 4465 3497 4535 τῇ
3528 4460 3720 4534 χρονίᾳ

459 4581 561 4628 est.
606 4570 735 4629 Haec
761 4550 960 4628 Cicero
983 4571 1199 4626 vocavit
1236 4568 1489 4637 ancipites
1525 4567 1741 4630 bestias,
1778 4564 1875 4619 lib.
1915 4579 1933 4617 ι
1966 4561 2036 4616 De

2149 4565 2382 4636 μασήσει
2406 4565 2438 4633 ἡ
2460 4560 2634 4634 τροφὴ
2676 4560 2904 4634 διαρρέῃ
2940 4576 2954 4590 ’
2991 4558 3184 4630 ἔμελλε
3204 4556 3337 4629 γὰρ,
3372 4557 3421 4608 εί
3446 4554 3522 4626 μὴ
3551 4550 3719 4618 ὀξέως

464 4672 575 4716 nat.
617 4664 838 4717 deorum
875 4678 894 4714 :
922 4660 1227 4715 Bestiarum
1246 4667 1424 4713 autem
1456 4666 1678 4712 terrena:
1701 4662 1846 4723 ⁸ειιιιι
1892 4651 2038 4715 alia,

463 4756 660 4820 partim
713 4753 1011 4825 aquatiles,
1056 4752 1181 4807 alia:
1219 4752 1373 4822 quasi
1418 4750 1670 4820 ancipites
1723 4749 1777 4802 in
1820 4755 2044 4816 utraque

467 4845 587 4900 sede
625 4848 870 4902 viventes.

538 4956 699 5023 lbid.,
744 4959 845 5013 lin.
867 4959 956 5014 25.
997 4959 1072 5013 Τὰ
1094 4958 1163 5011 δὲ
1191 4956 1466 5019 ζωοτόκα.
1497 4953 1757 5019 Basilius,
1795 4952 1945 5006 hom.
1971 4951 2038 5006 7:

479 5039 853 5112 Ἔξαγαγέτω
878 5045 952 5098 τὰ
979 5042 1170 5096 ὕδατα
1190 5039 1428 5111 ἑρπετά.
1471 5040 1559 5093 Ἐν
1578 5038 1787 5100 τούτοις
1805 5038 1918 5099 τοῖς
1959 5052 2047 5106 μιο

467 5133 620 5202 κροϊς
651 5132 859 5202 ῥήμασι
899 5132 952 5186 τί
996 5135 1252 5203 παρεῖται
1286 5131 1473 5201 γένος;
1526 5129 1578 5183 τί
1629 5128 1730 5181 οὐκ
1763 5124 2047 5197 ἐμπεριεί-

469 5217 668 5291 ληπται
707 5223 785 5294 τῷ
822 5225 1205 5297 προστάγματι
1254 5224 1356 5294 τῆς
1398 5220 1800 5294 δημιουργίας;
1856 5218 1931 5272 Ού
1978 5216 2047 5271 τὰ

473 5310 858 5381 ζωποκοῦντα,
893 5312 1005 5371 οἷον
1050 5317 1255 5387 φῶκαι,
1288 5317 1383 5370 καὶ
1419 5314 1680 5382 δελφῖνες,
1707 5312 1803 5365 καὶ
1823 5309 2045 5380 νάρκαι,

471 5406 657 5461 καὶτὰ
678 5409 840 5480 ὅμοια
865 5411 1075 5477 τούτοις
1092 5412 1163 5466 τὰ
1190 5410 1393 5482 σελάχη
1413 5409 1718 5478 λεγόμενα;
1746 5406 1807 5458 οὐ
1837 5402 1907 5456 τὰ
1948 5403 2050 5454 ὼο-

471 5500 628 5566 τόκα,
659 5502 803 5575 άπερ
824 5506 939 5559 ἐστὶ
966 5506 1145 5561 πάντα
1174 5503 1361 5577 σχεδὸν
1398 5502 1509 5556 τῶν
1540 5498 1738 5571 ἰχθύων
1775 5496 1844 5551 τὰ
1873 5495 2004 5565 γένη
2033 5508 2047 5554 ς

472 5592 572 5663 οὐχ
612 5593 715 5647 ὅσα
754 5594 1039 5664 φολιδωτὰ,
1094 5599 1194 5667 οὐχ
1246 5592 1329 5660 οἷς
1356 5596 1476 5647 ἐστι
1521 5589 1812 5663 πτερύγια,
1848 5585 1944 5641 καὶ
1968 5580 2051 5648 οἷς

479 5686 552 5755 μή
583 5686 763 5753 iactv;

548 5773 704 5844 lbid.,
745 5778 844 5832 lin.
899 5778 990 5834 25.
1039 5784 1242 5836 Μόνον
1262 5778 1330 5831 δὲ
1362 5773 1760 5844 προσέταξεν.
1794 5769 2048 5831 Basilius,

476 5867 625 5926 hom.
649 5870 681 5922 7
714 5890 727 5926 :
764 5870 1125 5941 Ἐξαγ-αγέτω
1147 5872 1219 5926 τὰ
1249 5871 1439 5925 ὕδατα
1457 5864 1697 5937 ἑρπετά.
1717 5864 1805 5917 Ἐν
1837 5861 2051 5924 τούτοις

2145 4655 2597 4728 κατατεμνομένη
2617 4656 2683 4726 τῇ
2712 4653 2909 4726 γαστρὶ
2928 4651 3341 4722 παρεπέμπετο,
3369 4650 3427 4702 ὲν
3445 4650 3510 4719 τῇ
3528 4647 3723 4700 λεπτο-

2148 4752 2365 4823 ποιήσει
2402 4746 2775 4820 διαφορεῖσθαι
2830 4745 2924 4800 τοῦ
2973 4744 3184 4807 ὓδατος.
3224 4740 3551 4798 Aristoteles
3612 4737 3719 4791 hoc

2147 4841 2312 4907 idem,
2332 4855 2433 4896 nec
2458 4837 2707 4909 ejusdem
2740 4850 2964 4893 causam
2985 4834 3229 4890 eamdem
3248 4846 3373 4887 cum
3394 4830 3498 4884 hoc
3526 4834 3706 4881 nostri

2149 4941 2375 4989 auctore
2429 4929 2628 4995 reddit,
2681 4928 2778 4983 lib.
2827 4944 2886 4982 ιιι
2932 4925 3003 4980 De
3034 4935 3178 4996 part.
3210 4924 3400 4985 anim.,
3459 4935 3508 4975 c.
3548 4919 3573 4971 1
3606 4936 3620 4973 :
3656 4917 3698 4970 0

2147 5025 2191 5078 δ’
2217 5023 2395 5095 ίχθύες
2421 5021 2624 5086 πάντες
2669 5021 2775 5074 εἰσὶ
2822 5019 3268 5091 καρχαρόδοντες,
3303 5013 3440 5085 πλὴν
3475 5012 3570 5064 τοῦ
3604 5008 3717 5072 ἐνὸς

2146 5117 2242 5172 τού
2276 5114 2610 5185 καλουμένου
2647 5113 2874 5184 σκάρου.
2913 5110 3104 5165 Πολλοὶ
3130 5109 3175 5161 δ’
3200 5106 3382 5177 έχουσι
3407 5103 3500 5157 καὶ
3520 5103 3577 5154 έν
3603 5101 3723 5161 ταῖς

2149 5208 2416 5279 γλώτταις
2442 5206 2660 5268 ὀδόντας
2679 5204 2775 5259 καὶ
2808 5206 2867 5257 ὲν
2891 5204 3002 5266 τοῖς
3028 5202 3296 5273 οὐρανοῖς.
3321 5194 3523 5250 Τούτου
3559 5191 3604 5244 δ’
3635 5188 3722 5243 αἴ-

2150 5317 2264 5354 τιον
2292 5301 2374 5354 ὅτι
2400 5299 2695 5367 ἀναγκαῖὸν
2722 5297 2781 5349 ὲν
2816 5296 3003 5368 ὑγροῖς
3030 5288 3149 5347 οὖσι
3191 5284 3638 5360 παρεισδέχεσθαι
3661 5280 3723 5335 τὰ

2154 5392 2318 5463 ὑγρὸν
2345 5391 2462 5462 ἅμα
2491 5393 2559 5462 τῇ
2599 5392 2797 5461 τροφῇ,
2843 5387 2936 5440 καὶ
2962 5384 3121 5439 τοῦτο
3151 5381 3362 5453 ταχέως
3394 5376 3724 5447 ἐκπέμπειν.

2154 5486 2227 5539 Οὐ
2279 5483 2389 5555 γὰρ
2430 5482 2702 5553 ἐνδέχεται
2760 5478 3068 5539 λεαίνοντας
3122 5472 3415 5543 διατρίϐειν
3454 5486 3467 5499 ·
3521 5463 3726 5537 εἰσρέει

2153 5576 2263 5647 γὰρ
2294 5573 2356 5628 τὸ
2385 5573 2549 5645 ὑγρὸν
2595 5575 2653 5626 ὲν
2700 5575 2767 5643 τῇ
2816 5568 2994 5640 κοιλίᾳ
3026 5586 3038 5597 ·
3061 5566 3148 5620 διὰ
3174 5563 3331 5618 τοῦτο
3360 5560 3560 5622 πάντες
3585 5556 3724 5609 εἰσὶν

2155 5669 2295 5734 ὀξεῖς
2319 5668 2454 5740 πρὸς
2471 5668 2568 5739 τὴν
2600 5665 2861 5737 διαίρεσιν
2884 5680 2898 5693 ·
2932 5661 3090 5715 πάλιν
3124 5659 3221 5714 καὶ
3251 5655 3455 5718 πολλοὶ,
3477 5653 3570 5708 καὶ
3597 5650 3728 5705 πο).-

2155 5765 2318 5837 λαχῆ,
2343 5767 2427 5818 ἵνα
2457 5763 2577 5816 ἀντὶ
2601 5760 2698 5815 τοῦ
2726 5758 2956 5814 λεαίνειν
2972 5758 3050 5821 εἰς
3068 5754 3237 5809 πολλὰ
3261 5749 3631 5824 κερματίζωσι
3649 5746 3727 5814 τῷ

2160 5853 2371 5925 πλήθει.
2409 5852 2446 5905 Γ
2449 5851 2619 5924 αμψοὶ
2654 5850 2711 5903 δὲ
2739 5851 2827 5905 διὰ
2859 5849 2919 5904 τὸ
2948 5850 3045 5903 τὴν
3081 5847 3136 5902 ἁ)
3149 5845 3251 5913 κὴν
3284 5843 3468 5909 σχεδὸν
3508 5838 3721 5893 ἃπασαν
