4124 6414
378 392 385 397 ’
405 387 509 444 879

1748 370 1995 428 LEONIS
2032 366 2309 425 ALLATII

3584 356 3691 413 880

410 507 592 570 αὐτοῖς
620 502 708 558 διὰ
729 501 934 556 τούτων
966 494 1127 553 εἶναι.
1176 496 1413 562 Plinius,
1459 493 1554 549 lib.
1604 507 1684 556 ιι,
1716 506 1840 562 cap.
1888 490 1979 554 57,

2110 494 2266 541 ιυιοιιι
2315 483 2387 539 sit
2427 482 2533 538 hoc
2577 477 2917 553 μηρυκάζειν
2965 474 3167 547 optime
3208 472 3444 544 explicat
3483 469 3688 542 Oppia-

408 614 509 657 sua
534 597 604 653 ab
623 594 918 651 Aristotele
948 598 1255 654 mutuatus,
1281 589 1337 643 in
1363 601 1530 643 causa
1554 592 1739 641 tamen
1764 581 1984 638 traden-

408 693 474 747 da
493 692 561 747 ab
583 706 649 747 eo
672 690 971 759 discrepat,
988 683 1244 741 convenit
1264 696 1389 737 cum
1409 678 1725 735 Eustathio.
1753 675 1992 731 Piscium

407 784 649 840 omnibus
674 781 893 846 serrati,
915 787 1109 849 praeter
1131 789 1384 832 scarum:
1408 772 1529 827 huic
1549 772 1643 825 uni
1671 767 1992 839 aquatilium

405 877 573 948 plani.
601 875 865 932 Catlerum
884 872 1068 926 multis
1089 887 1271 925 eorum
1301 870 1358 923 in
1380 867 1583 937 lingua,
1601 872 1651 919 et
1686 870 1795 918 toto
1818 877 1908 915 ore
1934 869 1993 914 ut

410 968 567 1024 turba
613 967 891 1023 uulnerum
926 963 1197 1029 molliant,
1230 978 1348 1032 qua:
1397 958 1590 1013 attritu
1623 955 1995 1026 subigere‘non

407 1071 623 1135 queant.
652 1058 843 1114 Multis
867 1066 917 1113 et
958 1058 1014 1110 in
1054 1055 1261 1125 palato,
1304 1063 1459 1122 atque
1491 1050 1654 1104 etiam
1703 1048 1760 1101 in
1797 1045 1989 1100 cauda.

409 1156 682 1212 Prteterea
700 1154 757 1207 in
791 1168 848 1206 os
870 1158 1153 1222 vergentes,
1173 1163 1235 1201 ne
1261 1144 1512 1200 excidant
1536 1141 1627 1196 ubi
1656 1139 1866 1195 nullum
1897 1138 1994 1191 ha-

411 1243 650 1299 bentibus
685 1239 950 1296 retinendi
980 1235 1390 1293 adminiculum.

481 1424 644 1489 Ibid.,
669 1422 766 1478 lin.
794 1421 883 1476 '57.
917 1413 1260 1487 Μηρυκάζει
1288 1412 1357 1467 δὲ
1389 1409 1572 1466 οὐδὲν
1608 1408 1785 1466 ἄλλο.
1838 1406 1993 1463 Basi-

410 1517 540 1582 lius,
572 1516 720 1571 hom.
756 1513 808 1576 7,
833 1511 1063 1566 Aristot.
1098 1523 1136 1562 ιι
1164 1506 1239 1561 De
1271 1505 1396 1558 hist.
1425 1502 1617 1561 anim.,
1661 1514 1785 1570 cap.
1824 1498 1914 1562 17,
1941 1506 1996 1552 et

409 1613 509 1668 lib.
533 1626 653 1677 vm,
684 1623 807 1679 cap.
843 1607 900 1661 2.
926 1605 1095 1667 Idem,
1125 1618 1188 1658 ιιι
1219 1601 1298 1655 De
1319 1608 1459 1668 part.
1492 1596 1742 1659 animal.,
1775 1607 1898 1664 cap.
1925 1592 1993 1647 M

410 1714 467 1762 et
488 1703 640 1760 alibi.
666 1701 903 1764 Plinius,
934 1699 1028 1753 lib.
1064 1712 1139 1760 ix,
1167 1709 1288 1766 cap.
1318 1694 1381 1747 i7
1420 1712 1433 1747 :
1466 1689 1626 1747 Solus
1657 1688 1884 1758 piscium
1911 1686 1997 1742 di-

410 1799 550 1853 citur
586 1794 879 1858 ruminare,
913 1790 1187 1859 herbisque
1227 1787 1384 1852 uesci,
1419 1802 1526 1839 non
1574 1782 1699 1837 aliis
1737 1779 1990 1850 piscibus,

410 1891 549 1946 mari
568 1885 861 1957 Carpathio
884 1883 1115 1938 maxime
1143 1880 1410 1951 frequens.
1442 1876 1561 1934 Etsi
1590 1875 1771 1932 Horus
1796 1872 1992 1945 Apollo
2024 1866 2066 1922 Β

410 1982 572 2038 aliter
598 1979 825 2042 sentiat,
873 1975 950 2031 ait
988 1975 1138 2031 enim
1193 1973 1341 2033 hunc
1392 1985 1584 2027 omnes
1630 1975 1993 2024 occursantes

410 2074 710 2149 pisciculos
762 2070 1043 2125 devorare.
1093 2060 1262 2130 οὗτος
1312 2063 1422 2137 γὰρ
1457 2064 1618 2136 μόνος
1645 2061 1757 2115 τῶν
1793 2059 1994 2132 ἰχθύων

412 2168 729 2243 μηρυκᾶται
785 2164 883 2218 καὶ
935 2162 1114 2216 πάντα
1174 2160 1245 2214 τὰ
1305 2157 1718 2229 προσπίπτοντα
1772 2153 1984 2226 ἰχθύδια

412 2263 603 2319 ἐσθίει.
625 2260 766 2317 Vide
796 2257 1079 2314 Elianum
1096 2253 1172 2309 De
1191 2253 1379 2309 histor.
1418 2253 1611 2316 anim,
1644 2250 1740 2305 lib.
1779 2264 1820 2315 ι,
1850 2263 1902 2304 c.
1935 2245 1992 2312 2,

411 2357 511 2414 lib.
564 2370 630 2418 ιι,
683 2367 805 2423 cap.
842 2349 936 2412 54,
979 2348 1081 2402 lib.
1128 2361 1229 2409 xu,
1289 2359 1412 2416 cap.
1464 2344 1572 2412 42;
1640 2341 1996 2397 Ambrosium

419 2449 675 2506 Hexaem.
716 2445 815 2500 lib.
863 2458 921 2505 v,
955 2454 1075 2510 cap.
1101 2439 1170 2504 5;
1215 2438 1534 2493 Athenaeum
1583 2434 1679 2491 lib.
1729 2449 1843 2500 vn;
1884 2430 1998 2486 Ma-

413 2540 688 2602 crobium,
744 2550 806 2590 ιιι
841 2532 1088 2597 Saturn.,
1137 2544 1260 2600 cap.
1303 2528 1406 2595 16;
1462 2526 1709 2583 Isidorus
1751 2525 1851 2580 lib.
1892 2538 1994 2588 xu,

414 2652 537 2707 cap.
556 2633 611 2699 6,
626 2645 880 2689 escarum
898 2636 1057 2684 vocat
1073 2623 1354 2687 :Escarus,
1375 2619 1575 2692 inquit,
1592 2618 1765 2672 dictus
1780 2633 1841 2672 eo
1858 2614 1998 2687 quod

414 2729 561 2786 solus
591 2742 767 2782 escam
810 2723 1082 2777 ruminare
1117 2717 1438 2788 perhibetur.
1474 2712 1711 2783 Denique
1764 2710 1863 2763 alii
1906 2708 1996 2777 pi-

413 2840 526 2880 sces
558 2837 663 2875 non
682 2819 975 2873 ruminant.
1008 2812 1156 2868 Idem
1210 2819 1392 2864 tamen
1429 2805 1679 2862 scribunt
1726 2802 1898 2857 Arist.
1942 2815 2001 2855 Ix

415 2913 565 2969 Hist.
593 2911 784 2970 anim,
820 2923 944 2978 cap.
977 2905 1104 2966 ult.,
1134 2903 1203 2958 de
1228 2902 1467 2972 quodam
1496 2898 1669 2969 pisce,
1696 2896 1790 2966 qui
1822 2892 1999 2967 μήρυξ

414 3011 668 3067 vocatur,
697 3000 791 3072 qui
819 3013 888 3054 an
912 3012 1057 3053 unus
1098 3009 1225 3050 cum
1253 3006 1417 3048 scaro
1451 3004 1563 3045 non
1601 2994 1687 3044 est
1713 2985 2000 3058 praesentis

417 3097 641 3169 negotii.
694 3092 832 3149 Illud
872 3106 1007 3148 sane
1050 3087 1348 3143 ridiculum
1401 3090 1507 3147 est,
1537 3096 1568 3135 a
1600 3076 1998 3142 Rittershusio,

2092 593 2222 643 nus,
2271 577 2591 631 Ἁλιευτικ.
2624 593 2638 630 I
2679 592 2692 628 :

2092 694 2202 750 Καὶ
2252 689 2508 764 σκάρον,
2556 693 2624 761 ὃς
2681 691 2757 760 δὴ
2796 686 3027 759 μοῦνος
3070 685 3141 738 ἐν
3185 682 3433 764 ίσχθύᾳξ
3495 677 3687 764 strigae

2094 844 2412 916 Φθέτγεται
2461 833 2755 908 ἰκμαλέην
2805 826 3108 897 λαλαγνὴν,
3145 823 3243 879 καὶ
3290 748 3691 960 μοξῗῖἷῖξὶέὲ

2098 988 2404 1057 "Memor
2458 978 2741 1057 πρρῖησιν
2786 969 2905 1057 άγά
2948 969 3146 1057 στρΜ
3164 955 3691 1057 ,ιῖεέῖςιὶεοερὖις

2094 1030 2786 1127 iniriﬁs'rogﬁoiabmr
2805 1030 3130 1099 ἀνωτύῶν
3164 1038 3271 1091 ῑσα
3293 1030 3543 1105 φόρϐήν.

2096 1150 2163 1205 Et
2197 1122 2451 1205 Elianus
2490 1140 2660 1199 Suida
2692 1139 2919 1200 citante,
2949 1132 3126 1195 Μόνος
3161 1130 3191 1181 ὁ
3227 1126 3521 1188 θαλάσσιος
3555 1122 3691 1178 σκά-

2099 1258 2191 1314 ρος
2223 1240 2322 1312 τὴν
2347 1234 2555 1311 τροφὴν
2587 1229 2849 1287 ἀναπολεῖ
2904 1227 3094 1296 ὥσπερ
3144 1221 3241 1275 καὶ
3278 1218 3348 1272 τὰ
3398 1216 3686 1288 βλήχοντα,

2095 1310 2132 1391 θ
2162 1334 2229 1405 δὴ
2251 1310 2589 1405 μξηρυκᾶται.
2608 1325 2786 1392 Hujus
2807 1320 3053 1378 nominis
3080 1313 3427 1389 ignoratione
3451 1310 3691 1365 maxime

2097 1404 2468 1490 hallucinatus
2486 1429 2572 1479 est
2599 1417 2864 1476 Billiusin
2876 1413 3129 1471 versione
3152 1410 3371 1465 illorum
3399 1404 3690 1461 verborum

2097 1519 2290 1578 lsidori
2321 1517 2615 1574 Pelusiotae
2660 1513 2786 1568 libr.
2820 1525 2886 1576 ιι,
2917 1507 3080 1578 epist.
3115 1503 3220 1558 119
3241 1499 3395 1556 εΤῶν
3428 1495 3583 1563 ζώων
3620 1493 3693 1548 τὰ

2100 1614 2198 1685 μὲν
2229 1607 2660 1683 διαμασσώμενα
2697 1603 2798 1676 τὴν
2832 1598 3042 1672 τροφὴν
3072 1595 3362 1662 ζωοτοκεῖ,
3395 1590 3467 1644 τὰ
3498 1589 3558 1643 δὲ
3590 1605 3692 1642 κα-

2095 1683 2391 1761 ταπίνοντα
2420 1696 2668 1756 ὠοτοκεί.
2705 1694 2800 1752 Sic
2839 1694 2987 1750 enim
3033 1689 3240 1746 vertit:
3270 1686 3356 1741 Ea:
3392 1683 3689 1740 animanti-

2098 1799 2194 1854 bus
2219 1814 2293 1853 ea:
2312 1802 2433 1869 'qute
2465 1793 2641 1849 cibum
2669 1789 2966 1851 ruminant,
2998 1782 3260 1838 animalia
3287 1779 3544 1849 pariunt;
3570 1792 3690 1847 qua:

2096 1901 2274 1947 autem
2307 1889 2512 1954 bibunt,
2537 1902 2635 1942 ova
2658 1875 3253 1954 procrennt.Multiplex
3284 1869 3643 1928 hallucinatio
3671 1887 3687 1924 :

2096 1986 2285 2056 plures
2337 1983 2646 2038 animantes
2703 1983 2834 2033 sunt
2871 1972 3136 2041 viviparte
3158 1982 3325 2039 quam
3361 1979 3484 2037 quae
3515 1960 3693 2018 rumi-

2097 2055 2251 2134 nant.
2284 2077 2343 2132 Si
2405 2088 2598 2130 omnes
2650 2083 2773 2142 quae
2832 2067 3032 2124 bibunt
3093 2062 3405 2117 animantes
3452 2055 3693 2125 oviparat

2098 2181 2251 2237 sunt,
2298 2178 2354 2226 et
2382 2181 2566 2225 vacca:
2612 2165 2802 2235 igitur,
2832 2168 2888 2218 et
2935 2156 3087 2229 equi,
3118 2163 3173 2210 et
3198 2167 3352 2219 oves,
3377 2156 3512 2214 etc.;
3544 2146 3691 2202 aliud

2098 2276 2184 2325 est
2207 2259 2614 2334 διαμασσᾶσθαι
2645 2256 2746 2328 τὴν
2787 2253 3021 2326 τροφήν,
3051 2247 3199 2303 aliud
3233 2244 3508 2318 μηρυκᾷν,
3538 2237 3693 2334 aliud

2097 2332 2413 2417 masticare,
2447 2350 2597 2407 aliud
2636 2348 2941 2410 ruminare,
2972 2341 3122 2398 aliud
3169 2338 3370 2401 πίνειν,
3406 2332 3558 2391 aliud
3593 2349 3694 2386 κα-

2098 2447 2346 2505 ταπίνειν
2377 2484 2393 2507 ,
2442 2441 2580 2497 illud
2646 2439 2837 2496 bibere
2885 2431 3199 2507 signiﬁcat,
3245 2429 3352 2484 hoc
3399 2423 3689 2497 deglutire.

2100 2541 2282 2609 Quare
2314 2538 2521 2609 optime
2553 2529 2945 2589 animadvertit
2994 2528 3052 2582 in
3101 2522 3357 2580 eumdem
3392 2519 3600 2580 locum,
3638 2523 3695 2571 et

2099 2605 2265 2685 vertit
2314 2605 2729 2682 Rittershusius
2763 2616 3179 2675 :Animantium
3237 2628 3301 2667 ea
3355 2625 3474 2682 qua:
3521 2605 3695 2661 cibum

2101 2722 2410 2786 masticant,
2435 2728 2592 2789 atque
2621 2714 2986 2770 comminuunt
3013 2709 3262 2779 viuiparte
3277 2712 3424 2771 sunt,
3439 2716 3557 2773 quae
3575 2715 3694 2755 vero

2100 2815 2395 2887 deglutiunt
2444 2813 2732 2881 integrum,
2757 2806 3018 2875 ouiparaz.
3046 2801 3125 2857 De
3175 2796 3547 2855 ruminatione
3576 2792 3697 2849 ani-

2102 2907 2326 2962 malium
2388 2904 2563 2958 multa
2618 2899 2901 2957 adnotavit
2956 2895 3277 2965 Hieronym.
3312 2888 3694 2953 Mercurialis,

2102 2997 2228 3052 libr.
2278 3012 2310 3050 v
2350 2994 2565 3049 Variar.
2618 2991 2922 3053 lectionum,
2973 3002 3095 3057 cap.
3145 2984 3235 3048 I3,
3278 2990 3334 3039 et
3380 2981 3561 3038 tribus
3611 2993 3699 3036 se-

2103 3092 2300 3158 quem.

418 3205 628 3247 murem
644 3187 925 3260 ponticum
938 3185 1081 3239 inter
1099 3182 1282 3252 pisces
1300 3175 1653 3233 adnumerari
1664 3174 1812 3231 notis
1831 3173 1886 3228 in
1898 3172 2002 3243 Op-

2175 3176 2311 3232 Ibid.
2354 3177 2452 3230 lin.
2511 3173 2600 3228 58.
2661 3174 2840 3226 Ἐστι
2876 3169 2946 3224 δὲ
2977 3167 3079 3223 καί
3111 3169 3151 3235 ἠ
3184 3163 3400 3235 τροφή.
3434 3161 3696 3227 Basilius,

418 3283 567 3356 pian.
596 3253 843 3336 'Ailtsvr.
861 3277 899 3331 1.
919 3292 956 3340 ι,
983 3289 1129 3329 vers.
1149 3272 1251 3326 I54
1273 3315 1287 3339 ,
1312 3268 1624 3325 Aristotelis
1651 3266 1836 3323 verbis
1860 3266 2004 3321 male

2112 3270 2261 3325 hom.
2303 3269 2334 3322 'l
2362 3286 2375 3322 :
2402 3266 2591 3339 Τροφὴ
2636 3263 2695 3318 δὲ
2742 3261 2941 3332 ἰχθύων
2969 3258 3149 3322 ἄλλοις
3178 3257 3314 3328 ἄλλη
3361 3254 3505 3310 κατὰ
3545 3253 3704 3322 γένος

420 3374 712 3435 intellectis
738 3373 986 3441 decepto.
1009 3368 1164 3423 Dicto
1185 3366 1332 3422 enim
1374 3363 1497 3418 loco
1534 3361 1610 3415 ait
1651 3358 2006 3416 Aristoteles:

409 3480 708 3544 postquam
755 3462 1212 3522 determinaverat
1245 3455 1536 3519 animalia,
1566 3468 1688 3525 quin
1727 3450 2012 3522 superiore

418 3561 613 3617 ordine
682 3557 931 3614 dentium
985 3558 1208 3618 carent,
1246 3548 1527 3603 ruminare
1549 3553 1611 3600 ut
1646 3544 1835 3605 boves,
1857 3557 2010 3607 oves,

408 3665 601 3724 caprae
660 3655 715 3705 et
774 3647 902 3713 alia,
930 3643 1161 3700 dubium
1213 3640 1395 3695 adhuc
1447 3637 1788 3701 remanebat,
1836 3650 1907 3689 an
1945 3648 2012 3690 ex

410 3743 662 3801 dentatis
704 3740 964 3809 utrinque
985 3737 1059 3793 sit
1091 3733 1295 3790 animal
1341 3731 1564 3803 aliquod
1604 3730 1916 3793 ruminans,
1961 3735 2017 3784 et

423 3829 809 3905 respondendo
835 3830 912 3883 ait
935 3841 1058 3885 esse
1077 3824 1365 3888 nonnulla,
1390 3831 1453 3878 ut
1473 3837 1662 3877 mures
1694 3820 1939 3895 Pontici,
1961 3827 2017 3875 et

424 3928 627 4000 pisces,
668 3932 722 3980 et
772 3923 867 3994 qui
899 3922 971 3977 ob
1014 3935 1136 3977 eam
1189 3933 1305 3974 rem
1351 3914 1645 3971 ruminalis
1699 3928 1731 3967 a
1785 3913 2015 3984 quibus-

425 4022 552 4076 dam
587 4015 910 4088 appellatur.
944 4012 1023 4069 Ita
1054 4011 1200 4067 enim
1232 4011 1388 4065 locus
1427 4006 1519 4061 ille
1553 4004 1850 4061 vertendus
1875 4011 2016 4070 erat,

425 4110 821 4184 Μηρυκάζουσι
840 4108 897 4162 δὲ
919 4107 1014 4162 καὶ
1038 4104 1146 4159 τῶν
1177 4102 1528 4175 ἀμφοδὸντων
1558 4099 1697 4164 ἔνια,
1715 4100 1769 4153 οἴ
1798 4115 1858 4151 τε
1886 4097 2019 4169 μύες

426 4208 475 4260 οἱ
501 4204 774 4268 Ποντικοί,
798 4203 893 4257 καὶ
923 4201 975 4254 οἱ
1013 4198 1217 4271 ἰχθύες,
1246 4196 1343 4251 καί
1365 4194 1425 4249 δν
1458 4192 1716 4248 καλοῦσιν
1750 4191 1882 4245 ἔνιοι
1911 4190 2020 4246 ἀπὸ

426 4294 521 4350 τοῦ
551 4295 711 4367 ἔργου
736 4289 1145 4366 Μήρυκα.ρυω
1169 4287 1358 4350 verba,
1385 4282 1642 4356 quamvis
1667 4282 1745 4337 ita
1768 4281 2021 4352 legantur

429 4390 500 4445 ab
534 4389 813 4451 omnibus,
859 4391 1122 4453 corrupta
1152 4395 1277 4437 esse
1308 4377 1537 4433 minime
1575 4373 1899 4436 dubitarim,
1933 4371 2019 4427 vel

429 4490 580 4539 certe
608 4477 921 4534 Aristotelis
962 4474 1201 4530 maxima
1227 4467 1730 4540 deprehenderetur
1774 4465 2017 4519 inscitia.

2113 3362 2469 3436 διωρισμένη.
2510 3360 2576 3415 Οἰ
2638 3360 2737 3430 μὲν
2781 3355 2892 3428 γὰρ
2922 3353 3030 3408 ἰλύῖ
3054 3352 3370 3425 τρέφονται,
3403 3349 3456 3402 οἱ
3492 3346 3553 3401 δὲ
3590 3347 3703 3409 τοῖς

2115 3456 2352 3528 φυκίοις,
2389 3452 2537 3509 ἄλλοι
2569 3451 2627 3506 δὲ
2667 3453 2790 3514 ταῖς
2820 3447 3075 3520 βοτάναις
3115 3448 3237 3509 ταῖς
3278 3440 3704 3515 ἐντρεφομέναις

2114 3550 2192 3621 τῷ
2218 3548 2370 3603 ὕδατι
2402 3544 2719 3620 ἀρκοῦνται.
2761 3540 3155 3615 Ἀλληλοφάγοι
3192 3539 3249 3592 δὲ
3279 3537 3393 3591 τῶν
3428 3534 3628 3606 ἰχθύων
3656 3533 3707 3587 οἰ

2116 3642 2385 3696 πλεῖστοι·
2411 3638 2505 3694 καὶ
2527 3639 2557 3692 ὁ
2588 3637 2911 3710 μικρότερος
2934 3634 3067 3706 παρ’
3088 3631 3321 3694 ἐκείνοις
3363 3627 3566 3701 βρῶμά
3588 3628 3708 3680 ἐστι

2115 3737 2211 3792 τοῦ
2239 3735 2499 3808 μείζονος.
2522 3732 2643 3787 Κάν
2667 3747 2799 3784 ποτε
2825 3727 3006 3800 συμϐῇ
3029 3726 3124 3793 τὸν
3147 3723 3241 3778 τοῦ
3267 3723 3549 3784 ἐλάττονος
3572 3734 3709 3791 κρα-

2116 3830 2361 3901 τήσαντα
2419 3826 2609 3897 ἐτέρου
2657 3820 2914 3893 γενέσθαι
2973 3820 3220 3891 θήραμα,
3268 3814 3375 3868 ὑπὸ
3423 3812 3525 3884 τὴν
3580 3810 3709 3882 μίαν

2118 3921 2342 3991 ἄγονται
2396 3917 2640 3989 γαστέρα
2663 3914 2759 3970 τοῦ
2796 3912 3130 3968 τελευταίου.
3161 3909 3237 3966 De
3264 3906 3502 3979 piscium
3541 3917 3710 3976 gene-

2120 4013 2295 4075 ribus,
2348 4008 2694 4072 diﬂ‘erentiis,
2744 4002 3201 4077 proprietatibus,
3229 3994 3294 4056 ac
3341 3999 3506 4065 cibis,
3554 3998 3711 4069 plura

2121 4099 2467 4163 Aristoteles,
2513 4097 2749 4161 Plinius,
2785 4095 3058 4160 IEliaaus,
3081 4093 3373 4151 Conradus
3403 4090 3707 4156 Gesnerus,

2122 4194 2364 4250 Achilles
2392 4191 2809 4254 Aldrovandus,
2840 4195 2895 4246 et
2925 4188 3040 4243 alii.

2194 4286 2491 4365 Ibid.,'lin.
2523 4285 2614 4341 42.
2662 4286 2718 4338 Ὁ
2753 4283 2942 4354 πρίων
2972 4280 3289 4352 πτέρυγας.
3338 4277 3467 4335 Haec
3520 4276 3714 4334 eadem

2124 4381 2200 4436 ita
2227 4389 2418 4436 narrat
2449 4379 2648 4435 Petrus
2679 4377 3002 4441 Damianus.
3036 4375 3134 4432 lib.
3166 4392 3229 4439 ιι,
3261 4374 3423 4445 epist.
3454 4372 3560 4428 18:
3588 4369 3717 4427 Ser-

2125 4489 2210 4538 ra,
2241 4473 2454 4526 marina
2484 4470 2686 4525 scilicet
2712 4468 2911 4535 bellua,
2942 4484 3061 4540 quia
3103 4484 3223 4522 cum
3255 4466 3495 4535 prolixus
3522 4462 3714 4516 habeat

431 4572 717 4644 Quomodo
765 4571 911 4628 enim
957 4567 1142 4638 pisces
1194 4564 1498 4625 ruminant,
1550 4575 1676 4615 cum
1729 4558 1872 4613 inter
1923 4571 2009 4613 eos

2124 4581 2345 4634 pennas,
2396 4579 2520 4617 mare
2549 4572 2609 4615 ut
2641 4561 2830 4617 viderit
2872 4577 3056 4616 navem
3098 4559 3472 4629 veliﬁcantem,
3503 4556 3717 4611 alarum

433 4669 586 4725 solus
633 4679 828 4722 scarus
877 4660 932 4715 id
970 4658 1158 4714 faciat.
1190 4655 1260 4710 Et
1291 4656 1337 4711 si
1366 4657 1471 4711 iste
1505 4652 1686 4725 μήρυξ
1712 4651 1882 4723 piscis
1912 4656 2019 4714 est,

432 4776 558 4818 cum
593 4759 736 4814 inter
767 4757 948 4826 pisces
997 4750 1315 4807 includatur
1366 4748 1568 4801 frustra
1628 4745 1685 4798 ﬁt
1714 4742 1837 4813 ejus
1869 4756 2024 4797 men-

433 4855 544 4921 tio;
579 4853 629 4909 si
687 4865 800 4905 non
852 4845 1046 4919 piscis,
1093 4856 1266 4914 quare
1327 4840 1578 4894 muribus
1622 4836 1869 4892 Ponticis
1912 4848 2024 4889 non

435 4943 742 5015 conjunxit.
785 4939 896 4996 Sed
950 4940 1199 4995 sinamus
1255 4935 1390 4989 haec.
1418 4932 1581 4988 Certe
1616 4947 1683 4987 ex
1714 4930 1801 4986 his
1839 4929 2024 4985 verbis

434 5051 715 5109 nunquam
748 5047 961 5089 murem
1000 5029 1289 5086 Ponticum
1322 5044 1444 5083 esse
1475 5027 1683 5097 piscem
1715 5024 2026 5095 deprehen-

436 5129 651 5194 demus,
673 5140 800 5181 cum
828 5138 955 5178 eum
984 5120 1311 5177 Aristoteles
1344 5133 1375 5172 a
1407 5117 1653 5188 piscibus
1684 5123 2022 5185 separatum,

437 5229 490 5278 et
520 5229 780 5290 tanquam
806 5216 938 5288 quid
977 5213 1254 5269 diversum
1282 5212 1352 5265 ab
1384 5211 1495 5264 illis
1525 5210 1580 5264 in
1607 5206 1850 5264 Historia
1883 5206 2028 5261 rele-

412 5320 540 5377 ﬁat.
581 5311 853 5366 Praeterea
899 5305 1223 5362 Aristoteles
1277 5303 1403 5357 libr.
1434 5316 1531 5355 vut
1562 5300 1642 5354 De
1674 5300 1864 5353 histor.
1909 5297 2028 5352 ani-

408 5428 420 5475 ·;
455 5405 595 5473 nal.,
626 5404 788 5475 capit.
827 5402 916 5467 I7,
953 5400 1145 5457 scribit
1200 5411 1409 5452 murem
1463 5393 1755 5450 Ponticum
1816 5390 2024 5454 album,

414 5484 419 5509 ²
450 5496 603 5552 sicuti
624 5503 677 5551 et
698 5494 865 5566 glires
895 5493 951 5548 in
977 5489 1271 5547 arboribus
1302 5486 1558 5544 conditos
1581 5486 1801 5540 latitare
1821 5483 2022 5539 hieme.

442 5587 740 5643 Confirmat
781 5585 993 5640 Plinius
1031 5584 1158 5638 libr.
1196 5596 1316 5645 vtn,
1358 5580 1528 5652 capit.
1560 5578 1667 5646 '57;
1693 5584 1748 5633 et
1772 5575 2027 5631 Elianus

440 5678 519 5735 De
562 5680 750 5735 histor.
798 5675 1019 5732 animal.
1052 5676 1179 5731 libr.
1231 5690 1309 5738 vn,
1366 5673 1533 5743 capit.
1572 5671 1665 5735 41,
1701 5671 1757 5726 in
1783 5678 2026 5725 montem

440 5785 595 5827 more
632 5768 905 5826 exercitus
938 5766 1056 5820 acie
1080 5766 1352 5820 instructa
1381 5763 1647 5820 decedere
1689 5770 1880 5817 narrat
1907 5775 2030 5831 quae

442 5864 627 5919 nullus
664 5861 732 5917 de
775 5860 1044 5931 piscibus,
1072 5858 1181 5912 uisi
1224 5858 1505 5917 somnians
1536 5855 1847 5913 allirmaret.
1882 5854 2027 5922 Quid

2124 4665 2175 4711 et
2205 4658 2322 4725 ipsa
2370 4657 2660 4726 prazcincta
2699 4655 2932 4726 remigiis
2971 4652 3239 4708 contendit
3283 4650 3548 4720 veliﬁcarc
3598 4652 3715 4716 ροσε

2126 4766 2331 4804 navem.
2366 4748 2469 4805 Sed
2501 4751 2587 4804 vix
2617 4764 2708 4817 per
2740 4748 3101 4819 quadraginta
3124 4745 3304 4801 stadia
3338 4746 3391 4798 in
3425 4744 3582 4812 hujus
3603 4752 3715 4792 cer—

2130 4842 2342 4897 taminis
2375 4841 2554 4896 labore
2587 4842 2876 4909 persistens
2911 4841 3110 4911 deﬁcit,
3153 4849 3202 4895 et
3238 4841 3315 4894 sic
3352 4837 3561 4904 defessa
3597 4829 3716 4885 alas

2127 4934 2265 4988 inter
2315 4934 2634 4988 discrimina
2688 4934 2899 4987 marina
2948 4931 3181 5000 deponit,
3211 4931 3378 4999 ﬂuctu
3421 4928 3600 4995 itaque
3628 4940 3717 4977 vo-

2127 5027 2271 5081 lante
2330 5026 2690 5096 compellitur,
2720 5035 2773 5080 et
2819 5025 2886 5079 ad
2921 5025 3093 5079 locum
3123 5022 3261 5076 unde
3298 5019 3591 5088 remigrare
3614 5030 3718 5070 etz—

2127 5129 2299 5190 perat,
2352 5120 2547 5173 iterum
2609 5117 2890 5173 relabitur.
2949 5116 3129 5173 Sarrae
3160 5114 3331 5185 piscis
3379 5109 3631 5165 meminit
3663 5115 3720 5163 et

2128 5211 2340 5266 Plinius
2402 5211 2528 5266 libr.
2585 5225 2736 5265 usu
2772 5208 2972 5263 Natur.
3005 5207 3220 5269 histor.,
3274 5203 3443 5274 capit.
3487 5201 3575 5257 11.
3611 5198 3719 5255 Sed

2127 5303 2356 5359 dubium
2385 5315 2493 5366 est,
2526 5317 2595 5355 an
2622 5302 2689 5357 de
2717 5301 2822 5355 hoc
2850 5300 3141 5370 intelligat,
3174 5312 3300 5353 cum
3332 5311 3435 5352 nec
3466 5295 3523 5350 in
3547 5292 3720 5364 expli-

2128 5395 2308 5452 canda
2340 5411 2507 5452 serrae
2537 5394 2710 5465 piscis
2741 5402 2942 5449 natura
2968 5392 3303 5449 conveniant
3337 5396 3616 5445 auctores.
3724 5404 3727 5411 η

2198 5487 2364 5552 ιδιά..
2399 5488 2500 5543 lin.
2531 5488 2618 5543 50.
2659 5487 2729 5543 Τὸ
2760 5486 2831 5540 δὲ
2878 5486 3062 5555 κῆτος
3089 5484 3120 5539 ὃ
3155 5483 3423 5538 καλεῖται
3448 5481 3585 5551 μέν.
3610 5478 3717 5534 Ba-

2131 5580 2311 5642 silius,
2337 5578 2486 5632 hom.
2517 5578 2547 5631 7
2581 5596 2595 5631 :
2642 5576 2779 5630 Ἀλλ’
2806 5575 2996 5646 ἐπειδὴ
3026 5576 3141 5637 τοῖς
3168 5571 3444 5643 μεγίστοις
3468 5569 3620 5640 ὄρεσι
3640 5565 3719 5637 τῷ

2129 5672 2279 5741 ὄγκῳ
2310 5670 2403 5725 τοῦ
2446 5669 2695 5742 σώματος
2726 5665 3112 5740 παρισάζεται,
3133 5665 3243 5734 ἆγε
3271 5665 3363 5718 καὶ
3382 5665 3563 5735 νήσων
3590 5660 3721 5714 πολ-

2130 5764 2290 5827 λάκις
2339 5762 2638 5833 φαντασίαν
2692 5761 3013 5832 παρέχεται,
3052 5756 3273 5813 ἐπειδάν
3314 5772 3442 5809 ποτε
3495 5753 3590 5807 ἐπὶ
3621 5750 3721 5822 τὴν

2132 5855 2307 5927 ἄκραν
2362 5854 2683 5924 ἐπιφάνειαν
2730 5852 2823 5907 τοῦ
2857 5853 3073 5926 ﬁda-:0;
3132 5850 3489 5921 ἀνανήχηται·
3547 5842 3723 5901 ταῦτα
