4124 6428
459 403 556 463 881

1484 407 1550 460 ΙΝ
1596 409 1974 466 EUSTATHII
2002 403 2476 464 HEXAEMERON
2516 403 2743 461 NOTAE.

3615 400 3759 455 882-:

458 521 661 592 μέντοι,
697 518 1000 592 τηλικαῦτα
1039 521 1189 581 ὅντα,
1231 522 1288 573 ού
1326 522 1454 592 περὶ
1493 523 1686 588 ἀκτὰς,
1745 523 1864 577 οὐδὲ
1917 523 2043 595 περὶ
2074 536 2117 590 Α
2147 519 2366 590 χωρίοις
2424 517 2540 588 μεθ’
2587 521 2780 591 ὴδονῆς
2825 521 3269 592 διαϐαλπόμενον.
3296 517 3389 572 καί
3437 516 3572 588 ποὺς
3620 516 3720 587 τὴν

453 614 730 681 αἰγιαλοὺς
763 612 1054 681 διατρίϐει,
1097 612 1231 666 ἀλλὰ
1265 613 1326 666 τὸ
1365 613 1710 668 Ἀτλαντικὸν
1745 616 2035 686 λεγόμενον

452 703 688 772 πέλαγος
741 706 959 757 ἐνοικεῖ.
1023 703 1218 760 Petrus
1265 704 1587 772 Damianus,
1621 708 1716 762 lib.
1764 724 1828 772 ιι,
1869 710 2032 779 epist.

450 795 520 848 18
552 814 564 848 :
591 792 749 850 Cetus
793 804 843 849 et
884 795 974 850 ille
1018 797 1257 850 marinus
1289 797 1438 852 nobis
1472 799 1529 852 in
1561 801 1865 854 memoriam
1891 818 2034 856 revo-

451 893 605 938 catur
631 899 650 937 :
683 885 772 954 qui
803 887 1056 938 nimirum
1101 902 1258 957 super
1302 905 1513 942 enorme
1557 907 1745 961 corpus
1789 892 2034 946 sabulum

450 985 648 1043 portat,
682 994 745 1031 ac
774 987 918 1048 terga
948 995 1046 1032 sua
1076 995 1233 1047 super
1280 981 1451 1035 undas
1490 985 1674 1047 elevat,
1707 993 1763 1036 ut
1783 993 2032 1056 tanquam

450 1066 628 1120 insula
649 1068 840 1135 ﬂuctus
858 1071 1090 1125 marinos
1112 1072 1352 1127 excedat.
1381 1072 1429 1125 Η
1437 1091 1534 1127 anc
1555 1076 2034 1144 igiturincunctan-

451 1169 530 1212 ter
549 1161 776 1214 insulam
790 1179 902 1217 esse
919 1162 1183 1218 credentes
1208 1169 1448 1238 remiges,
1475 1170 1764 1237 applicant,
1798 1172 2029 1241 paxillos

454 1251 640 1322 ﬁgunt,
668 1255 840 1308 navim
857 1256 1072 1322 sistunt,
1095 1258 1238 1327 foros
1263 1261 1568 1326 instruunt;
1589 1262 1679 1316 sed
1699 1264 1873 1318 bellua
1909 1283 2031 1320 mox

448 1353 506 1397 ut
535 1346 674 1414 ignis
696 1349 851 1401 sentit
876 1348 1140 1414 ardorem,
1166 1352 1311 1406 illico
1330 1354 1585 1422 mergitur
1612 1356 1667 1408 in
1686 1357 2026 1426 profundum,

447 1447 496 1491 et
535 1456 716 1494 navem
763 1443 924 1496 simul
962 1461 1024 1497 ac
1057 1456 1251 1498 nautas
1289 1456 1439 1500 vorat
1476 1448 1640 1516 ferale
1666 1451 2024 1523 naufragium.

448 1527 592 1584 Nam
621 1541 671 1585 et
716 1531 984 1589 Gerardus
1029 1546 1208 1590 noster
1259 1535 1495 1592 videlicet
1518 1541 1806 1594 monac/tus
1849 1543 2029 1596 retulit

445 1622 501 1675 in
535 1621 884 1681 Normandiw
914 1626 1185 1684 littoribus
1233 1640 1442 1700 captam
1471 1647 1526 1686 se
1551 1631 1741 1687 vidisse
1762 1633 2027 1689 baltenam

444 1711 508 1768 de
533 1715 681 1784 cujus
714 1717 910 1788 lingua:
941 1722 1189 1775 carnibus
1212 1725 1612 1793 quatuordecim
1646 1728 1874 1797 agmarii
1903 1737 2026 1782 sunt

445 1819 546 1857 non
593 1804 773 1861 leviter
817 1812 1041 1865 onerati.
1099 1809 1332 1876 Plinius,
1375 1813 1470 1868 lib.
1517 1831 1689 1880 χχιιι,
1743 1819 1909 1888 capit.
1948 1819 1970 1873 1
2007 1839 2020 1874 :

443 1894 598 1951 Cetos
624 1909 986 1954 sexcentorum
1012 1903 1201 1971 pedum
1237 1905 1581 1976 longitudinis
1603 1918 1654 1963 et
1679 1918 2024 1966 trecentorum
2059 1881 2100 1938 Β

440 1989 718 2058 sexaginta
781 1992 1080 2048 latitudinis
1137 1997 1192 2050 in
1245 1997 1443 2066 ﬂumen
1501 2000 1716 2056 Arabia:
1761 2004 2024 2074 intrasse,

439 2079 720 2152 pinguique
742 2083 854 2152 ejus
877 2087 1245 2156 negatiatores,
1270 2101 1320 2143 et
1357 2094 1595 2145 omnium
1624 2095 1849 2163 piscium
1873 2097 2026 2168 adipe

438 2169 668 2224 camelos
696 2185 982 2243 perungere
1009 2177 1064 2228 in
1091 2193 1152 2231 eo
1181 2178 1310 2244 situ,
1334 2189 1393 2232 ut
1431 2181 1598 2237 asilos
1629 2183 1696 2237 ab
1723 2185 1804 2240 his
1843 2188 2023 2258 fugent

438 2259 615 2314 odore.
706 2262 782 2318 De
834 2276 1075 2321 cetorum
1131 2272 1442 2341 generibus,
1473 2284 1526 2329 et
1579 2291 1769 2332 eorum
1811 2282 2023 2338 naturis

435 2358 490 2405 et
521 2353 855 2422 proprietate
903 2355 1182 2427 zEliauus,
1234 2361 1328 2418 lib.
1377 2380 1439 2430 ιι,
1469 2365 1548 2421 De
1595 2369 1784 2424 histor.
1831 2373 2020 2442 anim.,

433 2456 558 2513 cap.
591 2445 691 2512 l5;
719 2445 816 2500 lib.
843 2463 918 2513 ix,
948 2464 1069 2520 cap.
1099 2451 1203 2520 49;
1233 2452 1328 2509 lib.
1349 2471 1463 2518 xvi.
1485 2472 1608 2529 cap.
1636 2461 1734 2527 l5;
1761 2462 1856 2517 lib.
1885 2480 2018 2532 xvu,

435 2550 554 2604 cap.
608 2535 676 2624 6.;
736 2553 803 2592 ex
865 2541 1129 2609 opinione
1191 2543 1520 2614 Onesicriti,
1598 2550 1919 2626 Orthagorm
1969 2568 2022 2614 et

434 2624 478 2678 Τ
483 2610 975 2702 Ιιθοοιῖετθεοκλῆς
1001 2633 1056 2686 δὲ
1089 2635 1148 2688 ἐν
1176 2640 1242 2708 τῇ
1270 2637 1312 2690 δ’
1346 2643 1474 2713 περὶ
1501 2610 1599 2714 τὴν
1633 2610 1829 2717 Σύρτῖν
1872 2610 2020 2719 λέγει

433 2719 673 2785 γίνεσθαι
711 2723 850 2795 κήτη
877 2727 1120 2797 τριήρων
1153 2729 1391 2799 μείζονα.
1433 2735 1568 2806 Περὶ
1596 2736 1653 2790 δὲ
1681 2739 1778 2810 τὴν
1813 2741 2020 2812 Γεδρω-

436 2810 557 2904 σίαν
586 2811 772 2884 χώραν
803 2814 938 2885 (ἔστι
983 2817 1039 2871 δὲ
1086 2823 1248 2892 μοῖρα
1276 2825 1375 2894 τῆς
1407 2827 1510 2897 γῆς
1532 2828 1633 2899 τῆς
1671 2831 1895 2904 Ἰνδικῆς
1918 2810 2017 2888 οὐκ

433 2901 638 2974 ἄδοξος)
679 2907 1049 2980 Ὀνησίκριτος
1081 2911 1248 2981 λέγει,
1279 2917 1373 2969 καὶ
1390 2918 1746 2993 Ὀρθαγόρας,
1771 2901 2015 2992 γίνεσθαι

433 2997 572 3066 κήτη
587 2997 758 3068 ἥμισυ
781 2997 972 3069 ἔχοντα
1005 3003 1219 3057 σταδίου
1241 3007 1303 3060 τὸ
1327 3011 1520 3080 μῆκος,
1557 3013 1758 3079 πλάτος
1796 3017 1852 3070 δὲ
1875 3020 2017 3074 κατὰ

431 3084 588 3155 λόγον
633 3088 727 3141 τοῦ
778 3093 1006 3162 μήκους,
1052 3095 1318 3150 καὶτοῦτο
1346 3099 1608 3170 δηλονότι.
1649 3106 1930 3180 Τοσαύτην
1957 3110 2014 3163 δέ

432 3195 596 3247 φασιν
627 3179 771 3251 ἔχειν
802 3183 1027 3255 δύναμιν
1057 3186 1217 3252 αὐτὰ,
1243 3189 1318 3253 ὡς
1347 3192 1624 3260 πολλάκις,
1651 3198 1779 3252 ὅταν
1809 3179 2014 3272 ἀναφυ-

433 3268 572 3343 σήσῃ
590 3273 701 3336 τοῖς
726 3274 1048 3346 μυκτῆρσιν,
1071 3279 1129 3340 ἐς
1149 3279 1400 3334 τοσοῦτον
1424 3283 1778 3356 ἀναρρίπτειν
1799 3292 1899 3362 τῆς
1923 3268 2018 3346 θα-

431 3359 633 3431 λάττης
696 3363 758 3416 τὸ
809 3365 1117 3434 κλυδώνιον,
1152 3370 1228 3434 ὡς
1273 3372 1450 3427 δοκεῖν
1499 3379 1614 3442 τοῖς
1659 3359 1890 3451 ἀμαθέσι
1924 3386 2017 3438 καὶ

431 3450 681 3521 ἀπείροις
703 3455 1025 3525 πρηστῆρας
1048 3451 1185 3511 εἶναι
1209 3460 1398 3516 ταῦτα.
1423 3462 1487 3518 Ει
1520 3467 1611 3521 lib.
1639 3450 1749 3536 xvi,
1773 3487 1891 3543 cap.
1927 3475 2012 3541 18,

428 3541 611 3596 varias
641 3551 888 3599 cetorum
913 3547 1118 3604 formas
1149 3558 1203 3605 et
1257 3553 1460 3624 ﬁguras
1507 3541 1856 3619 monstrosas
1889 3582 2016 3636 per-

428 3629 625 3697 currit,
673 3633 898 3704 vultque
944 3638 1182 3708 ἀμφίὸια
1216 3657 1358 3711 esse,
1397 3654 1452 3701 et
1497 3658 1662 3704 noctu
1711 3629 1922 3724 segetes
1958 3664 2013 3711 et

429 3720 629 3778 herbas
661 3725 719 3779 in
752 3733 898 3782 terra
918 3729 1142 3802 depasci
1174 3735 1352 3791 instar
1381 3740 1616 3797 aliorum
1667 3720 2009 3819 animalium,

427 3815 753 3884 crepusculo
794 3833 925 3874 vero
973 3825 1245 3881 matutino
1269 3826 1327 3882 in
1362 3844 1514 3886 mare
1544 3833 1743 3901 redire,
1773 3815 2011 3898 mersas;

425 3919 534 3974 que
563 3905 709 3962 abdi.
741 3907 840 3966 His
867 3927 977 3967 non
1006 3914 1297 3974 dissimilia
1328 3922 1498 3979 refert
1532 3926 1932 4001 Thcodoretus,
1957 3949 2010 3992 et

426 3995 524 4052 lib.
574 4013 667 4054 χιιι
718 3999 1221 4078 Histor.septentr.,
1270 4028 1392 4086 cap.
1433 4017 1526 4084 44,
1575 4019 1742 4079 Olaus
1780 3995 2008 4099 Magnus

427 4103 838 4152 commemorat.
892 4097 970 4154 De
999 4116 1191 4157 eorum
1225 4110 1598 4178 magnitudine
1627 4125 1679 4171 et
1707 4097 2007 4187 piscatione

424 4180 826 4252 elegantissime
859 4187 1142 4259 Oppianus
1181 4195 1423 4252 Ἀλιευτ.
1455 4201 1551 4256 lib.
1586 4220 1638 4258 v.
1671 4180 1877 4263 flebrazi
1911 4212 2008 4266 ba-

423 4273 591 4330 lamas
618 4275 754 4335 duas
784 4288 995 4336 tantum
1022 4296 1232 4342 creatas
1259 4303 1383 4344 esse
1413 4290 1624 4362 dicunt,
1644 4311 1712 4351 ne
1745 4299 1788 4352 si
1819 4300 2005 4370 plures

422 4372 630 4431 essent,
671 4369 854 4438 pisces
893 4388 1084 4431 omnes
1118 4377 1467 4449 devorarent,
1501 4392 1554 4439 ct
1606 4402 1772 4444 naves
1812 4369 2003 4450 Omnes

419 4458 798 4531 absorberent,
843 4467 1054 4524 scilicet
1093 4471 1376 4542 feminam,
1399 4493 1562 4547 quam
1600 4479 1743 4539 Deus
1775 4487 1998 4552 occidit,

415 4556 473 4604 et
534 4563 776 4609 reservat
825 4558 990 4626 justis
1053 4562 1122 4615 ad
1176 4566 1505 4634 epulandum
1573 4579 1819 4643 tempore
1858 4559 2075 4639 Mes-.0

418 4643 534 4710 siin,
569 4655 621 4701 et
655 4652 958 4706 masculum
997 4670 1160 4724 quem
1204 4672 1451 4716 reservat
1485 4673 1544 4718 ut
1584 4681 1707 4720 cum
1738 4683 1803 4723 eo
1831 4672 1998 4728 certis

417 4735 569 4794 horis
612 4740 765 4795 ludat
810 4744 1044 4814 singulis
1086 4748 1300 4816 diebus,
1331 4765 1390 4810 ut
1429 4758 1623 4826 ps:ulm.
1653 4775 1788 4817 cm:
1822 4763 1998 4820 Draco

415 4827 514 4882 iste
539 4845 691 4900 quem
733 4831 982 4902 formasti
1011 4838 1097 4890 ad’
1121 4840 1450 4898 illudendum
1473 4848 1542 4910 ei,
1600 4847 1882 4918 Hebraeus,
1941 4865 1999 4908 ut

415 4919 570 4976 ludas
601 4939 720 4978 cum
743 4942 823 4981 eo.
842 4925 996 4983 Hanc
1016 4929 1268 4987 fabellam
1292 4949 1647 5008 sumpserunt
1672 4959 1738 4998 ex
1785 4944 1910 5000 libr.
1943 4963 1995 5000 ιν

415 5009 625 5079 Esdrze,
658 5031 781 5087 cap.
823 5035 901 5084 vi,
951 5023 1031 5076 uti
1078 5023 1246 5079 refert
1280 5026 1550 5097 Lyranus,
1584 5041 1638 5088 et
1678 5035 1993 5096 Abulensis.

481 5103 600 5196 Col.
651 5108 774 5176 725,
809 5111 903 5195 lin.
951 5113 1001 5168 7.
1044 5115 1126 5181 Τῷ
1163 5117 1233 5170 δὲ
1261 5123 1522 5189 καρκίνῳ
1552 5126 1591 5193 ἠ
1625 5125 1803 5196 σάρξ.
1839 5129 1996 5186 Basi-

411 5191 540 5257 lius,
578 5195 728 5257 bom.
758 5201 788 5253 7
812 5221 824 5255 :
864 5185 929 5256 ’Ὀ
957 5207 1214 5276 καρκῖνος
1245 5185 1345 5279 τῆς
1369 5185 1588 5282 σαρκὸς.
1616 5185 1872 5288 ἐπιθυμεῖ
1901 5220 1992 5273 τοῦ

410 5283 853 5382 θατρέουζἌλλά
878 5295 1184 5362 δυσάλωτος
1209 5302 1242 5372 ή
1269 5301 1412 5374 ἄγρα
1434 5304 1582 5377 αύτῷ
1606 5306 1694 5361 διὰ
1841 5329 1996 5382 περι-

411 5373 573 5445 ϐολὴν
599 5377 693 5432 τοῦ
726 5381 992 5454 ὀστράκου
1021 5387 1253 5456 γίνεται.
1295 5373 1564 5464 ’Ᾱρῤαγεῖ
1597 5395 1706 5469 γὰρ
1735 5373 1994 5472 ἐρκίῳπὸ

411 5467 618 5522 ἁπαλὸν
652 5473 751 5542 τῆς
790 5478 988 5548 σαρκὸς
1016 5483 1050 5552 ή
1087 5481 1249 5550 φύσις
1279 5467 1739 5558 κατησφαλίσατο.
1770 5467 1992 5548 latum}.

408 5559 840 5637 ὀστρακόδερμον
863 5575 1322 5647 προσηγόρευται.
1353 5581 1464 5634 Καὶ
1484 5583 1668 5656 ἐπειδὴ
1698 5585 1790 5640 δύο
1819 5588 1994 5642 κοιλόο

407 5667 567 5722 τητες
607 5657 851 5753 ἀκριϐῶς
877 5663 1135 5736 ἀλλήλαις
1172 5675 1660 5745 προσηρμοσμέναι
1685 5678 1746 5731 τὸ
1769 5680 1991 5753 ὄστρεον

410 5748 888 5818 περιπτύσσονται,
936 5757 1248 5828 ἀναγκαίως
1285 5765 1557 5838 ἄπρακτοι
1589 5771 1725 5824 εἰσιν
1749 5775 1804 5825 αἱ
1828 5775 1989 5845 χηλαὶ

409 5836 501 5891 τοῦ
535 5844 814 5914 καρκίνον.
849 5847 914 5902 Τί
941 5846 1032 5906 οὖν
1066 5857 1236 5922 ποιεῖ;
1274 5858 1440 5914 Ὀταν
1469 5860 1551 5932 ίδῃ
1590 5863 1647 5916 ὲν
1687 5863 1987 5936 ἀπηνέμοις

2138 613 2331 664 ἀκτῖνα
2365 611 2460 664 τοῦ
2505 613 2655 680 ἡλίου
2696 613 2794 677 τὰς
2845 614 3054 685 πτύχας
3092 612 3284 667 ἑαυτοῦ
3316 608 3717 676 διαπλώσαντα,

2135 705 2257 757 τότε
2304 703 2366 774 δὴ
2401 703 2576 776 λάθρα
2617 705 2824 776 ψηφῖδα
2874 705 3238 778 παρεμϐαλὼν
3283 702 3569 756 διακωλύει
3617 701 3730 782 τὴν

2139 795 2442 866 σύμπτυξιν
2491 797 2584 850 καὶ
2631 797 2943 867 εὑρίσκεται
2981 798 3043 851 τὸ
3080 797 3263 850 λεῖπον
3289 799 3388 868 τῆς
3434 798 3716 869 δυνάμεως

2133 886 2221 940 διὰ
2264 888 2366 958 τῆς
2405 889 2649 952 ἐπινοίας
2700 892 3107 962 περιεχόμενος.
3145 889 3345 946 Eadem
3389 891 3553 946 habet
3580 892 3716 944 Am-

2135 977 2375 1042 brosius,
2431 979 2526 1034 lib.
2581 996 2634 1043 ν,
2702 994 2824 1050 cap.
2852 981 2914 1044 8;
2962 979 3204 1036 Isidorus
3245 980 3339 1034 lib.
3375 995 3474 1045 xu,
3504 995 3626 1050 cap.
3658 980 3714 1034 6.

2134 1069 2506 1126 Disertissime
2531 1069 2659 1127 item
2691 1072 2803 1126 haec
2836 1074 3020 1126 omnia
3047 1071 3329 1143 Oppianus
3366 1073 3614 1126 Ἁλιευτ.
3652 1088 3714 1128 ιι.

2132 1161 2371 1218 Consule
2400 1161 2756 1218 Plutarchum
2787 1174 2841 1218 et
2869 1163 3126 1230 Plinium,
3157 1172 3212 1220 et
3240 1163 3464 1220 Petrum
3497 1163 3717 1220 Damia-

2132 1269 2264 1308 num
2291 1254 2386 1310 lib.
2415 1270 2478 1318 ιι,
2515 1255 2680 1326 epist.
2725 1255 2814 1309 18.

2199 1344 2360 1410 lbid.,
2408 1347 2506 1402 lin.
2560 1348 2646 1402 Μ.
2689 1348 2744 1401 Ὁ
2773 1348 2842 1401 δὲ
2889 1349 3091 1419 ἐχῖνος
3118 1351 3531 1420 προγινώσκει.
3562 1350 3716 1404 Basi-

2131 1436 2260 1502 lius,
2291 1439 2436 1493 hom.
2473 1439 2502 1490 7
2530 1459 2542 1492 :
2578 1440 2821 1494 Ἤκουσα
2848 1440 2959 1509 ἐγὼ
2990 1441 3100 1496 τῶν
3129 1442 3410 1513 παραλίων
3440 1443 3606 1507 τινὸς,
3632 1444 3714 1496 ὅτι

2128 1530 2158 1581 ὁ
2188 1529 2476 1596 Θαλάσσιος
2505 1535 2697 1603 ἐχῖνος,
2727 1533 2788 1586 τὸ
2828 1535 3023 1605 μικρὸν
3055 1535 3336 1599 παντελῶς
3369 1539 3463 1590 καὶ
3489 1537 3715 1590 εὐκατα-

2130 1624 2394 1696 φρόνητον
2446 1626 2607 1692 ζῶον,
2657 1627 2977 1691 διδάσκαλος
3030 1628 3288 1692 πολλάκις
3335 1629 3576 1702 γαλήνης
3619 1631 3715 1683 καί

2129 1716 2394 1783 κλύδωνος
2427 1723 2542 1784 τοῖς
2566 1720 2789 1774 πλέουσι
2815 1722 3046 1790 γίνεται,
3073 1721 3132 1786 ὃς
3155 1722 3284 1775 ὅταν
3309 1723 3503 1794 προῖδῃ
3538 1739 3710 1793 ταρα-

2128 1809 2226 1882 χὴν
2281 1810 2339 1879 ἐξ
2389 1813 2607 1884 ἀνέμων
2637 1813 2844 1883 ψηφῖδα
2879 1831 3000 1867 τινα
3032 1813 3278 1868 ὑπελθὼν
3312 1815 3587 1883 γενναίαν,
3623 1817 3710 1868 ἐπ’

2127 1903 2300 1974 αὐτῆς
2331 1903 2520 1977 ὥσπερ
2550 1907 2655 1959 ἐπ’
2683 1908 2932 1977 ἀγκύρας
2969 1905 3184 1960 σαλεύει
3237 1908 3602 1980 κατεχόμενος
3632 1907 3711 1978 τῷ

2132 1995 2308 2070 βάρει,
2360 1997 2498 2071 πρὸς
2551 1998 2612 2053 τὸ
2662 2000 2736 2071 μὴ
2784 1999 2982 2071 ῥᾳδίως
3018 2003 3132 2063 τοῖς
3166 1999 3404 2071 κύμασιν
3437 2000 3710 2073 ἀποσύρε-

2131 2089 2273 2144 σθαι.
2325 2088 2538 2147 Similia
2572 2092 2763 2148 scribit
2797 2091 3129 2148 Ambrosius
3173 2092 3322 2147 hom.
3356 2093 3410 2154 5.
3443 2093 3610 2162 capit.
3635 2095 3707 2156 9;

2127 2181 2279 2238 Phile
2303 2183 2358 2238 in
2383 2181 2640 2248 Iambis.;
2665 2184 2988 2240 Aristoteles
3009 2201 3041 2238 v
3072 2185 3151 2240 De
3177 2196 3410 2256 generat.
3451 2186 3678 2240 animal.
3700 2233 3708 2241 .

2128 2287 2230 2342 cap
2259 2273 2321 2340 3;
2352 2272 2606 2332 )Elianus
2638 2274 2715 2328 De
2746 2276 2933 2330 histor.
2961 2276 3211 2343 animal.,
3244 2276 3372 2332 libr.
3406 2291 3508 2343 vu,
3537 2278 3705 2348 capit.

2123 2365 2228 2420 53:
2266 2364 2593 2423 Plutarchus
2620 2367 2676 2422 in
2703 2367 2927 2439 Dialogo
2949 2409 2964 2432 ,
2991 2368 3186 2424 Utrum
3213 2370 3570 2440 prudentiora
3598 2371 3708 2425 sint

2122 2455 2425 2519 terrestria,
2463 2471 2534 2511 an
2582 2457 2875 2528 aquatilia;
2907 2465 2960 2512 et
2988 2456 3201 2513 Plinius
3236 2459 3363 2512 libr.
3401 2475 3456 2514 ix
3483 2501 3498 2526 ,
3534 2459 3704 2529 capit.

2123 2545 2210 2600 51.
2265 2544 2506 2600 Tradunt
2550 2548 2807 2602 sazvitiam
2850 2548 3015 2602 maris
3055 2551 3343 2620 prtesagire
3387 2565 3496 2616 eos,
3533 2566 3708 2604 corre-

2120 2637 2324 2708 ptisque
2365 2641 2573 2708 operari
2599 2640 2818 2708 lapillis,
2879 2640 3232 2695 mobilitatem
3279 2642 3508 2711 pondere
3541 2643 3708 2697 stabi-

2123 2725 2324 2782 lientes.
2352 2725 2555 2783 Nolunt
2587 2729 2910 2785 volutatione
2931 2732 3112 2799 spinas
3144 2741 3370 2786 atterere
3405 2748 3425 2786 :
3449 2733 3586 2803 quod
3617 2733 3707 2786 ubi

2121 2817 2294 2874 videre
2314 2821 2736 2885 nautici,statim
2768 2821 3010 2891 pluribus
3041 2821 3286 2877 anchoris
3311 2823 3522 2894 navigia
3539 2821 3705 2893 infra.-

2120 2921 2269 2965 nant.
2289 2911 2589 2984 Oppianus,
2631 2915 2964 2979 Ἀλιευτικ.,
2993 2914 3120 2970 libr.
3161 2931 3238 2969 II:

2124 3005 2299 3078 ’Ἐστι
2319 3007 2424 3078 ,καὶ
2457 3006 2812 3078 ὀξυκόμοισι
2841 3011 3002 3075 νόος,
3029 3010 3126 3064 καί
3149 3007 3332 3078 μῆτις
3357 3007 3606 3077 ἐχίνοις,

2122 3075 2190 3149 Ol
2221 3076 2268 3128 τ’
2297 3076 2534 3149 ἀνέμων
2561 3075 2732 3149 ἴσασι
2751 3079 2916 3146 βίας,
2945 3075 3210 3149 ζαμενεῖς
3227 3075 3293 3132 τε
3313 3075 3577 3145 θυέλλας

2132 3146 2514 3217 Ὄρνυμένας.
2549 3148 2788 3203 νώτοισι
2825 3149 2876 3202 δ’
2911 3146 3337 3217 ἀνοχλίζουσιν
3375 3149 3633 3214 ἕκαστος

2043 3242 2086 3296 C
2119 3213 2477 3296 ῥανίὸσον
2492 3219 2838 3296 βαρύθοιςτα
2865 3219 3002 3296 περί
3018 3213 3404 3296 σφετέροισιν
3415 3213 3704 3296 ἀκάνθαις

2132 3285 2398 3358 [Ρηῖδίως
2427 3285 2718 3355 φορέοιεν,
2749 3290 2835 3342 ἵν’
2866 3285 3042 3343 ἀντία
3064 3285 3335 3358 κύματος
3371 3288 3525 3358 ὁρμῇ

2121 3356 2463 3428 βριθόμενοι
2490 3359 2770 3428 μίμνωσι.
2822 3359 2893 3412 Τὸ
2931 3360 3042 3428 γὰρ
3067 3356 3384 3428 τρομέουσι
3405 3356 3699 3428 μάλιστα,

2116 3425 2214 3492 Μὴ
2235 3440 2398 3494 σφας
2415 3424 2514 3479 ἐπὶ
2539 3427 2793 3495 ᾐόνεσσι
2823 3424 3180 3498 θιυκοῖιδαενον⁷
3193 3424 3368 3496 οἶδμα
3403 3424 3696 3500 ἇιυλίσσιη.

2187 3534 2349 3599 Ibid.,
2387 3537 2486 3590 lin.
2529 3539 2616 3592 17.
2659 3538 2722 3591 '0
2751 3537 2819 3591 δὲ
2846 3540 3185 3604 πολύπους.
3233 3538 3493 3605 Basilius,
3546 3541 3696 3597 hom.

2114 3627 2146 3679 7
2178 3644 2192 3678 :
2225 3628 2338 3681 Ούκ
2383 3627 2449 3681 ἂν
2509 3629 2838 3700 παρὲλθοιμι
2885 3629 2947 3683 τὸ
2989 3631 3084 3684 τοῦ
3134 3630 3432 3697 πολύποδος
3461 3631 3701 3705 δολερὸν,

2115 3718 2209 3772 καὶ
2235 3719 2548 3787 ἐπίκλοπον,
2576 3721 2635 3785 ὃς
2663 3722 2825 3793 ὁποίᾳ
2855 3725 2972 3776 ποτ’
2998 3722 3063 3776 ἂν
3089 3723 3349 3777 ἑκάστοτε
3382 3725 3558 3798 πέτρᾳ
3585 3743 3698 3778 πε-

2115 3811 2374 3884 ριπλακῇ,
2404 3813 2503 3885 τὴν
2549 3816 2765 3886 ἐκείνης
2816 3815 3113 3887 ὑπέρχεται
3163 3817 3360 3888 χρόαν’
3403 3817 3543 3870 ὥστε
3572 3818 3702 3881 τοὺς

2112 3903 2341 3970 πολλοὺς
2375 3904 2484 3959 τῶν
2525 3907 2722 3977 ἰχθύων
2756 3907 3080 3979 ἀπροόπτως
3109 3910 3444 3980 νηχομένους
3474 3909 3553 3981 τῷ
3599 3927 3698 3964 πο-

2109 3991 2298 4047 λύποδι
2337 3995 2706 4066 περιπίπτειν,
2738 3997 2814 4060 ὡς
2849 4000 2915 4067 τῇ
2958 3999 3132 4070 πέτρα
3150 3999 3330 4069 δῆθεν,
3359 4001 3452 4055 καὶ⁵
3481 4001 3696 4073 ἕτοιμον

2107 4081 2352 4149 γίνεσθαι
2386 4084 2609 4157 θήραμα
2630 4085 2708 4158 τῷ
2739 4087 3050 4159 πανούργῳ.
3077 4088 3410 4160 Polypodem
3444 4091 3511 4145 ad
3539 4093 3695 4147 simi-

2107 4171 2391 4228 litudinem
2419 4175 2525 4231 loci
2557 4177 2798 4232 colorem
2827 4187 3042 4234 mutare
3067 4195 3193 4233 cum
3226 4178 3418 4236 iisdem
3441 4183 3695 4238 scribunt

2105 4263 2450 4331 Aristoteles,
2499 4265 2579 4320 De
2641 4266 2827 4320 histor.
2881 4267 3130 4331 animal.,
3163 4267 3290 4323 libr.
3314 4286 3408 4335 ιι,
3442 4287 3567 4344 cap.
3596 4274 3694 4340 37;

2105 4352 2455 4421 Plutarchus,
2493 4357 2699 4423 Quwst.
2731 4369 2909 4413 natur.
2936 4361 3035 4428 l9;
3057 4359 3286 4427 Plinius,
3320 4362 3446 4420 libr.
3468 4380 3545 4431 Ix,
3564 4379 3688 4437 cap.

2105 4443 2207 4513 29;
2237 4445 2390 4503 Philo
2425 4449 2566 4518 Περὶ
2587 4449 2776 4519 μέθης
2795 4467 2808 4480 ο
2833 4450 3232 4521 Nazianzenus,
3259 4454 3408 4510 hom.
3435 4466 3491 4512 et
3514 4471 3688 4516 carm.

2103 4538 2202 4602 Εἰς
2234 4541 2434 4595 αὐτόν’
2470 4541 2727 4599 Clemens
2770 4544 3196 4612 Alexandrinus,
3242 4547 3340 4604 lib.
3386 4565 3449 4604 ιιι
3493 4549 3692 4606 Pinda-

2102 4631 2241 4700 gogi,
2266 4633 2434 4702 capit.
2469 4635 2557 4695 il;
2579 4634 2856 4692 Lucianus
2879 4677 2893 4702 ,
2924 4637 3003 4692 De
3037 4639 3322 4696 saltatione
3340 4656 3359 4704 ;
3379 4650 3434 4696 et
3460 4640 3689 4712 Dialogo

2103 4721 2333 4778 Menelai
2386 4736 2436 4781 et
2497 4725 2720 4793 Protei;
2778 4729 3123 4796 Ambrosius,
3166 4733 3262 4788 lib.
3316 4749 3352 4788 v
3402 4732 3684 4800 Heraean,

2099 4816 2264 4884 capit.
2311 4817 2374 4885 8;
2428 4817 2680 4886 Nonnus,
2730 4822 3110 4893 Dionysiacon.
3162 4826 3371 4896 primo;
3406 4825 3680 4894 Elianus,

2109 4904 2322 4960 Variar.
2363 4909 2550 4965 histor.
2598 4912 2722 4968 libr.
2771 4929 2812 4974 ι.
2863 4916 3028 4984 capit.
3071 4916 3130 4984 l;
3165 4916 3320 4973 Phile
3353 4918 3408 4972 in
3445 4915 3681 4984 lambis;

2099 4995 2380 5068 Oppianus
2409 5002 2660 5058 Ἀλιευτ.
2693 5021 2756 5069 ιι,
2781 5005 3108 5078 Pbocylides
3141 5028 3154 5064 :

2097 5089 2250 5156 Μήδ’
2292 5093 2372 5157 ὡς
2413 5095 2756 5165 πετροφυὴς
2788 5099 3104 5165 πολύπους
3127 5102 3277 5156 κατὰ
3303 5101 3500 5172 χῶρον
3517 5104 3680 5173 ἀμεί-

2097 5227 2296 5283 Πᾶσιν
2324 5230 2377 5283 δ’
2404 5231 2633 5301 ἄπλοος
2663 5236 2805 5304 ισθι,
2829 5238 2901 5292 τὰ
2922 5239 2974 5292 δ’
2997 5241 3063 5293 ἐκ
3096 5241 3304 5312 ψυχῆς
3337 5173 3703 5317 ἁγιόρείιῖῗυο,

2097 5321 2188 5376 Ion
2220 5324 2362 5392 apud
2417 5324 2771 5382 Athenaeum:
2804 5330 2911 5384 Kal
2946 5331 3052 5384 τὸν
3091 5334 3372 5402 πετραῖον
3414 5337 3676 5392 πλεκτά-

2095 5427 2232 5478 ναις
2276 5412 2556 5482 ἀναίμοσι
2603 5417 2804 5486 στυγῶ
2837 5423 3298 5492 μεταλλακτῆρα
3357 5427 3676 5483 πολύπουν

2093 5501 2294 5571 χροός.
2317 5500 2645 5560 Plutarchus
2667 5522 2730 5560 ex
2759 5507 3093 5580 Theognide,
3113 5515 3252 5582 Περὶ
3270 5518 3638 5585 πολυφιλίας
3657 5537 3672 5551 ο

2097 5593 2532 5664 Theophrastus,
2575 5598 2670 5652 lib.
2708 5601 2847 5668 Περὶ
2887 5599 3007 5654 τῶν
3033 5607 3536 5672 μεταϐαλλόντων
3565 5607 3671 5676 τὰς

2091 5688 2278 5754 χρόας
2297 5703 2310 5718 ο
2337 5687 2530 5744 Petrus
2557 5690 2871 5760 Damianus,
2904 5693 3028 5747 libr.
3049 5711 3106 5759 ιι,
3127 5699 3284 5766 epist.
3318 5699 3384 5754 l8
3407 5699 3671 5756 :Ludovi-

2091 5794 2191 5833 cus
2218 5777 2528 5844 Fidelis,l)e
2558 5792 2745 5840 struet.
2783 5785 2987 5852 mund.,
3023 5786 3146 5842 libr.
3173 5806 3246 5860 vl,
3282 5805 3402 5862 cap.
3442 5791 3512 5859 5;
3541 5791 3667 5849 Ονὶο

2091 5869 2214 5927 dius
2240 5871 2292 5926 Η
2300 5873 2481 5928 alieut.
2505 5891 2523 5928 .·
