4124 6414
520 386 626 440 835

522 505 586 572 ᾼι
624 511 806 555 contra
835 503 1062 571 scopulis
1093 503 1284 556 crinali
1315 520 1526 572 corpore
1562 507 1731 572 segnis

516 570 750 642 Polypus
773 570 952 636 haeret,
976 584 1024 626 et
1047 572 1144 626 hac
1165 575 1328 627 eludit
1359 570 1491 628 retia
1523 570 1732 642 fraude,

519 641 586 714 ξι
609 642 703 694 sub
742 643 848 710 lege
867 644 975 714 loci
1003 645 1186 705 sumit,
1216 653 1487 714 mutatque
1511 641 1737 700 colorem

514 711 729 786 Semper
757 714 805 765 ei
827 713 1016 786 similis
1040 730 1197 786 quam
1221 711 1459 786 contigit,
1491 728 1642 784 atque
1661 717 1750 769 ubi
1779 717 2014 786 praulam

519 779 836 856 Pendentem
860 783 983 836 setis
1027 779 1210 856 avidus
1238 779 1396 850 rapit,
1428 785 1511 837 hic
1549 779 1749 854 quoque
1779 779 1947 856 'fallit

516 849 673 902 litato
699 852 905 904 calamo
931 869 1048 905 cum
1087 849 1307 905 demum
1325 849 1570 909 emersus
1590 856 1643 908 in
1665 849 1838 911 'aura's

513 918 743 974 Brachia
769 921 1030 988 dissolvit,
1055 924 1462 995 populatumque
1487 927 1694 994 exspuit
1723 927 1959 982 hamum.

515 1033 649 1088 llinc
663 1044 789 1089 nata
805 1037 993 1106 adagia
1013 1037 1260 1107 Polypus,
1279 1037 1465 1107 Polypi
1481 1035 1852 1109 ctiput,Polypi
1866 1051 2084 1096 mentem

513 1125 790 1194 obtinere;
830 1131 1052 1184 consule
1072 1129 1385 1197 adagioruui
1415 1130 1754 1186 collectores.
1787 1131 1896 1186 Nec
1913 1133 2082 1189 silen-

511 1218 641 1271 dum
673 1226 757 1273 est
811 1220 1108 1274 multorum
1135 1219 1304 1276 fuisse
1325 1222 1658 1290 opinionem,
1691 1224 1918 1294 polypos
1947 1224 2084 1294 seip—

513 1326 626 1375 sos,
659 1312 742 1366 vel
773 1311 958 1380 pedes,
989 1313 1074 1366 vel
1106 1314 1333 1384 cyrrhos
1367 1313 1509 1369 tame
1542 1324 1763 1372 coactos
1795 1317 2082 1374 absumere

513 1403 773 1458 rodendo.
815 1401 1104 1470 Hesiodus,
1137 1406 1231 1460 lib.
1278 1421 1315 1468 ι,
1352 1407 1474 1460 “Οτ’
1506 1408 1797 1475 ἀνόστεος
1825 1409 1898 1463 ὃν
1925 1410 2084 1464 πόδα

508 1495 699 1548 τένδει
720 1511 738 1558 ;
764 1495 1074 1552 Carneades
1093 1497 1234 1566 apud
1265 1498 1537 1554 Stobazum
1559 1501 1695 1572 Περὶ
1713 1501 2077 1572 γραμμάτων⁹

510 1585 825 1658 Καρνεάδης
851 1587 948 1658 τὴν
969 1589 1309 1661 διαλεκτικὴν
1337 1591 1488 1659 ἔλεγε
1522 1591 1778 1645 πολύποδι
1814 1593 2045 1648 ἐοικέναι
2063 1610 2076 1622 ·

509 1677 601 1728 καὶ
644 1675 754 1747 γὰρ
811 1680 1014 1732 ἐκεῖνον
1061 1679 1383 1751 αὐξηθείσας
1450 1682 1549 1746 τὰς
1591 1683 1891 1747 πλεκτάνας
1946 1700 2079 1737 κατ-

506 1767 728 1833 εσθίειν,
757 1771 852 1823 καὶ
881 1770 1100 1836 τούτους
1127 1773 1419 1844 προϊούσης
1435 1775 1533 1844 τῆς
1562 1775 1859 1846 δυνάμεως,
1893 1775 1986 1828 καὶ
2012 1775 2082 1828 τὰ

1865 390 2108 445 LEONIS
2148 393 2423 448 ALLATII

2113 541 2156 595 Α
2188 520 2242 563 et
2271 511 2517 575 inferius,
2555 511 2806 567 Echeneis
2845 530 2964 583 ergo
2998 513 3111 583 ﬁgit
3147 514 3198 566 in
3227 511 3490 581 ﬂuctibus.
3517 501 3755 566 Isidorus

3653 400 3756 454 884

2189 603 2281 657 lib.
2326 619 2386 666 ll,
2418 618 2537 674 cap.
2593 605 2648 669 2,
2709 605 2984 671 Echeneis,
3033 605 3228 674 inquit,
3262 620 3454 673 parvus
3505 613 3556 656 et
3596 604 3756 656 semi—

2185 695 2386 762 pedalis
2420 696 2702 764 pisciculus
2734 713 2920 752 nomen
2958 697 3180 764 sumpsit
3213 695 3350 765 quod
3369 710 3551 748 navem
3577 693 3754 747 adlue-

2187 785 2346 839 reudo
2377 788 2621 842 retineat.
2647 787 2820 841 Ruunt
2850 789 2966 842 licet
2985 787 3144 850 venti,
3163 796 3212 840 et
3237 785 3455 840 sceviant
3487 785 3753 852 procellae,

2186 877 2332 931 navis
2361 887 2535 932 tamen
2581 881 2734 949 quasi
2779 879 3026 933 radicula
3069 880 3123 932 in
3164 878 3305 931 mari
3342 886 3484 932 stare
3529 875 3751 942 videtur,

2185 982 2277 1020 nec
2318 969 2536 1033 moveri,
2567 985 2669 1022 non
2705 969 2998 1032 retinendo,
3043 967 3134 1022 sed
3175 977 3379 1022 tantum
3418 965 3752 1021 adhaerendo.

2187 1049 2343 1104 Hunc
2371 1051 2550 1106 Latini
2577 1070 2782 1107 moram
2813 1053 3166 1122 appellarunt,
3195 1069 3253 1107 eo
3273 1052 3410 1123 quod
3437 1061 3580 1106 stare
3603 1061 3753 1122 cogat

2185 1144 2414 1214 navigia.
2435 1143 2667 1209 Plinius,
2697 1145 2790 1200 lib.
2817 1160 2893 1209 ιιι,
2923 1159 3044 1215 cap.
3071 1144 3163 1208 25,
3190 1143 3329 1198 idem
3359 1142 3670 1208 conﬁrmat,
3697 1148 3753 1197 et

2185 1234 2280 1289 lib.
2316 1252 2488 1300 nm,
2520 1251 2641 1307 cap.
2673 1238 2698 1291 1
2726 1256 2738 1290 :
2781 1237 2977 1292 Tamen
3003 1239 3180 1292 omnia
3209 1237 3319 1292 ha'c
3347 1237 3641 1307 pariterque
3665 1250 3753 1289 eo-

2182 1326 2300 1382 dem
2323 1327 2664 1397 impellentia,
2687 1345 2750 1383 ac
2776 1345 2968 1398 parvus
2991 1327 3273 1383 admodum
3292 1327 3579 1398 pisciculus
3605 1326 3752 1381 eche-

2183 1421 2292 1472 neis
2324 1420 2643 1488 appellatus,
2673 1422 2728 1476 in
2757 1437 2811 1475 se
2843 1429 2999 1476 tenet.
3024 1421 3203 1475 Ruant
3231 1423 3367 1476 venti
3397 1421 3540 1484 licet,
3569 1429 3618 1475 et
3649 1436 3751 1476 sa-

2182 1512 2324 1565 viant
2345 1514 2609 1579 procellae,
2651 1515 2871 1582 imperat
2905 1513 3096 1583 furori,
3126 1515 3358 1584 viresque
3391 1521 3571 1568 tantas
3610 1528 3753 1565 com-

2180 1605 2365 1671 pescit,
2391 1614 2442 1658 et
2463 1607 2600 1676 cogit
2623 1614 2766 1660 stare
2792 1606 3040 1677 navigia:
3067 1604 3204 1676 quod
3245 1622 3348 1659 non
3379 1604 3589 1658 vincula
3613 1603 3747 1668 ulla,

2183 1712 2284 1749 non
2325 1697 2571 1752 anchora:
2618 1696 2844 1767 pondere
2903 1697 3236 1752 irrevocabili
3271 1697 3457 1765 jactw.
3507 1694 3750 1763 Infrenat

2181 1786 2426 1855 impetus,
2462 1799 2510 1843 et
2551 1789 2733 1844 domat
2776 1789 2958 1842 mundi
3000 1789 3195 1842 rabiem
3234 1788 3381 1842 nullo
3411 1805 3507 1842 suo
3551 1787 3747 1852 labore,

508 1859 723 1932 σφέτερ’
751 1864 1094 1934 ἀνατρέπειν.
1126 1867 1361 1922 Alcaeus-
1391 1867 1596 1920 Ἐδωδα
1624 1866 1856 1937 ἐμαυτὸν
1875 1867 1948 1931 ὡς
1981 1884 2061 1921 πο

2178 1897 2280 1936 non
2309 1880 2600 1948 retinendo,
2634 1890 2725 1935 aut
2750 1881 2856 1934 alio
2883 1880 3056 1944 modo,
3078 1897 3235 1949 quam
3262 1879 3597 1935 adharrendo.
3621 1878 3749 1933 Htec

505 1952 726 2019 λύπους.
754 1953 1033 2025 Oppianus
1060 1959 1312 2012 'Altsvr.
1333 1973 1406 2025 u;
1458 1957 1794 2029 Rhodiginus
1828 1958 1920 2014 lib.
1952 1975 2072 2025 xui,

505 2060 625 2116 cap.
661 2046 750 2102 δε.
784 2045 898 2103 Hoc
929 2047 1071 2104 idem
1098 2049 1347 2104 scribunt
1388 2050 1702 2114 Athenazus,
1743 2049 1942 2119 Horus,
1967 2050 2076 2105 Eu-

504 2138 763 2203 stathius,
803 2137 1126 2210 Hesychius,
1167 2141 1363 2198 Suidas
1397 2150 1450 2197 et
1475 2143 1588 2196 alii.
1624 2142 1828 2213 Negant
1863 2144 2076 2200 Aristo-

504 2229 640 2284 teles
689 2230 809 2284 libr.
845 2246 965 2296 vm,
1017 2233 1183 2302 capit.
1231 2233 1286 2298 2,
1337 2232 1415 2288 De
1457 2233 1644 2288 histor.
1681 2236 1869 2301 anim.,
1923 2237 1985 2289 Οἱ
2017 2234 2074 2289 δὲ

502 2319 728 2391 γόγγροι
760 2322 885 2386 τοὺς
935 2322 1238 2388 πολύποδας
1280 2323 1690 2378 κατεσθίουσιν·
1731 2334 1785 2380 et
1823 2343 1969 2390 mox,
2009 2329 2074 2380 Ὃ

500 2411 557 2465 δὲ
584 2413 800 2482 λέγουσί
819 2433 982 2480 τινες,
1003 2418 1080 2481 ὡς
1106 2418 1263 2471 αὐτὸ(
1286 2417 1446 2470 αὑτὸν
1467 2417 1634 2470 ἐσθίει
1653 2458 1668 2482 ,
1689 2417 1880 2484 ψεῦδός
1903 2421 2069 2472 ἐστιν.

515 2503 672 2557 Ἀλλὰ
683 2506 1166 2578 περιεδηδεσμὲνας
1177 2508 1387 2580 ἔχουσιν
1402 2509 1530 2562 ἔνιοι
1546 2509 1643 2572 τὰς
1654 2509 1954 2573 πλεκτάνας
1971 2510 2073 2563 ὑπὸ

499 2583 607 2645 τῶν
641 2594 910 2668 γόγγρων.
945 2596 1273 2654 Plutarchus
1302 2598 1548 2670 Dialogo,
1598 2598 1790 2655 Utrum
1827 2601 2069 2670 pruden-

501 2685 642 2740 tiora
671 2687 800 2751 sint,
829 2697 961 2753 etc.,
989 2691 1252 2761 acongris
1274 2701 1328 2747 et
1357 2691 1614 2746 muraenis
1638 2693 1829 2747 scribit
1856 2693 2070 2750 cirrhos

497 2779 766 2834 consumi.
789 2779 1020 2849 Plinius,
1054 2783 1174 2840 libr.
1203 2799 1276 2844 Ix,
1301 2784 1466 2853 capit.
1497 2783 1566 2837 29
1598 2802 1611 2836 :
1638 2782 1820 2851 Ipsum
1855 2784 2070 2839 brachia

497 2884 595 2921 sua
630 2871 809 2925 rodere
832 2872 972 2940 falsa
1004 2874 1177 2941 opinio
1204 2882 1299 2926 est.
1335 2872 1399 2926 Id
1435 2874 1570 2927 enim
1600 2890 1633 2927 a
1663 2876 1869 2944 congris
1899 2876 2066 2929 evenit

495 2957 578 3019 είὶ
607 2957 697 3011 sed
727 2964 932 3016 renasci
958 2964 1093 3017 sicut
1119 2963 1325 3028 colatis,
1348 2972 1397 3016 et
1426 2962 1636 3017 lacertis
1656 2962 1900 3030 caudam,
1927 2964 2068 3016 haud

521 3058 714 3110 alsum.

521 3059 714 3110 alsum.

496 3059 525 3125 ί
564 3148 726 3214 lbid.,
751 3149 847 3204 lin.
873 3149 963 3204 20.
991 3149 1362 3217 Μικρότατον
1387 3148 1455 3204 δὲ
1481 3149 1556 3218 τῇ
1579 3151 1778 3220 φύσει.
1805 3148 2061 3214 Basilius,

2180 1973 2396 2028 tantilla
2427 1982 2502 2027 est
2538 1975 2671 2028 satis
2701 1985 2885 2028 contra
2909 1982 2984 2027 tot
3011 1974 3233 2042 impetus
3263 1983 3320 2026 ut
3369 1981 3499 2026 vetet
3545 1973 3620 2026 ire
3650 1987 3748 2024 na-

2177 2066 2335 2136 vigia.
2386 2064 2489 2119 Sed
2532 2075 2756 2120 armata:
2799 2066 2994 2120 classes
3045 2067 3316 2135 imponunt
3359 2064 3461 2119 sibi
3517 2065 3745 2118 turrium

2175 2156 2570 2228 propugnacula
2609 2166 2666 2210 ut
2705 2157 2760 2210 in
2815 2158 2955 2210 mari
3004 2173 3205 2228 quoque
3244 2164 3499 2228 pugnetur
3541 2157 3679 2210 velut
3717 2173 3746 2210 e

2175 2251 2362 2305 muris.
2401 2249 2557 2303 Heu!
2595 2251 2800 2304 vanitas
2831 2251 3082 2314 humana,
3127 2267 3243 2304 cum
3277 2259 3476 2304 rostra-
3499 2249 3598 2303 illa
3644 2265 3749 2304 tere

2176 2342 2414 2412 ferroque
2443 2343 2512 2396 ad
2528 2344 2662 2396 ictus
2693 2351 2924 2407 armata,
2951 2341 3282 2412 semipedalis
3311 2341 3540 2397 inhibere
3555 2343 3742 2412 possit,

2176 2451 2237 2488 ac
2264 2444 2434 2488 tenere
2455 2436 2691 2490 devincta
2720 2435 3043 2503 pisciculus!
3066 2435 3308 2491 Isidorus
3337 2436 3519 2506 itaque
3549 2450 3649 2490 sua
3677 2451 3745 2490 ex

2172 2523 2438 2583 Plinianis
2469 2528 2620 2583 hisce
2643 2535 2922 2583 mutuatus
2950 2535 3054 2591 est,
3080 2528 3181 2582 etsi
3215 2527 3388 2583 mavis
3410 2526 3740 2597 compilavit,

2172 2631 2282 2670 non
2311 2633 2373 2671 ex
2404 2617 2712 2683 Ambrosio,
2738 2625 2797 2670 ut
2825 2615 3209 2672 animadvertit
3240 2614 3638 2671 Rittershusius
3685 2615 3743 2668 in

2177 2707 2408 2778 Oppiani
2436 2709 2677 2762 Ἀλιευτ.
2705 2709 2799 2762 lib.
2831 2725 2869 2763 ι.
2893 2707 3088 2762 Subdit
3108 2707 3542 2762 PliniusAttiaco
3569 2711 3743 2760 marte

2171 2799 2481 2870 prmtoriam
2497 2814 2687 2854 navem
2710 2798 2931 2854 Antonii
2955 2798 3280 2869 pisciculum
3296 2797 3442 2852 hunc
3455 2797 3700 2852 tenuisse
3723 2811 3736 2848 :

2169 2896 2223 2942 et
2257 2903 2357 2943 sua
2387 2889 2649 2944 memoria
2693 2889 2809 2944 Caii
2862 2888 3127 2959 principis
3175 2889 3242 2942 ab
3271 2887 3472 2943 Astura
3519 2887 3740 2941 Antium

2169 2979 2490 3050 remigantis
2524 2999 2536 3032 :
2571 2982 2673 3037 hoc
2701 2991 2754 3037 et
2785 2983 3142 3052 experientiis
3185 2991 3498 3038 nostrorum
3537 2988 3742 3050 tempo-

2167 3087 2289 3126 rum
2309 3075 2720 3144 comprobatum
2756 3081 2862 3129 est.
2888 3072 3146 3128 Testatur
3165 3073 3464 3128 Guilelmus
3480 3071 3741 3127 Rondele-

2168 3163 2275 3219 tius
2293 3179 2351 3220 se
2371 3166 2690 3236 cognovisse
2702 3167 2998 3231 triremem,
3018 3164 3074 3220 in
3089 3181 3193 3235 qua
3210 3163 3501 3220 cardinalis
3517 3161 3738 3232 quidam

491 3242 640 3296 hom.
673 3242 739 3296 7:
768 3240 892 3294 Ἐὰν
919 3241 976 3294 δὲ
998 3240 1254 3312 ἀκούσῃς,
1285 3241 1365 3294 ὅτι
1384 3241 1452 3293 τὰ
1479 3241 1708 3312 μέγιστα
1727 3241 1834 3294 τῶν
1865 3240 2061 3294 πλοίων

2169 3256 2506 3312 Turonensis
2547 3256 2775 3312 Romam
2807 3267 2997 3314 vectus
3017 3267 3123 3321 est,
3156 3257 3336 3311 medio
3364 3270 3526 3311 cursu
3553 3252 3734 3308 oruni-

488 3334 830 3406 ὴπ).ωμένοις
867 3335 1053 3397 ἱστίοις
1092 3333 1150 3398 ἐξ
1175 3334 1363 3405 οὐρίας
1399 3335 1673 3406 φερόμενα
1697 3333 1758 3386 τὸ
1800 3334 2062 3404 μικρότα-

487 3443 578 3478 τον
615 3425 845 3496 ἰχθύδιον
892 3426 925 3496 ἡ
975 3423 1187 3494 ἐχενηῒς
1223 3423 1363 3476 οὕτω
1407 3425 1602 3496 ῥᾳδίως
1647 3423 1879 3494 ἵστησιν,
1921 3422 2061 3475 ὥστε

487 3519 742 3591 ἀκίνητον
766 3518 860 3572 ἐπὶ
890 3517 1137 3570 πλεῖστον
1168 3517 1480 3586 φυλάσσειν,
1510 3516 1699 3589 ὥσπερ
1728 3517 2062 3588 καταρριζω-

488 3610 668 3664 θὲν.ὲν
693 3609 842 3680 αὐτῷ
881 3609 960 3679 τῷ
995 3609 1246 3677 πελάγει·
1279 3604 1366 3679 ἆρ’
1396 3609 1517 3678 οὑχὶ¹
1563 3609 1655 3662 καὶ
1682 3610 1738 3662 ὲν
1771 3608 1848 3679 τῷ
1883 3606 2061 3679 μικρῷ

485 3703 660 3771 τούτῳ
705 3703 805 3772 τὴν
834 3701 1000 3772 αὐτὴν
1028 3700 1127 3772 τῆς
1159 3701 1252 3754 τοῦ
1299 3702 1581 3765 κτίσαντος
1610 3702 1890 3773 δυνάμεως
1919 3701 2058 3769 λαμ-

488 3794 672 3858 6άνεις
701 3793 1000 3860 ἀπόδειξινς
1030 3792 1277 3858 Nonnus,
1316 3793 1531 3863 Diauys.
1562 3793 1620 3846 9|
1657 3813 1669 3847 :

491 3909 752 3972 Ἔκλυες
780 3908 1054 3975 εἰναλίην
1082 3908 1380 3976 ἐχενηΐδα,
1407 3907 1530 3973 πῶς
1562 3907 1654 3960 ἐνὶ
1682 3909 1880 3971 πόντῳ

499 3978 694 4046 Ἰχθὺς
720 3978 920 4044 βαιὸς,
962 3979 1206 4048 ἆνατκις
1230 3977 1486 4048 ἐπέχραε
1500 3977 1769 4048 πολλάκι
1784 3978 2028 4042 ναύταις

487 4051 602 4116 Ἂιψ
623 4048 1044 4116 ἀνασειράζων.
1083 4046 1292 4117 Ὀλίγῳ
1319 4047 1371 4100 δ’
1397 4047 1515 4101 ὑπὸ
1542 4046 1800 4116 χάσματι
1839 4047 2056 4117 λαιμοῦ

481 4115 845 4187 Mazacam-hu
865 4119 1127 4187 ἁνέκοψε
1158 4115 1530 4187 κατάσχετον
1567 4115 1794 4171 ὁλκάδα
1832 4115 2051 4186 demitti).

556 4233 752 4290 Eadem
785 4235 1062 4304 eleganter
1077 4240 1131 4288 et
1147 4231 1366 4304 copiose
1380 4230 1661 4304 Oppianus
1687 4232 1928 4287 Ἁλιευτ.
1958 4231 2049 4286 lib.

481 4344 539 4392 ις
573 4333 628 4382 et
656 4324 930 4389 Lucanus,
950 4324 1044 4379 lib.
1077 4340 1126 4378 γι
1162 4344 1173 4378 :

481 4436 606 4491 Non
634 4436 845 4504 puppim
878 4437 1101 4490 renitens
1131 4451 1257 4489 euro
1282 4434 1519 4488 tendente
1565 4434 1809 4488 rudentes

480 4507 549 4560 In
583 4507 768 4560 mediis
803 4506 1034 4559 echeneis
1059 4507 1230 4577 aquis.

543 4596 770 4654 Ovidius
805 4615 820 4651 :

479 4706 654 4761 Parva
684 4705 913 4760 echeneis
944 4704 1112 4771 adest,
1144 4704 1360 4769 mirum,
1388 4719 1537 4757 mora
1567 4703 1823 4773 puppibus
1846 4703 2046 4773 ingens.

475 4826 620 4879 Idem
646 4821 836 4878 scribit
879 4819 1228 4880 Plutarchus,
1271 4835 1309 4873 ιι
1355 4817 1597 4889 Sympos.
1633 4826 1827 4890 quaest.
1864 4819 1895 4872 7
1925 4827 1978 4873 et
2008 4837 2044 4874 ιι

476 4915 740 4989 problem.
783 4919 976 4982 quaest.
1027 4913 1087 4978 7;
1134 4911 1480 4973 Ambrosius,
1526 4911 1625 4967 lib.
1661 4927 1714 4976 v,
1762 4910 2042 4975 Ilexaem.,

473 5025 595 5079 cap.
630 5007 731 5074 10;
758 5004 1088 5060 Franciscus
1135 5003 1452 5067 Petrarcha,
1501 5001 1737 5073 ιιι-πίοι,
1773 5003 1865 5059 lib.
1897 5020 1934 5063 ιι
1969 5002 2045 5056 De

474 5099 666 5155 remed.
705 5107 814 5150 utr.
841 5095 995 5163 fort.;
1028 5093 1200 5149 Lilius
1229 5092 1509 5156 Giraldus,
1547 5093 1624 5146 De
1654 5093 1897 5162 navigiis,
1919 5108 2037 5163 cap.

378 5185 384 5193 ’
471 5190 540 5256 5;
571 5186 810 5242 Joannes
842 5184 1150 5240 Sambucus
1181 5183 1444 5240 Emblem.
1470 5182 1607 5250 205;
1637 5181 1788 5237 Phile
1812 5184 1868 5236 in
1895 5183 2042 5236 Iam-

470 5277 548 5330 bis
595 5293 690 5333 eas
735 5277 1046 5347 ναυκράτας
1091 5275 1326 5330 vocavit.
1385 5275 1629 5329 Meminit
1675 5273 2040 5328 Cassiodorus

470 5368 566 5424 lib.
594 5385 608 5422 ι
665 5367 790 5422 Var.
822 5367 1186 5422 Echeneidem
1221 5382 1481 5420 remoram
1512 5365 1689 5420 Latini
1734 5372 2038 5431 vocarunt;

468 5460 724 5515 Afranius
752 5466 804 5514 et
832 5459 1055 5514 Plautus
1084 5458 1228 5529 apud
1276 5458 1493 5514 Festum
1525 5459 1916 5529 remaliginem;
1940 5457 2040 5513 Pe-

471 5561 588 5608 trus
619 5552 933 5615 Damianus.
962 5553 1056 5608 lib.
1081 5569 1143 5619 ιι,
1173 5551 1336 5622 epist.
1374 5553 1461 5616 18,
1507 5553 1852 5619 echeneidem,
1901 5553 2039 5606 echi-

470 5659 596 5696 nam
619 5655 794 5710 vocat,
827 5645 970 5713 quod
1006 5654 1135 5715 puto
1162 5645 1377 5699 incuria
1423 5645 1774 5714 scriptorum,
1801 5653 1856 5700 et
1880 5647 2039 5700 simi-

469 5734 698 5790 litudine
741 5736 982 5790 nominis
1025 5736 1077 5790 id
1111 5735 1410 5801 accidisse;
1457 5752 1587 5806 ergo
1620 5735 1882 5791 Damiano
1911 5752 2037 5806 pro-

469 5826 670 5899 prium,
695 5837 747 5883 ct
775 5828 1066 5894 scribatur,
1094 5827 1246 5893 Quod
1263 5828 1491 5883 echeneis
1515 5830 1671 5884 etiam
1698 5829 1882 5897 brevis,
1901 5838 2030 5896 etc.,

2167 3350 2269 3404 bus
2299 3349 2696 3406 admirantibus
2726 3351 3032 3406 inhibitam.
3090 3350 3157 3404 Et
3187 3365 3289 3420 ego
3315 3348 3446 3404 dum
3501 3347 3738 3404 Venetiis

2167 3455 2561 3504 commorarer,
2589 3442 2724 3497 alias
2747 3443 2987 3498 conchas
3013 3441 3149 3496 idem
3172 3443 3353 3496 valere
3379 3439 3736 3510 ejusdemque

2163 3548 2282 3588 esse
2321 3532 2577 3604 potentiae
2618 3532 2969 3603 deprehendi.
3003 3532 3134 3598 Qua
3177 3539 3233 3587 et
3265 3531 3421 3586 navis
3473 3530 3733 3601 impetum

2162 3625 2486 3695 impediunt.
2531 3635 2585 3682 et
2620 3641 2843 3680 cursum
2883 3626 3190 3696 segniorem
3241 3624 3499 3688 reddunt,
3549 3624 3598 3678 si
3641 3636 3734 3677 ca-

2161 3716 2295 3771 rinte
2317 3717 2402 3771 vel
2441 3716 2508 3771 iis
2539 3715 2788 3786 partibus
2818 3715 3044 3784 navigii,
3075 3730 3197 3785 quas
3223 3715 3380 3786 aquis
3419 3729 3614 3769 mersae
3654 3713 3734 3766 la-

2161 3813 2276 3861 tent
2321 3806 2680 3877 applicentur,
2714 3805 2835 3862 ideo
2866 3805 3048 3861 nautis
3089 3805 3144 3860 in
3184 3819 3334 3860 more
3379 3804 3618 3875 positum
3647 3808 3732 3859 est

2158 3914 2251 3954 eas
2285 3915 2348 3954 ex
2379 3898 2487 3954 illis
2516 3898 2784 3969 partibus,
2819 3898 2948 3954 dum
2983 3897 3051 3951 ad
3076 3897 3178 3952 iter
3207 3896 3474 3968 agendum
3512 3911 3572 3950 se
3593 3910 3728 3965 prae-

2157 3995 2372 4059 parant,
2394 3989 2698 4044 extrahere.
2736 3989 2795 4042 ln
2838 3988 2942 4042 hoc
2972 3996 3156 4042 tamen
3191 3994 3399 4041 naturae
3430 4000 3724 4051 consensu,

2158 4079 2400 4149 nullique
2422 4079 2588 4134 dubia
2613 4079 2945 4149 experientia
2964 4078 3185 4149 quidam
3207 4093 3330 4134 esse
3346 4078 3536 4132 volunt
3557 4078 3618 4130 οὺ
3634 4094 3728 4130 τα-

2157 4177 2451 4246 χυπειϐεἰς,
2475 4185 2529 4230 et
2563 4191 2626 4231 ea
2653 4191 2774 4246 qua
2808 4175 3046 4230 diximus
3079 4176 3158 4229 uti
3191 4175 3460 4241 fabulosa,
3497 4182 3552 4229 et
3576 4189 3726 4228 com-

2155 4266 2402 4319 mentitia
2432 4266 2715 4320 damnant.
2746 4268 2892 4320 inter
2935 4281 3032 4322 eos
3062 4274 3146 4321 est
3175 4265 3438 4322 Gerartus
3490 4265 3722 4318 Falken-

2155 4357 2379 4426 burgius
2405 4357 2459 4411 in
2495 4357 2819 4413 lectionibus
2849 4364 2903 4411 et
2929 4357 3259 4427 coniecturis
3293 4357 3360 4410 ad
3384 4355 3562 4410 Nonni
3597 4355 3724 4408 Dio-

2155 4449 2338 4517 nysica
2363 4465 2381 4501 :
2415 4449 2614 4518 quibus
2660 4449 2946 4518 responsio
2976 4449 3031 4502 in
3075 4456 3330 4518 promptu
3361 4464 3428 4504 ex
3451 4447 3718 4518 Oppiano.

2083 4547 2130 4618 ις
2160 4537 2303 4602 Quid
2334 4554 2464 4594 vero
2495 4541 2566 4593 sit
2589 4539 2703 4593 hazc
2733 4539 2988 4594 echeneis
3015 4555 3136 4609 quae
3165 4539 3470 4609 cogitstare
3488 4539 3724 4604 navigia,

2154 4637 2568 4685 controversum
2605 4631 2782 4686 adhuc
2808 4639 2910 4686 est.
2942 4629 3044 4696 Qui
3071 4630 3406 4700 temporibus
3437 4628 3553 4683 Caii
3577 4629 3722 4682 illam

2150 4720 2440 4786 viderunt,
2482 4722 2676 4782 ,limaci
2725 4736 2934 4792 magnae
2983 4722 3216 4777 similem
3267 4737 3390 4776 esse
3441 4719 3716 4774 dixerunt.

2150 4809 2458 4877 Mutianus,
2511 4815 2761 4867 muricem
2814 4829 2925 4867 esse
2975 4813 3217 4869 latiorem
3271 4830 3508 4883 purpura
3562 4827 3722 4882 neque

2149 4921 2332 4973 aspero
2356 4923 2516 4978 neque
2545 4909 2768 4961 rotundo
2791 4927 2898 4975 ore,
2925 4927 3085 4980 neque
3115 4911 3166 4962 in
3195 4908 3412 4978 angulos
3433 4907 3721 4976 prodeunte

2148 5006 2344 5062 rostro,
2376 4999 2465 5053 sed
2502 5001 2740 5070 simplice
2766 5003 2963 5054 concha
2995 5011 3215 5072 utroque
3243 5000 3406 5053 latere
3429 5014 3540 5054 sese
3561 4997 3717 5050 colli-

2145 5100 2328 5160 gente,
2353 5091 2623 5146 reierente
2669 5091 2870 5147 Plinio.
2917 5093 3173 5146 Straboni
3220 5099 3305 5147 est
3336 5090 3556 5161 βδέλλα;
3595 5088 3718 5144 aliis

2146 5183 2462 5252 pisciculus.
2487 5183 2775 5238 Cardanus
2803 5199 2910 5237 una
2945 5199 3068 5238 cum
3093 5183 3382 5252 torpedine
3403 5179 3714 5244 confundit,

2144 5277 2348 5345 aitque,
2373 5277 2654 5331 nominum
2679 5276 3060 5342 similitudine,
3093 5283 3146 5330 ct
3171 5274 3397 5330 ell‘ectus
3428 5275 3715 5343 deceptum

2142 5367 2490 5423 Aristotelem
2531 5367 2791 5439 deceptus
2821 5370 2939 5440 ipse
2974 5383 3157 5423 rerum
3192 5367 3526 5421 naturalium
3559 5365 3714 5434 igno-

2143 5459 2378 5522 ratione,
2406 5470 2458 5514 et
2495 5459 2678 5515 minus
2707 5467 2917 5515 attenta
2948 5459 3313 5514 Aristotelicas
3345 5456 3609 5511 doctrinae
3643 5454 3713 5507 lc-

2141 5552 2342 5607 ctione.
2375 5550 2465 5605 Sic
2505 5553 2668 5606 etiam
2723 5551 2957 5607 Trebius
3003 5552 3166 5620 Niger
3195 5550 3439 5620 pedalem
3482 5561 3622 5609 esse,
3656 5551 3712 5597 et

2140 5646 2507 5700 crassitudine
2535 5645 2778 5716 quinque
2818 5645 3114 5716 digitorum
3159 5643 3465 5704 aliirmavit,
3500 5636 3710 5691 Plinius

2141 5736 2550 5806 semipedalem,
2581 5736 2861 5806 Oppianus
2909 5737 3189 5806 ἰσύπηχυν.
3245 5735 3430 5804 Neque
3489 5733 3544 5784 in
3599 5738 3709 5781 tra-

2141 5829 2316 5885 denda
2347 5844 2512 5885 causa
2541 5830 2892 5885 conveniunt.
2923 5829 3284 5900 Hieronymus
3303 5823 3706 5888 Fracastorius,
