4124 6436
435 378 538 437 885

1424 372 1490 427 1N
1531 366 1907 429 EUSTATHII
1943 364 2419 422 llEXAEMERON
2469 345 2721 423 norm.”

3590 341 3719 425 sse2

440 498 513 552 De
541 497 838 569 sympathia
870 505 919 551 et
965 494 1263 565 antipathia
1310 508 1510 558 rerum,
1557 506 1680 562 cap.
1709 491 1765 556 8,
1800 504 1908 545 non
1938 488 2008 545 ab
2036 493 2080 550 Α
2111 495 2278 557 neget.
2324 486 2419 544 lib.
2466 503 2549 554 ur,
2596 486 2740 557 quod
2792 486 2949 558 hydri
2989 487 3309 571 Eustathius
3344 487 3721 569 ichneumoni

434 589 728 647 ecbenelde
767 589 945 645 navim
970 587 1240 652 cohiberi,
1278 585 1374 641 sed
1405 583 1758 640 echeneidem
1784 596 1909 639 esse
1936 581 2012 637 si-

434 700 601 757 gnum
634 683 865 755 scopuli,
901 682 997 755 qui
1033 681 1211 739 subsit
1244 678 1347 735 sub
1374 680 1531 750 aquis
1584 678 1744 748 cujus
1774 675 1893 731 saxi
1928 674 2011 730 vis

436 792 630 833 navem
661 776 926 832 remorari
943 775 1138 830 valeat.
1164 773 1317 827 Illum
1330 770 1509 827 Julius
1530 768 1773 840 Scaliger
1788 772 1855 823 de
1882 766 2013 823 sub-

436 868 628 923 tilitate
642 866 710 921 ad
721 864 1054 928 Cardanum,
1067 877 1252 919 exere.
1272 861 1399 930 2l9,
1418 860 1666 932 pluribus
1678 858 2013 930 argumentis

435 957 655 1022 refellit,
683 971 809 1012 cum
826 955 961 1011 nihil
991 955 1106 1026 ipse
1122 952 1190 1008 de
1212 969 1313 1009 suo
1335 954 1389 1007 in
1418 950 1655 1007 medium
1671 949 1880 1015 aﬂ‘erat,
1918 949 2013 1005 sed

435 1050 505 1106 ad
548 1047 796 1105 occultas
822 1045 1087 1118 quasdam
1112 1045 1407 1115 qualitates
1445 1042 1514 1097 ab
1535 1041 1821 1098 elementis
1845 1040 2011 1097 rebus

435 1141 887 1206 communicatas,
905 1153 1044 1209 quas
1068 1137 1313 1193 nesciant
1328 1135 1496 1191 animi
1514 1133 1798 1205 temperati
1825 1152 1838 1188 :
1869 1138 1923 1188 et
1943 1131 2012 1186 ad

434 1233 756 1291 manifestas
774 1232 957 1288 omnia
980 1232 1251 1287 deducere
1271 1228 1565 1300 qualitates
1589 1240 1801 1283 summa
1835 1226 2013 1297 impu-

435 1324 618 1381 dentia
634 1332 740 1381 est.
765 1323 984 1380 Scilicet
1017 1323 1122 1379 hoc
1170 1328 1252 1378 est
1278 1321 1334 1374 in
1360 1319 1646 1376 sententiis
1666 1317 2017 1375 doctissimo-

434 1432 558 1473 rum
574 1432 634 1474 se
642 1430 918 1480 exercere,
929 1428 1050 1486 quas
1068 1428 1185 1484 Ipse
1194 1412 1412 1469 nescias
1428 1409 1696 1476 refellere,
1713 1415 1766 1465 et
1783 1408 2014 1464 aliorum

435 1508 494 1565 in
512 1523 699 1566 rerum
726 1507 911 1564 causis
939 1504 1262 1576 indagandis
1288 1504 1528 1560 studium
1551 1511 1606 1559 et
1635 1501 1897 1572 impetum
1917 1514 2015 1570 op~

434 1599 752 1672 pugnando,
778 1597 912 1670 quid
941 1597 1067 1669 ipse
1088 1602 1280 1668 postea
1305 1595 1502 1667 possit,
1543 1600 1810 1666 quantum
1837 1593 2015 1649 valeat

434 1694 491 1749 in
517 1692 720 1764 ingenii
749 1691 977 1747 humani
1007 1689 1152 1746 vires
1180 1687 1505 1751 imbecilles,
1535 1686 1622 1743 vel
1640 1683 2015 1742 occultissima

433 1800 648 1847 naturae
689 1797 901 1848 secreta
943 1786 1260 1844 amandare.
1297 1783 1342 1839 0
1372 1800 1503 1841 vere
1547 1782 1817 1855 lepidum!
1851 1796 1885 1837 o
1915 1781 2015 1837 do-

432 1892 582 1940 ctum
606 1883 801 1954 caput!
836 1882 1042 1938 habent
1061 1893 1223 1951 quem
1245 1884 1547 1949 sequantur
1576 1851 1721 1946 frugi
1748 1874 1805 1929 in
1837 1873 2009 1930 scien-

2117 1886 3186 1983 admmmcendnm
3217 1851 3667 1983 ἐμφαέάλῗτῖ

432 1976 529 2034 tiis
557 1976 832 2041 homines,
863 1991 985 2048 qua
1019 1974 1298 2045 ignorant,
1330 1971 1446 2042 jam
1477 1985 1538 2026 se
1572 1969 1716 2025 scire
1764 1981 2017 2039 compro-

431 2068 663 2133 habunt,
703 2067 752 2125 si
788 2067 856 2123 ad
903 2066 1200 2140 qualitates
1239 2063 1364 2119 illas
1413 2061 1682 2127 occultas,
1725 2075 1864 2132 quas
1913 2059 2018 2130 ipsi

433 2160 693 2216 nesciunt
716 2159 952 2226 scilicet,
985 2156 1281 2214 deducent.
1317 2152 1425 2210 Sed
1457 2153 1621 2210 nobis
1662 2140 1892 2208 tantillis
1911 2152 2016 2207 ho-

433 2251 827 2309 muncionibus
870 2251 925 2307 id
968 2249 1159 2307 forsan
1200 2252 1348 2304 esset
1397 2247 1556 2304 satis.
1591 2246 1663 2302 At
1714 2244 2014 2318 Scaligero,

434 2359 596 2414 quem
624 2343 766 2399 nihil
795 2343 854 2398 in
896 2357 1085 2398 rerum
1125 2350 1324 2399 natura
1353 2340 1492 2411 fugit
1530 2354 1792 2412 unquam,
1826 2345 1882 2395 et
1922 2337 2017 2410 qui

432 2435 573 2493 nihil
603 2451 730 2492 cum
763 2436 889 2493 aliis
926 2450 1239 2492 commune.

502 2616 665 2683 lbid.,
693 2617 793 2671 lin.
822 2616 913 2672 25.
952 2616 1169 2686 ’Ύδρος
1209 2615 1277 2670 δέ
1316 2616 1486 2671 ἐστιν
1514 2615 1583 2669 ἐν
1630 2611 1710 2680 τῷ
1747 2608 2013 2681 ποταμῷ.

432 2709 629 2768 Petrus
661 2709 978 2775 Damianus,
1011 2710 1106 2765 lib.
1141 2725 1205 2774 ιι,
1237 2709 1400 2779 epist.
1436 2707 1502 2762 18
1529 2724 1543 2760 :
1574 2704 1791 2777 Hydrus
1816 2703 2019 2758 animal

431 2811 511 2857 est
537 2801 785 2857 habitans
821 2803 878 2856 in
906 2799 1205 2873 gurgitibus
1240 2801 1543 2870 ﬂuminum,
1569 2797 1849 2853 crocodilis
1875 2795 2018 2865 fera-

431 2894 556 2949 h'ter
607 2894 906 2948 inimicum.
952 2892 1056 2947 Hic
1088 2894 1266 2963 itaque
1313 2908 1434 2945 cum
1476 2889 1668 2944 viderit
1696 2886 2018 2942 crocodilum

433 2995 612 3058 aperto
644 3003 732 3041 ore
765 2987 821 3041 in
846 2985 1107 3056 crepidine
1140 2986 1376 3057 ﬂuntinis
1408 2984 1775 3048 dormientem,
1810 2979 2011 3049 provol-

430 3080 572 3134 vitur
603 3078 655 3133 in
684 3078 811 3133 limo
838 3078 960 3145 luti,
993 3086 1051 3130 ut
1091 3075 1336 3147 faucibus
1373 3076 1522 3130 illius
1563 3073 1765 3128 lubrico
1800 3086 2019 3141 corpore

432 3169 648 3239 facilius
667 3170 836 3238 possit
868 3167 1042 3222 illabi.
1070 3167 1216 3221 Tunc
1243 3167 1302 3221 in
1331 3182 1389 3220 os
1411 3163 1666 3220 crocodili
1700 3162 2012 3217 dormientis
2038 3197 2088 3261 Ο

428 3262 710 3331 perniciter
742 3261 937 3325 insilit,
969 3275 1121 3330 quem
1143 3258 1237 3313 ille
1256 3257 1587 3313 desubitatus
1609 3264 1817 3325 repente
1831 3253 2017 3325 deglu-

431 3355 516 3410 tit.
542 3352 763 3425 Hydrus
802 3369 921 3407 vero
950 3353 1153 3407 uiscera
1189 3352 1304 3421 ejus
1335 3360 1525 3405 cuncta
1563 3349 1814 3412 dilaniat,
1850 3347 2015 3403 donec

429 3454 480 3500 et
505 3444 621 3515 jam
653 3460 873 3514 prorsus
902 3445 1164 3499 exstincto
1202 3441 1266 3497 de
1293 3441 1548 3496 cadavere
1582 3440 1730 3496 illius
1787 3440 1930 3495 vivus
1963 3447 2013 3493 et

430 3538 597 3593 uictor
626 3547 888 3606 erumpat.
915 3534 1092 3605 Hujus
1144 3533 1395 3590 animalis
1428 3533 1677 3589 meminit
1711 3531 1875 3587 etiam
1912 3531 2013 3585 Mi-

429 3628 588 3685 chael
608 3627 825 3701 Glycas,
854 3628 948 3684 lib.
984 3644 1036 3683 tv
1063 3626 1400 3692 Annalium;
1443 3624 1615 3683 David
1646 3625 2009 3691 Hmschelius,

428 3728 485 3778 et
525 3719 818 3778 Conradus
870 3719 1300 3783 Rittershusius,
1349 3718 1444 3774 hic
1490 3718 1638 3775 notis
1670 3718 1740 3773 ad
1780 3717 2012 3789 Oppiani

427 3813 679 3886 Cyneget.
707 3814 803 3869 lib.
822 3829 908 3880 Ill,
932 3828 1044 3869 ver.
1069 3812 1198 3878 407,
1225 3812 1320 3867 ille
1355 3811 1506 3868 notis
1522 3811 1578 3866 in
1607 3808 1810 3866 Horum
1830 3810 1922 3865 lib.
1950 3826 2010 3876 ll,

428 3920 554 3977 cap.
589 3905 695 3973 35,
743 3904 949 3961 animal
1000 3903 1107 3958 hoc
1162 3917 1289 3958 cum
1337 3901 1699 3958 ichneumone
1759 3901 2015 3959 videntur

429 3997 790 4065 confundere,
847 4003 902 4053 et
957 3994 1370 4052 Rittershusius
1436 3994 1621 4049 locum
1690 3991 1886 4051 lsidori
1945 4008 2014 4050 ex

429 4088 530 4146 lib.
552 4104 654 4154 xu,
674 4102 796 4160 cap.
830 4086 885 4152 6,
915 4085 1159 4143 adducit.
1190 4083 1372 4142 Verba
1406 4100 1531 4156 quae
1565 4082 1752 4140 laudat
1792 4084 2007 4153 lsidori,

430 4187 597 4237 sunt:
631 4180 866 4236 Bestiola
886 4194 952 4235 ea:
978 4195 1039 4235 eo
1066 4185 1372 4248 nuncupata
1406 4176 1617 4248 quodin
1650 4177 1800 4248 aquis
1834 4193 2007 4233 verse-

432 4282 541 4339 tur,
588 4280 641 4327 et
686 4273 917 4327 maxime
962 4271 1021 4326 in
1054 4268 1188 4326 Nilo
1231 4270 1455 4343 (nomen
1502 4268 1750 4326 bestiola:
1793 4268 2013 4342 ἔνυδρος

430 4365 559 4436 est),
591 4380 709 4435 quae
726 4365 775 4419 si
798 4364 1052 4419 invenerit
1066 4361 1412 4419 dormientem
1440 4360 1787 4427 crocodilum,
1811 4361 2015 4417 volutat

429 4472 487 4512 se
528 4455 584 4511 in
610 4455 782 4510 lutum
808 4457 1038 4526 primum
1069 4466 1120 4512 et
1160 4457 1328 4511 intrat
1353 4457 1409 4511 in
1442 4472 1500 4511 os
1534 4455 1649 4525 ejus
1670 4471 1763 4525 per
1785 4463 2013 4510 uentrem

2118 579 2333 635 tribuit.

2129 693 2451 766 Ἰχνεύμιιηο
2491 693 2671 766 ,ϐαιὸς
2716 694 2852 763 μὲν,
2880 694 3034 766 ’ᾀῖςὰρ
3081 694 3437 766 μεγάλοισιν
3482 697 3695 766 ὁμοίως

2113 762 2464 843 μέτίπεσθαι
2495 762 2748 843 θήρεσςίι
2772 762 3063 843 centuriae;-
3082 762 3285 843 etfer
3300 762 3558 843 βουλῇ,

2127 833 2343 906 ςΑλκῆς
2371 850 2434 887 τε
2464 834 2757 906 κρατερῆς
2781 836 2907 906 ὐπὸᾼ
2936 835 3298 906 νηπεδανοῒς
3315 833 3608 906 μελέεσσι
3713 850 3721 893 '~.

2231 895 2344 973 γάρ
2372 921 2429 984 τέ
2459 895 2746 984 κὲρρεῖγάἱ
2768 895 3101 984 κατᾴθςτὰνεΔ
3116 895 3336 984 {Semidei
3367 906 3552 984 ςρῦεὶα2

2126 972 2540 1046 Ἑρπυστῆραςλ
2552 974 2717 1046 ὄφεις
2729 992 2793 1030 τε
2802 976 2899 1030 καὶ
2912 975 3246 1046 ἀργαλέους
3255 972 3669 1046 κροᾶιοδείλους
3677 1014 3693 1036 .

2112 1043 2711 1122 Ifelrgvc_Nealdtovc,
2739 1043 2960 1122 ερον-ιον
2976 1043 3173 1122 γένος’
3198 1043 3423 1122 ὁππότε
3441 1045 3551 1117 γάρ
3573 1043 3667 1114 τις

2116 1114 2321 1186 ξηρῶν
2347 1114 2695 1186 λευγαλέων
2723 1115 2895 1183 εὕδῃ,
2926 1114 3238 1186 τρίστοιχα
3278 1114 3591 1183 πετὰαοίας

2111 1183 2346 1256 Χείλεα,
2368 1183 2479 1256 καῖ
2489 1184 2636 1254 χάος
2652 1186 2817 1256 εὐρὺ,
2835 1186 2933 1240 καὶ
2951 1183 3226 1256 ἄσπετοῆ
3236 1188 3446 1242 αἰόλον
3458 1187 3627 1256 ἕρκος

2113 1251 2193 1337 dri
2208 1255 2300 1337 ῥα
2321 1251 2759 1337 edentiwa
2788 1255 3002 1337 ᾷολζην
3036 1255 3335 1337 ἐπὶ-θῆται·
3357 1251 3643 1337 ὑφαῖνωὴ

2113 1323 2328 1396 Λοξοῖς
2359 1323 2761 1396 ᾧφθαλμοῗσιν
2777 1323 3067 1395 ἀπείρονα
3084 1323 3249 1396 φῦλα
3278 1323 3530 1391 δοκεύει,

2114 1395 2333 1466 Εζσόκε
2355 1395 2432 1466 δὴ
2460 1396 2663 1466 βαθύν·
2687 1396 2887 1466 ὕπνον
2914 1395 3213 1466 ἐπὶγφρεσὶ
3242 1399 3653 1465 πιστεύσηται.

2113 1459 2275 1540 ᾼῙψα
2288 1459 2446 1540 d‘ﬁp’
2461 1465 2531 1519 ἐν
2543 1465 2874 1540 ψαμάθοισι
2891 1467 2989 1540 οιαὶ
3004 1459 3379 1540 ὲῶίπηλοῑσιν
3393 1459 3662 1540 ἑλιοίθεὶς,

2127 1534 2314 1604 Ῥίμφ’
2337 1534 2571 1607 ἐρορενέ
2591 1534 2874 1607 πυλεῶνα
2899 1534 3280 1607 διιπτάμενος
3304 1537 3580 1594 θανάτοιο

2120 1604 2666 1678 Τολμηρῇλκραδιῃ,
2695 1605 2866 1678 dicit?
2895 1604 3320 1678 ebpéoéﬁlvde
3345 1609 3584 1678 λαιμοῦ.

2114 1674 2313 1749 Αίὺινὰρ
2335 1674 2423 1749 ὅγ’
2448 1674 2518 1749 ἐξ
2545 1674 2748 1749 ὕπνου
2764 1674 3069 1749 ,Βαρυαέος
3099 1674 3303 1749 ἔγρετο
3334 1674 3556 1746 δειλὸς,

2116 1745 2227 1799 Καὶ
2259 1744 2448 1801 κακὸν
2487 1748 2556 1801 ἐν
2595 1744 2928 1818 λαγόνεασι
2954 1744 3360 1817 φέρωῐτόσοορ
3386 1744 3699 1891 (intinctu-

3520 1835 3694 1886 πτον,

3520 1835 3694 1886 ator,
3706 1875 3713 1883 ,

2122 1958 2368 2030 Ἄλλοτε
2392 1958 2675 2030 μὲνᾴποτὶ
2695 1958 2936 2030 Ατέρματῖ
2960 1958 3364 2030 μυχάὲου
3388 1961 3696 2030 ποταμοῖο,

2123 1976 2368 2012 nancte
2379 1976 2528 2082 ζςιεν·τ
2538 1976 2675 2014 ποτι
2703 1976 2934 2029 tepuere
2960 1976 3065 2014 ιων
3087 1976 3364 2030 μυχατου
3388 1976 3696 2085 ποτιῖιοισ,

2123 2029 2366 2118 Istius
2380 2099 2403 2118 .
2420 2031 2528 2118 ζιξυ
2538 2027 2868 2118 two?
2881 2029 3311 2118 κυυξινδόμεηος
3325 2029 3513 2118 ξιξξικ
3537 2048 3700 2100 ρσον

2123 2099 2737 2171 ἈαῬροηάσθμαινφντ
2763 2099 3193 2171 στρωφώμενὸς
3213 2101 3356 2171 ἀμφ’
3378 2099 3694 2171 ὀδύνὴσινῖ

2136 2118 2354 2168 Ατριον
2366 2118 2737 2170 ασυμαινων,
2763 2118 3193 2182 στρωφωιίενος
3213 2118 3355 2225 ait?
3378 2118 3699 2227 οουᾘσιιζ

2118 2169 2317 2241 ᾼύτὰρ
2331 2168 2543 2241 ὅτόὺκ
2562 2169 2783 2241 ἀλέγει·
2802 2173 3066 2240 γλυκερῃ
3086 2171 3138 2225 δ’
3154 2171 3286 2225 sm:
3314 2172 3482 2239 prtec‘
3574 2169 3698 2241 ωδῃ

2120 2239 2334 2310 ’Ἠπᾳτι
2351 2238 2416 2310 δ’
2440 2238 2581 2309 ᾶγχι
2605 2238 2875 2310 μάλιστα
2898 2238 3240 2310 παρήμενος
3259 2238 3640 2305 εὶλαπινάζει.

2131 2308 2269 2378 ’0ψέ
2292 2309 2362 2364 δέ
2390 2326 2480 2364 τοι
2492 2308 2813 2378 προλιπὼν
2830 2308 3043 2366 κενεὸν
3054 2308 3249 2381 ’δέμας
3266 2309 3476 2381 ἔκθορε
3496 2311 3694 2382 θηρός.

2121 2421 2354 2477 Dubium
2393 2429 2557 2494 auget
2607 2421 2880 2480 Diodorus
2927 2423 3022 2495 qui
3066 2423 3487 2481 ichneumonem
3527 2439 3698 2495 parvo

2117 2504 2244 2567 cani
2283 2512 2518 2568 similem
2555 2511 2709 2581 facit,
2754 2514 2861 2571 etsi
2894 2516 3143 2572 mustelae
3182 2514 3476 2572 Nicander.
3508 2514 3697 2572 Timo-

2116 2604 2279 2661 theus
2309 2604 2424 2662 sive
2461 2604 2799 2676 Theophilus
2830 2608 3260 2678 Alexandrinus,
3289 2609 3539 2665 oratione
3576 2608 3700 2663 Τίνι

2119 2698 2421 2768 ὁμοιοῦται
2465 2702 2499 2754 d
2546 2700 2918 2770 ἀνθρώπινος
2954 2701 3117 2769 βίος,
3153 2701 3355 2757 animal
3404 2700 3508 2756 hoc
3551 2698 3700 2770 quod

2117 2804 2214 2858 per
2240 2803 2304 2844 os
2334 2790 2598 2846 crocodili
2628 2791 2823 2857 insilit,
2853 2792 3079 2849 subiens
3114 2793 3171 2847 in
3190 2799 3463 2859 ventrem,
3486 2799 3542 2849 et
3580 2791 3709 2847 diso.

2117 2886 2305 2949 cerpto
2356 2879 2478 2950 ejus
2529 2889 2722 2937 ventre
2766 2882 2880 2937 exit
2924 2882 3105 2938 bellua
3152 2890 3369 2938 mortua
3411 2880 3705 2944 derelicta.

2118 2973 2304 3045 hylum
2338 2975 2595 3045 appellat,
2637 2975 2863 3047 vultque
2897 2975 3083 3034 alitem
3117 2990 3259 3033 esse.
3295 2976 3408 3032 Kal.
3444 2974 3700 3045 καθάπερ

2116 3066 2177 3120 τὸ
2199 3066 2384 3139 ὄρνεον
2413 3066 2570 3132 ὖλλος
2597 3070 2757 3141 τηρεῖ
2783 3069 2874 3122 τὸν
2897 3069 3258 3143 κροκόδειλον,
3276 3068 3381 3134 ἓως
3403 3068 3469 3124 ἂν
3491 3068 3573 3141 ἴδῃ
3597 3068 3701 3122 αὐ·

2118 3158 2209 3212 τὸν
2234 3158 2407 3229 ἡδέως
2434 3159 2527 3213 καὶ
2550 3159 2872 3231 ἀμερίμνως
2901 3158 3275 3225 ὑπνώσσοντα,
3311 3161 3408 3216 καὶ
3434 3159 3496 3215 τὸ
3525 3161 3699 3232 στόμα

2121 3250 2466 3321 ἀνεῳγμένον
2483 3252 2696 3323 ἔχοντα·
2745 3252 2841 3306 καὶ
2868 3252 2992 3306 τότε
3031 3253 3366 3326 εἰσπηδῆσαν
3392 3256 3698 3326 εἰσέρχεται

2114 3341 2202 3396 διὰ
2228 3341 2321 3396 τοῦ
2363 3342 2628 3414 στόματος
2660 3342 2826 3398 αὐτοῦ
2866 3345 2948 3407 εἰς
2991 3343 3092 3416 τὴν
3131 3344 3339 3399 κοιλίαν
3380 3344 3566 3412 αὑτοῦ,
3603 3345 3699 3400 καὶ

2114 3433 2411 3509 διαῤῥῆξαν
2440 3435 2539 3506 τὴν
2564 3435 2809 3507 γαστέρα
2837 3435 3000 3490 αὐτοῦ
3035 3435 3339 3509 ἐξέρχεται,
3381 3434 3697 3493 καταλιπὼν

2115 3526 2276 3579 αὐτὸν
2311 3527 2523 3598 νεκρόν.
2565 3525 2672 3582 Sed
2708 3526 2776 3582 de
2809 3526 3174 3585 ichneumone
3206 3526 3457 3584 inferius.

2184 3616 2345 3684 lbid.,
2386 3618 2482 3673 lin.
2521 3619 2609 3674 50.
2647 3620 2820 3674 Ἔστι
2851 3618 2921 3674 δὲ
2957 3623 2992 3675 ὁ
3037 3620 3435 3693 κροκόδειλος.
3461 3621 3697 3691 Plinius,

2114 3712 2210 3768 lib.
2236 3728 2408 3778 xnu,
2440 3726 2562 3786 cap.
2586 3713 2646 3768 11
2673 3731 2688 3769 :
2722 3713 3135 3788 Communesque
3162 3725 3339 3782 terrae,
3367 3717 3526 3782 mari,
3549 3719 3698 3773 amni

2114 3805 2473 3878 hippopotami
2500 3847 2516 3875 ,
2580 3807 2853 3864 crocodili.
2914 3807 3278 3864 Eustathiana
3334 3809 3450 3865 hac
3501 3808 3698 3867 eadem

2116 3901 2183 3956 ad
2216 3901 2443 3957 verbum
2465 3901 2726 3972 leguntur
2749 3899 2892 3973 apud
2916 3900 3189 3958 Achillem
3216 3899 3452 3958 Statium
3467 3901 3560 3958 .De
3580 3901 3698 3959 Cli-

2117 3991 2379 4061 tophontis
2407 3999 2458 4047 et
2505 3988 2792 4063 Leucippes
2828 3990 3124 4059 amoribus,
3160 3991 3257 4048 lib.
3310 4008 3385 4048 tv.
3416 3993 3696 4051 Crocodili

2116 4090 2430 4138 accuratam
2473 4082 2901 4154 descriptionem
2947 4083 3119 4140 habes
3162 4082 3310 4154 apud
3359 4082 3697 4140 Herodotum

2116 4174 2173 4229 in
2204 4172 2469 4245 Euterpe;
2496 4174 2872 4241 Aristotelem,
2895 4174 2993 4230 lib.
3017 4189 3073 4229 rx
3108 4173 3316 4229 Histor.
3355 4174 3546 4240 enim,
3569 4189 3692 4246 cap.

2116 4264 2185 4332 6;
2219 4265 2594 4332 Heliodorum,
2624 4265 2723 4321 lib.
2752 4282 2847 4335 vr;
2891 4264 3244 4320 Ammianum
3287 4262 3688 4332 llarcellinum,

2114 4361 2153 4415 l.
2179 4377 2327 4427 xm;
2361 4359 2654 4426 lsidorum,
2684 4359 2781 4416 lib.
2813 4374 2915 4426 xu,
2940 4373 3064 4429 cap.
3097 4357 3167 4428 6;
3193 4358 3494 4416 Diodorum
3533 4358 3694 4415 Sicu-

2114 4455 2250 4525 lum,
2284 4456 2380 4512 lib.
2428 4472 2468 4523 ι,
2518 4463 2663 4526 part.
2696 4471 2712 4510 ι
2740 4472 2756 4523 ;
2786 4453 3047 4518 Plinium,
3093 4453 3192 4510 lib.
3235 4467 3358 4519 vm,
3411 4468 3534 4524 cap.
3581 4450 3691 4519 27;

427 4556 482 4602 et
507 4563 729 4617 carpens
771 4550 951 4602 omnia
985 4549 1247 4605 interiora
1270 4549 1385 4619 ejus
1413 4549 1522 4603 exit
1558 4549 1676 4603 viva
1711 4547 1780 4603 de
1798 4547 2015 4603 visceri-
2040 4548 2091 4607 D
2118 4546 2385 4604 Joannem
2424 4547 2660 4604 Leonem
2694 4546 2752 4601 in
2784 4545 3054 4616 Descript.
3083 4544 3304 4614 Africae,
3331 4543 3428 4600 lib.
3449 4559 3525 4599 Ix.
3548 4540 3693 4598 Soli-

430 4637 528 4695 bus
548 4638 816 4695 crocodilo
832 4640 948 4710 ipso
970 4641 1480 4697 mortuo.Crocodili
1501 4656 1626 4696 cum
1651 4640 2015 4697 ichneumone

429 4730 834 4788 internecinum
857 4732 1062 4788 bellum
1101 4733 1286 4789 sciunt
1311 4748 1523 4799 omnes,
1558 4748 1666 4789 nec
1708 4733 1820 4788 alio
1849 4733 2015 4789 modo

429 4824 539 4881 nisi
565 4839 808 4881 mersum
850 4825 1003 4890 limo,
1054 4841 1231 4897 eoque
1282 4826 1449 4883 veluti
1499 4826 1669 4882 coriis
1720 4826 2010 4881 loricatum

429 4916 488 4972 in
535 4915 948 4973 dimicationem
992 4933 1240 4990 pergere.
1259 4917 1553 4975 Crederem
1584 4927 1765 4974 tamen
1794 4918 2009 4990 hydrim

429 5009 710 5065 diversum
744 5009 876 5079 quid
917 5026 1042 5067 esse
1082 5012 1151 5066 ah
1185 5011 1574 5076 ichneumone,
1610 5026 1735 5067 cum
1777 5010 2012 5066 inferius

429 5109 621 5158 noster
668 5102 991 5159 Eustathius
1034 5104 1104 5160 de
1148 5104 1513 5159 ichneumone
1551 5119 1857 5161 sermonem
1910 5104 2010 5158 ha-

429 5192 579 5258 heat,
616 5193 850 5265 ejusque
879 5196 1083 5252 bellum
1116 5210 1241 5250 cum
1283 5197 1475 5266 aspide
1504 5196 1810 5252 luculenter
1838 5197 2010 5267 expli-

430 5291 540 5347 cet,
570 5283 640 5339 de
671 5301 778 5355 qua
801 5287 961 5359 hydri
979 5296 1034 5344 et
1056 5289 1221 5343 verba
1250 5287 1445 5343 lsidori
1474 5288 1825 5360 intelligenda
1858 5295 2006 5344 sunt.

430 5373 543 5431 Nec
574 5374 721 5430 aliud
745 5378 1092 5436 existimasse
1117 5379 1364 5435 Solinum
1392 5381 1689 5449 comperio,
1708 5395 1854 5442 cum,
1885 5394 2007 5450 cap.

431 5465 522 5532 35,
552 5466 669 5522 haec
695 5469 920 5534 scribat,
952 5470 1109 5538 Quod
1138 5470 1367 5541 enydrus
1391 5472 1747 5541 conspicatus,
1785 5471 2011 5524 alterum

432 5555 835 5611 ichneumonum
872 5575 1054 5629 genus,
1087 5571 1327 5630 penetrat
1365 5560 1616 5625 belluam,
1643 5561 2011 5631 populatisque

431 5648 705 5715 uitalibus,
745 5665 901 5704 erasa
942 5653 1054 5706 exit
1102 5653 1269 5710 alveo.
1320 5652 1583 5720 Quamvis
1638 5652 1851 5709 Delrius
1894 5653 2006 5721 illa,

432 5741 673 5796 Alterum
692 5742 1094 5799 ichneumonum
1116 5762 1299 5817 genus,
1321 5755 1534 5803 veteres
1560 5745 1731 5803 libros
1754 5762 1864 5802 non
1877 5761 1979 5800 con
1993 5776 2009 5786 -

422 5832 607 5917 .tinere
637 5832 884 5893 aliirmet.
935 5832 1054 5892 Non
1090 5837 1351 5909 permittit
1416 5836 1696 5909 Oppianus
1746 5837 1839 5910 qui
1905 5835 2009 5907 Cy-

2112 4654 2220 4695 nus
2257 4638 2373 4694 htec
2405 4638 2473 4694 de
2502 4651 2590 4703 eo,
2612 4652 2735 4707 cap.
2771 4636 2841 4692 55
2862 4655 2876 4691 :
2901 4633 3213 4691 Crocodilus
3241 4634 3442 4688 malum
3455 4631 3705 4704 quadru-.

2111 4749 2222 4799 pes,
2249 4741 2301 4787 et
2336 4731 2391 4785 in
2423 4741 2583 4794 terra,
2616 4739 2673 4784 et
2698 4729 2754 4783 in
2779 4728 2998 4798 ﬂumine
3026 4727 3230 4798 pariter
3255 4727 3412 4792 valet,
3455 4725 3698 4796 linguam

2112 4837 2217 4875 non
2245 4819 2424 4884 habet,
2460 4818 2740 4873 maxillam
2762 4827 2930 4873 movet
2954 4817 3312 4889 superiorem:
3334 4832 3540 4872 morsus
3570 4816 3712 4884 ejus.

2111 4910 2361 4965 horribili
2390 4910 2673 4964 tenacitate
2717 4908 3047 4974 conveniunt,
3089 4910 3319 4979 stipante
3359 4924 3415 4963 se
3453 4906 3691 4962 dentium

2110 5004 2243 5058 serie
2277 5002 2585 5071 pectinatim
2611 5014 2632 5054 :
2660 5000 2962 5069 plerumque
2994 4997 3064 5054 ad
3095 5001 3275 5071 viginti
3302 4999 3454 5054 ulnas
3485 5000 3713 5070 magni-.

2116 5094 2314 5149 tudinis
2347 5094 2647 5148 coalescit:
2679 5092 2863 5162 qualia
2905 5109 3114 5147 anseres
3162 5092 3273 5146 edit
3303 5107 3430 5155 ova;
3462 5100 3711 5147 metatura

2114 5187 2288 5241 locum
2318 5185 2442 5240 nido
2474 5186 2713 5239 naturali
2742 5183 3095 5254 providentia,
3126 5202 3218 5240 nec
3246 5184 3375 5239 alibi
3408 5183 3546 5253 fetus
3569 5199 3689 5252 pre-

2110 5280 2242 5344 mit,
2275 5294 2434 5349 quam
2486 5294 2587 5347 quo
2631 5276 2909 5332 crescentis
2942 5274 3060 5330 Nili
3114 5293 3265 5348 aqua:
3305 5293 3412 5332 non
3467 5285 3695 5346 possunt.

2109 5372 2395 5443 peruenire.
2432 5369 2497 5424 In
2523 5380 2681 5438 partu
2708 5369 2929 5440 fovendo
2953 5387 3067 5424 mas
3089 5380 3138 5425 et
3171 5370 3371 5440 femina
3415 5370 3546 5425 vices
3570 5387 3686 5425 ser-

2109 5477 2253 5521 vant.
2290 5464 2493 5519 Pra'ter
2509 5463 2712 5517 hiatum
2734 5465 2840 5516 oris
2865 5473 3106 5518 armatus
3133 5472 3211 5517 est
3240 5462 3403 5517 etiam
3433 5463 3685 5533 unguium

2109 5558 2467 5613 immanitate.
2508 5553 2767 5609 Noctibus
2796 5555 2850 5608 in
2885 5571 3023 5625 aqua
3047 5554 3344 5624 degit;per
3373 5554 3514 5609 diem
3539 5554 3687 5608 humi

2112 5652 2417 5722 acquiescit.
2447 5648 2824 5706 Circumdatur
2868 5649 3105 5702 maxima
3132 5649 3269 5702 cutis
3322 5649 3597 5718 ﬁrmitate,
3631 5650 3686 5702 in

2112 5750 2343 5803 tantum,
2379 5751 2433 5794 ut
2465 5742 2599 5795 ictus
2627 5739 2805 5812 quovis
2839 5747 3092 5794 tormento
3124 5738 3341 5795 adactos
3374 5750 3576 5811 tergore
3606 5758 3687 5794 re-

2111 5832 2395 5903 percutiat.
