4124 6456
420 378 522 432 887
1766 381 2011 437 LEONIS
2047 381 2319 436 ALLATII
3560 384 3664 439 888

491 488 649 558 lbid.,
682 491 778 545 lin.
806 490 897 546 49..
947 492 1080 546 Ἐὰν
1109 492 1177 545 δὲ
1193 493 1371 563 χάνῃ.
1406 494 1602 549 Mirum
1629 504 1711 549 cst
1742 496 1885 565 quod
1917 496 1988 550 de
2018 509 2062 565 Α
2092 495 2332 551 Achilles
2385 493 2597 551 Statius
2635 494 2731 551 lib.
2763 510 2839 560 tv,
2881 503 2936 551 et
2976 495 3154 551 simile
3190 494 3343 566 quid,
3374 496 3478 551 etsi
3516 497 3572 550 in
3603 512 3663 552 re

419 599 606 637 eorum
638 584 783 638 victu
838 592 1025 639 narrat
1071 583 1311 641 Joannes
1366 585 1478 641 Leo
1519 590 1574 641 in
1630 586 1989 655 Descriptione
2099 588 2336 653 diversa,
2368 588 2568 658 legitur
2587 588 2731 659 apud
2758 587 3001 660 Longum
3020 590 3343 659 sophistam,
3365 588 3461 643 lib.
3489 605 3507 643 1
3535 590 3664 642 Ποι-

421 675 639 742 Africte,
668 673 766 729 lib.
792 691 844 729 ιιι
883 694 895 730 :
934 676 1139 730 Harum
1176 677 1469 732 belluarum
1503 679 1731 748 amplius
1762 689 1990 734 trecenta
2096 680 2358 751 μενικῶν.
2389 682 2445 733 in
2475 695 2583 749 quo
2616 681 2780 736 simili
2811 680 2937 735 dolo
2966 689 3214 751 pastores
3235 681 3392 751 lupos
3415 679 3660 750 capiunt.

422 767 596 833 capita
619 765 783 821 Came
810 768 1065 823 mamibus
1095 769 1311 824 diducto
1347 772 1484 824 rictu
1516 772 1673 840 afﬁxa
1704 770 1827 837 vidi,
1861 770 1990 824 adeo

423 872 627 926 magna:
681 873 743 909 ac
777 857 1048 921 stupenda:
1092 860 1488 928 amplitudinis,
1517 869 1572 913 ut
1610 877 1820 914 vaccam
1861 862 1988 914 inte-

421 963 573 1016 grant
620 963 805 1016 capere
826 948 1140 1015 potuissent,
1172 947 1415 1003 dentibus
1443 950 1614 1004 acutis
1648 960 1695 1003 et
1724 966 1993 1020 praegran-

421 1040 596 1094 dibus.
632 1040 813 1094 Solent
844 1051 1017 1095 autem
1047 1041 1287 1112 1Egyptii
1309 1043 1594 1111 piscatores
1617 1043 1877 1098 crocodilo
1903 1061 1994 1097 ca-

421 1141 514 1201 put
537 1133 904 1201 prwscindere,
926 1133 1333 1204 oppidorumque
1356 1134 1631 1198 moenibus,
1657 1134 1995 1204 quemadmo-

422 1224 550 1277 dum
580 1234 847 1277 t-enatores
881 1224 1116 1293 ferarum
1147 1211 1323 1295 capita
1358 1227 1583 1296 afﬁgere.

492 1315 657 1382 Ibid.,
710 1318 807 1372 lin.
856 1317 946 1372 45.
985 1318 1037 1370 '0
1087 1317 1155 1371 δέ
1197 1321 1521 1389 λεγόμενος
1564 1321 1991 1389 ἱπποπόταμος.

423 1406 681 1463 Eamdcm
728 1406 1151 1477 dcscriplioncm
1192 1410 1384 1463 iisdem
1428 1409 1540 1465 fere
1581 1411 1766 1465 verbis
1806 1412 1995 1480 paucis

424 1501 727 1556 immutatis
771 1500 936 1556 habes
974 1502 1117 1571 apud
1167 1501 1433 1558 Achillem
1481 1501 1739 1564 Statium,
1776 1503 1868 1558 lib.
1902 1519 1991 1556 1v:

426 1590 654 1660 Ἔτυχον
697 1589 961 1660 ποτάμιον
989 1590 1195 1663 τθηρίον
1239 1592 1430 1663 ἄνδρες
1471 1592 1835 1664 τεθηρακότες
1872 1592 1997 1658 Θέας

423 1681 590 1747 ἄξιον.
625 1684 817 1737 Ἵππον
843 1684 901 1738 δὲ
938 1684 1099 1738 αὑτὸν
1125 1683 1219 1737 τοῦ
1254 1684 1445 1739 Νείλου
1478 1686 1705 1739 ἐκάλουν
1743 1689 1791 1739 οἱ
1834 1686 1999 1755 Αίγύ-

422 1791 589 1827 πτιοι·
620 1777 715 1829 καὶ
741 1776 854 1829 ἔστι
888 1777 986 1846 μὲν
1018 1777 1205 1841 ἵππος,
1243 1776 1318 1839 ὡς
1354 1778 1382 1829 ὁ
1413 1776 1571 1845 λόγος
1602 1776 1869 1846 βούλεται,
1900 1778 1997 1849 τὴν

2164 773 2282 829 Col.
2308 772 2434 836 728,
2456 774 2554 827 lin.
2582 774 2635 828 '5.
2658 774 2941 842 Δεύτερον
2957 774 3129 839 βοός.
3149 772 3292 828 Cave
3317 772 3462 826 hunc
3479 772 3662 825 locum

2093 866 2168 920 ita
2199 865 2495 935 intelligas,
2536 875 2596 920 ut
2626 867 3072 938 hippopotamum
3100 864 3475 937 magnitudine
3499 879 3665 934 supe-

2093 957 2206 1012 rari
2237 957 2539 1025 existimes,
2579 971 2644 1013 ea
2687 957 2834 1012 enim
2877 957 3175 1011 maximum
3205 970 3532 1027 quemquem
3563 955 3664 1011 bo-

2096 1063 2214 1104 rem
2260 1049 2578 1120 :equiparat.
2625 1049 2864 1104 Achilles
2910 1048 3137 1114 Statius,
3182 1046 3492 1120 μέγεθοςδὲ
3520 1046 3665 1101 κατὰ

2096 1139 2224 1212 βοῦν
2254 1142 2345 1194 τὸν
2379 1143 2651 1213 μέγιστον.
2683 1138 2863 1207 Quare
2894 1140 3075 1194 locum
3113 1139 3259 1193 hunc
3298 1139 3373 1192 ita
3410 1139 3661 1201 restituo,

2093 1234 2307 1288 videtur
2337 1235 2482 1289 enim
2528 1234 2775 1297 mutilus,
2820 1233 2929 1286 Kal
2968 1235 3016 1286 οί
3055 1232 3314 1303 θηρευταὶ
3346 1229 3507 1293 εὐθὺς
3530 1229 3667 1281 ἁπο-

2096 1326 2353 1379 κλείουσι.
2396 1326 2507 1380 Καὶ
2544 1326 2661 1379 ἔστι
2705 1326 2802 1395 μὲν
2844 1326 2926 1388 εἰς
2963 1323 3132 1394 ἀλκὴν
3174 1322 3464 1392 ἐλέφαντος
3501 1318 3663 1375 Ἰνδοῦ

2095 1416 2363 1488 δεύτερονσ
2392 1416 2513 1487 βοὸς
2539 1417 2595 1470 δὲ
2621 1417 2734 1488 ἔχει
2766 1415 2827 1469 τὸ
2853 1416 3039 1486 θηρίον
3063 1415 3124 1469 τὸ
3160 1413 3406 1485 μέγεθος.

2168 1506 2328 1573 lbid.,
2360 1508 2436 1563 lin
2488 1509 2541 1564 5.
2577 1509 2674 1562 Ἐν
2691 1507 2760 1561 δὲ
2777 1508 2904 1573 τοῖς
2922 1508 3121 1577 ἰχθύσι
3148 1503 3349 1572 πολλή
3391 1521 3502 1569 τις.
3538 1501 3666 1556 Ari-

2098 1599 2323 1654 stoteles
2353 1606 2536 1653 tamen
2559 1598 2638 1653 De
2668 1599 3001 1669 generatione
3029 1598 3219 1660 anim.,
3243 1596 3338 1650 lib.
3360 1609 3446 1658 ιιι,
3464 1608 3587 1664 cap.
3611 1593 3665 1660 1,

2099 1687 2334 1758 piscium
2354 1696 2607 1742 naturam
2632 1687 2967 1758 frigidiorem
2998 1700 3119 1741 esse
3152 1684 3401 1749 afﬁrmat,
3434 1683 3668 1753 ideoque

2102 1779 2176 1831 ita
2205 1777 2315 1832 illis
2342 1777 2486 1831 sicut
2522 1784 2578 1832 et
2623 1777 2816 1832 avibus
2855 1783 3141 1831 menstrua
3170 1774 3319 1829 nulla
3348 1773 3591 1845 prodire,
3612 1779 3668 1828 et

422 1866 665 1938 γαστέρα
705 1866 798 1921 καὶ
833 1868 959 1931 τοὺς
1001 1868 1187 1932 πόδας,
1234 1867 1371 1941 πλὴν
1410 1869 1533 1925 ὅσον
1569 1870 1626 1921 ἐν
1656 1868 1793 1940 χηλῇ
1825 1869 1998 1941 σχίζει

2103 1876 2427 1938 conceptum
2475 1869 2781 1924 consistere
2812 1867 2931 1922 sine
2967 1867 3147 1933 coitu;
3178 1874 3233 1921 et
3262 1866 3358 1921 lib.
3381 1880 3501 1931 νιιι,
3540 1878 3666 1935 cap.

423 1960 520 2029 τὴν
598 1959 787 2031 ὁπλήν.
830 1959 1076 2029 Μέγεθος
1114 1959 1171 2012 δὲ
1222 1957 1364 2013 κατὰ
1409 1958 1535 2028 βοῦν
1579 1958 1672 2012 τὸν
1722 1958 1993 2029 μέγιστον.

423 2051 573 2120 Οὐρά
603 2050 849 2122 βραχεῖα,
887 2052 978 2105 καὶ
1009 2050 1137 2123 ψιλὴ
1167 2050 1391 2123 τριχῶν,
1429 2051 1512 2103 ὅτι
1550 2052 1644 2104 καὶ
1679 2051 1739 2105 τὸ
1770 2052 1876 2104 πᾶν
1904 2050 1997 2104 τοῦ

424 2142 674 2214 σώματος
703 2145 875 2209 οὕτως
919 2142 1048 2215 ἔχει·
1094 2144 1303 2215 κεφαλὴ
1338 2143 1638 2217 περιφερὴς
1668 2144 1728 2196 οὐ
1771 2160 1995 2214 σμικρά.

436 2236 634 2304 Ἐγγύς
651 2235 816 2290 ἵππου
837 2236 1078 2308 παρειαὶ,
1104 2235 1318 2307 μυκτὴρ
1344 2237 1438 2288 ἐπὶ
1462 2234 1604 2306 μέγα
1627 2233 1888 2305 κεχηνὼς,
1907 2234 2002 2288 καὶ

425 2327 602 2380 πνέων
644 2326 864 2399 πυρώδη
896 2326 1122 2390 καπνὸν,
1157 2327 1232 2391 ὡς
1268 2327 1375 2380 ἀπὸ
1406 2326 1589 2396 πηγῆς
1617 2326 1805 2396 πυρός’
1841 2324 2002 2393 γένυς

424 2419 633 2490 εὐρεῖα,
664 2417 795 2471 ὡσεὶ
821 2420 913 2471 καὶ
939 2418 1161 2491 παρειά.
1191 2418 1368 2489 Μέχρι
1402 2417 1509 2471 τῶν
1541 2416 1827 2488 κροτάφων
1858 2416 2002 2469 ἀνοί-

425 2525 512 2577 γει
541 2507 603 2561 τὸ
648 2509 841 2580 στόμα.
887 2510 1038 2579 Ἔχει
1084 2508 1140 2561 δὲ
1166 2510 1260 2561 καὶ
1307 2507 1624 2571 κυνόδοντας
1661 2505 1997 2578 καμπύλους,

425 2599 569 2654 κατὰ
622 2602 718 2671 μὲν
768 2599 866 2671 τὴν
909 2601 1051 2655 ἰδέαν
1101 2601 1194 2654 καὶ
1233 2599 1331 2671 τὴν
1378 2600 1526 2654 θέσιν
1567 2600 1642 2663 ὡς
1698 2600 1895 2664 ἵππος,
1940 2597 2002 2651 τὸ

426 2692 485 2745 δὲ
539 2691 770 2763 μέγεθος
824 2694 905 2755 εἰς
951 2691 1291 2763 τριπλάσιον.
1345 2691 1411 2745 Et
1462 2690 1673 2748 Plinius
1725 2691 1821 2746 lib.
1875 2706 1996 2754 vm,

427 2798 549 2853 cap.
576 2783 644 2836 59
677 2797 691 2834 :
720 2781 901 2850 Major
930 2781 1210 2837 altitudine
1238 2783 1293 2836 in
1313 2782 1492 2837 eodem
1520 2780 1646 2836 Nilo
1678 2781 1854 2836 bellua
1885 2782 2003 2851 hip-

426 2886 735 2945 poyotamus
788 2874 964 2929 editur
1004 2891 1022 2928 :
1061 2875 1275 2946 ungulis
1319 2874 1518 2944 biﬁdis,
1564 2876 1746 2945 quales
1804 2873 1999 2939 bubus,

426 2968 584 3023 dorso
616 2970 756 3039 equi,
772 2978 821 3022 et
849 2967 996 3033 iuba,
1025 2980 1073 3023 ct
1101 2968 1329 3033 hinnitu,
1364 2978 1535 3022 rostro
1561 2970 1774 3034 resima,
1807 2967 2001 3032 cauda,

429 3069 478 3112 et
507 3057 750 3112 dentibus
781 3074 1052 3128 aprorum,
1086 3058 1306 3114 aduncis
1340 3059 1431 3113 sed
1456 3060 1627 3114 minus
1667 3061 1842 3114 noxiis
1864 3075 1884 3119 ;
1907 3069 2004 3113 ter-

427 3150 572 3221 goris
603 3149 671 3203 ad
697 3161 848 3204 scuta
889 3160 1170 3222 galeasque
1197 3151 1607 3221 impenetrabilis
1636 3163 1828 3222 prteter
1844 3169 2001 3223 quam

427 3241 476 3295 si
509 3240 727 3296 [tumore
757 3241 990 3296 madeat.
1046 3241 1364 3311 Depascilur
1396 3253 1616 3314 segetes,
1651 3242 2001 3299 destinatione

428 3345 567 3401 ante,
605 3344 663 3388 ut
711 3334 910 3404 ferunt,
943 3335 1323 3391 determinatus
1357 3337 1413 3390 in
1464 3336 1623 3400 diem,
1653 3345 1704 3390 et
1754 3352 1819 3390 ea:
1874 3351 1999 3407 agro

429 3429 716 3498 ferentibus
748 3427 1001 3498 vestigiis,
1035 3444 1097 3481 ne
1118 3444 1234 3498 quae
1254 3428 1530 3483 revertenti
1550 3425 1761 3481 insidia:
1789 3442 2003 3496 compa-

429 3529 631 3573 rentur.
665 3517 732 3571 Et
780 3518 878 3574 lib.
919 3535 992 3582 ts,
1025 3535 1146 3589 cap.
1192 3520 1281 3584 ll,
1324 3519 1541 3575 diversa
1582 3519 1651 3573 ab
1689 3519 1900 3574 Achille
1948 3528 2002 3574 et

429 3609 717 3666 Eustathio
750 3611 964 3675 scribit,
1000 3611 1422 3681 hippopotamos
1454 3612 1741 3676 duntaxat,
1776 3614 1917 3667 sicut
1947 3621 2002 3665 et

429 3702 630 3756 vitulos
655 3700 923 3772 aquatiles
946 3702 1095 3756 corio
1112 3710 1166 3756 et
1188 3701 1313 3772 pilis
1346 3701 1533 3771 integi.
1565 3701 1639 3757 De
1663 3700 1765 3756 hoc
1792 3701 2004 3756 Aristo-

429 3790 586 3855 teles,
622 3789 697 3843 De
723 3790 849 3846 hist.
883 3790 1046 3845 anim.
1081 3791 1174 3845 lib.
1204 3806 1265 3854 ιι,
1297 3807 1415 3862 cap.
1441 3791 1741 3857 7;Strabo,
1773 3792 1869 3847 lib.
1896 3809 1999 3859 xv;

430 3883 672 3940 Joannes
727 3884 860 3946 Leo,
914 3883 1297 3954 Descriptionis
1370 3884 1568 3954 Africa:
1624 3885 1718 3939 lib.
1773 3902 1860 3951 Ix,
1907 3885 2003 3955 qui

432 3976 599 4032 etiam
633 3990 728 4031 eos
760 3975 966 4046 depiles
1001 3991 1125 4030 esse
1155 3975 1368 4031 scribit.
1394 3975 1472 4031 De
1509 3976 1629 4045 ejus
1659 3977 1714 4029 in
1747 3984 2005 4047 parentes

433 4066 711 4136 impietate
745 4074 799 4123 et
844 4067 1118 4137 injuslitia
1152 4066 1507 4131 Plutarchus,
1538 4068 1630 4122 lib.
1670 4066 1742 4122 De
1784 4067 2005 4122 solertia

433 4161 631 4219 anim.;
655 4168 709 4214 et
737 4159 1014 4230 quomodo
1046 4160 1345 4230 symbolice
1384 4167 1536 4215 nutet
1582 4159 2000 4230 impudentiam.

432 4250 601 4316 ldem,
621 4236 716 4306 lib.
749 4252 823 4306 De
840 4251 1005 4306 Iside.
1032 4250 1168 4305 V’idc
1192 4249 1493 4316 Ᾱίιίςιιιιιιιι,
1522 4251 1616 4306 lib.
1647 4267 1745 4315 vn,
1770 4267 1891 4321 cap.
1913 4251 1999 4314 19,

431 4344 509 4398 De
556 4345 680 4400 hist.
726 4347 929 4411 anim.,
959 4356 1014 4401 et
1066 4353 1261 4414 praeter
1302 4352 1527 4400 caeteros
1569 4342 1795 4408 Horum,
1848 4343 1922 4397 lib
1961 4360 2000 4405 ι,

432 4454 552 4508 cap.
594 4437 680 4492 16.

2104 1961 2189 2023 l9,
2224 1959 2302 2014 De
2328 1960 2516 2015 histor.
2545 1961 2731 2023 anim.,
2765 1959 2946 2029 pisces
2976 1959 3031 2013 in
3066 1958 3202 2013 locis
3235 1956 3448 2027 [rigidis
3475 1970 3669 2026 parum

2100 2052 2305 2122 vigere.
2342 2049 2523 2117 Quare
2556 2051 2779 2106 minime
2810 2049 3011 2103 mirum
3039 2056 3123 2104 est
3169 2047 3402 2118 gelidam
3434 2046 3668 2101 hiemem

2102 2157 2292 2197 omnes
2325 2142 2550 2206 sentire,
2586 2141 2930 2209 maximeque
2960 2155 3079 2204 eos,
3117 2139 3210 2208 qui
3239 2136 3473 2208 lapidem
3501 2135 3671 2190 habe-

2101 2250 2159 2288 re
2194 2235 2249 2289 in
2283 2234 2461 2303 capite
2489 2233 2879 2289 existimantur
2910 2250 2925 2287 :
2958 2239 3014 2287 et
3057 2245 3184 2286 cum
3218 2243 3430 2300 asperae
3460 2226 3670 2282 hiemes

2104 2325 2323 2381 fuerunt
2372 2325 2577 2381 multos
2626 2340 2802 2381 caecos
2842 2331 3035 2394 captos
3065 2321 3256 2384 fuisse,
3291 2320 3363 2375 ita
3401 2317 3674 2375 referente

2102 2417 2277 2472 Plinio
2299 2418 2394 2472 lib.
2427 2433 2504 2480 ιχ,
2536 2432 2658 2487 cap.
2689 2416 2791 2484 i6;
2821 2432 2886 2470 ex
2909 2413 3205 2471 Aristotele
3225 2410 3303 2465 De
3324 2411 3449 2465 Itist.
3479 2410 3670 2472 anim.,

2103 2510 2199 2564 lib.
2237 2524 2359 2574 vm,
2400 2524 2522 2579 cap.
2565 2509 2663 2575 l9;
2695 2512 2885 2577 sicque
2911 2508 2997 2562 bis
3029 2502 3517 2572 mensibusjacere
3549 2515 3673 2572 spe-

2104 2601 2283 2655 luncis
2308 2601 2585 2665 conditos,
2629 2600 2767 2656 alios
2801 2600 3005 2663 arenis,
3034 2599 3171 2654 alios
3201 2610 3459 2653 saxorum
3501 2608 3673 2662 angu-

2104 2690 2245 2745 stiis.
2272 2690 2379 2746 Ubi
2409 2705 2539 2746 vero
2561 2689 2877 2760 temperiem
2904 2690 3069 2754 aeris,
3092 2681 3148 2744 et
3173 2687 3342 2743 maris
3362 2683 3675 2755 tranquilli-

2104 2791 2270 2839 tatem
2325 2782 2735 2852 preasenserint,
2779 2781 3041 2837 continuo
3097 2795 3156 2836 se
3201 2780 3395 2836 eﬂ‘erre
3423 2779 3677 2834 choreas-

2105 2890 2211 2944 que
2241 2874 2462 2929 ducere.
2490 2873 2843 2929 Cultissimus
2869 2872 3144 2938 Elianus,
3166 2872 3263 2928 lib.
3306 2886 3383 2936 ιι,
3417 2886 3539 2940 cap.
3567 2870 3671 2926 57:

2118 2968 2205 3020 Ἐν
2235 2966 2291 3020 δὲ
2323 2964 2400 3037 τῷ
2429 2964 2657 3037 χειμῶνι
2688 2965 3001 3036 βιαιοτάτῳ,
3039 2962 3409 3035 κυμαινούσης
3452 2962 3549 3033 μὲν
3576 2961 3677 3032 τῆς

2106 3057 2402 3128 θαλάσσης,
2434 3056 2668 3130 σκληρόν
2706 3074 2768 3126 γε
2800 3057 2907 3112 τῶν
2936 3057 3152 3128 ἀνέμων
3185 3058 3280 3111 καὶ
3310 3055 3483 3127 βίαιον
3508 3070 3679 3108 κατα-

2107 3151 2395 3215 πνεόντων,
2423 3152 2705 3224 φρίττουσι
2724 3152 2824 3223 τὴν
2849 3150 3142 3222 σύντροφόν
3174 3167 3234 3203 τε
3255 3150 3372 3221 ἅμα
3400 3149 3496 3203 καὶ
3517 3146 3677 3219 φίλην

2102 3245 2149 3298 οἱ
2184 3243 2363 3315 ἰχθύες
2401 3244 2690 3299 θάλατταν.
2728 3245 2840 3299 Καὶ
2871 3245 2921 3297 οἱ
2966 3244 3064 3315 μὲν
3106 3243 3287 3297 αὐτῶν
3317 3244 3429 3307 τοῖς
3473 3257 3675 3312 πτερυ-

2100 3335 2240 3404 γίοις
2286 3334 2607 3406 ἐπαμῶνται
2649 3335 2750 3406 τὴν
2778 3334 3033 3406 ψάμμον,
3084 3335 3180 3387 καὶ
3222 3332 3448 3395 ἑαυτοὺς
3478 3331 3678 3403 ἐπηλυ-

2101 3428 2370 3496 γάσαντες
2411 3427 2835 3482 ὑποθάλπουσιν·
2872 3429 2922 3479 οί
2956 3426 3010 3480 δὲ
3045 3424 3390 3479 ύπειλοῦνταί
3420 3441 3542 3478 τινα
3576 3422 3677 3476 πέ-

2104 3535 2132 3571 τ
2141 3536 2259 3590 ραν,
2284 3522 2342 3572 ὲν
2364 3519 2541 3592 σκέπῃ
2568 3536 2628 3571 τε
2647 3517 2740 3573 τοῦ
2763 3517 2978 3588 κρύους,
2997 3517 3089 3571 καὶ
3103 3511 3162 3571 εὖ
3183 3515 3327 3586 μάλα
3344 3532 3406 3584 γε
3426 3513 3681 3585 ἀσμένως

2104 3608 2487 3680 ἡσυχάζουσινο
2522 3610 2571 3662 οί
2606 3608 2662 3662 δὲ
2693 3608 2751 3671 ἐς
2778 3609 2903 3671 τοὺς
2932 3607 3135 3679 μυχοὺς
3160 3605 3255 3660 τοῦ
3287 3604 3555 3674 πελάγους
3578 3621 3679 3657 κα-

2102 3702 2402 3765 ταθέοντες,
2444 3697 2563 3755 εἶτα
2593 3701 2693 3771 τὴν
2730 3698 2935 3755 ἄνωθεν
2976 3699 3177 3771 φρίκην
3210 3697 3489 3765 ἐξέκλιναν
3527 3696 3683 3751 κάτω

2103 3795 2197 3848 καὶ
2220 3795 2277 3847 ὲν
2305 3793 2468 3864 βυθῷ.
2494 3794 2608 3862 Ούχ
2640 3790 2813 3855 οὕτως
2854 3790 2963 3862 γάρ
2993 3807 3178 3859 φασιν,
3213 3788 3401 3862 ὥσπερ
3443 3784 3535 3842 οὖν
3566 3788 3681 3842 άνω

2102 3886 2407 3942 διοιδαίνειν
2439 3903 2500 3939 τε
2543 3886 2636 3939 καὶ
2654 3884 2877 3938 τύπτειν
2897 3883 2959 3937 τὸ
2977 3882 3128 3955 κῦμα
3149 3884 3447 3954 ἁγριαίνον.
3478 3882 3681 3953 Ὕπαρ-

2106 3980 2331 4052 χομὲνου
2354 3980 2412 4033 δὲ
2443 3978 2537 4032 τοῦ
2574 3974 2727 4050 ἦρος,
2764 3977 2859 4032 καὶ
2887 3975 2981 4030 τοῦ
3017 3977 3114 4047 μὲν
3146 3976 3305 4047 ἀέρος
3336 3974 3561 4045 φαιδροῦ
3586 3990 3681 4042 γε-

2104 4070 2351 4141 νομένου,
2384 4069 2493 4123 τῶν
2530 4070 2586 4121 δὲ
2630 4068 2812 4138 φυτῶν
2840 4068 3054 4122 θάλλειν
3083 4066 3421 4139 ἀρχομένων,
3451 4063 3678 4120 καὶτῶν

2100 4161 2380 4234 λειμώνων
2411 4161 2480 4216 τὰ
2513 4162 2785 4232 σύντροφα
2814 4159 3128 4231 κομώντων,
3161 4159 3369 4231 γαληνά
3398 4175 3457 4211 τε
3485 4156 3557 4210 τὰ
3582 4155 3676 4211 τοῦ

2106 4256 2373 4326 πελάγους
2397 4258 2492 4310 καὶ
2507 4256 2734 4309 ὑπεύδια
2752 4254 3063 4325 αἰσθόμενοι
3083 4253 3132 4305 οἱ
3163 4251 3362 4321 ἰχθύες,
3392 4249 3678 4303 ἀναθέουσι

2106 4349 2200 4402 καὶ
2236 4347 2464 4420 πηδῶσι,
2495 4348 2588 4401 καὶ
2617 4347 2842 4419 πλησίον
2868 4346 2964 4416 τῆς
2986 4345 3087 4416 γῆς
3112 4345 3365 4415 νήχονται
3391 4340 3676 4413 (benef:on

2104 4443 2330 4511 ἥκοντες
2376 4441 2433 4507 ἐξ
2483 4440 2815 4512 ἀποδημίας.
2864 4437 2975 4495 Nec
3022 4447 3309 4508 propterea
3355 4433 3676 4488 Aristoteles

503 4527 664 4591 lbid.,
695 4527 791 4581 lin.
820 4527 908 4582 54.
934 4526 1044 4581 Καὶ
1084 4526 1256 4580 ἐστιν
1296 4524 1782 4595 ἁδηφαγώτατον.
1817 4524 1999 4579 Achil-

2108 4543 2269 4604 negat
2307 4534 2488 4602 pisces
2514 4549 2741 4589 voraces
2764 4548 2888 4588 esse
2908 4539 2964 4587 et
2984 4533 3228 4601 gulosos,
3247 4529 3343 4585 sed
3362 4529 3414 4583 id
3432 4527 3498 4581 ad
3513 4527 3677 4581 aliam

432 4619 513 4674 les
543 4618 774 4683 Statius,
799 4619 893 4672 lib.
925 4632 1013 4670 tv:
1046 4617 1269 4687 Πρῶτον
1307 4617 1406 4687 μὲν
1438 4617 1539 4687 τὴν
1572 4616 1734 4685 φύσιν
1770 4616 1864 4669 τοῦ
1903 4614 2001 4686 θη-

434 4712 550 4787 ρίου
583 4710 922 4779 καταλέγων,
954 4707 1075 4764 εἷτα
1107 4710 1200 4762 καὶ
1223 4708 1315 4762 τὸν
1346 4708 1545 4780 τρόπον
1572 4709 1670 4779 τῆς
1696 4708 1893 4780 ἄγρας,
1930 4707 2006 4771 ὥς

431 4803 547 4855 ἐστι
599 4803 698 4871 μὲν
735 4798 1181 4869 ἀδηφαγώτατον,
1240 4798 1336 4851 καὶ
1376 4799 1609 4850 ποιεῖται
1654 4796 1858 4868 τροῳὴν
1886 4794 2006 4849 ὅλον

430 4892 597 4964 λήϊον.
627 4889 852 4946 Nonnus
882 4889 1240 4961 Dionysiacon
1264 4890 1361 4943 lib.
1388 4904 1514 4943 xxvr
1542 4907 1555 4943 :

746 5034 815 5044 —
847 5002 1013 5068 ἐώιος
1053 5002 1234 5067 Ἰνδὸς
1257 5001 1583 5069 ’Υδάσπης.

430 5074 589 5128 Κεῖθι
624 5072 1042 5143 μελαμιεᾚερίδι
1078 5072 1336 5143 διαξύων
1354 5073 1503 5141 ῥόον
1529 5071 1686 5140 ὁπλῇ

431 5141 690 5213 Νύχετὶιι
726 5141 998 5208 osorem
1026 5142 1353 5212 ποταμήῖος
1385 5143 1568 5213 laetae
1600 5141 1830 5213 ἀλήτης

435 5209 570 5278 Οἴορ
596 5213 742 5280 ἐμοῦ
782 5215 1016 5268 Νείλοιο
1046 5209 1373 5282 θερειτενὲς
1392 5209 1568 5281 οἶδμα
1588 5212 1915 5281 χαράσσων

432 5283 699 5338 Net/enisi
726 5285 964 5348 ,ϐυθίοιο
989 5284 1060 5337 δι’
1092 5283 1308 5349 ὕδατος
1343 5282 1526 5352 ὑγιοὸς
1557 5283 1762 5349 ὁδίτης

432 5352 781 5419 Μηκεδανὸς
807 5352 1143 5422 νεφέεσσιν,
1177 5354 1266 5406 ἐπ’
1298 5352 1587 5422 αἰγιαλοῖο
1610 5352 1678 5405 δὲ
1700 5354 1901 5416 ,ϐαίνει

433 5422 627 5504 ᾼ-Ιχιίῇ
656 5421 1080 5504 κᾳρχζιρᾴδοντι
1111 5422 1427 5504 διασχίζων
1444 5421 1626 5504 ῥάχιν
1656 5424 1810 5490 ὕλης

436 5496 541 5546 Καὶ
563 5491 767 5563 διερὴν
785 5491 1125 5562 ἀχὰρακτον
1146 5491 1302 5561 ἔχων
1316 5492 1500 5563 γένυν
1513 5491 1746 5563 ἅρπαγα
1767 5491 2009 5561 καρπῶν

434 5562 677 5632 Memphi
702 5561 965 5632 δρεπά-νῃ
994 5561 1387 5631 σταχυηφόρα
1409 5561 1553 5627 Mra
1583 5561 1781 5631 τέμνει

447 5633 693 5701 Ἀμητὺρ
714 5633 1002 5701 ἀσίδηρος
1032 5634 1453 5703 άμαλλοφόρου
1487 5633 1766 5688 τοκετοῖΟ.

433 5722 705 5787 JElianus,
731 5724 825 5778 lib.
855 5740 907 5785 v,
937 5739 1057 5794 cap.
1089 5725 1178 5789 55,
1217 5733 1272 5778 ct
1304 5725 1527 5791 Plinius,
1555 5726 1650 5780 lib.
1680 5742 1793 5782 vnt.

504 5812 665 5881 lbid.,
694 5815 791 5868 lin.
826 5814 912 5869 55.
964 5814 1177 5883 Ἀπάτη
1209 5815 1276 5867 δὲ
1307 5816 1571 5884 θηρᾶται.
1615 5817 1814 5873 Eadem
1846 5818 2008 5875 habet

2108 4640 2353 4686 causam,
2378 4639 2484 4678 non
2508 4625 2571 4678 ad
2591 4625 2829 4678 calorem
2856 4623 3043 4685 refert,
3065 4637 3188 4692 quas
3205 4629 3263 4676 et
3284 4620 3456 4690 magis
3478 4617 3680 4672 verosi-

2108 4716 2254 4771 milis
2272 4717 2512 4785 videtur;
2532 4717 2673 4771 libro
2690 4716 2836 4771 enim
2857 4732 2941 4780 ιιι,
2962 4714 3039 4769 De
3060 4722 3200 4783 part.
3216 4713 3406 4776 anim.,
3421 4726 3543 4781 cap.
3566 4708 3633 4763 M
3667 4748 3677 4764 .

2111 4808 2283 4864 Genus
2306 4810 2529 4878 piscium
2560 4825 2731 4872 omne,
2755 4810 3005 4878 quoniam
3022 4806 3203 4860 cibum
3221 4807 3394 4859 minus
3425 4802 3678 4872 conﬁcere

2107 4901 2295 4969 possit,
2341 4902 2608 4971 crudaque
2654 4909 2850 4971 egerat,
2883 4910 2933 4953 et
2983 4912 3148 4953 vorax
3204 4904 3254 4951 et
3289 4894 3532 4966 gulosum
3575 4900 3674 4946 est.

2111 4989 2316 5044 Ca'tera
2349 4993 2510 5044 etiam
2543 4992 2742 5053 omnia,
2768 4990 2959 5060 quibus
2981 4987 3232 5042 intestina
3263 4994 3386 5040 sunt
3410 4993 3575 5044 recta,
3603 4984 3679 5034 ci-

2108 5082 2293 5136 borum
2325 5082 2481 5136 avida
2500 5093 2640 5136 sunt.
2661 5081 2794 5137 Cum
2814 5082 2951 5136 enim
2975 5080 3121 5134 cibus
3149 5079 3383 5133 celeriter
3412 5083 3674 5145 egeratur,

2112 5173 2431 5245 proindeque
2462 5175 2627 5229 brevis
2658 5192 2786 5229 usus
2818 5173 3031 5242 [ruendi
3049 5173 3141 5234 sit,
3165 5171 3305 5225 breui
3337 5176 3571 5239 repetant
3598 5166 3674 5218 ci-

2111 5266 2234 5319 bum
2258 5266 2413 5319 auida
2441 5283 2646 5321 necesse
2674 5275 2773 5324 est.

2179 5357 2338 5423 lbid.,
2374 5359 2473 5412 lin.
2514 5359 2567 5413 9.
2623 5360 2684 5413 Ἡ
2718 5359 2785 5413 δὲ
2816 5358 3149 5423 θαλάσσιος
3190 5354 3457 5422 ἀλώπηξ.
3511 5352 3678 5407 Aliter

2107 5451 2211 5506 hoc
2245 5461 2431 5506 narrat
2455 5450 2706 5507 Elianus
2735 5451 2812 5506 De
2840 5452 2963 5506 hist.
2996 5450 3299 5514 anim.,lib.
3334 5460 3549 5517 tx,cap.
3574 5443 3674 5509 12;

2110 5541 2347 5595 aitenim
2379 5541 2594 5611 vulpem
2617 5542 2883 5596 marinam
2916 5541 3077 5596 hamo
3097 5541 3355 5595 devorato
3384 5537 3568 5593 omnia
3600 5534 3678 5587 in-

2112 5634 2314 5687 teriora
2357 5649 2609 5689 evomere
2637 5644 2893 5704 tanquam
2923 5640 3129 5689 vestem
3166 5633 3546 5691 invertentem,
3574 5626 3676 5683 do-

2110 5740 2212 5779 nec
2253 5726 2473 5780 hamum
2526 5734 2733 5796 egerat,
2773 5725 2970 5782 deinde
3000 5727 3305 5783 rcsorbere.
3347 5724 3426 5780 Ex
3459 5720 3680 5779 Eliano

2110 5817 2401 5881 exscripsit
2434 5816 2583 5873 l’hile
2620 5820 2672 5873 in
2696 5817 2896 5875 Ian'tis
2923 5836 2940 5874 .'
