4124 6410
452 347 550 402 891

454 553 588 625 άλλη
619 557 934 628 κατασκευὴ
955 557 1241 627 πρέπουσα
1264 558 1341 628 τῷ
1363 559 1548 630 τρόπῳ
1575 561 1674 631 τῆς
1699 561 1906 633 διαίτης
1934 563 2033 616 αύ-

453 647 582 710 τῶν,
613 647 819 717 ὀνύχων
847 650 1043 720 άκμαὶ,
1081 653 1175 705 καὶ
1210 653 1384 723 χεῖλος
1422 654 1674 722 ἀγκύλον,
1708 656 1800 709 καὶ
1835 659 2034 730 πτερὸν

451 735 566 802 ὀξὺ,
594 736 734 790 ὥστε
766 740 861 792 καὶ
896 741 1266 813 συλληφθῆναι
1313 745 1510 816 ῥᾳδίως
1548 747 1608 800 τὸ
1652 749 1894 820 θήραμα,
1939 753 2036 806 καὶ⁸

451 828 825 902 διασπαραγὲν
863 835 1074 906 τροφὴν
1111 835 1190 905 τῷ
1219 836 1392 890 ἑλόντι
1436 839 1706 906 γενέσθαι·
1762 843 1892 915 άλλη
1925 844 2032 898 τῶν

452 922 842 994 σπερμολόγων
869 927 1200 998 κατασκευὴ,
1232 928 1364 999 ἄλλη
1394 930 1503 984 τῶν
1528 932 1592 984 ὲκ
1619 933 1817 998 παντὸς
1837 952 2032 1008 τρεφο-

453 1017 632 1086 μένων
653 1017 746 1071 τοῦ
774 1022 1145 1092 συντυχόντος,
1170 1022 1264 1076 καὶ
1285 1025 1342 1078 ὲν
1361 1023 1570 1088 τούτοις
1589 1025 1835 1081 πλεῖσται
1855 1029 2030 1098 διαφο-

451 1109 562 1180 ραί.
623 1107 700 1164 De
744 1113 924 1166 avium
973 1114 1284 1183 generibus,
1344 1115 1600 1187 ingeniis,
1651 1116 2026 1185 facultatibus,

448 1199 772 1270 caeterisque
795 1202 860 1256 ad
879 1217 973 1258 eas
995 1204 1369 1272 spectantibus
1390 1205 1570 1274 plura,
1604 1214 1658 1260 et
1681 1206 2024 1273 Aristoteles,

447 1300 503 1346 et
522 1291 751 1358 Plinius,
786 1301 841 1348 et
873 1291 1147 1361 (Elianus,
1197 1304 1249 1350 et
1278 1295 1536 1353 Albertus
1567 1296 1795 1370 Magnus
1825 1307 1880 1356 et
1909 1300 2023 1367 alii,

449 1396 587 1451 quos
616 1381 664 1436 si
708 1382 839 1438 libet
869 1383 978 1438 adi.
1016 1383 1194 1438 Unum
1229 1393 1441 1440 tantum
1483 1386 1797 1444 Aristotelis
1843 1389 2025 1444 locum

446 1470 502 1522 in
534 1469 771 1524 medium
820 1471 1042 1527 alferam
1085 1489 1150 1528 ex
1185 1475 1281 1530 lib.
1322 1491 1385 1530 ιιι
1443 1475 1521 1532 De
1553 1478 1796 1548 partibus
1832 1482 2019 1547 anim.,

445 1558 609 1628 capit.
662 1559 750 1626 Η,
801 1561 1116 1630 qui-omnia
1166 1565 1282 1621 haec
1335 1582 1457 1637 qua:
1496 1582 1526 1621 a
1569 1575 1761 1624 nostro
1800 1577 2024 1628 auctore

445 1651 654 1708 strictis
680 1659 734 1707 et
765 1653 1112 1723 paucissimis
1163 1658 1348 1714 verbis
1381 1659 1744 1732 attinguntur,
1775 1663 2017 1732 exponit,

441 1756 669 1812 quaeque
691 1747 1073 1801 commentarii
1100 1746 1219 1802 loco
1239 1748 1518 1805 deservire
1541 1761 1800 1821 possunt:
1819 1753 2016 1809 Avibus

441 1849 519 1896 os,
543 1833 684 1902 quod
718 1842 951 1888 rostrum
997 1845 1236 1900 vocatur,
1281 1837 1377 1891 hoc
1415 1840 1554 1892 enim
1599 1856 1694 1909 pro
1749 1839 1915 1894 labris
1967 1851 2017 1895 et

438 1923 682 1979 dentibus
711 1924 923 1993 habent,
959 1927 1050 1982 sed
1081 1930 1224 1983 varie
1259 1945 1357 1995 pro
1391 1946 1489 1985 usu
1542 1940 1593 1986 et
1633 1932 1874 1996 auxilio;
1903 1949 2019 2002 quae

437 2017 582 2069 enim
620 2016 841 2071 aduncis
871 2019 1132 2090 unguibus
1171 2029 1317 2086 sunt,
1349 2023 1600 2092 quoniam
1630 2039 1788 2078 carne
1817 2024 2013 2092 vivunt,

435 2114 487 2160 et
540 2107 691 2160 nullo
740 2107 918 2176 [ructu
954 2117 1268 2176 vescuntur,
1327 2123 1561 2167 rostrum
1606 2113 1787 2168 omnia
1827 2113 2018 2170 habent

436 2195 720 2252 aduncum.
767 2198 894 2253 Tale
938 2201 1077 2254 enim
1116 2210 1226 2254 tum
1254 2201 1324 2255 ad
1365 2203 1713 2270 retinendum,
1751 2213 1859 2258 tum
1897 2223 2015 2262 vero

435 2288 505 2342 ad
537 2291 638 2345 vim
671 2291 1001 2360 inferendam
1042 2295 1368 2351 commodius
1398 2306 1553 2370 atque
1588 2299 1764 2368 aptius
1793 2308 1908 2364 est;
1939 2302 2014 2355 vis

435 2391 612 2438 autem
642 2385 697 2438 in
738 2383 854 2449 huc,
892 2394 943 2439 et
987 2387 1041 2440 in
1075 2387 1339 2457 unguibus
1379 2389 1486 2443 sita
1525 2399 1623 2444 est.
1665 2389 1811 2444 Unde
1841 2392 1924 2460 ﬁt,
1957 2401 2015 2446 ut

431 2491 630 2544 ungues
661 2476 823 2530 etiam
853 2476 1081 2532 habeant
1109 2479 1441 2534 adunciores.
1477 2479 1805 2536 Cteterarum
1839 2485 2013 2538 avium

432 2574 666 2620 rastrum
723 2566 852 2622 utile
893 2567 962 2621 ad
1010 2571 1203 2624 victum
1241 2570 1491 2642 cujusque
1533 2581 1633 2637 cst,
1671 2574 1812 2627 verbi
1840 2577 2014 2644 gratia

433 2655 642 2711 roborei
687 2661 914 2729 generis,
965 2669 1015 2714 et
1057 2663 1258 2716 corvini
1289 2662 1585 2730 robustum,
1626 2673 1780 2734 atque
1801 2665 2014 2733 prwdu-

432 2765 552 2802 rum
586 2766 644 2804 os
673 2760 750 2804 est
781 2767 799 2806 :
843 2753 1033 2806 minuti
1073 2756 1274 2824 generis
1307 2757 1474 2809 latum
1512 2756 1581 2808 ad
1617 2767 1770 2811 terra:
1807 2759 2011 2827 [ructus

431 2841 775 2912 colligendos,
802 2853 852 2898 et
890 2844 958 2898 ad
977 2845 1225 2902 bestiolas
1257 2848 1539 2918 capiendas
1579 2848 1846 2903 idoneum.
1882 2850 2014 2916 Qua:

433 2941 608 2986 autem
637 2933 809 2989 herbis
851 2937 1049 3003 vivunt,
1081 2955 1296 3010 quaeque
1331 2939 1471 3004 apud
1499 2939 1720 3007 paludes
1750 2942 2009 3008 victitant,

432 3031 494 3076 ut
524 3035 728 3091 nantes,
768 3035 817 3080 et
858 3028 1178 3098 palmipcdes
1216 3031 1414 3098 partim
1460 3031 1567 3084 alio
1599 3032 1826 3102 quodam
1861 3032 2012 3086 modo

432 3116 594 3168 rostri
654 3117 1080 3173 commoditatem
1143 3119 1422 3188 obtinent,
1469 3124 1667 3192 partim
1736 3123 2013 3178 latitudine

431 3207 594 3258 rostri
631 3205 734 3260 sibi
776 3207 1050 3276 sufﬁciunt
1087 3225 1104 3262 :
1146 3213 1334 3281 quippe
1378 3228 1496 3276 qua:
1534 3223 1710 3268 rostro
1751 3215 2014 3284 ejusmodi

430 3294 668 3364 infodere
699 3300 925 3366 possint,
960 3301 1115 3370 quale
1142 3302 1278 3357 inter
1317 3303 1683 3374 quadrupedes
1712 3306 1874 3360 etiam
1903 3306 2013 3360 suis

425 3396 547 3454 est;
580 3404 700 3441 nam
732 3389 779 3443 is
816 3388 957 3460 quod
989 3391 1228 3446 radicum
1259 3401 1502 3462 appetens
1534 3403 1632 3449 est.
1669 3395 1812 3461 Quin
1849 3397 2014 3450 etiam

429 3497 572 3547 aves,
596 3500 714 3554 quae
747 3483 858 3538 lato
884 3493 1008 3538 sunt
1039 3494 1211 3540 rostro
1242 3485 1548 3557 radicesque
1571 3487 1784 3554 esitant,
1807 3496 1857 3541 et
1888 3487 2015 3541 reli-

426 3591 651 3648 quarum
675 3577 840 3632 victus
867 3576 1060 3631 similis
1086 3576 1356 3631 nonnullae
1375 3587 1638 3631 serratum
1660 3578 1823 3632 rostri
1841 3585 2015 3632 extre-

426 3685 572 3723 mum
598 3669 790 3722 habent
814 3684 832 3722 :
867 3669 947 3722 ita
974 3669 1112 3723 enim
1138 3668 1422 3723 herbarum
1459 3678 1674 3738 carptus
1706 3686 1808 3740 quo
1836 3670 2014 3724 vivunt

426 3761 640 3830 facilius
664 3760 863 3830 agitur.
908 3759 1018 3815 Nec
1075 3768 1287 3816 tantum
1337 3761 1407 3816 ad
1444 3762 1757 3817 necessaria
1791 3776 2011 3834 compa-

425 3853 600 3908 randa
629 3855 704 3908 ita
736 3860 860 3907 nata
891 3860 1024 3907 sunt
1074 3853 1356 3920 animalia,
1401 3852 1497 3908 sed
1529 3862 1591 3907 ut
1639 3853 2012 3911 instrumenta

423 3944 684 4013 habeant,
713 3944 916 4016 quibus
954 3959 1012 4000 se
1050 3944 1121 4000 ab
1154 3943 1502 3999 inimicorum
1552 3943 1790 4010 insidiis,
1823 3947 1941 4003 sive
1972 3947 2011 4003 ii

425 4036 673 4094 homines
724 4038 856 4102 sint,
907 4035 1022 4093 sive
1071 4036 1267 4092 belluas
1296 4034 1615 4104 defendant,
1654 4053 1779 4108 qua:
1825 4039 2010 4095 omnia

423 4128 626 4200 optime
690 4135 915 4194 norunt,
967 4135 1022 4184 et
1082 4127 1211 4184 dum
1284 4129 1502 4184 occasio
1559 4129 1727 4185 fuerit
1772 4131 2010 4190 scientes

421 4229 676 4276 utuntur.
698 4220 1142 4293 Theophylactus
1174 4217 1484 4278 Simocatus
1526 4222 1583 4276 in
1613 4221 1816 4287 (latest.
1850 4235 2010 4279 natu-

423 4315 645 4381 ralibus,
673 4325 868 4387 quast.
901 4316 935 4371 5
963 4334 977 4370 :
1018 4316 1205 4368 Ἔστιν
1230 4315 1484 4387 αἴσθησις
1510 4316 1605 4370 καὶ
1641 4319 1757 4381 τοῖς
1792 4316 2009 4386 ἀλόγοις

420 4408 602 4474 ζώοις,
645 4409 1013 4481 Πολύκρατες,
1061 4409 1183 4464 καθ’
1227 4411 1295 4480 ἣν
1339 4409 1439 4481 τῆς
1480 4411 1688 4476 οἰκείας
1733 4414 2007 4484 σωτηρίας

1759 354 2004 410 LEONIS
2027 356 2302 413 ALLATII

451 461 602 518 hom.
627 463 690 518 8:
714 459 874 516 Ἀλλο
894 465 992 535 μὲν
1017 458 1110 520 οὖν
1132 465 1288 535 γένος
1313 467 1374 520 τὸ
1397 466 1505 520 τῶν
1532 471 1913 540 σαρκοφάγων,
1939 472 2031 526 καὶ
2060 482 2108 533 Α

3609 381 3712 437 892

2487 483 2707 555 AéovO't
2743 484 2926 554 χάσμ’
2959 487 3238 555 ὀδόντων,

2488 554 2614 626 Τοῖς
2642 557 2841 622 ἰχθύσι
2870 556 2938 610 τὸ
2968 559 3214 626 νηκτόν,

2491 624 2618 695 Τοῖς
2645 626 2874 692 ὀρνέοις
2905 624 3217 695 πέτὰσθαι,

2492 694 2620 759 Τοῖς
2651 695 2908 767 ἀνδράσι
2931 699 3236 767 φρόνημα.

2483 765 2771 837 Γννιξιξὶν
2796 766 2992 837 οὐκέτ’
3019 765 3201 837 εἶχέν.

2487 835 2549 907 Tt
2583 830 2704 907 οὖν
2723 835 2965 907 dictum;
2991 830 3250 907 Κάζὶλος,

2501 904 2641 958 Ἀπ’
2675 905 2954 959 ἀσπίδων
2981 904 3253 964 circumita}.

2495 974 2635 1044 ’Art:
2665 975 2889 1044 ἐγχέων
2911 978 3212 1032 ἁπάντων

2480 1042 2632 1117 Νικᾷ
2662 1042 2730 1117 δὲ
2759 1042 2857 1100 καὶ
2885 1048 3157 1117 σίδηρον,

2477 1115 2588 1168 Kal
2622 1115 2743 1182 πῦρ
2780 1117 2938 1184 καλή
2970 1115 3060 1184 sic
3091 1117 3268 1174 οὖσα.

2131 1244 2196 1300 Ει
2220 1247 2573 1320 Phocylides:

2129 1360 2352 1444 :Qalor
2382 1361 2635 1444 ινὲῖςάστῳΔ
2661 1365 2827 1444 accipe
2859 1368 3002 1444 Θεὸς
3050 1371 3263 1444 φύσιν·Δ
3284 1372 3652 1444 ἠερόφοιτονο

2129 1431 2352 1512 Ῥργισι
2374 1431 2765 1512 μέν-πολυζὴῦ
2787 1431 3086 1512 ταχύτὴττ,
3121 1431 3323 1512 dixin;
3346 1431 3670 1512 δὲ’λέουρνι,

2130 1503 2371 1584 Latiam;-
2385 1502 2438 1555 δ’
2453 1502 2806 1584 αύτοχύςρις
2818 1502 3120 1578 κεράεσσι,
3135 1502 3350 1582 κέντρα
3356 1502 3700 1584 μελίσσαιξκ,

2127 1572 2428 1641 "Empth
2453 1572 2646 1645 ἅλκάῤ
2669 1572 2911 1633 causam}.

2121 1681 2351 1752 Plinius,
2383 1685 2480 1742 lib.
2514 1703 2570 1753 ι,
2601 1688 2721 1760 cap.
2745 1689 2836 1755 24,
2868 1690 3214 1749 hirundinem
3250 1697 3421 1752 solam
3448 1714 3600 1755 avem
3633 1716 3711 1754 ex-

2122 1775 2212 1842 iis,
2254 1791 2376 1846 qua:
2421 1776 2668 1836 aduncos
2719 1796 2931 1853 ungues
2982 1799 3095 1839 non
3160 1786 3384 1854 habent,
3441 1791 3716 1847 carnibus-

2122 1869 2271 1924 vcsci
2304 1877 2478 1926 notat.

2192 1959 2354 2027 lbid.,
2405 1965 2506 2020 lin.
2543 1966 2634 2021 40.
2678 1967 2790 2021 Kal
2825 1967 2897 2022 τὰ
2919 1969 3036 2038 μὲν
3062 1970 3234 2026 ἐστιν
3263 1973 3515 2046 ἄναρχοι.
3549 1975 3702 2032 Basi-

2120 2052 2250 2120 lits,
2277 2056 2426 2111 hom.
2454 2057 2518 2113 8:
2554 2059 2724 2113 Πάλιν
2761 2063 2819 2114 ὲν
2851 2060 3062 2127 τούτοις
3083 2065 3152 2118 τὰ
3189 2066 3290 2135 μὲν
3317 2067 3530 2139 άναρχά
3561 2070 3717 2134 ἐστι,

2121 2147 2216 2201 καὶ
2247 2143 2358 2202 οἷον
2387 2150 2519 2204 αὐτὸ
2543 2151 2734 2224 ὄνομα,
2764 2153 2834 2208 τὰ
2859 2155 2914 2208 δὲ
2938 2157 3029 2226 ὑφ’
3059 2159 3286 2229 ἡγεμόνι
3315 2161 3573 2233 τετάχθαι
3602 2181 3702 2218 κα-

2119 2237 2474 2309 ταδεχόμενα,
2506 2241 2581 2305 ὡς
2609 2244 2666 2294 αί
2694 2244 2935 2315 γέρανοι.
2971 2248 3109 2319 Ἤδη
3139 2249 3196 2302 δέ
3221 2267 3304 2314 τις
3327 2253 3422 2306 καὶ
3450 2252 3613 2325 ἑτέρα
3642 2255 3702 2308 ὲν

2125 2329 2333 2394 τούτοις
2370 2333 2488 2385 ἐστὶ
2519 2333 2773 2407 διαφορὰ,
2817 2339 2937 2392 καθ’
2973 2340 3040 2410 ἢν
3084 2341 3153 2395 τὰ
3188 2344 3286 2414 μὲν
3329 2344 3704 2419 ὲπιδημητικά

2118 2421 2178 2474 τέ
2203 2424 2318 2475 ἐστι
2351 2425 2443 2478 καὶ
2470 2426 2732 2498 ἐγχώρια,
2763 2428 2832 2481 τὰ
2863 2429 2920 2483 δὲ
2948 2432 3205 2504 ἀπαίρειν
3242 2436 3452 2506 πέφυκε
3484 2442 3703 2512 πορρω-

2120 2513 2286 2578 τάτω,
2305 2518 2397 2570 καὶ
2413 2518 2678 2588 χειμῶνος
2691 2519 2998 2588 ἐγγίζοντος
3017 2524 3322 2590 ὲκτοπίζειν
3335 2527 3412 2592 ὡς
3426 2529 3492 2582 τὰ
3508 2530 3696 2586 πολλά.

2187 2627 2348 2692 lbid.,
2391 2631 2486 2685 lin.
2533 2632 2623 2686 M.
2668 2635 2908 2703 Γαῦρον
2956 2641 2989 2691 ὁ
3026 2638 3388 2709 ἀλεκτρυών.
3440 2643 3696 2712 Basilius,

2119 2719 2266 2776 hom.
2323 2723 2397 2776 8:
2431 2723 2640 2797 Γαῦρον
2683 2729 2711 2780 ὁ
2754 2727 3088 2802 ἀλεκτρυὼν,
3129 2733 3416 2802 φιλόκαλον
3459 2738 3487 2790 ὁ
3532 2737 3698 2806 ταὼς,

2117 2810 2302 2879 λάγνοι
2336 2815 2393 2868 αἱ
2429 2819 2748 2890 περιστεραὶ
2782 2822 2875 2873 καὶ
2907 2825 2960 2875 αἱ
3000 2826 3317 2882 κατοικίδιοι
3365 2829 3564 2900 ὄρνεις,
3607 2833 3700 2886 ἐπὶ

2122 2903 2322 2968 παντὸς
2352 2906 2545 2977 καιροῦ
2562 2908 2623 2961 τὸ
2653 2914 3096 2966 συνουσιαστικὺν
3127 2914 3366 2986 ἔχουσαι.
3393 2916 3693 2976 Lucillius:

2122 3036 2480 3118 Gallinaceus,
2506 3059 2636 3118 cum
2666 3045 2830 3118 victor
2857 3063 2912 3101 se
2935 3050 3108 3118 gallus
3134 3051 3346 3107 honeste

2121 3106 2371 3174 Sustulit,
2403 3113 2457 3165 in
2483 3112 2674 3183 digitos
2699 3106 3055 3190 primoresque
3087 3106 3491 3197 erigitiungues.

2041 3189 2083 3246 ο
2187 3219 2322 3276 Ibid.
2373 3224 2426 3275 Ὀ
2462 3223 2531 3278 δὲ
2558 3225 2725 3296 ἱέραξ
2748 3232 3176 3301 εὐνούστατος.
3207 3235 3552 3304 Aristoteles,
3593 3243 3690 3296 lib.

2117 3316 2170 3366 ix
2211 3312 2284 3368 De
2311 3314 2497 3371 histor.
2525 3320 2713 3386 anim.,
2755 3337 2874 3393 cap.
2911 3323 2981 3378 36
3009 3347 3021 3380 :
3061 3327 3148 3381 Ἐν
3181 3329 3238 3382 δὲ
3271 3331 3462 3407 Θρᾴκῃ
3492 3337 3558 3406 τῇ
3595 3353 3696 3389 κα-

2115 3404 2347 3478 λουμένῃ
2388 3409 2517 3463 ποτὲ
2555 3412 2885 3484 Κεδροπόλει
2926 3417 2982 3470 ὲν
3017 3417 3096 3489 τῷ
3133 3419 3240 3473 ἕλει
3288 3404 3610 3494 θηρεύουσιν
3647 3428 3695 3481 οι

2116 3497 2393 3571 ἄνθρωποι
2411 3501 2480 3555 τὰ
2507 3503 2715 3575 ὀρνίθια
2741 3511 2892 3580 κοινῇ
2919 3510 3057 3580 μετὰ
3075 3511 3184 3566 τῶν
3215 3515 3468 3585 ἱεράκων.
3503 3519 3566 3572 Ol
3595 3519 3702 3590 μὲν

2113 3590 2224 3662 γὰρ
2248 3591 2462 3663 ἔχοντες
2490 3594 2623 3659 ξύλα
2651 3597 2872 3654 σοΰοῦσι
2897 3602 2991 3656 τὸν
3020 3604 3264 3676 κάλαμον
3297 3608 3391 3661 καὶ
3417 3609 3513 3680 τὴν
3538 3608 3693 3683 ὕλην,

2115 3683 2202 3736 ἵνα
2228 3685 2499 3743 πέτωνται
2523 3689 2592 3743 τὰ
2611 3689 2841 3761 ὀρνίθια·
2877 3694 2928 3746 οἱ
2961 3694 3018 3748 δὲ
3049 3695 3264 3767 ἱέρακες
3294 3699 3500 3755 ἄνωθεν
3528 3703 3697 3775 ὑπερ-

2114 3775 2428 3847 φαινόμενοι
2461 3779 2878 3838 καταδιὼκουσι”
2912 3784 3086 3840 ταῦτα
3113 3787 3170 3842 δὲ
3204 3789 3514 3861 φοϐούμενα
3543 3794 3701 3850 κάτω

2114 3869 2336 3926 πέτεται
2362 3873 2524 3928 πάλιν
2552 3875 2690 3946 πρὸς
2717 3876 2816 3949 τὴν
2844 3881 2967 3950 γῆν
2997 3881 3046 3933 οἱ
3071 3881 3128 3935 δὲ
3154 3881 3433 3954 ἄνθρωποι
3465 3886 3696 3942 τύπτον-

2111 3977 2205 4024 τες
2240 3965 2352 4026 τοῖς
2387 3963 2563 4030 ξύλοις
2593 3966 2950 4038 λαμϐάνουσι,
2982 3973 3078 4026 καὶ
3118 3973 3220 4044 τῆς
3261 3974 3438 4048 θήρας
3478 3979 3695 4049 μεταδι-

2110 4049 2293 4105 δόασιν
2325 4053 2528 4120 αὐτοῖς,
2559 4056 2811 4128 ῥίπτουσι
2840 4059 2955 4131 γὰρ
2981 4061 3092 4116 τῶν
3117 4063 3366 4135 ὀρνίθων,
3403 4067 3453 4119 οἱ
3467 4067 3525 4120 δὲ
3556 4069 3693 4124 ὕπο-

2110 4139 2496 4212 λαμόάνουσιν.
2555 4146 2759 4203 Eadem
2815 4152 3012 4220 repetit
3059 4152 3244 4209 libello
3287 4156 3427 4224 Περὶ
3465 4162 3692 4230 θαυμα-

2110 4235 2262 4288 σίων
2308 4236 2746 4307 ὠκουσμὰτων,
2813 4243 2906 4298 ubi
2982 4254 3166 4302 tamen
3234 4248 3559 4319 Ἀμφίπολιν
3592 4268 3694 4322 pro

2109 4327 2398 4399 Cedmpoli
2441 4332 2709 4398 nominat,
2752 4350 2874 4404 qua:
2923 4336 2998 4390 ita
3037 4339 3286 4395 vertebat
3323 4339 3465 4398 Plin.
3501 4344 3597 4399 lib.
3633 4361 3688 4412 ι,

2109 4436 2160 4476 c.
2192 4423 2225 4476 8
2268 4440 2282 4476 :
2320 4421 2387 4475 In
2422 4423 2664 4479 Thraciae
2693 4435 2844 4493 parte
2869 4443 3026 4496 super
3054 4430 3412 4501 Amphipolim
3453 4435 3688 4491 homines

417 4502 753 4574 ἀπειλήφασι
778 4503 876 4572 τὴν
898 4502 1208 4570 διάγνωσιν.
1234 4498 1387 4555 Οἶδεν
1413 4503 1448 4572 ἡ
1476 4502 1648 4574 σηπία
1678 4506 1777 4575 τῆς
1795 4505 2003 4568 οἰκείας

2110 4523 2265 4586 atque
2295 4518 2573 4586 accipitres
2596 4520 2846 4575 societate
2878 4522 3111 4592 quadam
3137 4498 3498 4595 aucupantur.
3526 4527 3602 4582 Hi
3625 4545 3692 4584 ea:

419 4592 613 4662 ἀχλύος
639 4592 699 4646 τὸ
731 4593 970 4662 σόφισμα
999 4593 1092 4646 καί
1119 4610 1220 4644 που
1251 4592 1512 4664 θηραταῖς
1533 4593 1794 4664 ἀορασίαν
1826 4596 2001 4666 ἄγρας

419 4682 696 4754 ἐνέθηκεν.
729 4680 848 4737 Οἵδε
879 4683 947 4737 τὰ
970 4681 1310 4754 γαμψώνυχα
1327 4684 1426 4754 τὴν
1453 4683 1542 4737 διὰ
1567 4685 1674 4738 τῶν
1694 4685 1898 4757 ὀνύχων
1915 4687 2004 4740 ἀλ-

419 4777 541 4848 κήν.
561 4772 714 4830 Οἶδεν
737 4778 764 4830 ό
793 4776 1001 4845 λαγωὸς
1027 4775 1112 4828 διὰ
1133 4775 1227 4828 τοῦ
1243 4776 1444 4847 δρόμου
1470 4777 1681 4848 καὶτῆς
1696 4779 1804 4833 τῶν
1829 4779 2002 4834 ποδῶν

417 4868 674 4940 ὀξύτητος
710 4869 1006 4939 κυνηγέτου
1045 4867 1338 4932 ἐπιϐουλὰς
1375 4869 1817 4940 ἀποπέμπεσθαι.
1847 4867 2001 4926 Οἶδεν

417 4963 451 5032 ἡ
478 4961 672 5031 ἔλαφος
697 4961 1104 5033 ἀποκειραμένη
1130 4962 1198 5016 τὰ
1231 4961 1437 5034 κέρατα
1469 4962 1862 5036 ἀσθενεστέραν
1902 4965 2000 5036 τὴν

417 5052 579 5121 φύσιν
625 5052 928 5124 ἀμύνεσθαι
972 5053 1097 5118 τοὺς
1117 5053 1498 5126 ·λυπὴσαντας,
1529 5064 1636 5112 etc.
1680 5056 1894 5123 Cicero,
1927 5058 2002 5113 De

418 5143 613 5214 ﬁnibus
643 5145 740 5200 lib.
773 5161 828 5208 v,
855 5146 946 5215 qui
978 5146 1231 5201 laudatur
1258 5161 1289 5199 a
1326 5145 1502 5202 Nonio
1537 5146 1794 5204 Marcello
1829 5149 1997 5205 :Ser-

414 5252 534 5304 pere
564 5237 896 5307 anguiculos,
942 5247 1131 5293 natare
1169 5239 1493 5304 anaticulas,
1534 5240 1710 5296 volare
1742 5243 1996 5311 merulas,

415 5328 663 5382 cornibus
697 5330 777 5382 uti
817 5329 1087 5385 videamus
1133 5330 1280 5385 boves
1327 5332 1448 5402 (ego
1479 5333 1712 5403 legerem
1749 5334 1997 5388 cornibus

417 5418 561 5487 niti),
594 5436 752 5488 nepas
800 5422 1019 5486 aculeis,
1067 5435 1222 5476 suam
1262 5423 1484 5493 denique
1527 5425 1712 5493 cuique
1748 5435 1998 5479 naturam

415 5524 528 5564 esse
545 5509 612 5564 ad
631 5512 902 5566 vivendum
931 5512 1137 5576 ducem;
1169 5520 1222 5567 et
1253 5513 1652 5570 mellitissimus
1682 5513 1992 5573 Anacreon:

769 5648 954 5719 Φύσις
983 5648 1198 5714 κέρατα
1227 5651 1479 5719 ταύροις,

784 5718 1001 5790 0.1.16.9
1029 5719 1078 5770 δ’
1111 5718 1342 5773 ἐδωκενί
1369 5723 1590 5790 ἵπποις,

774 5785 1080 5856 Ποδωκίην
1110 5791 1380 5857 λαγωοῖς,

2105 4606 2274 4666 silvis.
2321 4617 2371 4660 et
2402 4611 2735 4664 arundinetis
2760 4613 2992 4666 excitant
3027 4631 3146 4670 aves
3186 4632 3204 4670 :
3236 4617 3317 4670 illi
3348 4619 3692 4687 supervolan-

2106 4708 2180 4754 tes
2202 4699 2519 4768 deprimunt.
2557 4701 2762 4758 Rursus
2801 4715 2983 4774 captas
3026 4724 3255 4778 aucupes
3284 4711 3527 4766 dividunt
3567 4730 3689 4768 cum

2104 4789 2191 4842 iis.
2220 4787 2499 4843 Traditum
2523 4801 2601 4846 est
2625 4794 2815 4847 missas
2846 4795 2899 4848 in
2921 4796 3146 4853 sublime
3176 4798 3280 4853 sibi
3305 4803 3539 4870 excipere
3558 4820 3645 4857 eos
3667 4821 3687 4858 :

2103 4886 2152 4932 et
2186 4895 2304 4931 cum
2335 4888 2534 4948 tempus
2570 4883 2638 4934 sit
2671 4891 2908 4950 captura:
2945 4885 3191 4957 clangore
3235 4904 3299 4941 ac
3355 4890 3560 4943 volatus
3597 4907 3686 4960 ge-

2105 4986 2225 5024 nere
2253 4970 2476 5026 invitare
2503 4972 2571 5025 ad
2596 4974 2944 5029 occasionem.
2972 4976 3183 5033 Similia
3215 4980 3376 5036 habet
3407 4981 3684 5051 Eliauus,

2102 5061 2181 5115 De
2202 5063 2329 5120 hist.
2354 5064 2546 5130 anim.,
2585 5065 2679 5119 lib.
2715 5082 2779 5134 ιι,
2807 5083 2930 5139 cap.
2959 5068 3052 5134 42,
3078 5069 3170 5141 qui
3203 5071 3281 5126 ait
3310 5073 3560 5130 homines
3591 5091 3687 5129 ex-

2103 5153 2321 5222 plicatis
2350 5155 2559 5210 retibus
2594 5157 2900 5225 quiescere,
2934 5161 3228 5232 accipitres
3271 5165 3688 5234 supervolantes

2103 5259 2253 5310 aves,
2287 5255 2434 5299 metu
2469 5246 2716 5313 incusso,
2749 5248 2803 5301 in
2850 5251 2988 5303 retia
3036 5253 3382 5320 compellere.
3440 5254 3684 5312 Thraces

2102 5344 2295 5404 captas
2322 5351 2452 5392 aves
2475 5352 2602 5391 cum
2635 5338 2745 5392 illis
2773 5341 2984 5407 partiri,
3013 5349 3074 5394 ut
3103 5340 3240 5396 lidos
3277 5343 3458 5400 socios
3489 5347 3560 5401 ad
3580 5363 3677 5401 au-

2101 5427 2323 5496 cupium
2347 5427 2603 5484 habeant.
2639 5427 2736 5482 Sin
2759 5429 3050 5499 accipitres
3071 5432 3139 5487 ab
3161 5433 3272 5489 illis
3293 5434 3544 5490 distracti
3567 5437 3622 5492 di
3639 5479 3653 5492 .

2102 5519 2402 5571 sociantur.
2439 5519 2570 5583 Quae
2600 5519 2797 5588 repetit
2824 5520 2992 5575 etiam
3029 5521 3339 5593 Antigonus
3369 5525 3656 5598 Carystius
3698 5543 3702 5562 ι

2101 5625 2222 5678 cap.
2251 5609 2351 5674 ὄις
2378 5611 2614 5666 Joannes
2656 5610 2928 5668 Meursius
2957 5612 3015 5668 in
3059 5622 3198 5682 not.,
3241 5632 3365 5672 cum
3398 5618 3647 5689 Cedropo

2102 5704 2217 5758 leos
2260 5703 2443 5758 nullus
2473 5711 2715 5758 veterum
2745 5707 3076 5762 mentionem
3111 5709 3380 5775 habuerit,
3430 5715 3650 5782 suspica
3697 5701 3702 5710 ’

2104 5805 2193 5850 ιιιι·
2225 5813 2346 5854 esse
2375 5797 2631 5852 mendum
2669 5797 2723 5853 in
2751 5799 3044 5857 Aristotele
3076 5817 3186 5859 non
3221 5803 3383 5860 hodie
3417 5814 3510 5860 aut
3557 5804 3678 5860 heri
