4124 6456
448 438 552 494 895

1423 435 1489 490 IN
1524 432 1893 491 EUSTATHII
1934 429 2405 487 IIEXAEMERON
2440 433 2671 489 NOTIE.

3591 439 3695 496 894

448 563 655 616 natum,
691 551 783 608 sed
812 553 925 623 jam
949 561 1075 609 ante
1103 552 1358 625 Antigoni
1395 563 1664 625 tempora,
1696 557 1789 626 qui
1824 556 1898 608 ita
1927 555 2006 609 in-

2118 553 2378 622 πέψωσιν,
2402 556 2709 625 ἐξεμοῦσιν,
2735 558 2821 610 ἵνα
2839 559 3157 627 χασκουσῶν
3176 559 3242 613 τὰ
3262 559 3397 630 κρέα
3419 560 3695 632 ἐξαιροῦν-

447 653 665 700 ventum
699 646 991 714 expressit,
1031 647 1383 716 restituitque
1419 647 1714 717 Κεκροπίδι
1745 662 1865 717 qum
1898 646 2018 700 Ste-

448 735 629 805 phano
657 734 902 789 Thracias
940 736 1092 807 regio
1121 744 1233 803 est;
1264 736 1629 806 conciliatque
1670 752 1853 791 secum
1895 735 2018 788 Ari-

448 826 719 892 stotelem,
742 826 871 880 dum
895 826 1260 898 Amphipolim
1288 829 1478 882 urbem
1508 829 1564 882 in
1589 826 1823 882 Thracia
1856 829 2014 882 sitam

446 915 501 970 in
535 915 835 985 Cecropide
868 919 1092 988 regione
1114 921 1288 988 ponit.

512 1006 630 1061 Col.
665 1007 797 1075 729,
833 1007 929 1062 lin.
993 1009 1046 1062 5.
1104 996 1467 1063 ducidcsxuor
1520 1013 1551 1063 ὁ
1590 1008 1871 1062 πελεκάν.
1912 1006 2012 1062 CII.

455 1103 808 1175 Physialogus
840 1105 1149 1177 Epiphanii,
1171 1113 1225 1160 et
1257 1105 1450 1160 Petrus
1481 1105 1798 1168 Damianus,
1827 1102 1921 1156 lib.
1952 1117 2012 1166 ιι,

446 1192 610 1260 epist.
682 1193 791 1260 18;
860 1193 1259 1264 Hieronymus,
1330 1193 1446 1249 sive
1515 1201 1707 1247 auctor
1768 1192 2010 1261 epistolae

447 1284 515 1338 ad
558 1284 913 1350 Przcsitlium,
959 1286 1341 1355 pelecanorum
1391 1284 1531 1340 ﬁlios
1581 1300 1612 1337 a
1671 1285 2015 1354 serpentibus

446 1378 644 1441 Occidi,
681 1387 735 1432 ct
763 1385 1048 1448 parentum
1082 1364 1345 1448 sanguine
1379 1378 1640 1433 viviﬁcari
1676 1384 1865 1430 auctor
1908 1387 2012 1431 est.

447 1467 688 1523 Isidorus
721 1470 810 1524 lib.
847 1486 947 1532 xu,
974 1485 1024 1524 c.
1063 1471 1093 1522 7
1122 1489 1133 1524 :
1167 1469 1449 1522 Pelicanus
1495 1470 1606 1522 avis
1632 1466 1887 1538 ngyptia
1917 1466 2014 1519 ha-

447 1558 620 1612 bitans
668 1559 721 1612 in
766 1559 1053 1613 solitudine
1095 1558 1211 1612 Nili
1249 1560 1505 1628 ﬂuminis,
1547 1557 1685 1611 unde
1732 1567 1782 1611 et
1830 1540 2059 1610 nomen.

445 1651 688 1720 sumpsit.
728 1648 871 1702 Nam
897 1650 1165 1719 Canopius
1195 1649 1462 1721 .Egyptus
1492 1650 1710 1704 dicitur.
1748 1647 1946 1702 Fertur
1967 1647 2015 1701 si

444 1758 616 1796 verum
645 1751 740 1806 est,
783 1759 899 1795 eam
929 1743 1162 1797 occidere
1205 1753 1356 1798 natos
1389 1759 1532 1807 suos,
1564 1757 1751 1812 eosque
1785 1755 1876 1809 per
1912 1739 2012 1793 tri-

441 1831 603 1884 duum
639 1833 834 1903 lugere,
895 1833 1079 1888 deinde
1119 1834 1346 1904 seipsam
1391 1834 1689 1898 vulnerare,
1735 1839 1783 1886 et
1832 1846 2010 1899 asper-

441 1924 587 1977 sione
623 1924 706 1977 sui
764 1926 1037 1994 sanguinis
1066 1925 1327 1994 vivi/icore
1347 1926 1508 1991 ﬁlios.
1544 1922 1688 1978 Idem
1719 1921 1881 1976 habet
1904 1920 2014 1975 Au-

440 2016 694 2084 gustinus
735 2015 788 2069 in
818 2016 1010 2083 psalm.
1033 2031 1108 2078 c1,
1154 2025 1208 2071 et
1227 2016 1525 2086 Gregorius
1558 2031 1714 2085 super
1739 2031 1772 2068 v
1816 2013 2008 2083 psalm.

443 2107 715 2174 ptenitent.
742 2122 760 2170 ;
789 2107 1046 2162 Albertus
1078 2107 1304 2176 Magnus
1335 2123 1460 2161 cum
1504 2116 1693 2162 nostro
1725 2105 2012 2160 Eustathio

442 2198 715 2263 convenit,
749 2198 841 2266 qui
892 2196 967 2251 ait
1008 2207 1260 2266 parentes
1295 2213 1325 2252 a
1363 2197 1488 2252 ﬁliis
1535 2203 1880 2267 provocatos,
1915 2211 2011 2250 eos

444 2287 767 2342 interﬁcere.
822 2288 1060 2345 Consule
1128 2287 1446 2344 Michaelem
1508 2289 1752 2360 Glycam,
1811 2288 2009 2343 Annal.

446 2377 568 2432 libr.
601 2378 876 2443 t;IIorum
910 2381 1030 2434 libr.
1071 2397 1110 2441 ι,
1148 2382 1312 2450 capit.
1345 2381 1432 2437 54.
1462 2381 1638 2435 Aliam
1671 2380 2010 2450 φιλοτεκνὶας

442 2483 662 2525 causam
687 2471 855 2527 habes
879 2473 1020 2542 apud
1050 2472 1348 2537 JEIianum,
1377 2473 1454 2528 De
1471 2474 1656 2528 nistor.
1675 2472 2006 2540 animalium,

443 2560 536 2614 lib.
571 2577 653 2624 ιιι,
683 2564 848 2632 capit.
880 2564 970 2618 24.
999 2564 1155 2619 Hunc
1184 2563 1394 2620 Plinius
1418 2567 1674 2636 plateam,
1699 2565 2005 2636 plataleam,

440 2651 652 2717 Cicero,
687 2653 1070 2726 Hieronymus,
1098 2664 1152 2710 et
1179 2655 1481 2712 Eucherius
1506 2656 1879 2712 onocrotalum
1907 2670 2006 2711 vo-

441 2749 655 2798 carunt.
682 2742 948 2799 Consalus
970 2743 1198 2799 Pontius
1222 2749 1366 2800 notis
1401 2745 1455 2798 in
1485 2743 1854 2814 Physiologum
1881 2743 2010 2814 Epi-

444 2831 653 2900 phanii,
682 2849 803 2902 quae
840 2834 907 2888 de
941 2835 1200 2905 pelecano
1242 2843 1518 2901 narratur,
1549 2836 1699 2890 nullo
1724 2843 1817 2888 aut
1845 2850 2008 2905 expe-

440 2923 692 2989 rimento,
743 2932 835 2978 aut
887 2927 1053 2980 veteri
1103 2927 1331 2996 probato
1383 2927 1699 2981 testimonio
1748 2927 2006 2981 allirmari

439 3031 600 3086 posse
626 3017 926 3073 contendit.
960 3019 1138 3085 Quare
1164 3028 1320 3089 putat
1351 3035 1450 3089 pro
1475 3021 1747 3089 pictorum
1779 3021 2004 3075 arbitrio

441 3109 750 3166 hominibus
802 3111 1123 3178 exhibitam,
1178 3128 1279 3168 nec
1332 3114 1494 3167 ullam
1541 3112 1767 3182 hujusce
1798 3120 2006 3166 naturae

2117 661 2208 706 τες
2228 646 2468 699 ὲσϐίωσι.
2499 646 2711 712 Cicero,
2748 647 2840 700 lib.
2869 663 2928 710 ιι,
2961 647 3036 702 De
3071 661 3248 707 natur.
3279 650 3496 704 deorum
3527 651 3695 722 :Legi

2117 735 2278 788 etiam
2309 736 2561 803 scriptum
2590 753 2701 790 esse
2723 753 2866 790 avem
2887 737 3193 805 quamdam,
3225 741 3585 809 quwplatalea
3604 759 3693 794 no-

2119 828 2428 894 minaretur,
2447 845 2562 880 eam
2593 827 2695 882 sibi
2723 828 2894 881 cibum
2915 845 3150 898 quaerere
3166 831 3496 886 advolantem
3515 832 3582 885 ad
3598 849 3688 885 eas

2119 931 2256 979 aves,
2285 931 2402 983 qua:
2417 931 2469 968 se
2498 916 2551 969 in
2569 918 2705 969 mari
2733 926 3038 987 mergerent,
3059 935 3173 988 qua:
3197 936 3314 974 cum
3331 923 3682 987 emersissent,

2116 1006 2410 1074 piscemque
2439 1008 2732 1075 coepissent,
2759 1023 2921 1078 usque
2950 1025 3009 1063 eo
3040 1025 3272 1078 premere
3299 1028 3481 1066 earum
3510 1015 3686 1084 capita

2117 1095 2381 1149 mordicus
2412 1095 2539 1148 dum
2566 1107 2776 1164 captum
2817 1098 2928 1152 illa;
2964 1100 3284 1167 amitterent,
3322 1101 3377 1155 id
3407 1104 3544 1172 quod
3569 1106 3686 1173 ipsa

2116 1185 2400 1241 invaderet.
2449 1187 2750 1256 Eademque
2797 1190 2906 1244 han:
2949 1192 3061 1246 avis
3102 1191 3350 1247 scribitur
3385 1195 3594 1249 conchis
3631 1213 3686 1250 se

2115 1274 2282 1328 solere
2312 1275 2590 1344 complere,
2641 1293 2831 1348 easque
2874 1295 2993 1332 cum
3033 1282 3289 1336 stomachi
3337 1286 3513 1338 calore
3560 1301 3687 1338 con-
3786 1349 3794 1354 _

2115 1364 2338 1431 coxerit,
2378 1381 2628 1432 evomere,
2659 1374 2814 1437 atque
2843 1368 2920 1422 ita
2963 1369 3153 1442 eligere
3195 1387 3261 1426 ea:
3307 1373 3372 1428 iis
3411 1390 3528 1444 qua:
3562 1385 3685 1428 sunt

2115 1454 2400 1510 esculenta.
2434 1455 2661 1521 Plinius,
2705 1458 2800 1512 lib.
2830 1475 2886 1527 π,
2916 1473 3038 1531 cap.
3070 1461 3140 1516 40
3176 1479 3190 1518 ;
3225 1462 3413 1518 Platea
3439 1481 3559 1518 cum
3593 1466 3686 1520 de-

2116 1547 2312 1600 voratis
2341 1563 2396 1600 se
2425 1547 2654 1616 implevit
2684 1551 2916 1616 conchis,
2950 1553 3125 1607 calore
3145 1557 3337 1611 ventris
3365 1567 3541 1613 coctas
3569 1575 3687 1614 evo-

2116 1641 2229 1703 mit,
2261 1646 2416 1707 atque
2438 1640 2514 1694 ita
2540 1657 2603 1695 ea:
2629 1641 2694 1696 iis
2724 1643 2992 1698 esculenta
3022 1645 3144 1716 legit
3191 1655 3350 1702 testas
3379 1664 3680 1720 excerpens.

2114 1731 2180 1785 Et
2207 1732 2480 1798 Elianus,
2511 1734 2584 1789 De
2612 1734 2734 1789 hist.
2762 1737 2926 1792 anim.
2962 1737 3058 1793 lib.
3098 1753 3182 1806 ιιι,
3215 1753 3336 1811 cap.
3371 1740 3476 1796 20:
3502 1743 3566 1796 Ol
3589 1761 3686 1796 πε·-

2115 1825 2339 1888 λεκᾶνες
2367 1827 2425 1880 ἐν
2450 1827 2564 1892 τοῖς
2594 1831 2858 1900 ποταμοῖς
2882 1830 3086 1901 κόγχας
3117 1831 3542 1904 περιχαίνοντες,
3567 1831 3686 1889 εἶτα

2119 1915 2526 1971 καταπίνουσιν.
2579 1919 2764 1972 Ἔνδον
2797 1919 2854 1972 δὲ
2898 1920 2991 1973 καὶ
3034 1923 3091 1974 ὲν
3128 1921 3283 1992 μυχῷ
3313 1922 3413 1993 τῆς
3449 1925 3684 1996 γαστρὸς

2117 2006 2524 2077 ὑποθάλψαντες
2547 2009 2828 2080 ἀνεμοῦσι.
2859 2011 2969 2066 Καὶ
2997 2013 3066 2066 τὰ
3096 2012 3192 2082 μὲν
3215 2013 3479 2085 ὁστράκια
3504 2016 3568 2070 ὲκ
3586 2019 3684 2088 τῆς

2118 2100 2282 2163 ἀλέας
2312 2100 2494 2170 διέστη
2518 2100 2801 2173 ὡσπεροῦν
2830 2101 2937 2156 τῶν
2967 2103 3164 2173 ἑφθῶν·
3192 2107 3239 2157 οἱ
3263 2105 3320 2158 δὲ
3341 2106 3683 2178 ὲξορύττουσι

2115 2191 2184 2245 τὰ
2207 2192 2362 2264 κρέα,
2391 2194 2485 2246 καὶ
2522 2193 2704 2264 ἔχουσι
2740 2193 2975 2251 δεῖπνον.
3009 2195 3140 2262 Quae
3173 2197 3415 2254 carmine
3451 2198 3684 2254 iambico

2118 2283 2194 2338 ita
2234 2283 2468 2340 reddidit
2495 2283 2647 2340 Phile
2683 2303 2697 2340 :

2185 2418 2425 2493 κόγχην
2448 2419 2517 2471 δὲ
2543 2420 2808 2493 πελεκάν
2834 2421 3107 2493 ἐμϐαλὼν
3131 2422 3255 2490 τοῖς
3287 2424 3574 2493 ἐγκάτοις,

2183 2489 2536 2563 ξςᾴνάπαλιν
2561 2489 2754 2563 αὐτὴν
2786 2489 3133 2563 ἐξενεγκὼν,
3160 2489 3475 2561 ὀστράκοις

2189 2560 2258 2612 Τὸ
2273 2561 2544 2632 capacior
2569 2560 2833 2632 ,βέϐριιικε
2855 2560 3087 2632 ληφθὲν
3110 2560 3434 2632 εὐστόχως.

2189 2627 2300 2702 Τοῦ
2335 2631 2443 2698 γὰρ
2471 2631 2651 2702 τόνου
2681 2627 2964 2686 θλάσασᾶ
2998 2631 3105 2699 τὰς
3132 2627 3362 2702 κλεῖς-’ἢ
3391 2627 3572 2700 ζῖέσις,

2186 2699 2452 2754 Ἔλυσεν
2483 2699 2555 2766 ἂς
2591 2701 2880 2772 ἕσςειγξεν
2905 2705 2944 2773 ἡ
2975 2705 3163 2773 κόγχη
3193 2699 3442 2774 πτύχας.

2182 2831 2342 2900 lbid.,
2377 2833 2474 2888 Iiu.
2509 2834 2600 2891 26.
2635 2838 2974 2891 Φιλόκαλον
3005 2839 3038 2891 ὁ
3067 2837 3238 2904 ταὼς.
3271 2836 3446 2908 Hujus
3477 2838 3682 2894 descri-

2112 2925 2354 2994 ptionem
2404 2926 2597 2982 iisdem
2639 2943 2778 2997 pene
2816 2929 2997 2984 verbis
3026 2928 3195 2986 habes
3235 2932 3378 3001 apud
3416 2929 3681 2986 Achillem

2111 3014 2349 3080 Tatium,
2384 3016 2477 3071 lib.
2514 3033 2530 3070 ι
2568 3035 2582 3070 :
2617 3016 2802 3090 Ταύτῃ
2843 3018 2938 3072 νῦν
2970 3012 3120 3081 οὗτος
3158 3019 3218 3071 τὸ
3251 3017 3443 3082 κάλλος
3480 3018 3680 3072 ἐπιδεί-

2111 3121 2301 3159 κνυται
2333 3105 2574 3176 λειμῶνα
2608 3107 2841 3178 πτερῶν.
2878 3108 2937 3161 Ὀ
2961 3107 3018 3160 δὲ
3042 3108 3133 3160 τοῦ
3162 3107 3274 3162 ταὼ
3298 3108 3500 3179 λειμὼν
3521 3109 3679 3162 εὐαν-

439 3216 589 3256 avem
625 3217 855 3272 usquam
882 3219 1026 3269 esse,
1051 3205 1478 3274 comprobatque
1509 3203 1854 3259 Hebraeorum
1880 3221 2004 3259 sene

2111 3195 2381 3267 θέστερος.
2420 3195 2761 3265 Πεφύτευται
2808 3197 2916 3269 γὰρ
2948 3197 3096 3268 αὐτῷ
3126 3199 3220 3252 καὶ
3250 3200 3448 3272 χρυσὸς
3483 3202 3540 3254 ὲν
3569 3204 3682 3264 τοῖς

438 3294 625 3357 tentia,
657 3295 750 3364 qui
785 3294 1026 3350 fatentur
1055 3297 1268 3350 nescire
1292 3311 1350 3350 se
1376 3312 1495 3364 quae
1529 3296 1644 3350 avis
1683 3297 1754 3351 sit
1788 3297 2005 3366 peleca-

438 3400 563 3439 nus.
598 3381 872 3454 Quidquid
898 3392 1080 3440 tamen
1112 3385 1201 3451 sit,
1234 3387 1351 3442 avis
1393 3387 1506 3441 haec
1543 3386 1645 3440 fuit
1672 3387 1884 3456 insigne
1908 3386 2006 3442 Ju-

439 3476 492 3529 lii
528 3476 750 3530 Antonii
808 3476 1080 3532 Sanctorii
1133 3478 1450 3541 cardinalis,
1506 3487 1631 3548 post
1682 3477 2001 3551 Gregorium

437 3569 702 3623 decimum
727 3569 944 3623 tertium
976 3569 1286 3639 pontiﬁcem
1314 3570 1600 3640 Optimum,
1623 3568 1834 3638 collegii
1856 3568 2005 3623 Grae-

435 3674 623 3714 corum
653 3663 888 3730 primum
915 3672 1144 3732 patrem,
1183 3661 1343 3732 primi
1371 3661 1792 3731 propugnatoris
1820 3675 1884 3714 ac
1912 3661 2005 3714 de-

436 3751 690 3815 fensoris,
726 3753 840 3821 qui,
875 3762 933 3807 ut
962 3752 1271 3808 Graecorum
1305 3752 1401 3806 filii
1432 3767 1500 3808 ex
1538 3751 1706 3822 impia
1743 3751 1834 3806 illa
1866 3749 2004 3804 Tur-

436 3859 624 3898 carum
652 3845 938 3915 tyrannide
971 3853 1025 3900 et
1070 3845 1392 3914 ignorantiae
1432 3844 1671 3900 tenebris
1717 3844 1908 3913 elapsi,
1949 3849 2004 3898 et

434 3935 594 3990 bonis
617 3936 846 4002 artibus,
879 3943 933 3991 et
961 3935 1274 3992 lectissimis
1297 3935 1542 3991 moribus
1577 3935 2000 4000 instruerentur,

438 4026 701 4082 adversus
747 4027 1056 4083 malesanos
1096 4027 1416 4091 nebulones,
1456 4027 1550 4096 qui
1597 4033 1809 4080 tantum
1866 4040 2004 4096 opus

439 4124 682 4173 evertere
703 4119 1065 4183 conabantur,
1097 4117 1334 4188 propriis
1360 4116 1550 4172 ciliciis
1572 4118 1876 4187 opibusque
1907 4117 2004 4172 bo-

442 4224 510 4263 na
545 4224 575 4264 a
607 4208 866 4281 Gregorio
896 4211 1092 4282 legata,
1141 4211 1488 4264 alumnorum
1528 4209 1840 4265 educationi
1862 4251 1878 4275 ,
1909 4209 2004 4263 diu

433 4300 545 4369 jam
597 4303 928 4366 corruentia,
985 4302 1283 4368 immania,
1327 4315 1570 4371 sanaque
1619 4299 1896 4366 sustinuit,
1950 4307 2005 4354 et

435 4391 776 4448 conﬁrmavit
821 4393 1092 4457 nutantia,
1143 4393 1259 4448 suis
1321 4391 1623 4448 commodis
1690 4389 2001 4445 Graecorum

434 4483 795 4538 eruditionem
842 4491 1212 4553 anteponens,
1263 4489 1318 4538 et
1367 4497 1506 4551 quos
1557 4482 1672 4553 jam
1723 4482 2004 4537 charitatis

2110 3290 2349 3358 πτεροῖς·
2374 3287 2556 3358 κύκλῳ
2570 3289 2628 3341 δὲ
2650 3288 2710 3341 τὸ
2727 3289 2991 3360 ἁλουργες
3005 3289 3095 3342 τὸν
3116 3290 3313 3361 χρυσὸν
3335 3290 3574 3362 περιθέει
3589 3291 3680 3344 τὸν

2109 3377 2220 3430 ἴσον
2238 3377 2456 3443 κύκλον,
2476 3379 2570 3432 καὶ
2590 3377 2734 3431 ἔστιν
2750 3378 3023 3450 ὀφθαλμὸς
3041 3382 3098 3433 ὲν
3112 3379 3189 3450 τῷ
3204 3380 3404 3451 πτερῷ.
3417 3381 3681 3438 Aristote-

2104 3467 2208 3532 les,
2235 3467 2330 3520 lib.
2359 3481 2375 3519 ι
2397 3465 2474 3520 De
2488 3465 2621 3520 hist;
2639 3467 2826 3530 anim.,
2851 3482 2976 3522 eum
2997 3467 3254 3539 φθονερὸν
3269 3471 3362 3521 καὶ
3392 3469 3678 3539 φιλόκαλον

2103 3565 2292 3622 vocat;
2340 3557 2460 3627 ejus
2503 3557 2944 3623 ostentationem,
2993 3559 3304 3628 superbiam
3365 3575 3428 3613 ac
3475 3560 3677 3620 fastum

2103 3649 2336 3719 explicat
2371 3648 2622 3704 Elianus
2651 3648 2743 3702 lib.
2773 3663 2806 3700 v
2846 3647 2924 3702 De
2963 3648 3152 3702 histor.
3204 3651 3392 3714 anim.,
3423 3665 3543 3722 cap.
3573 3651 3676 3718 21;

2103 3737 2406 3808 Oppianus,
2430 3738 2510 3814 De
2529 3739 2818 3804 venatione,
2841 3737 2938 3793 lib.
2984 3753 3047 3802 ιι,
3080 3747 3133 3794 et
3157 3739 3251 3795 lib.
3273 3756 3359 3802 ιιι.
3381 3743 3476 3812 qui
3498 3743 3575 3796 ait
3598 3744 3674 3797 nil

2099 3831 2398 3901 jucundius
2439 3845 2503 3885 ac
2544 3831 2830 3900 pulchrius
2880 3845 3092 3901 pavone
3137 3831 3194 3886 in
3223 3833 3386 3888 rebus
3420 3849 3450 3888 a
3481 3842 3675 3890 natura

2100 3923 2437 3994 profectum;
2497 3921 2676 3988 Phile,
2735 3924 2792 3977 in
2845 3921 3091 3987 lambis;
3146 3923 3412 3996 Georgius
3468 3925 3674 3991 Pisida,

2101 4013 2180 4068 De
2210 4013 2392 4068 mundi
2427 4015 2634 4084 opiﬁc.;
2669 4012 3039 4069 Philostratus
3069 4011 3263 4070 Junior
3298 4013 3513 4073 Heroic.
3541 4017 3596 4082 2,
3622 4018 3676 4073 in

2102 4107 2449 4172 Alexandro;
2497 4106 2791 4178 Gregorius
2839 4104 3215 4164 Nazianzenus
3250 4109 3414 4164 Κατὰ
3457 4127 3677 4179 γυναι-

2101 4199 2226 4253 κῶν
2247 4197 2812 4268 καλλωπιζομένωνέ
2832 4197 3146 4262 Athenaeus,
3174 4198 3304 4253 libr.
3335 4215 3413 4265 ιχ,
3445 4200 3676 4271 Deipno-

2103 4291 2346 4360 sophist.;
2370 4291 2582 4355 Cicero,
2620 4307 2678 4344 ιιι
2715 4290 2794 4344 De
2819 4291 3045 4360 ﬁnibus;
3077 4291 3398 4358 Columella,
3425 4291 3520 4347 lib.
3551 4309 3668 4359 vni,

2101 4385 2267 4454 capit.
2291 4386 2349 4438 II
2373 4401 2390 4452 ;
2416 4383 2715 4448 Lucianus,
2742 4383 2818 4437 De
2832 4382 3020 4446 domo;
3044 4381 3268 4447 Gellius,
3299 4383 3392 4439 lib.
3416 4401 3512 4446 vn,
3545 4401 3668 4456 cap.

2104 4475 2204 4540 l7;
2239 4474 2337 4528 Dio
2365 4473 2813 4546 Chrysostomus,
2861 4474 3109 4528 oratione
3139 4472 3454 4544 Olympica;
3490 4474 3668 4531 Theo-

434 4573 616 4629 studio
648 4573 727 4628 uti
767 4572 907 4628 ﬁlios
956 4573 1272 4642 complexus
1331 4571 1528 4636 fuerat,
1558 4571 1721 4626 etiam
1781 4569 1828 4627 si
1865 4584 2002 4640 opus
2035 4592 2078 4647 υ
2108 4568 2392 4640 pliylactus
2411 4565 2740 4629 Simocatus,
2769 4566 2930 4635 epist.
2954 4567 3014 4620 3i
3039 4584 3053 4634 ;
3081 4565 3415 4637 Epiphanius
3448 4567 3503 4622 in
3527 4567 3671 4638 Phy—

434 4661 647 4730 fuisset,
677 4664 762 4719 sui
791 4664 1074 4731 sanguinis
1112 4663 1300 4717 fovens
1323 4663 1606 4725 effusione,
1639 4677 1672 4718 ο
1700 4676 1826 4717 vere
1853 4661 2001 4730 pele—

432 4772 653 4822 canum,
688 4772 814 4811 vere
867 4771 1091 4810 aureum
1112 4797 1126 4820 ,
1155 4770 1280 4808 vere
1308 4755 1638 4823 φιλότεκνον.
1679 4753 2001 4810 Nefelicem

433 4857 485 4904 te
515 4849 803 4910 Graeciam,
847 4848 1029 4903 felices
1060 4855 1185 4902 tuos
1225 4846 1686 4910 adolescentulos,
1731 4847 1868 4899 tanti
1902 4860 1998 4914 pa-

430 4939 574 4994 troni
597 4939 850 5011 praesidio
872 4939 926 4992 in
949 4939 1183 4992 maxima
1211 4936 1541 4992 necessitate
1573 4951 1697 4990 vere
1727 4934 1998 4990 defensos.

431 5031 639 5096 Gaude,
675 5031 869 5102 gaude,
925 5029 1059 5082 tanti
1105 5028 1210 5082 viri
1261 5028 1509 5096 exemplo
1563 5026 2000 5096 praestantissimi

429 5127 670 5194 quinque
699 5125 961 5195 praesules
990 5130 1113 5178 tuos
1143 5120 1302 5183 ﬁlios,
1336 5128 1389 5174 et
1428 5121 1600 5184 alunt,
1657 5127 1710 5174 et
1754 5120 2000 5175 moribus

435 5216 786 5285 scientiisque
805 5214 1122 5275 informant,
1136 5225 1368 5280 quorum
1391 5209 1577 5265 laudes
1597 5225 1742 5263 nunc
1760 5226 1862 5262 non
1892 5218 1999 5263 tam

427 5308 895 5379 prwterinittimus,
919 5319 1076 5376 quam
1107 5303 1176 5356 ad
1207 5304 1460 5371 majorem
1491 5300 1748 5356 scribendi
1777 5301 1998 5370 diligen-

431 5398 564 5450 tiam
594 5413 938 5451 reservamus.

502 5487 662 5551 Ibid.,
688 5488 784 5542 lin.
814 5490 894 5542 II.
933 5483 1106 5543 Οὗτοι
1136 5487 1203 5539 δὲ
1232 5489 1284 5539 οἱ
1312 5485 1659 5550 πελεκᾶνες.
1697 5483 1840 5539 Idem
1871 5499 1996 5538 nar-

430 5587 516 5632 rat
545 5579 867 5634 Aristoteles
897 5579 992 5633 lib.
1028 5578 1168 5646 Περὶ
1205 5577 1553 5646 θαυμασίων
1579 5576 1992 5644 ἀκουσμάτων,

429 5677 481 5721 et
514 5670 606 5722 lib.
635 5684 689 5721 Ix
708 5667 780 5721 De
810 5667 932 5722 hist.
971 5669 1163 5731 anim.,
1192 5683 1312 5736 cap.
1338 5667 1437 5719 IO:
1464 5665 1594 5718 «nas
1623 5665 1916 5730 πελεκᾶνες
1943 5668 1992 5719 οἱ

430 5764 486 5814 ἐν
509 5762 620 5823 τοῖς
653 5761 916 5828 ποταμοῖς
943 5759 1213 5828 γινόμενοι
1237 5759 1590 5812 καταπίνουσι
1622 5757 1721 5821 τὰς
1752 5759 1991 5828 μεγάλας

430 5853 629 5918 udum;
650 5851 741 5906 καὶ
764 5850 926 5914 λείας·
947 5851 1072 5905 ὅταν
1091 5851 1134 5904 δ’
1164 5854 1220 5905 ὲν
1242 5851 1316 5920 τῷ
1350 5852 1453 5914 πρὸ
1484 5850 1581 5919 τῆς
1613 5851 1816 5914 κοιλίας
1840 5852 1990 5920 τόπῳ

2107 4658 2616 4730 εἰοιοῃολονίᾱὶιιε,
2650 4667 2703 4714 et
2733 4659 2847 4712 alii.
2883 4656 3116 4723 Plinius,
3152 4659 3246 4714 lib.
3293 4675 3348 4724 ι,
3385 4675 3504 4730 cap.
3546 4659 3618 4713 20
3653 4680 3666 4714 :

2107 4751 2436 4806 Gemmantes
2472 4752 2721 4806 laudatus
2746 4751 2996 4821 expandit
3019 4752 3239 4820 colores,
3263 4753 3479 4808 adverso
3507 4754 3672 4806 maxi-

2104 4863 2184 4900 me
2212 4847 2340 4911 sole,
2372 4848 2497 4914 quia
2531 4848 2607 4899 sic
2637 4846 2923 4916 fulgentius
2962 4847 3198 4900 radiant.
3255 4845 3430 4901 Simul
3470 4846 3670 4901 umbra:

2101 4939 2357 5007 quosdam
2382 4953 2715 5005 repercussus
2735 4940 2959 5004 steteris,
2977 4940 3032 4993 in
3055 4956 3214 5008 opaco
3233 4940 3429 4993 clarius
3448 4940 3665 5003 micant,

2102 5030 2358 5083 conchata
2384 5031 2574 5100 quierit
2610 5031 2783 5085 cauda
2813 5048 2833 5085 :
2873 5048 3150 5102 omnesque
3187 5033 3242 5086 in
3274 5049 3512 5086 acervum
3545 5049 3669 5085 con-

2101 5122 2262 5175 trahit
2299 5139 2610 5190 pennarum,
2641 5139 2768 5193 quos
2801 5123 3027 5191 spectari
3069 5125 3258 5194 gaudet
3295 5125 3493 5178 oculos.
3535 5123 3669 5179 Ter-

2099 5215 2384 5278 tullianus,
2419 5215 2514 5268 lib.
2555 5214 2627 5268 De
2685 5215 2848 5282 pallio
2907 5232 2924 5269 :
2982 5216 3123 5269 Pavo
3170 5215 3351 5284 pluma
3390 5217 3571 5278 vestis,
3617 5226 3667 5269 et

2097 5303 2304 5374 quidem
2324 5304 2386 5357 de
2415 5303 2700 5367 cataclitis,
2733 5305 2837 5357 imo
2876 5307 3019 5356 omni
3049 5304 3318 5373 conchylio
3351 5303 3662 5372 depressior,

2096 5413 2200 5466 qua
2231 5395 2370 5449 colla
2409 5395 2620 5463 ﬂorent,
2652 5404 2701 5448 et
2747 5395 2890 5448 omni
2941 5395 3155 5464 patagio
3197 5395 3515 5457 inauratior,
3563 5411 3669 5466 qua

2097 5498 2243 5557 terga
2283 5487 2513 5556 fulgent;
2545 5495 2592 5538 et
2624 5487 2767 5539 omni
2805 5493 3035 5555 syrmate
3076 5485 3320 5548 solutior,
3350 5500 3454 5554 qua
3483 5485 3668 5539 cauda:

2086 5579 2288 5647 jacent,
2340 5576 2661 5641 multicolor,
2701 5585 2751 5630 et
2794 5575 3045 5639 discolor,
3091 5584 3141 5629 et
3188 5575 3492 5642 versicolor,
3523 5592 3664 5628 nun-

2093 5687 2249 5739 quant
2276 5672 2389 5738 ipsa
2411 5687 2610 5741 semper
2634 5670 2766 5735 alia,
2794 5669 2892 5723 etsi
2919 5684 3119 5737 semper
3146 5657 3260 5736 ipsa
3288 5668 3496 5737 quando
3519 5667 3664 5730 alia;

2096 5764 2248 5817 toties
2279 5761 2498 5833 denique
2528 5763 2786 5816 mutanda
2819 5762 3020 5832 quoties
3054 5759 3322 5814 movenda.
3367 5759 3496 5813 Vide
3527 5773 3662 5828 pra:-

2093 5862 2238 5910 tcrca
2263 5853 2526 5910 Joannem
2562 5851 2949 5919 Passeratium,
2979 5859 3029 5908 ct
3059 5849 3304 5918 Ulyssem
3359 5847 3659 5905 Aldrovan-
