4124 6428
392 400 500 458 895

1720 383 1969 442 LEONIS
2005 384 2279 441 ALLATII

3552 387 3660 444 8016

394 517 546 573 dum.
597 512 840 581 Scaliger
893 507 1121 563 exercit.
1172 505 1300 570 258,
1343 504 1400 558 in
1450 501 1782 565 Cardanum,
1827 498 1975 572 quod
2003 504 2051 561 Α
2077 500 2372 571 ἀπόφασιν.
2398 498 2665 557 Relerunt
2684 509 2867 558 tamen
2894 501 3115 574 quidam
3139 502 3194 557 in
3216 502 3478 559 interiore
3502 502 3655 559 India

395 624 506 663 non
548 604 862 672 infrequens
892 609 978 655 est
1013 597 1157 669 apud
1206 597 1528 666 scriptores,
1567 608 1832 666 pavonem
1867 592 1975 646 sci-

394 702 541 766 licet,
580 694 895 765 conspectis
934 692 1166 765 pedibus
1190 731 1204 754 ,
1252 689 1398 761 quod
1444 696 1634 759 turpes
1673 687 1784 741 sint
1826 685 1976 740 voci-

393 790 581 857 ferari,
631 786 974 843 anicularum
1028 784 1269 841 fabulam
1318 789 1494 839 vocat.
1542 779 1679 835 Vide
1711 777 1975 847 Pierium,

393 883 489 936 lib.
528 897 679 935 xxiv.

465 973 623 1037 lbid.,
658 972 754 1026 lin.
781 971 871 1026 '55.
909 971 963 1023 Ὁ
994 969 1062 1022 δὲ
1084 967 1286 1038 φοῖνιξ
1304 965 1555 1036 μέγεθος
1741 962 1973 1030 Plinius,

393 1067 490 1122 lib.
519 1082 577 1132 ι,
607 1081 729 1137 cap.
770 1066 806 1119 2
836 1083 848 1118 :
887 1063 1093 1133 Aquila:
1123 1071 1378 1116 narratur
1422 1057 1809 1130 magnitudine,
1854 1056 1976 1111 auri

392 1158 598 1231 fulgore
626 1160 770 1213 circa
803 1160 965 1219 colla,
1002 1166 1197 1210 ca'tera
1225 1169 1542 1223 purpureus.
1577 1155 1859 1207 caeruleam
1887 1165 1976 1203 ra-

392 1252 495 1306 seis
540 1249 770 1306 caudam
798 1249 979 1319 pennis
1015 1247 1481 1318 distinguentibus,
1533 1246 1713 1300 cristis
1758 1244 1972 1313 faciem,

391 1353 652 1413 caputque
671 1342 879 1413 plumeo
909 1341 1054 1409 apice
1081 1340 1472 1393 cohonestante.
1495 1338 1738 1393 Achilles
1758 1334 1973 1402 Tatius,

392 1434 490 1490 lib.
528 1450 587 1490 Ill
606 1434 814 1498 εΦοῖνιξ
842 1433 938 1504 μὲν
970 1433 999 1484 6
1025 1432 1174 1502 ὅρνις
1196 1430 1388 1501 ὄνομα·
1417 1430 1478 1483 τὸ
1500 1428 1557 1482 δὲ
1580 1428 1737 1498 γένος
1757 1425 1972 1496 Αἰθίοψ,

395 1525 625 1596 μέγεθος
644 1528 785 1580 κατὰ
816 1524 1019 1578 ταῶνα·
1050 1523 1149 1595 τὴν
1174 1522 1363 1593 χροιὰν
1392 1520 1537 1584 ταὼς
1565 1522 1623 1573 ὲν
1645 1519 1833 1574 κάλλει
1857 1517 1978 1571 δεύ-

391 1634 568 1691 τερος.
604 1618 949 1688 Κεκέρασται
997 1614 1097 1686 μὲν
1141 1613 1318 1684 πτερὰ
1352 1611 1538 1684 χρυσῷ
1569 1612 1666 1666 καὶ
1696 1611 1974 1683 πορφύρᾳ,

392 1710 549 1781 αὐχεῖ
574 1710 629 1763 δὲ
651 1709 743 1763 τὸν
767 1709 918 1779 ἥλιον
940 1708 1231 1779 δεσπότην,
1260 1707 1356 1761 καὶ
1382 1709 1416 1778 ὴ
1446 1704 1657 1776 κεφαλὴ
1688 1706 1973 1776 μαρτυρεῦ

390 1804 734 1874 ἐστεφάνωσε
760 1803 870 1873 γὰρ
896 1802 1065 1874 αὐτὴν
1088 1802 1290 1865 κύκλος
1312 1802 1538 1872 εὐφυὴς,
1565 1800 1720 1872 ἡλίου
1748 1799 1804 1853 δέ
1830 1800 1977 1854 ἐστιν

2077 606 2229 647 avem
2249 607 2373 648 esse
2392 592 2612 647 nomine
2634 592 2969 658 semendam,
2987 609 3109 664 qua:
3123 601 3362 651 rostrum
3378 595 3544 651 habet
3563 597 3658 651 tri-

2075 684 2201 754 plici
2223 682 2438 748 ordine,
2463 692 2628 756 atque
2648 692 2707 740 ut
2739 687 2795 741 in
2816 686 3126 759 ellychiniis
3148 688 3511 759 undequaque
3534 703 3659 760 per-

2076 775 2336 843 foratum,
2353 791 2477 847 quas
2496 778 2762 833 moritura
2782 777 2944 834 dulce
2964 788 3127 834 canat
3150 793 3452 851 cygnorum
3480 793 3653 835 more.

2074 866 2205 924 Inde
2244 870 2491 925 collectis
2517 870 2809 927 sarmentis
2838 881 2989 927 motu
3031 872 3241 926 alarum
3273 870 3541 926 accendat
3565 887 3654 937 ea,

2077 970 2399 1034 uraturque,
2441 978 2506 1019 ex
2547 965 2707 1034 cujus
2748 964 2935 1020 cinere
2959 964 3182 1028 vermis,
3224 973 3337 1019 tum
3366 979 3435 1019 ex
3473 978 3658 1020 verme

2077 1058 2193 1112 avis
2231 1054 2412 1111 denuo
2446 1065 2787 1112 renascatur.
2820 1057 3088 1129 Scaliger,
3112 1057 3660 1116 exercitatioue‘con-

2077 1155 2163 1201 tra
2187 1146 2500 1204 Cardanum
2537 1149 2645 1205 255
2672 1168 2687 1205 :
2720 1149 3038 1214 Phoenicem,
3071 1149 3268 1220 inquit,
3299 1165 3405 1203 non
3432 1164 3545 1203 esse
3568 1164 3659 1218 pe-

2077 1240 2219 1293 nitus
2257 1239 2557 1310 fabulosam
2588 1241 2808 1313 legimus
2839 1242 2894 1296 in
2923 1240 3329 1298 Commentariis
3364 1241 3660 1311 navigatio-

2078 1347 2203 1384 num
2241 1331 2296 1385 in
2342 1331 2739 1387 mediterraneis
2785 1331 2961 1387 India:
3000 1333 3238 1403 reperiri.
3272 1330 3535 1386 Semenda
3573 1347 3662 1385 vo-

2078 1434 2232 1479 catur
2258 1424 2324 1481 ab
2346 1424 2557 1481 incolis.
2598 1425 2863 1481 Ceterum
2887 1425 3044 1495 hujus
3069 1425 3308 1480 historiae
3336 1424 3496 1495 [idem
3525 1424 3661 1479 lebat

2060 1512 2322 1571 'additum
2350 1517 2703 1572 mendacium.
2732 1518 2897 1572 Aiunt
2918 1519 3057 1572 enim
3087 1517 3136 1571 ei
3177 1526 3411 1570 rostrum
3443 1515 3664 1584 triﬁstu-

2079 1611 2213 1680 lare,
2259 1619 2319 1665 ut
2353 1613 2614 1666 musicum
2662 1610 2784 1666 edat
2838 1627 3048 1665 sonum.
3093 1607 3261 1679 Cujus
3302 1608 3372 1663 ad
3401 1607 3662 1662 imitatio-

2080 1719 2196 1758 nem
2232 1712 2474 1774 pastores
2519 1698 2929 1760 instrumentum
2971 1702 3359 1774 composuerint
3395 1699 3539 1755 haud
3578 1700 3666 1754 in-

2081 1813 2261 1852 suave.

389 1900 418 1951 6
437 1858 541 1951 ’³.τοῦ⁸
556 1896 758 1951 κύκλου
773 1858 1047 1966 ’σέέφανοξ
1072 1858 1693 1957 εἰκών..Κυανεδξὲστι,
1722 1893 1817 1947 καί
1837 1894 1976 1946 εἰσιν
2006 1858 2054 1919 Β
2149 1887 2312 1953 lbid.,
2349 1889 2446 1944 lin.
2475 1890 2541 1945 41
2573 1908 2588 1945 :
2630 1890 2723 1957 Ὡς
2749 1888 3071 1959 ἱστορῆσαι
3103 1886 3205 1942 καὶ
3236 1886 3486 1951 ἄλλους.
3525 1884 3665 1940 Car-

390 1982 551 2042 αὗται
601 1988 817 2060 πτερῶν
868 1987 1145 2042 ἁνατολαί.
1198 1984 1527 2057 Μερίζονται
1576 1984 1636 2039 δὲ
1680 1984 1845 2038 αὐτοῦ
1882 1985 1979 2038 Al-

391 2082 578 2146 Θιοπες
627 2082 725 2153 μὲν
770 2082 871 2153 τὴν
921 2080 1086 2151 ζωὴν,
1132 2079 1420 2148 Αἰγύπτιοι
1467 2079 1523 2132 δὲ
1567 2079 1667 2150 τὴν
1697 2077 1973 2150 τελευτήν.

389 2174 705 2230 thniceni
730 2174 981 2244 deposito
1014 2172 1170 2228 senio
1190 2171 1525 2242 repullulare
1558 2186 1622 2225 ac
1650 2170 1979 2226 reviviscere

392 2277 553 2323 vetus
594 2266 787 2322 eadem
831 2274 888 2321 et
932 2281 1095 2330 nova,
1133 2264 1361 2319 tradunt
1414 2261 1686 2319 Aristides
1726 2264 1977 2319 oratione

390 2362 460 2416 de
491 2358 726 2430 Smyrna
756 2357 1119 2423 reaedilicata;
1155 2355 1519 2419 Claudianus,
1549 2363 1742 2411 auctor
1770 2356 1978 2411 carmi-

391 2452 478 2507 nis
516 2451 584 2507 de
616 2451 873 2522 phmnice
916 2449 1062 2521 apud
1091 2447 1440 2504 Lactantium
1465 2465 1482 2515 ;
1510 2445 1751 2503 Joannes
1781 2446 1979 2518 Xiphi-

390 2545 562 2610 linus,
589 2544 646 2598 in
676 2543 926 2609 Tiberio;
957 2541 1291 2606 Herodotus,
1325 2540 1420 2596 lib.
1454 2554 1493 2594 ιι
1519 2557 1534 2608 ;
1570 2538 1774 2608 Horus,
1805 2539 1901 2594 lib.
1933 2555 1973 2607 ι,

390 2651 514 2706 cap.
548 2636 658 2702 55;
692 2631 936 2699 Solinus,
975 2648 1097 2703 cap.
1132 2632 1235 2699 5‘3;
1278 2631 1615 2702 Pomponius
1660 2630 1825 2697 Mela,
1875 2630 1973 2685 lib.

391 2745 477 2794 ιιι,
516 2743 637 2798 cap.
675 2727 743 2796 9;
776 2728 1029 2783 Clemens
1077 2724 1375 2781 Romanus.
1412 2726 1506 2780 lib.
1543 2741 1576 2781 ν
1619 2724 1976 2780 Constitutio-

390 2835 539 2887 num,
576 2833 700 2890 cap.
731 2817 786 2884 6,
821 2833 982 2888 quem
1017 2818 1207 2872 laudat
1243 2815 1482 2889 Cyrinus
1520 2814 1975 2887 Hierosolymita-

390 2927 518 2976 nus,
562 2910 837 2966 Cateches.
875 2910 964 2973 18,
1015 2908 1091 2964 De
1122 2909 1559 2977 resurrectione;
1600 2907 1975 2962 Tertullianus

389 3004 487 3058 Μ).
515 3002 591 3057 De
619 3011 928 3067 resurrect.,
959 3016 1081 3072 cap.
1118 3003 1221 3069 45;
1282 3001 1626 3066 Ambrosius,
1672 3001 1766 3056 lib.
1801 3016 1880 3066 vr,
1920 3000 1976 3054 in

391 3094 653 3163 Hexaem,
681 3110 801 3165 cap.
832 3094 924 3160 25,
950 3100 1004 3149 et
1032 3092 1127 3149 lib.
1164 3091 1243 3147 De
1273 3091 1378 3163 ﬁde
1408 3094 1849 3159 resurrectionis;
1875 3091 1978 3147 Na-

392 3189 690 3243 zianzenus
713 3186 927 3253 ,Carm.
956 3186 1027 3240 ad
1058 3187 1325 3256 virgines;
1361 3185 1725 3256 Epiphanius,
1764 3187 1822 3241 in
1862 3187 1975 3240 An-
2002 3219 2048 3281 Ο

391 3288 609 3341 carata;
652 3277 964 3349 Cyprianus
1017 3283 1074 3331 et
1130 3275 1386 3341 Ruﬁnus,
1420 3277 1477 3330 in
1519 3274 1801 3346 Symbolo.
1840 3276 1975 3347 Ejus

390 3369 639 3424 meminit
668 3366 939 3422 Eusebius
969 3364 1345 3426 Caesariensis.
1371 3365 1465 3420 lib.
1502 3379 1554 3419 IV
1591 3365 1670 3420 De
1705 3368 1799 3422 vit.
1832 3364 1977 3422 Con-

390 3472 555 3519 stant.
586 3462 663 3519 De
706 3461 937 3517 historia
976 3461 1141 3532 hujus
1179 3461 1298 3516 avis
1336 3459 1549 3515 haesitat
1575 3458 1974 3523 Nazianzenus,

390 3564 444 3611 et
477 3559 531 3612 in
571 3556 801 3611 dubium
832 3562 1015 3620 vocat,
1046 3555 1194 3610 hom.
1230 3554 1300 3610 de
1331 3552 1540 3625 Spiritu
1566 3561 1757 3609 sancto
1785 3573 1797 3610 :
1826 3555 1889 3607 El
1918 3555 1977 3608 δέ

388 3665 468 3719 τῳ
512 3647 701 3711 πιστὸς
746 3649 775 3700 6
813 3647 990 3718 λόγος,
1031 3647 1126 3701 καὶ
1175 3645 1334 3710 ἄλλος
1384 3644 1747 3718 ὲστὶ“τρόπος
1786 3646 1977 3716 γεννή-

393 3756 552 3802 σεως,
583 3737 718 3792 αὐτό
746 3754 800 3789 τι
844 3738 935 3807 ὑφ’
982 3736 1178 3791 ἑαυτοῦ
1227 3736 1638 3808 δαπανώμενον,
1674 3737 1768 3790 καὶ
1795 3737 1977 3790 τικτό-

395 3845 576 3899 μενον.
625 3826 693 3880 Et
724 3824 959 3891 Plinius,
988 3827 1079 3881 lib.
1112 3843 1172 3893 ι,
1207 3842 1329 3896 cap.
1362 3827 1398 3880 2
1441 3846 1454 3882 :
1495 3825 1794 3896 Afthiopes,
1823 3839 1977 3899 atque

393 3917 520 3973 Indi
555 3916 841 3972 discolores
861 3918 1092 3971 maxime
1127 3929 1176 3973 et
1212 3918 1595 3973 inenarrabiles
1625 3918 1799 3988 ferunt
1834 3936 1974 3987 aves,

391 4020 445 4066 et
498 4020 620 4064 ante
673 4026 850 4066 omnes
910 4009 1140 4065 nobilem
1193 4010 1396 4065 Arabia
1450 4010 1790 4066 Phamicem:
1833 4012 1977 4066 haud

394 4103 504 4158 scio
558 4120 627 4157 an
668 4102 931 4172 fabulose,
980 4118 1145 4157 unum
1195 4103 1251 4156 in
1303 4110 1411 4157 toto
1465 4102 1609 4169 orbe,
1656 4119 1750 4157 nec
1806 4105 1978 4158 visum

393 4211 726 4268 magnopere.
768 4194 1136 4268 Hieronymus
1165 4195 1473 4262 Cardanus,
1509 4196 1604 4251 lib.
1643 4212 1697 4264 ιι,
1732 4195 1810 4251 De
1848 4196 1977 4252 sub-

395 4289 588 4344 tilitate
624 4307 644 4346 :
680 4289 997 4345 Phoenicem
1028 4290 1399 4362 praedicarunt
1443 4290 1621 4356 multi,
1657 4306 1834 4358 avem,
1892 4291 1977 4344 in-

394 4381 535 4451 quit,
568 4381 765 4436 fabulze
794 4397 956 4452 quam
988 4381 1201 4436 veritati
1236 4381 1545 4451 propiorem
1572 4398 1587 4448 ;
1624 4389 1678 4436 et
1707 4379 1976 4435 Maximus

394 4473 621 4545 Martyr,
656 4474 694 4528 ι.
731 4473 799 4526 ad
842 4472 1065 4528 Petrum
1106 4474 1377 4529 illustrem
1415 4483 1611 4528 contra
1651 4471 1841 4527 Severi
1878 4471 1974 4526 do-

2077 1978 2228 2034 mina
2266 1987 2396 2036 sunt
2432 1978 2735 2035 Ezechielis
2773 1978 3164 2051 tragoediarum
3198 1974 3511 2047 scriptoris,
3540 1986 3665 2045 quae

2076 2074 2208 2129 item
2240 2073 2511 2130 Eusebius
2567 2073 2662 2128 lib.
2720 2090 2777 2129 ix
2823 2073 2897 2127 De
2938 2070 3331 2143 prwparatione
3365 2065 3665 2138 evangelica

2077 2169 2286 2226 retulit.
2312 2168 2408 2224 Sic
2429 2169 2631 2225 debent
2645 2167 2911 2239 distingui
2934 2209 2946 2221 .

2151 2284 2396 2353 Ἕτερον
2425 2283 2495 2338 δὲ
2532 2283 2684 2353 πρὸς
2716 2281 2905 2353 τοῖσδ’
2933 2280 3174 2353 εἴδομεν
3200 2277 3347 2339 ζῶον
3373 2275 3576 2343 ξένον,

2149 2349 2530 2425 Θαυμαστὸν,
2558 2349 2689 2425 οἷον
2716 2352 2950 2425 οὐδέπω
2975 2349 3167 2425 ὣρακέ
3178 2366 3303 2425 ᾖτις.

2148 2415 2414 2480 Διπλοῦν
2438 2415 2550 2495 γὰρ
2579 2422 2659 2495 ἦν
2691 2423 2759 2477 τὸ
2785 2423 2982 2495 μῆκος
3008 2415 3207 2495 aleret?
3240 2415 3488 2489 σχεδὸν,

2148 2496 2421 2564 Πτεροῖσι
2445 2491 2844 2557 smmum,
2880 2492 2989 2561 ἡδὲ
3020 2491 3349 2564 χρώμασιν.

2152 2562 2379 2635 Στῆθος
2405 2567 2523 2635 μὲν
2558 2565 2744 2621 αὑτοῦ
2777 2563 3126 2633 πορφυροῦν
3151 2562 3454 2635 agminaeo-

2149 2630 2447 2705 Σκέληδὲ
2473 2630 2870 2707 μιλτόχρωιναζ
2896 2630 3003 2688 ’καὶ
3035 2630 3425 2707 κατ’ῄᾳὺχένα

2146 2701 2543 2777 Κροκὼτίνόις
2571 2701 2901 2777 “adﬁciatis
2931 2701 3320 2777 εὐτρεπίζετοο

2148 2774 2313 2849 Κᾶρα
2338 2779 2406 2831 δὲ
2441 2774 2645 2849 κοίτῖης
2684 2775 2925 2849 ἡμέροις
2954 2774 3329 2849 παρεμφερὲς

2149 2844 2257 2903 Καὶ
2288 2851 2516 2918 μηλίνῃ
2541 2844 2658 2918 μὲν
2684 2844 2759 2915 τῇ
2793 2844 2941 2915 κόρῃ
2964 2844 3349 2918 προσέϐλεπε

2148 2916 2384 2985 Κύκλῳ,
2418 2916 2565 2987 κόρῂ
2595 2918 2663 2971 δὲ
2694 2918 2914 2987 κόκκος
2942 2916 3023 2981 ὡς
3046 2916 3342 2987 ἐφαίνετο.

2150 2984 2365 3058 Φωνὴν
2394 2989 2463 3042 δὲ
2486 2984 2734 3058 πάντων
2760 2985 2924 3056 εἶχεν
2948 2984 3462 3058 ἐκπρεπεστάτην.

2149 3056 2451 3126 Βασιλεὺς
2481 3058 2550 3113 δὲ
2583 3057 2827 3113 πάντων
2850 3056 3072 3127 ὀρνέων
3092 3057 3392 3127 ἐφαίνετο,

2162 3130 2262 3218 19¢,
2287 3128 2368 3218 ir
2392 3123 3006 3218 Vbﬁimz”éff¢§r‘}!’
3022 3123 3318 3218 ιτέιέίτξῖὶῖζ
3339 3123 3488 3195 de“?

2155 3197 2437 3257 Ὀπιάθεν
2474 3199 2661 3254 αὐτοῦ
2692 3197 2980 3253 caulam‘
3013 3197 3342 3259 ἐπέσσυτο,

2146 3272 2341 3354 iii)qu
2376 3270 2447 3324 δὲ
2480 3272 2726 3354 πρόσᾷε,
2751 3269 2980 3354 ξέιῦρος
3008 3269 3089 3334 ὡς
3114 3268 3538 3354 ηυροιξμξγος,

2152 3345 2385 3397 Ἔϐαινε
2411 3337 2705 3411 κραιπνὸν
2731 3338 2903 3411 ,ϐῆμα
2928 3337 3249 3405 βαστάζων
3276 3337 3483 3404 ποδός.

2145 3452 2308 3521 lbid.,
2338 3453 2436 3507 lin.
2480 3451 2570 3508 58.
2616 3451 2797 3507 Τοῦτό
2834 3468 2985 3521 φασι
3029 3450 3378 3523 μονογενὲς.
3427 3451 3665 3508 Michael

2077 3545 2295 3618 Glycas,
2329 3544 2427 3600 lib.
2456 3561 2473 3599 ι
2510 3544 2709 3600 Annal.
2733 3543 2826 3597 :'0
2856 3544 3033 3614 φοῖνιξ
3069 3547 3098 3599 6
3141 3543 3431 3615 Ἀραὸικδς
3456 3544 3663 3616 ὀρνέων

2075 3639 2292 3709 λέγεται
2328 3633 2471 3693 εἶναι
2518 3637 2803 3710 μονογενὲς
2849 3636 3050 3706 ἄζυγον
3090 3640 3149 3691 ὲν
3197 3640 3262 3708 τῇ
3303 3637 3656 3709 δημιουργίᾳ·

2077 3732 2219 3786 κατὰ
2260 3731 2355 3804 ιτη
2411 3737 2463 3801 φ’
2515 3729 2674 3785 τοῦτο
2699 3731 2919 3801 πάσχει·
2960 3730 2990 3784 ὃ
3023 3731 3119 3785 καὶ
3167 3729 3398 3802 φαιδρὰν
3422 3732 3665 3803 παριστᾷ

2076 3824 2174 3896 τὴν
2198 3825 2513 3880 ἀνάστασιν.
2549 3823 2617 3878 Ει
2640 3824 2746 3879 hoc
2769 3822 2873 3879 fuit
2909 3824 3242 3895 praecipuum
3279 3831 3661 3895 argumentum

2077 3918 2296 3973 Maximi
2341 3920 2617 3990 martyris.
2645 3917 2864 3971 Animal
2893 3932 3025 3987 ergo
3052 3931 3162 3971 non
3190 3917 3501 3988 singulare;
3542 3917 3661 3971 ani-

2077 4020 2283 4066 matum
2307 4011 2457 4080 quid,
2476 4020 2531 4067 et
2550 4025 2715 4066 sensu
2735 4009 3047 4081 praeditum,
3067 4024 3199 4081 ergo
3218 4025 3330 4064 non
3357 4008 3658 4081 singulare,

2076 4117 2201 4158 cum
2236 4104 2445 4159 nullum
2493 4102 2699 4158 animal
2739 4102 2939 4166 solum,
2985 4102 3194 4156 nullum
3226 4103 3550 4169 animatum,
3596 4116 3663 4159 ac

2076 4210 2241 4251 sensu
2271 4194 2593 4266 praeditum,
2644 4193 2777 4249 dum
2815 4192 3177 4264 generationi,
3229 4200 3284 4249 et
3316 4193 3661 4264 corruptioni

2076 4290 2372 4347 obnoxium
2401 4297 2507 4355 est,
2542 4289 2722 4344 solum
2765 4303 2889 4344 esse
2930 4288 3122 4359 possit.

2146 4382 2267 4437 Col.
2297 4381 2421 4447 732,
2450 4382 2550 4439 lin.
2579 4382 2604 4436 l
2648 4400 2663 4436 :
2696 4380 2807 4436 Kal
2843 4381 2948 4450 ἐτη
2982 4379 3090 4449 ζῇν
3133 4384 3521 4436 πεντακόσια.
3548 4379 3663 4437 Nec

2076 4474 2131 4529 in
2158 4474 2481 4545 explicando
2522 4474 2794 4546 pbmnicis
2823 4475 2950 4530 vitae
2980 4474 3206 4545 periodo
3235 4482 3490 4531 auctores
3528 4488 3664 4530 con-

396 4578 577 4637 gmata
602 4584 615 4618 :
642 4566 703 4617 Ei
736 4564 843 4635 γάρ
885 4566 1033 4618 ἐστιν
1073 4563 1221 4636 ὄρνις
1252 4567 1281 4618 ὁ
1310 4564 1505 4634 φοῖνιξ,
1542 4564 1636 4619 καὶ
1670 4564 1808 4628 ζῶον
1840 4566 1976 4618 πάν-

2080 4568 2328 4623 veniunt.
2361 4567 2572 4622 Plinius
2601 4574 2891 4623 sexcentos
2940 4567 3226 4638 sexaginta
3272 4580 3448 4621 annos
3479 4566 3666 4623 vivere

394 4676 504 4719 τως
538 4656 704 4710 ἐστίν.
742 4657 805 4709 El
843 4655 900 4709 δὲ
930 4655 1088 4721 ζῶον,
1120 4655 1336 4725 πρῶτον
1369 4656 1464 4727 μὲν
1495 4657 1556 4709 οὐ
1591 4657 1768 4727 πάντη
1808 4673 1973 4728 μονα-

394 4750 563 4816 δικδν,
588 4748 724 4803 καθὸ
750 4748 908 4816 ζῶον,
932 4749 992 4802 οὐ
1019 4748 1127 4820 γὰρ
1154 4749 1312 4831 μόνον
1341 4746 1497 4813 ζῶον·
1519 4747 1710 4801 ἔπειτα
1737 4748 1793 4800 δὲ
1818 4748 1977 4819 εἴπερ

397 4841 556 4906 ζῶον,
603 4841 700 4895 καὶ
746 4840 904 4911 σῶμα
946 4838 1187 4911 ἔμψυχον
1231 4839 1566 4909 αἰσθητικόν.
1614 4840 1678 4893 El
1726 4838 1784 4892 δὲ
1818 4838 1979 4910 σῶμα

396 4936 641 5007 ἔμψυχον
679 4935 996 5007 αἰσθητικόν
1030 4938 1178 4988 ἐστιν
1205 4936 1233 4988 6
1267 4933 1459 5005 φοῖνιξ,
1497 4936 1591 4990 καὶ
1629 4935 1735 4989 ὑπὸ
1763 4935 1978 5005 γένεσίν

397 5032 514 5083 ἐστι
549 5029 790 5101 δηλονότι
820 5029 914 5083 καὶ
950 5028 1175 5101 φθοράν·
1210 5029 1409 5093 αὐτοὺς
1449 5031 1813 5102 ἐρωτήσωμεν
1849 5030 1977 5094 τοὺς

399 5121 597 5189 σοφοὺς
635 5120 742 5175 τῶν
780 5121 948 5175 ὄντων
987 5121 1278 5192 θεάμονας,
1313 5120 1361 5173 εἰ
1390 5119 1612 5174 δυνατόν
1649 5120 1766 5174 ἐστί
1803 5121 1976 5174 τιτῶν

399 5212 503 5264 ὑπὸ
525 5212 735 5280 γένεσιν
755 5213 850 5266 καὶ
875 5211 1080 5282 φθορὰν
1109 5211 1370 5283 ἐμψύχων
1394 5213 1489 5266 καὶ
1513 5212 1844 5284 αἰσθητικῶν
1869 5230 1975 5267 σω-

401 5305 609 5375 μάτων,
642 5306 933 5377 μοναδικῆς
966 5306 1233 5377 ὑπάρχειν
1264 5304 1385 5359 καθ’
1410 5306 1707 5360 ὑπόστασιν
1737 5305 1973 5376 φύσεως,

399 5392 475 5453 ὧν
505 5399 539 5467 ἡ
570 5396 627 5464 ἐξ
660 5397 905 5469 ἀλλήλων
947 5400 1068 5454 κατ’
1103 5395 1244 5463 εἶδος
1283 5398 1500 5469 διαδοχὴ
1531 5398 1781 5470 ἀρίδηλος
1815 5415 1978 5470 χαρα-

400 5488 537 5560 κτὴρ
567 5488 666 5543 τοῦ
684 5484 823 5542 εἶναι
846 5490 940 5543 καὶ
965 5490 1089 5561 ὅρος
1104 5489 1240 5553 ἐστὶ,
1259 5489 1509 5560 καθάπερ
1534 5488 1675 5559 καὶὴ
1694 5488 1812 5542 θεία
1835 5506 1976 5560 μαρ-

399 5583 553 5651 τυρεῖ
580 5581 772 5654 Γραφὴ
790 5581 849 5633 τὸ
868 5577 1165 5651 βέϐαιον”δι’
1198 5581 1394 5651 ἑαυτῆς
1421 5578 1514 5632 τοῦ
1545 5578 1706 5648 λόγου
1738 5597 1974 5651 παρεχο-

406 5668 540 5738 μένη
565 5668 644 5740 τῷ
671 5668 860 5739 δικαίῳ
884 5668 1027 5733 Νῶε,
1050 5669 1305 5723 Εῖσελθε
1336 5668 1417 5721 σὺ
1444 5667 1544 5722 καὶ
1573 5666 1712 5735 πᾶς,
1739 5675 1871 5733 etc.,
1895 5665 1977 5734 οἷς

403 5759 561 5831 εἴπερ
578 5758 654 5824 ὡς
672 5759 872 5829 πτηνὸν
891 5758 1026 5823 ζῶον
1052 5762 1080 5813 ὁ
1106 5758 1281 5827 φοῖνιξ
1296 5760 1444 5812 ἐστιν
1460 5758 1797 5831 ἐναρίθμιος,
1817 5776 1976 5832 μονα-

402 5852 555 5928 διιεῆς
586 5849 708 5906 καθ’
743 5849 1034 5906 ὑπόστασιν
1063 5849 1276 5919 φύσεως
1306 5850 1406 5904 οὐκ
1421 5850 1534 5906 ἔστι
1553 5851 1693 5907 κατὰ
1710 5851 1805 5924 τὴν
1823 5851 1974 5910 θείαν

2080 4661 2176 4727 ait,
2241 4658 2463 4715 Solinus
2512 4659 2841 4731 quingentos
2908 4659 3303 4729 quadraginla,
3353 4656 3664 4714 Philostra-

2080 4764 2169 4810 tus
2209 4758 2519 4817 sexcentos,
2564 4750 2817 4813 Nonnus,
2862 4750 3171 4821 Dionysiac.
3214 4749 3308 4805 lih.
3357 4764 3449 4815 XL,
3489 4748 3663 4816 mille,

2079 4845 2328 4916 quidam,
2390 4843 2666 4900 referente
2739 4841 2954 4905 Tacito,
3022 4843 3172 4898 mille
3227 4840 3665 4913 quadringentos

2079 4938 2369 5008 sexaginta
2401 4953 2599 5002 unum,
2636 4934 2876 4992 Joannes
2906 4935 3136 4992 Tzetzes
3183 4950 3248 4989 ex
3297 4934 3662 4991 Cbmremone

2078 5029 2337 5102 Egyptio
2361 5044 2645 5086 sacrarum
2685 5028 2988 5084 litterarum
3018 5027 3223 5092 scriba,
3251 5041 3349 5082 sex
3369 5034 3424 5081 et
3452 5032 3663 5096 septem

2078 5123 2319 5179 millibus
2371 5122 2532 5177 annis
2584 5122 2770 5177 vivere
2800 5120 2954 5174 illum
3015 5125 3333 5176 constanter
3383 5116 3664 5182 aliirmat;

2076 5212 2275 5270 Noster
2333 5212 2693 5274 Eustathius,
2749 5210 3079 5276 Herodotus,
3144 5211 3391 5273 Tacitus,
3455 5208 3662 5275 llorus,

2076 5303 2332 5359 Aurelius
2390 5300 2599 5365 Victor,
2659 5299 2855 5372 Glycas
2908 5307 2963 5355 et
3026 5300 3118 5355 alii
3173 5300 3509 5370 quingentis.
3570 5297 3665 5353 Sic

2076 5396 2239 5451 etiam
2274 5394 2611 5466 Epiphanius
2639 5394 2695 5449 in
2727 5393 3067 5465 Physiologo,
3098 5407 3221 5462 cap.
3248 5392 3337 5446 H.

2146 5486 2305 5553 lbid.,
2335 5487 2432 5543 lin.
2467 5486 2523 5541 2.
2559 5487 2669 5542 Καὶ
2701 5488 2772 5541 ἐν
2797 5485 2979 5554 καιρῷ
3004 5484 3110 5540 τοῦ
3127 5484 3402 5555 μέλλειν.
3432 5482 3664 5537 Michael

2077 5579 2294 5652 Glycas,
2329 5580 2527 5635 Annal.
2558 5588 2694 5635 tom.
2736 5577 2757 5632 l
2788 5579 2989 5634 εΑὺτοὶ
3033 5577 3143 5649 γὰρ
3182 5576 3276 5631 καὶ¹
3316 5577 3367 5630 οἱ
3402 5575 3664 5646 Ἕλληνες

2077 5671 2206 5744 περὶ
2232 5670 2398 5723 αὑτοῦ
2427 5668 2763 5743 διηγοῦνται,
2803 5670 2884 5723 ὅτι
2920 5670 3189 5741 προγνοὺς
3215 5666 3276 5721 τὸ
3310 5665 3465 5730 τέλος
3495 5663 3660 5719 αὑτοῦ

2076 5738 2295 5835 ἔργεται
2328 5762 2456 5834 περὶ
2641 5762 2935 5830 Αἴγυπτον,
2967 5738 3073 5814 ⁷καὶ
3111 5760 3343 5831 ἀντικρὺ
3373 5758 3469 5813 τοῦ
3508 5738 3688 5837 ﬁlicis:

2078 5857 2312 5921 ἵσταται,
2332 5850 2451 5911 εἷτα
2475 5852 2787 5924 τεφροῦται,
2818 5854 2911 5911 καὶ
2938 5853 3045 5911 ἀπὸ
3067 5851 3161 5908 τοῦ
3178 5851 3301 5925 χοὸς
3326 5851 3490 5907 αὑτοῦ
3520 5847 3665 5905 σκώ-
