4124 6414
508 353 531 386 \

436 409 544 466 897

1437 398 1503 452 lN
1533 395 1903 454 EUSTATHII
1940 388 2413 450 HEXAEMERON
2460 390 2696 448 NOTE.

3577 389 3684 446 898

428 523 532 597 ληξ
562 521 836 592 γεννᾶται,
877 518 970 572 καὶ
997 517 1159 580 αὐτὸς
1189 511 1343 577 αὖθις
1373 515 1453 577 εἰς
1496 513 1694 585 πτηνὸν
1736 511 2003 584 μεταϐάλ-

2117 508 2311 564 Versus
2354 507 2541 563 Musasi
2574 507 2643 563 de
2676 521 2906 560 numero
2929 520 3156 561 ovorum
3188 503 3494 574 aquilarum
3517 504 3566 559 is
3601 513 3685 560 est

429 616 580 670 λεται
609 613 701 667 τὸν
735 609 970 682 φοίνικα.
1009 606 1261 671 Nonnus,
1292 605 1347 660 d.
1382 605 1502 659 loco
1530 622 1545 660 :

431 731 542 787 Kal
574 729 731 794 ξύλα
756 724 1023 794 κηώεντα
1047 723 1243 794 φέρων
1274 719 1626 794 γαμψινυχι
1655 716 1854 794 ταρσῷ

431 787 708 867 Χιλιετὴς
735 787 926 865 σοέούς
958 787 1237 867 ὄρῦιςίέπ⁹
1270 787 1500 867 sese“...
1522 788 1630 843 σέο
1654 787 1839 867 βευμῷ

434 869 636 933 Φοῖνιξ
657 857 853 936 ’τέρμα
874 857 1034 931 βίοὶο
1061 857 1256 936 ςρἐρῳν
1284 857 1664 936 adederaqu
1690 857 1888 936 ἀρχὴν

438 928 701 995 Τίκτεται
729 928 1042 991 lacrimoso
1063 928 1301 1001 ’χρόνου
1339 929 1770 1001 παλινάγρετος
1806 928 2004 1001 eludare,

434 1012 642 1077 Λύσας
657 1009 708 1062 δ’
729 1008 798 1062 ἐν
816 1006 958 1075 πυρὶ
979 998 1186 1076 γῆρἆ,
1207 1002 1506 1072 ἀμείϐεται
1527 1000 1596 1053 ἐκ
1625 998 1814 1067 πυρὸς
1830 998 2004 1066 ἥϐην.

437 1120 684 1175 Alcimus
705 1118 898 1172 Avitus
927 1134 940 1169 :

444 1236 546 1290 Hic
571 1250 688 1305 qua:
709 1230 900 1286 donari
923 1228 1170 1305 mentitur
1200 1227 1350 1297 fama
1384 1223 1587 1305 Sub-aiis

436 1292 715 1376 Cynn'ama
751 1310 1061 1376 nascuntur,
1093 1292 1245 1376 vivae:
1273 1311 1389 1367 qua:
1419 1295 1621 1365 colligit
1666 1292 1796 1361 ales,

437 1368 630 1431 Natali
661 1391 776 1428 cum
807 1375 909 1441 [ine
944 1371 1098 1440 perit,
1134 1368 1356 1441 nidoque
1381 1376 1596 1434 perusto

437 1445 730 1503 Succedens
769 1435 974 1497 sibimet
998 1438 1220 1510 quaesita
1271 1435 1436 1510 morte
1469 1435 1735 1510 resurgit;

438 1516 552 1572 Nec
581 1523 826 1570 contenta
847 1528 942 1567 suo
978 1504 1184 1563 tantum
1214 1507 1372 1562 semel
1394 1505 1578 1559 ordine
1607 1504 1777 1569 nasci,

436 1586 620 1658 Longa
646 1582 902 1658 veternosi
935 1588 1214 1636 renovatur
1238 1578 1473 1658 corporis
1504 1585 1667 1642 aztas,

438 1647 817 1726 Inse'nsamque
856 1653 1026 1707 levant
1062 1647 1308 1704 incendia
1344 1649 1527 1702 crebra
1552 1653 1831 1700 senectam.

436 1768 610 1823 Aliter
638 1772 820 1820 tamen
866 1769 1097 1819 narrant
1139 1760 1259 1832 ejus
1296 1768 1528 1815 mortem
1576 1758 1776 1824 Herus,
1820 1757 1915 1813 lib.
1948 1770 2011 1822 ιι,

437 1874 559 1930 cap.
595 1856 1013 1928 57;.0rigenes,
1049 1855 1144 1910 lib.
1182 1870 1236 1908 ιν
1279 1860 1465 1907 contra
1494 1849 1737 1914 Celsum;
1775 1848 2014 1904 Achilles
2047 1853 2089 1912 Β

437 1951 651 2017 Tatius,
687 1950 782 2005 lib.
825 1964 909 2012 ιιι,
965 1947 1023 2001 in
1064 1945 1191 2000 line.
1233 1943 1571 2015 Epiphanius
1602 1942 1657 1996 in
1700 1939 2016 2012 Physiologo

437 2044 515 2098 ait
549 2063 564 2098 :
599 2042 895 2112 Postquam
932 2039 986 2109 in
1020 2038 1260 2092 cinerem
1288 2042 1402 2090 tota
1434 2040 1758 2104 consumpta
1788 2039 1894 2099 est,
1928 2047 2018 2088 se-

435 2136 627 2209 quenti
654 2136 745 2191 die
774 2134 877 2190 alis
904 2131 1111 2188 renatis
1139 2130 1394 2198 inveniri,
1427 2129 1589 2184 tertio
1629 2128 1896 2198 integram
1929 2141 2020 2182 sa-

437 2227 716 2285 cerdotem
747 2225 1005 2289 salutare,
1028 2230 1505 2293 restauratamque
1526 2219 1695 2276 abire.
1740 2218 2016 2282 Albertus,

439 2321 585 2391 ignis
618 2320 671 2375 vi
699 2321 754 2373 in
784 2318 1022 2373 cinerem
1051 2315 1212 2379 verti,
1244 2314 1333 2370 die
1362 2315 1536 2369 altero
1566 2326 1799 2368 vermem
1850 2312 1906 2366 in
1935 2310 2017 2365 ci-

437 2429 571 2469 nere
598 2412 772 2477 nasci,
803 2411 894 2482 qui
922 2409 1025 2465 alis
1060 2409 1147 2464 die
1171 2407 1327 2463 tertia
1376 2405 1673 2475 assumptis
1715 2404 1856 2460 intra
1886 2418 2019 2474 pau-

439 2520 536 2560 cos
567 2504 685 2559 dies
717 2503 772 2557 in
818 2516 971 2556 avem
1024 2500 1273 2572 pristina:
1319 2497 1506 2568 ﬁgura:
1542 2503 1934 2558 commutatur,
1967 2504 2021 2550 et

442 2595 644 2649 avolat.
701 2592 1104 2656 Artemidorus,
1151 2589 1449 2646 Onerocrit.
1494 2589 1616 2651 lib.,
1655 2602 1775 2656 cap.
1799 2584 1891 2647 49,
1937 2584 2020 2638 lo-

442 2701 568 2740 cum
599 2701 666 2741 ex
689 2699 797 2754 quo
815 2683 1037 2755 phoenix
1062 2681 1238 2737 evolet
1271 2680 1327 2735 in
1350 2679 1666 2751 Egyptum,
1689 2684 1744 2731 et
1766 2676 1832 2731 ad
1857 2689 2017 2745 quem

442 2792 572 2831 mox
613 2782 949 2838 revertatur,
983 2774 1057 2829 ait
1100 2772 1360 2843 ignorari.
1399 2759 1802 2825 Artemidorum
1838 2775 2021 2823 trans-

443 2869 636 2941 cripsit
662 2866 862 2923 Suidas
881 2867 1050 2921 verbo
1075 2861 1275 2930 Φοῖνιξ.
1293 2862 1371 2919 De
1389 2862 1644 2934 phmnice
1662 2868 1718 2916 et
1740 2860 1860 2931 ejus
1888 2872 2019 2930 rogo

440 2960 567 3018 vide
589 2959 811 3015 Petrum
840 2957 1182 3022 Damianum,
1216 2955 1310 3011 lib.
1340 2969 1402 3021 ιι,
1432 2954 1593 3023 epist.
1625 2951 1714 3006 18.

512 3048 673 3115 lbid.,
702 3048 801 3103 lin.
831 3048 922 3102 ιο.
952 3046 1006 3099 Ὁ
1038 3044 1109 3099 δὲ
1137 3044 1310 3110 ἀετὸς
1338 3043 1471 3112 περὶ
1501 3041 1618 3111 τὴν
1645 3026 2016 3110 ἀνατροφήν.

443 3143 704 3208 Basilius,
736 3142 890 3196 hom.
927 3140 961 3195 8
986 3158 999 3194 :
1046 3135 1404 3198 Ἀδικὼτατος
1435 3136 1564 3207 περὶ
1591 3134 1691 3205 τὴν
1719 3133 1828 3186 τῶν
1856 3130 2016 3200 ἐκγό-

443 3253 552 3290 νων
586 3234 858 3306 ἐκτροφὴν
890 3234 918 3284 ὁ
948 3230 1125 3294 ἀετός.
1161 3228 1265 3281 Δύο
1293 3228 1402 3298 γὰρ
1426 3225 1712 3295 ἐξαγαγὼν
1740 3224 2014 3286 νεοσσοὺς,
2044 3210 2085 3265 C

442 3333 534 3382 τὸν
558 3326 743 3396 ἕτερον
757 3322 935 3379 αὐτῶν
954 3322 1033 3386 εἰς
1047 3320 1152 3391 γῆν
1173 3319 1604 3391 καταρρήγνυσι,
1633 3318 1753 3378 ταῖς
1779 3314 2017 3384 πληγαῖς

443 3420 552 3474 τῶν
585 3416 801 3488 πτερῶν
832 3413 1238 3478 ὑπωθούμενος.
1278 3412 1382 3465 Τὸν
1413 3411 1457 3463 δ’
1486 3410 1673 3488 ἕτερον
1702 3407 1859 3488 μόνον
1888 3406 2018 3458 ἀνα-

443 3496 626 3552 λαϐὼν
679 3486 991 3558 οἰκειοῦται,
1053 3492 1141 3547 διὰ
1206 3492 1270 3545 τὸ
1344 3491 1443 3561 τῆς
1496 3487 1701 3561 τροφῆς
1763 3486 2017 3540 ἐπίπονον

445 3585 878 3659 ἀποποιούμενος
915 3582 975 3637 ὃν
1023 3582 1334 3653 ἐγέννησεν.
1390 3579 1528 3633 Ἀλλ’
1575 3579 1676 3631 οὐκ
1704 3578 1771 3648 te
1808 3573 2014 3637 τοῦτον,

444 3678 521 3744 ὥς
569 3694 724 3748 φασι,
776 3675 1142 3750 διαφθαρῆναι
1191 3676 1225 3744 ἡ
1276 3670 1447 3743 φήνη,
1504 3668 1618 3724 ἀλλ’
1677 3663 2018 3722 ὑπολαϐοῦσα

446 3771 610 3825 αὐτὸν
654 3772 767 3834 τοῖς
808 3768 1028 3831 οἰκείοις
1086 3764 1284 3836 ἑαυτῆς
1348 3763 1588 3824 νεοσσοῖς
1642 3757 2017 3831 συνεκτρέφει.

446 3866 632 3934 Quare
659 3862 842 3934 aquila
877 3875 1009 3916 suos
1048 3858 1231 3929 pullos
1263 3854 1447 3926 ejiciat
1489 3853 1650 3906 aliam
1697 3849 1854 3905 all‘ert
1896 3862 2022 3902 cau-

448 3970 567 4014 sam
604 3952 946 4013 Aristoteles.
970 3951 1065 4005 lib.
1101 3964 1157 4003 Ix
1189 3948 1268 4003 De
1293 3947 1420 4002 hist.
1454 3963 1570 4009 an.,
1607 3958 1727 4014 cap.
1748 3940 1816 3995 54
1842 3961 1856 3995 :
1885 3938 2019 3993 Hit-

449 4051 513 4105 tit
530 4065 753 4120 namque
790 4063 913 4102 suos
939 4044 1120 4117 aquila
1159 4051 1442 4112 antequam
1500 4047 1702 4105 tempus
1730 4037 1822 4099 sit,
1850 4032 2021 4087 adhuc

448 4145 681 4213 parentis
715 4155 929 4209 operam
966 4133 1347 4196 desiderantes,
1392 4146 1485 4184 nec
1533 4126 1748 4183 volandi
1806 4122 2021 4192 adeptos

449 4234 759 4306 facultatem
800 4247 818 4285 :
846 4227 983 4300 quod
1018 4243 1108 4297 per
1135 4224 1391 4280 invidiam
1436 4222 1492 4276 id
1532 4220 1704 4290 facere
1736 4215 1973 4271 creditur
2002 4227 2022 4266 :

452 4339 648 4382 natura
673 4325 813 4380 enim
838 4319 1021 4375 invida
1039 4326 1088 4373 et
1109 4314 1355 4388 famelica
1377 4322 1475 4380 est,
1494 4328 1587 4366 nec
1621 4313 1832 4379 copiosa
1865 4322 2022 4362 vena-

380 4479 393 4493 ι
454 4420 631 4472 tione:
661 4429 909 4485 magnum
930 4420 1106 4465 tamen
1133 4406 1257 4479 quid
1278 4404 1603 4461 nanciscitur
1634 4417 1753 4455 cum
1785 4408 2021 4454 venatur.

456 4509 659 4564 Invidet
680 4523 803 4577 ergo
835 4504 945 4559 suis
963 4501 1089 4572 ﬁliis
1094 4500 1215 4570 jam
1239 4495 1513 4558 masculis,
1537 4507 1691 4564 atque
1713 4490 2024 4546 edaciuscu-

457 4599 544 4663 lis,
560 4606 610 4652 et
638 4596 700 4652 ob
722 4611 837 4650 eam
856 4608 964 4648 rem
988 4588 1248 4661 unguibus
1275 4596 1437 4642 secat.
1472 4584 1619 4639 Pulli
1638 4581 1946 4637 etiaminter
1969 4595 2024 4633 se

456 4706 688 4762 pugnare
717 4686 973 4755 incipiunt
998 4680 1061 4737 de
1084 4679 1206 4735 sede
1232 4689 1284 4733 et
1313 4687 1468 4747 pastu
1484 4694 1505 4742 ;
1538 4677 1717 4747 itaque
1752 4690 1784 4727 a
1808 4680 2024 4743 parente

454 4784 831 4847 ejiciuntur,ct
858 4774 1164 4846 pulsantur,
1199 4769 1387 4841 dejecti
1405 4767 1779 4838 vociferantur,
1809 4762 2027 4833 pericli-

458 4883 777 4943 tanturque;
808 4876 862 4924 et
888 4867 985 4921 lib.
1010 4881 1088 4929 vi,
1121 4878 1241 4933 cap.
1278 4862 1334 4925 6,
1364 4860 1524 4943 taedio
1554 4858 1718 4914 etiam
1746 4854 2027 4911 nutriendi

458 4965 580 5019 illos
607 4928 881 5032 enpcllere
902 4956 1121 5020 fatetur,
1136 4969 1202 5009 eo
1226 4952 1370 5007 enim
1398 4928 1643 5019 tempore
1667 4947 2024 5020 degenerare,

455 5063 510 5111 et
550 5055 842 5109 hebescere
866 5048 1088 5111 dicitur,
1122 5059 1336 5116 ungues
1371 5041 1594 5105 inverti,
1632 5054 1840 5110 pennas
1877 5038 2027 5093 albe-

455 5162 630 5208 scere,
654 5159 824 5216 quare
853 5148 911 5196 ut
937 5140 1004 5195 ad
1031 5139 1274 5208 rapinam
1302 5137 1518 5207 inepta,
1536 5133 1716 5203 pullos
1731 5147 1869 5203 quos
1893 5130 2028 5185 edu-

460 5250 586 5289 care
643 5238 940 5304 nequeunt,
989 5228 1119 5283 odio
1169 5225 1404 5296 quodam
1458 5222 1724 5290 tmdioque
1783 5220 2023 5273 mittunt.

457 5324 690 5391 Plinius,
724 5324 819 5378 lib.
856 5339 911 5387 ιι,
947 5335 1068 5390 cap.
1111 5319 1184 5373 ὃς
1238 5314 1537 5386 Nidiﬁcant
1583 5314 1636 5367 in
1661 5312 1825 5383 petris
1859 5320 1908 5364 et
1942 5326 2030 5363 ar-

461 5415 671 5471 boribus
703 5415 960 5485 :pariunt
981 5428 1079 5467 ova
1109 5418 1279 5471 terna,
1313 5406 1600 5462 excludunt
1626 5402 1800 5474 pullos
1837 5401 1985 5455 binos
2007 5417 2027 5456 :

460 5508 560 5564 visi
588 5516 712 5560 sunt
751 5516 798 5559 et
824 5516 927 5558 tres
955 5499 1265 5574 aliquando,
1300 5499 1526 5553 alterum
1562 5493 1828 5564 expellunt
1869 5492 2027 5546 tardio

459 5594 746 5654 nutriendi.
779 5596 979 5665 Quippe
999 5612 1058 5649 eo
1091 5609 1317 5663 tempore
1340 5592 1468 5657 ipsis
1497 5588 1670 5643 cibum
1684 5587 1890 5657 negavit
1932 5601 2032 5639 na-

460 5702 581 5745 tura
600 5688 945 5759 prospiciens,
981 5702 1043 5740 ne
1062 5687 1297 5740 omnium
1331 5683 1570 5753 ferarum
1600 5680 1736 5750 [etus
1776 5693 2028 5748 raperen-

461 5794 566 5839 tur.
597 5781 800 5852 Ungues
827 5795 1027 5850 quoque
1046 5780 1577 5832 earuminvertuntur
1596 5771 1780 5828 diebus
1807 5787 1877 5825 xv
1905 5786 1920 5835 ;
1955 5770 2033 5823 al-

465 5877 675 5933 bescunt
696 5872 874 5929 inedia
901 5886 1082 5941 penna:
1102 5911 1117 5940 ,
1140 5880 1200 5925 ut
1227 5870 1415 5925 merito
1436 5875 1622 5925 partus
1648 5879 1773 5920 suos
1796 5861 2023 5916 oderint.

2108 612 2269 667 quem
2297 595 2465 653 refert
2487 596 2813 652 Aristoteles
2844 596 2992 650 dicto
3021 596 3163 660 loco,
3196 602 3250 650 et
3275 593 3607 653 Plutarchus
3624 596 3682 651 in

2107 686 2286 741 Hario
2321 703 2342 741 :

2187 781 2283 843 Ὃς
2309 779 2435 849 τρία
2467 780 2566 851 μὲν
2590 778 2905 842 τίκτει,’δύο
2932 776 3223 841 δ’ὲκλέπει,
3260 776 3317 830 ἓν
3334 776 3379 829 δ’
3411 776 3678 845 ἀλεγίζει·

2109 870 2224 926 lloc
2260 871 2456 928 ultimo
2484 871 2863 941 Dalecampius
2920 871 3071 942 legit,
3126 870 3184 925 ἒν
3225 869 3268 923 δ’
3303 869 3571 935 ἀλιϐάζει,
3628 877 3685 926 et

2109 965 2435 1021 sententiam
2462 979 2581 1018 eam
2604 979 2728 1020 esse
2747 964 2879 1027 vult,
2903 963 3140 1034 aquilam
3172 977 3339 1017 unum
3365 977 3526 1017 ovum
3558 977 3685 1018 cor-

2109 1070 2386 1126 rumpere,
2459 1054 2706 1124 perdere,
2770 1054 2881 1109 duo
2933 1053 3249 1119 excludere,
3304 1053 3412 1106 tria
3468 1067 3681 1121 parere,

2110 1145 2603 1215 animadvertitque
2636 1145 2691 1198 in
2724 1145 3074 1215 interpretem
3100 1145 3195 1213 qui
3230 1143 3364 1197 illud
3386 1144 3445 1198 ἓν
3468 1141 3537 1196 ad
3567 1142 3686 1212 pul-

2112 1237 2247 1301 lum,
2274 1252 2384 1291 non
2420 1236 2488 1291 ad
2516 1250 2678 1290 ovum
2712 1235 2989 1300 retulerit;
3010 1249 3110 1289 nec
3142 1235 3258 1304 ipse
3286 1242 3470 1289 tamen
3496 1232 3684 1289 Musaei

2113 1330 2440 1387 sententiam
2461 1338 2746 1386 assecutus
2766 1336 2871 1392 est,
2905 1343 3068 1398 quam
3099 1343 3167 1383 ex
3197 1328 3504 1399 aquilarum
3524 1327 3690 1383 histo-

2113 1428 2195 1482 ria
2223 1426 2451 1493 claram,
2483 1423 2673 1479 nescio
2697 1423 2970 1493 quomodo
3000 1423 3278 1493 pervertit,
3311 1437 3374 1479 ea
3397 1425 3544 1479 enim
3566 1430 3684 1478 est:

2112 1516 2364 1587 Aquilam
2397 1514 2501 1569 tria
2529 1529 2632 1570 ova
2662 1529 2946 1585 generare,
3003 1513 3113 1567 duo
3168 1512 3479 1578 excludere,
3512 1527 3688 1567 unum

2116 1609 2325 1665 scilicet
2369 1608 2603 1677 pullum,
2635 1622 2760 1661 cum
2793 1606 2906 1676 jam
2965 1620 3066 1660 ova
3102 1621 3212 1660 non
3244 1614 3393 1671 sunt,
3424 1605 3686 1668 educare,

2115 1704 2368 1772 alereque
2392 1701 2516 1771 ejus
2540 1715 2727 1755 curam
2757 1698 3017 1771 gerendo.
3050 1698 3231 1765 Quare
3259 1704 3449 1768 postea
3470 1697 3687 1753 Aristo-

2115 1796 2250 1850 teles
2283 1792 2499 1850 subdit:
2525 1792 2787 1860 Quamvis
2813 1808 3011 1863 magna
3037 1808 3104 1847 ex
3134 1800 3289 1862 parte
3309 1792 3362 1847 id
3392 1790 3502 1855 ﬁat,
3535 1790 3687 1846 vide-

2118 1889 2264 1952 licet,
2296 1901 2466 1941 unum
2497 1886 2751 1949 educere,
2801 1891 2984 1940 tamen
3026 1884 3320 1955 aliquando
3352 1891 3407 1939 et
3436 1891 3551 1939 tres
3582 1883 3690 1938 visi

2119 1986 2248 2035 sunt
2270 1978 2422 2049 pulli.
2455 1975 2567 2031 Nec
2602 1976 2915 2031 Aristotelis
2947 1976 3272 2031 sententiam
3296 1975 3563 2046 integram
3592 1990 3690 2029 ex-

2116 2072 2318 2143 pressit
2342 2069 2585 2124 Plinius:
2608 2067 2835 2121 Pariunt
2862 2084 2959 2122 ova
2988 2069 3131 2121 trina
3157 2083 3171 2120 :
3218 2067 3500 2122 excludunt
3514 2065 3689 2137 pullos

2119 2164 2266 2218 binos
2297 2178 2315 2217 :
2342 2162 2438 2216 visi
2464 2170 2586 2215 sunt
2606 2171 2655 2215 et
2686 2171 2790 2215 tres
2826 2160 3143 2229 aliquando;
3162 2159 3348 2215 omisit
3379 2159 3524 2214 enim
3554 2156 3690 2212 illud

2117 2253 2263 2324 quod
2296 2257 2413 2309 erat
2434 2265 2646 2308 summe
2677 2252 3068 2314 necessarium,
3088 2265 3251 2303 unum
3285 2247 3401 2301 alit.
3434 2246 3524 2301 Sic
3541 2247 3691 2302 enim

2118 2345 2400 2403 sententiae
2454 2344 2716 2399 absoluta:
2770 2342 3020 2412 exceptio
3072 2343 3186 2407 illa,
3238 2350 3292 2396 et
3324 2339 3483 2411 quasi
3513 2355 3579 2395 ex
3600 2340 3691 2395 'iis

2116 2452 2239 2509 quae
2266 2450 2394 2489 raro
2460 2435 2788 2504 contingunt
2832 2432 3243 2496 notatiunculze,
3308 2430 3425 2484 Visi
3476 2438 3599 2485 sunt
3638 2436 3691 2483 et

2118 2540 2221 2583 tres
2248 2526 2558 2598 aliquando,
2602 2524 3073 2596 corresponderet.
3109 2522 3219 2578 Nec
3243 2523 3434 2577 dubito
3477 2521 3690 2577 exscri-

2119 2629 2336 2691 ptorum
2368 2620 2421 2674 id
2467 2619 2693 2673 incuriae
2747 2618 2952 2688 potius,
2994 2630 3156 2686 quam
3187 2615 3350 2670 Plinii
3387 2615 3693 2671 oscitantise

2118 2711 2501 2779 tribuendum;
2534 2710 2629 2781 qui
2662 2710 2868 2779 optima
2905 2723 3135 2779 quaeque
3187 2710 3256 2762 ab
3300 2708 3424 2762 aliis
3459 2707 3687 2769 dictata,

2117 2807 2203 2861 vel
2247 2807 2473 2876 scripta,
2523 2801 2939 2875 perversissime
2992 2800 3293 2872 excipiunt,
3342 2805 3692 2871 pervertunt—

2120 2912 2243 2969 que.

2189 2990 2347 3054 Ibid.,
2370 2988 2466 3043 lin.
2490 2988 2574 3042 15.
2603 2987 2663 3043 Ἡ
2680 2984 2748 3039 δὲ
2764 2984 2926 3055 φήνῃ
2947 2984 3056 3039 τὸν
3076 2985 3324 3039 damnat.
3341 2980 3693 3050 Aristoteles,

2119 3085 2214 3138 lib.
2247 3100 2301 3137 v1
2346 3081 2418 3135 De
2442 3080 2630 3134 histor.
2670 3080 2862 3142 anim.,
2891 3093 3010 3148 cap.
3045 3079 3099 3139 6,
3130 3077 3234 3131 Τὸν
3262 3076 3320 3130 δὲ
3364 3074 3695 3147 ἐκϐληθέντα

2119 3180 2355 3249 δέχεται,
2386 3178 2480 3230 καὶ
2507 3176 2694 3247 τρέφει
2718 3177 2751 3246 ή
2780 3176 2943 3245 φήνη,
2979 3182 3032 3229 et
3054 3174 3150 3228 lib.
3184 3190 3260 3239 Ix,
3285 3189 3404 3243 cap.
3439 3172 3527 3237 54,
3554 3175 3615 3226 0t
3638 3173 3694 3225 δὲ

2123 3259 2509 3340 ἐκϐαλλόμενοι
2541 3263 2725 3337 βοῶσι,
2760 3266 2855 3319 καὶ
2893 3264 3066 3329 οὕτως
3101 3265 3472 3336 ὑπολαμϐάνει
3497 3265 3695 3327 αὐτοὺς

2119 3363 2153 3431 ἡ
2182 3360 2343 3430 φήνη.
2383 3357 2618 3419 Plinius,
2654 3357 2749 3411 lib.
2782 3372 2837 3419 ι,
2863 3370 2984 3425 cap.
3018 3355 3088 3410 3:
3121 3353 3222 3409 Sed
3263 3356 3451 3425 ejectos
3501 3354 3566 3407 ab
3611 3355 3694 3408 his

2118 3461 2401 3522 cognatum
2434 3466 2594 3519 genus
2625 3448 2905 3518 ossifraga:
2924 3448 3208 3515 excipiunt,
3240 3456 3291 3501 et
3318 3446 3543 3500 educant
3572 3458 3694 3499 cum

2118 3544 2250 3598 suis.
2290 3542 2441 3596 Hanc
2492 3541 2817 3610 ossifragam
2856 3555 2965 3594 non
3008 3540 3241 3593 multum
3294 3539 3470 3595 oculis
3509 3540 3694 3595 valere

2121 3633 2287 3688 tradit
2308 3631 2651 3686 Aristoteles.
2684 3630 2760 3685 De
2780 3630 2963 3700 aquila
2998 3630 3099 3683 hoc
3132 3629 3274 3684 idem
3308 3629 3474 3683 habet
3494 3627 3694 3684 Petrus

2119 3724 2436 3789 Damianus,
2473 3724 2569 3777 lib.
2622 3738 2684 3785 ιι,
2720 3721 2880 3792 epist.
2918 3721 3003 3775 18.
3036 3719 3226 3775 Obiter
3259 3729 3442 3774 tamen
3496 3730 3697 3776 notau-

2120 3820 2247 3875 dum
2284 3817 2375 3872 hic
2414 3824 2500 3873 est
2566 3815 2717 3869 illum
2754 3813 3023 3869 allirmarc
3060 3814 3265 3882 pullum
3314 3814 3508 3884 aquilae
3542 3812 3694 3883 deje-

2122 3920 2268 3966 ctum
2288 3923 2398 3964 non
2436 3907 2505 3962 ab
2542 3906 2747 3978 aquila,
2776 3919 2898 3975 quae
2930 3903 3201 3975 ossifraga
3235 3903 3457 3967 dicitur,
3487 3905 3694 3975 suscipi

2122 4012 2175 4059 et
2198 4000 2451 4066 enutriri,
2483 4000 2579 4056 sed
2613 4016 2642 4054 a
2667 3998 2875 4069 plebeia
2908 3995 3142 4067 quadam
3196 3996 3302 4059 avi,
3347 3995 3512 4052 fulica
3543 3998 3697 4054 vide-

2121 4095 2281 4151 licet:
2313 4092 2614 4149 secundum
2640 4091 2755 4145 vult
2794 4088 3014 4143 fulicam
3047 4089 3223 4158 φήνην
3251 4086 3438 4145 Grmce
3473 4105 3695 4145 nuncu-

2111 4185 2260 4259 pari.
2307 4183 2527 4239 Falsum
2561 4192 2857 4249 utrumque
2883 4184 2938 4234 et
2968 4187 3165 4248 printer
3218 4176 3462 4233 historia:
3491 4180 3695 4233 verita-

2124 4285 2254 4332 tem.
2277 4272 2387 4330 Nec
2422 4274 2567 4328 enim
2593 4270 2886 4343 pullusille
2920 4286 2950 4324 a
2978 4267 3189 4341 plebeia
3228 4269 3315 4323 avi
3357 4268 3692 4339 suscipitur;

2122 4376 2175 4425 et
2201 4367 2347 4422 aliud
2372 4374 2458 4422 est
2483 4365 2668 4426 fulica,
2696 4363 2843 4417 aliud
2883 4363 3050 4433 φήνη.
3678 4408 3685 4415 .

2187 4458 2348 4525 lbid.,
2367 4457 2465 4512 lin.
2492 4457 2579 4513 l5.
2610 4453 2846 4523 Θρέψας
2859 4452 2928 4506 δὲ
2947 4452 3055 4506 τὸν
3084 4453 3346 4507 νεοττόν.
3365 4450 3566 4507 Eadem
3594 4450 3695 4505 lla-

2055 4581 2100 4636 Β
2127 4553 2216 4608 bet
2246 4550 2566 4607 Aristoteles
2587 4550 2707 4603 loco
2724 4548 2803 4608 d.,
2833 4553 2887 4601 et
2909 4544 3150 4600 Plinius:
3170 4543 3464 4599 ﬂaliwetus
3488 4551 3694 4597 tantum

2127 4644 2405 4713 implumes
2431 4643 2717 4697 etiamnum
2754 4639 2930 4709 pullos
2976 4653 3098 4693 suos
3134 4637 3430 4706 percutiens
3474 4633 3696 4689 subinde

2126 4738 2261 4808 cogit
2284 4736 2530 4790 adversos
2559 4733 2753 4788 intueri
2781 4731 2909 4786 solis
2930 4730 3130 4793 radios,
3164 4739 3213 4784 et
3239 4730 3285 4782 si
3313 4728 3693 4791 conniventem,

2126 4830 2610 4899 humectantemque
2626 4826 3019 4887 animadvertit,
3043 4822 3344 4894 praecipitat
3380 4836 3408 4874 e
3437 4819 3559 4874 nido
3589 4817 3698 4872 eel-

2126 4933 2183 4977 ut
2206 4922 2565 4976 adulterinum
2599 4930 2752 4990 atque
2785 4919 3086 4989 degenerem
3119 4931 3137 4968 :
3166 4915 3322 4967 illum
3352 4912 3503 4981 cujus
3552 4910 3692 4964 acies

2129 5015 2286 5085 ﬁrma
2311 5020 2495 5066 contra
2526 5013 2767 5075 steterit,
2798 5009 3007 5064 educat.
3040 5004 3196 5076 Apud
3227 5005 3573 5060 Aristotelem
3610 5009 3696 5055 est

2129 5104 2312 5174 aquila
2343 5103 2527 5170 ἀετός,
2566 5118 2677 5157 non
2727 5101 3030 5162 haliaeetos,
3077 5095 3329 5166 quamvis
3353 5096 3420 5148 de
3445 5093 3696 5147 haliareto

2129 5194 2539 5265 intelligendum
2573 5207 2696 5248 csse
2739 5191 2946 5246 nemini
2983 5188 3231 5249 dubium,
3280 5202 3405 5240 cum
3458 5184 3695 5255 aquilam

2129 5287 2270 5342 hanc
2295 5301 2391 5357 per
2429 5298 2580 5338 mare
2606 5291 2661 5337 et
2691 5282 2902 5345 littora,
2932 5278 3077 5334 unde
3103 5291 3300 5331 nomen
3340 5275 3567 5343 accepit,
3603 5287 3700 5328 va-

2131 5382 2246 5449 gari
2271 5379 2449 5433 tradat
2475 5371 2629 5431 Phile
2657 5376 2712 5429 in
2744 5373 2945 5428 lambis

2206 5513 2311 5575 Ὃς
2336 5508 2476 5572 τοὺς
2496 5504 2776 5570 νεοττοὺς
2805 5504 2982 5575 ὄντας
3003 5499 3278 5575 ἀπτῆνας
3300 5497 3442 5565 τέως

2213 5567 2340 5631 Ἐέτὶ
2361 5567 2547 5645 ξένην
2561 5567 2844 5640 ,βάσανον
2870 5567 3197 5645 ὡς’νόθους
3231 5567 3417 5645 ἄγων,

2202 5649 2369 5704 Ποιεῐ
2383 5640 2678 5714 δικαστὴν
2704 5643 3030 5714 πρακτικὸν
3050 5641 3157 5714 eor
3176 5640 3523 5714 ywagdpor.

2215 5655 2368 5703 Ποιεῐ
2383 5655 2678 5714 δικαστὴν
2704 5655 3030 5712 πρακτικῶν
3050 5655 3157 5694 τον
3178 5655 3523 5760 φωσφιέρον.

2215 5722 2281 5803 LO.
2299 5718 2417 5789 μέν
2434 5716 2549 5803 γὰρ
2571 5716 2756 5803 αὑτοῦ
2776 5709 3387 5803 τρῖςβφλξεῖςὲῖξξὶί

2207 5777 2332 5844 Τῶν
2348 5777 2647 5857 φιλτάτων
2679 5777 2946 5857 desciit,
2985 5781 3081 5836 καὶ
3109 5777 3558 5857 τῷν-ἐκκριτων,

2219 5848 2451 5929 Ὀφὸείς
2476 5874 2543 5927 γε
2574 5848 2834 5923 καθαρὸς
2858 5850 3196 5918 δυστενοῦς
3218 5848 3496 5911 ὑποψίας
3516 5862 3563 5902 '.
