4124 6416
443 369 548 446 899

531 509 591 560 '0
613 508 664 560 δ’
697 501 798 566 αὖ,
828 509 977 574 πρὸς
1019 505 1206 559 αὐτὸν
1233 504 1688 573 σκαρδαμύξας.
1731 502 1948 568 εὐθέως

529 577 867 645 Ἆλλοτρίου
887 579 1064 642 τόκος
1080 578 1128 628 θ’
1153 575 1366 644 εὑρέθη
1405 574 1768 642 σπέρματος,

515 648 624 701 Kal
648 646 754 715 τῆς
784 646 1000 712 καλιᾶς
1022 645 1342 714 δυστυχῶς
1371 645 1685 712 ἀπεκρίθη.

371 727 376 730 ”
443 736 561 792 Huc
586 737 840 792 allusisse
864 736 1084 792 videtur
1109 733 1497 798 Cassiodorus,
1537 733 1816 787 Voriarum
1841 733 1877 786 l.
1904 748 2024 792 vm,

441 831 600 899 epist.
641 829 706 883 2|
748 845 763 880 :
803 827 893 884 Sic
926 829 1064 897 {etus
1100 829 1178 880 tui
1223 844 1367 881 more
1403 827 1597 898 aquila:
1629 844 1683 881 se
1723 826 2025 895 probantes,

440 923 645 993 regales
681 920 864 978 oculos
898 921 963 973 ab
999 921 1125 988 ipsis
1177 936 1304 989 pene
1344 919 1621 972 cunabulis
1675 920 2024 987 pertulerunt.

515 1011 677 1075 lbid.,
709 1011 808 1065 lin.
855 1010 946 1064 2|.
1012 1009 1164 1062 Φασὶ
1215 1010 1324 1079 γὰρ
1377 1009 1747 1079 γηράσαντα.
1792 1010 2024 1076 Plinius,

442 1103 538 1158 lib.
567 1120 626 1168 ι,
654 1119 774 1174 cap.
809 1105 881 1157 ὃς
911 1102 1170 1172 Oppetunt
1209 1119 1313 1154 non
1342 1102 1506 1166 senio,
1551 1117 1642 1154 nec
1688 1101 2022 1171 a’gritudine,

442 1195 533 1251 sed
561 1195 722 1264 fame,
753 1195 807 1248 in
834 1205 1039 1248 tantum
1074 1195 1342 1262 superiore
1375 1203 1698 1247 accrescente
1737 1204 1934 1257 rostro,
1966 1203 2026 1246 ut

441 1288 725 1343 aduncitas
755 1288 947 1355 aperiri
992 1304 1096 1340 non
1148 1295 1323 1355 queat.
1367 1284 1579 1340 Similia
1614 1286 1778 1340 habet
1817 1285 2022 1350 Horus,

441 1381 537 1436 lib.
566 1396 629 1444 ιι,
655 1394 774 1451 cap.
796 1379 886 1440 96.
906 1378 1248 1445 Aristoteles,
1277 1377 1374 1432 lib.
1402 1393 1479 1441 lx,
1508 1377 1586 1432 De
1613 1379 1803 1434 histor.
1831 1381 2021 1446 onim.,

440 1482 560 1538 cap.
596 1467 695 1534 52;
733 1466 1072 1537 Epiphanius
1105 1466 1164 1520 in
1198 1463 1541 1537 Physiologo,
1567 1477 1620 1522 et
1653 1468 1767 1521 alii.

508 1559 669 1622 lbid.,
702 1559 798 1613 lin.
829 1558 919 1612 22.
948 1557 1057 1612 Kal
1095 1561 1182 1624 εἰς
1207 1558 1412 1628 πηγὴν
1433 1559 1829 1628 ἀφικνεῖσθαι.
1869 1559 2022 1616 Hanc

443 1652 638 1723 aquila;
665 1653 1072 1709 renovationem
1103 1653 1194 1707 alii
1225 1653 1380 1707 aliter
1406 1661 1652 1708 narrant.
1684 1652 2020 1724 Epiphanius

439 1743 516 1797 ait
573 1743 627 1798 in
673 1743 842 1798 altum
891 1760 1012 1800 sese
1055 1745 1324 1809 attollere,
1377 1753 1432 1800 et
1488 1747 1544 1800 in
1590 1756 1918 1818 praeruptam
1961 1766 2022 1806 se

1796 377 2042 433 LEONIS
2076 375 2348 431 ALLATII

2063 507 2110 562 Α
2140 499 2285 555 Nam
2329 499 2489 553 herile
2526 516 2617 568 ego
2663 510 2710 552 te
2759 496 2924 552 barba
2972 497 3220 568 continuo
3260 496 3516 564 arripiam
3563 507 3614 550 et
3661 499 3718 551 in

3607 360 3718 428 ‘900

3119 566 3309 637 [ignem
3341 568 3642 636 conjiciam,

2135 639 2302 710 Teque
2321 639 2737 694 ambustulatum
2755 637 3000 708 objiciam
3020 639 3224 707 magnis
3241 637 3419 690 avibus
3441 637 3716 706 pabulum.

2132 753 2268 810 Vide
2301 765 2560 826 praeterea
2589 752 3058 822 Theophylactum
3085 748 3444 814 Simocatum,
3477 749 3532 804 in
3565 750 3718 816 Quie-

2133 844 2397 899 stionibus
2428 841 2786 905 naturalibus,
2821 849 3016 912 quaest.
3048 841 3101 904 8,
3126 839 3220 910 qui
3251 855 3349 895 sua
3394 855 3462 894 ex
3497 839 3714 894 Eliano

2130 944 2411 991 mutuatus
2442 942 2547 1001 est,
2581 942 2634 988 et
2664 932 2968 1002 Gasparum
3001 930 3364 992 Bancbinum,
3402 928 3479 981 De
3507 929 3716 982 herma-

2128 1027 2494 1096 phroditorum
2540 1033 3061 1092 monstrosorumque
3091 1031 3342 1090 portuum
3370 1028 3586 1084 natura,
3617 1019 3713 1073 lib.

2130 1139 2191 1188 ιι,
2227 1136 2347 1192 cap.
2384 1120 2595 1174 ultimo.

2197 1213 2359 1278 lbid.,
2393 1212 2490 1266 lin.
2539 1212 2629 1266 5i.
2675 1208 2999 1269 Αὑλίζεται.
3034 1207 3376 1268 Aristoteles,
3419 1205 3516 1258 lib.
3557 1219 3607 1257 νι
3643 1202 3716 1258 De

2125 1309 2314 1362 histor.
2341 1307 2538 1369 anim.,
2570 1321 2690 1374 cap.
2722 1304 2776 1366 5,
2812 1303 3000 1359 scribit
3039 1303 3284 1355 vultures
3329 1298 3612 1353 nidiﬁcare
3658 1297 3714 1350 in

2125 1401 2517 1457 excelsissimis
2570 1398 2820 1468 rupibus,
2867 1396 3011 1452 unde
3061 1397 3120 1450 (it
3170 1403 3230 1448 ut
3281 1407 3404 1447 raro
3455 1390 3618 1445 nidus
3659 1398 3713 1443 et

2125 1495 2258 1564 pulli
2292 1493 2528 1548 vulturis
2559 1498 2875 1546 cernantur.
2908 1488 3180 1555 Quocirca
3228 1485 3538 1542 Herodotus
3579 1483 3714 1553 Bry-

2125 1585 2278 1640 sonis
2309 1583 2552 1640 rhetoris
2581 1589 2734 1652 pater
2764 1582 3010 1636 vultures
3040 1597 3104 1636 ex
3133 1580 3351 1634 diverso
3393 1578 3525 1632 orbe
3552 1575 3713 1630 nobis

2124 1674 2402 1746 incognito
2441 1673 2695 1728 advolare
2725 1671 3002 1726 credebat.
3053 1669 3252 1723 Eadem
3283 1668 3477 1738 repetit
3516 1674 3569 1720 et
3610 1665 3706 1719 lib.

2123 1783 2197 1832 ix,
2225 1781 2346 1836 cap.
2385 1766 2472 1832 ll,
2497 1764 2855 1833 allirmatque,
2886 1762 3138 1833 quamvis
3166 1759 3219 1813 id
3265 1759 3336 1814 sit
3363 1755 3600 1820 diﬂicile,
3627 1755 3710 1810 vi-

437 1835 710 1926 Projic9re
736 1851 951 1906 rupem,
981 1836 1050 1891 ad
1079 1852 1243 1907 (ιυεω
1285 1846 1526 1893 Υοεῑτυῐη
1558 1839 1766 1908 allidit;
1803 1849 1857 1897 ει
1897 1857 2022 1896 cum
2054 1847 2097 1903 Β
2126 1873 2246 1912 sum
2277 1835 2460 1911 tamen
2505 1855 2801 1926 aliquando
2832 1854 2951 1923 ejus
2988 1851 3198 1906 nidum.
3247 1849 3479 1916 Plinius,
3512 1849 3606 1903 lib.
3644 1863 3702 1912 ς,

439 1941 500 1983 se
526 1925 740 1998 frigidis
770 1928 1099 1984 immerserit
1127 1930 1306 2000 aquis,
1341 1929 1407 1983 ad
1439 1931 1648 1986 solares
1676 1931 1862 1987 radios
1898 1949 2021 1989 sese

437 2035 736 2091 opponere,
768 2029 1007 2092 tuncque
1034 2037 1100 2076 ex
1125 2024 1304 2080 oculis
1328 2023 1525 2080 cadere
1558 2024 1934 2094 lippitudines,
1965 2034 2020 2082 et

437 2111 514 2166 ita
531 2112 907 2183 juvenescere.
932 2113 1127 2172 Petrus
1150 2115 1466 2181 Damianus,
1493 2117 1589 2173 lib.
1621 2134 1681 2182 ιι,
1710 2118 1868 2188 epist.
1905 2119 1970 2174 l8
2000 2139 2012 2173 :

435 2205 652 2278 Aquila,
681 2207 780 2271 ait,
823 2223 942 2260 cum
987 2209 1237 2274 senuerit,
1285 2218 1335 2262 et
1382 2211 1597 2279 gravari
1640 2212 1888 2279 cmperint
1917 2215 2020 2267 ala:

435 2299 572 2369 ejus,
602 2309 757 2371 atque
797 2297 938 2352 oculi
977 2299 1231 2369 caligare,
1256 2309 1377 2352 tunc
1417 2301 1606 2369 qnterit
1633 2301 1830 2370 fontem
1869 2319 2019 2373 aqua:

436 2401 625 2447 contra
665 2408 818 2462 quem
861 2392 1035 2461 posita
1067 2393 1208 2446 volat
1251 2409 1413 2463 usque
1458 2394 1526 2446 od
1576 2395 1830 2448 circulum
1865 2398 2017 2462 solis,

434 2483 650 2554 illicque
687 2484 745 2537 in
788 2482 992 2552 puriori
1023 2485 1233 2538 tet/teris
1270 2486 1518 2540 vastitate
1546 2487 1742 2540 librata
1765 2487 1834 2540 ad
1862 2505 2022 2557 vapo-

436 2590 548 2629 rem
593 2575 720 2628 solis
776 2583 826 2627 et
889 2574 1006 2627 alas
1050 2574 1278 2628 incendit
1329 2584 1379 2629 et
1426 2577 1702 2647 caliginem
1748 2581 2019 2632 oculorum

435 2677 654 2732 prorsus
694 2662 889 2726 exurit,
941 2677 1161 2732 moxque
1187 2662 1501 2720 descendens
1539 2667 1706 2720 tribus
1738 2669 1791 2722 in
1823 2669 2017 2737 fontem

436 2753 633 2809 vicibus
663 2755 934 2825 mergitur,
973 2763 1023 2808 et
1065 2756 1143 2809 sic
1177 2755 1388 2809 alarum
1437 2759 1600 2828 vigor,
1645 2772 1696 2813 et
1746 2761 2019 2814 oculorum

434 2845 574 2898 acies
626 2843 791 2898 multo
827 2845 1011 2898 melius
1059 2861 1215 2913 quam
1266 2844 1509 2914 juventus
1561 2849 1832 2915 attulerat,
1867 2868 2018 2906 reno-

435 2945 612 3016 vatur.
653 2934 821 2989 Multa
864 2935 919 2988 in
969 2935 1111 2990 hanc
1165 2937 1492 2991 sententiam
1535 2954 1602 2993 ex
1649 2938 2016 3013 Hieronymo,

435 3025 764 3097 Augustino,
797 3026 951 3081 rabbi
985 3025 1176 3092 David,
1208 3027 1514 3094 Vincentio,
1556 3033 1762 3104 colligit
1791 3033 2018 3092 Pontius

435 3119 492 3173 in
522 3117 730 3172 dictum
759 3118 937 3173 locum
967 3118 1274 3189 Epiplianii,
1303 3137 1462 3190 quem
1488 3125 1731 3180 consule.
1766 3124 2017 3182 Theodo-

2125 1970 2247 2025 cap.
2274 1954 2307 2007 6
2334 1970 2348 2005 :
2393 1953 2672 2006 Vulturum
2698 1949 2980 2019 pravalent
3006 1949 3162 2016 nigri.
3197 1945 3367 1999 Nidos
3397 1960 3546 1998 nemo
3579 1943 3708 1996 atti-

2123 2049 2214 2118 git.
2251 2045 2376 2100 ldeo
2415 2046 2574 2100 etiam
2608 2044 2752 2114 {uere
2798 2042 2888 2114 qui
2932 2049 3178 2110 putarent
3219 2039 3340 2091 illos
3385 2052 3450 2091 ea:
3486 2035 3707 2090 adverso

2127 2139 2246 2193 orbe
2277 2138 2544 2193 advolare.
2576 2135 2624 2188 F
2627 2137 2740 2190 also
2770 2149 2788 2188 .'
2825 2133 3104 2202 nidiﬁcant
3151 2132 3288 2184 enim
3329 2129 3385 2183 in
3413 2127 3709 2183 excelsissi-

2126 2231 2226 2284 mis
2266 2229 2500 2298 rupibus.
2539 2226 2850 2293 Juvenalis,
2879 2231 3049 2294 satyr.
3077 2221 3163 2285 15,
3194 2218 3426 2276 credidit
3458 2219 3513 2273 in
3543 2216 3709 2272 arbo-

2126 2323 2278 2377 ribus
2307 2320 2467 2376 nidos
2508 2321 2687 2375 facere
2713 2338 2726 2373 :

2135 2433 2346 2498 Vultur,
2371 2434 2610 2504 jumento
2649 2441 2697 2486 et
2725 2431 2940 2485 canibus
2968 2430 3312 2504 crucibusque
3343 2427 3568 2504 relictis,

2128 2505 2206 2556 Ad
2239 2499 2385 2572 {etus'
2403 2512 2646 2573 properat
2675 2507 2977 2570 partemque
3014 2500 3284 2573 cadaveris
3315 2499 3494 2573 a/fert,

2128 2570 2335 2627 Hic—est
2363 2570 2658 2643 ergocibus
2690 2573 2869 2643 magni
2901 2587 3102 2643 quoque
3132 2570 3378 2643 vulturis,
3407 2580 3459 2643 et
3479 2584 3533 2622 se

2128 2639 2438 2708 Poscentis;
2462 2646 2679 2714 propria
2708 2639 2824 2696 cum
2846 2639 2962 2710 jam
2995 2639 3124 2710 facit
3155 2639 3342 2694 arbore
3368 2639 3544 2694 nidos.

2197 2757 2358 2820 lbid.,
2400 2757 2497 2811 lin.
2548 2757 2636 2810 55.
2674 2755 2784 2810 Kal
2827 2754 3026 2808 λαϐὼν
3067 2753 3175 2807 τὸν
3206 2754 3498 2807 εὐτόκιον.
3539 2748 3708 2804 Euto-

2125 2849 2269 2903 cium
2300 2847 2530 2916 lapidem
2562 2847 2777 2900 aetitem
2802 2861 2942 2908 esse,
2969 2844 3169 2900 nemini
3205 2843 3431 2897 dubium
3456 2857 3577 2898 esse
3606 2839 3707 2895 de-

2126 2941 2236 3005 bet,
2267 2955 2390 2994 cnm
2418 2955 2538 3010 quae
2561 2941 2627 2993 de
2665 2937 2880 2994 eutocio
2902 2937 3220 2992 Eustathius
3247 2934 3435 2999 refert,
3455 2934 3524 2990 de
3545 2934 3708 2988 aetite

2126 3032 2214 3084 alii
2240 3032 2444 3086 dicant.
2472 3031 2702 3095 Plinius,
2733 3031 2825 3085 lib.
2859 3047 2914 3093 χ,
2949 3031 3111 3100 capit.
3147 3045 3198 3083 Iv
3228 3050 3241 3083 :
3273 3028 3463 3082 Tribus
3493 3026 3704 3096 primis,

2124 3131 2171 3173 et
2217 3122 2398 3191 quinto
2442 3121 2741 3190 aquilarum
2782 3121 2956 3190 generi
2999 3119 3356 3188 ina‘di/icatur
3397 3116 3520 3171 nido
3570 3116 3706 3183 lapis

435 3226 533 3265 rus
561 3217 743 3265 tamen
778 3209 1176 3276 Heracleensis,
1213 3210 1504 3268 Comment.
1535 3216 1590 3269 in
1626 3217 1762 3284 psal.
1791 3232 1885 3282 cn,
1921 3236 2020 3274 ne-
2047 3203 2090 3261 (ἶ
2123 3214 2328 3277 uelites,
2373 3231 2521 3284 quem
2553 3214 2717 3284 aliqui
2746 3213 2924 3266 dixere
2948 3222 3211 3283 gagatem,
3244 3209 3312 3264 ad
3339 3210 3508 3264 multa
3537 3224 3706 3261 reme-

433 3310 527 3374 gat
583 3302 824 3372 aquilam
879 3304 1178 3357 renovari:
1219 3303 1292 3356 Οὐ
1332 3303 1488 3358 τοῦτο
1537 3307 1784 3377 βούλεται
1830 3313 2024 3374 εἰπεῖν,

432 3396 517 3448 ὅτι
551 3393 955 3458 ἀνακαινίζεται
988 3396 1016 3447 ὁ
1047 3395 1204 3460 ἀετός
1227 3412 1239 3424 ·
1275 3399 1334 3450 οὐ
1373 3398 1481 3470 γὰρ
1521 3399 1944 3465 ἀνακαινίζεται,
1979 3411 2025 3462 ει

436 3487 513 3558 μὴ
542 3486 721 3556 μόνον,
748 3484 824 3550 ὥς
853 3503 1037 3555 φασιν,
1072 3489 1100 3540 ὁ
1141 3488 1320 3556 φοῖνιξ
1352 3489 1412 3542 τὸ
1443 3489 1654 3561 ὄρνεον·
1691 3492 1804 3545 ἀλλ’
1838 3493 2025 3564 ἐπειδὴ

432 3581 462 3632 ὁ
490 3579 645 3641 ἀετὸς
671 3579 817 3632 δοκεῖ
842 3579 1144 3648 βασιλεύειν
1175 3579 1285 3633 τῶν
1321 3583 1582 3635 πετεινῶν
1605 3585 1881 3649 ἁπάντων,
1909 3587 2025 3656 βού-

433 3669 585 3722 λεται
626 3670 822 3732 εἰπεῖν,
856 3671 938 3722 ὅτι
969 3671 1001 3740 ἡ
1036 3669 1336 3740 παλαιότης
1365 3671 1524 3742 ἡμῶν
1569 3675 1602 3742 ἡ
1644 3675 1702 3726 ὲν
1745 3675 2022 3729 Βαϐυλῶνι

434 3762 950 3832 ἁνακαινισθήσεται
983 3765 1062 3824 εἰς
1101 3761 1375 3831 βασιλείαν
1419 3759 1592 3829 αὖθις,
1640 3764 1828 3838 ὥσπερ
1881 3763 2023 3838 ἦμέν

436 3869 590 3907 ποτε.
619 3851 717 3905 Διὰ
744 3850 854 3923 γὰρ
889 3849 983 3903 τοῦ
1017 3851 1228 3922 ὄρνιθος
1259 3852 1353 3904 τοῦ
1398 3852 1559 3905 ἀετοῦ
1603 3853 1702 3925 τὴν
1744 3855 2022 3925 βασιλείαν

435 3944 750 4000 αἰνίττεται.
779 3943 1018 3999 Consule
1057 3942 1188 3998 item
1229 3943 1452 4000 Canium
1485 3943 1796 4017 Rodigium,
1827 3949 1863 4003 Ι.
1899 3965 2018 4016 xm,

438 4049 559 4106 cap.
595 4034 686 4090 20.

508 4145 668 4211 lbid.,
699 4145 799 4202 lin.
830 4146 921 4202 29.
959 4147 1024 4201 '0
1051 4147 1120 4201 δὲ
1152 4147 1280 4218 γὺψ
1299 4148 1650 4218 ὑπηνέμιον.
1686 4148 1882 4207 Petrus
1917 4151 2018 4207 Da-

434 4239 674 4306 mianus,
706 4239 800 4296 lib.
832 4241 1074 4311 u,epist.
1099 4240 1170 4294 i8
1197 4259 1210 4294 :
1246 4239 1598 4295 Perhibentur
1619 4242 1850 4297 vultures
1910 4261 2016 4298 εω-

435 4338 670 4383 terarum
691 4331 866 4384 ovium
890 4346 1052 4395 more,
1077 4330 1375 4385 concubitui
1397 4331 1699 4387 nullatenus
1717 4333 2014 4406 indulgere:

433 4422 525 4478 sed
553 4425 746 4492 absque
776 4423 891 4476 ulla
922 4439 1139 4492 prorsus
1186 4424 1470 4478 masculini
1514 4441 1670 4480 sexus
1701 4426 2017 4484 admistione

431 4515 719 4583 concipere.
753 4512 1039 4580 Quomodo
1089 4522 1270 4570 autem
1317 4515 1373 4570 id
1413 4517 1506 4572 liat
1535 4519 1786 4588 pluribus
1826 4532 2016 4575 narrat
2045 4551 2090 4605 Β

431 4603 616 4669 Horus
670 4604 766 4659 lib.
815 4620 855 4669 ι,
915 4619 1040 4673 cap.
1095 4604 1195 4672 il;
1241 4603 1591 4671 Plutarchus,
1644 4607 2012 4665 Romanarum

430 4699 720 4768 question.
753 4698 822 4753 95
853 4716 865 4752 :
901 4698 1046 4769 Θῆλυ
1082 4699 1188 4751 πᾶν
1218 4698 1280 4751 τὸ
1307 4701 1460 4768 γένος
1500 4703 1618 4754 ἐστὶ
1641 4705 1734 4756 καὶ
1766 4705 2017 4759 κυΐσκον-

429 4806 521 4844 ται
547 4789 831 4859 δεχόμεναι
864 4789 955 4842 τὸν
993 4787 1331 4861 ἀπηλιώτην,
1367 4791 1554 4864 ὥσπερ
1587 4792 1655 4846 τὰ
1696 4793 1888 4866 δένδρα
1925 4795 2015 4848 τὸν

431 4881 688 4954 ζέφυρον.
722 4881 994 4946 Elianus,
1030 4883 1126 4937 lib.
1157 4897 1214 4945 ll,
1242 4897 1363 4954 cap.
1393 4883 1500 4939 46:
1534 4884 1688 4938 Γῦπα
1722 4885 1778 4939 δὲ
1812 4886 2017 4958 ἄρρενα

429 4974 492 5026 οὐ
523 4975 654 5042 φασὶ
678 4972 930 5043 γενέσθαι
972 4973 1123 5037 ποτὲ,
1150 4971 1287 5025 ἀλλὰ
1312 4972 1534 5044 Θηλείας
1570 4977 1806 5040 ἁπάσας.
1839 4978 2016 5050 Ὅπερ

432 5068 772 5139 ἐπιστάμενα
799 5069 868 5122 τὰ
897 5068 1033 5134 ζῶα,
1058 5069 1153 5122 καὶ
1179 5069 1415 5140 ἐρημίαν
1443 5068 1650 5122 τέκνων
1677 5071 1908 5135 δεδιότα,
1937 5074 2016 5135 εἰς

433 5161 689 5232 ἐπιγονὴν
712 5161 918 5215 τέκνων
957 5161 1183 5217 τοιαῦτα.
1231 5164 1352 5234 δρᾷ.
1395 5163 1748 5235 Ἀντίπρωροι
1777 5163 1854 5233 τῷ
1880 5164 2016 5234 νότῳ

433 5255 713 5320 πέτονται,
761 5256 810 5307 εἰ
838 5247 913 5308 ’δὲ
955 5254 1030 5327 μὴ
1067 5256 1150 5327 εἴη
1184 5257 1355 5322 νότος,
1390 5254 1468 5326 τῷ
1517 5254 1662 5326 εὔρῳ
1721 5258 2012 5326 κεχήνασι,

431 5348 526 5400 καὶ
563 5347 626 5400 τὸ
676 5347 893 5418 πνεῦμα
942 5347 1150 5419 εἰσρέον
1191 5346 1390 5419 πληροῖ
1428 5345 1630 5409 αὑτὰς,
1687 5347 1781 5400 καὶ
1825 5347 2014 5400 κύουσι

405 5413 596 5510 Ιτριῶν
628 5439 782 5492 ἐτῶν.
817 5413 952 5504 Quae
979 5413 1222 5495 carmine
1255 5413 1487 5495 reddidit
1519 5440 1572 5493 in
1609 5438 1813 5494 lambis
1840 5440 2010 5495 Phile.

432 5532 706 5588 Adrianus
752 5531 1074 5598 Turnebus,
1129 5535 1223 5589 lib.
1259 5551 1384 5588 xxvi
1411 5575 1424 5599 ,
1473 5535 1641 5604 capit.
1683 5533 1758 5599 2,
1815 5544 1868 5590 et
1904 5535 2011 5606 ιιι).

431 5640 591 5688 χχιιι,
621 5625 784 5694 capit.
840 5626 893 5689 5,
945 5633 1000 5679 et
1047 5624 1425 5695 Dalecampius
1482 5628 1731 5682 scribunt
1771 5629 2016 5685 vultures

432 5730 658 5785 magnas
690 5732 817 5771 aves
859 5732 888 5769 a
940 5716 1131 5772 Plauto
1171 5718 1224 5772 in
1268 5717 1500 5773 Rudente
1556 5729 1901 5789 nuncupatas
1957 5721 2013 5774 in

433 5807 541 5864 illis
580 5809 831 5864 versibus
865 5829 877 5863 :

1967 5901 1998 5912 ιιμ

2128 3305 2220 3357 dio
2251 3305 2420 3370 utilis,
2454 3305 2586 3357 nihil
2618 3305 2735 3374 igne
2763 3302 3064 3370 deperdens.
3110 3300 3207 3354 Est
3238 3310 3414 3354 autem
3443 3297 3580 3366 lapis
3608 3297 3708 3350 iste

2125 3409 2426 3465 prwgnans,
2456 3395 2598 3447 intus
2627 3411 2745 3448 cum
2774 3395 3010 3463 quatias,
3050 3395 3156 3446 alie
3188 3392 3322 3446 velut
3353 3391 3406 3442 in
3431 3398 3580 3440 utero
3621 3407 3706 3444 so-

2127 3499 2301 3553 nante,
2328 3487 2416 3540 sed
2441 3488 2516 3542 vis
2541 3489 2638 3541 illa
2670 3487 2870 3540 medica
2893 3503 2996 3540 non
3025 3487 3127 3539 nisi
3153 3485 3274 3538 nido
3304 3483 3545 3542 direptis.
3571 3480 3704 3538 Ome

2125 3573 2334 3630 Plinius
2377 3592 2486 3630 non
2542 3577 2677 3631 satis
2731 3575 3042 3646 distinguit,
3100 3577 3226 3629 (lum
3283 3584 3528 3646 gagatem
3578 3587 3706 3628 cum

2127 3667 2287 3722 aetite
2327 3666 2632 3722 confundit.
2663 3669 2901 3724 Consule
2949 3671 3126 3738 ipsum
3176 3668 3269 3722 lib.
3314 3683 3501 3730 xxxvr,
3536 3670 3700 3736 capit.

2124 3760 2186 3813 21
2225 3767 2279 3815 et
2313 3761 2476 3831 capit.
2508 3761 2592 3824 i9,
2621 3761 2885 3816 Calenum
2921 3769 2974 3816 et
3015 3759 3410 3816 Dioscoridcm.
3443 3759 3703 3829 Lapidem

2124 3853 2267 3906 hunc
2318 3853 2672 3924 Harpocratio
2731 3854 3132 3910 Alexandrinus
3178 3854 3467 3925 ocytocion
3524 3862 3700 3915 vocat,

2123 3945 2519 4017 distinguitque
2573 3948 2641 4002 ab
2697 3948 2861 4002 aetite
2915 3967 2928 4000 :
2985 3947 3292 4009 Ὠκυτόκιος
3353 3945 3499 4008 λίθος
3555 3943 3704 3996 ἐστὶν

2121 4038 2314 4102 ἐοικὼς
2339 4039 2418 4109 τῷ
2443 4040 2650 4111 ἀετίτῃ,
2689 4041 3010 4112 μικρότερος
3035 4039 3088 4093 δὲ
3131 4040 3362 4102 ἐκείνου,
3395 4037 3532 4107 πλὴν
3557 4038 3702 4106 ἀπη-

2121 4131 2249 4201 χῶν,
2276 4131 2351 4196 ὡς
2384 4133 2611 4195 ἐκεῖνος,
2648 4135 2704 4184 ὲν
2735 4132 2812 4203 τῷ
2847 4132 3112 4186 κινεῖσθαι
3147 4133 3297 4205 παρὰ
3320 4131 3381 4184 τὸ
3407 4127 3523 4193 οὖς.
3547 4131 3704 4183 Ἔστι

2119 4221 2174 4274 δὲ
2208 4222 2300 4276 καὶ
2337 4223 2479 4287 λεῖος
2505 4227 2572 4295 τῇ
2606 4223 2726 4296 Θέᾳ.

2188 4338 2348 4401 lbid.,
2374 4339 2469 4393 lib.
2506 4339 2594 4394 35.
2621 4340 2726 4393 Kal
2752 4341 3071 4394 ἀποτίκτει.
3101 4338 3332 4402 Plinius,
3365 4338 3459 4392 lib.
3492 4354 3549 4401 ι,
3577 4352 3698 4408 cap.

2118 4430 2152 4485 6
2195 4451 2207 4486 :
2270 4431 2433 4486 Fetus
2481 4431 2690 4503 quidem
2737 4441 3022 4486 cernuntur
3077 4433 3184 4502 fere
3233 4432 3362 4485 bini.
3401 4430 3702 4484 Umbricius

2119 4523 2423 4590 aruspicum
2475 4523 2530 4574 in
2576 4530 2758 4575 nostro
2791 4539 2898 4576 arvo
2940 4522 3292 4590 peritissimus
3322 4537 3508 4590 parere
3537 4521 3704 4573 tradit

2118 4629 2215 4666 ova
2236 4613 2341 4666 tria
2368 4628 2387 4666 :
2415 4629 2519 4666 uno
2548 4629 2612 4667 ea:
2656 4614 2721 4668 iis
2770 4614 2970 4684 reliqua
3010 4632 3105 4669 ova
3136 4614 3418 4684 nidumque
3449 4614 3700 4678 lustrare,

2118 4720 2241 4758 mox.
2271 4705 2519 4774 abjicere.
2564 4705 2710 4761 Idem
2759 4707 2921 4763 habet
2972 4707 3200 4763 Aristot.
3241 4707 3321 4761 De
3357 4707 3483 4761 hist.
3510 4706 3699 4770 anim.,

2117 4814 2236 4868 cap.
2277 4799 2329 4852 6.
2365 4797 2594 4862 Tamen,
2627 4800 2722 4855 lib.
2776 4816 2849 4863 Ix,
2880 4816 3002 4870 cap.
3042 4801 3128 4864 Η,
3163 4800 3356 4856 scribit
3388 4818 3401 4854 :
3437 4799 3564 4853 Edit
3597 4817 3700 4853 non

2116 4892 2234 4960 plus
2264 4909 2420 4962 quam
2449 4909 2612 4946 unum
2637 4909 2810 4957 ovum,
2831 4903 2921 4946 aut
2938 4893 3042 4946 duo
3059 4893 3486 4961 complurimum.
3505 4892 3637 4958 Quae
3653 4891 3701 4945 si

2119 4991 2370 5036 naturam
2393 4983 2574 5037 :wium
2605 4992 2753 5039 recte
2783 4984 3120 5047 consideres,
3148 4984 3274 5053 quis
3303 4983 3376 5037 ita
3400 4984 3623 5052 iniquus
3641 4990 3702 5036 ut

2120 5089 2318 5144 negare
2351 5073 2548 5128 audeat
2586 5075 2856 5129 vulturem
2882 5090 3036 5128 avem
3064 5089 3164 5128 ova
3181 5074 3438 5144 gignere?
3463 5073 3532 5126 At
3550 5073 3700 5127 fuere

2117 5166 2210 5234 qui
2235 5165 2480 5220 dicerent
2506 5181 2600 5221 eos
2625 5181 2727 5220 ova
2768 5183 2876 5221 non
2917 5166 3227 5229 excludere,
3261 5166 3354 5220 sed
3389 5166 3568 5236 pullos
3600 5180 3698 5234 pa-

2118 5271 2260 5318 rere,
2289 5272 2492 5328 eosque
2519 5259 2704 5311 statim
2732 5273 2762 5311 a
2791 5269 2949 5327 partu
2976 5258 3227 5313 volatiles
3250 5272 3391 5312 esse.
3425 5255 3698 5323 Elianus,

2117 5349 2214 5406 lib.
2247 5365 2307 5415 ll,
2332 5365 2454 5420 cap.
2489 5349 2558 5404 46
2585 5371 2597 5404 :
2631 5351 2813 5414 Γῦπας
2845 5351 2901 5403 δὲ
2930 5351 3004 5421 μὴ
3033 5349 3116 5402 ea
3139 5349 3341 5403 τίκτειν
3372 5349 3696 5418 πέπεισμαι,

2117 5444 2363 5506 νεοττοὺς
2403 5443 2459 5495 δὲ
2493 5442 2724 5496 ὠδίνειν.
2767 5443 2877 5496 Καὶ
2926 5443 3000 5505 ὡς
3057 5443 3165 5495 ἀπὸ
3196 5445 3388 5510 γενεᾶς
3422 5443 3698 5495 κατάπτε-

2120 5534 2202 5607 poi
2223 5537 2348 5599 εἱσι,
2372 5535 2462 5588 καὶ
2491 5519 2647 5589 τοῧτο
2676 5536 2905 5605 ἥκουσα.
2933 5535 2998 5588 Et
3038 5534 3480 5606 Theophylactus
3517 5535 3700 5589 Simo-

2117 5636 2296 5690 catus,
2343 5629 2399 5681 in
2443 5626 2646 5692 Qutest.
2681 5639 2884 5693 natur.,
2919 5633 3113 5697 qumst.
3151 5626 3204 5691 8,
3254 5627 3320 5682 de
3348 5627 3652 5680 vulturibus
3683 5611 3696 5678 ξ

2116 5709 2228 5772 Καὶ
2271 5719 2513 5772 τίκτουσι
2557 5719 2692 5783 ζῶα,
2745 5720 2845 5772 οὐκ
2878 5719 2959 5771 ea
2993 5718 3290 5789 ὑπηνέμια.
3325 5719 3418 5770 Διὸ
3449 5718 3701 5770 πλείστου

2117 5811 2308 5881 χρόνον
2341 5811 2508 5864 δεῖται
2540 5811 2573 5881 ὴ
2605 5811 2765 5878 φύσις
2797 5811 2933 5882 πρὸς
2968 5809 3107 5875 ζώου
3140 5810 3565 5880 τελεσιουργίαν,
3592 5809 3701 5861 Πο-
