4124 6424
433 395 528 450 90!

433 488 710 559 λύκρατες.
759 485 1007 539 Χαλεπὸν
1050 483 1157 554 γὰρ
1206 483 1298 536 καὶ
1329 481 1446 536 λίαν
1472 482 1706 554 ἐργῶδες
1733 485 1798 552 τῇ
1828 481 2003 551 φύσει,
2037 490 2085 544 Α

431 589 558 644 etc.,
592 587 645 634 et
678 578 852 643 Phile,
889 578 944 631 in
976 575 1181 631 lambis
1211 591 1229 628 :

430 713 632 782 Θῆλυς
658 712 725 766 δὲ
755 713 873 778 πᾶς
898 713 1044 783 γὺψ,
1069 711 1165 765 καὶ
1197 711 1432 780 σπορᾶς
1464 710 1608 783 ἄνευ
1636 710 1784 783 κύει.

428 781 659 838 Χαίνων
678 785 786 854 γὰρ
818 781 1183 854 ἀντίπρωρος
1214 783 1376 854 ὑψοῦ
1405 781 1552 854 πρὸς
1582 781 1779 854 νότον,

425 852 842 922 Συλλαμϐάνει
869 854 936 907 τὸ
960 853 1216 921 πνεῦμα,
1253 852 1348 904 καὶ
1387 853 1584 922 τρίτου
1615 852 1836 922 χρόνον

425 919 770 1004 {renudata
790 919 1124 1004 πτερω-τοὺς
1155 922 1243 990 ἄρ’
1267 922 1386 1004 dead
1419 920 1648 1004 μήτρας
1678 919 1894 988 ἐξάγει.

421 994 488 1045 Οἳ
514 993 690 1053 ζῶσιν·
712 994 893 1058 εὐθὺς
919 993 988 1057 ἐξ
1010 994 1246 1061 ὀνύχων
1281 992 1561 1060 (ipsaier

424 1047 684 1133 Πνίγυυς
709 1047 933 1118 καλιῶν
952 1047 1294 1132 ἑύρεθὲντες
1322 1047 1673 1129 κρείττονες.

496 1198 656 1263 ibid.,
688 1198 785 1252 lin.
810 1199 899 1252 58.
924 1197 1077 1254 Φασὶ
1101 1197 1168 1250 δὲ
1191 1196 1296 1251 τὸν
1319 1197 1495 1266 γῦπα.
1520 1197 1730 1253 Plinius
1758 1197 2000 1252 vultures

424 1288 593 1344 odore
615 1286 813 1358 fugari,
852 1289 946 1343 lib.
983 1304 1042 1353 ιι,
1091 1303 1211 1357 cap.
1257 1287 1345 1354 45,
1385 1288 1596 1343 scribit.
1640 1287 1786 1342 ldem
1830 1284 2002 1341 lElia—

424 1399 550 1449 nus,
583 1381 676 1436 lib.
707 1396 789 1447 ιιι,
816 1395 938 1451 cap.
974 1380 1024 1444 7,
1052 1387 1106 1435 et
1139 1379 1234 1433 lib.
1271 1394 1346 1444 ιν,
1372 1394 1493 1450 cap.
1531 1379 1626 1446 l8;
1657 1380 1999 1448 Aristoteles,

424 1468 520 1524 lib.
549 1468 687 1536 Περὶ
723 1469 1066 1537 θαυμασίων
1110 1466 1524 1537 ἀκουσμάτων.
1571 1467 1998 1539 Theophrastus,

423 1561 521 1617 lib.
579 1560 659 1616 De
714 1560 961 1616 odoribus
1000 1577 1018 1613 :
1067 1561 1254 1615 Πονεῖν
1297 1560 1354 1613 δὲ
1407 1560 1526 1615 ἔνια
1572 1562 1823 1631 φαίνεται
1879 1565 2000 1626 ταῖς

422 1653 618 1723 ὀσμαῖς
655 1653 748 1706 καὶ
783 1655 902 1716 ταῖς
954 1652 1224 1720 εὐωδίαις,
1249 1653 1296 1705 εί
1327 1651 1524 1724 ἀληθὲς
1547 1653 1607 1706 τὸ
1637 1654 1729 1707 ἐπὶ
1763 1653 1870 1708 τῶν
1900 1671 1987 1723 γυ-

423 1742 542 1797 πῶν
591 1742 686 1796 καὶ
727 1742 1032 1815 κανθάρων.
1089 1743 1156 1797 Ει
1211 1743 1470 1798 collector
1515 1742 1854 1814 Geoponicor.
1903 1747 1994 1802 lib.

1379 342 1382 344 Ἴ
1440 388 1507 444 ΙΝ
1549 386 1918 443 EUSTATHII
1961 386 2433 444 iiEXAE-MERON
2458 389 2692 446 ΝΟΤΕ.

2253 481 2470 553 Ciconia
2500 484 2662 536 etiam
2688 491 2864 552 grata,
2894 484 3187 553 peregrina,
3223 482 3449 550 hospita,

2248 552 2475 624 Pietatis
2506 553 2720 624 cultrix,
2752 552 3049 622 gracilipes,
3075 553 3404 624 glotoristria

2251 623 2376 676 Avis
2407 623 2560 676 exsul
2593 623 2800 685 hiemis,
2831 631 2939 680 etc.

2105 734 2342 790 Consule
2388 735 2613 789 Adriani
2652 733 2800 790 Junii
2833 735 3166 790 Animadver.
3201 735 3297 790 lib.
3323 752 3399 802 vi,
3431 750 3551 806 cap.
3599 735 3685 789 15.

2178 826 2336 892 lbid.,
2383 827 2477 880 lin.
2535 828 2623 880 47.
2677 826 3245 896 Τετραυματισμέναι
3285 826 3412 895 γάρ.
3449 826 3565 892 Qua
3599 840 3672 878 ra-

2104 917 2251 972 tione
2298 918 2402 972 sibi
2455 917 2774 972 medeantur
2811 918 3036 972 ciconize
3069 933 3192 972 cum
3222 917 3422 972 vulnus
3455 932 3683 986 accepe-

2103 1003 2236 1069 rint,
2266 1003 2539 1072 Elianus,
2567 1005 2664 1060 lib.
2699 1022 2754 1072 v,
2794 1021 2916 1076 cap.
2942 1005 3046 1071 46;
3081 1015 3135 1060 et
3163 1005 3504 1061 Aristoteles.

2173 1095 2331 1160 lbid.,
2361 1097 2456 1150 lin.
2490 1096 2580 1150 48.
2627 1098 2766 1152 Ἐὰν
2812 1097 2880 1150 δὲ
2913 1097 3172 1167 γηράσῃ.
3226 1097 3490 1162 Basilius,
3531 1098 3677 1153 hom.

2104 1187 2136 1241 8
2162 1205 2174 1239 :
2220 1189 2445 1240 Ἐκεῖνοι
2470 1188 2558 1240 τὸν
2606 1190 2834 1261 πατέρα,
2864 1190 2970 1244 ὑπὸ
2999 1191 3090 1243 τοῦ
3130 1192 3312 1261 γήρως
3341 1193 3682 1262 πτερορρυή-

2104 1296 2293 1342 σαντα,
2325 1280 2681 1352 περιστάντες
2717 1284 2773 1334 ὲν
2812 1281 3017 1353 κύκλῳ,
3045 1283 3156 1345 τοῖς
3202 1283 3423 1346 οἰκείοις
3464 1285 3681 1354 πτεροῖς

2101 1370 2470 1436 διαθάλπουσι,
2512 1373 2606 1426 καὶ
2652 1373 2749 1437 τὰς
2801 1373 3006 1443 τροφὰς
3052 1374 3684 1444 ἀφθόνως-,παρασκευά-

2103 1462 2304 1533 ζοντες,
2343 1465 2441 1536 τὴν
2483 1464 2710 1536 δυνατὴν
2756 1465 2853 1518 καὶ
2896 1467 2954 1518 ἐν
2999 1469 3064 1538 τῇ
3110 1467 3304 1538 πτήσει
3352 1469 3680 1540 παρέχονται

2103 1554 2374 1625 βοήθειαν,
2406 1557 2588 1629 ἡρέμα
2613 1556 2689 1628 τῷ
2719 1557 2904 1630 πτερῷ
2930 1556 3276 1627 κουφίζοντες
3319 1561 3676 1632 ἑκατέρωθεν.

2100 1649 2210 1702 Καὶ
2259 1647 2402 1702 οὕτω
2433 1649 2589 1703 τοῦτο
2614 1648 2763 1721 παρὰ
2808 1652 2941 1704 πᾶσι
2985 1650 3364 1723 διαϐεϐόηται,
3399 1651 3538 1705 ὥστε
3576 1653 3679 1723 ἤδη

2098 1741 2242 1804 τινὲς
2268 1741 2366 1810 τὴν
2391 1741 2498 1795 τῶν
2540 1742 2989 1816 εὐεργετημάτων
3021 1741 3306 1805 ἀντίδοσιν,
3353 1742 3678 1814 ἀντιπελάρ-

421 1849 552 1890 xw:
595 1833 975 1906 Ἀριστοτέλης
1003 1835 1136 1907 φησὶ
1172 1835 1354 1904 γῦπας
1393 1836 1564 1908 μύρου
1594 1837 1736 1908 ὀσμῇ
1769 1837 1994 1891 ἀπόλλυ-

2099 1849 2268 1902 γωσιν
2303 1831 2645 1902 ὀνομάζουσι.
2677 1831 3092 1902 Aristophanes,
3120 1832 3177 1886 in
3204 1831 3402 1886 Avibus
3428 1847 3447 1886 :

422 1925 577 1979 σθαιο
617 1925 919 1998 κανθάρους
947 1925 1005 1978 δὲ
1033 1929 1098 1998 τῇ
1133 1927 1275 2000 ὀσμῇ
1319 1928 1427 1981 τῶν
1472 1929 1660 1998 ῥόδων.
1704 1925 1858 1984 Εῑναι
1889 1929 1996 2001 γὰρ

419 2016 630 2081 τούτοις
662 2019 927 2089 σωτήριον
957 2017 1055 2088 τὴν
1091 2017 1375 2072 δυσωδίαν.

490 2107 650 2173 lbid.,
677 2109 772 2164 lin.
797 2109 886 2164 41.
926 2108 1135 2164 Ἦνίκα
1163 2109 1231 2163 δέ
1254 2127 1446 2180 φασιν
1470 2112 1704 2182 ἄνδρες.
1737 2111 1993 2181 Basilius,

417 2199 569 2255 born.
599 2200 634 2256 8
660 2219 673 2254 :
705 2201 801 2266 Τίς
826 2203 938 2266 τοῖς
979 2201 1112 2271 γυψὶ
1141 2203 1607 2273 προαπαγγέλλων
1649 2203 1758 2258 τῶν
1789 2204 1998 2277 ἀνθρώ·

419 2309 538 2344 πων
561 2291 655 2346 τὸν
693 2291 941 2356 θάνατον,
967 2293 1096 2347 ὅταν
1125 2295 1248 2348 κατ’
1281 2294 1525 2368 ἀλλήλων
1559 2296 1996 2368 ἐπιστρατεύσω-

423 2399 506 2436 σιν
531 2399 547 2448 ;
583 2384 742 2448 Ἴδοις
767 2383 877 2455 γὰρ
901 2383 970 2438 ἂν
1002 2385 1204 2456 μυρίας
1241 2386 1440 2456 ἀγέλας
1465 2386 1655 2456 γυπῶν
1685 2390 1798 2451 τοῖς
1836 2404 2000 2459 στρα-

418 2475 664 2538 τοπέδοις
708 2476 1127 2548 παρεπομένας,
1178 2479 1243 2532 ὲκ
1289 2479 1388 2546 τῆς
1437 2479 1544 2533 τῶν
1591 2480 1769 2534 ὅπλων
1821 2497 1999 2552 παρα-

420 2566 620 2636 σκευῆς
670 2567 1116 2639 τεκμαιρομένων
1167 2569 1268 2640 τὴν
1331 2569 1572 2624 ἔκϐασιν.
1634 2569 1780 2627 Idem
1836 2572 1998 2629 habet

419 2656 692 2723 .Elianus,
719 2660 814 2714 lib.
861 2675 924 2724 ιι,
960 2661 1128 2732 capit.
1162 2661 1275 2729 46;
1321 2661 1552 2728 Plinius,
1587 2663 1682 2719 lib.
1728 2680 1783 2727 ι,
1829 2665 1994 2734 capit.

419 2751 496 2804 6:
538 2750 737 2805 Triduo
789 2761 964 2806 autem
1008 2763 1150 2816 ante,
1195 2765 1288 2808 aut
1336 2753 1495 2809 biduo
1540 2758 1717 2810 volare
1754 2774 1864 2822 eos,
1908 2757 1998 2812 ubi

419 2841 679 2897 cadavera
705 2844 889 2913 futura
913 2855 1056 2900 sunt.
1091 2845 1159 2900 Et
1187 2847 1414 2903 Plautus
1439 2848 1494 2902 in
1527 2848 1844 2905 Truculento
1872 2866 1890 2904 :

422 2957 570 3033 illud
589 2968 706 3013 est:
741 2959 854 3033 uide
884 2970 941 3014 ut
971 2962 1081 3023 iam
1107 2963 1264 3033 quasi
1290 2963 1524 3027 volturii,
1550 2964 1726 3018 triduo

421 3029 581 3083 Prius
609 3030 961 3099 prwdivinant
988 3048 1088 3103 quo
1115 3029 1200 3087 die
1225 3036 1368 3088 esuri
1391 3036 1545 3088 sient.

2180 1941 2330 1994 Ἀλλ’
2354 1940 2528 2010 ἔστιν
2549 1941 2694 2010 ἡμῖν
2720 1940 2914 2010 τοῖσιν
2933 1940 3168 2008 ὄρνισιν
3195 1941 3378 2009 νόμος

2167 2009 2452 2078 Παλαιὸς,
2482 2012 2551 2064 ἑν
2571 2011 2694 2076 τοῖς
2730 2009 2848 2064 τῶν
2871 2010 3186 2079 πελαργῶν
3213 2013 3498 2079 κύρϐεσιν
3516 2028 3530 2045 ⁸

2180 2081 2362 2148 Ἐπὴν
2383 2082 2416 2133 ὁ
2442 2080 2636 2151 πατὴρ
2662 2085 2696 2135 ό
2717 2081 3014 2150 πελαργὸς
3039 2081 3479 2151 ἐκπετησίμους

2166 2151 2406 2222 Πάντας
2428 2150 2828 2222 ποιῆσῃᾼτοὺς
2859 2151 3234 2222 πελαργιδεῖς
3263 2150 3516 2222 τρέφων,

2165 2221 2268 2275 Δεῖ
2290 2221 2429 2286 τοὺς
2448 2220 2728 2287 νεοττοὺς
2749 2221 2856 2275 τὸν
2881 2220 3107 2289 πατέρα
3139 2219 3326 2275 πάλιν
3346 2219 3601 2292 τρέφειν.

2097 2332 2353 2389 Cicouias
2398 2332 2632 2403 juvenes
2702 2331 2818 2402 jam
2874 2334 3282 2390 senescentibus
3353 2336 3676 2405 pareamus

2098 2440 2258 2495 opem
2287 2424 2431 2480 ferre
2454 2439 2660 2495 eosque
2683 2424 2918 2480 educare
2962 2426 3132 2480 tradit
3167 2425 3345 2491 Plato,
3391 2427 3672 2484 Alcibiade

2097 2517 2267 2587 primo
2290 2516 2431 2570 κατὰ
2459 2516 2517 2570 τὸ
2558 2515 2742 2579 τέλος·
2776 2515 3099 2572 Aristoteles
3128 2516 3205 2572 De
3223 2518 3409 2573 histor.
3447 2521 3671 2574 animal.

2098 2608 2191 2662 lib.
2225 2622 2441 2679 Ix,cap.
2471 2608 2571 2674 l5;
2604 2607 2877 2672 lElianus,
2901 2609 2994 2663 lib.
3021 2624 3107 2673 ιιι,
3127 2625 3248 2680 cap.
3284 2611 3376 2675 23,
3405 2618 3460 2666 et
3485 2612 3582 2667 lib.
3613 2629 3671 2677 ι,

2097 2716 2220 2772 cap.
2254 2699 2355 2768 16;
2383 2700 2787 2767 Artemidorus,
2830 2701 3126 2756 Onerocrit.
3171 2704 3269 2758 lib.
3302 2719 3364 2769 ιι,
3411 2720 3531 2776 cap.
3568 2706 3672 2774 20;

2097 2789 2329 2856 Plinius,
2364 2791 2460 2844 lib.
2514 2807 2571 2853 χ,
2608 2807 2730 2861 cap.
2766 2791 2870 2880 23;
2919 2792 3121 2858 Horus,
3162 2794 3259 2849 lib.
3305 2811 3368 2862 ιι,
3402 2811 3523 2867 cap.
3565 2798 3671 2866 δη

2098 2881 2274 2949 Philo,
2313 2882 2367 2937 in
2419 2881 2762 2951 Expositione
2807 2885 3090 2956 Decalogi;
3139 2885 3425 2958 Origenes,
3485 2899 3674 2944 contra

2099 2970 2332 3036 Celsum,
2358 2974 2450 3028 lib.
2473 2989 2526 3028 tv
2549 2973 2971 3040 ;Pliiloslratus,
2995 2977 3068 3032 De
3090 2980 3184 3034 vit.
3223 2980 3494 3050 Apollonii
3526 2981 3668 3052 Tya-

2099 3064 2201 3126 nei,
2228 3079 2350 3134 pag.
2391 3063 2490 3131 l9;
2525 3065 2760 3120 Basilius
2782 3065 3032 3137 Magnus,
3065 3076 3206 3123 orat.
3243 3071 3311 3124 de
3334 3071 3541 3127 honore
3560 3087 3672 3142 quo

611 3142 776 3198 etiam
835 3142 1006 3200 lberis
1060 3144 1306 3200 vultures
1355 3144 1506 3200 fuere
1562 3147 1798 3218 sepulcri
1854 3151 1991 3205 loco.
2025 3171 2066 3227 ο
2101 3163 2230 3209 sunt
2270 3153 2534 3210 alliciendi
2561 3140 3668 3233 parentes;Epiphanius,inPhysiologo,

416 3228 586 3287 Silius
618 3251 632 3286 :

489 3339 720 3416 [ellum
744 3349 802 3394 ut
825 3341 1126 3416 perhibent,
1153 3343 1199 3396 is
1229 3360 1342 3416 mos
1379 3346 1628 3416 antiquus
1662 3346 1820 3402 lbera

489 3409 754 3464 Exanima
783 3409 1034 3466 obscenus
1065 3415 1326 3468 consumit
1360 3409 1584 3486 corpora
1612 3419 1808 3472 vultur.

483 3522 643 3590 lbid.,
676 3524 774 3578 lin.
804 3525 896 3579 44.
923 3527 989 3579 Οἱ
1011 3526 1082 3578 δὲ
1109 3529 1416 3598 πελαργοί.
1448 3527 1705 3596 Basilius,
1738 3530 1886 3586 hom.
1911 3531 1944 3586 8
1976 3552 1988 3587 :

414 3616 490 3670 Τὸ
516 3616 573 3671 δὲ
595 3616 705 3670 τῶν
735 3617 1021 3689 πελαργῶν
1048 3619 1169 3673 οὐδὲ
1216 3619 1405 3692 πόῤῥω
1455 3622 1574 3674 ἐστὶ
1619 3623 1883 3688 συνέσεως
1909 3625 1995 3678 λο-

419 3709 600 3780 γικῆς,
630 3707 772 3763 οὕτω
812 3710 910 3781 μὲν
933 3711 1074 3765 κατά
1102 3711 1191 3764 τὸν
1217 3711 1311 3766 ἕνα
1349 3713 1539 3784 καιρὸν
1571 3714 1779 3780 πάντας
1807 3716 1994 3788 ἐπιδη-

415 3803 535 3872 μεῖν
565 3802 678 3866 τοῖς
718 3802 846 3874 τῇδε
895 3803 1136 3874 χωρίοις,
1163 3803 1306 3858 οὕτω
1345 3805 1404 3858 δὲ
1440 3806 1528 3875 ὑφ’
1572 3805 1653 3859 ἑνὶ
1694 3807 1992 3880 συνθήματι

413 3895 619 3958 πάντας
664 3894 937 3967 ἀπαίρειν.
1001 3895 1364 3968 Δορυφοροῦσι
1419 3897 1476 3950 δὲ
1519 3897 1717 3962 αὐτοὺς
1759 3900 1815 3952 αἱ
1866 3904 1993 3972 παρ’

413 3989 543 4060 ἡμῖν
581 3988 818 4060 κορῶναι
855 3988 949 4042 καὶ
975 3990 1457 4061 παραπέμπουσιν,
1491 3991 1614 4063 ἐμοὶ
1637 3992 1841 4059 δοκεῖν,
1901 3993 1995 4047 καὶ

414 4081 730 4154 συμμαχίαν
776 4081 899 4135 τινὰ
957 4082 1325 4154 παρεχόμεναι
1377 4082 1514 4156 πρὸς
1563 4083 1782 4158 ὄρνιθας
1837 4087 1996 4139 πολε-

415 4173 590 4245 μίους.
618 4173 849 4244 Σημεῖον
874 4171 932 4226 δὲ
963 4172 1177 4246 πρῶτον
1224 4173 1322 4245 μὲν
1355 4174 1416 4227 τὸ
1465 4173 1539 4246 μὴ
1578 4174 1860 4244 φαίνεσθαι
1889 4175 1994 4230 ὑπὸ

407 4266 500 4319 τὸν
537 4264 726 4337 καιρὸν
767 4267 972 4320 ἐκεῖνον
1009 4264 1255 4341 κορώνην
1287 4265 1666 4320 παντάπασιν·
1707 4266 1876 4321 ἔπειθ’
1911 4268 1994 4321 ὅτι

412 4357 552 4427 μετά
595 4357 924 4429 τραυμάτων
975 4356 1402 4428 ἐπανερχόμεναι
1458 4357 1666 4430 ἐναργῆ
1717 4358 1810 4412 τοῦ
1871 4375 1994 4412 συν-

409 4449 685 4523 ασπισμοῦ
717 4450 813 4504 καὶ
842 4450 943 4520 τῆς
990 4449 1288 4521 ἐπιμαχίας
1325 4449 1394 4504 τὰ
1444 4454 1648 4522 σημεῖα
1685 4449 1986 4522 κομίζουσι.

2098 3261 2219 3316 cap.
2242 3247 2332 3301 25.
2359 3246 2495 3302 llinc
2512 3257 2700 3301 natum
2722 3249 3066 3317 proverbium
3084 3252 3522 3324 ἀντιπελαργεῖν,
3549 3271 3672 3309 mu~

2096 3343 2246 3390 tuam
2269 3335 2430 3390 oliicii
2460 3337 2635 3392 vicem
2668 3337 2988 3408 rependere.
3028 3339 3326 3403 Zenobius,
3378 3343 3668 3406 Erasmus,

2095 3425 2476 3491 Aristaenetus,
2517 3429 2613 3482 lib.
2641 3443 2681 3493 t,
2713 3428 2875 3498 epist.
2911 3429 3004 3494 25,
3029 3432 3093 3482 Τί
3125 3431 3180 3484 δὲ
3209 3433 3310 3486 οὐκ
3330 3432 3550 3504 ἔμελλον
3581 3435 3674 3506 ζή-

2094 3518 2194 3590 λην
2229 3520 2352 3591 ἐμοὶ
2373 3519 2662 3592 καθορῶσα
2677 3521 2777 3592 τὴν
2809 3523 2957 3593 ἐμὴν.
2974 3524 3228 3596 ἀδελφὴν,
3256 3526 3324 3596 ἣν
3343 3529 3464 3590 ταῖς
3507 3529 3669 3598 ἐμαῖς

2096 3613 2387 3682 ἀνέτρεφον
2414 3612 2683 3680 ἀγκάλαις
2709 3630 2725 3680 ;
2754 3615 2991 3670 Τοιαῦτά
3014 3635 3104 3688 μοι
3135 3619 3438 3689 παράὑτῆς
3465 3621 3533 3674 τὰ
3545 3639 3671 3693 τρο-

2095 3705 2398 3776 φεῖα,οὖτω
2425 3723 2492 3777 με
2515 3703 2610 3759 νῦν
2641 3707 3110 3781 ἀντιπελαργοῢσα
3134 3711 3348 3764 δικαίαν
3376 3713 3670 3768 ἀποδίδωσι

2093 3799 2270 3871 χάριν,
2298 3799 2363 3852 Et
2390 3799 2582 3855 Crates
2615 3801 2840 3871 cynicus
2874 3803 3123 3859 scribens
3157 3803 3502 3875 liipparchiae
3534 3822 3669 3862 uxo—

2093 3893 2139 3946 ri
2170 3894 2237 3948 de
2267 3891 2376 3948 lilio
2411 3900 2561 3955 nato,
2618 3893 2909 3964 pollicetur
2963 3896 3068 3951 sibi
3125 3912 3272 3952 curae
3303 3896 3571 3966 futurum,
3609 3910 3671 3956 ut

2096 3983 2250 4038 illum
2273 3985 2436 4037 matri
2462 3984 2730 4040 ciconiam
2758 4001 2860 4055 pro
2879 4002 3015 4042 cane
3049 3990 3292 4044 remittat
3322 3992 3378 4046 in
3418 4001 3666 4049 senecta.

2095 4073 2276 4129 [lorus
2321 4073 2591 4129 ciconiam
2623 4076 2795 4132 solam
2838 4093 2905 4134 ex
2932 4080 3301 4136 animantibus
3335 4082 3542 4138 ratione
3569 4099 3667 4138 ca-

2094 4165 2345 4220 rentibus
2381 4165 2671 4220 educatam
2709 4181 2740 4220 a
2781 4168 3101 4236 parentibus
3132 4169 3325 4226 iisdem
3353 4187 3538 4241 parem
3574 4190 3665 4229 re-

2095 4254 2237 4311 ferre
2252 4255 2481 4326 gratiam
2503 4255 2656 4310 dicit.
2674 4255 3022 4323 Aristoteles,
3046 4259 3274 4324 Plinius,
3297 4260 3391 4315 lib.
3417 4278 3470 4326 x,
3493 4277 3541 4317 c.
3558 4263 3662 4326 50;

2094 4347 2367 4414 Elianus,
2398 4364 2454 4402 ιε
2483 4347 2563 4402 De
2602 4348 2790 4402 histor.
2855 4349 3045 4416 anim.,
3099 4366 3224 4422 cap.
3271 4353 3375 4421 30;
3415 4354 3666 4425 Meropas

2095 4440 2236 4495 idem
2285 4438 2465 4494 facere
2525 4440 2794 4495 scribunt.
2839 4439 3103 4512 Scaliger,
3139 4442 3434 4499 Exercitat.
3478 4456 3665 4500 contra

406 4537 640 4605 Plinius,
671 4540 766 4595 lib.
797 4556 851 4603 κ,
884 4553 1004 4608 cap.
1035 4539 1096 4592 51
1137 4557 1150 4592 :
1188 4536 1417 4593 Ciconia.’
1449 4555 1676 4610 quonam
1701 4557 1730 4594 e
1764 4539 1876 4594 loco
1906 4557 1990 4594 ve-
2021 4547 2066 4601 D
2092 4531 2420 4596 Οανάαηωη,
2484 4534 2576 4597 95.
2649 4535 2715 4597 4.
2769 4533 2940 4590 refert
2997 4535 3312 4592 Africanum
3386 4539 3664 4594 vulturem

408 4627 581 4693 niant,
619 4636 711 4680 aut
749 4642 850 4696 quo
897 4642 952 4680 se
977 4625 1251 4694 conferant
1280 4627 1658 4697 incompertum
1684 4629 1855 4683 adhuc
1885 4638 1984 4684 est.

410 4716 459 4770 E
499 4717 783 4789 longinquo
813 4717 984 4771 venire
1016 4733 1118 4771 non
1159 4716 1399 4784 dubium,
1453 4719 1635 4774 eodem
1679 4737 1780 4792 quo
1830 4738 1985 4791 grues

409 4811 604 4865 modo:
633 4810 758 4865 illas
796 4810 1016 4875 hiemis,
1065 4809 1161 4864 has
1205 4812 1407 4866 uastatis
1451 4810 1702 4868 advenas.
1749 4813 1987 4868 Abiturw

407 4913 791 4974 congregantur
839 4903 894 4956 in
940 4903 1053 4957 loco
1119 4911 1298 4968 certo,
1359 4905 1724 4974 comitatteque
1777 4906 1874 4969 sic,
1927 4915 1986 4960 ut

409 4995 557 5050 nulla
599 4998 684 5050 sui
724 4997 924 5065 generis
953 4995 1314 5065 relinquatur,
1358 4997 1462 5050 nisi
1497 4999 1702 5064 captiva
1737 5006 1786 5051 et
1813 5015 1983 5063 serva,

408 5103 503 5140 ceu
519 5086 629 5157 lege
665 5087 920 5155 prwdicta
942 5087 1025 5141 die
1054 5086 1318 5140 recedunt.
1339 5091 1504 5142 Nemo
1523 5089 1651 5143 vidit
1671 5107 1853 5160 agmen
1869 5092 1984 5145 dis-

407 5178 697 5232 cedentium
721 5195 836 5233 cum
860 5179 1214 5234 discessurum
1250 5189 1502 5250 appareat
1525 5197 1543 5234 :
1565 5197 1656 5234 nec
1673 5183 1863 5248 venire,
1895 5182 1986 5237 sed

408 5270 606 5323 venisse
655 5272 953 5337 cernimus;
998 5283 1275 5342 utrumque
1327 5273 1596 5325 nocturnis
1638 5273 1698 5341 ﬁt
1743 5275 1986 5342 tempori-

409 5361 525 5414 bus.
559 5359 626 5414 Et
673 5365 906 5432 quamvis
951 5363 1096 5417 ultra
1145 5367 1340 5418 citrare
1379 5364 1673 5434 pervolent,
1720 5381 1984 5434 nunquam

409 5465 586 5508 tamen
643 5454 910 5510 advenisse
961 5473 1184 5526 usquam
1234 5458 1338 5510 nisi
1387 5466 1542 5510 noctu
1590 5458 1980 5511 existimantur.

409 5543 664 5598 Pilhonos
711 5561 892 5600 comen
945 5557 1129 5601 vocant
1162 5547 1217 5600 in
1254 5547 1385 5600 Asia
1429 5547 1727 5615 patentibus
1760 5547 1982 5616 campis,

406 5637 494 5690 ubi
521 5647 846 5709 congregata:
877 5639 1012 5692 inter
1033 5656 1088 5693 se
1121 5647 1594 5701 commurmurant,
1627 5655 1842 5708 eamque
1870 5655 1986 5708 qua:

409 5733 698 5786 novissima
731 5733 940 5787 advenit
967 5735 1221 5796 lacerant,
1257 5743 1408 5803 atque
1434 5734 1510 5785 ita
1541 5731 1749 5786 abeunt.
1791 5731 1983 5788 Petro-

411 5824 533 5880 nius
567 5826 786 5882 Arbitcr
817 5826 899 5882 his
939 5827 1190 5896 epithetis
1226 5827 1298 5880 ita
1332 5841 1450 5882 eam
1481 5826 1733 5880 honestat
1763 5843 1775 5878 :

2090 4625 2276 4680 tandiu
2311 4627 2367 4680 in
2417 4626 2586 4697 Libya
2622 4636 2676 4682 ct
2717 4625 2939 4682 Atlante
2994 4637 3179 4684 monte
3220 4629 3310 4684 ubi
3353 4644 3480 4685 eum
3523 4629 3664 4686 Sner

2087 4726 2308 4784 vocant,
2357 4721 2560 4786 vivere,
2595 4721 2775 4791 quoad
2814 4720 2996 4776 nudus
3047 4722 3294 4792 pennisa
3321 4723 3439 4778 suis
3484 4725 3664 4777 alatur

2089 4813 2275 4882 pullis.
2307 4811 2446 4867 Iliuc
2477 4813 2812 4883 lepidissime
2839 4813 3059 4882 jocatur
3105 4815 3162 4868 in
3200 4814 3442 4878 Graecos,
3500 4816 3662 4886 quasi

2087 4919 2152 4958 ex
2172 4903 2296 4968 hac,
2321 4919 2483 4973 quam
2512 4903 2628 4974 ipse
2658 4911 2818 4959 vocat
2851 4919 3046 4959 novam
3081 4904 3368 4960 historiam
3398 4919 3500 4960 nec
3530 4920 3664 4960 con-

2087 4993 2458 5057 temnendam,
2491 4995 2799 5064 tingendum
2827 4996 2899 5050 sit
2942 4997 3012 5050 iis
3041 4996 3188 5050 aliud
3234 5012 3454 5061 nomen,
3497 5013 3662 5067 quam

2088 5085 2522 5155 ἀντιπελαργεῖν,
2548 5100 2744 5155 nempe
2768 5086 3097 5140 ἁντοιωνεῖν.
3128 5085 3254 5140 Haec
3275 5095 3453 5140 tamen
3475 5093 3660 5140 tantus

2086 5177 2274 5240 homo,
2317 5175 2518 5231 Graeca:
2551 5178 2749 5247 lingua:
2777 5175 3091 5246 Latiumque
3142 5187 3422 5232 corrector
3447 5185 3502 5232 ct
3535 5193 3664 5247 pro-

2086 5277 2314 5338 pagator
2363 5267 2730 5348 ἀπορροιϐδεῖ,
2781 5269 2873 5321 καὶ
2927 5269 3106 5332 τοίους
3138 5270 3202 5321 ἐκ
3243 5267 3492 5340 τρίποδος
3517 5268 3661 5338 βδέει

2087 5359 2436 5424 λιϐανωτούς,
2465 5369 2518 5414 et
2543 5361 2647 5414 sibi
2685 5361 2821 5416 bene
2847 5362 2996 5416 olere
3018 5363 3254 5417 videtur.
3272 5360 3484 5416 Nomen
3509 5363 3662 5416 Grae-

2089 5452 2168 5507 cis
2198 5451 2560 5522 clIingendum
2595 5469 2626 5508 a
2653 5455 2867 5510 vulture
2901 5454 3114 5508 desumi
3144 5454 3322 5519 debet,
3354 5455 3513 5524 cujus
3557 5469 3660 5508 na-

2089 5553 2211 5599 tura
2251 5545 2638 5617 ingeniumque
2701 5548 3137 5617 exprimcndum,
3194 5563 3303 5603 non
3337 5549 3407 5603 ab
3443 5549 3657 5616 avibus,

2087 5654 2321 5708 quorum
2353 5641 2598 5710 plerique
2643 5641 2697 5694 in
2728 5648 2978 5713 parentes
3016 5641 3170 5711 impii
3201 5656 3324 5697 esse
3353 5641 3658 5712 deprehen-

2088 5730 2312 5785 duntur.
2339 5732 2475 5787 Cum
2499 5735 2644 5788 enim
2667 5732 2991 5788 sententiam
3021 5733 3162 5788 hanc
3184 5750 3295 5804 praa
3319 5750 3377 5790 se
3407 5733 3550 5789 ferre
3564 5733 3660 5787 de-

2087 5825 2233 5889 beat,
2256 5826 2406 5882 vices
2431 5826 2681 5882 videlicet
2709 5827 2956 5883 beneﬁcii
2989 5827 3307 5900 rependere,
3336 5827 3480 5899 quod
3513 5827 3659 5881 aliti-

3588 389 3688 443 909

3725 5349 3742 5503 Ξ
