4124 6428
452 366 563 421 903

1791 348 2035 406 LLONIS
2071 348 2349 405 ALLATII

3601 366 3706 423 90i

459 475 565 530 bus
594 472 848 529 omnibus
877 486 986 526 non
1025 467 1305 534 convenit,
1355 482 1470 523 non
1497 466 1565 521 ab
1593 466 1723 531 illis,
1761 463 1854 521 scd
1886 470 1938 514 ιι·
1951 474 2029 521 re,
2060 462 2105 517 Δ
2133 468 2377 529 pretatus
2403 469 2489 519 est
2516 464 2681 520 verba
2710 464 2898 523 Graeca
2925 466 3193 541 Georgius
3219 471 3398 528 Dousa
3436 472 3493 528 in
3523 472 3700 532 Geor-

461 568 530 622 dc
555 564 734 636 quaid
763 563 909 633 quod
944 577 1042 632 per
1071 576 1270 616 nomen
1302 560 1607 630 explicatur
1634 556 1860 617 dicitur,
1894 561 1947 606 at
1967 550 2033 605 de

461 659 675 712 vulture
715 657 769 712 id
797 664 1010 710 tantum
1062 668 1254 708 verum
1288 667 1443 720 esse;
1488 648 1763 722 quomodo
1790 660 1919 716 ergo
1947 645 2034 697 ἀν-

458 751 700 803 τοιωνεῖν
722 748 778 804 id
808 749 1125 819 explicaret.
1176 744 1283 801 Sed
1333 744 1614 814 Scaligero
1646 741 1790 797 sicut
1836 746 2031 793 sonant

460 841 668 905 omnia,
696 840 771 895 ita
802 840 1015 906 ethoc;
1059 846 1113 893 et
1147 836 1391 907 Scaliger
1426 836 1501 889 ita
1552 833 1774 903 ellingit.
1811 828 2034 883 Graecus

463 948 573 987 non
605 933 757 996 item,
778 930 894 1002 qui,
921 932 966 987 si
995 945 1025 984 a
1058 930 1275 984 vulture
1298 927 1351 981 id
1379 927 1541 981 vellet
1566 925 1820 986 formare,
1846 921 2035 990 utique

464 1039 566 1080 nec
595 1025 898 1093 incongrue
943 1021 1151 1076 diceret
1206 1018 1599 1087 ἀντιγυπίζειν,
1663 1024 1722 1071 ut
1782 1024 2034 1069 naturam

463 1115 608 1169 hanc
627 1113 862 1168 vulturis
884 1112 1233 1182 exprimeret,
1269 1108 1499 1165 sicutad
1525 1109 1751 1163 ciconia
1783 1114 2033 1158 naturam

462 1197 874 1268 exprimendam
918 1196 1330 1267 ἀντιπελαργεῖν
1370 1194 1636 1249 vocabulo
1663 1206 1799 1247 usus
1830 1188 2029 1243 fuerat.

460 1287 545 1342 En
576 1288 851 1343 Graculos
869 1287 1248 1356 sciolos.quos
1272 1294 1330 1339 tu
1360 1284 1500 1338 male
1533 1291 1727 1339 contra
1758 1280 1841 1334 l'as
1862 1291 2029 1332 omne

464 1381 674 1437 laceras
702 1381 943 1450 iniquus,
999 1384 1121 1433 utut
1144 1385 1292 1441 sunt,
1321 1384 1443 1432 tuas
1464 1385 1645 1431 tamen
1668 1378 2030 1446 cognoscunt,

456 1483 520 1532 et
574 1475 844 1538 inscitias,
875 1480 930 1528 et
978 1479 1347 1542 nugamenta:
1377 1470 1501 1526 aliis
1536 1468 1744 1523 fumum
1773 1463 2028 1529 vendita;

461 1567 541 1623 illi
565 1568 739 1622 lucem
767 1564 1068 1636 possident.

534 1657 703 1730 Egre
734 1658 841 1714 fert
869 1659 1113 1712 calamus
1154 1654 1491 1709 ciconiarum
1520 1654 1575 1707 in
1617 1652 1907 1725 Byzantios
1937 1655 2033 1710 be-

465 1750 643 1805 neﬁcii
687 1765 795 1803 non
848 1746 1215 1808 comminisci,
1252 1761 1483 1816 quarum
1530 1761 1631 1813 ope
1680 1745 1873 1802 civitas
1935 1749 2026 1802 illa

462 1855 662 1895 noxam
696 1846 1011 1909 serpentum
1047 1836 1276 1907 depulit.
1322 1835 1510 1892 Dinao
1544 1852 1779 1908 namque
1829 1836 2035 1910 Byzan-

463 1932 666 1987 tiorum
698 1930 838 1985 duce
876 1929 1095 2000 plurimi
1127 1930 1395 1984 dracones
1421 1929 1566 1981 illam
1598 1929 1947 1991 infestabant,
1981 1940 2034 1987 et

462 2023 757 2096 perniciem
788 2022 1001 2077 civibus
1028 2020 1352 2087 alierebant;
1380 2035 1474 2076 eos
1505 2019 1850 2075 inductarum
1886 2023 2034 2077 cico-

462 2115 679 2167 niarum
711 2126 814 2183 ope
838 2109 1197 2165 sustulerunt.
1222 2106 1415 2162 Postea
1443 2122 1566 2161 cum
1599 2107 1825 2160 ciconia
1856 2109 2034 2162 noxia

461 2210 647 2259 essent
674 2201 886 2256 civibus
939 2197 1236 2268 multisque
1269 2205 1498 2251 mortem
1550 2196 1831 2261 aﬂ‘errent,
1884 2198 2031 2267 quod

460 2274 744 2364 serpentes
779 2293 833 2346 in
858 2301 1052 2361 puteos
1077 2289 1386 2358 injicerent,
1404 2289 1593 2358 sicque
1622 2303 1792 2357 aquas
1815 2288 2035 2345 infesta.

460 2393 606 2447 rent.
656 2386 739 2440 vel
763 2381 908 2455 quod
939 2383 993 2438 in
1024 2382 1172 2437 cives
1192 2380 1254 2433 in
1282 2379 1459 2434 triviis
1489 2379 1766 2449 insperato
1796 2381 2029 2450 projice-

460 2485 604 2541 rent,
637 2477 839 2546 populo
866 2481 1009 2527 metu
1030 2473 1216 2534 anxio,
1236 2478 1292 2526 et
1322 2470 1539 2525 concilii
1575 2471 1724 2541 inopi
1758 2488 1914 2541 opem
1942 2480 2031 2525 tu-

460 2568 524 2622 lit
551 2565 802 2639 Tyaneus
828 2563 1149 2634 Apollonius
1179 2562 1353 2617 tribus
1380 2560 1609 2617 ciconiis
1629 2577 1660 2617 e
1683 2561 1859 2631 lapide
1890 2562 2030 2616 inter

462 2674 524 2715 se
551 2656 801 2715 obversis
848 2655 1069 2719 erectis,
1102 2668 1223 2724 qua
1261 2652 1518 2723 deinceps
1553 2653 1675 2710 aliis
1704 2653 1931 2708 ciconiis
1963 2668 2030 2708 ne

462 2749 655 2805 urbem
686 2746 1048 2802 ascenderant
1079 2752 1236 2799 erant
1278 2744 1688 2814 impedimento.
1741 2743 1917 2813 Hujus
1946 2745 2031 2799 hi—

463 2841 648 2898 storia
676 2846 866 2893 auctor
897 2846 982 2893 est
1009 2834 1310 2907 Hesychius
1341 2834 1586 2890 Milesius
1617 2836 1798 2890 libello
1832 2836 1905 2890 De
1947 2852 2031 2889 re-

462 2933 560 2988 bus
581 2932 772 3001 patriis
815 2927 1440 2996 Constantinopolitanis.
1469 2925 1645 2981 Verba
1695 2927 1815 2997 ejus
1848 2938 1978 2982 sunt
2010 2944 2024 2982 :

462 3022 673 3093 Μικρὸν
703 3021 801 3092 μὲν
845 3018 1071 3090 ὕστερον
1115 3016 1326 3080 διαϐὰς.
1364 3016 1583 3072 Dinaus
1617 3033 1832 3088 nempe.
1860 3018 1917 3069 ὲν
1960 3019 2025 3087 τῇ

2136 550 2208 619 gii
2234 550 2426 605 Co'dini
2454 553 2636 611 libello
2658 556 2738 611 De
2766 560 2918 614 rebus
2939 563 3131 631 patriis
3149 561 3697 636 Constantinopoleos,

2135 655 2258 694 cum
2289 642 2362 696 ita
2386 645 2705 715 scripserit:
2742 648 2865 703 Non
2896 652 3043 722 longe
3071 663 3210 721 post,
3242 671 3358 708 cum
3390 673 3506 710 aves
3533 659 3697 713 inimio

2135 748 2252 785 cum
2279 736 2515 788 animum
2540 737 2854 805 induissent,
2880 752 3099 797 mortem
3130 745 3342 813 insuper
3356 746 3626 815 inferrent,
3654 760 3705 804 et

2135 831 2396 891 serpentes
2431 826 2484 878 in
2519 842 2658 896 aqua
2701 841 2881 899 captos
2914 833 2967 886 in
2997 834 3136 886 viam
3179 835 3447 903 publicam
3476 839 3703 907 projice-

2134 921 2268 974 rent,
2306 914 2440 966 cives
2464 923 2676 983 stupore
2706 919 2935 984 perculsi
2962 930 3135 975 erant.

2204 1001 2365 1069 lbid.,
2397 1003 2493 1059 lin.
2515 1006 2602 1060 54.
2650 1010 2719 1061 Αἱ
2760 1008 2828 1063 δὲ
2864 1010 3098 1080 γέρανοι
3128 1012 3276 1081 ὁμοῦ
3307 1012 3516 1068 πᾶσαι.
3561 1014 3711 1073 Basi-

2134 1093 2262 1162 lius,
2308 1095 2455 1152 hom.
2492 1098 2555 1153 8:
2590 1101 2714 1165 Πῶς
2753 1102 2851 1172 μὲν
2885 1106 2939 1157 αἱ
2975 1105 3196 1177 γέρανοι
3225 1108 3325 1171 τὰς
3354 1110 3412 1163 ὲν
3451 1114 3519 1182 τῇ
3550 1116 3710 1167 νυκτὶ

2135 1188 2379 1257 φυλακὰς
2429 1192 2495 1243 ὲκ
2545 1194 2880 1265 περιτροπῆς
2921 1197 3301 1267 ὑποδέχονται;
3354 1201 3447 1254 καὶ
3498 1204 3554 1257 αί
3606 1204 3705 1274 μὲν

2133 1277 2504 1345 καθεύδουσιν,
2525 1284 2581 1335 αἱ
2607 1283 2662 1336 δὲ
2684 1284 2868 1356 κΰκλῳ
2890 1288 3198 1357 περιῖοῦσαι
3228 1292 3408 1344 πᾶσαν
3428 1293 3618 1358 αὐταῖς
3646 1296 3706 1350 ἐν

2132 1368 2209 1439 τῷ
2238 1368 2394 1443 ὕπνῳ
2417 1374 2743 1445 παρέχονται
2769 1378 2867 1449 τὴν
2888 1379 3208 1447 ἀσφάλειαν.
3235 1379 3370 1437 Εἶτα
3387 1384 3479 1437 τοῦ
3509 1386 3703 1459 καιροῦ

2132 1461 2230 1532 τῆς
2277 1464 2522 1536 φυλακῆς
2577 1466 2981 1539 πληρουμένου,
3034 1472 3067 1543 ἡ
3134 1472 3234 1542 μὲν
3270 1473 3514 1544 βοήσασα
3568 1479 3705 1548 πρὸς

2134 1549 2300 1641 ὕπνον
2329 1556 2619 1626 ἐτράπετο,
2651 1562 2684 1629 ἡ
2713 1559 2770 1612 δὲ
2792 1560 2890 1631 τὴν
2921 1560 3172 1634 διαδοχὴν
3206 1564 3598 1639 ὑποδεξαμένη,
3635 1564 3705 1641 ἦς

2135 1640 2323 1713 ἔτυχεν
2347 1645 2643 1714 ἀσφαλείας
2658 1648 2955 1703 ἀντέδωκεν
2981 1652 3038 1705 ὲν
3070 1651 3148 1721 τῷ
3179 1653 3354 1724 μέρει.
3380 1656 3597 1727 Ταύτην
3612 1640 3707 1712 καὶ

2140 1733 2196 1786 ὲν
2221 1738 2287 1805 τῇ
2307 1737 2504 1807 πτήσει
2520 1738 2618 1808 τὴν
2640 1739 2890 1805 εὐταξίαν
2919 1741 3164 1811 κατόψει.
3194 1743 3413 1799 Ἀλλοτε
3445 1747 3554 1818 γὰρ
3569 1747 3703 1818 ἄλλη

2139 1825 2239 1894 τὴν
2266 1826 2487 1897 όδηγίαν
2513 1831 2816 1901 ἐκδέχεται,
2850 1833 2943 1886 καὶ
2977 1836 3175 1889 τακτόν
3198 1854 3319 1891 τινα
3348 1839 3539 1909 χρόνον
3567 1856 3705 1910 προ·-

2139 1912 2565 1987 καθηγησαμένη
2591 1918 2690 1988 τῆς
2722 1921 2993 1991 πτήσεως,
3028 1925 3109 1987 είς
3138 1925 3198 1979 τὸ
3230 1927 3458 1981 κατόπιν
3489 1929 3707 2000 περιελ-

2142 2004 2310 2058 θοῦσα
2345 2009 2409 2077 τῇ
2436 2006 2555 2077 μεθ’
2578 2009 2747 2081 αὐτὴν
2780 2012 2877 2081 τὴν
2902 2014 3199 2085 ἡγεμονίαν
3221 2018 3319 2089 τῆς
3343 2018 3463 2072 ὁδοῦ
3487 2020 3708 2092 παραδί-

2137 2092 2324 2149 δωσιν.
2359 2094 2569 2151 Similia
2604 2101 2796 2155 scribit
2829 2102 3172 2171 Aristoteles,
3222 2108 3318 2161 lib.
3366 2125 3419 2162 ix
3451 2108 3530 2163 De
3576 2110 3704 2167 hist.

2139 2186 2330 2251 anim.,
2360 2202 2482 2257 cap.
2511 2190 2609 2256 10;
2639 2190 2872 2257 Plinius,
2900 2194 2998 2251 lib.
3029 2212 3085 2262 ιι,
3119 2212 3238 2268 cap.
3267 2198 3376 2268 25;
3421 2200 3595 2267 Phile,
3643 2204 3700 2259 in

2138 2277 2375 2345 lambis;
2402 2280 2672 2348 Elianus,
2706 2286 2803 2340 lib.
2840 2301 2879 2340 ιι
2910 2286 2989 2341 De
3009 2289 3134 2344 hist.
3166 2292 3355 2356 anim.,
3387 2309 3509 2363 cap.
3545 2296 3598 2348 i.

2207 2369 2327 2425 Col.
2363 2372 2485 2439 753,
2521 2375 2618 2429 lin.
2657 2376 2708 2432 1.
2771 2378 2876 2432 Ἐν
2903 2378 2973 2431 δὲ
2999 2379 3081 2446 τῷ
3109 2382 3441 2437 καθεύδειν.
3468 2383 3701 2452 Plinius,

2137 2461 2233 2517 lib.
2262 2478 2322 2528 Χ,
2350 2478 2469 2536 cap.
2519 2465 2625 2533 25;
2677 2466 3028 2537 Plutarchus,
3078 2470 3157 2526 De
3209 2474 3391 2527 solert.
3453 2478 3704 2542 animal.;

2137 2551 2342 2618 Horus,
2368 2555 2466 2612 lib.
2497 2572 2558 2622 ιι,
2590 2573 2712 2629 cap.
2743 2558 2847 2627 94;
2897 2561 3245 2628 Aristoteles,
3277 2566 3373 2620 lib.
3406 2583 3484 2629 Ix,
3512 2567 3589 2622 De
3622 2570 3704 2623 hi-

2136 2653 2269 2701 stor.
2327 2648 2575 2712 animal.,
2636 2666 2757 2720 cap.
2822 2652 2923 2719 10;
2969 2652 3266 2717 Gregorius
3303 2656 3704 2732 Nazianzenus,

2134 2746 2276 2794 erat.
2309 2738 2365 2803 2,
2397 2740 2464 2797 de
2519 2742 2852 2812 Theologia;
2887 2743 3166 2814 Elianus,
3205 2752 3297 2806 lib.
3338 2766 3423 2816 ιιι,
3468 2754 3546 2810 De
3576 2755 3700 2810 hist.

2137 2833 2327 2898 anim.,
2361 2847 2482 2904 cap.
2517 2834 2615 2899 ili;
2647 2835 2917 2894 Maximus
2940 2839 3160 2911 Tyrius,
3186 2853 3327 2900 orat.
3353 2847 3457 2912 40;
3488 2847 3702 2915 Cicero,

2137 2937 2176 2975 ιι
2211 2921 2284 2976 De
2312 2932 2508 2977 natura
2558 2924 2819 2992 deorum;
2868 2928 3113 2994 Solinus,
3143 2932 3392 2991 Andreas
3437 2938 3701 3002 Alciatus.

2136 3013 2229 3068 lib.
2266 3014 2625 3086 tl’arergon.,
2657 3033 2779 3088 cap.
2809 3019 2902 3084 20,
2934 3024 3028 3091 qui
3064 3004 3176 3078 tum
3203 3025 3272 3081 de
3309 3043 3504 3097 gruum
3540 3044 3706 3084 excu-

463 3113 641 3178 πόλει,
664 3112 759 3166 καὶ
779 3114 905 3174 τοὺς
924 3108 1233 3181 βαρϐάρους
1259 3108 1643 3201 ἀπωσάμενος,
1657 3109 2029 3201 αὑτὸςγὲλστρα-

2136 3108 2260 3173 biis,
2313 3116 2429 3163 tum
2480 3110 2663 3165 volatu
2697 3119 2959 3168 tractant.
2990 3115 3055 3171 Et
3083 3116 3469 3182 Cassiodorus.
3492 3121 3589 3176 lib.
3624 3138 3703 3187 ix,

461 3206 669 3277 τήγησε
698 3204 794 3257 τοῦ
826 3203 997 3275 δήμου
1029 3200 1136 3255 τῶν
1174 3200 1498 3265 Βυζαντίων.
1538 3199 1673 3253 Καθ’
1702 3200 1794 3263 οὓς
1819 3199 1883 3271 δὴ
1910 3201 2033 3272 χρό-

461 3313 587 3360 νους
619 3296 713 3350 καὶ
737 3295 1046 3367 δρακόντων
1072 3292 1299 3346 πλεῖστα
1320 3290 1452 3360 γένη
1485 3291 1811 3362 ὲπεφοίτησε
1831 3294 1897 3362 τῇ
1932 3291 2030 3343 πό-

460 3388 566 3452 λει,
596 3386 673 3451 ὡς
692 3387 818 3449 τοὺς
845 3385 1127 3448 οἰκοῦντας
1156 3384 1324 3445 αὐτὴν
1348 3382 1752 3454 διαφθείρεσθαι
1786 3399 1801 3413 ο
1850 3382 1942 3447 οὒς
1968 3382 2033 3454 δὴ

461 3478 528 3548 τῇ
561 3473 671 3528 τῶν
699 3474 1048 3547 καλουμένων
1081 3473 1371 3545 πελαργῶν
1397 3471 1626 3545 ὀρνίθων
1668 3474 1910 3543 ὲπιφορᾷ
1956 3473 2034 3527 δι-

460 3569 784 3640 εχρήσαντο,
818 3566 1169 3631 Ποσειδῶνος,
1197 3565 1272 3629 ὥς
1291 3582 1442 3635 φασι,
1476 3566 1927 3637 συνεργήσαντος.
1956 3567 2031 3619 Οὐ

464 3658 606 3728 μετὰ
639 3656 773 3710 πολὺ
798 3656 855 3708 δὲ
884 3657 979 3710 καὶ
1009 3655 1117 3711 τῶν
1147 3655 1376 3728 ὀρνίθων
1410 3657 1593 3719 αὐτοῖς
1639 3656 1859 3709 ὲναντία
1901 3673 2033 3727 φρο-

460 3750 719 3813 νούντων,
774 3751 869 3804 καὶ
920 3749 1167 3813 θανάτων
1220 3751 1399 3804 αἰτίαν
1429 3750 1763 3818 ἐπαγόντων,
1797 3749 1922 3813 τούς
1973 3767 2031 3802 τε

462 3840 856 3911 ἁλισκομένους
880 3840 1064 3905 αὐτοῖς
1082 3840 1233 3910 ὄφεις
1265 3839 1399 3911 πρὸς
1417 3841 1513 3905 τὰς
1530 3841 1637 3894 τῶν
1659 3841 1865 3896 ὑδάτων
1880 3840 2034 3906 δεξα-

465 3932 635 4005 μενὰς
684 3931 1091 3997 ἀκοντιζόντων,
1142 3932 1235 3986 καὶ
1291 3933 1403 3995 τοῖς
1428 3948 1491 4001 γε
1527 3932 1773 3995 πολίταις
1813 3932 2031 4002 ἀφανῶς

460 4024 880 4088 ἐπιϐαλλόντων,
905 4025 963 4077 ὲν
984 4024 1195 4096 ἀφασίᾳ
1220 4022 1506 4078 διετέλουν.
1551 4023 1715 4095 Ἀνὴρ
1737 4024 1796 4078 δέ
1823 4042 1906 4089 τις
1928 4026 2032 4078 τῶν

461 4116 529 4169 ὲκ
539 4115 780 4180 Τυάνων,
796 4113 1033 4185 τοῦνομα
1046 4112 1420 4177 Ἀπολλώνιος,
1438 4114 1502 4167 ὲκ
1517 4112 1663 4167 λίθου
1681 4112 1865 4180 ξεστοῦ
1886 4118 2032 4185 τρεῖς

461 4210 795 4279 ἀνεστήσατο
820 4207 1125 4279 πελαργοὺς
1146 4204 1574 4278 ἀντιπροσώπως
1596 4204 1844 4276 ἀλλήλοις
1863 4205 2032 4275 ὁρῶν-

462 4317 583 4364 τας,
616 4300 666 4353 οἶ
698 4300 793 4353 καλ⁸
822 4299 984 4370 μέχρι
1015 4297 1125 4352 τῶν
1155 4296 1251 4352 νῦν
1291 4296 1606 4368 διαμένουσι
1655 4295 1766 4351 τῶν
1799 4296 2027 4367 χρόνων,

461 4389 523 4442 οὐ
555 4387 960 4460 συγχωροῦντες
1005 4386 1350 4457 ὲπιφοιτῆσαι
1406 4387 1473 4456 τῇ
1518 4384 1668 4439 πόλει
1705 4385 1766 4438 τὸ
1796 4385 1904 4438 τῶν
1944 4401 2033 4438 πε-

2133 3199 2292 3268 epist.
2327 3198 2362 3252 2
2393 3218 2406 3253 :
2445 3197 2609 3255 Grues
2633 3205 2888 3258 moralem
2921 3218 3170 3262 noverunt
3208 3222 3703 3267 exercere‘concor—

2133 3293 2278 3344 diam
2309 3308 2328 3345 :
2357 3293 2493 3346 inter
2528 3311 2659 3364 quas
2713 3297 2892 3352 nullus
2952 3301 3213 3368 primatus
3262 3306 3548 3374 queritur;
3579 3307 3704 3377 quia

2134 3382 2429 3451 iniquitatis
2462 3384 2690 3440 ambitus
2714 3404 2818 3440 non
2867 3388 3109 3444 habetur.
3172 3390 3405 3460 Vigilant
3448 3393 3700 3462 vicissim,

2134 3475 2397 3528 communi
2429 3492 2483 3530 se
2511 3477 2719 3532 cautela
2751 3479 3077 3544 custodiunt,
3111 3483 3219 3550 ipse
3240 3494 3425 3551 pastus
3467 3487 3703 3541 alternus

2133 3573 2230 3619 est.
2264 3563 2352 3620 Sic
2380 3565 2547 3619 honor
2570 3569 2732 3623 nullis
2757 3570 3033 3635 adimitur,
3067 3570 3194 3624 dum
3234 3575 3413 3627 omnia
3443 3575 3538 3629 sub
3569 3594 3708 3630 com-

2135 3656 2378 3710 munione
2406 3668 2697 3713 servantur.
2727 3659 2822 3715 llis
2846 3662 3006 3715 etiam
3034 3661 3240 3716 volatus
3262 3664 3459 3718 vicaria
3488 3669 3706 3735 a’quali-

2136 3755 2241 3800 tate
2269 3747 2588 3815 disponitur,
2635 3752 2827 3805 ultima
2856 3751 2918 3820 ﬁt
2954 3753 3149 3821 prima,
3194 3763 3243 3808 et
3272 3771 3389 3825 qua
3419 3757 3705 3823 primatum

2136 3840 2299 3892 tenuit
2322 3856 2433 3895 esse
2458 3842 2717 3910 posterior
2745 3859 2847 3895 non
2878 3853 3105 3900 recusat.
3152 3843 3240 3899 Sic
3268 3847 3501 3916 quadam
3560 3865 3705 3903 com-

2134 3931 2379 3984 munione
2421 3932 2638 3985 sociata
2660 3931 2762 3985 sibi
2799 3933 2911 3986 sine
2944 3934 3151 4003 regibus
3183 3935 3558 4006 obsequuntur,
3591 3939 3706 3993 sine

2133 4018 2409 4073 dominatu
2434 4032 2639 4091 parent,
2666 4023 2777 4076 sine
2806 4034 3003 4077 terrore
3050 4027 3403 4091 famulantur.
3446 4028 3706 4083 Volunta-

2133 4110 2228 4164 ria:
2275 4110 2544 4165 serviendo
2603 4111 2781 4166 libera:
2820 4123 2965 4177 sunt,
3002 4124 3052 4168 et
3083 4116 3302 4170 invicem
3334 4134 3389 4171 se
3436 4119 3704 4190 diligendo

2132 4202 2460 4256 muniuntur.
2481 4202 2720 4266 Quarum
2743 4220 2919 4258 rerum
2946 4207 3249 4273 scriptores,
3288 4224 3463 4261 rerum
3487 4220 3707 4264 natura-

2135 4290 2262 4343 lium
2290 4301 2614 4358 contuentes,
2664 4294 2907 4363 politiam
2938 4296 3325 4366 quodammodo
3376 4300 3511 4353 inter
3563 4302 3703 4368 ipsos

2132 4397 2244 4435 esse
2275 4398 2705 4452 commemorant,
2723 4404 2854 4453 quas
2871 4389 3032 4442 civica
3060 4390 3251 4458 affectu
3273 4392 3435 4446 vivere
3456 4409 3705 4463 cognove-

463 4477 682 4550 λαργῶν
734 4477 908 4547 γένος.
952 4476 1084 4543 Qua
1115 4490 1398 4547 perperam
1427 4475 1587 4529 aliter
1616 4471 1809 4528 Latine
1857 4473 2028 4529 inter-
2061 4489 2108 4548 θ
2135 4479 2278 4526 runt.
2331 4473 2486 4539 Quod
2540 4482 2721 4529 autem
2778 4478 2931 4530 multi
2979 4485 3203 4532 narrant
3250 4479 3318 4535 de
3353 4480 3549 4550 lapide,
3595 4498 3704 4551 quo

466 4579 676 4641 pretata
709 4577 857 4633 sunt,
902 4583 1027 4622 cum
1058 4567 1343 4623 sententia
1400 4565 1644 4620 auctoris
1689 4563 1892 4621 Graca
1922 4564 2026 4619 La-

467 4664 582 4716 tina
612 4673 721 4713 non
749 4656 1136 4727 respondeant.
1169 4654 1289 4709 Non
1321 4654 1465 4710 enim
1501 4655 1728 4711 ciconia
1761 4672 1828 4711 ex
1868 4658 2027 4727 aquis

463 4749 826 4807 extrahebant
877 4753 1179 4818 serpentes,
1236 4760 1375 4815 quos
1432 4745 1487 4799 in
1523 4746 1731 4817 plateas
1784 4747 2029 4817 publicas

464 4844 825 4918 proiicerent;
864 4839 959 4894 sed
991 4837 1217 4893 ciconia
1252 4837 1498 4892 sublatos
1557 4844 1861 4907 serpentes,
1903 4853 2031 4908 par-

465 4937 565 4991 tim
595 4935 650 4988 in
681 4941 897 5004 puteos,
931 4930 1045 4986 sive
1077 4930 1348 4984 cisternas
1386 4927 1766 4989 demittebant.
1795 4945 2026 4999 quorum

464 5041 676 5083 veneno
707 5039 861 5095 aqua
890 5020 1297 5084 inliciebantur,
1334 5019 1564 5088 ideoque
1591 5019 1804 5075 civibus
1836 5021 2030 5075 biben-

464 5118 612 5173 tibus
634 5118 832 5180 uoxia,
864 5114 947 5169 vel
974 5113 1163 5168 saltem
1188 5121 1458 5182 suspecta
1484 5110 1872 5177 reddebantur,
1905 5128 2030 5183 par-

465 5215 563 5267 tim
597 5209 928 5281 supcripsos
959 5207 1105 5262 cives
1131 5204 1278 5259 aliud
1304 5211 1552 5274 agentes,
1585 5203 1668 5258 vel
1706 5204 1874 5260 rebus
1904 5204 2027 5257 aliis

467 5303 522 5358 in
566 5303 745 5356 triviis
793 5309 848 5356 et
887 5299 1082 5370 plateis
1134 5296 1365 5367 publicis
1421 5295 1797 5351 incumbentes
1835 5306 2026 5364 prater

468 5410 642 5466 spem,
677 5404 731 5448 et
753 5393 1033 5462 absqueeo
1059 5388 1203 5459 quod
1236 5388 1337 5458 ipsi
1372 5386 1424 5440 id
1447 5387 1830 5452 odorarentur,
1855 5389 2031 5457 conji-

469 5485 703 5540 ciebant.
726 5481 905 5548 Quare
931 5483 1079 5535 cives
1110 5486 1165 5533 et
1210 5485 1357 5531 metu
1397 5478 1645 5546 periculi,
1698 5487 1752 5532 et
1806 5480 2030 5533 remedii

469 5574 666 5645 ignari,
684 5574 939 5628 maximis
954 5572 1286 5642 urgebantur
1307 5569 1595 5636 angustiis.
1622 5570 1795 5624 Simili
1821 5586 2026 5633 errore,

468 5677 521 5721 et
549 5666 667 5735 pari
705 5664 984 5720 sententia
1008 5663 1349 5733 ignoratione
1370 5661 1424 5715 in
1464 5661 1735 5717 similibus
1764 5664 1944 5726 verbis
1976 5671 2030 5718 et

472 5756 664 5814 eadem
699 5755 948 5821 materia,
978 5754 1224 5825 quamvis
1257 5752 1313 5807 in
1356 5759 1576 5808 auclore
1599 5752 1815 5809 diverso
1848 5755 2021 5811 inter-

2131 4576 2295 4628 grues
2338 4571 2599 4633 tanquam
2652 4564 2969 4620 fulcimento
3017 4576 3267 4632 utuntur,
3314 4568 3443 4622 dum
3495 4570 3699 4633 volant,

2132 4651 2330 4708 falsum
2385 4669 2508 4710 esse
2548 4656 2681 4709 dicit
2727 4656 3069 4724 Aristotcles,
3134 4658 3229 4712 lib.
3280 4676 3400 4721 vm,
3452 4658 3530 4713 De
3572 4661 3697 4715 hist.

2133 4749 2320 4810 anim.,
2353 4762 2475 4818 cap.
2508 4747 2606 4802 ηε
2643 4746 2744 4802 Sed
2782 4750 2956 4801 avium
2978 4766 3153 4820 grues,
3197 4760 3253 4803 ut
3280 4752 3477 4804 dictum
3505 4762 3604 4813 est,
3636 4768 3703 4805 ex

2133 4841 2334 4894 ultimis
2359 4842 2410 4893 in
2432 4840 2626 4893 ultima
2654 4839 2866 4905 abeunt,
2906 4842 3083 4895 volunt
3111 4843 3247 4911 ﬂatu
3269 4844 3515 4897 secundo.
3549 4843 3701 4910 Quod

2131 4930 2195 4984 de
2221 4930 2394 5000 lapide
2431 4939 2675 4993 narrant,
2721 4930 2916 4999 falsum
2950 4942 3050 4991 est,
3078 4933 3301 4999 lapidem
3337 4935 3475 4986 enim
3505 4950 3594 4987 eas
3623 4943 3700 4987 te-

2132 5039 2251 5077 nere
2282 5022 2612 5102 fulcimento,
2646 5038 2795 5091 quem
2822 5022 2911 5076 ubi
2939 5023 3211 5087 deciderit,
3246 5025 3415 5092 accipi
3436 5025 3615 5079 utilem
3632 5024 3702 5077 ad

2133 5114 2628 5185 auriprobationem
2660 5114 2831 5167 aiunt.
2878 5114 3064 5184 Neque
3100 5116 3319 5171 silentio
3368 5125 3700 5186 praetereun-

2131 5207 2260 5261 dum
2322 5204 2468 5276 quod
2515 5204 2692 5260 Julius
2730 5203 2976 5276 Scaliger
3021 5206 3073 5259 in
3126 5205 3356 5259 Poeticis
3390 5209 3445 5261 in
3480 5206 3700 5264 Graecos

2133 5297 2536 5352 animadvertit.
2579 5294 2837 5350 Fabulam
2862 5312 2983 5353 esse
3010 5298 3319 5366 graculam,
3354 5314 3476 5366 qua
3504 5298 3702 5354 Home-

2130 5403 2227 5442 rus
2255 5385 2423 5441 refert
2448 5384 2515 5439 de
2554 5399 2748 5454 gruum
2800 5401 2923 5439 cum
2978 5387 3238 5457 pygmais
3293 5403 3493 5457 pugna.
3545 5388 3700 5453 Quod

2133 5494 2255 5535 cum
2308 5485 2454 5532 esset
2502 5475 2872 5540 Homericum,
2903 5479 2972 5533 ab
3017 5477 3249 5533 Homero
3287 5478 3515 5545 dictum,
3565 5481 3699 5535 nihil

2131 5570 2330 5625 mirum
2375 5570 2420 5623 si
2449 5585 2557 5624 non
2603 5569 2807 5624 arridet
2833 5569 3128 5640 Scaligcro.
3164 5570 3297 5625 Illud
3328 5572 3526 5625 mirum
3557 5588 3698 5642 quo-

2131 5661 2294 5716 modo
2326 5661 2405 5714 illi
2444 5675 2553 5715 non
2577 5660 2844 5725 arriserit,
2884 5662 3024 5716 idem
3058 5660 3359 5719 aﬂirmante
3380 5665 3696 5720 Aristotele.

2132 5752 2233 5807 llic
2261 5765 2516 5822 namque,
2572 5751 2666 5806 lib.
2703 5769 2801 5806 vni
2851 5753 2927 5806 De
2964 5752 3086 5809 hist.
3122 5756 3311 5811 anim..
3352 5771 3471 5815 can.
3512 5756 3579 5811 12
3610 5756 3694 5812 vel
