4124 6424
430 347 533 403 905

1550 338 1615 392 IN
1650 335 2021 392 EUSTATI-lll
2061 332 2530 390 llEXAEMERON
2567 328 2794 388 ΝὈΤΑς.

3560 333 3662 390 906

432 463 516 526 l5,
538 467 598 516 ut
623 459 739 513 vult
785 455 1044 526 Scaliger,
1091 456 1164 509 ita
1197 453 1406 516 scribit,
1454 453 1606 504 Ἔστι
1663 451 1718 504 δὲ
1763 454 1787 504 ὁ
1831 453 1993 514 τόπος
2028 468 2060 513 Α
2097 451 2274 520 pluvia
2314 452 2504 504 divino
2538 450 2769 519 quodam
2801 451 3022 504 numine
3061 463 3223 503 canes
3274 448 3561 505 latratibus
3593 451 3670 504 ci-

427 548 578 616 οὖτος
599 552 727 622 περὶ
757 550 817 603 ὃν
851 551 898 602 οἱ
927 550 1198 618 Πυγμαῖοι
1235 543 1596 599 κατοικοῦσιν,
1621 544 1694 595 Οὐ
1728 544 1834 610 γάρ
1881 545 1994 594 ἐστι

429 646 582 700 τοῦτο
615 642 801 715 μῦθος,
830 641 944 694 ἀλλ’
971 640 1085 694 ἐστι
1113 639 1252 692 κατὰ
1272 639 1370 708 τὴν
1403 635 1658 706 ἀλήθειαν
1679 675 1694 699 ,
1724 634 1878 703 γένος
1908 653 1996 704 μι-

430 737 557 810 κρὸν
593 735 691 807 μὲν
727 732 915 805 ὥσπερ
968 733 1203 800 λέγεται,
1246 730 1340 784 καὶ
1385 729 1538 784 αὐτοὶ¹
1588 729 1682 781 καὶ
1733 727 1781 780 οἱ
1813 728 1990 789 ἵπποι,

431 825 790 899 τρωγλοδύται
819 825 862 878 δ’
885 825 994 877 εἰσὶ
1014 823 1105 876 τὸν
1133 822 1264 892 βίον.
1296 821 1540 887 Quorum
1571 834 1634 873 ea
1660 829 1743 873 est
1777 824 1997 872 senten-

429 921 524 983 tia,
556 919 613 974 1's
639 918 900 981 locusest,
933 931 1083 986 quem
1113 914 1337 984 pygmwi
1365 911 1645 965 habitant:
1675 925 1832 978 neque
1856 909 1994 962 enim

427 1015 523 1069 hac
580 1012 762 1082 fabula
792 1019 892 1076 est,
940 1007 1030 1063 sed
1063 1017 1140 1062 est
1189 1005 1475 1060 secundum
1502 1004 1792 1067 ueritatem,
1837 1017 1994 1072 genus

426 1105 696 1175 pusillum,
717 1111 773 1156 ut
801 1100 1031 1155 traditur
1057 1107 1107 1153 et
1134 1098 1256 1167 ipsi,
1286 1106 1335 1152 et
1363 1096 1500 1167 equi,
1525 1105 1574 1147 ct
1604 1105 1662 1147 ut
1689 1094 1996 1163 troglodyta!

430 1197 618 1266 reliqui
655 1195 818 1248 vitam
849 1192 1062 1263 degunt.
1099 1187 1309 1254 Quibus
1364 1185 1548 1240 verbis
1591 1183 1721 1255 quid
1765 1180 1996 1235 manife-

430 1290 786 1358 stiusinegat
819 1299 944 1340 esse
970 1281 1230 1346 fabulam,
1261 1277 1552 1333 conﬁrmat
1580 1274 1880 1331 secundum
1906 1288 1998 1327 ve-

431 1382 648 1436 ritatem
695 1378 768 1431 ita
804 1389 864 1430 se
917 1372 1137 1437 habere,
1194 1369 1341 1440 quod
1378 1369 1540 1437 vulgo
1593 1363 1994 1428 circumfertur,

432 1485 722 1546 pygmaaos,
751 1481 1052 1537 eorumque
1080 1479 1252 1534 equos
1285 1461 1513 1532 pusillos
1533 1473 1674 1515 esse.
1713 1456 1995 1524 Quomodo

430 1580 559 1636 ergo
582 1562 801 1617 fabula?
821 1561 933 1624 Ait,
961 1555 1347 1627 philosophum
1380 1568 1594 1621 semper
1637 1549 1995 1613 moderatum,

430 1667 484 1712 et
512 1654 836 1726 prudentem
866 1649 1003 1706 illud
1048 1647 1325 1704 addidisse
1351 1644 1540 1714 ὥσπερ
1569 1642 1808 1711 λέγεται.
1838 1640 1999 1697 Certe

428 1761 529 1802 nec
544 1743 852 1800 Aristotelis
873 1747 1110 1796 mentem
1129 1751 1230 1794 nec
1246 1734 1572 1793 sententiam
1588 1739 1874 1789 assecutus
1893 1736 1997 1786 est.

2096 554 2188 591 vos
2225 539 2335 606 jam
2399 554 2590 592 somno
2639 537 2845 607 sopitos
2902 538 3244 604 excitarunt;
3299 538 3499 608 quibus
3543 554 3668 593 cum

2095 629 2393 698 lampades,
2429 645 2525 682 seu
2558 629 2731 683 nubes
2763 643 3004 682 accensze
3029 628 3323 697 periculum
3349 630 3461 698 jam
3490 631 3663 683 i'mnii-

2099 736 2233 774 nens
2277 720 2646 774 ostendissent
2692 720 2857 772 alacri
2886 719 3066 772 animo
3094 719 3308 773 hostem
3352 719 3419 774 ab
3455 720 3544 774 illa
3577 736 3668 773 ur-

2095 813 2180 868 bis
2234 795 2516 868 obsidione
2555 812 2890 882 repulerunt.
2929 811 3216 866 Hesichius
3259 811 3521 876 Milesius,
3568 813 3661 867 lib.

2095 901 2174 955 De
2219 900 2371 954 rebus
2419 903 2604 970 patriis
2657 901 3254 970 Constantinopolitauis
3296 919 3312 955 :
3362 898 3667 975 Ἐφὀὖπερ

2094 992 2353 1057 Φίλιππος
2405 998 2433 1048 ὁ
2483 994 2591 1047 τῶν
2637 983 2964 1048 Μακεδόνων
3016 995 3288 1064 βασιλεὺς,
3331 997 3358 1046 ὁ
3406 995 3663 1065 Ἀμύντου

2097 1087 2223 1148 παῖς
2253 1085 2509 1154 γεγονὼς,
2543 1086 2743 1158 πολλὴν
2778 1088 3117 1158 ἐπαγόμενος
3148 1088 3372 1160 δύναμιν
3418 1088 3665 1158 ἐπολιόρ-

2097 1193 2181 1229 κει
2210 1177 2308 1248 τὴν
2343 1179 2512 1241 πόλιν,
2548 1178 2764 1249 eaepse:
2809 1197 2868 1232 τε
2909 1179 3003 1234 καὶ
3046 1184 3316 1244 παντοίοις
3357 1180 3666 1252 πολεμικοῖς

2101 1270 2456 1340 μηχανήμασι
2498 1273 2610 1333 τοῖς
2648 1271 2850 1341 τείχεσι
2888 1272 3295 1343 προσπελάζων.
3344 1273 3453 1326 Καὶ
3503 1273 3567 1345 δὴ
3603 1274 3668 1327 ἂν

2096 1360 2300 1430 ταύτην
2351 1360 2517 1425 ἐξεῖλε
2564 1363 2753 1426 νυκτὸς
2801 1362 3187 1434 ἐπιλαϐόμενος
3231 1364 3488 1435 ἀσελήνου
3515 1403 3530 1428 ,
3575 1366 3668 1418 καὶ

2099 1451 2302 1524 ὄμϐρου
2353 1456 2794 1525 καταρραγέντος
2844 1455 3102 1519 ἐξαισίου,
3155 1458 3202 1509 εἰ
3251 1457 3322 1528 μή
3370 1475 3452 1520 τις
3488 1458 3668 1520 αὐτοῖς

2099 1545 2194 1599 τοῦ
2230 1545 2374 1600 θείου
2406 1547 2592 1615 γεγόνε
2626 1547 2910 1619 συμμαχία
2935 1547 3060 1610 τοὺς
3101 1547 3241 1601 κατὰ
3267 1549 3364 1620 τὴν
3392 1549 3541 1602 πόλιν
3569 1548 3659 1602 κύε

2098 1658 2193 1704 νας
2223 1639 2357 1713 πρὸς
2389 1639 2589 1712 ὑλακὴν
2629 1641 3024 1712 ἀναστήσαντος
3045 1682 3057 1706 ,
3102 1643 3193 1694 καὶ
3226 1642 3450 1710 νεφέλας
3500 1642 3669 1712 πυρὸς

2100 1738 2213 1797 τοῖς
2267 1733 2532 1805 ἀρκτῴοις
2585 1734 2954 1803 ἐπαγαγόντος
2991 1735 3242 1806 μέρεσιν
3291 1735 3349 1801 ἐξ
3392 1731 3560 1806 οὗπερ
3615 1739 3663 1787 οἱ

426 1835 672 1907 Namque
696 1835 832 1890 illud
856 1833 1045 1904 ὥσπερ
1067 1831 1305 1898 λέγεται,
1337 1836 1392 1883 et
1420 1841 1529 1881 una
1550 1839 1761 1881 mecum
1789 1822 1998 1878 Aristo-

2099 1826 2258 1898 δῆμοι
2286 1825 2670 1898 διεγερθέντες,
2698 1828 2790 1880 καὶ
2831 1827 3045 1898 θερμῶς
3079 1830 3190 1892 τοῖς
3231 1827 3506 1898 πολεμίοις
3546 1845 3668 1881 συν-

427 1929 550 1984 telis
569 1928 754 1992 verba,
784 1926 972 1992 lector,
998 1921 1302 1984 considera,
1339 1934 1448 1974 non
1479 1916 1713 1973 refertur
1743 1914 1808 1969 ad
1845 1913 2001 1968 fabu-

427 2021 554 2086 lam,
603 2018 763 2089 quasi
806 2017 936 2073 velit
990 2015 1313 2071 Aristoteles
1378 2023 1746 2082 pygmteorum
1796 2005 1999 2060 famam

429 2128 538 2168 non
566 2127 688 2168 esse
720 2109 955 2166 fabulam
986 2107 1174 2179 ὥσπερ
1222 2104 1460 2172 λέγεται,
1499 2100 1597 2157 sed
1621 2099 1687 2155 ad
1727 2113 1999 2171 pygmazos

429 2207 600 2276 ipsos,
623 2205 719 2276 qui
750 2211 811 2259 ut
827 2203 1106 2267 dicuntur,
1135 2199 1336 2272 pusillo
1356 2207 1484 2254 sunt
1513 2212 1731 2267 genere,
1757 2209 1882 2250 cum
1902 2209 1999 2250 eos

431 2297 755 2353 Aristoteles
779 2311 890 2352 non
917 2293 1132 2349 viderit.
1181 2291 1288 2348 Sed
1335 2291 1460 2347 vide
1497 2292 1791 2361 pessimam
1825 2287 2000 2342 homi-

430 2389 518 2444 nis
550 2388 858 2455 audaciam,
887 2394 1051 2457 atque
1070 2385 1455 2450 temeritatem,
1491 2383 1547 2438 in
1587 2399 1688 2440 sua
1733 2383 2000 2451 interpre-

428 2479 637 2534 tatione
664 2479 856 2533 Latina
876 2478 1060 2533 omisit
1086 2491 1208 2547 quae
1232 2482 1426 2530 contra
1458 2489 1518 2531 se
1545 2475 1784 2528 militare
1805 2471 1997 2528 existi-

428 2570 631 2635 mabat,
666 2579 721 2626 et
741 2569 994 2636 reddidit,
1038 2567 1121 2622 Ea
1155 2567 1272 2624 loca
1303 2577 1426 2622 sunt
1453 2583 1569 2638 quce
1594 2565 1816 2636 pygmwi
1856 2566 1998 2617 inco-

430 2663 546 2716 lunt
576 2677 594 2716 :
626 2662 880 2731 pusillum
941 2678 1126 2733 genus,
1173 2669 1232 2715 ut
1269 2661 1420 2714 aiunt
1451 2659 1577 2729 ipsi,
1629 2667 1787 2728 atque
1837 2656 1997 2710 etiam

428 2756 586 2825 equi:
616 2772 968 2826 cavernasque
1023 2755 1281 2810 habitant.
1340 2752 1540 2809 Haecne
1577 2758 1681 2817 est,
1732 2747 1996 2820 Scaliger,

383 2873 412 2894 ιι
430 2863 578 2913 vera,
611 2846 736 2914 ﬁda,
762 2856 817 2902 et
843 2862 1007 2918 quam
1041 2848 1099 2902 in
1128 2847 1250 2903 aliis
1278 2861 1388 2902 non
1417 2843 1866 2917 reprehenderes,
1914 2842 1999 2895 in—

428 2941 780 3010 terpretatio?
819 2940 1084 2997 Omittere
1133 2956 1254 3011 qua
1279 2947 1470 2995 contra
1505 2947 1654 2993 tuam
1687 2937 1996 3008 opinionem
2038 2964 2050 2980 ι

430 3029 672 3086 faciunt?
697 3031 861 3088 verba
889 3030 982 3086 illa
1005 3031 1066 3083 οὐ
1086 3031 1198 3102 γάρ
1227 3031 1342 3084 ἐστι
1360 3031 1518 3085 τοῦτο
1547 3029 1734 3101 μῦθος,
1751 3027 1864 3082 ἀλλ’
1883 3026 1998 3080 ἐστι

430 3121 572 3177 κατὰ
619 3122 717 3194 τὴν
763 3123 1040 3195 ἀλήθειαν,
1084 3122 1256 3179 Sorex
1297 3123 1590 3194 quispiam,
1648 3127 1708 3175 ut
1735 3128 1887 3191 puto,
1930 3135 1996 3175 ex

429 3221 526 3272 tuo
547 3216 844 3287 exemplari
872 3217 1061 3282 erosit,
1091 3215 1178 3270 cui
1199 3231 1270 3270 ne
1300 3215 1546 3286 ingratus
1568 3214 1713 3269 vices
1734 3211 1996 3282 repende-

429 3324 540 3376 res,
580 3309 695 3365 haec
728 3319 822 3366 tua
853 3309 1033 3380 qualia
1079 3309 1262 3378 qualia
1318 3314 1448 3364 sunt
1495 3307 1678 3378 potius
1719 3304 1996 3360 erodenda

429 3401 769 3457 cammittere
795 3400 1051 3456 debuisti.
1085 3399 1193 3456 Sed
1216 3415 1279 3456 ea
1301 3407 1524 3454 manent
1543 3397 1730 3468 pejora
1760 3395 1892 3450 fata.
1919 3395 1996 3450 Ite

429 3508 577 3547 nunc
597 3493 796 3563 quibus
821 3500 1010 3549 tantus
1034 3492 1197 3549 homo
1219 3493 1356 3547 deus
1379 3497 1484 3557 est,
1504 3497 1558 3546 et
1583 3489 1703 3560 ejus
1728 3490 1996 3558 interpre-

430 3585 752 3650 tationibus,
781 3600 847 3640 ac
873 3585 1158 3641 sententiis
1189 3591 1426 3641 mentem
1455 3582 1661 3638 inﬂate.
1692 3569 1796 3638 Sed
1823 3581 1890 3637 de
1913 3580 1998 3635 his

430 3677 595 3732 latius
629 3691 853 3748 agemus
875 3677 932 3732 in
963 3686 1152 3733 nostro
1174 3675 1410 3733 Homero
1433 3691 1465 3730 a
1495 3673 1784 3731 calumniis
1815 3671 1997 3727 vindi-

433 3775 576 3824 cato.

499 3861 664 3928 lbid.,
714 3861 811 3916 lin.
864 3861 918 3915 6.
983 3861 1050 3916 Τὸ
1101 3860 1170 3914 δὲ
1221 3858 1422 3932 γηνιῖηρ
1474 3858 1670 3931 γένος.
1733 3856 1991 3922 Basilius,

429 3953 576 4008 hom.
604 3953 656 4019 8,
692 3953 814 4018 Πῶς
859 3954 1134 4025 ἄγρυπνον
1180 3952 1242 4006 τὸ
1287 3951 1396 4006 τῶν
1439 3951 1620 4023 γηνῶν
1675 3950 1855 4019 γένος,
1902 3951 1997 4002 καὶ

428 4041 565 4117 πρὸς
586 4043 683 4116 τὴν
703 4044 811 4098 τῶν
834 4042 1204 4098 λανθανόντων
1232 4041 1484 4113 αἴσθησιν
1522 4039 1802 4107 ὀξύτατον.
1839 4039 1907 4092 Οἵ
1932 4038 1998 4107 γέ

429 4153 559 4190 ποτε
591 4135 686 4190 καὶ
729 4133 826 4206 τὴν
876 4133 1120 4204 βασιλίδα
1159 4131 1312 4187 πόλιν
1356 4128 1783 4203 περιεσώσαντο.
1848 4127 2000 4180 πολε-

431 4229 587 4300 μίους
616 4228 765 4293 τινὰς
787 4229 1029 4298 ἀφανεῖς,
1061 4227 1105 4280 δ’
1129 4227 1416 4297 ὑπονόμων
1458 4221 1683 4293 ἀφανῶν
1729 4221 1830 4293 ἥδη
1873 4220 2000 4292 μέλ-

425 4319 617 4385 λοντας
655 4321 754 4392 τὴν
781 4321 956 4392 ἄκραν
985 4320 1086 4391 τῆς
1120 4318 1310 4392 ῥώμης
1337 4314 1780 4387 καταλαμϐάνειν
1828 4329 1995 4366 κατα-

431 4412 785 4487 μηνύσαντες.
805 4415 873 4469 Et
894 4413 1123 4479 Plinius,
1151 4412 1247 4468 lib.
1280 4429 1334 4476 ι,
1369 4426 1488 4481 cap.
1525 4407 1616 4474 22,
1651 4405 1748 4461 Est
1769 4415 1818 4461 et
1843 4420 2000 4460 anse-

2102 1916 2430 1988 ενεχθὲντες,
2469 1916 2567 1990 ἤδη
2602 1918 2698 1990 τὴν
2736 1917 2886 1971 πόλιν
2917 1918 3021 1971 ὑπὸ
3051 1918 3128 1990 τῷ
3156 1919 3405 1990 Φιλίππῳ
3439 1920 3667 1989 γενομέ-

2107 2025 2203 2079 νην
2231 2007 2507 2080 ἐρύσαντο.

2170 2099 2326 2163 lbid.,
2359 2100 2451 2153 lin.
2484 2099 2536 2154 9.
2572 2101 2651 2152 Δι’
2696 2102 3012 2169 ὑπονόμων
3055 2101 3426 2156 ὑποδύντων.
3460 2101 3666 2166 Livius,

2100 2193 2194 2248 lib.
2236 2209 2284 2257 v,
2344 2192 2532 2247 scribit
2588 2191 2771 2247 Gallos
2825 2193 3188 2246 animadverso
3244 2193 3312 2246 ad
3371 2193 3667 2248 Carmentis

2100 2301 2288 2339 saxum
2332 2301 2549 2339 ascensu
2596 2301 2765 2353 (equo,
2823 2294 2970 2338 nocte
3029 2284 3282 2338 sublustri
3330 2301 3446 2338 cum
3497 2287 3667 2354 primo

2097 2377 2367 2443 inermem,
2395 2377 2484 2447 qui
2513 2385 2731 2430 tentaret
2770 2377 2906 2430 viam
2935 2377 3314 2446 prwmisissent
3337 2417 3352 2441 ,
3407 2379 3668 2432 tradentes

2099 2467 2218 2522 inde
2249 2484 2423 2531 arma,
2455 2467 2544 2522 ubi
2572 2467 2697 2539 quid
2734 2469 2899 2539 iniqui
2921 2475 3074 2532 esset,
3105 2467 3298 2521 alterni
3322 2468 3516 2532 innixi,
3548 2470 3669 2524 sub-

2099 2559 2426 2630 levantesque
2454 2561 2690 2625 invicem,
2722 2569 2771 2614 et
2807 2561 3066 2614 trahentes
3109 2558 3204 2613 alii
3233 2560 3364 2613 alios
3395 2569 3548 2629 prout
3576 2575 3670 2629 po-

2099 2650 2320 2706 stularet
2356 2652 2519 2715 locus,
2551 2653 2607 2704 in
2640 2668 2906 2706 summum
2951 2652 3196 2707 evasisse.
3241 2650 3305 2704 Et
3343 2649 3668 2706 Plutarchus

2101 2741 2324 2800 Camillo
2353 2759 2371 2797 :
2398 2745 2532 2816 Περὶ
2564 2744 2732 2816 μέσας
2770 2742 2968 2808 νύκτας
3014 2743 3300 2806 ἐπιϐάντες
3327 2743 3443 2814 ἅμα
3487 2743 3669 2796 πολλοὶ

2098 2835 2196 2905 τῆς
2232 2834 2433 2904 πέτρας
2458 2832 2696 2904 ἐχώρουν
2725 2833 2836 2887 ἄνω
2871 2833 3007 2903 μετὰ
3042 2833 3289 2904 σιωπῆς;
3322 2830 3547 2890 Servius
3584 2842 3667 2887 ta-

2099 2941 2244 2993 men,
2273 2943 2370 2982 vm
2399 2925 2656 2982 {Eneidos
2701 2928 2758 2982 in
2799 2926 2974 2982 illud:

2171 3041 2311 3095 Galli
2338 3056 2428 3110 per
2458 3039 2643 3095 dumos
2675 3040 2918 3105 aderant,
2951 3057 3223 3110 arcemque
3256 3039 3599 3110 triumphent,

2023 3172 2065 3228 α
2101 3156 2216 3211 Ι]ωο
2244 3156 2466 3211 adnotat
2497 3173 2510 3209 :
2547 3153 2748 3216 Gallos,
2780 3155 2876 3207 alii
2909 3169 3000 3221 per
3028 3152 3242 3207 dumeta
3274 3165 3323 3206 et
3353 3169 3490 3208 saxa
3520 3169 3668 3222 aspe-

2097 3263 2181 3310 ra,
2211 3249 2306 3301 alii
2332 3263 2422 3316 per
2447 3245 2736 3307 cuniculos,
2771 3244 2946 3296 dicunt
2977 3253 3190 3296 conatos
3224 3258 3337 3296 esse
3370 3242 3665 3297 ascendere.

2165 3339 2325 3402 Ibid.,
2358 3339 2452 3393 lin.
2483 3338 2568 3391 15.
2597 3333 2854 3390 Ἀλκυὼν
2885 3335 3015 3388 ἐστι
3044 3333 3379 3387 θαλάττιον.
3411 3333 3664 3392 Basilius.

2095 3431 2242 3484 hom.
2273 3430 2306 3484 8
2340 3448 2353 3483 :
2399 3425 2633 3482 Ἀλκυὼν
2664 3429 2779 3479 ἐστι
2812 3424 3091 3479 θαλάττιον
3128 3424 3330 3495 ὄρνεον.
3362 3424 3509 3497 Αὕτη
3537 3425 3664 3495 παρ’

2096 3521 2291 3582 αὐτοὺς
2318 3520 2590 3573 νοσσεύειν
2616 3519 2740 3581 τοὺς
2776 3515 3052 3585 αἰγιαλοὺς
3084 3515 3343 3585 πέφυκεν,
3383 3516 3468 3569 ἐπ’
3499 3517 3664 3586 αὐτῆς

2095 3611 2164 3664 τὰ
2207 3611 2288 3664 ea:
2329 3611 2428 3681 τῆς
2458 3609 2684 3680 ψάμμου
2718 3607 3061 3679 καταθεμένη
3083 3624 3096 3637 ⁸
3132 3607 3224 3660 καὶ
3252 3607 3492 3660 νοσσεύει
3526 3609 3666 3661 κατὰ

2100 3703 2262 3774 μέσον
2311 3720 2411 3755 που
2451 3702 2542 3755 τὸν
2595 3699 2878 3770 χειμῶνα,
2926 3700 3015 3751 ὅτε
3073 3699 3285 3761 πολλοῖς
3332 3699 3424 3751 καὶ
3476 3699 3666 3768 βιαίοις

2096 3795 2316 3866 ἀνέμοις
2344 3795 2378 3866 ἡ
2405 3793 2642 3848 θάλαττα
2667 3795 2733 3864 τῇ
2756 3794 2827 3863 γῇ
2860 3790 3319 3862 προσαράσσεται.
3360 3790 3495 3844 Ἀλλ’
3521 3791 3667 3862 ὅμως

2097 3887 2430 3959 κοιμίςονται
2465 3886 2563 3957 μὲν
2591 3885 2790 3948 πάντες
2835 3883 3022 3954 ἄνεμοι
3048 3922 3063 3948 ,
3112 3882 3372 3955 ἡσυχάζει
3419 3884 3476 3937 δέ
3519 3884 3668 3955 κῦμα

2097 3980 2397 4045 θαλάττιον,
2442 3980 2566 4032 ὅταν
2599 3976 2812 4032 ἀλκυὼν
2848 3976 3071 4050 ἐπωάζῃ
3115 3975 3214 4040 τὰς
3261 3975 3401 4029 ἑπτὰ
3436 3977 3665 4048 ἡμέρας.

2109 4075 2196 4127 Ἐν
2222 4072 2510 4136 τοσαύταις
2543 4071 2650 4142 γὰρ
2681 4072 2870 4143 μόναις
2913 4071 3186 4135 ὲκλεπίζει
3237 4071 3362 4133 τοὺς
3403 4070 3667 4134 νεοττούς.

2109 4166 2259 4218 Ἐπεὶ
2285 4164 2340 4217 δὲ
2367 4165 2460 4219 καὶ
2487 4164 2690 4236 τροφῆς
2722 4164 2905 4226 αὐτοῖς
2933 4163 3112 4234 χρεία,
3145 4159 3310 4223 ἄλλας
3351 4159 3492 4213 ἑπτὰ
3535 4160 3668 4230 πρὸς

2096 4259 2194 4329 τὴν
2241 4255 2350 4308 τῶν
2390 4255 2616 4309 νεοττῶν
2669 4252 2895 4323 αὔξησιν
2935 4255 2965 4306 ὁ
3014 4251 3381 4323 μεγαλόδωρος
3421 4250 3552 4314 Θεὸς
3591 4252 3670 4320 τῷ

2100 4348 2409 4421 μικροτάτῳ
2439 4346 2561 4417 ζώῳ
2587 4345 2909 4416 παρέσχετο.
2947 4343 3044 4400 His
3076 4342 3254 4398 allinia
3282 4343 3444 4398 tradit
3474 4341 3668 4398 Petrus

2101 4439 2416 4503 Damianus,
2465 4437 2560 4491 lib.
2618 4452 2676 4502 ιι,
2726 4436 2884 4504 epist.
2928 4435 3032 4500 18;
3085 4434 3362 4504 alcyonem
3408 4431 3668 4488 describit

429 4503 626 4598 rivis“
655 4503 1185 4598 curawtlsidomé.
1225 4503 1444 4598 lib-su,
1479 4516 1600 4572 caP-
1627 4500 1680 4566 ⁷ν
1712 4497 1825 4553 ιείε
1856 4497 1989 4568 υί9ί’
2025 4515 2070 4570 D
2098 4529 2327 4594 Plinius,
2370 4497 2464 4584 lib.
2511 4545 2564 4595 Χ,
2606 4497 2729 4598 cap.
2760 4497 2872 4582 '52:
2907 4497 3034 4595 Ipsa
3091 4497 3198 4580 αι»ίέ
3241 4525 3400 4594 paulo
3445 4523 3671 4594 amplior

428 4596 531 4651 lias
555 4598 724 4651 noctis
755 4595 1067 4651 assiduitate
1092 4595 1357 4666 clangoris
1385 4603 1634 4649 testatur.

495 4685 654 4752 lbid.,
703 4687 798 4741 lin.
859 4687 912 4742 8.
963 4687 1124 4740 Οὕτω
1167 4687 1315 4756 γοῦν
1359 4686 1679 4756 πολεμίων.
1730 4682 1994 4750 Isidorus,

427 4782 548 4838 loco
580 4781 728 4836 dicto
757 4799 770 4836 :
805 4778 1029 4834 Nullum
1057 4789 1233 4834 autem
1261 4779 1463 4836 animal
1491 4783 1568 4834 ita
1593 4777 1804 4833 odorem
1831 4778 1998 4833 homi-

426 4878 508 4931 nis
532 4877 688 4932 sentit
719 4885 777 4929 ut
815 4890 969 4929 anser
992 4890 1012 4928 :
1050 4873 1189 4928 unde
1214 4883 1264 4927 et
1303 4873 1546 4943 clangore
1576 4871 1690 4940 ejus
1721 4869 1998 4924 Gallorum

426 4988 672 5028 ascensus
705 4971 760 5023 in
783 4967 1042 5038 Capitolio
1073 4965 1417 5036 deprehensus
1441 4972 1539 5018 est.
1571 4961 1812 5018 Meminit
1834 4961 1999 5032 hujus

424 5061 667 5117 historiae
698 5058 926 5126 Plinius,
958 5056 1053 5111 lib.
1085 5071 1141 5124 ι,
1171 5069 1291 5127 cap.
1340 5054 1432 5117 22,
1464 5059 1519 5109 et
1564 5052 1658 5107 lib.
1693 5066 1846 5116 xxxx,
1877 5068 1996 5122 cap.

423 5153 477 5219 5,
511 5168 724 5210 necnon
753 5152 916 5208 etiam
957 5149 1204 5213 honoris,
1232 5161 1395 5218 quem
1425 5159 1694 5209 meruere,
1723 5145 1997 5214 quomodo

425 5253 606 5299 autem
635 5243 689 5298 id
723 5241 982 5298 acciderit
1013 5247 1197 5294 narrat
1237 5236 1511 5304 Allienus,
1542 5235 1618 5289 De
1657 5235 1843 5289 histor.
1880 5235 1999 5286 ani-

425 5333 554 5388 mal.
613 5333 706 5388 lib.
755 5349 853 5394 xu,
901 5333 1066 5402 capit.
1114 5330 1202 5385 55.
1251 5327 1487 5383 Consule
1528 5325 1739 5380 Livium
1771 5332 1826 5381 et
1862 5325 2000 5380 alios

426 5428 685 5487 Romana:
733 5428 974 5484 historiae
1017 5427 1332 5496 scriptores.
1370 5421 1480 5477 Nec
1508 5419 1760 5476 dissimili
1791 5419 2001 5474 ratione

425 5535 591 5577 canes
611 5531 899 5577 servarunt
924 5518 1198 5588 iuniorem
1219 5513 1472 5576 Romam,
1499 5518 1630 5565 tunc
1655 5507 1996 5580 Byzantium.

427 5612 561 5668 Dum
595 5611 739 5668 enim
779 5610 1082 5680 Philippus,
1117 5607 1288 5678 copiis
1337 5602 1586 5660 adductis
1631 5600 1864 5671 aliisque
1910 5597 2000 5652 in-

425 5703 743 5761 strumentis
771 5701 1002 5767 bellicis,
1035 5699 1309 5758 moenibus
1352 5697 1663 5752 immlneret
1703 5699 1758 5747 et
1786 5697 1998 5746 tantum

424 5809 535 5854 non
561 5802 814 5867 cepisset,
865 5793 922 5847 in
965 5799 1119 5847 tanto
1158 5789 1422 5861 periculo,
1475 5793 1636 5843 nocte
1693 5782 1888 5850 illumi,
1939 5794 1997 5836 ε·

695 5890 970 5952 Parnm.
1001 5887 1118 5950 Gn.
1144 5884 1374 5947 XVIII.

2098 4641 2328 4696 passere,
2374 4624 2548 4680 colore
2582 4640 2811 4695 cyanea,
2866 4638 2930 4676 ex
2979 4631 3129 4692 parte
3182 4620 3423 4688 majore,
3467 4628 3673 4673 tantum

2097 4718 2370 4788 purpureis
2411 4727 2460 4770 et
2501 4715 2742 4770 candidis
2791 4713 3037 4767 admistic
3079 4712 3282 4781 pennis,
3311 4710 3445 4765 collo
3482 4710 3673 4781 gracili

2100 4826 2162 4864 ac
2204 4825 2438 4878 procero.
2482 4807 2614 4873 Quae
2664 4808 2845 4862 omnia
2902 4804 3090 4859 habuit
3139 4819 3205 4858 ex
3252 4803 3563 4870 Aristotele,
3596 4801 3673 4856 De

2100 4902 2287 4956 histor.
2331 4901 2551 4955 animat.
2584 4899 2676 4953 lib.
2713 4915 2766 4962 v,
2797 4913 2917 4967 cap.
2955 4897 3012 4957 8.
3041 4904 3095 4951 et
3139 4895 3234 4950 lib.
3289 4909 3366 4959 ix,
3414 4909 3536 4964 cap.
3583 4895 3671 4950 14.

2102 4991 2276 5063 Hujus
2311 4993 2446 5056 avis,
2495 5005 2616 5060 qua).
2664 4990 2944 5044 rarissima
2987 4987 3220 5052 videtur,
3258 4995 3317 5041 ut
3351 4986 3675 5041 Aristoteles

2101 5093 2156 5140 et
2179 5083 2388 5138 Plinius
2422 5081 2684 5144 referunt,
2713 5079 3011 5136 meminere
3037 5077 3306 5134 Pacuvius
3337 5078 3393 5132 in
3431 5076 3671 5131 Teucro:

2103 5196 2419 5252 Flexanima
2455 5204 2704 5264 tanquam
2734 5193 3006 5264 lymphata
3032 5201 3081 5246 et
3113 5189 3308 5246 Bacchi
3339 5191 3507 5244 sacris

2101 5267 2395 5333 Commota,
2433 5268 2488 5320 in
2525 5263 2744 5319 tumulis
2799 5263 3054 5317 Teucrum
3100 5277 3431 5326 commorans
3473 5276 3668 5325 meum,

2102 5339 2352 5408 Alcyonis
2380 5338 2484 5391 ritu
2513 5336 2660 5390 littus
2683 5334 2955 5404 peruolans
2984 5333 3146 5402 feror.

2100 5453 2324 5506 Plautus
2353 5450 2408 5504 in
2440 5448 2700 5504 Pseudolo
2734 5463 2752 5502 :

2099 5565 2244 5634 Iam,
2272 5564 2474 5619 hercle!
2498 5574 2552 5618 tu
2573 5563 2774 5632 peristi,
2806 5563 2910 5616 nisi
2937 5559 3091 5616 illam
3120 5560 3248 5616 mihi
3271 5570 3380 5703 tam
3409 5563 3670 5702 trqnquil-

3339 5649 3426 5686 am
3489 5650 3598 5686 om

3339 5649 3426 5686 am
3466 5649 3598 5686 H1618

2103 5707 2276 5776 Quam
2312 5721 2457 5762 mare
2482 5713 2559 5762 est
2593 5703 2740 5770 olim,
2779 5719 2895 5760 cum
2935 5703 3006 5759 ibi
3048 5702 3231 5759 alcedo
3275 5703 3456 5846 pulloq
3497 5704 3672 5758 educit

3457 5791 3602 5830 suos.

3457 5791 3602 5830 suos.

3319 5871 3399 5930 29
