4124 6426
449 317 553 370 90'!

1780 311 1954 368 LEON
1962 313 2020 366 IS
2059 312 2323 366 ALLATII

3581 317 3687 374 908

451 433 651 486 llarum
705 433 811 486 duo
858 412 1052 500 genera
1092 429 1331 491 tradunt,
1373 442 1544 498 eaque
1593 429 1852 502 distingui
1893 447 2010 486 ma-
2040 438 2084 493 Α
2117 432 2287 498 ferunt
2349 433 2476 485 alio.
2522 430 2640 485 [tlte
2680 430 2888 502 quidem
2929 441 2977 485 et
3025 433 3245 487 maritos
3304 450 3428 489 suos
3463 435 3684 504 fallunt,

450 524 728 592 gnitudine
763 530 815 577 et
843 530 1005 576 cantu
1035 541 1045 577 :
1083 530 1136 575 et
1177 522 1417 576 minores
1455 521 1510 575 in
1551 521 1891 576 arundinetis
1923 537 2012 576 ca-

450 631 598 669 nere.
627 613 799 666 Mares
827 614 991 685 ceryli
1027 623 1312 674 vocantur,
1345 620 1404 664 ut
1437 612 1817 666 animadvertit
1859 612 2014 666 Anti-

447 722 619 775 gouus
653 705 939 766 Caristius,
968 705 1061 758 lib.
1101 703 1172 757 De
1202 703 1433 756 mirabil.
1471 714 1676 758 narrat.
1707 703 1806 769 Qui
1833 747 1846 771 ,
1887 720 2008 758 cum

448 797 600 851 senio
649 797 856 850 viribus
903 795 1141 859 amissis,
1173 795 1354 849 volare
1405 809 1566 864 posse
1607 795 1883 859 desinunt,
1918 813 2012 866 ge-

446 897 665 942 stantur
706 887 807 942 alis
858 887 1212 942 femellarum.
1265 886 1374 939 Hoc
1424 901 1587 940 senex
1633 887 1744 955 jam
1784 897 1838 941 et
1875 904 2015 957 :eger

445 979 696 1044 Alcman,
729 995 829 1033 nec
862 994 966 1032 una
995 993 1118 1031 cum
1153 977 1346 1047 puellis
1372 977 1570 1032 choros
1602 978 1800 1032 ducere
1825 980 2011 1035 valens

447 1071 514 1124 ad
546 1070 849 1142 eerylorum
899 1070 1307 1125 similitudinem
1355 1069 1505 1139 cupit
1537 1070 1737 1139 gestari
1776 1086 1805 1124 a
1850 1073 2014 1144 virgi-

447 1163 630 1218 nibus.

441 1275 521 1327 Οὔ
551 1275 610 1342 μ’
638 1275 723 1326 ἔτι
754 1274 1096 1341 παρθενικαὶ
1123 1270 1477 1342 μελιγάρυες
1499 1271 1804 1342 ιερόεοωνοι

444 1340 597 1398 Γυῖα
637 1340 841 1412 φέρειν
874 1340 1139 1398 δύναται.
1183 1341 1340 1395 Βάλε
1369 1340 1466 1408 δὴ,
1507 1340 1689 1404 βάλε.
1741 1343 2014 1430 ξίῃρύλος

448 1484 605 1536 ’Όστ“
634 1484 729 1551 ἐπὶ
757 1484 1015 1551 κύματος
1045 1483 1225 1546 ἄνθος
1245 1481 1340 1551 ἅμ’
1369 1412 2013 1551 ἀλκυόνεσσι[ῗό¹τνιῖται

445 1552 670 1621 Νηλεὲς
694 1549 839 1622 ἦτορ
858 1552 1014 1621 ἔχων
1032 1549 1440 1620 ἁλιπόρφυρος
1465 1556 1662 1621 εἴαρος
1689 1554 1871 1621 ὅρνις.

446 1665 577 1718 Illud
615 1665 978 1737 ἁλιπόρφυρος
1023 1665 1088 1719 ad
1141 1666 1382 1736 corylum
1424 1667 1601 1736 ipsum
1657 1673 1888 1736 spectat,
1917 1665 2010 1736 qui

444 1757 719 1812 coloribus
755 1772 960 1827 eyaneo
988 1773 1368 1828 purpureoque
1397 1758 1770 1828 distinguitur,
1804 1774 1911 1812 non
1943 1757 2008 1811 ad

446 1850 618 1903 undas
669 1849 908 1903 marinas
971 1859 1031 1903 ut
1091 1848 1410 1906 Guilielmus
1467 1849 1758 1920 lelander
1809 1860 2008 1905 temere

447 1941 628 1995 vertit.

513 2030 672 2093 lbid.,
707 2030 802 2084 lin.
849 2029 940 2085 50.
989 2029 1099 2083 Καὶ
1143 2029 1300 2098 παρὰ
1347 2029 1486 2095 τοὺς
1534 2028 1642 2097 τῆς
1693 2028 2007 2096 θαλάττης.

442 2121 787 2182 Plutarchus.
819 2121 912 2174 lib.
949 2120 1026 2174 De
1049 2137 1226 2174 amore
1249 2129 1524 2190 parentum
1561 2122 1614 2173 in
1640 2121 1805 2189 ﬁlios,
1833 2120 2012 2190 alcyo-

444 2215 526 2266 nei
576 2213 688 2266 nidi
739 2222 1068 2267 structuram
1126 2213 1318 2265 miram
1369 2213 1790 2282 elegantissimis
1830 2215 2011 2268 verbis

441 2304 807 2375 prosequitur,
863 2305 1006 2374 quod
1066 2303 1331 2373 prolixius
1395 2305 1733 2374 exsequitur,
1785 2305 1882 2359 lib.
1935 2303 2012 2358 De

441 2396 704 2460 industria
740 2395 1072 2449 animalium.
1118 2395 1248 2450 Vide
1290 2395 1511 2449 omnino
1557 2393 1858 2458 JElianum,
1911 2394 2009 2450 lib.

444 2501 526 2550 Ix,
583 2485 657 2539 De
703 2486 891 2542 histor.
937 2486 1181 2549 animal.,
1226 2500 1344 2554 cap.
1394 2485 1480 2549 i7,
1549 2486 1642 2555 qui
1706 2484 2008 2540 admirabili

445 2579 727 2631 verborum
760 2577 976 2647 eloquio
1007 2579 1130 2632 talis
1165 2576 1273 2632 nidi
1302 2585 1637 2632 structuram
1666 2579 1905 2648 exponit.

513 2668 672 2734 lbid.,
702 2670 794 2725 lin.
828 2670 1105 2725 15.⁶Ὀταν
1129 2665 1243 2723 οὖν
1262 2668 1603 2736 ἐπωάζηται.
1628 2668 1861 2740 Ideoque
1889 2669 2007 2726 dies

442 2762 516 2814 illi
573 2761 885 2833 alcyonides
927 2770 1212 2828 vocantur,
1259 2761 1325 2816 de
1381 2763 1728 2831 tranquillam
1773 2772 1827 2817 et
1868 2763 2008 2818 otio-

441 2869 558 2906 sam
593 2853 756 2906 vitam
787 2853 1091 2923 agentibus.
1122 2853 1516 2922 Aristophanes
1547 2855 1599 2907 in
1623 2853 1835 2907 Avibns.

594 2944 979 3008 Ἀλκυονίδας
1021 2945 1070 2996 τ’
1114 2944 1273 3012 ἤγεθ’
1313 2943 1534 3011 ἡμέρας
1565 2945 1676 2998 ἀεί.

439 3037 677 3091 Consule
734 3035 958 3089 Luciani
1013 3035 1292 3105 Dialogum
1343 3037 1428 3089 cui
1491 3038 1680 3093 titulus
1715 3037 1996 3093 Ἀλκυὼν.

442 3127 698 3198 Virgilius
729 3129 871 3183 inter
901 3130 1245 3199 prognostica
1294 3128 1490 3182 futurae
1537 3132 1871 3198 tempestatis
1895 3129 1998 3185 hoc
2029 3144 2068 3200 ο

438 3236 654 3289 quoque
683 3219 849 3275 refert
879 3239 892 3275 :

441 3331 563 3384 Non
609 3333 836 3403 tepidum
886 3332 951 3386 ad
988 3334 1147 3387 solem
1192 3349 1388 3402 pennas
1434 3335 1488 3388 in
1541 3334 1716 3387 littore
1758 3333 1994 3401 pandunt

436 3403 656 3457 Dileclte
687 3403 892 3458 Thetidi
927 3406 1191 3474 alcyones.

437 3517 515 3569 Ad
547 3515 648 3570 hoc
685 3516 867 3571 allusit
898 3524 951 3571 et
980 3515 1302 3571 Theocritus
1337 3517 1388 3570 in

435 3651 779 3716 Χὰλκυόνες
810 3651 1197 3718 στορεσεῦντι
1246 3651 1316 3702 τὰ
1357 3654 1607 3720 κύματα,
1643 3651 1767 3792 τοῦ
1792 3668 1856 3704 τε
1894 3651 1993 3705 θά-

1770 3737 1993 3782 ασσαν,

1770 3737 1995 3782 ασσαν,

442 3790 551 3860 Τόν
577 3807 638 3841 τε
655 3791 852 3852 νότον,
877 3791 982 3842 τόν
1008 3791 1054 3860 τ’
1076 3786 1277 3857 εὗρον,
1293 3791 1360 3856 ὃς
1379 3790 1604 3860 ἔσχατα
1621 3786 1806 3859 φυὶιία
1825 3791 1992 3844 κινεῖ.

449 3858 768 3924 Ἀλκυόνες
794 3859 1080 3928 γλαυκαῐς
1111 3864 1361 3928 Νηρηΐσι
1389 3858 1485 3913 ται
1516 3878 1577 3912 τε
1594 3858 1859 3928 μάλιστα

447 3929 717 3995 Ὀρνίθων
741 3931 1076 3998 Ἐφίλαθεν,
1108 3931 1279 3996 ὅσαις
1307 3930 1368 3984 τέ
1388 3947 1497 3997 περ
1517 3931 1585 3994 ἐξ
1603 3931 1750 3995 ἁλὸς
1768 3931 1936 4001 ἄγρα.

502 4043 660 4105 lbid.,
703 4044 800 4099 lin.
850 4045 934 4098 18.
980 4045 1254 4098 Ἐπειδὰν
1283 4037 1400 4099 οὖν
1429 4045 1788 4112 περιγλύψῃ.
1822 4042 1995 4098 Variae

432 4137 595 4190 etiam
657 4146 780 4190 sunt
832 4137 1158 4206 scriptorum
1215 4138 1520 4206 opiniones.
1567 4137 1908 4200 Aristoteles,
1941 4146 1993 4192 et

436 4227 740 4282 Simonides
790 4228 1048 4298 quinque,
1110 4227 1438 4297 Demagoras
1497 4227 1712 4280 Samius
1763 4234 1990 4296 septem,

432 4318 784 4373 Philochorus
838 4335 1052 4383 novem,
1087 4319 1335 4374 nonnulli
1380 4317 1810 4388 quatuordecim.
1849 4316 1993 4371 Con-

431 4412 548 4466 sule
596 4411 946 4481 Rodiginum,
979 4411 1072 4466 lib.
1111 4428 1220 4475 xlv,
1257 4426 1376 4482 cap.
1404 4411 1489 4465 11.
1517 4409 1745 4480 Dignum
1771 4407 1988 4463 tandem

430 4510 615 4556 notatu
648 4513 749 4566 est,
803 4503 947 4572 quod
995 4503 1060 4558 de
1109 4505 1395 4574 alcyonum
1445 4503 1575 4566 pelle
1617 4501 1997 4556 animadvertit
2033 4503 2072 4556 D

430 4593 836 4665 Theophrastus
920 4595 1242 4650 Paracelsus
1304 4596 1372 4649 de
1438 4594 1647 4649 etelesti
1701 4593 1990 4658 medicina,

429 4695 586 4742 tract.
624 4687 673 4748 1,
703 4685 834 4740 Item
863 4689 995 4742 vires
1037 4689 1206 4740 adhuc
1248 4689 1465 4740 retinere
1498 4694 1614 4752 post
1640 4695 1855 4737 mortem
1891 4685 1993 4737 ali-

424 4793 528 4846 qua
556 4781 716 4844 probo
767 4795 857 4847 per
905 4781 1173 4848 alcyonem
1225 4794 1394 4840 avem,
1431 4777 1581 4844 cujus
1626 4775 1777 4844 pellis
1820 4790 1852 4826 a
1896 4790 1990 4827 suo

425 4867 673 4922 cadavere
699 4879 944 4938 separata
976 4869 1122 4923 clavo
1150 4884 1404 4937 suspensa
1431 4878 1478 4922 et
1504 4868 1770 4921 exsiccata
1805 4866 1987 4935 singu-

426 4964 490 5015 lis
517 4965 666 5017 annis
697 4965 904 5032 plumas
928 4965 1117 5033 rejicit,
1137 4965 1354 5033 aliwgue
1381 4971 1667 5016 nascuntur
1691 4963 1758 5026 ei,
1784 4978 1846 5014 ne
1865 4961 1990 5014 dum

423 5070 526 5106 uno
557 5056 633 5108 vel
657 5054 860 5110 duobus
883 5057 1057 5119 annis,
1083 5065 1138 5108 at
1165 5055 1402 5122 pluribus
1436 5071 1539 5107 uno
1569 5064 1683 5119 post
1715 5055 1898 5108 alium.

495 5144 652 5212 lbid.,
683 5147 779 5198 lin.
810 5145 899 5199 21.
925 5146 1181 5212 Δολερὸν
1206 5149 1237 5199 ό
1269 5145 1500 5213 πέρδιξ.
1532 5144 1699 5198 Multa
1737 5145 1824 5200 hic
1861 5160 1988 5215 pos-

423 5247 562 5302 sent,
605 5255 668 5292 ex
705 5238 944 5303 Ailiano,
971 5237 1168 5304 Plinio,
1200 5239 1491 5293 Aristotele
1520 5238 1751 5308 aliisque
1779 5238 1985 5301 ailerri,

422 5329 618 5396 quibus
675 5330 774 5383 hoc
830 5330 1030 5383 animal
1077 5329 1308 5401 δολερὸν,
1351 5329 1679 5401 πανοῦργον,
1710 5331 1799 5381 καὶ
1831 5328 1987 5398 ζηλό-

421 5438 586 5475 τυπον
632 5432 816 5490 posset
863 5423 1146 5491 convinci;
1183 5439 1305 5477 nam
1334 5424 1488 5490 spina
1525 5432 1573 5476 et
1604 5421 1812 5490 frutice,
1850 5419 1985 5474 refe-

421 5527 571 5572 rente
609 5517 804 5582 Plinio,
839 5520 916 5572 sic
969 5520 1209 5572 muniunt
1262 5517 1671 5587 receptaculum,
1712 5525 1769 5568 ut
1801 5523 1985 5568 contra

421 5608 561 5673 feras
612 5608 814 5662 abunde
851 5609 1129 5663 vallentur.
1170 5607 1274 5674 Qui
1315 5608 1633 5678 stragulum,
1682 5606 1829 5659 molli
1864 5604 1983 5672 pul-

421 5715 533 5752 vere
560 5701 944 5763 eontumulant,
979 5717 1068 5754 nec
1095 5702 1148 5753 in
1180 5717 1280 5770 quo
1306 5700 1418 5754 loco
1445 5715 1682 5768 peperere
1710 5698 1982 5762 incubant,

420 5807 538 5844 nere
577 5795 657 5844 cui
691 5793 1009 5861 frequentior
1041 5794 1363 5848 conversatio
1402 5794 1469 5848 sit
1498 5801 1758 5861 suspecta,
1801 5800 1978 5844 trans-

2113 525 2358 593 quoniam
2387 525 2786 592 intemperantia
2811 524 3045 578 libidinis
3067 524 3317 594 frangunt
3347 543 3529 581 earum
3561 546 3680 592 ova,

2114 631 2178 668 ne
2237 614 2528 668 incubando
2589 616 2938 669 detineantur.
3010 615 3162 670 Unde
3216 626 3271 671 et
3327 619 3682 692 Aristophani

2115 708 2297 762 fictum
2333 709 2556 762 verbum
2584 709 2637 760 in
2661 707 2852 760 Avibus
2887 707 3305 778 ὲκπερδικίξειν,
3349 711 3386 763 i.
3416 727 3466 766 e.
3505 723 3684 770 astute

2113 799 2251 852 elabi
2307 798 2716 868 periculumque
2764 799 2952 854 vitare.
3019 798 3152 855 Vide
3198 799 3544 872 Rodiginum,
3584 805 3679 862 lib.

2114 905 2263 954 xxix,
2319 905 2439 960 cap.
2488 890 2575 944 26.
2612 889 2836 955 Tamen,
2886 899 2944 945 ut
2989 908 3088 962 ego
3133 893 3346 962 Opinor,
3372 901 3563 950 auctor
3591 896 3681 951 hic

2113 988 2300 1036 noster
2325 997 2443 1036 eam
2471 981 2773 1054 πανοῦργον
2801 984 3087 1053 appellavit
3115 987 3184 1040 ob
3217 987 3457 1042 libidinis
3487 989 3682 1044 intem-

2113 1072 2435 1139 perantiam,
2493 1074 2559 1128 de
2612 1090 2717 1144 qua
2750 1075 2870 1130 vide
2917 1075 3143 1141 Horum,
3194 1078 3290 1133 lib.
3329 1094 3391 1144 ιι,
3421 1096 3542 1150 cap.
3574 1081 3676 1149 95;

2112 1159 2346 1214 Plinium
2399 1161 2455 1217 d.
2509 1163 2666 1231 loco;
2717 1167 3054 1228 Athenaeum,
3098 1167 3191 1221 lib.
3249 1184 3338 1235 ix;
3373 1169 3676 1237 Elianum,

2114 1253 2208 1307 lib.
2233 1269 2323 1319 ut;
2361 1270 2481 1325 cap.
2508 1256 2608 1320 16;
2644 1257 2868 1313 Aristot.
2897 1273 2970 1321 Ix,
3005 1256 3082 1311 De
3103 1259 3224 1313 hist.
3255 1262 3442 1325 anim.,
3473 1278 3594 1333 cap.
3620 1262 3676 1328 8,

2112 1361 2233 1414 quae
2269 1346 2496 1400 aliorum
2537 1348 2848 1402 animalium
2894 1350 3099 1405 viribus
3126 1367 3232 1405 non
3270 1362 3547 1418 contenta,
3579 1369 3674 1410 ne-

2110 1434 2245 1490 farie
2269 1437 2322 1490 in
2348 1439 2618 1493 masculos
2644 1454 2763 1492 sese
2786 1439 2979 1508 agitat;
3001 1456 3100 1494 nec
3123 1457 3245 1494 eum
3267 1443 3453 1496 eadem
3475 1444 3674 1512 specie,

2113 1529 2208 1584 sed
2259 1537 2314 1582 et
2357 1543 2480 1582 cum
2523 1528 2722 1584 diversi
2771 1530 2984 1598 generis
3018 1531 3210 1588 avibus
3239 1547 3296 1588 se
3331 1535 3674 1595 commiscet.

2113 1621 2156 1675 si
2184 1620 2457 1673 Aristoteli
2483 1618 2756 1673 credimus
2782 1618 2858 1672 De
2878 1620 3206 1687 generatione
3235 1621 3455 1674 animal.
3475 1635 3595 1692 cap.
3619 1622 3672 1677 5.

2111 1707 2391 1778 Origenes,
2419 1707 2564 1761 hom.
2595 1707 2648 1760 4.
2686 1708 2742 1760 in
2773 1705 3057 1762 Jeremiam
3093 1725 3112 1764 :
3142 1708 3296 1761 Ἐστι
3325 1709 3381 1762 δὲ
3415 1709 3508 1762 καὶ
3537 1709 3677 1764 ἀκά-

2044 1808 2082 1862 3
2111 1801 2326 1874 Θαρτον,
2383 1800 2521 1854 ὥστε
2579 1801 2703 1864 τοὺς
2761 1799 3085 1872 Θηρεύοντας
3135 1802 3274 1872 (lego
3323 1802 3674 1874 χηρεύοντας)

2117 1897 2438 1966 μονομαχεῖν
2469 1894 2714 1963 ἀλλήλοις
2762 1895 2888 1964 περὶ
2935 1895 3030 1964 τῆς
3083 1893 3301 1966 μίξεως,
3330 1895 3424 1947 καὶ
3467 1895 3674 1966 ἄρρενα

2116 1986 2252 2056 μετὰ
2274 1986 2430 2055 νίκην
2459 1985 2753 2038 ἐπιϐαίνειν
2773 1985 2866 2037 τοῦ
2897 1986 3141 2056 ἄρρενος.
3166 1984 3278 2040 Nisi
3306 1995 3486 2041 tamen
3517 1987 3674 2042 aliter

2114 2076 2289 2130 locum
2324 2077 2457 2132 velis
2481 2092 2545 2131 ex
2591 2076 2810 2141 Basilio,
2844 2075 2991 2129 hom.
3026 2078 3079 2140 8,
3123 2077 3297 2146 legere
3335 2094 3348 2130 :
3379 2077 3606 2148 Δολερὸν
3643 2081 3674 2133 ὁ

2112 2165 2317 2237 πέρδιξ,
2349 2167 2442 2220 καὶ
2470 2167 2784 2237 ζηλότυπον,
2811 2165 3130 2237 κακούργως
3165 2166 3529 2238 συμπράττων
3556 2169 3673 2232 τοῖς

2112 2256 2399 2328 Θηρευταῖς
2445 2258 2579 2328 πρὸς
2619 2258 2717 2331 τὴν
2761 2257 2956 2328 ἄγραν.
2995 2256 3086 2312 Sic
3125 2257 3268 2312 enini
3314 2273 3421 2312 non
3457 2257 3524 2311 ad
3554 2258 3676 2327 ejus

2111 2349 2408 2412 libidinem,
2439 2347 2530 2402 sed
2570 2347 2637 2400 ad
2691 2347 2970 2411 callidum,
2997 2347 3436 2418 malitiosumque
3466 2347 3674 2403 referes

2111 2439 2404 2510 ingenium,
2457 2453 2564 2508 quo
2607 2437 2952 2493 venatoribus
2996 2444 3054 2491 ut
3111 2439 3242 2492 alias
3283 2438 3537 2508 deceptas
3579 2453 3672 2493 ca-

2110 2531 2277 2599 piant,
2310 2544 2528 2599 operam
2559 2537 2801 2599 praestat.

2173 2621 2308 2675 lbid.
2341 2621 2436 2676 lin.
2467 2621 2554 2674 2‘2.
2585 2620 2984 2690 Συμπράττων
3016 2619 3139 2686 τοῖς
3169 2620 3498 2690 θηρευταῒς.
3527 2618 3672 2675 Voce

2107 2715 2248 2768 enim
2292 2713 2429 2768 alias
2467 2713 2733 2778 alliciunt,
2778 2714 3109 2784 laqueosque
3142 2723 3448 2784 praeparant
3479 2714 3672 2769 amicis

2105 2807 2524 2875 inexspectatos,
2583 2806 2923 2876 praedamque
3000 2807 3264 2876 objiciunt
3334 2806 3664 2863 hominibus.

2072 2895 2496 2959 .Tbeodoretus,
2537 2904 2716 2952 caten.
2767 2899 2823 2951 in
2854 2897 3075 2962 Jerem.,
3131 2913 3251 2968 cap.
3285 2915 3415 2953 xvn.
3449 2899 3671 2967 Δέγοιτο

2102 2987 2144 3040 δ’
2181 2987 2247 3042 ἂν
2276 2989 2464 3059 πέρδιξ
2496 2989 2784 3060 θηρατικὸς
2819 2991 2911 3042 καὶ
2943 2992 2970 3042 ὁ
2998 2989 3353 3053 Βαϐυλώνιος.
3384 2990 3670 3053 Τοιούτους

2103 3079 2208 3150 γὰρ
2238 3082 2285 3132 οἱ
2319 3080 2423 3133 τῶν
2451 3081 2718 3152 περδίκων
2743 3082 3095 3152 περιφέρουσι
3123 3082 3399 3152 (inpexa-cal,
3431 3077 3505 3135 ὧν
3535 3081 3670 3153 πρὸς
3699 3129 3702 3134 .

2105 3171 2201 3243 τὴν
2241 3172 2421 3242 φωνὴν
2462 3172 2511 3225 οἱ
2545 3173 2820 3242 ὁμογενεῖς
2858 3172 3239 3242 συντρέχοντες
3269 3172 3518 3245 πέρδικες
3555 3175 3670 3236 τοῖς

2105 3263 2391 3336 θηράτροις
2431 3265 2808 3334 ἐμπίπτουσιν.
2834 3263 3011 3322 lllices
3063 3265 3292 3330 Latinis,
3329 3267 3530 3322 Graecis
3563 3282 3669 3318 πα-

2103 3353 2358 3426 λευτρίαι.
2414 3355 2593 3420 Quare
2633 3363 2687 3410 et
2741 3354 3048 3420 Turnebus,
3100 3356 3305 3411 advers.
3357 3357 3448 3410 lib.
3516 3374 3668 3424 xxiv,

2103 3466 2222 3520 cap.
2271 3451 2361 3515 58,
2421 3452 2599 3506 locum
2649 3450 2808 3505 Plinii
2852 3451 2925 3504 ita
2961 3451 3446 3521 legit:Capiuntur
3468 3467 3672 3523 quoque

2101 3547 2452 3614 pugnacitate,
2482 3555 2666 3599 contra
2713 3546 2929 3613 aucupis
2969 3545 3164 3600 illicem
3199 3554 3412 3600 exeunte
3440 3546 3493 3598 in
3531 3561 3669 3612 prae-

2105 3637 2228 3689 lium
2282 3636 2410 3690 duce
2465 3638 2622 3690 totius
2670 3637 2858 3706 gregis.
2915 3633 3192 3704 Oppianus
3244 3635 3317 3689 De
3375 3638 3663 3699 venatione,

2103 3725 2196 3779 lib.
2231 3741 2290 3781 ιι.
2341 3725 2658 3780 Perdicibus
2723 3726 2969 3780 homines
3012 3727 3089 3779 uti
3135 3726 3200 3779 ad
3233 3727 3420 3780 damas
3446 3730 3667 3796 capien-

2102 3814 2219 3878 das,
2245 3816 2522 3885 damisque
2547 3815 2613 3870 ad
2653 3815 2920 3885 perdices,
2949 3825 3135 3869 mutua
3167 3831 3401 3885 namque
3433 3816 3667 3871 familia-

2103 3905 2282 3967 ritate,
2311 3911 2364 3958 et
2398 3904 2757 3959 contubernio
2787 3905 3032 3968 devictae,
3063 3907 3241 3960 vicina
3287 3906 3488 3960 habent
3512 3906 3668 3961 cubi-

2103 3995 2194 4058 lia,
2217 3994 2514 4066 eodemque
2547 4004 2845 4066 pascuntur
2871 3997 2925 4050 in
2957 3997 3094 4051 loco.

2100 4109 2379 4176 Πέρδικες
2407 4110 2603 4178 θοῦροι
2639 4109 2706 4161 δὲ
2743 4111 3040 4178 πυρώδεες
3074 4110 3421 4178 αἱολόδειροι

2100 4183 2429 4246 Δόρκοισιν,
2484 4181 2692 4248 φιλίην
2730 4182 2888 4249 παρὰ
2933 4181 3218 4248 τέμπεσιν
3277 4181 3659 4236 ἐσπείσαντο.

2114 4251 2382 4304 Ἢθαλεοί
2410 4267 2470 4303 τε
2501 4249 2793 4303 πέλουσιν
2831 4251 2924 4303 καὶ
2946 4251 3305 4316 ἀλλήλοισιν
3323 4250 3591 4318 riparum,

2102 4321 2298 4387 Εὺνάς
2314 4320 2360 4372 τ’
2373 4319 2551 4387 ἐγγὺς
2567 4319 2800 4387 ἔχουσι,
2815 4320 2910 4373 καὶ
2925 4322 3034 4372 οὐκ
3047 4320 3342 4373 ἀπάνευθε
3361 4320 3660 4386 νέμονται.

2102 4338 2298 4384 avrae
2314 4338 2357 4372 τ
2373 4338 2402 4371 ε
2519 4340 2551 4385 ς
2567 4338 2595 4371 ε
2604 4338 2800 4387 χουσι,
2815 4338 2910 4373 και
2925 4338 3034 4372 ουκ
3047 4338 3342 4373 απανευσε
3361 4338 3594 4386 reports

2101 4386 2181 4444 τΗ
2208 4390 2373 4459 μάλα
2401 4338 2862 4458 δᾞΐιετόπισθεν
2883 4391 3172 4457 ὲταιρείης
3194 4390 3343 4458 τάχα
3379 4389 3594 4457 πικρῆς

2100 4460 2205 4514 Kal
2238 4461 2443 4528 φιλίης
2475 4461 2833 4513 ἀπέλαυσαν
2870 4461 3166 4528 ἁμειδέος.
3209 4461 3431 4513 ὁππότε
3473 4459 3666 4528 φῶτες

2098 4529 2411 4596 Κερδαλέοι
2445 4529 2736 4583 δειλοῖσιν
2779 4532 3066 4598 ἐπίφρονα
3090 4532 3444 4598 μητίσαιντο

2098 4599 2384 4666 Πέρδικας
2408 4599 2670 4669 δόρᾳιοισι
2707 4602 2906 4669 φίλοις
2937 4601 3233 4665 ἀπατήλια
3261 4599 3464 4665 θέντες

2102 4672 2361 4738 Ἐμπαλι
2388 4669 2438 4721 δ’
2464 4666 2540 4724 αὖ
2581 4666 2832 4738 δόρριους
2867 4669 3096 4738 ἑτάροις
3125 4671 3230 4724 ἴσα
3250 4669 3658 4738 περδίκεσσιν.

2165 4779 2297 4836 lbid.
2329 4783 2637 4851 Ἀλλότρια
2667 4782 2734 4835 δὲ
2772 4783 3062 4840 κλέπτων.
3119 4784 3381 4847 Isidorus,
3411 4784 3506 4839 lib.
3558 4797 3656 4839 xu.

2095 4878 2258 4946 capit.
2315 4876 2368 4941 7,
2425 4875 2565 4929 Adeo
2616 4884 2787 4928 autem
2840 4875 3198 4940 fraudulenta,
3252 4885 3308 4928 ut
3361 4875 3514 4928 alteri
3563 4890 3658 4927 ova

2093 4967 2342 5032 diripiens
2374 4967 2541 5036 foveat
2573 4983 2591 5019 :
2634 4966 2783 5034 fraus
2825 4965 3054 5033 fructum
3084 4983 3185 5018 non
3227 4965 3399 5020 habet.
3427 4964 3659 5034 Denique

2092 5056 2217 5108 dum
2256 5056 2387 5123 pulli
2413 5055 2641 5124 propria:
2666 5071 2835 5109 vocem
2864 5057 3133 5124 genitricis
3184 5055 3469 5118 audierint,
3496 5065 3655 5109 natu-

2092 5146 2195 5198 rali
2215 5145 2439 5216 quodam
2461 5147 2712 5199 instinctu
2733 5146 2886 5207 hanc.
2905 5162 3019 5215 qua:
3043 5161 3132 5199 eos
3160 5145 3308 5214 fovit,
3337 5143 3655 5215 relinquunt,

2090 5249 2140 5292 et
2198 5238 2267 5292 ad
2319 5238 2551 5292 eamdem
2589 5254 2704 5308 qua:
2746 5241 2919 5308 genuit
2964 5246 3309 5291 revertuntur.
3337 5237 3655 5292 Consimilia

2092 5329 2256 5383 habet
2295 5327 2640 5394 Ambrosius,
2703 5328 2798 5381 lib.
2855 5342 2940 5390 vr,
2988 5343 3108 5396 cap.
3154 5327 3220 5390 5,
3269 5326 3324 5378 in
3363 5323 3655 5389 Hexaem.;

2089 5419 2242 5474 Phile
2272 5421 2326 5472 in
2358 5419 2581 5486 iambis;
2611 5417 2947 5488 Epiphanius
2978 5419 3029 5471 in
3060 5416 3398 5488 Physiologo,
3447 5417 3651 5487 cap.9;

2090 5511 2450 5581 Hieronymus
2499 5511 2554 5564 in
2608 5525 2729 5580 cap.
2754 5526 2862 5563 xvn
2900 5509 3165 5574 Jercmiae,
3200 5514 3255 5562 in
3281 5525 3440 5579 quem
3468 5511 3652 5564 locum

2087 5613 2142 5658 et
2204 5602 2525 5673 Hippolytus
2597 5610 2805 5673 martyr
2870 5603 2925 5656 in
2975 5610 3191 5666 catena,
3247 5604 3322 5655 οὐ
3394 5602 3572 5674 μάτην
3625 5602 3655 5654 ὁ

2088 5698 2372 5768 προφήτης
2401 5696 2710 5766 ἁπεφήνετο
2733 5695 2794 5746 τὸ
2827 5693 2987 5766 ῥητὸν
3015 5697 3082 5766 τῇ
3116 5695 3208 5749 τοῦ
3243 5695 3380 5760 ζὼου
3410 5692 3652 5765 παραδο-

2085 5789 2150 5862 λῇ
2174 5787 2469 5860 χρώμενος.
2501 5786 2608 5842 Τοῦ
2626 5787 2733 5856 γὰρ
2752 5786 3004 5859 πέρδικος
3029 5788 3306 5855 κενοδόξου
3329 5787 3468 5852 ζὼου
3489 5786 3657 5844 ﬁndo.-
