4124 6414
425 360 527 415 909

1544 355 1614 411 IN
1651 356 2027 414 EUSTATH'll
2068 357 2548 415 HEXAE‘MERON
2579 354 2812 413 ΝΟΤΒ.

3570 366 3674 420 9l0

424 492 626 548 κοντος,
680 475 817 531 ἐπὰν
872 477 1098 549 πλησίον
1137 476 1222 548 ἴδῃ
1279 475 1464 548 ἑτέρου
1512 475 1766 548 πέρδικος
1805 477 1987 532 καλιὰν.

2101 486 2195 531 aut
2249 479 2474 547 pavonis
2520 480 2695 532 cauda
2753 493 2861 531 non
2916 478 3181 549 dignosci,
3224 481 3295 534 ob
3352 481 3673 535 continuum

424 571 667 633 νεοττοὺς
695 568 1314 639 ἔχουσαν,ιάποπτάντος
1340 566 1434 620 τοῦ
1471 570 1673 639 πατρὸς
1695 567 1876 622 αὐτῶν
1905 570 1998 623 ἐπὶ

423 662 520 734 τὴν
542 661 732 733 νομὴν,
753 659 1085 731 μιμούμενος
1107 659 1203 730 τὴν
1217 657 1311 710 τοῦ
1328 657 1606 726 ἀλλοτρίου
1630 659 1811 731 φωνὴν
1830 677 1998 733 προσ-

425 752 665 806 καλεῖται
715 751 851 822 πρὸς
892 749 1081 803 ἑαυτὸν
1126 750 1252 811 τοὺς
1288 747 1551 811 νεοττούς.
1585 749 1647 801 Oi
1684 747 1741 800 δὲ
1765 751 1992 815 νεοσσοὶ,

424 846 740 916 νομίσαντες
775 843 867 895 τὸν
895 842 1023 896 ἴδιον
1052 840 1230 894 αὐτῶν
1264 839 1528 911 ὑπάρχειν
1564 839 1794 910 πατέρα,
1829 854 1996 909 προσ-

424 937 704 1009 τρέχουσιν
761 934 926 1005 αὐτῷ.
974 934 1031 986 '0
1069 933 1127 986 δὲ
1174 933 1441 1003 ὲγγαυριᾷ
1480 932 1537 983 ὲν
1567 930 1862 1003 ἀλλοτρίοις
1902 930 1993 983 τέ-

424 1045 572 1090 κνοις
606 1027 681 1090 ὡς
720 1025 888 1088 ἰδίοις.
931 1023 1203 1087 Ἐλθόντος
1245 1022 1301 1075 δὲ
1341 1021 1435 1076 τοῦ
1476 1022 1607 1076 ἰδίου
1640 1023 1865 1093 πατρὸς,
1900 1021 1995 1075 καὶ

426 1118 736 1190 βοήσαντος,
779 1116 876 1187 τὴν
931 1114 1065 1169 ἰδίαν
1102 1115 1284 1184 φωνὴν
1321 1114 1634 1181 ἐπιγνόντες
1661 1114 1711 1166 οἱ
1744 1113 1990 1177 νεοσσοὶ,

426 1208 813 1272 καταλιπόντες
835 1208 924 1261 τὸν
949 1206 1120 1269 νόθον,
1142 1206 1276 1278 πρὸς
1293 1206 1383 1259 τὸν
1413 1205 1543 1260 ῑδιον
1574 1206 1786 1278 πατέρα
1806 1206 1996 1276 πορεύ-

425 1318 592 1356 ονται.
617 1300 680 1355 Ει
697 1299 1113 1372 Olympiodorus
1138 1316 1152 1353 :
1180 1300 1241 1350 '0
1267 1296 1474 1370 πέρδιξ,
1502 1296 1577 1361 ὥς
1600 1315 1781 1367 φασιν,
1818 1298 1987 1367 ὑπερ-

422 1395 628 1465 ήφανος
642 1392 738 1458 ὢν,
756 1391 843 1446 διὰ
859 1392 957 1462 τῆς
972 1392 1157 1462 φωνῆς
1184 1393 1311 1455 τοὺς
1338 1392 1647 1464 ἀλλοτρίους
1674 1389 1994 1463 προσκαλεί-

420 1501 510 1537 ται
537 1483 780 1548 νεοττούς
803 1501 818 1516 ⁸
854 1485 1062 1549 Οἵτινες
1088 1483 1307 1553 γνόντες
1335 1482 1581 1557 ὕστερον,
1612 1485 1693 1537 ὅτι
1727 1483 1827 1536 οὐκ
1856 1482 1993 1535 εἰσὶν

420 1573 604 1638 αὑτοῦ,
658 1573 1155 1645 καταλιμπάνουσιν
1213 1570 1417 1635 αὐτόν.,
1445 1571 1872 1643 Chrysostomus
1935 1568 1991 1623 in

417 1665 668 1719 eumdem
691 1665 890 1721 locum.
916 1663 1256 1729 Perdicibus,
1286 1664 1461 1727 aiunt,
1495 1663 1598 1717 hoc
1626 1677 1750 1718 esse
1783 1660 1840 1715 in
1886 1675 1991 1716 usu

417 1763 541 1825 post
565 1769 793 1811 ovorum
821 1756 1193 1812 exclusionem
1216 1754 1396 1825 pullos
1429 1753 1670 1810 clamore
1696 1753 1985 1816 advocare,

416 1848 592 1917 iisque
620 1857 846 1904 matrem
885 1849 1119 1919 privare.
1149 1847 1329 1911 Ἐθος,
1362 1846 1492 1916 φησὶ
1509 1845 1650 1916 (lego
1663 1842 1837 1914 φασὶ),
1861 1842 1988 1907 τοὺς
2020 1834 2061 1889 Β

416 1938 698 2011 πέρδικας,
731 1939 868 2012 μετὰ
910 1940 970 1993 τὸ
1010 1939 1377 2012 ἀωτεχθῆναι
1405 1937 1512 1992 τῶν
1537 1937 1660 1991 ὠῶν
1686 1938 1813 2001 τοὺς
1839 1953 1989 1990 νεοτ-

413 2031 540 2096 τοὺς
566 2035 632 2104 τῇ
668 2035 818 2105 φωνῇ
858 2031 1302 2102 προσκαλεῖσθαι,
1348 2032 1443 2086 καὶ
1489 2028 1730 2102 γυμνοῦν
1769 2029 1868 2102 τὴν
1897 2045 1990 2082 τε-

414 2126 513 2181 κοῦ
522 2143 639 2181 σαν.
1562 2122 1563 2125 “

483 2217 646 2286 lbid.,
675 2219 774 2273 lin.
803 2218 895 2274 26.
926 2217 1166 2289 Λάγνον
1206 2217 1244 2285 ἡ
1290 2215 1627 2286 περιστερά.
1664 2214 1779 2271 Mas
1816 2213 1984 2279 enim,

416 2321 479 2367 ut
522 2313 688 2367 tradit
718 2311 916 2379 Horas,
950 2313 1041 2367 ubi
1089 2312 1369 2368 robustior
1397 2312 1634 2367 evaserit
1655 2326 1723 2367 ex
1755 2324 1985 2365 consor-

417 2403 493 2457 tio
521 2405 729 2468 matris,
753 2414 960 2475 patrem
992 2404 1232 2474 expellit,
1256 2402 1445 2473 sicque
1471 2403 1520 2457 ei
1553 2402 1835 2457 connubio
1857 2400 1990 2469 jun-

416 2497 578 2564 gitur.
627 2495 684 2548 Ὀ
712 2496 819 2568 γὰρ
847 2497 1043 2567 ἄρσην,
1079 2496 1423 2569 ἰσχυρότερος
1457 2494 1767 2565 γενόμενος,
1802 2490 1986 2546 διώκει

414 2587 506 2641 τὸν
543 2585 732 2641 ἑαυτοῦ
766 2587 975 2660 πατέρα
999 2588 1108 2641 ἀπὸ
1135 2589 1234 2659 τῆς
1270 2584 1495 2658 μητρὸς,
1514 2586 1609 2640 καὶ
1637 2584 1809 2649 οὕτως
1848 2585 1985 2656 αὐτῇ

415 2680 554 2751 πρὸς
600 2679 776 2751 γάμον
839 2679 1091 2750 μίσγεται
1129 2697 1143 2733 :
1178 2678 1261 2734 vel
1311 2683 1370 2732 ut
1422 2678 1745 2733 Aristoteles
1798 2675 1984 2740 tradit,

418 2771 540 2826 libr.
576 2786 654 2835 is,
699 2770 777 2826 De
801 2770 991 2824 histor.
1018 2769 1207 2834 anim.,
1243 2784 1363 2839 cap.
1422 2767 1472 2831 7,
1535 2768 1715 2839 pullos
1770 2765 1986 2822 adultos

413 2863 548 2931 jam,
579 2877 702 2918 cum
733 2869 948 2932 tempus
977 2861 1284 2931 prodeundi
1310 2875 1374 2915 ex
1400 2860 1530 2914 nido
1559 2867 1665 2926 est,
1691 2874 1810 2913 mas
1857 2858 1989 2915 sub-

417 2955 536 3027 igit.
569 2952 667 3009 Vel
696 2954 823 3025 quia
854 2969 919 3008 ex
977 2954 1166 3009 eodem
1219 2953 1314 3007 lib.
1353 2967 1433 3018 γι,
1470 2967 1591 3023 cap.
1618 2951 1673 3018 2,
1703 2958 1759 3006 et
1809 2948 1988 3005 Plinio

418 3043 513 3098 lib.
548 3059 605 3105 ι,
635 3058 758 3114 cap.
799 3042 890 3107 58,
923 3043 1200 3115 peculiare
1233 3044 1305 3097 sit
1337 3042 1466 3107 illis,
1504 3050 1564 3097 ut
1613 3043 1669 3096 in
1697 3042 1844 3096 coitu
1880 3040 1985 3096 nisi

2096 568 2326 634 lucis,et
2347 577 2653 622 atomorum
2685 568 3123 640 eilluxum,quod
3155 570 3470 635 Lucretius,
3490 572 3585 625 lib.
3613 589 3671 630 ιι.

2094 659 2182 714 bis
2215 659 2463 714 versibus
2491 659 2730 714 asseruit
2758 678 2770 690 -

2096 790 2292 863 Pluma
2343 792 2704 847 columbarum
2754 810 2856 863 quo
2897 807 3050 863 pacto
3081 797 3136 848 in
3162 797 3269 850 sole
3303 797 3506 851 videtur

2097 861 2228 935 Qum
2259 864 2363 914 sita
2390 864 2607 935 cervices
2637 861 2857 926 circum,
2891 861 3185 935 collumque
3217 879 3458 921 coronat.

2097 930 2340 1007 {Vamq‘ue
2372 932 2508 987 alias
2537 935 2597 1007 ﬁt
2630 936 2708 986 uti
2749 935 2894 1007 claro
2930 940 2999 988 sit
3034 930 3207 1007 rubra
3241 952 3479 1007 pyropo;

2096 1000 2371 1073 Interdum
2411 1000 2640 1073 quodam
2676 1021 2832 1058 sensu
2862 1006 2924 1073 ﬁt
2963 1006 3041 1058 uti
3086 1000 3325 1060 videaiur

2092 1070 2246 1146 [nter
2268 1070 2545 1126 cwruleum
2574 1075 2762 1146 virides
2788 1070 3003 1129 miscere
3028 1078 3366 1146 smaragdos,

2094 1140 2381 1215 Qaudaque
2405 1145 2621 1211 pavonis
2652 1144 2803 1214 larga
2827 1161 2945 1198 cum
2980 1147 3092 1199 luce
3120 1140 3317 1215 repleta
3346 1140 3424 1203 est

2096 1211 2377 1267 Consimili
2408 1222 2578 1266 mutat
2621 1211 2826 1269 ratione
2855 1216 3071 1270 obversa
3096 1211 3319 1273 colores.

2096 1321 2294 1379 Sextus
2311 1323 2641 1395 Empiricos,
2665 1325 2934 1399 Pyrrhon.
2954 1327 3226 1401 Hypotyp.
3252 1330 3348 1385 lib.
3372 1348 3411 1397 ι,
3441 1346 3562 1401 cap.
3584 1332 3671 1396 14,

2091 1417 2200 1469 Καὶ
2222 1417 2271 1469 ol
2298 1417 2557 1489 τράχηλοι
2588 1418 2645 1472 δὲ
2675 1419 2782 1474 τῶν
2820 1423 3161 1494 περιστερῶν
3193 1422 3343 1495 παρὰ
3368 1422 3467 1487 τὰς
3488 1424 3672 1493 διαφό-

2097 1525 2222 1580 ρους
2269 1510 2567 1575 ὲπικλίσεις
2603 1511 2847 1585 διάφοροι
2913 1514 3189 1582 φαίνονται
3252 1517 3395 1569 κατὰ
3453 1517 3668 1589 χρῶμα.

2092 1596 2247 1666 Quod
2276 1601 2351 1655 ita
2379 1602 2653 1671 expressit
2698 1603 3089 1676 Hieronymus.
3122 1603 3502 1661 Columbarum
3532 1608 3672 1663 colla

2091 1691 2161 1746 ad
2191 1692 2426 1763 singulas
2460 1697 2819 1751 conversiones
2845 1697 3077 1752 colorem
3109 1708 3339 1754 mutant.
3370 1699 3671 1755 Martianus

2092 1782 2169 1838 De
2214 1784 2409 1853 nuptiis
2435 1783 2590 1840 Philo
2621 1806 2634 1841 :
2669 1787 2956 1847 Arcesilas.
2989 1789 3188 1858 inquit,
3219 1789 3414 1843 collum
3461 1791 3669 1845 intuens

2088 1874 2442 1929 columbinum
2500 1877 2780 1933 dubitabat
2842 1895 2860 1933 :
2911 1881 3168 1951 siquidem
3243 1881 3342 1936 hac
3399 1893 3669 1950 permotus

2088 1967 2358 2023 varietatis
2410 1970 2781 2026 incertitudine
2824 1974 3050 2042 amplius
3102 1984 3340 2030 astruere
3377 1976 3670 2031 ἁκανταλι-

2086 2056 2216 2127 ψίαν
2247 2061 2418 2129 coepit.
2450 2062 2729 2133 Apuleius,
2762 2063 2842 2118 De
2882 2066 3054 2131 asino,
3084 2066 3181 2121 lib.
3219 2081 3258 2120 ιι
3296 2087 3308 2122 :
3356 2066 3514 2122 Nunc
3552 2086 3671 2123 cor-

2088 2153 2209 2206 vina
2251 2153 2516 2223 nigredine
2544 2154 2820 2221 cteruleus,
2844 2159 3211 2213 columbarum
3254 2161 3378 2214 colli
3415 2162 3668 2231 ﬂosculus

2088 2241 2390 2312 temulatur,
2440 2244 2515 2299 vel
2563 2262 2682 2299 cum
2712 2249 2875 2318 guttis
2898 2249 3141 2304 Arabicis
3189 2250 3467 2315 obunctus,
3500 2261 3553 2306 et
3579 2268 3671 2321 pe-

2089 2336 2242 2405 ctinis
2293 2337 2469 2407 arguti
2514 2335 2665 2393 dente
2698 2341 2839 2392 tenui
2869 2339 3294 2396 discriminatur.
3320 2342 3537 2399 Modum
3571 2361 3668 2399 au—

2088 2432 2198 2480 tem
2236 2442 2345 2497 quo
2403 2428 2672 2483 columbae
2715 2430 3078 2487 versicolores
3121 2432 3428 2488 efﬁciantur
3456 2437 3530 2489 ita
3575 2451 3669 2491 ex-

2090 2517 2290 2586 pressit
2323 2516 2623 2589 Oppianus,
2652 2522 2749 2577 lib.
2791 2538 2831 2588 ι,
2857 2522 2932 2577 De
2961 2534 3156 2589 venat.,
3186 2541 3332 2581 vers.
3357 2527 3463 2582 548
3495 2544 3508 2580 :

2093 2628 2233 2708 '_I'_oid
2255 2649 2353 2708 fu
2382 2634 2657 2708 κάκεῖνοι.
2675 2635 2829 2689 τοῖσι
2848 2636 3111 2708 ,δόνακες
3143 2638 3528 2708 μεμέληνται,

2087 2702 2717 2777 Μησάθην-πυξιινοῖσι
2750 2707 3048 2775 νοήμασιν
3083 2702 3389 2777 Ζεὲυξῆρεξ-

2100 2770 2362 2846 ξρππόζε
2384 2773 2749 2846 δαιδάλλωσι
2774 2770 3171 2844 πεᾶηϊάὸεσσι
3192 2770 3513 2846 νεόσσούς.

2085 2841 2237 2917 {iure
2264 2842 2373 2917 γὰρ
2399 2845 2463 2910 ἐς
2500 2847 2791 2917 φιλότητα
2815 2841 2945 2902 θοαὶ
2980 2848 3276 2917 τρήρωνες
3303 2850 3455 2912 ἴωσι,

2088 2914 2458 2991 lytra-tiaeer
2504 2916 2872 2991 σιξομάτεσσι
2904 2914 3352 2991 ,βαρουεὲθόγγὲοις
3397 2921 3665 2991 ἀλόχοιο.

2089 2980 2520 3060 ρὴίτόέεμῆτιν
2543 2980 2758 3060 ὒςὲαινε
2782 2980 3475 3060 κλυτὴντιθασὸτρόφος
3489 2980 3665 3060 ἀνὴρ,

2095 3053 2267 3125 Ἀγχι
2309 3053 2377 3107 δὲ
2411 3053 2830 3125 θηλυτέρῃσιν
2879 3053 3134 3123 ἐθήκατο
3182 3053 3668 3116 δαίδαξλααολξὶὰ

417 3142 544 3189 ante
563 3141 755 3189 mutuo
778 3134 1117 3200 osculentur,
1139 3148 1260 3189 mas
1282 3148 1393 3189 non
1412 3132 1694 3196 ascendat,
1718 3134 1804 3187 vel
1830 3134 1980 3202 quia,

2092 3124 2318 3202 ξῖματα
2334 3127 2657 3202 πορφύρεα.
2700 3129 2800 3202 Tal
2825 3128 2894 3181 δὲ
2917 3129 3127 3202 gelicior
3160 3130 3311 3202 beroe
3333 3131 3663 3196 βαλοῦσαι,

415 3237 476 3282 ιιι
525 3243 592 3282 ex
643 3227 937 3283 Aristotele
968 3226 1137 3282 refert
1166 3225 1463 3280 Athenaeus
1516 3224 1612 3279 lib.
1654 3238 1733 3287 ix,
1769 3222 1984 3278 feminae

416 3319 640 3375 absente
695 3333 848 3373 mare
885 3330 1006 3373 sese
1051 3318 1391 3383 osculantur,
1432 3317 1717 3387 subigunt,
1755 3323 1811 3372 et
1858 3331 1985 3371 cum

415 3411 471 3464 in
530 3426 650 3466 sese
698 3410 962 3481 geniturae
1013 3410 1151 3464 nihil
1188 3407 1491 3474 effundant,
1523 3421 1625 3462 ova
1676 3407 1919 3477 pariunt,
1956 3420 1987 3459 e

414 3504 615 3572 quibus
666 3503 849 3573 pullus
893 3517 999 3557 non
1040 3502 1239 3558 editur.
1282 3502 1464 3568 Quare
1488 3508 1544 3557 et
1569 3497 1772 3555 Veneri
1803 3513 1982 3564 sacra,

415 3595 559 3664 apud
583 3594 855 3651 [Elianum
887 3594 965 3648 De
986 3595 1176 3650 histor.
1206 3596 1434 3659 animm,
1463 3593 1556 3647 lib.
1625 3608 1700 3656 tv,
1750 3607 1872 3663 cap.
1925 3590 1982 3657 2,

414 3692 469 3739 et
492 3684 571 3739 De
603 3685 750 3739 varia
781 3685 994 3749 histor.,
1049 3686 1143 3740 lib.
1197 3701 1236 3750 ι,
1274 3700 1395 3756 cap.
1438 3685 1526 3749 15,
1561 3685 1758 3755 legitur
1802 3691 1986 3738 tamen

415 3779 482 3831 de
508 3777 637 3844 illis,
657 3776 971 3849 pudicitiam
999 3778 1110 3833 illis
1139 3793 1263 3833 esse
1289 3777 1544 3848 primam,
1573 3784 1628 3832 et
1650 3776 1828 3831 neutri
1856 3782 1985 3845 nota

413 3865 701 3931 adulteria,
738 3867 1085 3937 conjugiique
1121 3865 1283 3922 fidem
1329 3881 1441 3921 non
1476 3866 1706 3931 violare,
1740 3879 1986 3920 commu-

412 3970 647 4026 nemque
681 3973 903 4013 servare
937 3957 1183 4013 domum.

480 4048 614 4106 Ibid.
652 4053 826 4106 Ἔστι
851 4051 919 4105 δὲ
940 4050 1212 4121 δένδρον.
1230 4051 1426 4109 Petrus
1457 4051 1776 4117 Damianus,
1799 4053 1890 4108 lib.
1916 4067 1980 4116 ιι,

410 4157 497 4212 ep.
547 4142 663 4208 18,,
697 4142 812 4208 Est,
870 4144 1066 4214 inquit,
1128 4145 1185 4198 in
1207 4143 1382 4199 India:
1422 4146 1615 4214 ﬁnibus
1657 4144 1836 4210 arbor,
1867 4161 1986 4216 qua;

413 4232 591 4289 Graece
620 4235 944 4305 peridexium
972 4246 1207 4301 vocatur,
1225 4240 1377 4306 cujus
1396 4238 1574 4308 utique
1598 4236 1802 4305 fructus
1827 4238 1984 4291 nimis

409 4334 489 4380 est
517 4326 708 4393 dulcis,
740 4339 789 4382 et
842 4327 992 4383 valde
1021 4330 1221 4396 suavis,
1276 4330 1331 4383 in
1379 4329 1535 4398 hujus
1575 4328 1782 4384 arboris
1824 4330 1985 4398 igitur

321 4460 335 4479 ,
410 4419 585 4488 gratia
610 4419 864 4474 columba:
892 4436 999 4474 non
1022 4420 1221 4475 modice
1253 4420 1612 4485 delectantur;
1641 4420 1794 4490 cujus
1825 4419 1984 4472 nimio

2011 3172 2054 3229 (ἶ
2089 3172 2288 3262 Θυῖιὸν
2328 3172 2651 3265 ὶαιῖὂῖιιῖναι
2703 3198 2967 3252 electabo"
3029 3172 3660 3270 Μιπόρφνυῖἆπξέἱφῖαξ

2100 3358 2107 3364 ,
2156 3292 2318 3371 lbid.,
2368 3307 2465 3362 lin.
2512 3307 2603 3361 40.
2639 3310 3003 3362 Φιλότεκνον
3022 3310 3062 3377 ἡ
3094 3308 3346 3377 κορώνη.
3398 3310 3659 3375 Basilius,

2089 3398 2234 3453 hom.
2269 3397 2323 3464 8,
2360 3398 2671 3454 Ἐπαινετὺν
2708 3401 2810 3471 τῆς
2851 3399 3098 3472 κορώνης
3138 3401 3200 3453 τὸ
3249 3400 3559 3468 φιλότεκνον
3589 3402 3664 3474 ’ἡ

2086 3491 2182 3544 καὶ
2214 3490 2533 3560 πετομένοις
2565 3491 2666 3563 ἤδη
2689 3491 2999 3563 παρέπεται
3029 3491 3303 3556 σιτίζουσα
3331 3491 3548 3557 αὐτοὺς,
3571 3493 3666 3547 καὶ

2086 3580 2426 3652 ἐκτρέφουσα
2449 3581 2615 3652 μέχρι
2638 3581 2914 3634 πλείστου.
2953 3580 3132 3650 Hujus
3159 3581 3539 3653 φιλοστοργίαν
3571 3597 3657 3636 ex-

2086 3670 2252 3740 plicat
2278 3668 2480 3733 Horus.
2535 3671 2628 3726 lib.
2684 3686 2750 3733 ιι,
2776 3685 2899 3741 cap.
2946 3670 3038 3734 97,
3086 3678 3142 3725 et
3188 3670 3539 3734 Aristoteles,
3584 3668 3664 3725 De

2086 3761 2274 3818 histor.
2326 3762 2550 3817 animal.
2589 3762 2688 3817 lib.
2723 3778 2800 3827 νι,
2840 3777 2963 3831 cap.
2997 3761 3053 3825 6,
3105 3762 3300 3817 Omnes
3346 3762 3454 3831 fere
3510 3763 3663 3817 alites

2086 3854 2273 3925 quibus
2301 3870 2500 3925 ungues
2537 3853 2731 3907 adunci
2759 3853 2956 3921 pullos,
2982 3870 3101 3908 cum
3124 3855 3354 3925 primum
3384 3854 3665 3924 provolan-

2086 3946 2142 3999 di
2175 3946 2408 4015 facultas
2445 3945 2627 4014 fuerit,
2687 3945 2813 4001 nido
2855 3947 3148 4015 expellunt,
3216 3949 3665 4017 percutientesque

2085 4047 2281 4108 cogunt
2310 4038 2608 4101 discedere;
2634 4047 2683 4092 et
2713 4047 2918 4093 cceterce
2937 4054 3138 4109 quoque
3164 4053 3282 4092 aves
3297 4039 3532 4091 maxima
3557 4040 3666 4108 fere

2086 4132 2172 4184 sui
2199 4139 2349 4199 parte
2370 4170 2384 4193 ,
2410 4138 2471 4182 ut
2511 4131 2709 4184 dictum
2738 4139 2837 4194 est,
2870 4131 3009 4184 idem
3037 4130 3134 4185 hoc
3163 4129 3367 4199 faciunt
3398 4145 3415 4183 :
3446 4147 3664 4201 cumque

2085 4223 2400 4276 enutrierint
2431 4222 2564 4276 nihil
2585 4231 2844 4292 prceterea
2875 4221 3124 4275 adhibent
3150 4237 3292 4275 cura:
3306 4231 3523 4291 excepta
3544 4238 3663 4276 cor-

2086 4313 2221 4374 nica,
2264 4329 2382 4383 qua:
2407 4311 2719 4384 aliquandiu
2746 4314 2982 4381 providet
3010 4331 3028 4367 :
3054 4313 3244 4383 quippe
3282 4293 3400 4383 qum
3427 4312 3660 4368 volantes

2077 4406 2196 4475 jam
2226 4422 2349 4459 suos
2386 4405 2559 4473 pullos
2587 4421 2805 4474 pascens
2847 4408 2965 4475 ipsa
2993 4406 3289 4461 comitetur.
3323 4404 3390 4458 Et
3423 4403 3656 4470 Plinius,

413 4526 529 4562 rum
561 4526 674 4576 eas,
717 4518 766 4564 et
816 4511 1018 4580 fructus
1061 4511 1248 4580 reﬁcit,
1272 4520 1322 4566 et
1369 4511 1557 4566 umbra
1596 4510 1848 4579 defendit.
1887 4510 1987 4565 Te—

2091 4499 2187 4553 lib.
2216 4513 2271 4561 x,
2303 4512 2423 4567 cap.
2464 4497 2553 4560 ια,
2582 4497 2848 4552 Prceterea
2897 4498 3016 4552 sola
3064 4498 3175 4552 haec
3221 4500 3384 4553 etiam
3419 4497 3656 4553 volantes

412 4602 656 4655 terrimus
719 4603 856 4656 enim
910 4602 1071 4656 draco
1126 4602 1283 4672 ferali
1325 4618 1415 4656 eas
1450 4604 1781 4657 immanitate
1804 4616 1979 4670 perse-

408 4696 606 4766 quitur,
636 4703 686 4749 et
741 4696 937 4752 cruenti
964 4697 1191 4766 gutturis
1227 4694 1476 4750 barathro
1507 4695 1769 4750 inhiantes
1799 4694 1982 4751 absor-

410 4785 526 4840 bere
549 4786 783 4842 molitur.
809 4784 911 4840 Sed
932 4787 1067 4841 sicut
1091 4786 1345 4840 columba:
1368 4787 1671 4851 draconem,
1691 4789 1769 4841 ita
1785 4786 1980 4840 nihilo-

408 4878 581 4931 minus
619 4877 782 4931 draco
815 4876 1068 4946 formidat
1091 4895 1228 4943 eam,
1253 4895 1411 4949 quant
1438 4879 1783 4947 praediximus
1815 4881 1977 4933 arbo-

408 4982 539 5034 rem,
568 4966 659 5021 sed
702 4968 960 5036 pracipue
996 4967 1155 5021 timet
1201 4967 1466 5032 umbram,
1499 4969 1577 5023 ita
1604 4978 1664 5022 ut
1700 4970 1747 5022 si
1787 4968 1979 5022 umbra

410 5059 568 5128 fuerit
601 5075 633 5113 a
661 5068 811 5128 parte
856 5058 1062 5112 arboris
1086 5058 1296 5123 dextra,
1322 5060 1419 5114 illa
1452 5060 1571 5115 licet
1599 5060 1784 5131 procul
1809 5061 1980 5131 fugiat

409 5151 477 5203 ad
503 5152 797 5214 sinistram,
825 5149 964 5221 quod
995 5151 1044 5204 si
1070 5149 1259 5204 umbra
1288 5151 1517 5205 cernitur
1537 5151 1592 5205 in
1617 5151 1858 5214 sinistra,
1888 5150 1980 5204 ille

407 5250 643 5295 vertatur
674 5239 743 5293 ad
779 5240 1068 5295 dexteram.
1103 5239 1278 5295 Donec
1317 5257 1440 5312 ergo
1470 5240 1724 5296 columba:
1755 5241 1851 5295 sub
1885 5258 1977 5296 ar-

407 5335 547 5387 boris
572 5333 720 5388 illius
750 5333 1281 5403 umbraculafuerint
1319 5347 1677 5399 commoratur,
1696 5335 1857 5390 nullis
1887 5352 1978 5390 eas

405 5423 632 5478 crudelis
673 5424 771 5478 illa
807 5424 971 5480 bestia
1018 5425 1157 5478 valet
1196 5423 1401 5479 insidiis
1433 5423 1643 5489 lwdere,
1668 5425 1902 5497 alioquin
1930 5427 1978 5479 si

403 5518 587 5586 procul
616 5532 707 5570 eas
736 5516 1009 5582 invenerit,
1041 5519 1153 5572 sine
1184 5517 1296 5571 ullo
1325 5517 1759 5571 contradictionis
1796 5517 1978 5574 obsta-

402 5611 521 5664 culo
550 5610 847 5679 repentinus
875 5611 1095 5664 invadit.

486 5700 644 5765 ιδιά..
684 5700 781 5754 lin.
818 5699 907 5754 54.
940 5701 1048 5754 οἵα
1077 5699 1145 5754 δέ
1173 5701 1343 5756 ἐστιν
1373 5700 1414 5768 ἡ
1443 5701 1648 5769 φύσις.
1689 5700 1980 5774 Anaxago-

400 5809 492 5848 “as
517 5794 751 5848 colorem
779 5800 986 5847 certum
1008 5791 1318 5862 plumarum
1338 5791 1397 5848 ia
1425 5793 1568 5849 collo
1596 5792 1976 5850 columbarum

2086 4589 2262 4659 pullos
2291 4589 2606 4659 aliquandiu
2643 4590 2814 4658 pascit
2844 4590 3340 4658 inauspicatissima
3371 4589 3508 4660 fetus
3535 4600 3659 4644 tent-

2085 4698 2231 4751 pore,
2263 4684 2360 4737 hoc
2377 4690 2454 4737 est
2478 4692 2595 4752 post
2616 4681 2923 4737 solstitium.
2961 4680 3180 4737 Ceteris
3202 4698 3379 4736 omnes
3402 4697 3466 4736 ea:
3479 4681 3662 4736 eodem

2086 4792 2270 4844 genere
2320 4774 2522 4844 pellunt
2551 4775 2691 4829 nidis
2720 4774 2919 4845 pullos,
2952 4791 3014 4828 ac
3044 4776 3224 4829 volare
3253 4782 3463 4841 cogunt,
3520 4774 3660 4826 sicut

2085 4881 2133 4924 et
2169 4870 2312 4923 corvi
2343 4885 2361 4922 :
2385 4869 2478 4938 qui
2516 4878 2564 4922 et
2597 4869 2700 4938 ipsi
2749 4884 2853 4922 non
2874 4882 3034 4923 carne
3060 4876 3268 4920 tantum
3301 4864 3538 4928 aluntur,
3563 4864 3653 4920 sed

2086 4974 2134 5018 et
2153 4963 2397 5017 robustos
2423 4977 2624 5032 quoque
2642 4960 2779 5029 fetus
2802 4976 2929 5014 suos
2966 4958 3154 5029 fugant
3198 4958 3426 5027 longius.

2155 5053 2294 5109 ibid.
2340 5053 2453 5107 Kal
2501 5051 2864 5121 μόναν-ὅρον.
2896 5050 3072 5106 Mares
3115 5049 3333 5106 feminis
3378 5045 3655 5102 connubio

2081 5146 2288 5218 junctis
2309 5159 2526 5214 semper
2552 5144 2708 5207 fidos,
2732 5158 3010 5214 nunquam
3044 5141 3110 5196 ad
3135 5143 3360 5196 alteram
3387 5137 3655 5193 divertere

2085 5238 2366 5295 comitem.
2396 5251 2459 5291 ac
2487 5250 2589 5291 nec
2620 5236 2769 5306 ipsas
2794 5233 3014 5306 quidem
3055 5232 3304 5291 feminas.
3354 5228 3533 5301 quoad
3570 5230 3655 5284 vi-

2085 5340 2241 5393 vunt,
2284 5329 2350 5384 ad
2391 5330 2646 5394 alterum,
2707 5328 2803 5382 sed
2845 5326 3152 5397 disjunctos
3212 5323 3363 5379 solos
3397 5323 3656 5393 deinceps

2086 5438 2301 5494 semper
2327 5423 2524 5493 degere
2551 5428 2784 5477 testatur
2812 5418 3014 5482 Horus,
3050 5418 3143 5472 lib.
3177 5417 3230 5479 1,
3268 5430 3391 5486 cap.
3432 5413 3487 5470 8.
3518 5412 3651 5468 Plu-

2086 5515 2310 5570 tarchus
2341 5513 2549 5584 Gryllo,
2589 5510 2887 5583 Gregorius
2916 5508 3299 5564 Nazianzenus
3328 5505 3545 5561 Parien.
3582 5504 3653 5560 ad

2089 5608 2260 5677 Virg.;
2306 5606 2555 5662 Elianus
2585 5605 2848 5669 ilem,lib.
2875 5619 2958 5668 ιιι,
3002 5602 3075 5657 De
3101 5604 3292 5656 histor.
3324 5601 3489 5656 anim.
3516 5614 3567 5653 c.
3596 5597 3651 5661 9,
3708 5605 3717 5615 '

2084 5699 2338 5773 Κορῶναι
2357 5699 2613 5770 ἀλλήλαις
2647 5698 2756 5751 εἰσὶ
2782 5697 3102 5752 πιστόταται
3135 5695 3265 5749 ’καὶ
3296 5696 3423 5749 ὃταν
3438 5695 3518 5757 εἰς
3540 5707 3655 5747 κοι-

2084 5793 2282 5850 νωνίαν
2315 5792 2611 5851 συνέλθωσι
2642 5791 2782 5848 πάνυ
2824 5789 3025 5862 σφόδρα
3064 5788 3317 5859 ἀγαπῶσι
3359 5802 3523 5857 σφας,
3555 5783 3652 5838 καὶ
