4124 6436
402 342 497 394 911

1733 334 1976 392 LEONIS
2009 336 2282 393 ALLATll

3527 349 3631 405 912

401 453 500 507 οὐκ
530 452 594 506 ἄν
633 452 730 504 ῐδοι
756 468 838 514 τις
867 450 1168 522 μιγνύμενα
1192 449 1366 503 ταῦτα
1396 448 1464 502 τὰ
1497 448 1613 514 ζῶα
1637 448 1853 521 ἀνέδην,
1872 451 1965 503 καὶ

2080 453 2196 518 avis,
2218 453 2377 506 simul
2423 469 2486 507 ne
2533 453 2698 509 durus
2727 455 2797 509 sit
2831 455 3126 524 infantibus
3149 457 3334 528 pullis.
3378 457 3631 518 Elianus

401 543 475 606 ὡς
499 543 676 614 ἔτυχε.
719 542 950 608 Λέγουσι
981 542 1038 595 δὲ
1071 543 1120 595 οἱ
1145 542 1216 594 τά
1262 541 1391 611 περὶ
1433 539 1639 594 τούτων
1653 540 1966 611 ἀκριϐοῦν-

403 651 513 699 τες,
551 635 654 698 ὅτι,
685 634 788 688 κᾶν
809 634 1068 687 ἀποθάνοι
1098 633 1160 686 τὸ
1191 633 1399 705 ἕτερον,
1424 633 1486 686 τὸ
1513 633 1696 686 λοιπὸν
1724 632 1967 703 χηρεύει.

416 724 622 778 Ἀκούω
655 724 711 777 δὲ
743 727 870 789 τοὺς
901 725 1067 778 πάλαι
1105 724 1197 778 καὶ
1226 726 1285 778 ὲν
1326 728 1440 789 τοῖς
1472 724 1672 794 γάμοις
1712 724 1851 795 μετά
1881 725 1972 778 τὸν

405 819 654 889 ὑμέναιον
667 819 764 890 τὴν
791 817 1034 892 κορώνην
1055 818 1258 883 καλεῖν,
1279 817 1528 890 σύνθημα
1547 820 1798 891 ὁμονοίας
1817 820 1972 874 τοῦτο

403 914 515 976 τοῖς
553 911 822 967 συνιοῦσιν
876 913 968 966 ἐπὶ
993 913 1304 983 παιδοποιίᾳ
1358 912 1611 976 διδόντες.
1687 911 1770 968 Ob
1833 912 1973 968 hanc

404 1020 538 1076 ergo
594 1006 765 1060 maris
796 1013 852 1060 et
881 1004 1095 1061 feminae
1142 1005 1513 1070 concordiam,
1560 1013 1614 1059 et
1650 1012 1970 1076 perpetuam

405 1097 666 1155 connubii
699 1099 872 1170 legem
902 1113 967 1154 ac
998 1099 1177 1164 ﬁdem,
1213 1097 1472 1154 solitariae
1506 1098 1746 1154 cornicis
1772 1113 1970 1154 occur-

406 1207 502 1248 sus
532 1191 735 1246 malum
777 1205 936 1246 omen
980 1190 1217 1246 faciebat
1250 1188 1507 1246 {Eliauus
1553 1189 1702 1244 dicto
1749 1191 1869 1246 loco
1912 1199 1968 1246 et

405 1283 516 1340 alii.

476 1374 637 1441 lbid.,
658 1375 756 1429 lin.
780 1373 868 1428 45.
919 1373 971 1425 '0
1008 1371 1076 1425 δὲ
1102 1373 1486 1442 νυκτικόραξ.
1516 1371 1695 1443 Hujus
1722 1374 1971 1430 meminit

404 1465 661 1529 Basilius,
691 1465 838 1521 hom.
871 1463 903 1519 8
935 1465 990 1518 in
1028 1463 1312 1529 Hexaem.;
1336 1463 1538 1530 Horus,
1565 1465 1660 1520 lib.
1687 1481 1748 1528 ιι,
1775 1480 1832 1520 c.
1867 1464 1968 1530 25;

405 1559 744 1622 Aristoteles,
780 1556 858 1610 De
883 1557 1074 1613 histor.
1126 1558 1320 1622 anim.,
1381 1556 1476 1612 lib.
1516 1571 1638 1620 Vill,
1665 1572 1786 1626 cap.
1828 1557 1882 1620 5,
1917 1567 1970 1612 et

405 1645 501 1701 lib.
545 1662 620 1711 ιχ,
657 1661 778 1717 cap.
807 1645 898 1702 59.
932 1647 1271 1717 Apollinario
1307 1647 1501 1719 psalm.
1544 1661 1617 1717 οι,
1667 1654 1752 1704 est
1779 1648 1971 1713 νυκτὸς

402 1739 594 1811 κόραξ.

471 1853 792 1920 Δέρκεσθαι
816 1854 997 1922 φαίης
1017 1869 1124 1906 κεν
1142 1851 1517 1922 ἐρημονόμον
1535 1849 1895 1922 aedemin“,

479 1919 556 1978 "H
581 1919 1053 1990 νυκτόςξκόρακα
1076 1919 1271 1990 ψιλῶν
1294 1921 1569 1990 δαπέδων
1588 1919 1863 1988 ναετῆρα,

477 1997 551 2048 Ἣ
561 1989 858 2062 στρουθίόν
875 1989 982 2046 τιν’
1001 1989 1233 2046 ἄϋπνον
1242 1991 1396 2044 ἐόντ’
1407 1991 1477 2046 ἐν
1491 1989 1709 2059 δώματι
1718 1991 1967 2060 μοῦνον.

477 2108 636 2170 lbid.,
674 2109 770 2163 lin.
822 2107 911 2160 45.
946 2107 1350 2175 (Paldatoproc
1397 2107 1431 2158 ό
1470 2105 1654 2173 ἔποψ.
1695 2101 1968 2166 Ᾱίιίιιιιιιε,

407 2200 500 2254 lib.
537 2215 591 2263 ι,
616 2213 739 2269 cap.
778 2198 864 2261 l6,
913 2196 1203 2268 Egyptios
1259 2197 1336 2250 ait
1373 2193 1636 2256 ciconias,
1679 2193 1972 2264 vulpanse-

408 2305 514 2350 res,
575 2297 629 2342 et
671 2303 882 2356 upupas
914 2289 967 2341 in
992 2287 1198 2342 honore
1239 2285 1464 2352 habere,
1504 2284 1650 2354 quod
1690 2291 1974 2339 senectute

407 2383 626 2435 allectos
661 2389 916 2456 parentes
956 2380 1130 2433 alunt.
1165 2377 1416 2448 Upupam
1461 2377 1650 2432 nidum
1678 2391 1709 2431 e
1732 2385 1975 2432 stercore

407 2470 676 2539 prmcipue
694 2471 931 2524 humano
944 2470 1211 2525 conficere
1236 2467 1404 2522 tradit
1427 2466 1750 2523 Aristoteles
1777 2467 1869 2522 lib.
1897 2482 1971 2530 n‘,

407 2579 529 2633 cap.
562 2563 644 2628 15,
682 2562 758 2617 De
787 2564 912 2616 hist.
933 2563 1123 2626 anim.;
1163 2561 1253 2632 qui
1299 2569 1503 2626 tamen,
1535 2576 1656 2630 cap.
1685 2561 1738 2625 1,
1771 2560 1866 2615 lib.
1898 2575 1972 2623 vr,

412 2669 650 2726 upupam
695 2671 802 2709 non
854 2654 1136 2711 nidiﬁcare
1185 2657 1278 2720 ait,
1324 2655 1418 2710 sed
1455 2655 1508 2709 in
1535 2654 1684 2710 cavis
1718 2656 1972 2708 arborum

407 2764 600 2820 parere
625 2748 744 2805 sine
767 2749 876 2804 ullo
893 2755 1214 2812 stramento,
1252 2747 1356 2802 '06’
1376 2747 1516 2817 ἔποψ
1541 2749 1699 2818 μόνος
1722 2747 1782 2800 οὐ
1807 2749 1976 2800 ποιεῖ-

406 2859 497 2896 ται
527 2841 799 2895 νεοττείαν
847 2839 955 2893 τῶν
993 2839 1114 2894 καθ’
1158 2839 1348 2893 ἑαυτὸν
1401 2838 1804 2904 νεοττευόντων,
1862 2838 1976 2891 ἀλλ’

407 2934 746 3006 εἰσ-δυόμενος
799 2935 878 2997 είς
919 2933 987 2988 τὰ
1031 2932 1279 3003 στελέχη,
1328 2933 1387 2985 ὲν
1434 2934 1546 2995 τοῖς
1575 2930 1771 2994 κοίλοις
1799 2929 1978 2984 αὐτῶν

411 3027 610 3089 τίκτει,
633 3025 781 3078 οὐδὲν
809 3041 870 3076 συ
879 3023 1270 3095 μφορούμενος.

2070 546 2149 601 De
2199 546 2387 600 histor.
2421 547 2610 610 anim.,
2639 547 2736 603 lib.
2767 564 2849 610 ιιι,
2882 563 3002 619 cap.
3049 549 3141 617 24,
3207 549 3272 603 Ἦ
3301 550 3358 604 δὲ
3386 552 3628 623 χελιδὼν,

2069 638 2158 690 ὅτε
2184 636 2441 708 εὐποροίη
2467 635 2639 708 πηλοῦ
2661 639 2774 700 τοῖς
2795 635 2942 702 ὄνυξι
2969 636 3146 710 φέρει,
3169 638 3262 691 καὶ
3291 641 3629 710 συμπλάττει

2069 729 2166 801 τὴν
2185 729 2398 784 καλιάν.
2431 731 2494 782 Ei
2509 729 2564 782 δὲ
2583 727 2785 800 ἀπορία
2808 730 2914 799 εἴη,
2952 730 3027 793 ὼς
3069 729 3440 801 Ἀριστοτέλης
3459 731 3628 802 λέγει,

2071 822 2267 891 ἑαυτὴν
2292 821 2493 892 βρέχει,
2527 821 2620 874 καὶ
2649 823 2730 885 εἰς
2758 821 2906 874 κόνιν
2939 820 3100 892 φύρει
3139 820 3210 874 τά
3251 821 3428 893 πτερά
3460 822 3633 894 ἐμπε-

2073 915 2261 980 σοῦσα,
2289 914 2492 968 καὶτοῦ
2523 912 2692 985 πηλοῦ
2710 912 3123 984 περιπαγέντος,
3143 911 3389 966 ἐντεῦθεν
3421 913 3633 968 ὑπαποι

2070 1009 2314 1080 ψήχουσα
2357 1005 2435 1078 τῷ
2483 1007 2688 1079 ῥάμφει
2745 1005 2844 1076 τὴν
2899 1005 3265 1077 προκειμένην
3323 1005 3634 1075 οἰκοδομίαν

2071 1100 2397 1170 χειρουργεῖ.
2437 1097 2647 1150 Ἀπαλά
2671 1114 2732 1149 τε
2757 1096 2887 1150 ὅντα
2912 1096 2981 1148 τά
2995 1095 3226 1158 νεόττια,
3260 1094 3356 1148 καὶ
3383 1093 3491 1148 τῶν
3512 1095 3635 1150 πτί-

2071 1193 2176 1246 λων
2205 1191 2386 1260 γυμνά
2425 1185 2534 1243 οἶδε
2583 1188 2761 1252 καλῶς
2806 1189 2900 1242 ἐπὶ
2943 1186 3112 1257 ψιλῶν
3162 1191 3384 1259 καρφῶν
3413 1189 3462 1242 εί
3499 1189 3634 1242 ἀνα-

2072 1285 2316 1350 παύοιτο,
2354 1285 2435 1338 ὄτι
2479 1281 2870 1354 κολασθήσεται
2897 1281 3183 1349 ἀλγοῦντα.
3213 1281 3418 1336 Οὐκοῦν
3442 1283 3534 1336 ἐπὶ
3563 1283 3635 1336 τά

2069 1375 2215 1430 νῶτα
2245 1375 2354 1430 τῶν
2381 1375 2666 1446 προϐάτων
2711 1373 2880 1437 ἱζάνει
2905 1373 3002 1428 καὶ
3025 1375 3247 1446 ἀποσπᾷ
3271 1375 3365 1428 τοῦ
3406 1374 3630 1445 μαλλοῦ,

2071 1469 2164 1521 καὶ
2214 1466 2461 1524 ἐντεῦθεν
2498 1469 2609 1530 τοῖς
2635 1467 2830 1537 ἑαυτῆς
2865 1465 3086 1538 βρέφεσι
3116 1467 3179 1520 τὸ
3205 1466 3360 1537 λέχος
3393 1464 3632 1538 μαλακὸν

2071 1561 2326 1632 έστρωσε.
2370 1559 2506 1615 Vide
2537 1557 2911 1623 Plutarchum,
2949 1559 3025 1614 De
3055 1559 3271 1613 solertia
3301 1560 3628 1613 animalium.

2068 1651 2254 1722 Neque
2301 1650 2518 1705 silentio
2586 1648 3022 1720 praetereundum
3056 1648 3202 1719 quod
3231 1649 3398 1704 tradit
3429 1647 3630 1710 Horus,

2070 1743 2164 1798 lib.
2190 1759 2247 1807 ιι,
2285 1757 2386 1810 cap
2415 1741 2503 1808 51,
2555 1741 2702 1794 illam
2729 1740 2842 1810 jam
2890 1739 3054 1795 morti
3093 1740 3394 1810 proximam
3430 1740 3546 1794 luto
3574 1753 3635 1794 se

2001 1811 2042 1869 Β
2072 1834 2244 1903 ipsam
2314 1833 2592 1894 volutare,
2651 1837 2706 1886 et
2779 1830 2941 1900 pullis
3005 1831 3241 1884 latebras
3294 1843 3632 1899 comparare.

2082 1924 2296 1995 Ἐκείνη
2335 1923 2442 1995 γὰρ
2465 1921 2637 1976 κυλίει
2662 1923 2856 1994 ἑαυτὴν
2877 1923 2958 1984 είς
2996 1921 3186 1993 πηλὸν,
3210 1923 3305 1975 καὶ
3325 1922 3497 1986 κτίζει
3525 1921 3635 1983 τοῖς

2071 2017 2303 2078 νεοττοῖς
2339 2013 2540 2082 φωλεὸν
2580 2012 2846 2084 μέλλουσα
2868 2013 3156 2068 τεθνάναιε
3195 2013 3338 2084 quod
3370 2027 3479 2067 non
3521 2027 3638 2066 mc—

2072 2104 2206 2158 mini
2242 2118 2328 2158 me
2345 2103 2472 2157 alibi
2501 2103 2723 2174 legisse.
3347 2159 3350 2162 ,

2145 2191 2305 2256 lbid.,
2338 2193 2433 2247 lin.
2470 2192 2558 2248 51.
2603 2191 2952 2262 Μόνανδρος
2989 2191 3028 2260 ἠ
3076 2191 3326 2263 τρυγών.
3378 2191 3634 2256 Basilius,

2073 2285 2221 2340 hom.
2245 2285 2300 2350 8,
2333 2286 2444 2358 Τὴν
2472 2285 2706 2358 τρυγόνα
2749 2286 2902 2356 φασὶ,
2950 2284 3355 2356 διαζευχθεῖσαν
3382 2287 3513 2339 ποτὲ
3541 2283 3638 2338 τοῦ

2074 2374 2358 2446 όμόζυγος,
2397 2377 2593 2448 μηκέτι
2621 2377 2718 2447 τὴν
2745 2377 2881 2449 πρὸς
2907 2377 3092 2448 ἕτερον
3115 2377 3504 2448 καταδέχεσθαι
3524 2394 3640 2431 κοι-

2075 2468 2288 2533 νωνίαν,
2333 2467 2469 2522 ἀλλά
2517 2468 2697 2540 μένειν
2738 2467 3102 2522 άσυνδύαστον
3151 2470 3338 2540 μνήμη
3375 2469 3468 2522 τοῦ
3511 2485 3639 2522 ποτε

2077 2558 2479 2629 συζευχθέντος,
2503 2558 2600 2629 τὴν
2624 2559 2757 2629 πρὸς
2781 2558 2965 2630 ἕτερον
2990 2561 3275 2614 κοινωνίαν
3302 2561 3644 2632 ἀπαρνουμέ-

2077 2665 2195 2720 νην.
2225 2649 2475 2705 Clemens
2521 2648 2946 2712 Alexandrinus,
2998 2647 3196 2704 Strom.
3236 2650 3303 2716 2;
3345 2649 3642 2723 Gregorius

2077 2739 2428 2803 Nazianzen..
2483 2741 2661 2796 Carm.
2695 2741 2763 2794 ad
2792 2743 2923 2811 virg.
2951 2741 3156 2812 Mirum
3191 2741 3246 2797 id
3279 2743 3422 2812 quod
3455 2751 3644 2799 narrat

2079 2831 2332 2886 JElianus
2391 2832 2458 2887 de
2513 2842 2785 2886 turturum
2850 2847 2914 2886 ac
2973 2832 3348 2888 columbarum
3399 2833 3641 2888 albarum

2078 2925 2355 2979 castitate.
2388 2923 2446 2977 Si
2468 2924 2612 2978 enim
2643 2922 2934 2992 impudicis
2966 2924 3263 2989 amoribus,
3294 2925 3644 2994 externisque

2078 3014 2370 3070 inservisse
2403 3014 2792 3083 persenserint,
2824 3013 3046 3083 reliquae
3069 3023 3332 3079 turtures,
3357 3023 3408 3070 et
3437 3015 3647 3069 colum—

481 3118 643 3182 lbid.,
692 3118 788 3172 lin.
811 3117 902 3171 49.
962 3117 1031 3171 Ἡ
1065 3117 1132 3170 δὲ
1165 3115 1422 3185 χελιδὼν
1448 3116 1611 3180 ἅπαξ
1632 3115 1834 3185 γεννᾷ.
1863 3117 1979 3170 Ari-

2081 3107 2161 3161 ιω
2195 3122 2399 3165 marem
2439 3107 2774 3175 discerpunt,
2810 3118 2864 3162 et
2901 3107 3134 3176 pessime
3165 3106 3395 3176 perdunt
3432 3125 3446 3160 :
3489 3105 3645 3161 femi-

410 3211 633 3266 stoteles
663 3216 846 3264 tamen
871 3209 967 3263 lib.
1012 3225 1066 3274 ν,
1103 3207 1178 3262 De
1213 3208 1336 3261 hist.
1371 3208 1560 3270 anim.,
1596 3223 1717 3278 cap.
1763 3209 1851 3271 15,
1890 3209 1975 3262 1ιί-

409 3301 698 3357 rundinem
737 3303 813 3355 ait
853 3301 937 3356 bis
971 3316 1114 3354 anno
1148 3315 1360 3371 parere,
1391 3299 1536 3370 quod
1587 3299 1882 3355 conﬁrmat
1927 3310 1984 3356 et.

409 3391 640 3458 Plinius,
671 3391 765 3448 lib.
799 3407 852 3455 x,
887 3406 1009 3460 cap.
1041 3391 1130 3452 55,
1162 3388 1490 3445 llirundines
1519 3400 1568 3444 et
1586 3391 1802 3445 merula:
1822 3401 1872 3444 et
1892 3407 1983 3460 pa-

412 3487 595 3551 lumbi,
618 3495 668 3540 et
701 3495 931 3539 turtures
961 3484 1040 3537 bis
1066 3500 1207 3536 anno
1231 3483 1463 3552 pariunt,
1497 3495 1702 3538 autem:
1724 3499 1841 3538 aves
1872 3485 1982 3554 fere

415 3578 595 3632 semel.
632 3575 765 3631 Avis
795 3575 911 3630 haec
937 3576 1079 3628 inter
1107 3575 1244 3629 alias
1291 3575 1463 3628 multa
1505 3575 1668 3631 habet
1719 3575 1830 3630 illis
1872 3590 1981 3631 non

412 3666 744 3730 communia,
775 3681 895 3735 quae
921 3665 1162 3718 referunt
1191 3665 1229 3718 ii
1253 3665 1348 3734 qui
1367 3665 1435 3720 de
1468 3665 1795 3721 animalibus
1818 3665 1985 3720 histo-

412 3758 527 3812 rias
575 3757 866 3826 scripsere.
916 3754 1024 3808 Sed
1069 3755 1401 3826 praecipuum
1433 3765 1488 3811 et
1519 3757 1755 3811 maxime
1807 3757 1982 3811 admi-

415 3847 650 3903 randum
683 3847 815 3902 illud
860 3861 984 3902 esse
1025 3847 1160 3901 mihi
1211 3847 1448 3911 videtur,
1498 3848 1644 3918 quod
1691 3850 1758 3904 de
1793 3864 1982 3905 earum

417 3941 565 3995 coitu
592 3939 784 3994 scribit
809 3937 1082 4000 Elianus,
1106 3937 1184 3992 De
1207 3938 1394 3993 histor.
1425 3940 1613 4006 anim.,
1653 3941 1747 3995 lib.
1775 3957 1836 4005 ιι,
1861 3958 1980 4012 cap.

417 4032 484 4086 ὅτ
509 4031 572 4084 Οἱ
606 4028 704 4099 μὲν
729 4028 938 4101 ὄρνιθες
959 4030 1005 4081 oi
1033 4029 1206 4100 ἕτεροι
1227 4028 1622 4093 ἀναϐαίνονται,
1639 4030 1711 4095 ὠς
1736 4031 1910 4099 λόγος,
1928 4032 1986 4086 αἱ

419 4124 476 4176 δὲ
496 4122 760 4194 χελιδόνες
785 4120 868 4187 οὓ,
900 4119 1039 4174 ἀλλά
1067 4120 1271 4174 τούτων
1287 4138 1349 4190 γε
1377 4122 1642 4192 ἐναντίαή
1669 4122 1812 4192 μίξις
1845 4125 1984 4186 ἐστὶ,

422 4214 514 4266 καὶ⁸
549 4213 608 4266 τὸ
629 4212 797 4266 αἴτιον
826 4207 1016 4284 οἷδενή
1045 4211 1225 4280 φύσις
1263 4211 1424 4281 Λέγει
1452 4212 1508 4266 δὲ
1526 4216 1554 4268 ό
1585 4212 1783 4267 πλείων
1804 4214 1982 4284 λόγος,

422 4305 502 4360 ὅτι
529 4305 826 4378 πεφρίκασι
856 4305 944 4358 τὸν
976 4304 1168 4377 τηρέα,
1206 4306 1299 4358 καὶ
1329 4304 1622 4369 δεδοίκασι,
1655 4308 1862 4377 μήποτε
1879 4307 1988 4378 ἄρα

425 4397 808 4469 προσερπύσας
855 4396 1050 4469 λάθρα,
1077 4392 1198 4450 εἶτα
1223 4397 1522 4469 ἐργάσηται
1559 4399 1860 4470 τραγῳδίαν
1892 4400 1986 4453 καὶ

424 4505 539 4542 νυν.

495 4578 658 4643 lbid.,
715 4578 1071 4647 Πηγνυμένη
1120 4579 1188 4632 δὲ
1235 4579 1370 4649 τήν.
1400 4579 1659 4645 Basilius,
1723 4582 1870 4638 hom.
1902 4582 1937 4637 8
1976 4604 1987 4637 :

439 4673 650 4742 Ἐκείνη
672 4671 781 4743 γὰρ
807 4674 905 4743 τὴν
933 4671 1126 4726 καλιὰν
1169 4673 1512 4745 πηγνυμένη,
1554 4673 1625 4728 τὰ
1668 4674 1766 4745 μὲν
1798 4675 1985 4747 κάρφη

424 4763 502 4834 τῷ
527 4762 754 4833 στόματι
779 4761 1100 4833 διακομίζει,
1137 4763 1305 4834 πηλὸν
1331 4763 1390 4816 δὲ
1418 4767 1528 4828 τοῖς
1553 4765 1710 4818 ποσὶν
1742 4761 1877 4837 ἆραι
1917 4766 1990 4838 μὴ

425 4853 720 4924 δυναμένη,
743 4852 814 4907 τὰ
850 4854 995 4923 ἄκρα
1024 4853 1131 4907 τῶν
1183 4851 1360 4906 ποδῶν
1409 4851 1561 4906 ὕδατι
1590 4853 1845 4926 βρέξασα,
1874 4852 1993 4910 εἶτα

425 4949 492 5016 τῇ
551 4944 850 5016 λεπτοτάτῃ
879 4944 1026 4999 κόνει
1070 4943 1422 5016 ὲνειληθεῖσα,
1451 4945 1624 5009 οὕτως
1656 4948 1861 5001 ἐπινοεῖ
1893 4948 1989 5001 τοῦ

428 5038 600 5109 πηλοῦ
647 5037 746 5108 τὴν
794 5037 1002 5109 χρείαν,
1065 5037 1159 5092 καὶ
1219 5038 1360 5092 κατὰ
1408 5038 1599 5110 μικρὸν
1643 5040 1894 5113 ἀλλήλοις
1924 5041 1994 5096 τὰ

429 5133 613 5202 κάρφη
647 5127 758 5184 οἷον
795 5129 960 5202 κόλλῃ
978 5128 1085 5183 τινὶ
1113 5127 1192 5198 τῷ
1219 5129 1376 5201 πηλῷ
1403 5131 1728 5202 συνδήσασα,
1759 5134 1818 5186 ὲν
1848 5133 1986 5205 αὐτῇ

427 5223 553 5285 τοὺς
585 5222 828 5284 νεοττοὺς
879 5219 1151 5291 ἐκτρέφει.
1211 5219 1287 5274 De
1328 5222 1682 5278 hirundinum
1725 5223 1996 5280 industria

431 5311 487 5366 in
510 5311 650 5366 nidis
683 5310 1038 5366 conficiendis
1069 5309 1411 5377 Aristoteles,
1443 5313 1538 5367 lib.
1571 5329 1646 5376 ιιι,
1679 5329 1800 5384 cap.
1835 5317 1888 5382 7,
1914 5315 1993 5371 De

429 5401 616 5457 histor.
654 5402 989 5466 animal.,ex
1021 5415 1132 5471 quo
1165 5416 1265 5456 sua
1310 5401 1500 5457 habuit
1537 5402 1748 5460 Plinius
1793 5405 1887 5461 lib.
1937 5423 1995 5472 ι,

435 5509 550 5564 cap.
574 5495 662 5560 55,
704 5494 1033 5551 Hiruudines
1085 5498 1195 5552 luto
1224 5507 1554 5561 construunt,
1580 5508 1873 5553 stramento
1905 5516 1995 5552 ro-

432 5584 639 5640 borant.
667 5583 726 5640 Si
751 5587 961 5656 quando
988 5588 1165 5657 inopia
1195 5597 1272 5643 est
1304 5588 1427 5654 luti,
1469 5587 1782 5657 madefacta
1821 5589 1992 5642 multa

433 5692 571 5744 aqua
590 5680 770 5746 pennis
799 5680 1059 5747 pulverem
1107 5691 1381 5752 spargunt,
1427 5683 1604 5753 ipsum
1653 5699 1771 5737 vero
1807 5683 1995 5736 nidum

435 5768 680 5825 mollibus
704 5772 918 5841 plumis,
952 5773 1231 5842 ﬂoccisque
1259 5784 1596 5829 consternunt
1620 5774 1993 5846 tepefaciendis

2084 3213 2167 3252 na:
2192 3214 2322 3253 vero
2360 3197 2732 3252 misericordia
2773 3205 3049 3266 permutat,
3089 3197 3240 3250 nulla
3278 3197 3425 3251 illata
3473 3195 3644 3250 mole-

2083 3291 2187 3344 stia
2217 3291 2270 3344 in
2318 3290 2581 3346 viduitate
2628 3290 2894 3359 reliquam
2944 3297 3153 3344 aetatem
3185 3291 3384 3346 ducere
3418 3289 3646 3360 permit-

2082 3389 2225 3445 tuut,
2260 3383 2363 3438 hoc
2387 3383 2528 3437 idem
2561 3390 2615 3438 et
2638 3383 2917 3451 palumbes
2948 3383 2973 3437 1
2990 3397 3125 3437 .cere
3149 3381 3396 3446 aﬂirmat,
3428 3389 3650 3452 praeter-

2083 3490 2244 3546 quam
2276 3475 2422 3545 quod
2461 3475 2560 3541 illi,
2609 3483 2664 3529 et
2708 3490 2934 3538 marem,
2978 3483 3032 3529 et
3073 3473 3327 3529 feminam
3369 3473 3645 3529 occidunt.

2084 3567 2160 3622 De
2183 3567 2366 3623 histor.
2393 3567 2638 3634 animal.,
2662 3567 2756 3622 lib.
2811 3583 2895 3634 ιιι,
2940 3581 3059 3638 cap.
3089 3568 3182 3630 Η,
3207 3567 3652 3639 Σωφρονέσταται

2083 3658 2310 3731 ὀρνίθων
2343 3661 2398 3713 αἱ
2433 3662 2632 3728 φᾶτται
2659 3659 2893 3732 ᾅδονται.
2937 3660 2994 3712 '0
3029 3659 3159 3728 γοῦν
3185 3661 3360 3733 ἄρρην
3386 3661 3530 3714 καὶὸ
3556 3661 3652 3732 θῆ-

2085 3751 2200 3816 λυς,
2244 3752 2678 3818 συνδυασθέντες,
2724 3753 2816 3806 καὶ
2861 3754 3022 3806 οἱονεὶ
3060 3752 3537 3824 συμπνεύσαντες,
3572 3756 3655 3818 είς

2085 3844 2260 3914 γάμον
2291 3843 2533 3914 ἀλλήλων
2559 3843 2792 3913 ἔχονται,
2827 3845 2921 3896 καὶ
2943 3845 3300 3915 σωφρονοῦσι,
3331 3845 3426 3899 καὶ
3460 3845 3560 3899 οὐκ
3586 3845 3654 3900 ἂν

2086 3936 2292 3990 ὀθνείου
2321 3936 2509 4006 λέχους
2541 3937 2819 4008 οὐδέτερος
2850 3937 3044 4006 ἅψεται
3071 3937 3177 3992 τῶν
3210 3938 3437 4009 ὀρνίθων
3461 3939 3646 3993 τῶνδε.

2100 4029 2224 4082 Ἐὰν
2257 4029 2312 4081 δὲ
2344 4027 2856 4098 ὲποφθαλμιάσωσιν
2883 4029 3107 4099 ἑτέροις,
3148 4031 3526 4100 περιέρχονται
3557 4030 3654 4083 αύ-

2085 4122 2208 4184 τοὺς
2234 4122 2283 4173 οἱ
2304 4120 2501 4173 λοιποί·
2539 4121 2632 4173 καὶ¹
2659 4120 2749 4173 τὸν
2782 4121 2879 4189 μὲν
2908 4121 3114 4192 ἄρρενα
3149 4123 3198 4174 oi
3231 4124 3510 4192 ὁμογενεῖς
3538 4122 3653 4175 διαο

2090 4213 2318 4277 σπῶσιν,
2349 4216 2405 4266 αἱ
2445 4213 2656 4284 θήλειαι
2695 4212 2754 4265 δὲ
2787 4215 2878 4265 τὸν
2922 4213 3105 4284 θῆλυν.
3148 4214 3331 4278 Οῦτως
3363 4214 3470 4285 ἄρα
3500 4217 3528 4268 ὁ
3558 4215 3655 4285 τῆς

2091 4307 2442 4378 σωφροσύνης
2477 4307 2638 4377 νόμος
2671 4306 2765 4361 καὶ
2801 4308 2860 4369 ές
2893 4305 2991 4370 τάς
3023 4307 3290 4379 τρυγόνας
3326 4309 3654 4378 ἀφικνεῖται,

2089 4398 2183 4451 καὶ
2227 4397 2492 4469 ἄτρεπτος
2551 4398 2730 4468 μένει,
2779 4398 2876 4451 καὶ
2925 4398 2983 4462 ές
3044 4399 3144 4462 τὰς
3201 4399 3529 4470 περιστερὰς
3560 4399 3657 4462 τὰς

2016 4499 2059 4554 ι)
2089 4487 2304 4554 λευκὰς,
2340 4490 2480 4560 πλὴν
2526 4487 2620 4544 τοῦ
2671 4489 3030 4544 θανατοῦσθαι
3071 4491 3327 4562 ἑκάτερον
3363 4491 3456 4546 τὸν
3487 4491 3654 4562 ὄρνιν’

2093 4581 2214 4634 ἐπεὶ
2242 4580 2334 4635 τὸν
2365 4582 2462 4652 μὲν
2493 4581 2695 4652 ἄρρενα
2725 4581 3028 4653 ἀναιροῦσι,
3068 4582 3166 4653 τὴν
3193 4582 3250 4635 δὲ
3281 4580 3446 4652 θῆλυν
3469 4582 3660 4654 ᾠκτει-

2097 4687 2218 4742 ραν,
2268 4670 2364 4724 καὶ
2413 4672 2601 4726 εἴασαν
2646 4672 2831 4744 ἀπαθῆ
2873 4673 2990 4737 ,καὶ
3038 4673 3278 4744 περίεισι
3322 4673 3510 4744 χῆρος.
3559 4672 3660 4728 Hic

2093 4762 2224 4817 dum
2263 4761 2331 4818 de
2372 4771 2586 4819 turture
2626 4779 2932 4821 sermonem
2972 4765 3260 4830 habemus,
3303 4764 3455 4820 nuilo
3500 4769 3660 4820 modo

2094 4851 2338 4909 silendus
2371 4863 2457 4910 est
2483 4853 2706 4912 Davidis
2744 4854 3039 4911 Hmscbelil
3068 4869 3226 4910 error
3254 4854 3525 4909 maximus
3547 4855 3660 4908 ἀνι-

2098 4945 2407 5017 στορησίας.
2446 4945 2583 5002 Cum
2611 4947 2757 5002 enim
2787 4944 2970 5004 Horus
3015 4945 3114 5001 lib.
3149 4959 3213 5010 ιι,
3257 4959 3378 5015 cap.
3423 4943 3548 5012 112,
3593 4943 3661 4998 de

2097 5043 2310 5094 turture
2365 5039 2576 5093 marina
2618 5039 2953 5108 loqueretur,
2996 5038 3254 5110 illiusque
3283 5035 3559 5110 ingenium
3593 5051 3664 5091 ex

2097 5127 2477 5201 Egyptiorum
2507 5132 2777 5187 sententia
2819 5139 3136 5202 exponeret,
3177 5128 3520 5187 Hmscbelius
3551 5143 3662 5184 non

2097 5220 2532 5278 animadverteris
2572 5221 2640 5277 de
2697 5237 2933 5293 quonam
2974 5237 3157 5279 sermo
3191 5228 3358 5288 esset,
3391 5223 3576 5289 haeret,
3610 5231 3666 5276 et

2097 5322 2156 5367 ut
2183 5313 2397 5370 videtur
2426 5315 2494 5370 de
2530 5322 2747 5370 turture
2775 5315 3073 5371 accilorum
3114 5315 3266 5368 illum
3310 5315 3583 5386 intelligit,
3613 5323 3667 5369 ct

2097 5402 2343 5472 quadam
2383 5404 2488 5458 alia
2521 5403 2791 5478 πάρεργα,
2824 5405 2917 5459 καὶ
2945 5405 3050 5473 ἔξω
3085 5405 3180 5459 τοῦ
3215 5405 3418 5459 σκοποῦ
3453 5406 3511 5460 in
3549 5420 3662 5460 me-

2097 5496 2247 5550 dium
2291 5495 2466 5563 aﬂ‘ert,
2515 5512 2653 5567 quin,
2695 5504 2754 5552 ut
2801 5497 2919 5568 ipse
2949 5497 3292 5567 opinabatur,
3342 5511 3375 5553 a
3422 5498 3666 5567 subjecta

2097 5587 2324 5643 materia
2352 5588 2573 5644 minime
2601 5597 2756 5645 erant
2785 5590 2982 5654 aliena,
3017 5597 3148 5659 puto
3181 5589 3284 5644 hoc
3318 5590 3395 5644 illi
3421 5591 3536 5659 jam
3585 5589 3666 5642 la-

2097 5681 2322 5738 boribus
2375 5681 2556 5751 p0tius
2587 5682 2644 5738 in
2688 5684 2833 5738 notis
2874 5683 2986 5737 illis
3019 5681 3376 5738 conﬁciendis
3426 5680 3664 5738 defesso.

2098 5791 2258 5845 quam
2297 5774 2512 5830 inscitia
2541 5775 2810 5832 evenisse.
2842 5776 3206 5845 Antiquorum
3236 5777 3421 5845 itaque
3451 5782 3671 5830 senten-
