4124 6406
457 414 556 468 915

1568 414 1635 495 IN
1673 414 2044 474 EUSTATIIII
2085 421 2555 487 IiEXAEMEROIV
2599 425 2829 489 ΝΟΤᾸΣ.

3595 447 3696 501 9H

451 531 543 584 tiis
577 527 748 592 ducti,
782 526 985 583 Horum
1019 543 1128 583 non
1159 527 1227 583 de
1262 515 1790 597 terrestridturture,
1819 542 1872 588 et
1902 551 2020 598 ave,
2054 540 2098 596 A
2198 537 2357 604 lbid.,
2392 543 2490 598 lin.
2519 545 2604 600 14.
2648 550 2813 604 Ἕνια
2842 550 2911 604 δὲ
2935 552 3054 607 τῶν
3082 555 3320 623 ὀρνέων.
3353 556 3428 613 De
3459 558 3544 614 his
3573 562 3696 615 vide

451 618 548 675 sed
598 618 666 674 de
715 618 997 689 pastinaca
1044 619 1278 684 marina,
1336 621 1576 675 loculum
1615 621 1870 679 dicimus.
1906 624 2023 695 Ipsa

449 709 595 765 enim
629 709 791 762 hamo
823 708 1107 779 implicita,
1133 711 1344 780 Spinam
1373 724 1536 780 quam
1568 712 1622 765 in
1654 713 1826 767 cauda
1860 715 2024 769 habet

451 801 638 871 abjicit
670 819 684 856 :
713 809 766 856 et
809 801 898 856 hic
929 802 1144 858 videtur
1191 818 1386 859 sensus
1421 803 1570 858 Hori.
1612 803 1687 860 De
1732 821 1835 877 qua
1868 807 2020 877 plura

450 890 730 963 Oppianus
771 891 1011 957 Halicut,
1047 894 1142 948 lib.
1181 909 1220 958 ι,
1254 901 1309 949 et
1362 910 1436 961 u;
1491 896 1741 962 Aristot.,
1783 898 1877 952 lib.
1940 914 2018 960 Ix,

450 1000 570 1056 cap.
603 988 702 1052 37;
737 984 1101 1054 Dioscorides,
1152 987 1246 1042 lib.
1284 1003 1381 1053 νιι,
1426 1003 1546 1058 cap.
1577 989 1631 1055 8,
1671 999 1724 1045 et
1766 992 1860 1044 lib.
1899 1007 2016 1055 rm,

449 1091 573 1146 cap,
605 1079 668 1144 7;
697 1077 928 1143 Plinius,
965 1079 1059 1134 lib.
1094 1096 1171 1143 ιιι,
1204 1093 1326 1150 cap.
1365 1079 1469 1146 48;
1503 1079 1771 1137 Nicander
1799 1083 1853 1136 in
1887 1083 2020 1138 The-

451 1170 648 1234 riacis;
674 1168 822 1225 Phile
851 1171 907 1225 in
932 1171 1149 1237 iambis,
1184 1177 1238 1226 et
1277 1171 1388 1233 alii,
1425 1172 1572 1241 quod
1604 1172 1693 1228 hic
1733 1188 2018 1230 recensere

449 1260 780 1330 superﬂuum
813 1277 934 1316 esse
964 1261 1114 1316 duxi.
1150 1261 1451 1316 Conﬁrmat
1479 1270 1659 1317 autem
1690 1279 1863 1318 meam
1887 1280 2016 1320 sen-

445 1350 670 1405 tentiam
694 1351 838 1420 quod
861 1349 1352 1408 scribitCornelius
1373 1351 1567 1408 Celsus
1600 1354 1692 1407 lib.
1722 1371 1795 1416 v1,
1814 1369 1936 1425 cap.
1962 1356 2014 1410 9.

447 1439 607 1494 Plani
636 1442 817 1510 piscis,
866 1441 1063 1512 inquit,
1105 1458 1254 1512 quem
1285 1444 1615 1512 pastinacam
1653 1445 1840 1508 nostri,
1888 1463 2018 1517 τρυ-

442 1530 576 1597 γόνα
605 1529 775 1585 (ἓνωεὶ
804 1540 1011 1596 vocant,
1046 1533 1259 1586 aculeus
1290 1541 1541 1596 torretur,
1567 1533 1753 1588 deinde
1786 1537 2015 1590 conteri-

443 1631 551 1686 tur,
577 1623 853 1694 resinaque
891 1625 1174 1694 excipitur,
1205 1642 1322 1695 quce
1350 1626 1491 1680 denti
1523 1627 1856 1682 circumdata
1879 1627 2016 1682 hunc

439 1714 615 1770 solvit.
651 1713 718 1767 Et
746 1714 974 1783 Plinius,
1010 1717 1103 1772 lib.
1143 1734 1218 1781 Ix,
1250 1732 1372 1787 cap.
1409 1716 1500 1784 48,
1533 1716 1636 1773 Sed
1679 1719 1884 1772 nultum
1923 1736 2015 1774 us-

437 1823 592 1876 quam
615 1809 1011 1874 exsecrabilius,
1045 1825 1202 1879 quam
1231 1809 1413 1863 radius
1448 1825 1602 1878 super
1629 1809 1854 1864 caudam
1881 1812 2011 1865 emi-

2125 628 2499 699 Aristotelem,
2531 635 2832 706 IElianum,
2868 641 3101 698 Plinium
3133 655 3186 701 et
3215 648 3373 702 alios.

2193 721 2354 786 lbid.,
2420 726 2516 781 lin.
2576 730 2664 784 16.
2731 734 2906 788 Ἀλλὰ
2949 738 3044 790 καὶ
3085 738 3191 804 τὰς
3228 743 3691 810 ὑπογαστρίους.

2126 810 2362 870 Consule
2393 817 2761 887 Aristotelem,
2790 826 2882 882 lib.
2905 843 2979 892 νι,
3018 827 3109 900 De;
3128 829 3252 885 hist.
3282 834 3469 898 anim.,
3494 847 3616 903 cap.
3639 834 3689 898 1,

2125 908 2179 954 et
2203 901 2460 971 Plinium,
2497 909 2593 963 lib.
2629 927 2710 975 ιιι,
2741 928 2862 984 cap.
2895 916 2983 970 55.

2197 989 2354 1057 Ibid.,
2397 995 2496 1052 Iin.
2525 999 2611 1054 19.
2648 1004 2716 1054 Αἱ
2755 1001 2821 1054 δὲ
2845 1001 3076 1069 θήλειαι
3112 1004 3321 1075 ὄρνεις.
3349 1007 3688 1074 Aristoteles,

2119 1081 2213 1136 lib.
2251 1100 2324 1148 ιν,
2362 1085 2438 1140 De
2482 1105 2655 1159 gener.
2709 1095 2872 1148 anim.
2917 1111 3036 1166 cap.
3071 1098 3124 1161 5,
3163 1099 3319 1168 μόνα,
3361 1099 3556 1173 inquit,
3583 1103 3691 1156 τῶν

2119 1173 2272 1238 ζώων
2305 1179 2486 1248 ὀχείαν
2535 1183 2870 1254 ἐπιδέχονται
2915 1188 3147 1242 κυοῦντα
3191 1189 3325 1263 γύνη
3367 1193 3461 1246 καὶ
3504 1193 3686 1260 ἵππος.

2123 1264 2302 1324 Horus
2331 1268 2398 1324 de
2425 1273 2605 1340 aquila
2636 1277 2825 1331 scribit
2857 1296 2872 1332 :
2899 1278 3035 1333 Cum
3062 1282 3270 1352 reliqua
3302 1285 3558 1342 animalia
3579 1303 3688 1343 non

2118 1371 2332 1428 semper
2366 1365 2505 1416 mari
2552 1363 2616 1417 ad
2671 1381 2885 1422 onmem
2930 1371 3237 1428 mistionem
3282 1389 3476 1446 parere
3501 1379 3686 1441 velint,

2117 1450 2296 1519 aquila
2346 1467 2580 1524 semper.
2640 1455 2928 1516 Terdecies
2983 1462 3127 1517 enim
3159 1466 3211 1519 in
3239 1467 3326 1522 die
3373 1484 3687 1541 compressa

2115 1548 2400 1612 postquam
2435 1549 2693 1612 surrexit,
2726 1551 2772 1604 si
2828 1567 2950 1608 mas
2990 1564 3164 1619 vocet,
3199 1557 3378 1615 denuo
3423 1565 3682 1629 accurrit,

2116 1630 2251 1687 adeo
2277 1634 2331 1688 in
2361 1633 2625 1693 Venerem
2657 1655 2826 1710 prona
2857 1653 2958 1699 est.
2996 1644 3086 1702 Sic
3117 1645 3418 1719 Oppianus,
3455 1653 3552 1710 lib.
3601 1671 3683 1722 ιιι,

2115 1725 2324 1797 Κυνηγ.
2368 1727 2628 1786 Ursarum
2658 1732 2916 1790 eﬂ‘renem
2948 1737 3026 1791 ait
3055 1754 3177 1796 esse
3216 1741 3518 1809 libidinem,
3553 1747 3686 1804 adeo

2116 1826 2174 1871 ut
2206 1834 2272 1874 ne
2305 1821 2523 1889 quidem
2555 1827 2874 1895 gestationis
2900 1837 3141 1900 tempore
3186 1848 3218 1889 a
3260 1837 3551 1892 concubitu
3586 1841 3686 1895 ab-

436 1912 563 1950 nens
612 1899 866 1968 trygonis,
927 1914 1080 1969 quem
1131 1901 1298 1953 nostri
1343 1901 1676 1969 pastinacam
1744 1901 2010 1970 αρρειιαηι
2044 1882 2085 1936 Β
2114 1911 2388 1982 stineant;
2414 1882 2645 1982 Plinius,
2671 1918 2766 1974 lib.
2791 1937 2885 1984 vu,
2913 1882 3038 1993 cap:
3060 1925 3146 1979 II.
3176 1924 3380 1983 Praeter
3400 1932 3684 1987 mulierem

433 1990 713 2059 quincunci
744 1990 1124 2059 magnitudine.
1151 1990 1382 2062 Ideoque
1408 2007 1528 2046 eam
1559 1992 1770 2047 vocavit
1791 1993 2009 2047 ὀπισθό-

433 2097 656 2151 κεντρον
708 2080 1088 2152 Epicharmus,
1147 2092 1285 2139 teste
1336 2084 1616 2149 Athenaeo,
1652 2085 1746 2138 lib.
1780 2101 1878 2150 vn,
1912 2085 2005 2142 sed

433 2171 489 2225 in
521 2185 581 2226 re
608 2171 754 2227 clara
783 2181 837 2228 et
861 2181 1049 2243 aperta
1074 2173 1191 2229 haec
1215 2175 1463 2230 innuisse
1493 2175 1628 2231 satis
1663 2177 1753 2231 sit.

501 2283 665 2350 Ibid.,
691 2286 790 2341 Iin.
817 2287 905 2342 58.
957 2289 1030 2343 Αἱ
1061 2289 1130 2343 δὲ
1159 2290 1524 2346 κατοικίδιοι.
1559 2289 1816 2357 Basilius,
1856 2290 2001 2346 hom.

428 2373 484 2439 8,
519 2375 629 2428 Καὶ
667 2378 721 2430 αἱ
763 2378 1083 2432 κατοικίδιοι
1122 2379 1303 2451 ὄρνεις
1336 2380 1430 2434 ἐπὶ
1477 2379 1681 2445 παντὸς
1713 2379 1906 2452 καιροῦ
1945 2380 2006 2434 τὸ

429 2469 870 2522 συνουσιαστικὺν
927 2469 1192 2540 ἔχουσαιι
1232 2482 1287 2526 et
1313 2471 1655 2536 Aristoteles,
1701 2471 1798 2526 lib.
1838 2487 1870 2524 ν
1928 2469 2004 2524 De

427 2558 550 2614 hist.
591 2561 840 2628 animoL,
877 2577 1000 2633 cap.
1042 2565 1140 2630 13;
1173 2571 1226 2618 et
1254 2563 1487 2632 Plinius,
1534 2564 1633 2623 lib.
1663 2581 1718 2628 x,
1755 2579 1875 2634 cap.
1909 2564 1997 2618 55.

427 2650 493 2707 Et
525 2653 662 2708 ratio
683 2662 768 2708 est
791 2654 846 2708 in
874 2662 1126 2725 promptu
1157 2678 1169 2711 :
1203 2655 1332 2726 quia
1377 2656 1710 2723 callidiores,
1740 2665 1794 2711 et
1821 2657 2000 2712 minus

430 2745 865 2803 revolutionibus
913 2755 1221 2818 temporum
1260 2748 1530 2811 obnoxiae,
1578 2765 1680 2804 nec
1719 2750 1999 2804 laboribus

425 2834 632 2901 fractae,
669 2847 764 2891 aut
792 2845 962 2903 metu,
995 2839 1081 2892 vel
1116 2844 1440 2909 tempestate
1471 2836 1686 2908 fugatae.

491 2948 610 3004 Col.
640 2949 745 3004 756
801 2950 898 3004 lin.
944 2951 994 3004 1.
1032 2951 1107 3005 Τὰ
1135 2950 1203 3003 δὲ
1235 2949 1518 3020 φίλυδρα.
1554 2950 1814 3015 Basilius,
1845 2951 1992 3007 hom.

420 3039 475 3107 8,
509 3040 676 3094 Πάλιν
719 3040 788 3094 τὰ
832 3040 1061 3114 φίλυδρα
1092 3041 1199 3095 τῶν
1230 3041 1382 3106 ζώων
1416 3040 1771 3112 καταμαθὼν,
1805 3043 1996 3114 ἑτέραν

420 3135 478 3186 ὲν
520 3133 703 3198 αὐτοῖς
750 3133 1094 3202 κατασκευὴν
1126 3133 1402 3203 εὑρήσεις,
1440 3133 1606 3195 πόδας
1643 3132 1766 3186 οὐτε
1796 3133 1995 3204 διεσχι-

421 3223 669 3294 σμένους,
702 3223 778 3287 ὡς
822 3225 947 3287 τοὺς
985 3224 1084 3294 τῆς
1125 3222 1392 3294 κορώνης,
1427 3223 1552 3276 οὐτε
1592 3224 1882 3292 ἀγκύλους,
1918 3229 1994 3291 ὡς
2020 3223 2062 3280 C

416 3315 542 3378 τούς
561 3315 670 3368 τῶν
693 3315 1076 3385 σαρκοφάγων,
1108 3315 1243 3369 ἀλλὰ
1284 3316 1505 3380 πλατεῖς
1541 3317 1637 3369 καὶ
1677 3317 1989 3387 ὑμενὼδεις,

417 3406 505 3461 ἵνα
535 3407 730 3478 ῥαδίως
753 3407 1119 3478 ὲπινήχωνται
1144 3407 1221 3477 τῷ
1252 3407 1424 3472 ὕδατι,
1455 3409 1618 3462 οἱονεὶ
1640 3409 1852 3474 κώπαις
1880 3411 1991 3464 τισὶ

414 3501 526 3561 τοῖς
554 3499 660 3551 τῶν
693 3497 868 3551 ποδῶν
894 3497 1055 3568 ὑμέσι
1082 3496 1142 3550 τὸ
1171 3497 1335 3569 ὑγρὸν
1355 3497 1724 3570 διωθούμενοι.

482 3611 644 3678 Ibid.,
668 3613 766 3667 lin.
789 3612 844 3668 6.
885 3613 938 3666 '0
965 3612 1033 3666 δὲ
1057 3613 1282 3680 κύκνος
1303 3615 1701 3682 μακρότερον.
1729 3613 1984 3678 Basilius,

413 3703 560 3758 hom.
593 3703 649 3770 8,
693 3701 817 3756 Ἐὰν
845 3701 902 3755 δὲ
932 3701 1258 3775 καταμάθῃς
1281 3703 1427 3768 ὅπως
1450 3705 1530 3767 εἰς
1555 3704 1717 3774 βάθος
1743 3706 1770 3758 ὁ
1792 3704 1988 3767 κύκνος

411 3795 620 3860 καθιεὶς
650 3795 741 3850 τὸν
773 3797 976 3868 αὐχένα
1008 3797 1252 3851 κάτωθεν
1287 3795 1464 3867 ἑαυτῷ
1492 3796 1589 3868 τὴν
1617 3796 1821 3868 τροφὴν
1853 3798 1984 3850 ἀνα-

409 3887 586 3960 φέρει,
623 3889 744 3942 τότε
777 3889 1030 3960 εὑρήσεις
1070 3889 1167 3959 τὴν
1214 3889 1407 3959 σοφίαν
1438 3887 1530 3942 τοῦ
1561 3889 1866 3954 κτίσαντος,
1901 3889 1982 3942 ὅτι

407 3979 494 4033 διὰ
536 3979 694 4035 τοῦτο
730 3981 1068 4052 μακρότερον
1113 3979 1220 4034 τῶν
1251 3979 1425 4034 ποδῶν
1454 3981 1545 4034 τὸν
1581 3981 1784 4051 αὐχένα
1816 3997 1982 4052 προσ-

407 4070 623 4142 έθηκεν,
656 4071 744 4126 ἵνα
771 4070 958 4143 ὥσπερ
1001 4070 1124 4124 τινὰ
1166 4071 1364 4143 ὁρμιὰν
1395 4070 1650 4141 κατάγων
1683 4071 1780 4145 τὴν
1814 4072 1872 4126 ὲν
1902 4072 1979 4143 τῷ

406 4158 558 4230 βάθει
583 4161 970 4233 κεκρυμμένην
991 4162 1198 4234 τροφὴν
1229 4161 1603 4234 ὲκπορίζηται.

472 4273 636 4339 Ibid.,
688 4274 787 4329 lin.
837 4273 892 4330 8.
952 4273 1076 4328 Τῶν
1114 4273 1183 4328 δὲ
1221 4274 1443 4344 ὀρνέων
1487 4274 1709 4330 πολλά.
1755 4273 1834 4328 De
1871 4275 1974 4330 boc

403 4361 558 4432 plura
594 4363 938 4432 Aristoteles,
983 4365 1077 4420 lib.
1114 4381 1175 4419 ιιι
1221 4366 1294 4420 De
1327 4365 1454 4420 hist.
1503 4368 1691 4432 anim.,
1727 4382 1847 4439 cap.
1884 4368 1970 4434 12,

400 4461 456 4510 et
482 4454 579 4510 lib.
617 4472 694 4520 ιι,
720 4471 844 4528 cap.
871 4457 962 4522 44,
995 4465 1050 4513 et
1083 4457 1316 4522 Plinius,
1348 4460 1440 4515 lib.
1476 4476 1533 4522 ι.
1559 4475 1678 4530 cap.
1704 4461 1791 4515 19.

2114 2016 2284 2071 pauca
2313 2004 2566 2060 animalia
2599 2008 2800 2064 coitum
2831 2026 3033 2068 novere
3071 2016 3309 2086 gravida.
3348 2016 3526 2074 Unum
3557 2025 3682 2092 qui-

2111 2089 2231 2164 dem
2271 2103 2365 2147 aut
2405 2094 2634 2151 alterum
2671 2100 2986 2165 superfetat.
3031 2101 3205 2174 Hujus
3240 2112 3420 2162 autem
3459 2089 3678 2165 causam

2108 2181 2287 2239 reddit
2316 2182 2653 2255 Lactantius,
2681 2189 2776 2246 lib.
2805 2207 2860 2247 γι
2912 2193 3090 2248 Divin.
3118 2195 3530 2265 institutionum,
3555 2216 3676 2272 cap.

2106 2273 2213 2342 9.5;
2247 2291 2410 2347 quam
2453 2281 2616 2336 etiam
2671 2283 3070 2346 incertitudinis
3125 2289 3179 2345 in
3227 2299 3471 2364 tempore
3504 2296 3680 2353 coitus

2106 2383 2326 2424 causam
2364 2370 2705 2441 Ambrosius,
2734 2393 2789 2443 ν,
2825 2376 3107 2444 Ηείεαρηιη
3163 2396 3284 2452 cap.
3316 2384 3403 2448 10,
3435 2385 3510 2439 ait
3532 2402 3676 2452 esse,

2106 2472 2204 2514 cur
2257 2459 2312 2514 in
2342 2476 2535 2531 genere
2559 2464 2799 2521 humano
2825 2470 3019 2526 mulier
3046 2472 3256 2528 nullum
3290 2475 3484 2532 habeat
3508 2479 3676 2535 ﬁxum

2104 2565 2169 2605 ac
2213 2561 2414 2610 statum
2461 2559 2588 2614 anni
2621 2569 2832 2632 tempus
2865 2563 2932 2618 ad
2964 2565 3307 2635 pariendum,
3336 2579 3396 2625 ut
3431 2571 3542 2629 fere
3571 2591 3676 2632 cae-

2105 2645 2217 2694 tera
2243 2644 2519 2701 animalia.
2544 2647 2862 2720 Exemplum
2885 2669 3050 2722 super
3072 2655 3174 2712 hoc
3203 2657 3454 2716 Zenobize
3477 2666 3674 2722 castis-

2102 2729 2251 2785 sima}
2274 2730 2705 2792 Palmirenorum
2740 2742 2940 2811 reginas
2973 2745 3138 2801 habes
3166 2748 3310 2816 apud
3342 2747 3672 2808 Trebellium

2099 2819 2420 2883 Pollionem.

2170 2912 2329 2980 Ibid.,
2368 2916 2464 2971 lin.
2494 2918 2584 2986 22,
2621 2924 2687 2976 Ol
2713 2922 2782 2977 δὲ
2827 2924 3108 2998 κάνθαροι
3137 2930 3264 2987 ἐάν.
3313 2931 3460 2990 Idem
3501 2934 3671 2991 refert

2099 3003 2532 3095 Theophrastus,
2566 3011 2642 3067 De
2675 3017 2923 3072 odoribus
2947 3034 2967 3071 :
2994 3020 3265 3078 Collector
3294 3024 3667 3095 Ceoponicon.,

2098 3094 2192 3188 lib.
2225 3113 2334 3161 xlv,
2359 3114 2486 3188 cap.
2511 3102 2645 3170 uit..;
2677 3107 3018 3176 Aristoteles,
3043 3112 3136 3167 lib.
3165 3094 3672 3188 Περὶθαὺμασίων

2095 3184 2524 3256 ἀκουσμάτων;
2554 3191 2823 3261 ᾹΞΙίιιιιιιε,
2860 3198 2955 3253 lib.
2997 3217 3071 3265 IV,
3099 3217 3220 3274 cap.
3264 3207 3348 3274 18,
3384 3184 3668 3281 Κάνθαρον

2095 3279 2151 3368 δέ
2178 3281 2415 3351 ἀπολεῖς,
2448 3285 2496 3338 εί
2527 3288 2789 3361 ὲπιϐάλῃς
2827 3291 2933 3346 τῶν
2964 3294 3133 3364 ῥόδων
3177 3297 3343 3368 αὐτῷ.
3377 3299 3559 3366 Quare
3576 3279 3666 3357 Vnil

2093 3358 2312 3441 mirum,
2351 3376 2398 3430 si
2438 3375 2867 3448 impurissimum
2901 3384 3003 3439 hoc
3037 3387 3238 3441 animal
3294 3391 3666 3460 impurissimo

2092 3464 2377 3524 Moametbi
2411 3470 2485 3524 ita
2517 3469 2678 3526 fuerit
2704 3474 2952 3538 charum,
2985 3484 3040 3532 et
3067 3478 3119 3531 in
3148 3479 3380 3545 deliciis,
3410 3494 3467 3538 ut
3509 3487 3662 3547 iussu

2093 3556 2186 3613 Dei
2219 3559 2271 3614 id
2331 3561 2388 3615 in
2449 3562 2776 3618 sacriﬁcium
2837 3567 3114 3623 obtulerit.
3144 3570 3224 3624 Ita
3261 3574 3406 3627 enim
3435 3575 3565 3631 dicit
3595 3594 3660 3634 ex

2087 3665 2320 3719 persona
2375 3652 2490 3721 Dei,
2535 3655 2723 3725 Ἡμεῖς
2772 3657 3080 3730 δεδώκαμέν
3128 3677 3231 3726 σοι,
3278 3663 3353 3719 ita
3388 3668 3662 3726 srribente

2088 3740 2375 3814 Euthymio
2411 3744 2466 3800 in
2518 3745 2803 3815 Panoplia,
2859 3749 2948 3804 τὸν
2990 3751 3280 3826 κάνθαρον,
3327 3751 3478 3824 εὖξαι
3523 3760 3661 3834 πρὸς

2085 3833 2175 3888 τὸν
2197 3834 2383 3908 κύριόν
2427 3854 2543 3902 σου,
2592 3841 2685 3892 καὶ
2729 3840 2948 3910 σφάξον.
2983 3842 3374 3904 Admirandum
3409 3865 3543 3907 sane
3571 3867 3660 3908 sa-

2085 3926 2370 3995 criﬁcium,
2425 3937 2478 3985 et
2526 3933 2895 4003 magniﬁcum,
2955 3935 3159 4006 talique
3203 3938 3516 4010 legislatore
3569 3943 3656 4000 di—

2083 4033 2270 4089 gnum.

2150 4108 2314 4177 Ibid.,
2351 4112 2449 4166 lin.
2480 4111 2572 4168 23.
2603 4115 2675 4168 Al
2705 4112 2775 4166 δὲ
2799 4115 3091 4184 μέλισσαι
3128 4117 3228 4172 καὶ
3262 4119 3515 4188 σφῆκες.
3552 4120 3660 4177 Ba-

2080 4197 2254 4265 silius,
2295 4198 2442 4256 bom.
2478 4201 2535 4267 8,
2577 4201 2645 4257 de
2682 4201 2902 4270 iisdem,
2948 4204 3148 4278 Διόπερ
3175 4207 3267 4262 καὶ
3297 4208 3461 4280 ἐλαίῳ
3482 4227 3653 4265 κατα-

2080 4290 2376 4363 ϐρεχθέντα
2439 4292 2717 4363 φθείρεται
2782 4294 2891 4348 τῶν
2955 4295 3137 4369 πόρων
3197 4299 3648 4371 άποφραγέντων.

2079 4383 2270 4448 Ὄξους
2304 4383 2359 4436 δὲ
2395 4383 2556 4449 εὐθὺς
2586 4385 2988 4458 ἐπιϐληθέντος,
3037 4388 3198 4444 πάλιν
3231 4389 3647 4459 ἀναϐιὼσκεται,

2072 4471 2182 4525 τῶν
2229 4472 2476 4540 διεξόδων
2518 4475 2904 4548 ἀνοιγομένων.
2948 4477 3184 4546 Plinius,
3231 4481 3324 4538 lib.
3380 4499 3493 4548 nt,
3523 4499 3648 4556 cap.

469 4544 628 4609 lbid.,
652 4547 752 4604 lin.
777 4547 830 4604 9.
875 4549 928 4600 '0
956 4547 1068 4618 γὰρ
1090 4548 1404 4620 κόττυφος.
1434 4549 1967 4645 Aristoteles,lib.lx
1999 4558 2042 4613 D
2078 4561 2165 4625 12,
2201 4562 2275 4616 ait
2325 4571 2583 4620 constare
2633 4544 2762 4638 apes
2792 4567 2948 4622 olivae
2992 4544 3179 4625 ﬂorem
3211 4585 3318 4626 non
3358 4544 3644 4645 attingere:

399 4636 475 4692 De
509 4639 637 4693 hist.
662 4641 851 4705 anim.,
885 4655 1007 4712 cap.
1035 4641 1127 4708 49,
1159 4643 1266 4695 Καὶ
1298 4641 1432 4696 ἄλλα
1457 4643 1514 4696 δὲ
1545 4643 1713 4698 πολλὰ
1739 4644 1849 4698 τῶν
1873 4647 1966 4718 ὀρ-

395 4729 558 4786 νίθων
593 4731 982 4803 μεταϐάλλουσι
1016 4733 1156 4787 κατὰ
1193 4733 1291 4797 τάς
1327 4734 1491 4806 ὧρας.
1527 4737 1622 4790 καὶ
1653 4736 1714 4790 τὸ
1747 4736 1964 4809 χρῶμα,

394 4821 490 4874 καὶ
515 4820 615 4894 τὴν
646 4821 850 4894 φωνὴν,
881 4817 991 4877 οἷον
1017 4824 1046 4876 ὁ
1069 4825 1333 4894 κόττυφος
1351 4825 1472 4878 ἀντὶ
1505 4826 1733 4897 μέλανος
1751 4827 1964 4893 ξανθὸς,

393 4909 489 4962 καὶ
509 4910 610 4980 τὴν
637 4909 821 4980 φωνὴν
855 4909 1013 4981 ἴσχει.
1059 4912 1146 4964 Ἐν
1176 4911 1274 4983 μὲν
1294 4912 1402 4984 γὰρ
1428 4912 1506 4984 τῷ
1533 4912 1678 4979 θέρει
1700 4915 1835 4986 ᾅδει,
1869 4915 1962 4969 τοῦ

390 5001 450 5056 δὲ
477 5002 744 5074 χειμῶνος
763 5006 1020 5073 παταγεῖ,
1051 5005 1145 5058 καὶ
1164 5005 1370 5075 γίνεται
1399 5007 1718 5078 θορυϐῶδες.
1745 5008 1823 5063 Ex
1852 5025 1961 5080 quo

392 5110 491 5149 sua
522 5095 714 5152 habuit
741 5095 954 5152 Plinius
986 5097 1040 5150 d.
1073 5097 1215 5152 loco.
1257 5097 1463 5152 Merula
1497 5116 1559 5155 cx
1600 5101 1756 5172 nigra
1795 5103 1958 5158 ruﬁe—

390 5190 515 5254 scit,
548 5189 698 5245 canit
741 5198 953 5255 zstate,
985 5190 1163 5246 hieme
1194 5190 1444 5254 balbutit,
1481 5194 1626 5246 circa
1664 5194 1955 5250 solstitium

389 5287 560 5336 muta.

455 5373 614 5437 ιδιά..
647 5375 745 5430 lin.
783 5375 870 5433 ιο.
912 5377 1063 5432 Ἡδὲ
1093 5377 1293 5446 ἀηδὼν
1325 5377 1392 5430 τὸ
1431 5378 1653 5448 χρῶμα.
1695 5379 1951 5442 Basilius.

388 5465 535 5521 hum.
573 5465 627 5529 8,
653 5465 780 5528 Πῶς
810 5468 1084 5538 ἄγρυπνον
1122 5471 1156 5537 ἡ
1201 5467 1397 5539 ἀηδὼν,
1447 5469 1571 5522 ὅταν
1613 5471 1831 5542 ἐπωάζῃ
1867 5473 1953 5528 διὰ

385 5557 567 5627 πάσης
609 5557 803 5620 νυκτὸς
839 5560 936 5629 τῆς
983 5560 1244 5630 μελῳδίας
1293 5563 1366 5632 μὴ
1405 5562 1770 5633 ἀπολήγουσα.
1807 5565 1952 5621 Con-

384 5644 502 5699 sule
533 5644 764 5699 Aristot.
798 5643 852 5698 d.
893 5647 1030 5716 loco.
1065 5646 1447 5704 Lusciniarum
1483 5661 1676 5707 cantus
1715 5655 1949 5712 varieta-

381 5739 515 5797 tem,
542 5741 596 5788 et
620 5732 949 5789 suavitatem
981 5737 1388 5807 elegantissime
1417 5746 1691 5813 expressit
1719 5743 1945 5813 Plinius,

386 5823 479 5880 lib.
511 5841 566 5892 ιι,
597 5841 717 5897 cap.
745 5824 837 5893 29,
869 5834 924 5883 et
950 5826 1238 5888 Ilomerus.

2075 4656 2306 4726 ideoque
2323 4657 2463 4712 hanc
2495 4659 2744 4714 arborem
2775 4661 2965 4730 procul
2993 4676 3115 4718 esse
3139 4663 3335 4720 melius
3358 4672 3440 4722 est
3461 4684 3474 4721 :
3499 4665 3646 4736 quod

2074 4756 2234 4804 antea
2267 4763 2488 4815 vanum,
2539 4749 2849 4821 falsumque
2895 4766 3017 4807 esse
3051 4753 3371 4819 tradiderat,
3416 4755 3513 4810 lib.
3564 4772 3643 4824 xi,

2072 4850 2193 4907 cap.
2233 4837 2288 4897 8,
2323 4835 2511 4900 Falso,
2546 4848 2595 4892 et
2617 4841 2760 4894 oleas
2790 4843 2961 4912 excipi
3000 4840 3252 4910 arbitror,
3281 4845 3466 4915 quippe
3493 4846 3644 4901 oliva:

2069 4937 2319 4993 proventu
2370 4928 2600 4996 plurima
2647 4933 2893 4985 examina
2937 4933 3080 5004 gigni
3128 4943 3327 4988 certum
3377 4945 3475 4991 est.
3533 4936 3642 4992 Nec

2069 5019 2216 5072 aliud
2252 5019 2494 5075 sensisse
2539 5021 2858 5078 Aristoteles
2893 5023 3124 5091 videtur,
3159 5025 3256 5080 lib.
3283 5042 3337 5092 ν,
3382 5042 3503 5099 cap.
3546 5029 3636 5090 εἳ,

2069 5107 2146 5162 De
2197 5111 2383 5163 histor.
2447 5111 2637 5174 anim.,
2688 5112 2794 5167 illis
2847 5114 3050 5179 verbis,
3098 5115 3234 5168 Ἀλλ’
3279 5117 3490 5188 αὐχμοῦ
3540 5121 3638 5188 μὲν

2066 5198 2236 5262 ὄντος,
2274 5199 2394 5270 μέλι
2423 5199 2743 5270 ἐργάζονται
2773 5203 2990 5272 μᾶλλον,
3019 5205 3322 5277 ἐπομϐρίας
3353 5207 3428 5271 δὲ,
3461 5207 3634 5276 γόνον.

2065 5290 2154 5342 Διὸ
2191 5291 2282 5344 καὶ
2311 5291 2424 5361 ἅμα
2457 5292 2739 5363 συμϐαίνει
2772 5294 2963 5350 ἐλαιῶν
3001 5297 3140 5368 φορὰ
3170 5299 3264 5350 καὶ
3288 5297 3491 5368 ἐσμῶν.
3532 5299 3638 5354 F.0-

2050 5380 2185 5435 ‘ilem
2214 5381 2374 5450 igitur
2403 5393 2611 5436 naturae
2632 5385 2848 5453 ingenio
2877 5385 3124 5440 feruntur
3142 5388 3208 5442 ad
3233 5386 3443 5446 fructus
3471 5391 3636 5446 eden-

2063 5471 2163 5525 dos
2195 5473 2371 5533 olivae,
2407 5480 2460 5526 et
2496 5489 2645 5543 apes,
2695 5484 2748 5528 et
2782 5472 2926 5544 quod
2964 5477 3118 5532 oliva:
3154 5479 3412 5533 damnum
3455 5480 3630 5544 aﬂ'ert,

2062 5562 2202 5616 idem
2234 5573 2286 5617 et
2319 5565 2514 5632 apibus
2545 5577 2874 5622 nocumeuto
2895 5575 2998 5622 est.
3035 5567 3305 5626 Imbribus
3337 5571 3511 5627 olivas
3539 5575 3635 5627 mi-

2030 5671 2165 5709 .nus
2191 5656 2304 5709 olei.
2333 5655 2511 5712 facere
2561 5659 2746 5714 multis
2781 5661 3090 5716 rationibus
3149 5670 3202 5717 et
3246 5664 3633 5732 experimentis

2060 5757 2399 5818 compertum
2434 5766 2541 5815 εει,
2582 5759 2637 5807 et
2687 5753 3027 5809 conﬁrmavit
3063 5753 3494 5827 Theophrastus.
3555 5757 3631 5814 De

2061 5841 2234 5895 causis
2266 5842 2464 5910 plant.,
2489 5843 2582 5900 lib.
2619 5861 2693 5912 νι,
2728 5861 2848 5916 cap.
2879 5847 2963 5911 II,
3002 5847 3121 5900 Ὅτι
3152 5847 3196 5901 δ’
3218 5849 3317 5903 οὐκ
3349 5851 3406 5904 ὲν
3435 5848 3628 5906 πλήθει
