4124 6414
453 425 559 483 9ι5

1802 420 1979 477 LEON
1985 421 2045 475 IS
2082 411 2354 474 ALLAT‘II

3608 421 3710 477 916

453 542 682 612 τροφῆς,
717 540 824 593 οὐδ’
865 542 922 593 ὲν
961 536 1228 608 εὐσαρκίᾳ
1266 536 1375 590 τῶν
1404 536 1598 589 ὲλαιῶν
1625 536 1688 589 τὸ
1725 535 1817 588 τοῦ
1855 536 2029 589 ἐλαίου

2136 551 2233 603 que
2275 543 2443 597 (usas,
2474 532 2545 587 ad
2586 533 2728 602 fores
2763 549 2941 588 earum
2968 535 3204 604 posuisse
3235 537 3518 594 conveniet.
3574 537 3710 594 Item

454 632 677 704 πλῆθος,
697 634 760 685 ὲκ
777 630 985 685 πολλῶν
1004 630 1255 701 φανερόν.
1276 628 1343 680 Δῖ
1354 644 1414 680 τε
1429 627 1537 699 γὰρ
1555 626 1845 699 ἐπομϐρίαι
1864 625 2040 680 ποιοῦ-

456 744 539 779 σιν
573 724 813 788 ἔλαττον,
848 724 909 777 αἴ
933 723 982 775 τ’
1012 722 1306 793 ἀρδόμεναι
1332 723 1511 792 χεῖρον
1540 719 1772 790 ῥέουσιν.
1804 719 2038 774 Consule

453 819 635 871 locum
673 824 729 870 et
759 831 880 885 cap.
924 814 995 868 i2
1041 813 1287 882 ejusdem
1341 812 1488 867 libri.
1534 810 1690 877 Quod
1742 818 1919 865 autem
1962 811 2036 863 ait

457 911 549 964 hic
579 917 767 965 noster
796 908 1121 963 Eustathius
1154 922 1343 961 verum
1371 921 1494 961 esse
1524 906 1760 975 quisque
1799 905 2033 959 arbitra-

452 1003 620 1067 bitur,
655 1002 746 1071 qui
779 1008 991 1055 meatus
1017 998 1208 1053 horum
1242 997 1566 1051 animalium
1617 997 2036 1068 angustissimos

452 1108 577 1149 esse
606 1107 716 1147 non
748 1098 993 1163 ignorat;
1022 1106 1193 1160 quare
1226 1097 1280 1144 et
1304 1088 1463 1144 imdis
1495 1089 1775 1152 odoribus,
1816 1089 1946 1158 quin
1981 1097 2036 1143 et

456 1185 1082 1254 unguentorumdeliciis
1122 1183 1359 1236 maxime
1397 1181 1739 1247 cruciantur,
1758 1193 1812 1236 et
1838 1197 2034 1251 percu-

458 1277 603 1329 tiunt
641 1276 748 1328 illis
777 1274 1070 1328 delibutus.
1112 1271 1456 1333 Aristoteles,
1508 1272 1601 1325 lib.
1639 1288 1715 1334 ιι,
1745 1270 1822 1326 De
1846 1273 2030 1326 histor.

458 1369 649 1429 anim..
686 1382 806 1436 cap.
842 1366 933 1430 40,
976 1364 1386 1418 Hundissimum
1430 1366 1663 1418 omnium
1704 1364 1799 1418 hoc
1836 1365 2036 1418 animal

458 1467 573 1525 est,
627 1457 964 1527 quamobrem
1007 1473 1380 1523 saepenumero,
1423 1473 1539 1511 cum
1588 1458 1695 1511 alvi
1753 1458 2032 1513 necessitas

458 1556 560 1610 est,
604 1548 837 1609 avolant,
883 1556 932 1601 et
985 1548 1040 1600 in
1081 1564 1287 1602 secessu
1341 1547 1566 1603 reddunt
1628 1556 2030 1612 excrementum,

457 1642 705 1711 quoniam
744 1640 883 1694 male
922 1641 1097 1706 cleat;
1128 1640 1348 1695 oderunt
1379 1657 1481 1695 non
1517 1641 1688 1695 solum
1712 1640 1876 1710 [tedas
1903 1640 2033 1696 odo-

459 1749 561 1797 res,
617 1732 708 1787 sed
748 1734 909 1787 etiam
943 1742 1329 1803 unguentorum
1362 1734 1583 1789 delicias
1614 1750 1632 1789 :
1660 1750 1723 1789 ea:
1750 1751 1851 1805 quo
1884 1735 1947 1804 ﬁt
1975 1744 2032 1789 ut

456 1822 691 1879 homines
752 1825 834 1878 Itis
887 1824 1147 1880 delibutas
1196 1828 1512 1895 percutiant.
1584 1826 1785 1883 Eadem
1848 1836 2034 1882 narrat

2140 626 2294 681 lanas
2327 636 2526 680 tractas
2557 627 2816 681 madentes
2841 643 3018 696 passo,
3054 637 3146 681 aut
3174 628 3403 697 defruto,
3434 640 3525 683 aut
3570 647 3711 703 aqua

2141 714 2332 768 mulsa.
2371 714 2704 768 Gallinarum
2734 716 2895 770 etiam
2927 715 3118 770 crudas
3147 732 3352 771 carnes.
3380 715 3709 781 Quibusdam

2137 806 2294 859 etiam
2341 807 2612 860 wstatibus
2646 806 2805 861 iidem
2842 806 2946 860 cibi
2998 808 3308 876 praestandi,
3339 824 3457 861 cum
3497 811 3707 865 siccitas

2141 898 2394 951 continua
2421 898 2613 966 ﬂorum
2639 898 2944 953 alimentum
2973 901 3211 956 abstulit.
3241 900 3440 955 Eadem
3472 899 3585 956 fere
3613 902 3710 955 ha-

2136 989 2226 1044 bet
2254 990 2573 1055 Columella,
2610 990 2702 1044 lib.
2734 990 2812 1054 d.,
2835 1006 2954 1061 cap.
2999 991 3087 1055 14,
3118 991 3297 1046 ᾶὶΙῙθνι
3319 999 3500 1046 tamen
3523 993 3593 1046 ab
3619 1006 3707 1057 eo,

2137 1081 2286 1151 quod
2304 1097 2411 1136 non
2436 1082 2688 1152 gallinas,
2712 1082 2805 1137 sed
2832 1098 2980 1147 aves,
3005 1084 3181 1152 iisque
3212 1082 3505 1138 interaneis
3525 1099 3710 1138 exem—

2134 1174 2243 1244 ptis
2271 1173 2550 1228 includant
2582 1174 2809 1228 hiberno
2838 1181 3081 1243 tempore
3114 1183 3171 1228 ut
3196 1174 3397 1244 plumis
3433 1174 3707 1244 praebeant

2136 1273 2377 1335 teporem
2418 1266 2611 1335 apibus
2655 1266 2809 1329 dicit,
2854 1266 2988 1320 Tum
3027 1268 3236 1320 etiamsi
3274 1274 3397 1319 sunt
3430 1267 3708 1336 absumpta

2136 1358 2342 1411 cibaria
2374 1358 2643 1413 commode
2679 1367 2968 1427 pascuntur
2993 1359 3298 1422 esurientes,
3330 1376 3421 1413 nec
3451 1360 3553 1414 nisi
3583 1376 3706 1414 ossa

2135 1465 2319 1503 earum
2361 1450 2681 1520 relinquunt.
2715 1448 2809 1504 Sin
2845 1460 3018 1504 autem
3045 1451 3151 1519 favi
3188 1451 3457 1521 sufﬁcient
3498 1468 3707 1520 perma-

2142 1551 2262 1597 nent
2294 1542 2536 1608 illrbatw,
2570 1561 2661 1598 nec
2704 1546 2939 1613 quamvis
2979 1547 3373 1601 amantissimas
3413 1547 3706 1601 munditia-

2133 1649 2252 1686 rum
2286 1634 2557 1703 oﬁ'endunt
2611 1634 2771 1689 odore
2818 1652 2933 1692 suo.
2970 1634 3165 1690 Verum
3214 1636 3465 1692 Elianus
3502 1639 3705 1695 nullius

2133 1725 2386 1779 animalis
2414 1739 2609 1779 carnes
2641 1727 2821 1789 edere,
2853 1725 2947 1781 sed
2990 1726 3097 1781 illis
3131 1728 3268 1782 satis
3315 1743 3436 1783 esse
3476 1727 3705 1784 ﬂoribus

2132 1817 2279 1871 vesci
2334 1817 2636 1880 contendit,
2670 1818 2765 1872 lib.
2820 1833 2874 1880 ν,
2925 1816 3003 1871 De
3056 1816 3181 1871 hist.
3222 1818 3409 1881 anim.,
3448 1833 3568 1890 cap.
3611 1820 3700 1881 ii,

459 1915 735 1978 Elianus.
770 1916 839 1970 De
862 1918 988 1971 hist.
1019 1889 1208 1982 anim.,
1238 1919 1333 1973 lib.
1357 1937 1409 1984 ν,
1442 1936 1560 1991 cap.
1596 1922 1683 1975 14.
1714 1918 1851 1975 Hinc
1871 1921 2029 1976 etiam

2136 1909 2259 1961 Βίον
2290 1908 2347 1962 δὲ
2377 1910 2612 1981 καθαρὸν
2635 1910 2699 1982 ζῇ
2727 1911 2968 1981 μέλιττα,
2998 1911 3092 1965 καὶ
3117 1912 3254 1976 ζὼου
3283 1913 3382 1965 οὐκ
3411 1911 3475 1965 ἂν
3493 1889 3706 1976 οὖδενδς

458 2010 518 2066 [lt
555 2020 616 2065 ut
666 2012 875 2065 nullum
910 2012 1142 2067 cadaver
1182 2013 1471 2085 attingant.
1528 2013 1769 2080 Plinius,
1815 2015 1908 2071 lib.
1952 2028 2030 2081 ιι,

457 2119 580 2173 cap.
613 2104 706 2160 25.

527 2196 689 2262 lbid.,
723 2197 820 2252 lin.
850 2196 943 2253 25.
983 2197 1138 2263 Ὄξει
1169 2193 1282 2254 οὖν
1302 2198 1635 2253 ἀναϐιοῦσι.
1666 2196 1845 2252 Alium
1873 2211 2033 2267 repa-

458 2289 690 2344 rationis
741 2290 960 2344 modum
1014 2298 1200 2343 narrat
1259 2288 1490 2353 Plinius,
1532 2289 1626 2343 lib.
1674 2304 1750 2356 xn,
1783 2303 1903 2358 cap.
1937 2286 2029 2353 20,

457 2379 594 2435 Sunt
623 2381 713 2450 qui
743 2388 999 2444 mortuas,
1036 2382 1082 2434 si
1115 2382 1257 2434 intra
1301 2389 1490 2435 tectum
1533 2382 1699 2435 hieme
1740 2390 2027 2444 serventur,

456 2471 644 2527 deinde
676 2471 789 2526 sole
814 2488 967 2525 verno
995 2480 1315 2534 torreantur,
1350 2488 1413 2524 ac
1446 2472 1668 2540 ﬁculneo
1712 2472 1879 2525 cinere
1924 2479 2031 2524 toto

456 2562 543 2616 die
577 2562 877 2631 foveantur,
904 2572 1082 2631 putent
1115 2562 1436 2617 reviviscere.
1474 2561 1526 2615 Id
1560 2572 1736 2616 autem
1767 2561 2031 2633 Hyginius

457 2653 697 2722 majores
752 2660 973 2707 secutus
1028 2658 1280 2707 auctores
1326 2650 1657 2721 prodiderat.
1707 2650 2027 2715 Columella,

458 2743 537 2798 De
563 2760 618 2798 re
650 2752 812 2809 rust.,
837 2744 931 2798 lib.
961 2760 1036 2805 nt,
1077 2757 1199 2813 cap.
1234 2743 1321 2806 15,
1369 2740 1512 2795 Nam
1551 2740 1684 2795 illud
1705 2740 1842 2811 quod
1879 2740 2031 2811 ﬂigi-

457 2840 576 2892 nius
630 2838 861 2907 majores
920 2847 1130 2891 secutus
1177 2846 1417 2890 auctores
1474 2835 1729 2905 prodidit,
1770 2836 1879 2902 ipse
1926 2850 2030 2888 non

455 2938 700 2997 expertus
746 2944 1043 2983 asseverare
1099 2944 1204 2981 non
1264 2926 1429 2981 audeo
1462 2945 1480 2981 :
1509 2926 1796 2981 uolentibus
1857 2936 2030 2980 tamen

459 3022 636 3076 licebit
680 3023 944 3091 experiri;
1021 3021 1277 3092 siquidem
1315 3022 1549 3090 prazcipit
1590 3038 1743 3091 apum
1787 3035 2027 3088 corpora,

456 3129 573 3181 qua:
601 3129 719 3166 cum
746 3112 1011 3182 ejusmodi
1038 3114 1200 3182 pestis
1228 3114 1459 3177 incessit,
1500 3112 1595 3167 sub
1633 3113 1768 3182 favis
1811 3129 2028 3168 acerua-

459 3209 555 3261 tim
585 3217 775 3261 enectae
800 3207 1150 3274 reperiuntur,
1184 3207 1323 3259 sicco
1370 3204 1480 3258 loco
1511 3220 1602 3273 per
1627 3206 1844 3260 hiemem
1877 3221 2026 3275 repo—
2052 3236 2094 3294 ο

457 3300 562 3356 sita
591 3301 734 3353 circa
778 3298 1133 3369 wquinoxium
1173 3314 1406 3363 vernum,
1446 3314 1564 3351 cum
1604 3297 1879 3351 clementia
1921 3296 2027 3358 diei

455 3398 683 3456 suaserit
711 3405 829 3465 post
866 3397 1051 3449 horam
1083 3394 1293 3448 tertiam
1308 3394 1363 3446 in
1392 3393 1555 3447 solem
1586 3394 1841 3463 proferre,
1874 3393 2027 3462 ﬁcul-

457 3506 649 3560 ncoque
680 3490 852 3543 cinere
885 3487 1120 3542 obruere.
1150 3488 1265 3555 Quo
1292 3486 1433 3555 facto
1466 3487 1701 3555 affirmat
1723 3486 1867 3538 intra
1890 3484 2024 3539 duas

456 3579 614 3633 horas
660 3595 778 3632 cum
825 3577 991 3632 vivido
1027 3577 1199 3631 halitu
1232 3579 1423 3632 caloris
1458 3578 1707 3631 animata:
1746 3586 1889 3641 sunt,
1943 3593 2027 3632 re-

456 3682 664 3741 sumpto
692 3672 883 3741 spiritu
914 3670 970 3724 in
997 3679 1352 3740 praeparatum
1382 3688 1494 3735 uas,
1526 3671 1575 3725 si
1613 3669 1915 3738 obiiciatur,
1947 3670 2027 3724 ir-

456 3780 656 3833 repere.

527 3854 661 3910 Ibid.
710 3852 1025 3925 Τρέφονται
1078 3855 1147 3909 δὲ
1178 3855 1256 3923 τῷ
1291 3856 1438 3925 ἔαρι.
1479 3855 1736 3921 Basilius,
1783 3854 1929 3910 hom.
1969 3854 2022 3920 8,

466 3947 606 4000 Ἀλλ’
637 3944 732 4001 ὅλα
755 3948 825 4001 δι’
856 3948 979 4001 ὅλου
1011 3948 1269 4019 τρέφεται
1305 3948 1383 4021 τῷ
1403 3949 1544 4020 ἀέρι.
1578 3949 1919 4012 Aristotcles,
1948 3946 2027 4001 De

455 4040 579 4094 hist.
609 4042 796 4105 anim.,
834 4041 929 4096 lib.
964 4057 1040 4104 ιχ.
1074 4055 1193 4111 cap.
1220 4041 1310 4106 40,
1337 4040 1566 4095 alIirmat
1599 4056 1692 4096 eas
1721 4040 1929 4095 esurire
1957 4039 2026 4094 ab

454 4131 632 4185 hieme
654 4132 999 4201 potissimum
1043 4147 1165 4187 cum
1202 4148 1340 4202 opus
1370 4133 1670 4203 incipiunt,
1712 4138 1766 4186 et
1805 4130 1900 4185 lib.
1948 4147 2022 4195 ιν,

454 4219 531 4273 De
550 4231 689 4290 part.
719 4222 906 4287 anim.,
938 4237 1059 4292 cap.
1089 4221 1143 4286 6,
1168 4224 1244 4275 ait
1273 4237 1366 4278 eas
1398 4222 1519 4276 ideo
1549 4238 1668 4277 esse
1692 4221 2023 4291 quadrigen-

454 4326 573 4375 nes,
607 4321 661 4367 et
698 4313 1090 4382 corpulentiam
1136 4313 1337 4368 habere
1373 4313 1649 4380 leviorem,
1685 4313 1811 4383 quia
1837 4321 1890 4366 et
1929 4326 2024 4380 pa-

454 4403 603 4459 scuis
637 4404 848 4469 vivunt,
890 4411 944 4459 et
982 4419 1206 4462 necesse
1241 4406 1441 4461 habent
1474 4407 1659 4476 pabuli
1689 4419 1856 4461 causa
1893 4419 2022 4459 eva-

453 4502 593 4567 gari,
624 4506 679 4551 et
710 4497 805 4552 lib.
831 4512 909 4561 ix,
936 4496 1013 4552 De
1037 4498 1162 4553 hist.
1198 4500 1386 4561 anim.,
1413 4514 1533 4570 cap.
1567 4500 1656 4565 40,
1694 4497 2023 4553 determinat

2136 2002 2371 2057 πάσαιτό
2401 2019 2552 2067 ποτε,
2591 2003 2687 2056 καὶ
2726 2003 2786 2057 οὐ
2828 2003 2994 2056 δεῖται
3037 2003 3353 2075 Πυθαγόρου
3401 2003 3703 2074 συμϐούλου

2132 2092 2254 2146 οὐδὲ
2282 2092 2362 2156 ἓν,
2390 2091 2537 2161 quod
2566 2099 2619 2146 et.
2646 2100 2779 2147 ante
2803 2108 2924 2147 eum
2957 2091 3278 2147 Aristoteles
3305 2091 3700 2155 insinuaverat,

2132 2184 2227 2239 lib.
2260 2200 2339 2247 Ix,
2380 2182 2455 2237 De
2474 2183 2599 2237 hist.
2622 2184 2812 2248 anim.,
2838 2198 2962 2254 cap.
2993 2184 3081 2247 40,
3105 2184 3249 2255 Πρὸς
3278 2183 3452 2254 σάρκα
3476 2182 3532 2236 δὲ
3554 2183 3702 2236 οὐδε-

2130 2274 2221 2338 νὸς
2250 2274 2489 2341 καθίζει,
2515 2275 2622 2327 οὐδ’
2644 2274 2925 2345 όψοφαγεῖ.
2960 2274 3094 2340 Quis
3122 2289 3253 2345 ergo
3279 2275 3443 2331 hasce
3470 2275 3525 2329 in
3548 2282 3700 2329 tanta

2131 2365 2377 2420 ciborum
2409 2367 2586 2436 copia,
2615 2380 2906 2420 succorum
2932 2364 3202 2421 allluentia
3231 2381 3357 2421 aere
3382 2366 3579 2421 nutriri
3598 2381 3701 2420 un-

2129 2474 2295 2528 quam
2328 2458 2702 2513 existimaret?
2731 2459 2855 2529 quis
2886 2458 3040 2513 cibos
3072 2466 3421 2530 praapararet,
3452 2458 3576 2527 quis
3602 2473 3700 2514 eas

2130 2557 2346 2604 curaret
2379 2550 2624 2612 alendas,
2658 2551 2859 2620 quibus
2895 2564 2996 2605 nec
3055 2550 3212 2605 cibus
3265 2550 3459 2605 deeese
3500 2559 3696 2619 potest,

2130 2658 2229 2698 nec
2263 2643 2423 2698 famis
2469 2642 2738 2705 cruciare,
2790 2658 2913 2697 eum
2965 2657 3178 2712 semper
3231 2642 3468 2697 habeant
3517 2658 3698 2699 aerem

2127 2740 2422 2805 patentem.
2453 2747 2560 2802 quo
2593 2731 2804 2801 possint
2835 2732 3107 2786 enutriri?

2201 2824 2359 2887 lbid.,
2409 2824 2506 2879 lin.
2552 2823 2643 2877 26.
2703 2825 2950 2893 Ἔχουσι
2991 2823 3060 2877 δὲ
3100 2823 3385 2888 βασιλέα.
3442 2823 3700 2886 Basilius,

2127 2917 2278 2972 hom.
2327 2916 2381 2983 8,
2431 2917 2585 2970 Ἔστι
2628 2916 2684 2969 δέ
2722 2934 2847 2969 τινα
2890 2917 2984 2970 καὶ
3027 2915 3279 2969 πολιτικά
3316 2915 3424 2968 τῶν
3467 2915 3693 2983 ἀλόγων

2129 3009 2287 3081 εἴπερ
2325 3008 2600 3072 πολιτείας
2636 3007 2767 3061 ἴδιον
2804 3009 2863 3062 τὸ
2894 3008 3031 3078 πρὸς
3068 3007 3125 3061 ἓν
3161 3008 3335 3078 πέρας
3374 3007 3550 3060 κοινὸν
3578 3024 3700 3059 συν-

2129 3101 2421 3173 νεύειντὴν
2441 3102 2721 3173 ἐνέργειαν
2738 3101 2845 3153 τῶν
2865 3100 2984 3153 καθ’
3008 3100 3254 3164 ἕκαστον,
3280 3099 3466 3170 ὥσπερ
3482 3097 3698 3152 ἐπὶτῶν

2134 3192 2407 3264 μελισσῶν
2445 3192 2511 3247 ἄν
2549 3209 2633 3256 τις
2669 3190 2787 3244 tam.
2824 3192 2934 3245 Kal.
2957 3191 3065 3264 γὰρ
3095 3192 3316 3245 ἐκείνων
3348 3191 3500 3262 κοινὴ
3539 3192 3636 3262 μὲν
3660 3192 3699 3262 ἠ

2126 3285 2363 3357 οἴκησις,
2400 3284 2555 3356 κοινὴ
2587 3284 2644 3337 δὲ
2677 3287 2710 3355 ἡ
2747 3287 2965 3356 πτῆσις,
2995 3285 3225 3357 ἐργασία
3256 3284 3314 3338 δὲ
3339 3284 3551 3338 πάντων
3574 3283 3695 3354 μία·

2128 3379 2223 3432 καὶ
2250 3377 2340 3432 τὸν
2376 3377 2657 3449 μέγιστον,
2687 3378 2769 3431 ὄτι
2801 3378 2906 3431 ὑπὸ
2936 3376 3144 3447 βασιλεῖ
3168 3379 3263 3431 καὶ
3286 3377 3561 3449 ταξιάρχῳ
3591 3377 3699 3433 τινὶ

2124 3467 2234 3523 τῶν
2257 3467 2431 3539 ἔργων
2464 3467 2748 3534 ἅπτονται,
2776 3468 2838 3520 οὐ
2866 3468 3127 3538 πρότερον
3156 3467 3580 3537 καταδεχόμεναι
3604 3465 3700 3522 ἐπὶ

2124 3562 2251 3625 τοὺς
2270 3560 2543 3631 λειμῶνας
2567 3560 2760 3623 ἐλθεῖν,
2795 3560 2924 3632 πρὶν
2962 3559 3028 3613 ἂν
3063 3559 3212 3613 [tam
3244 3558 3586 3629 κατάρξαντα
3606 3556 3699 3610 τὸν

2126 3649 2351 3721 βασιλέα
2378 3649 2476 3722 τῆς
2510 3649 2784 3721 πτήσεως.
2840 3649 2950 3703 Καὶ
2977 3647 3121 3701 ἐστιν
3149 3649 3339 3711 αὐταῖς
3373 3648 3433 3701 οὐ
3462 3664 3700 3719 χειροτο-

2124 3742 2282 3815 νητὸς
2311 3742 2581 3813 βασιλεύς.
2606 3740 2673 3795 Et
2704 3740 2954 3807 inferius,
2990 3741 3127 3795 Ἀλλ’
3151 3742 3216 3794 ἐκ
3243 3740 3455 3810 φύσεως
3483 3739 3620 3811 έχων
3638 3740 3699 3791 τὸ

2125 3833 2266 3887 κατὰ
2308 3834 2525 3888 πάντων
2567 3834 2850 3905 πρωτεῖον,
2880 3832 2974 3886 καὶ
3020 3831 3238 3903 μεγέθει
3277 3831 3569 3904 διαφέρων,
3606 3832 3700 3885 καὶ

2126 3925 2385 3996 σχήματι,
2422 3925 2518 3978 καὶ
2550 3926 2616 3996 τῇ
2644 3922 2736 3976 τοῦ
2766 3923 2927 3995 ἤθους
2953 3923 3241 3995 πραότητι,
3273 3924 3427 3976 Ἔστι
3463 3923 3561 3994 μὲν
3591 3925 3699 3994 γὰρ

2128 4017 2348 4087 κέντρον
2372 4015 2452 4087 τῷ
2478 4015 2705 4087 βασιλεῖ,
2736 4014 2873 4070 ἀλλά
2899 4015 2960 4068 οὗ
2989 4014 3187 4087 χρῆται
3215 4013 3372 4067 τοῦτο
3399 4013 3535 4085 πρὸς
3560 4014 3698 4084 ἄμυ-

2126 4126 2239 4168 ναν.
2276 4107 2417 4165 Solze
2440 4109 2585 4165 enim
2616 4108 2701 4163 ha:
2729 4123 2795 4164 ex
2819 4107 3064 4162 omnium
3095 4106 3453 4160 animantium
3476 4120 3697 4175 genere,

2124 4209 2183 4257 ut
2212 4208 2406 4255 auctor
2433 4207 2518 4256 est
2552 4199 2754 4267 Horus,
2788 4199 2883 4253 lib.
2902 4215 2941 4263 ι,
2960 4213 3081 4269 cap.
3100 4197 3189 4262 62,
3211 4205 3263 4253 et
3280 4212 3459 4268 regem
3479 4197 3697 4261 habent,

2122 4297 2178 4344 et
2230 4288 2310 4343 illi
2349 4304 2458 4344 non
2493 4303 2654 4343 secus
2690 4301 2755 4343 ac
2792 4288 2987 4359 vulgus
3027 4288 3140 4358 regi
3170 4288 3562 4356 obtemperant.
3586 4286 3699 4339 Καὶ

2124 4380 2234 4453 γὰρ
2259 4381 2416 4453 μόνον
2437 4380 2545 4434 τῶν
2576 4379 2748 4434 ἄλλων
2775 4378 2928 4444 ζώων
2958 4378 3178 4450 βασιλέα
3208 4378 3340 4450 ἔχει,
3367 4371 3411 4447 ᾧ
3436 4378 3495 4431 τὸ
3515 4376 3699 4431 λοιπὸν

2123 4477 2231 4531 τῶν
2251 4477 2518 4548 μελισσῶν
2535 4477 2727 4530 ἕπεται
2745 4476 2969 4548 πλῆθος,
2995 4477 3126 4532 καθὸ
3148 4478 3240 4531 καὶ
3263 4478 3313 4529 οἱ
3340 4477 3455 4532 ἄνοι
3479 4474 3700 4530 ἕπονται

452 4601 546 4642 eas
576 4586 711 4640 nihil
742 4588 952 4653 venari,
1009 4588 1103 4645 sed
1151 4589 1284 4658 ipsis
1329 4589 1433 4645 sibi
1483 4568 1693 4644 cibaria
1739 4587 1938 4651 facere,
1970 4597 2025 4641 et

2134 4569 2365 4640 βασιλεῖ.
2397 4569 2464 4623 Et
2500 4568 2786 4640 Didymus,
2832 4571 2889 4625 in
2935 4570 3223 4642 Georgicis,
3250 4571 3360 4624 Καὶ
3389 4570 3422 4641 ἠ
3456 4568 3700 4622 πολιτεία

453 4680 771 4741 recondere.
807 4690 859 4736 et
901 4696 1088 4737 earum
1124 4683 1304 4737 cibum
1346 4697 1471 4738 esse
1506 4683 1632 4748 mel,
1671 4683 1820 4750 cujus
1847 4683 1923 4735 rei
1949 4686 2029 4737 in-

451 4769 648 4826 dicium
673 4773 897 4841 faciunt,
928 4790 1047 4828 cum
1078 4776 1271 4844 apiarii
1302 4776 1528 4829 eximere
1558 4775 1817 4844 incipiunt
1842 4775 2025 4844 favus;

450 4864 690 4935 quamvis
723 4868 859 4919 enim
891 4867 1199 4935 sufﬁantur,
1231 4866 1645 4938 vehementerque
1670 4883 1735 4921 ea:
1767 4867 1910 4936 fumo
1946 4868 2028 4922 la-

453 4956 665 5019 borent,-
686 4963 858 5009 tamen
897 4958 1015 5024 plus
1057 4957 1226 5011 mellis
1266 4967 1388 5011 tunc
1418 4959 1600 5021 edunt,
1650 4974 1807 5027 quam
1853 4961 2021 5028 prius.

452 5045 604 5111 Quod
632 5046 772 5099 enim
800 5046 904 5099 cibi
943 5048 1105 5100 causa
1140 5048 1242 5101 sibi
1274 5038 1685 5115 recond’iderint,
1719 5051 1932 5117 parcius
1965 5066 2025 5103 eo

449 5136 767 5198 temporibus
813 5137 1016 5191 caeteris
1043 5147 1284 5192 utuntur.
1320 5135 1443 5193 Sed
1470 5138 1659 5192 habent
1712 5141 1871 5194 etiam
1900 5157 2024 5210 quo

447 5228 617 5282 altero
657 5228 772 5282 cibo
799 5229 1038 5291 alantur,
1062 5229 1201 5297 quod
1224 5230 1440 5299 quidam
1466 5231 1784 5302 ceraginem,
1820 5231 1917 5285 alii
1949 5247 2027 5284 ce-

447 5331 593 5374 reum
630 5328 834 5385 vocant,
886 5337 1061 5376 verum
1104 5321 1200 5375 hoc
1246 5321 1472 5376 deterius
1508 5332 1608 5388 est,
1651 5334 1700 5376 et
1752 5322 2023 5376 dulcedine

446 5428 606 5481 prope
622 5414 754 5481 ﬁcus
771 5428 790 5465 :
808 5422 1093 5484 congerunt
1124 5413 1177 5467 id
1202 5428 1402 5486 quoque
1431 5423 1489 5468 ut
1516 5431 1688 5468 ceram
1714 5417 1823 5468 suis
1848 5417 2019 5468 cruri-

448 5498 562 5554 bus.
599 5498 662 5553 Et
690 5499 940 5566 inferius,
966 5501 1167 5556 Pastus
1201 5505 1534 5585 gratissimus
1566 5503 1751 5573 apibus
1787 5503 2022 5574 thymum

446 5601 564 5646 est:
594 5592 684 5647 sed
714 5593 903 5649 rubido
941 5593 1119 5647 album
1150 5595 1450 5665 pra'fertur.
1504 5594 1568 5648 Et
1606 5595 1701 5648 lib.
1746 5611 1862 5661 VIII,
1898 5611 2017 5666 cap.

448 5681 536 5745 ii,
581 5684 711 5752 Apis
750 5700 856 5738 una
891 5685 1053 5739 nullis
1087 5685 1287 5756 putidis
1325 5685 1543 5749 assidet,
1582 5701 1674 5740 nec
1718 5687 1884 5739 utitur
1915 5687 2022 5740 alio

446 5766 559 5819 cibo
600 5783 759 5838 quam
810 5768 972 5823 dulci.
1000 5769 1169 5835 Plin.,
1203 5771 1298 5824 lib.
1348 5786 1462 5837 nt,
1490 5786 1610 5841 cap.
1648 5772 1735 5831 Μ.
1781 5772 1844 5827 Si
1876 5773 2023 5828 cibus

449 5876 631 5915 tles’we'
655 5872 927 5916 censeatur
957 5862 1140 5931 apibus
1180 5878 1306 5917 uvas
1352 5881 1539 5919 oassas
1579 5866 1825 5933 siccasre,
1865 5866 2024 5937 ﬁcos-

2128 4661 2319 4715 τοῦτου
2347 4662 2440 4715 τοῦ
2470 4660 2608 4726 ζώου
2637 4662 2925 4734 προσέοικε
2952 4666 3071 4727 ταῖς
3112 4663 3342 4734 μάλιστα
3367 4660 3699 4732 εὐνομουμέ-

2127 4769 2247 4816 ναις
2280 4751 2387 4805 τῶν
2420 4753 2649 4828 πόλεων.
2686 4754 2797 4818 Τάς
2824 4771 2885 4807 τε
2920 4753 3027 4826 γὰρ
3055 4754 3264 4821 ἐξόδους
3302 4753 3425 4806 καθ’
3458 4752 3699 4825 ἡγεμόνα

2128 4844 2227 4897 καὶ
2252 4845 2386 4914 πρὸς
2412 4845 2472 4897 τὸ
2499 4844 2778 4916 ἐπίταγμα
2807 4848 3060 4900 ποιεῖται.
3095 4846 3161 4900 ΕΙ,
3189 4845 3529 4907 Aristoteles,
3554 4842 3645 4897 lib:
3679 4858 3698 4896 l

2129 4942 2209 4995 De
2245 4942 2431 4996 histor.
2487 4945 2676 5005 anim.,
2725 4957 2846 5012 cap.
2877 4943 2929 5004 i,
2979 4942 3144 4995 etiam
3195 4955 3358 5010 grues
3406 4940 3509 4993 sub
3560 4940 3699 4992 duce

2129 5049 2292 5104 agere
2324 5036 2544 5096 asserit,
2592 5033 2770 5089 Civilis
2796 5035 3000 5104 generis
3038 5043 3117 5088 est
3145 5033 3319 5096 homo,
3353 5032 3489 5098 apis,
3519 5044 3694 5098 vespa.

2125 5126 2372 5197 formica,
2423 5144 2568 5198 grus.
2619 5127 2859 5193 Quarum
2907 5128 3027 5181 alim
3062 5127 3156 5180 sub
3194 5126 3324 5178 duce
3374 5126 3587 5194 degunt,
3640 5132 3698 5175 ut

2125 5236 2300 5290 grues,
2333 5229 2392 5273 ut
2427 5236 2570 5288 apes,
2616 5221 2740 5273 alia:
2783 5220 2917 5273 nulli
2944 5218 3171 5273 subditae
3213 5217 3432 5285 imperio
3463 5227 3610 5280 sunt,
3640 5226 3697 5268 ut

2124 5309 2361 5379 formica:
2389 5320 2438 5364 et
2468 5310 2580 5364 alia
2609 5312 2886 5363 innumera
2910 5325 3037 5377 pene
3065 5323 3273 5378 genera.

2194 5404 2354 5469 lbid.,
2380 5405 2478 5457 lin.
2505 5402 2595 5457 28.
2629 5402 2734 5456 Kal
2761 5396 3006 5469 οὐδεμία
3033 5399 3378 5468 προχείρως.
3411 5397 3554 5467 Apes
3578 5410 3700 5466 pro-

2124 5499 2306 5568 prium
2341 5496 2559 5558 ducem,
2592 5503 2756 5563 atque
2788 5494 3194 5561 imperatorem,
3220 5488 3474 5543 omnibus
3502 5487 3699 5543 ofﬁciis

2127 5588 2387 5659 prosequi
2441 5585 2716 5639 afﬁrmant
2773 5581 3044 5645 )Elianus,
3094 5579 3171 5634 De
3222 5580 3408 5636 histor.
3450 5577 3697 5643 animal.,

2125 5679 2220 5733 lib.
2250 5695 2303 5742 ν,
2326 5693 2447 5748 cap.
2484 5677 2548 5730 10
2574 5686 2628 5730 et
2660 5677 2715 5729 11
2741 5692 2757 5732 :
2781 5673 3194 5736 Aristoteles,et
3225 5669 3458 5738 Plinius,
3488 5669 3581 5724 lib.
3619 5684 3695 5731 si,

2124 5789 2248 5844 cap.
2289 5773 2343 5838 6,
2410 5780 2465 5827 et
2519 5787 2641 5842 cap.
2687 5772 2775 5825 17.
2810 5770 2950 5824 Mira
2999 5768 3172 5838 plebis
3213 5767 3360 5821 circa
3404 5779 3528 5820 eum
3566 5762 3697 5817 obe-

2126 5867 2348 5924 dientia.
2388 5866 2521 5922 Cum
2550 5863 2781 5935 procedit
2815 5880 2921 5918 una
2958 5871 3037 5917 est
3071 5871 3237 5917 totum
3271 5873 3509 5925 examen,
3537 5856 3695 5910 circa-
