4124 6410
440 427 543 487 91⁸1

1531 428 1594 483 IN
1636 428 2006 487 EUSTATHII
2045 428 2513 487 HEXAEMERON
2548 425 2780 482 NOTAE.

3553 424 3652 481 918

437 565 536 605 auc
572 563 690 602 eum
715 548 1077 620 conglobatur,
1115 550 1296 620 cingit,
1324 553 1569 623 protegit,
1595 554 1736 607 cerni
1773 571 1874 608 non
1902 570 1989 623 pa-

2098 570 2193 624 την
2232 556 2351 615 ταῖς
2404 550 2674 621 κοιλάτησι
2720 547 2827 601 τῶν
2873 547 3078 618 κηρίων
3127 538 3357 618 ἐνίησιν·
3403 544 3524 599 ὅθεν
3562 546 3656 596 καὶ

439 642 589 695 titur.
622 641 831 708 Quibus
876 642 1024 696 addit
1072 641 1322 699 Ailianus
1355 644 1476 699 loco
1509 645 1564 700 d.
1612 647 1774 700 etiam
1821 662 2001 716 regem

440 730 725 801 fugitivum
758 747 1058 797 accersere,
1114 744 1168 788 et
1216 734 1269 788 in
1318 751 1546 805 regnum
1576 737 1857 791 reducere.
1899 737 2000 789 Τὸν

441 822 664 894 βασιλέα
696 825 871 878 αὐτῶν
911 827 968 881 αἱ
1014 824 1255 893 μέλιτται
1298 829 1471 898 πρᾶον
1501 826 1626 880 ὄντα
1654 828 1747 880 καὶ
1774 828 1996 899 ἥμερον,

440 911 532 965 καὶ
556 914 690 984 ὁμοῦ
713 932 765 968 τι
793 916 887 969 καὶ
911 917 1333 989 ἄκεντρον,ὅταν
1361 917 1529 980 αὑτὰς
1556 916 1812 988 ἀπολίπῃ,
1839 935 2001 987 μετα-

442 1001 619 1057 θέουσί
661 1022 741 1069 τε,
790 1009 886 1061 καὶ
930 1007 1183 1062 διώκουσι
1218 1007 1440 1076 φυγάδα
1488 1007 1589 1077 τῆς
1634 1009 1807 1079 ἀρχῆς
1849 1009 1995 1061 ὄντα.

454 1092 820 1166 Ῥινηλατοῦσι
851 1097 908 1150 δὲ
937 1098 1098 1152 αὑτὸν
1121 1100 1462 1169 ἀπορῤήτως,
1495 1097 1588 1151 καὶ
1610 1100 1674 1152 ὲκ
1695 1098 1795 1169 τῆς
1824 1098 1997 1169 ὀσμῆς

438 1186 539 1258 τῆς
566 1187 690 1258 περὶ
714 1189 873 1242 αὑτὸν
891 1189 1127 1261 αἱροῦσι,
1168 1189 1262 1243 καὶ
1292 1191 1349 1252 ὲς
1374 1190 1473 1259 τὴν
1499 1189 1768 1260 βασιλείαν
1794 1190 1997 1243 ἐπανά-

439 1295 646 1347 γουσιν,
677 1279 899 1334 ὲκοῦσαί
931 1298 989 1334 τε
1022 1282 1117 1334 καὶ
1150 1280 1467 1351 βουλόμεναι
1503 1279 1598 1334 τοῦ
1628 1282 1829 1352 τρόπου
1863 1281 1998 1350 ἀγάο

443 1388 623 1441 μεναι.
650 1370 933 1438 Quomodo
962 1384 1139 1428 autem
1169 1388 1278 1428 una
1301 1389 1426 1427 cum
1461 1389 1583 1445 rege
1612 1374 1864 1443 migrant,
1888 1390 1997 1445 quo

440 1463 620 1533 signo,
678 1479 785 1533 qua
838 1480 988 1528 voce,
1037 1471 1093 1519 et
1142 1464 1504 1527 observantia,
1555 1464 1872 1520 Aristoteles
1920 1465 1997 1521 De

440 1553 629 1608 histor.
664 1556 851 1618 anim.,
884 1555 977 1609 lib.
1010 1571 1084 1618 Ix,
1111 1570 1233 1626 cap.
1260 1555 1350 1620 40,
1378 1563 1432 1610 et
1461 1554 1691 1619 Plinius,
1719 1556 1773 1611 d.
1798 1557 1940 1612 loco.

511 1643 667 1709 lbid.,
698 1645 792 1699 lin.
815 1644 906 1700 29.
945 1646 1111 1699 Ἔστι
1140 1644 1208 1699 δὲ
1235 1644 1441 1710 αὐταῖς
1473 1642 1666 1711 οὗτος.
1706 1643 1823 1700 Non
1850 1648 1994 1701 enim

438 1735 664 1806 eligunt,
692 1738 788 1793 sed
809 1739 1156 1794 successione
1185 1745 1239 1793 et
1269 1753 1466 1808 genere
1494 1739 1730 1809 optimos
1751 1754 1996 1810 quosque

438 1836 785 1896 conservant,
834 1844 898 1885 ac
949 1828 1179 1885 fovendo
1216 1835 1481 1895 tutantur,
1534 1829 1812 1900 improbos
1849 1833 1996 1886 occi-

2102 644 2263 715 ὑγρὸν
2290 640 2439 714 παρά
2472 641 2570 712 τὴν
2614 639 2833 711 πρώτην
2858 640 3021 704 ἐστὶν,
3049 634 3162 691 εἶτα
3187 637 3265 709 τῷ
3303 638 3475 711 χρόνῳ
3519 654 3653 707 συμ-

2101 735 2301 805 πεφθὲν
2326 775 2340 798 ,
2398 734 2533 804 πρὸς
2597 733 2693 804 τὴν
2748 731 2952 785 οἰκείαν
3008 730 3257 815 σύστασιν
3319 732 3413 785 καὶ
3463 730 3652 801 ἡδονὴν

2098 826 2470 896 ἐπανέρχεται.
2505 823 2608 889 Qui
2658 823 2767 878 sint
2816 820 2908 875 isti
2952 820 3130 884 liores,
3166 836 3233 875 ex
3281 821 3479 891 quibus
3526 836 3652 891 apes

2097 917 2398 988 colligendo
2450 930 2644 972 succos
2690 929 2786 970 sua
2827 912 3121 968 coniiciunt
3168 913 3327 967 mella
3373 917 3652 967 enumerat

2096 1009 2438 1073 Aristoteles,
2468 1025 2519 1073 v,
2549 1008 2626 1062 De
2644 1008 2829 1061 histor.
2859 1005 3101 1069 animal.,
3133 1020 3253 1074 cap.
3276 1005 3386 1071 ‘22;
3422 1004 3648 1068 Plinius,

2096 1100 2188 1155 lib.
2222 1117 2298 1166 ιι,
2338 1115 2456 1168 cap.
2489 1100 2542 1163 8,
2567 1099 2813 1168 quadam
2845 1114 2909 1152 ex
2939 1097 3046 1150 illis
3071 1095 3290 1165 excipit,
3313 1101 3367 1150 et
3387 1096 3648 1165 quosdam

2094 1195 2185 1262 qui
2215 1192 2459 1262 quaedam
2494 1197 2816 1260 exceperant
2843 1189 3184 1258 reprehendit
3215 1206 3229 1242 :
3261 1186 3422 1242 Ceras
3450 1201 3513 1241 ea:
3541 1203 3652 1240 ont-

2094 1285 2237 1337 nium
2286 1282 2534 1337 arborum
2576 1290 2908 1352 satorumque
2951 1279 3165 1348 ﬂoribus
3210 1280 3529 1349 confingunt,
3561 1295 3653 1333 ea:-

2093 1386 2242 1445 cepta
2288 1378 2481 1430 rumice
2527 1385 2576 1432 et
2611 1373 2919 1444 chenopode,
2957 1371 3233 1427 herbarum
3283 1372 3393 1428 haec
3442 1389 3648 1443 genera.

2094 1468 2143 1522 F
2147 1468 2258 1523 also
2288 1469 2544 1537 excipitur
2571 1475 2618 1521 et
2649 1478 2903 1537 spartum,
2935 1467 3118 1536 quippe
3150 1482 3264 1518 cum
3301 1466 3358 1518 in
3391 1465 3653 1533 Hispania

2094 1560 2259 1612 multa
2281 1559 2334 1611 in
2363 1558 2641 1627 spartariis
2670 1556 2827 1611 mella
2847 1556 3057 1610 herbam
3084 1572 3197 1609 eam
3226 1556 3456 1623 sapiant.
3488 1552 3651 1608 Falso

2091 1660 2140 1705 et
2167 1650 2309 1704 oleas
2342 1650 2509 1719 excipi
2558 1649 2808 1713 arbitror,
2850 1650 3033 1720 quippe
3070 1648 3217 1702 oliva:
3263 1656 3508 1717 proventu
3533 1649 3651 1716 plu-

2094 1744 2227 1798 rima
2256 1742 2504 1795 exanima
2532 1741 2671 1812 gigni
2701 1749 2898 1794 certum
2923 1749 3017 1794 est.
3063 1736 3342 1791 Fructibus
3368 1736 3528 1792 nullis
3557 1755 3651 1791 no-

2094 1842 2273 1888 cetur:
2306 1831 2523 1885 mortuis
2568 1848 2630 1885 ne
2674 1828 2890 1899 ﬂoribus
2919 1826 3124 1899 quidem
3152 1844 3254 1882 non
3287 1827 3437 1881 modo
3465 1842 3648 1895 corpo—

437 1918 677 1982 dunt,-ut
707 1892 780 1975 ex?
806 1936 970 1990 supra
997 1920 1154 1975 dictis
1184 1892 1497 1976 auctoribus
1522 1892 1868 1977 manifestum
1900 1937 1995 1993 ap-
2026 1892 2066 1951 Β
2096 1924 2238 1978 ribus
2283 1922 2540 1976 insidunt.
2739 1892 2968 1984 Plinius,
2999 1918 3053 1972 in
3099 1917 3373 1973 nonnullis
3405 1892 3651 1971 animad-

437 2018 611 2079 paret.
647 2009 799 2065 Hunc
831 2026 994 2081 porro
1040 2012 1429 2083 magnitudine,
1474 2011 1642 2083 ﬁgura
1681 2029 1745 2068 ac
1782 2030 1993 2069 morum

439 2101 706 2156 suavitate
745 2109 969 2159 caeteras
993 2117 1124 2173 apes
1157 2103 1480 2159 antecellere
1511 2112 1698 2159 narrat
1725 2104 1994 2161 Aristote-

437 2186 536 2251 les,
567 2188 646 2242 De
669 2200 899 2258 generat.
930 2192 1174 2256 animal.,
1206 2191 1301 2247 lib.
1330 2207 1410 2255 Ill,
1439 2193 1604 2263 capit.
1634 2194 1733 2261 l0;
1765 2195 1992 2263 Plinius,

435 2277 530 2333 lib.
560 2295 635 2344 ιι,
667 2281 830 2350 capit.
861 2281 946 2345 l6,
968 2280 1125 2352 Reges
1147 2283 1320 2351 plures
1347 2283 1682 2350 inchoantur,
1710 2301 1772 2340 ne
1799 2285 1990 2341 desint.

435 2365 630 2422 Postea
655 2385 720 2424 ex
745 2370 824 2424 his
846 2371 1046 2426 soboles
1068 2389 1187 2427 cum
1209 2372 1395 2429 adulta
1418 2391 1529 2429 esse
1556 2376 1728 2444 coepit,
1749 2379 1992 2434 concordi

433 2460 689 2528 suffragio
719 2460 1025 2516 deterrimos
1068 2473 1277 2530 necant,
1317 2482 1380 2518 ne
1427 2465 1728 2520 distrahant
1759 2470 1989 2539 agmina.

432 2548 553 2604 Duo
582 2562 755 2606 autem
786 2570 974 2623 genera
1004 2571 1204 2620 eorum,
1247 2557 1433 2610 melior
1467 2557 1617 2627 rufus
1663 2576 1820 2628 quam
1849 2562 1994 2631 niger

432 2642 725 2712 variusque.
755 2642 1007 2698 Omnibus
1038 2645 1211 2715 forma
1265 2661 1465 2714 semper
1494 2649 1721 2718 egregia,
1751 2658 1801 2703 et
1833 2649 1991 2720 duplo

430 2749 589 2802 quam
624 2736 826 2790 cceteris
866 2736 1059 2806 major,
1106 2753 1288 2807 pennae
1319 2736 1595 2803 breviores,
1634 2756 1792 2795 crura
1826 2752 1988 2807 recta,

430 2823 694 2892 ingressus
728 2825 936 2891 celsior,
973 2827 1029 2880 in
1069 2827 1244 2897 [route
1290 2835 1501 2887 macula
1545 2833 1772 2902 quodam
1806 2831 1990 2887 diade-

431 2922 572 2968 mate
616 2914 922 2977 candicans,
966 2917 1130 2971 multo
1186 2920 1345 2973 etiam
1382 2923 1551 2977 nitore
1591 2940 1622 2975 a
1657 2922 1807 2993 vulgo
1836 2924 1991 2993 diffe-

431 3014 575 3060 runt.
608 3003 743 3060 Vide
773 3005 1073 3072 AZlianum,
1104 3009 1198 3064 lib.
1235 3027 1288 3075 v,
1318 3026 1439 3080 cap.
1465 3013 1534 3068 10
1566 3019 1620 3067 et
1652 3013 1710 3067 11
1736 3031 1750 3081 ;
1794 3012 1992 3084 Geapo-

430 3096 583 3150 nicon
615 3098 849 3160 collect.,
890 3109 944 3154 et
973 3100 1129 3156 alios.

496 3185 761 3286 ibim-lin.
802 3189 891 3286 52-.
928 3189 1094 3286 'Ea'ft
1134 3191 1250 3260 μὲν
1286 3193 1397 3262 γὰρ
1440 3193 1709 3261 κέντρον.
1749 3195 1807 3250 Id
1846 3195 1987 3253 idem
2014 3224 2061 3286 Ο

428 3276 590 3333 habet
620 3278 957 3343 Aristoteles,
1006 3280 1084 3336 De
1110 3282 1296 3337 histor.
1330 3284 1518 3348 anim.,
1560 3299 1681 3354 cap.
1729 3285 1818 3351 2|,
1851 3290 1989 3341 Acu-

427 3366 565 3421 leum
603 3383 723 3436 apes
749 3368 1037 3437 possident,
1072 3371 1182 3440 fuci
1224 3389 1284 3428 eo
1306 3384 1505 3439 carent,
1544 3391 1685 3444 reges
1737 3377 1989 3449 ducesque

426 3457 636 3523 habent,
668 3459 757 3514 sed
792 3478 896 3515 non
930 3470 1193 3528 utuntur;
1222 3467 1465 3535 quocirca
1489 3482 1575 3521 eos
1605 3483 1786 3523 carere
1809 3470 1987 3524 aculeo

428 3548 668 3603 nonnulli
711 3551 1033 3606 existimant.
1063 3552 1336 3620 Allienus,
1372 3555 1449 3611 De
1495 3556 1685 3612 histor.
1741 3560 1985 3626 animal.,

427 3639 524 3695 lib.
561 3656 600 3704 ι,
627 3655 747 3711 cap.
783 3640 874 3705 60,
906 3642 1066 3711 Λέγει
1103 3645 1200 3715 μέν
1227 3661 1310 3710 τις
1347 3645 1503 3715 λόγος
1533 3648 1824 3721 ἀκέντρους
1851 3647 1987 3706 εἶναι

423 3729 551 3792 τοὺς
578 3728 782 3783 τούτων
816 3729 1087 3802 βασιλέας⁸
1118 3733 1265 3803 λέγει
1296 3735 1354 3789 δὲ
1378 3737 1471 3791 καὶ
1501 3737 1685 3811 ἕτερος
1716 3740 1811 3793 καὶ
1848 3740 1985 3795 πάνυ

423 3820 710 3891 ὲρῤωμένα
754 3821 820 3876 τὰ
867 3823 1066 3896 κέντρα
1098 3829 1507 3897 συμπεφυκέναι
1545 3831 1746 3896 αὐτοῖς,
1774 3834 1867 3886 καὶ
1901 3850 1987 3887 τε-

422 3910 671 3983 θηγμένα
699 3914 1066 3987 ἀνδρειότατα.
1090 3917 1226 3972 Οὔτε
1246 3919 1302 3973 δὲ
1320 3922 1408 3973 ἐπ’
1427 3922 1580 3995 ἀνδρί
1604 3941 1731 3978 ποτε
1756 3926 1986 3999 χρῆσθαι

417 4004 604 4068 αὐτοῖς
649 4004 771 4059 οὔτε
820 4008 914 4060 ἐπὶ
956 4012 1078 4073 ταῖς
1121 4009 1413 4081 μελίτταις·
1467 4013 1602 4069 ἀλλὰ
1641 4016 1733 4068 καὶ
1786 4017 1988 4071 ὑποπε-

415 4093 657 4149 πλάσθαι
689 4097 849 4166 φόϐον
888 4097 1078 4163 ἄλλως.
1114 4102 1205 4173 Μὴ
1257 4102 1366 4174 γὰρ
1396 4102 1552 4174 θέμιν
1573 4100 1711 4161 εἶναι
1757 4106 1845 4162 τὸν
1891 4109 1989 4179 ἄρ-

412 4204 583 4258 χοντα
625 4190 720 4243 καὶ
761 4190 854 4243 τὸν
888 4190 1136 4247 τοσοῦτον
1181 4193 1371 4265 ἔφορον
1413 4197 1581 4251 κακὸν
1626 4198 1981 4269 ἐργάσασθαι.

416 4277 554 4343 Quae
590 4294 698 4333 non
733 4281 937 4352 integre
974 4284 1068 4339 sed
1101 4285 1288 4339 mutile
1318 4286 1530 4343 reddita
1561 4298 1689 4345 sunt
1719 4291 1787 4346 ab
1817 4292 1979 4345 inter-

417 4376 610 4436 prete;
641 4366 872 4436 Plinius,
897 4371 994 4427 lib.
1022 4387 1101 4435 ιι,
1126 4388 1246 4444 cap.
1288 4375 1375 4441 l7,
1412 4376 1597 4443 haeret,
1639 4395 1739 4434 nec
1781 4380 1985 4451 aliquid

417 4457 560 4512 certi
615 4458 960 4515 determinat.
1022 4461 1241 4529 Quaerat
1313 4483 1451 4521 nunc
1507 4470 1719 4540 aliquis,
1784 4488 1985 4527 unusne

2094 2013 2342 2068 versione
2372 2011 2569 2083 dignus
2603 2011 2831 2065 videtur.
2864 2008 2939 2064 De
2965 2008 3099 2064 oleis
3133 2009 3383 2079 superius
3405 2009 3646 2078 quadam

2093 2103 2366 2171 diximus;
2399 2103 2466 2157 de
2504 2103 2734 2159 mortuis
2766 2101 3084 2170 corporibus
3117 2115 3216 2155 nec
3258 2101 3360 2156 sibi
3400 2108 3645 2161 constat;

2092 2202 2335 2249 mortuas
2368 2195 2565 2265 quippe
2605 2193 2833 2264 gallinas
2865 2192 3058 2262 apibus
3089 2192 3269 2246 cibum
3299 2206 3419 2247 esse
3463 2206 3563 2247 nos
3592 2191 3647 2245 in

2093 2288 2215 2343 aliis
2254 2286 2551 2342 admonuit.
2593 2285 2697 2340 Sed
2725 2285 2847 2355 quis
2884 2286 2940 2338 in
2991 2292 3137 2337 tanta
3182 2298 3361 2338 rerum
3392 2283 3648 2338 varietate

2090 2390 2144 2436 et
2175 2379 2487 2435 diversitate
2530 2378 2843 2447 opinionum
2879 2375 2955 2431 ita
3006 2375 3111 2431 sibi
3158 2375 3415 2429 memoria
3455 2373 3646 2444 poterit

2091 2476 2344 2525 constare
2379 2476 2437 2522 ut
2462 2483 2526 2522 ea
2553 2466 2661 2521 labi
2700 2464 3026 2536 quandoque
3055 2479 3162 2518 non
3187 2463 3494 2533 contingat?

2160 2560 2316 2616 ιδιά..
2346 2561 2442 2615 lin.
2467 2558 2555 2614 54.
2582 2558 2690 2611 Καὶ
2708 2559 2820 2625 τὴν
2833 2554 3202 2626 δροσοειδῶς.
3228 2553 3652 2608 Accuratissime

2091 2644 2204 2698 haec
2244 2643 2426 2697 omnia
2478 2641 2793 2696 Aristoteles
2841 2641 2896 2694 d.
2948 2641 3110 2694 loco:
3146 2636 3466 2700 Construunt
3501 2637 3650 2706 favos

2090 2750 2118 2787 e
2137 2733 2372 2801 ﬂoribus,
2397 2749 2587 2797 ceram,
2619 2747 2682 2784 ea:
2715 2731 2950 2801 lacryma
2975 2730 3221 2784 arborum
3251 2729 3470 2799 ﬁngunt,
3492 2728 3647 2783 mella

2089 2839 2154 2878 ea:
2183 2839 2298 2877 rore
2329 2822 2488 2886 aeris,
2520 2823 2751 2876 siderum
2796 2830 2980 2875 exortu
3024 2820 3372 2889 potissimum,
3410 2833 3458 2873 et
3492 2835 3646 2872 arcus

2091 2917 2309 2970 celestis
2337 2914 2569 2969 incubitu
2602 2914 2933 2968 contrahunt.
2972 2913 3197 2968 Omnino
3237 2922 3356 2966 ante
3397 2910 3647 2982 Vergilia-

2090 3026 2208 3064 rum
2247 3018 2482 3064 exortum
2519 3008 2619 3062 mel
2654 3025 2758 3063 non
2790 3009 2870 3078 ﬁt.
2906 3005 3078 3063 Favos
3109 3007 3302 3077 itaque,
3351 3015 3409 3060 ut
3452 3006 3644 3059 dictum

2089 3108 2188 3164 est,
2220 3117 2247 3154 e
2270 3098 2487 3168 ﬂoribus
2521 3099 2742 3164 faciunt.
2791 3097 2898 3153 Mel
2932 3108 3106 3154 autem
3156 3114 3256 3153 non
3304 3098 3445 3164 ipsas
3479 3096 3650 3166 facere

2091 3207 2232 3259 apes,
2274 3190 2366 3244 sed
2410 3207 2580 3244 rorem
2623 3188 2928 3244 candentem
2983 3188 3183 3258 deferre
3224 3197 3528 3259 argumento
3572 3197 3649 3242 est

2089 3277 2226 3349 quod
2270 3295 2374 3332 uno
2423 3289 2516 3332 aut
2559 3279 2726 3332 altero
2777 3278 2859 3332 die
2904 3277 3065 3332 cellas
3094 3277 3246 3332 melle
3288 3278 3468 3346 plenas
3510 3277 3648 3330 inve-

2088 3371 2238 3423 niunt
2265 3370 2475 3439 apiarii.
2511 3370 2575 3424 Et
2606 3370 2697 3426 lib.
2731 3385 2805 3435 lx,
2836 3384 2954 3439 cap.
2987 3369 3076 3433 40,
3109 3369 3413 3425 observavit
3443 3384 3648 3423 morem

2088 3473 2270 3528 apum,
2307 3474 2378 3514 ne
2411 3458 2660 3514 videlicet
2686 3457 2879 3512 ﬂorum
2916 3459 3070 3529 plura
3101 3474 3298 3531 genera
3330 3466 3511 3529 petant
3537 3475 3652 3513 uno

2087 3551 2382 3620 eodemque
2403 3548 2670 3620 profectu,
2697 3549 2791 3605 sed
2815 3549 3042 3619 singulis
3069 3549 3301 3621 singula,
3339 3550 3489 3604 verbi
3521 3565 3653 3620 gra-

2088 3641 2163 3697 tia
2192 3658 2222 3697 a
2263 3642 2403 3696 viola
2434 3640 2500 3696 ad
2525 3642 2721 3697 violam
2748 3641 3021 3706 advolant,
3050 3656 3152 3696 nec
3177 3640 3325 3695 aliud
3351 3642 3652 3711 attingunt,

2086 3746 2368 3802 quousque
2394 3746 2552 3787 suum
2582 3730 2636 3784 in
2660 3730 2869 3786 alveum
2889 3730 3132 3794 redeant,
3164 3730 3251 3784 hic
3281 3747 3340 3786 se
3372 3731 3649 3801 quatiunt;

2086 3833 2140 3878 et
2171 3823 2413 3894 singulas
2461 3832 2574 3878 tres
2626 3830 2719 3877 aut
2762 3828 2995 3892 quatuor
3037 3831 3357 3893 sequuntur.
3385 3821 3491 3879 Sed
3517 3824 3645 3894 quid

2089 3914 2359 3984 accipiant
2406 3914 2549 3970 haud
2591 3907 2748 3969 facile
2792 3914 3029 3983 videris;
3072 3930 3174 3970 nec
3210 3929 3338 3970 vero
3387 3914 3650 3986 quemad-

2086 4006 2303 4062 modum
2337 4013 2630 4077 Operentur
2662 4006 2840 4062 visum
2865 4007 3040 4063 adhuc
3066 4015 3170 4062 est.

2153 4095 2313 4159 bid.,
2352 4095 2447 4149 lin.
2478 4094 2566 4150 57.
2595 4094 2766 4149 Ὅθεν
2793 4094 2890 4147 καὶ
2922 4095 3104 4164 ὑγρόν
3126 4094 3275 4147 ἐστι.
3306 4092 3643 4153 Aristoteles.

2086 4188 2179 4243 lib.
2218 4202 2251 4241 ν
2282 4185 2359 4240 De
2389 4185 2575 4239 histor.
2625 4185 2868 4252 animal.,
2915 4199 3035 4255 cap.
3085 4183 3180 4246 22,
3237 4182 3553 4237 Συνίσταται
3587 4182 3643 4236 δὲ

2084 4279 2145 4332 τό
2179 4279 2298 4351 μέλι
2333 4279 2674 4349 πεττόμενον.
2723 4276 2809 4343 Ἐξ
2840 4278 3012 4349 ἀρχῆς
3039 4278 3147 4347 γὰρ
3174 4271 3283 4330 οἷον
3332 4275 3473 4347 ὕδωρ
3509 4276 3649 4344 γίνε-

2084 4389 2194 4438 ται,
2229 4373 2322 4426 καὶ
2354 4371 2437 4440 ἐφ’
2464 4369 2676 4441 ἡμέρας
2712 4368 2808 4439 μέν
2840 4384 2990 4429 τινας
3032 4368 3195 4440 ὑγρόν
3223 4370 3370 4420 ὲστιο
3421 4366 3501 4419 διὸ
3541 4367 3644 4421 κᾶν

2087 4462 2350 4535 ὑφαιρεθῇ
2383 4464 2439 4516 ὲν
2477 4462 2665 4524 αὐταῖς
2707 4463 2823 4522 ταῖς
2860 4458 3109 4530 ἡμέραις,
3143 4458 3240 4529 οὐχ
3280 4457 3415 4528 ἴσχει
3454 4460 3642 4529 πάχος,

419 4544 675 4601 Hercules
705 4546 886 4616 fuerit,
917 4560 966 4604 et
993 4552 1130 4621 quod
1156 4552 1330 4610 Liberi
1364 4556 1545 4612 Patris
1582 4559 1897 4628 sepulcrum,
1928 4573 1976 4615 et

2089 4557 2138 4608 ὲν
2166 4556 2334 4609 εἴκοσι
2365 4555 2420 4607 δὲ
2464 4554 2694 4623 μάλιστα
2728 4551 3061 4605 συνίσταται.
3104 4551 3267 4620 Δῆλον
3298 4551 3354 4603 δέ
3379 4551 3522 4603 ἐστιν
3556 4551 3647 4602 εὑ-

417 4637 624 4707 reliqua
653 4642 926 4695 vetustatis
960 4644 1067 4697 situ
1101 4643 1308 4701 obruta.
1345 4646 1478 4703 Ecce
1504 4650 1558 4703 in
1597 4667 1653 4704 re
1688 4667 1851 4720 parva
1879 4654 1977 4708 vil-

418 4728 585 4798 lisque
609 4730 807 4784 nostris
851 4747 1077 4796 annexa,
1120 4750 1268 4805 cujus
1299 4738 1519 4792 assidua
1557 4743 1709 4808 copia
1745 4751 1843 4804 est,
1877 4759 1979 4796 non

416 4825 627 4871 constat
653 4818 789 4872 inter
816 4828 1056 4876 auctores
1087 4838 1105 4876 :
1137 4821 1247 4877 Rea:
1289 4825 1561 4881 nullumne
1598 4828 1742 4884 solus
1793 4828 1980 4884 habeat

416 4908 680 4971 aculeum,
734 4911 1012 4979 majestate
1065 4922 1270 4968 tantum
1328 4927 1568 4973 armatus
1612 4936 1733 4973 :an
1781 4920 1980 4975 dederit

416 5015 536 5052 eum
566 4998 775 5070 quidem
798 5010 1012 5067 natura,
1041 5005 1129 5058 sed
1156 5022 1307 5060 usum
1337 5009 1449 5078 ejus
1478 5011 1563 5064 illi
1587 5021 1791 5066 tantum
1823 5031 1981 5084 nega-

417 5091 568 5144 verit.
606 5089 754 5144 Illud
783 5102 992 5147 constat
1023 5096 1393 5165 imperatorem
1425 5101 1605 5155 aculeo
1633 5119 1733 5157 non
1749 5107 1846 5158 uti.
1877 5105 1980 5159 Ne-

415 5186 508 5248 gat
539 5177 767 5247 Seneca,
806 5183 899 5237 lib.
946 5199 983 5248 ι,
1015 5183 1094 5239 De
1130 5186 1424 5252 clementia,
1457 5204 1578 5260 cap.
1621 5192 1709 5256 19,
1755 5192 1981 5247 Iracun-

415 5268 669 5339 dissimte,
720 5290 783 5327 ac
817 5288 912 5342 pro
949 5277 1180 5343 corporis
1217 5288 1373 5347 captu
1416 5283 1819 5349 pugnacissima:
1858 5293 1980 5337 sunt

416 5377 561 5429 apes,
589 5371 641 5415 et
671 5363 878 5420 aculeos
908 5369 961 5419 in
986 5367 1195 5422 vulnere
1223 5369 1523 5440 relinquunt
1550 5387 1571 5427 .'
1600 5370 1711 5426 Rea:
1733 5375 1844 5442 ipse
1870 5375 1980 5429 sine

418 5451 601 5506 aculeo
629 5462 725 5508 est.
754 5455 992 5514 Consule
1024 5459 1313 5527 Brodeum,
1358 5462 1452 5517 lib.
1486 5479 1557 5527 Iv,
1587 5479 1708 5535 cap.
1748 5465 1837 5520 10.

488 5542 646 5610 lbid.,
677 5546 772 5600 lin.
829 5549 917 5603 '53.
966 5551 1304 5621 Συνάγουσι
1331 5552 1399 5605 δὲ
1442 5554 1509 5607 ἐκ
1536 5553 1673 5610 τῶν.
1724 5554 1977 5621 Basilius,

416 5632 563 5689 hom.
588 5636 622 5691 8
648 5656 662 5693 :
697 5637 799 5691 Τὸν
825 5641 921 5710 μὲν
943 5643 1050 5714 γὰρ
1074 5645 1241 5717 κηρὸν
1274 5646 1380 5698 ἀπὸ
1405 5646 1513 5699 τῶν
1538 5645 1712 5701 ἀνθῶν
1740 5649 1981 5719 φανερῶς

417 5729 754 5799 συναγείρει·
780 5731 839 5783 τὸ
863 5731 919 5785 δὲ
944 5735 1082 5804 μέλι,
1111 5736 1209 5806 τὴν
1233 5736 1544 5808 δροσοειδῶς
1576 5740 1980 5810 ὲνεσπαρμὲνην

414 5817 593 5873 νοτίδα
630 5821 738 5883 τοτς
771 5821 983 5877 ἄνθεσιν
1025 5827 1439 5901 ἐπισπασαμένη
1468 5829 1544 5900 τῷ
1574 5834 1821 5901 στόματι,
1852 5832 1976 5885 ταύ-

2082 4647 2218 4710 θέως
2249 4646 2310 4699 τὸ
2333 4646 2440 4699 ἀπὸ
2469 4644 2561 4697 τοῦ
2587 4644 2759 4715 χυμοῦ
2795 4643 3045 4715 μάλιστα.
3085 4642 3215 4708 Quae
3244 4643 3316 4695 ita
3346 4644 3507 4697 vertit
3537 4641 3647 4693 Pli~

2084 4737 2236 4799 nius,
2272 4735 2364 4789 lib.
2401 4750 2475 4800 χι,
2528 4748 2646 4804 cap.
2717 4735 2784 4788 15
2818 4754 2830 4788 :
2862 4733 2959 4787 Est
3008 4742 3179 4786 autem
3223 4733 3371 4786 initio
3424 4731 3541 4794 mel,
3590 4745 3643 4784 ut

2081 4845 2241 4899 aqua,
2271 4828 2515 4890 dilutum,
2548 4836 2595 4880 et
2636 4828 2820 4894 primis
2872 4826 3053 4881 diebus
3100 4828 3278 4896 fervet,
3304 4835 3362 4879 ut
3391 4835 3640 4887 mustum,

2081 4934 2232 4989 seque
2258 4927 2479 4987 purgat:
2505 4919 2743 4971 vicesimo
2770 4917 2853 4972 die
2876 4921 3184 4982 crassescit;
3221 4932 3342 4970 mox
3369 4917 3644 4972 obducitur

2083 5010 2226 5063 tenui
2276 5007 2602 5073 membrana,
2644 5024 2759 5079 qua:
2798 5008 3014 5078 {cruoris
3072 5011 3237 5078 ipsius
3284 5025 3469 5078 spuma
3520 5025 3642 5063 con-

2080 5101 2285 5155 crescit.

2151 5192 2307 5255 lbid.,
2340 5191 2436 5248 lin.
2482 5192 2571 5248 59.
2594 5189 2818 5260 ’Σοφῶς
2858 5190 2924 5244 δὲ
2955 5192 3051 5245 καὶ
3082 5191 3210 5256 τὰς.
3257 5189 3330 5246 De
3358 5190 3462 5246 hoc
3502 5189 3642 5245 miro

2083 5287 2262 5354 apium
2295 5285 2526 5339 artiﬁcio
2556 5287 2610 5340 in
2645 5285 2781 5340 lavis
2822 5284 3204 5340 construendis
3236 5284 3459 5339 consule
3488 5282 3612 5338 Basi
3632 5311 3644 5319 -

2083 5377 2238 5441 lium,
2285 5378 2430 5432 hom.
2481 5377 2552 5443 8;
2598 5377 2976 5441 Aristotelem,
3025 5377 3119 5431 lib.
3173 5391 3250 5441 ιι,
3313 5389 3437 5444 cap.
3466 5373 3555 5437 40,
3590 5385 3644 5430 et

2084 5469 2381 5534 IElianum,
2417 5469 2495 5524 De
2538 5470 2724 5525 histor.
2763 5468 3006 5531 animal.,
3045 5468 3142 5522 ιιι).
3174 5484 3228 5534 ν,
3268 5483 3388 5537 cap.
3426 5468 3514 5532 15,
3550 5471 3641 5538 qui

2081 5560 2503 5631 elegantissimis
2542 5561 2720 5617 verbis
2764 5559 3084 5615 industriam
3130 5560 3268 5613 hanc
3301 5576 3630 5630 prosequun-

2083 5662 2187 5706 lUI'.

2151 5740 2310 5805 Ibid.,
2336 5741 2431 5797 lin.
2470 5743 2557 5800 45.
2591 5747 2658 5797 Al
2698 5741 2760 5795 δὲ
2798 5743 3030 5812 ἀκρίδες
3063 5742 3174 5797 ἐνί.
3213 5742 3466 5805 Basilius,
3498 5741 3642 5795 hom.

2085 5834 2116 5888 8
2143 5853 2155 5888 ε
2186 5833 2307 5898 Πῶς
2338 5852 2415 5887 σοι
2459 5835 2557 5897 τὰς
2604 5834 2836 5906 φοϐερὰς
2889 5837 3265 5909 ἐπιστρατείας
3295 5838 3391 5908 τῆς
3432 5834 3645 5907 inpiae;
