4124 6428
465 443 567 498 illi)

1787 417 2033 477 LEONIS
2067 413 2337 471 ALLATll

3577 403 3684 462 9‘20

461 561 803 633 διηγήσομαι,
838 558 872 628 ἢ
897 557 984 627 ὑφ’
1016 554 1097 608 ἐνὶ
1129 552 1428 622 συνθήματι
1463 551 1611 603 πᾶσα
1654 545 1899 619 ἀρθεῖσα,
1935 544 2013 598 καπ

2129 547 2324 622 praeter
2348 537 2607 593 rationem
2643 541 2911 605 suntquae
2952 530 3291 587 Democritus
3331 529 3472 601 apud
3517 532 3686 589 colle-

462 649 1030 726 ατρατοπεδευσαμένη
1068 646 1209 700 κατὰ
1247 644 1309 697 τὸ
1348 643 1546 706 πλάτος
1581 642 1678 712 τῆς
1714 639 1915 711 χώρας,
1959 639 2020 691 οὐ

462 746 722 818 πρότερον
750 742 977 796 ἅπτεται
1009 737 1117 792 τῶν
1155 734 1382 806 καρπῶν
1420 734 1550 805 πρὶν
1576 730 1845 802 ὲνδοθῆναι
1885 729 2019 801 αὐτῇ

459 840 519 891 τὸ
543 837 682 890 θεῖον
715 833 1068 904 πρόσταγμας
1106 828 1230 891 Πῶς
1257 826 1291 897 ἡ
1323 823 1564 888 σελευκὶς
1595 823 1850 891 ὲφέπεται
1887 821 2023 889 ἴαμα

457 928 556 1000 τῆς
588 925 803 998 πληγῆς
835 922 1134 993 ἀπέραντον
1163 919 1359 990 ἔχουσα
1387 916 1481 970 τοῦ
1510 914 1709 968 ἐσθίειν
1734 913 1831 982 τὴν
1858 911 2021 965 δύνα-
2076 946 2080 951 -

461 1036 573 1088 μιν,
619 1014 714 1070 τοῦ
761 1011 1137 1084 φιλανθρώπου
1182 1007 1316 1063 Θεοῦ
1370 1007 1662 1078 ἀκόρεστον
1705 1004 1875 1075 αὐτῆς
1921 1003 2021 1074 τὴν

457 1108 618 1176 φύσιν
661 1107 747 1160 ἐπ’
782 1103 1067 1176 εὐεργεσίᾳ
1092 1101 1198 1154 τῶν
1244 1098 1545 1171 ἀνθρώπων
1583 1095 2019 1150 κατασκευάσαν-

455 1215 567 1262 τος.
607 1197 838 1260 Plinius,
879 1197 972 1251 lib.
1014 1209 1074 1256 ιι,
1108 1207 1228 1262 cap.
1271 1190 1362 1255 29,
1408 1190 1464 1243 in
1500 1204 1608 1259 quo
1650 1188 1744 1243 ira:
1794 1186 2018 1242 deorum

457 1300 663 1360 pestem
689 1303 783 1347 eas
820 1295 1116 1357 nuncupat,
1159 1298 1252 1339 eas
1295 1296 1508 1339 summe
1541 1282 1732 1335 noxias
1772 1279 2018 1350 frugibus

458 1398 597 1452 quas
621 1382 854 1438 exedunt
881 1389 933 1435 et
957 1375 1191 1449 perdunt
1217 1373 1285 1430 ad
1313 1372 1757 1436 internecionem,
1780 1371 2018 1426 maximo

460 1471 769 1525 mortalium
796 1467 1140 1524 incommodo
1180 1466 1467 1521 universus
1499 1463 1650 1519 orbis
1694 1461 2016 1534 quandoque

459 1563 753 1632 experitur.
795 1559 899 1616 Eas
929 1560 1004 1613 ita
1040 1556 1330 1628 descripsit
1355 1555 1690 1611 Claudianus
1716 1569 1731 1607 :

533 1674 725 1728 Horret
757 1688 888 1741 apex
917 1673 1125 1742 capitis,
1153 1671 1323 1742 medio
1353 1670 1469 1742 fera
1502 1667 1704 1742 lumina
1726 1674 1947 1738 surgunt

536 1745 735 1798 Vertice
761 1740 1013 1813 cognatus
1050 1740 1207 1795 dorso
1238 1740 1469 1813 durescit
1496 1740 1718 1813 amictus
1753 1753 1773 1791 :

529 1814 763 1867 Armavit
795 1809 988 1867 natura
1015 1821 1204 1874 cutem,
1235 1809 1478 1881 dumique
1507 1809 1743 1881 rubentes

527 1882 841 1954 Cuspidibus
864 1882 1036 1952 parvis
1065 1881 1243 1936 multis
1274 1879 1457 1936 acuere
1485 1879 1716 1933 rubores.

527 2018 686 2084 lbid.,
741 2017 839 2072 lin.
882 2016 974 2071 49.
1031 2014 1353 2071 Μετέπειτα
1397 2013 1465 2068 δὲ
1514 2013 1736 2080 αὐτοῖς.
1788 2010 2015 2079 Plinius,

455 2111 552 2166 lib.
580 2127 632 2174 x,
665 2109 829 2180 capit.
854 2107 924 2161 27
952 2127 965 2163 :
999 2106 1290 2163 Seleucides
1335 2122 1454 2162 aves
1498 2114 1768 2168 vocantur,
1795 2120 2020 2175 quarum

454 2202 731 2257 adventum
771 2218 805 2255 a
852 2199 980 2255 Jove
1038 2200 1273 2268 precibus
1326 2200 1607 2268 impetrant
1659 2195 1784 2253 Casi
1823 2198 2018 2253 montis

453 2294 640 2350 incolae
673 2292 846 2363 fruges
895 2307 1074 2346 eorum
1103 2291 1320 2345 locustis
1351 2288 1701 2344 vastantibus.
1737 2286 1847 2342 Nec
1882 2287 2019 2342 unde

453 2385 683 2448 veniant,
712 2398 871 2451 quove
899 2381 1087 2435 abeant
1115 2388 1454 2448 compertum,
1499 2393 1765 2448 nunquam
1805 2393 2020 2444 conspe-

453 2477 574 2538 ctis,
608 2475 711 2528 nisi
737 2490 854 2527 cum
878 2472 1124 2541 prtesidio
1150 2488 1329 2525 earum
1348 2471 1626 2541 indigetur.
1652 2469 1887 2525 Galenus
1921 2484 2018 2525 eas

454 2564 639 2636 ὄρνεον
661 2563 780 2617 εἶπε
800 2563 894 2615 καὶ
920 2562 1231 2635 ἀκόρεστον,
1258 2560 1352 2613 καὶ
1376 2558 1698 2632 πανοῦργον,
1727 2564 1781 2614 et
1810 2558 1906 2613 lib.
1938 2574 2014 2625 γι,

453 2671 574 2727 cap.
599 2656 660 2721 ὅ,
686 2655 753 2711 de
781 2655 883 2710 loc.
919 2652 1098 2709 affect.
1137 2652 1391 2709 Aviculas
1431 2667 1568 2723 quas
1608 2658 1883 2708 nostrates
1914 2650 2015 2705 Se-

452 2744 693 2801 leucldas
721 2751 938 2811 vocant,
960 2744 1161 2814 jugiter
1194 2744 1432 2799 locustas
1474 2744 1663 2807 edunt,
1689 2756 1891 2812 easque
1925 2755 2016 2796 ce-

453 2836 636 2892 leriter
662 2843 982 2892 excernunt.
1019 2833 1215 2891 Eadem
1250 2849 1369 2905 qnte
1399 2842 1454 2891 et
1481 2843 1669 2890 noster
1699 2832 2014 2888 Eustathius

451 2926 614 2981 habet
658 2925 1001 2989 Ambrosius,
1029 2925 1122 2980 lib.
1157 2942 1191 2976 v
1221 2923 1557 2989 Hexaemer.,
1602 2939 1721 2995 cap.
1756 2924 1849 2979 25.
1880 2922 2014 2979 Vide

449 3026 705 3088 praeterea
740 3018 1047 3073 Conradum
1076 3016 1396 3080 Gesnerum,
1428 3016 1542 3071 .lib.
1575 3031 1632 3070 ιιι
1680 3016 1755 3071 De
1797 3015 2014 3078 avibus;

452 3112 742 3166 Antonium
798 3109 1131 3175 Calatinum,
1181 3107 1254 3162 De
1301 3109 1406 3161 situ
1455 3105 1719 3179 Iapygios;
1755 3106 2011 3162 Zosinutn

2122 616 2327 688 ctorem
2360 629 2706 698 Geoponicon,
2737 627 2834 682 lib.
2866 640 2984 691 xm,
3012 623 3197 688 refert,
3239 631 3295 679 et
3333 624 3399 678 ad
3444 640 3537 680 eas
3570 624 3682 694 jam

2122 721 2393 775 irruentes
2415 716 2804 787 impediendas,
2825 715 2931 779 vel,
2958 714 3006 770 si
3028 713 3364 784 irrepserint,
3393 714 3684 771 absumen-

2122 811 2243 875 das,
2270 817 2398 866 sunt
2423 807 2567 865 enim
2605 815 2661 863 et
2687 813 2895 862 natura:
2924 820 3106 861 rerum
3135 811 3519 870 consentanea,
3544 807 3685 859 mulc

2120 902 2303 971 tisque
2352 898 2736 971 experimentis
2776 896 3146 968 comprobata.
3192 894 3267 953 De
3313 895 3516 968 quibus
3557 895 3685 952 alibi

2120 990 2497 1063 opportunius.

2188 1081 2347 1147 lbid.,
2370 1081 2467 1136 lin.
2495 1077 2751 1153 δεκτήν
2773 1076 3009 1151 τλαῦκά
3037 1092 3205 1148 φασι.
3234 1076 3489 1143 Basilius,
3510 1076 3680 1133 .bom.

2118 1173 2198 1229 8:
2237 1173 2346 1226 Kal.
2394 1171 2501 1244 γὰρ
2552 1170 2764 1243 ἐκείνης
2807 1171 2841 1241 ἡ
2892 1168 3015 1238 ὄψις
3060 1166 3254 1232 νυκτὸς
3294 1169 3392 1239 μὲν
3426 1168 3681 1240 ἔρρωται,

2118 1265 2274 1337 ἡλίου
2304 1264 2361 1318 δὲ
2389 1263 2698 1335 λάμψαντος
2722 1261 3079 1334 ἀμαυροῦται.
3111 1257 3342 1331 Ideoque
3368 1268 3535 1317 noctu
3561 1275 3684 1316 eam

2119 1358 2301 1429 vagari
2335 1358 2500 1414 refert
2541 1357 2883 1421 Aristoteles,
2915 1354 2992 1411 De
3009 1356 3198 1414 histor.
3231 1357 3477 1423 animat.,
3507 1354 3604 1411 lib.
3640 1370 3680 1422 ι,

2115 1465 2237 1522 cap.
2271 1450 2322 1514 ι,
2374 1459 2429 1505 et
2474 1449 2568 1505 lib.
2605 1464 2683 1514 ιι,
2735 1463 2855 1520 cap.
2882 1449 2973 1513 54,
3012 1449 3088 1504 ait
3147 1455 3397 1517 noctuas,
3431 1448 3680 1515 vicinius,

2115 1553 2170 1601 et
2209 1543 2420 1614 reliqua
2468 1557 2589 1613 qua:
2630 1540 2866 1596 interdiu
2917 1554 3141 1596 cernere
3177 1546 3470 1612 nequeunt,
3517 1551 3681 1599 noctu

2113 1635 2366 1692 venando
2415 1634 2597 1690 cibum
2643 1632 2746 1689 sibi
2803 1632 3102 1703 acquirere.
3148 1631 3348 1689 Verum
3406 1649 3517 1689 non
3568 1640 3680 1689 tota

2113 1735 2275 1786 nocte
2307 1726 2361 1782 id
2390 1724 2589 1787 facere.
2615 1723 2710 1780 sed
2755 1723 3088 1793 vespertino,
3117 1728 3173 1779 et
3211 1723 3495 1778 matutino.
3525 1722 3679 1793 Apud

2118 1817 2370 1873 Pbotium
2400 1814 2460 1870 in
2486 1811 2830 1874 Bibliotheca,
2844 1811 3114 1867 Antonius
3136 1809 3398 1879 Diogenes
3419 1812 3473 1866 in
3507 1809 3684 1868 Incre-

2041 1885 2087 1941 Β
2119 1907 2364 1962 dibilium
2387 1904 2541 1960 libris
2560 1902 2628 1959 de
2651 1900 3029 1958 insula'l‘bule
3055 1900 3299 1956 meminit
3312 1899 3565 1967 civitatis,
3588 1917 3686 1957 cu-

2112 2002 2205 2074 jus
2227 1997 2419 2054 incolte
2443 2003 2605 2051 noctu
2630 1993 2847 2064 quidem
2870 1992 3074 2057 vident,
3097 1989 3332 2046 interdiu
3370 1993 3679 2047 cmcutiunt.

2188 2090 2349 2155 lbid.,
2388 2105 2443 2160 p.
2476 2087 2565 2143 54.
2605 2086 2807 2142 Ἠνίκα
2841 2085 2894 2139 δ’
2931 2089 2993 2140 al
3034 2084 3392 2154 νυκτερίδες.
3427 2086 3680 2154 Basilius,

2115 2185 2268 2240 hom.
2291 2181 2324 2237 8
2354 2201 2368 2237 :
2400 2179 2526 2244 Πῶς
2556 2180 2854 2251 τετράπους
2907 2178 2968 2233 τὸ
3006 2179 3135 2232 αὐτὸ
3180 2177 3275 2233 καὶ
3313 2179 3511 2251 πτηνὸν
3535 2181 3570 2252 ἠ
3595 2197 3686 2234 νυ-

2116 2276 2321 2348 κτερὶς,
2357 2274 2474 2338 πῶς
2503 2272 2636 2345 μόνη
2663 2272 2770 2326 τῶν
2795 2270 3021 2343 ὀρνίθων
3055 2268 3233 2325 ὀδοῦσι
3268 2270 3551 2345 κέχρηται,
3588 2274 3684 2328 καὶ

2116 2367 2372 2437 ζωοτοκεῖ
2404 2366 2503 2438 μὲν
2528 2365 2606 2429 ὡς
2627 2362 2955 2436 τετράποδα,
2990 2362 3308 2429 ἐπιπολάζει
3346 2364 3405 2419 δὲ
3442 2366 3521 2438 τῷ
3557 2366 3680 2440 ἀέρι

2114 2460 2237 2532 οὐχὶ
2269 2459 2454 2531 πτέρῳ
2486 2455 2875 2527 κουφιζομένη,
2900 2454 3014 2509 ἀλλ’
3043 2454 3201 2527 ὑμένι
3226 2456 3332 2511 τινὶ
3358 2456 3676 2529 δερματίνῳ.

2114 2551 2242 2616 Πῶς
2267 2551 2447 2622 μέντοι
2468 2545 2742 2603 καὶτοῦτο
2769 2544 2880 2617 ἔχει
2900 2563 2954 2600 τι
2979 2546 3295 2619 φιλάλληλον
3314 2548 3374 2603 ὲν
3400 2551 3467 2621 τῇ
3495 2547 3682 2619 φύσει·

2116 2642 2210 2697 καὶ
2236 2640 2346 2713 γὰρ
2375 2640 2564 2711 ὥσπερ
2589 2638 2828 2711 όρμαθδς
2863 2637 3101 2710 ἀλλήλων
3126 2640 3183 2693 αἱ
3210 2641 3514 2711 νυκτερίδες
3540 2641 3686 2713 ἕχον-

2114 2751 2225 2797 ται,
2247 2732 2342 2786 καὶ
2372 2730 2472 2801 μία
2495 2733 2595 2802 τῆς
2630 2731 2761 2801 μιᾶς
2789 2731 3078 2803 ἦρτηνταν
3124 2733 3261 2804 ὅπερ
3287 2732 3371 2801 ἐφ’
3400 2731 3555 2805 ἡμῶν
3576 2733 3686 2788 τῶν

2115 2820 2412 2895 ἀνθρώπων
2441 2821 2501 2875 οὐ
2533 2821 2711 2892 ῥᾴδιον
2732 2821 3157 2894 κατορθωθῆναι.
3185 2822 3250 2879 Et
3274 2832 3398 2880 ante
3434 2825 3533 2882 hos
3565 2825 3679 2882 Ho-

2112 2928 2317 2979 merus,
2351 2915 2446 2971 lib.
2483 2915 2675 2972 nltimo
2705 2914 2994 2986 Odyssea:

2126 3025 2218 3105 Pe
2227 3027 2295 3105 ῥ’
2315 3028 2415 3083 ὅτε
2437 3034 2779 3105 νυκτερίδες
2799 3033 2972 3105 μυχῷ
3003 3034 3219 3104 ἄντρου
3247 3035 3585 3091 θεσπεσίοιο

2122 3096 2421 3174 Τρίζουσιξι
2443 3096 2775 3174 ποτέονται,
2797 3096 2927 3159 ista}
2941 3096 3027 3160 ’κέ
3048 3096 3138 3172 n2-
3163 3106 3548 3174 ἀποπέσῃσιν

448 3201 698 3256 νοωίιθιιι
725 3242 741 3268 ,
789 3200 928 3255 Hist.
980 3200 1073 3254 lib.
1118 3166 1181 3267 ἰς
1229 3197 1495 3253 Diodorus
1521 3166 1824 3253 'Tvirsensis
1871 3196 2012 3268 apud

2126 3166 2407 3237 Ὁρμαθοῦ
2429 3172 2497 3226 ἐκ
2527 3166 2770 3244 πέτρης,
2800 3176 2916 3231 ἀνά
2949 3176 2998 3230 τ’
3044 3166 3392 3247 ἀλλήλῃσιν
3408 3166 3687 3244 exortae.

448 3291 697 3348 Pbotium
743 3294 816 3347 ita
852 3293 949 3348 has
975 3306 1102 3348 aves
1132 3288 1361 3346 locustis
1400 3305 1521 3346 esse
1550 3288 1800 3345 inimicas
1828 3289 2012 3358 tradit,

450 3394 508 3439 ut
532 3385 617 3441 vel
645 3386 837 3440 umbra
872 3385 988 3442 sola
1031 3400 1126 3441 eas
1164 3383 1479 3439 interimant
1507 3399 1522 3436 :
1556 3383 1666 3436 Καὶ
1701 3384 1734 3453 ή
1774 3381 2015 3446 σελευκὶς

444 3480 504 3533 τὸ
527 3478 724 3551 πτηνὸν
744 3478 917 3543 οὕτως
936 3480 1081 3532 ἐστὶν
1109 3477 1325 3549 ἀκρίσιν
1343 3475 1600 3548 ὀλέθριον,
1618 3475 1756 3528 ὥστε
1776 3474 1869 3528 καὶ
1891 3474 2011 3529 ὅσαι

446 3571 510 3624 ἂν
538 3573 604 3643 τῇ
628 3572 755 3641 σκιᾷ
773 3570 978 3641 ταύτης
1007 3566 1434 3638 καταλειφθεῖεν,
1467 3566 1795 3639 φθείρονται.
1816 3564 1882 3618 Ει
1912 3565 2014 3619 hoc

446 3663 699 3733 precibus
726 3677 758 3718 a
788 3661 898 3718 Deo
931 3660 1209 3731 impetraii
1237 3669 1468 3724 tantum,
1499 3668 1559 3714 ut
1595 3658 1842 3712 immanae
1871 3657 2012 3712 mul-

446 3751 695 3807 titudinis
751 3751 1036 3807 voracitati
1095 3749 1268 3821 possit
1318 3749 1554 3812 occurri,
1603 3748 1764 3803 etiam
1803 3746 2012 3803 Plinius

446 3844 609 3899 homo
657 3842 911 3897 ethnicus
961 3840 1169 3897 videtur
1219 3843 1462 3895 innuere.
1516 3839 1714 3893 Earum
1776 3854 2013 3909 namque

448 3936 737 3991 adventum
785 3934 887 3990 soli
926 3933 1035 3988 Deo
1066 3934 1122 3988 in
1154 3939 1305 3987 tanta
1356 3931 1576 3987 miseria
1630 3930 2009 3987 ascribendum

445 4040 554 4080 non
577 4027 754 4081 solum
786 4023 1102 4081 Eustathius
1134 4031 1319 4079 noster
1340 4021 1615 4093 praedicat,
1643 4021 1733 4077 sed
1762 4021 2008 4092 quilibet,

443 4117 539 4187 qui
568 4116 903 4173 locustarum
933 4130 1132 4171 noxam
1163 4157 1178 4182 ,
1204 4120 1277 4177 et,
1310 4120 1368 4169 ut
1404 4113 1480 4167 ita
1513 4113 1711 4179 dicam,
1740 4126 2007 4168 venenum

444 4209 625 4264 omnia
648 4208 896 4265 inliciens
936 4222 1174 4279 unquam
1192 4207 1368 4271 'vidit,
1403 4204 1647 4262 censebit
1672 4204 2005 4261 necessario.

447 4300 616 4357 liabet
645 4308 823 4356 tamen
848 4309 903 4357 et
929 4300 1165 4356 humana
1194 4308 1406 4366 natura,
1431 4296 1681 4369 quamvis
1708 4294 2007 4366 saepissime

446 4391 680 4457 fallatur,
709 4407 839 4448 suas
867 4392 1031 4458 vires,
1061 4398 1115 4446 et
1140 4401 1203 4446 ut
1233 4392 1306 4445 ita
1331 4390 1531 4453 dicam,
1556 4389 1855 4450 solertiam,
1882 4387 2007 4456 qui-

442 4485 544 4539 bus
570 4481 832 4554 quidquid
873 4481 1094 4537 infestat
1124 4496 1155 4535 a
1188 4497 1247 4537 se
1276 4482 1548 4552 propellit,
1577 4489 1631 4535 et
1676 4480 1743 4535 ab
1783 4478 2003 4534 inimico

2187 3276 2345 3346 lbid.,
2393 3281 2489 3337 lin.
2536 3284 2624 3340 56.
2672 3286 2867 3342 Μόνον
2907 3287 2976 3341 δὲ
3025 3285 3142 3341 τῶν
3178 3284 3482 3341 πετεινῶν.
3534 3283 3690 3342 Hunc

2116 3386 2216 3426 nec
2250 3389 2457 3429 murem
2484 3391 2627 3443 esse,
2654 3393 2756 3435 nec
2789 3380 3066 3435 volucrem
3111 3380 3323 3437 dicebat
3344 3378 3518 3435 Varro
3547 3378 3689 3449 apud

2114 3460 2395 3519 Nonium:
2438 3465 2748 3538 Vespertilio
2797 3472 3000 3526 animal
3055 3474 3261 3527 volucre
3307 3472 3526 3542 biforme
3572 3470 3691 3541 (alii

2114 3552 2367 3627 diforme)
2395 3557 2596 3613 dictum
2622 3561 2761 3630 quod
2788 3579 2992 3634 vespere
3017 3580 3071 3619 se
3099 3564 3168 3618 ad
3194 3564 3426 3620 volatum
3457 3561 3691 3632 proferat

2116 3648 2302 3703 noctis.
2353 3649 2480 3708 Var.
2518 3652 2790 3722 Agathone
2829 3670 2849 3709 :

2187 3763 2327 3842 Quid
2364 3768 2573 3842 multa?
2602 3769 2916 3842 rVespertilio
2945 3771 3117 3842 factus
3142 3787 3281 3835 sum,
3311 3785 3472 3838 neque

2186 3834 2252 3890 In
2286 3838 2523 3894 muribus
2554 3834 2729 3910 plane,
2759 3859 2920 3913 neque
2943 3834 2998 3896 in
3027 3834 3321 3896 volucribus
3353 3834 3491 3893 sum.

2114 3948 2181 4003 Et
2225 3950 2461 4022 Angelus
2506 3951 2812 4009 Politianus
2861 3955 2917 4009 in
2971 3955 3203 4025 quadam
3239 3953 3514 4024 epistola:
3555 3949 3692 4003 Dum

2112 4056 2205 4095 nec
2230 4054 2401 4096 mures
2428 4043 2600 4113 plane,
2631 4060 2729 4098 nec
2760 4062 2879 4100 aves
2912 4062 3112 4110 sumus,
3140 4045 3372 4114 utrisque
3396 4052 3569 4096 tamen
3597 4057 3689 4094 nos

2109 4133 2332 4204 probare
2358 4145 2638 4201 tentamus,
2663 4153 2882 4193 causam
2905 4140 3067 4207 hujus
3094 4136 3446 4193 litesitationis
3489 4135 3691 4205 optime

2109 4225 2348 4294 explicat
2386 4227 2728 4295 Aristoteles,
2789 4230 2880 4284 lib.
2929 4229 3005 4283 De
3044 4229 3281 4299 partibus
3328 4228 3515 4292 anim.,
3550 4240 3677 4296 cap.

2120 4315 2206 4383 15,
2230 4333 2387 4387 quem
2413 4319 2657 4374 consule.

2177 4406 2339 4473 lbid.,
2370 4411 2464 4464 lin.
2499 4408 2586 4464 57.
2618 4408 2812 4477 Πέτρα
2842 4405 3078 4472 σκελές.
3124 4404 3332 4460 Forsan
3380 4420 3683 4475 τετρασκε-

2104 4499 2219 4564 λές,
2259 4508 2319 4555 ιιι
2363 4501 2503 4555 idem
2550 4501 2741 4556 innuat
2769 4499 2915 4570 quod
2957 4497 3188 4554 Basilius
3227 4496 3346 4553 loco
3376 4496 3690 4567 supradicto

442 4587 499 4627 se
523 4578 696 4626 tutam
728 4570 991 4626 defendit.
1021 4569 1146 4625 Ideo
1178 4571 1321 4641 leges
1351 4585 1457 4623 non
1485 4578 1691 4623 tantum
1733 4569 1788 4623 in
1821 4569 1996 4623 homi-

2114 4604 2247 4644 voce
2278 4589 2600 4662 τετράπουν.
2643 4587 2775 4656 Quae
2820 4587 2964 4643 idem
3002 4593 3086 4644 est
3128 4587 3273 4657 quod
3311 4586 3494 4652 πεζόν,
3536 4596 3590 4641 et
3622 4601 3691 4641 ex

443 4677 571 4717 num
615 4661 858 4717 moribus
908 4660 1290 4723 instituendis,
1347 4659 1442 4715 sed
1491 4660 1655 4714 etiam
1704 4659 1760 4713 in
1806 4660 1911 4714 hoc
1947 4661 2014 4715 de

439 4771 547 4824 quo
596 4755 811 4827 agimus
859 4755 1171 4825 evulgavit,
1214 4764 1268 4809 et
1318 4754 1535 4809 modum
1570 4753 1906 4825 praescripsit
1953 4760 2013 4808 ut

439 4847 688 4903 videlicet
730 4847 954 4902 locusta:
985 4848 1069 4901 vel
1118 4846 1307 4915 procul
1355 4852 1649 4899 arceantur
1693 4858 1761 4899 ne
1816 4844 2013 4899 irrum-

439 4946 592 5010 pant,
628 4938 712 4994 vel
770 4946 1066 5009 praesentes
1113 4936 1224 5006 jam
1275 4944 1437 5007 atque
1494 4937 1679 4992 omnia
1739 4942 2010 4991 vastantes

439 5032 747 5086 absumant.
785 5029 965 5085 Refert
999 5026 1230 5091 Plinius,
1264 5029 1357 5084 lib.
1387 5044 1463 5091 ιι,
1509 5043 1629 5098 cap.
1656 5026 1727 5083 29
1758 5044 1773 5083 :
1811 5025 1877 5081 In
1907 5027 2012 5098 Cy-

437 5128 649 5182 renacia
676 5127 881 5197 regione
910 5127 1069 5195 legem
1109 5124 1273 5192 fuisse
1301 5132 1376 5177 ter
1408 5140 1543 5177 anno
1572 5139 1661 5177 eas
1690 5120 2006 5187 debellandi,

435 5221 604 5287 primo
632 5237 727 5273 ova
766 5219 1064 5281 obterendo,
1093 5216 1278 5270 deinde
1307 5216 1469 5285 fetum
1495 5256 1509 5278 ,
1559 5224 1818 5283 postremo
1848 5214 2006 5268 adul-

438 5319 561 5364 tas:
606 5310 886 5365 desertoris
936 5324 1089 5379 paena
1128 5310 1181 5363 in
1233 5325 1351 5363 eum
1379 5310 1468 5378 qui
1511 5307 1805 5362 cessaverit.
1853 5305 1921 5360 Et
1953 5307 2008 5360 in

434 5400 628 5456 Lemno
673 5402 850 5456 insula
898 5411 1041 5456 certa
1085 5417 1328 5455 mensura
1373 5399 1640 5468 praeﬁnita
1692 5408 1789 5461 est,
1851 5414 2006 5469 quam

435 5493 630 5563 singuli
665 5502 997 5547 enecatarum
1037 5493 1104 5547 ad
1134 5494 1476 5563 magistratus
1502 5490 1749 5558 referant.
1775 5489 1840 5543 Et
1868 5490 2006 5546 infe-

438 5579 551 5633 rius
583 5598 597 5633 :
634 5579 835 5635 Necare
864 5592 912 5635 et
952 5583 1007 5634 in
1043 5581 1203 5651 Syria
1236 5581 1456 5634 militari
1482 5579 1695 5646 imperio
1724 5586 2001 5648 coguntur.

437 5669 592 5734 Quod
633 5679 686 5725 et
736 5672 787 5724 in
839 5669 1075 5725 Lucania
1125 5672 1285 5725 hodie
1325 5686 1426 5726 nec
1475 5685 1583 5725 non
1639 5668 1849 5741 Iapygia
1890 5671 2001 5739 lege

434 5774 558 5814 osse
588 5763 881 5831 sancitum,
909 5762 1036 5814 dum
1075 5762 1174 5814 hoc
1207 5761 1406 5813 malum
1441 5769 1612 5813 terras
1650 5759 2000 5830 hominesque

438 5851 678 5919 infestat,
711 5851 842 5904 mihi
881 5853 1105 5904 relatum
1156 5863 1256 5915 est,
1308 5863 1359 5907 et
1404 5868 1502 5921 ego
1541 5854 1842 5909 observavi.
1892 5854 1998 5908 Nec

2115 4681 2343 4736 adVerso
2389 4683 2679 4752 respondet
2722 4679 2928 4750 πτηνῷ.
2975 4677 3174 4743 Herus,
3223 4678 3319 4734 lib.
3350 4695 3409 4742 ιι,
3446 4693 3566 4748 cap.
3596 4677 3685 4740 33,

2113 4772 2255 4826 inter
2281 4787 2469 4828 omnes
2494 4773 2739 4829 volucres
2764 4772 3204 4842 vespertilionem
3229 4770 3418 4827 dentes
3440 4777 3494 4825 et
3516 4784 3691 4823 mam-

2112 4879 2229 4919 mas
2268 4864 2469 4919 habere
2495 4864 2649 4920 dicit.
2684 4864 2831 4936 Αὕτη
2858 4864 2967 4936 γὰρ
3018 4864 3151 4936 μόνη
3195 4862 3304 4916 τῶν
3350 4860 3522 4916 ἄλλων
3554 4876 3689 4929 πτη-

2111 4954 2216 5007 νῶν
2255 4955 2470 5019 ὀδόντας
2514 4955 2607 5011 καὶ
2647 4958 2889 5027 μαστοὺς
2933 4955 3064 5028 ἔχει.
3117 4955 3183 5010 Ει
3207 4953 3435 5017 Plinius,
3474 4950 3569 5005 lib.
3606 4965 3683 5009 ιι,

2110 5061 2229 5115 cap.
2260 5046 2331 5100 57
2359 5053 2413 5101 et
2457 5045 2572 5101 39:
2617 5046 2899 5107 Volucrum
2956 5048 3090 5101 nulli
3143 5045 3320 5100 dentes
3368 5051 3559 5111 praeter
3603 5059 3688 5097 ve-

2110 5140 2461 5207 spertilionem
2486 5155 2504 5202 ;
2529 5146 2583 5194 et
2615 5139 2709 5193 lib.
2751 5156 2804 5203 x,
2841 5158 2890 5193 c.
2924 5139 2985 5193 Gl
3012 5159 3022 5193 :
3064 5138 3343 5193 Volucrum
3364 5134 3565 5187 animal
3591 5150 3687 5203 pa-

2109 5231 2178 5283 rit
2222 5232 2515 5300 vcspertilio
2566 5242 2791 5297 tantum,
2832 5233 2919 5286 cui
2964 5241 3012 5285 et
3057 5228 3467 5282 membranacm:
3512 5229 3686 5288 pinna:

2107 5323 2219 5375 uni.
2264 5321 2464 5378 Eadem
2502 5325 2618 5380 sola
2651 5326 2917 5379 volucrum
2955 5324 3088 5376 lacte
3130 5318 3333 5383 nutrit,
3382 5317 3545 5373 ubera
3590 5319 3688 5372 ad—

2108 5429 2339 5479 movens,
2382 5416 2611 5485 geminos
2669 5416 2852 5469 volitat
2902 5413 3142 5482 amplexa
3171 5410 3400 5479 infantes
3428 5427 3447 5464 :
3481 5427 3687 5465 secum-

2108 5522 2207 5576 que
2231 5504 2493 5575 deportat.
2528 5506 2710 5561 Eidem
2744 5507 3002 5562 canendis:
3037 5522 3145 5558 una
3173 5502 3422 5568 traditur,
3454 5511 3503 5556 et
3528 5502 3582 5554 in
3612 5501 3688 5553 ci-

2105 5600 2231 5654 batu
2277 5601 2467 5654 culices
2516 5600 2826 5671 gratissimi.
2878 5598 3137 5660 Isidorus.
3188 5594 3286 5650 l’ib.
3323 5611 3422 5659 xu,
3469 5608 3587 5662 cap.
3632 5591 3681 5648 7.

2107 5694 2222 5746 hmo
2251 5694 2432 5746 omnia
2466 5691 2540 5745 ita
2574 5693 2893 5760 complexus
2919 5698 3003 5745 est
3042 5708 3054 5742 :
3100 5686 3408 5755 Vespertilio
3431 5699 3523 5754 pro
3558 5691 3684 5736 tem-

2102 5801 2226 5851 pore
2272 5804 2455 5841 nomen
2502 5786 2720 5855 accepit,
2757 5802 2815 5838 eo
2857 5784 2995 5855 quod
3034 5784 3199 5837 lucem
3252 5781 3451 5851 fugiens
3504 5792 3687 5846 crepu-

2107 5878 2252 5933 sculo
2282 5879 2569 5933 vespertino
2598 5876 2957 5933 circumvolat.
2990 5874 3250 5929 tri-recipiti
3288 5879 3431 5924 motu
3460 5878 3596 5924 acta.
3631 5878 3681 5920 et
