4124 6444
465 408 564 467 9ἲὶ1

1573 415 1636 471 ΙΝ
1675 411 2046 470 EUSTATHII
2074 413 2542 474 HEXAEMERON
2573 413 2803 474 NOTAE.

3573 431 3677 485 922

467 532 783 588 tenuissimis
839 533 1170 591 brachiorum
1211 537 1456 593 membris
1497 555 1746 607 suspensa
1776 554 1794 591 :
1826 534 2026 590 animal
2055 540 2100 598 Α
2129 537 2223 606 (ita
2247 537 2393 593 enim
2421 539 2657 612 corrigo)
2679 549 2828 608 sunt,
2859 555 2959 597 nec
2977 556 3206 613 usquam
3239 541 3388 598 alibi.
3411 541 3566 609 Quod
3596 548 3676 601 vel

464 626 694 680 murium
716 625 905 691 simile,
932 644 1034 683 non
1058 639 1166 684 tam
1188 646 1306 686 voce
1330 647 1575 686 resonans
1601 647 1757 698 quam
1777 629 2021 696 stridore,

462 719 625 785 specie
653 737 853 791 quoque
885 722 1113 778 volatilis
1159 725 1319 779 simul
1354 734 1403 778 et
1448 727 1762 795 quadrupes,
1796 723 1932 794 quod
1967 723 2023 776 in

463 812 584 865 aliis
613 813 790 868 avibus
821 817 1035 883 reperiri
1072 834 1174 870 non
1206 818 1356 872 solet.
1383 817 1513 884 Quae
1539 833 1660 872 cum
1686 817 1906 870 brachia
1930 831 2024 885 pc-

462 903 665 974 desque
697 904 912 970 habeat,
939 907 1065 976 quid
1104 907 1300 961 mirum
1357 908 1402 963 si
1430 906 1783 979 τετρασκελές
1827 907 1898 960 sit
1928 920 2026 959 no-

462 1003 578 1049 stro
617 997 862 1051 auctori?
911 998 1157 1067 quamvis
1206 1015 1373 1052 unum
1438 1007 1646 1052 tantum
1709 998 1896 1059 σκέλος
1949 995 2024 1049 illi

463 1088 603 1144 tradi
628 1087 836 1145 Plinius
863 1090 1105 1146 affirmet.
1139 1092 1194 1146 ld
1226 1101 1403 1146 tamen
1431 1101 1618 1145 notum
1649 1097 1732 1146 est
1761 1105 1882 1144 esse
1907 1089 2025 1145 sine

460 1196 717 1250 genuum,
757 1183 1126 1238 malleolorum
1157 1184 1461 1255 pedumque
1490 1183 1758 1238 articulis.

533 1267 693 1334 lbid.,
724 1271 820 1324 lin.
853 1272 942 1326 59.
979 1275 1043 1325 Οἱ
1078 1272 1146 1326 δὲ
1183 1272 1458 1343 τέττιγες.
1499 1272 1749 1332 Basilius,
1788 1269 1934 1324 hom.
1967 1269 2021 1334 8,

464 1361 560 1426 Τίς
582 1363 611 1415 ὁ
636 1364 834 1434 τρόπος
865 1365 966 1434 τῆς
1001 1366 1265 1436 μελῳδίας
1303 1365 1396 1418 τοῦ
1428 1365 1690 1433 τέττιγος.
1719 1362 1841 1426 Πῶς
1874 1364 1929 1415 ἐν
1955 1365 2022 1433 τῇ

469 1454 782 1526 μεσημϐρίᾳ
822 1455 1027 1510 ἑαυτῶν
1071 1459 1208 1510 εἰσιν
1260 1456 1591 1528 ᾠδικώτεροι
1641 1459 1706 1528 τῇ
1755 1457 1886 1528 ὁλκῇ
1930 1456 2023 1510 τοῦ

466 1544 643 1617 ἀέρος,
672 1546 738 1616 ἢν
767 1548 824 1600 ὲν
849 1549 914 1618 τῇ
945 1547 1193 1619 διαστολῇ
1228 1549 1502 1602 ποιοῦνται
1535 1545 1626 1601 τοῦ
1657 1546 1902 1618 Θώρακος
1930 1548 2018 1600 ex-

465 1633 736 1705 διδομένου
765 1635 856 1687 τοῦ
890 1635 1147 1705 φθόγγου.
1191 1637 1532 1700 Aristoteles,
1567 1636 1644 1691 De
1676 1636 1864 1691 histor.
1907 1637 2026 1691 ani-

467 1724 618 1788 mal.,
644 1739 764 1794 cap.
791 1724 880 1789 50,
912 1724 1230 1780 Proveniant
1250 1727 1395 1797 large
1426 1727 1587 1795 copia:
1617 1725 1882 1779 imbrium.

533 1814 667 1870 Ibid.
710 1816 1098 1883 Ἡσυχάζουσι
1145 1817 1213 1870 δὲ
1261 1820 1484 1885 καιρόν.
1542 1817 1880 1882 Aristoteles,
1929 1817 2022 1872 lib.

464 1923 578 1968 vm,
605 1907 683 1962 De
724 1907 912 1966 histor.
956 1911 1144 1973 anim.,
1181 1925 1301 1980 cap.
1333 1909 1402 1962 17
1439 1929 1451 1964 :
1483 1908 1696 1963 Cicada:
1723 1910 1812 1963 ubi
1846 1925 2027 1977 erupe-
2058 1889 2098 1942 Β

465 2006 612 2061 runt,
636 1997 790 2060 oleis,
827 2007 918 2050 aut
943 1998 1289 2051 arundinibus
1315 1997 1594 2052 insidunt:
1619 2006 1688 2062 et,
1715 2014 1833 2052 cum
1874 2006 2024 2066 rupto

466 2089 708 2157 operculo
728 2099 935 2152 exeunt,
969 2106 1187 2158 parvum
1229 2089 1481 2159 quiddam
1527 2091 1583 2143 in
1626 2106 1685 2144 eo
1733 2091 2026 2160 relinquunt

465 2180 723 2242 humoris,
767 2197 858 2234 nec
889 2182 1054 2236 multo
1095 2190 1211 2250 post
1239 2181 1436 2244 volant,
1467 2191 1516 2235 et
1546 2182 1796 2251 incipiunt
1820 2199 2021 2238 canere.

535 2273 654 2330 Col.
689 2275 811 2340 7'57,
838 2276 934 2330 lin.
971 2277 1023 2330 1.
1053 2277 1350 2343 Πλήττειν
1371 2277 1439 2329 δὲ
1462 2276 1562 2330 καὶ
1587 2277 1772 2344 ᾅδειν.
1791 2277 2022 2334 Causam

466 2383 635 2438 quare
687 2368 887 2424 cicadae
937 2374 1136 2424 canant
1162 2369 1385 2438 exponit
1425 2369 1765 2434 Aristoteles,
1796 2370 1891 2425 lib.
1948 2369 2025 2423 De

453 2462 658 2532 juvent.
689 2469 739 2513 et
769 2467 956 2514 senect.
1001 2460 1127 2513 vita.
1161 2467 1212 2512 et
1243 2469 1400 2514 mort.
1444 2467 1494 2512 et
1525 2461 1735 2528 respir.,
1764 2474 1900 2530 -cap.
1933 2460 2021 2514 Η.

466 2551 731 2606 Videntur
761 2551 903 2605 enim
921 2565 984 2605 ea
1003 2551 1213 2606 ratione
1235 2551 1326 2605 illa
1349 2551 1557 2606 scilicet
1587 2551 2023 2606 membranarum

466 2644 703 2699 elatione
739 2643 1014 2709 anhelare,
1041 2651 1095 2699 et
1124 2643 1434 2714 refrigerari
1489 2644 1928 2713 quodammodo;
1971 2654 2026 2701 et

464 2736 560 2792 lib.
587 2751 640 2789 tv
675 2735 747 2789 De
774 2735 964 2790 histor.
998 2736 1219 2791 animal.
1251 2775 1268 2801 ,
1298 2750 1418 2805 cap.
1450 2737 1503 2799 9,
1537 2737 1778 2792 declarat
1805 2737 2024 2792 modum

465 2827 628 2896 hujus
658 2828 798 2882 soni.
833 2827 923 2881 Ait
951 2842 1095 2882 enim
1139 2827 1482 2882 membranas
1517 2827 1639 2882 illas
1670 2828 1862 2898 spiritu
1885 2827 2025 2885 inte-

462 2919 592 2973 riori
645 2918 872 2983 moveri,
919 2933 1028 2972 non
1062 2908 1341 2982 exteriori,
1373 2918 1626 2988 illiusque
1661 2919 1887 2989 spiritus
1938 2926 2022 2974 at-

465 3009 593 3064 tritu
640 3025 832 3064 sonum
884 3009 991 3065 edi.
1036 3008 1116 3063 Τά
1163 3010 1261 3081 μὲν
1304 3006 1396 3062 οὖν
1439 3008 1637 3080 ἔντομα
1682 3009 1803 3064 οὔτε
1835 3013 2021 3082 φωνεῖ,

463 3101 583 3154 οὔτε
611 3100 934 3170 διαλέγεται,
966 3100 1128 3171 ψοφεί
1165 3101 1223 3154 δὲ
1259 3099 1337 3171 τῷ
1377 3099 1483 3153 ἔσω
1519 3101 1809 3172 πνεύματι,
1852 3102 1912 3155 οὺ
1946 3101 2024 3174 τῷ

2125 633 2242 688 solo
2267 632 2466 688 Eliani
2503 635 2814 690 testimonio
2851 635 3059 691 refellet
3089 637 3213 707 quis
3247 657 3261 692 :
3301 639 3349 693 is
3375 640 3544 704 enim,
3579 639 3673 694 lib.

2125 738 2206 786 ιιι,
2228 722 2302 777 De
2326 725 2514 780 histor.
2540 726 2730 791 anim.,
2754 741 2873 796 cap.
2892 725 2982 787 35.
3007 726 3083 780 ait
3111 727 3164 780 in
3195 726 3506 784 Macedonia
3527 744 3675 792 sues,

2123 825 2176 870 et
2204 831 2375 884 genus
2407 816 2678 885 quoddam
2707 815 3018 871 cicadarum
3053 831 3174 872 esse
3216 827 3457 885 mutum;
3499 827 3552 874 et
3583 819 3678 873 ad-

2123 906 2285 960 ducta
2320 906 2530 962 ratione
2559 921 2590 960 a
2623 905 2889 963 Strabone
2944 908 3085 962 facili
3135 907 3188 962 id
3232 907 3448 978 negotio
3495 916 3678 978 posset

2123 997 2365 1066 probari.
2385 1013 2509 1052 cum
2539 1013 2602 1053 ea
2625 1013 2790 1054 causa
2817 1014 2928 1054 non
2954 1000 3011 1054 in
3044 999 3302 1069 liheginis
3330 979 3556 1062 tantum,
3582 1001 3678 1057 sed

2123 1096 2176 1142 et
2208 1087 2264 1140 in
2298 1087 2420 1143 aliis
2449 1089 2612 1143 etiam
2659 1090 2766 1143 vim
2815 1105 2968 1146 suam
3017 1091 3275 1146 obtineat.
3319 1091 3462 1158 Quin
3502 1091 3679 1148 Theo—
3717 1099 3728 1156 ἱ

2122 1177 2408 1248 phylactus
2442 1177 2768 1244 Simocatus,
2799 1188 2995 1250 quaest.
3027 1188 3207 1235 natur.
3234 1181 3322 1244 15,
3352 1179 3581 1235 allirmat
3602 1183 3681 1237 ci-

2123 1269 2290 1324 cadas
2315 1285 2505 1324 omnes
2539 1269 2768 1326 feminas
2799 1281 2978 1326 mutas
3015 1288 3159 1337 esse,
3193 1288 3492 1344 earumque
3525 1274 3680 1344 frigi—
3717 1277 3722 1284 “

2123 1359 2345 1414 ditatem
2378 1375 2598 1414 causam
2633 1376 2754 1416 esse
2785 1361 2920 1426 vult,
2971 1362 3160 1429 Τέττιξ
3187 1359 3278 1417 οὖν
3320 1363 3507 1437 θήλεια
3543 1365 3682 1419 κατὰ

2123 1451 2257 1504 πολὺ
2308 1451 2615 1524 ψυχροτέρα
2661 1451 2755 1505 τοῦ
2791 1453 3048 1524 ἇρρενος,
3091 1455 3183 1508 καὶ
3217 1455 3375 1526 φύσις
3412 1457 3545 1528 αὐτῇ
3584 1456 3682 1528 τὴν

2125 1542 2332 1613 σιωπὴν
2364 1544 2728 1612 ὲγκελεύεται,
2759 1546 3006 1601 ἐπίτασιν
3033 1547 3300 1602 ὲντιθεῖσα
3325 1547 3678 1621 ψυχρότητος.

2123 1635 2213 1688 Διὸ
2233 1636 2459 1700 κωτίλος
2490 1636 2665 1701 τέττιξ
2692 1637 2791 1690 οὐκ
2819 1637 2931 1690 ἔστι
2953 1638 3158 1711 θήλεια.
3187 1637 3341 1706 Quod
3360 1648 3412 1694 et
3439 1640 3508 1695 de
3535 1639 3682 1696 Seri-

2125 1726 2270 1796 phiis
2303 1728 2473 1792 ranis,
2508 1743 2628 1798 quae
2656 1737 2818 1784 mutae
2843 1739 2992 1797 sunt,
3025 1737 3216 1800 quaest.
3243 1732 3331 1798 l8,
3362 1732 3546 1788 tradit.

2194 1815 2353 1882 lbid.,
2373 1819 2469 1873 lin.
2497 1819 2547 1872 7.
2579 1821 2762 1889 ’Ἄπερ
2791 1821 3001 1890 κοινὴν
3025 1821 3161 1892 μέν.
3185 1821 3437 1878 Omnium
3467 1823 3558 1878 illa
3580 1823 3683 1878 fuit

2127 1911 2419 1977 sententia,
2450 1912 2720 1969 hominem
2754 1929 2877 1969 esse
2921 1913 3153 1970 divisum
3200 1914 3254 1969 in
3305 1923 3484 1985 partes
3517 1916 3678 1981 duas,

2125 2018 2324 2074 corpus
2352 2011 2405 2058 et
2436 2005 2693 2069 animam,
2728 2013 2783 2060 et
2813 2006 2915 2061 hac
2952 2007 3155 2077 aliquid
3184 2007 3384 2063 habere
3419 2024 3541 2063 cum
3571 2009 3682 2066 Deo

2125 2108 2433 2156 commune,
2463 2095 2557 2150 illo
2588 2109 2714 2150 cum
2748 2096 2944 2162 brutis,
2981 2105 3035 2153 et
3065 2099 3277 2156 belluis.
3303 2098 3369 2152 Et
3388 2099 3533 2155 sicut
3557 2103 3677 2156 ani-

2125 2199 2214 2238 mo
2266 2186 2476 2240 caeteris
2529 2186 2898 2242 animantibus
2950 2187 3107 2257 longe
3153 2196 3394 2258 praestat,
3427 2189 3680 2245 animalia

2126 2275 2434 2338 arboribus,
2455 2283 2510 2331 et
2530 2275 2800 2346 virgultis,
2826 2277 3145 2348 caeterisque
3162 2293 3325 2334 sensu
3345 2279 3678 2344 carentibus,

2123 2363 2331 2418 homini
2358 2381 2424 2420 ex
2452 2366 2636 2421 animo
2666 2367 2825 2432 ratio,
2857 2367 2962 2424 illis
2990 2385 3185 2425 sensus
3220 2383 3286 2424 ex
3317 2385 3543 2441 corpore
3565 2387 3582 2427 :
3604 2371 3681 2426 ita

2125 2467 2305 2514 tamen
2350 2465 2410 2513 ut
2441 2465 2494 2514 et
2530 2459 2740 2514 homini
2788 2461 2867 2514 uti
2919 2463 3166 2531 corporis
3199 2465 3436 2532 compoti
3485 2478 3681 2521 sensus

2123 2566 2232 2604 non
2261 2550 2577 2621 denegetur.
2620 2549 2848 2606 Interest
2894 2562 3073 2607 autem
3126 2553 3270 2608 inter
3318 2553 3592 2610 hominem
3626 2563 3682 2610 et

2123 2641 2358 2696 belluam
2410 2642 2546 2698 illud
2592 2643 2848 2709 maxime,
2874 2644 3022 2714 quod
3076 2645 3256 2700 bellua
3309 2647 3356 2703 si
3413 2654 3680 2712 movetur,

2126 2748 2289 2789 sensu
2323 2742 2571 2790 movetur
2604 2742 2836 2800 tantum,
2861 2742 2915 2791 et
2944 2735 3010 2790 ad
3035 2753 3278 2806 praesens
3307 2737 3496 2802 fertur,
3515 2739 3682 2793 nihil-

2123 2839 2230 2893 que
2273 2835 2465 2894 prznter
2499 2825 2830 2896 voluptatem
2864 2826 3049 2889 sentit,
3082 2827 3146 2880 ad
3177 2842 3404 2897 eamque
3437 2835 3548 2882 toto
3576 2827 3682 2880 im-

2122 2923 2250 2985 petu
2296 2915 2542 2985 rapitur;
2571 2916 2755 2981 homo,
2810 2931 2933 2970 cum
2988 2917 3061 2971 sit
3105 2916 3333 2972 rationis
3392 2916 3679 2986 particeps,

2124 3007 2286 3062 etiam
2320 3007 2449 3062 dum
2491 3005 2677 3070 sentit,
2707 3007 2954 3076 quamvis
3010 3023 3178 3066 sensu
3231 3009 3481 3070 ducatur,
3509 3007 3683 3062 elevat

2125 3117 2183 3157 se
2204 3107 2387 3155 tamen
2419 3099 2486 3154 ad
2517 3099 2708 3154 altiora
2736 3097 3154 3165 consideranda,
3191 3106 3244 3152 et
3273 3099 3455 3154 divina
3485 3097 3684 3152 intelli-

461 3192 682 3265 θύραζε.
729 3192 892 3246 Οὐδὲν
942 3192 1050 3261 γὰρ
1095 3193 1321 3245 ἀναπνεῖ
1379 3191 1576 3257 αὐτῶν,
1633 3192 1767 3246 ἀλλὰ
1809 3192 1878 3245 τὰ
1928 3193 2024 3264 μὲν

2128 3188 2322 3260 genda,
2351 3197 2405 3243 et
2435 3187 2491 3242 in
2520 3191 2798 3260 pr0prium
2830 3203 2989 3244 usum
3024 3203 3134 3242 non
3175 3204 3338 3244 sensu
3369 3197 3547 3254 actus,
3587 3188 3682 3244 sed

464 3281 704 3352 βομὸεἰν,
751 3277 864 3333 οἷον
918 3281 1157 3351 μέλιττα,
1218 3281 1310 3333 καὶ
1363 3281 1433 3335 τὰ
1489 3281 1668 3351 πτηνὰ
1710 3281 1908 3346 αὐτῶν,
1960 3281 2028 3336 τὰ

461 3371 517 3424 δὲ
557 3371 702 3442 ᾄδειν
743 3370 979 3438 λέγεται,
1015 3365 1124 3424 οἷον
1163 3371 1211 3423 oi
1261 3369 1524 3437 τέττιγες.
1555 3371 1736 3423 Πάντα
1767 3369 1824 3422 δὲ
1857 3368 2027 3422 ταῦτα

461 3456 622 3525 ψοφςί
673 3456 749 3526 τῷ
787 3457 950 3527 ὑμήνι
993 3457 1095 3508 ὑπὸ
1132 3457 1192 3508 τὸ
1230 3455 1386 3526 ζῶμα
1428 3459 1550 3510 ὅσον
1595 3458 1868 3530 διῄρητον,
1915 3452 2026 3512 οἷον

461 3549 521 3601 τὸ
559 3548 666 3600 τῶν
711 3547 968 3616 τεττίγων
1029 3547 1184 3615 γένος
1223 3551 1289 3619 τῇ
1335 3548 1515 3619 τρίψει
1560 3548 1653 3602 τοῦ
1697 3549 2022 3620 πνεύματος.

463 3639 695 3710 Ideoque
759 3639 826 3694 ad
885 3639 988 3693 hoc
1023 3646 1082 3693 ut
1133 3650 1329 3695 canant
1365 3656 1589 3696 necesse
1641 3649 1761 3706 est,
1821 3649 1879 3695 ut
1915 3641 2026 3697 sint

463 3733 755 3803 praecinctu
810 3732 1074 3796 dividuaa,
1109 3741 1161 3786 et
1208 3733 1310 3789 sub
1364 3741 1519 3802 septo
1561 3740 1874 3789 transverso
1911 3732 2025 3788 dis-

463 3831 668 3877 sectum
721 3838 843 3878 esse
899 3823 1027 3888 illis,
1074 3823 1188 3878 sive
1239 3823 1491 3894 majores]
1522 3824 1654 3889 sint,
1696 3824 1813 3880 sive
1843 3822 2023 3878 mino-

461 3930 570 3978 res,
608 3929 732 3967 natn
768 3929 874 3968 non
904 3913 1163 3978 dividuis,
1196 3921 1250 3968 et
1277 3915 1476 3984 quibus
1503 3929 1614 3968 non
1653 3925 1736 3969 est
1769 3914 2022 3977 scissum,

460 4014 626 4058 intuta:
671 4013 798 4060 sunt
843 4006 1086 4060 omnino.
1134 4003 1308 4062 Dorso
1350 4007 1472 4062 illas
1505 4021 1766 4061 resonare
1805 4004 2025 4078 scripsit

465 4097 664 4160 llurus,
697 4097 789 4151 lib.
828 4113 888 4160 ιι,
921 4111 1038 4166 cap.
1069 4097 1157 4161 55,
1193 4091 1360 4161 Οὗτος
1385 4096 1491 4169 γὰρ
1522 4096 1610 4150 διὰ
1636 4096 1730 4150 τοῦ
1763 4097 2026 4167 στόματος

461 4191 522 4243 οὐ
561 4188 726 4242 λαλεῖ⁹
761 4188 896 4242 ἀλλὰ
938 4188 1024 4242 διὰ
1061 4189 1159 4258 τῆς
1201 4189 1410 4259 ῥάχεως
1444 4189 1812 4259 φθεγγόμενος
1857 4189 2024 4243 καλὸν

465 4279 623 4351 μέλος
643 4281 830 4334 ἀείδει.
864 4280 928 4334 Et
960 4280 1231 4343 Elianus,
1263 4281 1341 4336 De
1365 4282 1551 4336 histor.
1587 4282 1829 4347 animal.,
1859 4282 1954 4336 lib.
1980 4297 2020 4346 ι,

460 4389 579 4443 cap.
624 4373 714 4426 20.
763 4373 842 4426 Τὰ
873 4373 970 4442 μὲν
999 4373 1133 4428 ἄλλα
1174 4373 1283 4426 τῶν
1324 4373 1554 4427 Ἰνδικῶν
1597 4373 1797 4443 ὀρνέων
1838 4372 2023 4424 εὐστου

463 4470 572 4538 μεῖ,
620 4467 713 4520 καὶ¹
772 4469 836 4536 τῇ
878 4464 1092 4540 γλώττῃ
1145 4466 1434 4536 φθέγγεται
1488 4466 1642 4538 δίκην
1696 4463 1980 4537 ἀνθρώπου
2005 4482 2017 4494 ·

2127 3278 2340 3333 ratione
2371 3280 2553 3334 omnia
2585 3280 2980 3335 accommodat.
3011 3278 3191 3344 Quare
3216 3279 3379 3333 etiam
3403 3285 3457 3333 et
3486 3292 3683 3334 causas

2125 3385 2307 3424 rerum
2337 3377 2391 3424 ct
2425 3371 2838 3426 consecutiones
2867 3370 3050 3434 videt,
3083 3383 3377 3439 earumque
3425 3383 3682 3438 progres-

2123 3476 2220 3517 sus
2249 3475 2358 3514 non
2389 3461 2626 3531 ignorat.
2655 3459 3024 3530 Utrorumque
3056 3467 3236 3515 tamen
3283 3474 3479 3515 sensus
3510 3459 3565 3512 in
3591 3473 3682 3512 ea-

2125 3551 2245 3606 dem
2276 3550 2446 3605 fertur
2461 3551 2671 3622 objecta
2694 3559 2746 3606 et
2766 3551 2882 3622 pari
2910 3551 3119 3606 ratione
3145 3549 3211 3605 ab
3228 3550 3334 3605 illis
3357 3551 3680 3604 commutari

2123 3641 2473 3698 manifestum
2521 3651 2626 3707 est,
2667 3642 2927 3712 quidquid
2950 3641 3096 3695 dicat
3117 3638 3472 3696 Jamblichus.
3494 3640 3682 3714 Neque

2122 3735 2364 3803 negarim
2391 3733 2445 3788 in
2471 3733 2742 3804 aliquibus
2769 3733 2836 3788 ab
2862 3733 3176 3789 hominibus
3205 3732 3434 3795 belluas,
3463 3733 3515 3786 in
3558 3733 3682 3788 aliis

2123 3824 2370 3880 homines
2406 3841 2436 3880 a
2466 3825 2662 3881 belluis
2688 3827 2952 3897 superari,
2983 3840 3103 3896 quae
3127 3831 3210 3880 est
3233 3825 3539 3880 communis
3557 3825 3680 3897 opi-

2123 3914 2234 3976 nio,
2272 3923 2326 3970 et
2354 3915 2714 3970 Aristotelian
2749 3914 3012 3970 doctrinae
3047 3914 3221 3984 magis
3252 3914 3678 3970 accommodata.

2127 4003 2234 4060 Sed
2271 4005 2386 4060 haec
2419 4007 2644 4062 alterius
2675 4012 2802 4060 sunt
2825 4005 3043 4076 negotii.
3084 4003 3228 4062 Satis
3262 4005 3332 4061 sit
3361 4004 3518 4072 illud,
3551 4021 3682 4061 con-

2124 4104 2270 4153 stare
2323 4097 2596 4152 hominem
2649 4096 2850 4163 animo,
2882 4097 2984 4150 hoc
3021 4103 3103 4151 est
3152 4096 3377 4152 rationis
3433 4090 3683 4166 cbmpote

2121 4188 2243 4242 aliis
2293 4187 2661 4242 animantibus
2707 4201 2829 4242 esse
2855 4187 3306 4257 praestantiorem,
3333 4194 3387 4242 et
3410 4202 3474 4243 eo
3505 4189 3682 4244 solum

2124 4280 2194 4334 ab
2218 4279 2325 4334 illis
2356 4279 2634 4350 distingui.
2685 4278 2864 4346 Quare
2895 4278 3089 4348 smpius
3112 4291 3222 4331 uno
3245 4291 3456 4333 mecum
3491 4288 3683 4348 reputo

2123 4370 2447 4426 Sallustiana
2472 4371 2561 4424 illa
2577 4384 2700 4424 vere
2715 4383 2877 4424 aurea
2889 4368 2944 4422 in
2969 4367 3232 4438 prommio
3266 4367 3342 4423 De
3359 4367 3680 4437 conjuratio—

2122 4479 2183 4516 ne
2213 4459 2477 4526 Catilinaz,
2503 4473 2622 4530 quae
2666 4457 2833 4514 veluti
2872 4457 3386 4513 commentariorum
3426 4455 3556 4510 huic
3583 4471 3682 4510 no-

458 4560 508 4611 οί
554 4559 610 4612 δὲ
655 4558 896 4626 τέττιγες
947 4557 1086 4610 κατὰ
1141 4557 1236 4628 τὴν
1272 4556 1384 4620 ἰξύν
1434 4559 1541 4610 είσι
1595 4557 1922 4610 λαλίστατοι.
1956 4555 2024 4612 Et

2127 4564 2241 4612 stro
2271 4555 2480 4609 auctori
2509 4553 2681 4607 lucem
2714 4550 2907 4608 ali‘erre
2933 4559 3200 4623 possunt:
3231 4549 3422 4606 Omnes
3451 4548 3681 4604 homines

461 4659 586 4706 ante
640 4648 916 4704 Elianum
971 4649 1325 4713 Aristoteles,
1389 4647 1467 4703 De
1524 4649 1713 4703 histor.
1776 4647 2020 4712 animal.,

460 4745 553 4799 lib.
587 4760 660 4810 tv,
685 4758 807 4813 cap.
829 4741 861 4795 7
891 4759 906 4796 :
940 4739 1141 4796 Cicada
1169 4744 1306 4796 inter
1333 4741 1464 4806 htec,
1501 4751 1550 4795 et
1586 4742 1796 4797 omnino
1823 4744 1877 4796 in
1908 4742 2025 4795 ani-

459 4835 682 4889 malium
728 4847 909 4904 genere
951 4850 1059 4887 una
1109 4849 1198 4887 ore
1241 4842 1428 4887 caret:
1465 4833 1730 4903 prolixum
1773 4832 2023 4903 quiddam

459 4936 810 4997 campactum,
837 4925 1218 4996 indivisumque
1266 4927 1418 4996 gerit.
1444 4926 1616 4980 simile
1651 4927 1724 4978 eis
1754 4924 1890 4996 quod
1921 4925 2025 4980 lin-

459 5037 574 5090 gute
596 5021 815 5089 speciem
840 5018 1030 5087 refert;
1055 5019 1110 5071 in
1137 5019 1203 5072 iis
1227 5019 1415 5088 quibus
1447 5018 1660 5072 aculeus
1682 5019 1737 5070 in
1769 5033 1858 5071 ore
1887 5033 1906 5070 :
1936 5035 2024 5072 eo-

459 5129 554 5179 que
575 5114 684 5180 ipso
716 5128 886 5166 rorem
910 5111 1118 5173 haurit,
1145 5109 1452 5164 alimentum
1476 5127 1638 5164 unum
1663 5118 1712 5164 et
1740 5110 2019 5178 peculiare.

464 5202 536 5256 lle
588 5203 902 5257 cicadarum
949 5201 1312 5272 Rheginarum
1349 5201 1566 5257 silentio
1613 5203 1785 5256 multa
1829 5201 2022 5258 Strabo

463 5290 798 5362 Ceographia:
822 5294 916 5348 lib.
938 5307 1029 5357 v1;
1060 5291 1299 5352 Solinus,
1325 5308 1444 5363 cap.
1469 5293 1522 5356 8,
1547 5293 1613 5348 de
1652 5293 1867 5349 silentio
1890 5307 2022 5347 con-

462 5385 628 5448 venit,
656 5387 722 5442 de
755 5401 923 5442 causa
956 5386 1225 5442 dissentit.
1253 5384 1318 5438 Et
1346 5401 1412 5440 ex
1444 5384 1647 5439 Granio
1676 5385 1742 5438 ad
1789 5384 2019 5448 fabulas,

459 5484 511 5528 ct
547 5481 825 5545 poetarum
853 5476 1204 5530 deliramenta
1235 5475 1348 5530 haec
1381 5475 1592 5544 rejicit;
1625 5489 1724 5530 nec
1757 5475 1808 5529 in
1841 5475 2021 5530 omni-

459 5567 562 5622 i-us
585 5581 706 5635 quae
740 5566 815 5621 ibi
847 5576 1035 5622 narrat
1080 5583 1264 5631 verax,
1295 5569 1371 5620 ait
1415 5569 1559 5622 enim
1591 5586 1603 5622 :
1640 5566 1854 5622 Cicada:
1882 5565 2022 5636 apud

462 5657 718 5727 Rheginos
766 5667 946 5723 mutaz,
988 5675 1078 5712 nec
1105 5675 1328 5728 usquam
1363 5659 1514 5712 alibi.
1551 5657 1616 5710 Et
1643 5673 1767 5713 eum
1802 5665 2022 5713 secutus

459 5749 721 5814 Isidorus,
774 5747 868 5802 lib.
919 5763 1032 5811 xu,
1067 5765 1186 5820 cap.
1221 5749 1253 5804 8
1291 5768 1304 5802 :
1345 5749 1559 5804 Cicada:
1605 5763 1668 5803 ea:
1715 5748 2021 5802 cuculorum

459 5849 748 5894 nascuntur
773 5848 945 5908 sputo.
984 5840 1075 5896 liae
1101 5841 1155 5895 in
1185 5838 1335 5897 italia
1377 5840 1520 5912 apud
1550 5838 1826 5912 Rheginos
1860 5845 2022 5895 mutae

2122 4647 2212 4718 qui
2243 4662 2353 4700 sese
2382 4643 2595 4700 student
2621 4652 2876 4714 prastare
2901 4643 3103 4698 cwteris
3133 4641 3508 4704 animantibus,
3531 4655 3679 4694 sum-

2124 4757 2212 4793 ma
2235 4754 2326 4807 ope
2351 4739 2447 4792 niti
2477 4737 2640 4802 decet,
2665 4753 2728 4792 ne
2757 4738 2918 4790 vitam
2963 4735 3173 4790 silentio
3203 4733 3496 4804 transigant
3525 4729 3680 4784 veluti

2121 4848 2332 4901 pecora,
2368 4847 2483 4902 quw
2527 4840 2721 4884 natura
2755 4843 2922 4898 prona
2973 4834 3127 4898 atque
3169 4825 3333 4880 ventri
3388 4821 3679 4878 obedientia

2120 4926 2298 4996 ﬁnxit,
2335 4924 2425 4978 sed
2452 4924 2623 4977 omnis
2659 4930 2841 4975 nostra
2869 4920 2946 4976 vis
2978 4919 3032 4972 in
3062 4919 3258 4982 animo,
3281 4925 3331 4971 et
3348 4930 3560 4984 corpore
3579 4914 3682 4968 sita

2120 5025 2218 5070 est.
2271 5015 2450 5068 Animi
2490 5011 2729 5081 imperio,
2769 5011 3004 5080 corporis
3036 5009 3244 5063 servitio
3267 5007 3432 5077 magis
3461 5005 3678 5058 utimur.

2123 5109 2364 5166 Alterum
2405 5105 2554 5159 nobis
2600 5119 2722 5158 cum
2753 5102 2877 5165 diis,
2921 5101 3146 5156 alterum
3165 5115 3283 5154 cum
3318 5097 3502 5152 belluis
3541 5112 3681 5150 com-

2122 5211 2274 5249 mune
2332 5201 2429 5248 est.
2473 5191 2588 5258 Quo
2628 5192 2760 5244 mihi
2798 5190 2989 5244 rectius
3045 5204 3157 5244 esse
3214 5185 3437 5250 videtur,
3488 5183 3683 5253 ingenii

2119 5302 2276 5357 quam
2309 5285 2496 5338 virium
2543 5283 2728 5353 opibus
2783 5283 3009 5353 gloriam
3039 5295 3268 5351 quwrere
3296 5293 3314 5332 :
3348 5285 3396 5331 et
3434 5275 3682 5346 quoniam

2121 5381 2229 5433 vita
2256 5379 2371 5447 ipsa
2407 5393 2510 5448 qua
2539 5375 2790 5444 fruimur,
2833 5373 2996 5428 brevis
3021 5381 3119 5437 est,
3151 5371 3454 5426 memoriam
3487 5367 3677 5430 nostri,

2119 5487 2277 5542 quam
2307 5468 2533 5522 maxime
2584 5466 2790 5536 longam
2821 5465 3047 5534 efﬁcere.
3088 5461 3234 5516 Nam
3275 5461 3582 5514 divitiarum
3629 5464 3680 5511 et

2120 5562 2304 5632 forma:
2336 5560 2528 5631 gloria,
2561 5559 2729 5629 ﬂuxa,
2761 5566 2913 5627 atque
2937 5557 3144 5627 fragilis
3176 5564 3253 5610 est
3281 5554 3488 5609 :virtus
3510 5549 3678 5616 clara,

2121 5663 2414 5724 wternaque
2434 5652 2672 5706 habetur.
2708 5649 2870 5705 Disce
2895 5657 2974 5712 tu,
3002 5664 3035 5703 o
3080 5647 3244 5701 homo
3269 5642 3577 5699 Christiana
3598 5639 3683 5695 di-

2124 5745 2350 5817 sciplina
2381 5743 2622 5798 imbutus
2645 5756 2676 5795 a
2713 5740 2830 5796 viro
2855 5739 3093 5803 ethnico,
3134 5745 3229 5791 tuo
3256 5735 3456 5797 animo,
3482 5742 3682 5801 tuaque

2121 5837 2354 5905 ratione,
2380 5842 2439 5892 ut
2468 5834 2579 5907 jus,
2615 5831 2802 5906 fasque
2833 5830 3082 5903 requirit,
3113 5828 3226 5896 uti;
3257 5826 3387 5899 quid
3427 5825 3683 5897 majesta-
