4124 6412
491 393 596 450 923

1817 387 2062 443 LEONIS
2097 387 2367 442 ALLATll

3612 401 3716 456 924

492 522 598 566 tem
623 519 768 564 tuam
797 507 1081 563 vilissimis
1116 508 1472 562 animantium
1515 509 1769 565 ductibus
1794 526 2058 582 conspur-
2085 514 2130 569 Δ
2158 508 2482 571 constantia,
2534 508 2783 573 utilitate,
2838 508 3244 576 pulchritudine,
3302 517 3671 583 temperatione
3699 559 3712 580 ,

492 617 586 656 cas
614 599 948 655 itedissime?
978 598 1149 652 Homo
1172 614 1231 654 es
1275 601 1341 654 ad
1388 602 1673 670 superiora
1725 603 2048 672 destinatus,

490 707 560 746 ne
585 699 901 744 contemnas
923 689 1067 759 quod
1101 689 1153 741 in
1197 697 1245 741 te
1273 689 1804 756 elucet‘_Divinitatis.

560 781 720 846 lbid.,
750 781 848 836 lin.
879 781 930 834 9.
967 781 1079 834 Kal
1121 783 1440 849 κινούμενα
1472 783 1734 849 κίνησιν.
1771 782 1934 838 Multa
1965 786 2052 840 hic

491 886 712 946 possent
752 875 935 930 afferri
967 875 1033 930 de
1081 877 1286 930 ratione
1335 885 1516 932 motus
1565 879 1897 943 animalium,
1932 899 2052 952 qum

491 969 725 1022 facultas
755 969 1087 1036 requiratur,
1121 970 1328 1038 etquid
1376 969 1591 1024 tandem
1644 984 1935 1026 concurrat
1984 976 2051 1029 ad

489 1067 696 1112 motum
749 1058 893 1112 hunc
937 1060 1361 1129 exsequendum,
1411 1062 1503 1115 sed
1562 1077 1625 1115 ea
1674 1063 2050 1120 subtilioribus

489 1151 830 1222 philosophis
876 1152 1141 1221 relinquo.
1182 1151 1453 1206 Adducam
1511 1162 1690 1208 tamen
1747 1171 1913 1211 unum
1967 1161 2050 1213 vel

490 1243 722 1296 alterum
764 1243 830 1297 ad
862 1243 1023 1311 hujus
1065 1243 1170 1296 loci
1215 1243 1650 1312 explicationem.
1682 1243 1876 1301 Noster
1906 1248 2048 1302 enim

491 1332 808 1389 Eustathius
850 1349 973 1388 cum
1021 1335 1075 1388 in
1129 1334 1308 1391 verbis
1348 1337 1722 1404 superioribus
1774 1339 2049 1393 videretur

490 1427 676 1480 nescio
699 1426 1002 1495 quomodo,
1027 1426 1266 1479 aninmm
1300 1427 1470 1482 brutis
1515 1429 1923 1500 pecudibusque
1950 1431 2048 1484 dc-

489 1530 737 1586 negasse,
765 1525 817 1570 et
844 1524 1052 1570 tantum
1096 1532 1316 1572 sensum
1373 1518 1479 1574 illis
1507 1521 1841 1584 attribuisse,
1881 1521 1936 1575 in
1966 1523 2048 1578 his

489 1621 550 1661 se
570 1607 820 1676 explicat,
845 1607 911 1661 de
933 1623 1165 1677 quonam
1197 1625 1378 1665 anuno
1399 1612 1758 1682 loquebatur;
1783 1616 1857 1667 ait
1879 1615 2044 1681 enim,

487 1697 741 1751 animalia
776 1698 908 1762 hzec,
956 1716 1074 1770 qua:
1127 1717 1349 1756 sensum
1399 1719 1505 1757 una
1557 1720 1679 1759 cum
1738 1705 2047 1762 hominibus

485 1802 828 1844 communem
862 1791 1080 1856 habent,
1105 1809 1214 1848 non
1239 1803 1416 1850 tamen
1468 1797 1711 1865 ejusdem
1758 1799 2047 1868 perfectio-

2154 617 2246 654 nec
2278 616 2429 668 posse
2459 601 2575 669 ﬁeri
2602 603 2725 671 quin
2759 600 2812 653 id
2834 602 2970 671 quod
2995 604 3225 658 mirabili
3259 608 3462 662 ratione
3485 620 3711 673 constat,

2152 692 2377 746 consilio
2406 693 2598 761 majori
2629 694 2804 764 aliquo
2827 698 2896 748 sit
2925 697 3257 752 instructum.

2222 783 2358 838 Ibid.
2419 785 2515 839 lin.
2568 784 2658 841 28.
2698 787 2820 839 Ποῦ
2849 789 3030 857 λόγος
3053 789 3192 856 ἐρεῖ.
3241 787 3523 845 Rationem
3574 793 3714 848 hanc

2151 874 2292 937 l'use,
2327 874 2793 942 disertissimeque
2826 879 3169 947 prosequitur
3220 878 3522 934 Methodius
3551 879 3713 934 Pata-

2153 965 2354 1028 rensis,
2385 966 2480 1021 lib.
2508 965 2584 1020 De
2610 967 2770 1021 libero
2794 967 3036 1033 arbitrio,
3070 979 3257 1024 contra
3280 970 3710 1036 Valentinianos,

2151 1073 2310 1127 quem
2331 1059 2474 1123 vide,
2493 1066 2548 1113 et
2568 1059 2811 1114 Cicero"
2845 1061 2916 1114 De
2932 1070 3042 1114 nat.
3067 1064 3300 1116 deorum.
3327 1062 3478 1128 Quod
3503 1065 3711 1119 Aristo-

2151 1149 2308 1204 telem
2343 1165 2570 1221 negasse
2614 1151 2779 1205 refert
2807 1153 3019 1207 Atticus
3044 1155 3183 1223 apud
3214 1155 3526 1220 Eusebium,
3565 1158 3711 1227 ’Δρι-

2151 1240 2406 1310 στοτέλης
2450 1242 2610 1312 μέχρι
2653 1242 2876 1314 σελήνης
2921 1245 3122 1315 στήσας
3161 1246 3222 1298 τὸ
3247 1245 3420 1308 Θεῖον,
3455 1249 3522 1300 τὰ
3551 1247 3713 1303 λοιπά

2149 1331 2244 1386 τοῦ
2274 1333 2476 1402 κόσμου
2510 1335 2836 1406 περιγράφει
2857 1338 2954 1406 τῆς
2975 1334 3068 1388 τοῦ
3099 1336 3230 1389 Θεοῦ
3263 1339 3533 1408 προνοίας.

2219 1424 2378 1488 lbid.,
2405 1425 2500 1476 lin.
2536 1423 2626 1479 40.
2669 1424 2840 1478 Φιλεῐ
2862 1424 2973 1494 γὰρ
3006 1424 3077 1478 τὰ
3111 1425 3260 1492 πρὸς
3288 1429 3468 1493 τινος.
3499 1428 3712 1484 Aristo-

2148 1516 2303 1578 teles,
2331 1516 2444 1572 sive
2460 1517 2879 1586 aliusquispiam
2915 1519 2980 1571 de
3009 1519 3210 1572 mundo
3233 1518 3298 1571 ad
3319 1519 3705 1583 Alexandrum,

2152 1608 2398 1678 exemplo
2421 1609 2637 1675 animae,
2665 1624 2786 1678 qua:
2809 1608 2862 1662 in
2895 1609 3112 1664 homine
3141 1626 3250 1665 non
3282 1611 3512 1675 videtur,
3536 1621 3590 1665 et
3627 1620 3710 1666 ta-

2149 1716 2271 1755 men
2321 1718 2544 1757 necesse
2586 1712 2670 1758 est
2722 1702 3110 1770 fateriomnia,
3154 1719 3272 1773 quae
3304 1720 3398 1774 per
3435 1705 3706 1760 hominem

2153 1792 2287 1846 ﬁunt
2317 1794 2386 1847 ab
2410 1795 2498 1847 illa
2533 1796 2818 1864 provenire
2853 1795 3068 1865 probat,
3101 1795 3287 1858 Deum,
3317 1795 3398 1849 vel
3423 1798 3602 1865 potius
3641 1798 3708 1850 ad

483 1881 572 1935 nis
631 1883 895 1949 animum,
955 1887 1136 1940 vivere
1188 1894 1243 1941 et
1305 1890 1510 1944 moveri
1569 1905 1677 1944 ηοη
1728 1903 1878 1946 motu
1937 1910 2045 1964 quo
2077 1879 2118 1932 B
2151 1881 2244 1937 Dei
2273 1885 2639 1953 cognitionem
2688 1899 2789 1939 nos
2817 1900 2883 1939 ex
2929 1887 3076 1940 illius
3105 1886 3358 1956 operibus
3393 1902 3550 1954 posse
3589 1902 3708 1954 per-

480 1981 771 2029 moventur
804 1974 1089 2044 homines;
1113 1986 1243 2032 tunc
1273 1981 1414 2033 enim
1439 1993 1492 2035 et
1523 1984 1780 2052 aqualem
1807 1985 2042 2040 animum

482 2063 895 2134 participarent.
927 2067 1064 2120 Cum
1108 2069 1269 2123 homo
1299 2084 1408 2123 non
1443 2069 1774 2140 intelligatur
1810 2089 2042 2141 unquam

483 2157 713 2220 moveri,
747 2157 851 2212 nisi
886 2159 1096 2214 ratione
1147 2168 1198 2214 et
1252 2161 1356 2215 line
1409 2161 1586 2230 primo
1644 2163 1710 2217 ab
1769 2164 2043 2218 intellectu

483 2261 579 2316 per
607 2247 916 2303 discursum
945 2250 1264 2321 sibimetipsi
1296 2253 1595 2321 proposito,
1631 2255 1773 2323 quod
1799 2256 2044 2310 animan-

483 2338 633 2393 tibus
655 2341 864 2394 caeteris
895 2342 1117 2395 omnino
1150 2357 1255 2396 non
1293 2345 1546 2400 convenit
1579 2365 1592 2400 :
1629 2349 1746 2416 ipsa
1775 2348 1916 2401 enim
1947 2364 2045 2416 ap-

482 2431 648 2498 petitu
707 2440 941 2495 tantum,
985 2442 1036 2487 et
1092 2433 1474 2504 imaginatione
1533 2449 1834 2493 moventur.
1888 2439 2041 2504 Quod

483 2521 640 2577 nobis
671 2534 860 2576 auctor
884 2524 1080 2589 innuit,
1103 2525 1228 2578 dum
1259 2527 1390 2580 dicit
1421 2547 1433 2581 :
1483 2527 1607 2583 llaec
1653 2531 1904 2584 animalia
1953 2531 2044 2584 ho-

482 2615 626 2668 Inine
655 2604 834 2670 minus
864 2616 1206 2686 perfectiora,
1237 2628 1445 2672 naturae
1467 2621 1515 2672 vi
1536 2621 1789 2689 quadam,
1817 2623 2042 2690 sangui-

481 2721 551 2760 ne
592 2715 751 2777 atque
790 2723 912 2763 aere
941 2709 1245 2778 impellente
1281 2711 1387 2780 agi.
1415 2710 1486 2766 De
1515 2727 1676 2766 causa
1711 2720 1888 2764 motus
1923 2713 2041 2764 aui-

479 2803 703 2857 malium
736 2801 1076 2864 Aristoteles,
1121 2805 1215 2858 lib.
1252 2821 1333 2868 III,
1369 2805 1444 2859 De
1475 2807 1674 2869 anima,
1702 2813 1833 2859 text.
1868 2805 1956 2868 48,
1988 2814 2041 2859 et

480 2903 727 2962 sequent.
745 2891 960 2948 Refellit
983 2896 1163 2964 itaque
1195 2896 1277 2951 his
1299 2896 1480 2950 verbis
1499 2912 1683 2950 eorum
1706 2896 2037 2965 opinionem,

478 2983 570 3051 qui
604 2984 777 3037 brutis
812 2985 1038 3039 rationis
1069 2984 1175 3037 vim
1213 2992 1267 3038 et
1303 2986 1608 3039 discursum
1652 2987 2034 3041 attribuerunt.

479 3064 836 3146 Porphyrius,
861 3077 954 3130 lib.
987 3092 1070 3137 ιιι,
1104 3075 1176 3129 De
1207 3077 1520 3129 abstinentia
1551 3075 1614 3129 ab
1648 3094 1734 3130 esu
1775 3078 2034 3141 carnium,

479 3170 693 3230 statuit,
723 3178 970 3222 naturam
992 3169 1243 3223 omnibus
1280 3170 1666 3233 animantibus,
1690 3171 1889 3240 quibus
1914 3185 2036 3224 sen-
2064 3209 2104 3264 ϐ

479 3275 598 3314 sum
634 3269 687 3314 et
721 3261 1037 3315 memoriam
1061 3261 1227 3326 dedit,
1261 3261 1520 3316 rationem
1557 3277 1793 3331 quoque,
1837 3262 1944 3314 imo
1983 3270 2035 3317 et

477 3354 796 3418 orationem,
838 3361 947 3406 tam
983 3355 1248 3407 internam
1272 3370 1431 3424 qnam
1456 3361 1732 3409 externam
1757 3355 2034 3420 tribuisse,

476 3445 637 3515 idque
664 3445 912 3514 pluribus
943 3446 1296 3515 argumentis,
1322 3455 1374 3499 et
1405 3445 1764 3514 Empedoclis,
1796 3444 2037 3501 Platonis

473 3543 529 3591 et
558 3537 868 3594 Aristotelis
903 3539 1064 3593 etiam
1098 3538 1426 3593 testimoniis
1454 3547 1683 3592 conatur
1724 3539 2031 3595 ostendere.

476 3629 825 3692 Plutarchus,
852 3631 948 3684 lib.
966 3647 994 3684 v
1026 3629 1102 3684 De
1130 3631 1363 3699 placitis,
1388 3645 1506 3699 cap.
1531 3630 2031 3702 9.0,Anaxagoram,

472 3729 528 3776 et
559 3720 918 3792 Pythagoram
951 3720 1090 3776 idem
1122 3722 1362 3776 sensisse
1400 3729 1652 3786 testatur,
1686 3723 1882 3790 quibus
1919 3724 2035 3793 ipse

474 3810 801 3880 sull‘ragatur
833 3812 886 3865 in
923 3810 1144 3881 Dialogo
1165 3827 1324 3880 quem
1350 3812 1644 3882 inscripsit,
1677 3813 1829 3879 Quod
1867 3813 2032 3867 brutis

473 3907 614 3958 ratio
649 3905 797 3958 insit.
832 3903 951 3969 Quo
1001 3904 1132 3972 quid
1181 3904 1518 3960 absurdius?
1563 3904 1694 3975 quid
1738 3906 2034 3960 insulsius?

473 3996 729 4054 Plurimis
755 3996 1055 4050 rationibus
1078 3995 1220 4049 hanc
1251 3997 1574 4050 sententiam
1616 3996 1873 4051 refellunt
1913 3998 2032 4067 phi-

472 4088 684 4159 l050phi
733 4087 872 4158 apud
909 4086 1274 4150 Aristotelem,
1309 4102 1468 4156 quos,
1501 4087 1547 4142 si
1587 4087 1737 4152 libet,
1783 4089 2025 4143 consule.

466 4176 637 4234 Nobis
657 4178 738 4233 vel
770 4178 999 4248 hujusce
1021 4178 1100 4231 rei
1124 4177 1436 4232 meminisse
1465 4179 1600 4233 satis
1629 4179 1717 4232 sit.

539 4267 696 4334 lbid.,
746 4269 842 4322 lin.
900 4269 989 4321 Η.
1030 4269 1194 4319 Ἔστι
1241 4266 1308 4320 δὲ
1353 4268 1447 4321 καὶ
1492 4269 1562 4321 ἐν
1603 4267 1826 4335 αὐτοῖς.
1888 4267 2030 4324 Sane

470 4363 834 4435 pulcherrima
859 4370 940 4416 est
963 4361 1078 4416 haec
1113 4361 1385 4432 digressio
1419 4362 1472 4415 in
1505 4377 1633 4431 qua,
1664 4378 1732 4416 ex
1768 4362 2024 4418 onmihus

469 4458 632 4512 rebus
655 4471 685 4508 a
720 4453 829 4509 Deo
865 4455 1062 4509 creatis
1091 4455 1146 4508 in
1191 4455 1294 4509 hoc
1335 4455 1560 4516 mundo,
1594 4465 1848 4508 aeternam
1882 4455 2030 4523 ejus-

2147 1975 2352 2040 venire,
2386 1978 2478 2047 qui
2515 1979 2618 2030 etsi
2660 1980 2833 2032 nostri
2859 1987 3112 2048 aspectus
3155 1978 3324 2030 aciem
3360 1977 3516 2046 fugit,
3542 1979 3598 2031 tit
3633 1988 3710 2032 ta-

2144 2085 2265 2123 men
2299 2071 2434 2139 ipsis
2481 2072 2736 2140 Operihus
2779 2073 3101 2142 perspicuus
3149 2082 3202 2124 et
3245 2070 3609 2126 manifestus:
3653 2078 3709 2124 et

2143 2161 2246 2214 hoc
2270 2162 2421 2214 nullo
2457 2162 2617 2215 modo
2646 2163 2840 2217 obesse
2871 2170 2964 2215 aut
2991 2162 3066 2215 illi
3094 2161 3159 2214 ad
3183 2161 3469 2230 agendum,
3489 2172 3581 2216 aut
3609 2175 3709 2216 no-

2144 2252 2227 2306 bis
2254 2253 2320 2304 ad
2356 2253 2514 2306 Iidem
2546 2253 2696 2307 hisce
2721 2254 2885 2308 rebus
2914 2251 3450 2314 accommodandam,
3474 2255 3581 2305 Kal.
3599 2253 3708 2324 γὰρ

2143 2345 2175 2413 ή
2203 2343 2368 2414 ψυχὴ,
2395 2345 2461 2397 δι’
2491 2345 2557 2414 ἣν
2591 2342 2772 2415 ζιῦμέν
2824 2362 2882 2398 τε
2919 2345 3011 2398 καὶ
3040 2345 3216 2407 πόλεις
3261 2345 3351 2397 καὶ
3383 2345 3558 2407 οἴκους
3591 2343 3708 2414 ἐχο-

2147 2450 2264 2502 μεν,
2306 2433 2534 2503 ἀόρατος
2577 2429 2710 2484 οὖσα
2749 2436 2860 2495 τοῖς
2897 2432 3074 2503 ἔργοις
3119 2433 3297 2493 αὐτοῖς
3339 2434 3548 2502 ὁρᾶται.
3593 2433 3708 2496 Πᾶς

2141 2525 2246 2594 γὰρ
2286 2525 2314 2575 ὁ
2349 2524 2441 2576 τοῦ
2479 2524 2591 2593 βίος
2630 2524 2921 2592 διάκοσμος
2960 2524 3063 2574 ὑπὸ
3100 2524 3300 2592 ταύτης
3339 2522 3585 2593 εὕρηται,
3617 2526 3708 2578 καὶ

2139 2616 2502 2678 διατέτακται,
2551 2615 2644 2667 καὶ
2686 2614 2984 2684 συνέχεται.
3020 2613 3084 2664 Et
3117 2613 3363 2676 inferius,
3392 2612 3573 2666 Ταῦτα
3603 2616 3706 2685 χρὴ

2139 2709 2233 2760 καὶ
2267 2707 2393 2778 περὶ
2425 2705 2558 2758 θεοῦ
2595 2706 2937 2769 διανοεῖσθαι,
2974 2705 3197 2775 δυνάμει
3229 2706 3326 2775 μὲν
3363 2706 3514 2770 ὄντος
3555 2708 3705 2778 ἰσχυ-

2143 2797 2387 2869 ροτάτου,
2415 2796 2598 2849 κάλλει
2620 2796 2675 2848 δὲ
2704 2796 3165 2865 εὑπρεπεστάτου,
3194 2797 3304 2867 ζωῇ
3336 2797 3391 2849 δὲ
3415 2799 3702 2862 ἀθανάτου,

2140 2890 2305 2958 ἀρετῇ
2333 2888 2390 2940 δὲ
2421 2885 2730 2956 κρατίστου.
2764 2887 2854 2939 Διὸ
2881 2887 3028 2958 πάσῃ
3053 2887 3215 2957 θνητῇ
3243 2888 3397 2955 φύσει
3422 2890 3704 2960 γενόμενος

2138 2979 2447 3050 ἀθεώρητος
2475 2981 2569 3032 ἀπ’
2601 2978 2778 3031 αὐτῶν
2808 2979 2914 3030 τῶν
2951 2979 3124 3048 ἔργων
3151 2979 3454 3050 θεωρεῖται,
3491 2982 3570 3034 Τά
3599 2980 3703 3052 γὰρ

2141 3072 2306 3142 πάθη,
2344 3072 2438 3124 καὶ
2460 3071 2529 3123 τὰ
2565 3071 2630 3123 δι’
2659 3071 2819 3137 ἀέρος
2843 3070 3076 3133 ἅπαντα,
3114 3073 3206 3124 καὶ
3239 3071 3305 3123 τὰ
3338 3073 3428 3124 ἐπὶ
3454 3071 3576 3140 γῆς,
3611 3072 3704 3124 καὶ

2139 3164 2206 3217 τά
2235 3166 2290 3216 ἐν
2319 3163 2469 3216 ὕδατι
2495 3162 2628 3215 Θεοῦ
2654 3162 2862 3230 λέγοιτο
2885 3163 2948 3215 ἂν
2972 3162 3137 3225 ὅντως
3158 3162 3293 3232 ἔργα
3317 3159 3472 3226 εἶναι,
3499 3162 3591 3214 τοῦ
3613 3163 3705 3216 τὸν

2140 3257 2340 3326 κόσμον
2373 3255 2678 3326 ἐπέχοντος,
2718 3253 2778 3318 ἐξ
2813 3247 2896 3320 οὗ,
2942 3256 3080 3308 κατὰ
3115 3255 3204 3308 τὸν
3245 3257 3467 3324 φυσικὸν
3509 3256 3705 3325 Ἐμπι-

2137 3348 2288 3400 δοκλέ
2294 3366 2347 3415 α,

2137 3480 2320 3537 Πὰνίν
2345 3483 2462 3537 ὅσα
2494 3483 2542 3536 τ’
2581 3480 2680 3553 ἦν,
2711 3482 2828 3539 ὅσα
2868 3486 2915 3537 τ’
2941 3484 3112 3537 ἐστὶν
3149 3482 3220 3536 ιδ’
3254 3483 3506 3623 ὅσσαῶε
3532 3483 3705 3569 ἔσται

3476 3567 3699 3614 πισσω,

3476 3567 3699 3614 πισσω,

2140 3623 2394 3692 Δένδρεά
2422 3625 2470 3676 τ’
2498 3623 2857 3691 ἐϐλάστησε,
2903 3625 3000 3676 καὶ
3039 3623 3248 3692 ἀνέρες
3274 3621 3382 3687 ἠδὲ
3406 3621 3702 3691 γυναῖκες,

2139 3692 2326 3761 Θῆρές
2356 3695 2404 3747 τ’
2434 3694 2630 3748 οἰωνοί
2666 3711 2748 3756 τε,
2785 3694 2883 3746 καὶ
2906 3693 3407 3762 ὑδατοθρέμμονες
3441 3693 3628 3760 ἰχθῦς.

2207 3783 2341 3840 Vide
2363 3786 2524 3840 etiam
2547 3799 2666 3856 quae
2689 3792 3011 3856 sequuntur.

2205 3917 2364 3982 lbid.,
2408 3920 2505 3975 lin.
2534 3920 2621 3974 47.
2670 3919 3071 3990 Euneon-deat
3115 3919 3231 3990 μὲν
3273 3918 3403 3988 γάρ.
3444 3918 3697 3985 Basilius,

2134 4010 2279 4064 hom.
2323 4012 2378 4075 9,
2416 4012 2860 4082 Συναπεγεννήθη
2894 4014 2922 4064 ό
2960 4010 3128 4081 θυμὸς
3158 4011 3234 4080 τῷ
3265 4011 3455 4075 λέοντι,
3502 4011 3562 4064 τὸ
3608 4029 3702 4081 μο-

2135 4104 2384 4156 ναστικὸν
2424 4103 2583 4156 αὑτοῦ
2628 4103 2727 4172 τῆς
2768 4104 2934 4175 ζωῆς,
2979 4103 3039 4156 τὸ
3083 4103 3438 4174 ἀκοινώνητον
3480 4103 3615 4174 πρὸς
3641 4105 3702 4158 τὸ

2133 4194 2419 4264 ὁμόφυλον.
2449 4187 2574 4246 Οἷον
2598 4195 2704 4264 γάρ
2731 4210 2814 4256 τις
2843 4193 3100 4264 τύραννος
3121 4193 3228 4244 τῶν
3261 4192 3464 4262 ἀλόγων
3493 4192 3579 4246 διά
3602 4194 3700 4263 τὴν

2135 4287 2198 4336 ὲκ
2229 4283 2441 4352 φύσεως
2469 4283 2790 4354 ὑπεροψίαν,
2824 4283 2922 4354 τὴν
2959 4283 3094 4353 πρὸς
3121 4284 3245 4346 τοὺς
3274 4282 3496 4346 πολλοὺς
3518 4285 3702 4354 ὁμοτι-

2136 4377 2262 4446 μίαν
2297 4377 2355 4428 οὐ
2382 4375 2748 4444 καταδέχεταιο
2786 4377 2912 4444 ὅσγε
2940 4375 3058 4427 οὐδὲ
3086 4373 3272 4445 χθιζὴν
3291 4374 3496 4445 τροφὴν
3531 4390 3700 4446 προσ-

2135 4466 2294 4528 ίεται,
2335 4466 2443 4518 οὐδ’
2488 4467 2553 4518 ἂν
2587 4465 2654 4516 τὰ
2686 4465 2910 4534 λείψανα
2938 4465 3034 4535 τῆς
3056 4464 3246 4516 ἑαυτοῦ
3270 4465 3440 4535 θήρας
3463 4463 3696 4518 ὲπέλθοι’

467 4548 590 4602 dem
617 4545 710 4600 Dei
739 4547 793 4599 in
821 4545 934 4600 haec
958 4546 1216 4600 inferiora
1245 4544 1637 4614 providentiam
1677 4544 2030 4598 validissimis

2139 4549 2175 4624 ᾧ
2222 4557 2316 4608 καὶ
2363 4555 2660 4625 τηλικαῦτα
2711 4555 2809 4625 τῆς
2858 4556 3038 4626 φωνῆς
3083 4553 3151 4608 τὰ
3198 4555 3405 4625 ὄργανα
3449 4556 3482 4626 ἡ
3541 4556 3698 4624 φύσις

468 4638 773 4694 rationibus
801 4635 1120 4702 confirmat;
1147 4644 1200 4690 et
1221 4650 1340 4704 quae
1367 4635 1456 4688 alii
1495 4635 1668 4703 longis
1717 4648 1779 4686 ac
1802 4633 2030 4687 divulsis

467 4727 756 4783 verborum
788 4727 1105 4790 structuris,
1137 4725 1223 4796 pie
1253 4733 1434 4779 tamen
1461 4730 1887 4794 pertractarunt,
1916 4725 2031 4792 ipse

464 4821 849 4892 compendiosa
891 4820 1126 4891 quadam
1179 4829 1620 4890 argumentorum
1699 4827 1753 4874 et
1805 4817 2029 4872 demon-

464 4914 789 4968 strationum
847 4913 1275 4976 enumeratione,
1334 4912 1612 4966 succincte
1673 4925 1738 4965 ac
1794 4911 2030 4966 breviter

462 5007 717 5078 explicat.
741 5004 1154 5075 Elegantissime
1169 5005 1274 5058 hoc
1291 5011 1665 5074 argumentum
1679 5004 2030 5074 pertractavit

462 5097 840 5155 Theodoretus
875 5097 1060 5154 decem
1090 5098 1455 5153 sermonibus.
1475 5098 1654 5164 Quare
1693 5098 2028 5168 superﬂuum

461 5191 590 5245 mihi
611 5192 822 5246 videtur
852 5191 940 5244 hic
966 5190 1196 5244 aliorum
1231 5190 1541 5245 testimonia
1569 5191 1635 5244 ad
1671 5191 1812 5244 hanc
1851 5193 2028 5247 nostri

462 5285 700 5339 auctoris
728 5285 1053 5340 sententiam
1083 5285 1416 5354 probandam
1442 5285 1702 5340 inserere.
1721 5285 2026 5356 Adjungam

461 5384 642 5431 tamen
671 5378 760 5432 hic
791 5379 1067 5434 corollarii
1096 5379 1217 5433 loco
1246 5379 1408 5433 verba
1440 5378 1709 5433 Lactantii
1741 5377 2022 5443 Firmiani,

461 5467 541 5523 De
569 5470 710 5538 falsa
741 5471 1009 5541 religione,
1043 5487 1165 5542 cap.
1198 5471 1233 5524 2
1268 5489 1281 5526 :
1318 5468 1486 5525 Nemo
1521 5480 1597 5525 est
1626 5473 1763 5524 enim
1793 5481 1902 5524 tam
1934 5489 2024 5525 ru-

460 5560 565 5625 dis,
591 5572 698 5616 tam
729 5563 854 5632 feris
903 5563 1154 5630 moribus,
1177 5565 1303 5634 quin
1337 5563 1514 5618 oculos
1562 5581 1684 5618 suos
1729 5565 1784 5617 in
1839 5563 2024 5617 cazlum

462 5653 668 5717 tollens,
698 5655 906 5708 tametsi
937 5656 1133 5709 nesciat
1163 5655 1313 5723 cujus
1343 5654 1439 5709 Dei
1461 5654 1784 5724 providentia
1812 5665 2023 5726 regatur

461 5742 556 5796 hoc
585 5760 753 5807 omne,
784 5743 921 5814 quod
947 5747 1197 5808 cernitur,
1226 5746 1458 5815 aliquam
1489 5756 1662 5800 tamen
1693 5763 1804 5800 esse
1826 5746 2021 5800 intelli-

461 5843 550 5904 gat
583 5850 648 5889 ex
679 5835 792 5904 ipsa
823 5850 995 5890 rerum
1040 5836 1420 5903 magnitudine,
1456 5847 1617 5904 motu,
1656 5838 2017 5906 dispositione,

2135 4645 2406 4716 ἐνέθηκεν,
2443 4646 2583 4699 ὥστε
2635 4646 2804 4699 πολλὰ
2849 4647 2955 4699 τῶν
2993 4645 3166 4711 ζώων,
3204 4647 3604 4718 ὑπερϐάλλοντα
3630 4650 3695 4716 τῇ

2132 4739 2418 4807 ταχύτητι,
2459 4738 2602 4808 μόνῳ
2637 4737 2891 4802 πολλάκις
2923 4739 3236 4792 ἁλίσκεσθαι
3270 4741 3343 4810 τῷ
3367 4739 3692 4811 βρυχήματι.

2139 4827 2347 4882 Similia
2378 4831 2630 4900 leguntur
2651 4830 2792 4900 apud
2819 4830 2986 4884 Eliam
3015 4830 3328 4886 Cretensem
3357 4833 3691 4900 cpisc0pum,

2133 4930 2189 4976 et
2212 4921 2430 4991 Glycam
2465 4923 2559 4975 lib.
2588 4937 2603 4974 ι
2633 4922 2854 4982 Ατιηαί..
2887 4923 3055 4992 θυμός
3082 4924 3223 4993 apud
3243 4921 3456 4975 Graecos
3488 4933 3584 4970 vox
3607 4922 3693 4970 est

2136 5010 2470 5080 πολύσημος,
2514 5011 2742 5080 ideoque
2784 5011 2951 5064 variis
2991 5007 3525 5080 interpretationibus
3561 5005 3692 5060 sub-

2129 5101 2292 5171 jecta,
2326 5103 2558 5157 maxime
2584 5103 2637 5155 in
2669 5103 2767 5156 hac
2791 5119 2848 5157 re
2871 5103 2937 5158 de
2972 5118 3078 5172 qua
3110 5103 3306 5171 agitur,
3331 5112 3520 5152 omnes
3545 5099 3691 5152 enim

2132 5194 2276 5248 leoni
2301 5195 2475 5263 aptari
2506 5210 2666 5263 posse
2693 5193 2964 5249 videntur.
2981 5194 3158 5258 Quare
3179 5190 3394 5259 quidam
3433 5189 3687 5256 furorem,

2130 5285 2218 5338 alii
2243 5286 2497 5348 animum,
2523 5286 2680 5349 iram,
2713 5286 2964 5355 furorem,
2990 5284 3204 5353 quidam
3236 5280 3420 5342 etiam,
3452 5284 3688 5334 animum

2129 5394 2453 5447 generosum.
2480 5377 2591 5448 Ego
2609 5380 2788 5447 potius
2806 5377 3160 5436 iracundiam,
3180 5388 3302 5427 cum
3325 5376 3690 5442 generositate

2127 5469 2410 5538 conjunxi,
2447 5479 2506 5524 ut
2539 5471 2648 5524 vim
2697 5468 2896 5524 Graeca:
2931 5469 3098 5527 vocis,
3133 5473 3186 5520 et
3219 5465 3390 5519 leonis
3435 5475 3684 5520 naturam

2132 5560 2336 5614 clarius
2377 5561 2729 5630 explicarem.
2776 5559 2975 5620 llorus,
3008 5557 3104 5610 lib.
3138 5572 3196 5619 ιι,
3227 5571 3347 5624 cap.
3386 5557 3482 5621 17,
3519 5555 3690 5626 θυμὸν

2127 5653 2433 5724 βουλόμενοι
2461 5653 2694 5724 δηλῶσαι
2714 5652 2900 5704 λέοντα
2926 5648 3323 5720 ζωγραφοῦσιν.
3351 5648 3454 5702 Sed
3476 5648 3694 5701 iliﬂicile’

2126 5753 2209 5800 est
2274 5760 2493 5799 causam
2549 5743 2928 5815 generositatis
2983 5741 3322 5812 potissimam
3396 5741 3684 5809 explicare.

2125 5837 2410 5901 Martialis,
2440 5837 2533 5892 lib.
2568 5852 2667 5903 xu,
2711 5834 2974 5905 epigram.
3009 5835 3073 5888 de
3113 5832 3338 5904 Ligurra
3371 5848 3383 5881 :
