4124 6458
476 434 579 491 9‘25

691 549 758 605 In
800 560 981 605 tauros
1005 548 1190 619 Libyci
1222 557 1381 601 ruunt
1410 547 1580 619 leones
1602 588 1618 611 ,

698 619 821 675 Non
859 631 981 676 sunt
1012 618 1365 690 papilionibus
1393 618 1622 673 molesti.

480 733 766 789 Matthteus
799 731 1067 796 Raderus,
1100 746 1263 801 quem
1312 744 1527 799 semper
1568 727 1912 790 eruditionis,
1943 726 2040 780 do-

480 826 688 889 ctrinas,
715 806 1107 894 elegantisque
1149 836 1278 891 ergo
1306 821 1605 873 admiratus
1647 833 1786 879 sum,
1828 833 2041 888 quoque

481 915 753 971 monachii
783 913 1211 968 familiarissime
1242 927 1374 966 usus
1409 925 1552 973 sum,
1597 908 1723 963 dum
1755 908 2042 963 bibliothe-

481 1022 600 1061 cam
654 1004 953 1059 Palatinam
1012 1003 1386 1073 Heidelberga,
1446 1004 1673 1072 spolium
1736 1000 1954 1062 factam,
1987 1008 2041 1054 et

483 1106 743 1167 tropaeum
789 1100 1013 1152 missam
1062 1095 1325 1166 Gregorio
1350 1094 1564 1149 decimo
1591 1094 1782 1165 quinto
1805 1109 1834 1146 a
1868 1092 2040 1147 Μακίσ-

480 1189 704 1242 miliauo
753 1190 1042 1258 utriusque
1090 1186 1331 1241 Bavariae
1381 1186 1521 1241 duce
1585 1186 1766 1256 (cujus
1819 1184 2043 1238 eximias

482 1280 672 1337 laudes
722 1290 775 1335 et
810 1282 1056 1347 virtutes,
1084 1281 1335 1350 pietatem
1388 1280 1441 1333 iu
1486 1277 1677 1341 Deum,
1714 1277 1952 1330 animum
1986 1275 2041 1329 in

483 1372 801 1443 religionem
847 1372 1169 1427 catholicam
1201 1370 1505 1435 ardentem,
1539 1371 1592 1424 in
1622 1370 1872 1425 subditos
1905 1369 2040 1424 libe-

481 1464 672 1528 ralem,
697 1465 749 1518 in
776 1463 913 1518 alios
949 1475 1581 1533 generosum,austerum
1616 1464 1669 1515 in
1693 1462 2042 1532 semetipsum

482 1554 701 1609 silentio
754 1554 839 1609 hic
863 1566 1143 1624 prastereo,
1178 1554 1297 1608 aliis
1331 1552 1689 1620 σαλπιγκταῖς
1730 1568 1790 1604 τε
1823 1552 1916 1604 καὶ
1942 1551 2041 1622 κή-

485 1645 603 1717 ρυξι
641 1645 854 1714 pondus
905 1645 1006 1700 hoc
1047 1652 1100 1699 et
1150 1644 1388 1699 laborem
1427 1640 1785 1712 relinquens),
1814 1640 2042 1696 Romam

482 1738 934 1792 transvehendam
988 1751 1262 1800 curarem,
1296 1750 1460 1806 quam
1515 1735 1732 1789 tandem
1788 1734 1883 1789 Dei
1923 1749 2043 1788 mu-

1574 427 1642 483 ΙΝ
1684 428 2052 485 EUSTATHII
2095 427 2565 485 HEXAEMERON
2591 422 2823 483 ΝΟΤᾸΕ.

2066 553 2109 610 Α
2141 545 2392 617 σώματος
2419 546 2577 620 ῥώμῃ
2598 547 2922 620 θαρροῦντος
2939 548 3123 619 ἄμφω,
3147 546 3265 604 εἶτα
3278 551 3340 605 ού
3358 550 3525 605 δεῖται
3545 551 3701 607 θατέ-

3593 435 3698 490 926

2142 652 2235 707 ρου
2252 638 2279 688 ό
2295 635 2380 688 έτε
2386 653 2497 707 ρος,
2515 636 2591 700 ὥς
2607 654 2768 706 φασιν
2782 639 2829 690 oi
2852 639 3466 712 πρεσϐύτεροι.Ριίηἰιιε,
3481 642 3697 706 lib.VIlI,

2139 744 2258 798 cap.
2284 728 2371 792 l6,
2407 729 2541 785 alias
2572 730 2735 799 hujus
2763 732 2840 785 rei
2862 746 3058 786 causas
3077 733 3263 789 affert:
3291 734 3621 790 Generositas
3643 737 3700 790 in

2139 820 2384 888 periculis
2415 821 2643 875 maxime
2664 821 3063 891 deprehenditur
3091 839 3110 875 :
3135 841 3236 879 non
3267 826 3321 879 in
3346 826 3438 880 illo
3469 836 3703 880 tantum-

2148 909 2324 976 modo,
2368 910 2504 980 quod
2537 929 2779 982 spernens
2805 916 2908 968 tela
2941 914 3033 968 diu
3060 932 3113 970 se
3141 927 3337 971 terrore
3361 918 3474 973 solo
3504 927 3698 983 tuetur,

2145 1019 2207 1056 ac
2247 1004 2391 1057 velut
2420 1004 2535 1075 cogi
2570 1014 2790 1060 testatur
2817 1008 3186 1079 :cooriturque
3206 1026 3309 1064 non
3345 1018 3705 1081 tanquampe-

2112 1096 2310 1150 ‘riculo
2331 1107 2564 1162 coactus,
2589 1098 2677 1151 sed
2708 1107 2955 1168 tanquam
2985 1102 3228 1155 amentia:
3248 1102 3437 1156 iratus.
3472 1100 3581 1155 Illa
3608 1118 3704 1156 no-

2142 1183 2299 1239 bilior
2351 1187 2518 1240 animi
2560 1189 2899 1257 signiﬁcatio,
2952 1189 3235 1259 quamlibet
3276 1207 3469 1261 magna
3512 1207 3704 1245 canum

2139 1288 2189 1332 et
2250 1281 2551 1333 venantium
2596 1289 2807 1349 urgente
2856 1281 2926 1343 vi,
2960 1282 3313 1349 contemptim,
3356 1284 3707 1353 restitansque

2143 1369 2288 1425 cedit
2319 1372 2373 1424 in
2407 1371 2604 1438 campis
2627 1381 2674 1424 et
2722 1370 2808 1423 ubi
2845 1373 3066 1438 spectari
3084 1372 3281 1442 'potest.
3308 1372 3457 1427 Idem
3490 1374 3580 1429 ubi
3599 1391 3708 1428 cir-

2145 1463 2294 1533 gulta
2340 1462 2610 1532 silvasque
2646 1465 2950 1532 penetravit,
2999 1466 3254 1519 acerrimo
3302 1481 3460 1520 cursu
3512 1466 3701 1535 fertur,

2143 1556 2280 1610 velut
2329 1555 2674 1617 abscondente
2708 1557 3080 1625 turpitudinem
3120 1558 3252 1612 loco.
3283 1556 3480 1613 Noster
3511 1565 3704 1614 auctor

2141 1646 2406 1717 quasdam
2457 1662 2523 1702 ex
2576 1647 2664 1703 bis
2714 1648 2926 1718 attigit,
2963 1649 3098 1705 alias
3150 1648 3416 1719 adjunsit,
3451 1649 3581 1704 dum
3623 1650 3701 1705 illi

2144 1737 2496 1805 solitudinem
2541 1748 2594 1794 et
2634 1752 2910 1794 recessum
2957 1740 3152 1804 amica,
3190 1747 3244 1796 et
3270 1742 3423 1797 cibos
3446 1747 3703 1797 externos

478 1842 632 1892 nere,
678 1835 732 1882 et
778 1830 915 1881 tanti
956 1827 1219 1896 principis
1268 1826 1462 1898 gloria,
1489 1840 1612 1895 ope,
1651 1840 1714 1879 ac
1764 1823 2039 1879 beneflciis
2139 1828 2490 1900 dedignando
2524 1845 2696 1886 novos
2722 1844 3006 1901 capessere
3035 1830 3278 1888 allii-mai.

478 1932 669 1973 sanam
707 1917 1144 1987 incolumemque
1176 1917 1470 1980 transvexi,
1526 1917 1769 1986 inquam,
1793 1913 2034 1970 Raderus

2214 1922 2373 1986 lbid.,
2423 1922 2520 1977 lin.
2550 1922 2640 1977 49.
2690 1922 2842 1977 Οὐδὲ
2890 1923 3096 1992 χθιζτὴν
3149 1925 3395 1994 τροφήν.
3450 1924 3702 1981 Elianus

476 2009 675 2065 ibidem
730 2009 859 2064 ait:
908 2006 1012 2062 Leo
1070 2008 1443 2078 γενναιότατον
1491 2006 1677 2078 θηρίον
1732 2022 1834 2060 non
1890 2010 2038 2060 swvit

477 2102 534 2155 in
564 2100 829 2164 bestiolas,
851 2110 900 2155 et
926 2101 1151 2154 minores
1179 2101 1343 2168 feras,
1379 2099 1645 2162 hinnulos,
1681 2098 1899 2168 lepores,
1939 2114 2036 2151 cu-

480 2192 703 2254 niculos,
731 2192 896 2245 multo
940 2192 1111 2245 minus
1151 2191 1466 2260 papiliones,
1510 2190 1600 2244 sed
1632 2190 1687 2243 in
1732 2200 1935 2256 tauros,
1965 2190 2042 2243 in-

351 2322 371 2341 «ι
476 2293 751 2356 gentesque
782 2284 980 2340 belluas
1000 2328 1015 2353 ,
1048 2285 1199 2354 cujus
1241 2284 1455 2354 ingenii,
1470 2292 1520 2338 et
1548 2282 1741 2338 indolis
1770 2283 1935 2353 fuisse
1963 2283 2038 2337 le-

474 2388 672 2450 guntur
716 2387 766 2433 et
809 2396 964 2433 canes
1015 2378 1156 2448 apud
1204 2377 1464 2440 Plinium,
1500 2377 1592 2431 lib.
1628 2390 1747 2440 vm,
1791 2389 1912 2446 cap.
1942 2374 2033 2440 40,

475 2472 625 2524 missi
657 2470 959 2524 Alexandro
990 2468 1363 2531 Macedonum,
1395 2475 1504 2524 etc.
1554 2468 1806 2523 AEIianus
1855 2476 2036 2523 tamen

474 2562 550 2617 ita
578 2578 646 2617 ex
675 2563 780 2617 hac
808 2563 1171 2632 generositate
1203 2560 1376 2616 delabi
1405 2559 1592 2624 refert,
1627 2568 1686 2613 ut
1717 2565 2038 2614 assuescant

475 2653 831 2710 mansuefacti
857 2669 887 2707 a
918 2654 1296 2714 venatoribus.
1337 2652 1500 2706 veluti
1533 2665 1699 2706 canes
1729 2651 1797 2704 ad
1826 2665 2035 2705 venan-

472 2741 573 2799 dos
616 2744 893 2810 binnulos,
926 2759 1108 2813 apros,
1136 2758 1329 2799 cervos
1354 2751 1409 2798 et
1451 2743 1575 2805 alia,
1608 2741 1703 2796 lib.
1737 2756 1870 2804 xvu,
1911 2756 2032 2812 cap.

472 2832 564 2899 26,
603 2840 657 2889 et
705 2833 852 2888 hunc
890 2833 1092 2888 JEliani
1145 2834 1322 2888 locum
1365 2835 1420 2888 in
1468 2834 1584 2888 suis
1643 2832 1937 2888 Comment.
1981 2833 2035 2886 in

473 2924 781 2979 Martialem
801 2942 819 2991 ;
843 2927 937 2980 lib.
961 2942 999 2990 ι,
1017 2926 1157 2997 epig.
1182 2927 1236 2988 9,
1262 2927 1377 2996 ipse
1399 2924 1648 2981 Raderus
1668 2927 1874 2989 retulit,
1896 2926 1959 2978 El
1978 2925 2034 2979 δὲ

472 3016 668 3072 ἁλῶναι
692 3017 985 3088 δυνηθεῖεν,
1008 3018 1337 3088 πραΰνονταί
1353 3034 1436 3086 γε,
1454 3017 1565 3070 ἀλλ’
1585 3018 1682 3089 ούχ
1704 3019 1752 3071 οἱ
1772 3018 2031 3088 μέγιστοι,
2070 3062 2071 3065 η

471 3111 564 3165 καὶ
589 3109 919 3182 ἡμεροῦνταί
935 3126 1018 3178 γε,
1036 3110 1128 3162 καὶ
1155 3108 1393 3178 γίνονταί
1411 3125 1473 3176 γε
1494 3108 1940 3179 ῥᾷστατιθασσοὶ,
1959 3110 2034 3173 ὡς
2060 3114 2081 3135 '

469 3201 623 3272 ἄγειν
647 3218 707 3255 τε
727 3201 831 3255 ὑπὸ
855 3201 1107 3272 ῥυτῆρος,
1124 3201 1218 3253 καὶ
1234 3199 1375 3252 κατά
1392 3201 1738 3268 κυναγωγοὺς
1756 3200 1849 3252 ἐπὶ
1866 3199 2032 3272 θήραν

468 3293 736 3365 κεμάδων,
750 3293 843 3347 καὶ
853 3292 1085 3361 ἐλάφων,
1100 3291 1192 3344 καὶ
1205 3289 1366 3355 συῶν,
1384 3291 1477 3345 καὶ
1486 3290 1584 3343 ταύ
1592 3292 1816 3363 ρων,καὶ
1828 3292 2034 3363 ἀγρίων

466 3387 622 3441 ὄνων·
656 3388 762 3440 εἰσὶ
781 3386 889 3456 γὰρ
913 3387 1005 3439 καὶ
1027 3384 1399 3456 ῥινηλατῆσαι,
1426 3383 1502 3448 ὡς
1521 3385 1725 3449 ἀκούω,
1753 3385 1933 3438 δεινοί.
1968 3384 2034 3439 Ει

472 3478 686 3534 Marcus
706 3477 860 3532 Pauli
897 3477 1152 3541 Venetus,
1187 3477 1281 3531 lib.
1307 3495 1344 3531 ιι
1361 3477 1438 3531 De
1464 3476 1698 3530 moribus
1722 3485 1773 3531 et
1799 3485 2030 3531 consuet.

472 3569 676 3627 Orient.
738 3571 1005 3641 regionum
1057 3578 1106 3623 et
1153 3568 1524 3632 Tartarorum,
1553 3569 1622 3625 de
1654 3584 1851 3639 magno
1898 3567 2033 3622 Kam

472 3665 635 3720 verba
668 3663 891 3727 iaciens,
921 3661 1112 3728 Habet,
1140 3662 1351 3725 scribit,
1409 3676 1502 3716 rea:
1534 3678 1629 3731 pro
1652 3677 1763 3717 sua:
1795 3661 2028 3716 venatio-

470 3758 553 3810 nis
581 3755 772 3810 solatio
806 3753 1084 3825 leopardos
1111 3754 1302 3808 multos
1328 3752 1663 3818 domesticos,
1686 3755 1777 3824 qui
1805 3770 1924 3809 cum
1948 3753 2036 3808 ho-

468 3847 695 3903 minibus
737 3845 805 3902 ad
847 3847 1168 3902 venationem
1218 3844 1416 3900 assueti
1463 3854 1605 3911 sunt,
1640 3855 1691 3899 et
1737 3861 1831 3915 pro
1877 3845 2032 3916 hujus

466 3941 737 3995 venatione
769 3939 969 4009 optimi,
1001 3938 1294 4009 multasque
1332 3936 1524 3992 bestias
1549 3938 1783 4007 capiunt.
1824 3938 2030 3993 Simili-

469 4042 547 4087 ter
577 4031 769 4086 linceos
819 4030 973 4085 habet
1027 4029 1097 4084 ad
1154 4030 1445 4085 venandum
1503 4030 1811 4086 industrios.
1861 4029 2032 4085 Habet

466 4126 625 4180 etiam
656 4124 825 4178 leones
870 4124 1130 4177 maximos
1160 4131 1209 4176 et
1233 4121 1631 4190 pulcherrimos,
1669 4121 1892 4191 maiores
1921 4121 2030 4176 illis

464 4218 555 4287 qui
582 4217 638 4270 in
680 4215 978 4286 Babylonia
1006 4224 1149 4279 sunt,
1176 4215 1267 4285 qui
1293 4215 1347 4267 in
1378 4214 1486 4283 pilo
1537 4214 1752 4283 pellium
1805 4214 2029 4285 ungulas

464 4309 655 4364 habent
688 4325 780 4379 per
821 4308 1031 4379 longum
1065 4307 1258 4362 coloris
1286 4307 1445 4370 varii,
1475 4307 1612 4376 nigri
1633 4315 1684 4360 et
1714 4305 1881 4360 rubri.
1925 4304 2029 4373 Qui

462 4402 626 4455 etiam
656 4400 799 4455 docti
844 4409 966 4456 sunt
1017 4417 1135 4454 cum
1180 4398 1476 4452 hominibus
1528 4398 1727 4462 venari,
1764 4406 1814 4452 et
1847 4412 2025 4466 apros,

462 4509 637 4557 ursos,
669 4508 865 4552 cervos,
919 4507 1128 4560 capras,
1178 4507 1426 4561 onagros.
1469 4489 1721 4560 bovesque
1764 4489 2027 4543 silvestres

2136 2009 2215 2065 De
2254 2010 2377 2064 hist.
2409 2011 2653 2078 animal.,
2685 2012 2779 2066 lib.
2813 2029 2866 2077 ν,
2899 2027 3017 2083 cap.
3056 2013 3146 2081 59,
3176 2014 3338 2083 hujus
3371 2015 3450 2069 rei
3481 2030 3699 2069 causam

2136 2113 2190 2160 et
2223 2103 2443 2159 modum
2472 2112 2680 2173 narrat,
2700 2120 2803 2161 nec
2832 2105 2886 2159 in
2917 2106 3169 2161 omnibus
3200 2121 3385 2161 verum
3414 2122 3534 2162 esse
3563 2109 3697 2161 Vult.

2139 2196 2306 2250 Ὅταν
2332 2196 2388 2250 δὲ
2419 2198 2498 2260 είς
2529 2196 2688 2268 κόρον
2729 2197 3036 2270 ἐμπλησθῇ,
3077 2198 3320 2270 βούλεται
3355 2199 3451 2271 μὲν
3478 2200 3703 2272 ταμιεύ-

2139 2285 2331 2339 σασθαι
2360 2286 2455 2338 καὶ
2511 2286 2752 2351 εἰσαῦθις
2784 2286 2944 2351 αἰδὼς
2980 2288 3038 2341 δὲ
3089 2288 3227 2359 ἴσχει
3260 2289 3418 2343 αὐτὸν
3449 2294 3702 2362 φρουρεῖν

2136 2376 2538 2449 παραμένοντα,
2562 2378 2637 2441 ὼς
2667 2380 2871 2450 τροφῆς
2893 2380 3046 2450 χήτει
3072 2378 3227 2450 λιμὸν
3245 2380 3469 2435 δεδιότα.
3494 2382 3701 2435 Οὐκοῦν

2136 2467 2439 2539 περιχανὼν
2470 2470 2663 2539 ὲμπνεῖ
2696 2469 2791 2540 μὲν
2834 2469 2925 2522 τοῦ
2959 2469 3078 2523 καθ’
3107 2469 3265 2522 αὐτὸν
3293 2470 3582 2542 ἄσθματος,
3607 2471 3703 2526 καὶ

2134 2557 2307 2628 τούτῳ
2336 2559 2434 2631 τὴν
2461 2558 2703 2631 φυλακὴν
2744 2560 3042 2631 ἐπιτρέπει,
3070 2559 3466 2614 ἀπαλλάττεταί
3498 2577 3561 2630 γε
3595 2563 3702 2632 μὴν

2136 2648 2315 2712 αὑτός.
2344 2649 2424 2702 Τά
2460 2649 2516 2702 δὲ
2552 2649 2684 2703 ἄλλα
2713 2648 2825 2714 ζῶα
2860 2652 3080 2722 ἥκοντα,
3118 2653 3211 2705 καὶ
3251 2650 3544 2723 αἰσθόμενα
3568 2652 3701 2705 ὅπου

2133 2739 2378 2808 λείψανον
2409 2742 2523 2794 ἐστι
2547 2741 2609 2794 τὸ
2637 2740 2903 2810 κείμενον,
2931 2742 2992 2795 οὐ
3025 2741 3261 2812 τολμῶσι
3294 2741 3698 2814 προσάψασθαι,

2136 2831 2247 2884 ἀλλ’
2276 2831 2672 2901 ἀπαλλάττεται
2704 2832 2906 2887 δεδιότα
2937 2834 3110 2888 δοκεῖν
3140 2834 3321 2907 πλᾲν,
3361 2836 3455 2888 καὶ
3478 2837 3703 2907 περικό-

2137 2940 2289 2976 πτειν
2328 2941 2381 2977 τι
2407 2923 2501 2978 τοῦ
2546 2925 2805 2996 σφετέρου
2839 2925 3114 2996 βασιλέως.
3150 2925 3251 2980 Τὸν
3284 2927 3340 2981 δὲ
3369 2928 3495 2999 ἄρα,
3520 2930 3568 2981 εί
3604 2929 3702 3000 μὲν

2136 3015 2360 3089 εύθηρία
2391 3017 2597 3087 γένοιτο
2630 3019 2722 3073 καὶ
2757 3018 2966 3088 ἐτέρου,
3017 3020 3108 3073 καὶ
3149 3021 3395 3092 εὐερμία.
3425 3021 3561 3092 λήθη
3608 3022 3700 3075 τοῦ

2138 3108 2351 3182 πρώτου
2379 3110 2661 3183 λαμϐάνει,
2689 3113 2782 3165 καὶ
2814 3112 2889 3175 ὡς
2914 3112 3078 3167 ἕωλον
3102 3113 3392 3182 ἀτιμάσας,
3426 3115 3702 3171 ἀπαλλάτ-

2134 3220 2305 3264 τεται,
2331 3205 2378 3256 sl
2403 3204 2459 3257 δὲ
2491 3203 2563 3274 μὴ
2586 3204 2661 3267 ὡς
2693 3205 2779 3257 ἐπ’
2807 3206 3000 3257 οἰκεῖον
3030 3203 3377 3277 θησαύρισμα
3400 3208 3705 3280 παραγένε-

2134 3314 2241 3350 ται.
2276 3296 2469 3352 Eadem
2505 3297 2664 3351 habet
2692 3295 2844 3351 Phile
2876 3297 2931 3351 in
2963 3296 3182 3362 lambis,
3215 3301 3486 3369 quomodo
3520 3308 3700 3355 autem

2134 3394 2386 3441 vescatur
2425 3386 2684 3441 carnibus
2727 3394 2781 3439 et
2827 3385 2951 3440 cibo
2998 3393 3181 3441 utatur
3240 3388 3550 3452 immodico,
3583 3389 3701 3446 ine-

2133 3476 2386 3546 diamque
2430 3482 2683 3547 patiatur,
2723 3476 2913 3532 scribit
2956 3476 3294 3545 AristOteles,
3344 3477 3420 3533 De
3475 3479 3709 3535 historia

2131 3568 2318 3632 anim.,
2346 3568 2439 3622 lib.
2472 3584 2590 3632 vm,
2625 3582 2742 3638 cap.
2766 3567 2818 3622 5.

2201 3657 2337 3715 Ibid.
2401 3659 2497 3716 lin.
2557 3659 2644 3716 50.
2703 3657 2936 3724 Ὀξεῖαν
2985 3658 3036 3713 δ’
3091 3659 3215 3729 ἔχει
3244 3659 3359 3729 τὴν
3387 3660 3699 3731 αἴσθησιν.

2131 3751 2406 3818 Ᾱῖιίιιηιιε,
2439 3753 2536 3809 lib.
2566 3769 2705 3817 xvn,
2756 3769 2877 3827 cap.
2906 3753 2998 3821 26,
3022 3754 3144 3809 Εἰσὶ
3166 3753 3274 3826 γὰρ
3304 3753 3379 3817 ὡς
3399 3753 3580 3808 ἀκούω
3606 3755 3701 3809 καὶ

2133 3843 2486 3917 ῥινηλατῆσαι
2515 3844 2697 3901 δεινοί.

2203 3934 2362 4003 lbid.,
2419 3935 2514 3991 lin.
2571 3937 2660 3995 52.
2714 3936 2795 3992 Τὰ
2839 3938 2978 4009 ἴχνη
3006 3936 3080 4006 τῇ
3106 3938 3284 4006 σόὸῃ.
3308 3936 3584 4001 Ᾰέιιίαηυθ,
3620 3935 3702 3991 De

2129 4026 2316 4084 histor.
2352 4027 2596 4092 animal.,
2639 4029 2732 4083 lib.
2765 4046 2843 4094 ix,
2882 4045 3004 4101 cap.
3038 4028 3126 4094 '50,
3168 4030 3317 4083 Λέων
3345 4028 3402 4083 δὲ
3435 4030 3561 4084 ὅταν
3602 4029 3700 4100 βα-

2126 4116 2249 4190 δίζῃ
2276 4117 2376 4170 οὐκ
2402 4116 2674 4189 εὐθύωρον
2709 4117 2975 4190 πρόεισιν,
3005 4118 3124 4171 οὐδὲ
3155 4120 3221 4190 ὲᾷ
3250 4118 3358 4170 τῶν
3388 4117 3547 4190 ἰχνῶν
3574 4118 3701 4173 ἑαυ-

2127 4205 2220 4260 τοῦ
2247 4206 2394 4261 ἁπλᾶ
2419 4203 2558 4262 εἶναι
2586 4209 2680 4262 καὶ
2703 4209 2771 4262 τὰ
2808 4209 3120 4278 ἰνδάλματα,
3154 4208 3289 4263 ἀλλά
3327 4209 3404 4279 πὴ
3432 4210 3532 4280 μὲν
3561 4211 3698 4283 πρό-

2128 4314 2254 4364 εισι,
2284 4298 2360 4371 πὴ
2381 4298 2438 4353 δὲ
2468 4301 2732 4364 ἐπάνεισι,
2764 4303 2858 4354 καὶ¹
2880 4297 2946 4355 αὖ
2977 4301 3138 4356 πάλιν
3163 4300 3256 4355 τοῦ
3287 4301 3473 4374 πρόσω
3494 4303 3696 4373 ἔχεται,

2129 4394 2223 4446 καὶ
2260 4393 2440 4464 μέντοι
2469 4393 2564 4447 καὶ⁵
2590 4392 2725 4446 ἵεται
2772 4392 3096 4465 τοῦμπαλιν.
3128 4389 3263 4448 Εἶτα
3300 4397 3576 4466 προχωρεῖ
3597 4397 3698 4467 τὴν

2127 4483 2263 4549 ὁδὸν,
2293 4485 2386 4538 καὶ
2439 4483 2689 4556 ἀφανίζει
2717 4489 2827 4550 τοῖς
2863 4485 3124 4559 θηραταῖς
3160 4487 3292 4541 ἱέναι
3325 4487 3468 4541 κατά
3496 4486 3695 4553 στίσον,

463 4603 581 4641 cum
634 4583 967 4640 venatoribus
1022 4600 1224 4654 capere.
1290 4581 1514 4649 Quando
1575 4584 1709 4652 regis
1764 4590 2029 4636 venatores

2131 4578 2229 4650 τὴν
2263 4576 2474 4644 ἑαυτοῦ,
2496 4578 2589 4631 καὶ
2612 4578 2808 4651 ῥᾳδίως
2830 4578 2927 4651 τὴν
2955 4580 3143 4653 κοίτην
3170 4579 3302 4635 ἔνθα
3338 4580 3694 4647 ἀναπαύεται,

463 4679 635 4733 leones
671 4676 850 4730 volunt
879 4691 1052 4730 secum
1099 4675 1169 4728 ad
1202 4677 1527 4730 venationem
1554 4674 1759 4738 ducere,
1802 4677 1932 4728 duos
1960 4688 2025 4727 ea:

459 4771 534 4826 eis
558 4771 614 4824 in
647 4769 825 4823 calvea
871 4767 1087 4831 ducunt,
1120 4785 1342 4839 quorum
1377 4768 1595 4838 quilibet
1632 4769 1844 4822 comites
1874 4767 2025 4822 habet

461 4863 669 4935 aquilas
692 4862 886 4917 multas
916 4860 1382 4930 domesticas,qua:
1406 4860 1535 4914 adeo
1574 4860 1769 4928 feroces
1791 4870 1933 4923 sunt,
1967 4869 2025 4914 ut

461 4956 683 5025 lepores,
708 4970 919 5024 capras,
946 4951 1215 5019 damulas,
1246 4952 1422 5020 vulpes
1456 4953 1669 5019 capiant
1698 4970 1715 5005 :
1746 4952 1875 5004 intes
1893 4967 2024 5022 quas

464 5054 626 5102 tanta:
658 5045 902 5100 audacite
943 5043 1191 5113 plurima:
1224 5056 1367 5109 sunt,
1403 5050 1461 5094 ut
1500 5057 1690 5112 magno
1725 5041 1915 5110 impetu
1971 5043 2027 5096 in

459 5154 614 5208 .upos
642 5138 906 5204 insiliant,
941 5151 1032 5191 nec
1059 5135 1125 5188 ab
1152 5136 1226 5190 eis
1257 5153 1311 5190 se
1335 5135 1539 5205 possint
1572 5134 1681 5204 lupi
1728 5134 2023 5203 defendere,

463 5229 625 5285 donec
653 5232 955 5301 capiantur.
1000 5226 1243 5283 Leonum
1275 5229 1457 5297 itaque
1490 5227 1871 5299 generositatis
1903 5241 2027 5281 cau-

463 5333 586 5398 sam
605 5321 671 5374 ad
696 5320 841 5375 aliud
876 5330 1040 5391 caput
1078 5320 1299 5376 videtur
1336 5318 1541 5374 referre
1572 5317 1712 5374 idem
1748 5315 2022 5381 Elianus,

464 5410 563 5468 lib.
600 5424 677 5474 iv,
695 5424 814 5480 cap.
852 5411 944 5466 25.
967 5409 1123 5476 Quod
1162 5425 1270 5464 non
1302 5408 1465 5465 simul
1495 5410 1597 5475 leo,
1618 5416 1671 5463 et
1702 5408 1886 5474 leaena,
1929 5407 2026 5463 sed

464 5500 695 5556 seorsim
746 5500 813 5555 ad
863 5502 1208 5557 venationem
1264 5507 1318 5556 et
1367 5508 1553 5570 potum
1609 5500 1826 5566 abeant,
1879 5500 2023 5571 quod

462 5593 580 5649 suis
614 5599 844 5663 uterque
889 5594 1099 5650 viribus
1139 5592 1403 5660 conﬁsus,
1450 5593 1677 5649 alterius
1704 5607 1862 5664 opem
1914 5609 2024 5648 non

459 5686 755 5743 desideret.
796 5686 961 5740 Λύκω
992 5687 1258 5757 συννόμω,
1292 5687 1385 5740 καὶ
1416 5686 1584 5752 ἵππω,
1613 5685 1794 5740 λέοντέ
1821 5703 1885 5756 γε
1920 5685 2025 5759 μὴν

458 5779 560 5838 ορκ
579 5779 752 5833 ἐστόν.
782 5777 985 5833 Λέαινα
1008 5778 1119 5851 γάρ
1143 5779 1236 5833 καὶ
1255 5779 1389 5833 λέων
1406 5776 1530 5832 οὔτε
1553 5779 1651 5850 τὴν
1670 5777 1838 5849 αὐτὴν
1861 5779 2023 5841 ἴασιν,

460 5867 584 5924 οὕτε
618 5869 712 5923 ἐπὶ
745 5867 937 5943 θήρας,
968 5868 1092 5925 οὕτε
1122 5871 1386 5942 πιόμενοι.
1429 5859 1502 5926 Tb
1539 5871 1596 5927 δὲ
1620 5870 1803 5947 αἴτιον
1836 5873 1901 5942 τῇ
1932 5870 2023 5924 τοῦ

2125 4670 2220 4723 καὶ
2269 4670 2408 4724 οἰκεῖ
2455 4670 2551 4744 spy
2599 4673 2711 4734 τοῖς
2759 4670 3019 4742 σκύμνοις
3057 4672 3349 4744 εὑρίσκειν.
3384 4669 3454 4727 Et
3503 4670 3697 4728 Petrus

2126 4759 2449 4826 Damianus,
2483 4728 2579 4816 lib.
2620 4728 2880 4831 "pepist:
2906 4728 3015 4826 18,⁷
3030 4728 3136 4817 ιιεὸ
3161 4779 3279 4816 cum
3307 4779 3341 4816 a
3364 4761 3695 4817 venatoribus

2123 4851 2399 4919 qumritur,
2431 4865 2612 4905 eorum
2639 4852 2877 4920 protinus
2935 4848 3092 4907 odore
3144 4861 3386 4920 concepto
3429 4861 3490 4905 ut
3520 4867 3696 4923 perse-

2122 4944 2387 5012 quentium
2432 4960 2488 4997 se
2529 4942 2743 4997 deludat
2770 4942 3088 5013 indaginem,
3123 4952 3343 4998 versuta
3366 4943 3521 4998 struit
3548 4942 3696 5013 {rau-

2124 5035 2375 5090 dulentia:
2436 5038 2740 5090 novitatem.
2805 5034 3049 5091 Caudam
3112 5037 3296 5107 quippe
3358 5049 3449 5103 per
3500 5044 3695 5090 terram

2128 5127 2338 5183 trahens
2388 5130 2609 5200 vestigia
2646 5146 2745 5183 sua
2779 5128 2904 5184 dum
2934 5130 3178 5200 graditur
3207 5128 3389 5199 operit,
3412 5129 3589 5199 sicque
3609 5145 3695 5184 ve-

2126 5222 2367 5276 nantium
2394 5222 2607 5294 laqueos
2637 5241 2700 5278 ne
2730 5226 2972 5294 capiatur
2995 5223 3183 5279 evadit.

2194 5313 2355 5381 Ibid.,
2388 5316 2484 5371 lin.
2517 5315 2602 5371 54.
2636 5317 2836 5385 Πηρὸς
2875 5316 2944 5371 δὲ
2969 5315 3154 5370 αὐτοῦ
3181 5318 3233 5369 ὁ.
3266 5311 3500 5368 Leonem
3532 5312 3687 5368 nasci

2124 5407 2301 5462 oculis
2339 5407 2541 5478 apertis
2573 5405 2913 5463 Democritus
2966 5407 3165 5471 aiebat,
3209 5412 3469 5474 tanquam
3502 5403 3688 5458 statim

2124 5513 2156 5553 a
2183 5507 2340 5570 partu
2372 5499 2714 5555 iracundum.
2748 5497 3020 5560 IEIianus,
3057 5496 3153 5551 lib.
3184 5511 3237 5560 v,
3252 5509 3374 5566 cap.
3391 5493 3494 5549 59:
3526 5493 3689 5563 Λέγει

2124 5589 2461 5662 Δημόκριτος
2494 5588 2602 5642 τῶν
2650 5588 2804 5655 ζώων
2856 5588 3014 5659 μόνον
3055 5587 3146 5640 τὸν
3196 5585 3383 5639 λέοντα
3412 5585 3692 5638 ἐκπεπτω-

2127 5682 2307 5755 μένοις
2356 5680 2633 5737 τίκτεσθαι
2672 5684 2785 5747 τοῖς
2831 5680 3146 5752 ὀφθαλμοῖς,
3174 5678 3277 5751 ἥδη
3322 5675 3521 5748 τρόπον
3566 5675 3689 5731 τινὰ

2122 5772 2526 5846 τεθυμωμένον,
2561 5775 2655 5828 καὶ
2685 5771 2745 5839 ἐξ
2785 5772 2987 5827 ὠδίνων
3011 5769 3329 5842 δρασείοντά
3353 5784 3406 5821 τι
3439 5766 3684 5841 μανικόν.

2124 5864 2245 5938 Ipse
2287 5874 2487 5936 tamen,
2520 5879 2640 5939 cap.
2671 5864 2761 5933 24,
2800 5865 2863 5919 Ol
2891 5862 2947 5918 δὲ
2977 5860 3202 5934 σκύμνοι
3240 5859 3570 5933 ἀρτιγεννεϊς
3594 5874 3684 5929 μισ

2435 6139 2465 6171 β.
