4124 6422
498 361 603 416 0‘27

499 497 623 551 κροι
657 480 717 534 τέ
747 481 851 535 sict
886 483 980 536 καὶ
1011 483 1222 554 τυφλοί,
1258 492 1314 541 et
1345 485 1518 554 Phile,
1548 489 1604 544 in
1631 490 1824 548 iambis

570 592 749 672 έυοῖτ
776 593 844 672 qs
861 594 1074 672 μηνῷν
1084 597 1174 672 μδτὰ
1200 598 1408 672 βρέφη
1437 602 1799 672 προέρχεται,

569 663 834 740 {uulua
865 663 1136 740 ί-τυειτλοῖς
1188 663 1430 738 ἐμφερῆ,
1460 663 1850 740 ἡαὶᾙὲτρίως,

565 731 675 785 Kal
707 733 931 787 λευκὸν
962 731 1345 804 epuli-triarii
1355 731 1637 808 ,μάστεύᾶ

498 841 566 897 Et
593 843 856 903 ridiculus
887 863 1018 904 sane
1071 851 1282 906 censeri
1325 851 1566 923 deberet,
1601 857 1646 912 si
1678 857 1800 926 quis
1830 871 1928 927 pro
1956 857 2058 915 De-

500 933 755 1000 mocrito,
785 935 989 993 diceret
1019 954 1142 994 eum
1174 956 1282 995 non
1325 941 1445 998 ideo
1474 945 1689 1000 leonum
1719 948 1918 1003 liberos
1949 965 2054 1005 ca:-

496 1037 591 1078 cos
626 1040 734 1079 non
784 1041 906 1082 esse
946 1028 1210 1086 afﬁrmare
1254 1033 1396 1102 quod
1448 1037 1648 1104 apertis
1680 1039 1853 1095 oculis
1903 1039 2061 1095 nasci

493 1111 743 1172 dixisset.
800 1114 1056 1174 Videmus
1111 1119 1254 1174 enim
1319 1122 1562 1191 quaedam
1609 1126 1880 1193 animalia,
1935 1143 2054 1198 qua:

492 1207 594 1261 etsi
627 1215 872 1278 patentes
923 1211 1124 1267 habent
1153 1214 1363 1283 oculos,
1393 1224 1575 1270 tamen
1621 1233 1727 1272 non
1757 1218 1962 1284 vident,
1995 1230 2052 1275 ut

495 1296 649 1366 lepus
701 1298 830 1354 dum
889 1299 1112 1365 dormit,
1145 1309 1200 1356 et
1255 1318 1357 1357 nos
1407 1305 1570 1359 etiam
1621 1307 1762 1361 infra
1801 1308 1869 1363 de
1897 1311 2051 1366 leone

492 1387 757 1445 dicemus.
820 1389 945 1446 Pari
1009 1391 1188 1462 itaque
1241 1393 1450 1450 ratione
1509 1410 1793 1466 possemus
1847 1397 2047 1464 dicere,

490 1477 675 1535 leones
714 1480 842 1536 dum
888 1492 1210 1547 nascuntur,
1244 1485 1491 1554 quamvis
1553 1487 1761 1576 apertis
1801 1495 1855 1544 et
1892 1489 2049 1545 hian-

488 1569 634 1626 tibus
657 1571 766 1626 sint
789 1573 983 1641 oculis,
1011 1589 1186 1630 caecos
1222 1591 1364 1640 esse,
1403 1592 1582 1648 neque
1609 1569 1855 1634 cern'ere.
1884 1577 2048 1634 Nam-

487 1675 593 1729 que
627 1659 969 1729 Aristoteles,
1001 1665 1087 1719 cui
1133 1665 1188 1720 in
1236 1666 1340 1721 hoc
1381 1667 1524 1722 sicut
1547 1675 1602 1722 et
1635 1667 1691 1722 in
1715 1669 1836 1724 aliis
1869 1670 2047 1739 potior

489 1750 641 1816 fides,
673 1753 769 1808 lib.
800 1754 878 1809 De
901 1772 1074 1826 gener.
1093 1759 1256 1812 anim.
1305 1772 1356 1815 c.
1385 1758 1441 1824 4,
1474 1760 1570 1824 ait,
1608 1761 1753 1815 circa
1786 1761 2040 1826 medium,

1823 372 2068 431 LEONIS
2100 375 2370 431 ALLATII

3612 386 3714 441 928

2083 505 2132 562 Α
2168 511 2285 554 sun.
2315 513 2434 568 cap.
2483 499 2538 554 8.
2585 498 2840 556 Nicolaus
2872 499 3207 556 Leonicenus
3238 501 3290 556 in
3323 504 3713 573 quaestionibus

2159 583 2499 642 naturalibus
2523 589 2658 644 duas
2677 589 2909 659 hujusce
2929 591 3273 661 pr0prietalis
3299 608 3494 650 causas
3514 595 3708 650 reddit.

2159 678 2268 736 Cur
2291 680 2462 736 leones
2493 682 2733 735 iracundi
2781 693 2925 752 terga
2970 699 3070 736 sua
3097 683 3270 736 cauda
3295 683 3568 752 ﬂagellant
3586 686 3611 736 1’
3632 687 3709 739 An

2156 773 2281 842 quia
2310 772 2518 827 leonum
2544 774 2705 827 animi
2737 774 2892 827 index
2911 785 2988 829 est
3010 774 3220 828 cauda?
3245 782 3299 829 et
3322 777 3528 845 reliqua
3550 776 3706 831 Plinii

2158 864 2340 917 verba.
2369 865 2452 918 An
2492 864 2628 936 quod
2671 864 3203 928 iracundia,'accenso
3247 865 3388 918 circa
3417 867 3708 934 praecordia

2161 955 2351 1020 calore,
2365 956 2632 1022 provenire
2667 955 2862 1008 dicitur
2877 958 2903 1010 ?
2921 955 3081 1008 calidi
3105 956 3240 1009 enim
3265 964 3340 1009 est
3371 973 3569 1010 movere
3591 973 3707 1010 cum

2161 1047 2357 1113 omnia,
2375 1058 2481 1100 tum
2508 1064 2571 1102 ca
2599 1049 2763 1117 magis
2783 1057 2832 1101 et
2851 1047 3096 1108 crebrius,
3118 1065 3233 1119 qua:
3259 1048 3536 1102 mobiliora
3567 1051 3707 1103 exsi-

2154 1147 2320 1204 stunt,
2334 1141 2507 1209 qualis
2540 1157 2666 1193 sane
2686 1141 2742 1193 in
2773 1141 3123 1195 animantibus
3145 1141 3381 1196 omnibus
3411 1151 3488 1194 est
3511 1141 3703 1197 cauda.

2150 1229 2287 1284 Hinc
2309 1230 2479 1285 cauda
2501 1230 2694 1283 ἀλκαία
2714 1231 3036 1301 dicta,quod
3054 1232 3144 1286 illa
3164 1247 3223 1288 se
3244 1233 3310 1286 ad
3332 1231 3702 1287 fortitudinem

2148 1323 2365 1378 excitet.
2392 1321 2663 1392 lnterpres
2699 1323 2969 1394 Apollonii
2993 1323 3086 1378 lib.
3119 1339 3195 1388 ιν,
3234 1325 3460 1397 Ἀλκαίη
3490 1324 3702 1393 λέγεται

2147 1413 2350 1483 κυρίως
2388 1413 2422 1484 ή
2470 1414 2562 1467 τοῦ
2600 1413 2809 1478 λέοντος
2844 1414 2998 1486 οὐρὰ,
3029 1413 3136 1467 ἀπὸ
3156 1415 3200 1468 δ’
3233 1415 3401 1484 αὐτῆς
3426 1417 3504 1479 εἰς
3531 1415 3702 1486 ἀλκὴν

2145 1503 2455 1572 τρέπεσθαι.

2217 1595 2376 1662 lbid.,
2425 1595 2520 1650 lin.
2570 1596 2622 1653 7.
2678 1597 2958 1667 Γηράσας
3014 1598 3083 1652 δὲ
3111 1597 3208 1652 καὶ
3250 1599 3357 1664 εὶς.
3417 1597 3696 1668 Origenes,

2145 1694 2249 1740 cat.
2295 1687 2350 1740 in
2391 1685 2583 1742 Jerem.
2617 1703 2736 1758 cap.
2767 1705 2820 1755 γ,
2850 1692 2902 1758 ᾗ.
2931 1689 2984 1754 6,
3015 1691 3074 1744 '0
3115 1690 3172 1744 δὲ
3203 1689 3356 1755 λέων,
3382 1688 3456 1753 ὡς
3479 1692 3700 1762 ἱστορεῖ-

2145 1795 2256 1846 ται,
2301 1780 2564 1850 γηράσας,
2608 1780 2735 1852 περὶ
2775 1780 2872 1844 τὰς
2918 1781 3096 1846 πόλεις
3153 1781 3394 1852 νέμεται,
3449 1781 3698 1853 θηρεύειν

489 1843 895 1916 Quadrupedum
914 1865 1028 1918 quae
1048 1849 1313 1920 multiﬁda
1329 1861 1470 1916 sunt,
1491 1862 1548 1905 ut
1569 1853 1738 1919 canis,
1757 1852 1858 1918 leo,
1876 1853 2034 1922 lupus

2151 1839 2324 1924 θέλων
2360 1839 2711 1942 ἀνθρωπους.
2765 1839 3037 1938 JEl‘ianus,
3075 1839 3170 1927 ⁷Βε
3217 1839 3409 1928 'histor.
3475 1839 3692 1945 aiiimal.

485 1936 678 2004 vulpes,
729 1939 881 2009 lupus
919 1945 1202 2009 ceruarius,
1235 1945 1410 2000 omnia
1435 1961 1596 2000 cwcos
1629 1956 1892 2016 generant,
1914 1955 2028 2015 post

481 2026 738 2095 palpebra:
759 2030 1124 2097 dehiscunt;et
1145 2034 1239 2088 lib.
1292 2051 1365 2102 ιν,
1391 2050 1512 2106 cap.
1532 2035 1585 2096 6.
1611 2035 1866 2102 Quwdam
1892 2038 2030 2091 enim

481 2132 546 2169 ea:
575 2118 639 2172 iis
685 2121 886 2175 catulos
919 2125 1284 2180 inarticulatos
1315 2127 1684 2196 propemodum
1708 2129 1940 2196 pariunt,
1974 2137 2031 2182 ut

482 2206 676 2273 vulpes,
701 2223 848 2276 ursa,
877 2211 1064 2279 letena,
1097 2224 1145 2269 et
1172 2216 1284 2268 alia
1311 2216 1588 2282 nonnulla,
1613 2217 1702 2272 sed
1731 2219 1906 2272 omnia
1927 2220 2032 2288 fere

481 2311 665 2365 caecos,
689 2311 746 2354 ut
773 2317 835 2355 ea
858 2319 973 2373 qua:
994 2304 1147 2360 modo
1170 2306 1284 2360 dixi
1314 2316 1466 2376 atque
1492 2309 1653 2362 etiam
1683 2312 1850 2375 canis,
1884 2312 2027 2388 lupa,

482 2389 633 2458 lupus
663 2394 944 2448 cervarius.
985 2393 1050 2448 Et
1081 2397 1220 2452 inter
1241 2397 1341 2452 hos
1378 2407 1586 2453 tantum
1625 2401 1824 2470 excipit
1855 2417 2027 2465 suem,

479 2496 600 2551 quat
655 2483 770 2538 sola
815 2487 954 2555 parit
999 2489 1288 2557 perfectos.
1321 2489 1398 2544 Ex
1450 2492 1648 2562 quibus
1690 2493 1894 2549 clarum
1924 2505 2028 2560 est,

483 2571 705 2625 leaenam
763 2576 938 2630 oculis
993 2578 1228 2636 occlusis
1281 2579 1419 2636 filios
1459 2582 1692 2652 gignere.
1725 2579 1874 2637 Vana
1905 2599 2032 2654 ergo

477 2663 580 2717 erit
613 2678 676 2719 ac
706 2664 874 2722 futilis
906 2668 993 2721 illa
1022 2684 1120 2738 pro
1163 2669 1468 2726 Democrito
1514 2675 1814 2743 responsio.
1845 2675 2032 2730 Dems-

476 2755 600 2809 criti
623 2758 930 2826 opinionem
964 2770 1186 2816 secutus
1217 2773 1300 2818 est
1325 2764 1486 2819 etiam
1525 2763 1867 2823 Plutarchus.

545 2844 706 2909 lbid.,
739 2846 834 2901 lin.
886 2848 976 2902 55.
1005 2850 1113 2903 Kal
1137 2851 1307 2919 »τρεῖς
1331 2851 1572 2921 ἡμέρας.
1614 2855 1947 2926 Epiphanius
1977 2862 2030 2914 in

479 2933 816 3007 Physiologo,
840 2952 961 3008 cap.
983 2938 1040 3003 2,
1060 2940 1227 2994 Ὅταν
1249 2940 1467 3014 τέξηται
1492 2943 1582 2997 τὸν
1611 2947 1777 3016 αὐτῆς
1799 2948 2031 3019 σκύμνον

480 3029 507 3098 ή
551 3027 756 3094 λέαινα,
786 3029 984 3084 ἄπνουν
1011 3048 1069 3084 τε
1102 3033 1196 3086 καὶ
1222 3032 1417 3102 τυφλὸν
1449 3037 1802 3106 τυγχανόντα,
1833 3040 2030 3112 ἐμϐλέ-
2079 3081 2082 3084 -

475 3141 648 3178 πουσα
699 3126 1090 3198 προκαθέζεται
1139 3131 1474 3201 προσέχουσα
1530 3133 1678 3204 αὐτῷ
1713 3138 2027 3208 τριήμερον.

472 3211 623 3266 Μετὰ
671 3212 728 3265 δὲ
771 3215 833 3266 τὸ
873 3215 1330 3288 συμπληρωθῆναι
1366 3221 1462 3284 τὰς
1505 3225 1650 3294 τρεῖς
1674 3223 1782 3278 τῶν
1812 3227 2030 3300 ἡμερῶν

471 3303 856 3375 προσπελάζων
885 3306 1058 3378 ἇῤῥην
1089 3305 1245 3373 λέων,
1268 3309 1360 3364 καὶ
1380 3312 1701 3382 ἑμφυσήσας
1735 3315 1901 3386 αὐτῷ,
1937 3319 2031 3372 καὶ

467 3395 630 3459 εὐθὺς
661 3395 867 3466 βλέπει,
903 3399 996 3452 καὶ
1025 3399 1110 3471 ζῇ.
1130 3398 1335 3456 Locum
1368 3401 1670 3476 Physiologi
1699 3406 1880 3462 laudat
1907 3406 2030 3463 Ori-

476 3501 664 3556 genes,
706 3487 854 3542 hom.
888 3490 956 3543 l7
980 3492 1032 3544 in
1064 3507 1178 3561 cap.
1215 3509 1363 3560 xux,
1402 3494 1599 3553 Genes.
1634 3517 1647 3552 :
1681 3497 2028 3570 Physiologus

467 3577 531 3632 de
557 3579 730 3634 catulo
755 3581 961 3636 leonum
978 3582 1087 3637 hinc
1116 3587 1317 3652 scribit,
1338 3589 1494 3659 quod,
1526 3607 1644 3646 cum
1665 3591 1822 3660 fuerit
1849 3603 2026 3660 natus,

469 3670 634 3724 tribus
662 3671 841 3725 diebus
880 3682 929 3726 et
953 3672 1116 3728 tribus
1140 3677 1374 3731 noctibus
1399 3677 1644 3735 dormiat.
1675 3681 1818 3735 Tunc
1847 3682 2030 3738 deinde

470 3763 635 3828 patris
663 3765 878 3830 gemitu,
920 3765 997 3818 vel
1044 3768 1241 3836 rugitu,
1278 3778 1528 3838 tanquam
1573 3773 1904 3842 tremefactus
1935 3791 2028 3828 cu-

471 3851 587 3906 bilis
634 3852 778 3907 locus
823 3855 1040 3908 suscitat
1098 3858 1334 3911 catulum
1377 3859 1739 3918 dormientem.
1784 3865 2025 3921 Isidorus

467 3941 708 3998 eamdem
747 3946 1069 3999 sententiam
1102 3962 1169 4001 ex
1209 3947 1439 4019 Origene
1467 3953 1777 4024 exscripsit.
1817 3954 1882 4008 Et
1913 3955 2023 4009 Ru-

469 4032 632 4102 finus,
667 4034 765 4090 lib.
816 4037 894 4091 De
945 4037 1194 4095 benedict.
1245 4043 1537 4110 patriarch.
1591 4045 1757 4099 refert
1807 4047 1942 4102 tradi
1992 4064 2022 4102 a

468 4129 802 4201 physiologis
851 4131 989 4186 hanc
1029 4147 1151 4189 esse
1187 4133 1352 4188 catuli
1390 4135 1565 4190 leonis
1597 4150 1872 4201 naturam,
1896 4155 2018 4193 cum

465 4227 626 4275 natus
655 4229 740 4276 est
763 4222 1002 4276 triduum
1031 4224 1289 4290 dormire,
1313 4226 1470 4282 tertio
1498 4239 1675 4283 autem
1696 4228 1782 4284 die
1803 4228 2017 4285 fremitu

465 4314 635 4382 patris
662 4315 978 4371 tremefacto
1015 4317 1180 4372 cubili
1213 4319 1461 4374 excitari.

533 4402 650 4459 Col.
694 4405 817 4470 740,
848 4407 944 4462 lin.
979 4406 1030 4461 l.
1082 4407 1288 4463 Ἦνίκα
1322 4410 1375 4464 δ’
1422 4409 1726 4481 ἀνθρώπῳ.
1765 4411 2017 4470 Lucanus

464 4496 558 4550 lib.
606 4510 666 4558 ιι,

566 4583 694 4638 Mos:
723 4585 810 4639 ubi
861 4603 916 4640 se
959 4603 1109 4641 sava:
1137 4589 1423 4644 stimulavit
1453 4591 1654 4646 verbere
1682 4593 1883 4651 caudte.

457 4673 727 4736 Elianus.
779 4675 869 4729 lib.
907 4692 980 4738 νι,
1043 4693 1164 4748 cap.
1218 4679 1270 4743 ‘l,
1328 4681 1438 4733 Καὶ
1483 4680 1663 4750 μέντοι
1701 4683 1854 4738 καὶὸ
1884 4683 2017 4738 λέων

455 4768 520 4838 τῇ
586 4765 782 4837 ἀλκαίᾳ
854 4767 1040 4820 ἑαυτὸν
1083 4768 1356 4837 ἐπεγείρει
1406 4769 1694 4839 μαστίζων,
1749 4773 1842 4825 καὶ
1887 4772 2014 4842 βλα-

456 4857 654 4922 κεύειν,
697 4859 790 4912 καὶ
831 4857 1057 4912 ἐλινύειν
1089 4860 1187 4912 οὐκ
1214 4860 1536 4932 ἐπιτρέπων.
1566 4862 1673 4915 Καὶ
1706 4861 1864 4916 τοῦτο
1899 4864 1955 4916 δέ
1987 4867 2014 4917 ὁ

453 4948 680 5019 ποιητὴς
727 4947 879 5012 είδὼς
925 4948 1040 5021 ᾅδει
1079 4951 1204 5019 περὶ
1259 4948 1350 5004 τοῦ
1389 4950 1617 5014 λέοντος.
1670 4950 1734 5004 ΕΙ.
1769 4952 1858 5006 lib.
1892 4968 2008 5015 xm,

2137 1962 2230 2016 lib.
2290 1979 2365 2026 Iv,
2414 1978 2535 2033 cap.
2572 1963 2670 2028 54,
2707 1964 2813 2018 Τοῦ
2875 1967 3058 2036 γήρως
3085 1964 3144 2018 δὲ
3187 1965 3573 2036 ἐπαρχόμενος,
3603 1971 3699 2025 καὶ

2132 2051 2234 2105 ὑπὸ
2269 2051 2338 2106 τὰ
2367 2051 2530 2106 αὔλια
2551 2053 2788 2124 ἔρχεται,
2822 2055 2914 2108 καὶ
2952 2054 3043 2107 ἐπὶ
3074 2054 3170 2118 τὰς
3199 2054 3457 2121 καλύϐας,
3484 2056 3576 2108 καὶ
3605 2054 3696 2107 ἐπὶ

2130 2143 2227 2207 τὰς
2253 2144 2494 2215 οἰκήσεις
2518 2144 2614 2209 τὰς
2651 2145 2756 2199 τῶν
2792 2146 2997 2218 νομέων
3039 2145 3140 2210 τὰς
3189 2147 3510 2219 ὑπάντρους.
3565 2147 3695 2210 Ταῖς

2129 2235 2237 2308 γὰρ
2289 2235 2486 2308 ὀρείοις
2537 2237 2615 2290 ἔτι
2651 2237 2842 2310 θήραις
2893 2238 3206 2312 ἐπιθαῤῥεῖν
3235 2239 3490 2303 ἀδύνατός
3525 2241 3691 2293 ἐστιν.
3787 2299 3808 2318 ,⁵

2131 2326 2261 2394 Quae
2295 2327 2366 2382 ita
2391 2329 2630 2385 carmine
2665 2330 2934 2400 expressit
2953 2331 3104 2386 Phile
3137 2333 3192 2386 in
3224 2331 3441 2387 iambis.

2204 2462 2397 2535 Ἶρταν
2425 2462 2495 2535 δὲ
2521 2461 2702 2535 γηρᾶν,
2720 2464 2818 2516 καὶ
2846 2465 3071 2534 τροφῆς
3090 2467 3297 2535 χρείαν
3322 2467 3463 2535 ἔχει.

2217 2531 2379 2604 Ἐπεὶ
2405 2533 2470 2585 τὸ
2500 2531 2743 2604 Δθιιῤῥιτεῖινξ
2779 2531 2965 2599 είςέῦ
2999 2531 3190 2602 θηρᾇ
3219 2537 3330 2589 οὐκ
3355 2531 3515 2604 ἔχει,

2201 2600 2380 2667 Φοιτᾷ
2405 2601 2554 2670 πρὸς
2576 2600 2794 2670 ἀγροὺς
2817 2604 2918 2655 καὶ
2947 2600 3156 2672 νομαῖς
3175 2600 3492 2671 ἐναυλίοὶς.

2132 2709 2197 2764 Ει
2249 2711 2442 2764 horum
2494 2711 2702 2781 primus
2767 2710 3086 2767 Aristoteles
3131 2711 3227 2769 lib.
3285 2727 3360 2777 Ix,
3427 2726 3545 2782 cap.
3598 2711 3687 2778 44,

2131 2804 2340 2856 Adeunt
2367 2801 2544 2866 urbes,
2573 2811 2622 2857 et
2648 2802 2900 2872 injuriam
2933 2803 3224 2857 hominibus
3253 2804 3503 2872 inferunt,
3528 2805 3691 2872 potis-

2131 2896 2322 2947 simum
2347 2901 2570 2961 tempore
2600 2909 2708 2948 sua:
2736 2895 3048 2948 senectutis:
3080 2905 3201 2947 tunc
3229 2895 3366 2948 enim
3393 2911 3484 2964 per
3504 2910 3685 2963 corpo-

2132 2985 2206 3039 ris
2235 2984 2666 3054 imbecillitatem,
2697 2995 2747 3042 et
2791 2987 3023 3040 dentium
3043 2985 3375 3056 defectionem
3406 2987 3582 3040 venari
3604 3002 3689 3038 ne-

2131 3084 2343 3146 queunt.

2055 3185 2098 3243 ρ
2202 3165 2360 3234 ll)id.,
2415 3167 2509 3222 lin.
2570 3167 2623 3222 8.
2661 3168 2834 3222 Ἔστι
2875 3167 2942 3221 δὲ
2973 3167 3158 3222 αὐτοῦ
3185 3167 3252 3221 τὸ
3283 3166 3684 3236 στόμαᾸΖΙιιὙ-

2131 3265 2426 3326 sostomus,
2486 3259 2542 3313 in
2583 3274 2699 3327 cap.
2739 3275 2792 3314 v1
2827 3257 2970 3324 Jobi,
3022 3259 3265 3322 Δυσῶδες
3305 3259 3412 3330 γὰρ
3438 3257 3594 3311 τοῦτο
3623 3258 3684 3310 τὸ

2129 3347 2315 3420 θηρίον
2343 3348 2457 3420 μεθ’
2476 3349 2798 3422 ὑπερϐολῆς.
2838 3350 3050 3422 Ἐπειδὴ
3071 3349 3178 3420 γὰρ
3208 3350 3316 3420 ἔχει
3341 3349 3437 3420 τὴν
3460 3348 3568 3402 ἀπὸ
3585 3348 3686 3419 τῆς

2128 3441 2341 3510 φύσεως
2377 3442 2708 3508 πλεονεξίαν,
2754 3443 2955 3516 ἑτέρως
2999 3443 3156 3496 αὐτὸν
3197 3443 3305 3496 τῶν
3344 3443 3514 3497 ἄλλων
3547 3459 3683 3510 φαυ-

2127 3533 2340 3604 λότερον
2365 3533 2614 3605 ἐποίησεν
2634 3535 2662 3587 ὁ
2691 3533 2842 3597 Θεός.
2874 3531 2949 3589 De
2977 3532 3096 3604 ejus
3125 3531 3356 3602 δυσωδίᾳ
3383 3532 3538 3602 plura
3563 3531 3684 3585 Ari-

2127 3625 2368 3691 stoteles,
2399 3632 2453 3680 et
2483 3625 2595 3679 alii.

2195 3715 2333 3770 Ibid.
2396 3717 2493 3771 lin.
2541 3716 2594 3772 9.
2650 3717 2964 3772 Καθεύδων
3005 3716 3073 3771 δὲ
3117 3716 3252 3771 ἀνά.
3286 3713 3482 3780 Horus,
3511 3714 3605 3768 lib.
3642 3731 3680 3777 I,

2127 3820 2177 3861 ι.
2212 3805 2301 3872 19,
2339 3806 2554 3877 Ἐπειδὴ
2599 3808 2628 3860 ὁ
2675 3805 2811 3858 λέων
2850 3807 2907 3858 ἐν
2947 3806 3024 3877 τῷ
3069 3803 3422 3875 ἐγρηγορέναι
3472 3804 3680 3874 μέμυκε

2123 3896 2248 3960 τοὺς
2293 3896 2619 3968 ὀφθαλμοὺς,
2648 3895 2984 3968 κοιμώμενος
3017 3896 3072 3950 δὲ
3125 3897 3428 3964 ἁνεωγότας
3463 3895 3680 3959 τούτους

2123 3987 2252 4058 ἔχει.
2288 3987 2658 4053 Plutarchus,
2714 4005 2765 4044 ιν
2822 3986 3085 4057 Sympos.,
3136 3994 3328 4058 quiest.
3383 3986 3437 4054 5,
3491 3987 3677 4041 oculos

2123 4079 2299 4134 leonis
2347 4078 2674 4135 dormientis
2727 4081 2823 4147 ait,
2877 4079 3187 4149 suil‘ulgere,
3230 4078 3466 4134 dormire
3497 4085 3674 4133 autem

2120 4175 2395 4224 momento
2425 4167 2903 4239 temporis.’._Phile,
2933 4168 2986 4221 in
3021 4167 3230 4233 iambis,
3265 4167 3425 4222 etiam
3449 4165 3674 4220 caudam

2120 4259 2296 4330 ipsum
2327 4263 2384 4315 in
2413 4263 2594 4329 quiete
2624 4274 2858 4322 movere,
2880 4259 2973 4313 ait.
3006 4259 3134 4315 Vide
3161 4259 3226 4315 de
3251 4261 3354 4315 hoc
3381 4258 3673 4318 Elianum,

2118 4350 2214 4406 lib.
2245 4367 2298 4416 ν,
2330 4366 2450 4421 cap.
2484 4351 2571 4415 59,
2596 4349 2826 4404 Plinium
2877 4358 2930 4406 et
2964 4351 3120 4407 alios.
3171 4350 3245 4406 De
3271 4367 3456 4407 eorum
3488 4365 3677 4408 somno

2118 4445 2192 4499 ita
2228 4445 2427 4500 cecinit
2453 4442 2728 4514 Oppianus
2755 4447 3040 4514 Κυνηγετ.
3073 4444 3126 4499 5.

2123 4575 2256 4665 ρξνδέ
2267 4576 2473 4665 iter“:
2484 4577 2842 4665 μυκάτεεοὲν
2860 4578 2982 4665 ἔχει
3004 4577 3422 4665 παράξέριιαεε
3439 4577 3674 4665 idem

2131 4647 2428 4718 Ἀμςοαδὸν
2443 4647 2660 4701 ὑπνώει
2675 4648 2742 4701 δὲ
2761 4650 3142 4717 θρασύμρονα
3156 4647 3343 4718 θυμὸν
3355 4649 3639 4703 ἑλίσσων.

2113 4716 2286 4772 Εῦδει
2315 4716 2365 4769 δ’
2399 4717 2546 4772 ἔνθα
2575 4719 2820 4788 κίχησιν
2850 4716 3163 4788 ὑπείροχος
3199 4716 3448 4787 ἑσπερίη
3469 4718 3604 4782 νύξ.

2184 4869 2322 4925 Ibid.
2369 4871 2433 4926 Ἠ
2461 4869 2530 4923 δὲ
2562 4869 2773 4925 λέαινα
2802 4873 2980 4940 μόλις
3022 4874 3176 4940 ἑνός.
3225 4874 3300 4928 Ita
3347 4872 3677 4930 existimavit

2123 4957 2380 5026 Basilius,
2414 4960 2560 5015 hom.
2594 4961 2628 5016 9
2650 5001 2665 5024 ,
2691 4962 2853 5016 Ὅθεν
2880 4963 3090 5028 λέοντος
3119 4965 3234 5027 ἐνὸς
3260 4965 3410 5035 μόλις
3436 4968 3468 5034 ή
3493 4963 3678 5016 λέαινα

453 5054 571 5106 cap.
609 5039 692 5092 l4.
727 5037 959 5101 Plinius,
1005 5039 1098 5094 lib.
1132 5053 1252 5106 vm,
1307 5054 1428 5110 cap.
1466 5039 1552 5106 16,
1586 5039 1815 5094 Leonum
1847 5041 2011 5093 animi

2132 5052 2299 5122 ιήτηρ
2329 5051 2554 5121 γίνεται.
2581 5053 2713 5118 Ταῖς
2736 5054 2842 5126 γὰρ
2865 5057 3067 5126 ἀκμαῖς
3097 5057 3204 5108 τῶν
3232 5057 3432 5127 ὀνύχων
3457 5056 3678 5108 διασπα-

453 5131 606 5183 index
637 5132 830 5193 cauda,
854 5133 988 5184 sicut
1020 5141 1070 5184 et
1098 5131 1329 5198 ipsorum
1359 5149 1530 5185 aures.
1566 5131 1805 5202 Namque
1834 5142 1884 5186 et
1912 5133 2007 5186 has

2132 5142 2284 5206 >άξας
2312 5142 2409 5213 τὴν
2441 5144 2670 5214 μήτραν,
2696 5144 2838 5198 οὕτω
2883 5148 3144 5217 πρόεισιν,
3185 5146 3259 5209 ὥς
3288 5165 3467 5216 φασιν.
3500 5147 3674 5216 Hujus

450 5233 601 5276 notas
646 5224 1046 5292 generosissimo
1086 5223 1269 5292 cuique
1301 5233 1496 5276 natura
1541 5225 1738 5277 tribuit.
1777 5223 2009 5278 Immota
2109 5250 2231 5291 esse
2301 5237 2581 5291 sententia:
2637 5238 2850 5292 videtur
2911 5238 3150 5307 Aﬂsopus
3198 5240 3251 5292 in
3308 5240 3538 5306 fabulis;
3603 5243 3673 5296 ibi

450 5331 596 5382 erga,
621 5315 880 5383 placidus,
923 5315 1166 5380 clemens,
1204 5314 1589 5386 blandientique
1636 5315 2006 5385 similis,qu0d
2105 5329 2247 5380 enim
2307 5327 2476 5381 leaena
2520 5328 2688 5396 vulpi,
2722 5328 2970 5397 glorianti
3007 5330 3204 5384 multos
3241 5345 3298 5384 se
3327 5330 3466 5386 fetus
3488 5333 3672 5396 edere,

452 5419 631 5454 rarum
675 5413 751 5457 est
778 5419 794 5456 :
825 5404 1054 5460 crebrior
1084 5406 1218 5458 enim
1249 5405 1531 5459 iracundia
1567 5405 1678 5474 ejus
1717 5406 1772 5459 in
1808 5408 2006 5474 prinei-
2108 5428 2272 5465 unum
2311 5413 2590 5482 reSpondit
2616 5430 2674 5468 se
2706 5423 2914 5468 tantum
2946 5431 3155 5485 parere,
3194 5418 3286 5472 sed
3309 5421 3539 5474 leonem.
3570 5420 3674 5476 He—

450 5493 534 5558 pio
574 5501 713 5547 terra
758 5493 1075 5561 uerberatur,
1105 5497 1417 5549 incremento
1450 5505 1612 5565 terga,
1653 5512 1746 5548 ceu
1775 5496 2000 5565 quodam

2133 5505 2346 5566 odotus,
2392 5505 2484 5559 lib.
2543 5521 2627 5567 Ill,
2670 5506 2735 5558 Ἦ
2766 5507 2822 5559 δὲ
2867 5507 2928 5577 δὴ
2973 5507 3175 5571 λέαινα,
3206 5508 3292 5562 ἐὸν
3325 5512 3672 5582 ἰσχυρότατον

451 5583 784 5638 incitamento
849 5585 1202 5654 ﬂagellantur.
1294 5587 1635 5653 Theocritus,
1701 5585 1843 5657 Idyl.
1908 5588 1997 5649 25,

2132 5592 2200 5644 ια).
2221 5592 2568 5662 θρασύτατον,
2592 5593 2737 5658 ἅπαξ
2767 5599 2824 5649 ἐν
2848 5597 2925 5667 τῷ
2957 5597 3054 5667 βίῳ
3082 5599 3253 5652 τίκτει
3285 5600 3363 5655 ἐν.
3399 5601 3669 5654 Τικτοῦσα

461 5672 764 5762 Μοικρὴνδέ
818 5679 946 5747 παρῖ
1004 5677 1246 5750 ίγνύῃσιν
1297 5678 1466 5745 ἕλιξεν
1497 5680 1730 5750 Κέρκον,
1762 5680 1907 5750 ἄφαρ
1944 5681 1998 5734 δὲ
2100 5682 2207 5752 γὰρ
2240 5684 2580 5738 συνεκϐάλλει
2607 5685 2684 5756 τῷ
2722 5687 2898 5758 τέκνῳ
2929 5688 3026 5752 τὰς
3059 5693 3285 5761 μήτρας.
3307 5691 3371 5745 Et
3403 5691 3665 5762 Egyptii,

461 5753 641 5823 μάχης
673 5765 941 5836 ἐμνήσατο
1004 5769 1242 5826 Consule
1275 5769 1495 5826 Caelium
1532 5770 1873 5844 Rodiginum,
1899 5777 1992 5832 lib.
2105 5786 2166 5830 ut
2199 5785 2282 5832 est
2314 5775 2454 5846 apud
2486 5753 2710 5843 Horum,
2743 5753 3202 5852 mulierem-quae
3247 5753 3413 5839 semel
