4124 6410
410 352 512 409 9'29

407 558 550 612 enim
581 557 665 612 bis
715 571 823 610 non
847 555 984 626 gerit
1015 565 1248 610 uterum.
1280 552 1543 610 llomerus
1570 556 1727 610 aliter
1765 559 1966 611 sentit:

402 647 679 713 ΕΙστ-ήκει
701 644 781 713 ὥς
808 648 899 712 τίς
935 662 1002 699 τε
1044 645 1200 700 λέων
1229 645 1362 712 περὶ
1389 641 1508 700 οἶσι
1540 647 1840 709 τέκεσσιν,

408 711 480 788 Ὦ
505 711 588 786 ρά
611 735 676 770 τε
702 711 1092 788 νήπι’ζᾶγοντι
1119 711 1601 783 συναντήσονται
1627 717 1698 770 ἐν
1727 717 1845 788 ὕλῃ

409 786 658 854 ’Ἄνδρες
675 786 1026 854 ἐπακτῆρες.

407 877 470 931 Et
501 877 609 930 alio
633 877 688 929 in
716 877 836 930 loco
873 894 886 930 :

405 969 612 1040 ῌυκνὰ
628 966 791 1040 μάλα
815 968 1140 1038 στενάχων,
1169 968 1372 1038 ὥσπερ
1399 969 1497 1036 λὶς
1523 969 1826 1040 ἠϋγένειος

405 1032 479 1111 ’ξῼ
489 1037 570 1104 ῥά
593 1032 642 1111 θῗ
667 1038 782 1091 ὑπὸ
810 1032 1512 1111 σκύμνουςγὲλαφηῖόλος
1532 1032 1965 1111 ἅρπασινιὶνὴρ

407 1108 586 1177 Ὕλης
616 1108 684 1162 ἐκ
709 1108 988 1178 πυκινῆς.

403 1219 470 1278 Et
499 1223 842 1288 Aristoteles,
873 1221 951 1277 De
981 1222 1167 1276 histor.
1195 1222 1442 1289 animal.,
1479 1223 1574 1278 lib.
1611 1239 1686 1287 τι,
1719 1238 1836 1295 cap.
1867 1223 1957 1289 51,

404 1313 626 1369 leaenam
656 1315 871 1369 vulvam
914 1330 1035 1368 cum
1067 1321 1226 1384 partu
1262 1317 1527 1382 emittere,
1552 1314 1776 1370 deliram
1806 1317 1963 1370 fabu-

403 1403 510 1458 lam
545 1407 639 1470 ait,
682 1404 988 1476 factamque
1015 1421 1076 1459 ex
1107 1421 1194 1472 eo,
1219 1405 1361 1476 quod
1397 1421 1580 1460 rarum
1629 1422 1802 1478 genus
1841 1409 1961 1461 ani-

402 1493 559 1550 malis
602 1503 707 1559 est,
753 1509 853 1550 nec
904 1495 1166 1548 rationem
1221 1507 1321 1547 cur
1361 1493 1438 1546 ita
1476 1500 1622 1548 esset
1655 1496 1961 1563 comperire

401 1591 590 1637 auctor
621 1585 712 1638 ille
751 1584 947 1639 fabula:
981 1592 1212 1655 poterat.
1244 1583 1310 1636 Et
1341 1584 1506 1638 tradit
1531 1584 1752 1639 leaenam
1783 1585 1961 1655 primo

400 1677 510 1732 fetu
538 1692 729 1748 parere
753 1679 991 1748 quinque
1022 1678 1256 1741 catulos,
1285 1691 1348 1730 ac
1371 1691 1466 1746 per
1501 1691 1676 1733 annos
1713 1676 1960 1748 singulos

396 1785 507 1826 uno
543 1770 722 1825 minus
765 1770 833 1825 ab
861 1785 972 1825 uno
1005 1769 1396 1829 sterilescente.
1425 1767 1492 1821 Et
1515 1769 1608 1822 lib.
1646 1783 1729 1834 ιιι,
1761 1768 1841 1823 De
1873 1785 1960 1839 ge-
1990 1808 2030 1866 Β

396 1870 566 1917 uerat.
597 1863 785 1930 anim.,
819 1877 940 1932 cap.
972 1863 1024 1926 l,
1056 1862 1159 1915 hoc
1191 1861 1332 1917 idem
1364 1861 1549 1926 tradit,
1581 1869 1635 1916 et
1670 1862 1790 1932 ejus
1835 1877 1958 1917 cau-

396 1968 512 2009 sam
560 1953 763 2018 subdit,
804 1952 1084 2022 Hyperinw
1117 1953 1274 2018 enim,
1305 1953 1360 2005 id
1391 1961 1490 2020 est,
1525 1954 1715 2022 eﬂ'etw,
1752 1963 1802 2006 et
1841 1970 1957 2008 aves

393 2053 444 2099 et
469 2045 666 2114 planta:
695 2055 845 2108 sunt;
880 2045 1016 2114 quod
1044 2045 1225 2098 vitium
1253 2046 1417 2099 nimia
1445 2046 1758 2100 excrementi
1788 2062 1955 2099 seces-

394 2140 472 2191 sio
495 2147 591 2196 est,
612 2145 668 2190 ut
696 2136 986 2200 exhausta,
1017 2137 1282 2206 e/fettzque
1312 2136 1578 2203 dicantur,
1605 2155 1721 2206 qua:
1749 2140 1824 2191 ita
1847 2139 1957 2207 aﬁi-

393 2228 625 2281 ciuntur.
667 2225 718 2279 Η
725 2243 796 2281 ατ
825 2226 1003 2280 eadem
1034 2227 1240 2295 affectio
1269 2245 1445 2282 causa:
1474 2227 1650 2282 leteme
1677 2229 1834 2282 etiam
1854 2238 1953 2293 est,

393 2325 450 2370 ut
483 2318 793 2371 sterilescat.
819 2317 1057 2370 Primum
1107 2319 1246 2371 enim
1293 2319 1518 2389 quinque
1553 2327 1646 2372 aut
1686 2333 1778 2372 sea:
1815 2319 1956 2386 parit

392 2408 616 2470 catulos,
649 2418 757 2461 tum
786 2425 923 2464 anno
953 2410 1175 2463 secundo
1192 2419 1436 2480 quatuor,
1472 2425 1594 2465 mox
1627 2419 1750 2476 tres,
1773 2410 1956 2465 deinde

389 2501 509 2566 pari
540 2499 691 2552 modo
719 2515 810 2567 per
843 2516 1008 2554 annos
1039 2501 1270 2570 singulos
1313 2501 1488 2555 minus
1525 2517 1651 2568 uno,
1691 2510 1953 2571 postremo

391 2588 616 2655 nullum,
642 2606 760 2643 cum
791 2599 842 2645 et
881 2601 1264 2646 excrementum
1293 2609 1442 2646 autne
1463 2601 1823 2660 consumptum
1835 2593 1953 2662 jam

390 2682 461 2733 sit
480 2689 530 2733 et
557 2690 711 2736 {etate
735 2681 1000 2737 desinente
1029 2700 1202 2739 semen
1245 2700 1351 2737 una
1372 2684 1638 2754 defecerit.
1683 2683 1837 2739 Hunc
1869 2700 1954 2740 sc-

389 2775 575 2846 quitur
589 2774 818 2840 Plinius,
835 2777 930 2833 lib.
948 2794 1065 2844 vm,
1090 2779 1282 2849 cap.i6
1298 2795 1313 2845 ;
1327 2779 1600 2844 IElianus,
1619 2779 1711 2834 lib.
1737 2794 1810 2842 iv,
1829 2794 1949 2850 cap.

391 2864 492 2931 34;
523 2863 697 2930 Phile,
727 2866 782 2921 in
809 2864 1027 2923 lambis.
1063 2865 1340 2938 Oppianus
1370 2872 1582 2938 Κυνεγ.
1616 2868 1668 2933 5,
1697 2885 1750 2925 v.
1769 2868 1836 2923 57
1861 2887 1874 2922 :

388 2956 643 3027 Πεντάκι
684 2957 974 3027 θηλυτέρη
1021 2958 1088 3011 δὲ
1129 2959 1318 3012 τόκων
1354 2960 1702 3014 ἀπελύσατο
1742 2957 1948 3027 ζώνην,

388 3025 571 3099 Βᾴξις
599 3027 689 3099 ἄρ’
716 3025 1004 3099 ἀτρεκέως
1045 3028 1391 3099 ἀνεμώλιος,
1431 3032 1510 3095 ὡς
1543 3030 1651 3084 ἕνα
1668 3029 1875 3099 τίκτει,

386 3095 571 3168 ῌέντε
599 3096 760 3166 φέρει
796 3098 1059 3167 πρῶτον·
1095 3095 1241 3168 ἀτὰρ
1261 3100 1521 3167 πίσυρας
1537 3098 1849 3168 μετέπειτα

399 3164 613 3220 Ὠδίνειξ
646 3164 972 3236 σκύμνους,
1000 3167 1150 3222 κατὰ
1185 3164 1234 3222 θ’
1261 3164 1457 3236 ἑξείης
1484 3164 1810 3235 ὑπένερθεν

385 3237 621 3305 Νηδύος
655 3238 722 3291 ὲκ
761 3236 1033 3306 τριτάτης
1089 3238 1245 3306 τρεῖς
1289 3238 1538 3306 ἔκθορον
1567 3255 1580 3268 ·
1623 3239 1694 3291 ἐκ
1739 3237 1808 3291 δὲ
1859 3255 1951 3293 τε·

399 3368 745 3448 ᾏμφίδυμοι
764 3375 987 3442 παῖδες.
1005 3377 1276 3448 Πύματον
1293 3375 1344 3448 δξ
1363 3375 1471 3430 ἕνα
1489 3306 1951 3448 γείνατὲ

387 3445 659 3512 Γαστρὸς
685 3445 1025 3513 άριστόκοιο
1054 3446 1282 3501 κλυτὸν
1301 3445 1577 3516 ,βασιλῆα
1601 3445 1842 3508 λέοντα.

384 3576 540 3646 Apud
569 3575 952 3632 Philostratum
994 3579 1181 3650 ingens
1225 3580 1392 3634 leaena
1447 3588 1572 3635 octo
1617 3581 1834 3637 catulos
1889 3581 1945 3637 in

385 3676 540 3723 utero
555 3676 769 3740 gestare
791 3679 1088 3740 comperta.
1121 3669 1265 3725 Idem
1289 3677 1482 3726 auctor
1507 3671 1700 3726 scribit
1723 3672 1941 3726 leaenam

386 3775 480 3815 sex
505 3761 785 3817 mensibus
809 3769 1020 3816 uterum
1046 3762 1205 3828 ferre,
1231 3778 1417 3833 parere
1433 3773 1532 3830 ter,
1549 3763 1784 3833 primum
1811 3775 1940 3829 tres,

383 3860 507 3924 post
539 3853 697 3920 duos,
726 3868 790 3908 ac
819 3870 986 3908 unum
1015 3863 1310 3925 postremo.
1348 3854 1449 3910 Hic
1477 3857 1721 3926 quaedam
1748 3857 1943 3913 addam

381 3944 764 3999 observatione
788 3959 897 3999 non
919 3945 1159 4015 indigna.
1199 3943 1567 4001 Philostratus
1591 3947 1814 4001 leaenam
1846 3963 1940 4004 sex

381 4037 685 4099 mensibus,
735 4034 985 4092 IEIianus
1032 4036 1244 4092 duobus
1301 4042 1516 4092 uterum
1559 4037 1718 4093 ferre‘
1755 4039 1938 4094 tradit.

379 4129 720 4194 Aristoteles,
757 4130 832 4184 De
847 4147 1018 4201 gener.
1055 4132 1244 4196 anim.,
1279 4131 1375 4188 lib.
1408 4148 1463 4199 v,
1497 4146 1617 4203 cap.
1652 4132 1707 4200 ὑ,
1731 4134 1938 4189 leonem

380 4219 522 4275 inter
579 4221 862 4276 unicolora
914 4221 1104 4292 ponit,
1147 4223 1428 4277 unicolora
1475 4230 1658 4278 autem
1705 4224 1940 4295 appellat

378 4325 608 4380 quorum
635 4327 807 4381 genus
838 4319 1010 4367 totum
1033 4327 1198 4367 unum
1233 4313 1467 4368 colorem
1494 4313 1677 4378 habet,
1711 4329 1941 4384 quomo-

376 4397 446 4454 do
469 4400 654 4456 leones
679 4400 809 4455 fulvi
845 4409 972 4456 sunt
993 4417 1226 4473 semper.
1261 4399 1493 4466 Plinius,
1527 4402 1624 4457 lib.
1660 4417 1780 4468 vnt,
1811 4418 1932 4473 cap.

1493 344 1558 398 IN
1597 343 1967 400 EUSTATHII
2010 345 2479 404 ΗΕΧΑΕΜΕΒΟΝ
2511 348 2738 409 NOTAE.

409 466 614 540 peperit
662 465 965 536 significare
997 463 1262 527 volentes,
1297 463 1523 518 leaenam
1566 464 1814 534 pingunt.
1842 463 1946 520 Han

2067 464 2394 523 Plutarchus
2457 469 2512 522 ὲν
2559 473 2671 532 τοῖς
2722 472 3053 539 Πολιτικοῖς
3099 476 3631 546 παραγγέλμασιν,
3723 521 3731 546 ς

2073 559 2236 612 tradit
2273 577 2395 616 cum
2429 563 2636 618 leonem
2663 563 2921 620 habuisse
2955 567 3010 620 in
3040 570 3238 624 castris
3274 572 3628 644 σκευοφόρον,
3724 589 3728 597 '

3529 363 3635 420 930

2069 666 2239 722 quare
2272 655 2446 708 solum
2481 663 2692 710 vertere
2718 666 2990 722 coactum,
3020 660 3164 728 quod
3192 661 3260 716 ad
3283 665 3628 733 tyrannidem

2068 743 2313 812 aspirare
2361 744 2414 798 id
2464 757 2782 817 argumento
2827 747 2984 803 foret.
3027 748 3093 805 Et
3124 750 3398 822 IElianus,
3448 757 3543 811 lib.
3573 775 3626 822 ν,

2067 850 2188 904 cap.
2221 835 2308 900 39,
2348 837 2416 892 de
2447 838 2550 892 hoc
2583 839 2720 893 idem
2760 841 2969 905 scribit,
2995 850 3050 898 et
3075 844 3182 897 alio
3208 845 3364 903 leone
3396 848 3627 903 Beroni—

2066 942 2197 992 (τεο,
2237 928 2571 1000 Ἠμερωοείς
2604 946 2667 998 γε
2701 930 2801 1000 μὲν
2839 930 2896 998 ἐξ
2934 931 3016 986 ἔτι
3060 935 3272 1006 νεαροῦ,
3323 940 3624 1010 πραότατόν

2066 1018 2204 1078 ἐστι,
2233 1018 2329 1070 καὶ
2365 1021 2606 1089 ἐντυχεῖν
2629 1021 2777 1091 ἡδὺς,
2803 1023 2896 1075 καὶ
2922 1023 3036 1077 ἔστι
3067 1025 3340 1095 φιλόπαις,
3369 1031 3463 1083 καὶ
3515 1032 3624 1085 πᾶν

2062 1105 2238 1160 ὁτιοῦν
2280 1109 2538 1180 ὑπεμένει
2585 1112 2830 1182 πραόνως
2880 1115 2959 1186 τῷ
3011 1121 3198 1188 τροφεῖ
3249 1120 3620 1192 χαριζόμενος.

2066 1198 2272 1252 ’Δννων
2300 1201 2429 1267 γοῦν
2461 1201 2649 1257 λέοντα
2681 1199 2790 1272 εἶχε
2833 1211 3198 1276 σκευαγωγὸν,
3231 1212 3325 1264 ml.
3363 1212 3622 1288 Βερενίκῃ

2061 1288 2194 1342 λέων
2225 1292 2398 1360 πρᾶος
2443 1293 2630 1361 συνῆν,
2667 1294 2774 1347 τῶν
2809 1294 3101 1366 κομώντων
3133 1299 3401 1372 διαφέρων
3447 1302 3618 1357 οὐδέν’

2061 1382 2345 1452 ὲφαίδρυνε
2385 1383 2514 1452 γοῦν
2552 1387 2617 1455 τῇ
2663 1385 2872 1457 γλώττῃ
2901 1388 2962 1441 τὸ
2988 1390 3275 1460 πρόσωπον
3305 1393 3495 1464 αὐτῆς,
3528 1397 3622 1448 καὶ

2059 1472 2167 1536 τὰς,
2209 1474 2424 1546 ῥυτίδας
2471 1475 2701 1540 ὲλέαινε,
2745 1479 2838 1532 καὶ
2884 1474 2951 1550 ἦν
2985 1482 3375 1552 ὁμοτράπεζος,
3428 1485 3620 1557 πράως

2057 1583 2117 1619 τε
2156 1567 2249 1620 καὶ
2296 1557 2570 1632 εύτῖάκτως
2619 1570 2834 1634 ἐσθίων,
2891 1574 2982 1626 καὶ
3029 1574 3409 1644 ἀνθρωπικῶς.
3478 1579 3620 1630 ὐνό⁴

2062 1673 2266 1727 μαρχος
2302 1655 2358 1710 δὲ
2401 1659 2430 1710 ὁ
2467 1657 2721 1728 Κατάνης
2752 1657 3031 1730 τύραννος,
3076 1664 3169 1716 καὶ
3213 1664 3241 1715 ό
3283 1665 3618 1736 Κλεομένους

2059 1745 2171 1809 υἱὸς
2238 1746 2518 1810 συσσίτους
2569 1743 2712 1818 εἶχον
2785 1748 3035 1818 λέοντας,
3096 1759 3150 1807 et
3198 1753 3291 1808 lib.
3344 1770 3440 1820 xtl,
3491 1771 3615 1825 cap.

2056 1838 2146 1904 23,
2197 1838 2252 1892 in
2294 1836 2532 1907 Elymwa
2586 1840 2808 1910 regione
2852 1842 3117 1898 Adonidis
3163 1844 3422 1914 templum
3469 1862 3614 1909 esse,

2057 1940 2111 1984 et
2155 1929 2209 1984 in
2247 1946 2311 1984 co
2348 1940 2660 1987 mansuetos
2712 1934 2916 1998 leones,
2947 1935 3040 2004 qui
3078 1935 3323 1991 homines
3355 1939 3612 2009 templum

2057 2022 2419 2093 ingredientes
2469 2024 2738 2080 adulando
2789 2027 3118 2096 exciperent.
3191 2026 3297 2084 Eos
3343 2030 3390 2085 si
3431 2031 3498 2084 ad
3531 2032 3612 2087 ci-

2054 2114 2183 2170 bum
2223 2116 2474 2181 advoces,
2515 2125 2771 2187 tanquam
2817 2119 3073 2174 invitatos
3113 2121 3370 2175 convivas
3399 2123 3612 2187 adesse,

2055 2210 2109 2255 et
2145 2202 2404 2272 quidquid
2443 2203 2770 2271 porrexeris,
2806 2211 3093 2273 postquam
3136 2204 3463 2275 acceperint,
3495 2222 3614 2261 mo-

2054 2293 2206 2349 deste
2259 2302 2312 2348 et
2341 2294 2595 2347 decenter
2630 2294 2813 2358 abire;
2863 2301 2916 2348 et
2971 2295 3063 2349 lib.
3096 2311 3228 2360 xvn,
3268 2311 3388 2367 cap.
3428 2297 3520 2361 ‘26,
3543 2299 3612 2352 de

2055 2383 2300 2437 leonibus
2338 2381 2482 2438 indis
2527 2399 2828 2437 sermonem
2862 2383 3089 2447 habens,
3124 2400 3218 2440 eos
3251 2386 3386 2442 adeo
3423 2402 3613 2443 assue-

2054 2470 2190 2538 fieri,
2225 2482 2284 2526 ut
2325 2481 2380 2526 et
2413 2472 2763 2526 venatoribus
2819 2469 2887 2524 ad
2950 2472 3086 2527 alias
3137 2473 3281 2532 feras
3334 2478 3613 2532 venandas

2054 2577 2204 2617 suam
2235 2579 2389 2633 opem
2421 2572 2696 2633 praestent,
2722 2579 2880 2633 quem
2911 2564 3090 2622 locum
3123 2580 3286 2637 supra
3304 2569 3606 2624 retulimus.

2051 2657 2188 2711 lilud
2219 2656 2344 2711 item
2380 2656 2591 2710 addam.
2618 2655 3082 2722 Quemadmodum
3116 2657 3457 2724 Aristoteles,
3491 2662 3612 2716 loco

2051 2748 2237 2811 citato,
2271 2748 2576 2808 Opinionem
2607 2748 2820 2801 illorum
2858 2747 2926 2803 dc
2963 2765 3070 2804 uno
3099 2757 3308 2805 tantum
3341 2751 3452 2807 fetu
3482 2753 3610 2808 lea:-

2051 2856 2153 2904 naa,
2190 2842 2259 2894 ita
2295 2849 2347 2895 et
2386 2841 2478 2894 lib.
2509 2857 2588 2903 vr,
2626 2841 2772 2894 Hist.
2809 2843 2996 2909 anim.,
3034 2842 3235 2898 refutat
3267 2859 3455 2899 eorum
3498 2847 3614 2918 opi-

2051 2933 2287 2994 nionem,
2322 2933 2412 3000 qui
2443 2932 2705 3002 putabant
2739 2933 2918 3004 lupam
2949 2935 3113 2990 semel
3159 2944 3364 2990 tantum
3413 2937 3467 2990 in
3501 2939 3612 2992 vita

2051 3038 2259 3093 parere,
2291 3031 2343 3077 et
2371 3024 2586 3094 quidem
2614 3024 2902 3080 duodecim
2930 3026 3055 3080 anni
3095 3027 3306 3082 diebus.
3331 3026 3459 3082 item
3488 3045 3613 3101 quae

2050 3131 2215 3186 supra
2251 3131 2316 3170 ex
2347 3113 2638 3182 Herodoto,
2667 3126 2720 3171 et
2745 3117 2866 3173 aliis
2901 3116 2969 3172 de
3003 3118 3293 3173 Ieaanarum
3327 3120 3610 3191 μονοτοκεᾳ

2051 3208 2426 3278 ascripsimus,
2474 3208 2541 3264 de
2585 3209 2778 3280 trigide
2831 3209 2994 3264 tradit
3045 3211 3310 3278 lsidorus,
3359 3214 3455 3268 lib.
3506 3229 3606 3275 ιιι,

2049 3315 2170 3370 cap.
2200 3299 2254 3354 2.

2118 3413 2277 3478 lbid.,
2312 3414 2408 3467 lin.
2442 3414 2528 3468 15.
2580 3413 2888 3482 Ῥαγδαῖον
2915 3414 2953 3482 ἡ
2985 3414 3297 3485 πάρδαλις.
3343 3417 3603 3484 Basilius,

2046 3505 2193 3560 hom.
2239 3505 2292 3569 9,
2342 3505 2682 3576 Ῥαγδαίονὴ
2717 3505 2978 3576 πάρδαλις
3011 3508 3102 3560 καὶ
3145 3508 3441 3580 ὀξύρροπον
3485 3516 3614 3575 ταῖς

2044 3599 2260 3670 ὁρμαῖς.
2319 3596 2648 3667 Ἐπιτήδειον
2680 3597 2818 3668 αὐτῇ
2855 3597 2916 3650 τὸ
2955 3597 3114 3668 σῶμα
3158 3599 3503 3665 συνέζευκται
3535 3606 3603 3673 τῇ

2045 3687 2298 3758 ὑγρότητι
2344 3686 2436 3739 καὶ
2480 3685 2558 3757 τῷ
2603 3686 2786 3758 κούφῳ
2830 3690 2942 3752 τοῖς
2992 3690 3090 3760 τῆς
3125 3690 3305 3762 ψυχῆς
3342 3694 3615 3765 κινήμασιν

2045 3779 2423 3849 συνεπόμενον.
2468 3777 2698 3844 Quidam
2743 3779 3045 3849 pardalem,
3095 3782 3327 3852 pardum
3383 3791 3437 3838 et
3469 3800 3605 3856 pan-

2040 3869 2247 3924 theram
2269 3884 2436 3924 unum
2455 3876 2508 3923 et
2528 3868 2667 3924 idem
2684 3884 2806 3926 esse
2825 3871 3026 3942 opinati
3049 3883 3191 3928 sunt.
3217 3874 3321 3929 Alii
3346 3875 3609 3932 distinxe—

2040 3969 2186 4028 runt,
2222 3961 2294 4016 ita
2318 3973 2378 4016 ut
2407 3963 2548 4018 inter
2585 3963 2882 4033 pantheras
2906 3964 3110 4034 pardus
3135 3967 3204 4020 sit
3241 3981 3380 4034 mas,
3405 3969 3602 4039 parda-

2040 4053 2107 4108 lis
2140 4052 2362 4108 femina.
2410 4051 2522 4110 Nos
2556 4060 2736 4108 tamen
2787 4053 3049 4124 pardalim
3106 4057 3222 4112 sive
3270 4057 3519 4128 pardum,
3569 4076 3601 4114 a

2041 4146 2303 4217 panthera
2327 4146 2559 4200 maxime
2584 4144 2801 4201 differre
2824 4161 2931 4200 una
2952 4161 3075 4201 cum
3098 4154 3286 4202 nostro
3305 4147 3600 4204 Eustathiu
3657 4216 3661 4220 ν

2037 4238 2432 4302 existimamus,
2473 4236 2565 4306 qui
2600 4235 2812 4304 harum,
2838 4236 3002 4291 veluti
3035 4237 3265 4291 duorum
3296 4239 3476 4308 specie
3515 4241 3599 4294 di-

2037 4333 2358 4388 stinctorum
2404 4330 2729 4386 mentionem
2770 4328 2925 4384 facit.
2958 4327 3170 4384 Habent
3206 4329 3348 4384 enim
3387 4337 3442 4386 et
3482 4329 3598 4386 fcr-

2036 4441 2179 4483 inam
2207 4425 2498 4487 diversam,
2530 4433 2584 4480 et
2602 4425 2813 4480 colores
2853 4431 2908 4480 et
2940 4426 3110 4479 multa
3133 4423 3259 4488 alia,
3289 4424 3346 4479 in
3375 4425 3594 4495 quibus,

376 4492 463 4559 1⁷,
481 4493 693 4558 scribus
715 4491 1168 4586 Ῑιεοητξηῑῑαηίυηι
1189 4495 1244 4548 ίη
1265 4493 1608 4566 δυνέαηίθετ·
1633 4493 1929 4566 Oppianus:
1966 4489 2007 4542 θ
2041 4517 2091 4574 si
2119 4517 2260 4573 idem
2302 4522 2507 4581 essent,
2545 4531 2656 4569 non
2689 4513 2988 4571 differrent.
3019 4512 3289 4570 Pardalim
3317 4489 3598 4586 Oppianus

374 4588 468 4644 lib.
503 4603 585 4652 ιιι,
615 4590 838 4656 Κυνηγ.
872 4585 933 4640 ln
968 4587 1156 4643 eodem
1210 4601 1404 4656 genere
1435 4586 1698 4658 quosdam
1733 4586 1930 4651 fulvos,

371 4681 638 4752 quosdam
678 4680 884 4748 nigros,
912 4693 1052 4749 quos
1094 4677 1482 4749 μελανοχρόους
1515 4685 1692 4741 vocat,
1717 4686 1778 4732 ut
1805 4687 1932 4732 sunt

369 4767 688 4838 IEthiopici,
713 4774 766 4821 et
791 4765 1041 4821 Elianus
1069 4764 1232 4821 Indos
1265 4766 1406 4837 nigri
1427 4781 1548 4822 esse
1567 4767 1769 4823 coloris
1788 4767 1932 4822 amr-

370 4867 482 4913 mat
512 4859 610 4915 lib.
665 4873 802 4922 xvu,
851 4873 970 4928 cap.
998 4857 1088 4921 26,
1117 4857 1258 4929 Δέρη
1309 4856 1530 4911 ἐκείνων
1558 4856 1784 4912 λεόντων
1832 4859 1930 4929 μέ-

368 4950 526 5005 λαινά
545 4969 604 5005 τε
641 4951 788 5014 ἰδεῖν,
821 4949 915 5004 καὶ
945 4949 1178 5020 φρίξασα
1207 4949 1341 5022 ὀρθὴ
1403 4949 1782 5004 ἐπανίσταται.
1814 4953 1932 5006 Ari-

370 5043 594 5098 Stoteles
621 5043 887 5113 problem.
929 5050 1065 5096 sect.
1092 5041 1180 5110 10,
1218 5057 1371 5096 num.
1400 5041 1496 5106 ιιι,
1524 5043 1716 5098 scribit
1745 5044 1928 5099 leones

371 5147 648 5203 nunquam
681 5134 1012 5192 domesticos
1044 5133 1182 5200 fieri,
1213 5140 1266 5190 et
1301 5133 1552 5204 pluribus
1574 5135 1675 5189 hoc
1701 5136 1928 5191 rationi-

370 5226 494 5286 bus.
529 5229 970 5298 argumentisque
1017 5227 1230 5296 probat.
1292 5224 1351 5281 Id
1379 5235 1560 5282 tamen
1616 5227 1774 5283 aliter
1821 5244 1948 5284 usu‘

367 5317 586 5373 venisse
613 5317 874 5376 habemus
899 5335 965 5374 ex
985 5317 1194 5385 Plinio;
1217 5333 1340 5372 nam
1371 5317 1507 5388 ipse,
1537 5317 1633 5374 lib.
1664 5334 1920 5390 vm,cap.

368 5407 659 5473 l6,narrat
690 5409 921 5478 primum
950 5407 1233 5463 hominum
1255 5407 1467 5463 leonem
1495 5421 1660 5462 manu
1692 5415 1924 5463 tractare

367 5515 586 5561 ausum,
610 5508 664 5554 et
691 5501 995 5556 ostendisse
1030 5498 1486 5563 mansuefactum,
1518 5497 1748 5569 ideoque
1769 5497 1923 5552 dam-

364 5601 554 5648 natum
587 5591 682 5645 illo
710 5600 1046 5663 argumento,
1080 5593 1225 5662 quod
1274 5591 1406 5646 nihil
1437 5607 1542 5644 non
1575 5607 1919 5660 persuasuram

366 5685 446 5738 uir
477 5693 586 5737 tam
617 5682 836 5752 artiﬁcis
865 5685 1061 5753 ingenii
1088 5683 1382 5739 videbatur.
1416 5680 1484 5734 Et
1518 5681 1656 5734 male
1683 5680 1824 5736 credi
1855 5683 1921 5734 li-

2039 4611 2095 4665 in
2117 4609 2225 4664 duo
2248 4621 2443 4678 genera
2471 4604 2737 4668 distinxit,
2762 4611 2816 4658 et
2846 4601 3107 4673 depinxit,
3138 4605 3360 4671 errrr.
3389 4602 3480 4659 lib.
3507 4620 3594 4669 ιιι,

2036 4716 2198 4772 quem
2254 4701 2480 4757 consule
2519 4717 2535 4756 :
2579 4713 2683 4756 nos
2727 4699 2893 4755 etiam
2939 4695 3080 4752 infra
3129 4695 3388 4752 nonnulla
3442 4695 3596 4751 dice-

2035 4809 2180 4850 mus.

2103 4900 2263 4969 lbid.,
2290 4901 2387 4956 lin.
2422 4901 2507 4955 14.
2542 4900 2653 4954 Καὶ
2683 4897 2798 4954 τῶν
2821 4898 3028 4952 ἄλλων
3050 4895 3364 4966 διαφέρων.
3391 4893 3592 4966 Oppia-

2034 5009 2158 5058 nus,
2193 4993 2338 5047 dicto
2371 4991 2510 5046 libro
2539 5007 2554 5044 :

2115 5105 2431 5161 Ὧκύτατον
2465 5104 2628 5159 θείει.
2655 5102 2758 5155 καί
2782 5102 2830 5154 τ’
2855 5099 3111 5170 ἄλκιμον
3142 5096 3276 5170 ἰθὺς
3303 5097 3515 5165 ὀρούειο

2103 5177 2308 5245 Φαίης,
2337 5175 2544 5229 ὁππότ’
2575 5173 2724 5226 τδοιο
2749 5168 3016 5241 διηερίην
3047 5168 3384 5240 φορέεσθαι.

2038 5285 2166 5342 Vide
2193 5285 2320 5340 item
2357 5281 2770 5338 Philostratum.

2101 5400 2258 5467 lbid.,
2288 5400 2384 5455 lin.
2417 5398 2504 5454 i6.
2528 5398 2734 5466 Νωθρὰ
2754 5396 2794 5464 ἡ
2823 5395 3026 5466 φύσις.
3062 5391 3318 5458 Basilius,
3355 5393 3502 5449 hom.
3529 5398 3584 5458 9,

2030 5493 2229 5564 Νωθρὰ
2262 5493 2297 5566 ὴ
2336 5492 2497 5561 φύσις
2523 5491 2622 5562 τῆς
2652 5489 2844 5561 ἄρκου,
2886 5489 3203 5561 ἰδιότροπον,
3244 5489 3338 5542 ita}.
3369 5488 3431 5542 τὸ
3457 5485 3586 5561 ἦθος

2029 5587 2277 5650 ὓπουλον,
2323 5584 2458 5656 βαθὺ
2501 5583 2798 5648 ἐνδεδυκός⁹
2839 5583 3022 5655 ὅμοιον
3061 5581 3358 5654 ἠμφίεσται
3402 5582 3586 5636 καὶτὸ

2011 5663 2205 5750 σῶμα,
2244 5677 2403 5750 βαρὺ,
2435 5675 2810 5747 συμπεπηγὺς,
2848 5673 3238 5748 ἀδιάρθρωτον,
3273 5671 3480 5744 πρέπον
3507 5672 3595 5746 τῷ

369 5774 540 5830 bertas
585 5775 656 5839 ei,
685 5777 771 5830 cui
810 5775 863 5829 in
888 5783 1094 5830 tantum
1138 5777 1377 5830 cessisset
1406 5775 1566 5831 etiam
1613 5773 1817 5844 feritas.
1855 5770 1918 5825 Et

2050 5787 2139 5825 ιντι
2164 5768 2366 5840 φωλάδι
2397 5766 2799 5835 κατεψυγμένη.
