  <div class='ocr_page' id='page_1' title='image "/cluster/home/n/w/nwhite01/storage/ocr_20150623/18/coo.31924054872985/479.png"; bbox 0 0 4124 6432; ppageno 0'>
   <div class='ocr_carea' id='block_1_1' title="bbox 387 359 570 417">
    <p class='ocr_par' dir='ltr' id='par_1_1' title="bbox 387 359 570 417">
     <span class='ocr_line' id='line_1_1' title="bbox 387 359 570 417; baseline 0 -1"><span class='ocrx_word' id='word_1_1' title='bbox 387 364 390 365; x_wconf 61' lang='grc'><strong><em>⁷</em></strong></span> <span class='ocrx_word' id='word_1_2' title='bbox 471 359 570 417; x_wconf 79' lang='grc'><strong><em>931</em></strong></span> 
     </span>
    </p>
   </div>
   <div class='ocr_carea' id='block_1_2' title="bbox 1802 354 2354 412">
    <p class='ocr_par' dir='ltr' id='par_1_2' title="bbox 1802 354 2354 412">
     <span class='ocr_line' id='line_1_2' title="bbox 1802 354 2354 412; baseline -0.002 -2"><span class='ocrx_word' id='word_1_3' title='bbox 1802 354 2048 412; x_wconf 84' lang='lat' dir='ltr'><strong>LEONIS</strong></span> <span class='ocrx_word' id='word_1_4' title='bbox 2079 354 2354 410; x_wconf 83' lang='lat' dir='ltr'><strong><em>ALLATII</em></strong></span> 
     </span>
    </p>
   </div>
   <div class='ocr_carea' id='block_1_3' title="bbox 3610 354 3712 410">
    <p class='ocr_par' dir='ltr' id='par_1_3' title="bbox 3610 354 3712 410">
     <span class='ocr_line' id='line_1_3' title="bbox 3610 354 3712 410; baseline -0.02 0"><span class='ocrx_word' id='word_1_5' title='bbox 3610 354 3712 410; x_wconf 75' lang='lat'><strong><em>932</em></strong></span> 
     </span>
    </p>
   </div>
   <div class='ocr_carea' id='block_1_4' title="bbox 523 469 3708 548">
    <p class='ocr_par' dir='ltr' id='par_1_4' title="bbox 523 469 3708 548">
     <span class='ocr_line' id='line_1_4' title="bbox 523 469 3708 548; baseline -0.001 -19"><span class='ocrx_word' id='word_1_6' title='bbox 523 473 676 548; x_wconf 72' lang='lat' dir='ltr'><strong><em>,lbid.</em></strong></span> <span class='ocrx_word' id='word_1_7' title='bbox 724 475 835 530; x_wconf 83' lang='lat' dir='ltr'><strong><em>Kal</em></strong></span> <span class='ocrx_word' id='word_1_8' title='bbox 877 475 942 527; x_wconf 85' lang='grc' dir='ltr'>τὸ</span> <span class='ocrx_word' id='word_1_9' title='bbox 981 469 1128 544; x_wconf 81' lang='grc' dir='ltr'><em>ἦθος</em></span> <span class='ocrx_word' id='word_1_10' title='bbox 1172 474 1461 538; x_wconf 80' lang='grc' dir='ltr'><strong><em>ὕπουλος.</em></strong></span> <span class='ocrx_word' id='word_1_11' title='bbox 1514 470 1746 537; x_wconf 80' lang='lat' dir='ltr'><strong><em>Plinius,</em></strong></span> <span class='ocrx_word' id='word_1_12' title='bbox 1780 471 1876 528; x_wconf 85' lang='lat' dir='ltr'><strong><em>lib.</em></strong></span> <span class='ocrx_word' id='word_1_13' title='bbox 1912 488 2028 537; x_wconf 83' lang='lat' dir='ltr'><strong><em>vm,</em></strong></span> <span class='ocrx_word' id='word_1_14' title='bbox 2061 480 2108 534; x_wconf 80' lang='grc' dir='ltr'>Α</span> <span class='ocrx_word' id='word_1_15' title='bbox 2134 473 2223 540; x_wconf 88' lang='lat' dir='ltr'><strong><em>qui</em></strong></span> <span class='ocrx_word' id='word_1_16' title='bbox 2257 472 2479 542; x_wconf 78' lang='lat' dir='ltr'><strong><em>gervince</em></strong></span> <span class='ocrx_word' id='word_1_17' title='bbox 2532 471 2783 526; x_wconf 82' lang='lat' dir='ltr'><strong><em>vocabulo</em></strong></span> <span class='ocrx_word' id='word_1_18' title='bbox 2826 477 3195 540; x_wconf 81' lang='lat' dir='ltr'><strong><em>nuncupatur,</em></strong></span> <span class='ocrx_word' id='word_1_19' title='bbox 3238 469 3430 544; x_wconf 84' lang='lat' dir='ltr'><strong><em>habens</em></strong></span> <span class='ocrx_word' id='word_1_20' title='bbox 3481 471 3708 542; x_wconf 85' lang='lat' dir='ltr'><strong><em>virgulta</em></strong></span> 
     </span>
    </p>
   </div>
   <div class='ocr_carea' id='block_1_5' title="bbox 471 565 2028 638">
    <p class='ocr_par' dir='ltr' id='par_1_5' title="bbox 471 565 2028 638">
     <span class='ocr_line' id='line_1_5' title="bbox 471 565 2028 638; baseline -0.004 -16"><span class='ocrx_word' id='word_1_21' title='bbox 471 583 592 638; x_wconf 84' lang='lat' dir='ltr'><strong><em>cap.</em></strong></span> <span class='ocrx_word' id='word_1_22' title='bbox 627 568 716 634; x_wconf 74' lang='lat'><strong><em>36,</em></strong></span> <span class='ocrx_word' id='word_1_23' title='bbox 754 567 864 622; x_wconf 90' lang='lat' dir='ltr'><strong><em>Nec</em></strong></span> <span class='ocrx_word' id='word_1_24' title='bbox 896 567 1050 622; x_wconf 89' lang='lat' dir='ltr'><strong><em>alteri</em></strong></span> <span class='ocrx_word' id='word_1_25' title='bbox 1081 567 1395 622; x_wconf 80' lang='lat' dir='ltr'><strong><em>animalium</em></strong></span> <span class='ocrx_word' id='word_1_26' title='bbox 1425 566 1480 619; x_wconf 90' lang='lat' dir='ltr'><strong><em>in</em></strong></span> <span class='ocrx_word' id='word_1_27' title='bbox 1511 565 1771 634; x_wconf 84' lang='lat' dir='ltr'><strong><em>male/icio</em></strong></span> <span class='ocrx_word' id='word_1_28' title='bbox 1799 565 2028 618; x_wconf 76' lang='lat' dir='ltr'><strong><em>stultitia</em></strong></span> 
     </span>
    </p>
   </div>
   <div class='ocr_carea' id='block_1_6' title="bbox 471 660 734 713">
    <p class='ocr_par' dir='ltr' id='par_1_6' title="bbox 471 660 734 713">
     <span class='ocr_line' id='line_1_6' title="bbox 471 660 734 713; baseline 0 -1"><span class='ocrx_word' id='word_1_29' title='bbox 471 660 734 713; x_wconf 74' lang='lat' dir='ltr'><strong><em>solertior.</em></strong></span> 
     </span>
    </p>
   </div>
   <div class='ocr_carea' id='block_1_7' title="bbox 541 741 2028 817">
    <p class='ocr_par' dir='ltr' id='par_1_7' title="bbox 541 741 2028 817">
     <span class='ocr_line' id='line_1_7' title="bbox 541 741 2028 817; baseline -0.005 -12"><span class='ocrx_word' id='word_1_30' title='bbox 541 751 701 817; x_wconf 90' lang='lat' dir='ltr'><strong><em>lbid.,</em></strong></span> <span class='ocrx_word' id='word_1_31' title='bbox 733 749 832 804; x_wconf 90' lang='lat' dir='ltr'><strong><em>lin.</em></strong></span> <span class='ocrx_word' id='word_1_32' title='bbox 866 749 954 803; x_wconf 77' lang='lat' dir='ltr'><strong><em>l7.</em></strong></span> <span class='ocrx_word' id='word_1_33' title='bbox 1000 747 1302 812; x_wconf 77' lang='grc' dir='ltr'><strong><em>Πολλάκις</em></strong></span> <span class='ocrx_word' id='word_1_34' title='bbox 1344 741 1458 800; x_wconf 78' lang='grc' dir='ltr'><em>οὖν</em></span> <span class='ocrx_word' id='word_1_35' title='bbox 1500 746 1719 810; x_wconf 80' lang='grc' dir='ltr'><strong><em>βαθυτ.</em></strong></span> <span class='ocrx_word' id='word_1_36' title='bbox 1770 743 2028 808; x_wconf 85' lang='lat' dir='ltr'><strong><em>Basilius,</em></strong></span> 
     </span>
    </p>
   </div>
   <div class='ocr_carea' id='block_1_8' title="bbox 472 835 2034 912">
    <p class='ocr_par' dir='ltr' id='par_1_8' title="bbox 472 835 2034 912">
     <span class='ocr_line' id='line_1_8' title="bbox 472 835 2034 912; baseline -0.005 -16"><span class='ocrx_word' id='word_1_37' title='bbox 472 842 618 896; x_wconf 89' lang='lat' dir='ltr'><strong><em>hom.</em></strong></span> <span class='ocrx_word' id='word_1_38' title='bbox 645 840 700 904; x_wconf 88' lang='lat'><strong><em>9,</em></strong></span> <span class='ocrx_word' id='word_1_39' title='bbox 724 841 925 912; x_wconf 77' lang='grc' dir='ltr'>Ἀρκος</span> <span class='ocrx_word' id='word_1_40' title='bbox 955 838 1233 902; x_wconf 84' lang='grc' dir='ltr'><strong><em>πολλάκις,</em></strong></span> <span class='ocrx_word' id='word_1_41' title='bbox 1268 836 1596 906; x_wconf 85' lang='grc' dir='ltr'>βαθυτάταις</span> <span class='ocrx_word' id='word_1_42' title='bbox 1624 835 2034 906; x_wconf 81' lang='grc' dir='ltr'>κατατρωθεῖσα</span> 
     </span>
    </p>
   </div>
   <div class='ocr_carea' id='block_1_9' title="bbox 473 925 2036 1002">
    <p class='ocr_par' dir='ltr' id='par_1_9' title="bbox 473 925 2036 1002">
     <span class='ocr_line' id='line_1_9' title="bbox 473 925 2036 1002; baseline -0.005 -17"><span class='ocrx_word' id='word_1_43' title='bbox 473 932 724 1002; x_wconf 83' lang='grc' dir='ltr'><strong><em>πληγαῖς,</em></strong></span> <span class='ocrx_word' id='word_1_44' title='bbox 749 931 948 1000; x_wconf 80' lang='grc' dir='ltr'>ἑαυτὴν</span> <span class='ocrx_word' id='word_1_45' title='bbox 976 929 1212 1001; x_wconf 76' lang='grc' dir='ltr'>ἰατρεύει</span> <span class='ocrx_word' id='word_1_46' title='bbox 1238 928 1434 992; x_wconf 85' lang='grc' dir='ltr'><strong><em>πάσαις</em></strong></span> <span class='ocrx_word' id='word_1_47' title='bbox 1462 929 1728 997; x_wconf 81' lang='grc' dir='ltr'><strong><em>μηχαναῖς</em></strong></span> <span class='ocrx_word' id='word_1_48' title='bbox 1747 925 1825 995; x_wconf 85' lang='grc' dir='ltr'>τῷ</span> <span class='ocrx_word' id='word_1_49' title='bbox 1850 926 2036 996; x_wconf 82' lang='grc' dir='ltr'>φλόμῳ</span> 
     </span>
    </p>
   </div>
   <div class='ocr_carea' id='block_1_10' title="bbox 471 1016 2037 1096">
    <p class='ocr_par' dir='ltr' id='par_1_10' title="bbox 471 1016 2037 1096">
     <span class='ocr_line' id='line_1_10' title="bbox 471 1016 2037 1096; baseline -0.006 -18"><span class='ocrx_word' id='word_1_50' title='bbox 471 1025 647 1096; x_wconf 79' lang='grc' dir='ltr'>τούτῳ</span> <span class='ocrx_word' id='word_1_51' title='bbox 674 1022 841 1096; x_wconf 80' lang='grc' dir='ltr'><strong><em>ξηρὰν</em></strong></span> <span class='ocrx_word' id='word_1_52' title='bbox 888 1021 986 1093; x_wconf 79' lang='grc' dir='ltr'>τὴν</span> <span class='ocrx_word' id='word_1_53' title='bbox 1031 1021 1190 1092; x_wconf 83' lang='grc' dir='ltr'>φύσιν</span> <span class='ocrx_word' id='word_1_54' title='bbox 1231 1020 1404 1091; x_wconf 82' lang='grc' dir='ltr'>ἔχοντι</span> <span class='ocrx_word' id='word_1_55' title='bbox 1451 1017 1550 1081; x_wconf 85' lang='grc' dir='ltr'><strong><em>τὰς</em></strong></span> <span class='ocrx_word' id='word_1_56' title='bbox 1591 1016 1820 1080; x_wconf 85' lang='grc' dir='ltr'>ὠτειλὰς</span> <span class='ocrx_word' id='word_1_57' title='bbox 1859 1033 2037 1087; x_wconf 85' lang='grc' dir='ltr'>παρα-</span> 
     </span>
    </p>
   </div>
   <div class='ocr_carea' id='block_1_11' title="bbox 473 1105 2040 1177">
    <p class='ocr_par' dir='ltr' id='par_1_11' title="bbox 473 1105 2040 1177">
     <span class='ocr_line' id='line_1_11' title="bbox 473 1105 2040 1177; baseline -0.006 -9"><span class='ocrx_word' id='word_1_58' title='bbox 473 1115 698 1170; x_wconf 81' lang='grc' dir='ltr'>ϐύουσα.</span> <span class='ocrx_word' id='word_1_59' title='bbox 739 1113 936 1170; x_wconf 84' lang='lat' dir='ltr'><strong><em>Petrus</em></strong></span> <span class='ocrx_word' id='word_1_60' title='bbox 963 1112 1280 1175; x_wconf 85' lang='lat' dir='ltr'><strong><em>Damianus,</em></strong></span> <span class='ocrx_word' id='word_1_61' title='bbox 1308 1111 1402 1164; x_wconf 88' lang='lat' dir='ltr'><strong><em>lib.</em></strong></span> <span class='ocrx_word' id='word_1_62' title='bbox 1441 1124 1502 1174; x_wconf 87' lang='grc' dir='ltr'><strong><em>ιι,</em></strong></span> <span class='ocrx_word' id='word_1_63' title='bbox 1533 1109 1693 1177; x_wconf 82' lang='lat' dir='ltr'><strong><em>epist.</em></strong></span> <span class='ocrx_word' id='word_1_64' title='bbox 1724 1107 1811 1170; x_wconf 74' lang='grc'><strong><em>18,</em></strong></span> <span class='ocrx_word' id='word_1_65' title='bbox 1838 1105 1974 1161; x_wconf 83' lang='lat' dir='ltr'><strong><em>Ursa</em></strong></span> <span class='ocrx_word' id='word_1_66' title='bbox 1993 1106 2040 1160; x_wconf 91' lang='lat' dir='ltr'><strong><em>si</em></strong></span> 
     </span>
    </p>
   </div>
   <div class='ocr_carea' id='block_1_12' title="bbox 472 1197 2041 1274">
    <p class='ocr_par' dir='ltr' id='par_1_12' title="bbox 472 1197 2041 1274">
     <span class='ocr_line' id='line_1_12' title="bbox 472 1197 2041 1274; baseline -0.004 -17"><span class='ocrx_word' id='word_1_67' title='bbox 472 1203 684 1274; x_wconf 83' lang='lat' dir='ltr'><strong><em>quando</em></strong></span> <span class='ocrx_word' id='word_1_68' title='bbox 722 1203 915 1256; x_wconf 77' lang='lat' dir='ltr'><strong><em>ictibus</em></strong></span> <span class='ocrx_word' id='word_1_69' title='bbox 944 1201 1270 1272; x_wconf 77' lang='lat' dir='ltr'><strong><em>gravissima:</em></strong></span> <span class='ocrx_word' id='word_1_70' title='bbox 1305 1199 1464 1253; x_wconf 76' lang='lat' dir='ltr'><strong><em>cwdis</em></strong></span> <span class='ocrx_word' id='word_1_71' title='bbox 1497 1199 1743 1268; x_wconf 69' lang='lat' dir='ltr'><strong><em>afﬁcitur,</em></strong></span> <span class='ocrx_word' id='word_1_72' title='bbox 1777 1197 1854 1252; x_wconf 88' lang='lat' dir='ltr'><strong><em>vel</em></strong></span> <span class='ocrx_word' id='word_1_73' title='bbox 1879 1199 2041 1252; x_wconf 87' lang='lat' dir='ltr'><strong><em>etiam</em></strong></span> 
     </span>
    </p>
   </div>
   <div class='ocr_carea' id='block_1_13' title="bbox 466 1288 2043 1364">
    <p class='ocr_par' dir='ltr' id='par_1_13' title="bbox 466 1288 2043 1364">
     <span class='ocr_line' id='line_1_13' title="bbox 466 1288 2043 1364; baseline -0.005 -15"><span class='ocrx_word' id='word_1_74' title='bbox 466 1294 666 1363; x_wconf 77' lang='lat' dir='ltr'><strong><em>iaculis</em></strong></span> <span class='ocrx_word' id='word_1_75' title='bbox 706 1294 943 1364; x_wconf 81' lang='lat' dir='ltr'><strong><em>perfossa</em></strong></span> <span class='ocrx_word' id='word_1_76' title='bbox 973 1293 1269 1356; x_wconf 72' lang='lat' dir='ltr'><strong><em>sauciatur,</em></strong></span> <span class='ocrx_word' id='word_1_77' title='bbox 1313 1290 1484 1345; x_wconf 74' lang='lat' dir='ltr'><strong><em>herba:</em></strong></span> <span class='ocrx_word' id='word_1_78' title='bbox 1523 1290 1608 1343; x_wconf 91' lang='lat' dir='ltr'><strong><em>cui</em></strong></span> <span class='ocrx_word' id='word_1_79' title='bbox 1637 1288 1816 1344; x_wconf 66' lang='lat' dir='ltr'><strong><em>Grece</em></strong></span> <span class='ocrx_word' id='word_1_80' title='bbox 1856 1303 2043 1342; x_wconf 80' lang='lat' dir='ltr'><strong><em>nomen</em></strong></span> 
     </span>
    </p>
   </div>
   <div class='ocr_carea' id='block_1_14' title="bbox 477 1380 2043 1458">
    <p class='ocr_par' dir='ltr' id='par_1_14' title="bbox 477 1380 2043 1458">
     <span class='ocr_line' id='line_1_14' title="bbox 477 1380 2043 1458; baseline -0.006 -18"><span class='ocrx_word' id='word_1_81' title='bbox 477 1386 680 1458; x_wconf 83' lang='grc' dir='ltr'>φλόμος</span> <span class='ocrx_word' id='word_1_82' title='bbox 704 1395 783 1440; x_wconf 85' lang='lat' dir='ltr'><strong><em>est</em></strong></span> <span class='ocrx_word' id='word_1_83' title='bbox 813 1384 1033 1438; x_wconf 87' lang='lat' dir='ltr'><strong><em>vulnera</em></strong></span> <span class='ocrx_word' id='word_1_84' title='bbox 1053 1383 1269 1452; x_wconf 86' lang='lat' dir='ltr'><strong><em>subjicit</em></strong></span> <span class='ocrx_word' id='word_1_85' title='bbox 1298 1397 1316 1436; x_wconf 92' lang='lat'><em>:</em></span> <span class='ocrx_word' id='word_1_86' title='bbox 1346 1391 1396 1436; x_wconf 91' lang='lat' dir='ltr'><strong><em>et</em></strong></span> <span class='ocrx_word' id='word_1_87' title='bbox 1431 1382 1508 1434; x_wconf 82' lang='lat' dir='ltr'><strong><em>sic</em></strong></span> <span class='ocrx_word' id='word_1_88' title='bbox 1546 1380 1662 1434; x_wconf 86' lang='lat' dir='ltr'><strong><em>solo</em></strong></span> <span class='ocrx_word' id='word_1_89' title='bbox 1692 1388 1837 1433; x_wconf 87' lang='lat' dir='ltr'><strong><em>tactu</em></strong></span> <span class='ocrx_word' id='word_1_90' title='bbox 1867 1393 2043 1432; x_wconf 82' lang='lat' dir='ltr'><strong><em>omnes</em></strong></span> 
     </span>
    </p>
   </div>
   <div class='ocr_carea' id='block_1_15' title="bbox 2133 561 3706 633">
    <p class='ocr_par' dir='ltr' id='par_1_15' title="bbox 2133 561 3706 633">
     <span class='ocr_line' id='line_1_15' title="bbox 2133 561 3706 633; baseline 0.002 -19"><span class='ocrx_word' id='word_1_91' title='bbox 2133 561 2368 626; x_wconf 78' lang='lat' dir='ltr'><strong><em>subtilia,</em></strong></span> <span class='ocrx_word' id='word_1_92' title='bbox 2418 572 2572 633; x_wconf 89' lang='lat' dir='ltr'><strong><em>atque</em></strong></span> <span class='ocrx_word' id='word_1_93' title='bbox 2613 563 2841 632; x_wconf 69' lang='lat' dir='ltr'><strong><em>prolixa.</em></strong></span> <span class='ocrx_word' id='word_1_94' title='bbox 2891 563 3106 616; x_wconf 84' lang='lat' dir='ltr'><strong><em>Veniens</em></strong></span> <span class='ocrx_word' id='word_1_95' title='bbox 3159 571 3334 615; x_wconf 90' lang='lat' dir='ltr'><strong><em>autem</em></strong></span> <span class='ocrx_word' id='word_1_96' title='bbox 3393 563 3706 632; x_wconf 84' lang='lat' dir='ltr'><strong><em>anthalopus</em></strong></span> 
     </span>
    </p>
   </div>
   <div class='ocr_carea' id='block_1_16' title="bbox 2134 652 3707 724">
    <p class='ocr_par' dir='ltr' id='par_1_16' title="bbox 2134 652 3707 724">
     <span class='ocr_line' id='line_1_16' title="bbox 2134 652 3707 724; baseline 0.002 -18"><span class='ocrx_word' id='word_1_97' title='bbox 2134 652 2201 706; x_wconf 91' lang='lat' dir='ltr'><strong><em>ad</em></strong></span> <span class='ocrx_word' id='word_1_98' title='bbox 2217 655 2482 724; x_wconf 89' lang='lat' dir='ltr'><strong><em>gervinam</em></strong></span> <span class='ocrx_word' id='word_1_99' title='bbox 2509 654 2632 707; x_wconf 88' lang='lat' dir='ltr'><strong><em>dum</em></strong></span> <span class='ocrx_word' id='word_1_100' title='bbox 2663 655 2840 708; x_wconf 86' lang='lat' dir='ltr'><strong><em>ludere</em></strong></span> <span class='ocrx_word' id='word_1_101' title='bbox 2867 655 3142 708; x_wconf 89' lang='lat' dir='ltr'><strong><em>lasciviens</em></strong></span> <span class='ocrx_word' id='word_1_102' title='bbox 3173 663 3359 719; x_wconf 87' lang='lat' dir='ltr'><strong><em>tentat,</em></strong></span> <span class='ocrx_word' id='word_1_103' title='bbox 3392 671 3587 709; x_wconf 88' lang='lat' dir='ltr'><strong><em>cornua</em></strong></span> <span class='ocrx_word' id='word_1_104' title='bbox 3609 674 3707 710; x_wconf 87' lang='lat' dir='ltr'><strong><em>sua</em></strong></span> 
     </span>
    </p>
   </div>
   <div class='ocr_carea' id='block_1_17' title="bbox 2133 746 3706 817">
    <p class='ocr_par' dir='ltr' id='par_1_17' title="bbox 2133 746 3706 817">
     <span class='ocr_line' id='line_1_17' title="bbox 2133 746 3706 817; baseline 0.003 -18"><span class='ocrx_word' id='word_1_105' title='bbox 2133 746 2370 815; x_wconf 86' lang='lat' dir='ltr'><strong><em>virgultis</em></strong></span> <span class='ocrx_word' id='word_1_106' title='bbox 2422 746 2864 801; x_wconf 79' lang='lat' dir='ltr'><strong><em>crebrescentibus</em></strong></span> <span class='ocrx_word' id='word_1_107' title='bbox 2916 746 3137 817; x_wconf 85' lang='lat' dir='ltr'><strong><em>obligat.</em></strong></span> <span class='ocrx_word' id='word_1_108' title='bbox 3177 746 3310 800; x_wconf 87' lang='lat' dir='ltr'><strong><em>Cum</em></strong></span> <span class='ocrx_word' id='word_1_109' title='bbox 3352 762 3469 800; x_wconf 88' lang='lat' dir='ltr'><strong><em>vero</em></strong></span> <span class='ocrx_word' id='word_1_110' title='bbox 3507 747 3706 803; x_wconf 86' lang='lat' dir='ltr'><strong><em>diutius</em></strong></span> 
     </span>
    </p>
   </div>
   <div class='ocr_carea' id='block_1_18' title="bbox 2135 839 3706 909">
    <p class='ocr_par' dir='ltr' id='par_1_18' title="bbox 2135 839 3706 909">
     <span class='ocr_line' id='line_1_18' title="bbox 2135 839 3706 909; baseline 0.001 -19"><span class='ocrx_word' id='word_1_111' title='bbox 2135 853 2370 908; x_wconf 82' lang='lat' dir='ltr'><strong><em>pugnans</em></strong></span> <span class='ocrx_word' id='word_1_112' title='bbox 2411 855 2520 893; x_wconf 87' lang='lat' dir='ltr'><strong><em>sese</em></strong></span> <span class='ocrx_word' id='word_1_113' title='bbox 2553 840 2850 893; x_wconf 85' lang='lat' dir='ltr'><strong><em>nullatenus</em></strong></span> <span class='ocrx_word' id='word_1_114' title='bbox 2878 843 3013 892; x_wconf 91' lang='lat' dir='ltr'><strong><em>valet</em></strong></span> <span class='ocrx_word' id='word_1_115' title='bbox 3034 839 3249 893; x_wconf 88' lang='lat' dir='ltr'><strong><em>educere</em></strong></span> <span class='ocrx_word' id='word_1_116' title='bbox 3288 840 3489 909; x_wconf 86' lang='lat' dir='ltr'><strong><em>magnis</em></strong></span> <span class='ocrx_word' id='word_1_117' title='bbox 3525 839 3706 906; x_wconf 85' lang='lat' dir='ltr'><strong><em>incipit</em></strong></span> 
     </span>
    </p>
   </div>
   <div class='ocr_carea' id='block_1_19' title="bbox 2136 927 3708 986">
    <p class='ocr_par' dir='ltr' id='par_1_19' title="bbox 2136 927 3708 986">
     <span class='ocr_line' id='line_1_19' title="bbox 2136 927 3708 986; baseline 0.001 -5"><span class='ocrx_word' id='word_1_118' title='bbox 2136 927 2342 982; x_wconf 88' lang='lat' dir='ltr'><strong><em>vocibus</em></strong></span> <span class='ocrx_word' id='word_1_119' title='bbox 2366 928 2684 986; x_wconf 79' lang='lat' dir='ltr'><strong><em>exclamare.</em></strong></span> <span class='ocrx_word' id='word_1_120' title='bbox 2722 929 2822 984; x_wconf 85' lang='lat' dir='ltr'><strong><em>His</em></strong></span> <span class='ocrx_word' id='word_1_121' title='bbox 2859 931 3121 984; x_wconf 76' lang='lat' dir='ltr'><strong><em>excitatus</em></strong></span> <span class='ocrx_word' id='word_1_122' title='bbox 3151 929 3470 984; x_wconf 85' lang='lat' dir='ltr'><strong><em>clamoribus</em></strong></span> <span class='ocrx_word' id='word_1_123' title='bbox 3495 939 3708 984; x_wconf 88' lang='lat' dir='ltr'><strong><em>venator</em></strong></span> 
     </span>
    </p>
   </div>
   <div class='ocr_carea' id='block_1_20' title="bbox 2138 1019 3706 1091">
    <p class='ocr_par' dir='ltr' id='par_1_20' title="bbox 2138 1019 3706 1091">
     <span class='ocr_line' id='line_1_20' title="bbox 2138 1019 3706 1091; baseline 0.003 -19"><span class='ocrx_word' id='word_1_124' title='bbox 2138 1019 2390 1082; x_wconf 89' lang='lat' dir='ltr'><strong><em>accurrit,</em></strong></span> <span class='ocrx_word' id='word_1_125' title='bbox 2417 1036 2632 1090; x_wconf 86' lang='lat' dir='ltr'><strong><em>eumque</em></strong></span> <span class='ocrx_word' id='word_1_126' title='bbox 2656 1021 2782 1074; x_wconf 92' lang='lat' dir='ltr'><strong><em>dum</em></strong></span> <span class='ocrx_word' id='word_1_127' title='bbox 2806 1022 3032 1091; x_wconf 84' lang='lat' dir='ltr'><strong><em>propriis</em></strong></span> <span class='ocrx_word' id='word_1_128' title='bbox 3073 1022 3292 1075; x_wconf 76' lang='lat' dir='ltr'><strong><em>nexibus</em></strong></span> <span class='ocrx_word' id='word_1_129' title='bbox 3328 1031 3588 1089; x_wconf 89' lang='lat' dir='ltr'><strong><em>arctatur,</em></strong></span> <span class='ocrx_word' id='word_1_130' title='bbox 3617 1039 3706 1077; x_wconf 88' lang='lat' dir='ltr'><strong><em>oc-</em></strong></span> 
     </span>
    </p>
   </div>
   <div class='ocr_carea' id='block_1_21' title="bbox 2139 1110 3705 1177">
    <p class='ocr_par' dir='ltr' id='par_1_21' title="bbox 2139 1110 3705 1177">
     <span class='ocr_line' id='line_1_21' title="bbox 2139 1110 3705 1177; baseline 0.004 -13"><span class='ocrx_word' id='word_1_131' title='bbox 2139 1111 2289 1167; x_wconf 90' lang='lat' dir='ltr'><strong><em>cidit.</em></strong></span> <span class='ocrx_word' id='word_1_132' title='bbox 2316 1110 2373 1166; x_wconf 86' lang='lat' dir='ltr'><strong><em>ln</em></strong></span> <span class='ocrx_word' id='word_1_133' title='bbox 2404 1112 2492 1168; x_wconf 87' lang='lat' dir='ltr'><strong><em>his</em></strong></span> <span class='ocrx_word' id='word_1_134' title='bbox 2521 1123 2704 1168; x_wconf 88' lang='lat' dir='ltr'><strong><em>tamen</em></strong></span> <span class='ocrx_word' id='word_1_135' title='bbox 2735 1114 2999 1168; x_wconf 89' lang='lat' dir='ltr'><strong><em>nonnulla</em></strong></span> <span class='ocrx_word' id='word_1_136' title='bbox 3032 1114 3514 1170; x_wconf 84' lang='lat' dir='ltr'><strong><em>animadvertenda</em></strong></span> <span class='ocrx_word' id='word_1_137' title='bbox 3553 1123 3705 1177; x_wconf 90' lang='lat' dir='ltr'><strong><em>sunt.</em></strong></span> 
     </span>
    </p>
   </div>
   <div class='ocr_carea' id='block_1_22' title="bbox 2140 1205 3704 1275">
    <p class='ocr_par' dir='ltr' id='par_1_22' title="bbox 2140 1205 3704 1275">
     <span class='ocr_line' id='line_1_22' title="bbox 2140 1205 3704 1275; baseline 0.005 -20"><span class='ocrx_word' id='word_1_138' title='bbox 2140 1217 2261 1272; x_wconf 65' lang='lat' dir='ltr'><strong><em>quae</em></strong></span> <span class='ocrx_word' id='word_1_139' title='bbox 2297 1219 2403 1258; x_wconf 93' lang='lat' dir='ltr'><strong><em>non</em></strong></span> <span class='ocrx_word' id='word_1_140' title='bbox 2429 1205 2666 1260; x_wconf 86' lang='lat' dir='ltr'><strong><em>auctoris</em></strong></span> <span class='ocrx_word' id='word_1_141' title='bbox 2693 1205 2923 1270; x_wconf 87' lang='lat' dir='ltr'><strong><em>incuria,</em></strong></span> <span class='ocrx_word' id='word_1_142' title='bbox 2959 1207 3103 1260; x_wconf 90' lang='lat' dir='ltr'><strong><em>absit</em></strong></span> <span class='ocrx_word' id='word_1_143' title='bbox 3157 1206 3260 1261; x_wconf 91' lang='lat' dir='ltr'><strong><em>hoc</em></strong></span> <span class='ocrx_word' id='word_1_144' title='bbox 3309 1223 3341 1260; x_wconf 89' lang='lat' dir='ltr'><strong><em>a</em></strong></span> <span class='ocrx_word' id='word_1_145' title='bbox 3389 1215 3542 1262; x_wconf 84' lang='lat' dir='ltr'><strong><em>tanto</em></strong></span> <span class='ocrx_word' id='word_1_146' title='bbox 3563 1207 3704 1275; x_wconf 86' lang='lat' dir='ltr'><strong><em>viro,</em></strong></span> 
     </span>
    </p>
   </div>
   <div class='ocr_carea' id='block_1_23' title="bbox 2143 1292 3707 1368">
    <p class='ocr_par' dir='ltr' id='par_1_23' title="bbox 2143 1292 3707 1368">
     <span class='ocr_line' id='line_1_23' title="bbox 2143 1292 3707 1368; baseline 0.004 -22"><span class='ocrx_word' id='word_1_147' title='bbox 2143 1292 2240 1348; x_wconf 87' lang='lat' dir='ltr'><strong><em>sed</em></strong></span> <span class='ocrx_word' id='word_1_148' title='bbox 2267 1309 2333 1348; x_wconf 80' lang='lat' dir='ltr'><strong><em>ex</em></strong></span> <span class='ocrx_word' id='word_1_149' title='bbox 2356 1295 2640 1364; x_wconf 74' lang='lat' dir='ltr'><strong><em>scriptoris</em></strong></span> <span class='ocrx_word' id='word_1_150' title='bbox 2673 1295 2909 1362; x_wconf 84' lang='lat' dir='ltr'><strong><em>inscitia,</em></strong></span> <span class='ocrx_word' id='word_1_151' title='bbox 2938 1296 2992 1350; x_wconf 92' lang='lat' dir='ltr'><strong><em>in</em></strong></span> <span class='ocrx_word' id='word_1_152' title='bbox 3023 1304 3227 1351; x_wconf 79' lang='lat' dir='ltr'><strong><em>textum</em></strong></span> <span class='ocrx_word' id='word_1_153' title='bbox 3254 1298 3541 1368; x_wconf 82' lang='lat' dir='ltr'><strong><em>irrepsisse</em></strong></span> <span class='ocrx_word' id='word_1_154' title='bbox 3555 1314 3707 1352; x_wconf 85' lang='lat' dir='ltr'><strong><em>com-</em></strong></span> 
     </span>
    </p>
   </div>
   <div class='ocr_carea' id='block_1_24' title="bbox 2141 1385 3702 1460">
    <p class='ocr_par' dir='ltr' id='par_1_24' title="bbox 2141 1385 3702 1460">
     <span class='ocr_line' id='line_1_24' title="bbox 2141 1385 3702 1460; baseline 0.003 -20"><span class='ocrx_word' id='word_1_155' title='bbox 2141 1386 2401 1456; x_wconf 88' lang='lat' dir='ltr'><strong><em>perimus.</em></strong></span> <span class='ocrx_word' id='word_1_156' title='bbox 2437 1385 2514 1441; x_wconf 89' lang='lat' dir='ltr'><strong><em>De</em></strong></span> <span class='ocrx_word' id='word_1_157' title='bbox 2541 1388 2890 1458; x_wconf 87' lang='lat' dir='ltr'><strong><em>corruptione</em></strong></span> <span class='ocrx_word' id='word_1_158' title='bbox 2920 1389 3157 1443; x_wconf 87' lang='lat' dir='ltr'><strong><em>nominis</em></strong></span> <span class='ocrx_word' id='word_1_159' title='bbox 3188 1390 3246 1442; x_wconf 91' lang='lat' dir='ltr'><strong><em>in</em></strong></span> <span class='ocrx_word' id='word_1_160' title='bbox 3287 1391 3702 1460; x_wconf 87' lang='lat' dir='ltr'><strong><em>autholalopum</em></strong></span> 
     </span>
    </p>
   </div>
   <div class='ocr_carea' id='block_1_25' title="bbox 473 1471 3705 1552">
    <p class='ocr_par' dir='ltr' id='par_1_25' title="bbox 473 1471 3705 1552">
     <span class='ocr_line' id='line_1_25' title="bbox 473 1471 3705 1552; baseline -0.002 -21"><span class='ocrx_word' id='word_1_161' title='bbox 473 1478 709 1533; x_wconf 86' lang='lat' dir='ltr'><strong><em>ulcerum</em></strong></span> <span class='ocrx_word' id='word_1_162' title='bbox 738 1477 946 1531; x_wconf 86' lang='lat' dir='ltr'><strong><em>dolores</em></strong></span> <span class='ocrx_word' id='word_1_163' title='bbox 974 1474 1231 1542; x_wconf 73' lang='lat' dir='ltr'><strong><em>excludit,</em></strong></span> <span class='ocrx_word' id='word_1_164' title='bbox 1257 1483 1307 1529; x_wconf 90' lang='lat' dir='ltr'><strong><em>et</em></strong></span> <span class='ocrx_word' id='word_1_165' title='bbox 1330 1473 1399 1528; x_wconf 91' lang='lat' dir='ltr'><strong><em>ad</em></strong></span> <span class='ocrx_word' id='word_1_166' title='bbox 1421 1472 1837 1527; x_wconf 87' lang='lat' dir='ltr'><strong><em>incolumitatem</em></strong></span> <span class='ocrx_word' id='word_1_167' title='bbox 1863 1471 2048 1542; x_wconf 86' lang='lat' dir='ltr'><strong><em>pristi-</em></strong></span> <span class='ocrx_word' id='word_1_168' title='bbox 2144 1477 2282 1532; x_wconf 89' lang='lat' dir='ltr'><strong><em>nihil</em></strong></span> <span class='ocrx_word' id='word_1_169' title='bbox 2315 1487 2400 1533; x_wconf 88' lang='lat' dir='ltr'><strong><em>est</em></strong></span> <span class='ocrx_word' id='word_1_170' title='bbox 2431 1478 2574 1549; x_wconf 88' lang='lat' dir='ltr'><strong><em>quod</em></strong></span> <span class='ocrx_word' id='word_1_171' title='bbox 2623 1480 2821 1543; x_wconf 90' lang='lat' dir='ltr'><strong><em>dicam,</em></strong></span> <span class='ocrx_word' id='word_1_172' title='bbox 2867 1481 3054 1535; x_wconf 87' lang='lat' dir='ltr'><strong><em>talium</em></strong></span> <span class='ocrx_word' id='word_1_173' title='bbox 3099 1482 3242 1535; x_wconf 91' lang='lat' dir='ltr'><strong><em>enim</em></strong></span> <span class='ocrx_word' id='word_1_174' title='bbox 3276 1483 3705 1552; x_wconf 79' lang='lat' dir='ltr'><strong><em>corrumpendo.</em></strong></span> 
     </span>
    </p>
   </div>
   <div class='ocr_carea' id='block_1_26' title="bbox 473 1569 962 1625">
    <p class='ocr_par' dir='ltr' id='par_1_26' title="bbox 473 1569 962 1625">
     <span class='ocr_line' id='line_1_26' title="bbox 473 1569 962 1625; baseline -0.006 -2"><span class='ocrx_word' id='word_1_175' title='bbox 473 1587 597 1625; x_wconf 88' lang='lat' dir='ltr'><strong><em>nam</em></strong></span> <span class='ocrx_word' id='word_1_176' title='bbox 623 1569 962 1623; x_wconf 80' lang='lat' dir='ltr'><strong><em>convalescit.</em></strong></span> 
     </span>
    </p>
   </div>
   <div class='ocr_carea' id='block_1_27' title="bbox 543 1653 2044 1726">
    <p class='ocr_par' dir='ltr' id='par_1_27' title="bbox 543 1653 2044 1726">
     <span class='ocr_line' id='line_1_27' title="bbox 543 1653 2044 1726; baseline -0.002 -13"><span class='ocrx_word' id='word_1_177' title='bbox 543 1659 705 1726; x_wconf 88' lang='lat' dir='ltr'><strong><em>lbid.,</em></strong></span> <span class='ocrx_word' id='word_1_178' title='bbox 744 1659 840 1714; x_wconf 91' lang='lat' dir='ltr'><strong><em>lin.</em></strong></span> <span class='ocrx_word' id='word_1_179' title='bbox 879 1657 968 1712; x_wconf 77' lang='grc'><strong><em>22.</em></strong></span> <span class='ocrx_word' id='word_1_180' title='bbox 1031 1657 1086 1710; x_wconf 90' lang='lat'><strong><em>&#39;0</em></strong></span> <span class='ocrx_word' id='word_1_181' title='bbox 1125 1655 1341 1725; x_wconf 82' lang='grc' dir='ltr'><strong><em>ταῦρος</em></strong></span> <span class='ocrx_word' id='word_1_182' title='bbox 1382 1656 1510 1723; x_wconf 86' lang='grc' dir='ltr'><em>τοῖς</em></span> <span class='ocrx_word' id='word_1_183' title='bbox 1542 1653 1773 1723; x_wconf 81' lang='grc' dir='ltr'>κέρασι.</span> <span class='ocrx_word' id='word_1_184' title='bbox 1815 1653 2044 1722; x_wconf 86' lang='lat' dir='ltr'><strong><em>Plinius,</em></strong></span> 
     </span>
    </p>
   </div>
   <div class='ocr_carea' id='block_1_28' title="bbox 472 1749 2049 1828">
    <p class='ocr_par' dir='ltr' id='par_1_28' title="bbox 472 1749 2049 1828">
     <span class='ocr_line' id='line_1_28' title="bbox 472 1749 2049 1828; baseline -0.003 -23"><span class='ocrx_word' id='word_1_185' title='bbox 472 1752 570 1807; x_wconf 89' lang='lat' dir='ltr'><strong><em>lib.</em></strong></span> <span class='ocrx_word' id='word_1_186' title='bbox 595 1766 715 1818; x_wconf 75' lang='lat' dir='ltr'><strong><em>Vill,</em></strong></span> <span class='ocrx_word' id='word_1_187' title='bbox 781 1766 900 1822; x_wconf 84' lang='lat' dir='ltr'><strong><em>cap.</em></strong></span> <span class='ocrx_word' id='word_1_188' title='bbox 941 1750 1032 1818; x_wconf 70' lang='lat'><strong><em>45,</em></strong></span> <span class='ocrx_word' id='word_1_189' title='bbox 1093 1749 1284 1804; x_wconf 86' lang='lat' dir='ltr'><strong><em>Tauris</em></strong></span> <span class='ocrx_word' id='word_1_190' title='bbox 1337 1749 1394 1802; x_wconf 90' lang='lat' dir='ltr'><strong><em>in</em></strong></span> <span class='ocrx_word' id='word_1_191' title='bbox 1435 1758 1646 1818; x_wconf 88' lang='lat' dir='ltr'><strong><em>aspectu</em></strong></span> <span class='ocrx_word' id='word_1_192' title='bbox 1695 1749 2049 1828; x_wconf 54' lang='lat' dir='ltr'><strong><em>generositas,</em></strong></span> 
     </span>
    </p>
   </div>
   <div class='ocr_carea' id='block_1_29' title="bbox 2145 1569 3702 1635">
    <p class='ocr_par' dir='ltr' id='par_1_29' title="bbox 2145 1569 3702 1635">
     <span class='ocr_line' id='line_1_29' title="bbox 2145 1569 3702 1635; baseline 0.004 -14"><span class='ocrx_word' id='word_1_193' title='bbox 2145 1582 2267 1622; x_wconf 88' lang='lat' dir='ltr'><strong><em>rum</em></strong></span> <span class='ocrx_word' id='word_1_194' title='bbox 2301 1569 2484 1626; x_wconf 90' lang='lat' dir='ltr'><strong><em>nullus</em></strong></span> <span class='ocrx_word' id='word_1_195' title='bbox 2504 1579 2588 1626; x_wconf 91' lang='lat' dir='ltr'><strong><em>est</em></strong></span> <span class='ocrx_word' id='word_1_196' title='bbox 2621 1572 2834 1635; x_wconf 91' lang='lat' dir='ltr'><strong><em>modus,</em></strong></span> <span class='ocrx_word' id='word_1_197' title='bbox 2871 1574 3014 1627; x_wconf 86' lang='lat' dir='ltr'><strong><em>sicut</em></strong></span> <span class='ocrx_word' id='word_1_198' title='bbox 3037 1581 3090 1628; x_wconf 90' lang='lat' dir='ltr'><strong><em>et</em></strong></span> <span class='ocrx_word' id='word_1_199' title='bbox 3118 1573 3185 1628; x_wconf 89' lang='lat' dir='ltr'><strong><em>de</em></strong></span> <span class='ocrx_word' id='word_1_200' title='bbox 3213 1581 3531 1629; x_wconf 80' lang='lat' dir='ltr'><strong><em>venatorum</em></strong></span> <span class='ocrx_word' id='word_1_201' title='bbox 3558 1581 3702 1628; x_wconf 89' lang='lat' dir='ltr'><strong><em>recta</em></strong></span> 
     </span>
    </p>
   </div>
   <div class='ocr_carea' id='block_1_30' title="bbox 2147 1660 3706 1720">
    <p class='ocr_par' dir='ltr' id='par_1_30' title="bbox 2147 1660 3706 1720">
     <span class='ocr_line' id='line_1_30' title="bbox 2147 1660 3706 1720; baseline 0.003 -4"><span class='ocrx_word' id='word_1_202' title='bbox 2147 1660 2421 1716; x_wconf 82' lang='lat' dir='ltr'><strong><em>scribendi</em></strong></span> <span class='ocrx_word' id='word_1_203' title='bbox 2470 1663 2700 1718; x_wconf 86' lang='lat' dir='ltr'><strong><em>ratione.</em></strong></span> <span class='ocrx_word' id='word_1_204' title='bbox 2741 1662 2879 1718; x_wconf 88' lang='lat' dir='ltr'><strong><em>lllud</em></strong></span> <span class='ocrx_word' id='word_1_205' title='bbox 2922 1671 3129 1719; x_wconf 90' lang='lat' dir='ltr'><strong><em>tantum</em></strong></span> <span class='ocrx_word' id='word_1_206' title='bbox 3192 1680 3300 1719; x_wconf 89' lang='lat' dir='ltr'><strong><em>non</em></strong></span> <span class='ocrx_word' id='word_1_207' title='bbox 3348 1664 3706 1720; x_wconf 84' lang='lat' dir='ltr'><strong><em>dissimulabo</em></strong></span> 
     </span>
    </p>
   </div>
   <div class='ocr_carea' id='block_1_31' title="bbox 2150 1733 3706 1825">
    <p class='ocr_par' dir='ltr' id='par_1_31' title="bbox 2150 1733 3706 1825">
     <span class='ocr_line' id='line_1_31' title="bbox 2150 1733 3706 1825; baseline 0.004 -22"><span class='ocrx_word' id='word_1_208' title='bbox 2150 1751 2420 1819; x_wconf 90' lang='lat' dir='ltr'><strong><em>quomodo</em></strong></span> <span class='ocrx_word' id='word_1_209' title='bbox 2461 1753 2627 1818; x_wconf 85' lang='lat' dir='ltr'><strong><em>erica,</em></strong></span> <span class='ocrx_word' id='word_1_210' title='bbox 2660 1753 2774 1809; x_wconf 85' lang='lat' dir='ltr'><strong><em>sive</em></strong></span> <span class='ocrx_word' id='word_1_211' title='bbox 2803 1733 2990 1810; x_wconf 69' lang='lat' dir='ltr'><strong><em>ervina</em></strong></span> <span class='ocrx_word' id='word_1_212' title='bbox 3039 1755 3182 1825; x_wconf 84' lang='lat' dir='ltr'><strong><em>quod</em></strong></span> <span class='ocrx_word' id='word_1_213' title='bbox 3219 1754 3360 1810; x_wconf 89' lang='lat' dir='ltr'><strong><em>idem</em></strong></span> <span class='ocrx_word' id='word_1_214' title='bbox 3394 1765 3496 1820; x_wconf 90' lang='lat' dir='ltr'><strong><em>est,</em></strong></span> <span class='ocrx_word' id='word_1_215' title='bbox 3527 1755 3706 1811; x_wconf 80' lang='lat' dir='ltr'><strong><em>frutex</em></strong></span> 
     </span>
    </p>
   </div>
   <div class='ocr_carea' id='block_1_32' title="bbox 475 1835 3707 1918">
    <p class='ocr_par' dir='ltr' id='par_1_32' title="bbox 475 1835 3707 1918">
     <span class='ocr_line' id='line_1_32' title="bbox 475 1835 3707 1918; baseline 0.002 -22"><span class='ocrx_word' id='word_1_216' title='bbox 475 1853 621 1898; x_wconf 88' lang='lat' dir='ltr'><strong><em>torva</em></strong></span> <span class='ocrx_word' id='word_1_217' title='bbox 655 1843 846 1912; x_wconf 75' lang='lat' dir='ltr'><strong><em>fronte,</em></strong></span> <span class='ocrx_word' id='word_1_218' title='bbox 883 1841 1100 1896; x_wconf 89' lang='lat' dir='ltr'><strong><em>auribus</em></strong></span> <span class='ocrx_word' id='word_1_219' title='bbox 1141 1841 1348 1904; x_wconf 87' lang='lat' dir='ltr'><strong><em>setosis,</em></strong></span> <span class='ocrx_word' id='word_1_220' title='bbox 1377 1838 1623 1893; x_wconf 87' lang='lat' dir='ltr'><strong><em>cornibus</em></strong></span> <span class='ocrx_word' id='word_1_221' title='bbox 1670 1839 1727 1891; x_wconf 90' lang='lat' dir='ltr'><strong><em>in</em></strong></span> <span class='ocrx_word' id='word_1_222' title='bbox 1772 1838 2040 1906; x_wconf 86' lang='lat' dir='ltr'><strong><em>procinctu</em></strong></span> <span class='ocrx_word' id='word_1_223' title='bbox 2074 1835 2117 1894; x_wconf 82' lang='grc' dir='ltr'><strong>Β</strong></span> <span class='ocrx_word' id='word_1_224' title='bbox 2145 1842 2346 1897; x_wconf 90' lang='lat' dir='ltr'><strong><em>nemini</em></strong></span> <span class='ocrx_word' id='word_1_225' title='bbox 2378 1858 2486 1898; x_wconf 90' lang='lat' dir='ltr'><strong><em>non</em></strong></span> <span class='ocrx_word' id='word_1_226' title='bbox 2509 1851 2692 1909; x_wconf 90' lang='lat' dir='ltr'><strong><em>notus,</em></strong></span> <span class='ocrx_word' id='word_1_227' title='bbox 2735 1845 2789 1898; x_wconf 90' lang='lat' dir='ltr'><strong><em>in</em></strong></span> <span class='ocrx_word' id='word_1_228' title='bbox 2818 1846 3095 1916; x_wconf 78' lang='lat' dir='ltr'><strong><em>gervinam</em></strong></span> <span class='ocrx_word' id='word_1_229' title='bbox 3123 1846 3334 1901; x_wconf 83' lang='lat' dir='ltr'><strong><em>abierit.</em></strong></span> <span class='ocrx_word' id='word_1_230' title='bbox 3357 1845 3433 1902; x_wconf 89' lang='lat' dir='ltr'><strong><em>De</em></strong></span> <span class='ocrx_word' id='word_1_231' title='bbox 3462 1862 3567 1918; x_wconf 88' lang='lat' dir='ltr'><strong><em>qua</em></strong></span> <span class='ocrx_word' id='word_1_232' title='bbox 3593 1846 3707 1902; x_wconf 83' lang='lat' dir='ltr'><strong><em>Pli-</em></strong></span> 
     </span>
    </p>
   </div>
   <div class='ocr_carea' id='block_1_33' title="bbox 473 1929 2046 2002">
    <p class='ocr_par' dir='ltr' id='par_1_33' title="bbox 473 1929 2046 2002">
     <span class='ocr_line' id='line_1_33' title="bbox 473 1929 2046 2002; baseline -0.003 -14"><span class='ocrx_word' id='word_1_233' title='bbox 473 1935 864 1989; x_wconf 89' lang='lat' dir='ltr'><strong><em>dimicationem</em></strong></span> <span class='ocrx_word' id='word_1_234' title='bbox 910 1931 1260 2002; x_wconf 89' lang='lat' dir='ltr'><strong><em>poscentibus.</em></strong></span> <span class='ocrx_word' id='word_1_235' title='bbox 1292 1929 1395 1987; x_wconf 88' lang='lat' dir='ltr'><strong><em>Sed</em></strong></span> <span class='ocrx_word' id='word_1_236' title='bbox 1419 1939 1530 1984; x_wconf 90' lang='lat' dir='ltr'><strong><em>tota</em></strong></span> <span class='ocrx_word' id='word_1_237' title='bbox 1553 1930 1890 1986; x_wconf 86' lang='lat' dir='ltr'><strong><em>comminatio</em></strong></span> <span class='ocrx_word' id='word_1_238' title='bbox 1910 1930 2046 1999; x_wconf 90' lang='lat' dir='ltr'><strong><em>prio-</em></strong></span> 
     </span>
    </p>
   </div>
   <div class='ocr_carea' id='block_1_34' title="bbox 474 2019 2041 2096">
    <p class='ocr_par' dir='ltr' id='par_1_34' title="bbox 474 2019 2041 2096">
     <span class='ocr_line' id='line_1_34' title="bbox 474 2019 2041 2096; baseline -0.003 -17"><span class='ocrx_word' id='word_1_239' title='bbox 474 2025 621 2080; x_wconf 86' lang='lat' dir='ltr'><strong><em>ribus</em></strong></span> <span class='ocrx_word' id='word_1_240' title='bbox 649 2027 708 2079; x_wconf 90' lang='lat' dir='ltr'><strong><em>in</em></strong></span> <span class='ocrx_word' id='word_1_241' title='bbox 730 2025 946 2096; x_wconf 82' lang='lat' dir='ltr'><strong><em>pedibus</em></strong></span> <span class='ocrx_word' id='word_1_242' title='bbox 975 2033 1102 2088; x_wconf 89' lang='lat' dir='ltr'><strong><em>stat,</em></strong></span> <span class='ocrx_word' id='word_1_243' title='bbox 1131 2023 1217 2076; x_wconf 88' lang='lat' dir='ltr'><strong><em>ira</em></strong></span> <span class='ocrx_word' id='word_1_244' title='bbox 1242 2021 1490 2092; x_wconf 85' lang='lat' dir='ltr'><strong><em>gliscente</em></strong></span> <span class='ocrx_word' id='word_1_245' title='bbox 1510 2019 1740 2075; x_wconf 83' lang='lat' dir='ltr'><strong><em>alternos</em></strong></span> <span class='ocrx_word' id='word_1_246' title='bbox 1764 2019 2041 2088; x_wconf 85' lang='lat' dir='ltr'><strong><em>replicans,</em></strong></span> 
     </span>
    </p>
   </div>
   <div class='ocr_carea' id='block_1_35' title="bbox 475 2111 2044 2188">
    <p class='ocr_par' dir='ltr' id='par_1_35' title="bbox 475 2111 2044 2188">
     <span class='ocr_line' id='line_1_35' title="bbox 475 2111 2044 2188; baseline -0.002 -18"><span class='ocrx_word' id='word_1_247' title='bbox 475 2132 821 2188; x_wconf 82' lang='lat' dir='ltr'><strong><em>spargensque</em></strong></span> <span class='ocrx_word' id='word_1_248' title='bbox 848 2116 902 2170; x_wconf 90' lang='lat' dir='ltr'><strong><em>in</em></strong></span> <span class='ocrx_word' id='word_1_249' title='bbox 938 2115 1110 2169; x_wconf 87' lang='lat' dir='ltr'><strong><em>altum</em></strong></span> <span class='ocrx_word' id='word_1_250' title='bbox 1136 2129 1375 2179; x_wconf 91' lang='lat' dir='ltr'><strong><em>arenam,</em></strong></span> <span class='ocrx_word' id='word_1_251' title='bbox 1394 2120 1446 2168; x_wconf 87' lang='lat' dir='ltr'><strong><em>et</em></strong></span> <span class='ocrx_word' id='word_1_252' title='bbox 1467 2112 1613 2167; x_wconf 85' lang='lat' dir='ltr'><strong><em>solus</em></strong></span> <span class='ocrx_word' id='word_1_253' title='bbox 1653 2111 1962 2165; x_wconf 87' lang='lat' dir='ltr'><strong><em>animalium</em></strong></span> <span class='ocrx_word' id='word_1_254' title='bbox 1982 2127 2044 2167; x_wconf 88' lang='lat' dir='ltr'><strong><em>eo</em></strong></span> 
     </span>
    </p>
   </div>
   <div class='ocr_carea' id='block_1_36' title="bbox 475 2206 1015 2263">
    <p class='ocr_par' dir='ltr' id='par_1_36' title="bbox 475 2206 1015 2263">
     <span class='ocr_line' id='line_1_36' title="bbox 475 2206 1015 2263; baseline -0.006 0"><span class='ocrx_word' id='word_1_255' title='bbox 475 2209 690 2263; x_wconf 82' lang='lat' dir='ltr'><strong><em>stimulo</em></strong></span> <span class='ocrx_word' id='word_1_256' title='bbox 718 2206 1015 2262; x_wconf 84' lang='lat' dir='ltr'><strong><em>ardescens.</em></strong></span> 
     </span>
    </p>
   </div>
   <div class='ocr_carea' id='block_1_37' title="bbox 547 2288 2042 2363">
    <p class='ocr_par' dir='ltr' id='par_1_37' title="bbox 547 2288 2042 2363">
     <span class='ocr_line' id='line_1_37' title="bbox 547 2288 2042 2363; baseline -0.007 -11"><span class='ocrx_word' id='word_1_257' title='bbox 547 2297 710 2363; x_wconf 87' lang='lat' dir='ltr'><strong><em>lbid.,</em></strong></span> <span class='ocrx_word' id='word_1_258' title='bbox 737 2297 833 2352; x_wconf 91' lang='lat' dir='ltr'><strong><em>lin.</em></strong></span> <span class='ocrx_word' id='word_1_259' title='bbox 863 2296 954 2350; x_wconf 73' lang='grc'><strong><em>27.</em></strong></span> <span class='ocrx_word' id='word_1_260' title='bbox 983 2294 1102 2360; x_wconf 84' lang='grc' dir='ltr'><strong><em>Σῦς</em></strong></span> <span class='ocrx_word' id='word_1_261' title='bbox 1128 2293 1197 2348; x_wconf 79' lang='grc' dir='ltr'>δὲ</span> <span class='ocrx_word' id='word_1_262' title='bbox 1225 2293 1371 2347; x_wconf 75' lang='grc' dir='ltr'>ὅταν</span> <span class='ocrx_word' id='word_1_263' title='bbox 1396 2292 1521 2361; x_wconf 79' lang='grc' dir='ltr'><strong><em>ἴδῃ.</em></strong></span> <span class='ocrx_word' id='word_1_264' title='bbox 1557 2290 1838 2354; x_wconf 67' lang='grc' dir='ltr'>Ᾰζιίοηιιε,</span> <span class='ocrx_word' id='word_1_265' title='bbox 1861 2288 1958 2343; x_wconf 89' lang='lat' dir='ltr'><strong><em>lib.</em></strong></span> <span class='ocrx_word' id='word_1_266' title='bbox 1988 2304 2042 2350; x_wconf 72' lang='grc' dir='ltr'><em>ν,</em></span> 
     </span>
    </p>
   </div>
   <div class='ocr_carea' id='block_1_38' title="bbox 477 2376 2044 2460">
    <p class='ocr_par' dir='ltr' id='par_1_38' title="bbox 477 2376 2044 2460">
     <span class='ocr_line' id='line_1_38' title="bbox 477 2376 2044 2460; baseline -0.01 -16"><span class='ocrx_word' id='word_1_267' title='bbox 477 2388 712 2460; x_wconf 68' lang='lat' dir='ltr'><strong><em>cap.45,</em></strong></span> <span class='ocrx_word' id='word_1_268' title='bbox 747 2387 850 2440; x_wconf 83' lang='grc' dir='ltr'><strong><em>Τὸν</em></strong></span> <span class='ocrx_word' id='word_1_269' title='bbox 881 2385 978 2440; x_wconf 80' lang='grc' dir='ltr'>σῦν</span> <span class='ocrx_word' id='word_1_270' title='bbox 1023 2386 1114 2439; x_wconf 79' lang='grc' dir='ltr'><strong><em>τὸν</em></strong></span> <span class='ocrx_word' id='word_1_271' title='bbox 1151 2383 1341 2455; x_wconf 77' lang='grc' dir='ltr'>ἄγριόν</span> <span class='ocrx_word' id='word_1_272' title='bbox 1375 2399 1508 2453; x_wconf 83' lang='grc' dir='ltr'>φασι</span> <span class='ocrx_word' id='word_1_273' title='bbox 1551 2381 1626 2453; x_wconf 80' lang='grc' dir='ltr'><strong>μὴ</strong></span> <span class='ocrx_word' id='word_1_274' title='bbox 1667 2379 1928 2452; x_wconf 87' lang='grc' dir='ltr'>πρότερον</span> <span class='ocrx_word' id='word_1_275' title='bbox 1953 2376 2044 2431; x_wconf 77' lang='grc' dir='ltr'><strong><em>ἐπί</em></strong></span> 
     </span>
    </p>
   </div>
   <div class='ocr_carea' id='block_1_39' title="bbox 475 2467 2041 2548">
    <p class='ocr_par' dir='ltr' id='par_1_39' title="bbox 475 2467 2041 2548">
     <span class='ocr_line' id='line_1_39' title="bbox 475 2467 2041 2548; baseline -0.006 -16"><span class='ocrx_word' id='word_1_276' title='bbox 475 2496 598 2533; x_wconf 79' lang='grc' dir='ltr'>τινα</span> <span class='ocrx_word' id='word_1_277' title='bbox 632 2477 892 2548; x_wconf 83' lang='grc' dir='ltr'>φέρεσθαι</span> <span class='ocrx_word' id='word_1_278' title='bbox 939 2476 1067 2548; x_wconf 77' lang='grc' dir='ltr'><em>πρὶν</em></span> <span class='ocrx_word' id='word_1_279' title='bbox 1104 2475 1138 2547; x_wconf 85' lang='grc' dir='ltr'><strong>ἥ</strong></span> <span class='ocrx_word' id='word_1_280' title='bbox 1173 2476 1298 2538; x_wconf 81' lang='grc' dir='ltr'>τοὺς</span> <span class='ocrx_word' id='word_1_281' title='bbox 1343 2473 1717 2545; x_wconf 82' lang='grc' dir='ltr'><strong><em>χαυλιόδοντας</em></strong></span> <span class='ocrx_word' id='word_1_282' title='bbox 1757 2467 2041 2540; x_wconf 80' lang='grc' dir='ltr'><strong><em>ὐποθῆξαι.</em></strong></span> 
     </span>
    </p>
   </div>
   <div class='ocr_carea' id='block_1_40' title="bbox 477 2565 1806 2643">
    <p class='ocr_par' dir='ltr' id='par_1_40' title="bbox 477 2565 1806 2643">
     <span class='ocr_line' id='line_1_40' title="bbox 477 2565 1806 2643; baseline -0.005 -18"><span class='ocrx_word' id='word_1_283' title='bbox 477 2572 761 2643; x_wconf 80' lang='grc' dir='ltr'>Μαρτυρεῖ</span> <span class='ocrx_word' id='word_1_284' title='bbox 782 2570 838 2624; x_wconf 83' lang='grc' dir='ltr'>δὲ</span> <span class='ocrx_word' id='word_1_285' title='bbox 866 2569 974 2642; x_wconf 77' lang='grc' dir='ltr'><strong><em>ἄρα</em></strong></span> <span class='ocrx_word' id='word_1_286' title='bbox 996 2569 1088 2623; x_wconf 76' lang='grc' dir='ltr'>καὶ</span> <span class='ocrx_word' id='word_1_287' title='bbox 1117 2571 1361 2641; x_wconf 85' lang='grc' dir='ltr'>Ὅμηρος</span> <span class='ocrx_word' id='word_1_288' title='bbox 1397 2565 1576 2630; x_wconf 80' lang='grc' dir='ltr'>τοῦτο,</span> <span class='ocrx_word' id='word_1_289' title='bbox 1611 2566 1806 2634; x_wconf 65' lang='grc' dir='ltr'><strong><em>λέγων’</em></strong></span> 
     </span>
    </p>
   </div>
   <div class='ocr_carea' id='block_1_41' title="bbox 480 2679 2038 2754">
    <p class='ocr_par' dir='ltr' id='par_1_41' title="bbox 480 2679 2038 2754">
     <span class='ocr_line' id='line_1_41' title="bbox 480 2679 2038 2754; baseline -0.004 -16"><span class='ocrx_word' id='word_1_290' title='bbox 480 2684 676 2752; x_wconf 76' lang='grc' dir='ltr'>Θήξας</span> <span class='ocrx_word' id='word_1_291' title='bbox 700 2684 922 2739; x_wconf 76' lang='grc' dir='ltr'>λευκὸν</span> <span class='ocrx_word' id='word_1_292' title='bbox 947 2684 1163 2738; x_wconf 83' lang='grc' dir='ltr'><strong><em>ὀδόντα</em></strong></span> <span class='ocrx_word' id='word_1_293' title='bbox 1190 2682 1340 2754; x_wconf 82' lang='grc' dir='ltr'>μετὰ</span> <span class='ocrx_word' id='word_1_294' title='bbox 1368 2679 1712 2752; x_wconf 76' lang='grc' dir='ltr'><strong><em>γναμπτῇσι</em></strong></span> <span class='ocrx_word' id='word_1_295' title='bbox 1737 2680 2038 2750; x_wconf 78' lang='grc' dir='ltr'>τένεσσιν.</span> 
     </span>
    </p>
   </div>
   <div class='ocr_carea' id='block_1_42' title="bbox 477 2790 2043 2866">
    <p class='ocr_par' dir='ltr' id='par_1_42' title="bbox 477 2790 2043 2866">
     <span class='ocr_line' id='line_1_42' title="bbox 477 2790 2043 2866; baseline -0.003 -18"><span class='ocrx_word' id='word_1_296' title='bbox 477 2794 545 2848; x_wconf 85' lang='lat' dir='ltr'><strong><em>Et</em></strong></span> <span class='ocrx_word' id='word_1_297' title='bbox 576 2795 670 2850; x_wconf 88' lang='lat' dir='ltr'><strong><em>lib.</em></strong></span> <span class='ocrx_word' id='word_1_298' title='bbox 700 2811 776 2862; x_wconf 71' lang='lat' dir='ltr'><strong><em>Vt,</em></strong></span> <span class='ocrx_word' id='word_1_299' title='bbox 814 2809 934 2866; x_wconf 87' lang='lat' dir='ltr'><strong><em>cap.</em></strong></span> <span class='ocrx_word' id='word_1_300' title='bbox 976 2794 1029 2862; x_wconf 76' lang='grc'><strong><em>1,</em></strong></span> <span class='ocrx_word' id='word_1_301' title='bbox 1070 2794 1129 2847; x_wconf 88' lang='lat'><strong><em>&#39;0</em></strong></span> <span class='ocrx_word' id='word_1_302' title='bbox 1165 2793 1294 2862; x_wconf 85' lang='grc' dir='ltr'><strong><em>γοῦν</em></strong></span> <span class='ocrx_word' id='word_1_303' title='bbox 1332 2791 1448 2856; x_wconf 81' lang='grc' dir='ltr'>σῦς,</span> <span class='ocrx_word' id='word_1_304' title='bbox 1493 2790 1700 2862; x_wconf 81' lang='grc' dir='ltr'><em>μέλλων</em></span> <span class='ocrx_word' id='word_1_305' title='bbox 1739 2792 1820 2854; x_wconf 79' lang='grc' dir='ltr'>εἰς</span> <span class='ocrx_word' id='word_1_306' title='bbox 1864 2791 2043 2864; x_wconf 77' lang='grc' dir='ltr'><strong><em>μάχην</em></strong></span> 
     </span>
    </p>
   </div>
   <div class='ocr_carea' id='block_1_43' title="bbox 478 2883 2043 2957">
    <p class='ocr_par' dir='ltr' id='par_1_43' title="bbox 478 2883 2043 2957">
     <span class='ocr_line' id='line_1_43' title="bbox 478 2883 2043 2957; baseline -0.002 -18"><span class='ocrx_word' id='word_1_307' title='bbox 478 2883 615 2940; x_wconf 72' lang='grc' dir='ltr'>εἶναι</span> <span class='ocrx_word' id='word_1_308' title='bbox 642 2887 782 2957; x_wconf 80' lang='lat' dir='ltr'><strong><em>(lego</em></strong></span> <span class='ocrx_word' id='word_1_309' title='bbox 805 2886 985 2957; x_wconf 74' lang='grc' dir='ltr'>ἰέναι),</span> <span class='ocrx_word' id='word_1_310' title='bbox 1008 2885 1141 2957; x_wconf 72' lang='grc' dir='ltr'><em>πρὸς</em></span> <span class='ocrx_word' id='word_1_311' title='bbox 1164 2887 1281 2948; x_wconf 87' lang='grc' dir='ltr'>ταῖς</span> <span class='ocrx_word' id='word_1_312' title='bbox 1305 2884 1476 2948; x_wconf 84' lang='grc' dir='ltr'><strong><em>λείαις</em></strong></span> <span class='ocrx_word' id='word_1_313' title='bbox 1507 2883 1732 2954; x_wconf 80' lang='grc' dir='ltr'>πέτραις</span> <span class='ocrx_word' id='word_1_314' title='bbox 1752 2884 1878 2946; x_wconf 83' lang='grc' dir='ltr'>τοὺς</span> <span class='ocrx_word' id='word_1_315' title='bbox 1900 2883 2043 2936; x_wconf 83' lang='grc' dir='ltr'>ὀδόν-</span> 
     </span>
    </p>
   </div>
   <div class='ocr_carea' id='block_1_44' title="bbox 477 2971 2044 3047">
    <p class='ocr_par' dir='ltr' id='par_1_44' title="bbox 477 2971 2044 3047">
     <span class='ocr_line' id='line_1_44' title="bbox 477 2971 2044 3047; baseline -0.004 -18"><span class='ocrx_word' id='word_1_316' title='bbox 477 2994 577 3041; x_wconf 82' lang='grc' dir='ltr'><strong><em>τας</em></strong></span> <span class='ocrx_word' id='word_1_317' title='bbox 610 2976 890 3047; x_wconf 83' lang='grc' dir='ltr'><strong><em>ὑποθήγει.</em></strong></span> <span class='ocrx_word' id='word_1_318' title='bbox 928 2974 1096 3029; x_wconf 80' lang='grc' dir='ltr'>Τοῦτό</span> <span class='ocrx_word' id='word_1_319' title='bbox 1137 2992 1216 3028; x_wconf 90' lang='grc' dir='ltr'><strong><em>τοι</em></strong></span> <span class='ocrx_word' id='word_1_320' title='bbox 1244 2974 1339 3027; x_wconf 68' lang='grc' dir='ltr'>καὶ</span> <span class='ocrx_word' id='word_1_321' title='bbox 1372 2974 1618 3045; x_wconf 86' lang='grc' dir='ltr'><strong><em>Ὅμηρος</em></strong></span> <span class='ocrx_word' id='word_1_322' title='bbox 1646 2971 1724 3043; x_wconf 81' lang='grc' dir='ltr'>τῷ</span> <span class='ocrx_word' id='word_1_323' title='bbox 1753 2971 1874 3044; x_wconf 81' lang='grc' dir='ltr'><strong><em>ζώῳ</em></strong></span> <span class='ocrx_word' id='word_1_324' title='bbox 1910 2989 2044 3043; x_wconf 80' lang='grc' dir='ltr'><strong><em>μαρ-</em></strong></span> 
     </span>
    </p>
   </div>
   <div class='ocr_carea' id='block_1_45' title="bbox 477 3064 2040 3140">
    <p class='ocr_par' dir='ltr' id='par_1_45' title="bbox 477 3064 2040 3140">
     <span class='ocr_line' id='line_1_45' title="bbox 477 3064 2040 3140; baseline -0.002 -20"><span class='ocrx_word' id='word_1_325' title='bbox 477 3067 655 3140; x_wconf 81' lang='grc' dir='ltr'>τυρῶν</span> <span class='ocrx_word' id='word_1_326' title='bbox 692 3067 849 3138; x_wconf 79' lang='grc' dir='ltr'>δῆλός</span> <span class='ocrx_word' id='word_1_327' title='bbox 892 3068 1056 3120; x_wconf 74' lang='grc' dir='ltr'>ἐστιν.</span> <span class='ocrx_word' id='word_1_328' title='bbox 1093 3065 1496 3120; x_wconf 85' lang='lat' dir='ltr'><strong><em>Advertendutn</em></strong></span> <span class='ocrx_word' id='word_1_329' title='bbox 1526 3065 1615 3120; x_wconf 90' lang='lat' dir='ltr'><strong><em>hic</em></strong></span> <span class='ocrx_word' id='word_1_330' title='bbox 1647 3064 1903 3119; x_wconf 82' lang='lat' dir='ltr'><strong><em>eximium</em></strong></span> <span class='ocrx_word' id='word_1_331' title='bbox 1937 3079 2040 3117; x_wconf 87' lang='lat' dir='ltr'><strong><em>na-</em></strong></span> 
     </span>
    </p>
   </div>
   <div class='ocr_carea' id='block_1_46' title="bbox 481 3156 2112 3246">
    <p class='ocr_par' dir='ltr' id='par_1_46' title="bbox 481 3156 2112 3246">
     <span class='ocr_line' id='line_1_46' title="bbox 481 3156 2112 3246; baseline -0.002 -34"><span class='ocrx_word' id='word_1_332' title='bbox 481 3170 616 3213; x_wconf 66' lang='lat' dir='ltr'><strong><em>turle</em></strong></span> <span class='ocrx_word' id='word_1_333' title='bbox 663 3159 985 3213; x_wconf 86' lang='lat' dir='ltr'><strong><em>miraculum</em></strong></span> <span class='ocrx_word' id='word_1_334' title='bbox 1037 3157 1106 3212; x_wconf 90' lang='lat' dir='ltr'><strong><em>de</em></strong></span> <span class='ocrx_word' id='word_1_335' title='bbox 1149 3158 1309 3228; x_wconf 77' lang='lat' dir='ltr'><strong><em>igneo</em></strong></span> <span class='ocrx_word' id='word_1_336' title='bbox 1352 3158 1514 3212; x_wconf 81' lang='lat' dir='ltr'><strong><em>dente</em></strong></span> <span class='ocrx_word' id='word_1_337' title='bbox 1565 3156 1687 3212; x_wconf 89' lang='lat' dir='ltr'><strong><em>irati</em></strong></span> <span class='ocrx_word' id='word_1_338' title='bbox 1735 3156 1904 3226; x_wconf 86' lang='lat' dir='ltr'><strong><em>capri,</em></strong></span> <span class='ocrx_word' id='word_1_339' title='bbox 1950 3156 2036 3211; x_wconf 91' lang='lat' dir='ltr'><strong><em>cui</em></strong></span> <span class='ocrx_word' id='word_1_340' title='bbox 2066 3181 2112 3246; x_wconf 67' lang='grc' dir='ltr'>ο</span> 
     </span>
    </p>
   </div>
   <div class='ocr_carea' id='block_1_47' title="bbox 483 3248 2040 3320">
    <p class='ocr_par' dir='ltr' id='par_1_47' title="bbox 483 3248 2040 3320">
     <span class='ocr_line' id='line_1_47' title="bbox 483 3248 2040 3320; baseline -0.001 -18"><span class='ocrx_word' id='word_1_341' title='bbox 483 3251 685 3304; x_wconf 86' lang='lat' dir='ltr'><strong><em>admoti</em></strong></span> <span class='ocrx_word' id='word_1_342' title='bbox 731 3250 847 3320; x_wconf 88' lang='lat' dir='ltr'><strong><em>pili,</em></strong></span> <span class='ocrx_word' id='word_1_343' title='bbox 883 3249 1106 3320; x_wconf 85' lang='lat' dir='ltr'><strong><em>perinde</em></strong></span> <span class='ocrx_word' id='word_1_344' title='bbox 1135 3258 1197 3303; x_wconf 93' lang='lat' dir='ltr'><strong><em>ut</em></strong></span> <span class='ocrx_word' id='word_1_345' title='bbox 1230 3248 1301 3304; x_wconf 90' lang='lat' dir='ltr'><strong><em>ab</em></strong></span> <span class='ocrx_word' id='word_1_346' title='bbox 1331 3249 1456 3320; x_wconf 87' lang='lat' dir='ltr'><strong><em>igne</em></strong></span> <span class='ocrx_word' id='word_1_347' title='bbox 1495 3257 1947 3319; x_wconf 88' lang='lat' dir='ltr'><strong><em>contorquentur,</em></strong></span> <span class='ocrx_word' id='word_1_348' title='bbox 1985 3255 2040 3304; x_wconf 90' lang='lat' dir='ltr'><strong><em>et</em></strong></span> 
     </span>
    </p>
   </div>
   <div class='ocr_carea' id='block_1_48' title="bbox 480 3338 1883 3410">
    <p class='ocr_par' dir='ltr' id='par_1_48' title="bbox 480 3338 1883 3410">
     <span class='ocr_line' id='line_1_48' title="bbox 480 3338 1883 3410; baseline -0.003 -14"><span class='ocrx_word' id='word_1_349' title='bbox 480 3350 745 3408; x_wconf 88' lang='lat' dir='ltr'><strong><em>uruntur;</em></strong></span> <span class='ocrx_word' id='word_1_350' title='bbox 775 3349 1004 3397; x_wconf 85' lang='lat' dir='ltr'><strong><em>testatur</em></strong></span> <span class='ocrx_word' id='word_1_351' title='bbox 1034 3339 1088 3394; x_wconf 92' lang='lat' dir='ltr'><strong><em>id</em></strong></span> <span class='ocrx_word' id='word_1_352' title='bbox 1119 3338 1418 3410; x_wconf 89' lang='lat' dir='ltr'><strong><em>Oppianus,</em></strong></span> <span class='ocrx_word' id='word_1_353' title='bbox 1446 3341 1540 3396; x_wconf 92' lang='lat' dir='ltr'><strong><em>lib.</em></strong></span> <span class='ocrx_word' id='word_1_354' title='bbox 1568 3356 1628 3394; x_wconf 87' lang='grc' dir='ltr'><strong><em>ιιι</em></strong></span> <span class='ocrx_word' id='word_1_355' title='bbox 1657 3344 1883 3409; x_wconf 78' lang='grc' dir='ltr'><strong><em>Κυνηγ.</em></strong></span> 
     </span>
    </p>
   </div>
   <div class='ocr_carea' id='block_1_49' title="bbox 482 3449 2015 3518">
    <p class='ocr_par' dir='ltr' id='par_1_49' title="bbox 482 3449 2015 3518">
     <span class='ocr_line' id='line_1_49' title="bbox 482 3449 2015 3518; baseline -0.003 -12"><span class='ocrx_word' id='word_1_356' title='bbox 482 3454 649 3506; x_wconf 84' lang='grc' dir='ltr'>Ἔστι</span> <span class='ocrx_word' id='word_1_357' title='bbox 674 3451 740 3505; x_wconf 82' lang='grc' dir='ltr'><strong><em>δέ</em></strong></span> <span class='ocrx_word' id='word_1_358' title='bbox 765 3469 853 3517; x_wconf 86' lang='grc' dir='ltr'><em>τις</em></span> <span class='ocrx_word' id='word_1_359' title='bbox 883 3450 1130 3518; x_wconf 83' lang='grc' dir='ltr'><em>κάπροιο</em></span> <span class='ocrx_word' id='word_1_360' title='bbox 1165 3449 1335 3517; x_wconf 75' lang='grc' dir='ltr'><em>φάτις</em></span> <span class='ocrx_word' id='word_1_361' title='bbox 1357 3450 1508 3518; x_wconf 87' lang='grc' dir='ltr'><em>πέρι,</em></span> <span class='ocrx_word' id='word_1_362' title='bbox 1547 3449 1773 3505; x_wconf 81' lang='grc' dir='ltr'>λευκὸν</span> <span class='ocrx_word' id='word_1_363' title='bbox 1800 3449 2015 3502; x_wconf 84' lang='grc' dir='ltr'><strong><em>ὀδόντα</em></strong></span> 
     </span>
    </p>
   </div>
   <div class='ocr_carea' id='block_1_50' title="bbox 479 3518 2016 3591">
    <p class='ocr_par' dir='ltr' id='par_1_50' title="bbox 479 3518 2016 3591">
     <span class='ocr_line' id='line_1_50' title="bbox 479 3518 2016 3591; baseline -0.002 -14"><span class='ocrx_word' id='word_1_364' title='bbox 479 3521 730 3591; x_wconf 80' lang='grc' dir='ltr'><em>Λάθριον</em></span> <span class='ocrx_word' id='word_1_365' title='bbox 753 3522 923 3587; x_wconf 79' lang='grc' dir='ltr'><em>ἐντὸς</em></span> <span class='ocrx_word' id='word_1_366' title='bbox 950 3522 1092 3590; x_wconf 81' lang='grc' dir='ltr'><strong><em>ἔμεν</em></strong></span> <span class='ocrx_word' id='word_1_367' title='bbox 1115 3523 1386 3591; x_wconf 54' lang='grc' dir='ltr'><strong><em>μαπρὴν</em></strong></span> <span class='ocrx_word' id='word_1_368' title='bbox 1412 3524 1761 3591; x_wconf 81' lang='grc' dir='ltr'>πυρόεσσαν</span> <span class='ocrx_word' id='word_1_369' title='bbox 1779 3518 2016 3586; x_wconf 80' lang='grc' dir='ltr'><em>ἐνιπήν.</em></span> 
     </span>
    </p>
   </div>
   <div class='ocr_carea' id='block_1_51' title="bbox 479 3590 1808 3661">
    <p class='ocr_par' dir='ltr' id='par_1_51' title="bbox 479 3590 1808 3661">
     <span class='ocr_line' id='line_1_51' title="bbox 479 3590 1808 3661; baseline -0.003 -15"><span class='ocrx_word' id='word_1_370' title='bbox 479 3590 646 3661; x_wconf 68' lang='grc' dir='ltr'><strong><em>Σῆμα</em></strong></span> <span class='ocrx_word' id='word_1_371' title='bbox 668 3592 719 3644; x_wconf 75' lang='grc' dir='ltr'>δ’</span> <span class='ocrx_word' id='word_1_372' title='bbox 745 3593 1134 3660; x_wconf 76' lang='grc' dir='ltr'><strong><em>ἐφιμερίοισιν</em></strong></span> <span class='ocrx_word' id='word_1_373' title='bbox 1155 3590 1477 3661; x_wconf 4' lang='grc' dir='ltr'><strong><em>,ἀριφραδὲς</em></strong></span> <span class='ocrx_word' id='word_1_374' title='bbox 1498 3590 1808 3659; x_wconf 73' lang='grc' dir='ltr'>ἐρρίζωται.</span> 
     </span>
    </p>
   </div>
   <div class='ocr_carea' id='block_1_52' title="bbox 492 3658 2041 3730">
    <p class='ocr_par' dir='ltr' id='par_1_52' title="bbox 492 3658 2041 3730">
     <span class='ocr_line' id='line_1_52' title="bbox 492 3658 2041 3730; baseline -0.001 -16"><span class='ocrx_word' id='word_1_375' title='bbox 492 3658 736 3715; x_wconf 77' lang='grc' dir='ltr'><strong><em>Ὀππότε</em></strong></span> <span class='ocrx_word' id='word_1_376' title='bbox 770 3658 878 3730; x_wconf 63' lang='grc' dir='ltr'><strong><em>ἀοὰξρ</em></strong></span> <span class='ocrx_word' id='word_1_377' title='bbox 909 3661 1100 3725; x_wconf 86' lang='grc' dir='ltr'><em>πολὺς</em></span> <span class='ocrx_word' id='word_1_378' title='bbox 1129 3658 1312 3728; x_wconf 82' lang='grc' dir='ltr'><em>ὄχλος</em></span> <span class='ocrx_word' id='word_1_379' title='bbox 1330 3658 1648 3730; x_wconf 80' lang='grc' dir='ltr'><em>ἐπήτριμος</em></span> <span class='ocrx_word' id='word_1_380' title='bbox 1666 3658 2041 3730; x_wconf 69' lang='grc' dir='ltr'><strong><em>ἁπρευτήρων</em></strong></span> 
     </span>
    </p>
   </div>
   <div class='ocr_carea' id='block_1_53' title="bbox 479 3729 2038 3799">
    <p class='ocr_par' dir='ltr' id='par_1_53' title="bbox 479 3729 2038 3799">
     <span class='ocr_line' id='line_1_53' title="bbox 479 3729 2038 3799; baseline -0.003 -14"><span class='ocrx_word' id='word_1_381' title='bbox 479 3733 603 3785; x_wconf 80' lang='grc' dir='ltr'><strong><em>Σὺν</em></strong></span> <span class='ocrx_word' id='word_1_382' title='bbox 623 3729 804 3785; x_wconf 72' lang='grc' dir='ltr'><strong><em>κυσὶι⁸</em></strong></span> <span class='ocrx_word' id='word_1_383' title='bbox 826 3729 1168 3799; x_wconf 77' lang='grc' dir='ltr'>εὐτόλμοισι</span> <span class='ocrx_word' id='word_1_384' title='bbox 1185 3731 1317 3783; x_wconf 80' lang='grc' dir='ltr'><em>ποτὶ</em></span> <span class='ocrx_word' id='word_1_385' title='bbox 1338 3734 1526 3798; x_wconf 82' lang='grc' dir='ltr'><strong><em>χθόνα</em></strong></span> <span class='ocrx_word' id='word_1_386' title='bbox 1539 3729 1700 3799; x_wconf 82' lang='grc' dir='ltr'><strong><em>θῆρα</em></strong></span> <span class='ocrx_word' id='word_1_387' title='bbox 1712 3729 2038 3799; x_wconf 68' lang='grc' dir='ltr'><strong><em>βάλωνται,</em></strong></span> 
     </span>
    </p>
   </div>
   <div class='ocr_carea' id='block_1_54' title="bbox 481 3797 2002 3870">
    <p class='ocr_par' dir='ltr' id='par_1_54' title="bbox 481 3797 2002 3870">
     <span class='ocr_line' id='line_1_54' title="bbox 481 3797 2002 3870; baseline -0.002 -15"><span class='ocrx_word' id='word_1_388' title='bbox 481 3800 781 3870; x_wconf 71' lang='grc' dir='ltr'><strong><em>Αἱχμῇονιν</em></strong></span> <span class='ocrx_word' id='word_1_389' title='bbox 815 3797 1132 3868; x_wconf 80' lang='grc' dir='ltr'><strong><em>δολιχῇσιν</em></strong></span> <span class='ocrx_word' id='word_1_390' title='bbox 1168 3797 1582 3870; x_wconf 74' lang='grc' dir='ltr'>ἐπασσύτερον</span> <span class='ocrx_word' id='word_1_391' title='bbox 1608 3797 2002 3870; x_wconf 74' lang='grc' dir='ltr'>δαμάσαντες,</span> 
     </span>
    </p>
   </div>
   <div class='ocr_carea' id='block_1_55' title="bbox 481 3867 2007 3939">
    <p class='ocr_par' dir='ltr' id='par_1_55' title="bbox 481 3867 2007 3939">
     <span class='ocr_line' id='line_1_55' title="bbox 481 3867 2007 3939; baseline -0.003 -15"><span class='ocrx_word' id='word_1_392' title='bbox 481 3867 712 3938; x_wconf 52' lang='grc' dir='ltr'><strong><em>Αιῑτδθ</em></strong></span> <span class='ocrx_word' id='word_1_393' title='bbox 737 3867 994 3938; x_wconf 78' lang='grc' dir='ltr'><strong><em>αὐχένος</em></strong></span> <span class='ocrx_word' id='word_1_394' title='bbox 1017 3867 1077 3924; x_wconf 19' lang='grc' dir='ltr'><strong><em>θεῖ</em></strong></span> <span class='ocrx_word' id='word_1_395' title='bbox 1095 3887 1185 3936; x_wconf 86' lang='grc' dir='ltr'>τις</span> <span class='ocrx_word' id='word_1_396' title='bbox 1212 3869 1554 3939; x_wconf 77' lang='grc' dir='ltr'><em>ἀειράμενος</em></span> <span class='ocrx_word' id='word_1_397' title='bbox 1575 3867 1748 3938; x_wconf 66' lang='grc' dir='ltr'>τρίχα</span> <span class='ocrx_word' id='word_1_398' title='bbox 1772 3867 2007 3939; x_wconf 74' lang='grc' dir='ltr'><em>λεπτὴν</em></span> 
     </span>
    </p>
   </div>
   <div class='ocr_carea' id='block_1_56' title="bbox 486 3938 1942 4010">
    <p class='ocr_par' dir='ltr' id='par_1_56' title="bbox 486 3938 1942 4010">
     <span class='ocr_line' id='line_1_56' title="bbox 486 3938 1942 4010; baseline -0.003 -15"><span class='ocrx_word' id='word_1_399' title='bbox 486 3941 678 4010; x_wconf 72' lang='grc' dir='ltr'><strong><em>θηρὸς</em></strong></span> <span class='ocrx_word' id='word_1_400' title='bbox 704 3941 787 4010; x_wconf 75' lang='grc' dir='ltr'><strong><em>ἐτ’</em></strong></span> <span class='ocrx_word' id='word_1_401' title='bbox 818 3941 1249 4010; x_wconf 79' lang='grc' dir='ltr'><strong><em>ἁσθμαίνοντος</em></strong></span> <span class='ocrx_word' id='word_1_402' title='bbox 1280 3938 1690 4009; x_wconf 66' lang='grc' dir='ltr'><strong><em>ἐνιχρίμψειεν</em></strong></span> <span class='ocrx_word' id='word_1_403' title='bbox 1724 3938 1942 4010; x_wconf 69' lang='grc' dir='ltr'>ὀδόντι,</span> 
     </span>
    </p>
   </div>
   <div class='ocr_carea' id='block_1_57' title="bbox 473 4007 1995 4080">
    <p class='ocr_par' dir='ltr' id='par_1_57' title="bbox 473 4007 1995 4080">
     <span class='ocr_line' id='line_1_57' title="bbox 473 4007 1995 4080; baseline -0.003 -15"><span class='ocrx_word' id='word_1_404' title='bbox 473 4007 634 4080; x_wconf 47' lang='lat' dir='ltr'><strong><em>Alica</em></strong></span> <span class='ocrx_word' id='word_1_405' title='bbox 651 4009 811 4079; x_wconf 81' lang='grc' dir='ltr'><strong><em>μάλα</em></strong></span> <span class='ocrx_word' id='word_1_406' title='bbox 836 4007 1168 4079; x_wconf 65' lang='grc' dir='ltr'>σφαιρηδὸν</span> <span class='ocrx_word' id='word_1_407' title='bbox 1198 4007 1538 4079; x_wconf 55' lang='grc' dir='ltr'>ἀνέδραμεν</span> <span class='ocrx_word' id='word_1_408' title='bbox 1559 4008 1840 4080; x_wconf 68' lang='grc' dir='ltr'><strong><em>αἰθομένη</em></strong></span> <span class='ocrx_word' id='word_1_409' title='bbox 1863 4007 1995 4075; x_wconf 78' lang='grc' dir='ltr'><strong><em>θρὶξ</em></strong></span> 
     </span>
    </p>
   </div>
   <div class='ocr_carea' id='block_1_58' title="bbox 483 4079 2004 4149">
    <p class='ocr_par' dir='ltr' id='par_1_58' title="bbox 483 4079 2004 4149">
     <span class='ocr_line' id='line_1_58' title="bbox 483 4079 2004 4149; baseline -0.001 -15"><span class='ocrx_word' id='word_1_410' title='bbox 483 4079 590 4136; x_wconf 68' lang='grc' dir='ltr'>καὶ</span> <span class='ocrx_word' id='word_1_411' title='bbox 623 4081 674 4134; x_wconf 82' lang='grc' dir='ltr'>δ’</span> <span class='ocrx_word' id='word_1_412' title='bbox 707 4082 938 4135; x_wconf 83' lang='grc' dir='ltr'>αὐτοῖσι</span> <span class='ocrx_word' id='word_1_413' title='bbox 970 4084 1225 4135; x_wconf 82' lang='grc' dir='ltr'><strong><em>κύνεσσι</em></strong></span> <span class='ocrx_word' id='word_1_414' title='bbox 1253 4081 1354 4133; x_wconf 79' lang='grc' dir='ltr'><strong><em>ἐπὶ</em></strong></span> <span class='ocrx_word' id='word_1_415' title='bbox 1378 4079 1646 4149; x_wconf 77' lang='grc' dir='ltr'><strong><em>πλευρῇς</em></strong></span> <span class='ocrx_word' id='word_1_416' title='bbox 1672 4079 2004 4146; x_wconf 80' lang='grc' dir='ltr'>ἑκάτερθεν,</span> 
     </span>
    </p>
   </div>
   <div class='ocr_carea' id='block_1_59' title="bbox 485 4149 1965 4220">
    <p class='ocr_par' dir='ltr' id='par_1_59' title="bbox 485 4149 1965 4220">
     <span class='ocr_line' id='line_1_59' title="bbox 485 4149 1965 4220; baseline -0.003 -14"><span class='ocrx_word' id='word_1_417' title='bbox 485 4154 670 4206; x_wconf 80' lang='grc' dir='ltr'><strong><em>Ἔνθα</em></strong></span> <span class='ocrx_word' id='word_1_418' title='bbox 705 4153 856 4217; x_wconf 85' lang='grc' dir='ltr'><strong><em>συὸς</em></strong></span> <span class='ocrx_word' id='word_1_419' title='bbox 884 4153 1111 4220; x_wconf 75' lang='grc' dir='ltr'><strong><em>γενύων</em></strong></span> <span class='ocrx_word' id='word_1_420' title='bbox 1140 4150 1400 4220; x_wconf 85' lang='grc' dir='ltr'>πέλασαι</span> <span class='ocrx_word' id='word_1_421' title='bbox 1429 4153 1674 4214; x_wconf 72' lang='grc' dir='ltr'><strong><em>αἴθωνες</em></strong></span> <span class='ocrx_word' id='word_1_422' title='bbox 1705 4149 1965 4214; x_wconf 81' lang='grc' dir='ltr'><strong><em>ὀδόντες,</em></strong></span> 
     </span>
    </p>
   </div>
   <div class='ocr_carea' id='block_1_60' title="bbox 484 4219 1759 4292">
    <p class='ocr_par' dir='ltr' id='par_1_60' title="bbox 484 4219 1759 4292">
     <span class='ocr_line' id='line_1_60' title="bbox 484 4219 1759 4292; baseline -0.002 -17"><span class='ocrx_word' id='word_1_423' title='bbox 484 4224 678 4292; x_wconf 82' lang='grc' dir='ltr'>Ἰχνεα</span> <span class='ocrx_word' id='word_1_424' title='bbox 703 4219 1118 4290; x_wconf 26' lang='grc' dir='ltr'>πυρσείυθέντα</span> <span class='ocrx_word' id='word_1_425' title='bbox 1141 4219 1238 4273; x_wconf 86' lang='grc' dir='ltr'><strong><em>διὰ</em></strong></span> <span class='ocrx_word' id='word_1_426' title='bbox 1251 4220 1443 4288; x_wconf 74' lang='grc' dir='ltr'><em>ῥινοῖο</em></span> <span class='ocrx_word' id='word_1_427' title='bbox 1468 4221 1759 4274; x_wconf 81' lang='grc' dir='ltr'>τέτανται.</span> 
     </span>
    </p>
   </div>
   <div class='ocr_carea' id='block_1_61' title="bbox 482 4331 2045 4405">
    <p class='ocr_par' dir='ltr' id='par_1_61' title="bbox 482 4331 2045 4405">
     <span class='ocr_line' id='line_1_61' title="bbox 482 4331 2045 4405; baseline -0.001 -17"><span class='ocrx_word' id='word_1_428' title='bbox 482 4335 556 4390; x_wconf 83' lang='lat' dir='ltr'><strong><em>De</em></strong></span> <span class='ocrx_word' id='word_1_429' title='bbox 578 4335 767 4391; x_wconf 90' lang='lat' dir='ltr'><strong><em>eodem</em></strong></span> <span class='ocrx_word' id='word_1_430' title='bbox 789 4335 1016 4389; x_wconf 86' lang='lat' dir='ltr'><strong><em>consule</em></strong></span> <span class='ocrx_word' id='word_1_431' title='bbox 1036 4333 1467 4405; x_wconf 85' lang='lat' dir='ltr'><strong><em>Xenophontem,</em></strong></span> <span class='ocrx_word' id='word_1_432' title='bbox 1492 4335 1546 4389; x_wconf 90' lang='lat' dir='ltr'><strong><em>in</em></strong></span> <span class='ocrx_word' id='word_1_433' title='bbox 1573 4332 1910 4405; x_wconf 84' lang='lat' dir='ltr'><strong><em>Cynegetico;</em></strong></span> <span class='ocrx_word' id='word_1_434' title='bbox 1927 4331 2045 4388; x_wconf 89' lang='lat' dir='ltr'><strong><em>Pol-</em></strong></span> 
     </span>
    </p>
   </div>
   <div class='ocr_carea' id='block_1_62' title="bbox 485 4423 2038 4495">
    <p class='ocr_par' dir='ltr' id='par_1_62' title="bbox 485 4423 2038 4495">
     <span class='ocr_line' id='line_1_62' title="bbox 485 4423 2038 4495; baseline -0.002 -17"><span class='ocrx_word' id='word_1_435' title='bbox 485 4427 678 4490; x_wconf 89' lang='lat' dir='ltr'><strong><em>lucem,</em></strong></span> <span class='ocrx_word' id='word_1_436' title='bbox 705 4425 798 4478; x_wconf 86' lang='lat' dir='ltr'><strong><em>lib.</em></strong></span> <span class='ocrx_word' id='word_1_437' title='bbox 825 4441 859 4480; x_wconf 70' lang='grc' dir='ltr'><em>ν</em></span> <span class='ocrx_word' id='word_1_438' title='bbox 898 4424 1197 4491; x_wconf 87' lang='lat' dir='ltr'><strong><em>0nomast.,</em></strong></span> <span class='ocrx_word' id='word_1_439' title='bbox 1236 4441 1355 4495; x_wconf 89' lang='lat' dir='ltr'><strong><em>cap.</em></strong></span> <span class='ocrx_word' id='word_1_440' title='bbox 1382 4424 1484 4490; x_wconf 68' lang='lat'><strong><em>12;</em></strong></span> <span class='ocrx_word' id='word_1_441' title='bbox 1511 4424 1762 4486; x_wconf 89' lang='lat' dir='ltr'><strong><em>Plinium,</em></strong></span> <span class='ocrx_word' id='word_1_442' title='bbox 1788 4423 1884 4478; x_wconf 88' lang='lat' dir='ltr'><strong><em>lib.</em></strong></span> <span class='ocrx_word' id='word_1_443' title='bbox 1907 4438 2038 4490; x_wconf 78' lang='lat' dir='ltr'><strong><em>vni;</em></strong></span> 
     </span>
    </p>
   </div>
   <div class='ocr_carea' id='block_1_63' title="bbox 483 4513 2116 4586">
    <p class='ocr_par' dir='ltr' id='par_1_63' title="bbox 483 4513 2116 4586">
     <span class='ocr_line' id='line_1_63' title="bbox 483 4513 2116 4586; baseline -0.001 -18"><span class='ocrx_word' id='word_1_444' title='bbox 483 4517 789 4586; x_wconf 81' lang='lat' dir='ltr'><strong><em>Apuleium,</em></strong></span> <span class='ocrx_word' id='word_1_445' title='bbox 828 4517 923 4570; x_wconf 92' lang='lat' dir='ltr'><strong><em>lib.</em></strong></span> <span class='ocrx_word' id='word_1_446' title='bbox 962 4529 1082 4581; x_wconf 80' lang='lat' dir='ltr'><strong><em>vm,</em></strong></span> <span class='ocrx_word' id='word_1_447' title='bbox 1124 4517 1274 4571; x_wconf 84' lang='lat' dir='ltr'><strong><em>Asini</em></strong></span> <span class='ocrx_word' id='word_1_448' title='bbox 1317 4517 1487 4570; x_wconf 90' lang='lat' dir='ltr'><strong><em>aurei.</em></strong></span> <span class='ocrx_word' id='word_1_449' title='bbox 1529 4515 1620 4569; x_wconf 83' lang='lat' dir='ltr'><strong><em>Sic</em></strong></span> <span class='ocrx_word' id='word_1_450' title='bbox 1658 4513 1904 4576; x_wconf 86' lang='lat' dir='ltr'><strong><em>Ovidius,</em></strong></span> <span class='ocrx_word' id='word_1_451' title='bbox 1942 4513 2038 4567; x_wconf 94' lang='lat' dir='ltr'><strong><em>lib.</em></strong></span> <span class='ocrx_word' id='word_1_452' title='bbox 2071 4527 2116 4584; x_wconf 73' lang='grc' dir='ltr'><strong>ι)</strong></span> 
     </span>
    </p>
   </div>
   <div class='ocr_carea' id='block_1_64' title="bbox 482 4607 1049 4676">
    <p class='ocr_par' dir='ltr' id='par_1_64' title="bbox 482 4607 1049 4676">
     <span class='ocr_line' id='line_1_64' title="bbox 482 4607 1049 4676; baseline -0.004 -14"><span class='ocrx_word' id='word_1_453' title='bbox 482 4624 555 4662; x_wconf 77' lang='lat' dir='ltr'><strong><em>VII</em></strong></span> <span class='ocrx_word' id='word_1_454' title='bbox 586 4607 994 4676; x_wconf 81' lang='lat' dir='ltr'><strong><em>Metamorpltos.</em></strong></span> <span class='ocrx_word' id='word_1_455' title='bbox 1030 4621 1049 4660; x_wconf 91' lang='lat'><strong><em>:</em></strong></span> 
     </span>
    </p>
   </div>
   <div class='ocr_carea' id='block_1_65' title="bbox 555 4695 1933 4763">
    <p class='ocr_par' dir='ltr' id='par_1_65' title="bbox 555 4695 1933 4763">
     <span class='ocr_line' id='line_1_65' title="bbox 555 4695 1933 4763; baseline -0.004 -9"><span class='ocrx_word' id='word_1_456' title='bbox 555 4699 779 4754; x_wconf 80' lang='lat' dir='ltr'><strong><em>Fulmen</em></strong></span> <span class='ocrx_word' id='word_1_457' title='bbox 808 4700 992 4753; x_wconf 82' lang='lat' dir='ltr'><strong><em>habent</em></strong></span> <span class='ocrx_word' id='word_1_458' title='bbox 1027 4715 1170 4754; x_wconf 88' lang='lat' dir='ltr'><strong><em>acres</em></strong></span> <span class='ocrx_word' id='word_1_459' title='bbox 1199 4699 1255 4751; x_wconf 90' lang='lat' dir='ltr'><strong><em>in</em></strong></span> <span class='ocrx_word' id='word_1_460' title='bbox 1281 4697 1498 4751; x_wconf 89' lang='lat' dir='ltr'><strong><em>aduncis</em></strong></span> <span class='ocrx_word' id='word_1_461' title='bbox 1525 4695 1766 4749; x_wconf 84' lang='lat' dir='ltr'><strong><em>dentibus</em></strong></span> <span class='ocrx_word' id='word_1_462' title='bbox 1796 4695 1933 4763; x_wconf 88' lang='lat' dir='ltr'><strong><em>apri.</em></strong></span> 
     </span>
    </p>
   </div>
   <div class='ocr_carea' id='block_1_66' title="bbox 483 4785 2040 4863">
    <p class='ocr_par' dir='ltr' id='par_1_66' title="bbox 483 4785 2040 4863">
     <span class='ocr_line' id='line_1_66' title="bbox 483 4785 2040 4863; baseline -0.006 -16"><span class='ocrx_word' id='word_1_463' title='bbox 483 4794 548 4847; x_wconf 86' lang='lat' dir='ltr'><strong><em>Et</em></strong></span> <span class='ocrx_word' id='word_1_464' title='bbox 587 4794 654 4849; x_wconf 90' lang='lat' dir='ltr'><strong><em>de</em></strong></span> <span class='ocrx_word' id='word_1_465' title='bbox 684 4809 750 4848; x_wconf 89' lang='lat' dir='ltr'><strong><em>eo</em></strong></span> <span class='ocrx_word' id='word_1_466' title='bbox 779 4793 934 4863; x_wconf 86' lang='lat' dir='ltr'><strong><em>plura</em></strong></span> <span class='ocrx_word' id='word_1_467' title='bbox 965 4792 1169 4861; x_wconf 79' lang='lat' dir='ltr'><strong><em>colligit</em></strong></span> <span class='ocrx_word' id='word_1_468' title='bbox 1198 4789 1481 4844; x_wconf 87' lang='lat' dir='ltr'><strong><em>Conradus</em></strong></span> <span class='ocrx_word' id='word_1_469' title='bbox 1523 4787 1959 4842; x_wconf 73' lang='lat' dir='ltr'><strong><em>llitthershusius</em></strong></span> <span class='ocrx_word' id='word_1_470' title='bbox 1987 4785 2040 4839; x_wconf 92' lang='lat' dir='ltr'><strong><em>in</em></strong></span> 
     </span>
    </p>
   </div>
   <div class='ocr_carea' id='block_1_67' title="bbox 484 4882 1175 4953">
    <p class='ocr_par' dir='ltr' id='par_1_67' title="bbox 484 4882 1175 4953">
     <span class='ocr_line' id='line_1_67' title="bbox 484 4882 1175 4953; baseline -0.001 -14"><span class='ocrx_word' id='word_1_471' title='bbox 484 4887 663 4940; x_wconf 85' lang='lat' dir='ltr'><strong><em>locum</em></strong></span> <span class='ocrx_word' id='word_1_472' title='bbox 689 4885 895 4940; x_wconf 92' lang='lat' dir='ltr'><strong><em>dictum</em></strong></span> <span class='ocrx_word' id='word_1_473' title='bbox 923 4882 1175 4953; x_wconf 90' lang='lat' dir='ltr'><strong><em>Oppiani.</em></strong></span> 
     </span>
    </p>
   </div>
   <div class='ocr_carea' id='block_1_68' title="bbox 554 4969 2043 5041">
    <p class='ocr_par' dir='ltr' id='par_1_68' title="bbox 554 4969 2043 5041">
     <span class='ocr_line' id='line_1_68' title="bbox 554 4969 2043 5041; baseline -0.005 -10"><span class='ocrx_word' id='word_1_474' title='bbox 554 4975 710 5041; x_wconf 85' lang='lat' dir='ltr'><strong><em>Ibid.,</em></strong></span> <span class='ocrx_word' id='word_1_475' title='bbox 738 4977 833 5031; x_wconf 90' lang='lat' dir='ltr'><strong><em>lin.</em></strong></span> <span class='ocrx_word' id='word_1_476' title='bbox 865 4976 954 5031; x_wconf 77' lang='lat'><strong><em>30.</em></strong></span> <span class='ocrx_word' id='word_1_477' title='bbox 994 4976 1158 5027; x_wconf 86' lang='grc' dir='ltr'>Ἔστι</span> <span class='ocrx_word' id='word_1_478' title='bbox 1189 4972 1256 5026; x_wconf 84' lang='grc' dir='ltr'>δὲ</span> <span class='ocrx_word' id='word_1_479' title='bbox 1292 4971 1436 5034; x_wconf 81' lang='grc' dir='ltr'><em>ζῶον</em></span> <span class='ocrx_word' id='word_1_480' title='bbox 1470 4973 1761 5039; x_wconf 76' lang='grc' dir='ltr'><strong><em>ἁνθόλοψ.</em></strong></span> <span class='ocrx_word' id='word_1_481' title='bbox 1801 4969 1924 5024; x_wconf 63' lang='lat' dir='ltr'><strong><em>Hinc</em></strong></span> <span class='ocrx_word' id='word_1_482' title='bbox 1968 4970 2043 5023; x_wconf 80' lang='lat' dir='ltr'><strong><em>ita</em></strong></span> 
     </span>
    </p>
   </div>
   <div class='ocr_carea' id='block_1_69' title="bbox 483 5064 2040 5134">
    <p class='ocr_par' dir='ltr' id='par_1_69' title="bbox 483 5064 2040 5134">
     <span class='ocr_line' id='line_1_69' title="bbox 483 5064 2040 5134; baseline -0.003 -13"><span class='ocrx_word' id='word_1_483' title='bbox 483 5075 722 5123; x_wconf 79' lang='lat' dir='ltr'><strong><em>verterat</em></strong></span> <span class='ocrx_word' id='word_1_484' title='bbox 751 5069 943 5123; x_wconf 86' lang='lat' dir='ltr'><strong><em>Petrus</em></strong></span> <span class='ocrx_word' id='word_1_485' title='bbox 968 5067 1280 5132; x_wconf 87' lang='lat' dir='ltr'><strong><em>Damianus,</em></strong></span> <span class='ocrx_word' id='word_1_486' title='bbox 1316 5065 1487 5134; x_wconf 83' lang='lat' dir='ltr'><strong><em>Epist.</em></strong></span> <span class='ocrx_word' id='word_1_487' title='bbox 1531 5067 1627 5120; x_wconf 91' lang='lat' dir='ltr'><strong><em>lib.</em></strong></span> <span class='ocrx_word' id='word_1_488' title='bbox 1662 5082 1734 5131; x_wconf 89' lang='grc' dir='ltr'><strong><em>ιι,</em></strong></span> <span class='ocrx_word' id='word_1_489' title='bbox 1762 5065 1918 5132; x_wconf 90' lang='lat' dir='ltr'><strong><em>epist.</em></strong></span> <span class='ocrx_word' id='word_1_490' title='bbox 1952 5064 2040 5124; x_wconf 81' lang='lat' dir='ltr'><strong><em>l8,</em></strong></span> 
     </span>
    </p>
   </div>
   <div class='ocr_carea' id='block_1_70' title="bbox 485 5153 2043 5221">
    <p class='ocr_par' dir='ltr' id='par_1_70' title="bbox 485 5153 2043 5221">
     <span class='ocr_line' id='line_1_70' title="bbox 485 5153 2043 5221; baseline -0.004 -9"><span class='ocrx_word' id='word_1_491' title='bbox 485 5160 554 5212; x_wconf 88' lang='lat' dir='ltr'><strong><em>ad</em></strong></span> <span class='ocrx_word' id='word_1_492' title='bbox 587 5158 921 5213; x_wconf 88' lang='lat' dir='ltr'><strong><em>Desiderium</em></strong></span> <span class='ocrx_word' id='word_1_493' title='bbox 966 5157 1203 5212; x_wconf 90' lang='lat' dir='ltr'><strong><em>abbatem</em></strong></span> <span class='ocrx_word' id='word_1_494' title='bbox 1233 5167 1281 5211; x_wconf 88' lang='lat' dir='ltr'><strong><em>et</em></strong></span> <span class='ocrx_word' id='word_1_495' title='bbox 1315 5155 1657 5211; x_wconf 86' lang='lat' dir='ltr'><strong><em>cardinales:</em></strong></span> <span class='ocrx_word' id='word_1_496' title='bbox 1691 5153 2043 5221; x_wconf 83' lang='lat' dir='ltr'><strong><em>Anthalopum</em></strong></span> 
     </span>
    </p>
   </div>
   <div class='ocr_carea' id='block_1_71' title="bbox 485 5243 2041 5320">
    <p class='ocr_par' dir='ltr' id='par_1_71' title="bbox 485 5243 2041 5320">
     <span class='ocr_line' id='line_1_71' title="bbox 485 5243 2041 5320; baseline -0.005 -17"><span class='ocrx_word' id='word_1_497' title='bbox 485 5267 682 5320; x_wconf 88' lang='lat' dir='ltr'><strong><em>quoque</em></strong></span> <span class='ocrx_word' id='word_1_498' title='bbox 712 5251 1019 5304; x_wconf 90' lang='lat' dir='ltr'><strong><em>acerrimum</em></strong></span> <span class='ocrx_word' id='word_1_499' title='bbox 1048 5249 1226 5311; x_wconf 90' lang='lat' dir='ltr'><strong><em>nimis,</em></strong></span> <span class='ocrx_word' id='word_1_500' title='bbox 1265 5257 1313 5302; x_wconf 90' lang='lat' dir='ltr'><strong><em>et</em></strong></span> <span class='ocrx_word' id='word_1_501' title='bbox 1357 5247 1635 5301; x_wconf 85' lang='lat' dir='ltr'><strong><em>violentum</em></strong></span> <span class='ocrx_word' id='word_1_502' title='bbox 1677 5255 1756 5300; x_wconf 89' lang='lat' dir='ltr'><strong><em>est</em></strong></span> <span class='ocrx_word' id='word_1_503' title='bbox 1806 5243 2041 5307; x_wconf 87' lang='lat' dir='ltr'><strong><em>animal;</em></strong></span> 
     </span>
    </p>
   </div>
   <div class='ocr_carea' id='block_1_72' title="bbox 485 5337 2045 5407">
    <p class='ocr_par' dir='ltr' id='par_1_72' title="bbox 485 5337 2045 5407">
     <span class='ocr_line' id='line_1_72' title="bbox 485 5337 2045 5407; baseline -0.006 -11"><span class='ocrx_word' id='word_1_504' title='bbox 485 5343 614 5399; x_wconf 89' lang='lat' dir='ltr'><strong><em>adeo</em></strong></span> <span class='ocrx_word' id='word_1_505' title='bbox 638 5352 695 5396; x_wconf 92' lang='lat' dir='ltr'><strong><em>ut</em></strong></span> <span class='ocrx_word' id='word_1_506' title='bbox 723 5359 812 5397; x_wconf 90' lang='lat' dir='ltr'><strong><em>nec</em></strong></span> <span class='ocrx_word' id='word_1_507' title='bbox 840 5344 918 5396; x_wconf 89' lang='lat' dir='ltr'><strong><em>illi</em></strong></span> <span class='ocrx_word' id='word_1_508' title='bbox 940 5351 1153 5396; x_wconf 88' lang='lat' dir='ltr'><strong><em>venator</em></strong></span> <span class='ocrx_word' id='word_1_509' title='bbox 1181 5339 1442 5402; x_wconf 88' lang='lat' dir='ltr'><strong><em>accedere,</em></strong></span> <span class='ocrx_word' id='word_1_510' title='bbox 1463 5356 1553 5393; x_wconf 89' lang='lat' dir='ltr'><strong><em>nec</em></strong></span> <span class='ocrx_word' id='word_1_511' title='bbox 1578 5347 1878 5407; x_wconf 85' lang='lat' dir='ltr'><strong><em>persecutor</em></strong></span> <span class='ocrx_word' id='word_1_512' title='bbox 1901 5337 2015 5406; x_wconf 88' lang='lat' dir='ltr'><strong><em>quis</em></strong></span> <span class='ocrx_word' id='word_1_513' title='bbox 2033 5366 2045 5375; x_wconf 96' lang='lat'><em>-</em></span> 
     </span>
    </p>
   </div>
   <div class='ocr_carea' id='block_1_73' title="bbox 484 5429 2045 5503">
    <p class='ocr_par' dir='ltr' id='par_1_73' title="bbox 484 5429 2045 5503">
     <span class='ocr_line' id='line_1_73' title="bbox 484 5429 2045 5503; baseline -0.007 -14"><span class='ocrx_word' id='word_1_514' title='bbox 484 5452 641 5503; x_wconf 84' lang='lat' dir='ltr'><strong><em>quam</em></strong></span> <span class='ocrx_word' id='word_1_515' title='bbox 666 5435 853 5488; x_wconf 85' lang='lat' dir='ltr'><strong><em>audeat</em></strong></span> <span class='ocrx_word' id='word_1_516' title='bbox 881 5436 1245 5503; x_wconf 82' lang='lat' dir='ltr'><strong><em>propinquare.</em></strong></span> <span class='ocrx_word' id='word_1_517' title='bbox 1275 5431 1444 5484; x_wconf 79' lang='lat' dir='ltr'><strong><em>Habet</em></strong></span> <span class='ocrx_word' id='word_1_518' title='bbox 1475 5440 1647 5484; x_wconf 91' lang='lat' dir='ltr'><strong><em>autem</em></strong></span> <span class='ocrx_word' id='word_1_519' title='bbox 1667 5429 1823 5498; x_wconf 88' lang='lat' dir='ltr'><strong><em>longa</em></strong></span> <span class='ocrx_word' id='word_1_520' title='bbox 1850 5443 2045 5480; x_wconf 88' lang='lat' dir='ltr'><strong><em>cornua</em></strong></span> 
     </span>
    </p>
   </div>
   <div class='ocr_carea' id='block_1_74' title="bbox 486 5522 2044 5596">
    <p class='ocr_par' dir='ltr' id='par_1_74' title="bbox 486 5522 2044 5596">
     <span class='ocr_line' id='line_1_74' title="bbox 486 5522 2044 5596; baseline -0.007 -16"><span class='ocrx_word' id='word_1_521' title='bbox 486 5530 538 5580; x_wconf 88' lang='lat' dir='ltr'><strong><em>in</em></strong></span> <span class='ocrx_word' id='word_1_522' title='bbox 568 5543 728 5581; x_wconf 74' lang='lat' dir='ltr'><strong><em>serra:</em></strong></span> <span class='ocrx_word' id='word_1_523' title='bbox 751 5528 1089 5580; x_wconf 87' lang='lat' dir='ltr'><strong><em>similitudine</em></strong></span> <span class='ocrx_word' id='word_1_524' title='bbox 1114 5527 1344 5596; x_wconf 78' lang='lat' dir='ltr'><strong><em>ﬁgurata</em></strong></span> <span class='ocrx_word' id='word_1_525' title='bbox 1369 5537 1386 5574; x_wconf 92' lang='lat'><strong><em>:</em></strong></span> <span class='ocrx_word' id='word_1_526' title='bbox 1412 5522 1598 5594; x_wconf 89' lang='lat' dir='ltr'><strong><em>quibus</em></strong></span> <span class='ocrx_word' id='word_1_527' title='bbox 1629 5522 1878 5574; x_wconf 88' lang='lat' dir='ltr'><strong><em>nimirum</em></strong></span> <span class='ocrx_word' id='word_1_528' title='bbox 1910 5534 2044 5587; x_wconf 66' lang='lat' dir='ltr'><strong><em>pra:-</em></strong></span> 
     </span>
    </p>
   </div>
   <div class='ocr_carea' id='block_1_75' title="bbox 486 5612 2041 5686">
    <p class='ocr_par' dir='ltr' id='par_1_75' title="bbox 486 5612 2041 5686">
     <span class='ocr_line' id='line_1_75' title="bbox 486 5612 2041 5686; baseline -0.005 -16"><span class='ocrx_word' id='word_1_529' title='bbox 486 5617 710 5686; x_wconf 86' lang='lat' dir='ltr'><strong><em>grandia</em></strong></span> <span class='ocrx_word' id='word_1_530' title='bbox 761 5618 929 5671; x_wconf 89' lang='lat' dir='ltr'><strong><em>valeat</em></strong></span> <span class='ocrx_word' id='word_1_531' title='bbox 969 5618 1187 5671; x_wconf 88' lang='lat' dir='ltr'><strong><em>arbusta</em></strong></span> <span class='ocrx_word' id='word_1_532' title='bbox 1237 5632 1432 5680; x_wconf 85' lang='lat' dir='ltr'><strong><em>secare,</em></strong></span> <span class='ocrx_word' id='word_1_533' title='bbox 1475 5625 1722 5683; x_wconf 50' lang='lat' dir='ltr'><strong><em>terraique</em></strong></span> <span class='ocrx_word' id='word_1_534' title='bbox 1771 5612 2041 5680; x_wconf 82' lang='lat' dir='ltr'><strong><em>deponere.</em></strong></span> 
     </span>
    </p>
   </div>
   <div class='ocr_carea' id='block_1_76' title="bbox 488 5703 2045 5774">
    <p class='ocr_par' dir='ltr' id='par_1_76' title="bbox 488 5703 2045 5774">
     <span class='ocr_line' id='line_1_76' title="bbox 488 5703 2045 5774; baseline -0.006 -12"><span class='ocrx_word' id='word_1_535' title='bbox 488 5709 620 5762; x_wconf 80' lang='lat' dir='ltr'><strong><em>Cum</em></strong></span> <span class='ocrx_word' id='word_1_536' title='bbox 669 5725 782 5761; x_wconf 89' lang='lat' dir='ltr'><strong><em>vero</em></strong></span> <span class='ocrx_word' id='word_1_537' title='bbox 812 5709 1002 5762; x_wconf 76' lang='lat' dir='ltr'><strong><em>sitierit</em></strong></span> <span class='ocrx_word' id='word_1_538' title='bbox 1037 5711 1239 5762; x_wconf 89' lang='lat' dir='ltr'><strong><em>veniens</em></strong></span> <span class='ocrx_word' id='word_1_539' title='bbox 1267 5708 1335 5761; x_wconf 90' lang='lat' dir='ltr'><strong><em>ad</em></strong></span> <span class='ocrx_word' id='word_1_540' title='bbox 1372 5707 1689 5774; x_wconf 82' lang='lat' dir='ltr'><strong><em>Euphratem</em></strong></span> <span class='ocrx_word' id='word_1_541' title='bbox 1725 5704 1873 5758; x_wconf 83' lang='lat' dir='ltr'><strong><em>bibit.</em></strong></span> <span class='ocrx_word' id='word_1_542' title='bbox 1911 5703 2045 5756; x_wconf 86' lang='lat' dir='ltr'><strong><em>Pro-</em></strong></span> 
     </span>
    </p>
   </div>
   <div class='ocr_carea' id='block_1_77' title="bbox 485 5796 2042 5868">
    <p class='ocr_par' dir='ltr' id='par_1_77' title="bbox 485 5796 2042 5868">
     <span class='ocr_line' id='line_1_77' title="bbox 485 5796 2042 5868; baseline -0.004 -16"><span class='ocrx_word' id='word_1_543' title='bbox 485 5811 598 5868; x_wconf 82' lang='lat' dir='ltr'><strong><em>pter</em></strong></span> <span class='ocrx_word' id='word_1_544' title='bbox 630 5814 778 5868; x_wconf 85' lang='lat' dir='ltr'><strong><em>quem</em></strong></span> <span class='ocrx_word' id='word_1_545' title='bbox 813 5800 1040 5855; x_wconf 86' lang='lat' dir='ltr'><strong><em>videlicet</em></strong></span> <span class='ocrx_word' id='word_1_546' title='bbox 1068 5800 1285 5867; x_wconf 87' lang='lat' dir='ltr'><strong><em>ﬂuvium</em></strong></span> <span class='ocrx_word' id='word_1_547' title='bbox 1319 5799 1494 5867; x_wconf 73' lang='lat' dir='ltr'><strong><em>frutex</em></strong></span> <span class='ocrx_word' id='word_1_548' title='bbox 1533 5798 1747 5855; x_wconf 81' lang='lat' dir='ltr'><strong><em>quidam</em></strong></span> <span class='ocrx_word' id='word_1_549' title='bbox 1785 5796 2042 5858; x_wconf 86' lang='lat' dir='ltr'><strong><em>nascitur,</em></strong></span> 
     </span>
    </p>
   </div>
   <div class='ocr_carea' id='block_1_78' title="bbox 2143 1933 3704 2008">
    <p class='ocr_par' dir='ltr' id='par_1_78' title="bbox 2143 1933 3704 2008">
     <span class='ocr_line' id='line_1_78' title="bbox 2143 1933 3704 2008; baseline 0.005 -21"><span class='ocrx_word' id='word_1_550' title='bbox 2143 1933 2288 2000; x_wconf 91' lang='lat' dir='ltr'><strong><em>nius,</em></strong></span> <span class='ocrx_word' id='word_1_551' title='bbox 2321 1933 2688 2001; x_wconf 81' lang='lat' dir='ltr'><strong><em>Dioscorides,</em></strong></span> <span class='ocrx_word' id='word_1_552' title='bbox 2719 1937 3124 2008; x_wconf 86' lang='lat' dir='ltr'><strong><em>Theophrastus</em></strong></span> <span class='ocrx_word' id='word_1_553' title='bbox 3148 1945 3201 1993; x_wconf 88' lang='lat' dir='ltr'><strong><em>et</em></strong></span> <span class='ocrx_word' id='word_1_554' title='bbox 3226 1939 3338 2004; x_wconf 91' lang='lat' dir='ltr'><strong><em>alii,</em></strong></span> <span class='ocrx_word' id='word_1_555' title='bbox 3371 1940 3572 1994; x_wconf 89' lang='lat' dir='ltr'><strong><em>animal</em></strong></span> <span class='ocrx_word' id='word_1_556' title='bbox 3601 1940 3704 1995; x_wconf 88' lang='lat' dir='ltr'><strong><em>hoc</em></strong></span> 
     </span>
    </p>
   </div>
   <div class='ocr_carea' id='block_1_79' title="bbox 2141 2025 3706 2099">
    <p class='ocr_par' dir='ltr' id='par_1_79' title="bbox 2141 2025 3706 2099">
     <span class='ocr_line' id='line_1_79' title="bbox 2141 2025 3706 2099; baseline 0.004 -21"><span class='ocrx_word' id='word_1_557' title='bbox 2141 2025 2290 2080; x_wconf 82' lang='lat' dir='ltr'><strong><em>varie</em></strong></span> <span class='ocrx_word' id='word_1_558' title='bbox 2321 2040 2350 2078; x_wconf 90' lang='lat' dir='ltr'><strong><em>a</em></strong></span> <span class='ocrx_word' id='word_1_559' title='bbox 2385 2027 2553 2083; x_wconf 87' lang='lat' dir='ltr'><strong><em>variis</em></strong></span> <span class='ocrx_word' id='word_1_560' title='bbox 2582 2027 2906 2098; x_wconf 88' lang='lat' dir='ltr'><strong><em>appellatur,</em></strong></span> <span class='ocrx_word' id='word_1_561' title='bbox 2941 2027 3015 2082; x_wconf 90' lang='lat' dir='ltr'><strong><em>ita</em></strong></span> <span class='ocrx_word' id='word_1_562' title='bbox 3051 2040 3110 2083; x_wconf 87' lang='lat' dir='ltr'><strong><em>ut</em></strong></span> <span class='ocrx_word' id='word_1_563' title='bbox 3140 2028 3358 2084; x_wconf 83' lang='lat' dir='ltr'><strong><em>Alberto</em></strong></span> <span class='ocrx_word' id='word_1_564' title='bbox 3388 2029 3584 2099; x_wconf 79' lang='lat' dir='ltr'><strong><em>Magno</em></strong></span> <span class='ocrx_word' id='word_1_565' title='bbox 3612 2045 3706 2084; x_wconf 87' lang='lat' dir='ltr'><strong><em>ca-</em></strong></span> 
     </span>
    </p>
   </div>
   <div class='ocr_carea' id='block_1_80' title="bbox 2141 2116 3710 2189">
    <p class='ocr_par' dir='ltr' id='par_1_80' title="bbox 2141 2116 3710 2189">
     <span class='ocr_line' id='line_1_80' title="bbox 2141 2116 3710 2189; baseline 0.001 -19"><span class='ocrx_word' id='word_1_566' title='bbox 2141 2116 2301 2186; x_wconf 88' lang='lat' dir='ltr'><strong><em>lopus</em></strong></span> <span class='ocrx_word' id='word_1_567' title='bbox 2330 2117 2424 2183; x_wconf 90' lang='lat' dir='ltr'><strong><em>sit,</em></strong></span> <span class='ocrx_word' id='word_1_568' title='bbox 2456 2131 2523 2172; x_wconf 79' lang='lat' dir='ltr'><strong><em>ex</em></strong></span> <span class='ocrx_word' id='word_1_569' title='bbox 2549 2132 2658 2187; x_wconf 92' lang='lat' dir='ltr'><strong><em>quo</em></strong></span> <span class='ocrx_word' id='word_1_570' title='bbox 2686 2116 2970 2175; x_wconf 88' lang='lat' dir='ltr'><strong><em>Conradus</em></strong></span> <span class='ocrx_word' id='word_1_571' title='bbox 3007 2116 3282 2175; x_wconf 86' lang='lat' dir='ltr'><strong><em>Gesnerus</em></strong></span> <span class='ocrx_word' id='word_1_572' title='bbox 3311 2119 3378 2174; x_wconf 92' lang='lat' dir='ltr'><strong><em>de</em></strong></span> <span class='ocrx_word' id='word_1_573' title='bbox 3403 2119 3710 2189; x_wconf 86' lang='lat' dir='ltr'><strong><em>quadrupe-</em></strong></span> 
     </span>
    </p>
   </div>
   <div class='ocr_carea' id='block_1_81' title="bbox 2142 2207 3702 2278">
    <p class='ocr_par' dir='ltr' id='par_1_81' title="bbox 2142 2207 3702 2278">
     <span class='ocr_line' id='line_1_81' title="bbox 2142 2207 3702 2278; baseline 0.003 -18"><span class='ocrx_word' id='word_1_574' title='bbox 2142 2207 2303 2263; x_wconf 91' lang='lat' dir='ltr'><strong><em>dibus</em></strong></span> <span class='ocrx_word' id='word_1_575' title='bbox 2323 2207 2419 2263; x_wconf 92' lang='lat' dir='ltr'><strong><em>lib.</em></strong></span> <span class='ocrx_word' id='word_1_576' title='bbox 2474 2223 2512 2273; x_wconf 89' lang='grc' dir='ltr'>ι,</span> <span class='ocrx_word' id='word_1_577' title='bbox 2537 2208 2592 2262; x_wconf 91' lang='lat' dir='ltr'><strong><em>in</em></strong></span> <span class='ocrx_word' id='word_1_578' title='bbox 2622 2207 2904 2278; x_wconf 88' lang='lat' dir='ltr'><strong><em>Calopode,</em></strong></span> <span class='ocrx_word' id='word_1_579' title='bbox 2931 2207 3159 2278; x_wconf 82' lang='lat' dir='ltr'><strong><em>Calopus</em></strong></span> <span class='ocrx_word' id='word_1_580' title='bbox 3185 2210 3385 2264; x_wconf 87' lang='lat' dir='ltr'><strong><em>animal</em></strong></span> <span class='ocrx_word' id='word_1_581' title='bbox 3405 2219 3483 2264; x_wconf 85' lang='lat' dir='ltr'><strong><em>est</em></strong></span> <span class='ocrx_word' id='word_1_582' title='bbox 3509 2211 3702 2275; x_wconf 87' lang='lat' dir='ltr'><strong><em>acutis,</em></strong></span> 
     </span>
    </p>
   </div>
   <div class='ocr_carea' id='block_1_82' title="bbox 2145 2297 3703 2372">
    <p class='ocr_par' dir='ltr' id='par_1_82' title="bbox 2145 2297 3703 2372">
     <span class='ocr_line' id='line_1_82' title="bbox 2145 2297 3703 2372; baseline 0.003 -21"><span class='ocrx_word' id='word_1_583' title='bbox 2145 2297 2311 2370; x_wconf 89' lang='lat' dir='ltr'><strong><em>longis</em></strong></span> <span class='ocrx_word' id='word_1_584' title='bbox 2342 2309 2390 2354; x_wconf 92' lang='lat' dir='ltr'><strong><em>et</em></strong></span> <span class='ocrx_word' id='word_1_585' title='bbox 2425 2301 2640 2355; x_wconf 85' lang='lat' dir='ltr'><strong><em>serratis</em></strong></span> <span class='ocrx_word' id='word_1_586' title='bbox 2677 2301 2946 2364; x_wconf 87' lang='lat' dir='ltr'><strong><em>cornibus,</em></strong></span> <span class='ocrx_word' id='word_1_587' title='bbox 2971 2301 3156 2372; x_wconf 88' lang='lat' dir='ltr'><strong><em>quibus</em></strong></span> <span class='ocrx_word' id='word_1_588' title='bbox 3190 2306 3346 2355; x_wconf 88' lang='lat' dir='ltr'><strong><em>etiam</em></strong></span> <span class='ocrx_word' id='word_1_589' title='bbox 3383 2301 3595 2357; x_wconf 84' lang='lat' dir='ltr'><strong><em>arbores</em></strong></span> <span class='ocrx_word' id='word_1_590' title='bbox 3634 2302 3703 2355; x_wconf 89' lang='lat' dir='ltr'><strong><em>li-</em></strong></span> 
     </span>
    </p>
   </div>
   <div class='ocr_carea' id='block_1_83' title="bbox 2145 2392 3704 2462">
    <p class='ocr_par' dir='ltr' id='par_1_83' title="bbox 2145 2392 3704 2462">
     <span class='ocr_line' id='line_1_83' title="bbox 2145 2392 3704 2462; baseline 0.003 -18"><span class='ocrx_word' id='word_1_591' title='bbox 2145 2400 2224 2444; x_wconf 90' lang='lat' dir='ltr'><strong><em>cet</em></strong></span> <span class='ocrx_word' id='word_1_592' title='bbox 2259 2407 2476 2460; x_wconf 89' lang='lat' dir='ltr'><strong><em>magnas</em></strong></span> <span class='ocrx_word' id='word_1_593' title='bbox 2521 2401 2569 2446; x_wconf 92' lang='lat' dir='ltr'><strong><em>et</em></strong></span> <span class='ocrx_word' id='word_1_594' title='bbox 2604 2392 2744 2446; x_wconf 90' lang='lat' dir='ltr'><strong><em>altas</em></strong></span> <span class='ocrx_word' id='word_1_595' title='bbox 2803 2409 2979 2447; x_wconf 89' lang='lat' dir='ltr'><strong><em>secare</em></strong></span> <span class='ocrx_word' id='word_1_596' title='bbox 3024 2393 3192 2462; x_wconf 76' lang='lat' dir='ltr'><strong><em>fertur</em></strong></span> <span class='ocrx_word' id='word_1_597' title='bbox 3231 2409 3250 2446; x_wconf 90' lang='lat'><strong><em>:</em></strong></span> <span class='ocrx_word' id='word_1_598' title='bbox 3299 2395 3490 2461; x_wconf 63' lang='lat' dir='ltr'><strong><em>sapius</em></strong></span> <span class='ocrx_word' id='word_1_599' title='bbox 3529 2404 3704 2448; x_wconf 90' lang='lat' dir='ltr'><strong><em>autem</em></strong></span> 
     </span>
    </p>
   </div>
   <div class='ocr_carea' id='block_1_84' title="bbox 2141 2483 3706 2556">
    <p class='ocr_par' dir='ltr' id='par_1_84' title="bbox 2141 2483 3706 2556">
     <span class='ocr_line' id='line_1_84' title="bbox 2141 2483 3706 2556; baseline 0.003 -21"><span class='ocrx_word' id='word_1_600' title='bbox 2141 2483 2266 2537; x_wconf 90' lang='lat' dir='ltr'><strong><em>dum</em></strong></span> <span class='ocrx_word' id='word_1_601' title='bbox 2298 2486 2434 2538; x_wconf 92' lang='lat' dir='ltr'><strong><em>rami</em></strong></span> <span class='ocrx_word' id='word_1_602' title='bbox 2489 2495 2538 2539; x_wconf 88' lang='lat' dir='ltr'><strong><em>et</em></strong></span> <span class='ocrx_word' id='word_1_603' title='bbox 2581 2485 2808 2556; x_wconf 88' lang='lat' dir='ltr'><strong><em>virgulta</em></strong></span> <span class='ocrx_word' id='word_1_604' title='bbox 2840 2485 3083 2540; x_wconf 88' lang='lat' dir='ltr'><strong><em>cornibus</em></strong></span> <span class='ocrx_word' id='word_1_605' title='bbox 3131 2485 3337 2540; x_wconf 88' lang='lat' dir='ltr'><strong><em>adactis</em></strong></span> <span class='ocrx_word' id='word_1_606' title='bbox 3374 2486 3587 2554; x_wconf 87' lang='lat' dir='ltr'><strong><em>cedunt,</em></strong></span> <span class='ocrx_word' id='word_1_607' title='bbox 3630 2489 3706 2541; x_wconf 91' lang='lat' dir='ltr'><strong><em>eis</em></strong></span> 
     </span>
    </p>
   </div>
   <div class='ocr_carea' id='block_1_85' title="bbox 2140 2575 3709 2648">
    <p class='ocr_par' dir='ltr' id='par_1_85' title="bbox 2140 2575 3709 2648">
     <span class='ocr_line' id='line_1_85' title="bbox 2140 2575 3709 2648; baseline 0.003 -20"><span class='ocrx_word' id='word_1_608' title='bbox 2140 2575 2440 2642; x_wconf 90' lang='lat' dir='ltr'><strong><em>involvitur,</em></strong></span> <span class='ocrx_word' id='word_1_609' title='bbox 2474 2577 2843 2648; x_wconf 87' lang='lat' dir='ltr'><strong><em>retineturque.</em></strong></span> <span class='ocrx_word' id='word_1_610' title='bbox 2874 2578 3009 2631; x_wconf 88' lang='lat' dir='ltr'><strong><em>unde</em></strong></span> <span class='ocrx_word' id='word_1_611' title='bbox 3041 2579 3122 2646; x_wconf 84' lang='lat' dir='ltr'><strong><em>ﬁt,</em></strong></span> <span class='ocrx_word' id='word_1_612' title='bbox 3153 2586 3212 2630; x_wconf 90' lang='lat' dir='ltr'><strong><em>ut</em></strong></span> <span class='ocrx_word' id='word_1_613' title='bbox 3241 2595 3381 2643; x_wconf 84' lang='lat' dir='ltr'><strong><em>voce,</em></strong></span> <span class='ocrx_word' id='word_1_614' title='bbox 3402 2587 3450 2631; x_wconf 91' lang='lat' dir='ltr'><strong><em>et</em></strong></span> <span class='ocrx_word' id='word_1_615' title='bbox 3477 2578 3709 2634; x_wconf 87' lang='lat' dir='ltr'><strong><em>clamore</em></strong></span> 
     </span>
    </p>
   </div>
   <div class='ocr_carea' id='block_1_86' title="bbox 2141 2665 3709 2738">
    <p class='ocr_par' dir='ltr' id='par_1_86' title="bbox 2141 2665 3709 2738">
     <span class='ocr_line' id='line_1_86' title="bbox 2141 2665 3709 2738; baseline 0.003 -19"><span class='ocrx_word' id='word_1_616' title='bbox 2141 2682 2196 2719; x_wconf 87' lang='lat' dir='ltr'><strong><em>se</em></strong></span> <span class='ocrx_word' id='word_1_617' title='bbox 2215 2665 2406 2736; x_wconf 88' lang='lat' dir='ltr'><strong><em>prodat</em></strong></span> <span class='ocrx_word' id='word_1_618' title='bbox 2435 2666 2782 2721; x_wconf 84' lang='lat' dir='ltr'><strong><em>venatoribus.</em></strong></span> <span class='ocrx_word' id='word_1_619' title='bbox 2820 2666 2882 2720; x_wconf 85' lang='lat' dir='ltr'><strong><em>In</em></strong></span> <span class='ocrx_word' id='word_1_620' title='bbox 2916 2666 3072 2736; x_wconf 82' lang='lat' dir='ltr'><strong><em>Syria</em></strong></span> <span class='ocrx_word' id='word_1_621' title='bbox 3092 2669 3252 2737; x_wconf 72' lang='lat' dir='ltr'><strong><em>juxta</em></strong></span> <span class='ocrx_word' id='word_1_622' title='bbox 3283 2667 3602 2738; x_wconf 84' lang='lat' dir='ltr'><strong><em>Euphratem</em></strong></span> <span class='ocrx_word' id='word_1_623' title='bbox 3624 2671 3709 2724; x_wconf 89' lang='lat' dir='ltr'><strong><em>in-</em></strong></span> 
     </span>
    </p>
   </div>
   <div class='ocr_carea' id='block_1_87' title="bbox 2140 2760 3704 2832">
    <p class='ocr_par' dir='ltr' id='par_1_87' title="bbox 2140 2760 3704 2832">
     <span class='ocr_line' id='line_1_87' title="bbox 2140 2760 3704 2832; baseline 0.003 -20"><span class='ocrx_word' id='word_1_624' title='bbox 2140 2760 2362 2824; x_wconf 88' lang='lat' dir='ltr'><strong><em>venitur,</em></strong></span> <span class='ocrx_word' id='word_1_625' title='bbox 2394 2761 2542 2829; x_wconf 87' lang='lat' dir='ltr'><strong><em>cujus</em></strong></span> <span class='ocrx_word' id='word_1_626' title='bbox 2565 2776 2714 2831; x_wconf 67' lang='lat' dir='ltr'><strong><em>aqua:</em></strong></span> <span class='ocrx_word' id='word_1_627' title='bbox 2743 2769 2866 2830; x_wconf 91' lang='lat' dir='ltr'><strong><em>potu</em></strong></span> <span class='ocrx_word' id='word_1_628' title='bbox 2892 2771 3100 2830; x_wconf 88' lang='lat' dir='ltr'><strong><em>propter</em></strong></span> <span class='ocrx_word' id='word_1_629' title='bbox 3125 2761 3468 2831; x_wconf 76' lang='lat' dir='ltr'><strong><em>[rigiditatem</em></strong></span> <span class='ocrx_word' id='word_1_630' title='bbox 3494 2763 3704 2832; x_wconf 89' lang='lat' dir='ltr'><strong><em>gaudet,</em></strong></span> 
     </span>
    </p>
   </div>
   <div class='ocr_carea' id='block_1_88' title="bbox 2142 2853 3709 2924">
    <p class='ocr_par' dir='ltr' id='par_1_88' title="bbox 2142 2853 3709 2924">
     <span class='ocr_line' id='line_1_88' title="bbox 2142 2853 3709 2924; baseline 0.004 -21"><span class='ocrx_word' id='word_1_631' title='bbox 2142 2860 2376 2904; x_wconf 85' lang='lat' dir='ltr'><strong><em>astutum</em></strong></span> <span class='ocrx_word' id='word_1_632' title='bbox 2401 2860 2449 2904; x_wconf 91' lang='lat' dir='ltr'><strong><em>et</em></strong></span> <span class='ocrx_word' id='word_1_633' title='bbox 2482 2853 2621 2905; x_wconf 90' lang='lat' dir='ltr'><strong><em>mira</em></strong></span> <span class='ocrx_word' id='word_1_634' title='bbox 2660 2853 2947 2920; x_wconf 84' lang='lat' dir='ltr'><strong><em>velocitate,</em></strong></span> <span class='ocrx_word' id='word_1_635' title='bbox 2979 2862 3034 2906; x_wconf 92' lang='lat' dir='ltr'><strong><em>ut</em></strong></span> <span class='ocrx_word' id='word_1_636' title='bbox 3079 2864 3346 2908; x_wconf 87' lang='lat' dir='ltr'><strong><em>venatores</em></strong></span> <span class='ocrx_word' id='word_1_637' title='bbox 3387 2855 3543 2922; x_wconf 78' lang='lat' dir='ltr'><strong><em>facile</em></strong></span> <span class='ocrx_word' id='word_1_638' title='bbox 3575 2855 3709 2924; x_wconf 68' lang='grc' dir='ltr'>επα-</span> 
     </span>
    </p>
   </div>
   <div class='ocr_carea' id='block_1_89' title="bbox 2139 2941 3707 3016">
    <p class='ocr_par' dir='ltr' id='par_1_89' title="bbox 2139 2941 3707 3016">
     <span class='ocr_line' id='line_1_89' title="bbox 2139 2941 3707 3016; baseline 0.004 -22"><span class='ocrx_word' id='word_1_639' title='bbox 2139 2945 2269 3014; x_wconf 83' lang='lat' dir='ltr'><strong><em>giat.</em></strong></span> <span class='ocrx_word' id='word_1_640' title='bbox 2303 2941 2380 2998; x_wconf 91' lang='lat' dir='ltr'><strong><em>De</em></strong></span> <span class='ocrx_word' id='word_1_641' title='bbox 2409 2943 2512 2999; x_wconf 88' lang='lat' dir='ltr'><strong><em>hoc</em></strong></span> <span class='ocrx_word' id='word_1_642' title='bbox 2539 2943 2728 2999; x_wconf 81' lang='lat' dir='ltr'><strong><em>eodem</em></strong></span> <span class='ocrx_word' id='word_1_643' title='bbox 2758 2945 3141 3016; x_wconf 76' lang='lat' dir='ltr'><strong><em>intelligendus</em></strong></span> <span class='ocrx_word' id='word_1_644' title='bbox 3170 2947 3383 3002; x_wconf 83' lang='lat' dir='ltr'><strong><em>videtur</em></strong></span> <span class='ocrx_word' id='word_1_645' title='bbox 3401 2947 3707 3003; x_wconf 81' lang='lat' dir='ltr'><strong><em>Alexander</em></strong></span> 
     </span>
    </p>
   </div>
   <div class='ocr_carea' id='block_1_90' title="bbox 2142 3033 3705 3105">
    <p class='ocr_par' dir='ltr' id='par_1_90' title="bbox 2142 3033 3705 3105">
     <span class='ocr_line' id='line_1_90' title="bbox 2142 3033 3705 3105; baseline 0.003 -18"><span class='ocrx_word' id='word_1_646' title='bbox 2142 3033 2385 3105; x_wconf 77' lang='lat' dir='ltr'><strong><em>Magnus,</em></strong></span> <span class='ocrx_word' id='word_1_647' title='bbox 2444 3035 2607 3105; x_wconf 88' lang='lat' dir='ltr'><strong><em>epist.</em></strong></span> <span class='ocrx_word' id='word_1_648' title='bbox 2641 3036 2715 3090; x_wconf 88' lang='lat' dir='ltr'><strong><em>De</em></strong></span> <span class='ocrx_word' id='word_1_649' title='bbox 2741 3037 3069 3092; x_wconf 82' lang='lat' dir='ltr'><strong><em>mirabilibus</em></strong></span> <span class='ocrx_word' id='word_1_650' title='bbox 3101 3037 3270 3092; x_wconf 78' lang='lat' dir='ltr'><strong><em>Indice</em></strong></span> <span class='ocrx_word' id='word_1_651' title='bbox 3332 3040 3400 3091; x_wconf 86' lang='lat' dir='ltr'><strong><em>ad</em></strong></span> <span class='ocrx_word' id='word_1_652' title='bbox 3434 3041 3654 3091; x_wconf 82' lang='lat' dir='ltr'><strong><em>Aristot.</em></strong></span> <span class='ocrx_word' id='word_1_653' title='bbox 3684 3053 3705 3092; x_wconf 91' lang='lat'><strong><em>:</em></strong></span> 
     </span>
    </p>
   </div>
   <div class='ocr_carea' id='block_1_91' title="bbox 2142 3123 3703 3198">
    <p class='ocr_par' dir='ltr' id='par_1_91' title="bbox 2142 3123 3703 3198">
     <span class='ocr_line' id='line_1_91' title="bbox 2142 3123 3703 3198; baseline 0.002 -20"><span class='ocrx_word' id='word_1_654' title='bbox 2142 3123 2276 3179; x_wconf 83' lang='lat' dir='ltr'><strong><em>Euri</em></strong></span> <span class='ocrx_word' id='word_1_655' title='bbox 2297 3127 2432 3180; x_wconf 91' lang='lat' dir='ltr'><strong><em>venti</em></strong></span> <span class='ocrx_word' id='word_1_656' title='bbox 2467 3127 2628 3196; x_wconf 79' lang='lat' dir='ltr'><strong><em>ﬂatus</em></strong></span> <span class='ocrx_word' id='word_1_657' title='bbox 2656 3130 2820 3182; x_wconf 86' lang='lat' dir='ltr'><strong><em>secuti</em></strong></span> <span class='ocrx_word' id='word_1_658' title='bbox 2852 3128 3133 3182; x_wconf 86' lang='lat' dir='ltr'><strong><em>incidimus</em></strong></span> <span class='ocrx_word' id='word_1_659' title='bbox 3163 3130 3216 3182; x_wconf 88' lang='lat' dir='ltr'><strong><em>in</em></strong></span> <span class='ocrx_word' id='word_1_660' title='bbox 3252 3129 3509 3198; x_wconf 86' lang='lat' dir='ltr'><strong><em>malignas</em></strong></span> <span class='ocrx_word' id='word_1_661' title='bbox 3541 3130 3703 3194; x_wconf 82' lang='lat' dir='ltr'><strong><em>feras,</em></strong></span> 
     </span>
    </p>
   </div>
   <div class='ocr_carea' id='block_1_92' title="bbox 2139 3216 3704 3292">
    <p class='ocr_par' dir='ltr' id='par_1_92' title="bbox 2139 3216 3704 3292">
     <span class='ocr_line' id='line_1_92' title="bbox 2139 3216 3704 3292; baseline 0.002 -23"><span class='ocrx_word' id='word_1_662' title='bbox 2139 3216 2203 3272; x_wconf 76' lang='lat' dir='ltr'><strong><em>de</em></strong></span> <span class='ocrx_word' id='word_1_663' title='bbox 2229 3235 2452 3288; x_wconf 90' lang='lat' dir='ltr'><strong><em>quarum</em></strong></span> <span class='ocrx_word' id='word_1_664' title='bbox 2506 3219 2762 3287; x_wconf 88' lang='lat' dir='ltr'><strong><em>capitibus</em></strong></span> <span class='ocrx_word' id='word_1_665' title='bbox 2816 3222 2953 3274; x_wconf 89' lang='lat' dir='ltr'><strong><em>velut</em></strong></span> <span class='ocrx_word' id='word_1_666' title='bbox 3009 3221 3174 3292; x_wconf 87' lang='lat' dir='ltr'><strong><em>gladii</em></strong></span> <span class='ocrx_word' id='word_1_667' title='bbox 3225 3238 3256 3275; x_wconf 91' lang='lat' dir='ltr'><strong><em>a</em></strong></span> <span class='ocrx_word' id='word_1_668' title='bbox 3287 3222 3495 3285; x_wconf 86' lang='lat' dir='ltr'><strong><em>vertice,</em></strong></span> <span class='ocrx_word' id='word_1_669' title='bbox 3525 3229 3704 3284; x_wconf 89' lang='lat' dir='ltr'><strong><em>acula,</em></strong></span> 
     </span>
    </p>
   </div>
   <div class='ocr_carea' id='block_1_93' title="bbox 2139 3310 3705 3379">
    <p class='ocr_par' dir='ltr' id='par_1_93' title="bbox 2139 3310 3705 3379">
     <span class='ocr_line' id='line_1_93' title="bbox 2139 3310 3705 3379; baseline 0.001 -19"><span class='ocrx_word' id='word_1_670' title='bbox 2139 3318 2462 3379; x_wconf 88' lang='lat' dir='ltr'><strong><em>serrataque,</em></strong></span> <span class='ocrx_word' id='word_1_671' title='bbox 2500 3310 2792 3364; x_wconf 90' lang='lat' dir='ltr'><strong><em>eminebant</em></strong></span> <span class='ocrx_word' id='word_1_672' title='bbox 2836 3327 2958 3364; x_wconf 88' lang='lat' dir='ltr'><strong><em>ossa</em></strong></span> <span class='ocrx_word' id='word_1_673' title='bbox 3002 3327 3020 3364; x_wconf 92' lang='lat'><strong><em>:</em></strong></span> <span class='ocrx_word' id='word_1_674' title='bbox 3063 3320 3112 3364; x_wconf 91' lang='lat' dir='ltr'><strong><em>et</em></strong></span> <span class='ocrx_word' id='word_1_675' title='bbox 3153 3311 3233 3365; x_wconf 78' lang='lat' dir='ltr'><strong><em>lue</em></strong></span> <span class='ocrx_word' id='word_1_676' title='bbox 3276 3311 3497 3364; x_wconf 90' lang='lat' dir='ltr'><strong><em>arietino</em></strong></span> <span class='ocrx_word' id='word_1_677' title='bbox 3541 3325 3705 3372; x_wconf 89' lang='lat' dir='ltr'><strong><em>more,</em></strong></span> 
     </span>
    </p>
   </div>
   <div class='ocr_carea' id='block_1_94' title="bbox 2141 3399 3710 3471">
    <p class='ocr_par' dir='ltr' id='par_1_94' title="bbox 2141 3399 3710 3471">
     <span class='ocr_line' id='line_1_94' title="bbox 2141 3399 3710 3471; baseline 0.001 -18"><span class='ocrx_word' id='word_1_678' title='bbox 2141 3399 2388 3456; x_wconf 81' lang='lat' dir='ltr'><strong><em>adversus</em></strong></span> <span class='ocrx_word' id='word_1_679' title='bbox 2428 3402 2657 3456; x_wconf 85' lang='lat' dir='ltr'><strong><em>homines</em></strong></span> <span class='ocrx_word' id='word_1_680' title='bbox 2698 3402 2974 3456; x_wconf 87' lang='lat' dir='ltr'><strong><em>currebant</em></strong></span> <span class='ocrx_word' id='word_1_681' title='bbox 3006 3421 3025 3457; x_wconf 92' lang='lat'><em>:</em></span> <span class='ocrx_word' id='word_1_682' title='bbox 3055 3411 3162 3456; x_wconf 87' lang='lat' dir='ltr'><strong><em>tum</em></strong></span> <span class='ocrx_word' id='word_1_683' title='bbox 3213 3403 3417 3456; x_wconf 69' lang='lat' dir='ltr'><strong><em>invicta:</em></strong></span> <span class='ocrx_word' id='word_1_684' title='bbox 3454 3401 3710 3471; x_wconf 83' lang='lat' dir='ltr'><strong><em>plurimo-</em></strong></span> 
     </span>
    </p>
   </div>
   <div class='ocr_carea' id='block_1_95' title="bbox 2140 3492 3706 3563">
    <p class='ocr_par' dir='ltr' id='par_1_95' title="bbox 2140 3492 3706 3563">
     <span class='ocr_line' id='line_1_95' title="bbox 2140 3492 3706 3563; baseline 0.001 -19"><span class='ocrx_word' id='word_1_685' title='bbox 2140 3509 2257 3545; x_wconf 90' lang='lat' dir='ltr'><strong><em>rum</em></strong></span> <span class='ocrx_word' id='word_1_686' title='bbox 2283 3493 2509 3546; x_wconf 89' lang='lat' dir='ltr'><strong><em>militum</em></strong></span> <span class='ocrx_word' id='word_1_687' title='bbox 2549 3492 2752 3563; x_wconf 84' lang='lat' dir='ltr'><strong><em>clypeos</em></strong></span> <span class='ocrx_word' id='word_1_688' title='bbox 2803 3510 2966 3547; x_wconf 91' lang='lat' dir='ltr'><strong><em>cornu</em></strong></span> <span class='ocrx_word' id='word_1_689' title='bbox 3009 3510 3104 3548; x_wconf 89' lang='lat' dir='ltr'><strong><em>suo</em></strong></span> <span class='ocrx_word' id='word_1_690' title='bbox 3155 3495 3645 3548; x_wconf 86' lang='lat' dir='ltr'><strong><em>transverberabant</em></strong></span> <span class='ocrx_word' id='word_1_691' title='bbox 3687 3509 3706 3546; x_wconf 92' lang='lat'><strong><em>:</em></strong></span> 
     </span>
    </p>
   </div>
   <div class='ocr_carea' id='block_1_96' title="bbox 2139 3585 3706 3658">
    <p class='ocr_par' dir='ltr' id='par_1_96' title="bbox 2139 3585 3706 3658">
     <span class='ocr_line' id='line_1_96' title="bbox 2139 3585 3706 3658; baseline 0.003 -21"><span class='ocrx_word' id='word_1_692' title='bbox 2139 3600 2364 3654; x_wconf 91' lang='lat' dir='ltr'><strong><em>quarum</em></strong></span> <span class='ocrx_word' id='word_1_693' title='bbox 2383 3586 2566 3639; x_wconf 87' lang='lat' dir='ltr'><strong><em>occisis</em></strong></span> <span class='ocrx_word' id='word_1_694' title='bbox 2597 3585 2881 3639; x_wconf 89' lang='lat' dir='ltr'><strong><em>admodum</em></strong></span> <span class='ocrx_word' id='word_1_695' title='bbox 2905 3597 3020 3640; x_wconf 88' lang='lat' dir='ltr'><strong><em>octo</em></strong></span> <span class='ocrx_word' id='word_1_696' title='bbox 3045 3586 3276 3639; x_wconf 87' lang='lat' dir='ltr'><strong><em>millibus</em></strong></span> <span class='ocrx_word' id='word_1_697' title='bbox 3298 3585 3706 3658; x_wconf 83' lang='lat' dir='ltr'><strong><em>quadringentis</em></strong></span> 
     </span>
    </p>
   </div>
   <div class='ocr_carea' id='block_1_97' title="bbox 2139 3675 3710 3748">
    <p class='ocr_par' dir='ltr' id='par_1_97' title="bbox 2139 3675 3710 3748">
     <span class='ocr_line' id='line_1_97' title="bbox 2139 3675 3710 3748; baseline 0.001 -19"><span class='ocrx_word' id='word_1_698' title='bbox 2139 3677 2558 3748; x_wconf 88' lang='lat' dir='ltr'><strong><em>quinquaginta,</em></strong></span> <span class='ocrx_word' id='word_1_699' title='bbox 2613 3677 2689 3730; x_wconf 85' lang='lat' dir='ltr'><strong><em>sic</em></strong></span> <span class='ocrx_word' id='word_1_700' title='bbox 2727 3676 2850 3730; x_wconf 90' lang='lat' dir='ltr'><strong><em>inde</em></strong></span> <span class='ocrx_word' id='word_1_701' title='bbox 2898 3677 2966 3730; x_wconf 91' lang='lat' dir='ltr'><strong><em>ad</em></strong></span> <span class='ocrx_word' id='word_1_702' title='bbox 3003 3675 3203 3731; x_wconf 89' lang='lat' dir='ltr'><strong><em>Porum</em></strong></span> <span class='ocrx_word' id='word_1_703' title='bbox 3258 3679 3515 3731; x_wconf 75' lang='lat' dir='ltr'><strong><em>exercitus</em></strong></span> <span class='ocrx_word' id='word_1_704' title='bbox 3565 3693 3710 3731; x_wconf 76' lang='lat' dir='ltr'><strong><em>meus</em></strong></span> 
     </span>
    </p>
   </div>
   <div class='ocr_carea' id='block_1_98' title="bbox 2139 3767 3709 3839">
    <p class='ocr_par' dir='ltr' id='par_1_98' title="bbox 2139 3767 3709 3839">
     <span class='ocr_line' id='line_1_98' title="bbox 2139 3767 3709 3839; baseline 0.001 -18"><span class='ocrx_word' id='word_1_705' title='bbox 2139 3783 2258 3821; x_wconf 89' lang='lat' dir='ltr'><strong><em>cum</em></strong></span> <span class='ocrx_word' id='word_1_706' title='bbox 2286 3784 2490 3822; x_wconf 91' lang='lat' dir='ltr'><strong><em>summo</em></strong></span> <span class='ocrx_word' id='word_1_707' title='bbox 2517 3767 2725 3822; x_wconf 84' lang='lat' dir='ltr'><strong><em>tandem</em></strong></span> <span class='ocrx_word' id='word_1_708' title='bbox 2761 3768 2961 3832; x_wconf 89' lang='lat' dir='ltr'><strong><em>labore,</em></strong></span> <span class='ocrx_word' id='word_1_709' title='bbox 2997 3784 3059 3821; x_wconf 91' lang='lat' dir='ltr'><strong><em>ac</em></strong></span> <span class='ocrx_word' id='word_1_710' title='bbox 3086 3768 3316 3838; x_wconf 90' lang='lat' dir='ltr'><strong><em>periculo</em></strong></span> <span class='ocrx_word' id='word_1_711' title='bbox 3367 3785 3479 3823; x_wconf 89' lang='lat' dir='ltr'><strong><em>meo</em></strong></span> <span class='ocrx_word' id='word_1_712' title='bbox 3528 3785 3709 3839; x_wconf 77' lang='lat' dir='ltr'><strong><em>perve-</em></strong></span> 
     </span>
    </p>
   </div>
   <div class='ocr_carea' id='block_1_99' title="bbox 2141 3860 3710 3932">
    <p class='ocr_par' dir='ltr' id='par_1_99' title="bbox 2141 3860 3710 3932">
     <span class='ocr_line' id='line_1_99' title="bbox 2141 3860 3710 3932; baseline 0 -17"><span class='ocrx_word' id='word_1_713' title='bbox 2141 3862 2240 3915; x_wconf 89' lang='lat' dir='ltr'><strong><em>nit.</em></strong></span> <span class='ocrx_word' id='word_1_714' title='bbox 2270 3861 2348 3915; x_wconf 80' lang='lat' dir='ltr'><strong>Ex</strong></span> <span class='ocrx_word' id='word_1_715' title='bbox 2377 3862 2576 3932; x_wconf 87' lang='lat' dir='ltr'><strong><em>quibus</em></strong></span> <span class='ocrx_word' id='word_1_716' title='bbox 2607 3861 2954 3917; x_wconf 84' lang='lat' dir='ltr'><strong><em>manifestum</em></strong></span> <span class='ocrx_word' id='word_1_717' title='bbox 2985 3870 3071 3916; x_wconf 90' lang='lat' dir='ltr'><strong><em>est</em></strong></span> <span class='ocrx_word' id='word_1_718' title='bbox 3103 3862 3170 3915; x_wconf 88' lang='lat' dir='ltr'><strong><em>ad</em></strong></span> <span class='ocrx_word' id='word_1_719' title='bbox 3213 3860 3317 3916; x_wconf 90' lang='lat' dir='ltr'><strong><em>hoc</em></strong></span> <span class='ocrx_word' id='word_1_720' title='bbox 3347 3862 3547 3915; x_wconf 87' lang='lat' dir='ltr'><strong><em>animal</em></strong></span> <span class='ocrx_word' id='word_1_721' title='bbox 3586 3877 3710 3931; x_wconf 88' lang='lat' dir='ltr'><strong><em>per-</em></strong></span> 
     </span>
    </p>
   </div>
   <div class='ocr_carea' id='block_1_100' title="bbox 2140 3952 3710 4024">
    <p class='ocr_par' dir='ltr' id='par_1_100' title="bbox 2140 3952 3710 4024">
     <span class='ocr_line' id='line_1_100' title="bbox 2140 3952 3710 4024; baseline -0.001 -17"><span class='ocrx_word' id='word_1_722' title='bbox 2140 3954 2334 4020; x_wconf 90' lang='lat' dir='ltr'><strong><em>tinere,</em></strong></span> <span class='ocrx_word' id='word_1_723' title='bbox 2369 3970 2490 4024; x_wconf 66' lang='lat' dir='ltr'><strong><em>quae</em></strong></span> <span class='ocrx_word' id='word_1_724' title='bbox 2538 3955 2605 4009; x_wconf 90' lang='lat' dir='ltr'><strong><em>de</em></strong></span> <span class='ocrx_word' id='word_1_725' title='bbox 2639 3969 2739 4008; x_wconf 89' lang='lat' dir='ltr'><strong><em>uro</em></strong></span> <span class='ocrx_word' id='word_1_726' title='bbox 2789 3955 2954 4008; x_wconf 88' lang='lat' dir='ltr'><strong><em>tradit</em></strong></span> <span class='ocrx_word' id='word_1_727' title='bbox 2999 3952 3338 4023; x_wconf 88' lang='lat' dir='ltr'><strong><em>Epiphanius</em></strong></span> <span class='ocrx_word' id='word_1_728' title='bbox 3378 3954 3434 4007; x_wconf 91' lang='lat' dir='ltr'><strong><em>in</em></strong></span> <span class='ocrx_word' id='word_1_729' title='bbox 3484 3953 3710 4023; x_wconf 82' lang='lat' dir='ltr'><strong><em>Physio-</em></strong></span> 
     </span>
    </p>
   </div>
   <div class='ocr_carea' id='block_1_101' title="bbox 2143 4039 3708 4115">
    <p class='ocr_par' dir='ltr' id='par_1_101' title="bbox 2143 4039 3708 4115">
     <span class='ocr_line' id='line_1_101' title="bbox 2143 4039 3708 4115; baseline -0.003 -17"><span class='ocrx_word' id='word_1_730' title='bbox 2143 4045 2280 4115; x_wconf 88' lang='lat' dir='ltr'><strong><em>logo,</em></strong></span> <span class='ocrx_word' id='word_1_731' title='bbox 2329 4061 2448 4114; x_wconf 88' lang='lat' dir='ltr'><strong><em>cap.</em></strong></span> <span class='ocrx_word' id='word_1_732' title='bbox 2502 4044 2557 4110; x_wconf 78' lang='grc'><strong><em>5,</em></strong></span> <span class='ocrx_word' id='word_1_733' title='bbox 2613 4043 2673 4098; x_wconf 90' lang='lat'><strong>&#39;0</strong></span> <span class='ocrx_word' id='word_1_734' title='bbox 2721 4039 2878 4115; x_wconf 81' lang='grc' dir='ltr'><em>οὖρος</em></span> <span class='ocrx_word' id='word_1_735' title='bbox 2925 4043 3176 4114; x_wconf 79' lang='grc' dir='ltr'>μέγιστόν</span> <span class='ocrx_word' id='word_1_736' title='bbox 3212 4043 3328 4094; x_wconf 76' lang='grc' dir='ltr'>ἐστι</span> <span class='ocrx_word' id='word_1_737' title='bbox 3373 4041 3530 4106; x_wconf 81' lang='grc' dir='ltr'><em>ζῶον,</em></span> <span class='ocrx_word' id='word_1_738' title='bbox 3572 4041 3708 4094; x_wconf 81' lang='grc' dir='ltr'><em>πολὺ</em></span> 
     </span>
    </p>
   </div>
   <div class='ocr_carea' id='block_1_102' title="bbox 2142 4132 3709 4208">
    <p class='ocr_par' dir='ltr' id='par_1_102' title="bbox 2142 4132 3709 4208">
     <span class='ocr_line' id='line_1_102' title="bbox 2142 4132 3709 4208; baseline -0.002 -19"><span class='ocrx_word' id='word_1_739' title='bbox 2142 4135 2476 4208; x_wconf 78' lang='grc' dir='ltr'><strong><em>ὑπερϐάλλον</em></strong></span> <span class='ocrx_word' id='word_1_740' title='bbox 2503 4135 2573 4188; x_wconf 86' lang='grc' dir='ltr'>τὰ</span> <span class='ocrx_word' id='word_1_741' title='bbox 2599 4136 2779 4206; x_wconf 75' lang='grc' dir='ltr'>ἔτερα,</span> <span class='ocrx_word' id='word_1_742' title='bbox 2823 4134 2906 4206; x_wconf 79' lang='grc' dir='ltr'><strong><em>βοῒ</em></strong></span> <span class='ocrx_word' id='word_1_743' title='bbox 2937 4134 3337 4204; x_wconf 85' lang='grc' dir='ltr'>παραπλήσιος,</span> <span class='ocrx_word' id='word_1_744' title='bbox 3369 4133 3463 4186; x_wconf 75' lang='grc' dir='ltr'>δύο</span> <span class='ocrx_word' id='word_1_745' title='bbox 3502 4132 3709 4204; x_wconf 82' lang='grc' dir='ltr'>κέρατα</span> 
     </span>
    </p>
   </div>
   <div class='ocr_carea' id='block_1_103' title="bbox 2142 4220 3708 4298">
    <p class='ocr_par' dir='ltr' id='par_1_103' title="bbox 2142 4220 3708 4298">
     <span class='ocr_line' id='line_1_103' title="bbox 2142 4220 3708 4298; baseline -0.004 -19"><span class='ocrx_word' id='word_1_746' title='bbox 2142 4229 2199 4279; x_wconf 81' lang='grc' dir='ltr'><strong><em>ὲν</em></strong></span> <span class='ocrx_word' id='word_1_747' title='bbox 2235 4226 2413 4297; x_wconf 79' lang='grc' dir='ltr'>ἐαυτῷ</span> <span class='ocrx_word' id='word_1_748' title='bbox 2457 4226 2636 4298; x_wconf 83' lang='grc' dir='ltr'>πρίονι</span> <span class='ocrx_word' id='word_1_749' title='bbox 2679 4227 2839 4295; x_wconf 83' lang='grc' dir='ltr'>ὅμοια</span> <span class='ocrx_word' id='word_1_750' title='bbox 2876 4224 3030 4293; x_wconf 76' lang='grc' dir='ltr'><strong>ἔχων.</strong></span> <span class='ocrx_word' id='word_1_751' title='bbox 3080 4221 3360 4294; x_wconf 81' lang='grc' dir='ltr'><strong><em>Αὑστηρὸς</em></strong></span> <span class='ocrx_word' id='word_1_752' title='bbox 3399 4225 3465 4293; x_wconf 83' lang='grc' dir='ltr'><strong><em>τῇ</em></strong></span> <span class='ocrx_word' id='word_1_753' title='bbox 3505 4220 3708 4292; x_wconf 69' lang='grc' dir='ltr'>Θεωρία</span> 
     </span>
    </p>
   </div>
   <div class='ocr_carea' id='block_1_104' title="bbox 2143 4313 3709 4390">
    <p class='ocr_par' dir='ltr' id='par_1_104' title="bbox 2143 4313 3709 4390">
     <span class='ocr_line' id='line_1_104' title="bbox 2143 4313 3709 4390; baseline -0.003 -20"><span class='ocrx_word' id='word_1_754' title='bbox 2143 4317 2294 4390; x_wconf 84' lang='grc' dir='ltr'>παρὰ</span> <span class='ocrx_word' id='word_1_755' title='bbox 2317 4317 2492 4370; x_wconf 84' lang='grc' dir='ltr'>πάντα</span> <span class='ocrx_word' id='word_1_756' title='bbox 2513 4316 2581 4369; x_wconf 83' lang='grc' dir='ltr'>τὰ</span> <span class='ocrx_word' id='word_1_757' title='bbox 2605 4315 2737 4379; x_wconf 77' lang='grc' dir='ltr'>ζῶα·</span> <span class='ocrx_word' id='word_1_758' title='bbox 2762 4315 2900 4368; x_wconf 84' lang='grc' dir='ltr'>ὥστε</span> <span class='ocrx_word' id='word_1_759' title='bbox 2921 4315 2988 4367; x_wconf 83' lang='grc' dir='ltr'>τὰ</span> <span class='ocrx_word' id='word_1_760' title='bbox 3019 4314 3226 4384; x_wconf 83' lang='grc' dir='ltr'>μεγάλα</span> <span class='ocrx_word' id='word_1_761' title='bbox 3251 4313 3440 4383; x_wconf 83' lang='grc' dir='ltr'>δένδρα</span> <span class='ocrx_word' id='word_1_762' title='bbox 3466 4313 3709 4382; x_wconf 85' lang='grc' dir='ltr'>διανηθό-</span> 
     </span>
    </p>
   </div>
   <div class='ocr_carea' id='block_1_105' title="bbox 2148 4405 3710 4481">
    <p class='ocr_par' dir='ltr' id='par_1_105' title="bbox 2148 4405 3710 4481">
     <span class='ocr_line' id='line_1_105' title="bbox 2148 4405 3710 4481; baseline -0.005 -17"><span class='ocrx_word' id='word_1_763' title='bbox 2148 4428 2303 4481; x_wconf 85' lang='grc' dir='ltr'>μενος</span> <span class='ocrx_word' id='word_1_764' title='bbox 2323 4411 2435 4472; x_wconf 83' lang='grc' dir='ltr'>τοῖς</span> <span class='ocrx_word' id='word_1_765' title='bbox 2459 4409 2649 4479; x_wconf 84' lang='grc' dir='ltr'>κέρασι</span> <span class='ocrx_word' id='word_1_766' title='bbox 2669 4408 2957 4479; x_wconf 81' lang='grc' dir='ltr'>διαπρίειν,</span> <span class='ocrx_word' id='word_1_767' title='bbox 2984 4406 3078 4460; x_wconf 75' lang='grc' dir='ltr'>καὶ</span> <span class='ocrx_word' id='word_1_768' title='bbox 3100 4406 3468 4477; x_wconf 81' lang='grc' dir='ltr'>κλωνοκοπᾷν,</span> <span class='ocrx_word' id='word_1_769' title='bbox 3499 4405 3591 4458; x_wconf 70' lang='grc' dir='ltr'><strong><em>καὶ</em></strong></span> <span class='ocrx_word' id='word_1_770' title='bbox 3618 4405 3710 4457; x_wconf 84' lang='grc' dir='ltr'><strong><em>οὑ-</em></strong></span> 
     </span>
    </p>
   </div>
   <div class='ocr_carea' id='block_1_106' title="bbox 2143 4496 3708 4570">
    <p class='ocr_par' dir='ltr' id='par_1_106' title="bbox 2143 4496 3708 4570">
     <span class='ocr_line' id='line_1_106' title="bbox 2143 4496 3708 4570; baseline -0.004 -14"><span class='ocrx_word' id='word_1_771' title='bbox 2143 4501 2230 4556; x_wconf 81' lang='grc' dir='ltr'><strong><em>δὲν</em></strong></span> <span class='ocrx_word' id='word_1_772' title='bbox 2267 4501 2373 4553; x_wconf 79' lang='grc' dir='ltr'>τῶν</span> <span class='ocrx_word' id='word_1_773' title='bbox 2405 4498 2556 4562; x_wconf 81' lang='grc' dir='ltr'><strong><em>ζώων</em></strong></span> <span class='ocrx_word' id='word_1_774' title='bbox 2596 4498 2855 4552; x_wconf 84' lang='grc' dir='ltr'>δύνασθαι</span> <span class='ocrx_word' id='word_1_775' title='bbox 2897 4499 2984 4567; x_wconf 83' lang='grc' dir='ltr'><strong><em>ὑφ’</em></strong></span> <span class='ocrx_word' id='word_1_776' title='bbox 3014 4497 3188 4567; x_wconf 77' lang='grc' dir='ltr'>ἐαυτῷ</span> <span class='ocrx_word' id='word_1_777' title='bbox 3227 4497 3569 4570; x_wconf 84' lang='grc' dir='ltr'>ποιήσασθαι.</span> <span class='ocrx_word' id='word_1_778' title='bbox 3603 4496 3708 4549; x_wconf 87' lang='grc' dir='ltr'><strong><em>Νέ-</em></strong></span> 
     </span>
    </p>
   </div>
   <div class='ocr_carea' id='block_1_107' title="bbox 2149 4587 3708 4665">
    <p class='ocr_par' dir='ltr' id='par_1_107' title="bbox 2149 4587 3708 4665">
     <span class='ocr_line' id='line_1_107' title="bbox 2149 4587 3708 4665; baseline -0.004 -16"><span class='ocrx_word' id='word_1_779' title='bbox 2149 4613 2307 4665; x_wconf 86' lang='grc' dir='ltr'>μεται</span> <span class='ocrx_word' id='word_1_780' title='bbox 2349 4595 2405 4647; x_wconf 84' lang='grc' dir='ltr'>δὲ</span> <span class='ocrx_word' id='word_1_781' title='bbox 2439 4596 2467 4646; x_wconf 84' lang='grc' dir='ltr'>ὁ</span> <span class='ocrx_word' id='word_1_782' title='bbox 2512 4592 2673 4655; x_wconf 83' lang='grc' dir='ltr'>αὐτὸς</span> <span class='ocrx_word' id='word_1_783' title='bbox 2716 4587 2873 4663; x_wconf 79' lang='grc' dir='ltr'>οὖρος</span> <span class='ocrx_word' id='word_1_784' title='bbox 2922 4592 3146 4662; x_wconf 83' lang='grc' dir='ltr'><em>πλησίον</em></span> <span class='ocrx_word' id='word_1_785' title='bbox 3189 4591 3281 4644; x_wconf 77' lang='grc' dir='ltr'><strong><em>τοῦ</em></strong></span> <span class='ocrx_word' id='word_1_786' title='bbox 3319 4590 3578 4654; x_wconf 81' lang='grc' dir='ltr'>ὠκεανοῦ,</span> <span class='ocrx_word' id='word_1_787' title='bbox 3613 4591 3708 4643; x_wconf 76' lang='grc' dir='ltr'>καὶ</span> 
     </span>
    </p>
   </div>
   <div class='ocr_carea' id='block_1_108' title="bbox 2144 4681 3706 4755">
    <p class='ocr_par' dir='ltr' id='par_1_108' title="bbox 2144 4681 3706 4755">
     <span class='ocr_line' id='line_1_108' title="bbox 2144 4681 3706 4755; baseline -0.004 -14"><span class='ocrx_word' id='word_1_788' title='bbox 2144 4688 2342 4750; x_wconf 83' lang='grc' dir='ltr'>εὐθέως</span> <span class='ocrx_word' id='word_1_789' title='bbox 2372 4685 2715 4753; x_wconf 78' lang='grc' dir='ltr'><strong><em>μεθύσκεται,</em></strong></span> <span class='ocrx_word' id='word_1_790' title='bbox 2762 4686 2855 4738; x_wconf 76' lang='grc' dir='ltr'><strong><em>καὶ</em></strong></span> <span class='ocrx_word' id='word_1_791' title='bbox 2901 4685 3117 4738; x_wconf 84' lang='grc' dir='ltr'>παλαίει</span> <span class='ocrx_word' id='word_1_792' title='bbox 3156 4684 3292 4755; x_wconf 86' lang='grc' dir='ltr'><em>πρὸς</em></span> <span class='ocrx_word' id='word_1_793' title='bbox 3333 4684 3434 4754; x_wconf 80' lang='grc' dir='ltr'><strong><em>γῆν</em></strong></span> <span class='ocrx_word' id='word_1_794' title='bbox 3475 4685 3583 4744; x_wconf 84' lang='grc' dir='ltr'>τοῖς</span> <span class='ocrx_word' id='word_1_795' title='bbox 3615 4681 3706 4734; x_wconf 85' lang='grc' dir='ltr'>κέ-</span> 
     </span>
    </p>
   </div>
   <div class='ocr_carea' id='block_1_109' title="bbox 2147 4770 3705 4849">
    <p class='ocr_par' dir='ltr' id='par_1_109' title="bbox 2147 4770 3705 4849">
     <span class='ocr_line' id='line_1_109' title="bbox 2147 4770 3705 4849; baseline -0.007 -17"><span class='ocrx_word' id='word_1_796' title='bbox 2147 4795 2300 4847; x_wconf 87' lang='grc' dir='ltr'>ρασιν</span> <span class='ocrx_word' id='word_1_797' title='bbox 2327 4777 2514 4849; x_wconf 83' lang='grc' dir='ltr'>ὥσπερ</span> <span class='ocrx_word' id='word_1_798' title='bbox 2547 4775 2690 4845; x_wconf 80' lang='grc' dir='ltr'><strong><em>βοῦς.</em></strong></span> <span class='ocrx_word' id='word_1_799' title='bbox 2731 4775 2886 4828; x_wconf 84' lang='grc' dir='ltr'>Ἔστι</span> <span class='ocrx_word' id='word_1_800' title='bbox 2917 4775 2972 4828; x_wconf 84' lang='grc' dir='ltr'>δὲ</span> <span class='ocrx_word' id='word_1_801' title='bbox 2996 4777 3112 4828; x_wconf 82' lang='grc' dir='ltr'>ἐκεῖ</span> <span class='ocrx_word' id='word_1_802' title='bbox 3135 4774 3345 4844; x_wconf 82' lang='grc' dir='ltr'>δένδρον</span> <span class='ocrx_word' id='word_1_803' title='bbox 3385 4776 3418 4843; x_wconf 79' lang='grc' dir='ltr'><strong>ἡ</strong></span> <span class='ocrx_word' id='word_1_804' title='bbox 3447 4770 3705 4840; x_wconf 78' lang='grc' dir='ltr'><strong><em>ὀνομαζοο</em></strong></span> 
     </span>
    </p>
   </div>
   <div class='ocr_carea' id='block_1_110' title="bbox 2147 4861 3704 4942">
    <p class='ocr_par' dir='ltr' id='par_1_110' title="bbox 2147 4861 3704 4942">
     <span class='ocr_line' id='line_1_110' title="bbox 2147 4861 3704 4942; baseline -0.006 -19"><span class='ocrx_word' id='word_1_805' title='bbox 2147 4871 2282 4942; x_wconf 83' lang='grc' dir='ltr'>μένη</span> <span class='ocrx_word' id='word_1_806' title='bbox 2307 4870 2491 4933; x_wconf 84' lang='grc' dir='ltr'>τάνυς,</span> <span class='ocrx_word' id='word_1_807' title='bbox 2526 4868 2784 4940; x_wconf 80' lang='grc' dir='ltr'>κλίματος</span> <span class='ocrx_word' id='word_1_808' title='bbox 2809 4868 3086 4939; x_wconf 76' lang='grc' dir='ltr'><strong><em>μόρφωσιν</em></strong></span> <span class='ocrx_word' id='word_1_809' title='bbox 3105 4867 3301 4935; x_wconf 75' lang='grc' dir='ltr'>ἔχουσα</span> <span class='ocrx_word' id='word_1_810' title='bbox 3323 4861 3704 4923; x_wconf 87' lang='grc' dir='ltr'>λευκολλώνου,</span> 
     </span>
    </p>
   </div>
   <div class='ocr_carea' id='block_1_111' title="bbox 2143 4950 3705 5032">
    <p class='ocr_par' dir='ltr' id='par_1_111' title="bbox 2143 4950 3705 5032">
     <span class='ocr_line' id='line_1_111' title="bbox 2143 4950 3705 5032; baseline -0.007 -17"><span class='ocrx_word' id='word_1_811' title='bbox 2143 4962 2236 5016; x_wconf 70' lang='grc' dir='ltr'>καὶ</span> <span class='ocrx_word' id='word_1_812' title='bbox 2268 4964 2377 5024; x_wconf 85' lang='grc' dir='ltr'>τοῖς</span> <span class='ocrx_word' id='word_1_813' title='bbox 2406 4960 2582 5032; x_wconf 76' lang='grc' dir='ltr'>ἔρνεσι</span> <span class='ocrx_word' id='word_1_814' title='bbox 2619 4958 2946 5030; x_wconf 75' lang='grc' dir='ltr'>κληθὸμενος</span> <span class='ocrx_word' id='word_1_815' title='bbox 2976 4959 3004 5010; x_wconf 87' lang='grc' dir='ltr'>ὁ</span> <span class='ocrx_word' id='word_1_816' title='bbox 3036 4956 3196 5018; x_wconf 78' lang='grc' dir='ltr'>αὐτὸς</span> <span class='ocrx_word' id='word_1_817' title='bbox 3224 4950 3382 5025; x_wconf 75' lang='grc' dir='ltr'><em>οὖρος</em></span> <span class='ocrx_word' id='word_1_818' title='bbox 3409 4953 3507 5022; x_wconf 82' lang='grc' dir='ltr'>τὴν</span> <span class='ocrx_word' id='word_1_819' title='bbox 3533 4967 3705 5019; x_wconf 85' lang='grc' dir='ltr'>κεφα-</span> 
     </span>
    </p>
   </div>
   <div class='ocr_carea' id='block_1_112' title="bbox 2144 5041 3709 5123">
    <p class='ocr_par' dir='ltr' id='par_1_112' title="bbox 2144 5041 3709 5123">
     <span class='ocr_line' id='line_1_112' title="bbox 2144 5041 3709 5123; baseline -0.007 -19"><span class='ocrx_word' id='word_1_820' title='bbox 2144 5053 2242 5123; x_wconf 79' lang='grc' dir='ltr'><strong><em>λὴν</em></strong></span> <span class='ocrx_word' id='word_1_821' title='bbox 2281 5052 2417 5123; x_wconf 83' lang='grc' dir='ltr'><em>πρὸς</em></span> <span class='ocrx_word' id='word_1_822' title='bbox 2441 5051 2509 5104; x_wconf 86' lang='grc' dir='ltr'><strong><em>τὰ</em></strong></span> <span class='ocrx_word' id='word_1_823' title='bbox 2541 5050 2670 5120; x_wconf 77' lang='grc' dir='ltr'><strong><em>ἔρνη</em></strong></span> <span class='ocrx_word' id='word_1_824' title='bbox 2703 5050 2802 5120; x_wconf 84' lang='grc' dir='ltr'>τῆς</span> <span class='ocrx_word' id='word_1_825' title='bbox 2837 5049 3049 5111; x_wconf 86' lang='grc' dir='ltr'>τάνυος,</span> <span class='ocrx_word' id='word_1_826' title='bbox 3085 5047 3145 5099; x_wconf 79' lang='grc' dir='ltr'>τὸ</span> <span class='ocrx_word' id='word_1_827' title='bbox 3177 5046 3342 5116; x_wconf 77' lang='grc' dir='ltr'>κέρας</span> <span class='ocrx_word' id='word_1_828' title='bbox 3375 5041 3538 5096; x_wconf 77' lang='grc' dir='ltr'>αὑτοῦ</span> <span class='ocrx_word' id='word_1_829' title='bbox 3567 5043 3709 5095; x_wconf 82' lang='grc' dir='ltr'>δέδε-</span> 
     </span>
    </p>
   </div>
   <div class='ocr_carea' id='block_1_113' title="bbox 2143 5135 3706 5213">
    <p class='ocr_par' dir='ltr' id='par_1_113' title="bbox 2143 5135 3706 5213">
     <span class='ocr_line' id='line_1_113' title="bbox 2143 5135 3706 5213; baseline -0.008 -15"><span class='ocrx_word' id='word_1_830' title='bbox 2143 5164 2233 5198; x_wconf 84' lang='grc' dir='ltr'><strong><em>ται</em></strong></span> <span class='ocrx_word' id='word_1_831' title='bbox 2267 5146 2358 5198; x_wconf 79' lang='grc' dir='ltr'><strong><em>ὑπ’</em></strong></span> <span class='ocrx_word' id='word_1_832' title='bbox 2385 5144 2570 5213; x_wconf 80' lang='grc' dir='ltr'>αὐτῆς.</span> <span class='ocrx_word' id='word_1_833' title='bbox 2615 5141 3063 5212; x_wconf 74' lang='grc' dir='ltr'>Παραγενομένω</span> <span class='ocrx_word' id='word_1_834' title='bbox 3091 5136 3376 5207; x_wconf 80' lang='grc' dir='ltr'><strong><em>τοιγαροῦν</em></strong></span> <span class='ocrx_word' id='word_1_835' title='bbox 3411 5135 3505 5188; x_wconf 81' lang='grc' dir='ltr'><strong><em>τοῦ</em></strong></span> <span class='ocrx_word' id='word_1_836' title='bbox 3540 5151 3706 5204; x_wconf 84' lang='grc' dir='ltr'>κυνη-</span> 
     </span>
    </p>
   </div>
   <div class='ocr_carea' id='block_1_114' title="bbox 2144 5228 3705 5307">
    <p class='ocr_par' dir='ltr' id='par_1_114' title="bbox 2144 5228 3705 5307">
     <span class='ocr_line' id='line_1_114' title="bbox 2144 5228 3705 5307; baseline -0.006 -18"><span class='ocrx_word' id='word_1_837' title='bbox 2144 5236 2262 5304; x_wconf 83' lang='grc' dir='ltr'><strong><em>γοῦ,</em></strong></span> <span class='ocrx_word' id='word_1_838' title='bbox 2296 5237 2390 5289; x_wconf 71' lang='grc' dir='ltr'>καὶ</span> <span class='ocrx_word' id='word_1_839' title='bbox 2426 5236 2768 5307; x_wconf 80' lang='grc' dir='ltr'><strong><em>εὑρίσκοντος</em></strong></span> <span class='ocrx_word' id='word_1_840' title='bbox 2818 5231 3261 5304; x_wconf 83' lang='grc' dir='ltr'>ὲμπεπεδημένον</span> <span class='ocrx_word' id='word_1_841' title='bbox 3291 5228 3398 5281; x_wconf 84' lang='grc' dir='ltr'>τῶν</span> <span class='ocrx_word' id='word_1_842' title='bbox 3438 5229 3705 5299; x_wconf 86' lang='grc' dir='ltr'>κεράτων,</span> 
     </span>
    </p>
   </div>
   <div class='ocr_carea' id='block_1_115' title="bbox 2145 5319 3708 5400">
    <p class='ocr_par' dir='ltr' id='par_1_115' title="bbox 2145 5319 3708 5400">
     <span class='ocr_line' id='line_1_115' title="bbox 2145 5319 3708 5400; baseline -0.006 -19"><span class='ocrx_word' id='word_1_843' title='bbox 2145 5332 2336 5400; x_wconf 86' lang='grc' dir='ltr'>κρατεῖ</span> <span class='ocrx_word' id='word_1_844' title='bbox 2366 5327 2548 5380; x_wconf 83' lang='grc' dir='ltr'>αὑτοῦ.</span> <span class='ocrx_word' id='word_1_845' title='bbox 2588 5327 2872 5395; x_wconf 80' lang='lat' dir='ltr'><strong><em>Nunquam</em></strong></span> <span class='ocrx_word' id='word_1_846' title='bbox 2920 5333 3098 5377; x_wconf 88' lang='lat' dir='ltr'><strong><em>tamen</em></strong></span> <span class='ocrx_word' id='word_1_847' title='bbox 3141 5335 3322 5384; x_wconf 91' lang='lat' dir='ltr'><strong><em>urum,</em></strong></span> <span class='ocrx_word' id='word_1_848' title='bbox 3368 5328 3422 5374; x_wconf 86' lang='lat' dir='ltr'><strong><em>ct</em></strong></span> <span class='ocrx_word' id='word_1_849' title='bbox 3456 5319 3708 5372; x_wconf 78' lang='lat' dir='ltr'><strong><em>autholo-</em></strong></span> 
     </span>
    </p>
   </div>
   <div class='ocr_carea' id='block_1_116' title="bbox 2144 5416 2987 5491">
    <p class='ocr_par' dir='ltr' id='par_1_116' title="bbox 2144 5416 2987 5491">
     <span class='ocr_line' id='line_1_116' title="bbox 2144 5416 2987 5491; baseline -0.009 -15"><span class='ocrx_word' id='word_1_850' title='bbox 2144 5437 2264 5491; x_wconf 87' lang='lat' dir='ltr'><strong><em>pem</em></strong></span> <span class='ocrx_word' id='word_1_851' title='bbox 2296 5437 2464 5474; x_wconf 91' lang='lat' dir='ltr'><strong><em>unum</em></strong></span> <span class='ocrx_word' id='word_1_852' title='bbox 2493 5435 2614 5472; x_wconf 86' lang='lat' dir='ltr'><strong><em>esse</em></strong></span> <span class='ocrx_word' id='word_1_853' title='bbox 2645 5416 2987 5472; x_wconf 87' lang='lat' dir='ltr'><strong><em>crediderim.</em></strong></span> 
     </span>
    </p>
   </div>
   <div class='ocr_carea' id='block_1_117' title="bbox 2216 5499 3709 5578">
    <p class='ocr_par' dir='ltr' id='par_1_117' title="bbox 2216 5499 3709 5578">
     <span class='ocr_line' id='line_1_117' title="bbox 2216 5499 3709 5578; baseline -0.01 -11"><span class='ocrx_word' id='word_1_854' title='bbox 2216 5513 2372 5578; x_wconf 84' lang='lat' dir='ltr'><strong><em>|bid.,</em></strong></span> <span class='ocrx_word' id='word_1_855' title='bbox 2402 5514 2497 5566; x_wconf 92' lang='lat' dir='ltr'><strong><em>lin.</em></strong></span> <span class='ocrx_word' id='word_1_856' title='bbox 2530 5511 2616 5565; x_wconf 79' lang='grc'><strong><em>59.</em></strong></span> <span class='ocrx_word' id='word_1_857' title='bbox 2648 5512 2814 5563; x_wconf 85' lang='grc' dir='ltr'>Ἔστι</span> <span class='ocrx_word' id='word_1_858' title='bbox 2841 5505 3282 5568; x_wconf 73' lang='grc' dir='ltr'><strong><em>δὲέν-Σκύθαις.</em></strong></span> <span class='ocrx_word' id='word_1_859' title='bbox 3306 5499 3380 5558; x_wconf 88' lang='lat' dir='ltr'><strong><em>De</em></strong></span> <span class='ocrx_word' id='word_1_860' title='bbox 3407 5499 3633 5555; x_wconf 79' lang='lat' dir='ltr'><strong><em>tarando</em></strong></span> <span class='ocrx_word' id='word_1_861' title='bbox 3653 5505 3709 5552; x_wconf 82' lang='lat' dir='ltr'><strong><em>et</em></strong></span> 
     </span>
    </p>
   </div>
   <div class='ocr_carea' id='block_1_118' title="bbox 2144 5591 3704 5676">
    <p class='ocr_par' dir='ltr' id='par_1_118' title="bbox 2144 5591 3704 5676">
     <span class='ocr_line' id='line_1_118' title="bbox 2144 5591 3704 5676; baseline -0.013 -15"><span class='ocrx_word' id='word_1_862' title='bbox 2144 5607 2264 5675; x_wconf 85' lang='lat' dir='ltr'><strong><em>ejus</em></strong></span> <span class='ocrx_word' id='word_1_863' title='bbox 2291 5607 2482 5676; x_wconf 79' lang='lat' dir='ltr'><strong><em>ﬁgura.</em></strong></span> <span class='ocrx_word' id='word_1_864' title='bbox 2517 5612 2570 5658; x_wconf 87' lang='lat' dir='ltr'><strong><em>et</em></strong></span> <span class='ocrx_word' id='word_1_865' title='bbox 2599 5601 2796 5662; x_wconf 79' lang='lat' dir='ltr'><strong><em>forma,</em></strong></span> <span class='ocrx_word' id='word_1_866' title='bbox 2839 5610 2893 5653; x_wconf 91' lang='lat' dir='ltr'><strong><em>et</em></strong></span> <span class='ocrx_word' id='word_1_867' title='bbox 2939 5605 2997 5650; x_wconf 92' lang='lat' dir='ltr'><strong><em>ut</em></strong></span> <span class='ocrx_word' id='word_1_868' title='bbox 3040 5610 3243 5657; x_wconf 88' lang='lat' dir='ltr'><strong><em>rerum,</em></strong></span> <span class='ocrx_word' id='word_1_869' title='bbox 3275 5608 3412 5664; x_wconf 90' lang='lat' dir='ltr'><strong><em>quas</em></strong></span> <span class='ocrx_word' id='word_1_870' title='bbox 3444 5591 3704 5659; x_wconf 75' lang='lat' dir='ltr'><strong><em>attigerit,</em></strong></span> 
     </span>
    </p>
   </div>
   <div class='ocr_carea' id='block_1_119' title="bbox 2145 5683 3703 5759">
    <p class='ocr_par' dir='ltr' id='par_1_119' title="bbox 2145 5683 3703 5759">
     <span class='ocr_line' id='line_1_119' title="bbox 2145 5683 3703 5759; baseline -0.013 -7"><span class='ocrx_word' id='word_1_871' title='bbox 2145 5702 2356 5753; x_wconf 89' lang='lat' dir='ltr'><strong><em>colores</em></strong></span> <span class='ocrx_word' id='word_1_872' title='bbox 2384 5697 2622 5759; x_wconf 78' lang='lat' dir='ltr'><strong><em>exhibet,</em></strong></span> <span class='ocrx_word' id='word_1_873' title='bbox 2658 5695 2830 5757; x_wconf 86' lang='lat' dir='ltr'><strong><em>Phile,</em></strong></span> <span class='ocrx_word' id='word_1_874' title='bbox 2857 5692 2911 5744; x_wconf 92' lang='lat' dir='ltr'><strong><em>in</em></strong></span> <span class='ocrx_word' id='word_1_875' title='bbox 2940 5689 3157 5754; x_wconf 89' lang='lat' dir='ltr'><strong><em>iambis,</em></strong></span> <span class='ocrx_word' id='word_1_876' title='bbox 3181 5687 3454 5749; x_wconf 68' lang='lat' dir='ltr'><strong><em>Elianus,</em></strong></span> <span class='ocrx_word' id='word_1_877' title='bbox 3487 5683 3560 5738; x_wconf 87' lang='lat' dir='ltr'><strong><em>De</em></strong></span> <span class='ocrx_word' id='word_1_878' title='bbox 3580 5683 3703 5734; x_wconf 85' lang='lat' dir='ltr'><strong><em>hist.</em></strong></span> 
     </span>
    </p>
   </div>
   <div class='ocr_carea' id='block_1_120' title="bbox 2147 5771 3704 5852">
    <p class='ocr_par' dir='ltr' id='par_1_120' title="bbox 2147 5771 3704 5852">
     <span class='ocr_line' id='line_1_120' title="bbox 2147 5771 3704 5852; baseline -0.011 -9"><span class='ocrx_word' id='word_1_879' title='bbox 2147 5791 2334 5852; x_wconf 79' lang='lat' dir='ltr'><strong><em>anim.,</em></strong></span> <span class='ocrx_word' id='word_1_880' title='bbox 2362 5789 2456 5842; x_wconf 91' lang='lat' dir='ltr'><strong><em>lib.</em></strong></span> <span class='ocrx_word' id='word_1_881' title='bbox 2491 5803 2552 5851; x_wconf 86' lang='grc' dir='ltr'><strong><em>ιι,</em></strong></span> <span class='ocrx_word' id='word_1_882' title='bbox 2588 5801 2710 5852; x_wconf 75' lang='lat' dir='ltr'><strong><em>cap.</em></strong></span> <span class='ocrx_word' id='word_1_883' title='bbox 2744 5786 2839 5848; x_wconf 81' lang='lat' dir='ltr'><strong><em>l6;</em></strong></span> <span class='ocrx_word' id='word_1_884' title='bbox 2881 5781 3110 5843; x_wconf 87' lang='lat' dir='ltr'><strong><em>Plinius,</em></strong></span> <span class='ocrx_word' id='word_1_885' title='bbox 3149 5781 3243 5836; x_wconf 90' lang='lat' dir='ltr'><strong><em>lib.</em></strong></span> <span class='ocrx_word' id='word_1_886' title='bbox 3281 5793 3398 5837; x_wconf 78' lang='lat' dir='ltr'><strong><em>vni.</em></strong></span> <span class='ocrx_word' id='word_1_887' title='bbox 3442 5791 3563 5832; x_wconf 83' lang='lat' dir='ltr'><strong><em>can.</em></strong></span> <span class='ocrx_word' id='word_1_888' title='bbox 3607 5771 3704 5827; x_wconf 69' lang='grc' dir='ltr'><strong><em>δι’</em></strong></span> 
     </span>
    </p>
   </div>
  </div>
