4124 6440
380 362 486 419 933

1468 357 1534 410 IN
1575 356 1943 413 EUSTATHII
1982 359 2456 416 HEXAEMERON
2498 363 2726 422 ΝΟΤιΕ.

3510 367 3612 423 954

382 476 719 540 Aristoteles,
753 475 891 543 Περὶ
927 474 1272 542 θαυμασίων
1304 472 1732 542 ἀκουσμάτων;
1766 472 1934 528 Theo-

2045 490 2146 527 non
2200 475 2419 538 resistit,
2467 478 2670 546 pigrior
2722 471 3002 550 duriorque
3049 483 3312 549 materies,
3354 485 3613 540 visibilem

383 572 659 639 phrastus,
693 567 994 638 fragmento
1043 565 1178 636 Περὶ
1221 565 1330 618 τῶν
1374 565 1810 636 μεταϐαλλόντων
1846 564 1944 628 τὰς

381 662 565 733 χρόας.
616 661 675 713 'U
720 659 776 712 δὲ
817 658 1075 730 eamea;
1116 657 1176 710 τὸ
1225 657 1322 727 μὲν
1370 657 1593 727 μέγεθός
1639 657 1754 708 ἐστι
1804 655 1945 710 κατὰ

384 753 528 822 βοῦν,
565 753 627 805 τὸ
665 752 950 824 πρόσωπον
978 751 1034 804 δὲ
1059 753 1242 822 ὅμοιος
1275 749 1474 820 ἐλάφῳ,
1509 749 1647 819 πλὴν
1681 747 1944 802 πλατύτε-

383 860 494 914 ρος,
518 843 716 896 ὡσανεὶ
739 846 801 896 ὲκ
827 843 919 896 δύο
947 843 1300 914 συγκείμενος
1325 842 1586 910 ὲλαφείων
1613 841 1939 913 προσώπων.

381 933 603 1004 Δίχηλον
640 933 696 986 δέ
737 935 851 986 ἐστι
891 935 984 987 καὶ
1026 934 1386 1005 κερασφόρον.
1425 936 1577 1005 Ἔχει
1603 933 1659 986 δὲ
1690 934 1750 986 τὸ
1777 934 1941 1006 κέρας

380 1025 718 1093 ὰποφυάδας,
756 1024 943 1098 ῶσπερ
981 1025 1042 1078 τὸ
1073 1027 1294 1097 ἐλάφου,
1319 1028 1410 1081 καὶ
1442 1027 1703 1098 τριχωτόν
1731 1029 1844 1080 ἐστι
1872 1027 1938 1079 δι’

380 1116 522 1170 ὄλουο
555 1118 682 1188 περὶ
711 1117 818 1188 γὰρ
852 1118 914 1170 τὸ
954 1118 1143 1172 ὀστοῦν
1172 1119 1439 1191 δέρματός
1483 1121 1628 1172 ἐστιν
1671 1119 1936 1184 ἐπίτασις,

380 1209 501 1263 ὅθεν
530 1213 561 1281 ή
597 1210 836 1280 ἔκφυσις.
884 1211 955 1263 Τὸ
991 1211 1048 1262 δὲ
1079 1211 1252 1283 δέρμα
1281 1211 1360 1281 τῷ
1397 1211 1559 1283 πάχει
1601 1211 1939 1265 δακτυλιαῖον

381 1303 546 1367 ἐστιν,
570 1302 792 1375 ἰσχυρὸν
812 1303 867 1356 δὲ
891 1302 1114 1374 σφόδρα.
1138 1303 1229 1355 Διὸ
1256 1303 1349 1356 καὶ
1372 1303 1465 1356 τοῦ
1487 1303 1729 1376 θώρακος
1749 1303 1941 1370 ἐξαυά-

381 1389 563 1456 ζοντες
599 1393 729 1446 αὐτὸ
772 1392 944 1450 ίῶναι.
974 1396 1206 1450 Σπάνιον
1235 1394 1291 1448 δὲ
1317 1394 1379 1447 τὸ
1411 1394 1549 1460 ζῶον
1576 1396 1669 1449 καὶ
1695 1395 1938 1464 ὀλιγάκις

381 1485 721 1556 φαινόμενον.
772 1484 1067 1557 Θαυμαστὴ
1114 1486 1171 1540 δὲ
1219 1487 1253 1558 ἡ
1297 1486 1585 1558 μεταὸολὴ,
1635 1486 1729 1540 καὶ
1773 1487 1938 1554 ἐγγὺς

381 1575 652 1640 ἀπιστίας.
681 1578 804 1640 Τοῖς
837 1578 934 1648 μὲν
964 1577 1072 1649 γὰρ
1098 1577 1277 1640 ἄλλοις
1299 1577 1357 1631 ὲν
1375 1577 1453 1648 τῷ
1476 1577 1704 1648 δέρματι
1731 1576 1937 1645 γίνεται

379 1672 412 1738 ἡ
451 1667 734 1740 μεταϐολὴ,
770 1668 1152 1740 ἀλλοιουμένης
1177 1670 1276 1740 τῆς
1304 1668 1451 1732 ἐντὸς
1485 1669 1800 1740 ὑγρότητος,
1829 1668 1936 1719 εἴτε

379 1761 734 1830 αἰματώδους,
758 1761 806 1814 εί
836 1761 926 1816 καί
952 1779 1095 1825 τινος
1114 1761 1278 1831 ἄλλης
1305 1761 1559 1830 τοιαύτης
1583 1759 1767 1830 οὔσης·
1798 1757 1936 1811 ὥστε

2049 567 2266 632 speciem
2293 568 2614 635 coloremque
2643 580 2940 635 commutet,
2989 573 3106 627 licet
3141 575 3311 630 videre
3327 591 3616 642 corpuscu-

2051 656 2158 709 lum
2200 657 2586 731 cltamwleontis
2634 661 2702 713 ad
2747 661 2942 714 colores
2992 680 3118 732 quos
3169 667 3307 722 videt
3349 667 3613 736 facillima

2047 750 2375 803 conversione
2404 751 2624 806 variari.
2657 752 2762 805 Alii
2796 752 2986 807 dicunt
3015 757 3264 826 polypum
3299 768 3354 814 et
3383 759 3612 814 chamae-
3671 803 3673 806 ‹

2046 842 2300 908 leontem,
2333 844 2544 914 aliaque
2578 845 2771 900 similis
2791 856 3000 902 naturae
3033 857 3086 901 et
3118 851 3320 920 ingenii
3352 852 3608 908 animalia

2046 936 2256 990 colores
2291 936 2413 991 illos
2447 937 2689 1002 reddere,
2722 954 2831 991 non
2866 940 3009 1008 quod
3032 941 3099 995 iis
3145 944 3324 1011 reipsa
3348 943 3606 999 imbuan-

2047 1033 2151 1088 tur,
2195 1024 2290 1079 sed
2320 1025 2445 1095 quia
2479 1041 2602 1079 cum
2630 1027 2864 1080 habeant
2894 1043 3092 1096 corpus
3135 1044 3319 1084 rarum
3344 1037 3398 1083 et
3423 1037 3608 1085 trans-

2045 1117 2292 1181 meabile,
2328 1133 2424 1186 per
2464 1119 2516 1172 id
2549 1127 2803 1189 tanquam
2834 1136 2930 1190 per
2951 1123 3150 1174 vitrum
3185 1132 3484 1176 cernuntur
3519 1137 3604 1178 re-

2043 1225 2164 1264 rum
2217 1212 2613 1280 subjacentium
2667 1215 2900 1277 colores,
2950 1215 3041 1284 qui
3077 1223 3256 1269 tamen
3313 1215 3607 1271 allucinato

2044 1313 2265 1374 aspectu
2321 1305 2376 1358 in
2433 1304 2567 1374 ipsis
2617 1305 2986 1360 animantibus
3032 1307 3284 1362 videntur
3344 1307 3603 1371 insidere,

2043 1396 2497 1466 quemadmodum
2543 1405 2596 1452 et
2643 1400 2843 1454 vitrum
2887 1400 3052 1456 rebus
3090 1400 3347 1456 coloratis
3381 1401 3606 1471 imposi-

2045 1495 2156 1540 tum
2195 1489 2340 1558 pingi
2383 1487 2596 1543 videtur
2619 1490 2916 1554 coloribus,
2946 1492 3036 1560 qui
3077 1507 3175 1562 per
3208 1493 3384 1561 ipsum
3418 1500 3604 1546 trans-

2043 1579 2240 1632 lucent.
2276 1579 2616 1644 Aristoteles,
2652 1581 2749 1634 lib.
2783 1597 2844 1645 ιι,
2888 1580 2961 1634 De
2994 1580 3118 1636 hist.
3176 1583 3365 1648 anim.,
3392 1582 3487 1637 lib.
3523 1598 3602 1648 xl,

2043 1671 2136 1734 ait,
2168 1671 2606 1726 chamaeleontem
2655 1673 2891 1729 colorem
2921 1683 3134 1729 mutare
3162 1673 3424 1741 inﬂatum;
3454 1674 3602 1744 quod

2041 1763 2202 1816 etiam
2247 1763 2314 1817 de
2367 1765 2630 1834 polypode
2673 1763 2809 1818 dixit
2855 1764 3266 1836 TheOphrastus
3289 1766 3602 1833 dictoloco,

380 1849 616 1920 φανερὰν
655 1847 790 1904 εἶναι
821 1851 920 1923 τὴν
967 1850 1328 1920 συμπάθειαν⁸
1368 1851 1400 1920 ἡ
1448 1849 1504 1901 δὲ
1544 1848 1744 1919 τριχῶν
1780 1865 1934 1918 μετα-

2043 1859 2101 1903 ut
2151 1849 2279 1921 legit
2321 1849 2588 1908 Henricus
2639 1853 2967 1922 Stephanus,
3012 1871 3174 1926 quam
3219 1863 3275 1911 et
3321 1857 3602 1912 meliorem

377 1941 505 2013 ϐολὴ
548 1941 724 2013 ξηρῶν
747 1961 806 1996 τε
829 1944 1017 2006 ὄντων,
1047 1943 1139 1995 καὶ
1172 1940 1593 2012 ἁπηρτημένων,
1630 1941 1724 1992 καὶ¹
1748 1938 1939 2009 ἀθρόον

374 2036 436 2086 οὐ
470 2034 788 2102 πεφυκότων
833 2034 1194 2097 ἀλλοιοῦσθαι,
1251 2033 1548 2103 παράδοξος
1589 2030 1802 2100 ἀληθῶς
1850 2031 1942 2084 καὶ

375 2123 635 2187 ἀπίθανος
684 2125 915 2194 μάλιστα
969 2126 1104 2197 πρὸς
1161 2124 1329 2178 πολλὰ
1378 2122 1776 2193 ποικιλλομένη.
1837 2120 1934 2174 Ea.

374 2218 496 2272 dem
546 2214 788 2280 Solinus,
837 2232 958 2288 cap.
1025 2219 1113 2282 55,
1164 2218 1330 2272 Mittit
1360 2225 1409 2271 et
1459 2215 1741 2269 tarandum
1787 2213 1939 2266 boum

375 2308 755 2379 magnitudine,
788 2309 986 2364 bisulco
1020 2312 1255 2381 uestigio,
1288 2310 1512 2363 ramosis
1543 2308 1807 2373 cornibus,
1849 2323 1940 2359 ca—

373 2407 479 2466 pite
507 2399 731 2461 cervino,
762 2400 942 2453 ursino
973 2401 1164 2466 colore,
1196 2408 1244 2453 et
1276 2401 1477 2469 pariter
1503 2399 1628 2451 villo
1653 2396 1934 2466 profundo.

376 2489 533 2543 Hunc
562 2490 844 2544 tarandum
872 2492 1148 2560 afﬁrmant
1194 2491 1433 2544 habitum
1462 2499 1601 2543 metu
1632 2497 1862 2550 vertere;
1889 2494 1940 2540 et

373 2581 796 2637 cum;delitescit
831 2585 948 2653 ﬁeri
989 2584 1276 2638 assimilem
1316 2585 1600 2651 cuicunque
1641 2581 1720 2634 rei
1757 2579 1941 2649 promi-

373 2677 610 2743 moverit,
641 2677 746 2730 sive
769 2676 864 2731 illa
893 2691 1023 2730 saxo
1064 2676 1185 2732 alba
1223 2677 1318 2739 sit,
1353 2691 1441 2730 seu
1480 2674 1704 2743 fructeta
1743 2672 1935 2735 uirens,

372 2767 476 2820 sive
505 2783 654 2838 quem
683 2767 848 2821 alium
875 2767 1087 2821 modum
1110 2767 1379 2836 prwferat.
1413 2762 1645 2817 Faciunt
1674 2762 1771 2815 hoc
1801 2760 1938 2814 idem

372 2861 426 2910 in
451 2860 586 2911 mari
613 2858 807 2930 polypi,
837 2860 891 2914 in
913 2869 1051 2913 terra
1075 2858 1493 2922 chamaeleontes,
1518 2857 1611 2911 sed
1640 2865 1690 2909 et
1717 2854 1936 2924 polypus

370 2962 420 3005 et
449 2954 764 3007 chamaeleon
789 2951 977 3023 glabra
1008 2959 1152 3014 sunt,
1190 2962 1238 3006 et
1264 2952 1479 3020 pronius
1520 2960 1600 3004 est
1638 2953 1774 3005 cutis
1806 2951 1936 3005 levi-

371 3053 478 3098 tate
499 3045 856 3112 proximantia
885 3042 1145 3097 azmulari.
1179 3041 1245 3095 In
1272 3042 1368 3096 hoc
1398 3057 1587 3095 novum
1613 3050 1710 3105 est,
1750 3050 1799 3094 et
1827 3042 1938 3095 sin-

370 3137 572 3206 gulare,
616 3135 900 3190 hirsutiam
932 3134 1030 3202 pili
1059 3133 1294 3186 colorum
1323 3133 1457 3186 vices
1500 3132 1696 3200 facere.
1734 3130 1930 3187 Verum

369 3231 444 3294 ὡς
477 3233 533 3283 ἐν
555 3227 868 3301 προσθήκης
894 3227 1046 3299 μέρει
1079 3241 1190 3281 ηοη
1238 3225 1507 3296 ingratum
1557 3224 1673 3279 fore
1716 3224 1932 3279 lectori-

371 3323 472 3377 bus
504 3322 778 3377 existimo.
830 3317 886 3372 Si
937 3333 1057 3388 quas
1109 3316 1272 3386 hujus
1324 3316 1570 3371 colorum
1617 3314 1932 3370 mutationis

370 3427 535 3466 causa
581 3412 654 3466 sit
705 3411 1116 3480 investigemus.
1163 3407 1428 3477 Superius
1480 3405 1626 3462 enim
1673 3406 1819 3476 quod
1875 3407 1929 3459 in

371 3502 622 3571 praesenti
667 3501 734 3556 de
775 3499 1023 3563 tarando,
1076 3499 1142 3554 de
1191 3499 1458 3569 polypode
1490 3498 1694 3553 dictum
1745 3504 1849 3562 est,
1880 3505 1935 3552 et

370 3593 603 3648 inferius
632 3593 699 3647 de
727 3592 1116 3647 chamaaleonte
1146 3591 1358 3646 dicetur
1387 3605 1549 3660 quam
1577 3588 1930 3644 mutationem

370 3690 564 3751 praeter
619 3689 893 3736 tantorum
969 3679 1247 3734 hominum
1311 3680 1688 3734 auctoritatem
1747 3693 1930 3732 veram

367 3790 511 3840 esse,
541 3780 598 3829 et
643 3775 763 3845 ipsa
808 3772 1141 3843 experientia
1176 3781 1514 3840 compertum
1561 3779 1666 3827 est.
1709 3769 1775 3823 Et
1823 3770 1934 3838 pri-

367 3881 516 3921 mum
549 3865 616 3921 de
647 3866 840 3936 polypo
866 3864 1212 3929 Plutarchus,
1246 3865 1342 3918 lib.
1368 3863 1442 3917 De
1468 3863 1640 3916 causis
1671 3862 1931 3917 naturali-

368 3969 482 4027 bus,
543 3976 663 4032 cap.
725 3961 812 4023 19,
861 3960 956 4024 ait,
996 3959 1249 4030 polypum
1288 3972 1506 4012 carnem
1549 3955 1929 4019 foraminibus,

367 4052 742 4122 meatibusque
771 4051 1142 4120 compluribus
1181 4049 1494 4104 distinctam
1526 4048 1743 4114 habere,
1779 4046 1929 4102 ideo-

367 4159 470 4212 que
517 4143 730 4198 deﬂuxu
766 4153 1069 4197 atomorum
1105 4155 1134 4194 a
1167 4140 1394 4195 marinis
1439 4139 1587 4194 saxis
1637 4138 1703 4193 ad
1742 4154 1802 4193 se
1849 4145 1931 4191 at-

368 4246 540 4290 tracto
573 4244 913 4306 receptoque,
944 4235 1012 4290 iis
1054 4233 1396 4302 corpusculis
1439 4230 1624 4285 vestiri
1665 4238 1928 4285 eteorum

368 4329 549 4382 colore
574 4328 999 4397 circumquaque
1028 4325 1304 4396 perfundi.
1337 4324 1403 4378 Et
1441 4340 1566 4378 cum
1594 4323 1816 4393 quidam
1847 4323 1932 4376 di-

367 4431 571 4484 cerent,
598 4434 660 4472 ac
686 4419 975 4486 rejicerent
1004 4418 1356 4471 mutationem
1387 4417 1528 4471 hanc
1555 4417 1607 4470 in
1637 4417 1926 4487 genuinam

367 4511 654 4581 quamdam
699 4510 948 4565 animalis
981 4511 1246 4579 ignaviam
1281 4517 1333 4564 et
1364 4525 1641 4580 pavorem,
1678 4511 1823 4577 quod
1861 4507 1930 4564 de
1958 4529 2005 4589 υ

369 4604 748 4658 chamaeleonte
782 4602 942 4656 etiam
985 4601 1280 4655 affirmaret
1313 4601 1651 4665 Aristoteles,
1691 4602 1786 4655 lib.
1854 4616 1925 4664 Iv,

366 4694 444 4748 De
490 4705 628 4764 part.
682 4694 928 4759 animal.,
969 4691 1130 4761 capit.
1169 4693 1252 4746 ll.
1307 4692 1424 4746 Prae
1473 4694 1642 4747 nimio
1696 4708 1930 4764 namque

366 4797 512 4840 metu
562 4785 909 4840 multiformis
944 4785 1198 4839 efficitur.
1259 4783 1401 4839 Idem
1452 4783 1774 4840 Plutarchus
1831 4786 1926 4851 ait,

365 4880 621 4950 polypum
657 4893 764 4932 non
809 4877 1185 4947 trepidatione,
1223 4876 1314 4931 sed
1348 4891 1414 4930 ex
1455 4875 1724 4932 industria
1756 4877 1809 4930 id
1842 4875 1927 4929 fa-

366 4985 509 5033 cere,
551 4980 605 5025 et
655 4970 756 5024 hac
801 4969 1100 5025 mutatione
1137 4983 1201 5021 ac
1243 4976 1412 5030 veste,
1469 4968 1634 5022 veluti
1686 4968 1812 5022 dolo
1875 4975 1930 5022 et

369 5068 769 5132 stratagemate,
802 5078 910 5116 non
947 5063 1268 5117 caventihus
1306 5061 1532 5115 insidia-3
1565 5067 1797 5122 struere,
1827 5057 1924 5112 lib.

369 5167 477 5221 quo
513 5155 729 5212 disserit
771 5156 965 5226 plusne
1002 5155 1230 5210 rationis
1286 5155 1415 5210 insit
1465 5153 1796 5223 aquatilibus
1830 5151 1926 5205 beo

370 5243 512 5306 stiis,
543 5259 701 5312 quam
738 5246 991 5301 terrenis.
1021 5243 1098 5299 De
1128 5244 1516 5298 chamaeleonte
1547 5241 1686 5298 idem
1712 5241 1928 5295 Plutar-

367 5333 507 5387 chus
541 5325 760 5398 ibidem,
789 5336 938 5389 illum
966 5334 1058 5397 ait,
1088 5349 1154 5388 ex
1188 5342 1332 5388 metu
1369 5334 1580 5388 colores
1608 5333 1712 5387 sibi
1745 5332 1928 5402 proxi-

367 5441 489 5480 mos
553 5437 955 5494 repraesentare.
1015 5426 1078 5482 D.
1139 5427 1494 5497 Augustinus,
1554 5425 1649 5479 lib.
1713 5441 1790 5490 x1,
1851 5423 1928 5478 De

369 5517 649 5579 Trinitate,
703 5533 822 5589 cap.
877 5522 932 5586 2,
986 5537 1104 5577 eam
1154 5521 1399 5576 colorum
1462 5517 1813 5572 mutationem
1870 5519 1925 5572 in

366 5610 756 5666 chamaaleonte
808 5627 872 5666 ex
927 5613 1315 5684 imaginatione
1364 5610 1513 5666 nasci
1573 5618 1766 5663 auctor
1820 5617 1922 5663 est.

377 5700 652 5766 Voluntas,
685 5703 876 5773 inquit,
912 5706 1056 5758 circa
1086 5706 1364 5776 imaginem
1407 5702 1582 5758 sensui
1618 5701 1924 5770 impressam

367 5804 569 5852 tentant
607 5800 706 5854 vim
746 5797 919 5856 habet.
959 5806 1015 5850 ut
1049 5794 1092 5850 si
1122 5794 1669 5876 admodumai‘olenta
1711 5793 1800 5862 sit,
1835 5793 1928 5847 ubi

2041 1937 2324 1993 lectionem
2351 1956 2474 1995 esse
2502 1941 2777 2006 existimo,
2801 1959 3034 2012 namque
3055 1944 3236 2015 potius
3263 1947 3459 2018 polypo
3481 1962 3603 2018 qua:

2040 2026 2448 2099 Theophrastus
2478 2031 2642 2086 refert
2662 2048 2822 2103 quam
2846 2035 3218 2090 chammleonti
3243 2038 3598 2101 conveniunt,

2039 2122 2288 2189 quamvis
2323 2122 2466 2176 idem
2511 2121 2818 2193 Stephanus
2850 2125 2904 2180 in
2943 2127 3186 2183 melioris
3229 2139 3371 2208 notae
3411 2131 3603 2186 codice

2040 2212 2348 2281 suspicetur
2387 2215 2695 2285 χαμαιλέων
2733 2215 2901 2273 fuisse
2942 2221 3225 2288 scriptum.
3268 2221 3387 2287 Quo
3421 2223 3602 2277 deleto

2040 2303 2094 2357 in
2124 2303 2244 2370 ejus
2276 2304 2454 2358 locum
2487 2306 2756 2372 πολύπους
2781 2310 3077 2378 repositum
3114 2311 3216 2378 sit;
3247 2311 3426 2367 lituras
3453 2315 3600 2368 enim

2039 2395 2281 2464 qumdam
2304 2399 2525 2468 vestigia
2553 2400 2607 2453 in
2640 2400 2732 2454 illo
2755 2402 3076 2457 videbantur
3093 2420 3399 2474 superesse.
3423 2404 3602 2462 Theo—

2038 2487 2293 2556 phrastus
2328 2491 2510 2564 itaque
2545 2492 2621 2546 ait
2659 2495 2746 2546 :'0
2777 2494 2833 2546 δὲ
2862 2495 3132 2559 πολύπους
3164 2496 3311 2549 δοκεῖ
3335 2497 3414 2569 τῷ
3439 2498 3604 2552 πνεύ-

2041 2596 2169 2650 ματι
2199 2584 2369 2635 ποιεῖν
2400 2582 2499 2646 τὰς
2525 2583 2843 2652 μεταϐολάς.
2879 2587 3250 2657 Πνευματικὸν
3281 2587 3390 2660 γὰρ
3418 2588 3598 2658 φύσει.

2037 2671 2266 2741 Σημεῖον
2305 2674 2360 2727 δὲ
2402 2675 2460 2728 τὸ
2499 2674 2592 2729 τοῦ
2637 2677 2942 2747 πνεύματος
2978 2680 3091 2746 (alii
3139 2679 3232 2733 τοῦ
3277 2680 3600 2750 πνεύμονος)

2040 2764 2283 2833 μέγεθος·
2329 2767 2513 2837 σχεδὸν
2547 2769 2654 2840 γὰρ
2685 2769 2752 2822 δι’
2788 2770 2910 2823 ὅλου
2941 2771 3036 2824 τοῦ
3073 2770 3321 2842 σώματος
3357 2773 3597 2826 τέταται.

2040 2855 2187 2926 Ἅμα
2212 2857 2269 2910 δὲ
2289 2858 2382 2927 καὶ
2405 2859 2746 2930 ἐξαιρόμενος
2768 2862 2926 2927 αὐτὸς
2955 2863 3050 2916 καὶ
3073 2863 3420 2935 φυσσώμενος
3443 2863 3602 2934 δῆλός

2036 2949 2202 3004 ἐστιν.
2241 2949 2306 3005 Ει
2338 2952 2678 3018 Aristoteles,
2713 2955 2791 3010 De
2836 2966 2978 3026 part.
3015 2959 3203 3022 anim.,
3247 2959 3340 3013 lib.
3374 2973 3448 3020 Iv,
3472 2972 3599 3027 cap.

2037 3040 2090 3103 5,
2131 3042 2272 3096 idem
2306 3043 2490 3100 refert.
2518 3045 2657 3111 Quid
2688 3047 2821 3102 certi
2861 3049 2915 3102 in
2949 3049 3050 3103 hac
3081 3065 3141 3104 re
3158 3049 3500 3104 statuendum
3527 3051 3604 3103 sit

2037 3130 2257 3188 difﬁcile
2287 3135 2410 3204 quis
2440 3145 2625 3206 posset
2663 3140 2995 3208 excogitare,
3029 3139 3113 3194 vel
3156 3141 3330 3194 solum
3361 3141 3602 3194 auctori-

2037 3228 2141 3285 tas,
2169 3231 2222 3277 et
2253 3225 2295 3278 si
2331 3226 2476 3278 nulla
2506 3236 2650 3281 esset
2686 3229 2845 3293 ratio,
2879 3236 3156 3282 tantorum
3187 3228 3448 3292 virorum,
3476 3235 3601 3280 tan-

2033 3329 2194 3384 quam
2230 3322 2437 3370 certum
2485 3325 2767 3381 statueret,
2811 3318 3075 3387 quidquid
3123 3317 3327 3371 dictum
3371 3327 3476 3373 est.
3520 3318 3601 3374 Ne

2031 3396 2159 3472 quid
2198 3405 2378 3474 itaque
2408 3413 2588 3460 tantos
2614 3409 2782 3471 viros,
2811 3407 2897 3462 vel
2933 3422 3120 3461 eorum
3157 3409 3454 3464 sententias
3495 3409 3600 3464 im-

2030 3510 2272 3564 pugnare
2318 3495 2622 3560 videamur,
2656 3499 2799 3552 ahsit
2838 3499 2962 3564 hoc,
3004 3513 3219 3568 semper
3259 3499 3436 3570 magni
3467 3497 3595 3561 feci,

2031 3600 2244 3656 semper
2273 3587 2572 3644 admiratus
2602 3605 2720 3644 sum
2746 3605 3062 3660 magnorum
3088 3591 3322 3645 virorum
3358 3591 3596 3662 ingenia,

2031 3675 2277 3732 dicamus
2309 3692 2498 3733 omnes
2532 3680 2584 3732 in
2617 3680 2717 3734 hac
2747 3695 2806 3735 re
2837 3697 2994 3736 veras
3021 3695 3329 3744 enarrasse,
3375 3695 3599 3737 causas-

2031 3785 2137 3839 que
2165 3771 2527 3835 certissimas,
2575 3771 3074 3844 concludamusque
3103 3773 3224 3828 ideo
3258 3773 3513 3845 polypum
3543 3781 3599 3828 et

2031 3859 2473 3915 chamaeleontem
2507 3861 2725 3917 deﬂuxu
2773 3870 3100 3927 atomorum,
3149 3863 3254 3918 hoc
3298 3873 3403 3927 est,
3434 3863 3597 3934 spiri-

2032 3959 2207 4016 tuum,
2242 3967 2381 4022 quos
2413 3968 2750 4025 unaquaeque
2793 3970 2882 4010 res
2924 3970 3033 4025 prae
3053 3971 3112 4011 se
3135 3955 3257 4022 fert,
3297 3965 3444 4010 metu
3481 3955 3598 4011 sive

2029 4042 2176 4108 dolo,
2212 4043 2326 4099 sive
2354 4044 2459 4098 alio
2488 4046 2741 4115 quopiam
2775 4053 2982 4101 natura:
3009 4055 3180 4110 motu,
3211 4062 3307 4116 per
3335 4047 3598 4117 imagina-

2029 4132 2230 4187 tionem
2264 4134 2451 4188 sensui
2486 4134 2828 4204 impressam,
2861 4136 2916 4189 in
2949 4150 3179 4205 corpore
3207 4135 3366 4205 quasi
3413 4151 3593 4202 aereo,
3665 4156 3676 4166 ο

2029 4230 2084 4278 et
2123 4225 2480 4292 translucido,
2512 4232 2566 4279 et
2609 4225 3006 4289 transmeabili,
3038 4224 3268 4294 ideoque
3307 4225 3593 4295 aptissimo

2030 4317 2098 4372 ad
2151 4317 2447 4386 quamlibet
2501 4318 2856 4372 mutationem
2909 4317 3335 4386 suscipiendam,
3400 4331 3594 4371 omnes

2031 4409 2242 4464 colores
2286 4409 2590 4464 admittere.
2625 4409 2742 4463 Non
2769 4408 2950 4464 subito
2986 4409 3185 4462 multas
3212 4406 3389 4462 adhuc
3415 4415 3467 4462 et
3495 4405 3595 4460 dif-

2032 4501 2318 4566 ficultates,
2349 4511 2402 4555 et
2435 4499 2599 4554 duhia
2659 4515 2966 4570 superesse,
3019 4499 3114 4553 sed
3171 4512 3289 4568 quae
3336 4497 3593 4553 facillimo

2030 4594 2245 4664 negotio
2267 4593 2477 4662 possint
2506 4592 2784 4661 explicari,
2804 4591 2883 4644 vel
2903 4591 3016 4646 sola
3033 4589 3136 4644 hac
3162 4596 3347 4644 nostra
3369 4588 3592 4643 conclu-

2031 4687 2204 4748 sione,
2219 4701 2359 4755 quae,
2379 4701 2447 4739 ne
2466 4685 2791 4756 prolixiores
2825 4683 3018 4748 simus,
3039 4681 3362 4746 omittimus,
3392 4681 3485 4736 sed
3507 4689 3592 4734 sat

2031 4778 2083 4832 id
2107 4778 2244 4832 bene
2264 4776 2329 4831 de
2346 4776 2749 4836 chamaeleonte,
2770 4782 2822 4827 et
2842 4773 3036 4843 polypo
3051 4770 3193 4826 dicet
3207 4771 3356 4840 quis;
3376 4768 3505 4839 quid
3525 4768 3592 4823 de

2029 4871 2256 4924 tarando
2272 4884 2500 4937 corpore
2515 4867 2771 4922 crassiori
2791 4866 2931 4936 quod
2949 4873 3002 4920 et
3023 4865 3244 4928 mirum,
3264 4863 3357 4917 sed
3375 4861 3592 4916 mirabi-

2029 4964 2135 5017 lius
2164 4971 2218 5016 et
2233 4962 2399 5015 villo?
2421 4960 2598 5013 dicam
2624 4957 2768 5028 quod
2783 4965 2837 5012 et
2860 4956 3267 5026 TheOphrastus
3289 4954 3430 5008 dicto
3450 4953 3589 5008 loeu.

2029 5055 2152 5117 Τοῖς
2184 5053 2282 5124 μὲν
2310 5053 2416 5122 γὰρ
2447 5051 2624 5113 ἄλλοις
2661 5051 2719 5102 ὲν
2751 5048 2827 5119 τῷ
2867 5047 3096 5118 δέρματι
3123 5046 3328 5115 γίνεται
3359 5046 3393 5113 ἡ
3430 5061 3594 5115 μετα-

2029 5146 2178 5217 ϐολὴ,
2217 5144 2600 5214 ἀλλοιουμένης
2625 5141 2724 5212 τῆς
2756 5140 2904 5204 ὲντὺς
2931 5140 3243 5210 ὑγρότητος,
3277 5136 3384 5189 εἴτε
3425 5138 3591 5207 αἱμα-

2027 5241 2246 5303 τὼδους,
2300 5238 2332 5310 ἢ
2384 5236 2476 5290 καί
2526 5253 2669 5299 τινος
2719 5234 2884 5302 ἄλλης
2910 5232 3162 5301 τοιαύτης
3220 5229 3420 5300 οὔσηςο
3452 5229 3593 5282 ὥστε

2029 5331 2266 5403 φανερὰν
2298 5327 2557 5400 εἶναιτὴν
2599 5325 2969 5396 συμπάθειαν·
3011 5326 3046 5394 ὴ
3094 5324 3150 5376 δὲ
3193 5321 3394 5394 τριχῶν
3429 5339 3595 5392 μετα-

2027 5423 2178 5494 ϐολὴ,
2215 5420 2392 5492 ξηρῶν
2417 5437 2476 5472 τε
2505 5418 2672 5471 ὄντων
2693 5417 2786 5469 καὶ
2814 5413 3238 5484 ἀπηρτημένων,
3265 5412 3357 5466 καὶ
3395 5411 3592 5483 ἁθρόον

2026 5515 2088 5568 οὺ
2127 5512 2445 5583 πεφυκότων
2489 5506 2846 5570 ἀλλοιοῦσθαι,
2886 5505 3184 5577 παράδοξος
3215 5503 3449 5576 ἀληθῶς,
3500 5504 3594 5557 καὶ

2027 5585 2285 5668 ἀπίθανος
2319 5603 2547 5675 μάλιστα
2578 5599 2713 5671 πρὸς
2738 5596 2906 5652 πολλὰ
2938 5596 3338 5668 ποικιλλομένη.
3358 5594 3594 5662 Quidni?

2026 5696 2146 5751 Non
2180 5709 2372 5751 vereor
2401 5693 2456 5749 id
2487 5692 2644 5747 fateri
2670 5689 2840 5745 Deum
2880 5689 3084 5760 aliquid
3113 5703 3276 5761 posse
3305 5695 3590 5758 praastare,

2029 5793 2186 5864 cujus
2223 5805 2323 5863 ego
2345 5803 2543 5845 causas
2569 5801 2678 5843 non
2705 5798 2977 5856 assequar.
