4124 6456
527 354 632 412 955

1860 353 2104 411 LEONIS
2141 354 2415 412 ALLATll

3653 374 3756 430 956

599 472 761 538 lbid.,
793 471 887 528 lin.
932 471 1020 528 46.
1049 471 1280 542 Ὁμοίως
1305 470 1375 524 δὲ
1388 469 1485 526 καὶ
1507 473 1541 527 ό
1566 472 1916 542 χαμαιλέων.
1948 471 2091 528 Cha-
2117 475 2164 532 Α
2189 471 2312 525 οὔτε
2333 474 2579 545 ὁρᾶσθαι,
2606 475 2726 530 οὔτε
2755 478 3128 550 γνωρίζεσθαι.
3161 483 3396 541 κλέπτει
3422 487 3530 560 γὰρ
3564 489 3755 545 ἑαυτὸν

528 565 864 620 maleontem
893 563 1232 628 Aristoteles,
1272 564 1369 619 lib.
1405 579 1441 618 ιι
1477 562 1554 618 De
1585 565 1710 618 hist.
1744 564 1932 628 anim.,
1963 578 2083 634 cap.

529 656 617 720 11,
651 656 941 729 descripsit
969 659 1107 725 fuse,
1140 667 1193 714 et
1234 658 1462 724 Plinius,
1502 659 1598 714 lib.
1629 674 1746 722 vni,
1773 672 1822 710 c.
1853 656 1951 711 53:
1989 654 2087 708 Fi-

525 765 661 819 gura
705 760 756 805 et
797 753 1103 822 magnitudo
1147 761 1264 807 erat
1305 755 1516 806 lacerta:
1565 752 1667 806 nisi
1715 767 1874 804 crura
1915 757 2088 804 essent

526 855 668 900 recta
689 853 740 900 et
770 846 1078 909 excelsiora,
1111 845 1280 900 latera
1303 846 1467 900 ventri
1485 845 1804 914 junguntur,
1828 851 1887 896 ut
1927 842 2088 913 pisci-

527 938 644 1001 bus,
687 945 737 992 et
779 937 932 1006 spina
972 936 1136 989 simili
1178 934 1370 998 modo;
1397 934 1586 988 em‘inet
1629 943 1879 998 rostrum,
1931 942 1988 986 ut
2030 933 2086 986 in

522 1045 682 1097 parvo
709 1027 850 1081 haud
871 1027 1108 1081 absimile
1127 1026 1305 1091 suillo,
1326 1026 1500 1078 cauda
1525 1023 1796 1094 prwlonga
1825 1024 1880 1077 in
1919 1023 2087 1078 tenui-

527 1131 684 1175 tatem
725 1121 985 1182 desinens,
1025 1127 1076 1172 et
1117 1117 1394 1185 implicans
1445 1131 1499 1170 se
1549 1115 1800 1183 viperinis
1825 1115 2083 1178 orbibus;

525 1228 720 1282 ungues
762 1211 1191 1270 adunci;motus
1235 1205 1458 1269 tardior,
1484 1215 1542 1260 ut
1586 1206 2083 1274 testudini;corpus

526 1320 766 1371 asperum
788 1317 880 1356 ceu
917 1301 1218 1355 crocodilo:
1249 1299 1389 1353 oculi
1423 1301 1479 1352 in
1524 1315 1729 1354 recessu
1775 1314 1899 1353 cavo
1943 1301 2085 1352 tenui

522 1396 823 1449 discrimine
864 1393 1217 1463 prtegrandes,
1257 1401 1307 1444 et
1351 1392 1556 1460 corpori
1585 1389 1916 1453 concolores;
1949 1406 2084 1443 nun-

521 1504 680 1556 quam
705 1503 791 1540 eos
826 1487 1033 1555 operit:
1064 1500 1153 1538 nec
1183 1483 1397 1552 pupilch
1427 1493 1590 1548 motu,
1626 1481 1714 1535 sed
1756 1482 1915 1535 totius
1945 1481 2084 1536 oculi

522 1579 751 1632 versione
774 1576 1143 1645 circumspicit.
1178 1576 1296 1644 Ipse
1333 1574 1502 1629 celsus
1532 1575 1700 1628 hianti
1733 1590 1934 1643 semper
1971 1590 2078 1629 ore.

522 1669 727 1724 Mutare
782 1669 1015 1724 colorem
1060 1667 1228 1724 refert
1256 1667 1576 1722 Aristoteles
1607 1665 1724 1722 loco
1761 1665 1817 1719 d.
1845 1674 1899 1720 et
1927 1664 1981 1731 2,
2028 1674 2083 1722 et

2187 563 2402 618 πλανῶν
2433 582 2492 617 τε
2522 565 2636 637 ἅμα
2676 569 2768 622 καὶ
2797 573 3158 645 παρατρέπων
3188 575 3284 648 τὴν
3317 578 3424 632 τῶν
3464 581 3754 652 ὁρωμένων

2186 653 2326 721 ὄψιν.
2382 655 2445 708 El
2497 657 2605 728 γὰρ
2654 660 2973 733 παρατύχῃς
3027 664 3216 734 μέλανι
3276 667 3338 719 τὸ
3395 665 3563 735 εἶδος,
3616 673 3646 724 ὁ
3697 673 3755 726 δὲ

2187 744 2438 816 ἐξέτρεψε
2467 747 2526 800 τὸ
2559 749 2828 821 μόρφωμα
2859 755 2936 817 εἰς
2979 755 3308 828 χλωρότητα,
3342 757 3527 826 ὥσπερ
3558 757 3627 832 ἦν
3655 781 3752 833 με-

2184 839 2640 910 ταμφιεσάμενος.
2666 838 2801 896 Εἶτα
2831 845 3012 914 μέντοι
3039 846 3244 912 ἀλλοῖος
3262 849 3430 922 ἐφάνη
3458 849 3754 924 λευκότητα

2185 929 2401 993 ὑποδὺς,
2433 932 2679 1004 καθάπερ
2711 939 3049 1006 προσωπεῖον
3079 939 3280 1013 ἕτερον,
3320 942 3352 1013 ἢ
3393 943 3584 1016 στολὴν
3621 945 3752 998 ὑπο-

2183 1019 2374 1092 κριτὴς
2413 1022 2596 1094 ἄλλην.
2651 1023 2861 1082 Plinius
2904 1029 3022 1083 solo
3049 1045 3173 1087 aere
3215 1047 3316 1087 nec
3374 1033 3483 1088 alio
3513 1035 3638 1090 cibo
3677 1037 3747 1090 ali

2183 1108 2287 1164 hoc
2330 1111 2530 1165 animal
2568 1113 2808 1168 tradidit.
2849 1113 2970 1182 Ipse
2996 1118 3165 1172 celsus
3199 1119 3368 1174 hianti
3403 1139 3604 1192 semper
3635 1142 3744 1188 ore,

2184 1200 2328 1254 solus
2370 1203 2678 1257 animalium
2715 1221 2807 1259 nec
2841 1206 2974 1272 cibo,
3005 1225 3095 1262 nec
3129 1219 3254 1276 potu
3295 1211 3477 1277 alitur,
3513 1229 3605 1266 nec
3641 1215 3748 1268 alio

2181 1309 2339 1362 quam
2385 1295 2522 1351 aeris
2571 1296 2839 1351 alimento.
2897 1298 3009 1355 Hoc
3049 1309 3230 1357 tamen
3277 1301 3472 1358 falsum
3517 1321 3639 1361 esse
3669 1310 3745 1360 ait

2181 1381 2507 1442 Franciscus
2554 1385 2810 1442 Sanctius
2852 1388 3205 1445 Commentar.
3259 1393 3314 1446 in
3363 1393 3620 1450 Emblem.
3651 1397 3743 1462 525,

2179 1477 2400 1542 Alciati,
2433 1486 2487 1534 et
2509 1482 2696 1536 venari
2726 1497 2965 1549 muscas,
3000 1485 3323 1551 scarabaeos,
3348 1487 3610 1554 locustas,
3640 1489 3744 1544 for.

2179 1569 2370 1633 micas,
2410 1582 2466 1626 et
2498 1572 2602 1626 alia
2651 1573 2858 1628 insecta
2911 1576 3108 1646 quibus
3162 1581 3431 1648 praecipue
3480 1583 3739 1637 vescitur.

2178 1657 2414 1718 Jacobus
2475 1661 2853 1735 Dalecampius
2906 1676 3093 1724 annot.
3144 1669 3200 1723 in
3226 1668 3386 1725 Plinii
3431 1672 3610 1726 locum
3659 1675 3739 1734 d.,

519 1759 609 1814 hic
652 1757 882 1822 Plinius,
929 1756 1200 1822 Elianus,
1245 1755 1566 1812 Plutarchus
1609 1756 1662 1810 in
1726 1753 1969 1826 Sympos.
2025 1764 2081 1812 et
2111 1816 2148 1834 ἢ
2182 1753 2433 1820 Quamvis
2459 1755 2650 1824 famem
2681 1757 3102 1815 multos'menses
3128 1762 3328 1828 toleret,
3357 1763 3536 1834 lingua
3565 1775 3741 1820 tamen

517 1857 871 1905 commentar.
920 1847 997 1901 De
1047 1847 1384 1912 adulatione;
1435 1845 1726 1918 Gregorius
1760 1846 2014 1902 Nazianz.
2046 1847 2073 1901 1
2109 1844 2151 1870 υ
2178 1844 2586 1912 sesquipalmum
2633 1845 2785 1916 longa
2837 1857 3052 1915 exerta,
3105 1867 3168 1904 ac
3210 1851 3447 1917 vibrata,
3493 1871 3740 1926 mucoque

516 1941 785 1995 invectiva
815 1940 868 1994 in
895 1939 1170 1994 lulianum
1196 1939 1564 2010 ;Augustinus
1595 1938 1685 1992 lib.
1721 1953 1758 1992 ιι
1791 1937 1869 1992 De
1904 1938 2080 1992 Trini-

517 2042 642 2095 tate,
680 2046 796 2103 cap.
845 2030 1199 2098 ‘2;lsidorus,
1228 2031 1326 2086 lib.
1361 2046 1422 2094 ιι,
1461 2045 1582 2101 cap.
1612 2029 1679 2096 2;
1711 2029 2078 2085 Tertullianus

514 2123 609 2178 lib.
645 2122 722 2177 De
751 2123 938 2192 pallio,
965 2130 1019 2178 et
1049 2119 1297 2178 Justinus
1321 2130 1548 2192 martyr,
1580 2122 1748 2190 Epist.
1783 2121 1852 2173 ad
1880 2119 2078 2175 leuam

513 2223 562 2267 et
590 2212 858 2269 Serenum.
903 2213 961 2267 Ὁ
995 2213 1054 2266 δὲ
1079 2213 1172 2267 νῦν
1197 2213 1293 2284 μὲν
1321 2211 1496 2283 ὠχρὸς
1515 2253 1529 2276 ,
1561 2207 1680 2266 εἶτα
1705 2212 1949 2284 ἐρυθρός.
1987 2209 2078 2283 Τῷ

511 2307 568 2360 δὲ
629 2306 954 2378 συγκρίματι
1005 2305 1097 2359 τοῦ
1140 2305 1387 2377 σώματος
1435 2303 1868 2374 ποικιλλόμενος,
1925 2297 2078 2368 οὗτος

513 2395 702 2467 ὥσπερ
745 2395 1054 2466 χαμαιλέων
1098 2397 1155 2448 ὲν
1186 2393 1264 2466 τῷ
1310 2393 1569 2458 καύσωνι,
1615 2394 1709 2448 καὶ
1754 2397 1820 2466 τῇ
1871 2395 2076 2467 ἐρημίᾳ

515 2489 838 2558 περινοστεῖ,
873 2494 925 2543 et
953 2486 1275 2543 Theodorus
1313 2486 1596 2542 Tarsensis
1639 2488 1780 2558 apud
1822 2485 2076 2542 Photium

514 2580 571 2634 in
598 2579 851 2634 Biblioth.
894 2578 1217 2649 Χαμαιλέων
1242 2577 1303 2632 τὸ
1337 2576 1475 2642 ζῶον
1510 2580 1590 2643 εἱς
1615 2578 1786 2632 πολλὰ
1813 2578 2075 2650 χρώματα

511 2670 573 2725 τὺ
616 2670 773 2741 σῶμα
819 2654 1159 2742 μεταϐάλλει,
1207 2669 1301 2723 καὶ
1336 2669 1572 2732 τοιοῦτος
1597 2669 1839 2739 φαίνεται
1875 2665 1983 2724 οἷον
2014 2671 2076 2725 τὺ

511 2761 804 2834 πλησιάζον
823 2763 917 2816 καὶ
932 2762 1332 2834 παρακείμενον
1361 2761 1507 2832 αὐτῷ
1532 2760 1632 2815 κᾶν
1655 2761 1826 2827 ξύλον,
1860 2761 1962 2816 κᾶν
1993 2762 2074 2815 λί-

511 2851 622 2919 θος,
641 2853 743 2907 κᾶν
762 2854 790 2907 ὅ
816 2870 867 2906 τι
897 2851 1132 2919 τοιοῦτον
1242 2852 1386 2924 Πρὸς
1402 2852 1510 2925 γὰρ
1525 2853 1621 2924 τὴν
1646 2854 1854 2909 ἐκείνου
1887 2855 2073 2927 χροιὰν

511 2945 800 3016 ἁρμολογεί
830 2945 928 3016 τὴν
959 2944 1175 3010 ἑαυτοῦ,
1198 2953 1254 3001 et
1284 2947 1588 3017 Antigonus
1621 2945 1924 3018 Carystius,
1948 2962 2068 3019 cap.

509 3037 600 3101 50,
619 3036 828 3090 Γίνεται
861 3037 916 3089 δὲ
941 3037 1136 3090 ταύτὸν
1167 3036 1260 3090 καὶ
1292 3035 1419 3106 περὶ
1445 3035 1534 3090 τὸν
1557 3036 1934 3107 χαμαιλέοντα.
1962 3037 2073 3091 Καὶ

2177 1934 2363 2002 oblita,
2387 1935 2641 2003 locustas,
2667 1937 2939 2006 formicas,
2968 1957 3176 1995 muscas
3203 1942 3498 1998 scarabwos
3545 1956 3594 1999 et
3626 1948 3736 2002 alia

2175 2026 2375 2081 insecta
2399 2028 2584 2098 quibus
2605 2031 2849 2097 uescitur,
2884 2034 3117 2101 corripit,
3146 2037 3350 2100 retinet,
3389 2035 3458 2089 ad
3490 2054 3546 2091 se
3567 2039 3739 2092 addu--

2175 2120 2265 2174 cit.
2298 2118 2555 2175 Brodatus
2589 2135 2709 2192 cap.
2740 2121 2829 2186 21,
2859 2124 2954 2178 lib.
2983 2140 3058 2189 vr,
3085 2124 3460 2196 TheOphrasto
3513 2138 3737 2185 auctore

2175 2225 2364 2280 parum
2416 2211 2588 2278 abest,
2627 2213 2762 2283 quin
2807 2215 2991 2284 pulmo
3030 2223 3201 2268 totum
3249 2233 3448 2287 corpus
3496 2219 3734 2289 impleat,

2175 2298 2405 2371 ideoque
2433 2301 2563 2356 dum
2591 2316 2778 2356 auram
2828 2312 3009 2373 captat
3031 2314 3083 2360 et
3115 2313 3464 2361 consectatur
3505 2309 3735 2371 avidius,

2173 2405 2236 2447 ea
2263 2391 2443 2448 vivere
2474 2394 2591 2448 sola
2615 2394 2962 2449 crediderunt
2997 2395 3150 2450 multi
3175 2415 3187 2450 :
3213 2400 3357 2467 quod
3393 2406 3447 2452 et
3475 2399 3738 2454 Pliniana:

2173 2483 2444 2553 opinionis
2475 2484 2648 2555 origo.
2693 2483 2930 2541 Joannes
2965 2485 3206 2543 Landius
3253 2489 3308 2542 in
3349 2489 3538 2544 ultima
3579 2490 3735 2562 Syria

2173 2587 2296 2627 cum
2327 2582 2492 2640 esset,
2524 2575 2620 2640 ait,
2673 2590 2734 2631 se
2775 2574 2975 2631 vidisse
3019 2592 3189 2632 unum
3237 2595 3268 2633 e
3304 2579 3545 2650 quinque
3596 2600 3736 2653 quos

2171 2675 2376 2721 emerat
2415 2667 2872 2724 chamaeleonibus
2926 2669 3121 2738 lingua:
3168 2673 3451 2739 repentino
3492 2690 3740 2730 momen-

2171 2763 2438 2829 taneoque
2473 2758 2715 2828 jaculatu
2756 2775 3001 2815 muscam
3046 2777 3168 2832 quae
3206 2763 3262 2818 in
3313 2766 3432 2835 ejus
3467 2775 3615 2822 esset
3643 2785 3736 2837 pe-

2171 2850 2309 2904 ctori
2339 2850 2554 2920 legisse.
2588 2848 2878 2921 Propterea
2908 2853 3054 2908 illius
3083 2867 3116 2906 a
3145 2869 3202 2909 se
3232 2853 3452 2912 dissecti
3495 2859 3731 2931 linguam

2171 2941 2431 2996 narrabat
2467 2941 2738 2996 inventam
2769 2943 2932 3013 palmi
2964 2944 3324 3014 longitudine,
3359 2962 3570 3015 cavam,
3615 2953 3730 3005 ina-

2171 3048 2318 3098 nem,
2362 3033 2420 3087 in
2463 3048 2676 3090 summa
2710 3044 2965 3105 tanquam
3013 3038 3353 3092 acetabulum
3399 3054 3522 3094 cum
3551 3055 3730 3101 muco,

509 3128 618 3200 γὰρ
643 3130 752 3192 τοῖς
783 3127 1052 3198 στελέχεσι
1091 3128 1199 3182 τῶν
1243 3127 1492 3200 δένδρων,
1537 3128 1631 3182 καὶ
1671 3131 1785 3192 τοῖς
1834 3128 2070 3199 φύλλοις,

2173 3140 2280 3195 quo
2322 3125 2556 3196 praedam
2608 3128 2841 3183 tolleret.
2886 3127 3064 3184 Julius
3099 3128 3339 3198 Scaliger
3387 3146 3569 3186 exere.
3631 3131 3733 3187 196

508 3222 605 3275 καὶ
627 3223 692 3293 τῇ
721 3225 790 3292 γῇ
826 3221 912 3274 τὸν
946 3220 1105 3274 αὐτὸν
1130 3220 1329 3293 τρόπον
1363 3220 1561 3276 ἅπαντι
1600 3223 1749 3293 τόπῳ
1792 3239 2070 3294 συμμετα-

508 3312 691 3367 ϐάλλει
718 3315 816 3385 τὴν
847 3315 1051 3386 χροιάν.
1082 3314 1401 3372 Aristoteles
1429 3313 1504 3368 ait
1524 3315 1725 3368 mutari
1748 3313 1984 3369 colorem
2015 3314 2071 3370 in

506 3416 620 3464 toto
642 3421 890 3478 corpore,
927 3421 1052 3460 nam
1097 3415 1150 3463 et
1179 3407 1320 3464 oculi
1352 3407 1670 3463 concolores
1713 3408 1922 3478 reliquo
1949 3422 2074 3462 cor-

507 3504 627 3572 pori
664 3501 988 3566 redduntur,
1016 3508 1070 3557 et
1107 3501 1279 3556 cauda
1309 3501 1557 3556 eumdem
1582 3501 1819 3557 colorem
1849 3500 2065 3572 accipit.

507 3591 740 3658 Plinius,
763 3601 815 3648 et
835 3593 1032 3649 coloris
1058 3601 1248 3647 natura
1283 3593 1611 3659 mutabilior,
1641 3599 1815 3647 mutat
1834 3607 2070 3663 namque

507 3699 632 3739 eum
666 3685 914 3750 subinde,
938 3691 992 3741 et
1023 3687 1218 3750 oculis,
1256 3692 1309 3740 et
1351 3685 1544 3750 cauda,
1575 3695 1628 3740 et
1666 3692 1782 3740 toto
1815 3699 2065 3756 corpore.

508 3772 940 3844 Theophrastus,
992 3774 1084 3830 lib.
1139 3775 1271 3844 (Iepl
1298 3773 1416 3829 τῶν
1435 3776 1932 3844 μεταϐαλλόντων
1954 3775 2070 3844 τὴν

510 3864 700 3934 χρόαν
743 3878 955 3934 semper
1001 3865 1227 3922 reddere
1259 3881 1634 3937 quemcunque
1665 3866 1904 3937 attigerit
1931 3881 2070 3937 pra:-

510 3965 596 4012 ter
625 3957 870 4024 rubrum,
905 3957 1325 4030 candidumque,
1366 3957 1702 4012 Μεταϐάλλει
1733 3959 1790 4012 δὲ
1813 3959 1842 4010 ὁ
1870 3977 2070 4032 χαμαι-

509 4047 647 4101 λέων
682 4049 762 4112 ei;
803 4049 977 4103 πάντα
1016 4049 1085 4103 τὰ
1123 4045 1421 4121 χρώματα·
1451 4049 1588 4122 πλὴν
1621 4050 1721 4122 τὴν
1746 4051 1824 4114 εἰς
1847 4050 1908 4104 τὸ
1944 4051 2067 4104 λευ-

509 4136 603 4192 κὸν
635 4139 728 4192 καὶ
775 4139 836 4192 τὸ
881 4139 1106 4212 ἐρυθρὸν
1140 4141 1201 4194 οὐ
1246 4142 1456 4212 δέχεται
1499 4141 1817 4213 μεταϐολήν.
1852 4143 1962 4198 Καὶ
2006 4142 2067 4196 οὐ

509 4233 642 4304 πρὸς
672 4232 743 4286 τὰ
783 4235 1159 4306 παρακείμενα
1208 4235 1365 4306 μόνον
1408 4233 1673 4306 χρώματα
1727 4233 2065 4304 μεταϐάλλει,

506 4324 644 4379 ἀλλὰ
693 4327 787 4379 καὶ
815 4327 976 4390 αὐτὸς
1022 4328 1142 4382 καθ’
1171 4328 1379 4395 ἑαυτὸν,
1424 4329 1517 4382 ἐάν
1541 4346 1625 4394 τις
1668 4330 1825 4400 μόνον
1867 4329 2068 4400 ἅψηται

507 4419 692 4485 αὐτοῦ,
722 4418 782 4471 τὺ
809 4419 1003 4491 χρῶμα
1035 4421 1374 4492 μεταϐάλλει.
1412 4422 1610 4477 Eadem
1653 4423 1812 4477 habet
1836 4421 2065 4487 Plinius,

2173 3219 2234 3272 in
2264 3216 2595 3286 Cardanum,
2628 3236 2686 3274 n.
2718 3220 2774 3285 4,
2803 3220 2896 3291 qui
2929 3231 2984 3276 et
3009 3222 3181 3276 multa
3209 3222 3312 3275 alia
3346 3237 3467 3291 qua:
3498 3237 3734 3293 sequun-

2172 3318 2261 3365 tur
2305 3311 2372 3366 de
2424 3311 2620 3379 forma,
2654 3313 2837 3368 colore
2887 3311 3115 3384 ejusque
3153 3313 3474 3380 mutatione,
3524 3315 3650 3370 item
3702 3331 3733 3370 a

2169 3401 2369 3473 quibus
2403 3401 2654 3457 vincatur
2689 3403 2983 3470 coloribus,
3021 3419 3051 3457 a
3083 3403 3285 3475 quibus
3313 3420 3442 3470 non,
3468 3420 3499 3460 a
3527 3404 3735 3462 Landio

2169 3495 2386 3566 accipit.
2423 3495 2624 3550 Mirum
2664 3502 2749 3550 est
2798 3495 2942 3566 quod
2985 3495 3053 3551 de
3081 3496 3486 3551 chamaeleontis
3529 3497 3583 3552 in
3620 3513 3736 3552 Scr-

2168 3596 2358 3658 pentes
2381 3585 2506 3641 odio
2535 3593 2724 3641 narrat
2751 3584 2991 3658 Scaliger
3022 3586 3167 3641 dicto
3201 3587 3237 3640 l.
3273 3584 3330 3640 Is
3356 3601 3421 3641 ea:
3442 3587 3550 3641 illis
3573 3603 3736 3642 unum

2166 3680 2458 3750 quempiam
2480 3681 2774 3747 speculatus
2807 3680 2862 3732 in
2894 3679 3081 3732 umbra
3114 3688 3410 3748 captantem
3435 3697 3618 3746 auras,
3642 3692 3730 3735 aut

2165 3773 2222 3826 in
2262 3773 2426 3828 radiis
2467 3775 2809 3842 apricantem,
2838 3773 2893 3826 in
2920 3787 3036 3825 eam
3068 3771 3276 3825 scandit
3321 3771 3582 3838 arborem,
3621 3789 3737 3841 quae

2167 3862 2250 3916 illi
2281 3864 2514 3918 imminet
2541 3879 2560 3916 :
2594 3863 2728 3918 unde
2765 3879 2829 3917 ea:
2861 3880 2948 3918 ore
2978 3863 3128 3932 [ilum
3161 3862 3388 3917 demittit
3418 3880 3730 3918 araneorum

2167 3970 2330 4020 more,
2385 3955 2441 4009 in
2491 3954 2644 4018 cuius
2691 3954 2772 4024 ﬁli
2809 3963 3038 4008 extremo
3066 3953 3273 4024 guttula
3307 3956 3398 4019 sit,
3426 3955 3730 4025 margarita:

2168 4049 2462 4119 splendore,
2490 4066 2554 4105 ea
2584 4060 2781 4104 tactum
2802 4052 2856 4104 in
2882 4051 3067 4104 uertice
3086 4060 3373 4119 serpentem
3401 4053 3554 4106 mori.
3584 4049 3729 4104 Illud

2166 4144 2324 4196 etiam
2353 4141 2722 4195 admirabilius
2760 4143 2806 4196 si
2854 4142 2922 4194 ad
2951 4141 3378 4211 perpendiculum
3408 4149 3624 4211 nequeat
3657 4143 3726 4210 ﬁ-

2169 4233 2276 4286 lum
2308 4232 2578 4286 demittere
2599 4247 2617 4284 :
2649 4233 2784 4301 quod
2841 4233 3013 4286 minus
3056 4231 3381 4286 adamussim
3420 4231 3726 4299 respondeat

2167 4344 2369 4391 ramus,
2406 4329 2461 4380 in
2505 4343 2605 4396 quo
2636 4337 2712 4380 est
2739 4327 2976 4396 inferiori
3015 4326 3127 4380 loco
3160 4329 3249 4380 ubi
3283 4325 3438 4380 cubat
3475 4340 3684 4394 serpens
3709 4342 3726 4376 .-

2167 4420 2244 4474 ita
2289 4420 2439 4489 ﬁlum
2470 4421 2725 4489 corrigere
2765 4419 2979 4486 pedibus
3009 4417 3384 4482 anterioribus,
3423 4427 3576 4486 atque
3615 4414 3728 4485 ejus

505 4508 852 4573 Plutarchus,
888 4511 981 4565 lib.
1041 4510 1120 4564 De
1165 4511 1510 4582 dignoscendo
1554 4513 1720 4565 amico
1762 4511 1828 4564 ab
1874 4496 2072 4564 adula:
2101 4504 2144 4560 D
2172 4521 2395 4567 tractum
2431 4523 2735 4582 temperare,
2767 4523 2821 4565 ut
2864 4511 2932 4565 ad
2963 4512 3152 4566 lineam
3182 4513 3338 4582 quasi
3360 4511 3600 4565 catheton
3639 4509 3728 4562 de-

507 4613 638 4668 tore,
671 4611 725 4657 et
759 4599 1000 4668 Solinus,
1040 4601 1300 4673 Polyhist.
1329 4619 1449 4673 cap.
1487 4603 1578 4669 45,
1614 4603 1752 4658 idem
1798 4603 2058 4658 sentiunt.

505 4694 658 4750 Phile
677 4694 734 4749 in
749 4695 945 4752 lambis
971 4696 1221 4752 concedit
1244 4698 1468 4751 rubrum
1494 4697 1749 4760 colorem,
1774 4695 2062 4751 candidum

504 4793 667 4858 negat
699 4803 714 4842 :

572 4923 933 4994 Χαμαιλέων,
957 4924 1252 4994 κράτιστε,
1283 4924 1392 4978 τὸν
1420 4922 1614 4993 χρῶτα
1647 4923 1863 4992 τρέπει.

575 4993 804 5065 Σαῦρος
827 4995 935 5065 γὰρ
955 4993 1039 5048 ὢν
1063 4995 1344 5063 ἇντικρυς
1373 4998 1481 5048 οὐκ
1512 4995 1634 5063 ἔχει
1665 4995 1871 5062 τρίχας

576 5065 686 5134 Kgl
709 5064 965 5134 νῦν-μὲν
989 5065 1198 5134 ὠχρὸς,
1233 5065 1350 5118 νῦν
1382 5065 1450 5118 δὲ
1473 5066 1646 5133 φαιὸς
1668 5065 1889 5134 γίνεται
1905 5103 1922 5130 ,

575 5131 719 5190 Εἶτα
742 5131 1044 5201 πελιδνὸς,
1058 5131 1192 5189 Pelea
1212 5136 1410 5203 κιρῤὀς
1436 5131 1521 5201 εἱς
1549 5131 1758 5200 βάθος.

574 5205 686 5260 Καὶ
715 5205 833 5260 νῦν
861 5204 1125 5274 ἐρυθρὸς,
1143 5205 1256 5275 ,καὶ
1281 5205 1611 5275 παραυτίκα
1629 5204 1840 5275 μέλας,

575 5276 681 5331 Kal
717 5277 955 5342 στικτὸς
987 5275 1061 5329 ἂν
1087 5274 1313 5345 γένοιτο
1349 5274 1640 5342 δορκάδος
1658 5275 1862 5345 δίκην.

571 5347 681 5401 Kal
720 5347 940 5412 ξανθὸς
970 5345 1047 5400 ἂν
1079 5343 1329 5415 patrato’
1358 5345 1478 5407 ὅδε,
1520 5343 1781 5415 καθάπερ
1814 5343 1986 5397 λέων.

574 5417 736 5471 Οὕτω
763 5416 830 5470 δὲ
861 5414 1132 5484 σώματος
1167 5415 1326 5470 τοῦδ’
1352 5414 1811 5480 ἀλλοιουμένου,

577 5488 647 5543 Τὸ
676 5487 896 5542 λευκὸν
922 5489 1226 5557 ἠγνόησεν
1257 5486 1296 5554 ἠ
1327 5487 1510 5556 φύσις
1534 5487 1745 5555 μόνον.

503 5601 776 5664 Ειίοηιιε,
805 5599 900 5654 lib.
938 5613 1069 5663 an,
1131 5597 1210 5652 De
1250 5598 1438 5653 histor.
1485 5597 1704 5654 animal.
1731 5639 1747 5666 ,
1799 5611 1919 5668 cap.
1971 5597 2058 5661 M,

503 5693 664 5746 etiam
681 5690 896 5746 candidi
919 5691 1117 5746 coloris
1142 5692 1493 5777 mutationem
1510 5690 1564 5744 in
1585 5704 1652 5744 eo
1675 5689 1927 5745 admittit.
1951 5689 2062 5744 Χα-

506 5783 740 5857 μαιλέων
771 5782 831 5836 τὸ
875 5781 1011 5848 ζῶον
1057 5785 1135 5846 εἰς
1185 5782 1320 5837 ἰδίαν
1364 5782 1492 5854 μίαν
1519 5782 1684 5854 χρόαν
1713 5783 1776 5836 οὗ
1820 5782 2058 5852 πέφυκεν

2170 4608 2402 4662 scendat.

2240 4698 2397 4764 lbid.,
2427 4699 2523 4753 lin.
2561 4697 2648 4752 49.
2693 4697 2901 4752 Δειλον
2930 4696 2968 4764 ἡ
3005 4697 3245 4765 ἔλαφος.
3268 4694 3517 4755 Aristot.,
3546 4692 3638 4746 lib.
3673 4706 3726 4744 tu

2171 4791 2248 4846 De
2277 4791 2403 4848 hist.
2433 4791 2620 4852 anim.,
2658 4805 2706 4843 c.
2755 4790 2806 4852 l,
2851 4803 3043 4844 cervos
3103 4787 3244 4842 inter
3275 4785 3532 4840 animalia
3578 4783 3720 4850 inge-

2171 4886 2324 4938 niosa
2353 4890 2406 4938 et
2443 4883 2629 4936 timida
2663 4887 3003 4936 annumerat.
3035 4877 3312 4948 Onpianus
3336 4879 3604 4944 Κυνηγετ.
3629 4872 3726 4927 lib.

2172 4991 2231 5040 ιι,
2263 4975 2338 5029 De
2367 4976 2528 5029 cervis
2559 4990 2578 5028 :

2181 5110 2466 5183 Ἀϐληχρὴ
2495 5108 2732 5183 κραδίῃ,
2760 5106 2857 5161 καὶ
2886 5107 3068 5183 dupli;
3099 5099 3620 5183 ἕσωθενβνςιτῖξιις,

2169 5180 2276 5234 Kal
2324 5171 2809 5248 t'aeaz'xspd‘my
2851 5171 3054 5246 αὶχᾷιαι
3091 5175 3274 5248 τόσον
3303 5171 3722 5248 ᾀντὲλλυυσιν.

2162 5254 2392 5305 Οῠποτε
2407 5241 2527 5318 ἶγιὰρ
2555 5241 2892 5316 κέφαλῇςοιν
2914 5241 3160 5300 Burria
3177 5241 3561 5318 Δδηρίσιιιντο.

2171 5324 2253 5375 Οὐ
2279 5311 2457 5389 θηροέὶ
2482 5311 2803 5389 ἇιρατὲροῐς,
2833 5320 2943 5370 οὐκ
2971 5311 3653 5389 ἀργαλέοισιᾲκύνεςσιν,

2163 5391 2298 5445 Οὐδ’
2332 5383 2532 5456 αὐτοῖς
2566 5383 2783 5454 δειλοῖς
2810 5383 3269 5454 λασιοῑιιλήμοισι
3297 5383 3569 5450 λαγωοῖς.

2167 5505 2345 5572 Quare
2375 5513 2429 5560 et
2459 5519 2741 5558 cervorum
2784 5501 3047 5555 timiditas
3087 5499 3140 5552 in
3187 5495 3530 5568 proverbium
3564 5491 3725 5560 vulgo

2167 5597 2319 5661 abiit,
2349 5596 2593 5665 ὲλάφειος
2635 5593 2793 5665 ἀνὴρ,
2824 5591 2916 5644 ἐπὶ
2961 5589 3053 5642 τοῦ
3087 5587 3260 5643 δειλοῦ
3304 5590 3368 5641 ὲκ
3414 5584 3722 5658 μεταφορᾶς

2165 5687 2259 5742 τοῦ
2288 5686 2424 5751 ζῴου
2449 5701 2462 5714 ·
2520 5683 2689 5738 δειλὸν
2733 5682 2842 5753 γὰρ
2882 5683 2915 5753 ἡ
2958 5679 3180 5750 ἔλαφος,
3227 5675 3425 5738 Suidas
3462 5681 3514 5729 et
3545 5672 3722 5727 Zeno-

2166 5781 2309 5838 bius.
2355 5777 2526 5844 Unde,
2569 5787 2623 5832 et
2669 5775 3054 5847 Agamemnoni
3104 5771 3246 5844 apud
3296 5757 3584 5825 Homerum
3629 5777 3722 5817 c1-
