4124 6410
402 467 504 523 957

1392 462 1461 527 ΙΝ
1501 460 1873 528 EUSTATl-lll
1915 467 2395 531 liEXAEMERON
2432 472 2665 535 NOT/E.

3556 490 3664 550 938

394 582 689 654 probratur
720 581 920 650 Κυνὸς
970 582 1178 654 ὄμματ’
1216 583 1418 653 ἐχειν,
1438 586 1710 655 -κραδίην
1744 587 1798 640 δ’
1833 586 1961 641 ἐλά-

2079 588 2148 641 At
2179 587 2498 647 Eustathius
2529 607 2639 647 non
2673 591 2916 649 anhelitu
2949 593 3044 652 sed
3072 597 3265 655 attritu
3291 616 3561 661 cornuum
3594 611 3666 665 ad

394 692 551 746 φοιο.
588 675 812 733 Boetius
852 676 931 731 De
954 677 1316 732 consolatione
1342 678 1535 748 philos.
1566 679 1603 733 ι.
1640 696 1716 745 Iv,
1752 695 1872 750 pro.
1900 682 1974 736 ὃς

394 768 631 825 Pavidus
664 784 729 823 ac
769 770 933 839 fugax
969 785 1081 824 non
1132 770 1423 825 metuenda
1477 771 1738 826 formidat
1777 789 1792 827 :
1833 773 1979 827 cervi

397 859 597 916 similis
647 860 935 924 habeatur,
993 860 1226 930 ideoque
1269 861 1339 915 ab
1380 858 1650 931 Oppia'no,
1701 863 1738 915 Ι.
1796 878 1847 916 ιν
1885 862 1980 916 Ἀ-

397 956 613 1017 vitent,
642 954 933 1023 ἀναλκείη
949 954 1196 1024 ἐλάφοιο
1211 962 1457 1009 vocatur.
1473 953 1648 1023 Hujus
1673 954 1979 1009 timiditatis

364 1060 560 1099 ~causa
590 1046 903 1116 assignatur
929 1047 999 1100 ab
1029 1045 1203 1100 Arist.
1233 1044 1312 1100 De
1334 1061 1451 1113 par.
1488 1048 1652 1100 anim.
1682 1046 1721 1100 l.
1742 1062 1826 1106 ιιι.
1845 1060 1895 1099 c.
1920 1045 1977 1109 4,

391 1150 488 1190 cor
533 1151 813 1207 magnum,
854 1146 911 1192 et
955 1138 1242 1209 grandius.
1278 1139 1538 1209 quoniam
1588 1139 1821 1193 calorem
1850 1152 1980 1208 pro-

391 1228 643 1297 portione
668 1228 857 1284 cordis
886 1245 996 1283 non
1028 1229 1252 1293 habent,
1294 1228 1391 1285 sed
1443 1242 1638 1299 parum
1689 1228 1891 1283 caloris
1921 1227 1976 1283 in

391 1331 590 1387 magno
631 1318 1016 1388 conceptaculo
1061 1318 1378 1385 exolescat;
1412 1317 1599 1389 itaque
1626 1317 1852 1386 sanguis
1878 1316 1978 1371 fri-

386 1409 569 1478 gidior
600 1420 706 1474 est,
748 1418 803 1465 et
840 1411 986 1481 quod
1018 1412 1072 1465 in
1117 1411 1441 1467 ventriculis
1478 1411 1685 1478 cordis,
1729 1411 1779 1464 id
1812 1412 1976 1466 etiam

392 1501 448 1553 in
476 1500 627 1555 venis
655 1502 859 1557 evenit.
891 1500 1029 1556 Sunt
1056 1502 1196 1557 enim
1224 1502 1551 1573 frigidiores,
1583 1511 1634 1557 et
1681 1518 1822 1557 vena:
1861 1517 1979 1556 am-

387 1592 604 1661 pliores,
654 1602 705 1647 et
751 1593 1029 1647 ventriculi
1064 1594 1391 1659 ampliores;
1442 1611 1566 1647 nam
1611 1603 1670 1647 ut
1719 1595 1774 1647 in
1814 1609 1975 1663 parvo

388 1693 438 1736 et
486 1684 543 1737 in
586 1700 774 1755 magno
808 1685 1101 1751 domicilio,
1145 1686 1474 1741 tantumdem
1503 1688 1640 1758 ignis
1682 1702 1787 1740 non
1831 1702 1981 1756 atque

388 1775 657 1845 calefacit,
694 1775 787 1832 sed
831 1779 1008 1833 minus
1047 1779 1103 1832 in
1150 1796 1366 1850 magno,
1414 1780 1492 1834 sic
1535 1788 1585 1833 et
1629 1781 1685 1833 in
1710 1779 1777 1834 iis
1828 1779 1979 1833 calor

385 1885 488 1923 non
520 1871 722 1939 pariter
745 1872 895 1941 agit;
924 1887 1018 1925 vas
1045 1872 1183 1926 enim
1215 1880 1325 1926 tam
1352 1887 1500 1935 vena,
1525 1888 1686 1943 quam
1713 1873 1975 1927 ventricu-

2089 690 2294 750 petram
2347 697 2648 755 eorumque
2690 686 3051 759 ἀναθυμιάσει
3099 692 3154 747 id
3208 693 3390 752 facere
3438 712 3663 756 cervum

2084 773 2292 828 scribit.
2318 774 2552 848 Ideoque
2575 777 2902 838 Plutarchus
2931 792 3080 839 recte
3101 787 3437 845 existimavit
3457 791 3665 848 dictum

2081 879 2115 918 a
2154 863 2361 922 Graecis
2390 867 2608 939 ἔλαφον,
2639 888 2753 928 non
2791 889 2821 929 a
2853 891 3020 931 cursu
3049 878 3145 932 sed
3177 888 3462 950 serpentes
3490 893 3665 940 attra-

2081 955 2244 1011 hendi
2294 956 2559 1016 facilitate
2592 964 2706 1017 :Ot’t
2755 965 2912 1038 παρὰ
2955 967 3057 1039 τὴν
3101 966 3467 1043 ἐλαφρότητα,
3527 972 3666 1028 ἀλλὰ

2080 1049 2232 1120 παρὰ
2262 1049 2361 1122 τὴν
2391 1048 2536 1117 ἕλξιν
2567 1052 2662 1107 τοῦ
2692 1054 2887 1127 ὄφεως.
2915 1056 2980 1112 Ει
3020 1059 3357 1118 Athanasius
3408 1062 3462 1118 in
3508 1080 3664 1135 qua:-

2079 1141 2350 1199 stionibus
2371 1144 2622 1201 eamdem
2653 1151 3036 1220 etymologiam
3069 1158 3273 1209 servat.
3307 1152 3386 1208 Ita
3418 1151 3661 1227 Epipha-

2078 1235 2227 1297 nius,
2265 1235 2318 1290 in
2355 1236 2698 1311 Physiologo,
2738 1257 2860 1315 cap.
2894 1244 2960 1298 5:
2991 1243 3091 1298 Διά
3118 1245 3276 1301 τοῦτο
3309 1246 3508 1318 ἔλαφος
3538 1252 3665 1305 ὀνοΔ

2082 1325 2334 1397 μάζεται,
2373 1329 2460 1384 διὰ
2483 1331 2545 1384 τὸ
2572 1331 2713 1386 ἑλεῖν
2739 1336 2864 1399 τοὺς
2892 1334 3045 1405 ὄφεις
3075 1338 3139 1390 ὲκ
3180 1338 3271 1392 τοῦ
3306 1340 3525 1410 βάθους,
3566 1341 3662 1400 Sic

2078 1416 2242 1471 etiam
2274 1419 2328 1473 in
2352 1422 2660 1478 enarranda
2696 1425 2800 1481 hac
2832 1426 3060 1482 historia
3086 1439 3341 1489 auctores
3375 1450 3485 1490 non
3521 1451 3661 1492 cons

2077 1508 2326 1567 veniunt.
2358 1509 2684 1570 Eustathius
2714 1532 2952 1589 namque
2992 1519 3147 1589 prius
3196 1537 3418 1579 cervum
3459 1541 3657 1599 aquam

2078 1597 2321 1667 haurire,
2358 1603 2554 1661 deinde
2586 1616 2895 1677 serpentem
2931 1611 2999 1666 de
3029 1611 3254 1669 latebris
3287 1597 3522 1673 ducere;
3548 1619 3658 1676 Alii

2077 1705 2145 1745 eo
2173 1702 2333 1764 pasto
2362 1709 2560 1768 aquam
2592 1711 2880 1770 expetere;
2911 1717 3021 1774 qua
3053 1705 3101 1760 si
3130 1721 3189 1762 se
3213 1707 3356 1763 intra
3391 1712 3657 1782 scriptum

2077 1786 2316 1853 spatium
2357 1804 2468 1844 non
2503 1793 2756 1862 explerit,
2786 1797 2985 1850 emori.
3599 1816 3601 1820 ‘

2146 1876 2266 1934 Col.
2302 1871 2426 1945 741,
2455 1882 2551 1938 lin.
2579 1884 2632 1939 4.
2656 1882 2725 1939 El
2750 1884 2818 1939 δὲ
2849 1887 2946 1940 καὶ
2969 1879 3089 1942 τῶν
3114 1884 3393 1960 κεράτων.
3418 1892 3654 1962 Plinius,

386 1962 470 2016 lus
500 1972 600 2017 est.
642 1964 820 2017 Aliam
846 1963 1011 2030 hujus
1037 1978 1261 2020 causam
1295 1964 1459 2019 habet
1495 1963 1532 2018 l.
1566 1980 1627 2029 η,
1658 1979 1710 2020 c.
1746 1964 1802 2029 4,
1837 1966 1967 2036 quia
2000 1948 2044 2009 Β
2073 1968 2166 2027 lib.
2195 1986 2252 2035 ι,
2284 1972 2449 2042 capit.
2489 1973 2556 2030 70
2587 1995 2599 2031 :
2635 1975 2842 2032 Cornus
2874 1981 3068 2036 cervini
3094 1948 3253 2038 odore
3282 1948 3656 2060 serpentesﬁj—‘u:

385 2055 635 2110 videlicet
670 2055 891 2125 sanguis
919 2070 1108 2109 eorum
1151 2054 1389 2118 dilatus,
1419 2056 1693 2124 librasque
1724 2070 1834 2110 non
1869 2056 1968 2108 ha-

384 2147 496 2201 bet.
550 2146 788 2213 Quorum
824 2146 963 2200 enim
1002 2148 1218 2217 sanguis
1255 2147 1405 2217 fibris
1449 2146 1735 2201 admodum
1783 2148 1966 2203 multis

383 2236 682 2306 crassisque
707 2236 933 2306 refertus
962 2247 1062 2303 est,
1092 2238 1204 2292 lucc
1233 2247 1441 2293 terrena
1460 2239 1688 2309 amplius
1714 2249 1967 2294 constant

383 2335 601 2391 natura,
631 2336 681 2381 et
708 2327 952 2382 animosa
988 2327 1289 2395 iracundia,
1323 2329 1643 2401 proindeque
1681 2329 1967 2401 furibunda

380 2427 526 2482 sunt,
564 2419 649 2472 ira
677 2420 816 2473 enim
846 2420 1124 2491 calori/ica
1169 2430 1270 2477 est.
1314 2419 1516 2478 Verum
1564 2424 1609 2477 si
1655 2423 1804 2479 cervi
1847 2422 1970 2477 libi-

379 2510 508 2566 dine
529 2511 780 2582 ﬂagrant,
813 2513 1110 2569 efferantur
1140 2514 1295 2570 sicut
1324 2522 1380 2569 et
1409 2523 1606 2570 caetera
1638 2515 1962 2580 animantia,

378 2600 543 2672 idque
582 2618 648 2658 ex
707 2604 1005 2661 Aristotele
1037 2605 1114 2660 De
1145 2606 1271 2662 hist.
1307 2608 1475 2663 anim.
1520 2616 1575 2663 et
1614 2605 1843 2679 Virgilio
1899 2623 1963 2663 ιιι

379 2693 753 2764 Georgicorum
788 2698 1035 2752 nonnulli
1089 2697 1456 2755 tradiderunt.

448 2784 610 2849 lhid.,
647 2787 745 2842 lin.
774 2786 863 2843 49.
891 2789 1002 2843 Kal
1041 2789 1193 2858 πρὸς
1217 2792 1291 2846 τὰ
1318 2790 1555 2860 ἑρπετά.
1589 2792 1725 2848 Odia
1773 2799 1828 2848 et
1858 2792 1966 2847 ini-

378 2876 615 2931 micitias
653 2877 795 2932 inter
830 2887 1116 2949 serpentes
1146 2888 1201 2934 et
1240 2894 1456 2941 cervos.
1496 2890 1551 2935 et
1594 2894 1834 2951 quanam
1873 2894 1965 2934 ra—

379 2970 529 3026 tione
554 2971 694 3026 alius
728 2972 781 3025 in
812 2972 980 3026 alium
1016 2972 1298 3028 invehitur
1337 2974 1763 3045 elegantissimis
1791 2973 1965 3029 versi-

377 3060 482 3118 bus
505 3061 705 3118 cecinit
739 3060 1022 3133 Oppianus
1049 3068 1276 3136 Κυνητ.
1312 3080 1348 3119 n
1379 3073 1429 3120 et
1474 3065 1728 3120 Ἀλιευτ.
1766 3080 1804 3120 ιι
1834 3083 1849 3119 :

387 3174 487 3242 Ὦς
517 3175 568 3248 δ’
604 3175 688 3229 ὅτ’
725 3175 842 3248 ἀνὰ
869 3175 1173 3248 ξυλόχους
1205 3178 1393 3247 ὀφίων
1432 3177 1577 3232 ὁδὸν
1618 3178 1963 3248 ἐξερεείνων

373 3247 744 3318 Βριθύκερως
773 3246 1002 3318 ἔλαφος
1024 3246 1365 3318 ρινήλατον
1395 3248 1418 3301 τ
1419 3264 1566 3316 χνος
1593 3246 1810 3318 ἀνεῦρε
1832 3291 1847 3315 ,

371 3317 556 3388 Χειὴν
584 3317 637 3369 δ’
655 3316 1039 3388 εἰσαφίκανε,
1066 3316 1168 3372 καὶ
1189 3319 1440 3387 ἑρπετὸν
1463 3319 1714 3388 εἴρυσε-ιν
1740 3316 1884 3385 ἔξω,

372 3382 587 3442 Δάπεει
640 3385 692 3439 δ’
742 3382 1056 3455 ἐμμενέως.
1104 3391 1157 3442 '0
1214 3382 1273 3443 δ’
1317 3382 1628 3444 ἐλίσὰέται
1870 3382 1956 3444 ⁷τδει

1744 3476 1952 3529 νουνα,

370 3526 585 3600 ᾼειρήν
610 3545 692 3592 τε,
719 3529 976 3599 στέρνον
1017 3545 1102 3583 τε.
1148 3527 1225 3582 Τὰ
1256 3528 1309 3582 δ’
1341 3527 1641 3599 ἡμίϐρωτα

372 3594 434 3652 Ἀ
442 3594 561 3666 usa
576 3614 592 3630 ο
639 3594 842 3655 πολλὰ
873 3600 925 3654 δ’
956 3600 1201 3667 ὀδόντες
1236 3600 1354 3655 ὑπὸ
1368 3594 1583 3670 "ardua
1609 3594 1953 3744 δαιτρεῦοϊέ

1870 3689 1889 3725 ι

1870 3689 1889 3725 ι

372 3758 437 3814 Et
466 3759 739 3819 Nicander
766 3762 826 3820 in
859 3762 1126 3818 Theriacis
1149 3777 1170 3816 :

374 3856 453 3927 ΪΗ
482 3855 662 3927 (indta
692 3856 1038 3927 σκαρθμοὺς
1063 3855 1307 3927 ἐλάφων
1340 3848 1594 3924 ὀχεῇσιν
1619 3857 1855 3925 ἀλύξας

383 3922 617 3996 Ἀνδρὸς
654 3922 963 3996 ὲνισφὶήῇίπῃ
991 3922 1221 3996 χολέων
1249 3922 1624 3996 θυμοφθόρον
1659 3922 1770 3983 Mr.

373 3995 603 4065 Ἐξοχα
624 3996 735 4066 γὰρ
759 3995 1055 4066 comere:
1086 3996 1491 4064 κινωπησταῖς
1514 3995 1809 4053 κοτέουσι

399 4017 603 4065 ιιςοχα
759 4017 890 4052 οολι
936 4017 1055 4051 οισι
1086 4017 1491 4064 κινωπησταις
1528 4017 1809 4053 κοτεουσι

366 4068 719 4134 Νεϐροτόκοι
768 4069 869 4122 καὶ
893 4017 1126 4136 ᾇόρκες.
1192 4068 1597 4134 Ἀνιχνεύουσι
1637 4068 1707 4122 δὲ
1753 4068 1951 4123 πάντα

734 4138 1216 4241 ίῗῖῇίέίὲξῗέςιξῖι
1223 4138 1952 4241 ,ἒῗίξέἐὲοὲεέξίἐοντεσ

367 4205 708 4278 Σμερδαλέῃ
733 4205 1040 4279 μυκὲῆρος
1073 4206 1542 4278 ἐπισπέρχοντες
1567 4205 1782 4279 ἀυτμῇ.

368 4290 799 4370 Theophrastus,
835 4301 932 4356 lib.
966 4316 1021 4356 tv
1049 4299 1122 4355 De
1149 4302 1326 4355 causis
1359 4301 1557 4370 plant.,
1582 4316 1702 4371 cap.
1736 4301 1841 4356 40:
1871 4297 1946 4355 Οὔ

366 4393 501 4446 πᾶσι
525 4386 698 4446 ταῦτα
718 4391 1003 4466 πρόσφορα
1024 4392 1167 4447 κατὰ
1195 4392 1293 4456 τὰς
1317 4393 1545 4464 τροφὰς,
1566 4390 1678 4446 ἀλλ’
1698 4391 1948 4458 ἑκάστοις

365 4483 508 4538 κατὰ
535 4486 635 4549 τὰς
666 4484 801 4550 ἰδίας
826 4482 1046 4556 φύσεις*
1091 4486 1228 4558 ὅπερ
1273 4487 1331 4539 ὲν
1378 4485 1593 4550 πολλοῖς
1640 4483 1738 4556 μὲν
1769 4502 1950 4555 φανε-

369 4574 480 4647 ρὸν,
525 4579 591 4632 ὲκ
617 4579 876 4651 πλείστης
903 4579 950 4632 δ’
983 4578 1332 4649 ἀποφάσεως,
1376 4579 1454 4644 ὠς
1501 4578 1696 4642 εἰπεῖν,
1741 4578 1852 4632 τῶν
1879 4595 1946 4649 γε

363 4633 652 4742 ’ἓνολρίμων
686 4670 756 4723 τὰ
788 4633 919 4743 περὶ
943 4673 1069 4735 τοὺς
1095 4633 1331 4741 ἐλάφουέ
1357 4633 1490 4742 δῆλα
1508 4687 1522 4701 ·
1546 4670 1605 4725 αἱ
1636 4633 1763 4736 τοὺς
1791 4633 1946 4742 ὄφεις
1975 4668 2022 4725 D

362 4752 652 4824 ἐσθίουσιν,
703 4754 793 4829 ὑφ’
842 4753 916 4813 ὧν
947 4759 1016 4814 τὰ
1059 4759 1194 4815 ἄλλα
1244 4759 1534 4833 θνήσκουσι
1587 4762 1722 4816 πολὺ
1775 4762 1948 4833 μείζω

360 4848 455 4902 καὶ
493 4846 816 4923 ἰσχυρότερα
854 4851 956 4924 τὴν
999 4851 1160 4921 φύσιν
1193 4852 1342 4908 ὄντα.
1377 4852 1691 4918 Lucretius,
1736 4855 1833 4913 lib.
1866 4872 1942 4922 vr,

361 4939 453 5009 qui
481 4943 770 4998 verborum
801 4942 1167 5015 Theophrasti
1196 4943 1410 5000 initium
1442 4946 1523 5003 sic
1550 4947 1944 5019 interpretatus

360 5039 446 5085 est
470 5048 488 5088 ἶ

467 5120 536 5202 Et
567 5127 876 5202 magis_esse
905 5127 1030 5202 aliis
1057 5128 1197 5184 alias
1229 5126 1593 5186 animantibus
1625 5140 1782 5202 aptas

468 5143 536 5176 ιιι
567 5143 653 5179 ma
692 5143 735 5181 is
765 5143 876 5181 esse
905 5143 1030 5182 aliis
1057 5143 1146 5182 atu

468 5191 569 5248 Res
603 5143 687 5249 adq
705 5196 835 5251 vitai
865 5200 1146 5253 rationem.

358 5297 613 5360 Elianus
645 5318 832 5364 narrat
874 5309 978 5364 hoc
1007 5308 1153 5366 idem
1207 5309 1280 5365 De
1327 5310 1458 5366 hist.
1488 5311 1654 5367 anim.
1685 5312 1782 5369 lib.
1816 5330 1936 5379 vin,

357 5411 482 5467 cap.
516 5396 571 5461 6,
592 5399 798 5478 et‘libr.
832 5417 895 5467 ιι,
930 5418 1051 5474 cap.
1082 5402 1149 5469 9;
1174 5402 1413 5461 Basilius
1441 5399 1674 5478 Magnus
1690 5407 1748 5462 in
1776 5423 1942 5479 expo-

355 5493 559 5549 sitione
586 5495 779 5564 psalm.
818 5513 1028 5567 xxvnt;
1076 5499 1292 5555 Plinius
1334 5500 1461 5556 libr.
1494 5517 1617 5566 vni,
1653 5502 1823 5572 capit.
1844 5503 1935 5566 52,

357 5585 429 5641 Et
464 5589 531 5643 iis
578 5596 658 5643 est
712 5604 832 5643 cum
863 5601 1099 5662 serpente
1140 5608 1339 5663 pugna,
1374 5592 1632 5665 vestigant
1659 5611 1932 5662 cavernas,

355 5681 668 5753 nariumque
692 5682 882 5751 spiritu
909 5687 1208 5757 extrahunt.
1224 5686 1534 5752 renitentes;
1568 5685 1842 5745 Nicander
1878 5688 1936 5746 in

355 5769 625 5829 Tlteriacis
637 5789 656 5838 ;
673 5775 943 5831 Martialis
969 5779 1232 5849 epigram.
1250 5779 1345 5835 lib.
1367 5795 1443 5834 χιι
1469 5798 1483 5836 :

459 5865 713 5947 Ger-vinus
745 5867 975 5947 gelidum
1005 5871 1179 5947 sorbet
1206 5873 1283 5947 sic
1317 5871 1517 5928 halitus
1542 5888 1809 5947 anguem,

528 5937 765 5994 Casuras
795 5940 901 5994 alte
924 5941 1000 5994 sic
1031 5943 1171 6010 rapit
1198 5944 1295 5997 iris
1324 5959 1512 6013 aquas.

671 6034 941 6093 Parnm"
985 6035 1103 6094 Gn.
1147 6035 1377 6098 XVIII.

2066 2070 2280 2151 gantur,
2311 2064 2404 2119 sed
2434 2070 2665 2123 maxime
2694 2073 2943 2140 styracis.
2976 2071 3042 2127 Et
3068 2073 3162 2132 lib.
3191 2092 3382 2143 xxvnt,
3411 2093 3532 2151 cap.
3568 2080 3602 2137 9
3637 2095 3650 2137 :

2068 2145 2250 2201 Exitio
2297 2152 2625 2220 serpentibus
2662 2170 2775 2208 esse
2817 2172 2995 2213 cervos
3043 2175 3195 2215 nemo
3234 2145 3561 2232 ignoratiut
3605 2169 3654 2221 si

2065 2253 2183 2309 qua:
2218 2253 2345 2296 sunt
2393 2253 2665 2301 extractas
2713 2251 2952 2304 cavernis
2999 2252 3327 2310 mandentes.
3371 2253 3485 2311 Nec
3533 2272 3654 2313 vero

2065 2331 2168 2401 ipsi
2193 2335 2557 2409 spirantesque
2601 2349 2812 2396 tantum
2856 2343 3228 2415 adversantur,
3261 2349 3352 2403 sed
3390 2350 3653 2407 membra-

2067 2420 2162 2475 tim
2191 2440 2394 2496 quoque
2420 2428 2602 2500 fugari
2639 2448 2730 2486 eas
2779 2433 2965 2489 nidore
3009 2453 3224 2506 cornus,
3252 2442 3301 2494 si
3325 2451 3537 2509 uratur,
3567 2445 3652 2498 di-

2065 2521 2208 2567 ctum
2240 2526 2318 2570 est
2339 2531 2361 2571 :
2390 2528 2446 2573 at
2482 2537 2511 2574 e
2547 2538 2754 2577 summo
2790 2535 3004 2594 gutture
3031 2531 3166 2585 ustis
3197 2532 3403 2587 ossibus
3435 2542 3654 2605 congre-

2062 2608 2181 2676 gari
2214 2607 2483 2680 dicuntur,
2512 2621 2617 2670 etc.
2665 2615 2732 2670 Et
2774 2618 2870 2677 lib.
2904 2634 3024 2688 vm,
3056 2637 3179 2694 cap.
3209 2623 3279 2678 52
3311 2642 3326 2679 :
3361 2624 3488 2681 Ideo
3538 2628 3653 2682 sin-

2063 2699 2249 2768 gulare
2301 2702 2576 2775 abigendis
2621 2710 2949 2779 serpentibus
2995 2713 3154 2781 odor,
3204 2715 3398 2772 adusto
3443 2720 3652 2775 cervino

2064 2807 2249 2848 cornu.
2282 2792 2356 2849 Ea
2387 2803 2473 2852 est
2511 2797 2676 2868 hujus
2704 2800 3000 2859 animantis
3057 2806 3112 2861 in
3169 2815 3452 2879 serpentes
3501 2811 3653 2865 ἀντι-

2065 2882 2285 2951 πάθειαι,
2311 2893 2372 2940 ut
2396 2895 2452 2943 et
2485 2899 2761 2947 mortuum
2812 2894 2944 2961 illis,
2977 2886 3039 2951 et'
3059 2899 3399 2954 membratim
3434 2901 3507 2957 sit
3533 2904 3652 2957 exi-
3696 2892 3705 2899 ’

2063 2971 2290 3035 tiosum.
2338 2974 2614 3049 Elianus,
2661 2979 2738 3037 De
2783 2984 2971 3040 histor.
3022 2988 3211 3056 anim.,
3247 2989 3344 3045 lib.
3396 3006 3473 3058 rx,
3525 3007 3648 3064 cap.

2062 3064 2134 3120 20
2180 3084 2194 3120 :
2237 3066 2311 3122 Τὸ
2353 3069 2448 3123 τοῦ
2488 3071 2688 3144 ἐλάφου
2744 3076 2915 3149 κέρας
2961 3078 3347 3153 θυμιώμενον,
3392 3084 3479 3138 ὅτι
3523 3086 3653 3151 τοὺς

2061 3157 2217 3229 ὄφεις
2244 3159 2429 3216 διώκει
2455 3162 2614 3236 δῆλόν
2641 3168 2810 3224 ἐστιν.
2864 3169 2931 3224 Et
2958 3171 3055 3227 lib.
3099 3189 3162 3239 ll,
3211 3190 3333 3245 cap.
3384 3176 3418 3231 9
3454 3195 3469 3234 :
3509 3177 3649 3251 Ἤδη

2066 3251 2249 3322 μέντοι
2281 3254 2378 3309 καὶ
2408 3256 2579 3340 nepa;
2610 3258 2810 3330 ἐλάφου
2831 3278 2916 3326 τις
2934 3261 3117 3329 ξέσας,
3144 3260 3263 3320 εἶτα
3276 3266 3338 3320 τὸ
3371 3266 3546 3340 ξέσμα
3568 3272 3651 3334 εἰς

2063 3345 2175 3417 πῦρ
2202 3332 2448 3412 ινέσαλεζ
2475 3350 2570 3403 καὶ
2603 3353 2633 3405 ὁ
2668 3352 2874 3416 καπνὸς
2906 3352 3070 3407 ἀνιὼν
3099 3355 3284 3410 διώκει
3327 3332 3653 3429 signa;

2062 3437 2398 3507 πανταχόθεν
2421 3440 2556 3511 μηδὲ
2578 3441 2677 3514 τὴν
2697 3443 2873 3516 ὀσμὴν
2896 3446 3280 3516 ὑπομένοντας.
3309 3447 3649 3508 Scholiastes

2058 3526 2331 3598 Apollonii
2359 3530 2453 3585 lib.
2486 3547 2525 3586 ιι
2545 3532 2869 3605 Argonaut.,
2900 3538 3127 3595 scribit:
3155 3538 3449 3598 Cervinum
3472 3558 3645 3601 cornu

2060 3619 2313 3675 adustum
2374 3632 2658 3693 serpentes
2704 3626 2892 3698 fugat,
2949 3630 3405 3697 quemadmodum
3462 3634 3648 3694 fumus

2059 3725 2211 3783 apes.
2252 3714 2667 3787 Theophrastus
2707 3718 3013 3791 fragmento
3056 3723 3202 3792 Περὶ
3242 3723 3366 3778 τῶν
3400 3727 3649 3797 λεγομέ-

2055 3821 2179 3860 νων
2223 3804 2379 3868 ζώων
2421 3810 2689 3879 φθονεῖν.
2726 3810 3002 3870 Nicander
3054 3814 3113 3871 in
3162 3817 3641 3886 Alexipharmacis.

2056 3894 2308 3969 Orpheus
2374 3900 2430 3958 in
2485 3918 2589 3959 suo
2632 3904 2701 3961 de
2756 3905 3033 3978 lapidibus
3082 3918 3351 3981 poemate,
3394 3927 3640 3979 cervum,

2020 3992 2023 3995 ’
2055 3993 2203 4047 cervi
2236 3991 2412 4061 dotes,
2441 3995 2793 4070 medieasque
2818 4000 2966 4058 vires
2996 3992 3286 4075 diligenter
3312 4012 3641 4077 prosecutus

2054 4091 2159 4140 εει.

2125 4175 2286 4243 lbid.,
2316 4178 2414 4233 lin.
2461 4176 2517 4237 6.
2556 4180 2835 4238 Ἐπειδὰν
2871 4183 2944 4239 δὲ
2995 4185 3289 4257 ἀποϐάλῃ.
3337 4187 3638 4248 Cervorum

2054 4283 2262 4325 cornua
2290 4272 2586 4341 quotannis
2622 4274 2806 4346 abjici,
2841 4285 2894 4332 et
2925 4277 3121 4333 iterum
3152 4279 3458 4348 germinare
3502 4284 3638 4340 satis

2053 4370 2240 4415 notum
2296 4361 2353 4416 in
2413 4361 2661 4419 historia.
2711 4364 2927 4433 Horas,
2985 4367 3342 4435 Aristoteles,
3393 4370 3636 4437 Plinius,

2053 4449 2307 4509 Elianus
2340 4463 2394 4508 et
2421 4453 2536 4511 alii.
2562 4454 2737 4526 Hujus
2773 4469 2941 4513 causa
2968 4475 3032 4514 ex
3068 4458 3377 4517 Democrito
3405 4462 3638 4519 habetur

2051 4543 2195 4615 apud
2236 4543 2535 4613 Elianum,
2568 4548 2663 4603 lib.
2690 4565 2791 4613 xu,
2824 4564 2946 4622 cap.
2979 4550 3046 4606 l8
3075 4567 3093 4607 :
3127 4552 3316 4607 Αἰτίαν
3349 4554 3407 4609 δὲ
3437 4555 3633 4620 αὐτὸς,

2099 4637 2396 4693 emocritus
2439 4638 2683 4707 scilicet,
2729 4640 2876 4711 λέγει
2926 4643 3028 4715 τῆς
3060 4642 3170 4697 τῶν
3208 4645 3455 4718 κεράτων
3520 4651 3636 4712 τοῖς

2049 4725 2268 4796 ἐλάφοις
2304 4728 2624 4799 άναφύσεως
2667 4732 2883 4804 ἐκείνην
2926 4730 3084 4788 εἶναι.
3121 4734 3276 4793 Vide.
3313 4735 3542 4809 Delapsa
3577 4740 3634 4794 in

2047 4821 2185 4878 locis
2211 4822 2414 4880 abditis
2442 4834 2496 4880 et
2529 4826 2827 4883 inaccessis
2881 4835 3029 4884 terra
3076 4828 3337 4886 obruunt.
3378 4833 3630 4900 Aristot.,

2046 4914 2126 4970 De
2152 4915 2278 4971 hist.
2308 4917 2501 4983 anim.,
2533 4918 2628 4974 lib.
2667 4935 2745 4986 ix,
2781 4935 2904 4991 cap.
2937 4921 2972 4975 5
2999 4939 3015 4977 ε
3056 4920 3275 4978 Cornua
3309 4925 3471 4979 etiam
3500 4926 3629 4982 locis

2044 5011 2369 5081 diﬁicillimis
2402 5013 2622 5080 amittit,
2661 5022 2713 5067 et
2759 5029 2866 5085 qua
2908 5014 3133 5070 inveniri
3175 5028 3452 5088 nequeant,
3492 5018 3631 5074 unde

2043 5102 2180 5157 illud
2205 5102 2535 5172 proverbium
2569 5114 2767 5170 ortum,
2795 5105 2915 5169 Qua
2940 5106 3080 5160 cervi
3113 5107 3369 5161 amittunt
3400 5124 3625 5168 cornua.

2043 5193 2276 5264 Plinius,
2324 5196 2422 5253 lib.
2460 5212 2588 5261 vin,
2642 5212 2764 5268 cap.
2806 5197 2876 5252 32
2907 5216 2924 5254 :
2963 5196 3180 5253 Cornua
3209 5215 3384 5256 mares
3411 5200 3627 5268 habent,

2042 5288 2244 5359 solique
2265 5289 2581 5343 animalium
2622 5292 2866 5346 omnibus
2892 5292 3045 5347 annis
3076 5301 3219 5347 stato
3240 5296 3375 5350 veris
3402 5303 3632 5366 tempore

2043 5382 2317 5436 amittunt.
2354 5378 2483 5437 Ideo
2518 5382 2613 5438 sub
2643 5384 2759 5452 ipsa
2790 5384 2878 5439 die
2903 5399 3064 5455 quam
3101 5385 3333 5441 maxime
3368 5387 3513 5443 invia
3538 5404 3603 5460 pe

2043 5483 2180 5529 lunt.
2222 5472 2506 5543 Oppianus
2533 5480 2759 5547 Κυνηγ.
2800 5490 2838 5531 ll
2872 5495 2887 5533 :

2044 5563 2265 5640 ςεεοχα
2295 5564 2351 5617 δ’
2476 5564 2774 5640 ’θήρεσσιν
2804 5567 2897 5640 ἐπ’
2923 5566 3145 5640 ἀγλαΐη
3177 5564 3497 5640 κομόωσιν.

2043 5635 2640 5714 Ἀρσενεςίεὺκέραοι,
2672 5635 3325 5714 πολυδαίδαλονὲρτξος
3356 5642 3625 5714 ἔχοντες,

2037 5701 2252 5779 'H_1-ap
2276 5701 2607 5779 ἐῦσχιῧέῳν
2631 5708 2858 5778 κεράων
2880 5709 3073 5779 ὦρῃσι
3097 5701 3413 5768 πεσόν-ξων

2035 5777 2264 5856 ﬁdpr
2285 5776 2611 5856 ,ιιένβιατᾲΔ
2630 5776 2811 5856 γαῖαν
2853 5776 3233 5856 ορὺξὰμενοιΑ
3257 5782 3626 5856 κατέθαψαν,

2040 5846 2223 5917 Ὀφρα
2248 5859 2316 5902 κε
2341 5847 2521 5918 μήτις
2544 5846 2764 5920 ἕλῃσιν
2787 5846 3173 5920 ἐπ”αῠλὰκος
3203 5846 3627 5925 ἀντιϐολήσας-ξ

2036 5940 2120 5996 An
2147 5948 2330 5998 autem
2362 5941 2542 5999 cervis
2574 5942 2797 6002 feminis
2822 5956 3032 6004 cornua
3071 5947 3183 6002 sint
3210 5943 3355 6003 infra
3387 5948 3624 6006 dicetur.

3268 6039 3346 6099 30
