4124 6418
442 475 557 532 $39

1790 462 2037 520 LEONIS
2071 455 2345 516 ALLA‘I‘ll

3605 455 3709 508 9-ιο

521 587 680 650 lbid..
732 587 829 641 lin.
882 586 934 641 9.
976 585 1068 650 Ὠς
1135 581 1531 638 ἀποϐαλοῦσα
1581 585 1752 651 πρός.
1797 583 2028 638 Amissis

2138 577 2218 631 διὰ
2241 576 2303 629 τδ
2332 575 2554 648 Θαρρεἶν
2579 575 2653 639 ὡς
2679 574 2893 646 ἔχοντες
2917 567 2961 642 ᾧ
2989 571 3303 644 ἀμύνονται.
3334 569 3467 639 Qua
3501 573 3572 626 ita
3607 577 3710 627 La-

445 682 588 736 enim
615 678 874 735 cornibus
903 675 1252 733 solitudinem
1284 683 1475 746 petunt
1494 683 1546 729 et
1568 676 1686 730 loca
1709 675 2024 741 inaccessa;

444 785 614 842 quare
662 768 716 823 id
765 773 926 838 agant
970 765 1106 820 varii
1152 764 1302 818 varie
1348 763 1710 818 tradiderunt.
1746 763 2026 832 Oppianus

452 867 677 929 Κυνηγ.
708 876 742 914 ιι
774 861 838 912 ad
871 858 1132 928 pudorem
1161 857 1326 912 refert
1357 875 1370 910 :

445 974 765 1027 Κεύθονται
794 970 846 1021 δ’
873 969 1038 1022 αὐτοὶ
1066 967 1354 1036 πυμάτοις
1389 965 1660 1020 λασίοισί
1688 983 1754 1036 τε
1784 965 2026 1034 θάμνοις

447 1043 752 1110 Αὶδόμενοι
789 1041 1043 1108 θήρεσσι
1081 1034 1346 1110 καρήατα
1383 1037 1509 1110 τοῖα
1548 1034 1814 1110 φανῆναι

449 1106 678 1182 Γυμνὰ,
711 1110 782 1164 τά
810 1106 898 1164 τοι
921 1107 1277 1177 προπάροιθε
1304 1107 1601 1175 μετήορον
1627 1106 1916 1173 ἀείροντο.

449 1225 772 1280 Aristoteles
801 1230 981 1276 tamen
1021 1235 1144 1274 cum
1177 1219 1299 1274 aliis
1336 1219 1582 1272 eamdem
1615 1233 1776 1287 quam
1812 1217 1900 1271 hic
1930 1233 2029 1271 no-

449 1326 564 1372 ster
595 1324 786 1370 auctor
814 1328 1035 1368 causam
1070 1310 1244 1373 all'ert,
1285 1310 1512 1364 nimium
1548 1309 1676 1378 quia
1715 1323 2025 1362 muscarum

449 1422 690 1461 morsum
751 1409 1020 1466 metuunt,
1055 1417 1176 1471 quae
1224 1400 1436 1454 radices
1497 1415 1764 1452 cornuum
1809 1408 2028 1455 teneras

449 1501 608 1554 facile
638 1498 1001 1569 perl‘orarent,
1031 1508 1154 1548 cum
1191 1507 1405 1548 summo
1435 1506 1624 1545 eorum
1661 1490 1866 1545 dolore.
1896 1492 2026 1544 Item

447 1591 572 1661 quia
599 1605 706 1642 non
731 1587 982 1648 habeant,
1007 1599 1114 1655 quo
1139 1599 1197 1639 se
1226 1584 1296 1638 ab
1329 1583 1451 1638 aliis
1483 1583 1611 1638 feris
1637 1584 2030 1653 pr0pugnando

447 1679 765 1740 defendant,
800 1676 876 1729 De
919 1677 1046 1730 hist.
1101 1675 1290 1737 anim.,
1325 1674 1419 1728 lib.
1471 1690 1546 1736 Ix,
1585 1689 1706 1744 cap.
1739 1675 1816 1728 5:
1860 1673 2030 1739 Quasi

447 1772 583 1824 enim
617 1785 716 1822 sua
750 1768 988 1821 amiserit
1023 1782 1198 1831 arma,
1239 1774 1383 1818 cavet
1425 1782 1488 1818 ne
1533 1766 1750 1818 inermis
1799 1765 2030 1832 reperia-

450 1872 556 1915 tur.
611 1857 950 1915 Et.inferius
996 1875 1008 1909 :
1057 1855 1321 1908 Amittunt
1364 1854 1587 1924 singulis
1627 1855 1784 1908 annis
1826 1870 2028 1908 cornua

449 1968 623 2007 mense
643 1951 854 2020 Aprili:
881 1965 1000 2019 quae
1029 1965 1148 2002 cum
1181 1949 1477 2008 amiserint,
1502 1947 1768 2000 occultant
1793 1963 1848 2000 se
1877 1948 2037 2001 inter-

450 2045 563 2106 diu,
598 2053 655 2097 ut
685 2043 923 2110 superius
955 2041 1091 2102 dixi,
1123 2039 1280 2108 idque
1320 2040 1496 2107 opacis
1539 2038 1742 2099 faciunt
1793 2037 1944 2101 locis,
1975 2047 2034 2091 ut

453 2153 754 2193 muscarum
799 2135 955 2188 taedio
984 2144 1185 2187 vacent.
1236 2131 1300 2186 Et
1352 2132 1448 2186 lib.
1498 2131 1638 2197 Περὶ
1687 2129 2035 2198 θαυμασίων

385 2287 392 2296 ,
449 2227 876 2298 ἀκουσμάτων,
920 2227 988 2282 de
1030 2226 1208 2280 cervis
1260 2225 1509 2279 Achaicis
1552 2241 1565 2277 :
1601 2223 1734 2276 Φασί
1781 2239 1924 2284 τινες
1977 2223 2034 2274 ὲν

463 2322 655 2392 ἰὶχαῖᾳ
680 2319 787 2374 τῶν
821 2319 1056 2390 ἐλάφων,
1095 2319 1220 2371 ὅταν
1252 2317 1564 2370 ἀποϐάλωσι
1592 2317 1659 2370 τὰ
1698 2314 1920 2385 κέρατα,
1955 2315 2036 2377 εἰς

449 2415 674 2478 τούτους
709 2414 836 2476 τοὺς
873 2413 1068 2477 τόπους
1099 2411 1374 2484 ἔρχεσθαι,
1404 2410 1545 2463 ὥστε
1591 2410 1665 2480 μὴ
1707 2409 1902 2480 ῥᾳδίως
1941 2408 2032 2460 εύ-

455 2507 694 2580 ρεθῆναι.
715 2507 886 2560 Τοῦτο
899 2506 955 2558 δὲ
974 2510 1144 2559 ποιεῖν
1159 2505 1245 2559 διὰ
1261 2506 1320 2558 τὸ
1349 2504 1423 2574 μὴ
1457 2503 1620 2573 ἔχειν,
1641 2496 1684 2569 ᾧ
1700 2501 2032 2570 ἀμύνωνται,

454 2600 548 2652 καὶ
565 2599 727 2652 διὰτὸ
757 2601 939 2652 πονεῖν
959 2601 1082 2662 τοὺς
1115 2600 1334 2660 τόπους,
1352 2595 1473 2649 ὅθεν
1499 2594 1567 2648 τὰ
1600 2593 1807 2666 κέρατα
1826 2590 2035 2645 ἀπέϐα-

453 2691 563 2744 λον.
592 2690 656 2744 Et
686 2689 1126 2761 Theophylactus
1161 2687 1466 2743 Simocatus
1492 2687 1546 2740 in
1570 2685 1765 2752 ρεισκε.
1797 2682 2031 2738 natural.

453 2779 490 2835 5
519 2797 532 2834 :
573 2776 722 2834 Οἶδεν
757 2782 789 2850 ἡ
819 2780 1033 2848 ἔλαφος,
1069 2777 1476 2850 ἀποκειραμένη
1506 2778 1574 2830 τὰ
1613 2777 1839 2848 κέρατα,
1875 2774 2036 2829 ἀσθε-

455 2871 714 2943 νεσθέραν
760 2872 858 2944 τὴν
918 2871 1078 2941 φύσιν
1128 2869 1428 2941 ἀμύνεσθαι
1484 2869 1612 2931 τοὺς
1665 2868 2032 2938 λυπήσαντας.

457 2962 665 3018 οὐκοῦν
711 2963 1121 3035 ἀποκρύπτεται
1171 2957 1262 3016 οἷα
1313 2959 1651 3034 στρατιώτης
1699 2977 1783 3024 τις
1840 2960 2037 3024 ἄοπλος

458 3053 642 3118 εεδιὼς
687 3055 1146 3127 παρατάττεσθαι.
1203 3056 1313 3108 Kal.
1371 3057 1558 3129 πόρῤω
1603 3075 1704 3110 που
1755 3058 2037 3128 ἀπόμαχος

455 3144 594 3202 εἶναι
643 3147 981 3219 βουλόμενος,
1033 3149 1164 3220 πρὸς
1213 3150 1306 3202 ἐπὶ
1345 3149 1553 3213 τούτοις
1595 3151 1749 3219 ἀλγεῖ
1793 3149 1852 3203 τὸ
1902 3150 2037 3216 ζῶον

455 3240 555 3310 τὴν
602 3241 748 3312 κάρα
801 3240 1096 3294 δεινότατα.
1154 3240 1386 3302 Plinius.
1443 3242 1537 3297 lib.
1597 3259 1716 3305 νιιι,
1755 3257 1877 3312 cap.
1919 3243 2030 3295 δὶς

2130 671 2243 724 tine
2270 668 2534 737 expressit
2575 665 2785 721 Plinius
2819 687 2832 720 :
2874 664 3173 731 Erumpunt
3211 673 3384 717 autem
3430 680 3712 718 renascen-

2130 762 2269 815 tibus
2322 758 2589 813 tuberibus
2637 761 2808 828 primo
2853 759 3022 812 aridw
3065 759 3198 812 cutis
3241 756 3462 810 similia.
3511 755 3710 811 Eadem

2129 853 2318 908 teneris
2368 853 2662 905 increscunt
2717 851 2900 920 ferulis
2948 848 3269 904 arundineas
3319 849 3375 900 in
3418 848 3711 916 particulas

2129 946 2276 1000 molli
2321 945 2563 1013 plumata
2606 944 2872 1014 lanugine.
2915 942 3165 1010 Quandau
3189 951 3367 994 carent
3411 941 3499 1007 iis,
3545 943 3713 994 nocti-

2129 1037 2224 1091 bus
2258 1035 2546 1106 procedunt
2586 1039 2654 1089 ad
2684 1035 2902 1104 pabula,
2955 1035 3300 1087 increscentia
3345 1033 3474 1086 solis
3526 1049 3713 1098 uapore

2128 1133 2346 1192 durant,
2395 1127 2462 1181 ad
2507 1129 2720 1182 arbores
2760 1126 2980 1180 subinde
3008 1127 3348 1195 experientes,
3388 1125 3477 1178 ubi
3509 1125 3710 1192 placuit

2127 1221 2290 1276 robur
2318 1221 2368 1274 in
2401 1229 2582 1289 aperta
2625 1219 2904 1289 prodeunt.
2939 1217 3044 1272 Sed
3084 1218 3238 1274 nefas
3285 1225 3370 1272 est
3419 1219 3506 1272 hic
3545 1219 3712 1272 omit-

2128 1320 2244 1367 tere
2290 1313 2345 1366 in
2398 1312 2643 1381 subjecta
2686 1311 2913 1365 materia
2946 1310 3168 1364 verbum
3208 1310 3539 1372 Aristotelis.
3567 1311 3722 1380 quod.

2132 1403 2344 1473 magnis
2387 1402 2521 1456 viris
2555 1402 2832 1470 negotium
2875 1399 3186 1478 facessisse.
3216 1415 3283 1455 ex
3311 1415 3502 1455 eorum
3539 1403 3712 1458 inter-

2132 1493 2526 1563 pretationibus
2587 1491 2934 1545 manifestum
2997 1499 3099 1546 est.
3168 1493 3256 1545 Ait
3328 1492 3712 1552 Aristoteles:

2134 1585 2272 1655 Ἤδη
2307 1585 2363 1638 δὲ
2417 1585 2669 1654 εἴληπται
2698 1583 2923 1652 ἁχαίτης
2963 1583 3158 1651 ἔλαφος
3196 1585 3287 1637 ἐπὶ
3319 1586 3426 1638 τῶν
3472 1587 3716 1658 κεράτων

2130 1677 2250 1748 ἔχον
2283 1676 2464 1730 κιττὸν
2493 1675 2661 1728 πολὺν
2696 1675 2975 1743 πεφυκότα
3009 1677 3236 1748 χλωρὸν,
3269 1678 3344 1741 ὡς
3373 1679 3596 1732 ἁπαλῶν
3626 1680 3716 1733 δν-

2129 1788 2235 1824 των
2264 1769 2370 1822 τῶν
2403 1769 2646 1838 κεράτων
2675 1765 2972 1836 ὲμφύοντα,
3008 1766 3197 1837 ὥσπερ
3225 1770 3283 1820 ὲν
3323 1767 3464 1835 ξύλῳ
3497 1769 3712 1841 χλωρῷ.

2130 1862 2454 1916 Theodorus
2487 1859 2631 1914 Gaza
2674 1859 2748 1912 ita
2780 1860 2939 1912 vertit
2969 1878 2980 1912 :
3022 1858 3220 1927 Captus
3259 1859 3377 1927 jam
3410 1877 3587 1915 cervus
3615 1871 3716 1924 est.

2070 1954 2111 2007 Β
2139 1955 2382 2010 hederam
2415 1953 2524 2007 suis
2554 1960 2763 2005 enatam
2791 1950 3037 2004 cornibus
3063 1967 3244 2019 gerens
3269 1951 3508 2015 viridem,
3529 1963 3631 2007 etc.
3653 1953 3718 2006 Et

2139 2044 2348 2099 Plinius
2372 2043 2475 2097 hoc
2509 2041 2651 2096 idem
2682 2049 2899 2096 vertens
2926 2059 2939 2094 :
2965 2038 3217 2112 Captique
3226 2042 3345 2110 jam
3373 2053 3496 2097 sunt
3524 2045 3718 2098 hedera

2138 2139 2193 2193 in
2223 2135 2467 2192 cornibus
2496 2137 2757 2190 viridante
2784 2150 2848 2188 ex
2871 2136 3058 2187 attritu
3099 2135 3348 2189 arborum
3372 2147 3429 2190 ut
3462 2138 3517 2190 in
3541 2139 3718 2209 aliqua

2139 2230 2280 2301 ligno
2308 2229 2521 2293 teneris,
2552 2229 2678 2281 dum
2709 2230 3049 2296 experiuntur
3076 2228 3280 2280 innata.
3310 2228 3406 2282 Sat
3440 2231 3576 2284 bene
3601 2247 3721 2285 om-

2140 2323 2252 2382 nia,
2286 2320 2512 2392 quidni?
2549 2319 2782 2374 Mentem
2834 2319 3146 2374 Aristotelis
3206 2320 3400 2387 habeo,
3432 2325 3593 2391 plana
3639 2325 3723 2377 vi-

2139 2413 2338 2467 dentur
2367 2428 2489 2468 esse
2527 2413 2728 2467 omnia.
2754 2409 2955 2466 Verum
3003 2411 3134 2482 quid
3185 2415 3257 2467 sit
3309 2414 3541 2486 ἀχαίτης
3589 2416 3719 2470 illud

2141 2519 2306 2560 cervo
2339 2504 2579 2559 additum
2610 2504 2848 2558 nondum
2882 2504 3058 2558 video.
3101 2505 3253 2570 Quod
3289 2521 3413 2558 cum
3446 2507 3721 2575 posuisset

2139 2596 2458 2652 Arismteles
2479 2636 2494 2660 ,
2538 2597 2860 2666 interpretes
2893 2597 3011 2652 sine
3043 2597 3270 2652 inscitia:
3313 2607 3438 2652 nota
3472 2600 3724 2656 omittere

2142 2688 2366 2742 minime
2416 2689 2741 2742 debuerunt.
2789 2686 2895 2742 Sed
2945 2688 3542 2745 modestissimishisce
3591 2692 3724 2747 viris

2141 2779 2344 2849 aliquid
2371 2780 2786 2834 condonandum
2814 2790 2918 2835 est.
2942 2779 3081 2846 Quid
3115 2783 3522 2837 oculatissimus
3544 2782 3722 2841 Julius

2145 2866 2411 2938 Scaliger,
2445 2884 2604 2938 quem
2652 2869 2784 2922 nihil
2814 2873 3070 2939 praue-rit,
3104 2878 3158 2924 et
3197 2872 3248 2924 in
3280 2887 3410 2941 quo,
3441 2875 3484 2927 si
3528 2890 3725 2928 conce-

2141 2959 2240 3014 das
2285 2975 2503 3014 errores
2553 2969 2608 3016 et
2661 2960 2884 3030 lapsus,
2935 2961 3004 3016 de
3047 2961 3166 3031 ejus
3216 2963 3380 3017 etiam
3442 2965 3727 3021 divini-tate

2142 3051 2332 3106 tollere
2380 3067 2604 3108 necesse
2652 3063 2756 3114 est,
2805 3069 2906 3108 nec
2951 3054 3336 3124 dedignabitur
3383 3056 3547 3110 etiam
3606 3059 3724 3128 ipse

2143 3141 2468 3215 quandoque
2525 3154 2695 3200 semet
2751 3145 3024 3202 hominem
3072 3163 3194 3202 esse
3246 3149 3422 3202 fateri.
3479 3151 3723 3220 Scaliger

2144 3235 2325 3304 itaque
2357 3234 2703 3291 Aristotelem
2735 3237 2810 3290 ita
2848 3238 3006 3291 vertit
3042 3256 3054 3290 :
3080 3237 3204 3292 Jam
3236 3257 3351 3294 vero
3394 3253 3578 3310 captus
3608 3259 3723 3295 cer-

455 3329 647 3385 Latent
675 3333 886 3386 mnissis
920 3332 1055 3386 velut
1088 3334 1329 3389 inermes.
1357 3331 1459 3388 Sed
1502 3345 1552 3388 et
1585 3334 1640 3388 hi
1670 3335 1802 3389 bono
1833 3351 1928 3389 suo
1957 3335 2041 3388 in-
2069 3317 2110 3373 (ἶ
2143 3342 2235 3379 Ws
2261 3336 2340 3380 οδε
2379 3343 2559 3396 gerens
2591 3328 2644 3379 ίη
2679 3327 2924 3381 εονηίίιιιε
2957 3339 3166 3381 enatam
3212 3330 3454 3386 hederam
3501 3335 3724 3386 multam

454 3424 704 3480 uidentes.
760 3424 1031 3492 Eliauus,
1086 3427 1179 3480 lib.
1233 3443 1280 3480 vr
1343 3425 1419 3481 De
1459 3427 1646 3483 histor.
1695 3427 1886 3492 anim.,
1917 3443 2037 3497 cap.

455 3517 510 3582 5,
540 3517 729 3573 eadem
761 3518 947 3573 refert.
982 3517 1134 3572 Multi
1189 3521 1355 3574 etiam
1405 3533 1630 3574 causam
1676 3534 1844 3588 quare
1896 3521 2039 3574 cervi

457 3623 663 3664 cornua
698 3611 929 3664 latenter
961 3609 1258 3672 dimittant,
1292 3610 1375 3665 vel
1407 3619 1610 3665 terram
1652 3610 1920 3666 fodientes
1949 3627 2044 3666 oc-

457 3701 684 3765 cultent,
720 3702 1136 3771 investigarunt.
1185 3702 1396 3759 Plinius
1425 3704 1491 3757 ad
1524 3703 1781 3759 invidiam
1823 3705 2041 3768 retulit;

457 3793 546 3847 cui
577 3794 854 3848 consentit
905 3793 1180 3856 Elianus.
1235 3797 1327 3850 lib.
1381 3813 1474 3858 ιιι,
1511 3811 1629 3866 cap.
1677 3797 1744 3849 Π
1780 3815 1792 3850 :
1835 3793 1957 3850 θῖδε
1987 3796 2041 3848 δὲ

459 3883 554 3936 καὶ
589 3882 781 3950 ἔλαφος
811 3882 870 3934 τὸ
910 3881 1082 3945 δεξιὸν
1126 3885 1290 3952 κέρας
1317 3884 1455 3953 ἔχων
1486 3887 1565 3947 εἰς
1602 3883 1771 3938 πολλά
1817 3884 2042 3952 ἀγαθὸν,

460 3973 553 4027 καὶ
571 3973 749 4043 μέντοι
773 3972 1090 4044 κατορύττει
1108 3975 1239 4027 αὐτὸ
1258 3977 1350 4028 καὶ
1370 3974 1709 4046 ἀποκρύπτει
1732 3975 1928 4045 φθόνῳ,
1947 3975 2042 4028 τοῦ

462 4065 537 4137 μὴ
561 4064 810 4118 τοσοῦτον
835 4065 930 4136 (ita
961 4067 1106 4120 enim
1135 4068 1372 4136 corrigo)
1392 4066 1512 4120 τινὰ
1543 4066 2047 4122 ἀπολαῦσαι.ΤΙιεο·

459 4158 718 4228 pbrastus
745 4156 882 4224 Περὶ
901 4155 1018 4209 τῶν
1040 4156 1380 4226 λεγομένων
1395 4155 1550 4218 ζώων
1572 4157 1835 4226 φθονεῖν,
1858 4168 2044 4228 aperte

460 4247 512 4302 id
543 4254 702 4318 negat
735 4262 845 4302 non
879 4255 1089 4302 tantum
1131 4249 1184 4302 in
1229 4251 1426 4313 cervis,
1460 4250 1555 4306 sed
1588 4258 1643 4305 et
1689 4250 1744 4305 in
1779 4250 1900 4307 aliis
1927 4251 2044 4304 ani-

457 4341 714 4400 malibus.
745 4356 864 4410 quae
888 4356 973 4396 res
1001 4341 1122 4396 aliis
1146 4342 1306 4396 utiles
1334 4343 1416 4397 vel
1444 4343 1785 4398 abscondunt
1812 4343 1891 4398 vel
1921 4358 2044 4398 cor-

459 4436 740 4499 rumpunt.
771 4429 1005 4484 Tantum
1035 4433 1180 4485 enim
1203 4433 1279 4485 ait
1313 4431 1414 4487 hoc
1447 4433 1854 4489 existimatione
1875 4433 2044 4488 homi-

459 4535 588 4574 num
630 4519 766 4574 falsa
810 4521 1078 4576 accusari.
1117 4521 1190 4575 Ea
1238 4539 1475 4593 namque
1522 4527 1757 4580 naturali
1803 4527 2040 4597 quodam

461 4611 742 4673 instinctu,
793 4612 906 4666 sive
961 4613 1122 4666 etiam
1167 4613 1461 4681 aliquando
1512 4615 1708 4672 timore
1751 4617 1805 4673 id
1859 4634 2039 4688 agere,

459 4718 693 4774 quorum
730 4713 908 4757 tamen
935 4704 1201 4757 rationem
1236 4719 1337 4758 nos
1373 4708 1659 4776 nequimus
1692 4709 1938 4765 reddere.

531 4793 694 4858 Ιῦἱιίη
763 4795 859 4849 lin.
894 4797 979 4851 15.
1033 4797 1144 4852 Kal
1196 4797 1418 4862 νυκτὸς
1465 4798 1724 4869 νέμεται.
1773 4801 2047 4869 Ᾰέιὶοηυε,

462 4884 557 4940 lib.
582 4902 658 4949 vx,
685 4901 806 4956 cap.
831 4887 863 4942 5
885 4907 898 4942 :
924 4888 1187 4957 Λέγονται
1229 4890 1287 4944 δὲ
1305 4893 1413 4944 ,καὶ
1436 4891 1815 4960 φυλάττεσθαι,
1843 4897 2052 4966 μήποτε

461 4977 570 5050 ἄρα
617 4983 830 5050 νεαροῖς
873 4978 1022 5033 οὖσιν
1070 4983 1249 5035 αὐτῶν
1286 4987 1398 5047 τοῖς
1431 4984 1632 5049 ἕλκεσι,
1665 4980 1783 5040 εἶτα
1822 4988 2052 5058 προσπί-

462 5088 673 5125 πτουσα
701 5074 734 5142 ἡ
764 5073 923 5136 ἀκτὶς
962 5074 1148 5146 πρὶνῆ
1186 5075 1446 5146 παγῆναι,
1484 5077 1578 5130 καὶ
1617 5079 1743 5140 τοὺς
1779 5079 2050 5150 καλουμέ-

462 5179 588 5226 νους
641 5163 896 5236 χόνδρους
957 5165 1164 5220 λαϐεῖν.
1203 5167 1336 5221 ’Ἦδε
1397 5170 1494 5241 τὴν
1545 5170 1722 5240 σάρκα
1775 5171 2052 5244 ὑποσήψῃ.

464 5254 809 5320 Aristoteles,
841 5258 936 5311 lib.
970 5273 1024 5311 ιτ
1068 5257 1143 5312 De
1168 5259 1296 5313 hist.
1324 5263 1512 5324 anim.,
1545 5276 1668 5331 cap.
1700 5260 1734 5314 5
1764 5279 1777 5314 :
1812 5260 2055 5315 Pascun—

469 5355 555 5400 tur
581 5363 672 5416 per
702 5347 756 5402 id
786 5359 985 5420 tempus
1018 5362 1175 5405 noctu
1199 5350 1361 5405 donec
1400 5353 1656 5421 recipiant
1686 5370 1910 5417 cornua,
1936 5371 2054 5423 quas

467 5436 696 5504 primum
748 5441 904 5510 quasi
957 5451 1073 5497 cute
1117 5444 1304 5496 vestita
1333 5453 1381 5496 et
1415 5443 1730 5497 hirtiuscula
1767 5445 2052 5507 emittunt;

470 5527 558 5582 sed
587 5545 706 5584 cum
745 5531 996 5586 creverint
1038 5533 1143 5587 soli
1181 5543 1470 5603 exponunt,
1513 5543 1571 5587 ut
1617 5545 1977 5606 excoquantur
2001 5543 2054 5588 et

469 5619 690 5676 siccent.

539 5710 698 5777 lbid.,
722 5714 819 5772 lin.
844 5717 932 5772 15.
961 5715 1308 5786 Βουλομένη
1337 5716 1406 5770 δὲ
1425 5717 1761 5786 δοκιμάσαι.
1785 5719 2054 5772 Aristole.

472 5803 553 5861 les
582 5802 778 5861 ibidem
805 5825 820 5862 :
854 5809 1022 5862 Ὅταν
1049 5808 1105 5861 δὲ
1134 5808 1332 5880 μηκέτι
1369 5808 1570 5863 πονῶσι
1602 5809 1738 5880 πρὸς
1765 5809 1832 5862 τὰ
1861 5809 2053 5880 δένδρα

471 5893 738 5966 κνώμενοι
769 5898 927 5964 αὐτὰ,
955 5899 1075 5953 τότε
1102 5900 1415 5954 ἐκλείπουσι
1445 5900 1570 5964 τοὺς
1599 5901 1798 5963 τόπους
1825 5899 2050 5965 τούτους

2143 3415 2382 3484 uiridem,
2409 3418 2561 3488 quasi
2591 3433 2706 3486 qua:
2734 3435 2850 3470 cum
2882 3420 3072 3473 tenella
3112 3431 3308 3486 essent,
3344 3423 3530 3479 innata
3565 3427 3726 3493 fuerit

2145 3519 2396 3578 tanquam
2435 3511 2489 3563 in
2538 3509 2724 3563 arbore
2766 3511 2943 3566 uiridi.
2992 3510 3069 3566 Ne
3115 3512 3228 3567 hilo
3251 3516 3472 3585 quidem
3508 3519 3721 3576 melius.

2143 3599 2333 3655 Adhuc
2357 3616 2554 3656 nomen
2579 3602 2808 3673 ἀχαίτης
2838 3605 3025 3659 nescio
3055 3621 3162 3675 qua
3185 3609 3394 3664 ratione
3416 3612 3721 3680 explosum.

2145 3693 2276 3760 Quae
2306 3696 2520 3749 nescias
2549 3697 2976 3765 praetermittere.
3013 3697 3117 3752 Sed
3146 3700 3450 3768 videamus,
3483 3705 3612 3774 quid
3644 3707 3725 3758 in-

2147 3786 2326 3840 nuerit
2371 3786 2711 3842 Aristoteles.
2745 3786 2843 3841 Diu
2885 3789 2939 3842 in
2967 3804 3029 3843 ea
3063 3789 3137 3844 fui
3171 3794 3460 3859 sententia,
3508 3796 3628 3848 loco
3661 3796 3726 3848 il-

2145 3877 2251 3932 lius
2309 3879 2704 3934 restituendum
2764 3896 2888 3935 esse
2947 3883 3236 3953 ’Λχαῖκός,
3293 3887 3600 3952 Achaicus,
3658 3903 3721 3942 ev

2147 3970 2352 4024 Achaia
2389 3972 2629 4041 regione,
2656 3973 2761 4027 nisi
2789 3971 2844 4026 id
2869 3972 3010 4027 idem
3041 3976 3383 4030 retinendum
3416 3987 3562 4032 esset
3585 3993 3723 4031 nova

2146 4059 2377 4130 quadam
2421 4061 2745 4116 formatione
2784 4063 3058 4135 Ἀχαῖτης,
3093 4081 3158 4120 ex
3189 4065 3423 4130 Achaia,
3461 4067 3726 4121 Aristote-

2147 4153 2361 4221 lemque
2383 4151 2623 4207 locutum
2654 4153 2722 4208 de
2751 4170 2913 4210 cervo
2945 4166 3104 4225 capto
3127 4157 3376 4213 videlicet
3415 4160 3467 4212 in
3497 4159 3722 4214 Achaia.

2145 4243 2517 4298 Confirmabat
2550 4260 2722 4300 meam
2755 4249 3075 4302 sententiam
3108 4249 3246 4300 idem
3265 4249 3724 4320 Aristoteles,qui

2146 4339 2328 4394 libello
2358 4339 2496 4405 Περὶ
2523 4341 2870 4408 θαυμασίων
2897 4341 3294 4410 ἀκουσμάτων
3319 4344 3372 4396 in
3404 4343 3608 4398 Achaia
3643 4347 3722 4400 di-

2145 4433 2221 4480 cit
2281 4443 2493 4492 cervos,
2547 4431 2765 4483 an'iissis
2813 4429 3090 4492 cornibus.
3141 4431 3465 4487 solitudines
3519 4441 3722 4503 petere.

2144 4519 2281 4572 (basi.
2308 4517 2364 4571 δέ
2397 4537 2550 4583 τινας
2581 4522 2638 4573 ὲν
2682 4521 2869 4592 Ἀχαΐᾳ
2917 4521 3023 4574 τῶν
3059 4521 3292 4590 ἐλάφων,
3338 4541 3498 4594 quem
3547 4525 3725 4578 locum

2148 4609 2400 4678 superius
2432 4611 2858 4682 exscripsimus,
2905 4612 2978 4666 ibi
3025 4614 3168 4668 enim
3225 4615 3410 4669 subdit
3449 4634 3461 4668 :
3499 4615 3726 4685 Πολλαῖς

2144 4702 2200 4754 δὲ
2239 4703 2426 4756 κισσὸν
2473 4705 2849 4774 ἐπιπεφυκότα
2895 4706 2953 4758 ὲν
2994 4704 3072 4776 τῷ
3126 4705 3236 4760 τῶν
3287 4707 3533 4779 κεράτων
3577 4708 3727 4778 τόπῳ

2139 4796 2387 4864 ὁρᾶσθαι.
2427 4795 2551 4851 Haec
2596 4806 2774 4853 tamen
2823 4814 2923 4853 nec
2953 4799 3142 4863 dubio,
3172 4815 3274 4855 nec
3317 4802 3595 4854 hominum
3632 4816 3727 4854 ex-

2142 4887 2456 4954 spectationi
2488 4888 2814 4943 videbantur
2838 4890 2992 4948 satis.
3022 4906 3144 4944 cum
3170 4891 3348 4944 adhuc
3375 4901 3518 4943 esset
3550 4889 3727 4942 incer-

2143 4987 2255 5030 tum
2314 4993 2383 5032 an
2442 4979 2509 5033 de
2555 4981 2732 5036 cervis
2790 4980 3046 5036 Achaicis
3103 4982 3435 5050 loqueretur,
3492 4994 3726 5049 quorum

2141 5070 2292 5124 nulla
2313 5069 2455 5125 facta
2485 5073 2782 5138 mentione,
2811 5075 2906 5128 sed
2940 5075 3046 5129 alio
3062 5075 3226 5128 ducto
3255 5073 3524 5142 principio
3550 5072 3684 5127 dicit
3709 5092 3723 5129 :

2141 5161 2369 5226 Πολλαῖς
2401 5160 2456 5216 δὲ
2486 5163 2672 5216 κισσὸν
2702 5165 3093 5236 ἐπιπεφυκότα.
3129 5164 3232 5221 Sed
3257 5182 3312 5220 re
3337 5166 3530 5220 melius
3551 5168 3729 5236 inspe-

2142 5260 2227 5305 cta
2262 5253 2740 5325 eonsiderataque,
2795 5259 2870 5312 ita
2913 5260 3092 5312 locum
3129 5257 3434 5312 Aristotelis
3462 5261 3724 5314 restituo:

2147 5345 2285 5415 Ἤδη
2317 5345 2372 5399 δὲ
2401 5347 2653 5417 εἴληπται
2695 5351 2888 5421 ἀχαῖνὴ
2935 5351 3152 5420 ἔλαφος,
3193 5351 3272 5404 vel
3310 5351 3555 5423 ἀχαΐνης,
3582 5353 3729 5423 quod

2143 5445 2197 5492 et
2229 5439 2444 5495 melius.
2497 5439 2652 5495 Libet
2701 5445 2845 5498 enim
2891 5458 3112 5498 cervum
3146 5442 3293 5496 hunc
3331 5442 3403 5496 ita
3432 5446 3728 5514 appellare,

2144 5529 2286 5598 quod
2318 5529 2635 5602 Etymologo
2665 5534 2938 5590 referente
2972 5535 3119 5588 circa
3166 5534 3480 5589 Achaeinam
3514 5537 3727 5598 urbem,

2145 5623 2258 5677 sive
2319 5623 2483 5678 etiam
2535 5625 2833 5694 regionem,
2886 5629 2997 5681 sint
3043 5641 3240 5696 genera
3283 5642 3568 5680 cervorum
3615 5641 3728 5678 ma-

2145 5727 2397 5782 gnorum,
2448 5715 2679 5785 ideoque
2721 5732 2914 5773 cervos
2956 5719 3028 5772 ita
3081 5729 3343 5773 vocatos:
3393 5717 3664 5787 Ἀχαιῖνέα
3692 5718 3728 5790 ή

2145 5803 2359 5874 ἔλαφος,
2405 5807 2822 5872 Ἀπολλώνιος...
2850 5813 2918 5881 ἤν
2947 5812 2994 5864 τ’
3031 5813 3276 5884 ἁγρῶται
3307 5811 3584 5883 ἀχαιῖνέην
3628 5826 3730 5862 κα-

2149 5896 2361 5952 λέουσιν
2384 5898 2489 5954 arula
2525 5903 2826 5972 Ἀχαιῖνέας
2864 5904 3092 5975 πόλεως,
3129 5908 3186 5961 ἐν
3221 5902 3253 5975 ᾖ
3291 5906 3402 5971 εἴδη
3439 5906 3574 5959 εἰσὶν
3603 5902 3732 5958 ἑλά-
