4124 6422
456 458 553 513 9η

1355 447 1424 509 IN
1465 445 1842 512 EUSTATHll
1882 444 2357 510 llEXAEMERON
2397 442 2635 508 ΝΟΤίΕ.

3604 451 3710 510 9η

451 598 568 650 φων
627 580 895 652 μεγάλων.
952 577 1018 635 Et
1066 578 1409 642 Aristoteles,
1470 579 1564 632 lib.
1614 593 1650 632 ll
1705 576 1781 631 De
1827 577 2026 632 histor.
2059 588 2102 642 Α
2129 593 2253 641 nus,
2288 592 2490 642 cervus,
2516 576 2700 638 dama,
2737 583 2791 630 et
2819 574 2983 645 paulo
3017 585 3139 647 pOst
3173 588 3187 630 ξ
3219 568 3573 643 Quamobrem
3598 577 3713 646 puis

450 673 700 737 (νήπιοι,
735 688 856 742 cap.
901 672 988 736 15,
1045 671 1283 742 Δχαῖνάς
1315 672 1622 742 appellavit.
1668 671 1790 724 Τῶν
1817 671 1875 724 δὲ
1908 670 2024 726 ἐλιςι⁸

451 782 566 834 φων
609 766 664 818 al
724 765 942 835 ἀχαῖναὶ
991 763 1321 835 καλούμεναι
1365 763 1611 817 δοκοῦσιν
1668 762 1813 834 ἔχειν
1860 765 1919 817 ἐν
1967 765 2033 835 τῇ

447 859 634 929 κέρκῳ
691 858 894 929 χολήν,
938 872 1082 928 quos
1145 856 1390 926 Scaliger
1436 857 1491 911 in
1547 873 1601 912 Ix
1646 857 1765 910 vult
1813 864 2035 912 vocatas

450 950 697 1019 ἀχαῖτας.
751 949 925 1015 Quam
978 956 1124 1004 recte
1171 949 1399 1002 aliorum
1453 957 1572 1004 esto
1615 948 1908 1017 judicium.
1955 948 2033 1004 Ex

452 1040 746 1097 Aristotele
793 1043 1098 1113 Antigonus
1149 1041 1432 1113 Carystius
1488 1043 1544 1096 in
1598 1041 1796 1094 Mirab.
1840 1057 1860 1095 :
1914 1041 2035 1096 Τῶν

451 1132 508 1186 δὲ
543 1133 756 1202 ἐλάφων
786 1136 912 1198 τοὺς
949 1135 1228 1205 ἀχαιῒνους
1266 1130 1630 1205 καλουμένους
1670 1134 1844 1188 δοκεῖν
1872 1137 1929 1188 ἐν
1965 1137 2032 1206 τῇ

451 1224 634 1297 κέρκῳ
656 1225 755 1298 τὴν
775 1226 938 1298 χολὴν
971 1227 1133 1297 ἔχειν.
1171 1226 1404 1282 Dubium
1453 1235 1630 1282 tamen
1669 1241 1830 1282 omne
1873 1227 2036 1283 solvit

454 1318 596 1373 idem
647 1321 952 1390 Antigonus
982 1360 997 1387 ,
1054 1321 1219 1376 verba
1288 1321 1606 1376 exscribens
1645 1321 1974 1376 -Aristotelis
2014 1338 2032 1377 :

455 1407 594 1482 Ἤδη
637 1411 696 1464 δέ
728 1412 1035 1483 ζδιειλῆφθαι
1088 1415 1338 1484 ἁχαιΐνην
1378 1413 1572 1483 ἔλαφον
1605 1411 1784 1467 κιττὸν
1811 1413 2035 1484 ἔχουσαν

452 1503 542 1555 ἐπὶ
568 1503 674 1556 τῶν
699 1505 964 1577 κεράτων,
999 1503 1076 1568 ὡς
1105 1505 1171 1559 ἂν
1203 1505 1447 1577 ἐνύγρων
1477 1506 1666 1559 ὄντων.
1693 1505 1872 1572 Quare
1900 1509 2037 1561 scri-

452 1593 687 1649 bendum
725 1598 996 1661 existimo,
1025 1597 1125 1668 ἢδη
1159 1598 1214 1651 δὲ
1253 1598 1507 1670 εἴληπται
1535 1599 1785 1670 ἀχαιῖνης
1815 1598 2032 1668 ἔλαφος,

451 1693 504 1740 et
535 1689 890 1757 reddendum,
916 1692 1043 1745 Jam
1065 1708 1186 1746 vero
1215 1703 1399 1761 captus
1421 1700 1499 1746 est
1542 1691 1802 1746 achaeines
1833 1705 2032 1747 cervus.

520 1781 678 1848 Ibid.,
705 1784 801 1838 lin.
832 1783 918 1838 19.
952 1783 1109 1852 Πρὸς
1153 1784 1222 1837 δὲ
1263 1785 1336 1838 τὰ
1383 1783 1670 1852 δήγματα.
1715 1784 2036 1840 Aristoteles

451 1875 639 1931 eodem
675 1875 796 1930 loco
827 1894 839 1928 ι
873 1873 1023 1929 Cervi
1056 1877 1220 1929 morsi
1255 1876 1332 1929 ret
1363 1892 1395 1928 a
1431 1875 1712 1944 phalangio
1753 1875 1830 1928 vel
1854 1893 1886 1927 a
1913 1891 2037 1943 quo-

2136 666 2255 720 cltre
2287 684 2320 720 a
2349 667 2605 721 veteribus
2634 666 2831 720 dicitur
2858 667 2992 730 illis,
3015 669 3104 736 qui
3136 684 3354 722 causam
3381 684 3476 721 cur
3507 667 3711 721 diutius

2135 760 2357 824 vivatur,
2393 758 2531 829 fellis
2572 761 2890 814 vacuitatem
2937 775 3049 814 esse
3089 760 3258 826 aiunt,
3303 771 3612 832 argumento
3648 772 3716 814 ex

2135 849 2425 916 sotipedum
2467 864 2839 919 cervorumque
2885 864 3069 918 genere
3100 848 3324 903 deducto
3366 865 3385 904 :
3425 850 3535 904 hwc
3575 851 3716 905 enim

2133 952 2182 996 et
2228 942 2349 1011 felle
2384 951 2594 1004 vacant,
2642 947 2692 996 at
2738 943 2829 995 diu
2870 943 3065 996 vivunt.
3113 939 3323 997 Plinius
3353 943 3450 999 lib.
3484 953 3560 1005 ιι,
3589 957 3711 1014 cap.

2134 1035 2224 1101 57,
2255 1035 2399 1105 quod
2429 1035 2496 1091 de
2517 1035 2766 1091 Achaino
2794 1035 2912 1091 solo
2942 1034 3264 1091 Aristoteles
3303 1057 3315 1092 :
3355 1036 3473 1107 ipse
3499 1037 3567 1092 de
3595 1051 3716 1091 om-

2135 1125 2300 1179 nibus
2333 1125 2535 1179 tradit:
2565 1125 2701 1179 Sunt
2755 1126 2846 1196 qui
2891 1142 3021 1196 equo
3051 1143 3156 1181 non
3182 1125 3392 1196 quidem
3436 1127 3490 1181 in
3538 1125 3715 1196 jecorc

2132 1233 2266 1282 esse,
2305 1218 2402 1272 sed
2436 1220 2493 1272 in
2523 1218 2640 1273 alvo
2674 1231 2878 1290 putent,
2906 1233 2958 1276 et
2987 1239 3133 1277 cervo
3170 1222 3226 1276 in
3257 1220 3431 1274 cauda
3459 1229 3550 1273 aut
3580 1220 3716 1274 intes

2134 1314 2313 1368 stinis.
2348 1312 2558 1368 Plinius
2598 1315 2822 1380 ibidem,
2870 1316 3130 1372 intestina
3174 1327 3462 1372 cervorum
3502 1318 3712 1367 tantam

2135 1405 2337 1462 habere
2367 1407 2532 1462 tradit
2559 1409 3005 1473 amaritudinem,
3040 1419 3098 1464 ut
3146 1423 3176 1461 a
3210 1408 3442 1462 canibus
3487 1421 3597 1460 non
3633 1411 3714 1458 οισι

2135 1496 2436 1566 tingantur.
2473 1497 2837 1565 Aristoteles,
2874 1499 2951 1554 De
2993 1499 3118 1556 Itist.
3168 1499 3332 1552 anim.
3367 1497 3460 1552 lib.
3501 1511 3565 1564 ιι,
3588 1504 3710 1566 cap.

2140 1587 2226 1651 i5,
2269 1602 2333 1643 ea
2388 1589 2599 1651 scribit,
2632 1603 2662 1642 a
2693 1590 2925 1645 canibus
2975 1605 3086 1644 non
3131 1588 3348 1660 attingi,
3379 1587 3487 1642 nisi
3516 1596 3714 1642 cervus

2135 1679 2465 1750 praepinguis
2516 1679 2609 1735 sit.
2647 1681 2866 1737 Falsum
2902 1681 2954 1736 id
3008 1696 3131 1737 esse
3159 1679 3513 1750 experientia,
3540 1684 3595 1734 et
3621 1691 3717 1733 ve-

2136 1780 2355 1827 natores
2389 1772 2608 1838 docent,
2641 1775 2732 1844 qni
2779 1781 2939 1844 capto
2968 1788 3130 1828 cervo
3165 1775 3222 1827 in
3257 1787 3464 1827 morem
3514 1770 3715 1826 habent

2136 1861 2256 1931 ejus
2279 1862 2602 1924 visceribus.
2630 1864 2928 1928 intestinis,
2951 1873 3006 1920 et
3029 1864 3295 1936 sanguine
3318 1877 3483 1918 canes
3506 1861 3710 1918 cibare.

449 1965 526 2018 vis
558 1966 758 2035 generis
791 1965 1045 2032 ejusdem,
1072 1981 1292 2020 cancros
1320 1968 1499 2019 edunt.
1532 1964 1686 2030 Quod
1708 1965 1847 2019 idem
1869 1967 2028 2019 etiam

2138 1952 2493 2019 Aristoteles,
2548 1955 2625 2010 De
2665 1956 2790 2011 hist.
2849 1958 3015 2012 anim.
3068 1934 3166 2012 lib.
3220 1968 3294 2019 iv,
3339 1969 3460 2025 cap.
3494 1956 3712 2020 ultimo,-

450 2051 652 2108 Itomini
700 2054 945 2123 prodesse
993 2064 1254 2124 putatur;
1299 2056 1390 2112 sed
1443 2074 1546 2111 non
1598 2067 1742 2110 caret
1789 2056 2030 2125 fastidio.

451 2145 800 2213 Plutarchus,
828 2149 866 2204 Ι.
907 2151 1135 2219 Πότερα
1157 2149 1277 2204 τῶν
1297 2149 1472 2217 Cibum,
1511 2150 1784 2206 Nicander
1813 2151 1866 2205 in
1902 2149 2036 2204 The-

450 2239 634 2304 riacis,
661 2237 941 2310 Oppianus
974 2244 1197 2311 Κυνηγ.
1230 2256 1268 2296 ιι
1300 2261 1316 2298 :

449 2351 648 2424 Αὐτὰρ
677 2349 732 2414 ὃ,
764 2349 1069 2424 γινώσκων
1097 2353 1301 2407 θεόθεν
1333 2355 1512 2422 τόπερ
1553 2353 1777 2424 ἔλλαχε
1819 2353 2032 2423 δῶρον,

450 2420 654 2493 Ιιᾴντῃ
678 2424 965 2493 μαστεύει
993 2422 1287 2491 δνοφερὸν
1314 2420 1598 2493 ποταμοῖο
1615 2420 1880 2492 ρἐΰρον.

449 2492 654 2564 Κεῖθεν
681 2491 1040 2564 καρκινάδας
1071 2493 1139 2546 δὲ
1165 2495 1372 2564 φίλαις
1399 2491 1682 2564 ﬁer-ream
1713 2491 2034 2564 δαμάσσας

451 2560 768 2631 Φάρμακον
796 2560 1226 2616 αὐτοδίδακτον
1250 2563 1376 2632 ἔχει
1405 2560 1836 2636 πολυπήμονος
1862 2560 2030 2636 time.

451 2691 774 2746 Adnotanda
819 2691 1071 2748 videntur
1106 2695 1370 2749 nonnulla
1398 2695 1466 2750 de
1497 2698 1698 2764 cervis,
1737 2700 1790 2754 in
1825 2700 2031 2770 quibus

451 2793 703 2840 auctores
749 2784 1035 2841 dissident.
1093 2787 1418 2845 Aristoteles
1476 2789 1573 2846 lib.
1641 2805 1741 2846 ml
1818 2789 2026 2847 Ilistor.

451 2879 642 2944 enim,
675 2892 796 2950 cap.
827 2877 929 2947 38;
973 2876 1192 2945 Strabo,
1225 2879 1459 2945 Plinius,
1495 2881 1722 2950 Seneca,
1747 2883 2026 2952 Lucanus,

451 2970 777 3041 Antigonus,
823 2971 1130 3028 Herodotus
1164 2973 1500 3044 Melpomene
1531 2991 1639 3030 uno
1667 2991 1762 3032 ore
1793 2977 2030 3034 fatentur

451 3064 505 3116 in
552 3063 717 3136 Libya
754 3081 932 3134 neque
976 3080 1196 3119 cervum
1239 3081 1416 3138 neque
1451 3081 1643 3136 aprum
1683 3069 1854 3124 ullum
1881 3084 2024 3126 esse.

448 3152 730 3224 Oppianus
762 3155 962 3211 Africae
999 3156 1213 3220 tribuit,
1248 3158 1341 3211 lib.
1392 3174 1428 3210 ιι
1474 3161 1699 3228 Κυνητ.
1723 3159 2030 3217 Commune

450 3247 504 3302 id
539 3247 731 3302 habuit
767 3262 893 3301 cum
926 3246 1176 3319 Virgilio.
1216 3249 1309 3318 qui
1343 3249 1435 3303 lib.
1465 3264 1480 3302 ι
1507 3257 1561 3304 et
1592 3267 1664 3315 iv,
1702 3249 1932 3307 Alneam
1968 3254 2024 3308 in

449 3341 632 3395 littore
664 3340 859 3394 Africae
896 3356 1086 3397 cervos
1118 3343 1436 3411 agitantem,
1461 3349 1515 3397 et
1542 3343 1899 3414 conligentem
1937 3344 2021 3400 fa-

449 3429 547 3494 cit,
579 3437 633 3483 et
662 3445 784 3483 cum
813 3429 1146 3485 Philostrato
1177 3433 1460 3486 Albericus
1491 3435 1729 3504 gentilis.
1758 3435 1853 3490 lib.
1906 3428 2027 3490 Vir»

447 3521 542 3591 git.
567 3521 712 3585 lect.,
753 3537 804 3578 c.
849 3523 904 3588 8,
937 3524 1214 3577 existimat
1242 3522 1526 3595 Virgilium
1569 3539 1694 3580 cum
1727 3540 1921 3582 cervos
1967 3528 2024 3582 in

448 3613 631 3668 Africa
671 3616 876 3684 posuit,
918 3623 1165 3669 secutum
1201 3631 1324 3672 esse
1369 3609 1635 3671 Timaeum
1674 3619 2022 3684 historicum,

447 3705 609 3775 cujus
663 3706 806 3761 haud
854 3705 1146 3763 mediocris
1193 3709 1489 3764 auctoritas
1516 3719 1622 3765 est.
1670 3709 1736 3764 Et
1767 3709 2028 3766 Brodaeus

449 3797 638 3862 tradit,
673 3800 766 3855 lib.
804 3799 1100 3855 Miscetlun.
1133 3815 1256 3866 vm,
1284 3817 1403 3873 cap.
1441 3803 1527 3870 iii,
1557 3801 1719 3859 italos
1746 3819 1776 3858 a
1815 3820 1874 3860 se
1900 3799 2028 3859 Gal-

451 3893 645 3962 losque
688 3893 780 3964 qui
818 3894 1048 3949 inissent
1094 3895 1148 3948 in
1185 3894 1371 3948 Africa
1413 3895 1768 3950 barbarorum
1804 3897 2024 3966 captivi,

448 4000 515 4040 ea
544 3986 611 4042 de
643 4001 701 4040 re
722 3987 1086 4056 interrogatos
1113 4002 1257 4050 esse,
1283 4002 1346 4040 ac
1380 3988 1748 4056 respondisse,
1769 3989 1822 4042 in
1840 3988 2024 4043 Africa

446 4091 641 4132 cervos
672 4092 730 4132 se
762 4078 964 4132 vidisse
998 4079 1315 4146 permultos.
1349 4078 1581 4145 Quidam
1621 4081 1786 4134 etiam
1831 4096 1896 4136 ex
1934 4091 2030 4138 ve-

445 4167 736 4223 natoribus
769 4169 842 4221 ita
883 4167 1164 4239 Virgilium
1194 4169 1484 4225 defendere
1513 4171 1613 4226 visi
1642 4180 1800 4238 sunt;
1832 4177 2027 4244 nempe

442 4259 598 4313 illum
646 4259 885 4313 locutum
937 4259 1105 4315 inisse
1143 4276 1240 4332 per
1285 4262 1751 4332 anticipationem,
1796 4264 2024 4336 figuram

441 4349 624 4422 poetis
663 4350 1009 4407 familiarem.
1047 4354 1244 4408 Dicunt
1290 4355 1455 4419 enim,
1493 4369 1683 4410 eorum
1708 4357 1800 4426 qni
1837 4357 1890 4411 id
1928 4374 2028 4412 ne-

439 4451 646 4513 garunt
674 4457 790 4496 aevo
828 4455 1021 4500 cervos
1063 4447 1243 4502 nullos
1283 4447 1552 4522 inﬁfrica
1590 4447 1783 4516 fuisse,
1814 4447 2027 4522 Virgilii

437 4540 628 4588 autem
659 4542 818 4588 aetate
849 4534 964 4604 jam
993 4537 1213 4592 aliunde
1245 4515 1501 4595 advectos
1528 4515 1828 4607 exstitisse,
1865 4515 2029 4596 adeo-

2138 2043 2350 2101 Ganeris
2379 2049 2572 2103 ceruini
2597 2049 2794 2118 femina
2817 2063 3073 2104 cornuum
3102 2051 3270 2118 inops,
3298 2048 3589 2120 mutitaque
3611 2057 3712 2110 est,

2135 2146 2190 2194 et
2227 2138 2301 2192 De
2327 2148 2468 2209 part.
2502 2143 2668 2196 anim.
2696 2142 2790 2197 lib.
2825 2158 2910 2204 ιιι,
2935 2157 3055 2212 cap.
3087 2142 3135 2206 l,
3163 2142 3497 2212 Quapropter
3519 2140 3576 2195 in
3600 2152 3718 2195 cere

2135 2248 2316 2285 verum
2352 2243 2554 2303 genere,
2583 2250 2704 2287 cum
2727 2234 2958 2288 maribus
2995 2251 3198 2290 cornua
3232 2235 3362 2299 sint,
3380 2233 3589 2303 feminis
3623 2231 3716 2286 de-

2132 2334 2292 2388 sunt;
2323 2337 2375 2380 et
2421 2326 2586 2397 hujus
2639 2327 2693 2381 in
2721 2328 2910 2383 eodem
2960 2329 3138 2398 capite
3185 2328 3451 2382 rationem
3506 2325 3713 2382 subdit.“

2133 2416 2323 2473 Pollux
2359 2417 2636 2476 Onomast.
2673 2422 2769 2476 lib.
2804 2438 2858 2486 ν,
2897 2423 3007 2475 τῶν
3047 2421 3264 2491 ἐλάφων
3301 2419 3516 2490 auspice
3544 2421 3577 2482 ἠ
3607 2416 3717 2471 iit-zi-h

2133 2509 2268 2563 λεια⁴
2313 2512 2341 2565 ὁ
2373 2511 2420 2566 δ’
2466 2513 2642 2585 ἆρρην
2679 2509 2996 2586 κεροφὸρος,
3045 2506 3078 2585 ἢ
3123 2514 3418 2586 κεράστης.
3475 2511 3582 2565 Alii
3631 2509 3715 2564 te.

2133 2601 2299 2658 minis
2353 2618 2560 2658 cornua
2621 2605 2937 2660 tribuerunt
2987 2623 3000 2659 ε
3053 2604 3324 2659 Pindarus
3385 2603 3595 2674 Olymp.
3655 2600 3712 2664 ὃ,

2131 2694 2476 2766 χρυσόκερων
2506 2696 2701 2765 ἔλαφον
2748 2695 2982 2768 θήλειαν.
3019 2696 3386 2751 Callimachus
3425 2695 3614 2767 bymn.
3657 2694 3714 2748 in

2133 2783 2358 2842 Dianam
2383 2802 2508 2841 cum
2544 2787 2614 2843 de
2645 2789 2826 2844 cervis
2861 2788 3080 2846 feminis
3115 2790 3453 2859 l0qucretur,
3477 2779 3716 2858 κεραίων

2129 2877 2174 2932 δ’
2202 2878 2557 2952 ἀπελάμπετο
2580 2877 2801 2954 χρυσός.
2826 2879 2930 2938 Ubi
2964 2881 3298 2939 Scholiastes
3322 2881 3425 2936 hoc
3453 2886 3713 2950 tanquam

2131 2984 2330 3024 novum
2370 2979 2562 3039 notat,
2626 2973 2948 3045 σημείωσαι,
3004 2973 3205 3044 inquit,
3251 2974 3333 3027 ὅτι
3365 2972 3465 3036 τὰς
3496 2971 3715 3043 θηλείας

2129 3057 2361 3128 ἐλάφους
2389 3061 2788 3136 κερατοφόρους
2814 3059 2956 3117 sine.
2999 3063 3139 3130 Quid
3191 3064 3280 3118 hic
3314 3063 3632 3118 adnotarem
3656 3061 3714 3116 iu

2130 3157 2282 3206 tanta
2315 3167 2503 3208 rerum
2542 3155 2796 3210 inscitia?
2835 3154 3092 3212 Solemne
3116 3155 3220 3210 hoc
3252 3154 3353 3209 fuit
3376 3155 3553 3226 poetis
3581 3170 3716 3210 con:

2129 3245 2311 3299 trarite
2359 3248 2645 3302 sententia:
2695 3248 3083 3314 assertoribus,
3131 3259 3367 3319 quorum
3419 3249 3714 3305 nonnullos

2126 3338 2435 3407 aggregavit
2455 3338 2726 3405 Elianus,
2750 3338 2830 3393 De
2855 3339 2981 3394 hist.
3014 3341 3178 3395 anim.
3208 3341 3302 3394 lib.
3330 3355 3429 3404 vn,
3459 3356 3583 3411 cap.
3617 3335 3710 3405 39.

2128 3423 2454 3494 Sephoclem
2485 3427 2696 3484 scilicet
2734 3428 2789 3483 in
2833 3428 3091 3493 Atoadis;
3118 3428 3434 3498 Euripidem
3481 3433 3535 3485 in
3563 3430 3714 3500 Iphi-

2126 3518 2277 3587 genia
2307 3527 2362 3573 et
2399 3512 3484 3588 Temenidis;Pindarum,Anacreontem
3505 3543 3520 3592 ;
3545 3532 3598 3580 et
3613 3522 3714 3579 Jua

2130 3610 2239 3666 lius
2287 3609 2553 3681 Scaliger,
2603 3612 2698 3667 lib.
2741 3627 2825 3677 ιιι,
2872 3613 3051 3680 Poet.,
3102 3630 3226 3686 cap.
3263 3615 3319 3681 4,
3370 3617 3564 3672 scribit
3610 3626 3710 3674 sua

2126 3707 2286 3756 aetate
2318 3701 2372 3756 in
2418 3698 2593 3759 Gallia
2622 3710 2836 3775 captam
2873 3703 3045 3761 fuisse
3083 3721 3303 3762 cervam
3349 3709 3704 3780 cornigeram

2127 3801 2184 3848 et
2226 3795 2346 3864 ejus
2377 3795 2542 3850 etiam
2574 3809 2740 3867 caput
2767 3799 2996 3853 servari.
3026 3796 3268 3856 Joannes
3294 3799 3554 3872 Laugius,
3582 3801 3713 3873 Epid

2127 3886 2251 3941 stat.
2277 3887 2605 3952 medicinaL,
2623 3904 2710 3959 ep.
2744 3889 2834 3953 70,
2861 3889 2957 3944 lib.
2982 3904 3022 3955 ι,
3038 3892 3309 3948 referente
3333 3891 3570 3948 Henrico
3592 3893 3715 3949 Sal-

2128 3977 2360 4041 mnthio,
2410 3980 2805 4035 commentario
2847 3982 2900 4035 in
2938 3981 3196 4038 Guidonis
3249 3983 3527 4040 Panciroti
3574 4000 3710 4042 nova

2129 4081 2317 4140 repert.
2347 4074 2430 4129 tit.
2474 4068 2563 4139 10,
2588 4074 2655 4130 de
2680 4075 2998 4146 horologiis,
3023 4078 3274 4133 scribunt
3304 4079 3358 4134 in
3383 4090 3540 4136 utero
3563 4086 3713 4139 cervi

2128 4164 2424 4234 cornigeri,
2458 4181 2622 4235 quam
2656 4165 2821 4223 Ottho
2867 4166 3153 4234 lienricus,
3203 4185 3388 4227 comes
3427 4172 3713 4232 Palatinus

2129 4267 2298 4328 prope
2361 4255 2673 4329 Odewangh
2739 4269 2978 4329 ceperat,
3032 4269 3305 4332 repertum
3346 4263 3538 4332 fuisse,
3583 4266 3713 4323 dum

2128 4350 2527 4405 evisceraretur
2545 4351 2831 4406 hinnulum
2851 4353 3244 4410 membranulis
3257 4357 3711 4428 circumseptum,

2129 4446 2184 4494 et
2205 4439 2422 4510 quidem
2450 4456 2644 4497 cervos
2679 4439 2946 4512 quosdam
2983 4459 3150 4501 sexus
3177 4456 3432 4503 naturam
3472 4454 3711 4517 variare,

2133 4530 2260 4586 inde
2284 4533 2513 4604 colligit,
2549 4535 2694 4604 quod
2720 4537 3068 4593 observatam
3089 4539 3366 4594 sitcervas
3384 4541 3715 4614 quandoque

437 4641 555 4697 que
581 4635 793 4695 poetam
834 4641 896 4681 ea
930 4627 1007 4680 uti
1044 4629 1284 4684 voluisse
1312 4632 1504 4700 figura,
1535 4647 1656 4701 quae
1687 4630 1875 4688 Grece
1897 4633 2028 4687 dici.
2063 4643 2107 4702 ι)
2133 4639 2362 4688 cornua,
2395 4636 2514 4695 quas
2542 4628 2720 4682 virilia
2769 4640 3052 4686 cervorum
3085 4644 3235 4686 arma
3279 4643 3427 4697 sunt,
3473 4643 3710 4706 gestare.

437 4726 539 4773 tur
576 4717 864 4790 πρόληψις.
901 4718 1056 4784 Quod
1090 4721 1443 4790 probabiliter
1466 4723 1573 4777 dici
1613 4723 1888 4778 videbitur
1908 4722 2034 4777 Car:

439 4811 664 4883 pathios
708 4811 939 4879 lepores,
964 4825 1178 4865 necnon
1205 4821 1262 4866 et
1289 4811 1504 4868 Siculos
1527 4813 2028 4877 considerantibus,

440 4902 535 4972 qui
570 4914 696 4954 cum
728 4914 838 4954 non
863 4904 1049 4954 essent
1081 4901 1457 4970 importati,ad
1482 4898 1762 4958 fastidium
1786 4913 2032 4975 usqueet

441 5007 643 5046 noxam
678 4993 1044 5048 increverunt.
1075 4991 1236 5048 Levis
1265 5000 1448 5049 tamen
1481 5004 1568 5050 est
1597 4997 1690 5050 illa
1730 4997 2030 5052 vindicatio

445 5084 490 5134 si
537 5099 724 5138 verum
765 5084 922 5138 fateri
977 5084 1251 5139 volumus.
1301 5084 1437 5139 Cum
1498 5085 1732 5150 Plinius,
1793 5086 2025 5153 Seneca,

447 5169 665 5239 Strabo,
702 5174 980 5235 Lucanus,
1012 5174 1337 5245 Antigonus,
1371 5175 1670 5248 Virgiliano
1694 5194 1809 5234 sevo
1842 5195 2024 5249 pares.

449 5274 512 5318 ut
554 5265 626 5320 ita
669 5269 870 5334 dicam,
908 5271 990 5324 vel
1035 5269 1344 5336 inferiores,
1379 5269 1432 5324 id
1475 5285 1585 5324 non
1628 5273 2027 5328 animadverte-

349 5409 359 5420 ,
447 5365 599 5421 runt,
629 5361 721 5429 qui
748 5377 940 5417 omnes
967 5362 1289 5423 oscitantite,
1324 5370 1384 5416 ut
1419 5378 1561 5417 unus
1592 5357 1852 5434 Virgilius
1876 5365 2026 5432 judic-

443 5455 621 5512 cetur,
645 5449 1000 5520 redarguendi
1025 5458 1175 5507 sunt.
1195 5452 1310 5504 Alia
1330 5452 1493 5522 igitur
1514 5452 1814 5508 vindicatio
1837 5461 2024 5523 peten-

441 5540 535 5600 da,
570 5540 846 5595 Aristotcl.
878 5543 974 5598 lib.
1006 5559 1069 5605 ιι,
1106 5557 1229 5613 cap.
1266 5543 1355 5606 15,
1389 5550 1549 5613 negat
1580 5544 1646 5598 fel
1675 5545 1730 5598 in
1762 5559 1925 5599 cervo
1967 5552 2022 5600 et

439 5630 625 5697 dama,
655 5633 798 5688 sicut
825 5645 880 5688 et
911 5636 1035 5690 aliis
1063 5636 1390 5706 quibusdam
1421 5636 1770 5699 animalibus,
1803 5644 1857 5692 et
1885 5637 2019 5692 sub-

438 5723 522 5778 dit
549 5743 565 5780 :
595 5726 786 5783 Cervis
815 5725 1074 5784 Achainis
1102 5729 1426 5798 cognomine
1454 5729 1722 5784 contineri
1762 5731 1814 5782 in
1845 5730 2018 5785 cauda

2134 4713 2294 4780 Quali
2329 4717 2575 4770 marchio
2605 4719 2826 4788 quidam
2860 4713 3124 4777 Badensis
3161 4731 3318 4792 capta
3349 4719 3470 4793 ejus
3507 4738 3714 4782 cornua

2135 4804 2248 4876 regi
2283 4800 2560 4861 Gallorum
2604 4809 2750 4863 dono
2786 4811 3030 4876 miserat,
3071 4827 3192 4883 qua:
3223 4813 3446 4868 Ambasi
3476 4814 3532 4869 in
3563 4816 3716 4886 regio

2134 4897 2295 4950 horto
2335 4912 2501 4967 prope
2522 4899 2749 4966 janunm
2784 4901 3103 4958 interiorem
3142 4905 3330 4974 parieti
3364 4905 3549 4970 afﬁxa,
3583 4908 3718 4964 sub-

2133 4989 2356 5058 scriptis
2395 4990 2452 5043 in
2489 4991 2689 5046 tabella
2727 4993 2986 5060 testibus,
3014 4995 3107 5064 qui
3139 4998 3416 5052 venationi
3449 4997 3716 5054 interfusa

2133 5088 2282 5144 rant,
2315 5081 2616 5136 etiamnum
2641 5085 2812 5138 cerni.
2842 5085 3022 5152 Quare
3047 5084 3386 5144 Saltnuthius
3409 5089 3618 5161 colligit
3648 5097 3716 5145 ex

2129 5172 2223 5226 illa
2269 5188 2537 5227 cornuum
2595 5176 2900 5245 gestatione
2950 5193 3116 5233 sexus
3173 5181 3526 5235 mutationem
3579 5181 3716 5238 satis

2131 5281 2241 5319 non
2271 5267 2515 5336 probari.
2543 5267 2888 5333 Aristoteles,
2925 5271 3019 5326 lib.
3057 5286 3132 5336 ιιι,
3168 5273 3337 5342 capit.
3372 5272 3586 5338 ultimo,
3617 5275 3714 5338 ait,

2128 5359 2325 5422 cervis,
2369 5359 2414 5414 si
2443 5359 2660 5429 quidem
2689 5360 2930 5414 nondum
2987 5363 3204 5416 cornuti
3247 5363 3550 5429 evirentur,
3605 5379 3718 5419 non

2127 5465 2377 5506 crescere
2411 5463 2653 5517 cornua;
2690 5453 2776 5506 sin
2823 5460 3005 5506 autem
3044 5453 3156 5522 jam
3189 5455 3406 5509 cornuti
3457 5469 3718 5510 exsecen-

2125 5550 2234 5606 tur,
2291 5556 2515 5600 manere
2567 5545 2658 5598 illa
2715 5559 2936 5615 semper
2989 5543 3239 5615 ejusdem
3297 5546 3717 5618 magnitudinis.

2123 5635 2274 5692 Cervi
2307 5638 2354 5690 si
2385 5648 2505 5690 cum
2562 5653 2655 5707 per
2705 5647 2917 5693 wtatem
2969 5639 3205 5693 nondum
3253 5652 3456 5694 cornua
3507 5651 3719 5712 gerunt,

2125 5740 2451 5794 castrentur,
2477 5747 2583 5785 non
2603 5731 2764 5786 edunt
2795 5747 2999 5787 cornua
3028 5748 3046 5786 :
3072 5731 3163 5786 sed
3203 5733 3250 5787 si
3287 5735 3548 5805 cornigeri
3577 5735 3721 5788 excid

438 5817 714 5884 creditur;
751 5825 808 5874 et
865 5819 960 5875 lib.
1007 5835 1084 5884 iv,
1133 5819 1211 5876 De
1256 5831 1399 5891 part.
1436 5820 1688 5886 animai.,
1738 5821 1905 5892 capit.
1955 5825 2012 5888 2,
2118 5823 2320 5877 duntur
2360 5838 2465 5877 non
2493 5823 2742 5878 decidunt
2780 5839 3004 5890 cornua,
3044 5833 3096 5878 et
3135 5816 3743 5897 magnitudineeadem‘

441 5907 701 5977 Quasdam
729 5911 850 5982 felle
880 5913 1092 5968 omnino
1137 5924 1339 5981 carent,
1371 5923 1429 5968 tu
1454 5925 1639 5984 equus,
1674 5913 1870 5980 mutus,
1904 5914 2014 5970 asi-

2120 5923 2424 5972 serwmtur.
2456 5911 2700 5984 Plinius,
2737 5913 2859 5970 Non
2900 5914 3150 5971 decidunt
3207 5917 3460 5972 castratis
3495 5928 3718 5978 cornua,
