4124 6416
451 439 558 498 οιδ
1821 444 2076 502 LEONIS
2105 447 2382 503 ALLATll
3597 459 3701 516 9H

450 569 544 608 nec
571 563 876 608 nascuntur.
901 553 1050 610 Idem
1071 554 1315 611 sentiunt
1360 554 1582 613 Solinus
1607 563 1659 611 et
1682 554 2018 630 Porphyrius
2047 569 2090 624 Α
2117 561 2348 616 deantur
2372 562 2683 620 convenire.
2717 561 2808 620 Sic
2833 563 2996 622 etiam
3027 566 3324 640 Xenophon
3353 571 3409 628 in
3437 576 3700 646 Κυνηγε-

449 646 586 714 Περὶ
610 644 845 716 ἀπογῆς
871 647 1171 716 ἐμψόγων.
1195 646 1474 718 Oppianus
1503 657 1684 704 tamen
1704 651 1927 720 Κυνηγ.

2121 654 2284 719 τικῷ,
2310 663 2364 710 et
2393 654 2671 726 Oppianus
2697 663 2922 730 Κυνηγ.
2957 676 3016 726 ιι,
3048 663 3142 732 qui
3169 663 3238 718 de
3280 664 3366 721 his
3394 644 3690 737 separatim

448 738 783 792 contrarium
811 739 1062 793 cecinit:
2121 753 2307 816 agunt.
2358 745 2637 817 Oppianus
2682 752 2826 806 enim
2879 753 3004 808 loco
3055 755 3111 810 d.
3145 757 3214 810 ad
3267 756 3477 813 Musam
3531 778 3693 817 suum

444 851 739 921 Κεύθουσι
775 853 1102 921 λαγόν-εσσε
1130 851 1181 904 δ’
1223 852 1325 906 ὑπ’
1357 851 1549 920 αὐτὴν
1579 851 1777 906 ἔνδοθι
1820 853 1950 921 νηδι

2120 845 2444 895 convertens
2497 857 2834 910 sermonem,
2895 847 2972 900 ait
3032 862 3093 903 se
3155 847 3248 903 diu
3295 851 3440 906 nolle
3488 855 3692 908 morari

457 920 1124 1012 Ἁμεξιδύιέςιξςὸλὲὶοὺς,
1165 923 1306 1012 τοίἱς
1349 925 1398 974 εὶ
1573 939 1662 1008 τες
1699 923 1950 990 ἀμηήσειε

2119 929 2266 985 circa
2300 945 2492 1000 parva,
2526 934 2621 989 sed
2659 937 2858 993 missas
2893 938 3073 994 facere
3104 941 3310 998 bestias
3338 944 3607 1012 imbelles,
3636 958 3691 1002 et

440 991 666 1044 Αὐτίκα
705 991 903 1060 θῆλυν
935 991 1133 1058 ἔθηκε,
1163 993 1403 1060 πρόπαν
1427 991 1480 1044 δ’
1511 991 1950 1107 ἁπέρευση

2116 1021 2384 1087 infelices,
2417 1024 2494 1078 uti
2524 1027 2840 1094 pantheras,
2879 1033 3165 1101 mustelas,
3199 1035 3394 1105 glires;
3424 1044 3478 1092 et
3499 991 3687 1107 postea

449 1126 770 1199 Ὀξύκομον
809 1129 1034 1198 κεράων
1065 1128 1518 1184 πολυδαίδαλον
1567 1131 1778 1184 αἰόλον
1798 1061 1945 1200 [tisi-2

2116 1061 2384 1087 ...ιω-νυν,
2419 1061 2494 1078 ιη-
2524 1061 2745 1094 Paul-uc]
2759 1061 2840 1094 an,
2879 1061 3165 1101 muatctaa,
3199 1061 3394 1105 “ures;
3424 1061 3478 1092 cl
3499 1061 3684 1107 μυδωῖ

2115 1115 2214 1170 lib.
2248 1133 2331 1184 Ill,
2374 1129 2599 1188 peracto
2636 1137 2890 1180 sermone
2939 1127 3008 1182 de
3053 1128 3328 1193 leonibus,
3376 1132 3684 1201 pardalium

505 1239 662 1307 lbid.,
696 1240 792 1294 lin.
823 1239 912 1294 2!.
950 1238 1010 1292 Ἡ
1032 1238 1099 1291 δὲ
1121 1239 1220 1303 αἲξ
1246 1239 1282 1307 ἠ
1309 1239 1842 1308 ἁγρία.Αι’ῑδιοιθιοε
1869 1245 1950 1311 He

2112 1225 2306 1282 genus,
2357 1213 2435 1266 uti
2473 1221 2529 1268 et
2572 1215 2792 1280 robore,
2831 1225 2886 1272 et
2921 1219 3349 1289 pulchritudine,
3391 1232 3448 1279 et
3485 1241 3684 1294 genere

433 1299 777 1402 θαυμαονίων
811 1299 1212 1399 ἀκουσμὰτίιηἑ
1234 1299 1288 1385 et
1322 1299 1416 1385 lib.
1452 1331 1530 1386 De
1560 1333 1684 1387 hist.
1705 1335 1892 1398 anim.,

2110 1299 2291 1355 nobile
2315 1300 2518 1356 subdit.
2547 1301 2692 1359 Satis
2726 1305 2898 1376 liquet
2932 1325 3063 1380 ergo
3092 1311 3397 1382 Oppianum
3430 1315 3578 1371 aliud
3624 1324 3683 1372 et

430 1440 552 1496 cap.
582 1425 650 1490 6;
679 1423 1000 1494 Antigonus,
1031 1422 1261 1486 Plinius,
1298 1422 1388 1476 lib.
1420 1439 1545 1486 xxv,
1574 1439 1694 1495 cap.
1730 1425 2004 1482 8:Dicta-
2107 1422 3422 1509 ξῗξὶτξῗιιξῖ¹¹ῗξ¹ι¹ξξειθξ--γῆιξηηξηδω-θιιειιῐξ

429 1482 570 1571 mum
596 1482 881 1580 emendare,
905 1526 963 1569 ut
987 1482 1329 1569 indicavimus
1353 1482 1856 1586 vulnerata-postca,
1887 1529 2002 1573 sta-
2107 1482 2300 1586 horum
2334 1485 2530 1586 T'W'e"
2574 1489 2767 1586 snitu“
2803 1506 2994 1560 genus'
3039 1493 3296 1560 Quadam
3335 1497 3480 1552 enim
3515 1513 3676 1574 aspe'

425 1611 520 1664 tim
549 1579 905 1664 decidentibus
947 1607 1084 1662 telis.
1117 1605 1479 1676 Theophrast.
1534 1607 1608 1662 De
1647 1579 1774 1663 Iiist.
1823 1579 1992 1678 plant.
2240 1579 2496 1689 wijoresf
2541 1591 2596 1689 cf
2636 1584 2806 1689 dor“?
2830 1587 3127 1689 ampliores
3155 1590 3460 1689 suntﬁalia
3496 1591 3674 1689 "lino'

423 1703 518 1758 lib.
547 1718 622 1766 Ix,
654 1717 774 1772 cap.
815 1702 904 1766 16,
945 1699 1166 1770 mnes;
1189 1699 1244 1752 δέ
1270 1672 1437 1769 ιρασιν
1476 1695 1613 1753 εἶναι
1642 1701 1736 1755 καὶ
1766 1672 1834 1755 ἰιὸ⁷
1869 1720 1950 1774 πει

2101 1685 2212 1734 res,
2241 1672 2336 1727 sed
2361 1675 2478 1744 pari
2503 1676 2720 1744 robore,
2754 1678 2918 1733 simili
2947 1678 3142 1743 forma,
3173 1696 3284 1736 non
3311 1682 3671 1754 inaequalibus

2107 1392 2258 1446 aliud
2301 1407 2425 1448 esse
2459 1395 2722 1464 pardalim
2765 1407 2818 1452 et
2866 1402 3188 1469 pantheram
3221 1406 3585 1472 existimasse.
3623 1417 3678 1465 et

419 1792 527 1846 τῶν
566 1789 758 1862 βελῶν,
804 1791 884 1844 ὅτι
919 1788 1219 1859 φαγούσας,
1261 1788 1388 1840 ὅταν
1418 1786 1760 1854 τοξευθῶσιν,
1806 1789 1996 1843 ἐκϐάλ-

418 1883 550 1938 λειν.
581 1882 860 1953 Virgilius,
894 1882 986 1936 lib.
1023 1896 1096 1934 xtl
1128 1879 1349 1934 zEncid.

487 1974 647 2040 lbid.,
676 1975 771 2029 lin.
811 1973 901 2029 ‘22.
937 1973 1006 2026 Τὸ
1045 1974 1423 2042 καλούμενον
1457 1973 1767 2045 ὄίκταμον.
1801 1973 1990 2030 Δίκτον

415 2070 629 2125 vocavit
667 2068 960 2123 Nicander.
1004 2066 1179 2122 Cretae
1227 2067 1507 2137 proprium
1556 2075 1669 2131 est,
1719 2085 1820 2123 nec
1860 2070 1989 2124 alibi

413 2163 680 2227 nascitur,
725 2170 781 2218 et
813 2161 890 2216 ibi
931 2177 1038 2215 non
1071 2163 1330 2231 spatiose.
1367 2161 1447 2216 Ad
1485 2162 1642 2232 plura
1683 2163 1988 2219 conducere

411 2255 578 2309 tradit
611 2251 1026 2324 Theophrastus
1071 2250 1150 2305 De
1181 2252 1304 2306 hist.
1349 2252 1521 2320 plant.
1564 2253 1657 2308 lib.
1700 2269 1827 2320 xxv,
1861 2271 1982 2323 cap.

2099 1765 2352 1829 maculis,
2389 1781 2489 1822 nec
2533 1769 2782 1838 corporis
2827 1769 3196 1836 lineamentis,
3223 1775 3271 1829 si
3312 1775 3540 1832 caudam
3570 1777 3668 1832 de-

2097 1853 2352 1920 traxeris,
2395 1871 2518 1925 quae
2558 1858 2872 1916 minoribus
2899 1859 3092 1931 major,
3127 1872 3182 1919 et
3216 1869 3396 1920 minor
3439 1866 3666 1937 majori-

2025 1931 2065 1983 Β
2093 1941 2196 1998 bus
2222 1951 2332 1998 est.

2090 2053 2497 2133 ζζορράοζιεςδ
2531 2058 2720 2133 ὀμφαὶ,
2747 2060 3000 2133 δίδυμον
3026 2061 3218 2132 γένος.
3252 2066 3314 2117 al
3341 2064 3458 2133 μὲν
3483 2065 3664 2119 ἔασιν

2088 2125 2511 2200 ΜείζονέςΑε-Ζσι
2528 2129 2732 2200 μδέειν,
2767 2133 2865 2186 καὶ
2880 2125 3214 2199 aduocarqu
3254 2125 3429 2200 εἰρἐιι
3466 2135 3622 2189 νῶτα
3637 2152 3651 2166 ⁸

2207 2195 2260 2248 δ’
2300 2197 2382 2250 ἐτ’
2418 2198 2737 2269 ὀλιζότεραι
2779 2202 2922 2271 μὲν,
2971 2202 3118 2271 ἀτὰρ
3148 2195 3356 2345 primo?
3381 2207 3508 2327 οιὲτι
3558 2223 3657 2275 χε-

2300 2334 2342 2345 -.
2388 2337 2402 2345 ι
2579 2339 2593 2345 _
2848 2344 2854 2345 γ
2950 2342 2958 2345 Α
3053 2342 3065 2345 Α
3202 2343 3210 2345 _
3356 2293 3426 2342 pe
3454 2294 3580 2341 ους.

407 2346 464 2410 8,
493 2346 722 2416 ejusque
751 2353 862 2399 tres
892 2343 1102 2413 species
1133 2343 1275 2397 inter
1310 2359 1368 2398 se
1405 2343 1698 2400 distinctas
1726 2345 1874 2400 facit.
1905 2345 1946 2400 E

2083 2333 2264 2420 Eldsa
2290 2334 2342 2388 δ’
2369 2337 2790 2420 ᾀμςροτεξρᾳσιν
2814 2342 3020 2420 τα
3039 2333 3493 2420 δαιδάλλοὶῖτᾳι,

403 2452 514 2508 quo
542 2451 642 2492 sua
671 2435 860 2490 habuit
889 2434 1119 2493 Plinius:
1149 2433 1556 2505 Theophrastus
1585 2437 1750 2505 enim,
1791 2437 1981 2510 Χρῶν-

401 2545 494 2581 ται
523 2527 581 2580 δὲ
610 2529 721 2590 τοῖς
747 2526 986 2596 φύλλοις,
1009 2527 1069 2579 οὐ
1097 2529 1211 2591 τοῖς
1242 2527 1462 2589 κλωσὶν,
1489 2528 1610 2581 οὐδὲ
1643 2528 1720 2600 τῷ
1762 2529 1975 2601 καρπῷ,

401 2619 456 2673 id
485 2626 590 2686 est,
625 2635 759 2674 usus
808 2618 1084 2684 foliorum,
1119 2634 1229 2673 non
1276 2634 1574 2683 ramorum,
1621 2636 1721 2676 nec
1769 2622 1978 2677 fructus

397 2720 503 2768 est.
533 2709 740 2767 Plinius
781 2711 877 2776 ita,
913 2709 1084 2766 Foliis
1121 2721 1326 2765 tantum
1367 2722 1608 2766 utuntur.
1641 2711 1770 2768 Flos
1799 2715 1976 2770 nullus

396 2805 466 2871 ei,
491 2813 583 2857 aut
609 2820 804 2868 semen,
833 2813 924 2857 aut
944 2804 1136 2858 caulis.
1169 2804 1228 2858 Si
1260 2804 1498 2857 dictamo
1532 2819 1639 2858 non
1666 2814 1752 2861 est
1799 2822 1974 2877 neque

397 2895 592 2959 caulis,
633 2911 807 2966 neque
849 2911 1057 2958 semen,
1093 2911 1222 2966 ergo
1260 2897 1340 2950 vel
1381 2895 1535 2951 inviti
1577 2897 1723 2954 foliis
1767 2901 1843 2954 uti
1878 2901 1974 2955 de-

397 2988 542 3043 bent.
577 2988 646 3042 At
676 2993 863 3059 utique
901 2997 954 3042 et
983 2987 1159 3053 ﬂoret,
1192 2996 1245 3044 et
1285 2989 1521 3043 fructum
1561 2991 1716 3046 δήϊοι-ι
1757 3010 1823 3047 ex
1866 2993 1970 3048 hoc

395 3080 758 3151 Theophrasti
794 3085 935 3144 loco,
971 3089 1024 3137 et
1070 3081 1404 3137 Dioscorialis
1453 3089 1660 3137 tentata
1707 3084 1964 3152 leclione,

391 3172 514 3228 οὔτε
546 3173 722 3239 ἄνθος,
762 3173 884 3228 οὔτε
926 3174 1136 3245 καρπὸς
1172 3174 1462 3246 συμφέρει,
1503 3183 1557 3230 et
1601 3173 1819 3249 Virgilii
1865 3178 1960 3234 lib.

391 3283 466 3321 xu
493 3265 732 3333 Αῑηεξιι..
764 3283 906 3326 vers.
935 3267 1043 3322 412
1070 3285 1083 3322 :

527 3379 867 3454 pictamnum
901 3380 1369 3454 genitricCreta'a
1413 3383 1587 3454 carpit
1617 3387 1682 3438 ab
1717 3383 1821 3439 Ida

523 3450 816 3504 Pubcribus
848 3450 1048 3506 caulem
1080 3453 1247 3520 foliis,
1275 3465 1325 3506 et
1357 3455 1486 3522 ﬂore
1511 3450 1818 3509 comantem

523 3522 818 3594 Purpureo,
849 3538 952 3575 non
980 3524 1078 3576 illa
1111 3523 1236 3592 feris
1271 3524 1536 3594 incognita
1571 3529 1746 3593 capris

522 3588 799 3657 Gramina,
825 3609 942 3646 cum
971 3588 1119 3662 tergo
1143 3588 1599 3650 uolucres'hiesere
1615 3588 1848 3666 sagittae.

385 3699 525 3771 Ergo
556 3707 639 3757 est
671 3710 726 3755 ot
753 3702 946 3766 caulis,
985 3711 1038 3755 ct
1067 3699 1186 3767 ﬂos,
1214 3713 1266 3757 et
1290 3717 1498 3768 semen,
1535 3701 1699 3768 Plini,
1743 3704 1859 3758 ἀλλ’
1891 3705 1952 3759 οὐ

382 3792 670 3865 συμφέρει,
703 3800 756 3848 et
779 3793 902 3849 ideo
936 3793 1106 3848 Foliis
1139 3805 1343 3849 tantum
1373 3805 1613 3863 utuntur,
1650 3804 1712 3852 ut
1749 3797 1954 3869 optime

378 3895 644 3940 vcrteras.

450 3978 612 4043 lbid.,
641 3979 735 4034 lin.
763 3977 854 4034 24.
883 3983 953 4036 Al
983 3980 1050 4035 δὲ
1085 3982 1428 4051 παρδάλεις.
1472 3983 1736 4054 Superius
1759 3999 1947 4041 eorum

375 4070 660 4140 opiniones
687 4073 996 4139 retulimus,
1031 4076 1125 4145 qui
1160 4092 1325 4130 unum
1356 4086 1410 4132 et
1441 4076 1584 4133 idem
1616 4078 1819 4132 animal
1850 4096 1949 4150 pu-

375 4170 558 4217 tarunt
584 4178 706 4219 esse
731 4166 1019 4235 pardalim,
1051 4175 1105 4222 et
1137 4169 1456 4239 pantheram
1507 4179 1561 4226 et
1589 4187 1825 4240 quanam
1859 4187 1947 4226 ra-

374 4256 520 4310 tione
551 4255 905 4327 distinguant.
941 4257 999 4312 ln
1027 4275 1137 4330 qua
1166 4275 1232 4317 re
1257 4276 1390 4316 sane
1433 4261 1652 4318 facilius
1689 4272 1774 4318 est
1797 4264 1943 4333 quod

369 4347 460 4402 alii
494 4348 749 4404 dixerunt
777 4364 1040 4420 pugnare,
1064 4368 1228 4422 quam
1263 4354 1395 4423 quid
1435 4355 1569 4410 certi
1610 4355 1666 4410 in
1699 4356 1940 4411 medium

368 4441 581 4505 afferre,
611 4443 754 4512 quod
787 4444 878 4498 alii
912 4460 1020 4497 non
1060 4445 1398 4516 impugnent.
1430 4447 1642 4503 Etenim
1674 4450 1720 4504 si
1750 4449 1936 4514 Plinii,

366 4531 726 4604 Theophrasti
790 4541 846 4587 et
897 4534 1204 4591 Aristotelis
1261 4537 1510 4604 vestigiis
1571 4539 1937 4594 insistendum

2081 2405 2277 2484 ρίόο-φι
2301 2405 2496 2484 primo
2527 2405 2734 2484 οῇρῆς,
2765 2410 2838 2484 τῇ
2855 2405 2914 2464 ’τ’
2935 2412 3196 2484 ἔμπαλιν
3218 2405 3582 2484 εἰσοράαὲαι.

2079 2475 2292 2530 Malam
2312 2476 2430 2545 μὲν
2449 2475 2663 2546 μείζων
2681 2475 2923 2540 τελέθει.
2943 2475 3242 2553 [terrunci
3275 2475 3575 2555 δὲ’μείων-

2150 2582 2286 2642 Ibid.
2319 2587 2530 2656 Σαφῶς
2567 2589 2680 2658 γὰρ
2707 2590 2939 2647 εἰδυῖαι.
2983 2591 3190 2650 Czctera
3235 2596 3490 2650 anima-lia
3525 2615 3647 2668 par-

2075 2673 2278 2731 dalium
2303 2678 2493 2742 odore,
2525 2682 2693 2736 veluti
2717 2681 2970 2738 illecebra
2996 2686 3138 2738 trahi
3162 2688 3346 2740 retulit
3370 2687 3646 2756 Elianus,

2075 2767 2170 2822 lib.
2195 2785 2228 2823 ν
2277 2769 2354 2824 De
2375 2770 2500 2825 hist.
2539 2773 2786 2839 animal.,
2813 2791 2932 2845 cap.
2969 2777 3068 2831 4οε
3097 2779 3334 2844 Εὑωδίας
3362 2783 3505 2846 τινὸς
3527 2784 3651 2837 θαυ-

2075 2862 2284 2930 μαστῆς
2313 2862 2409 2933 τὴν
2440 2863 2703 2935 πάρδαλιν
2753 2869 3128 2939 μετειληχέναι
3170 2872 3333 2944 φησὶν
3371 2876 3502 2946 ἡμῖν
3545 2879 3648 2946 μὲν

2071 2951 2382 3023 ἀπορρήτου
2403 2971 2418 2985 ·
2446 2956 2585 3027 αὑτὴ
2613 2957 2668 3010 δὲ
2693 2957 2801 3010 οἶδε
2831 2960 2892 3012 τὸ
2933 2961 3309 3034 πλεονέκτημα
3340 2966 3400 3018 τὸ
3424 2969 3641 3032 εικοίον,

2069 3044 2163 3096 καὶ
2211 3045 2397 3113 μέντοι
2429 3047 2523 3100 καὶ
2557 3049 2626 3103 τὰ
2653 3048 2787 3104 ἄλλα
2814 3050 2930 3115 ζῶα
2962 3055 3343 3110 συνεπίσταται
3386 3059 3541 3112 τοῦτο
3572 3065 3640 3132 τῇ

2067 3135 2349 3206 παρδάλει,
2380 3139 2474 3192 καὶ
2510 3139 2790 3196 ἁλίσκεται
2827 3143 3016 3199 τοῦτον
3043 3145 3134 3201 τὸν
3165 3149 3394 3220 τρόπον.
3425 3152 3643 3224 Ἐκείνη

1990 3273 2036 3333 c
2067 3229 2101 3298 ἡ
2136 3229 2417 3300 πάρδαλις,
2458 3234 2662 3305 τροφῆς
2701 3235 2948 3308 δεομένη.
2997 3239 3192 3312 ἑαυτὴν
3223 3243 3640 3316 ὑπαποκρύπτει

2067 3319 2100 3389 ἢ
2131 3319 2303 3393 λόχμῃ
2337 3323 2503 3395 πολλῇ
2533 3324 2564 3395 ἢ
2599 3326 2825 3396 φυλλάδι
2864 3329 3074 3402 βαθείᾳ,
3106 3333 3199 3386 καὶ
3222 3335 3460 3405 ὲντυχεὶιθ
3488 3340 3640 3394 ἐστιν

2065 3408 2299 3494 ἀφανὴς,
2342 3413 2500 3483 μόνον
2532 3413 2590 3468 δὲ
2637 3416 2887 3473 ἀναπνεῖ.
2938 3419 3144 3475 Οὐκοῦν
3191 3424 3238 3476 οἱ
3292 3424 3497 3496 νεϐροὶ,
3542 3429 3639 3482 καὶ

2061 3497 2319 3570 δορκάδες
2357 3503 2450 3555 καὶ
2475 3498 2631 3572 αἶγες
2658 3507 2714 3558 αἱ
2756 3508 2968 3578 ἄγριαι,
3013 3511 3108 3564 καὶ
3150 3511 3220 3564 τὰ
3262 3514 3483 3568 τοιαῦτα
3525 3517 3637 3570 τῶν

2061 3589 2237 3659 ζώων,
2273 3594 2349 3657 ὡς
2385 3596 2492 3649 ὑπό
2530 3615 2672 3661 τινος
2712 3599 2896 3668 ἴυγγος
2922 3602 3018 3673 τῆς
3048 3603 3274 3668 εὐωδίας
3297 3605 3512 3660 ἕλκεται
3540 3609 3635 3662 καὶ

2059 3684 2265 3753 γίνεται
2303 3686 2558 3759 πλησίονο
2592 3693 2626 3762 ἡ
2665 3692 2723 3744 δὲ
2749 3694 2979 3764 ἐκπηδᾷ,
3010 3696 3103 3749 καὶ
3137 3696 3248 3768 ἔχει
3293 3699 3354 3751 τὸ
3383 3701 3630 3771 θήραμα.

2056 3776 2293 3835 Consule
2317 3779 2668 3838 Plutarchum
2699 3783 2775 3839 De
2805 3787 3119 3841 animalium
3141 3791 3358 3844 solertia
3376 3810 3396 3854 ,“
3423 3791 3634 3846 Aristo-

2056 3872 2238 3938 telem,
2266 3873 2346 3929 De
2369 3875 2556 3930 Itistor.
2581 3879 2800 3934 animal.
2827 3881 2923 3936 lib.
2956 3897 3030 3948 Ix,
3060 3897 3180 3952 cap.
3215 3884 3281 3950 6;
3317 3882 3631 3954 Theophra-

2055 3973 2226 4034 stum,
2251 3967 2329 4022 De
2358 3971 2537 4024 causis
2565 3972 2735 4039 plant.
2765 3973 2863 4028 lib.
2895 3990 2968 4037 v1,
2995 3989 3116 4044 cap.
3142 3975 3196 4039 5,
3219 3975 3313 4044 qui
3343 3977 3468 4031 talis
3497 3977 3629 4030 odo-

2051 4059 2132 4115 ris
2163 4076 2387 4117 causam
2410 4065 2640 4121 reddere
2654 4074 2945 4122 conantur.
2968 4067 3288 4124 Aristoteles
3309 4071 3626 4138 graveolen-

2051 4153 2185 4213 tiam
2227 4156 2292 4210 ad
2352 4158 2672 4214 cruditatem
2725 4161 3016 4230 quamdam
3067 4161 3233 4216 refert
3269 4163 3622 4226 excrementi,

2049 4263 2170 4316 qua;
2198 4258 2253 4303 et
2279 4249 2418 4305 vivis
2448 4266 2614 4307 causa
2646 4251 2775 4307 laedi
2803 4253 3006 4307 halitus
3026 4261 3132 4316 est,
3159 4261 3212 4309 et
3241 4255 3470 4309 mortuis
3494 4270 3620 4308 cum

2047 4345 2352 4412 putrescit:
2384 4353 2438 4400 et
2487 4346 2608 4401 ideo
2640 4347 2860 4417 pingue,
2907 4362 2992 4410 os,
3025 4349 3169 4418 pilus
3217 4349 3422 4404 foedum
3472 4366 3619 4406 nun-

2045 4451 2208 4504 quam
2231 4438 2469 4492 reddunt
2495 4438 2741 4507 odorem,
2769 4439 2897 4510 quia
2928 4441 3128 4512 pingue
3156 4452 3477 4498 concoctum
3513 4451 3617 4506 est,

2044 4541 2170 4582 ossa
2203 4536 2257 4582 et
2293 4529 2383 4597 pili
2417 4529 2646 4591 humore
2693 4539 2910 4585 vacant.
2957 4531 3142 4588 Genus
3176 4542 3355 4589 autem
3405 4535 3618 4604 planta-

361 4629 464 4686 ρει,
501 4622 747 4690 ejusdem
791 4627 1006 4694 generis
1049 4627 1305 4680 animalia
1346 4643 1468 4684 esse
1519 4644 1628 4684 non
1677 4631 1943 4686 inllciabi-

2053 4633 2164 4671 rum
2195 4619 2404 4672 nullum
2441 4619 2584 4672 intra
2615 4635 2675 4676 se
2703 4623 2980 4677 contrahit
3010 4635 3441 4687 excrementum.
3472 4636 3523 4681 et
3567 4627 3615 4681 si

361 4727 500 4767 mur.
528 4711 938 4784 Theophrastus
960 4717 1127 4780 enim,
1156 4718 1231 4772 De
1259 4721 1434 4773 causis
1471 4719 1709 4788 plantar.
1738 4723 1831 4776 lib.
1861 4740 1935 4789 vr,

358 4820 482 4874 cap.
535 4806 626 4869 26,
672 4809 879 4862 nullum
927 4811 1130 4863 animal
1178 4811 1252 4864 ait
1301 4825 1426 4865 esse
1469 4811 1778 4876 odoratum,
1831 4817 1935 4872 nisi

358 4898 483 4967 quis
517 4898 717 4954 dixerit
736 4902 998 4972 pardalim
1033 4903 1401 4959 animantibus
1428 4903 1563 4960 bene
1597 4907 1763 4962 olere.
1789 4909 1936 4963 Ζῶον

356 4988 412 5043 δὲ
439 4991 612 5057 οὐδὲν,
651 4995 698 5046 εἰ
743 4992 816 5064 μὴ
854 4992 952 5064 τὴν
987 4993 1251 5066 πάρδαλίν
1283 5012 1435 5064 φασι,
1471 4997 1722 5070 καθάπερ
1744 5000 1934 5072 ἐλέχθη

356 5086 468 5148 τοῖς
501 5085 729 5160 θηρίοις.
759 5087 986 5141 Aristot.
1019 5086 1284 5142 Problem.
1328 5097 1461 5143 sect.
1501 5091 1590 5156 l5,
1631 5091 1684 5156 4,
1723 5094 1932 5147 nullum

357 5178 557 5232 animal
603 5180 844 5234 suaviter
873 5180 1021 5234 olere
1059 5189 1284 5250 excepta
1319 5182 1526 5252 pardali
1574 5201 1694 5254 qua:
1726 5195 1780 5240 et
1813 5186 1933 5256 ipsa

356 5270 573 5323 nonnisi
625 5269 814 5325 bestiis
845 5269 921 5324 ita
952 5272 1101 5325 olere
1132 5271 1380 5327 allirmat.
1413 5273 1623 5330 Plinius
1652 5276 1814 5329 etiam
1843 5277 1931 5330 illa

355 5359 643 5414 confundit
678 5361 771 5414 lib.
807 5378 926 5427 vm,
965 5379 1084 5431 cap.
1122 5363 1211 5427 l7,
1247 5362 1405 5417 Nunc
1434 5366 1615 5433 parias
1637 5376 1686 5420 et
1709 5367 1930 5436 pardos,

352 5453 443 5520 qui
482 5469 654 5506 mares
680 5462 823 5517 sunt,
859 5456 1127 5524 appellant
1163 5458 1216 5510 in
1249 5473 1308 5511 eo
1341 5458 1486 5510 omni
1507 5473 1710 5525 genere,
1737 5458 1933 5512 creber-

353 5543 488 5595 rimo
531 5546 584 5598 in
630 5545 760 5598 Asia
817 5545 1096 5620 Syriaque.
1148 5548 1378 5614 Quidam
1425 5549 1491 5602 ab
1535 5549 1599 5603 iis
1647 5551 1930 5618 pantheras

352 5634 580 5688 candore
612 5637 726 5689 solo
771 5637 1110 5693 discernunt:
1147 5655 1240 5694 nec
1273 5639 1446 5694 adhuc
1486 5641 1650 5694 aliam
1681 5642 1930 5710 diﬂ'eren-

352 5727 482 5778 tiam
506 5727 694 5781 inveni.
727 5727 833 5782 Sed
856 5729 1066 5784 diversa
1091 5746 1212 5787 esse
1239 5732 1352 5786 haec
1383 5731 1699 5786 animalium
1731 5749 1926 5802 genera

349 5817 508 5872 docet
548 5819 636 5872 hic
660 5826 869 5885 noster,
907 5821 998 5888 qui
1029 5828 1286 5889 tanquam
1317 5820 1385 5876 de
1419 5822 1634 5877 duobus
1666 5823 1930 5878 diversis-

349 5907 504 5962 simis
544 5920 851 5964 sermonem
901 5909 1133 5964 instituit
1167 5929 1180 5966 :
1230 5912 1333 5968 etsi
1384 5913 1438 5966 in
1479 5913 1806 5982 quibusdam
1848 5916 1925 5970 vi-

2041 4707 2170 4776 qutid
2206 4709 2432 4772 inesset,
2461 4711 2638 4765 calida
2665 4712 2923 4782 siccaque
2963 4724 3157 4768 natura
3209 4716 3345 4770 illud
3389 4717 3615 4786 expedi-

2040 4802 2149 4856 tius
2173 4802 2487 4872 concoquit,
2509 4811 2562 4858 et
2586 4805 2708 4859 ideo
2733 4806 2932 4860 humor
2956 4823 3149 4862 eorum
3189 4825 3298 4864 non
3332 4817 3417 4862 est
3449 4810 3614 4863 faecu-

2038 4892 2248 4960 lentus;
2299 4895 2464 4966 idque
2507 4897 2867 4953 confirmatur
2913 4901 3088 4970 plagis
3139 4910 3331 4962 terrae,
3383 4916 3505 4969 qua-
3556 4910 3614 4954 ut

2039 4985 2418 5054 ferventiores,
2453 4990 2533 5045 sic
2564 4991 2909 5049 odoratiores
2941 5004 3089 5049 sunt.
3112 4993 3526 5063 Tbe0pbrastus
3556 4995 3610 5048 in

2036 5083 2363 5150 quibusdam
2390 5088 2646 5141 convenit
2688 5104 2812 5142 cum
2843 5088 3160 5153 Aristotele,
3199 5089 3253 5141 in
3281 5087 3610 5156 quibusdam

2034 5177 2308 5242 dissentit,
2340 5180 2406 5232 ad
2434 5195 2576 5248 quae,
2605 5195 2672 5234 ne
2701 5180 2912 5234 diutius
2933 5195 3247 5249 evagemur,
3280 5177 3609 5235 remittimus

2035 5267 2315 5321 lectorem.
2369 5268 2572 5324 Neuter
2615 5278 2798 5326 tamen
2850 5271 2915 5325 ad
2965 5272 3197 5340 primam
3250 5269 3608 5337 quaestionem

2033 5361 2336 5431 respondit,
2383 5379 2483 5417 nec
2533 5365 2738 5417 nodum
2787 5363 3042 5417 dissolvit
3085 5360 3444 5416 difﬁcultatis.
3496 5359 3608 5415 Nec

2031 5453 2175 5506 enim
2211 5454 2339 5507 dum
2383 5455 2449 5509 de
2486 5455 2718 5525 pardali,
2750 5471 2912 5525 quam
2957 5456 3130 5510 solam
3167 5455 3309 5508 inter
3349 5455 3608 5508 animalia

2029 5546 2312 5601 odoratam
2365 5560 2509 5603 esse‘
2533 5550 2930 5611 concedebant,
2981 5547 3265 5618 agebatur,
3313 5547 3448 5601 satis
3489 5553 3608 5601 erat

2029 5654 2251 5694 causam
2296 5649 2519 5710 propter
2565 5658 2730 5712 quam
2775 5643 3002 5696 arbores
3033 5649 3086 5695 et
3125 5642 3322 5710 planta:
3364 5641 3606 5693 odoratae

2030 5739 2178 5793 sunt,
2212 5733 2468 5790 animalia
2517 5752 2626 5790 non
2661 5738 2791 5791 item
2831 5736 3133 5807 assignare.
3176 5734 3282 5788 Sed
3323 5733 3455 5788 illud
3485 5740 3605 5787 erat

2027 5823 2427 5891 explicandum.
2457 5842 2694 5895 quanam
2719 5827 2933 5881 ratione
2957 5828 3098 5881 inter
3129 5832 3325 5879 caetera
3357 5825 3605 5876 animan-

2027 5915 2102 5969 tia
2130 5915 2246 5971 sola
2275 5915 2516 5985 pardalis
2553 5919 2691 5975 bene
2719 5920 2847 5989 olct,
2875 5926 2929 5976 et
2961 5918 3126 5990 hujus
3149 5913 3446 5970 animantis
3472 5910 3608 5967 odo-
