4124 6424
486 370 591 426 9ίὸ
1435 365 1502 420 ΙΝ
1543 365 1912 422 EUSTATllll
1946 366 2421 424 HEXAEMEBON
2460 367 2693 426 NOTAE.
3627 372 3729 428 946

486 491 612 554 rati,
646 497 700 546 et
728 489 960 543 aliorum
998 503 1108 542 non
1154 485 1509 542 odoratorum
1542 488 1862 543 discrimen.
1902 487 2057 544 Tunc
2086 494 2132 550 Α
2160 490 2384 546 animal.
2429 490 2526 546 lib.
2559 505 2636 554 vn,
2671 504 2792 561 cap.
2834 489 2902 544 27
2927 508 2942 546 :
2971 488 3198 546 Ferendi
3234 491 3371 546 uteri
3404 499 3602 562 tempus
3635 492 3730 548 alii

487 582 635 637 enim
676 581 880 650 οΡῑίηιθ
923 578 1213 650 quaestioni
1257 578 1699 648 responderetur,
1745 577 1844 630 Διά
1870 579 1925 631 τί
1953 578 2060 630 τῶν
2162 602 2358 639 annum
2389 593 2437 638 et
2459 601 2553 640 sea:
2573 601 2795 652 menses,
2824 585 2919 639 alii
2947 587 3228 640 triennium
3253 595 3526 650 statuunt;
3557 598 3610 641 et
3639 586 3734 641 bu-

492 672 590 744 μὲν
631 671 786 736 ζώων
820 672 972 724 οὐδὲν
1024 670 1219 733 εὐῶδές
1251 671 1399 722 ἐστιν
1433 669 1537 734 ἔξω
1577 669 1676 740 τῆς
1724 668 2060 740 παρδάλεως,

2158 678 2250 749 jus
2278 677 2598 734 dill‘erentiaa
2628 688 2681 734 et
2711 677 3116 733 incertitudinis
3143 692 3364 732 causam
3393 677 3562 746 addit,
3586 677 3732 748 quod

490 763 626 835 αὕτη
667 763 721 815 δὲ
748 764 842 815 καὶ
878 762 1057 825 αὐτοῖς
1098 764 1206 824 τοῖς
1241 759 1479 832 θηρίοις;
1515 759 1622 814 etsi
1651 758 2064 828 Theophrastus

2191 787 2271 825 non
2309 779 2487 840 pateat
2515 772 2709 827 coitus.
2746 770 2808 824 Et
2838 770 2931 824 lib.
2965 786 3017 835 v,
3051 784 3171 839 cap.
3205 769 3308 823 Ηυξ
3341 767 3556 822 Uterum
3590 768 3736 822 bien-

489 857 651 911 etiam
681 855 735 909 in
764 855 885 911 aliis
913 866 966 909 et
993 871 1103 909 non
1135 853 1191 907 in
1225 853 1340 908 sola
1378 853 1587 922 pardali
1611 851 1833 907 odorem
1870 866 2066 906 conce-

492 949 606 1004 dat.
632 948 784 1002 Tunc
805 958 922 1004 erat
951 935 1182 1002 ulterius
1210 947 1278 1001 ab
1304 947 1423 1015 ipso
1465 945 1869 1015 explicandum,
1897 959 2068 1016 quare

490 1057 623 1113 ergo
662 1042 730 1097 ab
761 1041 1088 1097 animalibus
1125 1040 1261 1095 odor
1299 1039 1388 1094 hic
1418 1055 1527 1094 non
1574 1039 1808 1092 sentitur
1845 1037 1898 1090 in
1945 1037 2065 1091 aliis

495 1135 601 1190 nisi
648 1135 703 1188 in
741 1135 856 1189 sola
890 1133 1133 1204 pardali?
1180 1130 1378 1186 Verum
1417 1131 1546 1185 dum
1572 1128 1986 1200 Theophrastus
2015 1139 2070 1184 et

493 1226 815 1283 Aristotcles
855 1229 992 1281 tanti
1024 1227 1125 1284 viri
1173 1225 1452 1296 proposita
1499 1224 1818 1294 quaestione,
1861 1224 1969 1277 alio
2012 1239 2072 1279 se

495 1325 843 1381 convertunt,
884 1325 939 1372 et
968 1317 1394 1387 subterfugiunt,
1425 1316 1548 1385 quis
1579 1315 1654 1369 ita
1704 1315 1880 1368 audax
1932 1330 1991 1369 se
2019 1315 2071 1368 id

496 1409 714 1480 assequi
739 1408 1008 1464 confidet?
1028 1409 1214 1463 Potest
1242 1409 1386 1463 Deus
1421 1411 1590 1461 multa
1621 1406 1823 1470 moliri,
1850 1415 1899 1460 et
1925 1406 2074 1461 varia

498 1503 801 1568 conﬁcere,
850 1518 973 1573 qua:
1028 1502 1338 1558 intellectus
1396 1500 1669 1554 humanus
1712 1514 1820 1554 non
1874 1500 2072 1568 capiet.

502 1596 669 1650 Multa
703 1595 806 1651 sibi
842 1594 985 1650 Deus
1010 1593 1134 1657 soli,
1169 1607 1470 1662 eorumque
1493 1591 1859 1662 cognitionem
1901 1606 2079 1648 reser-

499 1690 666 1744 vavit.
704 1689 761 1743 ln
793 1689 1002 1758 paucis,
1040 1687 1094 1741 in
1132 1685 1395 1747 minimis,
1427 1685 1480 1738 in
1517 1684 1812 1746 οὐτιδανοῖς
1845 1682 1996 1746 felix,
2023 1690 2079 1738 et

502 1782 624 1850 ejus
664 1797 764 1852 ope
787 1782 860 1835 ita
891 1780 1142 1851 superbis
1171 1789 1224 1833 et
1252 1779 1572 1845 insolescis;
1607 1777 1653 1832 si
1685 1777 1740 1832 in
1766 1777 2076 1832 secretiori-

505 1875 607 1929 bus
646 1876 825 1945 potior
853 1889 1022 1939 esses,
1053 1872 1184 1942 quid
1225 1871 1479 1925 faceres?
1521 1870 1666 1925 Cave
1703 1877 1799 1923 tuo
1834 1868 2074 1940 ingenio,

505 1965 618 2020 tuis
656 1963 869 2018 viribus
914 1963 1142 2018 metiare
1181 1959 1384 2027 Deum;
1431 1957 1596 2014 nimis
1637 1964 1902 2030 angustus
1929 1971 2011 2024 es,
2045 1972 2078 2012 ο

506 2055 820 2111 homuncio.

579 2146 736 2211 lbid.,
768 2146 864 2200 lin.
889 2145 978 2201 29.
1013 2145 1068 2198 '0
1100 2143 1169 2200 δὲ
1207 2145 1442 2213 πάνθηρ
1469 2143 1671 2212 φίλον.
1707 2141 1782 2198 De
1817 2142 2080 2214 panthera

508 2238 710 2294 similia
741 2237 904 2293 habet
949 2235 1144 2292 Petrus
1186 2238 1506 2300 Damianus,
1537 2237 1633 2291 lib.
1677 2249 1740 2298 ll,
1774 2235 1936 2306 epist.
1980 2235 2079 2302 18;

509 2327 738 2394 Plinius,
767 2330 864 2384 lib.
899 2345 1018 2395 vm,
1041 2345 1164 2399 cap.
1205 2330 1288 2398 l7,
1328 2329 1595 2382 Panthera
1643 2336 1694 2382 et
1724 2328 1875 2396 tigris
1901 2343 2083 2380 macu-

510 2423 686 2476 larum
707 2424 962 2477 uarietate
982 2438 1139 2491 prope
1159 2423 1288 2476 sola:
1317 2423 1604 2475 bestiarum
1632 2429 1954 2489 spectantur,
1979 2436 2084 2474 ca:-

513 2515 638 2570 tcris
665 2532 820 2579 unus,
853 2532 914 2567 ac
944 2532 1071 2568 suus
1112 2515 1367 2584 cujusque
1394 2513 1594 2583 generis
1636 2512 1782 2566 color
1813 2520 1910 2566 est.
1952 2511 2083 2566 lnde

512 2607 728 2678 tigrina:
759 2616 813 2666 et
841 2606 1182 2676 pantherinm
1210 2621 1430 2672 mensas,
1462 2610 1516 2660 et
1563 2603 1746 2674 βάλιος
1793 2602 2083 2674 πανθήρων

511 2698 688 2770 δίκην.

585 2789 746 2850 lbid.,
789 2789 886 2843 lin.
917 2787 1006 2842 '51.
1049 2785 1158 2841 Kal
1197 2786 1307 2851 ἕως
1337 2785 1454 2855 μὲν
1491 2783 1565 2838 οὐ
1602 2782 1740 2853 χρή.
1783 2781 2083 2852 Oppianus,

518 2880 615 2935 lib.
644 2896 684 2934 ιι
728 2884 974 2948 Κυνηγ.,
1004 2879 1392 2947 pantherarum
1423 2883 1477 2931 et
1505 2875 1738 2929 aliorum
1768 2873 2085 2930 animalium

518 2979 772 3027 somnum
802 2977 858 3024 et
888 2970 1137 3024 inertiam
1185 2968 1406 3032 cecinit,
1438 2984 1597 3036 quem
1631 2967 1778 3021 vide.

587 3060 749 3127 lbid.,
775 3062 871 3116 lin.
895 3062 984 3116 55.
1027 3061 1106 3114 Δι’
1138 3055 1214 3130 ἧς
1241 3059 1313 3113 τὰ
1344 3059 1520 3113 ἄλλα.
1565 3057 1696 3124 Quae
1726 3056 1978 3128 superius
2021 3056 2091 3111 de

2165 865 2252 917 nio
2278 864 2450 934 gerit:
2479 864 2622 932 parit
2664 861 2899 932 singulos
2920 875 2941 914 :
2977 861 3258 930 uniparum
3301 879 3523 932 namque
3558 871 3655 924 est,
3682 871 3738 915 et

2167 955 2288 1008 libr.
2327 968 2379 1007 IV
2410 952 2487 1006 De
2509 960 2741 1022 generat.
2774 949 3020 1013 animal.,
3045 964 3164 1018 cap.
3191 949 3402 1015 ultimo,
3419 949 3560 1006 idem
3594 949 3738 1003 allir-

2168 1053 2302 1110 mat,
2351 1052 2405 1100 et
2445 1060 2666 1100 causam
2706 1043 2827 1107 dat,
2855 1042 3293 1112 exsuperantiam
3323 1043 3737 1112 magnitudinis.

2170 1139 2402 1202 Plinius,
2438 1139 2562 1192 libr.
2601 1152 2721 1201 vm,
2759 1151 2880 1206 sap.
2929 1136 3014 1201 10,
3058 1142 3354 1204 utrumque
3388 1134 3592 1190 refert:
3629 1135 3737 1190 De-

2169 1245 2279 1282 cem
2320 1227 2473 1280 annis
2502 1236 2707 1296 gesture
2736 1225 2792 1278 in
2823 1234 2971 1279 utero
3007 1226 3191 1294 vulgus
3217 1224 3508 1288 existimat,
3541 1224 3741 1280 Aristo-

2174 1321 2296 1375 teles
2331 1321 2561 1383 biennio,
2606 1335 2696 1374 nec
2726 1317 2953 1387 amplius
2993 1334 3152 1388 quam
3180 1318 3340 1372 semel
3363 1319 3591 1388 gignere,
3621 1317 3729 1388 plu°

2173 1428 2318 1466 resne
2350 1427 2510 1481 quam
2540 1411 2799 1480 singulos.
2833 1408 2950 1464 Hoc
2987 1417 3169 1464 tamen
3213 1409 3466 1465 videlicet
3503 1411 3740 1480 singulos

2173 1512 2223 1558 et
2257 1502 2416 1556 semel
2458 1517 2664 1570 parere,
2710 1515 2822 1555 non
2858 1513 3018 1571 posse
3055 1515 3122 1555 ex
3167 1497 3460 1555 Aristotele
3505 1497 3742 1552 Plinium

2177 1593 2420 1665 proliteri
2454 1592 2716 1664 Scaliger,
2757 1592 2985 1648 exercit.
3025 1592 3153 1656 205,
3192 1592 3260 1648 de
3308 1591 3632 1656 subtilitate,
3674 1591 3743 1644 ad

2178 1688 2513 1752 Cardanum,
2563 1685 2780 1742 asserit.
2829 1684 2939 1740 Nec
2985 1684 3228 1740 additum
3279 1696 3310 1736 a
3365 1681 3605 1738 librariis
3653 1681 3744 1735 in-

2185 1782 2368 1837 sinuat
2405 1795 2472 1836 ex
2523 1779 2731 1842 Solino,
2778 1777 2870 1847 qui
2911 1792 3063 1832 more
3113 1790 3216 1832 suo
3262 1775 3329 1830 ad
3369 1775 3594 1830 verbum
3641 1773 3746 1827 hoc

2179 1871 2321 1926 idem
2380 1869 2554 1926 fidelis
2603 1873 2942 1938 reposuerat,
2989 1875 3047 1922 et
3095 1867 3309 1922 ratione
3363 1865 3415 1920 id
3469 1880 3592 1919 esse
3645 1863 3749 1917 fal-

2180 1978 2300 2019 sum
2330 1962 2509 2031 palam
2547 1961 2824 2015 ostendit:
2855 1957 2999 2013 Nam
3039 1959 3086 2014 si
3125 1958 3262 2012 binis
3303 1955 3606 2027 parentibus
3641 1972 3750 2010 una

2179 2055 2408 2110 succedit
2463 2053 2688 2119 soboles,
2742 2068 2946 2106 necesse
2995 2059 3073 2105 est
3114 2049 3183 2104 ad
3241 2048 3462 2103 nihilum
3515 2046 3747 2102 tandem.

2183 2147 2306 2202 Non
2348 2147 2516 2201 solum
2567 2162 2683 2200 vero
2719 2145 2838 2214 plus
2876 2143 3035 2199 semel
3076 2143 3238 2212 parit,
3276 2158 3452 2196 verum
3483 2151 3534 2195 et
3573 2145 3748 2210 plures

2182 2239 2428 2310 singulis,
2476 2240 2556 2292 uti
2607 2238 2927 2292 dicebamus.
2996 2235 3221 2292 Dicebat
3267 2235 3413 2290 enim
3472 2236 3749 2304 superius,

2186 2331 2366 2403 Neque
2427 2331 2659 2402 singulos
2726 2330 2881 2384 modo
2932 2344 3146 2397 parere,
3205 2329 3390 2397 quippe
3443 2335 3494 2381 et
3554 2335 3751 2391 ternos,

2181 2435 2232 2478 et
2274 2433 2576 2494 quaternos,
2632 2429 2709 2476 tot
2764 2424 2903 2476 enim
2957 2421 3202 2474 comitari
3247 2421 3370 2473 risu:
3420 2427 3561 2472 sunt.
3625 2416 3752 2472 Haec

2185 2516 2375 2570 ultima
2403 2513 2662 2584 Scaligeri
2691 2514 2859 2569 verba
2896 2512 2948 2567 in
2979 2513 3228 2567 doctrina
3257 2509 3614 2581 Peripatetica
3639 2525 3750 2564 non

2185 2608 2321 2664 satis
2341 2614 2454 2662 tuta
2488 2622 2611 2663 esse
2644 2606 2915 2662 videntur.
2948 2605 3274 2677 Elephautcs
3305 2604 3511 2660 scilicet
3555 2617 3663 2657 uno
3699 2611 3757 2657 et

2185 2699 2375 2755 eodem
2400 2708 2557 2768 partu
2583 2699 2764 2769 plures
2785 2699 3034 2769 gignere;
3059 2698 3160 2753 etsi
3181 2711 3290 2752 non
3313 2711 3399 2750 me
3425 2695 3561 2765 fugit
3584 2694 3756 2749 IElia-

2187 2809 2340 2856 num,
2369 2793 2464 2847 lib.
2497 2807 2613 2856 vnn,
2638 2807 2760 2862 cap.
2783 2791 2874 2854 27,
2909 2790 2963 2845 id
3001 2789 3398 2860 quodammodo
3425 2789 3755 2851 insinuasse,

2189 2891 2374 2939 tamen
2407 2900 2472 2940 ex
2501 2885 2730 2940 aliorum
2764 2884 3033 2941 sententia
3070 2883 3122 2937 id
3151 2882 3440 2953 scripsisse
3479 2881 3614 2953 ipsis
3643 2895 3761 2936 ver-

2188 2977 2273 3034 bis
2299 2975 2664 3032 clarissimum
2703 2985 2809 3033 est.
2838 2976 3095 3029 Τίκτεται
3129 2974 3326 3043 ἐλέφας
3363 2972 3506 3026 κατὰ
3536 2973 3633 3044 τὴν
3662 2991 3756 3027 κε-

2192 3069 2365 3142 φαλὴν
2393 3069 2664 3141 ὲκπηδῶν.
2698 3069 2771 3122 Τὸ
2797 3068 2855 3122 δὲ
2901 3067 3128 3140 μέγεθός
3161 3068 3276 3118 ἐστι
3309 3064 3404 3118 τοῦ
3441 3062 3759 3135 τικτομένου

519 3156 751 3228 pardali,
781 3156 900 3226 ejus
930 3155 1096 3209 odore
1148 3162 1203 3206 et
1235 3152 1457 3208 solertia
1488 3149 1902 3220 explicavimus,
1933 3148 2088 3204 multi

2193 3162 2334 3215 κατὰ
2364 3160 2603 3229 δέλφακα
2648 3158 2744 3230 τὴν
2787 3159 3070 3231 μεγίστην.
3124 3158 3240 3228 Μιᾷ
3269 3157 3326 3210 δὲ
3377 3155 3544 3228 μητρὶ⁵
3592 3154 3760 3208 πλείω

520 3250 801 3319 pantherae
835 3246 1143 3308 ascribunt,
1182 3243 1268 3298 vel
1305 3258 1370 3298 eo
1411 3242 1588 3297 solum
1635 3241 1781 3310 quod
1831 3240 2090 3294 animalia

519 3341 894 3398 diversissima
930 3336 1269 3392 confundunt
1323 3343 1378 3391 et
1406 3335 1659 3396 miscent,
1684 3332 1806 3388 ideo
1835 3333 2090 3388 lectorem

521 3435 590 3488 ad
651 3434 741 3487 illa
791 3431 1141 3494 remittimus,
1184 3444 1254 3483 ne
1300 3428 1502 3483 iterum
1550 3426 1739 3480 eadem
1797 3424 2093 3493 repetendo

522 3522 737 3578 molesti
771 3522 964 3576 simus.
1007 3518 1106 3574 llic
1137 3534 1424 3588 possemus
1463 3518 1626 3570 etiam
1654 3515 1924 3577 dubitare,
1961 3528 2095 3584 qua-

523 3627 649 3666 nam
678 3613 888 3665 ratione
933 3609 1186 3662 ammalia
1226 3608 1393 3662 odore
1425 3606 1812 3678 pantherarum
1845 3602 2095 3658 allician-

523 3711 634 3768 tur,
659 3713 717 3758 ut
743 3719 772 3758 a
804 3704 991 3757 multis
1019 3701 1334 3755 auctoribus
1361 3698 1621 3754 traditum
1643 3706 1748 3761 est,
1772 3712 1897 3751 cum
1923 3695 2097 3750 Theo-

523 3796 804 3867 phrastus,
849 3793 920 3846 De
950 3794 1126 3846 causis
1160 3791 1393 3860 plantar.
1435 3790 1530 3844 lib.
1571 3806 1624 3858 v,
1667 3804 1786 3859 cap.
1826 3789 1882 3852 5,
1927 3787 2094 3850 dicat,

524 3890 668 3944 inter
694 3888 854 3942 bruta
897 3886 1123 3940 omnino
1166 3885 1252 3940 vel
1301 3884 1535 3948 nullum,
1587 3883 1668 3938 vel
1717 3889 1868 3936 certe
1911 3895 2098 3934 rarum

569 3980 817 4035 .Imodum
863 3994 984 4034 esse
1025 3976 1172 4048 quod
1224 3975 1447 4030 odorem
1493 3984 1874 4046 persequatur,
1924 3988 2100 4042 neque

524 4074 699 4145 gratia
727 4071 911 4126 odoris
941 4071 1164 4134 sentire,
1189 4083 1366 4139 neque
1405 4067 1730 4139 dijudicare,
1759 4067 2100 4140 quandoqui-

525 4165 672 4229 dem,
703 4165 809 4219 etsi
845 4163 1092 4233 quaedam
1127 4161 1413 4225 sentirent,
1449 4177 1639 4216 eorum
1668 4167 1853 4214 tamen
1892 4166 2100 4213 natura:

527 4257 829 4321 adversari,
857 4263 912 4311 et
933 4255 1000 4310 de
1027 4255 1357 4309 insectorum
1389 4268 1585 4325 genere
1607 4251 1831 4316 dicitur,
1861 4250 1953 4320 qui
1980 4251 2101 4306 oleo

526 4348 880 4414 infestantur,
903 4347 1117 4417 fugiunt
1142 4346 1289 4402 enim
1324 4347 1673 4401 vehementer
1696 4345 1817 4415 ejus
1851 4344 2098 4407 odorem,

528 4440 720 4512 paucis
750 4439 897 4494 hunc
926 4437 1132 4493 nodum
1166 4437 1485 4507 expediam;
1515 4435 1658 4491 haud
1696 4443 1953 4490 constare
1996 4433 2097 4487 ho-

2192 3252 2574 3321 ὲλεφαντίσκια.
2600 3251 2812 3315 ἕπεται,
2853 3250 3038 3319 φασιν.
3084 3247 3149 3302 Et
3186 3248 3397 3303 ratione
3423 3245 3762 3301 validissima

2194 3339 2454 3411 Scaligeri
2488 3340 2543 3394 id
2583 3341 2851 3394 allirmare
2896 3341 3099 3395 saltem”
3126 3339 3180 3392 in
3219 3338 3506 3406 elephanto
3553 3337 3759 3398 Indico,

2190 3431 2276 3486 vel
2313 3431 2518 3486 invitus
2556 3438 2862 3501 cogeretur,
2895 3431 3045 3494 dum,
3081 3429 3176 3484 lib.
3230 3445 3344 3492 VIII,
3385 3444 3507 3498 cap.
3535 3427 3623 3491 l7,
3664 3429 3760 3492 ait,

2193 3538 2288 3578 eos
2330 3522 2652 3593 elephantos
2694 3523 2866 3578 semel
2899 3522 2956 3578 in
2993 3522 3098 3576 vita
3129 3518 3299 3575 coire.
3334 3517 3516 3584 Ἀπαξ
3545 3517 3674 3588 γοῦν
3703 3520 3762 3571 ὲν

2191 3613 2270 3685 τῷ
2326 3614 2426 3685 βίῳ
2474 3612 2554 3684 τῷ
2602 3613 2848 3684 σφετέρῳ
2905 3611 3330 3685 μνημονεύουσιν
3399 3610 3760 3681 Ἀφροδίτης’

2195 3708 2321 3760 ὅταν
2348 3709 2382 3778 ἡ
2437 3705 2627 3777 Θήλεια.
2659 3705 2904 3777 ὑπομένῃ
2953 3705 3048 3760 καὶ
3092 3704 3252 3776 αὐτή.
3300 3698 3433 3756 Εἶτα
3478 3700 3765 3772 ἐμπλήσας

2194 3797 2424 3863 ἕκαστος
2467 3797 2566 3869 τὴν
2613 3794 2897 3867 σύννομον,
2928 3796 2990 3849 τὸ
3029 3793 3280 3849 ἐντεῦθεν
3305 3794 3399 3848 ἐπὶ
3428 3791 3637 3856 τούτοις
3666 3791 3766 3846 οὐκ

2197 3879 2336 3939 εἶδεν
2382 3886 2572 3957 αὐτήν.
2631 3883 2725 3942 Vel
2771 3885 2936 3957 igitur
2985 3901 3156 3956 genus
3211 3885 3313 3939 hoc
3355 3883 3766 3954 elephantorum

2201 3976 2387 4048 plures
2423 3976 2654 4048 singulis
2695 3978 2962 4047 partubus
3008 3985 3295 4049 generant,
3346 3977 3428 4032 vel
3457 3993 3582 4032 cum
3622 3975 3769 4030 binis

2198 4069 2521 4141 parentibus
2549 4085 2657 4124 una
2703 4068 2960 4124 succedet
2997 4069 3238 4132 soboles,
3268 4068 3484 4122 tandem
3520 4066 3588 4122 ad
3621 4065 3770 4120 nihi-

2200 4162 2314 4216 lum
2345 4169 2491 4218 esset
2541 4161 2956 4218 deveniendum.
3003 4158 3110 4215 Sed
3157 4161 3386 4214 ulterius
3431 4159 3506 4212 ita
3537 4159 3769 4221 Plinius,

2201 4254 2296 4308 lib.
2333 4269 2389 4319 ι,
2423 4268 2545 4323 cap.
2573 4255 2664 4318 55,
2695 4252 2944 4322 Singulos
2973 4253 3212 4323 gignunt,
3239 4251 3522 4321 elephanti,
3559 4249 3770 4314 cameli,

2199 4347 2349 4417 equi;
2379 4355 2435 4400 et
2467 4344 2716 4408 inferius,
2749 4343 3048 4412 Elephanti,
3073 4353 3127 4396 ut
3147 4341 3402 4406 diximus,
3428 4343 3643 4410 pariunt
3670 4343 3776 4396 sin-

2201 4439 2374 4509 gulos,
2405 4437 2767 4509 magnitudine
2802 4437 2954 4490 vituli
2994 4435 3292 4492 trimestris.
3341 4433 3454 4490 Nec
3482 4433 3596 4488 haec
3645 4447 3774 4489 sen-

528 4531 794 4594 minibus,
830 4547 900 4586 an
945 4531 1168 4586 odorem
1203 4530 1462 4593 sentiant,
1507 4529 1738 4600 ejusque
1782 4526 1956 4598 gratia
1986 4540 2100 4580 rem
2133 4512 2178 4570 D
2206 4529 2374 4586 tentia
2395 4530 2609 4585 videtur
2638 4531 2706 4585 ab
2734 4527 3078 4584 Aristotelica
3111 4527 3423 4584 dissentire.
3452 4525 3776 4581 Aristoteles

528 4622 814 4677 odoratam
847 4631 1266 4693 persequantur,
1300 4638 1369 4677 an
1400 4622 1672 4693 appetitus
1703 4627 1916 4674 tantum
1956 4617 2102 4674 fera-

527 4723 623 4771 tur
675 4715 746 4770 ad
801 4716 981 4786 ipsum
1038 4716 1321 4786 pabulum,
1381 4716 1610 4786 ejusque
1669 4728 1838 4768 causa
1894 4711 1987 4767 sit.
2039 4711 2106 4765 Et

531 4810 784 4880 quamvis
827 4809 1126 4863 animantia
1156 4808 1421 4863 olfactum
1467 4807 1604 4878 ipsis
1642 4805 1959 4861 hominibus
2006 4803 2106 4858 ob-

531 4905 743 4960 tineant
795 4903 1230 4974 exquisitiorem,
1267 4918 1376 4957 non
1423 4911 1606 4958 tamen
1654 4909 1864 4958 certum
1897 4907 1984 4956 est
2023 4897 2107 4954 vel

531 4997 756 5052 odorem
793 4997 1017 5058 sentire,
1047 4996 1130 5048 vel
1161 4995 1280 5063 ejus
1309 4995 1485 5065 gratia
1509 4993 1654 5048 duci.

535 5177 578 5237 δ
603 5091 766 5154 lbid.,
799 5091 896 5146 lin.
939 5090 1030 5145 41.
1069 5091 1124 5142 '0
1155 5090 1224 5144 δὲ
1259 5089 1483 5160 ἐλέφας
1527 5090 1737 5159 ἐγκυμ.
1785 5086 2014 5144 Plautus
2053 5087 2107 5142 in

583 5181 754 5237 ticho:

583 5181 717 5237 ticho
734 5198 754 5238 :

673 5295 867 5366 Audiui
892 5309 1028 5366 saepe
1057 5294 1212 5366 vulgo
1244 5311 1276 5348 a
1307 5293 1489 5366 multis
1517 5293 1704 5356 dicier,

676 5364 856 5435 Solere
884 5362 1214 5434 elephantum
1256 5364 1528 5435 gravidam
1560 5372 1831 5432 perpetuos
1862 5362 2038 5435 decem

676 5433 810 5490 Esse
837 5432 1002 5492 annos
1028 5452 1047 5491 :
1070 5436 1184 5506 ejus
1212 5452 1240 5490 e
1257 5432 1460 5490 semine
1488 5434 1599 5490 haec
1633 5443 1770 5488 certo
1800 5441 1878 5487 est
1921 5432 2108 5502 fames.

535 5544 815 5608 Elianus,
850 5546 926 5600 De
969 5548 1095 5601 hist.
1135 5548 1299 5601 anim.
1341 5547 1379 5600 l.
1424 5561 1499 5609 ιγ,
1535 5560 1656 5616 cap.
1697 5544 1760 5599 51
1795 5563 1810 5600 :
1851 5542 2019 5597 Κύειν
2054 5542 2112 5597 δὲ

535 5641 879 5712 πυνθάνομαι
907 5642 999 5695 δύο
1037 5642 1174 5698 ὲτῶν
1206 5644 1296 5696 τὸν
1343 5642 1625 5711 ἐλέφαντα.
1656 5642 1719 5693 Ol
1748 5639 1804 5692 δὲ
1834 5639 1893 5692 οὐ
1922 5636 2110 5691 τοσοῦ-

535 5751 627 5788 τον
685 5733 895 5804 χρόνον,
952 5733 1088 5787 ἀλλὰ
1145 5733 1521 5788 ὀκτωκαίδεκα
1579 5732 1765 5804 μηνῶν
1819 5729 2114 5801 ὁμολογοῦ-

539 5841 644 5881 σιν.
684 5826 1028 5893 Aristoteles,
1063 5843 1128 5883 ex
1179 5827 1412 5883 aliorum
1461 5826 1756 5894 sententia,
1792 5823 1882 5881 De.
1921 5823 2110 5877 histor.

2205 4637 2461 4692 namque,
2491 4620 2562 4675 De
2585 4631 2819 4692 generat.
2854 4619 3075 4675 animal.
3102 4619 3196 4674 lib.
3228 4635 3299 4684 Iv,
3321 4633 3441 4688 cap.
3467 4617 3500 4673 4
3529 4635 3544 4672 :
3577 4615 3780 4688 Πρῶτα

2209 4713 2305 4782 μὲν
2323 4707 2415 4766 οὖν
2442 4712 2530 4766 διὰ
2556 4713 2609 4766 τί
2635 4713 2706 4766 τὰ
2735 4715 2835 4784 μὲν
2859 4712 2976 4766 ἐστι
2999 4711 3290 4774 πολυτόκα,
3309 4709 3376 4763 τὰ
3401 4709 3458 4763 δὲ
3487 4706 3773 4780 μονοτόκα,

2204 4801 2349 4856 τοῦτ’
2378 4801 2442 4857 ἄν
2469 4820 2551 4866 τις
2577 4802 2779 4870 δόξειεν
2811 4802 3045 4871 εὐλόγως
3071 4799 3385 4872 θαυμάζειν.
3413 4799 3493 4854 Τὰ
3522 4798 3630 4870 γὰρ
3677 4797 3776 4868 μέ-

2205 4914 2367 4970 γιστα
2401 4897 2668 4970 μονοτόκα
2694 4895 2799 4950 τῶν
2825 4894 2976 4961 ζώων
3010 4894 3176 4958 ἐστὶν,
3203 4889 3312 4947 οἷον
3343 4892 3561 4960 ἐλέφας,
3594 4889 3777 4960 κάμη-

2206 4991 2318 5056 λος,
2350 4991 2534 5053 ϊππος,
2569 4989 2662 5042 καὶ
2693 4986 2762 5043 τὰ
2792 4986 3035 5059 μώνυχα.
3072 4985 3137 5040 Et
3173 4984 3299 5056 quia
3346 4982 3682 5055 probabilius
3725 4980 3780 5036 id

2208 5082 2517 5146 videbatur,
2549 5079 2754 5150 majora
2791 5079 3066 5142 animalia,
3100 5092 3226 5132 cum
3261 5075 3383 5146 plus
3428 5073 3657 5131 seminis
3699 5072 3782 5128 ef-

2209 5175 2353 5232 ferre
2378 5180 2623 5244 possent,
2658 5171 2813 5241 plura
2847 5171 3011 5225 etiam
3054 5183 3337 5240 generare,
3371 5165 3531 5236 cujus
3562 5173 3784 5221 contra-

2210 5265 2354 5320 rium
2402 5263 2600 5318 mirum
2647 5269 2752 5318 est.
2784 5259 3098 5331 Respondet
3123 5261 3251 5316 huic
3300 5266 3626 5329 argumento
3646 5257 3784 5313 vali-

2210 5357 2439 5413 dissima
2470 5353 2701 5418 ratione,
2731 5353 3077 5422 maximeque
3105 5352 3321 5417 idonea,
3353 5349 3782 5422 magnitudinem

2212 5447 2421 5505 scilicet
2450 5459 2639 5501 eorum
2688 5441 2743 5497 id
2786 5441 2962 5497 facere
2999 5457 3068 5496 ne
3111 5441 3284 5495 multa
3327 5438 3582 5510 pariant;
3627 5437 3786 5493 cibus

2211 5541 2360 5599 enim
2410 5539 2468 5595 in
2519 5537 2588 5594 iis
2629 5536 2935 5593 absumitur
2965 5534 3021 5588 in
3067 5533 3318 5604 corporis
3354 5532 3783 5596 incrementum;

2214 5632 2520 5690 minoribus
2567 5644 2694 5687 vero
2736 5637 2933 5684 natura
2983 5625 3252 5682 demendo
3279 5625 3347 5680 de
3387 5621 3784 5695 magnitudine,

2215 5742 2416 5798 augere
2473 5723 2528 5778 in
2594 5727 2944 5778 excremento
3007 5717 3259 5776 seminali
3319 5713 3786 5786 exsuperantiam.

2215 5820 2380 5894 quue
2411 5817 2698 5876 conﬁrmat
2723 5814 2828 5871 alia
2860 5812 3094 5883 ratione,
3120 5809 3374 5868 videlicet
3401 5809 3524 5883 plus
3562 5802 3788 5864 seminis
