4124 6474
365 402 469 458 947

1744 397 1993 455 LEONIS
2030 398 2303 455 ALLATII

3521 398 3623 453 9i8

367 518 626 596 genitalis
668 534 811 582 esse,
865 518 1011 589 quod
1053 517 1281 588 majoris
1326 525 1415 574 est
1454 517 1733 581 animalis,
1773 517 1957 571 minus
1986 521 2032 578 Α
2060 518 2195 572 ticas
2229 518 2563 581 solitudines,
2594 528 2643 574 et
2672 520 2724 572 in
2755 518 3323 589 Mauritania:ferun!
3352 514 3625 584 Eth'upes

369 617 552 667 autem
613 608 758 679 quod
802 608 1030 664 minoris
1079 622 1304 665 necesse
1337 615 1443 665 est.
1494 609 1565 662 At
1591 608 1763 663 multa
1809 604 1949 661 edici

370 713 538 774 parva
580 698 635 756 in
666 698 858 757 eodem
897 708 1150 769 possunt,
1189 700 1360 756 multa
1395 715 1591 772 magna
1634 699 1770 759 ellici
1812 698 1950 758 ditii-

371 788 476 847 cile
502 794 589 845 est
613 805 629 855 ;
665 787 1037 847 mediocribus
1067 806 1193 848 vero
1225 791 1622 865 magnitudinis
1651 791 1889 847 medium
1918 804 1950 844 a

374 887 570 940 natura
598 879 784 935 datum
813 888 919 944 est,
953 880 1095 955 Quid
1124 883 1291 953 igitur
1319 883 1377 937 in
1405 882 1658 943 doctrina
1682 883 1952 938 Aristote-

375 970 443 1027 lis
470 970 711 1029 clarius?
754 971 887 1040 quid
933 973 1181 1034 certius?
1225 972 1553 1045 Elephantes
1601 982 1827 1045 propter
1865 972 1952 1030 sui

373 1061 622 1133 corporis
648 1062 867 1128 molem,
899 1063 1284 1141 ingentemque
1316 1065 1769 1136 magnitudinem,
1797 1065 1952 1138 plura

372 1154 564 1212 eodem
623 1155 757 1216 nisu
794 1170 1007 1228 parere,
1043 1173 1147 1216 nec
1199 1166 1453 1228 possunt,
1490 1173 1594 1214 nec
1628 1158 1863 1226 debent;
1906 1158 1955 1213 si

2051 616 2100 663 et
2133 609 2491 681 Troglodytas,
2532 619 2589 665 ut
2620 609 2820 665 dictum
2859 620 2937 665 est
2967 627 2986 667 :
3026 610 3116 666 sed
3150 610 3411 664 maximos
3442 606 3622 670 India,

2052 700 2409 773 bellantesque
2460 720 2579 758 cum
2638 705 2704 759 iis
2749 716 3001 774 perpetua
3054 703 3325 758 discordia
3373 703 3626 757 dracones

2053 802 2217 854 tanta:
2254 796 2653 867 magnitudinis,
2702 806 2760 850 ut
2799 808 2850 852 et
2895 798 3038 868 ipsos
3090 796 3432 864 circumﬂexu
3479 793 3628 864 facili

2053 886 2312 951 ambiant,
2352 904 2586 958 nexuque
2611 889 2735 944 nodi
2762 891 3153 958 praestringunt.
3187 885 3543 942 Commoritur
3566 901 3629 942 ea

2053 978 2350 1045 dimicatio,
2390 981 2659 1052 victusque
2689 998 2939 1039 corruens
2968 980 3290 1050 complexum
3318 978 3467 1034 elidit
3493 993 3626 1046 pon-

2053 1072 2196 1127 dere.
2246 1071 2322 1128 De
2350 1072 2650 1129 draconum
2679 1082 2732 1129 et
2761 1075 3173 1145 elephantorum
3206 1088 3339 1128 nece
3367 1079 3420 1126 et
3450 1084 3629 1141 pugna

2054 1167 2460 1238 elegantissime
2492 1165 2648 1224 Philo
2677 1168 2817 1238 Περὶ
2847 1167 3186 1236 ἀφθαρσίας
3226 1166 3478 1235 κόσμου.
3523 1161 3631 1217 Cu-

373 1245 486 1306 vim
527 1247 763 1320 iuraque
808 1257 1017 1306 natura:
1055 1250 1262 1308 violare
1314 1266 1424 1306 non
1451 1251 1705 1307 velimus.
1747 1250 1954 1306 Contra

2068 1262 2143 1324 ius
2170 1260 2334 1315 verba
2353 1259 2440 1314 hic
2460 1276 2569 1316 non
2592 1262 2859 1333 gravabor
2878 1262 3145 1316 scribere:
3164 1260 3238 1313 Τὸ
3253 1256 3631 1336 παραπλήσιον

374 1337 492 1397 ιιωο
526 1348 706 1398 tamen
732 1355 798 1396 ex
826 1340 947 1411 ipso
992 1341 1308 1407 Aristotele,
1343 1342 1531 1397 nescio
1567 1341 1698 1412 quid
1727 1341 1952 1399 dubium

2068 1349 2242 1422 μέντοι
2289 1349 2383 1403 καὶ
2414 1353 2540 1413 τοὺς
2571 1350 2715 1404 κατά
2745 1352 2843 1423 τὴν
2890 1350 3115 1421 Ἰνδικὴν
3145 1347 3452 1422 δράκοντάς
3498 1363 3632 1418 φασι

377 1428 473 1490 illa
494 1428 687 1485 all‘erre
718 1439 939 1500 possent
964 1449 979 1486 :
1009 1431 1087 1492 ait
1106 1448 1374 1504 namque:
1396 1432 1537 1487 Sunt
1565 1434 1671 1491 alia
1700 1434 1953 1502 unipara,

377 1522 487 1583 alia
519 1525 835 1594 paucipara,
880 1526 988 1586 alia
1037 1526 1353 1597 multipara,
1380 1535 1436 1582 et
1469 1542 1666 1597 magna
1702 1542 1769 1582 ex
1804 1532 1959 1595 parte

379 1617 612 1687 unipara
668 1628 818 1686 sunt,
866 1636 991 1691 quas
1031 1620 1309 1692 solipeda;
1355 1620 1671 1691 paucipara,
1706 1635 1826 1690 quae
1873 1620 1960 1676 bi-

379 1707 568 1772 Sulca;
602 1709 913 1780 multipara,
944 1726 1066 1781 qua
1093 1711 1383 1776 multiﬁda,
1429 1711 1526 1768 sed
1576 1711 1798 1780 elephas
1831 1725 1959 1769 sen-

380 1799 551 1859 tentia
582 1801 869 1870 ipsiusmet
894 1802 1208 1862 Aristotelis
1240 1804 1566 1861 multiﬁdum
1598 1812 1714 1871 est;
1764 1811 1820 1858 et
1859 1802 1956 1858 lib.

2056 1440 2309 1512 πάσχειν.
2346 1441 2707 1512 Ἀνέρποντας
2731 1440 2840 1512 γὰρ
2869 1442 2962 1494 ἐπὶ
2990 1439 3058 1494 τὰ
3080 1439 3311 1511 μέγιστα
3339 1437 3490 1503 ζώων
3521 1437 3634 1491 ἐλέ-

2058 1548 2284 1601 φαντας,
2320 1534 2448 1604 περὶ
2489 1533 2558 1586 τὰ
2581 1533 2727 1588 νῶτα
2753 1533 2847 1587 καὶ
2887 1532 3048 1602 νηδὺν
3092 1532 3308 1587 ἃπασαν
3337 1531 3629 1584 εἰλεῖσθαιθ

2058 1624 2233 1696 φλέϐα
2263 1625 2307 1678 δ’
2335 1625 2403 1698 ἢν
2426 1626 2492 1680 ἂν
2516 1626 2654 1701 τύχῃ
2681 1625 2950 1689 διελόντας
2978 1626 3226 1696 ὲμπίνειν
3258 1623 3350 1676 τοῦ
3380 1624 3632 1694 αἵματος,

2058 1717 2355 1789 ἀπλήστως
2390 1718 2827 1790 ὲπισπωμένουςη
2858 1717 3017 1788 βιαίῳ
3058 1718 3329 1787 πνεύματι
3374 1717 3468 1773 καὶ
3510 1732 3635 1769 συν-

2066 1808 2207 1879 τόνῳ
2260 1807 2443 1880 ῥοίζῳ.
2483 1811 2659 1882 Μέχρι
2719 1811 2815 1881 μὲν
2872 1805 2965 1863 οὖν
3013 1826 3156 1873 τινος
3207 1807 3638 1877 ὲξαναλουμὲνης

380 1904 420 1947 ll
466 1888 543 1950 De
586 1891 712 1948 hist.
756 1892 946 1958 anim.,
986 1908 1113 1965 cap.
1158 1894 1213 1959 l,
1244 1895 1460 1959 scribit,
1498 1892 1850 1965 Elephantum
1877 1895 1953 1950 di-

2068 1901 2301 1966 ὲκείνους
2326 1901 2571 1973 ἀντέχειν
2594 1902 2686 1955 ὑπ’
2714 1901 3025 1979 ἀμηχανίας
3054 1899 3520 1972 ἁνασκιρτῶντας,
3543 1896 3639 1953 καὶ

380 1986 519 2060 gitos
555 2001 772 2041 numero
799 1987 1024 2057 quinque
1065 1986 1340 2050 indivisos,
1392 1988 1671 2057 leviterque
1706 1989 1961 2044 discretos

381 2077 592 2141 habere,
624 2085 677 2133 et
708 2078 805 2137 lib.
835 2094 875 2135 tt
905 2078 983 2133 De
1003 2090 1145 2148 part.
1177 2081 1366 2144 anim.,
1395 2095 1517 2151 cap.
1562 2079 1651 2146 lli,
1699 2079 1964 2149 Elephan-

382 2179 461 2230 tes
494 2187 596 2231 non
628 2171 880 2236 bisulcas,
912 2189 1017 2227 non
1041 2172 1240 2231 solidos
1269 2173 1423 2244 pedes
1451 2174 1663 2236 habent,
1699 2173 1790 2228 sed
1826 2174 1965 2244 digi-

384 2272 542 2324 tulos.
574 2263 809 2320 Necesse
834 2265 1019 2335 itaque
1047 2273 1155 2331 est,
1188 2280 1286 2321 eos
1316 2281 1423 2321 non
1453 2281 1624 2320 unum
1653 2265 1746 2321 sed
1781 2266 1964 2335 plures

385 2370 498 2413 uno
536 2356 669 2416 nixu
702 2371 915 2426 parere.
959 2355 1097 2414 Nolo
1142 2355 1234 2412 hic
1262 2355 1472 2417 diutius
1501 2356 1802 2411 immorari.
1834 2354 1966 2411 Pete

384 2462 575 2507 eorum
607 2449 937 2510 solutionem
964 2464 1031 2504 ex
1058 2449 1291 2519 ipsomet
1322 2449 1614 2505 Aristotele
1648 2449 1771 2503 loco
1800 2450 1857 2504 d.
1889 2448 1965 2508 De

383 2554 562 2610 gener.
590 2541 758 2600 anim.
816 2540 1132 2612 Magnitudo
1157 2547 1212 2596 et
1239 2541 1412 2597 moles
1447 2543 1698 2611 corporis
1736 2541 1802 2595 ad
1836 2557 1964 2612 par-

384 2638 503 2693 tum
547 2632 827 2696 conducit,
866 2649 974 2689 non
1007 2635 1201 2704 pedum
1241 2634 1460 2690 diversa
1492 2650 1713 2705 genera,
1751 2644 1807 2690 et
1837 2644 1965 2693 nota

382 2722 552 2783 verba
598 2723 712 2788 illa,
749 2724 952 2798 Magna
996 2743 1063 2787 ex
1097 2736 1282 2797 parte;
1332 2742 1443 2784 non
1494 2728 1642 2785 enim
1694 2728 1966 2784 sententia

385 2814 480 2874 illa
535 2817 831 2888 regniaque
860 2834 1076 2891 semper
1116 2835 1266 2885 vera,
1298 2819 1402 2875 etsi
1433 2819 1762 2890 quandoque
1792 2834 1966 2891 oppo-

386 2906 576 2970 situm,
607 2908 691 2964 vel
727 2907 987 2982 Scaliger.
1027 2910 1113 2966 vel
1145 2910 1287 2967 alius
1320 2910 1509 2966 nescio
1543 2910 1688 2981 quis,
1721 2909 1858 2964 vidit
1914 2917 1969 2964 et

385 2999 748 3056 observavit:
782 3002 944 3058 habet
1001 3010 1184 3058 tamen
1243 3018 1403 3058 suum
1462 3002 1680 3074 pondus
1731 3010 1786 3058 et
1855 3003 1967 3057 vim

385 3090 736 3156 Aristotelica
768 3095 932 3160 ratio,
962 3108 1064 3150 nec
1090 3094 1215 3150 ideo
1254 3094 1449 3150 falsam
1497 3112 1622 3153 esse
1664 3094 1970 3151 constitue-

2059 1997 2125 2067 τῇ
2183 1994 2494 2066 προνομαίᾳ
2524 1994 2623 2067 τὴν
2657 1993 2897 2065 πλευρὰν
2937 1991 3259 2055 τύπτοντας,
3296 1990 3369 2054 ὡς
3418 1987 3638 2051 καθιζοοι

2065 2087 2260 2158 μένους
2304 2084 2414 2138 τῶν
2460 2084 2801 2153 δρακόντων·
2847 2078 2983 2147 εἶτα,
3040 2082 3129 2135 ἀεὶ
3169 2078 3493 2149 κενουμένου
3546 2074 3638 2129 τοῦ

2062 2176 2317 2242 ζωτικοῦ,
2362 2178 2538 2247 πηδᾷν
2581 2177 2677 2246 μὲν
2728 2175 2923 2245 μηκέτι
2961 2172 3241 2234 δύνασθαι,
3281 2166 3640 2238 κραδαινομές

2061 2290 2185 2337 νους
2211 2271 2255 2329 δ’
2290 2271 2531 2329 ἑστάναι.
2569 2270 2779 2343 Μικρὸν
2807 2270 2850 2323 δ’
2878 2269 3105 2339 ὕστερον
3151 2265 3245 2325 καὶ
3294 2261 3401 2316 τῶν
3436 2258 3641 2313 σκελῶν

2062 2361 2555 2432 ὲξασθενησάντων,
2591 2359 3044 2420 κατασεισθέντας
3075 2354 3400 2425 ἁποψύχειν.
3448 2350 3645 2405 Πεσόνν

2061 2472 2160 2518 τας
2195 2454 2252 2508 δὲ
2278 2456 2405 2518 τοὺς
2435 2453 2637 2518 αἰτίους
2674 2453 2767 2511 τοῦ
2819 2453 3047 2507 θανάτου
3095 2446 3489 2503 συναπολλύναι
3521 2444 3619 2517 τρό

2064 2566 2151 2619 πῳ
2182 2547 2397 2618 τοιῷδε.Δ
2437 2545 2645 2617 Μηκέτ⁹
2675 2544 2889 2615 ἔχοντες
2912 2542 3119 2615 τροφὴν
3145 2540 3194 2593 οἱ
3236 2538 3551 2610 δράκοντες,
3583 2534 3643 2589 ὃν

2065 2637 2390 2710 περιέθεσαν
2419 2636 2616 2708 δεσμὸν
2645 2634 3010 2707 ἐπιχειροῦσιν
3040 2631 3275 2694 ἐκλύειν,
3324 2627 3644 2701 ἀπαλλαγὴν

2064 2732 2163 2803 ἢδη
2192 2730 2505 2793 ποθοῦντες.
2547 2728 2682 2782 Ὑπὸ
2726 2727 2783 2782 δὲ
2833 2726 2927 2780 τοῦ
2963 2726 3162 2798 βάρους
3199 2723 3308 2777 τῶν
3338 2721 3644 2791 ἐλεφάντων

2066 2823 2372 2895 θλιϐόμενοι
2411 2821 2710 2885 πιέζονται,
2749 2820 2844 2874 καὶ
2876 2819 3011 2874 πολὺ
3046 2815 3244 2888 μᾶλλον
3271 2812 3486 2867 ἐπειδὰν
3506 2810 3645 2881 τύχῃ

2066 2916 2340 2988 στέριφος,
2384 2914 2478 2971 καὶ
2502 2911 2724 2974 λιθῶδες
2756 2911 2970 2980 ἔδαφος.
3005 2904 3389 2976 Ἰλυσπώμενοι
3416 2903 3525 2974 γὰρ
3552 2901 3646 2955 καὶ

2067 3010 2245 3064 πάντα
2290 3007 2570 3070 ποιοῦντες
2602 3007 2682 3068 εἰς
2715 3003 2955 3065 διάλυσιν
2993 3001 3099 3056 ὑπὸ
3126 3001 3223 3072 τῆς
3259 2996 3353 3053 τοῦ
3393 2996 3646 3058 πεσόντος

2069 3102 2192 3175 βίας
2237 3098 2558 3173 πεδηθέντες
2603 3097 2829 3165 ἑαυτοὺς
2874 3093 3225 3166 πολυτρόπως
3256 3093 3313 3144 ὲν
3342 3087 3647 3161 ἀμηχάνοις

387 3202 534 3245 mus.
568 3185 773 3244 Omnes
802 3190 949 3247 enim
982 3203 1199 3261 semper
1225 3188 1503 3253 dixerunt,
1542 3190 1825 3245 mulierem
1855 3203 1966 3244 uno

2069 3194 2164 3249 καὶ
2187 3194 2411 3263 ἀπόροις
2428 3191 2802 3262 γυμνάσαντες
2820 3186 3185 3255 ὲξασθενοῢσι,
3203 3183 3454 3253 καθάπερ
3476 3181 3527 3234 οἱ
3545 3196 3643 3233 κα-

388 3287 574 3355 partu,
609 3294 776 3334 unum
806 3287 1020 3337 tantum
1047 3295 1275 3355 parere;
1309 3281 1436 3351 quis
1464 3281 1519 3336 id
1547 3283 1807 3353 negabit?
1831 3281 1965 3337 vidi-

388 3384 513 3429 mus
538 3370 898 3432 nihilominus
928 3372 1230 3439 multoties,
1250 3387 1414 3431 unam
1439 3373 1628 3430 eodem
1659 3380 1818 3445 partu
1852 3375 1973 3444 pln-

388 3475 482 3522 res
515 3461 656 3521 lllios
703 3466 983 3535 genuisse,
1030 3471 1087 3527 et
1120 3465 1227 3520 alia
1271 3464 1530 3520 animalia
1576 3465 1680 3525 etsi
1728 3464 1972 3534 solipeda

391 3560 545 3613 sunt.
576 3553 721 3622 Quid
770 3556 936 3615 inde?
961 3556 1108 3628 quod
1160 3557 1216 3614 in
1263 3565 1462 3613 natura
1492 3570 1618 3615 raro
1663 3557 1884 3623 accidit,
1914 3557 1971 3613 in

391 3659 526 3710 uno,
555 3648 640 3702 vel
661 3648 718 3709 in
742 3648 1096 3719 quibusdam,
1124 3663 1234 3703 non
1269 3648 1324 3709 in
1354 3648 1612 3705 omnibus
1637 3656 1693 3704 et
1722 3662 1968 3718 semper;

391 3735 805 3800 allit‘mabimus.
834 3738 1146 3811 Gignuntur
1172 3740 1336 3799 etiam
1368 3740 1700 3811 quandoque
1726 3747 1972 3796 monstra

390 3836 449 3885 et
496 3828 769 3903 ἀλλοειδῆ.
825 3847 936 3891 non
988 3839 1170 3895 tamen
1221 3831 1277 3894 id
1332 3832 1414 3894 uti
1467 3831 1748 3909 proprium
1799 3831 1974 3891 ascri-

391 3921 609 3983 hcinus.

464 4014 628 4080 lbid.,
663 4015 758 4073 lin.
793 4016 886 4074 45.
920 4016 1107 4076 ’Ὅταν
1137 4015 1190 4070 δ’
1217 4017 1283 4085 ἐς
1320 4017 1568 4085 βόθρον.
1606 4013 1838 4078 Plinius,
1875 4014 1970 4070 lib.

388 4123 515 4172 vui,
545 4123 665 4178 cap.
702 4108 757 4173 8,
797 4107 987 4178 Africa
1033 4108 1194 4177 foveis
1240 4109 1405 4177 capit,
1436 4108 1489 4161 in
1531 4123 1664 4177 quas
1702 4106 1975 4165 deerrante

395 4202 573 4272 aliqua
597 4202 838 4271 protinus
867 4202 1044 4259 ueteri
1075 4209 1362 4272 congerunt
1389 4215 1590 4265 ramos,
1617 4198 1779 4257 moles
1799 4196 1975 4251 devol-

395 4303 545 4362 vunt,
585 4310 800 4367 aggeres
821 4301 1155 4360 construunt,
1176 4292 1417 4365 omnique
1438 4291 1489 4349 vi
1510 4300 1772 4346 conantur
1794 4299 1974 4351 extra.-

395 4387 535 4447 Itere.
613 4387 765 4447 Alias
819 4384 1072 4463 capiendi
1132 4384 1503 4461 domandique
1550 4383 1794 4437 rationes
1850 4380 1976 4437 vide

397 4479 540 4552 apud
570 4479 819 4539 eumdem
871 4477 1096 4543 ibidem,
1131 4485 1185 4533 et
1216 4476 1564 4541 Strabonem,
1597 4476 1692 4531 lih.
1736 4491 1826 4532 xv.
1863 4473 1975 4533 Nec

2071 3284 2476 3348 ταλευσθέντες,
2504 3285 2553 3337 οἳ
2575 3282 2786 3353 τείχους
2811 3279 3075 3351 αἰφνίδιον
3110 3275 3492 3346 ὑπενεχθέντος
3516 3286 3648 3342 προ-

2071 3377 2532 3450 καταληφθέντες.
2557 3376 2618 3430 οὐ
2654 3375 2698 3430 δ’
2723 3375 2845 3428 ὅσον
2872 3370 3145 3441 ἀνακύψαι
3168 3369 3454 3439 δυνάμενοι
3482 3364 3646 3435 πνιγῇ

2070 3469 2413 3527 τελευτῶσιν.
2450 3468 2626 3522 Aliam
2664 3465 2830 3535 hujus
2872 3479 3065 3535 pugna:
3115 3460 3379 3516 rationem
3414 3457 3651 3526 explicat

2073 3564 2349 3627 JElianus,
2375 3561 2472 3617 lib.
2516 3576 2592 3623 vi,
2621 3575 2743 3629 cap.
2782 3556 2874 3622 ﬁl,
2908 3570 3067 3627 quem
3099 3554 3242 3608 vide.
3290 3549 3565 3621 Attingam
3597 3555 3651 3601 et

2072 3655 2163 3710 hic
2208 3652 2472 3709 nonnulla
2501 3651 2569 3711 de
2614 3650 2905 3720 elephanto
2954 3661 3105 3702 more
3152 3660 3295 3708 meo,
3332 3641 3570 3697 breviter
3597 3647 3650 3694 et

2074 3745 2375 3809 succincte,
2408 3744 2463 3798 in
2501 3741 2702 3813 quibus
2732 3738 3040 3812 gravissimi
3082 3743 3336 3792 auctores
3389 3748 3499 3788 non
3521 3746 3652 3786 con-2

2072 3838 2321 3895 veniunt.
2368 3836 2607 3895 Plinius,
2634 3833 2730 3887 lib.
2761 3846 2882 3898 vm,
2912 3844 3033 3900 cap.
3072 3827 3160 3895 10,
3200 3826 3520 3896 elephantos
3578 3821 3652 3875 ait

2074 3928 2390 4000 animalium
2413 3924 2651 3981 maxime
2674 3921 2859 3980 odisse
2884 3935 3114 3983 murem,
3132 3918 3208 3973 ita
3227 3926 3285 3970 ut
3314 3914 3569 3986 pabulum
3596 3911 3650 3965 in

2074 4019 2340 4092 praesepio
2358 4018 2596 4089 positum
2622 4014 2885 4080 fastidiat,
2911 4012 2956 4067 si
2979 4025 3010 4063 a
3032 4024 3186 4064 mure
3208 4015 3414 4065 tactum
3433 4016 3652 4092 compe-

2073 4090 2230 4166 rerit.
2250 4108 2503 4165 Elianus
2520 4106 2596 4164 De
2624 4107 2811 4161 histor.
2845 4102 3091 4165 animal.,
3123 4100 3218 4157 lib.
3243 4115 3338 4160 vn,
3374 4095 3537 4164 capit.
3556 4090 3645 4158 ⁵51,

2074 4213 2129 4261 et
2151 4203 2248 4260 lib.
2284 4217 2396 4268 xvr,
2426 4215 2548 4271 cap.
2578 4197 2668 4261 36,
2703 4212 2855 4253 suem
2880 4211 2987 4252 non
3026 4201 3235 4249 murem
3276 4188 3480 4251 odisse,
3512 4183 3650 4239 scri-

2075 4300 2175 4355 blt.
2215 4295 2283 4349 Et
2309 4292 2661 4356 Plutarchus,
2695 4288 2936 4352 Είκότως
2981 4286 3037 4343 δὲ
3069 4284 3163 4337 καὶ
3188 4281 3267 4353 τῷ
3291 4279 3464 4333 λέοντι
3512 4272 3649 4347 πρὸς

2074 4391 2165 4444 τὸν
2205 4386 2558 4460 ἀλεκτρυόνα,
2605 4385 2699 4445 καὶ
2722 4382 2800 4455 τῷ
2839 4381 3088 4450 ἐλέφαντι
3114 4377 3248 4448 πρὸς
3273 4374 3362 4427 τὸν
3393 4364 3457 4426 ὗν
3496 4374 3650 4444 μῖσος

2078 4479 2296 4551 ἰσχυρὸν
2320 4473 2699 4546 γεγενηκέναι,
2730 4472 2825 4527 καὶ
2856 4470 2946 4524 τὸν
2979 4466 3163 4540 φόϐον.
3194 4463 3493 4536 Gregorius
3523 4464 3651 4517 item

398 4574 751 4635 invenustum
780 4582 884 4634 est,
923 4584 1025 4632 nec
1062 4571 1132 4628 ab
1164 4570 1382 4641 ingenio
1410 4568 1819 4640 elephantorum
1843 4566 1974 4622 alie-
2004 4582 2050 4644 ι)
2075 4572 2312 4636 Pisides,
2354 4567 2435 4623 De
2480 4565 2664 4623 mundi
2695 4564 2925 4634 opiﬁcio,

397 4680 554 4730 num,
574 4665 719 4740 quod
746 4672 936 4727 narrat
965 4662 1220 4727 (Elianus
1250 4663 1319 4718 de
1348 4662 1453 4724 his,
1474 4662 1569 4717 lib.
1599 4676 1693 4716 vm
1740 4659 1819 4718 De
1844 4659 1972 4717 hist.

398 4757 591 4823 enim,
623 4771 745 4826 cap.
778 4757 867 4821 15,
902 4757 1032 4811 dum
1074 4755 1253 4812 fossas
1283 4754 1562 4815 transilire
1590 4768 1700 4809 non
1744 4760 1972 4824 queunt.

401 4847 569 4909 ’Ὅταν
598 4847 901 4919 ὑπερϐῆναι
936 4848 1143 4921 τάφρον
1167 4847 1218 4900 οἱ
1257 4845 1549 4924 ἐλέφαντες
1578 4843 1652 4916 μὴ
1691 4842 1974 4909 δύνωνται,

398 4933 479 5005 εἷς
515 4943 545 5003 ὁ
585 4940 843 5018 μέγιστος
888 4940 1079 4992 ἑαυτὸν
1107 4937 1388 5010 ἐμϐάλλει,
1420 4937 1517 4998 καὶ
1546 4936 1778 5006 πλάγιος
1826 4934 1979 4993 ἵστα-

396 5051 508 5099 ται,
544 5036 640 5097 καὶ
661 5034 893 5109 γεφυροῖ
922 5032 985 5087 τὸ
1016 5031 1190 5095 κενὸν,
1232 5033 1327 5090 καὶ
1366 5032 1486 5094 κατ’
1513 5029 1678 5085 αὐτοῦ
1707 5028 1978 5100 βαίνοντες

396 5128 478 5189 εἰς
513 5124 575 5179 τὸ
603 5125 905 5196 ἀντιπέραν
937 5128 1071 5191 ἴασι,
1101 5126 1196 5188 καὶ
1221 5123 1678 5196 ἀποδιδράσκουσι
1716 5120 1979 5196 πρότερον

401 5213 585 5292 μέντοι
641 5218 848 5278 ἐκεῖνον
886 5214 1287 5285 ἀνασώσαντες.
1348 5213 1406 5271 '0
1454 5212 1510 5266 δὲ
1554 5214 1655 5283 τῆς
1706 5211 1979 5282 σωτηρίας

395 5306 601 5381 τρόπος
623 5301 776 5373 οὗτός
802 5310 971 5371 ἔστιν.
1013 5305 1250 5370 Ἀνωθέν
1282 5322 1366 5375 τις
1393 5304 1484 5357 τὸν
1514 5304 1649 5358 πόδα
1685 5302 1977 5382 προτείνει,

399 5400 493 5460 καὶ
526 5400 722 5473 ἐκείνῳ
750 5401 981 5473 παρέχει
1011 5401 1112 5473 τὴν
1144 5399 1477 5478 προϐοσκίδα
1522 5391 1863 5470 περιπλέξαι.
1915 5397 1979 5455 οι

398 5492 457 5546 δὲ
499 5492 650 5553 ἄλλοι
699 5494 951 5569 φρύγανα
985 5492 1343 5566 ἐμϐάλλουσιν
1371 5492 1433 5557 ἐξ
1472 5489 1603 5564 ὕλης
1647 5491 1873 5552 ἕκαστα,
1906 5481 1981 5544 ὧν

401 5583 700 5643 ἐπιϐαίνων
731 5586 1014 5660 εἰλημένος
1042 5588 1168 5649 τοὺς
1197 5586 1383 5651 πόδας,
1422 5584 1566 5663 μάλα
1597 5584 1878 5656 ἐγκρατῶς
1920 5600 1981 5645 τε

404 5679 498 5739 καὶ
529 5677 775 5743 εὐλαϐῶς
804 5679 1117 5733 ἀνασπᾶται
1151 5680 1345 5750 ῥᾷστα.

477 5767 639 5833 lbid.,
680 5769 778 5823 lin.
817 5768 905 5823 47.
936 5768 1004 5821 -Ὁ
1050 5767 1120 5821 δὲ
1159 5766 1399 5836 δράκων
1440 5769 1474 5821 ὁ
1528 5766 1700 5821 κατά.
1748 5765 1980 5830 Plinius,

406 5863 503 5927 lib.
536 5878 654 5932 vm,
681 5860 848 5939 capit.
877 5860 964 5928 il,
991 5859 1305 5937 Elephantes
1338 5861 1440 5929 fert
1462 5859 1666 5927 Africa,
1699 5859 1842 5919 ultra
1860 5858 1984 5926 Sur-

2182 4683 2294 4740 Kal
2323 4682 2443 4737 τῶν
2473 4680 2820 4752 ἐλεφάντων
2841 4675 3171 4752 ἐκφρϐοῦοςι
3202 4672 3268 4727 τῦ
3296 4668 3513 4752 κρᾴτος

2188 4739 2265 4811 Τὰ
2285 4753 2464 4825 μικρὰ
2493 4739 2883 4824 γρῦλλίζοντα
2909 4739 3028 4805 τῶν
3053 4745 3271 4815 χοίρων
3287 4739 3509 4810 βρέφη.

2076 4822 2308 4917 Quidam
2332 4822 2566 4901 Plinium
2592 4843 2877 4914 deceptum
2902 4838 3074 4895 fuisse
3098 4836 3356 4893 aﬂinitate
3376 4846 3569 4887 vocum
3590 4822 3655 4890 ὗς

2077 4949 2132 4998 et
2171 4937 2276 5018 μῦς
2308 4943 2644 4995 asseverant.
2677 4933 2944 4991 Caeterum
2975 4930 3212 4993 Plinius,
3245 4927 3349 4982 sub
3392 4925 3496 4979 line
3528 4936 3651 4992 cap.

2079 5033 2132 5098 9,
2168 5013 2392 5087 eosdem
2440 5028 2668 5085 minimo
2694 5026 2813 5083 suis
2847 5022 3071 5084 stridori
3103 5018 3301 5079 terreri
3335 5016 3510 5081 dixit;
3542 5013 3655 5068 Ho-

2078 5141 2198 5187 rus,
2226 5123 2321 5179 lib.
2356 5137 2418 5188 ιι,
2446 5136 2568 5191 cap.
2599 5119 2671 5175 85
2690 5125 2744 5177 et
2767 5117 2857 5182 86,
2882 5116 3107 5172 arietem
3138 5119 3193 5171 et
3216 5124 3368 5166 suem
3399 5107 3653 5171 horrere;

2079 5216 2371 5271 conﬁrmat
2397 5211 2672 5275 lElianus,
2723 5209 2820 5264 lib.
2854 5226 2871 5265 ι
2911 5207 2986 5262 De
3027 5206 3149 5260 hist.
3189 5201 3377 5266 anim,
3407 5212 3529 5268 cap.
3560 5195 3652 5251 38.

2082 5310 2281 5381 Sicque
2309 5306 2586 5365 Romanos
2612 5303 2812 5376 Pyrrhi
2842 5302 3188 5374 Epirotarum
3218 5297 3364 5367 regis
3398 5294 3661 5365 elephan-

2082 5412 2167 5459 tos
2200 5402 2256 5456 in
2304 5400 2487 5471 fugam
2522 5398 2776 5460 vertisse,
2811 5404 2866 5451 et
2900 5392 3186 5449 victoriam
3229 5388 3504 5459 retulisse,
3533 5385 3658 5458 Ὀρ-

2082 5494 2243 5567 ρωδεῖ
2291 5495 2320 5547 ό
2367 5491 2566 5562 ἐλέφας
2612 5488 2889 5561 κεράστην
2922 5485 3095 5558 κριὸν,
3137 5481 3234 5543 καὶ
3282 5479 3467 5552 χοίρου
3505 5476 3654 5567 βοήν.

2082 5585 2238 5641 Οὕτω
2265 5585 2469 5646 τοίνυν,
2498 5584 2651 5653 φασὶ,
2691 5581 2787 5635 καὶ
2800 5580 3056 5650 Ῥωμαῖοι
3084 5577 3210 5639 τοὺς
3242 5574 3338 5627 σὺν
3362 5570 3562 5644 Πύρρῳ
3578 5566 3658 5639 τῷ

2093 5675 2407 5750 Ἠπειρώτῃ
2427 5674 2722 5747 ἐτρέψαντο
2735 5671 3028 5739 ἐλέφαντας
3046 5684 3061 5698 ο
3093 5667 3187 5722 καὶ
3211 5667 3245 5736 ἡ
3273 5663 3397 5734 νίκη
3428 5663 3522 5716 σὺν
3546 5661 3662 5721 τοῖς

2094 5768 2389 5840 Ῥωμαίοις
2407 5764 2675 5837 λαμπρῶς
2700 5763 2933 5833 ἐγένετο.
2972 5760 3119 5817 Idem
3149 5758 3381 5822 Plinius,
3415 5755 3507 5811 lib.
3536 5767 3655 5814 vm,

2088 5875 2208 5919 can.
2247 5858 2299 5921 5,
2342 5855 2548 5912 Pudore
2582 5866 2850 5914 nunquam
2882 5849 2985 5907 nisi
3013 5850 3066 5909 in
3102 5847 3282 5906 abdito
3312 5851 3518 5906 coeunt,
3543 5856 3656 5896 mas
