4124 6498
528 333 635 391 949

1530 331 1596 385 IN
1645 330 2019 387 EUSTATHII
2059 328 2534 386 BEXAEMERON
2575 327 2809 385 ΝΟΤᾹΞ.

3671 332 3780 385 ατο

523 454 890 523 quinquennis.
935 452 1132 519 femina
1170 449 1431 507 ἀοι-σηπία.
1481 453 1806 510 Aristoteles
1831 495 1846 520 ,
1895 453 1992 508 lib.
2035 471 2059 505 v

2161 503 2164 513 ,
2193 451 2328 522 πρὸς
2346 449 2528 520 φιλίαν
2547 449 2894 521 μνημονικόν.
2917 448 3266 514 Aristoteles,
3287 448 3364 504 De
3379 449 3562 503 histor.
3581 451 3774 514 enim,

523 542 602 598 De
633 544 820 598 histor.
846 545 1034 606 anim.,
1069 559 1184 612 cap.
1219 544 1311 608 27,
1369 547 1587 600 nonnisi
1622 547 1882 602 vicesimo
1915 547 2090 603 aetatis

523 649 668 689 anno
698 636 845 691 coire
891 635 1073 690 tradit.
1113 633 1456 704 Elephantus,
1509 645 1617 689 tam
1655 653 1768 691 mas
1807 654 1964 707 quam
2007 637 2089 707 fe—

521 728 691 790 mina,
717 728 899 796 incipit
928 729 1071 781 coire
1091 744 1228 781 anno
1257 729 1431 780 celatis
1451 728 1710 783 vicesimo.
1744 728 1938 783 Mirum
1957 744 2089 784 sane

495 833 754 887 quanam
789 819 1001 872 ratione
1027 819 1244 887 quidam
1269 818 1323 870 in
1356 817 1409 870 d.
1445 819 1622 871 locum
1654 818 1816 872 Plinii
1852 835 1917 873 ex
1960 819 2086 871 Ari-

522 910 712 964 stotele
727 908 1077 972 adnotarunt,
1103 925 1225 963 eum
1253 908 1487 974 tradere,
1523 909 1821 978 elephantos
1851 927 1954 964 non
1982 910 2087 963 nisi

517 1009 634 1067 post
671 1003 965 1055 vicesimum
1019 1017 1215 1054 annum
1258 1004 1420 1063 coire,
1472 1011 1562 1054 aut
1608 1001 1832 1072 gignere.
1873 1002 2084 1058 Plinius

516 1089 585 1144 de
610 1105 798 1144 eorum
832 1091 1192 1160 appellatione
1225 1090 1278 1142 in
1306 1090 1479 1152 Italia,
1508 1105 1631 1158 cap.
1675 1089 1728 1152 6,
1763 1088 2082 1158 Elephantos

515 1180 545 1235 Ι
553 1183 681 1235 talia
709 1183 936 1250 primum
965 1183 1092 1235 vidit
1125 1181 1320 1252 Pyrrhi
1362 1182 1494 1251 regis
1526 1181 1680 1245 bello,
1704 1194 1752 1236 et
1800 1181 1946 1236 boves
1979 1181 2084 1236 Lu-

516 1285 605 1322 cas
647 1270 943 1337 appellarit,
974 1271 1028 1324 in
1071 1269 1295 1324 Lucanis
1326 1273 1462 1326 visos
1493 1289 1632 1324 anno
1657 1272 1800 1326 urbis
1828 1272 2082 1342 quadrin-

513 1364 792 1430 gentesimo
830 1363 1204 1430 septuagesimo
1235 1363 1479 1418 secundo.
1516 1362 1652 1418 Hinc
1681 1371 1734 1418 et
1781 1364 1929 1418 boves
1975 1363 2082 1417 Lu-

513 1453 634 1504 cani
671 1462 934 1506 vocantur
981 1456 1046 1505 ab
1075 1451 1304 1516 Isidoro.
1344 1455 1440 1508 lib.
1472 1470 1532 1518 tt,
1566 1455 1730 1524 capit.
1763 1454 1831 1520 2;
1883 1453 2078 1519 Varro,

511 1545 609 1600 lib.
638 1561 710 1608 vt,
741 1545 816 1600 De
844 1548 1023 1616 lingua
1056 1545 1272 1611 Latina,
1313 1563 1413 1603 nec
1442 1563 1470 1602 a
1518 1547 1708 1619 Libya,
1753 1563 1853 1603 nec
1890 1563 1920 1602 a
1965 1547 2079 1602 Lu-

511 1639 670 1691 cania
704 1638 884 1692 dictos
921 1648 1096 1708 putat,
1127 1638 1222 1694 sed
1254 1655 1282 1694 a
1330 1640 1465 1703 luce,
1497 1641 1644 1710 quod
1672 1641 1833 1712 longe
1867 1642 2081 1696 reluce-

509 1732 637 1785 bant
671 1741 890 1802 propter
918 1733 1200 1788 inauratos
1240 1735 1419 1804 regios
1461 1735 1706 1806 clypeos,
1735 1735 1934 1805 quibus
1962 1743 2077 1788 tur-

2189 542 2284 599 lib.
2317 557 2390 604 γι,
2417 555 2540 610 cap.
2570 540 2662 603 22,
2694 538 3098 595 Salacissimum
3137 541 3390 606 omnium,
3411 551 3518 593 tum
3548 540 3772 610 [emina-

2189 648 2307 685 rum
2327 641 2438 685 tum
2470 634 2719 696 marium,
2745 649 2905 702 equus
2922 642 3021 696 est,
3041 633 3248 687 homine
3273 643 3503 697 excepto,
3527 643 3580 688 et
3599 647 3773 702 equas

2187 723 2414 779 libidine
2467 723 2703 780 maxime
2750 725 2967 779 incendi
3003 736 3193 779 auctor
3238 732 3323 780 est
3347 724 3622 786 Ailiauus,
3667 725 3761 782 lib.

2187 830 2240 868 tv
2270 814 2344 868 De
2379 816 2568 869 histor.
2603 816 2852 880 animal.,
2885 831 3008 886 cap.
3055 817 3112 870 ll
3142 834 3156 882 ;
3211 833 3380 885 quare
3417 826 3467 872 et
3510 818 3767 872 mulieres

2186 905 2511 963 libidinosas
2541 907 2610 961 ab
2634 907 2714 963 eis
2745 910 2835 978 qui
2874 908 3183 963 convicium
3215 907 3392 963 facere
3419 909 3640 964 student
3670 924 3766 961 vo-

2183 997 2297 1049 cari
2335 997 2512 1052 solere
2553 1013 2736 1065 equas.
2795 998 2978 1061 Μόνας
3019 998 3202 1052 ἀκούω
3232 999 3337 1052 τῶν
3370 997 3520 1062 ζώων
3550 999 3648 1063 τὰς
3675 1001 3765 1052 ἰπ-

2186 1103 2320 1150 πους
2354 1088 2448 1139 καὶ
2482 1085 2718 1150 κυούσας
2745 1088 3037 1158 ὑπομένειν
3062 1090 3160 1159 τὴν
3185 1089 3294 1141 τῶν
3326 1090 3568 1160 ἀρρένων
3596 1091 3758 1161 μίξιν.

2183 1173 2336 1229 Εἶναι
2364 1177 2471 1248 γὰρ
2494 1177 2854 1246 λαγνιστὰτας
2878 1195 2890 1207 ·
2914 1178 3000 1230 διὰ
3027 1178 3202 1231 ταῦτά
3227 1196 3307 1231 τοι
3335 1179 3424 1231 καὶ
3449 1180 3552 1230 τῶν
3581 1196 3764 1246 γυναι-

2182 1267 2293 1321 κῶν
2319 1268 2416 1332 τὰς
2445 1269 2796 1333 ἀκολάστους,
2827 1270 2933 1324 ὑπὸ
2968 1271 3075 1323 τῶν
3117 1272 3452 1343 σεμνοτέρως
3480 1271 3646 1335 αὐτὰς
3666 1272 3758 1325 εὐ-

2181 1357 2444 1412 θυνόντων
2483 1358 2765 1414 καλείσθαι
2812 1360 3027 1423 ἵππους.
3085 1360 3149 1413 Et
3197 1362 3516 1417 Aristotcles
3563 1378 3758 1432 equam

2179 1461 2374 1504 natura
2405 1451 2747 1506 libidinosam
2781 1453 3014 1514 vocavit,
3042 1453 3136 1506 lib.
3172 1469 3223 1508 tv
3261 1453 3337 1507 De
3365 1470 3538 1524 gener.
3567 1456 3754 1520 anim.,

2179 1556 2301 1611 cap.
2337 1543 2389 1598 5.
2425 1542 2553 1597 Sola
2578 1544 2716 1598 enim
2754 1545 3090 1606 animalium,
3130 1553 3190 1598 ut
3231 1545 3370 1600 idem
3403 1547 3598 1615 inquit,
3635 1562 3755 1599 mu-

2180 1631 2279 1685 lier
2307 1643 2358 1687 et
2392 1651 2523 1705 equa
2567 1635 2785 1706 gravida
2825 1638 3015 1690 coitum
3067 1637 3384 1702 patiuntur;
3426 1646 3479 1692 et
3521 1639 3646 1693 libr.
3681 1656 3754 1692 vtt

2181 1722 2258 1778 De
2280 1724 2468 1781 histor.
2505 1727 2754 1794 animal.,
2789 1743 2909 1797 cap.
2946 1729 3001 1792 4,
3035 1727 3229 1783 Mulier
3253 1737 3301 1782 et
3336 1745 3488 1796 equa,
3523 1731 3754 1784 omnium

508 1837 595 1876 res
625 1838 812 1876 eorum
843 1831 1049 1877 urnatte
1075 1824 1311 1878 fuerunt.
1344 1828 1506 1878 Arma
1532 1841 1744 1888 eorum,
1783 1832 1841 1878 ut
1866 1841 1932 1880 ex
1961 1825 2059 1879 Pli-

2177 1813 2402 1868 maxime
2419 1817 2750 1880 animalium,
2769 1817 2998 1886 gravida!
3014 1817 3204 1870 coitum
3222 1818 3524 1886 patiuntur:
3541 1827 3750 1888 ca'tera,

503 1914 618 1978 nio,
651 1930 772 1984 cap.
825 1916 878 1976 ὅ,
924 1916 1207 1980 habemus,
1240 1913 1377 1970 Juba
1413 1933 1505 1972 rex
1539 1933 1734 1971 cornua
1755 1917 2064 1986 appellavit.

505 2000 679 2055 Varro
736 2017 973 2072 quoque,
1013 2004 1108 2058 lib.
1155 2019 1210 2058 v1
1253 2004 1329 2059 De
1357 2005 1536 2077 lingua
1581 2006 1794 2076 Latina,
1829 2013 1918 2067 illa
1946 2027 2069 2068 esse

500 2107 706 2146 cornua
758 2101 932 2162 putat,
1004 2104 1058 2149 et
1101 2096 1421 2164 Pausanias,
1477 2100 1570 2154 lib.
1620 2118 1672 2161 ν,
1716 2113 1769 2158 et
1815 2104 2066 2162 [Elianus

500 2182 624 2236 libr.
657 2199 746 2236 xiv
779 2183 849 2236 De
881 2183 1068 2239 histor.
1109 2187 1296 2250 anim.,
1328 2189 1494 2259 capit.
1541 2207 1594 2251 ν,
1621 2199 1675 2245 et
1711 2193 1804 2249 lib.
1839 2210 1912 2261 tv,
1941 2210 2062 2266 cap.

496 2273 593 2338 3'1;
626 2281 677 2329 et
723 2275 1020 2345 Oppianus,
1052 2277 1175 2334 libr.
1215 2296 1252 2334 ιι
1282 2282 1529 2350 Κυνηγ.,
1558 2285 1906 2353 reprehendit
1947 2289 2065 2342 vul-

498 2381 677 2435 garem
724 2367 1037 2438 opinionem
1086 2371 1153 2424 de
1199 2370 1357 2426 dente
1404 2375 1713 2443 elephanti,
1764 2386 1818 2431 et
1870 2381 2064 2449 probat

496 2456 708 2511 duobus
733 2461 1089 2528 argumentis,
1117 2469 1230 2514 tum
1254 2462 1398 2531 quod
1429 2481 1458 2518 e
1487 2467 1665 2535 capite
1693 2468 1922 2534 oriatur,
1950 2471 2063 2527 sive

496 2562 562 2600 ex
610 2550 819 2612 cranio,
868 2550 1012 2619 quod
1066 2567 1274 2606 cornua
1329 2557 1606 2624 proprium
1674 2559 1903 2625 habent;
1947 2572 2058 2617 tum

491 2637 636 2708 quod
665 2654 725 2693 se
756 2641 1087 2709 poliendum,
1117 2646 1434 2710 secandum,
1465 2647 1790 2718 fingendum,
1821 2653 2061 2707 forman-

492 2730 730 2799 dumque
782 2733 1036 2800 przebeat,
1081 2735 1224 2803 quod
1271 2752 1538 2806 nusquam
1590 2740 1781 2795 dentes
1832 2741 2054 2796 faciunt.

496 2817 691 2874 Dentes
722 2827 902 2876 tamen
935 2839 1057 2878 esse
1093 2864 1107 2887 ,
1149 2832 1203 2879 et
1251 2842 1357 2879 non
1389 2843 1594 2882 cornua
1624 2835 1848 2885 tuentur
1887 2830 2058 2888 Hero-

491 2909 687 2977 dotus;
717 2911 1057 2979 Aristoteles,
1091 2916 1185 2969 lib.
1223 2932 1281 2970 ιιι
1317 2918 1387 2972 De
1417 2919 1611 2987 partib.
1657 2923 1902 2989 animal.,
1932 2939 2053 2994 cap.

489 2997 543 3058 2,
591 3008 646 3052 et
691 3001 812 3055 libr.
848 3019 886 3056 ιι
938 3003 1142 3059 Histor.
1187 3009 1429 3073 animal.,
1481 3025 1605 3080 cap.
1653 3011 1716 3078 5;
1765 3011 2054 3085 Dionysius

486 3087 640 3152 Afer,
671 3090 1064 3163 ’Περιηγήσεμ
1088 3097 1318 3159 Plinius,
1348 3100 1471 3153 libr.
1505 3118 1623 3166 vut,
1652 3119 1771 3172 cap.
1805 3105 2050 3171 5;Clau-

2175 1903 2263 1956 ubi
2283 1906 2500 1975 gravida
2522 1908 2737 1976 fuerint,
2755 1908 2960 1978 fugiunt
2990 1925 3182 1972 mares,
3213 1925 3275 1962 ea
3303 1909 3500 1962 scilicet
3528 1925 3750 1978 quorum

2174 2006 2364 2051 natura
2382 1999 2702 2069 superfetare
2718 2017 2860 2054 more
2874 2000 3062 2069 leporis
3077 2009 3300 2055 recusat.
3317 2000 3547 2064 Plinius,
3575 2003 3669 2056 lib.
3693 2019 3746 2066 ι,

2172 2101 2291 2156 cap.
2323 2088 2411 2151 45,
2437 2097 2490 2144 et
2515 2106 2665 2146 suem
2689 2091 2993 2162 conjungit.
3023 2091 3220 2146 Mirum
3257 2102 3312 2145 ut
3352 2093 3748 2164 quadrupedum

2170 2190 2496 2248 pra’gnantes
2542 2180 2788 2236 Venerem
2819 2193 3018 2244 arcent,
3054 2193 3244 2252 praeter
3279 2201 3464 2255 equam
3503 2193 3551 2238 et
3581 2202 3745 2240 suem.

2170 2268 2454 2325 Rationem
2499 2271 2665 2341 hujus
2713 2272 2882 2329 habes
2931 2275 3074 2343 apud
3115 2275 3485 2340 Aristotelem,
3540 2276 3634 2332 lib.
3693 2292 3750 2332 tv

2170 2357 2248 2412 De
2284 2362 2618 2430 generatione
2657 2364 2900 2430 animal.,
2946 2381 3068 2435 cap.
3107 2365 3159 2420 5.
3194 2363 3260 2418 Et
3284 2366 3410 2436 quia
3447 2367 3620 2421 solida
3649 2383 3747 2422 na-

2168 2455 2290 2503 tura
2313 2460 2398 2507 est
2430 2470 2444 2507 :
2476 2464 2529 2508 et
2564 2455 2734 2509 solida
2773 2465 2902 2510 sunt
2931 2455 3162 2512 Veneris
3193 2461 3587 2526 appetentiora,
3619 2474 3743 2513 cum

2169 2553 2387 2598 careant
2419 2547 2758 2616 purgatione,
2786 2564 2904 2618 qua:
2931 2548 3153 2617 perinde
3176 2560 3258 2604 est
3288 2549 3524 2614 feminis,
3554 2558 3613 2604 ut
3631 2551 3746 2604 coi-

2167 2643 2256 2688 tus
2293 2635 2568 2700 maribus;
2607 2645 2662 2690 et
2689 2654 2827 2708 equa
2863 2650 3143 2694 menstrua
3183 2641 3402 2696 minime
3428 2641 3646 2696 emittit.
3680 2639 3744 2695 Et

2164 2723 2311 2794 quod
2340 2725 2417 2780 illi
2465 2727 2670 2797 aliquid
2706 2731 2869 2799 spatii
2908 2731 2962 2785 in
2999 2740 3155 2786 utero
3195 2741 3467 2802 superest,
3508 2731 3743 2801 amplius

2163 2831 2326 2886 quam
2350 2825 2409 2870 ut
2439 2817 2506 2872 ab
2527 2834 2636 2873 uno
2665 2829 2984 2890 occupetur,
3005 2823 3212 2877 arctius
3237 2836 3399 2891 quam
3430 2829 3488 2874 ut
3510 2822 3741 2875 alterum

2163 2904 2405 2975 perfecte
2450 2909 2622 2978 possit
2667 2910 3029 2980 superfetari;
3074 2919 3128 2967 et
3173 2913 3267 2966 lib.
3310 2927 3382 2966 vn
3428 2912 3504 2966 De
3549 2912 3738 2968 histor.

2163 2998 2412 3062 animal.,
2441 3015 2564 3071 cap.
2595 3000 2686 3066 22,
2717 3018 2984 3072 equorum
3037 3012 3168 3059 tunc
3209 3011 3511 3059 armentum
3557 3004 3737 3075 perfe-

2162 3099 2312 3143 ctum
2350 3104 2497 3156 esse,
2538 3108 2661 3146 cum
2708 3105 2960 3164 parentes
2985 3111 3137 3150 suam
3181 3096 3369 3151 ineunt
3398 3097 3625 3167 prolem,
3654 3098 3738 3152 vel

486 3179 702 3247 dianus,
733 3184 825 3238 lib.
861 3202 917 3239 ιιι
964 3186 1037 3240 De
1077 3188 1322 3243 laudibus
1352 3190 1660 3257 Stiliconis;
1694 3194 1892 3261 l-lorus,
1929 3199 2052 3252 libr.
2083 3185 2126 3240 (ἶ
2159 3179 2292 3247 Ρυίίί
2339 3189 2564 3236 ωθῑτοεο
2601 3180 2875 3253 Quidquid
2921 3191 3101 3239 lamen
3140 3187 3232 3251 sit,
3269 3187 3500 3258 insignis
3545 3188 3738 3258 legitur

488 3281 550 3328 It,
579 3283 698 3337 cap.
737 3269 824 3323 88.
860 3272 1012 3325 Hanc
1040 3277 1364 3329 sententiam
1391 3281 1578 3334 multis
1602 3283 1903 3340 rationibus
1935 3303 2060 3342 con-

485 3355 665 3411 ﬁrmat
690 3359 1074 3428 Philostratus,
1108 3366 1230 3419 libr.
1259 3383 1296 3421 ιι
1329 3367 1407 3422 De
1445 3367 1563 3424 Vita
1593 3374 1879 3441 Apollonii.
1913 3381 2060 3432 Pau-

484 3451 653 3505 sania:
689 3465 1008 3523 argumenta
1053 3473 1152 3527 pro
1205 3461 1380 3529 prima
1429 3467 1701 3520 sententia
1747 3483 1910 3537 quam
1948 3473 2059 3526 sint

485 3539 699 3598 infirma
751 3545 911 3603 docet
963 3547 1204 3607 Joannes
1260 3553 1524 3611 Bodinus.
1581 3555 1896 3628 Juvenalis,
1957 3562 2056 3618 Sa-

483 3643 585 3705 tyr.
623 3634 718 3692 ll:

585 3723 840 3810 gentibus
862 3746 932 3810 ea:
953 3731 1061 3810 illis
1091 3749 1218 3801 quos
1240 3737 1410 3810 _n_tittit
1442 3755 1602 3810 porca
1627 3758 1828 3810 syenes,

591 3795 658 3882 [Et
691 3797 872 3882 Mauri
899 3795 1206 3882 celeres,_.et._
1228 3805 1423 3882 Mauro
1442 3795 1727 3882 obscurior
1757 3795 1948 3882 In'dus,

586 3865 656 3947 {Et
679 3884 806 3947 quos
832 3869 1068 3947 deposuit
1096 3865 1373 3947 Nabal/tea
1406 3879 1580 3933 bellua
1607 3865 1772 3947 saltu,

584 3934 711 3990 lant
745 3934 956 4003 nimios,
992 3945 1250 4016 capitique
1283 3964 1486 4016 graves.

479 4043 544 4100 Et
573 4048 789 4104 tandem
813 4061 868 4106 ut
887 4052 971 4107 bis
994 4059 1387 4115 controversiis
1411 4062 1738 4120 enarrandis
1765 4064 1926 4121 linem
1954 4067 2052 4122 im-

480 4153 698 4206 ponam,
718 4139 1003 4198 Cardanus
1034 4156 1195 4216 negat
1219 4149 1384 4203 ullum
1405 4152 1606 4207 animal
1629 4158 1818 4210 tandiu
1845 4159 2045 4224 vivere,

478 4230 616 4285 duce
651 4242 703 4286 et
752 4235 1014 4303 magistro
1035 4237 1354 4307 Aristotele,
1386 4244 1478 4312 qui
1510 4244 1604 4299 lib.
1656 4245 1731 4301 De
1785 4248 1969 4319 longit.
1997 4260 2047 4304 et

478 4323 730 4378 brevitate
790 4327 912 4380 vitae
978 4329 1053 4383 ait
1121 4332 1437 4388 animalium
1509 4337 1855 4407 elephantum
1925 4358 2048 4397 eSse

473 4424 527 4466 et
559 4414 890 4484 longissimae
935 4422 1060 4476 vita:
1093 4442 1106 4476 :
1143 4431 1197 4478 et
1228 4425 1378 4481 varie
1409 4441 1628 4483 causam
1688 4432 2043 4502 longitudinis

2160 3269 2405 3319 narratio
2433 3267 2500 3320 de
2529 3271 2780 3324 castitate
2811 3287 3106 3340 equorum;
3142 3274 3228 3328 ubi
3246 3276 3390 3329 enim
3421 3277 3623 3345 pullus,
3641 3277 3737 3332 do-

2161 3351 2293 3408 losis
2320 3354 2696 3420 vafrautentis,
2723 3359 2966 3427 oleisque
2997 3359 3362 3429 fragrantibus
3391 3371 3446 3417 et
3473 3363 3736 3418 odoribus

2158 3443 2440 3513 deceptus,
2459 3461 2583 3499 cum
2611 3457 2802 3513 matre,
2820 3458 2874 3503 et
2897 3451 3014 3518 ipsa
3043 3451 3237 3514 inscia,
3259 3453 3525 3507 incestum
3557 3455 3736 3508 admi-

2156 3537 2354 3604 sisset;
2397 3553 2456 3592 re
2486 3546 2609 3608 post
2648 3541 2756 3595 tale
2796 3540 3056 3612 ﬂagitium
3092 3546 3332 3614 cognita,
3364 3555 3416 3600 et
3459 3547 3642 3612 pullus
3675 3558 3731 3603 et

2155 3634 2332 3682 mater
2352 3629 2661 3698 pracipites
2685 3646 2745 3685 se
2765 3641 3015 3702 egerunt.
3037 3633 3166 3689 Eam
3192 3635 3362 3691 babes
3386 3636 3529 3705 apud
3557 3635 3732 3692 Elia-

2154 3735 2308 3782 num,
2353 3720 2428 3774 De
2468 3720 2596 3778 hist.
2642 3723 2863 3779 animal.
2909 3725 3003 3780 lib.
3035 3741 3109 3789 tv,
3153 3742 3274 3797 cap.
3311 3727 3373 3794 7;
3421 3726 3727 3798 Oppianum

2153 3811 2364 3882 Κυνηγ.
2400 3812 2492 3868 lib.
2521 3829 2594 3877 tt;
2625 3813 2974 3872 Aristotelem
3008 3858 3023 3882 ,
3073 3818 3167 3874 lib.
3201 3833 3255 3873 ιι
3295 3817 3373 3873 De
3401 3819 3588 3876 histor.
3615 3823 3730 3874 ani-

2153 3899 2308 3966 mal.,
2339 3916 2459 3971 cap.
2501 3902 2606 3964 47;
2648 3903 2908 3972 Plinium,
2941 3907 3035 3962 lib.
3068 3926 3184 3976 vni,
3231 3925 3354 3980 cap.
3377 3910 3480 3977 42;
3526 3909 3729 3966 Varro.

2151 4003 2297 4052 nem,
2350 3990 2446 4045 lib.
2484 4007 2523 4045 ιι
2559 3991 2637 4046 De
2695 4011 2752 4048 re
2805 3998 3024 4062 rustica,
3061 4013 3182 4069 cap.
3229 3999 3282 4055 7.
3319 3999 3423 4066 Qui
3469 4001 3571 4056 etsi
3617 4007 3726 4057 nan

2148 4094 2340 4136 omnes
2369 4082 2424 4135 in
2448 4085 2700 4141 omnibus
2728 4089 3197 4155 conveniunt,.sed
3217 4091 3374 4146 aliter
3402 4092 3543 4148 alius
3573 4108 3726 4147 com-

2149 4177 2434 4235 memoret,
2467 4181 2670 4228 statum
2709 4175 2762 4229 id
2791 4187 2892 4241 est,
2915 4177 3260 4249 ﬁrmumque,
3279 4197 3558 4251 equosque
3598 4183 3722 4238 tllos

2148 4273 2262 4314 suae
2289 4263 2629 4320 castimoniae
2667 4278 3040 4333 monumenta,
3074 4280 3248 4329 morte
3280 4273 3499 4340 pr0pria
3531 4284 3717 4342 poste-

2147 4351 2222 4406 ris
2251 4354 2561 4423 reliquisse.
2611 4356 2820 4412 Similia
2854 4375 3070 4432 quoque
3096 4360 3164 4427 de
3198 4361 3422 4416 camelis
3457 4361 3722 4418 Aristote-

2147 4443 2225 4499 les
2253 4445 2386 4502 ibid.
2422 4457 2631 4512 narrat,
2663 4457 2716 4504 et
2753 4453 2952 4521 repetit
2985 4454 3126 4520 Περὶ
3165 4454 3513 4523 θαυμασίων
3542 4455 3720 4509 ἀκου-

474 4504 756 4563 brevitatis
811 4511 934 4566 vita:
994 4517 1374 4585 prosequitur,
1431 4527 1485 4574 et
1526 4519 1605 4574 De
1648 4533 1882 4591 generat.
1931 4528 2043 4580 ani-

2161 4534 2405 4603 γμάτων,
2438 4546 2491 4592 et
2511 4504 2764 4596 Eli'anus

474 4597 600 4650 mal.
636 4598 729 4652 lib.
757 4615 828 4661 tv,
853 4616 973 4671 cap.
1007 4604 1094 4669 10,
1130 4606 1402 4663 hominem
1439 4611 1560 4680 plus
1594 4617 1854 4684 temporis
1875 4633 2040 4686 quam

471 4689 701 4758 quodvis
739 4695 938 4749 animal
974 4696 1154 4752 vivere
1203 4703 1415 4766 scribit,
1451 4713 1678 4772 excepto
1725 4709 2036 4778 elephanto.

470 4782 645 4838 Julius
679 4784 921 4858 Scaliger
968 4793 1192 4845 exercit.
1243 4793 1349 4849 204
1396 4799 1731 4852 contrarium
1788 4803 1918 4855 vult.
1974 4802 2038 4858 Ni

471 4874 676 4943 majora
712 4893 797 4931 me
827 4879 895 4932 ab
931 4879 1121 4935 harum
1148 4887 1598 4942 exercitationum
1623 4892 1806 4946 studio
1837 4893 2040 4949 distra-

470 4965 681 5026 herent,
723 4969 1066 5024 ostenderem
1091 4981 1245 5028 tanto
1271 4975 1410 5039 viro,
1438 4989 1699 5046 quantum
1733 4983 1784 5035 in
1824 4983 2038 5040 Aristo-

468 5065 485 5106 t
523 5055 588 5108 lis
617 5057 864 5111 doctrina
898 5061 1084 5117 varius
1109 5082 1122 5117 :
1146 5077 1408 5134 quantum
1437 5069 1507 5122 ab
1540 5069 1660 5139 ipso
1687 5072 2032 5139 Aristoteles,

467 5155 517 5197 et
542 5147 662 5216 ejus
703 5154 1120 5219 argumentandi
1153 5158 1334 5223 modo,
1366 5163 1851 5235 perquirendarque
1893 5169 2036 5223 veri-

469 5237 596 5289 tatis
625 5242 836 5295 ratione
871 5243 1122 5301 diversus
1150 5247 1385 5304 aberret.

534 5326 650 5380 Col.
709 5330 832 5393 744,
881 5333 978 5391 lin.
1027 5335 1081 5390 4.
1137 5339 1359 5408 Θερμὸς
1409 5344 1442 5395 ό
1500 5342 1700 5410 ἵππος.
1762 5345 2030 5416 Basilius,

467 5413 612 5469 bom.
641 5420 709 5474 9:
747 5423 1020 5503 ’ῐδιὼμθσι
1047 5427 1104 5481 δὲ
1131 5429 1404 5502 διαφόροις
1453 5431 1681 5487 ἕκαστον
1727 5436 1835 5490 τῶν
1877 5413 2033 5502 ζώων

466 5505 733 5598 κέκριται.
758 5514 1040 5591 Εὐσταθὴς
1063 5521 1160 5591 μὲν
1187 5521 1295 5594 γὰρ
1325 5525 1354 5576 6
1376 5524 1522 5594 βοῦς,
1549 5527 1726 5598 νωθὴς
1753 5529 1810 5582 δὲ
1842 5532 1871 5584 ό
1890 5532 2029 5597 ὄνος,

464 5597 662 5693 θερμὸς
688 5603 743 5657 δὲ
774 5608 803 5658 6
833 5608 996 5676 ἵππος
1029 5614 1165 5683 πρὸς
1213 5616 1501 5687 ἐπιθυμίαν
1532 5619 1626 5673 τοῦ
1657 5619 1867 5693 θήλεος,
1910 5626 2029 5678 ἀτι-

461 5685 753 5756 θάσσευτος
779 5698 808 5748 ό
845 5697 1028 5766 λύκος,
1053 5703 1266 5776 δολερὸν
1306 5707 1338 5777 ή
1369 5685 1613 5780 ἆλὼτιηξ,
1648 5685 1879 5786 δεὶλδείή
1908 5715 2030 5768 ἕλα-

463 5799 580 5851 φος.
609 5787 636 5839 ὁ
672 5787 895 5862 μύρμηξ
942 5796 1243 5863 φιλόπονος,
1294 5802 1609 5874 εὐχάριστον
1655 5807 1682 5860 6
1725 5807 1889 5874 κύων,
1937 5812 2029 5864 καὶ

2214 4627 2352 4683 Ibid.
2408 4633 2610 4698 Νωθὸς
2664 4636 2698 4687 ὁ
2753 4635 2894 4701 ὄνος
2950 4637 3072 4692 καί.
3135 4637 3406 4704 Basilius,
3459 4638 3604 4694 hom.
3641 4641 3714 4697 8:

2142 4713 2263 4772 Οἵδε
2287 4719 2385 4791 τὴν
2419 4723 2620 4795 συνήθη
2668 4726 2850 4796 φωνὴν
2883 4728 2911 4779 6
2939 4728 3077 4792 ὄνος,
3112 4725 3248 4784 οἶδεν
3279 4729 3396 4782 ὁδὸν
3421 4731 3486 4801 ἦν
3516 4731 3714 4787 πολλά-

2143 4825 2229 4871 κις
2255 4809 2489 4875 ἐϐάδισε,
2523 4814 2617 4866 καί
2651 4832 2753 4866 που
2783 4816 2875 4868 καὶ
2914 4817 3104 4888 όδηγὸς
3145 4818 3314 4871 ἐνίοτε
3351 4820 3713 4888 ἀποσφαλέντι

2140 4902 2346 4969 γίνεται
2380 4905 2457 4975 τῷ
2485 4906 2612 4960 ἄνω.
2651 4907 2723 4961 Τὸ
2745 4909 2800 4962 δὲ
2829 4909 3086 4982 όξυήκοον
3113 4913 3206 4964 τοῦ
3244 4911 3401 4976 ζὼου,
3433 4913 3553 4967 οὐδὲ
3588 4915 3714 4971 ἄλλο

2137 5011 2189 5045 τι
2241 4993 2383 5065 ἔχειν
2414 4995 2629 5064 λέγεται
2678 4999 2788 5052 τῶν
2841 5002 3131 5071 χερσαίων.
3169 5002 3441 5069 Ᾱῑιίσηιιδ,
3483 5005 3578 5060 lib.
3612 5022 3709 5069 νη,

2137 5099 2258 5153 cap.
2286 5086 2353 5140 l9
2380 5106 2393 5141 :
2429 5089 2537 5140 Καὶ
2574 5090 2746 5143 ταῦτα
2779 5092 2837 5144 δὲ
2876 5093 2946 5146 τὰ
2979 5094 3084 5149 ἴδια
3114 5094 3223 5148 τῶν
3261 5094 3413 5160 ζώων
3447 5099 3621 5151 εἰπεῖν
3649 5099 3711 5153 οὐ

2135 5176 2316 5247 χεῖρόν
2359 5177 2495 5234 ἐστι.
2557 5180 2906 5255 Νωθέστερόν
2953 5202 3070 5249 suo;
3109 5184 3255 5238 δοκεί
3297 5186 3566 5267 πρόϐατον
3618 5191 3710 5244 καὶ

2135 5265 2270 5328 ὄνος.

2208 5355 2369 5422 lbid.,
2421 5359 2516 5414 lin.
2571 5362 2624 5416 5.
2671 5364 3068 5431 Mrncrlxaxor
3097 5365 3382 5435 κάμηλος.
3439 5369 3706 5433 Basilius,

2135 5450 2282 5506 hom.
2319 5451 2389 5506 8:
2421 5452 2495 5505 T6
2522 5452 2576 5506 δὲ
2603 5455 2712 5508 τῶν
2742 5457 3002 5528 καμήλων
3033 5457 3386 5528 μνησίκακον,
3409 5461 3500 5515 καὶ
3539 5461 3706 5532 βαρύ-

2136 5559 2286 5612 μηνι,
2321 5545 2414 5596 καὶ
2443 5544 2662 5616 διαρκὲς
2687 5547 2823 5618 πρὸς
2848 5548 3016 5620 ὀργὴν
3043 5548 3096 5602 τί
3129 5549 3196 5603 ἂν
3226 5553 3563 5623 μιμήσασθαι
3598 5554 3705 5607 τῶν

2133 5632 2430 5688 θαλαττίων
2470 5635 2719 5704 δύναιτο;
2749 5639 2922 5692 Πάλαι
2961 5641 3090 5694 ποτὲ
3131 5643 3398 5713 πληγεῖσα
3441 5645 3701 5716 κάμηλος,

2135 5723 2330 5794 μακρῷ
2363 5726 2540 5797 χρόνῳ
2579 5731 2986 5802 ταμιευσαμένη
3018 5733 3115 5803 τὴν
3152 5734 3332 5804 μῆνιν,
3372 5737 3590 5791 ἐπειδὰν
3611 5736 3703 5789 εἰ-

2137 5816 2354 5888 καιρίας
2378 5817 2629 5891 λάϐηται,
2661 5821 2720 5875 τὸ
2748 5822 2911 5877 κακὸν
2941 5825 3289 5883 ἀντιδίδωσιν.
3309 5829 3701 5887 Confirmattn'v
