  <div class='ocr_page' id='page_1' title='image "/cluster/home/n/w/nwhite01/storage/ocr_20150623/18/coo.31924054872985/490.png"; bbox 0 0 4124 6410; ppageno 0'>
   <div class='ocr_carea' id='block_1_1' title="bbox 341 335 449 394">
    <p class='ocr_par' dir='ltr' id='par_1_1' title="bbox 341 335 449 394">
     <span class='ocr_line' id='line_1_1' title="bbox 341 335 449 394; baseline 0.019 -2"><span class='ocrx_word' id='word_1_1' title='bbox 341 335 449 394; x_wconf 68' lang='lat'><strong><em>955</em></strong></span> 
     </span>
    </p>
   </div>
   <div class='ocr_carea' id='block_1_2' title="bbox 1327 330 2591 393">
    <p class='ocr_par' dir='ltr' id='par_1_2' title="bbox 1327 330 2591 393">
     <span class='ocr_line' id='line_1_2' title="bbox 1327 330 2591 393; baseline 0.003 -5"><span class='ocrx_word' id='word_1_2' title='bbox 1327 332 1395 390; x_wconf 86' lang='lat' dir='ltr'><strong><em>IN</em></strong></span> <span class='ocrx_word' id='word_1_3' title='bbox 1431 330 1803 390; x_wconf 81' lang='lat' dir='ltr'><strong><em>EUSTATllll</em></strong></span> <span class='ocrx_word' id='word_1_4' title='bbox 1843 331 2322 390; x_wconf 78' lang='lat' dir='ltr'><strong><em>HEXAEMERON</em></strong></span> <span class='ocrx_word' id='word_1_5' title='bbox 2360 333 2591 393; x_wconf 69' lang='grc' dir='ltr'>ΝΟΤιΕ.</span> 
     </span>
    </p>
   </div>
   <div class='ocr_carea' id='block_1_3' title="bbox 3401 338 3602 407">
    <p class='ocr_par' dir='ltr' id='par_1_3' title="bbox 3401 338 3602 407">
     <span class='ocr_line' id='line_1_3' title="bbox 3401 338 3602 407; baseline 0 -14"><span class='ocrx_word' id='word_1_6' title='bbox 3401 401 3407 407; x_wconf 52' lang='grc'><strong><em>,</em></strong></span> <span class='ocrx_word' id='word_1_7' title='bbox 3492 338 3602 393; x_wconf 69' lang='lat' dir='ltr'><strong><em>ass</em></strong></span> 
     </span>
    </p>
   </div>
   <div class='ocr_carea' id='block_1_4' title="bbox 341 448 1908 526">
    <p class='ocr_par' dir='ltr' id='par_1_4' title="bbox 341 448 1908 522">
     <span class='ocr_line' id='line_1_4' title="bbox 341 448 1908 522; baseline -0.001 -18"><span class='ocrx_word' id='word_1_8' title='bbox 341 463 462 521; x_wconf 81' lang='lat' dir='ltr'><strong><em>cup.</em></strong></span> <span class='ocrx_word' id='word_1_9' title='bbox 492 449 580 511; x_wconf 77' lang='grc'><strong><em>55.</em></strong></span> <span class='ocrx_word' id='word_1_10' title='bbox 606 448 845 520; x_wconf 77' lang='lat' dir='ltr'><strong><em>Singulis</em></strong></span> <span class='ocrx_word' id='word_1_11' title='bbox 873 448 1138 505; x_wconf 90' lang='lat' dir='ltr'><strong><em>mensibus</em></strong></span> <span class='ocrx_word' id='word_1_12' title='bbox 1161 460 1434 521; x_wconf 76' lang='lat' dir='ltr'><strong><em>generant,</em></strong></span> <span class='ocrx_word' id='word_1_13' title='bbox 1467 452 1556 507; x_wconf 89' lang='lat' dir='ltr'><strong><em>sed</em></strong></span> <span class='ocrx_word' id='word_1_14' title='bbox 1596 451 1734 522; x_wconf 78' lang='lat' dir='ltr'><strong><em>fetus</em></strong></span> <span class='ocrx_word' id='word_1_15' title='bbox 1761 449 1908 505; x_wconf 65' lang='lat' dir='ltr'><strong><em>edunt</em></strong></span> 
     </span>
    </p>
   </div>
   <div class='ocr_carea' id='block_1_5' title="bbox 2007 448 3608 526">
    <p class='ocr_par' dir='ltr' id='par_1_5' title="bbox 2021 449 3608 526">
     <span class='ocr_line' id='line_1_5' title="bbox 2021 449 3608 526; baseline 0.004 -25"><span class='ocrx_word' id='word_1_16' title='bbox 2021 465 2105 502; x_wconf 92' lang='grc' dir='ltr'><strong><em>τοι</em></strong></span> <span class='ocrx_word' id='word_1_17' title='bbox 2148 449 2258 503; x_wconf 90' lang='grc' dir='ltr'><strong><em>τῶν</em></strong></span> <span class='ocrx_word' id='word_1_18' title='bbox 2302 449 2532 506; x_wconf 81' lang='grc' dir='ltr'><strong><em>λεόντων</em></strong></span> <span class='ocrx_word' id='word_1_19' title='bbox 2593 453 3024 525; x_wconf 88' lang='grc' dir='ltr'>παραπλησίους,</span> <span class='ocrx_word' id='word_1_20' title='bbox 3062 452 3421 526; x_wconf 83' lang='grc' dir='ltr'>Κατάπτερον</span> <span class='ocrx_word' id='word_1_21' title='bbox 3449 453 3506 506; x_wconf 80' lang='grc' dir='ltr'>δὲ</span> <span class='ocrx_word' id='word_1_22' title='bbox 3536 453 3608 508; x_wconf 81' lang='grc' dir='ltr'>τὰ</span> 
     </span>
    </p>
   </div>
   <div class='ocr_carea' id='block_1_6' title="bbox 342 542 1921 615">
    <p class='ocr_par' dir='ltr' id='par_1_6' title="bbox 342 542 1921 615">
     <span class='ocr_line' id='line_1_6' title="bbox 342 542 1921 615; baseline 0.002 -22"><span class='ocrx_word' id='word_1_23' title='bbox 342 556 445 597; x_wconf 86' lang='lat' dir='ltr'><strong><em>non</em></strong></span> <span class='ocrx_word' id='word_1_24' title='bbox 472 543 780 605; x_wconf 81' lang='lat' dir='ltr'><strong><em>universos;</em></strong></span> <span class='ocrx_word' id='word_1_25' title='bbox 811 542 1140 612; x_wconf 73' lang='lat' dir='ltr'><strong><em>interpositis</em></strong></span> <span class='ocrx_word' id='word_1_26' title='bbox 1171 543 1311 597; x_wconf 87' lang='lat' dir='ltr'><strong><em>enim</em></strong></span> <span class='ocrx_word' id='word_1_27' title='bbox 1341 542 1545 610; x_wconf 86' lang='lat' dir='ltr'><strong><em>diebus,</em></strong></span> <span class='ocrx_word' id='word_1_28' title='bbox 1569 553 1695 615; x_wconf 88' lang='lat' dir='ltr'><strong><em>quot</em></strong></span> <span class='ocrx_word' id='word_1_29' title='bbox 1723 560 1805 598; x_wconf 92' lang='lat' dir='ltr'><strong><em>res</em></strong></span> <span class='ocrx_word' id='word_1_30' title='bbox 1835 552 1921 596; x_wconf 91' lang='lat' dir='ltr'><strong><em>tu-</em></strong></span> 
     </span>
    </p>
   </div>
   <div class='ocr_carea' id='block_1_7' title="bbox 342 634 1922 704">
    <p class='ocr_par' dir='ltr' id='par_1_7' title="bbox 342 634 1922 704">
     <span class='ocr_line' id='line_1_7' title="bbox 342 634 1922 704; baseline 0.001 -17"><span class='ocrx_word' id='word_1_31' title='bbox 342 634 462 687; x_wconf 77' lang='lat' dir='ltr'><strong><em>lerit</em></strong></span> <span class='ocrx_word' id='word_1_32' title='bbox 487 642 743 704; x_wconf 88' lang='lat' dir='ltr'><strong><em>peragunt</em></strong></span> <span class='ocrx_word' id='word_1_33' title='bbox 767 634 1086 703; x_wconf 88' lang='lat' dir='ltr'><strong><em>partionem.</em></strong></span> <span class='ocrx_word' id='word_1_34' title='bbox 1120 634 1322 689; x_wconf 86' lang='lat' dir='ltr'><strong><em>Eorum</em></strong></span> <span class='ocrx_word' id='word_1_35' title='bbox 1351 634 1737 691; x_wconf 78' lang='lat' dir='ltr'><strong><em>fecunditatem</em></strong></span> <span class='ocrx_word' id='word_1_36' title='bbox 1770 641 1922 689; x_wconf 83' lang='lat' dir='ltr'><strong><em>retu-</em></strong></span> 
     </span>
    </p>
   </div>
   <div class='ocr_carea' id='block_1_8' title="bbox 342 727 1916 799">
    <p class='ocr_par' dir='ltr' id='par_1_8' title="bbox 342 727 1916 799">
     <span class='ocr_line' id='line_1_8' title="bbox 342 727 1916 799; baseline -0.002 -18"><span class='ocrx_word' id='word_1_37' title='bbox 342 728 543 790; x_wconf 80' lang='lat' dir='ltr'><strong><em>lerunt,</em></strong></span> <span class='ocrx_word' id='word_1_38' title='bbox 596 727 829 792; x_wconf 82' lang='lat' dir='ltr'><strong><em>Plinius,</em></strong></span> <span class='ocrx_word' id='word_1_39' title='bbox 880 728 975 782; x_wconf 87' lang='lat' dir='ltr'><strong><em>lib.</em></strong></span> <span class='ocrx_word' id='word_1_40' title='bbox 1021 744 1143 793; x_wconf 83' lang='lat' dir='ltr'><strong><em>vui,</em></strong></span> <span class='ocrx_word' id='word_1_41' title='bbox 1193 743 1313 799; x_wconf 90' lang='lat' dir='ltr'><strong><em>cap.</em></strong></span> <span class='ocrx_word' id='word_1_42' title='bbox 1350 729 1420 783; x_wconf 69' lang='lat'><strong><em>29</em></strong></span> <span class='ocrx_word' id='word_1_43' title='bbox 1475 738 1531 785; x_wconf 87' lang='lat' dir='ltr'><strong><em>et</em></strong></span> <span class='ocrx_word' id='word_1_44' title='bbox 1565 730 1662 795; x_wconf 78' lang='lat'><strong><em>55;</em></strong></span> <span class='ocrx_word' id='word_1_45' title='bbox 1698 729 1916 793; x_wconf 85' lang='lat' dir='ltr'><strong><em>Strabo,</em></strong></span> 
     </span>
    </p>
   </div>
   <div class='ocr_carea' id='block_1_9' title="bbox 342 818 1918 893">
    <p class='ocr_par' dir='ltr' id='par_1_9' title="bbox 342 818 1918 893">
     <span class='ocr_line' id='line_1_9' title="bbox 342 818 1918 893; baseline 0.003 -22"><span class='ocrx_word' id='word_1_46' title='bbox 342 818 436 872; x_wconf 87' lang='lat' dir='ltr'><strong><em>lib.</em></strong></span> <span class='ocrx_word' id='word_1_47' title='bbox 476 833 574 885; x_wconf 85' lang='lat' dir='ltr'><strong><em>Ill;</em></strong></span> <span class='ocrx_word' id='word_1_48' title='bbox 607 818 862 884; x_wconf 80' lang='lat' dir='ltr'><strong><em>Basilius,</em></strong></span> <span class='ocrx_word' id='word_1_49' title='bbox 893 819 1041 874; x_wconf 87' lang='lat' dir='ltr'><strong><em>hom.</em></strong></span> <span class='ocrx_word' id='word_1_50' title='bbox 1075 820 1108 874; x_wconf 89' lang='lat'><strong>8</strong></span> <span class='ocrx_word' id='word_1_51' title='bbox 1139 819 1431 883; x_wconf 71' lang='lat' dir='ltr'><strong><em>Hexaem.;</em></strong></span> <span class='ocrx_word' id='word_1_52' title='bbox 1462 819 1698 893; x_wconf 88' lang='lat' dir='ltr'><strong><em>Symeou</em></strong></span> <span class='ocrx_word' id='word_1_53' title='bbox 1738 820 1918 892; x_wconf 80' lang='lat' dir='ltr'><strong><em>Logo-</em></strong></span> 
     </span>
    </p>
   </div>
   <div class='ocr_carea' id='block_1_10' title="bbox 341 908 1919 978">
    <p class='ocr_par' dir='ltr' id='par_1_10' title="bbox 341 908 1919 978">
     <span class='ocr_line' id='line_1_10' title="bbox 341 908 1919 978; baseline 0.004 -17"><span class='ocrx_word' id='word_1_54' title='bbox 341 908 490 963; x_wconf 82' lang='lat' dir='ltr'><strong><em>theta</em></strong></span> <span class='ocrx_word' id='word_1_55' title='bbox 519 925 587 964; x_wconf 83' lang='lat' dir='ltr'><strong><em>ex</em></strong></span> <span class='ocrx_word' id='word_1_56' title='bbox 621 909 814 965; x_wconf 88' lang='lat' dir='ltr'><strong><em>eodem</em></strong></span> <span class='ocrx_word' id='word_1_57' title='bbox 842 909 1068 975; x_wconf 84' lang='lat' dir='ltr'><strong><em>Basilio,</em></strong></span> <span class='ocrx_word' id='word_1_58' title='bbox 1104 919 1247 966; x_wconf 88' lang='lat' dir='ltr'><strong><em>orat.</em></strong></span> <span class='ocrx_word' id='word_1_59' title='bbox 1280 928 1313 965; x_wconf 94' lang='lat' dir='ltr'><strong><em>v</em></strong></span> <span class='ocrx_word' id='word_1_60' title='bbox 1332 928 1347 978; x_wconf 87' lang='lat'>;</span> <span class='ocrx_word' id='word_1_61' title='bbox 1369 914 1693 968; x_wconf 83' lang='lat' dir='ltr'><strong><em>Ambrosius</em></strong></span> <span class='ocrx_word' id='word_1_62' title='bbox 1714 913 1811 967; x_wconf 89' lang='lat' dir='ltr'><strong><em>lih.</em></strong></span> <span class='ocrx_word' id='word_1_63' title='bbox 1840 911 1919 967; x_wconf 85' lang='lat' dir='ltr'><strong><em>De</em></strong></span> 
     </span>
    </p>
   </div>
   <div class='ocr_carea' id='block_1_11' title="bbox 345 1002 1920 1077">
    <p class='ocr_par' dir='ltr' id='par_1_11' title="bbox 345 1002 1920 1077">
     <span class='ocr_line' id='line_1_11' title="bbox 345 1002 1920 1077; baseline 0.003 -21"><span class='ocrx_word' id='word_1_64' title='bbox 345 1002 530 1071; x_wconf 86' lang='lat' dir='ltr'><strong><em>Tobia,</em></strong></span> <span class='ocrx_word' id='word_1_65' title='bbox 565 1018 688 1074; x_wconf 86' lang='lat' dir='ltr'><strong><em>cap.</em></strong></span> <span class='ocrx_word' id='word_1_66' title='bbox 724 1005 813 1068; x_wconf 82' lang='grc'><strong><em>15,</em></strong></span> <span class='ocrx_word' id='word_1_67' title='bbox 841 1014 895 1059; x_wconf 92' lang='lat' dir='ltr'><strong><em>et</em></strong></span> <span class='ocrx_word' id='word_1_68' title='bbox 923 1021 1147 1061; x_wconf 78' lang='lat' dir='ltr'><strong><em>causam</em></strong></span> <span class='ocrx_word' id='word_1_69' title='bbox 1175 1015 1371 1077; x_wconf 69' lang='lat' dir='ltr'><strong><em>printer</em></strong></span> <span class='ocrx_word' id='word_1_70' title='bbox 1397 1007 1748 1062; x_wconf 77' lang='lat' dir='ltr'><strong><em>Aristotelem</em></strong></span> <span class='ocrx_word' id='word_1_71' title='bbox 1781 1006 1920 1061; x_wconf 85' lang='lat' dir='ltr'><strong><em>Pro-</em></strong></span> 
     </span>
    </p>
   </div>
   <div class='ocr_carea' id='block_1_12' title="bbox 342 1094 1915 1170">
    <p class='ocr_par' dir='ltr' id='par_1_12' title="bbox 342 1094 1915 1170">
     <span class='ocr_line' id='line_1_12' title="bbox 342 1094 1915 1170; baseline 0.004 -23"><span class='ocrx_word' id='word_1_72' title='bbox 342 1094 495 1148; x_wconf 80' lang='lat' dir='ltr'><strong><em>blem.</em></strong></span> <span class='ocrx_word' id='word_1_73' title='bbox 530 1103 666 1151; x_wconf 88' lang='lat' dir='ltr'><strong><em>sect.</em></strong></span> <span class='ocrx_word' id='word_1_74' title='bbox 712 1097 815 1152; x_wconf 83' lang='grc'><strong><em>107</em></strong></span> <span class='ocrx_word' id='word_1_75' title='bbox 843 1106 898 1152; x_wconf 91' lang='lat' dir='ltr'><strong><em>et</em></strong></span> <span class='ocrx_word' id='word_1_76' title='bbox 929 1114 982 1152; x_wconf 82' lang='lat' dir='ltr'><strong><em>iv</em></strong></span> <span class='ocrx_word' id='word_1_77' title='bbox 1020 1098 1098 1152; x_wconf 88' lang='lat' dir='ltr'><strong><em>De</em></strong></span> <span class='ocrx_word' id='word_1_78' title='bbox 1143 1108 1376 1168; x_wconf 87' lang='lat' dir='ltr'><strong><em>generat.</em></strong></span> <span class='ocrx_word' id='word_1_79' title='bbox 1425 1100 1647 1154; x_wconf 84' lang='lat' dir='ltr'><strong><em>animal.</em></strong></span> <span class='ocrx_word' id='word_1_80' title='bbox 1686 1114 1809 1170; x_wconf 86' lang='lat' dir='ltr'><strong><em>cap.</em></strong></span> <span class='ocrx_word' id='word_1_81' title='bbox 1858 1099 1915 1163; x_wconf 81' lang='lat'><strong><em>5,</em></strong></span> 
     </span>
    </p>
   </div>
   <div class='ocr_carea' id='block_1_13' title="bbox 341 1184 1913 1264">
    <p class='ocr_par' dir='ltr' id='par_1_13' title="bbox 341 1184 1913 1264">
     <span class='ocr_line' id='line_1_13' title="bbox 341 1184 1913 1264; baseline 0.005 -26"><span class='ocrx_word' id='word_1_82' title='bbox 341 1184 521 1241; x_wconf 82' lang='lat' dir='ltr'><strong><em>reddit</em></strong></span> <span class='ocrx_word' id='word_1_83' title='bbox 575 1186 884 1245; x_wconf 85' lang='lat' dir='ltr'><strong><em>Herodotus</em></strong></span> <span class='ocrx_word' id='word_1_84' title='bbox 912 1189 967 1245; x_wconf 88' lang='lat' dir='ltr'><strong><em>in</em></strong></span> <span class='ocrx_word' id='word_1_85' title='bbox 1008 1190 1201 1245; x_wconf 83' lang='lat' dir='ltr'><strong><em>Thalia</em></strong></span> <span class='ocrx_word' id='word_1_86' title='bbox 1246 1205 1266 1244; x_wconf 89' lang='lat'><strong><em>:</em></strong></span> <span class='ocrx_word' id='word_1_87' title='bbox 1294 1191 1403 1246; x_wconf 74' lang='lat' dir='ltr'><strong><em>Kal</em></strong></span> <span class='ocrx_word' id='word_1_88' title='bbox 1436 1209 1547 1257; x_wconf 89' lang='grc' dir='ltr'>κως</span> <span class='ocrx_word' id='word_1_89' title='bbox 1576 1191 1673 1245; x_wconf 82' lang='grc' dir='ltr'><strong><em>τοῦ</em></strong></span> <span class='ocrx_word' id='word_1_90' title='bbox 1701 1191 1847 1246; x_wconf 81' lang='grc' dir='ltr'>θείου</span> <span class='ocrx_word' id='word_1_91' title='bbox 1879 1194 1913 1264; x_wconf 78' lang='grc' dir='ltr'>ἡ</span> 
     </span>
    </p>
   </div>
   <div class='ocr_carea' id='block_1_14' title="bbox 339 1278 1917 1353">
    <p class='ocr_par' dir='ltr' id='par_1_14' title="bbox 339 1278 1917 1353">
     <span class='ocr_line' id='line_1_14' title="bbox 339 1278 1917 1353; baseline 0.004 -23"><span class='ocrx_word' id='word_1_92' title='bbox 339 1278 564 1350; x_wconf 78' lang='grc' dir='ltr'><strong><em>προνοίη</em></strong></span> <span class='ocrx_word' id='word_1_93' title='bbox 602 1279 790 1352; x_wconf 85' lang='grc' dir='ltr'>ὥσπερ</span> <span class='ocrx_word' id='word_1_94' title='bbox 825 1282 918 1335; x_wconf 73' lang='grc' dir='ltr'><strong><em>καὶ</em></strong></span> <span class='ocrx_word' id='word_1_95' title='bbox 947 1281 1094 1346; x_wconf 80' lang='grc' dir='ltr'>εἰκός</span> <span class='ocrx_word' id='word_1_96' title='bbox 1124 1284 1270 1336; x_wconf 82' lang='grc' dir='ltr'>ἐστιν</span> <span class='ocrx_word' id='word_1_97' title='bbox 1303 1282 1469 1336; x_wconf 74' lang='grc' dir='ltr'>ἐοῦσα</span> <span class='ocrx_word' id='word_1_98' title='bbox 1498 1284 1659 1353; x_wconf 76' lang='grc' dir='ltr'>σοφήο</span> <span class='ocrx_word' id='word_1_99' title='bbox 1684 1284 1786 1337; x_wconf 83' lang='grc' dir='ltr'>ὅσα</span> <span class='ocrx_word' id='word_1_100' title='bbox 1818 1283 1917 1353; x_wconf 83' lang='grc' dir='ltr'><strong><em>μὲν</em></strong></span> 
     </span>
    </p>
   </div>
   <div class='ocr_carea' id='block_1_15' title="bbox 339 1372 1917 1447">
    <p class='ocr_par' dir='ltr' id='par_1_15' title="bbox 339 1372 1917 1447">
     <span class='ocr_line' id='line_1_15' title="bbox 339 1372 1917 1447; baseline 0.001 -20"><span class='ocrx_word' id='word_1_101' title='bbox 339 1372 448 1443; x_wconf 77' lang='grc' dir='ltr'><strong><em>γὰρ</em></strong></span> <span class='ocrx_word' id='word_1_102' title='bbox 480 1372 658 1443; x_wconf 80' lang='grc' dir='ltr'>ψυχήν</span> <span class='ocrx_word' id='word_1_103' title='bbox 689 1390 748 1425; x_wconf 89' lang='grc' dir='ltr'><strong><em>τε</em></strong></span> <span class='ocrx_word' id='word_1_104' title='bbox 775 1373 942 1439; x_wconf 83' lang='grc' dir='ltr'>δειλὰ,</span> <span class='ocrx_word' id='word_1_105' title='bbox 977 1375 1069 1427; x_wconf 74' lang='grc' dir='ltr'>καὶ</span> <span class='ocrx_word' id='word_1_106' title='bbox 1103 1372 1360 1445; x_wconf 74' lang='grc' dir='ltr'>ἐδώδιμα,</span> <span class='ocrx_word' id='word_1_107' title='bbox 1392 1374 1567 1429; x_wconf 82' lang='grc' dir='ltr'>ταῦτα</span> <span class='ocrx_word' id='word_1_108' title='bbox 1605 1375 1704 1447; x_wconf 83' lang='grc' dir='ltr'><strong><em>μὲν</em></strong></span> <span class='ocrx_word' id='word_1_109' title='bbox 1738 1375 1917 1429; x_wconf 84' lang='grc' dir='ltr'>πάντα</span> 
     </span>
    </p>
   </div>
   <div class='ocr_carea' id='block_1_16' title="bbox 337 1464 1916 1541">
    <p class='ocr_par' dir='ltr' id='par_1_16' title="bbox 337 1464 1916 1541">
     <span class='ocr_line' id='line_1_16' title="bbox 337 1464 1916 1541; baseline 0.004 -25"><span class='ocrx_word' id='word_1_110' title='bbox 337 1464 611 1535; x_wconf 79' lang='grc' dir='ltr'>πολύγονα</span> <span class='ocrx_word' id='word_1_111' title='bbox 645 1466 967 1537; x_wconf 85' lang='grc' dir='ltr'>πεποίηκεν,</span> <span class='ocrx_word' id='word_1_112' title='bbox 996 1467 1083 1520; x_wconf 86' lang='grc' dir='ltr'>ἵνα</span> <span class='ocrx_word' id='word_1_113' title='bbox 1132 1469 1207 1539; x_wconf 80' lang='grc' dir='ltr'><strong><em>μὴ</em></strong></span> <span class='ocrx_word' id='word_1_114' title='bbox 1253 1468 1600 1541; x_wconf 79' lang='grc' dir='ltr'>ἐπιλείπηται</span> <span class='ocrx_word' id='word_1_115' title='bbox 1631 1468 1916 1523; x_wconf 86' lang='grc' dir='ltr'>κατεσθιό-</span> 
     </span>
    </p>
   </div>
   <div class='ocr_carea' id='block_1_17' title="bbox 341 1558 1916 1633">
    <p class='ocr_par' dir='ltr' id='par_1_17' title="bbox 341 1558 1916 1633">
     <span class='ocr_line' id='line_1_17' title="bbox 341 1558 1916 1633; baseline 0.003 -22"><span class='ocrx_word' id='word_1_116' title='bbox 341 1573 497 1628; x_wconf 85' lang='grc' dir='ltr'>μενα,</span> <span class='ocrx_word' id='word_1_117' title='bbox 518 1558 617 1612; x_wconf 87' lang='grc' dir='ltr'>ὃσα</span> <span class='ocrx_word' id='word_1_118' title='bbox 629 1559 686 1612; x_wconf 81' lang='grc' dir='ltr'>δὲ</span> <span class='ocrx_word' id='word_1_119' title='bbox 706 1560 922 1631; x_wconf 82' lang='grc' dir='ltr'>σχέτλια</span> <span class='ocrx_word' id='word_1_120' title='bbox 951 1562 1045 1615; x_wconf 75' lang='grc' dir='ltr'><strong><em>καὶ</em></strong></span> <span class='ocrx_word' id='word_1_121' title='bbox 1072 1561 1270 1632; x_wconf 78' lang='grc' dir='ltr'>ἀνιηρὰ</span> <span class='ocrx_word' id='word_1_122' title='bbox 1297 1561 1596 1630; x_wconf 83' lang='grc' dir='ltr'>ὀλιγόγονα,</span> <span class='ocrx_word' id='word_1_123' title='bbox 1625 1561 1782 1615; x_wconf 70' lang='grc' dir='ltr'>τοῦτο</span> <span class='ocrx_word' id='word_1_124' title='bbox 1818 1562 1916 1633; x_wconf 85' lang='grc' dir='ltr'><strong><em>μὲν</em></strong></span> 
     </span>
    </p>
   </div>
   <div class='ocr_carea' id='block_1_18' title="bbox 335 1650 1917 1725">
    <p class='ocr_par' dir='ltr' id='par_1_18' title="bbox 335 1650 1917 1725">
     <span class='ocr_line' id='line_1_18' title="bbox 335 1650 1917 1725; baseline 0.004 -23"><span class='ocrx_word' id='word_1_125' title='bbox 335 1650 418 1703; x_wconf 83' lang='grc' dir='ltr'>ὅτι</span> <span class='ocrx_word' id='word_1_126' title='bbox 450 1650 679 1719; x_wconf 85' lang='grc' dir='ltr'>λαγωὸς,</span> <span class='ocrx_word' id='word_1_127' title='bbox 713 1653 818 1705; x_wconf 82' lang='grc' dir='ltr'><strong><em>ὑπὸ</em></strong></span> <span class='ocrx_word' id='word_1_128' title='bbox 865 1653 1062 1717; x_wconf 80' lang='grc' dir='ltr'>παντὸς</span> <span class='ocrx_word' id='word_1_129' title='bbox 1109 1652 1401 1725; x_wconf 83' lang='grc' dir='ltr'><strong><em>θηρεύεται</em></strong></span> <span class='ocrx_word' id='word_1_130' title='bbox 1421 1653 1631 1725; x_wconf 81' lang='grc' dir='ltr'>θηρίου,</span> <span class='ocrx_word' id='word_1_131' title='bbox 1654 1655 1749 1708; x_wconf 81' lang='grc' dir='ltr'>καὶ</span> <span class='ocrx_word' id='word_1_132' title='bbox 1769 1654 1917 1725; x_wconf 74' lang='lat' dir='ltr'><strong><em>5th-</em></strong></span> 
     </span>
    </p>
   </div>
   <div class='ocr_carea' id='block_1_19' title="bbox 336 1740 1910 1817">
    <p class='ocr_par' dir='ltr' id='par_1_19' title="bbox 336 1740 1910 1817">
     <span class='ocr_line' id='line_1_19' title="bbox 336 1740 1910 1817; baseline 0.006 -24"><span class='ocrx_word' id='word_1_133' title='bbox 336 1740 446 1807; x_wconf 90' lang='grc' dir='ltr'>θος,</span> <span class='ocrx_word' id='word_1_134' title='bbox 482 1744 576 1797; x_wconf 77' lang='grc' dir='ltr'>καὶ</span> <span class='ocrx_word' id='word_1_135' title='bbox 602 1743 909 1815; x_wconf 79' lang='grc' dir='ltr'>ἀνθρώπου.</span> <span class='ocrx_word' id='word_1_136' title='bbox 936 1744 1092 1799; x_wconf 76' lang='grc' dir='ltr'>Οὕτω</span> <span class='ocrx_word' id='word_1_137' title='bbox 1116 1745 1181 1817; x_wconf 89' lang='grc' dir='ltr'>δή</span> <span class='ocrx_word' id='word_1_138' title='bbox 1199 1764 1282 1801; x_wconf 86' lang='grc' dir='ltr'><strong><em>τοι</em></strong></span> <span class='ocrx_word' id='word_1_139' title='bbox 1309 1746 1372 1800; x_wconf 79' lang='grc' dir='ltr'>τὸ</span> <span class='ocrx_word' id='word_1_140' title='bbox 1398 1746 1692 1817; x_wconf 89' lang='grc' dir='ltr'>πολύγονόν</span> <span class='ocrx_word' id='word_1_141' title='bbox 1722 1749 1872 1802; x_wconf 80' lang='grc' dir='ltr'>ἐστιν</span> <span class='ocrx_word' id='word_1_142' title='bbox 1895 1765 1910 1779; x_wconf 87' lang='grc'><strong>·</strong></span> 
     </span>
    </p>
   </div>
   <div class='ocr_carea' id='block_1_20' title="bbox 334 1834 1913 1911">
    <p class='ocr_par' dir='ltr' id='par_1_20' title="bbox 334 1834 1913 1911">
     <span class='ocr_line' id='line_1_20' title="bbox 334 1834 1913 1911; baseline 0.005 -25"><span class='ocrx_word' id='word_1_143' title='bbox 334 1834 712 1890; x_wconf 76' lang='grc' dir='ltr'><strong><em>ἐπικυΐσκεται</em></strong></span> <span class='ocrx_word' id='word_1_144' title='bbox 742 1837 937 1908; x_wconf 80' lang='grc' dir='ltr'>μοῦνον</span> <span class='ocrx_word' id='word_1_145' title='bbox 966 1837 1183 1892; x_wconf 84' lang='grc' dir='ltr'>πάντων</span> <span class='ocrx_word' id='word_1_146' title='bbox 1213 1837 1322 1892; x_wconf 89' lang='grc' dir='ltr'><strong><em>τῶν</em></strong></span> <span class='ocrx_word' id='word_1_147' title='bbox 1349 1838 1551 1911; x_wconf 84' lang='grc' dir='ltr'>θηρίων</span> <span class='ocrx_word' id='word_1_148' title='bbox 1570 1855 1586 1871; x_wconf 86' lang='grc'><strong>·</strong></span> <span class='ocrx_word' id='word_1_149' title='bbox 1613 1840 1707 1894; x_wconf 71' lang='grc' dir='ltr'>καὶ</span> <span class='ocrx_word' id='word_1_150' title='bbox 1727 1840 1788 1893; x_wconf 83' lang='grc' dir='ltr'>τὸ</span> <span class='ocrx_word' id='word_1_151' title='bbox 1815 1840 1913 1911; x_wconf 84' lang='grc' dir='ltr'><strong><em>μὲν</em></strong></span> 
     </span>
    </p>
   </div>
   <div class='ocr_carea' id='block_1_21' title="bbox 332 1926 1914 2001">
    <p class='ocr_par' dir='ltr' id='par_1_21' title="bbox 332 1926 1914 2001">
     <span class='ocr_line' id='line_1_21' title="bbox 332 1926 1914 2001; baseline 0.003 -21"><span class='ocrx_word' id='word_1_152' title='bbox 332 1926 468 1981; x_wconf 80' lang='grc' dir='ltr'>δασὺ</span> <span class='ocrx_word' id='word_1_153' title='bbox 515 1927 624 1981; x_wconf 89' lang='grc' dir='ltr'><strong><em>τῶν</em></strong></span> <span class='ocrx_word' id='word_1_154' title='bbox 668 1927 875 1982; x_wconf 80' lang='grc' dir='ltr'>τέκνων</span> <span class='ocrx_word' id='word_1_155' title='bbox 906 1930 963 1983; x_wconf 82' lang='grc' dir='ltr'>ὲν</span> <span class='ocrx_word' id='word_1_156' title='bbox 988 1931 1055 2001; x_wconf 82' lang='grc' dir='ltr'><strong><em>τῇ</em></strong></span> <span class='ocrx_word' id='word_1_157' title='bbox 1083 1932 1303 2001; x_wconf 71' lang='grc' dir='ltr'>γαστρὶ,</span> <span class='ocrx_word' id='word_1_158' title='bbox 1352 1931 1414 1983; x_wconf 81' lang='grc' dir='ltr'>τὸ</span> <span class='ocrx_word' id='word_1_159' title='bbox 1456 1930 1513 1984; x_wconf 83' lang='grc' dir='ltr'>δὲ</span> <span class='ocrx_word' id='word_1_160' title='bbox 1556 1930 1729 2001; x_wconf 81' lang='grc' dir='ltr'>ψιλὸν,</span> <span class='ocrx_word' id='word_1_161' title='bbox 1761 1931 1822 1984; x_wconf 83' lang='grc' dir='ltr'>τὸ</span> <span class='ocrx_word' id='word_1_162' title='bbox 1856 1930 1914 1985; x_wconf 81' lang='grc' dir='ltr'>δὲ</span> 
     </span>
    </p>
   </div>
   <div class='ocr_carea' id='block_1_22' title="bbox 334 2018 1911 2096">
    <p class='ocr_par' dir='ltr' id='par_1_22' title="bbox 334 2018 1911 2096">
     <span class='ocr_line' id='line_1_22' title="bbox 334 2018 1911 2096; baseline 0.004 -24"><span class='ocrx_word' id='word_1_163' title='bbox 334 2018 459 2091; x_wconf 77' lang='grc' dir='ltr'>ἄρτι</span> <span class='ocrx_word' id='word_1_164' title='bbox 488 2022 547 2076; x_wconf 77' lang='grc' dir='ltr'>ἐν</span> <span class='ocrx_word' id='word_1_165' title='bbox 575 2024 702 2093; x_wconf 77' lang='grc' dir='ltr'>τῇσι</span> <span class='ocrx_word' id='word_1_166' title='bbox 739 2022 977 2095; x_wconf 78' lang='grc' dir='ltr'><strong><em>μήτρῃσι</em></strong></span> <span class='ocrx_word' id='word_1_167' title='bbox 1019 2022 1337 2089; x_wconf 82' lang='grc' dir='ltr'>πλάσσεται,</span> <span class='ocrx_word' id='word_1_168' title='bbox 1371 2024 1434 2077; x_wconf 83' lang='grc' dir='ltr'>τὸ</span> <span class='ocrx_word' id='word_1_169' title='bbox 1485 2024 1544 2077; x_wconf 79' lang='grc' dir='ltr'>δὲ</span> <span class='ocrx_word' id='word_1_170' title='bbox 1581 2025 1911 2096; x_wconf 82' lang='grc' dir='ltr'>ἀναιρέεται.</span> 
     </span>
    </p>
   </div>
   <div class='ocr_carea' id='block_1_23' title="bbox 336 2112 1915 2188">
    <p class='ocr_par' dir='ltr' id='par_1_23' title="bbox 336 2112 1915 2188">
     <span class='ocr_line' id='line_1_23' title="bbox 336 2112 1915 2188; baseline 0.005 -22"><span class='ocrx_word' id='word_1_171' title='bbox 336 2112 437 2167; x_wconf 84' lang='lat' dir='ltr'><strong><em>Hic</em></strong></span> <span class='ocrx_word' id='word_1_172' title='bbox 486 2115 650 2169; x_wconf 90' lang='lat' dir='ltr'><strong><em>etiam</em></strong></span> <span class='ocrx_word' id='word_1_173' title='bbox 709 2114 843 2168; x_wconf 89' lang='lat' dir='ltr'><strong><em>illud</em></strong></span> <span class='ocrx_word' id='word_1_174' title='bbox 901 2114 1446 2171; x_wconf 84' lang='lat' dir='ltr'><strong><em>animadvertendum</em></strong></span> <span class='ocrx_word' id='word_1_175' title='bbox 1476 2117 1533 2171; x_wconf 89' lang='lat' dir='ltr'><strong><em>in</em></strong></span> <span class='ocrx_word' id='word_1_176' title='bbox 1564 2116 1669 2171; x_wconf 89' lang='lat' dir='ltr'><strong><em>hoc</em></strong></span> <span class='ocrx_word' id='word_1_177' title='bbox 1714 2133 1915 2188; x_wconf 80' lang='lat' dir='ltr'><strong><em>genere</em></strong></span> 
     </span>
    </p>
   </div>
   <div class='ocr_carea' id='block_1_24' title="bbox 334 2206 1914 2274">
    <p class='ocr_par' dir='ltr' id='par_1_24' title="bbox 334 2206 1914 2274">
     <span class='ocr_line' id='line_1_24' title="bbox 334 2206 1914 2274; baseline 0.003 -14"><span class='ocrx_word' id='word_1_178' title='bbox 334 2206 676 2274; x_wconf 84' lang='lat' dir='ltr'><strong><em>animalium,</em></strong></span> <span class='ocrx_word' id='word_1_179' title='bbox 706 2222 817 2262; x_wconf 92' lang='lat' dir='ltr'><strong><em>non</em></strong></span> <span class='ocrx_word' id='word_1_180' title='bbox 874 2214 1088 2262; x_wconf 86' lang='lat' dir='ltr'><strong><em>tantum</em></strong></span> <span class='ocrx_word' id='word_1_181' title='bbox 1133 2207 1363 2263; x_wconf 79' lang='lat' dir='ltr'><strong><em>feminas</em></strong></span> <span class='ocrx_word' id='word_1_182' title='bbox 1423 2221 1641 2264; x_wconf 85' lang='lat' dir='ltr'><strong><em>uterum</em></strong></span> <span class='ocrx_word' id='word_1_183' title='bbox 1677 2209 1822 2265; x_wconf 76' lang='lat' dir='ltr'><strong><em>ferre</em></strong></span> <span class='ocrx_word' id='word_1_184' title='bbox 1858 2217 1914 2266; x_wconf 88' lang='lat' dir='ltr'><strong><em>et</em></strong></span> 
     </span>
    </p>
   </div>
   <div class='ocr_carea' id='block_1_25' title="bbox 335 2297 1914 2370">
    <p class='ocr_par' dir='ltr' id='par_1_25' title="bbox 335 2297 1914 2370">
     <span class='ocr_line' id='line_1_25' title="bbox 335 2297 1914 2370; baseline 0.006 -22"><span class='ocrx_word' id='word_1_185' title='bbox 335 2297 559 2367; x_wconf 68' lang='lat' dir='ltr'><strong><em>gignere</em></strong></span> <span class='ocrx_word' id='word_1_186' title='bbox 614 2297 959 2355; x_wconf 90' lang='lat' dir='ltr'><strong><em>observatum</em></strong></span> <span class='ocrx_word' id='word_1_187' title='bbox 990 2314 1134 2363; x_wconf 87' lang='lat' dir='ltr'><strong><em>esse,</em></strong></span> <span class='ocrx_word' id='word_1_188' title='bbox 1180 2300 1300 2365; x_wconf 89' lang='lat' dir='ltr'><strong><em>sed,</em></strong></span> <span class='ocrx_word' id='word_1_189' title='bbox 1332 2300 1478 2370; x_wconf 87' lang='lat' dir='ltr'><strong><em>quod</em></strong></span> <span class='ocrx_word' id='word_1_190' title='bbox 1529 2309 1615 2356; x_wconf 89' lang='lat' dir='ltr'><strong><em>est</em></strong></span> <span class='ocrx_word' id='word_1_191' title='bbox 1664 2301 1914 2358; x_wconf 88' lang='lat' dir='ltr'><strong><em>mirabile</em></strong></span> 
     </span>
    </p>
   </div>
   <div class='ocr_carea' id='block_1_26' title="bbox 334 2387 1915 2461">
    <p class='ocr_par' dir='ltr' id='par_1_26' title="bbox 334 2387 1915 2461">
     <span class='ocr_line' id='line_1_26' title="bbox 334 2387 1915 2461; baseline 0.004 -20"><span class='ocrx_word' id='word_1_192' title='bbox 334 2387 507 2453; x_wconf 89' lang='lat' dir='ltr'><strong><em>dictu,</em></strong></span> <span class='ocrx_word' id='word_1_193' title='bbox 535 2389 701 2445; x_wconf 90' lang='lat' dir='ltr'><strong><em>etiam</em></strong></span> <span class='ocrx_word' id='word_1_194' title='bbox 736 2404 914 2446; x_wconf 87' lang='lat' dir='ltr'><strong><em>mares</em></strong></span> <span class='ocrx_word' id='word_1_195' title='bbox 942 2406 1010 2445; x_wconf 74' lang='lat' dir='ltr'><strong><em>ex</em></strong></span> <span class='ocrx_word' id='word_1_196' title='bbox 1041 2405 1163 2445; x_wconf 85' lang='lat' dir='ltr'><strong><em>sese</em></strong></span> <span class='ocrx_word' id='word_1_197' title='bbox 1186 2405 1379 2461; x_wconf 77' lang='lat' dir='ltr'><strong><em>parere</em></strong></span> <span class='ocrx_word' id='word_1_198' title='bbox 1399 2401 1453 2446; x_wconf 91' lang='lat' dir='ltr'><strong><em>et</em></strong></span> <span class='ocrx_word' id='word_1_199' title='bbox 1479 2392 1712 2447; x_wconf 88' lang='lat' dir='ltr'><strong><em>nutrire.</em></strong></span> <span class='ocrx_word' id='word_1_200' title='bbox 1743 2391 1915 2447; x_wconf 69' lang='lat' dir='ltr'><strong><em>Ailia-</em></strong></span> 
     </span>
    </p>
   </div>
   <div class='ocr_carea' id='block_1_27' title="bbox 333 2482 1912 2556">
    <p class='ocr_par' dir='ltr' id='par_1_27' title="bbox 333 2482 1912 2556">
     <span class='ocr_line' id='line_1_27' title="bbox 333 2482 1912 2556; baseline 0.003 -22"><span class='ocrx_word' id='word_1_201' title='bbox 333 2497 438 2536; x_wconf 86' lang='lat' dir='ltr'><strong><em>nus</em></strong></span> <span class='ocrx_word' id='word_1_202' title='bbox 464 2482 654 2537; x_wconf 86' lang='lat' dir='ltr'><strong><em>scribit</em></strong></span> <span class='ocrx_word' id='word_1_203' title='bbox 671 2483 971 2553; x_wconf 85' lang='lat' dir='ltr'><strong><em>probatque</em></strong></span> <span class='ocrx_word' id='word_1_204' title='bbox 996 2483 1230 2540; x_wconf 89' lang='lat' dir='ltr'><strong><em>hominis</em></strong></span> <span class='ocrx_word' id='word_1_205' title='bbox 1255 2485 1584 2540; x_wconf 86' lang='lat' dir='ltr'><strong><em>auctoritate</em></strong></span> <span class='ocrx_word' id='word_1_206' title='bbox 1610 2484 1713 2541; x_wconf 81' lang='lat' dir='ltr'><strong><em>fide</em></strong></span> <span class='ocrx_word' id='word_1_207' title='bbox 1734 2485 1912 2556; x_wconf 85' lang='lat' dir='ltr'><strong><em>digni,</em></strong></span> 
     </span>
    </p>
   </div>
   <div class='ocr_carea' id='block_1_28' title="bbox 331 2560 1914 2651">
    <p class='ocr_par' dir='ltr' id='par_1_28' title="bbox 331 2560 1914 2651">
     <span class='ocr_line' id='line_1_28' title="bbox 331 2560 1914 2651; baseline 0.003 -22"><span class='ocrx_word' id='word_1_208' title='bbox 331 2574 427 2629; x_wconf 89' lang='lat' dir='ltr'><strong><em>lib.</em></strong></span> <span class='ocrx_word' id='word_1_209' title='bbox 445 2590 544 2629; x_wconf 77' lang='lat' dir='ltr'><strong><em>xm</em></strong></span> <span class='ocrx_word' id='word_1_210' title='bbox 562 2574 639 2630; x_wconf 90' lang='lat' dir='ltr'><strong><em>De</em></strong></span> <span class='ocrx_word' id='word_1_211' title='bbox 653 2560 778 2630; x_wconf 83' lang='lat' dir='ltr'><strong><em>hist.</em></strong></span> <span class='ocrx_word' id='word_1_212' title='bbox 805 2577 1131 2646; x_wconf 87' lang='lat' dir='ltr'><strong><em>anim.,cap.</em></strong></span> <span class='ocrx_word' id='word_1_213' title='bbox 1166 2577 1253 2643; x_wconf 74' lang='lat'><strong><em>12,</em></strong></span> <span class='ocrx_word' id='word_1_214' title='bbox 1276 2577 1592 2649; x_wconf 65' lang='lat' dir='ltr'><strong><em>quamt&#39;iSk</em></strong></span> <span class='ocrx_word' id='word_1_215' title='bbox 1607 2579 1798 2651; x_wconf 82' lang='grc' dir='ltr'>ἀνδρὸς</span> <span class='ocrx_word' id='word_1_216' title='bbox 1818 2581 1914 2633; x_wconf 76' lang='grc' dir='ltr'>καὶ</span> 
     </span>
    </p>
   </div>
   <div class='ocr_carea' id='block_1_29' title="bbox 330 2664 1910 2744">
    <p class='ocr_par' dir='ltr' id='par_1_29' title="bbox 330 2664 1910 2744">
     <span class='ocr_line' id='line_1_29' title="bbox 330 2664 1910 2744; baseline 0.004 -26"><span class='ocrx_word' id='word_1_217' title='bbox 330 2664 402 2718; x_wconf 79' lang='grc' dir='ltr'>τὰ</span> <span class='ocrx_word' id='word_1_218' title='bbox 422 2664 586 2736; x_wconf 70' lang='grc' dir='ltr'>ἔτερα</span> <span class='ocrx_word' id='word_1_219' title='bbox 606 2666 832 2734; x_wconf 83' lang='grc' dir='ltr'>ἀγαθοῦ,</span> <span class='ocrx_word' id='word_1_220' title='bbox 850 2666 963 2720; x_wconf 82' lang='grc' dir='ltr'>οἴου</span> <span class='ocrx_word' id='word_1_221' title='bbox 992 2666 1067 2739; x_wconf 84' lang='grc' dir='ltr'><strong><em>μὴ</em></strong></span> <span class='ocrx_word' id='word_1_222' title='bbox 1086 2667 1151 2721; x_wconf 84' lang='grc' dir='ltr'>ἂν</span> <span class='ocrx_word' id='word_1_223' title='bbox 1162 2667 1487 2737; x_wconf 81' lang='grc' dir='ltr'>ψεύσασθαι,</span> <span class='ocrx_word' id='word_1_224' title='bbox 1503 2670 1658 2740; x_wconf 85' lang='grc' dir='ltr'>λόγον</span> <span class='ocrx_word' id='word_1_225' title='bbox 1680 2673 1910 2744; x_wconf 75' lang='grc' dir='ltr'>ἥκουσα,</span> 
     </span>
    </p>
   </div>
   <div class='ocr_carea' id='block_1_30' title="bbox 329 2757 1915 2831">
    <p class='ocr_par' dir='ltr' id='par_1_30' title="bbox 329 2757 1915 2831">
     <span class='ocr_line' id='line_1_30' title="bbox 329 2757 1915 2831; baseline 0.007 -22"><span class='ocrx_word' id='word_1_226' title='bbox 329 2757 428 2810; x_wconf 73' lang='grc' dir='ltr'><strong><em>καὶ</em></strong></span> <span class='ocrx_word' id='word_1_227' title='bbox 451 2758 601 2828; x_wconf 83' lang='grc' dir='ltr'><strong><em>αύτῷ</em></strong></span> <span class='ocrx_word' id='word_1_228' title='bbox 631 2759 992 2823; x_wconf 82' lang='grc' dir='ltr'>πεπίστευκα,</span> <span class='ocrx_word' id='word_1_229' title='bbox 1022 2760 1137 2831; x_wconf 89' lang='lat' dir='ltr'><strong><em>lege</em></strong></span> <span class='ocrx_word' id='word_1_230' title='bbox 1165 2762 1617 2831; x_wconf 81' lang='lat' dir='ltr'><strong><em>experimentum,</em></strong></span> <span class='ocrx_word' id='word_1_231' title='bbox 1639 2772 1693 2819; x_wconf 89' lang='lat' dir='ltr'><strong><em>et</em></strong></span> <span class='ocrx_word' id='word_1_232' title='bbox 1722 2780 1915 2819; x_wconf 85' lang='lat' dir='ltr'><strong><em>narra-</em></strong></span> 
     </span>
    </p>
   </div>
   <div class='ocr_carea' id='block_1_31' title="bbox 325 2849 1912 2929">
    <p class='ocr_par' dir='ltr' id='par_1_31' title="bbox 325 2849 1912 2929">
     <span class='ocr_line' id='line_1_31' title="bbox 325 2849 1912 2929; baseline 0.007 -29"><span class='ocrx_word' id='word_1_233' title='bbox 325 2849 532 2903; x_wconf 88' lang='lat' dir='ltr'><strong><em>tionem</em></strong></span> <span class='ocrx_word' id='word_1_234' title='bbox 561 2865 670 2905; x_wconf 90' lang='lat' dir='ltr'><strong><em>non</em></strong></span> <span class='ocrx_word' id='word_1_235' title='bbox 694 2851 1066 2921; x_wconf 83' lang='lat' dir='ltr'><strong><em>injucundam,</em></strong></span> <span class='ocrx_word' id='word_1_236' title='bbox 1086 2853 1287 2924; x_wconf 89' lang='lat' dir='ltr'><strong><em>quibus</em></strong></span> <span class='ocrx_word' id='word_1_237' title='bbox 1298 2855 1481 2910; x_wconf 90' lang='lat' dir='ltr'><strong><em>subdit</em></strong></span> <span class='ocrx_word' id='word_1_238' title='bbox 1499 2875 1512 2910; x_wconf 93' lang='lat'><strong>:</strong></span> <span class='ocrx_word' id='word_1_239' title='bbox 1531 2857 1622 2929; x_wconf 80' lang='grc' dir='ltr'><strong><em>Μὴ</em></strong></span> <span class='ocrx_word' id='word_1_240' title='bbox 1636 2857 1912 2912; x_wconf 81' lang='grc' dir='ltr'>πιστεύειν</span> 
     </span>
    </p>
   </div>
   <div class='ocr_carea' id='block_1_32' title="bbox 322 2934 1913 3020">
    <p class='ocr_par' dir='ltr' id='par_1_32' title="bbox 322 2934 1913 3020">
     <span class='ocr_line' id='line_1_32' title="bbox 322 2934 1913 3020; baseline 0.008 -28"><span class='ocrx_word' id='word_1_241' title='bbox 322 2934 420 2993; x_wconf 79' lang='grc' dir='ltr'>οὖν</span> <span class='ocrx_word' id='word_1_242' title='bbox 480 2940 558 3012; x_wconf 82' lang='grc' dir='ltr'>τῷ</span> <span class='ocrx_word' id='word_1_243' title='bbox 607 2941 751 3014; x_wconf 83' lang='grc' dir='ltr'>λόγῳ</span> <span class='ocrx_word' id='word_1_244' title='bbox 816 2945 998 2997; x_wconf 76' lang='grc' dir='ltr'>πεῖσαι</span> <span class='ocrx_word' id='word_1_245' title='bbox 1058 2946 1297 3016; x_wconf 79' lang='grc' dir='ltr'>ἐμαυτὸν</span> <span class='ocrx_word' id='word_1_246' title='bbox 1346 2947 1407 3000; x_wconf 87' lang='grc' dir='ltr'><strong><em>ού</em></strong></span> <span class='ocrx_word' id='word_1_247' title='bbox 1453 2947 1708 3020; x_wconf 85' lang='grc' dir='ltr'>δύναμαι,</span> <span class='ocrx_word' id='word_1_248' title='bbox 1742 2950 1804 3003; x_wconf 80' lang='grc' dir='ltr'>τὸ</span> <span class='ocrx_word' id='word_1_249' title='bbox 1854 2951 1913 3005; x_wconf 81' lang='grc' dir='ltr'>δὲ</span> 
     </span>
    </p>
   </div>
   <div class='ocr_carea' id='block_1_33' title="bbox 323 3032 1911 3112">
    <p class='ocr_par' dir='ltr' id='par_1_33' title="bbox 323 3032 1911 3112">
     <span class='ocr_line' id='line_1_33' title="bbox 323 3032 1911 3112; baseline 0.008 -26"><span class='ocrx_word' id='word_1_250' title='bbox 323 3032 499 3087; x_wconf 79' lang='grc' dir='ltr'>αἴτιον</span> <span class='ocrx_word' id='word_1_251' title='bbox 552 3037 585 3105; x_wconf 81' lang='grc' dir='ltr'><strong>ἡ</strong></span> <span class='ocrx_word' id='word_1_252' title='bbox 635 3034 729 3089; x_wconf 81' lang='grc' dir='ltr'>τοῦ</span> <span class='ocrx_word' id='word_1_253' title='bbox 805 3036 996 3109; x_wconf 66' lang='grc' dir='ltr'>ἀνδρὸς</span> <span class='ocrx_word' id='word_1_254' title='bbox 1055 3037 1300 3108; x_wconf 84' lang='grc' dir='ltr'>γλῶττα,</span> <span class='ocrx_word' id='word_1_255' title='bbox 1354 3039 1479 3094; x_wconf 78' lang='grc' dir='ltr'>οὔτε</span> <span class='ocrx_word' id='word_1_256' title='bbox 1539 3041 1734 3112; x_wconf 77' lang='grc' dir='ltr'>ψεῦδος</span> <span class='ocrx_word' id='word_1_257' title='bbox 1787 3041 1911 3098; x_wconf 78' lang='grc' dir='ltr'>οὔτε</span> 
     </span>
    </p>
   </div>
   <div class='ocr_carea' id='block_1_34' title="bbox 323 3122 1978 3218">
    <p class='ocr_par' dir='ltr' id='par_1_34' title="bbox 323 3122 1978 3218">
     <span class='ocr_line' id='line_1_34' title="bbox 323 3122 1978 3218; baseline 0.01 -43"><span class='ocrx_word' id='word_1_258' title='bbox 323 3122 542 3218; x_wconf 71' lang='grc' dir='ltr'>κύμπον</span> <span class='ocrx_word' id='word_1_259' title='bbox 572 3126 861 3194; x_wconf 82' lang='grc' dir='ltr'>ἠπίστατο.</span> <span class='ocrx_word' id='word_1_260' title='bbox 891 3128 1131 3199; x_wconf 85' lang='lat' dir='ltr'><strong><em>Ideoque</em></strong></span> <span class='ocrx_word' id='word_1_261' title='bbox 1160 3145 1262 3186; x_wconf 92' lang='lat' dir='ltr'><strong><em>nec</em></strong></span> <span class='ocrx_word' id='word_1_262' title='bbox 1293 3130 1491 3186; x_wconf 88' lang='lat' dir='ltr'><strong><em>mirum</em></strong></span> <span class='ocrx_word' id='word_1_263' title='bbox 1529 3134 1702 3190; x_wconf 79' lang='lat' dir='ltr'><strong><em>videri</em></strong></span> <span class='ocrx_word' id='word_1_264' title='bbox 1747 3135 1909 3191; x_wconf 87' lang='lat' dir='ltr'><strong><em>debet</em></strong></span> <span class='ocrx_word' id='word_1_265' title='bbox 1935 3161 1978 3218; x_wconf 68' lang='grc' dir='ltr'><strong><em>ρ</em></strong></span> 
     </span>
    </p>
   </div>
   <div class='ocr_carea' id='block_1_35' title="bbox 323 3216 1901 3298">
    <p class='ocr_par' dir='ltr' id='par_1_35' title="bbox 323 3216 1901 3298">
     <span class='ocr_line' id='line_1_35' title="bbox 323 3216 1901 3298; baseline 0.01 -29"><span class='ocrx_word' id='word_1_266' title='bbox 323 3216 372 3269; x_wconf 78' lang='lat' dir='ltr'><strong><em>si</em></strong></span> <span class='ocrx_word' id='word_1_267' title='bbox 398 3217 620 3285; x_wconf 87' lang='lat' dir='ltr'><strong><em>quidam</em></strong></span> <span class='ocrx_word' id='word_1_268' title='bbox 644 3219 1012 3274; x_wconf 82' lang='lat' dir='ltr'><strong><em>existimarint</em></strong></span> <span class='ocrx_word' id='word_1_269' title='bbox 1043 3222 1259 3293; x_wconf 85' lang='lat' dir='ltr'><strong><em>lepores</em></strong></span> <span class='ocrx_word' id='word_1_270' title='bbox 1279 3240 1402 3280; x_wconf 89' lang='lat' dir='ltr'><strong><em>esse</em></strong></span> <span class='ocrx_word' id='word_1_271' title='bbox 1425 3227 1712 3298; x_wconf 82' lang='lat' dir='ltr'><strong><em>utriusque</em></strong></span> <span class='ocrx_word' id='word_1_272' title='bbox 1737 3245 1901 3286; x_wconf 81' lang='lat' dir='ltr'><strong><em>sexus</em></strong></span> 
     </span>
    </p>
   </div>
   <div class='ocr_carea' id='block_1_36' title="bbox 325 3309 1903 3377">
    <p class='ocr_par' dir='ltr' id='par_1_36' title="bbox 325 3309 1903 3377">
     <span class='ocr_line' id='line_1_36' title="bbox 325 3309 1903 3377; baseline 0.01 -17"><span class='ocrx_word' id='word_1_273' title='bbox 325 3310 641 3377; x_wconf 85' lang='lat' dir='ltr'><strong><em>participes.</em></strong></span> <span class='ocrx_word' id='word_1_274' title='bbox 672 3309 808 3365; x_wconf 88' lang='lat' dir='ltr'><strong><em>Cum</em></strong></span> <span class='ocrx_word' id='word_1_275' title='bbox 836 3313 981 3367; x_wconf 89' lang='lat' dir='ltr'><strong><em>enim</em></strong></span> <span class='ocrx_word' id='word_1_276' title='bbox 1003 3316 1254 3371; x_wconf 90' lang='lat' dir='ltr'><strong><em>eumdem</em></strong></span> <span class='ocrx_word' id='word_1_277' title='bbox 1280 3316 1528 3373; x_wconf 83' lang='lat' dir='ltr'><strong><em>viderent</em></strong></span> <span class='ocrx_word' id='word_1_278' title='bbox 1543 3326 1597 3374; x_wconf 89' lang='lat' dir='ltr'><strong><em>et</em></strong></span> <span class='ocrx_word' id='word_1_279' title='bbox 1619 3320 1903 3376; x_wconf 82' lang='lat' dir='ltr'><strong><em>muliebria</em></strong></span> 
     </span>
    </p>
   </div>
   <div class='ocr_carea' id='block_1_37' title="bbox 324 3397 1904 3479">
    <p class='ocr_par' dir='ltr' id='par_1_37' title="bbox 324 3397 1904 3479">
     <span class='ocr_line' id='line_1_37' title="bbox 324 3397 1904 3479; baseline 0.009 -29"><span class='ocrx_word' id='word_1_280' title='bbox 324 3397 439 3467; x_wconf 88' lang='lat' dir='ltr'><strong><em>pati</em></strong></span> <span class='ocrx_word' id='word_1_281' title='bbox 485 3406 541 3453; x_wconf 90' lang='lat' dir='ltr'><strong><em>et</em></strong></span> <span class='ocrx_word' id='word_1_282' title='bbox 596 3399 725 3455; x_wconf 90' lang='lat' dir='ltr'><strong><em>item</em></strong></span> <span class='ocrx_word' id='word_1_283' title='bbox 766 3417 946 3472; x_wconf 86' lang='lat' dir='ltr'><strong><em>agere,</em></strong></span> <span class='ocrx_word' id='word_1_284' title='bbox 979 3411 1034 3458; x_wconf 89' lang='lat' dir='ltr'><strong><em>et</em></strong></span> <span class='ocrx_word' id='word_1_285' title='bbox 1062 3405 1207 3474; x_wconf 91' lang='lat' dir='ltr'><strong><em>quod</em></strong></span> <span class='ocrx_word' id='word_1_286' title='bbox 1253 3406 1438 3476; x_wconf 91' lang='lat' dir='ltr'><strong><em>potius</em></strong></span> <span class='ocrx_word' id='word_1_287' title='bbox 1471 3408 1712 3479; x_wconf 75' lang='lat' dir='ltr'><strong><em>gignere,</em></strong></span> <span class='ocrx_word' id='word_1_288' title='bbox 1740 3410 1904 3465; x_wconf 88' lang='lat' dir='ltr'><strong><em>sobo-</em></strong></span> 
     </span>
    </p>
   </div>
   <div class='ocr_carea' id='block_1_38' title="bbox 327 3490 1899 3570">
    <p class='ocr_par' dir='ltr' id='par_1_38' title="bbox 327 3490 1899 3570">
     <span class='ocr_line' id='line_1_38' title="bbox 327 3490 1899 3570; baseline 0.008 -26"><span class='ocrx_word' id='word_1_289' title='bbox 327 3490 548 3561; x_wconf 86' lang='lat' dir='ltr'><strong><em>lemque</em></strong></span> <span class='ocrx_word' id='word_1_290' title='bbox 597 3492 854 3559; x_wconf 90' lang='lat' dir='ltr'><strong><em>educare,</em></strong></span> <span class='ocrx_word' id='word_1_291' title='bbox 883 3510 993 3550; x_wconf 90' lang='lat' dir='ltr'><strong><em>non</em></strong></span> <span class='ocrx_word' id='word_1_292' title='bbox 1023 3496 1144 3553; x_wconf 90' lang='lat' dir='ltr'><strong><em>sine</em></strong></span> <span class='ocrx_word' id='word_1_293' title='bbox 1176 3499 1389 3554; x_wconf 88' lang='lat' dir='ltr'><strong><em>ratione</em></strong></span> <span class='ocrx_word' id='word_1_294' title='bbox 1421 3500 1475 3555; x_wconf 92' lang='lat' dir='ltr'><strong><em>id</em></strong></span> <span class='ocrx_word' id='word_1_295' title='bbox 1503 3511 1563 3555; x_wconf 90' lang='lat' dir='ltr'><strong><em>ut</em></strong></span> <span class='ocrx_word' id='word_1_296' title='bbox 1594 3503 1899 3570; x_wconf 86' lang='lat' dir='ltr'><strong><em>crederent,</em></strong></span> 
     </span>
    </p>
   </div>
   <div class='ocr_carea' id='block_1_39' title="bbox 324 3582 1903 3654">
    <p class='ocr_par' dir='ltr' id='par_1_39' title="bbox 324 3582 1903 3654">
     <span class='ocr_line' id='line_1_39' title="bbox 324 3582 1903 3654; baseline 0.01 -17"><span class='ocrx_word' id='word_1_297' title='bbox 324 3582 477 3638; x_wconf 88' lang='lat' dir='ltr'><strong><em>ducti</em></strong></span> <span class='ocrx_word' id='word_1_298' title='bbox 533 3593 684 3643; x_wconf 88' lang='lat' dir='ltr'><strong><em>sunt.</em></strong></span> <span class='ocrx_word' id='word_1_299' title='bbox 734 3586 891 3654; x_wconf 86' lang='lat' dir='ltr'><strong><em>Quod</em></strong></span> <span class='ocrx_word' id='word_1_300' title='bbox 946 3587 1158 3645; x_wconf 87' lang='lat' dir='ltr'><strong><em>Plinius</em></strong></span> <span class='ocrx_word' id='word_1_301' title='bbox 1211 3591 1538 3648; x_wconf 80' lang='lat' dir='ltr'><strong><em>Archelaum</em></strong></span> <span class='ocrx_word' id='word_1_302' title='bbox 1596 3594 1903 3653; x_wconf 86' lang='lat' dir='ltr'><strong><em>affirmasse</em></strong></span> 
     </span>
    </p>
   </div>
   <div class='ocr_carea' id='block_1_40' title="bbox 324 3675 1723 3752">
    <p class='ocr_par' dir='ltr' id='par_1_40' title="bbox 324 3675 1723 3752">
     <span class='ocr_line' id='line_1_40' title="bbox 324 3675 1723 3752; baseline 0.008 -22"><span class='ocrx_word' id='word_1_303' title='bbox 324 3675 543 3742; x_wconf 85' lang='lat' dir='ltr'><strong><em>seribit,</em></strong></span> <span class='ocrx_word' id='word_1_304' title='bbox 577 3684 631 3733; x_wconf 89' lang='lat' dir='ltr'><strong><em>et</em></strong></span> <span class='ocrx_word' id='word_1_305' title='bbox 674 3676 1020 3736; x_wconf 84' lang='lat' dir='ltr'><strong><em>Democritus</em></strong></span> <span class='ocrx_word' id='word_1_306' title='bbox 1051 3681 1104 3736; x_wconf 91' lang='lat' dir='ltr'><strong><em>in</em></strong></span> <span class='ocrx_word' id='word_1_307' title='bbox 1142 3680 1447 3752; x_wconf 85' lang='lat' dir='ltr'><strong><em>Geoponicis</em></strong></span> <span class='ocrx_word' id='word_1_308' title='bbox 1478 3685 1723 3741; x_wconf 90' lang='lat' dir='ltr'><strong><em>tradidit.</em></strong></span> 
     </span>
    </p>
   </div>
   <div class='ocr_carea' id='block_1_41' title="bbox 389 3765 1898 3845">
    <p class='ocr_par' dir='ltr' id='par_1_41' title="bbox 389 3765 1898 3845">
     <span class='ocr_line' id='line_1_41' title="bbox 389 3765 1898 3845; baseline 0.008 -24"><span class='ocrx_word' id='word_1_309' title='bbox 389 3765 667 3830; x_wconf 89' lang='lat' dir='ltr'><strong><em>lbid.,lin.</em></strong></span> <span class='ocrx_word' id='word_1_310' title='bbox 691 3770 781 3825; x_wconf 77' lang='lat'><strong><em>27.</em></strong></span> <span class='ocrx_word' id='word_1_311' title='bbox 808 3772 919 3841; x_wconf 77' lang='lat' dir='ltr'><strong><em>Kal</em></strong></span> <span class='ocrx_word' id='word_1_312' title='bbox 944 3773 1206 3829; x_wconf 72' lang='grc' dir='ltr'>τεκοῦσα</span> <span class='ocrx_word' id='word_1_313' title='bbox 1225 3774 1434 3830; x_wconf 80' lang='grc' dir='ltr'>πάλιν.</span> <span class='ocrx_word' id='word_1_314' title='bbox 1464 3775 1695 3839; x_wconf 88' lang='lat' dir='ltr'><strong><em>Plinius,</em></strong></span> <span class='ocrx_word' id='word_1_315' title='bbox 1720 3777 1816 3833; x_wconf 91' lang='lat' dir='ltr'><strong><em>lib.</em></strong></span> <span class='ocrx_word' id='word_1_316' title='bbox 1844 3795 1898 3845; x_wconf 84' lang='lat' dir='ltr'><strong><em>x,</em></strong></span> 
     </span>
    </p>
   </div>
   <div class='ocr_carea' id='block_1_42' title="bbox 318 3860 1897 3940">
    <p class='ocr_par' dir='ltr' id='par_1_42' title="bbox 318 3860 1897 3940">
     <span class='ocr_line' id='line_1_42' title="bbox 318 3860 1897 3940; baseline 0.008 -26"><span class='ocrx_word' id='word_1_317' title='bbox 318 3874 449 3929; x_wconf 85' lang='lat' dir='ltr'><strong><em>cap.</em></strong></span> <span class='ocrx_word' id='word_1_318' title='bbox 506 3860 575 3915; x_wconf 69' lang='grc'><strong><em>45</em></strong></span> <span class='ocrx_word' id='word_1_319' title='bbox 609 3879 623 3915; x_wconf 93' lang='lat'>:</span> <span class='ocrx_word' id='word_1_320' title='bbox 656 3861 698 3914; x_wconf 82' lang='lat' dir='ltr'><strong><em>A</em></strong></span> <span class='ocrx_word' id='word_1_321' title='bbox 760 3874 920 3932; x_wconf 87' lang='lat' dir='ltr'><strong><em>partu</em></strong></span> <span class='ocrx_word' id='word_1_322' title='bbox 961 3867 1144 3921; x_wconf 79' lang='lat' dir='ltr'><strong><em>statim</em></strong></span> <span class='ocrx_word' id='word_1_323' title='bbox 1185 3867 1508 3936; x_wconf 84' lang='lat' dir='ltr'><strong><em>implentur;</em></strong></span> <span class='ocrx_word' id='word_1_324' title='bbox 1569 3871 1897 3940; x_wconf 88' lang='lat' dir='ltr'><strong><em>concipiunt,</em></strong></span> 
     </span>
    </p>
   </div>
   <div class='ocr_carea' id='block_1_43' title="bbox 316 3955 1897 4034">
    <p class='ocr_par' dir='ltr' id='par_1_43' title="bbox 316 3955 1897 4034">
     <span class='ocr_line' id='line_1_43' title="bbox 316 3955 1897 4034; baseline 0.01 -29"><span class='ocrx_word' id='word_1_325' title='bbox 316 3955 561 4024; x_wconf 71' lang='lat' dir='ltr'><strong><em>quamvis</em></strong></span> <span class='ocrx_word' id='word_1_326' title='bbox 597 3955 761 4010; x_wconf 80' lang='lat' dir='ltr'><strong><em>ubera</em></strong></span> <span class='ocrx_word' id='word_1_327' title='bbox 801 3958 1033 4017; x_wconf 77' lang='lat' dir='ltr'><strong><em>siccante</em></strong></span> <span class='ocrx_word' id='word_1_328' title='bbox 1083 3961 1212 4029; x_wconf 87' lang='lat' dir='ltr'><strong><em>fetu.</em></strong></span> <span class='ocrx_word' id='word_1_329' title='bbox 1243 3961 1311 4016; x_wconf 90' lang='lat' dir='ltr'><strong><em>Et</em></strong></span> <span class='ocrx_word' id='word_1_330' title='bbox 1358 3962 1455 4017; x_wconf 88' lang='lat' dir='ltr'><strong><em>lib.</em></strong></span> <span class='ocrx_word' id='word_1_331' title='bbox 1486 3980 1607 4027; x_wconf 85' lang='lat' dir='ltr'><strong><em>vm,</em></strong></span> <span class='ocrx_word' id='word_1_332' title='bbox 1647 3980 1768 4034; x_wconf 86' lang='lat' dir='ltr'><strong><em>cap.</em></strong></span> <span class='ocrx_word' id='word_1_333' title='bbox 1794 3965 1897 4021; x_wconf 76' lang='lat'><strong>55:</strong></span> 
     </span>
    </p>
   </div>
   <div class='ocr_carea' id='block_1_44' title="bbox 311 4045 1902 4127">
    <p class='ocr_par' dir='ltr' id='par_1_44' title="bbox 311 4045 1902 4127">
     <span class='ocr_line' id='line_1_44' title="bbox 311 4045 1902 4127; baseline 0.008 -28"><span class='ocrx_word' id='word_1_334' title='bbox 311 4045 492 4115; x_wconf 75' lang='lat' dir='ltr'><strong><em>Lepus</em></strong></span> <span class='ocrx_word' id='word_1_335' title='bbox 520 4050 753 4103; x_wconf 87' lang='lat' dir='ltr'><strong><em>omnium</em></strong></span> <span class='ocrx_word' id='word_1_336' title='bbox 777 4051 973 4121; x_wconf 72' lang='lat' dir='ltr'><strong><em>pra’dte</em></strong></span> <span class='ocrx_word' id='word_1_337' title='bbox 995 4070 1236 4115; x_wconf 89' lang='lat' dir='ltr'><strong><em>nascens,</em></strong></span> <span class='ocrx_word' id='word_1_338' title='bbox 1269 4054 1413 4109; x_wconf 90' lang='lat' dir='ltr'><strong><em>solus</em></strong></span> <span class='ocrx_word' id='word_1_339' title='bbox 1449 4067 1641 4125; x_wconf 66' lang='lat' dir='ltr'><strong><em>praeter</em></strong></span> <span class='ocrx_word' id='word_1_340' title='bbox 1670 4057 1902 4127; x_wconf 87' lang='lat' dir='ltr'><strong><em>dasypo-</em></strong></span> 
     </span>
    </p>
   </div>
   <div class='ocr_carea' id='block_1_45' title="bbox 309 4138 1899 4220">
    <p class='ocr_par' dir='ltr' id='par_1_45' title="bbox 309 4138 1899 4220">
     <span class='ocr_line' id='line_1_45' title="bbox 309 4138 1899 4220; baseline 0.01 -31"><span class='ocrx_word' id='word_1_341' title='bbox 309 4138 440 4192; x_wconf 85' lang='lat' dir='ltr'><strong><em>dem</em></strong></span> <span class='ocrx_word' id='word_1_342' title='bbox 472 4142 786 4210; x_wconf 79' lang='lat' dir='ltr'><strong><em>superfetat,</em></strong></span> <span class='ocrx_word' id='word_1_343' title='bbox 843 4143 994 4198; x_wconf 89' lang='lat' dir='ltr'><strong><em>aliud</em></strong></span> <span class='ocrx_word' id='word_1_344' title='bbox 1023 4144 1275 4212; x_wconf 89' lang='lat' dir='ltr'><strong><em>educans,</em></strong></span> <span class='ocrx_word' id='word_1_345' title='bbox 1320 4147 1468 4202; x_wconf 88' lang='lat' dir='ltr'><strong><em>aliud</em></strong></span> <span class='ocrx_word' id='word_1_346' title='bbox 1502 4149 1555 4202; x_wconf 90' lang='lat' dir='ltr'><strong><em>in</em></strong></span> <span class='ocrx_word' id='word_1_347' title='bbox 1596 4158 1744 4203; x_wconf 83' lang='lat' dir='ltr'><strong><em>utero</em></strong></span> <span class='ocrx_word' id='word_1_348' title='bbox 1774 4151 1899 4220; x_wconf 82' lang='lat' dir='ltr'><strong><em>pilis</em></strong></span> 
     </span>
    </p>
   </div>
   <div class='ocr_carea' id='block_1_46' title="bbox 313 4233 1900 4314">
    <p class='ocr_par' dir='ltr' id='par_1_46' title="bbox 313 4233 1900 4314">
     <span class='ocr_line' id='line_1_46' title="bbox 313 4233 1900 4314; baseline 0.009 -29"><span class='ocrx_word' id='word_1_349' title='bbox 313 4233 588 4297; x_wconf 80' lang='lat' dir='ltr'><strong><em>vestitum,</em></strong></span> <span class='ocrx_word' id='word_1_350' title='bbox 620 4235 769 4289; x_wconf 83' lang='lat' dir='ltr'><strong><em>aliud</em></strong></span> <span class='ocrx_word' id='word_1_351' title='bbox 791 4237 1061 4307; x_wconf 87' lang='lat' dir='ltr'><strong><em>implunte,</em></strong></span> <span class='ocrx_word' id='word_1_352' title='bbox 1089 4240 1237 4294; x_wconf 85' lang='lat' dir='ltr'><strong><em>aliud</em></strong></span> <span class='ocrx_word' id='word_1_353' title='bbox 1262 4239 1566 4296; x_wconf 86' lang='lat' dir='ltr'><strong><em>inchoatum</em></strong></span> <span class='ocrx_word' id='word_1_354' title='bbox 1595 4259 1775 4314; x_wconf 89' lang='lat' dir='ltr'><strong><em>gerens</em></strong></span> <span class='ocrx_word' id='word_1_355' title='bbox 1803 4260 1900 4313; x_wconf 91' lang='lat' dir='ltr'><strong><em>pa-</em></strong></span> 
     </span>
    </p>
   </div>
   <div class='ocr_carea' id='block_1_47' title="bbox 318 4325 1900 4408">
    <p class='ocr_par' dir='ltr' id='par_1_47' title="bbox 318 4325 1900 4408">
     <span class='ocr_line' id='line_1_47' title="bbox 318 4325 1900 4408; baseline 0.009 -29"><span class='ocrx_word' id='word_1_356' title='bbox 318 4326 470 4382; x_wconf 84' lang='lat' dir='ltr'><strong><em>riter.</em></strong></span> <span class='ocrx_word' id='word_1_357' title='bbox 511 4325 701 4396; x_wconf 86' lang='lat' dir='ltr'><strong><em>Solum</em></strong></span> <span class='ocrx_word' id='word_1_358' title='bbox 732 4332 1092 4401; x_wconf 86' lang='lat' dir='ltr'><strong><em>superfetare.</em></strong></span> <span class='ocrx_word' id='word_1_359' title='bbox 1119 4340 1179 4387; x_wconf 92' lang='lat' dir='ltr'><strong><em>ut</em></strong></span> <span class='ocrx_word' id='word_1_360' title='bbox 1207 4350 1392 4389; x_wconf 85' lang='lat' dir='ltr'><strong><em>verum</em></strong></span> <span class='ocrx_word' id='word_1_361' title='bbox 1424 4335 1518 4399; x_wconf 86' lang='lat' dir='ltr'><strong><em>sit,</em></strong></span> <span class='ocrx_word' id='word_1_362' title='bbox 1551 4337 1747 4392; x_wconf 89' lang='lat' dir='ltr'><strong><em>viderit</em></strong></span> <span class='ocrx_word' id='word_1_363' title='bbox 1782 4338 1900 4408; x_wconf 91' lang='lat' dir='ltr'><strong><em>ipse</em></strong></span> 
     </span>
    </p>
   </div>
   <div class='ocr_carea' id='block_1_48' title="bbox 234 4415 1898 4499">
    <p class='ocr_par' dir='ltr' id='par_1_48' title="bbox 234 4415 1898 4499">
     <span class='ocr_line' id='line_1_48' title="bbox 234 4415 1898 4499; baseline 0.007 -27"><span class='ocrx_word' id='word_1_364' title='bbox 234 4473 245 4485; x_wconf 66' lang='grc'><em>,</em></span> <span class='ocrx_word' id='word_1_365' title='bbox 316 4415 556 4484; x_wconf 80' lang='lat' dir='ltr'><strong><em>Plinius.</em></strong></span> <span class='ocrx_word' id='word_1_366' title='bbox 594 4420 779 4492; x_wconf 90' lang='lat' dir='ltr'><strong><em>Equas</em></strong></span> <span class='ocrx_word' id='word_1_367' title='bbox 818 4430 873 4478; x_wconf 88' lang='lat' dir='ltr'><strong><em>et.</em></strong></span> <span class='ocrx_word' id='word_1_368' title='bbox 895 4426 1153 4482; x_wconf 87' lang='lat' dir='ltr'><strong><em>mulieres</em></strong></span> <span class='ocrx_word' id='word_1_369' title='bbox 1192 4442 1411 4497; x_wconf 87' lang='lat' dir='ltr'><strong><em>quoque</em></strong></span> <span class='ocrx_word' id='word_1_370' title='bbox 1437 4427 1775 4498; x_wconf 84' lang='lat' dir='ltr'><strong><em>superfetare</em></strong></span> <span class='ocrx_word' id='word_1_371' title='bbox 1800 4445 1898 4499; x_wconf 91' lang='lat' dir='ltr'><strong><em>pro</em></strong></span> 
     </span>
    </p>
   </div>
   <div class='ocr_carea' id='block_1_49' title="bbox 2019 541 3607 618">
    <p class='ocr_par' dir='ltr' id='par_1_49' title="bbox 2019 541 3607 618">
     <span class='ocr_line' id='line_1_49' title="bbox 2019 541 3607 618; baseline 0.003 -24"><span class='ocrx_word' id='word_1_372' title='bbox 2019 541 2183 606; x_wconf 87' lang='grc' dir='ltr'>νῶτα,</span> <span class='ocrx_word' id='word_1_373' title='bbox 2214 542 2308 596; x_wconf 75' lang='grc' dir='ltr'>καὶ</span> <span class='ocrx_word' id='word_1_374' title='bbox 2360 543 2564 598; x_wconf 84' lang='grc' dir='ltr'>τούτων</span> <span class='ocrx_word' id='word_1_375' title='bbox 2595 543 2704 597; x_wconf 88' lang='grc' dir='ltr'><strong><em>τῶν</em></strong></span> <span class='ocrx_word' id='word_1_376' title='bbox 2734 545 2949 616; x_wconf 86' lang='grc' dir='ltr'>πτερῶν</span> <span class='ocrx_word' id='word_1_377' title='bbox 2998 544 3100 617; x_wconf 76' lang='grc' dir='ltr'>τὴν</span> <span class='ocrx_word' id='word_1_378' title='bbox 3141 542 3307 618; x_wconf 82' lang='grc' dir='ltr'>χρόαν</span> <span class='ocrx_word' id='word_1_379' title='bbox 3349 545 3607 616; x_wconf 87' lang='grc' dir='ltr'>μέλαιναν</span> 
     </span>
    </p>
   </div>
   <div class='ocr_carea' id='block_1_50' title="bbox 2006 633 3605 708">
    <p class='ocr_par' dir='ltr' id='par_1_50' title="bbox 2006 633 3605 708">
     <span class='ocr_line' id='line_1_50' title="bbox 2006 633 3605 708; baseline 0 -21"><span class='ocrx_word' id='word_1_380' title='bbox 2006 633 2157 688; x_wconf 71' lang='grc' dir='ltr'>εἶναι</span> <span class='ocrx_word' id='word_1_381' title='bbox 2210 633 2416 705; x_wconf 75' lang='grc' dir='ltr'>ᾄδουσι.</span> <span class='ocrx_word' id='word_1_382' title='bbox 2451 633 2533 688; x_wconf 84' lang='grc' dir='ltr'><strong><em>Τὰ</em></strong></span> <span class='ocrx_word' id='word_1_383' title='bbox 2591 635 2648 688; x_wconf 83' lang='grc' dir='ltr'>δὲ</span> <span class='ocrx_word' id='word_1_384' title='bbox 2696 635 2933 707; x_wconf 83' lang='grc' dir='ltr'>πρόσθια</span> <span class='ocrx_word' id='word_1_385' title='bbox 2984 635 3192 708; x_wconf 79' lang='grc' dir='ltr'>ἐρυθρά</span> <span class='ocrx_word' id='word_1_386' title='bbox 3220 652 3374 702; x_wconf 85' lang='grc' dir='ltr'>φασι,</span> <span class='ocrx_word' id='word_1_387' title='bbox 3400 635 3498 699; x_wconf 86' lang='grc' dir='ltr'>τάς</span> <span class='ocrx_word' id='word_1_388' title='bbox 3541 652 3605 704; x_wconf 87' lang='grc' dir='ltr'><strong><em>γε</em></strong></span> 
     </span>
    </p>
   </div>
   <div class='ocr_carea' id='block_1_51' title="bbox 2021 726 3602 799">
    <p class='ocr_par' dir='ltr' id='par_1_51' title="bbox 2021 726 3602 799">
     <span class='ocr_line' id='line_1_51' title="bbox 2021 726 3602 799; baseline -0.001 -18"><span class='ocrx_word' id='word_1_389' title='bbox 2021 728 2127 799; x_wconf 86' lang='grc' dir='ltr'><strong><em>μὴν</em></strong></span> <span class='ocrx_word' id='word_1_390' title='bbox 2161 729 2439 798; x_wconf 83' lang='grc' dir='ltr'>πτέρυγας</span> <span class='ocrx_word' id='word_1_391' title='bbox 2490 726 2659 790; x_wconf 86' lang='grc' dir='ltr'>αὐτὰς</span> <span class='ocrx_word' id='word_1_392' title='bbox 2697 727 2882 781; x_wconf 84' lang='grc' dir='ltr'>οὐκέτι</span> <span class='ocrx_word' id='word_1_393' title='bbox 2913 726 3187 791; x_wconf 85' lang='grc' dir='ltr'>τοιαύτας,</span> <span class='ocrx_word' id='word_1_394' title='bbox 3218 727 3355 781; x_wconf 82' lang='grc' dir='ltr'>ἀλλὰ</span> <span class='ocrx_word' id='word_1_395' title='bbox 3380 726 3602 790; x_wconf 83' lang='grc' dir='ltr'>λευκὰς,</span> 
     </span>
    </p>
   </div>
   <div class='ocr_carea' id='block_1_52' title="bbox 2015 818 3601 893">
    <p class='ocr_par' dir='ltr' id='par_1_52' title="bbox 2015 818 3601 893">
     <span class='ocr_line' id='line_1_52' title="bbox 2015 818 3601 893; baseline -0.001 -21"><span class='ocrx_word' id='word_1_396' title='bbox 2015 820 2114 892; x_wconf 80' lang='grc' dir='ltr'>τὴν</span> <span class='ocrx_word' id='word_1_397' title='bbox 2165 821 2328 892; x_wconf 83' lang='grc' dir='ltr'>δέρην</span> <span class='ocrx_word' id='word_1_398' title='bbox 2369 821 2426 893; x_wconf 64' lang='grc' dir='ltr'>δὲ</span> <span class='ocrx_word' id='word_1_399' title='bbox 2465 821 2644 874; x_wconf 87' lang='grc' dir='ltr'>αὐτῶν</span> <span class='ocrx_word' id='word_1_400' title='bbox 2688 824 2906 883; x_wconf 84' lang='grc' dir='ltr'>κυανοίς</span> <span class='ocrx_word' id='word_1_401' title='bbox 2953 818 3256 890; x_wconf 78' lang='grc' dir='ltr'>διηνθίσθαι</span> <span class='ocrx_word' id='word_1_402' title='bbox 3300 822 3412 882; x_wconf 84' lang='grc' dir='ltr'>τοῖς</span> <span class='ocrx_word' id='word_1_403' title='bbox 3469 835 3601 872; x_wconf 84' lang='grc' dir='ltr'>πτε-</span> 
     </span>
    </p>
   </div>
   <div class='ocr_carea' id='block_1_53' title="bbox 2018 909 3603 986">
    <p class='ocr_par' dir='ltr' id='par_1_53' title="bbox 2018 909 3603 986">
     <span class='ocr_line' id='line_1_53' title="bbox 2018 909 3603 986; baseline -0.003 -20"><span class='ocrx_word' id='word_1_404' title='bbox 2018 916 2131 985; x_wconf 86' lang='grc' dir='ltr'>ροῖς</span> <span class='ocrx_word' id='word_1_405' title='bbox 2155 914 2399 984; x_wconf 84' lang='grc' dir='ltr'>Κτησίας</span> <span class='ocrx_word' id='word_1_406' title='bbox 2426 915 2645 986; x_wconf 82' lang='grc' dir='ltr'>ἱστορεῖ.</span> <span class='ocrx_word' id='word_1_407' title='bbox 2665 914 2847 984; x_wconf 83' lang='grc' dir='ltr'>Στόμα</span> <span class='ocrx_word' id='word_1_408' title='bbox 2873 913 2930 966; x_wconf 83' lang='grc' dir='ltr'>δὲ</span> <span class='ocrx_word' id='word_1_409' title='bbox 2954 911 3096 982; x_wconf 77' lang='grc' dir='ltr'>ἔχειν</span> <span class='ocrx_word' id='word_1_410' title='bbox 3126 910 3378 976; x_wconf 82' lang='grc' dir='ltr'>ἀετῶδες,</span> <span class='ocrx_word' id='word_1_411' title='bbox 3396 911 3488 963; x_wconf 75' lang='grc' dir='ltr'>καὶ</span> <span class='ocrx_word' id='word_1_412' title='bbox 3504 909 3603 980; x_wconf 78' lang='grc' dir='ltr'>τὴν</span> 
     </span>
    </p>
   </div>
   <div class='ocr_carea' id='block_1_54' title="bbox 2016 1003 3604 1078">
    <p class='ocr_par' dir='ltr' id='par_1_54' title="bbox 2016 1003 3604 1078">
     <span class='ocr_line' id='line_1_54' title="bbox 2016 1003 3604 1078; baseline -0.003 -20"><span class='ocrx_word' id='word_1_413' title='bbox 2016 1005 2256 1075; x_wconf 82' lang='grc' dir='ltr'>κεφαλὴν</span> <span class='ocrx_word' id='word_1_414' title='bbox 2299 1005 2488 1059; x_wconf 87' lang='grc' dir='ltr'>ὁποίαν</span> <span class='ocrx_word' id='word_1_415' title='bbox 2536 1006 2586 1058; x_wconf 78' lang='grc' dir='ltr'>οἱ</span> <span class='ocrx_word' id='word_1_416' title='bbox 2642 1004 3088 1078; x_wconf 81' lang='grc' dir='ltr'>χειρουργοῦντες</span> <span class='ocrx_word' id='word_1_417' title='bbox 3118 1003 3388 1075; x_wconf 75' lang='grc' dir='ltr'>γράφουσί</span> <span class='ocrx_word' id='word_1_418' title='bbox 3418 1020 3478 1055; x_wconf 89' lang='grc' dir='ltr'><strong><em>τε</em></strong></span> <span class='ocrx_word' id='word_1_419' title='bbox 3507 1004 3604 1056; x_wconf 78' lang='grc' dir='ltr'>καὶ</span> 
     </span>
    </p>
   </div>
   <div class='ocr_carea' id='block_1_55' title="bbox 2016 1094 3599 1167">
    <p class='ocr_par' dir='ltr' id='par_1_55' title="bbox 2016 1094 3599 1167">
     <span class='ocr_line' id='line_1_55' title="bbox 2016 1094 3599 1167; baseline -0.001 -16"><span class='ocrx_word' id='word_1_420' title='bbox 2016 1097 2330 1151; x_wconf 83' lang='grc' dir='ltr'>πλάττουσι.</span> <span class='ocrx_word' id='word_1_421' title='bbox 2352 1096 2648 1166; x_wconf 83' lang='grc' dir='ltr'>Φλογώδεις</span> <span class='ocrx_word' id='word_1_422' title='bbox 2674 1097 2731 1150; x_wconf 83' lang='grc' dir='ltr'>δέ</span> <span class='ocrx_word' id='word_1_423' title='bbox 2761 1114 2894 1167; x_wconf 83' lang='grc' dir='ltr'>φασι</span> <span class='ocrx_word' id='word_1_424' title='bbox 2922 1098 3048 1160; x_wconf 80' lang='grc' dir='ltr'>τοὺς</span> <span class='ocrx_word' id='word_1_425' title='bbox 3075 1095 3386 1166; x_wconf 77' lang='grc' dir='ltr'>ὀφθαλμοὺς</span> <span class='ocrx_word' id='word_1_426' title='bbox 3411 1094 3599 1149; x_wconf 80' lang='grc' dir='ltr'>αὑτοῦ.</span> 
     </span>
    </p>
   </div>
   <div class='ocr_carea' id='block_1_56' title="bbox 2015 1185 3601 1259">
    <p class='ocr_par' dir='ltr' id='par_1_56' title="bbox 2015 1185 3601 1259">
     <span class='ocr_line' id='line_1_56' title="bbox 2015 1185 3601 1259; baseline -0.003 -17"><span class='ocrx_word' id='word_1_427' title='bbox 2015 1187 2245 1254; x_wconf 85' lang='lat' dir='ltr'><strong><em>Plinius,</em></strong></span> <span class='ocrx_word' id='word_1_428' title='bbox 2278 1189 2373 1243; x_wconf 90' lang='lat' dir='ltr'><strong><em>lib.</em></strong></span> <span class='ocrx_word' id='word_1_429' title='bbox 2406 1206 2504 1253; x_wconf 77' lang='grc' dir='ltr'>νη,</span> <span class='ocrx_word' id='word_1_430' title='bbox 2528 1205 2648 1259; x_wconf 88' lang='lat' dir='ltr'><strong><em>cap.</em></strong></span> <span class='ocrx_word' id='word_1_431' title='bbox 2678 1188 2714 1242; x_wconf 72' lang='lat'><strong>2</strong></span> <span class='ocrx_word' id='word_1_432' title='bbox 2745 1208 2758 1244; x_wconf 92' lang='lat'><strong>:</strong></span> <span class='ocrx_word' id='word_1_433' title='bbox 2801 1188 3100 1259; x_wconf 80' lang='lat' dir='ltr'><strong><em>Arimaspis</em></strong></span> <span class='ocrx_word' id='word_1_434' title='bbox 3146 1187 3358 1241; x_wconf 88' lang='lat' dir='ltr'><strong><em>assidue</em></strong></span> <span class='ocrx_word' id='word_1_435' title='bbox 3409 1185 3601 1242; x_wconf 46' lang='lat' dir='ltr'><strong><em>bellum</em></strong></span> 
     </span>
    </p>
   </div>
   <div class='ocr_carea' id='block_1_57' title="bbox 2014 1280 3603 1352">
    <p class='ocr_par' dir='ltr' id='par_1_57' title="bbox 2014 1280 3603 1352">
     <span class='ocr_line' id='line_1_57' title="bbox 2014 1280 3603 1352; baseline -0.003 -16"><span class='ocrx_word' id='word_1_436' title='bbox 2014 1297 2127 1336; x_wconf 88' lang='lat' dir='ltr'><strong><em>esse</em></strong></span> <span class='ocrx_word' id='word_1_437' title='bbox 2142 1282 2286 1334; x_wconf 85' lang='lat' dir='ltr'><strong><em>circa</em></strong></span> <span class='ocrx_word' id='word_1_438' title='bbox 2309 1281 2527 1335; x_wconf 89' lang='lat' dir='ltr'><strong><em>metalla</em></strong></span> <span class='ocrx_word' id='word_1_439' title='bbox 2543 1297 2662 1334; x_wconf 84' lang='lat' dir='ltr'><strong><em>cum</em></strong></span> <span class='ocrx_word' id='word_1_440' title='bbox 2677 1282 2912 1352; x_wconf 85' lang='lat' dir='ltr'><strong><em>gryphis,</em></strong></span> <span class='ocrx_word' id='word_1_441' title='bbox 2931 1281 3170 1351; x_wconf 82' lang='lat' dir='ltr'><strong><em>ferarum</em></strong></span> <span class='ocrx_word' id='word_1_442' title='bbox 3194 1280 3395 1335; x_wconf 81' lang='lat' dir='ltr'><strong><em>volucri</em></strong></span> <span class='ocrx_word' id='word_1_443' title='bbox 3417 1294 3603 1349; x_wconf 87' lang='lat' dir='ltr'><strong><em>genere</em></strong></span> 
     </span>
    </p>
   </div>
   <div class='ocr_carea' id='block_1_58' title="bbox 2015 1374 3598 1447">
    <p class='ocr_par' dir='ltr' id='par_1_58' title="bbox 2015 1374 3598 1447">
     <span class='ocr_line' id='line_1_58' title="bbox 2015 1374 3598 1447; baseline -0.002 -18"><span class='ocrx_word' id='word_1_444' title='bbox 2015 1376 2171 1447; x_wconf 82' lang='lat' dir='ltr'><strong><em>quale</em></strong></span> <span class='ocrx_word' id='word_1_445' title='bbox 2220 1375 2370 1446; x_wconf 83' lang='lat' dir='ltr'><strong><em>vulgo</em></strong></span> <span class='ocrx_word' id='word_1_446' title='bbox 2424 1374 2680 1438; x_wconf 87' lang='lat' dir='ltr'><strong><em>traditur,</em></strong></span> <span class='ocrx_word' id='word_1_447' title='bbox 2725 1386 2939 1429; x_wconf 87' lang='lat' dir='ltr'><strong><em>eruente</em></strong></span> <span class='ocrx_word' id='word_1_448' title='bbox 2975 1390 3042 1429; x_wconf 79' lang='lat' dir='ltr'><strong><em>ea:</em></strong></span> <span class='ocrx_word' id='word_1_449' title='bbox 3075 1374 3335 1428; x_wconf 87' lang='lat' dir='ltr'><strong><em>cuniculis</em></strong></span> <span class='ocrx_word' id='word_1_450' title='bbox 3383 1389 3598 1437; x_wconf 89' lang='lat' dir='ltr'><strong><em>aurum,</em></strong></span> 
     </span>
    </p>
   </div>
   <div class='ocr_carea' id='block_1_59' title="bbox 2016 1467 3599 1538">
    <p class='ocr_par' dir='ltr' id='par_1_59' title="bbox 2016 1467 3599 1538">
     <span class='ocr_line' id='line_1_59' title="bbox 2016 1467 3599 1538; baseline 0 -16"><span class='ocrx_word' id='word_1_451' title='bbox 2016 1471 2154 1522; x_wconf 90' lang='lat' dir='ltr'><strong><em>mira</em></strong></span> <span class='ocrx_word' id='word_1_452' title='bbox 2173 1468 2479 1538; x_wconf 83' lang='lat' dir='ltr'><strong><em>cupiditate,</em></strong></span> <span class='ocrx_word' id='word_1_453' title='bbox 2503 1478 2554 1522; x_wconf 89' lang='lat' dir='ltr'><strong><em>et</em></strong></span> <span class='ocrx_word' id='word_1_454' title='bbox 2598 1469 2726 1538; x_wconf 77' lang='lat' dir='ltr'><strong><em>feris</em></strong></span> <span class='ocrx_word' id='word_1_455' title='bbox 2755 1467 3192 1532; x_wconf 85' lang='lat' dir='ltr'><strong><em>custodientibus,</em></strong></span> <span class='ocrx_word' id='word_1_456' title='bbox 3220 1476 3271 1522; x_wconf 90' lang='lat' dir='ltr'><strong><em>et</em></strong></span> <span class='ocrx_word' id='word_1_457' title='bbox 3313 1468 3599 1537; x_wconf 88' lang='lat' dir='ltr'><strong><em>arimaspis</em></strong></span> 
     </span>
    </p>
   </div>
   <div class='ocr_carea' id='block_1_60' title="bbox 2015 1559 3598 1631">
    <p class='ocr_par' dir='ltr' id='par_1_60' title="bbox 2015 1559 3598 1631">
     <span class='ocr_line' id='line_1_60' title="bbox 2015 1559 3598 1631; baseline -0.001 -15"><span class='ocrx_word' id='word_1_458' title='bbox 2015 1561 2365 1631; x_wconf 81' lang='lat' dir='ltr'><strong><em>rapientibus,</em></strong></span> <span class='ocrx_word' id='word_1_459' title='bbox 2398 1562 2572 1627; x_wconf 88' lang='lat' dir='ltr'><strong><em>multi,</em></strong></span> <span class='ocrx_word' id='word_1_460' title='bbox 2610 1560 2700 1616; x_wconf 90' lang='lat' dir='ltr'><strong><em>sed</em></strong></span> <span class='ocrx_word' id='word_1_461' title='bbox 2734 1562 2965 1617; x_wconf 74' lang='lat' dir='ltr'><strong><em>maxime</em></strong></span> <span class='ocrx_word' id='word_1_462' title='bbox 3010 1561 3246 1616; x_wconf 87' lang='lat' dir='ltr'><strong><em>illustres</em></strong></span> <span class='ocrx_word' id='word_1_463' title='bbox 3296 1559 3598 1615; x_wconf 81' lang='lat' dir='ltr'><strong><em>Herodotus</em></strong></span> 
     </span>
    </p>
   </div>
   <div class='ocr_carea' id='block_1_61' title="bbox 2015 1652 3597 1720">
    <p class='ocr_par' dir='ltr' id='par_1_61' title="bbox 2015 1652 3597 1720">
     <span class='ocr_line' id='line_1_61' title="bbox 2015 1652 3597 1720; baseline -0.003 -10"><span class='ocrx_word' id='word_1_464' title='bbox 2015 1663 2065 1710; x_wconf 90' lang='lat' dir='ltr'><strong><em>et</em></strong></span> <span class='ocrx_word' id='word_1_465' title='bbox 2120 1654 2357 1710; x_wconf 87' lang='lat' dir='ltr'><strong><em>Aristeas</em></strong></span> <span class='ocrx_word' id='word_1_466' title='bbox 2418 1653 2837 1720; x_wconf 84' lang='lat' dir='ltr'><strong><em>Proconnesius,</em></strong></span> <span class='ocrx_word' id='word_1_467' title='bbox 2873 1653 3128 1708; x_wconf 80' lang='lat' dir='ltr'><strong><em>scribunt.</em></strong></span> <span class='ocrx_word' id='word_1_468' title='bbox 3183 1652 3384 1709; x_wconf 89' lang='lat' dir='ltr'><strong><em>Eorum</em></strong></span> <span class='ocrx_word' id='word_1_469' title='bbox 3431 1653 3597 1706; x_wconf 83' lang='lat' dir='ltr'><strong><em>etiam</em></strong></span> 
     </span>
    </p>
   </div>
   <div class='ocr_carea' id='block_1_62' title="bbox 2016 1741 3595 1810">
    <p class='ocr_par' dir='ltr' id='par_1_62' title="bbox 2016 1741 3595 1810">
     <span class='ocr_line' id='line_1_62' title="bbox 2016 1741 3595 1810; baseline -0.003 -10"><span class='ocrx_word' id='word_1_470' title='bbox 2016 1747 2312 1803; x_wconf 87' lang='lat' dir='ltr'><strong><em>meminere</em></strong></span> <span class='ocrx_word' id='word_1_471' title='bbox 2359 1745 2602 1810; x_wconf 87' lang='lat' dir='ltr'><strong><em>Solinus,</em></strong></span> <span class='ocrx_word' id='word_1_472' title='bbox 2640 1745 2949 1801; x_wconf 73' lang='lat' dir='ltr'><strong><em>PauSanius</em></strong></span> <span class='ocrx_word' id='word_1_473' title='bbox 2987 1745 3045 1800; x_wconf 90' lang='lat' dir='ltr'><strong><em>in</em></strong></span> <span class='ocrx_word' id='word_1_474' title='bbox 3072 1744 3373 1810; x_wconf 83' lang='lat' dir='ltr'><strong><em>Arcadicis,</em></strong></span> <span class='ocrx_word' id='word_1_475' title='bbox 3407 1741 3595 1797; x_wconf 89' lang='lat' dir='ltr'><strong><em>Philo-</em></strong></span> 
     </span>
    </p>
   </div>
   <div class='ocr_carea' id='block_1_63' title="bbox 2014 1836 3595 1910">
    <p class='ocr_par' dir='ltr' id='par_1_63' title="bbox 2014 1836 3595 1910">
     <span class='ocr_line' id='line_1_63' title="bbox 2014 1836 3595 1910; baseline -0.004 -14"><span class='ocrx_word' id='word_1_476' title='bbox 2014 1848 2219 1897; x_wconf 81' lang='lat' dir='ltr'><strong><em>stratus</em></strong></span> <span class='ocrx_word' id='word_1_477' title='bbox 2246 1840 2300 1894; x_wconf 93' lang='lat' dir='ltr'><strong><em>in</em></strong></span> <span class='ocrx_word' id='word_1_478' title='bbox 2350 1839 2468 1895; x_wconf 80' lang='lat' dir='ltr'><strong><em>Vita</em></strong></span> <span class='ocrx_word' id='word_1_479' title='bbox 2513 1840 2802 1910; x_wconf 80' lang='lat' dir='ltr'><strong><em>Apollonii.</em></strong></span> <span class='ocrx_word' id='word_1_480' title='bbox 2828 1839 2953 1895; x_wconf 79' lang='lat' dir='ltr'><strong><em>llaec</em></strong></span> <span class='ocrx_word' id='word_1_481' title='bbox 2984 1849 3166 1894; x_wconf 87' lang='lat' dir='ltr'><strong><em>tamen</em></strong></span> <span class='ocrx_word' id='word_1_482' title='bbox 3194 1853 3318 1894; x_wconf 87' lang='lat' dir='ltr'><strong><em>esse</em></strong></span> <span class='ocrx_word' id='word_1_483' title='bbox 3349 1836 3595 1891; x_wconf 89' lang='lat' dir='ltr'><strong><em>fabulosa</em></strong></span> 
     </span>
    </p>
   </div>
   <div class='ocr_carea' id='block_1_64' title="bbox 2013 1930 3597 2003">
    <p class='ocr_par' dir='ltr' id='par_1_64' title="bbox 2013 1930 3597 2003">
     <span class='ocr_line' id='line_1_64' title="bbox 2013 1930 3597 2003; baseline -0.004 -14"><span class='ocrx_word' id='word_1_484' title='bbox 2013 1932 2349 1989; x_wconf 79' lang='lat' dir='ltr'><strong><em>existimavit</em></strong></span> <span class='ocrx_word' id='word_1_485' title='bbox 2373 1932 2585 1988; x_wconf 89' lang='lat' dir='ltr'><strong><em>Plinius</em></strong></span> <span class='ocrx_word' id='word_1_486' title='bbox 2612 1932 2738 1988; x_wconf 90' lang='lat' dir='ltr'><strong><em>libr.</em></strong></span> <span class='ocrx_word' id='word_1_487' title='bbox 2781 1948 2837 1997; x_wconf 85' lang='lat' dir='ltr'><strong><em>x,</em></strong></span> <span class='ocrx_word' id='word_1_488' title='bbox 2862 1948 2984 2003; x_wconf 89' lang='lat' dir='ltr'><strong><em>cap.</em></strong></span> <span class='ocrx_word' id='word_1_489' title='bbox 3025 1931 3115 1996; x_wconf 76' lang='grc'><strong><em>49,</em></strong></span> <span class='ocrx_word' id='word_1_490' title='bbox 3144 1930 3376 2002; x_wconf 85' lang='lat' dir='ltr'><strong><em>Pegasos</em></strong></span> <span class='ocrx_word' id='word_1_491' title='bbox 3407 1930 3597 2000; x_wconf 87' lang='lat' dir='ltr'><strong><em>equino</em></strong></span> 
     </span>
    </p>
   </div>
   <div class='ocr_carea' id='block_1_65' title="bbox 2013 2020 3599 2094">
    <p class='ocr_par' dir='ltr' id='par_1_65' title="bbox 2013 2020 3599 2094">
     <span class='ocr_line' id='line_1_65' title="bbox 2013 2020 3599 2094; baseline -0.004 -17"><span class='ocrx_word' id='word_1_492' title='bbox 2013 2025 2183 2093; x_wconf 82' lang='lat' dir='ltr'><strong><em>capite</em></strong></span> <span class='ocrx_word' id='word_1_493' title='bbox 2229 2024 2486 2088; x_wconf 84' lang='lat' dir='ltr'><strong><em>volucres,</em></strong></span> <span class='ocrx_word' id='word_1_494' title='bbox 2537 2032 2588 2077; x_wconf 90' lang='lat' dir='ltr'><strong><em>et</em></strong></span> <span class='ocrx_word' id='word_1_495' title='bbox 2621 2022 2852 2094; x_wconf 86' lang='lat' dir='ltr'><strong><em>gryphas</em></strong></span> <span class='ocrx_word' id='word_1_496' title='bbox 2907 2022 3089 2076; x_wconf 87' lang='lat' dir='ltr'><strong><em>aurita</em></strong></span> <span class='ocrx_word' id='word_1_497' title='bbox 3151 2020 3459 2074; x_wconf 84' lang='lat' dir='ltr'><strong><em>aduncitate</em></strong></span> <span class='ocrx_word' id='word_1_498' title='bbox 3512 2033 3599 2071; x_wconf 91' lang='lat' dir='ltr'><strong><em>ro-</em></strong></span> 
     </span>
    </p>
   </div>
   <div class='ocr_carea' id='block_1_66' title="bbox 2012 2110 3593 2186">
    <p class='ocr_par' dir='ltr' id='par_1_66' title="bbox 2012 2110 3593 2186">
     <span class='ocr_line' id='line_1_66' title="bbox 2012 2110 3593 2186; baseline -0.005 -15"><span class='ocrx_word' id='word_1_499' title='bbox 2012 2117 2133 2179; x_wconf 86' lang='lat' dir='ltr'><strong><em>stri,</em></strong></span> <span class='ocrx_word' id='word_1_500' title='bbox 2152 2114 2423 2186; x_wconf 81' lang='lat' dir='ltr'><strong><em>fabulosos</em></strong></span> <span class='ocrx_word' id='word_1_501' title='bbox 2451 2132 2570 2171; x_wconf 90' lang='lat' dir='ltr'><strong><em>reor</em></strong></span> <span class='ocrx_word' id='word_1_502' title='bbox 2602 2116 2724 2169; x_wconf 88' lang='lat' dir='ltr'><strong><em>illos</em></strong></span> <span class='ocrx_word' id='word_1_503' title='bbox 2756 2116 2812 2169; x_wconf 90' lang='lat' dir='ltr'><strong><em>in</em></strong></span> <span class='ocrx_word' id='word_1_504' title='bbox 2836 2113 3074 2184; x_wconf 81' lang='lat' dir='ltr'><strong><em>Scythia,</em></strong></span> <span class='ocrx_word' id='word_1_505' title='bbox 3099 2113 3193 2167; x_wconf 89' lang='lat' dir='ltr'><strong><em>hos</em></strong></span> <span class='ocrx_word' id='word_1_506' title='bbox 3213 2113 3268 2167; x_wconf 91' lang='lat' dir='ltr'><strong><em>in</em></strong></span> <span class='ocrx_word' id='word_1_507' title='bbox 3292 2110 3593 2182; x_wconf 65' lang='lat' dir='ltr'><strong><em>Ethiopia.</em></strong></span> 
     </span>
    </p>
   </div>
   <div class='ocr_carea' id='block_1_67' title="bbox 2081 2203 3598 2276">
    <p class='ocr_par' dir='ltr' id='par_1_67' title="bbox 2081 2203 3598 2276">
     <span class='ocr_line' id='line_1_67' title="bbox 2081 2203 3598 2276; baseline -0.003 -14"><span class='ocrx_word' id='word_1_508' title='bbox 2081 2207 2240 2272; x_wconf 61' lang='lat' dir='ltr'><strong><em>Ibit,</em></strong></span> <span class='ocrx_word' id='word_1_509' title='bbox 2296 2208 2393 2262; x_wconf 89' lang='lat' dir='ltr'><strong><em>lin.</em></strong></span> <span class='ocrx_word' id='word_1_510' title='bbox 2446 2208 2537 2263; x_wconf 78' lang='grc'>51.</span> <span class='ocrx_word' id='word_1_511' title='bbox 2597 2204 2862 2276; x_wconf 78' lang='grc' dir='ltr'>Ἀρπάζει</span> <span class='ocrx_word' id='word_1_512' title='bbox 2904 2204 2975 2259; x_wconf 81' lang='grc' dir='ltr'>δὲ</span> <span class='ocrx_word' id='word_1_513' title='bbox 3029 2205 3269 2273; x_wconf 72' lang='grc' dir='ltr'>λέοντα.</span> <span class='ocrx_word' id='word_1_514' title='bbox 3325 2203 3598 2273; x_wconf 74' lang='lat' dir='ltr'><strong><em>Georgius</em></strong></span> 
     </span>
    </p>
   </div>
   <div class='ocr_carea' id='block_1_68' title="bbox 2012 2293 3596 2367">
    <p class='ocr_par' dir='ltr' id='par_1_68' title="bbox 2012 2293 3596 2367">
     <span class='ocr_line' id='line_1_68' title="bbox 2012 2293 3596 2367; baseline -0.003 -13"><span class='ocrx_word' id='word_1_515' title='bbox 2012 2299 2247 2364; x_wconf 90' lang='lat' dir='ltr'><strong><em>Pisides,</em></strong></span> <span class='ocrx_word' id='word_1_516' title='bbox 2292 2299 2371 2354; x_wconf 86' lang='lat' dir='ltr'><strong><em>De</em></strong></span> <span class='ocrx_word' id='word_1_517' title='bbox 2414 2298 2600 2352; x_wconf 86' lang='lat' dir='ltr'><strong><em>mundi</em></strong></span> <span class='ocrx_word' id='word_1_518' title='bbox 2637 2298 2872 2367; x_wconf 79' lang='lat' dir='ltr'><strong><em>opiﬁcio,</em></strong></span> <span class='ocrx_word' id='word_1_519' title='bbox 2899 2311 3025 2351; x_wconf 87' lang='lat' dir='ltr'><strong><em>eum</em></strong></span> <span class='ocrx_word' id='word_1_520' title='bbox 3052 2302 3108 2351; x_wconf 90' lang='lat' dir='ltr'><strong><em>et</em></strong></span> <span class='ocrx_word' id='word_1_521' title='bbox 3132 2295 3327 2350; x_wconf 86' lang='lat' dir='ltr'><strong><em>bovem</em></strong></span> <span class='ocrx_word' id='word_1_522' title='bbox 3357 2293 3596 2365; x_wconf 87' lang='lat' dir='ltr'><strong><em>rapidis-</em></strong></span> 
     </span>
    </p>
   </div>
   <div class='ocr_carea' id='block_1_69' title="bbox 2013 2388 3162 2463">
    <p class='ocr_par' dir='ltr' id='par_1_69' title="bbox 2013 2388 3162 2463">
     <span class='ocr_line' id='line_1_69' title="bbox 2013 2388 3162 2463; baseline -0.008 -13"><span class='ocrx_word' id='word_1_523' title='bbox 2013 2394 2153 2450; x_wconf 87' lang='lat' dir='ltr'><strong><em>sime</em></strong></span> <span class='ocrx_word' id='word_1_524' title='bbox 2206 2399 2485 2463; x_wconf 81' lang='lat' dir='ltr'><strong><em>arreptum</em></strong></span> <span class='ocrx_word' id='word_1_525' title='bbox 2515 2393 2624 2447; x_wconf 88' lang='lat' dir='ltr'><strong><em>alte</em></strong></span> <span class='ocrx_word' id='word_1_526' title='bbox 2655 2392 2871 2446; x_wconf 87' lang='lat' dir='ltr'><strong><em>elevare</em></strong></span> <span class='ocrx_word' id='word_1_527' title='bbox 2901 2388 3162 2443; x_wconf 81' lang='lat' dir='ltr'><strong><em>afﬁrmat.</em></strong></span> 
     </span>
    </p>
   </div>
   <div class='ocr_carea' id='block_1_70' title="bbox 2083 2498 3398 2573">
    <p class='ocr_par' dir='ltr' id='par_1_70' title="bbox 2083 2498 3398 2573">
     <span class='ocr_line' id='line_1_70' title="bbox 2083 2498 3398 2573; baseline -0.005 -14"><span class='ocrx_word' id='word_1_528' title='bbox 2083 2506 2276 2559; x_wconf 78' lang='grc' dir='ltr'>Πόθεν</span> <span class='ocrx_word' id='word_1_529' title='bbox 2308 2503 2376 2558; x_wconf 86' lang='grc' dir='ltr'>δὲ</span> <span class='ocrx_word' id='word_1_530' title='bbox 2408 2502 2570 2573; x_wconf 61' lang='grc' dir='ltr'>γρὺψ</span> <span class='ocrx_word' id='word_1_531' title='bbox 2605 2500 2892 2567; x_wconf 75' lang='grc' dir='ltr'>εὐσθενὲς</span> <span class='ocrx_word' id='word_1_532' title='bbox 2931 2499 3132 2573; x_wconf 75' lang='grc' dir='ltr'>λαϐὼν</span> <span class='ocrx_word' id='word_1_533' title='bbox 3157 2498 3398 2573; x_wconf 69' lang='grc' dir='ltr'>κράτος,</span> 
     </span>
    </p>
   </div>
   <div class='ocr_carea' id='block_1_71' title="bbox 2082 2568 3420 2640">
    <p class='ocr_par' dir='ltr' id='par_1_71' title="bbox 2082 2568 3420 2640">
     <span class='ocr_line' id='line_1_71' title="bbox 2082 2568 3420 2640; baseline -0.007 -10"><span class='ocrx_word' id='word_1_534' title='bbox 2082 2577 2193 2631; x_wconf 80' lang='lat' dir='ltr'><strong><em>Kal</em></strong></span> <span class='ocrx_word' id='word_1_535' title='bbox 2230 2576 2392 2640; x_wconf 76' lang='grc' dir='ltr'>,βοῦν</span> <span class='ocrx_word' id='word_1_536' title='bbox 2416 2568 2709 2629; x_wconf 64' lang='lat' dir='ltr'><strong><em>tiu-cia:th</em></strong></span> <span class='ocrx_word' id='word_1_537' title='bbox 2749 2573 2818 2635; x_wconf 76' lang='grc' dir='ltr'><strong><em>ἐξ</em></strong></span> <span class='ocrx_word' id='word_1_538' title='bbox 2858 2572 3108 2640; x_wconf 75' lang='grc' dir='ltr'><strong><em>ἑτοίμων</em></strong></span> <span class='ocrx_word' id='word_1_539' title='bbox 3139 2568 3420 2640; x_wconf 73' lang='grc' dir='ltr'>ἁρπαγῶν</span> 
     </span>
    </p>
   </div>
   <div class='ocr_carea' id='block_1_72' title="bbox 2083 2638 3466 2716">
    <p class='ocr_par' dir='ltr' id='par_1_72' title="bbox 2083 2638 3466 2716">
     <span class='ocr_line' id='line_1_72' title="bbox 2083 2638 3466 2716; baseline -0.005 -14"><span class='ocrx_word' id='word_1_540' title='bbox 2083 2646 2194 2702; x_wconf 76' lang='grc' dir='ltr'><strong><em>Καὶ</em></strong></span> <span class='ocrx_word' id='word_1_541' title='bbox 2213 2638 2442 2714; x_wconf 66' lang='grc' dir='ltr'>πτηνὸς</span> <span class='ocrx_word' id='word_1_542' title='bbox 2476 2642 2670 2716; x_wconf 77' lang='grc' dir='ltr'>ἦρται,</span> <span class='ocrx_word' id='word_1_543' title='bbox 2712 2643 2814 2698; x_wconf 77' lang='grc' dir='ltr'>καὶ</span> <span class='ocrx_word' id='word_1_544' title='bbox 2839 2638 3070 2708; x_wconf 77' lang='grc' dir='ltr'>βαδίζει</span> <span class='ocrx_word' id='word_1_545' title='bbox 3098 2638 3466 2709; x_wconf 52' lang='lat' dir='ltr'><strong><em>tenacia-iove;</em></strong></span> 
     </span>
    </p>
   </div>
   <div class='ocr_carea' id='block_1_73' title="bbox 2013 2752 3593 2824">
    <p class='ocr_par' dir='ltr' id='par_1_73' title="bbox 2013 2752 3593 2824">
     <span class='ocr_line' id='line_1_73' title="bbox 2013 2752 3593 2824; baseline -0.006 -7"><span class='ocrx_word' id='word_1_546' title='bbox 2013 2759 2267 2817; x_wconf 69' lang='lat' dir='ltr'><strong><em>Elianus</em></strong></span> <span class='ocrx_word' id='word_1_547' title='bbox 2322 2766 2504 2812; x_wconf 85' lang='lat' dir='ltr'><strong><em>tamen</em></strong></span> <span class='ocrx_word' id='word_1_548' title='bbox 2560 2772 2685 2811; x_wconf 90' lang='lat' dir='ltr'><strong><em>cum</em></strong></span> <span class='ocrx_word' id='word_1_549' title='bbox 2744 2755 2866 2810; x_wconf 89' lang='lat' dir='ltr'><strong><em>aliis</em></strong></span> <span class='ocrx_word' id='word_1_550' title='bbox 2927 2754 3301 2808; x_wconf 87' lang='lat' dir='ltr'><strong><em>animantibus</em></strong></span> <span class='ocrx_word' id='word_1_551' title='bbox 3355 2752 3593 2824; x_wconf 77' lang='lat' dir='ltr'><strong><em>gryphas</em></strong></span> 
     </span>
    </p>
   </div>
   <div class='ocr_carea' id='block_1_74' title="bbox 2012 2845 3590 2917">
    <p class='ocr_par' dir='ltr' id='par_1_74' title="bbox 2012 2845 3590 2917">
     <span class='ocr_line' id='line_1_74' title="bbox 2012 2845 3590 2917; baseline -0.01 -5"><span class='ocrx_word' id='word_1_552' title='bbox 2012 2858 2331 2912; x_wconf 86' lang='lat' dir='ltr'><strong><em>concertare</em></strong></span> <span class='ocrx_word' id='word_1_553' title='bbox 2360 2859 2416 2907; x_wconf 90' lang='lat' dir='ltr'><strong><em>et</em></strong></span> <span class='ocrx_word' id='word_1_554' title='bbox 2443 2849 2665 2904; x_wconf 78' lang='lat' dir='ltr'><strong><em>vincere</em></strong></span> <span class='ocrx_word' id='word_1_555' title='bbox 2712 2846 2928 2910; x_wconf 88' lang='lat' dir='ltr'><strong><em>scribit,</em></strong></span> <span class='ocrx_word' id='word_1_556' title='bbox 2963 2845 3060 2902; x_wconf 85' lang='lat' dir='ltr'><strong><em>sed</em></strong></span> <span class='ocrx_word' id='word_1_557' title='bbox 3092 2860 3327 2917; x_wconf 88' lang='lat' dir='ltr'><strong><em>pugnam</em></strong></span> <span class='ocrx_word' id='word_1_558' title='bbox 3369 2845 3590 2899; x_wconf 77' lang='lat' dir='ltr'><strong><em>leonum</em></strong></span> 
     </span>
    </p>
   </div>
   <div class='ocr_carea' id='block_1_75' title="bbox 2011 2941 3591 3021">
    <p class='ocr_par' dir='ltr' id='par_1_75' title="bbox 2011 2941 3591 3021">
     <span class='ocr_line' id='line_1_75' title="bbox 2011 2941 3591 3021; baseline -0.009 -14"><span class='ocrx_word' id='word_1_559' title='bbox 2011 2960 2066 3007; x_wconf 91' lang='lat' dir='ltr'><strong><em>et</em></strong></span> <span class='ocrx_word' id='word_1_560' title='bbox 2106 2948 2522 3021; x_wconf 81' lang='lat' dir='ltr'><strong><em>elephantorum</em></strong></span> <span class='ocrx_word' id='word_1_561' title='bbox 2553 2945 2870 3009; x_wconf 86' lang='lat' dir='ltr'><strong><em>abhorrere,</em></strong></span> <span class='ocrx_word' id='word_1_562' title='bbox 2896 2958 3074 3013; x_wconf 90' lang='lat' dir='ltr'><strong><em>neque</em></strong></span> <span class='ocrx_word' id='word_1_563' title='bbox 3098 2958 3223 2997; x_wconf 91' lang='lat' dir='ltr'><strong><em>cum</em></strong></span> <span class='ocrx_word' id='word_1_564' title='bbox 3266 2942 3348 2996; x_wconf 92' lang='lat' dir='ltr'><strong><em>eis</em></strong></span> <span class='ocrx_word' id='word_1_565' title='bbox 3385 2941 3440 2995; x_wconf 90' lang='lat' dir='ltr'><strong><em>in</em></strong></span> <span class='ocrx_word' id='word_1_566' title='bbox 3470 2955 3591 2995; x_wconf 84' lang='lat' dir='ltr'><strong><em>cer-</em></strong></span> 
     </span>
    </p>
   </div>
   <div class='ocr_carea' id='block_1_76' title="bbox 2014 3031 3593 3103">
    <p class='ocr_par' dir='ltr' id='par_1_76' title="bbox 2014 3031 3593 3103">
     <span class='ocr_line' id='line_1_76' title="bbox 2014 3031 3593 3103; baseline -0.009 -4"><span class='ocrx_word' id='word_1_567' title='bbox 2014 3055 2195 3100; x_wconf 84' lang='lat' dir='ltr'><strong><em>tamen</em></strong></span> <span class='ocrx_word' id='word_1_568' title='bbox 2246 3037 2583 3096; x_wconf 87' lang='lat' dir='ltr'><strong><em>descendere</em></strong></span> <span class='ocrx_word' id='word_1_569' title='bbox 2631 3036 2855 3091; x_wconf 84' lang='lat' dir='ltr'><strong><em>ibidem.</em></strong></span> <span class='ocrx_word' id='word_1_570' title='bbox 2892 3035 3003 3088; x_wconf 86' lang='lat' dir='ltr'><strong><em>Ka‘t</em></strong></span> <span class='ocrx_word' id='word_1_571' title='bbox 3034 3031 3450 3103; x_wconf 79' lang='grc' dir='ltr'>διαγωνίζεσθαι</span> <span class='ocrx_word' id='word_1_572' title='bbox 3493 3033 3593 3103; x_wconf 79' lang='grc' dir='ltr'><strong><em>μὲν</em></strong></span> 
     </span>
    </p>
   </div>
   <div class='ocr_carea' id='block_1_77' title="bbox 2013 3126 3593 3209">
    <p class='ocr_par' dir='ltr' id='par_1_77' title="bbox 2013 3126 3593 3209">
     <span class='ocr_line' id='line_1_77' title="bbox 2013 3126 3593 3209; baseline -0.007 -19"><span class='ocrx_word' id='word_1_573' title='bbox 2013 3137 2148 3209; x_wconf 79' lang='grc' dir='ltr'>πρὸς</span> <span class='ocrx_word' id='word_1_574' title='bbox 2180 3135 2251 3188; x_wconf 86' lang='grc' dir='ltr'><strong><em>τὰ</em></strong></span> <span class='ocrx_word' id='word_1_575' title='bbox 2283 3133 2416 3188; x_wconf 78' lang='grc' dir='ltr'>ἄλλα</span> <span class='ocrx_word' id='word_1_576' title='bbox 2448 3130 2585 3197; x_wconf 82' lang='grc' dir='ltr'>ζῶα,</span> <span class='ocrx_word' id='word_1_577' title='bbox 2617 3131 2711 3184; x_wconf 74' lang='grc' dir='ltr'>καὶ</span> <span class='ocrx_word' id='word_1_578' title='bbox 2736 3131 2958 3201; x_wconf 87' lang='grc' dir='ltr'>κρατεῖν</span> <span class='ocrx_word' id='word_1_579' title='bbox 2988 3129 3180 3201; x_wconf 79' lang='grc' dir='ltr'>ῥᾷστα.</span> <span class='ocrx_word' id='word_1_580' title='bbox 3212 3127 3402 3181; x_wconf 80' lang='grc' dir='ltr'>Λέοντι</span> <span class='ocrx_word' id='word_1_581' title='bbox 3431 3127 3488 3180; x_wconf 83' lang='grc' dir='ltr'>δὲ</span> <span class='ocrx_word' id='word_1_582' title='bbox 3515 3126 3593 3200; x_wconf 80' lang='grc' dir='ltr'><strong>μὴ</strong></span> 
     </span>
    </p>
   </div>
   <div class='ocr_carea' id='block_1_78' title="bbox 2005 3223 2852 3298">
    <p class='ocr_par' dir='ltr' id='par_1_78' title="bbox 2005 3223 2852 3298">
     <span class='ocr_line' id='line_1_78' title="bbox 2005 3223 2852 3298; baseline -0.017 -10"><span class='ocrx_word' id='word_1_583' title='bbox 2005 3228 2377 3292; x_wconf 79' lang='grc' dir='ltr'>ἀνθίστασθαι,</span> <span class='ocrx_word' id='word_1_584' title='bbox 2412 3226 2546 3298; x_wconf 80' lang='grc' dir='ltr'><strong><em>μηδὲ</em></strong></span> <span class='ocrx_word' id='word_1_585' title='bbox 2579 3223 2852 3292; x_wconf 73' lang='grc' dir='ltr'>ἐλέφαντι.</span> 
     </span>
    </p>
   </div>
   <div class='ocr_carea' id='block_1_79' title="bbox 2075 3311 3586 3384">
    <p class='ocr_par' dir='ltr' id='par_1_79' title="bbox 2075 3311 3586 3384">
     <span class='ocr_line' id='line_1_79' title="bbox 2075 3311 3586 3384; baseline -0.006 -8"><span class='ocrx_word' id='word_1_586' title='bbox 2075 3321 2236 3384; x_wconf 90' lang='lat' dir='ltr'><strong><em>lbid.,</em></strong></span> <span class='ocrx_word' id='word_1_587' title='bbox 2263 3319 2359 3372; x_wconf 88' lang='lat' dir='ltr'><strong><em>lin.</em></strong></span> <span class='ocrx_word' id='word_1_588' title='bbox 2385 3319 2473 3372; x_wconf 70' lang='grc'><strong><em>52.</em></strong></span> <span class='ocrx_word' id='word_1_589' title='bbox 2522 3315 2721 3381; x_wconf 79' lang='grc' dir='ltr'>Ἀετὸς</span> <span class='ocrx_word' id='word_1_590' title='bbox 2742 3315 2880 3382; x_wconf 79' lang='grc' dir='ltr'>παρ’</span> <span class='ocrx_word' id='word_1_591' title='bbox 2919 3313 3083 3382; x_wconf 77' lang='grc' dir='ltr'><strong><em>ἡμῖν.</em></strong></span> <span class='ocrx_word' id='word_1_592' title='bbox 3107 3312 3455 3377; x_wconf 75' lang='lat' dir='ltr'><strong><em>Aristotcles,</em></strong></span> <span class='ocrx_word' id='word_1_593' title='bbox 3488 3311 3586 3367; x_wconf 86' lang='lat' dir='ltr'><strong><em>lib.</em></strong></span> 
     </span>
    </p>
   </div>
   <div class='ocr_carea' id='block_1_80' title="bbox 2004 3403 3591 3475">
    <p class='ocr_par' dir='ltr' id='par_1_80' title="bbox 2004 3403 3591 3475">
     <span class='ocr_line' id='line_1_80' title="bbox 2004 3403 3591 3475; baseline -0.008 -5"><span class='ocrx_word' id='word_1_594' title='bbox 2004 3431 2061 3470; x_wconf 77' lang='lat' dir='ltr'><strong><em>ix</em></strong></span> <span class='ocrx_word' id='word_1_595' title='bbox 2090 3413 2166 3467; x_wconf 88' lang='lat' dir='ltr'><strong><em>De</em></strong></span> <span class='ocrx_word' id='word_1_596' title='bbox 2188 3412 2315 3466; x_wconf 89' lang='lat' dir='ltr'><strong><em>hist.</em></strong></span> <span class='ocrx_word' id='word_1_597' title='bbox 2349 3411 2512 3465; x_wconf 88' lang='lat' dir='ltr'><strong><em>anim.</em></strong></span> <span class='ocrx_word' id='word_1_598' title='bbox 2538 3425 2588 3462; x_wconf 91' lang='lat' dir='ltr'><strong><em>c.</em></strong></span> <span class='ocrx_word' id='word_1_599' title='bbox 2624 3407 2729 3463; x_wconf 69' lang='lat'><strong><em>5‘2:</em></strong></span> <span class='ocrx_word' id='word_1_600' title='bbox 2763 3407 2998 3462; x_wconf 86' lang='lat' dir='ltr'><strong><em>Venatur</em></strong></span> <span class='ocrx_word' id='word_1_601' title='bbox 3021 3406 3203 3475; x_wconf 86' lang='lat' dir='ltr'><strong><em>aquila</em></strong></span> <span class='ocrx_word' id='word_1_602' title='bbox 3233 3403 3591 3475; x_wconf 85' lang='lat' dir='ltr'><strong><em>lepores.hin—</em></strong></span> 
     </span>
    </p>
   </div>
   <div class='ocr_carea' id='block_1_81' title="bbox 2004 3496 3590 3573">
    <p class='ocr_par' dir='ltr' id='par_1_81' title="bbox 2004 3496 3590 3573">
     <span class='ocr_line' id='line_1_81' title="bbox 2004 3496 3590 3573; baseline -0.005 -12"><span class='ocrx_word' id='word_1_603' title='bbox 2004 3507 2181 3570; x_wconf 78' lang='lat' dir='ltr'><strong><em>nulos,</em></strong></span> <span class='ocrx_word' id='word_1_604' title='bbox 2206 3504 2406 3573; x_wconf 80' lang='lat' dir='ltr'><strong><em>uulpes,</em></strong></span> <span class='ocrx_word' id='word_1_605' title='bbox 2429 3512 2479 3557; x_wconf 90' lang='lat' dir='ltr'><strong><em>et</em></strong></span> <span class='ocrx_word' id='word_1_606' title='bbox 2508 3500 2713 3572; x_wconf 87' lang='lat' dir='ltr'><strong><em>reliqua</em></strong></span> <span class='ocrx_word' id='word_1_607' title='bbox 2742 3516 2859 3570; x_wconf 75' lang='lat' dir='ltr'><strong><em>qua:</em></strong></span> <span class='ocrx_word' id='word_1_608' title='bbox 2894 3499 3094 3553; x_wconf 78' lang='lat' dir='ltr'><strong><em>vincere</em></strong></span> <span class='ocrx_word' id='word_1_609' title='bbox 3115 3497 3309 3552; x_wconf 77' lang='lat' dir='ltr'><strong><em>valeat.</em></strong></span> <span class='ocrx_word' id='word_1_610' title='bbox 3334 3496 3590 3553; x_wconf 64' lang='lat' dir='ltr'><strong><em>Elianus</em></strong></span> 
     </span>
    </p>
   </div>
   <div class='ocr_carea' id='block_1_82' title="bbox 2003 3588 3589 3663">
    <p class='ocr_par' dir='ltr' id='par_1_82' title="bbox 2003 3588 3589 3663">
     <span class='ocr_line' id='line_1_82' title="bbox 2003 3588 3589 3663; baseline -0.008 -9"><span class='ocrx_word' id='word_1_611' title='bbox 2003 3600 2098 3655; x_wconf 87' lang='lat' dir='ltr'><strong><em>lib.</em></strong></span> <span class='ocrx_word' id='word_1_612' title='bbox 2116 3615 2169 3653; x_wconf 80' lang='lat' dir='ltr'><strong><em>ix</em></strong></span> <span class='ocrx_word' id='word_1_613' title='bbox 2193 3598 2269 3652; x_wconf 86' lang='lat' dir='ltr'><strong><em>De</em></strong></span> <span class='ocrx_word' id='word_1_614' title='bbox 2297 3597 2424 3651; x_wconf 86' lang='lat' dir='ltr'><strong><em>hist.</em></strong></span> <span class='ocrx_word' id='word_1_615' title='bbox 2454 3594 2784 3663; x_wconf 85' lang='lat' dir='ltr'><strong><em>anim.,cap.</em></strong></span> <span class='ocrx_word' id='word_1_616' title='bbox 2805 3591 2871 3646; x_wconf 70' lang='lat'><strong><em>10</em></strong></span> <span class='ocrx_word' id='word_1_617' title='bbox 2892 3609 2906 3647; x_wconf 92' lang='lat'><strong>:</strong></span> <span class='ocrx_word' id='word_1_618' title='bbox 2925 3589 3106 3654; x_wconf 79' lang='grc' dir='ltr'>Ἀετὸς</span> <span class='ocrx_word' id='word_1_619' title='bbox 3121 3588 3258 3656; x_wconf 79' lang='grc' dir='ltr'>ζῶον</span> <span class='ocrx_word' id='word_1_620' title='bbox 3274 3589 3589 3642; x_wconf 85' lang='grc' dir='ltr'>πλεονεκτι-</span> 
     </span>
    </p>
   </div>
   <div class='ocr_carea' id='block_1_83' title="bbox 2004 3679 3588 3762">
    <p class='ocr_par' dir='ltr' id='par_1_83' title="bbox 2004 3679 3588 3762">
     <span class='ocr_line' id='line_1_83' title="bbox 2004 3679 3588 3762; baseline -0.007 -16"><span class='ocrx_word' id='word_1_621' title='bbox 2004 3693 2120 3753; x_wconf 87' lang='grc' dir='ltr'>κὸν,</span> <span class='ocrx_word' id='word_1_622' title='bbox 2152 3690 2244 3744; x_wconf 78' lang='grc' dir='ltr'>καὶ</span> <span class='ocrx_word' id='word_1_623' title='bbox 2270 3689 2336 3742; x_wconf 79' lang='grc' dir='ltr'><strong><em>δι’</em></strong></span> <span class='ocrx_word' id='word_1_624' title='bbox 2361 3685 2628 3762; x_wconf 82' lang='grc' dir='ltr'>ἁρπαγῶν</span> <span class='ocrx_word' id='word_1_625' title='bbox 2665 3682 2945 3738; x_wconf 81' lang='grc' dir='ltr'>ποιοῦνται</span> <span class='ocrx_word' id='word_1_626' title='bbox 2988 3682 3214 3754; x_wconf 79' lang='grc' dir='ltr'>τροφὰς,</span> <span class='ocrx_word' id='word_1_627' title='bbox 3232 3682 3326 3735; x_wconf 71' lang='grc' dir='ltr'>καὶ</span> <span class='ocrx_word' id='word_1_628' title='bbox 3369 3679 3588 3753; x_wconf 86' lang='grc' dir='ltr'>σαρκῶν</span> 
     </span>
    </p>
   </div>
   <div class='ocr_carea' id='block_1_84' title="bbox 2003 3774 3589 3852">
    <p class='ocr_par' dir='ltr' id='par_1_84' title="bbox 2003 3774 3589 3852">
     <span class='ocr_line' id='line_1_84' title="bbox 2003 3774 3589 3852; baseline -0.008 -14"><span class='ocrx_word' id='word_1_629' title='bbox 2003 3784 2262 3838; x_wconf 85' lang='grc' dir='ltr'>ἐσθίουσι·</span> <span class='ocrx_word' id='word_1_630' title='bbox 2314 3782 2410 3835; x_wconf 73' lang='grc' dir='ltr'><strong><em>καὶ</em></strong></span> <span class='ocrx_word' id='word_1_631' title='bbox 2435 3780 2543 3852; x_wconf 80' lang='grc' dir='ltr'><strong><em>γὰρ</em></strong></span> <span class='ocrx_word' id='word_1_632' title='bbox 2571 3778 2721 3848; x_wconf 86' lang='grc' dir='ltr'>λαγὼ</span> <span class='ocrx_word' id='word_1_633' title='bbox 2756 3776 3082 3849; x_wconf 79' lang='grc' dir='ltr'>ἁρπάζουσι,</span> <span class='ocrx_word' id='word_1_634' title='bbox 3111 3775 3206 3829; x_wconf 77' lang='grc' dir='ltr'>καὶ</span> <span class='ocrx_word' id='word_1_635' title='bbox 3251 3774 3463 3846; x_wconf 77' lang='grc' dir='ltr'>νεϐρὸν,</span> <span class='ocrx_word' id='word_1_636' title='bbox 3493 3774 3589 3826; x_wconf 71' lang='grc' dir='ltr'>καὶ</span> 
     </span>
    </p>
   </div>
   <div class='ocr_carea' id='block_1_85' title="bbox 2002 3867 3588 3948">
    <p class='ocr_par' dir='ltr' id='par_1_85' title="bbox 2002 3867 3588 3948">
     <span class='ocr_line' id='line_1_85' title="bbox 2002 3867 3588 3948; baseline -0.006 -17"><span class='ocrx_word' id='word_1_637' title='bbox 2002 3876 2140 3948; x_wconf 79' lang='grc' dir='ltr'>χῆνα</span> <span class='ocrx_word' id='word_1_638' title='bbox 2160 3874 2219 3940; x_wconf 79' lang='grc' dir='ltr'><strong>ἐξ</strong></span> <span class='ocrx_word' id='word_1_639' title='bbox 2238 3873 2426 3945; x_wconf 80' lang='grc' dir='ltr'>αὐλῆς,</span> <span class='ocrx_word' id='word_1_640' title='bbox 2451 3872 2546 3925; x_wconf 74' lang='grc' dir='ltr'>καὶ</span> <span class='ocrx_word' id='word_1_641' title='bbox 2565 3869 2967 3940; x_wconf 75' lang='grc' dir='ltr'>ἄλλα.1ι]οο(ιιιο</span> <span class='ocrx_word' id='word_1_642' title='bbox 2994 3883 3120 3923; x_wconf 92' lang='lat' dir='ltr'><strong><em>eum</em></strong></span> <span class='ocrx_word' id='word_1_643' title='bbox 3155 3867 3462 3937; x_wconf 87' lang='lat' dir='ltr'><strong><em>aquilarum</em></strong></span> <span class='ocrx_word' id='word_1_644' title='bbox 3496 3881 3588 3921; x_wconf 86' lang='lat' dir='ltr'><strong><em>vo-</em></strong></span> 
     </span>
    </p>
   </div>
   <div class='ocr_carea' id='block_1_86' title="bbox 2001 3962 3586 4036">
    <p class='ocr_par' dir='ltr' id='par_1_86' title="bbox 2001 3962 3586 4036">
     <span class='ocr_line' id='line_1_86' title="bbox 2001 3962 3586 4036; baseline -0.004 -14"><span class='ocrx_word' id='word_1_645' title='bbox 2001 3984 2119 4023; x_wconf 89' lang='lat' dir='ltr'><strong><em>cem</em></strong></span> <span class='ocrx_word' id='word_1_646' title='bbox 2173 3967 2411 4036; x_wconf 75' lang='lat' dir='ltr'><strong><em>maxime</em></strong></span> <span class='ocrx_word' id='word_1_647' title='bbox 2453 3965 2668 4030; x_wconf 78' lang='lat' dir='ltr'><strong><em>timere,</em></strong></span> <span class='ocrx_word' id='word_1_648' title='bbox 2720 3963 2864 4018; x_wconf 85' lang='lat' dir='ltr'><strong><em>sicut</em></strong></span> <span class='ocrx_word' id='word_1_649' title='bbox 2896 3970 2951 4018; x_wconf 89' lang='lat' dir='ltr'><strong><em>et</em></strong></span> <span class='ocrx_word' id='word_1_650' title='bbox 3004 3963 3234 4017; x_wconf 89' lang='lat' dir='ltr'><strong><em>aliarum</em></strong></span> <span class='ocrx_word' id='word_1_651' title='bbox 3298 3962 3504 4026; x_wconf 90' lang='lat' dir='ltr'><strong><em>avium,</em></strong></span> <span class='ocrx_word' id='word_1_652' title='bbox 3555 3975 3586 4015; x_wconf 90' lang='lat' dir='ltr'><strong><em>a</em></strong></span> 
     </span>
    </p>
   </div>
   <div class='ocr_carea' id='block_1_87' title="bbox 2001 4054 3585 4132">
    <p class='ocr_par' dir='ltr' id='par_1_87' title="bbox 2001 4054 3585 4132">
     <span class='ocr_line' id='line_1_87' title="bbox 2001 4054 3585 4132; baseline -0.004 -18"><span class='ocrx_word' id='word_1_653' title='bbox 2001 4061 2204 4132; x_wconf 77' lang='lat' dir='ltr'><strong><em>quibus</em></strong></span> <span class='ocrx_word' id='word_1_654' title='bbox 2243 4059 2384 4113; x_wconf 84' lang='lat' dir='ltr'><strong><em>male</em></strong></span> <span class='ocrx_word' id='word_1_655' title='bbox 2410 4066 2670 4128; x_wconf 82' lang='lat' dir='ltr'><strong><em>exceptus</em></strong></span> <span class='ocrx_word' id='word_1_656' title='bbox 2696 4057 3048 4112; x_wconf 88' lang='lat' dir='ltr'><strong><em>interimitur.</em></strong></span> <span class='ocrx_word' id='word_1_657' title='bbox 3076 4056 3221 4111; x_wconf 91' lang='lat' dir='ltr'><strong><em>ldem</em></strong></span> <span class='ocrx_word' id='word_1_658' title='bbox 3249 4054 3324 4108; x_wconf 89' lang='lat' dir='ltr'><strong><em>ait</em></strong></span> <span class='ocrx_word' id='word_1_659' title='bbox 3345 4055 3439 4108; x_wconf 90' lang='lat' dir='ltr'><strong><em>lib.</em></strong></span> <span class='ocrx_word' id='word_1_660' title='bbox 3464 4069 3585 4117; x_wconf 82' lang='lat' dir='ltr'><strong><em>xui,</em></strong></span> 
     </span>
    </p>
   </div>
   <div class='ocr_carea' id='block_1_88' title="bbox 2001 4147 3585 4222">
    <p class='ocr_par' dir='ltr' id='par_1_88' title="bbox 2001 4147 3585 4222">
     <span class='ocr_line' id='line_1_88' title="bbox 2001 4147 3585 4222; baseline -0.006 -14"><span class='ocrx_word' id='word_1_661' title='bbox 2001 4169 2123 4222; x_wconf 86' lang='lat' dir='ltr'><strong><em>cap.</em></strong></span> <span class='ocrx_word' id='word_1_662' title='bbox 2160 4153 2220 4207; x_wconf 80' lang='lat' dir='ltr'><strong><em>ll</em></strong></span> <span class='ocrx_word' id='word_1_663' title='bbox 2250 4170 2265 4218; x_wconf 90' lang='lat'><strong>;</strong></span> <span class='ocrx_word' id='word_1_664' title='bbox 2293 4150 2525 4215; x_wconf 89' lang='lat' dir='ltr'><strong><em>Plinius,</em></strong></span> <span class='ocrx_word' id='word_1_665' title='bbox 2552 4150 2649 4207; x_wconf 91' lang='lat' dir='ltr'><strong><em>lib.</em></strong></span> <span class='ocrx_word' id='word_1_666' title='bbox 2684 4165 2738 4213; x_wconf 75' lang='grc' dir='ltr'>ι,</span> <span class='ocrx_word' id='word_1_667' title='bbox 2763 4164 2886 4218; x_wconf 89' lang='lat' dir='ltr'><strong><em>cap.</em></strong></span> <span class='ocrx_word' id='word_1_668' title='bbox 2914 4149 2971 4210; x_wconf 73' lang='grc'>4,</span> <span class='ocrx_word' id='word_1_669' title='bbox 2997 4147 3305 4218; x_wconf 86' lang='lat' dir='ltr'><strong><em>aquilarum</em></strong></span> <span class='ocrx_word' id='word_1_670' title='bbox 3333 4147 3504 4215; x_wconf 84' lang='lat' dir='ltr'><strong><em>primo</em></strong></span> <span class='ocrx_word' id='word_1_671' title='bbox 3534 4155 3585 4200; x_wconf 86' lang='lat' dir='ltr'><strong><em>et</em></strong></span> 
     </span>
    </p>
   </div>
   <div class='ocr_carea' id='block_1_89' title="bbox 2000 4237 3586 4315">
    <p class='ocr_par' dir='ltr' id='par_1_89' title="bbox 2000 4237 3586 4315">
     <span class='ocr_line' id='line_1_89' title="bbox 2000 4237 3586 4315; baseline -0.006 -15"><span class='ocrx_word' id='word_1_672' title='bbox 2000 4244 2230 4300; x_wconf 83' lang='lat' dir='ltr'><strong><em>secundo</em></strong></span> <span class='ocrx_word' id='word_1_673' title='bbox 2266 4243 2468 4315; x_wconf 87' lang='lat' dir='ltr'><strong><em>generi,</em></strong></span> <span class='ocrx_word' id='word_1_674' title='bbox 2513 4258 2617 4296; x_wconf 89' lang='lat' dir='ltr'><strong><em>non</em></strong></span> <span class='ocrx_word' id='word_1_675' title='bbox 2651 4244 2913 4295; x_wconf 83' lang='lat' dir='ltr'><strong><em>minorum</em></strong></span> <span class='ocrx_word' id='word_1_676' title='bbox 2946 4251 3152 4299; x_wconf 89' lang='lat' dir='ltr'><strong><em>tantum</em></strong></span> <span class='ocrx_word' id='word_1_677' title='bbox 3185 4237 3586 4310; x_wconf 85' lang='lat' dir='ltr'><strong><em>quadrupedum</em></strong></span> 
     </span>
    </p>
   </div>
   <div class='ocr_carea' id='block_1_90' title="bbox 2002 4333 3586 4403">
    <p class='ocr_par' dir='ltr' id='par_1_90' title="bbox 2002 4333 3586 4403">
     <span class='ocr_line' id='line_1_90' title="bbox 2002 4333 3586 4403; baseline -0.003 -11"><span class='ocrx_word' id='word_1_678' title='bbox 2002 4339 2214 4402; x_wconf 89' lang='lat' dir='ltr'><strong><em>rapina,</em></strong></span> <span class='ocrx_word' id='word_1_679' title='bbox 2247 4337 2338 4391; x_wconf 88' lang='lat' dir='ltr'><strong><em>sed</em></strong></span> <span class='ocrx_word' id='word_1_680' title='bbox 2374 4338 2537 4391; x_wconf 85' lang='lat' dir='ltr'><strong><em>etiam</em></strong></span> <span class='ocrx_word' id='word_1_681' title='bbox 2570 4353 2690 4390; x_wconf 87' lang='lat' dir='ltr'><strong><em>cum</em></strong></span> <span class='ocrx_word' id='word_1_682' title='bbox 2720 4338 2882 4390; x_wconf 84' lang='lat' dir='ltr'><strong><em>cervis</em></strong></span> <span class='ocrx_word' id='word_1_683' title='bbox 2907 4335 3115 4403; x_wconf 82' lang='lat' dir='ltr'><strong><em>pra-lia.</em></strong></span> <span class='ocrx_word' id='word_1_684' title='bbox 3152 4333 3385 4390; x_wconf 83' lang='lat' dir='ltr'><strong><em>Multum</em></strong></span> <span class='ocrx_word' id='word_1_685' title='bbox 3406 4334 3586 4403; x_wconf 77' lang='lat' dir='ltr'><strong><em>pulve-</em></strong></span> 
     </span>
    </p>
   </div>
   <div class='ocr_carea' id='block_1_91' title="bbox 2001 4425 3583 4489">
    <p class='ocr_par' dir='ltr' id='par_1_91' title="bbox 2001 4425 3583 4489">
     <span class='ocr_line' id='line_1_91' title="bbox 2001 4425 3583 4489; baseline -0.004 -6"><span class='ocrx_word' id='word_1_686' title='bbox 2001 4449 2111 4487; x_wconf 86' lang='lat' dir='ltr'><strong><em>rem</em></strong></span> <span class='ocrx_word' id='word_1_687' title='bbox 2152 4432 2389 4486; x_wconf 81' lang='lat' dir='ltr'><strong><em>volutatu</em></strong></span> <span class='ocrx_word' id='word_1_688' title='bbox 2412 4430 2709 4489; x_wconf 89' lang='lat' dir='ltr'><strong><em>collectum.</em></strong></span> <span class='ocrx_word' id='word_1_689' title='bbox 2745 4428 2980 4483; x_wconf 87' lang='lat' dir='ltr'><strong><em>insidens</em></strong></span> <span class='ocrx_word' id='word_1_690' title='bbox 3016 4427 3259 4482; x_wconf 81' lang='lat' dir='ltr'><strong><em>cornibus</em></strong></span> <span class='ocrx_word' id='word_1_691' title='bbox 3302 4425 3499 4479; x_wconf 73' lang='lat' dir='ltr'><strong><em>excutit</em></strong></span> <span class='ocrx_word' id='word_1_692' title='bbox 3528 4425 3583 4476; x_wconf 88' lang='lat' dir='ltr'><strong><em>iu</em></strong></span> 
     </span>
    </p>
   </div>
   <div class='ocr_carea' id='block_1_92' title="bbox 318 4510 3583 4592">
    <p class='ocr_par' dir='ltr' id='par_1_92' title="bbox 318 4510 3583 4592">
     <span class='ocr_line' id='line_1_92' title="bbox 318 4510 3583 4592; baseline 0.002 -28"><span class='ocrx_word' id='word_1_693' title='bbox 318 4510 633 4567; x_wconf 88' lang='lat' dir='ltr'><strong><em>indubitato</em></strong></span> <span class='ocrx_word' id='word_1_694' title='bbox 686 4513 938 4570; x_wconf 86' lang='lat' dir='ltr'><strong><em>habetur.</em></strong></span> <span class='ocrx_word' id='word_1_695' title='bbox 986 4515 1093 4571; x_wconf 89' lang='lat' dir='ltr'><strong><em>Sed</em></strong></span> <span class='ocrx_word' id='word_1_696' title='bbox 1123 4519 1188 4573; x_wconf 89' lang='lat' dir='ltr'><strong><em>ad</em></strong></span> <span class='ocrx_word' id='word_1_697' title='bbox 1220 4535 1333 4574; x_wconf 88' lang='lat' dir='ltr'><strong><em>rem</em></strong></span> <span class='ocrx_word' id='word_1_698' title='bbox 1377 4519 1701 4576; x_wconf 80' lang='lat' dir='ltr'><strong><em>Aristoteles</em></strong></span> <span class='ocrx_word' id='word_1_699' title='bbox 1746 4521 1897 4586; x_wconf 87' lang='lat' dir='ltr'><strong><em>item,</em></strong></span> <span class='ocrx_word' id='word_1_700' title='bbox 1933 4513 1978 4568; x_wconf 80' lang='grc' dir='ltr'><strong><em>Ι)</em></strong></span> <span class='ocrx_word' id='word_1_701' title='bbox 2007 4524 2221 4587; x_wconf 85' lang='lat' dir='ltr'><strong><em>oculos,</em></strong></span> <span class='ocrx_word' id='word_1_702' title='bbox 2265 4523 2445 4592; x_wconf 87' lang='lat' dir='ltr'><strong><em>pennis</em></strong></span> <span class='ocrx_word' id='word_1_703' title='bbox 2492 4539 2587 4576; x_wconf 81' lang='lat' dir='ltr'><strong><em>ora</em></strong></span> <span class='ocrx_word' id='word_1_704' title='bbox 2632 4521 2933 4583; x_wconf 74' lang='lat' dir='ltr'><strong><em>verberans,</em></strong></span> <span class='ocrx_word' id='word_1_705' title='bbox 2980 4520 3142 4574; x_wconf 83' lang='lat' dir='ltr'><strong><em>donec</em></strong></span> <span class='ocrx_word' id='word_1_706' title='bbox 3194 4518 3484 4588; x_wconf 79' lang='lat' dir='ltr'><strong><em>prtrcipitet</em></strong></span> <span class='ocrx_word' id='word_1_707' title='bbox 3527 4517 3583 4570; x_wconf 88' lang='lat' dir='ltr'><strong><em>in</em></strong></span> 
     </span>
    </p>
   </div>
   <div class='ocr_carea' id='block_1_93' title="bbox 318 4605 1896 4684">
    <p class='ocr_par' dir='ltr' id='par_1_93' title="bbox 318 4605 1896 4684">
     <span class='ocr_line' id='line_1_93' title="bbox 318 4605 1896 4684; baseline 0.007 -26"><span class='ocrx_word' id='word_1_708' title='bbox 318 4605 442 4661; x_wconf 84' lang='lat' dir='ltr'><strong><em>libr.</em></strong></span> <span class='ocrx_word' id='word_1_709' title='bbox 487 4621 540 4658; x_wconf 83' lang='lat' dir='ltr'><strong><em>Vl</em></strong></span> <span class='ocrx_word' id='word_1_710' title='bbox 572 4605 650 4659; x_wconf 87' lang='lat' dir='ltr'><strong><em>De</em></strong></span> <span class='ocrx_word' id='word_1_711' title='bbox 687 4605 878 4663; x_wconf 89' lang='lat' dir='ltr'><strong><em>histor.</em></strong></span> <span class='ocrx_word' id='word_1_712' title='bbox 932 4609 1180 4675; x_wconf 90' lang='lat' dir='ltr'><strong><em>animal.,</em></strong></span> <span class='ocrx_word' id='word_1_713' title='bbox 1216 4613 1385 4681; x_wconf 85' lang='lat' dir='ltr'><strong><em>capit.</em></strong></span> <span class='ocrx_word' id='word_1_714' title='bbox 1447 4612 1518 4668; x_wconf 79' lang='grc'><strong><em>55</em></strong></span> <span class='ocrx_word' id='word_1_715' title='bbox 1554 4631 1567 4668; x_wconf 90' lang='lat'><strong>:</strong></span> <span class='ocrx_word' id='word_1_716' title='bbox 1608 4612 1778 4671; x_wconf 84' lang='lat' dir='ltr'><strong><em>Habet</em></strong></span> <span class='ocrx_word' id='word_1_717' title='bbox 1817 4616 1896 4684; x_wconf 80' lang='lat' dir='ltr'><strong><em>[e-</em></strong></span> 
     </span>
    </p>
   </div>
   <div class='ocr_carea' id='block_1_94' title="bbox 315 4699 1894 4776">
    <p class='ocr_par' dir='ltr' id='par_1_94' title="bbox 315 4699 1894 4776">
     <span class='ocr_line' id='line_1_94' title="bbox 315 4699 1894 4776; baseline 0.006 -23"><span class='ocrx_word' id='word_1_718' title='bbox 315 4700 463 4753; x_wconf 86' lang='lat' dir='ltr'><strong><em>miua</em></strong></span> <span class='ocrx_word' id='word_1_719' title='bbox 506 4699 592 4754; x_wconf 88' lang='lat' dir='ltr'><strong><em>lac</em></strong></span> <span class='ocrx_word' id='word_1_720' title='bbox 628 4699 777 4770; x_wconf 87' lang='lat' dir='ltr'><strong><em>prius</em></strong></span> <span class='ocrx_word' id='word_1_721' title='bbox 817 4718 976 4771; x_wconf 83' lang='lat' dir='ltr'><strong><em>quam</em></strong></span> <span class='ocrx_word' id='word_1_722' title='bbox 1028 4704 1230 4771; x_wconf 89' lang='lat' dir='ltr'><strong><em>pariat,</em></strong></span> <span class='ocrx_word' id='word_1_723' title='bbox 1255 4714 1306 4760; x_wconf 91' lang='lat' dir='ltr'><strong><em>et</em></strong></span> <span class='ocrx_word' id='word_1_724' title='bbox 1356 4723 1390 4760; x_wconf 92' lang='lat' dir='ltr'><strong><em>a</em></strong></span> <span class='ocrx_word' id='word_1_725' title='bbox 1439 4722 1601 4776; x_wconf 85' lang='lat' dir='ltr'><strong><em>partu</em></strong></span> <span class='ocrx_word' id='word_1_726' title='bbox 1645 4711 1894 4763; x_wconf 87' lang='lat' dir='ltr'><strong><em>continuo</em></strong></span> 
     </span>
    </p>
   </div>
   <div class='ocr_carea' id='block_1_95' title="bbox 317 4793 1895 4869">
    <p class='ocr_par' dir='ltr' id='par_1_95' title="bbox 317 4793 1895 4869">
     <span class='ocr_line' id='line_1_95' title="bbox 317 4793 1895 4869; baseline 0.008 -25"><span class='ocrx_word' id='word_1_727' title='bbox 317 4793 503 4862; x_wconf 81' lang='lat' dir='ltr'><strong><em>repetit</em></strong></span> <span class='ocrx_word' id='word_1_728' title='bbox 527 4793 723 4846; x_wconf 86' lang='lat' dir='ltr'><strong><em>coitum</em></strong></span> <span class='ocrx_word' id='word_1_729' title='bbox 745 4809 764 4846; x_wconf 90' lang='lat'><strong><em>:</em></strong></span> <span class='ocrx_word' id='word_1_730' title='bbox 782 4801 831 4847; x_wconf 88' lang='lat' dir='ltr'><strong><em>et</em></strong></span> <span class='ocrx_word' id='word_1_731' title='bbox 860 4793 1065 4849; x_wconf 87' lang='lat' dir='ltr'><strong><em>lactans</em></strong></span> <span class='ocrx_word' id='word_1_732' title='bbox 1096 4795 1268 4849; x_wconf 88' lang='lat' dir='ltr'><strong><em>adhuc</em></strong></span> <span class='ocrx_word' id='word_1_733' title='bbox 1295 4799 1525 4867; x_wconf 86' lang='lat' dir='ltr'><strong><em>concipit</em></strong></span> <span class='ocrx_word' id='word_1_734' title='bbox 1552 4800 1738 4869; x_wconf 78' lang='lat' dir='ltr'><strong><em>fetum.</em></strong></span> <span class='ocrx_word' id='word_1_735' title='bbox 1769 4800 1895 4856; x_wconf 71' lang='lat' dir='ltr'><strong><em>Hau:</em></strong></span> 
     </span>
    </p>
   </div>
   <div class='ocr_carea' id='block_1_96' title="bbox 318 4885 1892 4963">
    <p class='ocr_par' dir='ltr' id='par_1_96' title="bbox 318 4885 1892 4963">
     <span class='ocr_line' id='line_1_96' title="bbox 318 4885 1892 4963; baseline 0.007 -26"><span class='ocrx_word' id='word_1_736' title='bbox 318 4885 446 4942; x_wconf 77' lang='lat' dir='ltr'><strong><em>item</em></strong></span> <span class='ocrx_word' id='word_1_737' title='bbox 501 4886 684 4941; x_wconf 90' lang='lat' dir='ltr'><strong><em>omnia</em></strong></span> <span class='ocrx_word' id='word_1_738' title='bbox 739 4886 792 4940; x_wconf 90' lang='lat' dir='ltr'><strong><em>in</em></strong></span> <span class='ocrx_word' id='word_1_739' title='bbox 849 4886 1241 4953; x_wconf 68' lang='lat' dir='ltr'><strong><em>Qumstionibus</em></strong></span> <span class='ocrx_word' id='word_1_740' title='bbox 1291 4890 1543 4961; x_wconf 85' lang='lat' dir='ltr'><strong><em>physicis,</em></strong></span> <span class='ocrx_word' id='word_1_741' title='bbox 1576 4900 1773 4963; x_wconf 64' lang='lat' dir='ltr'><strong><em>quaest.</em></strong></span> <span class='ocrx_word' id='word_1_742' title='bbox 1804 4893 1892 4960; x_wconf 83' lang='lat' dir='ltr'><strong><em>ll,</em></strong></span> 
     </span>
    </p>
   </div>
   <div class='ocr_carea' id='block_1_97' title="bbox 320 4974 1599 5050">
    <p class='ocr_par' dir='ltr' id='par_1_97' title="bbox 320 4974 1599 5050">
     <span class='ocr_line' id='line_1_97' title="bbox 320 4974 1599 5050; baseline 0.008 -23"><span class='ocrx_word' id='word_1_743' title='bbox 320 4975 638 5046; x_wconf 81' lang='lat' dir='ltr'><strong><em>complexus</em></strong></span> <span class='ocrx_word' id='word_1_744' title='bbox 668 4984 751 5031; x_wconf 89' lang='lat' dir='ltr'><strong><em>est</em></strong></span> <span class='ocrx_word' id='word_1_745' title='bbox 781 4974 1228 5050; x_wconf 83' lang='lat' dir='ltr'><strong><em>Theophylactus</em></strong></span> <span class='ocrx_word' id='word_1_746' title='bbox 1265 4979 1599 5040; x_wconf 89' lang='lat' dir='ltr'><strong><em>Simocatus.</em></strong></span> 
     </span>
    </p>
   </div>
   <div class='ocr_carea' id='block_1_98' title="bbox 391 5067 1897 5144">
    <p class='ocr_par' dir='ltr' id='par_1_98' title="bbox 391 5067 1897 5144">
     <span class='ocr_line' id='line_1_98' title="bbox 391 5067 1897 5144; baseline 0.007 -24"><span class='ocrx_word' id='word_1_747' title='bbox 391 5067 550 5132; x_wconf 66' lang='grc' dir='ltr'>ιδιά..</span> <span class='ocrx_word' id='word_1_748' title='bbox 587 5070 682 5124; x_wconf 84' lang='grc' dir='ltr'><strong><em>Ιίη.</em></strong></span> <span class='ocrx_word' id='word_1_749' title='bbox 720 5070 808 5125; x_wconf 72' lang='lat'><strong><em>30.</em></strong></span> <span class='ocrx_word' id='word_1_750' title='bbox 849 5070 959 5124; x_wconf 79' lang='grc' dir='ltr'><em>Τὸν</em></span> <span class='ocrx_word' id='word_1_751' title='bbox 986 5070 1055 5125; x_wconf 80' lang='grc' dir='ltr'>δὲ</span> <span class='ocrx_word' id='word_1_752' title='bbox 1080 5073 1278 5143; x_wconf 79' lang='grc' dir='ltr'>γρῦπά</span> <span class='ocrx_word' id='word_1_753' title='bbox 1327 5091 1536 5144; x_wconf 75' lang='grc' dir='ltr'>φασιν.</span> <span class='ocrx_word' id='word_1_754' title='bbox 1576 5074 1830 5131; x_wconf 69' lang='grc' dir='ltr'>ιΕΙῘιιηυε</span> <span class='ocrx_word' id='word_1_755' title='bbox 1864 5092 1897 5131; x_wconf 84' lang='lat' dir='ltr'><strong><em>e</em></strong></span> 
     </span>
    </p>
   </div>
   <div class='ocr_carea' id='block_1_99' title="bbox 322 5156 1895 5238">
    <p class='ocr_par' dir='ltr' id='par_1_99' title="bbox 322 5156 1895 5238">
     <span class='ocr_line' id='line_1_99' title="bbox 322 5156 1895 5238; baseline 0.008 -29"><span class='ocrx_word' id='word_1_756' title='bbox 322 5156 501 5213; x_wconf 78' lang='lat' dir='ltr'><strong><em>Ctesia</em></strong></span> <span class='ocrx_word' id='word_1_757' title='bbox 531 5176 722 5215; x_wconf 90' lang='lat' dir='ltr'><strong><em>eorum</em></strong></span> <span class='ocrx_word' id='word_1_758' title='bbox 748 5161 978 5216; x_wconf 89' lang='lat' dir='ltr'><strong><em>formam</em></strong></span> <span class='ocrx_word' id='word_1_759' title='bbox 1008 5162 1303 5233; x_wconf 89' lang='lat' dir='ltr'><strong><em>describit;</em></strong></span> <span class='ocrx_word' id='word_1_760' title='bbox 1331 5182 1454 5221; x_wconf 89' lang='lat' dir='ltr'><strong><em>esse</em></strong></span> <span class='ocrx_word' id='word_1_761' title='bbox 1487 5167 1631 5222; x_wconf 90' lang='lat' dir='ltr'><strong><em>enim</em></strong></span> <span class='ocrx_word' id='word_1_762' title='bbox 1660 5168 1895 5238; x_wconf 75' lang='lat' dir='ltr'><strong><em>gryphes</em></strong></span> 
     </span>
    </p>
   </div>
   <div class='ocr_carea' id='block_1_100' title="bbox 321 5252 1896 5329">
    <p class='ocr_par' dir='ltr' id='par_1_100' title="bbox 321 5252 1896 5329">
     <span class='ocr_line' id='line_1_100' title="bbox 321 5252 1896 5329; baseline 0.006 -25"><span class='ocrx_word' id='word_1_763' title='bbox 321 5252 722 5320; x_wconf 89' lang='lat' dir='ltr'><strong><em>quadrupedes,</em></strong></span> <span class='ocrx_word' id='word_1_764' title='bbox 795 5254 1197 5313; x_wconf 85' lang='lat' dir='ltr'><strong><em>robustissimis</em></strong></span> <span class='ocrx_word' id='word_1_765' title='bbox 1271 5258 1580 5329; x_wconf 86' lang='lat' dir='ltr'><strong><em>unguibus;</em></strong></span> <span class='ocrx_word' id='word_1_766' title='bbox 1633 5260 1896 5314; x_wconf 82' lang='lat' dir='ltr'><strong><em>anteriori</em></strong></span> 
     </span>
    </p>
   </div>
   <div class='ocr_carea' id='block_1_101' title="bbox 321 5342 1896 5421">
    <p class='ocr_par' dir='ltr' id='par_1_101' title="bbox 321 5342 1896 5421">
     <span class='ocr_line' id='line_1_101' title="bbox 321 5342 1896 5421; baseline 0.008 -27"><span class='ocrx_word' id='word_1_767' title='bbox 321 5342 570 5411; x_wconf 84' lang='lat' dir='ltr'><strong><em>corporis</em></strong></span> <span class='ocrx_word' id='word_1_768' title='bbox 609 5355 762 5413; x_wconf 88' lang='lat' dir='ltr'><strong><em>parte</em></strong></span> <span class='ocrx_word' id='word_1_769' title='bbox 815 5346 1034 5410; x_wconf 88' lang='lat' dir='ltr'><strong><em>rubros,</em></strong></span> <span class='ocrx_word' id='word_1_770' title='bbox 1066 5348 1169 5403; x_wconf 90' lang='lat' dir='ltr'><strong><em>alis</em></strong></span> <span class='ocrx_word' id='word_1_771' title='bbox 1218 5349 1485 5415; x_wconf 88' lang='lat' dir='ltr'><strong><em>candidis,</em></strong></span> <span class='ocrx_word' id='word_1_772' title='bbox 1511 5350 1676 5405; x_wconf 90' lang='lat' dir='ltr'><strong><em>dorso</em></strong></span> <span class='ocrx_word' id='word_1_773' title='bbox 1701 5352 1896 5421; x_wconf 90' lang='lat' dir='ltr'><strong><em>pennis</em></strong></span> 
     </span>
    </p>
   </div>
   <div class='ocr_carea' id='block_1_102' title="bbox 323 5433 1896 5505">
    <p class='ocr_par' dir='ltr' id='par_1_102' title="bbox 323 5433 1896 5505">
     <span class='ocr_line' id='line_1_102' title="bbox 323 5433 1896 5505; baseline 0.008 -19"><span class='ocrx_word' id='word_1_774' title='bbox 323 5433 492 5503; x_wconf 80' lang='lat' dir='ltr'><strong><em>nigris</em></strong></span> <span class='ocrx_word' id='word_1_775' title='bbox 546 5435 789 5499; x_wconf 89' lang='lat' dir='ltr'><strong><em>indutos,</em></strong></span> <span class='ocrx_word' id='word_1_776' title='bbox 843 5441 1058 5496; x_wconf 90' lang='lat' dir='ltr'><strong><em>cervice</em></strong></span> <span class='ocrx_word' id='word_1_777' title='bbox 1107 5443 1377 5504; x_wconf 65' lang='lat' dir='ltr'><strong><em>caeruleis,</em></strong></span> <span class='ocrx_word' id='word_1_778' title='bbox 1431 5451 1486 5497; x_wconf 89' lang='lat' dir='ltr'><strong><em>et</em></strong></span> <span class='ocrx_word' id='word_1_779' title='bbox 1541 5442 1770 5505; x_wconf 83' lang='lat' dir='ltr'><strong><em>ﬂoridis,</em></strong></span> <span class='ocrx_word' id='word_1_780' title='bbox 1801 5459 1896 5499; x_wconf 89' lang='lat' dir='ltr'><strong><em>ore</em></strong></span> 
     </span>
    </p>
   </div>
   <div class='ocr_carea' id='block_1_103' title="bbox 319 5527 1893 5604">
    <p class='ocr_par' dir='ltr' id='par_1_103' title="bbox 319 5527 1893 5604">
     <span class='ocr_line' id='line_1_103' title="bbox 319 5527 1893 5604; baseline 0.008 -28"><span class='ocrx_word' id='word_1_781' title='bbox 319 5527 583 5594; x_wconf 85' lang='lat' dir='ltr'><strong><em>aquilino,</em></strong></span> <span class='ocrx_word' id='word_1_782' title='bbox 617 5536 670 5584; x_wconf 91' lang='lat' dir='ltr'><strong><em>et</em></strong></span> <span class='ocrx_word' id='word_1_783' title='bbox 700 5529 897 5599; x_wconf 90' lang='lat' dir='ltr'><strong><em>capite,</em></strong></span> <span class='ocrx_word' id='word_1_784' title='bbox 924 5533 1098 5588; x_wconf 90' lang='lat' dir='ltr'><strong><em>oculis</em></strong></span> <span class='ocrx_word' id='word_1_785' title='bbox 1122 5532 1318 5604; x_wconf 84' lang='lat' dir='ltr'><strong><em>igneis.</em></strong></span> <span class='ocrx_word' id='word_1_786' title='bbox 1358 5533 1453 5588; x_wconf 90' lang='lat' dir='ltr'><strong><em>lib.</em></strong></span> <span class='ocrx_word' id='word_1_787' title='bbox 1490 5549 1543 5587; x_wconf 84' lang='lat' dir='ltr'><strong><em>iv</em></strong></span> <span class='ocrx_word' id='word_1_788' title='bbox 1586 5533 1663 5587; x_wconf 90' lang='lat' dir='ltr'><strong><em>De</em></strong></span> <span class='ocrx_word' id='word_1_789' title='bbox 1702 5532 1893 5589; x_wconf 82' lang='lat' dir='ltr'><strong><em>histor.</em></strong></span> 
     </span>
    </p>
   </div>
   <div class='ocr_carea' id='block_1_104' title="bbox 318 5619 1898 5698">
    <p class='ocr_par' dir='ltr' id='par_1_104' title="bbox 318 5619 1898 5698">
     <span class='ocr_line' id='line_1_104' title="bbox 318 5619 1898 5698; baseline 0.008 -29"><span class='ocrx_word' id='word_1_790' title='bbox 318 5619 822 5692; x_wconf 70' lang='lat' dir='ltr'><strong><em>animal.,cap.9.7:</em></strong></span> <span class='ocrx_word' id='word_1_791' title='bbox 855 5624 958 5678; x_wconf 87' lang='grc' dir='ltr'><strong><em>Τὸν</em></strong></span> <span class='ocrx_word' id='word_1_792' title='bbox 980 5625 1167 5698; x_wconf 86' lang='grc' dir='ltr'>γρύπα</span> <span class='ocrx_word' id='word_1_793' title='bbox 1196 5626 1378 5680; x_wconf 83' lang='grc' dir='ltr'>ἀκούω</span> <span class='ocrx_word' id='word_1_794' title='bbox 1405 5626 1467 5680; x_wconf 72' lang='grc' dir='ltr'>τὸ</span> <span class='ocrx_word' id='word_1_795' title='bbox 1497 5625 1636 5691; x_wconf 79' lang='grc' dir='ltr'>ζῶον</span> <span class='ocrx_word' id='word_1_796' title='bbox 1660 5626 1722 5680; x_wconf 81' lang='grc' dir='ltr'>τὸ</span> <span class='ocrx_word' id='word_1_797' title='bbox 1751 5626 1898 5681; x_wconf 72' lang='grc' dir='ltr'>Ἰνδιο</span> 
     </span>
    </p>
   </div>
   <div class='ocr_carea' id='block_1_105' title="bbox 314 5710 1895 5791">
    <p class='ocr_par' dir='ltr' id='par_1_105' title="bbox 314 5710 1895 5791">
     <span class='ocr_line' id='line_1_105' title="bbox 314 5710 1895 5791; baseline 0.004 -22"><span class='ocrx_word' id='word_1_798' title='bbox 314 5710 411 5771; x_wconf 53' lang='grc' dir='ltr'><strong><em>,κῆν</em></strong></span> <span class='ocrx_word' id='word_1_799' title='bbox 451 5716 760 5785; x_wconf 83' lang='grc' dir='ltr'>τετράπουν</span> <span class='ocrx_word' id='word_1_800' title='bbox 811 5712 950 5770; x_wconf 78' lang='grc' dir='ltr'>εἶναι</span> <span class='ocrx_word' id='word_1_801' title='bbox 1002 5720 1145 5774; x_wconf 82' lang='grc' dir='ltr'>κατὰ</span> <span class='ocrx_word' id='word_1_802' title='bbox 1184 5721 1309 5786; x_wconf 81' lang='grc' dir='ltr'>τοὺς</span> <span class='ocrx_word' id='word_1_803' title='bbox 1354 5720 1594 5786; x_wconf 76' lang='grc' dir='ltr'>λέοντας,</span> <span class='ocrx_word' id='word_1_804' title='bbox 1627 5722 1720 5775; x_wconf 77' lang='grc' dir='ltr'>καὶ</span> <span class='ocrx_word' id='word_1_805' title='bbox 1751 5720 1895 5791; x_wconf 77' lang='grc' dir='ltr'>ἔχειν</span> 
     </span>
    </p>
   </div>
   <div class='ocr_carea' id='block_1_106' title="bbox 307 5796 1899 5886">
    <p class='ocr_par' dir='ltr' id='par_1_106' title="bbox 307 5796 1899 5886">
     <span class='ocr_line' id='line_1_106' title="bbox 307 5796 1899 5886; baseline 0.005 -25"><span class='ocrx_word' id='word_1_806' title='bbox 307 5796 514 5879; x_wconf 56' lang='grc' dir='ltr'>ὄνυχας</span> <span class='ocrx_word' id='word_1_807' title='bbox 545 5808 849 5881; x_wconf 72' lang='grc' dir='ltr'>καρτεροὺς</span> <span class='ocrx_word' id='word_1_808' title='bbox 878 5809 954 5877; x_wconf 85' lang='grc' dir='ltr'><strong><em>ὡς</em></strong></span> <span class='ocrx_word' id='word_1_809' title='bbox 980 5810 1062 5866; x_wconf 84' lang='grc' dir='ltr'>ὅτι</span> <span class='ocrx_word' id='word_1_810' title='bbox 1095 5811 1350 5885; x_wconf 76' lang='grc' dir='ltr'>μάλιστα,</span> <span class='ocrx_word' id='word_1_811' title='bbox 1385 5813 1478 5871; x_wconf 70' lang='grc' dir='ltr'>καὶ</span> <span class='ocrx_word' id='word_1_812' title='bbox 1512 5813 1733 5880; x_wconf 87' lang='grc' dir='ltr'>τούτους</span> <span class='ocrx_word' id='word_1_813' title='bbox 1768 5814 1899 5886; x_wconf 68' lang='grc' dir='ltr'><strong><em>μένα</em></strong></span> 
     </span>
    </p>
   </div>
   <div class='ocr_carea' id='block_1_107' title="bbox 2002 4611 3580 4688">
    <p class='ocr_par' dir='ltr' id='par_1_107' title="bbox 2002 4611 3580 4688">
     <span class='ocr_line' id='line_1_107' title="bbox 2002 4611 3580 4688; baseline -0.004 -16"><span class='ocrx_word' id='word_1_814' title='bbox 2002 4634 2175 4688; x_wconf 88' lang='lat' dir='ltr'><strong><em>rupes.</em></strong></span> <span class='ocrx_word' id='word_1_815' title='bbox 2206 4617 2318 4674; x_wconf 89' lang='lat' dir='ltr'><strong><em>Nec</em></strong></span> <span class='ocrx_word' id='word_1_816' title='bbox 2347 4632 2459 4672; x_wconf 90' lang='lat' dir='ltr'><strong><em>non</em></strong></span> <span class='ocrx_word' id='word_1_817' title='bbox 2493 4622 2548 4671; x_wconf 88' lang='lat' dir='ltr'><strong><em>et</em></strong></span> <span class='ocrx_word' id='word_1_818' title='bbox 2578 4625 2766 4671; x_wconf 89' lang='lat' dir='ltr'><strong><em>tauros</em></strong></span> <span class='ocrx_word' id='word_1_819' title='bbox 2794 4614 2982 4669; x_wconf 87' lang='lat' dir='ltr'><strong><em>venari</em></strong></span> <span class='ocrx_word' id='word_1_820' title='bbox 3014 4624 3206 4669; x_wconf 78' lang='lat' dir='ltr'><strong><em>auctor</em></strong></span> <span class='ocrx_word' id='word_1_821' title='bbox 3237 4622 3323 4669; x_wconf 87' lang='lat' dir='ltr'><strong><em>est</em></strong></span> <span class='ocrx_word' id='word_1_822' title='bbox 3350 4612 3501 4668; x_wconf 87' lang='lat' dir='ltr'><strong><em>Phile</em></strong></span> <span class='ocrx_word' id='word_1_823' title='bbox 3526 4611 3580 4666; x_wconf 87' lang='lat' dir='ltr'><strong><em>in</em></strong></span> 
     </span>
    </p>
   </div>
   <div class='ocr_carea' id='block_1_108' title="bbox 2000 4707 2233 4774">
    <p class='ocr_par' dir='ltr' id='par_1_108' title="bbox 2000 4707 2233 4774">
     <span class='ocr_line' id='line_1_108' title="bbox 2000 4707 2233 4774; baseline 0 -9"><span class='ocrx_word' id='word_1_824' title='bbox 2000 4707 2199 4765; x_wconf 81' lang='lat' dir='ltr'><strong><em>lambis</em></strong></span> <span class='ocrx_word' id='word_1_825' title='bbox 2216 4750 2233 4774; x_wconf 88' lang='lat'><strong><em>,</em></strong></span> 
     </span>
    </p>
   </div>
   <div class='ocr_carea' id='block_1_109' title="bbox 2073 4794 3383 4870">
    <p class='ocr_par' dir='ltr' id='par_1_109' title="bbox 2073 4794 3383 4870">
     <span class='ocr_line' id='line_1_109' title="bbox 2073 4794 3383 4870; baseline -0.003 -16"><span class='ocrx_word' id='word_1_826' title='bbox 2073 4800 2233 4870; x_wconf 82' lang='grc' dir='ltr'>Θηρᾷ</span> <span class='ocrx_word' id='word_1_827' title='bbox 2254 4800 2324 4854; x_wconf 83' lang='grc' dir='ltr'>δὲ</span> <span class='ocrx_word' id='word_1_828' title='bbox 2352 4800 2450 4855; x_wconf 77' lang='grc' dir='ltr'>καὶ</span> <span class='ocrx_word' id='word_1_829' title='bbox 2489 4799 2597 4854; x_wconf 77' lang='grc' dir='ltr'><strong><em>τὸν</em></strong></span> <span class='ocrx_word' id='word_1_830' title='bbox 2634 4797 2815 4870; x_wconf 79' lang='grc' dir='ltr'>χῆνα,</span> <span class='ocrx_word' id='word_1_831' title='bbox 2855 4796 2954 4870; x_wconf 72' lang='grc' dir='ltr'><strong><em>κᾳὶ</em></strong></span> <span class='ocrx_word' id='word_1_832' title='bbox 2976 4795 3091 4870; x_wconf 70' lang='grc' dir='ltr'><strong><em>τὴν</em></strong></span> <span class='ocrx_word' id='word_1_833' title='bbox 3119 4794 3383 4870; x_wconf 64' lang='grc' dir='ltr'>δορκάδα</span> 
     </span>
    </p>
   </div>
   <div class='ocr_carea' id='block_1_110' title="bbox 2069 4866 3438 4942">
    <p class='ocr_par' dir='ltr' id='par_1_110' title="bbox 2069 4866 3438 4942">
     <span class='ocr_line' id='line_1_110' title="bbox 2069 4866 3438 4942; baseline -0.006 -15"><span class='ocrx_word' id='word_1_834' title='bbox 2069 4866 2181 4927; x_wconf 59' lang='lat' dir='ltr'><strong><em>Kal</em></strong></span> <span class='ocrx_word' id='word_1_835' title='bbox 2204 4866 2323 4925; x_wconf 70' lang='grc' dir='ltr'><strong><em>’τὸν</em></strong></span> <span class='ocrx_word' id='word_1_836' title='bbox 2346 4866 2717 4942; x_wconf 54' lang='lat' dir='ltr'><strong><em>summa:</em></strong></span> <span class='ocrx_word' id='word_1_837' title='bbox 2749 4870 2815 4924; x_wconf 82' lang='grc' dir='ltr'>τὸ</span> <span class='ocrx_word' id='word_1_838' title='bbox 2838 4867 2958 4925; x_wconf 72' lang='grc' dir='ltr'>τῶν</span> <span class='ocrx_word' id='word_1_839' title='bbox 2985 4866 3218 4937; x_wconf 74' lang='grc' dir='ltr'>ταύρων</span> <span class='ocrx_word' id='word_1_840' title='bbox 3245 4866 3438 4937; x_wconf 73' lang='grc' dir='ltr'>γένος.</span> 
     </span>
    </p>
   </div>
   <div class='ocr_carea' id='block_1_111' title="bbox 2002 4979 3579 5052">
    <p class='ocr_par' dir='ltr' id='par_1_111' title="bbox 2002 4979 3579 5052">
     <span class='ocr_line' id='line_1_111' title="bbox 2002 4979 3579 5052; baseline -0.004 -11"><span class='ocrx_word' id='word_1_841' title='bbox 2002 4985 2067 5041; x_wconf 85' lang='grc' dir='ltr'>Ει</span> <span class='ocrx_word' id='word_1_842' title='bbox 2122 4985 2399 5050; x_wconf 68' lang='lat' dir='ltr'><strong><em>A‘Ilianus,</em></strong></span> <span class='ocrx_word' id='word_1_843' title='bbox 2443 4985 2518 5040; x_wconf 88' lang='lat' dir='ltr'><strong><em>De</em></strong></span> <span class='ocrx_word' id='word_1_844' title='bbox 2559 4985 2750 5039; x_wconf 89' lang='lat' dir='ltr'><strong><em>histor.</em></strong></span> <span class='ocrx_word' id='word_1_845' title='bbox 2792 4983 3015 5038; x_wconf 81' lang='lat' dir='ltr'><strong><em>animal.</em></strong></span> <span class='ocrx_word' id='word_1_846' title='bbox 3063 4982 3157 5038; x_wconf 91' lang='lat' dir='ltr'><strong><em>lib.</em></strong></span> <span class='ocrx_word' id='word_1_847' title='bbox 3213 4997 3275 5048; x_wconf 88' lang='lat' dir='ltr'><strong><em>It,</em></strong></span> <span class='ocrx_word' id='word_1_848' title='bbox 3325 4996 3446 5052; x_wconf 87' lang='lat' dir='ltr'><strong><em>cap.</em></strong></span> <span class='ocrx_word' id='word_1_849' title='bbox 3485 4979 3579 5042; x_wconf 75' lang='lat'><strong><em>39.</em></strong></span> 
     </span>
    </p>
   </div>
   <div class='ocr_carea' id='block_1_112' title="bbox 1999 5070 3578 5150">
    <p class='ocr_par' dir='ltr' id='par_1_112' title="bbox 1999 5070 3578 5150">
     <span class='ocr_line' id='line_1_112' title="bbox 1999 5070 3578 5150; baseline -0.005 -18"><span class='ocrx_word' id='word_1_850' title='bbox 1999 5079 2305 5150; x_wconf 89' lang='lat' dir='ltr'><strong><em>aquilarum</em></strong></span> <span class='ocrx_word' id='word_1_851' title='bbox 2363 5091 2558 5147; x_wconf 82' lang='lat' dir='ltr'><strong><em>genus,</em></strong></span> <span class='ocrx_word' id='word_1_852' title='bbox 2609 5076 2755 5144; x_wconf 90' lang='lat' dir='ltr'><strong><em>quod</em></strong></span> <span class='ocrx_word' id='word_1_853' title='bbox 2813 5073 3035 5144; x_wconf 90' lang='lat' dir='ltr'><strong><em>quidam</em></strong></span> <span class='ocrx_word' id='word_1_854' title='bbox 3091 5070 3433 5145; x_wconf 78' lang='grc' dir='ltr'>χρυσαίετον,</span> <span class='ocrx_word' id='word_1_855' title='bbox 3485 5070 3578 5125; x_wconf 88' lang='lat' dir='ltr'><strong><em>alii</em></strong></span> 
     </span>
    </p>
   </div>
   <div class='ocr_carea' id='block_1_113' title="bbox 1999 5161 3577 5243">
    <p class='ocr_par' dir='ltr' id='par_1_113' title="bbox 1999 5161 3577 5243">
     <span class='ocr_line' id='line_1_113' title="bbox 1999 5161 3577 5243; baseline -0.006 -18"><span class='ocrx_word' id='word_1_856' title='bbox 1999 5170 2281 5243; x_wconf 84' lang='grc' dir='ltr'>ἀστερίαν,</span> <span class='ocrx_word' id='word_1_857' title='bbox 2312 5169 2370 5223; x_wconf 91' lang='lat' dir='ltr'><strong><em>in</em></strong></span> <span class='ocrx_word' id='word_1_858' title='bbox 2399 5168 2561 5223; x_wconf 86' lang='lat' dir='ltr'><strong><em>Creta</em></strong></span> <span class='ocrx_word' id='word_1_859' title='bbox 2590 5168 2641 5222; x_wconf 88' lang='lat' dir='ltr'><strong><em>vi</em></strong></span> <span class='ocrx_word' id='word_1_860' title='bbox 2671 5166 2905 5237; x_wconf 89' lang='lat' dir='ltr'><strong><em>quadam</em></strong></span> <span class='ocrx_word' id='word_1_861' title='bbox 2934 5174 2989 5221; x_wconf 93' lang='lat' dir='ltr'><strong><em>et</em></strong></span> <span class='ocrx_word' id='word_1_862' title='bbox 3017 5163 3285 5219; x_wconf 89' lang='lat' dir='ltr'><strong><em>industria</em></strong></span> <span class='ocrx_word' id='word_1_863' title='bbox 3315 5161 3577 5233; x_wconf 85' lang='lat' dir='ltr'><strong><em>singulari</em></strong></span> 
     </span>
    </p>
   </div>
   <div class='ocr_carea' id='block_1_114' title="bbox 2000 5256 3579 5333">
    <p class='ocr_par' dir='ltr' id='par_1_114' title="bbox 2000 5256 3579 5333">
     <span class='ocr_line' id='line_1_114' title="bbox 2000 5256 3579 5333; baseline -0.004 -14"><span class='ocrx_word' id='word_1_864' title='bbox 2000 5274 2190 5320; x_wconf 87' lang='lat' dir='ltr'><strong><em>tauros</em></strong></span> <span class='ocrx_word' id='word_1_865' title='bbox 2236 5262 2389 5333; x_wconf 88' lang='lat' dir='ltr'><strong><em>ipsos</em></strong></span> <span class='ocrx_word' id='word_1_866' title='bbox 2447 5261 2726 5323; x_wconf 90' lang='lat' dir='ltr'><strong><em>invadere,</em></strong></span> <span class='ocrx_word' id='word_1_867' title='bbox 2761 5266 2815 5314; x_wconf 91' lang='lat' dir='ltr'><strong><em>et</em></strong></span> <span class='ocrx_word' id='word_1_868' title='bbox 2870 5258 3107 5330; x_wconf 57' lang='lat' dir='ltr'><strong><em>praedam</em></strong></span> <span class='ocrx_word' id='word_1_869' title='bbox 3141 5256 3246 5312; x_wconf 87' lang='lat' dir='ltr'><strong><em>sibi</em></strong></span> <span class='ocrx_word' id='word_1_870' title='bbox 3284 5256 3579 5326; x_wconf 87' lang='lat' dir='ltr'><strong><em>cibumque</em></strong></span> 
     </span>
    </p>
   </div>
   <div class='ocr_carea' id='block_1_115' title="bbox 2000 5347 3578 5426">
    <p class='ocr_par' dir='ltr' id='par_1_115' title="bbox 2000 5347 3578 5426">
     <span class='ocr_line' id='line_1_115' title="bbox 2000 5347 3578 5426; baseline -0.004 -17"><span class='ocrx_word' id='word_1_871' title='bbox 2000 5370 2195 5426; x_wconf 87' lang='lat' dir='ltr'><strong><em>parare</em></strong></span> <span class='ocrx_word' id='word_1_872' title='bbox 2229 5371 2244 5408; x_wconf 88' lang='lat'><strong>:</strong></span> <span class='ocrx_word' id='word_1_873' title='bbox 2276 5369 2343 5407; x_wconf 77' lang='lat' dir='ltr'><strong><em>ex</em></strong></span> <span class='ocrx_word' id='word_1_874' title='bbox 2386 5351 2605 5407; x_wconf 85' lang='lat' dir='ltr'><strong><em>insidiis</em></strong></span> <span class='ocrx_word' id='word_1_875' title='bbox 2648 5352 2792 5406; x_wconf 87' lang='lat' dir='ltr'><strong><em>enim</em></strong></span> <span class='ocrx_word' id='word_1_876' title='bbox 2848 5349 3048 5405; x_wconf 88' lang='lat' dir='ltr'><strong><em>cervici</em></strong></span> <span class='ocrx_word' id='word_1_877' title='bbox 3103 5347 3350 5403; x_wconf 89' lang='lat' dir='ltr'><strong><em>insidens</em></strong></span> <span class='ocrx_word' id='word_1_878' title='bbox 3397 5362 3578 5403; x_wconf 71' lang='lat' dir='ltr'><strong><em>rosuo</em></strong></span> 
     </span>
    </p>
   </div>
   <div class='ocr_carea' id='block_1_116' title="bbox 1999 5439 3567 5518">
    <p class='ocr_par' dir='ltr' id='par_1_116' title="bbox 1999 5439 3567 5518">
     <span class='ocr_line' id='line_1_116' title="bbox 1999 5439 3567 5518; baseline -0.006 -16"><span class='ocrx_word' id='word_1_879' title='bbox 1999 5463 2160 5518; x_wconf 86' lang='lat' dir='ltr'><strong><em>quam</em></strong></span> <span class='ocrx_word' id='word_1_880' title='bbox 2193 5446 2469 5502; x_wconf 82' lang='lat' dir='ltr'><strong><em>acerrime</em></strong></span> <span class='ocrx_word' id='word_1_881' title='bbox 2490 5444 2701 5515; x_wconf 85' lang='lat' dir='ltr'><strong><em>pungit.</em></strong></span> <span class='ocrx_word' id='word_1_882' title='bbox 2724 5440 2941 5497; x_wconf 88' lang='lat' dir='ltr'><strong><em>Taurus</em></strong></span> <span class='ocrx_word' id='word_1_883' title='bbox 2967 5441 3169 5496; x_wconf 86' lang='lat' dir='ltr'><strong><em>ictibus</em></strong></span> <span class='ocrx_word' id='word_1_884' title='bbox 3198 5440 3410 5512; x_wconf 88' lang='lat' dir='ltr'><strong><em>pulsus,</em></strong></span> <span class='ocrx_word' id='word_1_885' title='bbox 3437 5439 3567 5494; x_wconf 81' lang='lat' dir='ltr'><strong><em>furi-</em></strong></span> 
     </span>
    </p>
   </div>
   <div class='ocr_carea' id='block_1_117' title="bbox 2001 5532 3575 5606">
    <p class='ocr_par' dir='ltr' id='par_1_117' title="bbox 2001 5532 3575 5606">
     <span class='ocr_line' id='line_1_117' title="bbox 2001 5532 3575 5606; baseline -0.008 -9"><span class='ocrx_word' id='word_1_886' title='bbox 2001 5538 2221 5597; x_wconf 89' lang='lat' dir='ltr'><strong><em>bundus</em></strong></span> <span class='ocrx_word' id='word_1_887' title='bbox 2245 5536 2299 5590; x_wconf 87' lang='lat' dir='ltr'><strong><em>in</em></strong></span> <span class='ocrx_word' id='word_1_888' title='bbox 2322 5535 2503 5606; x_wconf 82' lang='lat' dir='ltr'><strong><em>fugam</em></strong></span> <span class='ocrx_word' id='word_1_889' title='bbox 2526 5534 2776 5600; x_wconf 84' lang='lat' dir='ltr'><strong><em>vertitur,</em></strong></span> <span class='ocrx_word' id='word_1_890' title='bbox 2794 5533 2883 5588; x_wconf 93' lang='lat' dir='ltr'><strong><em>ubi</em></strong></span> <span class='ocrx_word' id='word_1_891' title='bbox 2910 5533 3087 5587; x_wconf 88' lang='lat' dir='ltr'><strong><em>locum</em></strong></span> <span class='ocrx_word' id='word_1_892' title='bbox 3110 5532 3405 5603; x_wconf 88' lang='lat' dir='ltr'><strong><em>proclivem</em></strong></span> <span class='ocrx_word' id='word_1_893' title='bbox 3435 5546 3575 5600; x_wconf 71' lang='lat' dir='ltr'><strong><em>prte-</em></strong></span> 
     </span>
    </p>
   </div>
   <div class='ocr_carea' id='block_1_118' title="bbox 2000 5624 3571 5701">
    <p class='ocr_par' dir='ltr' id='par_1_118' title="bbox 2000 5624 3571 5701">
     <span class='ocr_line' id='line_1_118' title="bbox 2000 5624 3571 5701; baseline -0.004 -15"><span class='ocrx_word' id='word_1_894' title='bbox 2000 5631 2332 5701; x_wconf 89' lang='lat' dir='ltr'><strong><em>cipitemque</em></strong></span> <span class='ocrx_word' id='word_1_895' title='bbox 2381 5627 2708 5694; x_wconf 89' lang='lat' dir='ltr'><strong><em>accesserit,</em></strong></span> <span class='ocrx_word' id='word_1_896' title='bbox 2747 5625 3030 5696; x_wconf 78' lang='lat' dir='ltr'><strong><em>explicatis</em></strong></span> <span class='ocrx_word' id='word_1_897' title='bbox 3060 5626 3116 5680; x_wconf 92' lang='lat' dir='ltr'><strong><em>in</em></strong></span> <span class='ocrx_word' id='word_1_898' title='bbox 3141 5625 3329 5681; x_wconf 90' lang='lat' dir='ltr'><strong><em>orbem</em></strong></span> <span class='ocrx_word' id='word_1_899' title='bbox 3369 5625 3470 5681; x_wconf 89' lang='lat' dir='ltr'><strong><em>alis</em></strong></span> <span class='ocrx_word' id='word_1_900' title='bbox 3504 5624 3571 5679; x_wconf 83' lang='lat' dir='ltr'><strong><em>il-</em></strong></span> 
     </span>
    </p>
   </div>
   <div class='ocr_carea' id='block_1_119' title="bbox 2001 5717 3575 5792">
    <p class='ocr_par' dir='ltr' id='par_1_119' title="bbox 2001 5717 3575 5792">
     <span class='ocr_line' id='line_1_119' title="bbox 2001 5717 3575 5792; baseline -0.003 -14"><span class='ocrx_word' id='word_1_901' title='bbox 2001 5725 2109 5786; x_wconf 84' lang='lat' dir='ltr'><strong><em>lius</em></strong></span> <span class='ocrx_word' id='word_1_902' title='bbox 2158 5723 2349 5778; x_wconf 87' lang='lat' dir='ltr'><strong><em>oculos</em></strong></span> <span class='ocrx_word' id='word_1_903' title='bbox 2385 5722 2537 5791; x_wconf 82' lang='lat' dir='ltr'><strong><em>tegit,</em></strong></span> <span class='ocrx_word' id='word_1_904' title='bbox 2564 5721 2656 5792; x_wconf 87' lang='lat' dir='ltr'><strong><em>qui</em></strong></span> <span class='ocrx_word' id='word_1_905' title='bbox 2682 5719 2961 5792; x_wconf 60' lang='lat' dir='ltr'><strong><em>praecipitii</em></strong></span> <span class='ocrx_word' id='word_1_906' title='bbox 2997 5719 3222 5791; x_wconf 81' lang='lat' dir='ltr'><strong><em>ignarus</em></strong></span> <span class='ocrx_word' id='word_1_907' title='bbox 3249 5717 3490 5781; x_wconf 87' lang='lat' dir='ltr'><strong><em>subsilit,</em></strong></span> <span class='ocrx_word' id='word_1_908' title='bbox 3518 5725 3575 5773; x_wconf 83' lang='lat' dir='ltr'><strong><em>et</em></strong></span> 
     </span>
    </p>
   </div>
   <div class='ocr_carea' id='block_1_120' title="bbox 1999 5803 3569 5888">
    <p class='ocr_par' dir='ltr' id='par_1_120' title="bbox 1999 5803 3569 5888">
     <span class='ocr_line' id='line_1_120' title="bbox 1999 5803 3569 5888; baseline -0.006 -17"><span class='ocrx_word' id='word_1_909' title='bbox 1999 5830 2242 5888; x_wconf 80' lang='lat' dir='ltr'><strong><em>praeceps</em></strong></span> <span class='ocrx_word' id='word_1_910' title='bbox 2263 5811 2558 5871; x_wconf 88' lang='lat' dir='ltr'><strong><em>dilaniatus</em></strong></span> <span class='ocrx_word' id='word_1_911' title='bbox 2574 5812 2870 5880; x_wconf 83' lang='lat' dir='ltr'><strong><em>emoritur;</em></strong></span> <span class='ocrx_word' id='word_1_912' title='bbox 2893 5803 3057 5878; x_wconf 60' lang='grc' dir='ltr'>σιὼ.</span> <span class='ocrx_word' id='word_1_913' title='bbox 3079 5826 3154 5880; x_wconf 79' lang='lat' dir='ltr'><strong><em>ix,</em></strong></span> <span class='ocrx_word' id='word_1_914' title='bbox 3173 5811 3339 5883; x_wconf 85' lang='lat' dir='ltr'><strong><em>capit.</em></strong></span> <span class='ocrx_word' id='word_1_915' title='bbox 3354 5809 3459 5878; x_wconf 71' lang='lat'><strong><em>‘10,</em></strong></span> <span class='ocrx_word' id='word_1_916' title='bbox 3476 5808 3569 5874; x_wconf 86' lang='lat' dir='ltr'><strong><em>ait,</em></strong></span> 
     </span>
    </p>
   </div>
  </div>
