4124 6428
542 329 634 381 355

1836 322 2082 380 LEONIS
2117 321 2388 376 ALLATII

3665 316 3770 370 956

537 443 766 512 aquilam
797 458 959 513 quam
992 443 1143 500 lovis
1177 447 1542 516 appellarunt,
1565 459 1758 499 carnes
1801 461 1910 500 non
1941 447 2106 498 attin-
2139 450 2174 504 Α
2209 454 2400 498 auctor
2440 449 2625 496 noster
2675 442 2865 497 scribit
2904 457 3063 496 nemo
3098 456 3208 494 non
3255 440 3418 503 videt,
3457 454 3580 493 cum
3615 437 3766 491 illum

534 549 675 604 gere,
711 535 806 590 sed
829 535 1050 590 herbam
1076 537 1124 590 ei
1165 538 1232 592 ad
1262 540 1468 592 victum
1498 537 1634 592 satis
1664 553 1806 593 esse.

600 624 761 691 Ibid.,
811 626 907 682 lin.
970 629 1060 683 53.
1118 630 1292 683 Ἔστι
1325 629 1394 682 δὲ
1432 626 1576 689 ζῶον
1612 628 1948 700 χαραδριός.
1982 628 2105 684 Περ

535 717 803 774 Eustathii
841 733 968 778 ante
998 724 1190 779 oculos
1240 722 1460 778 videtur
1503 724 1760 779 habuisse
1793 726 1975 778 omnia
2003 724 2104 780 Pe-

532 818 648 864 trus
675 810 993 876 Damianus,
1016 812 1144 866 dum
1176 812 1272 867 lib.
1312 828 1372 878 ιι,
1409 814 1570 883 epist.
1603 814 1692 879 l8,
1719 815 1786 868 de
1815 815 2105 868 cbaradrio

533 903 870 972 loqueretur.
905 902 1083 973 Hujus
1111 904 1462 974 proprietatis
1493 919 1716 959 causam
1741 905 1917 960 reddit
1935 903 2106 960 Theo-

531 995 822 1064 pbylactus
872 995 1185 1052 Simocatus
1240 996 1294 1051 in
1350 997 1552 1062 Qutest.
1600 1007 1738 1062 nat.,
1791 1007 1984 1067 quaest.
2015 999 2100 1062 15,

531 1102 655 1158 pag.
687 1086 776 1142 18.
814 1085 893 1141 lta
924 1096 1150 1144 vocatus
1179 1089 1287 1144 ἀπὸ
1314 1089 1406 1142 τοῦ
1435 1087 1534 1150 τὰς
1572 1088 1847 1159 χαράδρας
1897 1089 2102 1160 διατρί-

531 1176 681 1242 ϐειν,
729 1192 796 1232 ex
841 1175 1147 1233 Scholiaste
1198 1178 1606 1247 Aristophanis,
1666 1187 1722 1233 et
1758 1179 2102 1242 Aristoteles,

533 1267 627 1321 lib.
665 1283 740 1329 lx,
772 1283 894 1337 cap.
927 1267 1014 1331 11,
1049 1267 1160 1331 Τὰς
1186 1267 1242 1321 δὲ
1271 1269 1513 1337 οἰκήσεις
1540 1270 1568 1320 6
1595 1269 1690 1340 μὲν
1717 1269 1844 1339 περὶ
1870 1269 1968 1333 τὰς
2005 1287 2103 1339 χα-

535 1359 754 1431 ράδρας,
787 1361 836 1412 οἱ
881 1359 937 1412 δὲ
969 1361 1250 1430 χηραμοὺς
1287 1359 1581 1432 ποιοῦνται,
1620 1363 1712 1413 καὶ
1741 1361 1964 1432 πέτρας,
1993 1360 2105 1416 οἷον

529 1455 559 1506 6
584 1451 912 1522 καλούμενος
938 1454 1246 1525 χαραδριός.
1279 1453 1435 1508 Hunc
1469 1453 1733 1509 bitumine
1765 1456 1948 1509 necari
1979 1471 2106 1510 nar-

531 1553 618 1598 rat
644 1543 911 1606 }Elianus,
950 1545 1042 1599 lib.
1075 1561 1150 1609 vr,
1190 1545 1265 1599 De
1296 1546 1484 1602 histor.
1517 1547 1763 1610 animal.,
1813 1549 1975 1618 capit.
2009 1548 2100 1604 46.

568 1673 575 1680 -
601 1633 764 1694 lbid..
789 1652 843 1705 p.
875 1637 965 1690 54.
990 1639 1360 1704 Λευκότατος
1390 1638 1464 1691 δι’
1485 1639 1653 1693 ὅλου.
1687 1638 2024 1710 Epiphanius
2050 1642 2103 1696 in

535 1724 854 1796 Physiologo
878 1766 893 1790 ,
928 1743 1048 1798 cap.
1079 1728 1169 1792 25,
1220 1731 1274 1783 Ὀ
1311 1731 1626 1799 φυσιολόγος
1658 1731 1803 1796 ἔλεξε
1834 1734 1961 1805 περὶ
1985 1733 2106 1786 τού-

528 1830 643 1880 του,
694 1816 774 1869 ὅτι
818 1816 936 1870 ὅλον
971 1817 1160 1871 λευκόν
1184 1821 1322 1884 ἐστι,
1353 1821 1487 1891 μηδὲ
1519 1821 1653 1884 ὅλως
1681 1822 1936 1893 μελανίαν
1961 1824 2100 1894 ἕχον.

529 1909 886 1974 Aristoteles,
950 1911 1072 1966 libr.
1139 1928 1188 1967 ιι
1243 1912 1319 1965 De
1359 1914 1546 1967 histor.
1587 1915 1806 1968 animal.
1859 1930 1979 1986 cap.
2015 1917 2102 1980 ll,

531 2013 688 2053 avem
749 2000 889 2054 banc
942 2017 1165 2071 pravam
1206 2009 1262 2056 et
1300 2003 1504 2070 colore,
1551 2015 1605 2058 et
1641 2019 1776 2059 voce
1813 2008 1908 2068 ait,
1939 2015 2102 2061 noctu

530 2105 814 2162 apparere,
863 2093 957 2147 diu
1006 2093 1288 2164 aufugere.
1352 2093 1608 2150 Albertus
1651 2112 1775 2151 cum
1820 2095 2106 2155 Eustathio

531 2184 718 2248 sentit,
761 2192 814 2238 et
855 2185 1033 2239 albam
1068 2200 1191 2240 esse
1230 2192 1400 2239 totam
1433 2193 1685 2242 testatur.

602 2273 716 2328 Ibid
747 2316 762 2342 ,
814 2275 916 2329 lin.
959 2276 1028 2330 59
1059 2294 1072 2331 :
1108 2277 1292 2329 Ὅταν
1341 2275 1452 2346 γάρ
1506 2294 1713 2346 φασιν.
1773 2279 2104 2349 Epiphanius

529 2366 679 2421 dicto
709 2369 859 2422 loco:
894 2369 1004 2422 Καὶ
1041 2370 1133 2425 ἐὰν
1157 2384 1241 2430 τις
1267 2370 1466 2438 νοσῇ,ή
1499 2367 1650 2432 νόσος
1668 2369 1761 2423 τοῦ
1795 2370 2101 2442 ἀνθρώπου,

528 2460 578 2510 εἰ
609 2458 754 2512 ἔστιν
780 2461 859 2522 εἰς
889 2459 1134 2522 θάνατον,
1169 2458 1499 2529 ἀποστρέφει
1548 2460 1656 2512 ἀπὸ
1697 2461 1791 2514 τοῦ
1823 2463 2104 2526 νοσοῦντος

529 2550 592 2602 τὸ
624 2549 910 2619 πρόσωπον
935 2549 1096 2602 αὑτοῦ
1128 2551 1156 2602 6
1190 2549 1498 2620 χαραδριὸς,
1523 2550 1616 2604 ἐὰν
1649 2551 1756 2622 δὲή
1786 2552 1937 2616 νόσος
1969 2555 2103 2625 πρὸς

532 2638 678 2710 ζωήν
706 2642 872 2702 ἐστιν,
901 2640 1138 2704 ἁτενίζει
1161 2642 1252 2695 τὸν
1278 2641 1534 2695 νοσοῦντα
1558 2645 1586 2694 6
1615 2644 1924 2715 χαραδριὸς,
1950 2647 2043 2698 καὶ
2075 2648 2103 2698 6

530 2731 701 2784 νοσῶν
749 2732 840 2785 τὸν
888 2732 1069 2786 αὐτόν.
1116 2732 1234 2787 Non
1294 2734 1580 2790 dissimilia
1629 2735 1796 2789 refert
1825 2737 2100 2796 Albertus.

535 2833 726 2879 auctor
773 2840 1078 2896 anonymus
1121 2825 1325 2881 Psalm.
1350 2840 1626 2885 comment.
1657 2830 1850 2900 psalm.
1884 2845 2100 2896 Lxxxtv,

535 2932 716 2980 versu,
748 2915 882 2970 Deus
905 2926 962 2970 tu
982 2934 1256 2972 conversus
1282 2920 1566 2989 viviﬁcabis
1588 2938 1702 2985 nos,
1719 2933 1768 2976 et
1794 2922 1884 2974 alii
1915 2936 2099 2975 recen-

531 3009 721 3064 tiores.
777 3008 946 3080 Magis
995 3025 1285 3066 commune
1333 3019 1513 3067 tamen
1552 3021 1636 3068 est
1685 3013 1952 3068 cbaradrii
1985 3027 2103 3082 pro-

2206 552 2452 606 parvum,
2471 536 2606 588 haedi
2640 536 3022 605 magnitudine.
3039 536 3232 588 eximia
3256 534 3573 604 pernicitate
3596 540 3650 586 et
3674 545 3770 584 ve-

2205 628 2498 694 hementia,
2528 642 2700 682 cornu
2740 627 2793 680 in
2826 627 3138 682 summitate
3184 625 3378 694 capitis
3407 625 3591 690 unico,
3624 621 3770 677 dicat

2203 736 2343 775 CSSP.

2273 811 2432 874 Ibid.,
2455 810 2551 863 lin.
2587 809 2674 864 46.
2711 811 3066 879 Δριμύτατον
3087 807 3338 878 σφόδρα.
3362 805 3513 860 Phile
3539 805 3593 858 in
3625 802 3770 856 Iam-

2203 903 2316 965 bis,
2361 902 2428 956 ad
2483 917 2716 971 pugnam
2773 901 3277 971 promptitudinem,
3339 914 3402 953 ex
3456 897 3770 950 vulneribus

2202 997 2324 1050 aliis
2352 995 2721 1048 animantibus
2754 994 3016 1063 pericula,
3043 1007 3213 1045 cornu
3263 991 3423 1059 quale
3463 989 3554 1048 sit,
3593 987 3768 1056 ipsum

2202 1088 2422 1150 animal,
2455 1086 2726 1156 quomodo
2777 1092 3125 1138 mansuescat
3176 1083 3362 1136 multis
3400 1078 3766 1149 prosequitur.

2201 1178 2370 1248 Negat
2404 1189 2582 1233 tamen
2614 1177 3016 1232 Vartomaunus
3050 1180 3281 1230 ferocem
3312 1189 3456 1228 esse.

2277 1269 2434 1335 Ibid.,
2459 1272 2554 1325 lin.
2578 1270 2666 1325 51.
2700 1271 2870 1323 Ἔστι
2894 1267 2961 1320 δὲ
2984 1265 3126 1328 ζῶον
3162 1266 3552 1333 καλούμενον.
3579 1259 3772 1315 Petrus

2204 1361 2497 1416 Damianus
2533 1362 2654 1415 libr.
2699 1377 2758 1422 ll,
2789 1361 2949 1428 epist.
2971 1375 3102 1412 xvm
3137 1357 3203 1411 ad
3233 1356 3573 1412 Desideriutn
3603 1353 3768 1406 abba-

2205 1459 2333 1514 tem,
2372 1450 2562 1505 Castor
2606 1451 2781 1519 itaque
2822 1466 2939 1502 cum
2971 1466 3023 1502 se
3055 1449 3186 1502 videt
3231 1465 3261 1500 a
3301 1455 3540 1500 venatore
3565 1453 3774 1512 propter

2203 1543 2455 1613 genitalia
2490 1545 2748 1613 persequi,
2783 1541 2892 1595 ha'c
2933 1543 3198 1595 mordicus
3248 1539 3530 1596 abscindit.
3561 1547 3608 1592 et
3654 1545 3776 1588 ante

2204 1637 2466 1689 venatoris
2517 1635 2704 1696 faciem
2758 1634 2989 1702 projicit.
3028 1633 3118 1688 Sic
3147 1633 3287 1686 illico
3316 1643 3528 1686 venator
3554 1628 3772 1690 accedit,

2205 1726 2329 1778 dum
2360 1725 2413 1778 id
2445 1735 2656 1794 propter
2677 1724 2812 1794 quod
2843 1727 2959 1777 eum
2992 1721 3392 1792 persequebatur
3422 1720 3662 1774 extorsit.
3713 1718 3774 1772 Si

2206 1834 2323 1870 vero
2376 1817 2673 1885 contigerit,
2715 1827 2769 1868 ut
2822 1815 2958 1868 alter
3002 1832 3117 1869 eum
3162 1831 3346 1867 cursus
3396 1822 3606 1867 venator
3642 1811 3776 1864 inve-

2205 1908 2338 1967 niat,
2381 1923 2596 1975 eumque
2645 1907 2821 1960 acrius
2871 1917 2920 1958 et
2953 1907 3238 1959 instantius
3277 1919 3606 1973 persequens,
3650 1917 3773 1954 eva—

2204 1995 2361 2048 dendi
2404 1996 2609 2050 aditum
2638 1995 2868 2064 jamjam
2903 1994 3177 2062 desperare
3227 1994 3522 2062 compellat,
3548 1993 3601 2046 in
3630 2001 3775 2046 arcto

2203 2090 2337 2144 situs
2379 2091 2433 2142 in
2473 2106 2529 2142 os
2563 2106 2616 2143 se
2645 2089 2906 2143 venatoris
2940 2090 3092 2159 erigit
3144 2088 3341 2157 sibique
3371 2087 3545 2140 deesse
3579 2085 3773 2146 virilia,

2202 2193 2411 2251 propter
2437 2199 2552 2251 qua:
2607 2194 2934 2252 perurgetur,
2983 2181 3228 2234 ostendit.
3271 2180 3361 2234 Sic
3414 2178 3477 2231 ab
3509 2179 3773 2230 insectan-

2207 2283 2272 2326 tts
2304 2275 2555 2327 venabulo
2602 2273 2855 2327 libera:ur
2880 2273 3004 2324 dum
3044 2270 3267 2325 ostendit
3290 2269 3388 2324 sibi
3435 2268 3608 2322 deesse
3639 2267 3776 2338 quod

2203 2368 2475 2434 quwritur.
2536 2363 2769 2427 Plinius,
2831 2365 2923 2418 lib.
2961 2379 3078 2426 vri,
3131 2379 3249 2432 cap.
3284 2363 3374 2424 ὅτ),
3413 2360 3628 2413 Animal
3661 2360 3780 2412 hor-

2204 2457 2352 2512 rendi
2384 2477 2610 2521 morsus,
2656 2459 2868 2513 arbores
2892 2457 3061 2528 juxta
3088 2457 3391 2527 [luminum
3417 2455 3569 2526 femi
3600 2454 3774 2510 cadit.

2209 2551 2450 2606 Hominis
2503 2563 2653 2620 parte
2707 2553 3074 2620 comprehensa
3132 2569 3234 2605 non
3282 2562 3562 2620 antequam
3603 2551 3776 2618 fracta

2203 2650 2598 2711 concrepuerint
2630 2662 2773 2707 ossa,
2812 2662 3016 2699 morsus
3069 2645 3295 2698 resolvit.
3326 2643 3500 2714 Hujus
3548 2645 3599 2696 in
3647 2659 3774 2712 pro-

2205 2727 2512 2793 sternendis
2542 2740 2826 2792 arboribus
2853 2738 3126 2792 solertiam
3162 2746 3216 2790 et
3260 2752 3484 2806 scopum
3531 2736 3599 2790 ab
3643 2751 3774 2788 ocu-

2206 2830 2315 2883 lato
2349 2837 2486 2884 teste
2511 2830 2614 2884 sibi
2658 2829 2886 2883 relatum
2923 2828 3088 2881 tradit
3117 2827 3401 2882 Conradus
3426 2827 3776 2881 Rittlu-rsbu-

2205 2923 2341 2982 sius,
2389 2920 2690 2975 Comment.
2721 2923 2771 2974 in
2804 2922 2898 2975 lib.
2943 2937 2956 2974 I
2998 2922 3249 2975 Ἀλιευτ.
3281 2919 3530 2990 Oppiani.
3575 2917 3770 2970 Mirum

2202 3013 2490 3080 prwdicant
2520 3029 2630 3066 esse
2663 3013 2818 3079 hujus
2852 3013 3084 3066 bestiola:
3109 3012 3405 3072 solertiam,
3437 3027 3539 3080 qua
3572 3011 3624 3062 in
3657 3024 3774 3078 pro-

533 3107 775 3168 spectum
807 3101 956 3170 regio
987 3099 1178 3156 morbo
1223 3102 1599 3157 laborantibus
1637 3103 2102 3173 prodesseJElia-
2129 3132 2172 3189 ρ
2205 3104 2494 3158 sternendis
2541 3104 2818 3158 arboribus
2872 3115 3088 3160 utatur..-
3117 3105 3332 3171 Quoties
3377 3101 3617 3157 dentibus
3662 3101 3776 3155 suis

535 3207 638 3246 nus
677 3192 770 3246 lib.
795 3207 930 3254 xvn,
967 3207 1088 3261 cap.
1122 3193 1189 3244 15
1215 3210 1228 3247 :
1258 3192 1566 3266 Χαραδριοῦ
1605 3192 1660 3245 δὲ
1697 3189 1763 3264 ἦν
1796 3194 1903 3264 ἄρα
1933 3193 2103 3265 δῶρον

529 3280 704 3346 τοῦτο,
755 3283 814 3336 ὃν
845 3283 904 3336 οὐ
944 3283 1019 3352 μὰ
1053 3283 1150 3336 Διὰ
1181 3283 1465 3353 ἀτιμάζειν
1493 3284 1656 3351 ἄξιον.
1691 3286 1792 3338 ’Ἦν
1825 3286 1974 3354 γοῦν,
2003 3288 2106 3340 ὑπ-

529 3372 890 3444 αναπλησθεὶς
912 3375 972 3427 τὸ
1008 3374 1166 3444 σῶμα
1192 3375 1401 3446 ἰκτέρου
1429 3393 1532 3440 τις,
1563 3374 1680 3430 εἶτά
1710 3379 1758 3430 οἱ
1799 3379 1961 3449 δριμὺ
1995 3381 2105 3434 ὲνο-

531 3464 667 3538 ρὼῃ,
694 3467 722 3518 6
749 3465 804 3520 δὲ
837 3465 1152 3539 ἀντιϐλὲπῃ,
1187 3466 1279 3520 καὶ
1310 3468 1452 3537 μάλα
1478 3486 1536 3520 τε
1568 3469 1878 3541 ἀτρέπτωρ,
1914 3469 2102 3541 ὥσπερ

527 3552 620 3610 οὖν
659 3556 1142 3628 ἁντιθυμούμενος,
1170 3561 1202 3628 ἡ
1234 3557 1452 3629 τοιαύτη
1485 3559 1777 3629 ἀνάϐλεψις
1816 3561 1958 3614 ἰᾶται
2005 3560 2099 3614 τοῦ

531 3647 926 3719 προειρημένου
956 3647 1158 3706 πάθους
1185 3649 1276 3700 τὸν
1302 3648 1604 3722 ἄνθρωπον.

603 3735 764 3803 lbid.,
795 3738 892 3792 lin.
916 3739 1006 3792 45.
1051 3741 1107 3791 '0
1123 3737 1191 3790 δὲ
1210 3744 1549 3809 pcrditepr
1577 3741 1740 3802 ζῶον.
1767 3742 1962 3800 Petrus
1996 3743 2101 3799 Da-

532 3833 770 3897 mianus,
796 3833 888 3887 lib.
916 3850 981 3897 ιι,
1010 3850 1096 3905 ep.
1129 3836 1226 3890 l8:
1255 3836 1385 3902 Quis
1409 3835 1544 3891 hanc
1573 3837 1948 3908 ingenuitatem
1978 3841 2100 3893 uni-

532 3928 681 3978 corni
712 3926 953 3990 contulit,
991 3936 1048 3980 ut
1081 3926 1388 3998 dedignetur
1436 3928 1635 3982 viribus
1686 3930 1845 3994 vinci,
1877 3930 2097 3984 humili-

534 4017 660 4070 tatis
685 4025 798 4071 arte
830 4017 1066 4085 patiatur
1099 4034 1152 4072 se
1186 4019 1345 4088 facile
1376 4021 1660 4088 superari?
1696 4037 1964 4091 nunquam
1997 4025 2099 4078 scio

533 4107 652 4162 licet
711 4125 743 4163 a
775 4109 1106 4164 venatoribus
1157 4112 1386 4179 capitur,
1422 4113 1526 4166 nisi
1578 4114 1726 4181 prius
1783 4114 1834 4167 in
1882 4115 2096 4184 virginis

529 4202 723 4271 gremio
753 4203 1053 4258 reclinetur.
1077 4202 1362 4259 Cardanus
1387 4216 1734 4260 monoeerota
1760 4221 1884 4261 cum
1913 4209 2098 4262 rhino-

530 4303 710 4349 cerote
750 4293 1067 4350 coniudisse
1112 4297 1530 4367 reprehenditur
1557 4313 1588 4353 a
1623 4297 1769 4353 Julio
1795 4297 2090 4371 Scaligero,

531 4400 715 4441 exere.
751 4385 875 4441 205.
908 4386 1012 4442 Alii
1047 4403 1264 4459 orygem
1297 4396 1459 4459 atque
1509 4400 1909 4447 monocerotem
1950 4409 2097 4448 eum-

2210 3194 2369 3246 ictum
2404 3195 2599 3263 inﬂixit
2653 3195 2848 3253 arbori.
2883 3197 3034 3249 toties
3077 3195 3139 3247 ab
3170 3193 3348 3248 eadem
3380 3195 3664 3262 procurrit,
3698 3194 3775 3248 vi-

2209 3299 2325 3335 sum
2354 3299 2420 3336 an
2455 3293 2618 3348 nutet,
2671 3301 2740 3336 an
2790 3285 3002 3337 ruinam
3047 3285 3294 3345 minetur,
3342 3301 3403 3337 ne
3434 3284 3567 3348 [orte
3603 3282 3666 3336 ab
3709 3299 3774 3336 ea

2208 3376 2567 3441 opprimatur;
2589 3374 2674 3427 ubi
2697 3375 2828 3428 nihil
2855 3374 3075 3444 periculi
3091 3392 3203 3428 esse
3226 3375 3380 3433 videt.
3403 3376 3589 3428 arbore
3605 3373 3780 3427 adhuc

2208 3465 2365 3530 ﬁrma
2405 3465 2618 3534 plagam
2664 3466 2863 3532 repetit,
2912 3465 3038 3517 dum
3093 3482 3154 3518 ea
3201 3465 3409 3519 tandem
3443 3465 3771 3531 prolabatur.

2207 3551 2316 3608 Cur
2353 3567 2524 3608 autem
2558 3555 2767 3609 arbores
2798 3557 2954 3610 ewdit
2984 3573 3045 3610 ac
3071 3559 3319 3626 proruit?
3357 3559 3604 3610 nimirum
3635 3557 3772 3616 ideo,

2206 3661 2263 3701 ut
2295 3650 2347 3702 in
2383 3666 2548 3718 aquas
2606 3649 2886 3717 prolapsaz,
2930 3649 3075 3717 foliis
3109 3660 3156 3703 et
3195 3650 3358 3702 ramis
3382 3649 3506 3703 limo
3538 3649 3773 3702 obductis

2205 3741 2370 3809 pisces
2415 3741 2677 3804 alliciant,
2731 3758 2859 3810 quos
2903 3743 3078 3810 capiat
3111 3757 3171 3794 ac
3214 3739 3421 3794 devoret
3466 3740 3612 3809 ﬁber.
3650 3739 3777 3794 lla'c

2207 3835 2406 3886 amicus
2435 3832 2649 3902 quidam
2672 3843 2942 3901 paternus,
2976 3834 3066 3904 qui
3097 3833 3209 3897 eius
3240 3835 3312 3886 rei
3340 3835 3611 3902 αὐτόπτης
3650 3832 3772 3901 fuit,

2206 3924 2493 3995 aliquando
2543 3924 2670 3977 mihi
2727 3924 2928 3978 retulit.
2989 3923 3328 3979 Mansuetum
3387 3941 3509 3978 esse
3558 3934 3772 3979 castora

2204 4027 2395 4071 contra
2457 4017 2766 4072 Cardanum
2841 4027 3001 4086 negat
3069 4015 3330 4088 Scaliger,
3397 4033 3578 4072 exere.
3641 4017 3768 4080 ΞΗ,

2205 4125 2353 4162 ιιιιιιι.
2388 4108 2440 4163 6.
2531 4167 2534 4169 λ

2275 4200 2433 4262 lbid.,
2464 4201 2559 4255 lin.
2589 4200 2677 4255 5‘2.
2723 4201 3074 4269 Χρησιμεύει
3113 4201 3181 4254 δὲ
3217 4202 3289 4254 τὰ
3318 4200 3529 4254 αἰδοῖα.
3568 4198 3766 4252 Eorum

2204 4294 2257 4346 in
2291 4292 2571 4347 medicinis
2598 4307 2754 4346 usum
2789 4291 2957 4345 habes
2986 4293 3128 4362 apud
3159 4291 3413 4356 Plinium,
3461 4291 3556 4347 lib.
3593 4306 3768 4354 xxx",

2202 4383 2366 4452 capit.
2402 4383 2455 4447 5,
2487 4391 2540 4436 et
2570 4383 2707 4436 alios
2736 4381 2998 4436 medicos.

529 4475 652 4529 dem
689 4489 810 4530 esse
841 4477 1085 4531 arbitrati
1126 4486 1272 4532 sunt.
1301 4477 1473 4548 Hujus
1509 4481 1849 4536 confusionis
1878 4481 1967 4534 illa
2002 4481 2100 4536 fuit

2273 4473 2435 4536 lbid.,
2486 4475 2584 4528 lin.
2633 4474 2721 4528 55.
2769 4475 3135 4541 Διωκόμενον
3178 4470 3307 4528 οὖν.
3347 4471 3401 4527 Si
3450 4471 3666 4544 quando
3713 4471 3769 4524 in

529 4567 703 4636 origo,
729 4567 873 4635 quod
906 4567 1163 4636 pleraque
1193 4567 1448 4621 animalia
1490 4569 1650 4623 unico
1684 4577 1894 4623 tantum
1927 4586 2100 4626 cornu

531 4656 939 4721 decorarentur,
983 4666 1144 4727 atque
1202 4667 1570 4713 armarentur.
1618 4657 1799 4724 Quare
1849 4663 2098 4716 nonnulli

531 4759 733 4818 septem
776 4750 1091 4805 animalium
1133 4765 1329 4821 genera
1360 4750 1523 4804 unico
1553 4766 1723 4804 cornu
1769 4752 2101 4807 adnotarunt

532 4841 586 4894 in
619 4839 815 4894 Plinio.
838 4839 1080 4909 Scaliger
1109 4840 1228 4894 loco
1259 4840 1315 4894 d.
1341 4857 1406 4896 ex
1431 4841 1678 4910 corporis
1709 4842 1881 4897 forma
1916 4844 2098 4901 diver-

532 4934 811 4989 sissimum
839 4948 962 4988 esse
983 4931 1323 4986 rhinocerota
1341 4949 1368 4986 a
1384 4944 1728 4989 monocerote
1743 4934 2095 4993 demonstrat.

530 5025 738 5078 Plinius
769 5025 866 5085 ita,
895 5023 1174 5094 graphice,
1200 5024 1428 5088 lib.vm,
1456 5039 1577 5094 cap.
1608 5025 1672 5079 21
1701 5045 1712 5078 :
1736 5027 2098 5095 Asperrimam

531 5125 702 5170 autem
743 5115 911 5184 feram
935 5125 1315 5169 monocerotem
1343 5117 1541 5186 reliquo
1562 5133 1775 5185 corpore
1807 5135 1934 5188 equo
1959 5121 2100 5173 simi-

530 5209 651 5272 lem,
700 5210 868 5276 capite
922 5224 1090 5270 cervo,
1132 5209 1346 5277 pedibus
1370 5209 1666 5278 elephanto,
1719 5211 1891 5264 cauda
1941 5227 2090 5279 apro,

529 5303 727 5371 mugitu
775 5303 941 5372 gravi,
967 5319 1071 5356 uno
1110 5319 1273 5356 cornu
1314 5305 1464 5374 nigro
1494 5302 1665 5356 media
1697 5303 1867 5372 fronte
1894 5303 2098 5356 cubito-

529 5408 643 5444 rum
679 5391 852 5445 decem
876 5393 1150 5448 eminente.
1177 5391 1224 5446 Η
1233 5410 1330 5446 anc
1361 5395 1528 5463 feram
1551 5385 1716 5447 vivam
1749 5403 1935 5462 negant
1957 5395 2093 5463 capi.

529 5482 658 5537 Item
684 5482 923 5547 Solinus,
954 5497 1074 5554 cap.
1105 5485 1212 5550 55;
1246 5483 1648 5539 Vartomannus
1679 5501 1744 5540 ex
1778 5484 2091 5555 Scaligero:

536 5575 882 5631 Unicornibus
940 5578 1057 5646 equi
1107 5576 1434 5646 magnitudo,
1489 5592 1667 5640 crura,
1713 5577 1886 5645 pedes,
1937 5585 2096 5645 caput

531 5666 794 5734 cervi,pili
823 5667 966 5722 color
995 5667 1186 5732 balius,
1212 5668 1329 5738 equi
1348 5667 1484 5736 juba
1506 5669 1701 5731 rarior,
1735 5667 1934 5722 brevior
1952 5683 2096 5722 com

532 5757 760 5826 villosae,
795 5766 903 5818 etc.
934 5759 1104 5827 Quem
1154 5760 1387 5817 maxime
1427 5759 1644 5818 dill‘erre
1689 5761 1756 5816 ab
1786 5760 1888 5816 hoc
1931 5775 2094 5834 quem

2205 4566 2446 4635 periculo
2476 4573 2624 4628 sunt,
2675 4565 3092 4633 insequentibus
3130 4567 3357 4620 canibus
3402 4572 3455 4619 et
3493 4561 3768 4618 venatori-

2201 4660 2322 4721 bus,
2358 4674 2650 4728 praemorsa
2685 4658 2785 4712 sibi
2817 4673 2914 4712 sua
2947 4659 3200 4728 genitalia
3229 4659 3668 4728 abjicere,atque
3695 4656 3768 4709 ita

2200 4750 2449 4814 evadere,
2482 4765 2511 4803 a
2559 4750 2805 4820 pluribus
2855 4750 3216 4819 scriptoribus
3268 4751 3543 4805 memoria:
3586 4749 3770 4818 prodi-

2201 4850 2314 4895 tum
2345 4848 2449 4904 est,
2489 4856 2655 4910 seque
2693 4855 2756 4895 ea
2789 4849 2941 4912 parte
2970 4844 3216 4912 corporis
3252 4842 3516 4895 redimere
3547 4851 3769 4909 propter

2200 4947 2362 5001 quam
2411 4933 2648 4987 maxime
2677 4941 3027 5002 expetuntur.
3065 4931 3245 4988 Horus
3278 4933 3368 4987 lib.
3409 4949 3469 4998 ll,
3503 4946 3622 4998 cap.
3655 4928 3763 4984 65:

2211 5025 2448 5085 Ἐκεῖνος
2500 5021 2608 5093 γὰρ
2654 5023 3122 5093 καταδιωκόμενος
3165 5025 3243 5087 εις
3298 5022 3395 5090 τὴν
3437 5021 3610 5089 ἄγραν
3642 5022 3767 5084 τοὺς

2201 5116 2360 5179 ἰδίους
2407 5113 2658 5185 διδύμους
2705 5114 2966 5167 ἀποσπῶν
3015 5115 3212 5184 ῥίπτει.
3259 5113 3467 5166 Plinius
3509 5112 3599 5165 lib.
3642 5127 3765 5175 vm,

2197 5223 2320 5275 cap.
2362 5207 2431 5261 50
2463 5224 2474 5258 :
2512 5205 2737 5259 Easdem
2771 5217 2946 5276 partes
2985 5207 3086 5260 sibi
3124 5207 3224 5274 ipsi
3255 5205 3462 5258 Pontici
3493 5215 3766 5272 amputant

2198 5300 2317 5369 ﬁbri
2343 5299 2572 5368 periculo
2596 5309 2828 5370 urgente,
2874 5299 2936 5353 ob
2964 5298 3061 5354 hoc
3101 5315 3156 5352 se
3183 5299 3286 5367 peti
3314 5299 3487 5367 gnari.
3530 5295 3766 5353 Juvenao

2196 5392 2284 5455 lis,
2319 5391 2433 5446 Sat.
2466 5391 2551 5457 12,

2751 5501 3000 5556 Imitatus
3031 5511 3262 5570 castora,
3293 5502 3381 5570 qui
3408 5519 3463 5556 se

2197 5573 2506 5628 Eunuchum
2544 5575 2652 5643 ipse
2681 5575 2807 5642 facit
2836 5575 3044 5639 cupiens
3070 5575 3283 5626 evadere
3302 5574 3516 5637 damno,

2201 5645 2584 5699 Testiculorum
2614 5646 2744 5698 adeo
2774 5644 3082 5698 meditatum
3116 5643 3357 5714 intelligit
3396 5646 3622 5713 inguem.

2197 5759 2520 5816 Ammianus
2545 5759 2895 5816 Marcellinus
2922 5758 3017 5815 lib.
3047 5774 3158 5815 xvu
3186 5778 3202 5829 ;
3249 5759 3498 5816 [Elianus
3529 5759 3603 5816 De
3634 5757 3759 5818 hist.
