4124 6410
346 361 453 418 957

1358 353 1425 410 IN
1460 349 1831 410 EUSTATHII
1870 348 2346 410 HEXAEHEIION
2383 355 2614 412 ΝΟΤᾸΞ.

3478 355 3582 410 958

346 480 511 531 anim.
553 471 647 530 lib.
671 491 744 538 VI,
780 487 900 543 cap.
925 473 1026 538 34;
1061 470 1304 534 Solinus,
1331 471 1496 541 capit.
1523 469 1614 532 ΞΖ),
1640 469 1733 539 qui
1763 467 1907 522 idem
1937 470 1982 526 Α
2011 465 2106 520 lib.
2147 484 2276 532 vm,
2302 485 2422 542 cap.
2463 473 2532 527 30
2557 493 2569 528 :
2598 474 2782 542 Africa
2805 479 3074 532 asinorum
3113 475 3427 530 silvestrium
3450 471 3583 526 mul-

346 568 510 634 capit.
562 565 633 620 28
685 565 754 620 de
807 563 1111 633 elephantis
1165 559 1395 627 scribit;
1454 561 1732 622 Alciatus,
1797 573 1912 614 em-

349 659 510 712 hlem.
544 657 680 712 152:

350 748 420 803 Et
451 749 663 814 pedibus
695 748 888 817 segnis.
916 747 1116 800 tumida
1143 756 1190 800 et
1239 744 1594 814 propendulus
1623 743 1739 798 alvo

421 822 546 872 Ha’c
574 827 743 871 tamen
773 817 995 872 insidias
1024 818 1204 886 effugit
1237 828 1350 869 arte
1381 817 1526 884 fiber.

351 887 623 947 Hordicus
655 891 761 956 ipse
790 887 890 941 sibi
932 885 1193 940 medicata
1225 887 1400 940 virilia
1433 885 1596 949 vellit,

426 960 589 1028 Atque
621 958 824 1026 abjicit,
847 974 964 1028 sese
990 975 1186 1027 gnarus
1217 957 1278 1009 ob
1310 955 1404 1008 illa
1443 957 1564 1028 peti.

353 1024 528 1093 Hujus
561 1027 625 1080 ab
651 1024 884 1095 exemplo
913 1024 1081 1081 disces
1120 1044 1222 1080 non
1251 1041 1460 1093 parcere
1491 1024 1665 1084 rebus.

421 1097 491 1152 Et
522 1099 683 1151 vitam
713 1109 769 1150 ut
800 1099 1049 1161 redimas,
1089 1098 1324 1151 hostibus
1358 1112 1466 1150 wra
1500 1096 1647 1148 dare.

350 1205 416 1261 Et
448 1208 632 1278 plures
655 1208 765 1262 alii.
794 1207 930 1262 Hinc
955 1215 1008 1262 et
1034 1207 1212 1261 fabula
1239 1205 1518 1275 .lEsopica,
1551 1212 1604 1259 et
1631 1202 1911 1273 Apuleius,

351 1300 446 1354 lib.
488 1315 504 1353 ι
553 1299 734 1363 Asini,
786 1299 1102 1354 Thessalam
1148 1298 1441 1353 veneficam
1475 1296 1666 1352 scribit
1707 1301 1916 1348 amato-

349 1405 464 1446 rem
495 1406 674 1456 suum,
710 1390 964 1462 quoniam
993 1391 1216 1444 alterius
1257 1389 1498 1444 mulieris
1527 1387 1916 1442 consuetudine

350 1497 485 1538 usus
517 1483 746 1547 fuisset,
790 1482 846 1536 in
895 1490 1164 1536 castorem
1215 1488 1568 1545 mutasse,.ut
1615 1485 1916 1548 amputaret

351 1573 454 1627 sibi
489 1573 764 1643 genitalia,
802 1572 847 1627 si
888 1571 1108 1641 quando
1138 1578 1427 1625 venatores
1473 1570 1911 1638 insequerentur.

347 1662 532 1732 Longe
560 1672 741 1718 tamen
773 1663 877 1718 alia
904 1676 987 1718 est
1013 1663 1284 1717 sententia
1331 1661 1500 1716 Sextii
1547 1659 1738 1715 medici
1772 1658 1914 1729 apud

348 1754 606 1819 Plinium,
642 1756 732 1810 lib.
778 1772 935 1819 χχιιι,
966 1770 1086 1824 cap.
1125 1755 1196 1810 ὃς
1234 1753 1548 1818 Spectabilis
1591 1765 1794 1807 natura:
1821 1768 1914 1821 po-

348 1847 510 1900 tentia
540 1850 592 1900 in
624 1847 704 1900 his
736 1864 956 1917 quoque,
989 1847 1176 1916 quibus
1204 1855 1253 1900 et
1292 1847 1347 1899 in
1391 1847 1565 1907 terris,
1607 1853 1654 1898 et
1693 1845 1745 1897 in
1777 1859 1913 1913 aqua

345 1940 512 1992 uictus
550 1948 649 2001 est,
695 1940 832 1993 sicut
868 1947 917 1992 et
965 1939 1134 2008 ﬁbris,
1172 1954 1297 2008 quos
1333 1947 1570 1990 castoras
1618 1943 1822 1998 vocant,
1865 1942 1914 1988 et

345 2041 587 2085 castorea
619 2041 771 2084 testes
814 2047 1015 2085 eorum.
1043 2029 1325 2098 Amputari
1368 2027 1460 2081 has
1507 2027 1571 2080 ab
1617 2027 1765 2095 ipsis,
1795 2042 1913 2078 cum

344 2124 645 2190 capiantur,
677 2132 830 2193 negat
880 2121 1089 2177 Sextius
1138 2121 1576 2191 diligentissimus
1621 2119 1911 2172 medicinis.

346 2213 593 2279 Quinimo
629 2230 816 2281 parvos
845 2229 976 2276 esse,
1025 2212 1455 2280 substrictosque,
1495 2223 1544 2264 et
1578 2210 1909 2264 adhaerentes

345 2303 528 2371 spinae,
554 2320 712 2373 neque
733 2305 895 2359 adimi
923 2304 1036 2356 sine
1067 2304 1174 2357 vita
1207 2303 1455 2357 animalis
1481 2318 1651 2370 posse.
1689 2300 1914 2370 Negavit

345 2394 488 2449 idem
538 2395 903 2459 Dioscorides,
950 2395 1042 2450 lib.
1093 2411 1151 2460 ιι,
1187 2410 1308 2464 cap.
1352 2394 1444 2458 ‘29,
1494 2402 1546 2448 et
1587 2392 1913 2448 Franciscus

346 2479 636 2545 Vallesius,
668 2483 743 2540 De
771 2501 926 2538 sacra
961 2485 1254 2554 philosoph.
1283 2499 1402 2554 cap.
1438 2486 1490 2538 5.

417 2579 575 2645 lbid.,
609 2580 702 2634 lin.
737 2581 825 2635 55.
860 2579 1320 2634 Ἐπιδιωκόντων
1363 2579 1431 2632 δὲ
1472 2579 1695 2634 ἄλλων.
1736 2578 1908 2633 Elia-

345 2685 448 2726 nus
477 2669 554 2724 De
579 2670 700 2726 hist.
733 2672 896 2726 anim.
929 2671 1054 2726 libr.
1079 2689 1155 2736 vi,
1189 2686 1309 2741 cap.
1338 2672 1442 2726 διε
1471 2670 1598 2728 Ἐὰν
1630 2670 1686 2723 δὲ
1791 2670 1915 2741 πρόο

342 2779 499 2832 τερον
533 2762 776 2832 ἐκτεμὼν
826 2763 920 2815 καὶ
957 2762 1169 2827 σωθεὶς,
1206 2758 1324 2815 εἶτα
1354 2761 1512 2815 πάλιν
1552 2761 1808 2832 διώκηται
1831 2777 1846 2793 ’
1885 2761 1914 2815 ὁ

343 2855 400 2909 δὲ
443 2853 749 2924 ἀναστήσας
784 2854 995 2916 ἑαυτὸν,
1040 2853 1133 2909 καὶ
1166 2853 1454 2920 ἐπιδείξας,
1487 2854 1568 2906 ὅτι
1604 2854 1702 2924 τῆς
1736 2854 1914 2907 αὐτῶν

346 2945 581 3016 σπουδῆς
603 2945 703 2998 οὐκ
727 2945 839 3016 ἔχει
861 2946 958 3017 τὴν
987 2944 1246 2998 ὑπόθεσιν
1274 2944 1368 2998 τοῦ
1403 2945 1708 3016 περαιτέρω
1736 2946 1915 3016 καμάο

343 3050 459 3100 του,
497 3035 770 3108 παρέλυσε
818 3039 944 3101 τοὺς
991 3036 1264 3109 θηρατάς·
1313 3031 1474 3106 ἦττον
1523 3035 1632 3106 γὰρ
1682 3035 1760 3089 ἔτι
1805 3037 1914 3092 τῶν

345 3129 522 3200 κρεῶν
552 3131 778 3194 ἐκείνοις
815 3129 1032 3202 φροντίς
1070 3132 1206 3181 ἐστι.
1249 3128 1516 3190 Πολλάκις
1551 3128 1608 3180 δὲ
1648 3129 1741 3181 καὶ
1766 3128 1911 3200 ἔνορ-

344 3239 428 3294 χοι
458 3222 628 3286 ὄντες,
655 3222 730 3285 ὡς
768 3220 1103 3292 πορρωτάτω
1135 3219 1360 3280 ἑαυτοὺς
1391 3218 1806 3282 ἀποσπάσαντες
1834 3218 1913 3289 τῷ

343 3313 546 3384 δρόμῳ,
582 3310 698 3366 εἶτα
727 3312 1141 3374 ὑποστείλαντες
1167 3310 1230 3363 τὸ
1261 3309 1689 3379 σπουδαζόμενον
1723 3311 1910 3382 μέρος,

344 3409 488 3458 πάνυ
533 3405 711 3472 σοφῶς
759 3405 853 3456 uati.
919 3401 1243 3473 πανούργως
1283 3400 1653 3472 ἐξηπάτησαν,
1702 3403 1776 3465 ὡς
1815 3402 1915 3456 οὐκ

343 3496 559 3564 ἔχοντες
583 3495 616 3549 ἃ
643 3495 945 3565 κρύψαντες
971 3493 1202 3563 ἔχουσιν.
1235 3492 1334 3548 Hic
1363 3493 1539 3547 obiter
1575 3493 1914 3548 animadver-

345 3587 568 3642 tendum
614 3603 642 3640 a
674 3587 952 3658 Scaligero
976 3585 1285 3640 Cardanum
1314 3584 1638 3655 reprehendi
1667 3584 1810 3654 quod
1847 3583 1906 3638 li-

347 3677 431 3732 bri
472 3685 639 3734 testes
691 3694 813 3731 cum
869 3678 1094 3732 moscho
1144 3685 1348 3731 temere
1396 3675 1727 3741 confuderit,
1759 3677 1916 3732 dece-

345 3779 496 3840 ptum
555 3787 620 3825 ex
656 3771 794 3824 mala
841 3770 1284 3839 interpretatione
1316 3767 1672 3822 Vartomanni
1731 3784 1910 3825 exere.

343 3863 470 3925 2H,
504 3878 654 3915 num.
683 3863 737 3924 6,
762 3869 816 3915 et
838 3877 1020 3915 exerc.
1050 3861 1175 3918 210.
1209 3876 1362 3914 num.
1396 3859 1449 3914 5.
1484 3858 1732 3914 Errorem
1763 3868 1915 3915 notat

344 3952 629 4008 Varronis.
665 3954 756 4023 qui
805 3952 1019 4018 librum,
1053 3953 1250 4008 lutram
1297 3953 1380 4008 vel
1418 3951 1702 4023 enhydrim
1744 3967 1913 4007 unum

345 4049 534 4105 fecerit
575 4066 694 4120 qua:
720 4057 775 4105 et
815 4048 983 4106 Olaus
1022 4049 1250 4122 Magnus
1283 4059 1431 4105 recte
1469 4050 1782 4118 distinguit,
1817 4049 1912 4106 lib.

343 4157 500 4206 Πιιι,
544 4151 598 4196 et
633 4142 746 4195 alii.

413 4234 532 4289 Col.
563 4235 687 4299 745,
716 4235 812 4288 lin.
850 4233 900 4289 l.
943 4235 994 4287 Ὀ
1032 4231 1100 4286 δὲ
1125 4233 1579 4302 μυρμηκολέων.
1615 4231 1915 4304 Myrmeco-

340 4328 517 4384 leonis
543 4335 747 4382 natura:
775 4327 1188 4381 fundamentum
1221 4326 1429 4395 absque
1453 4326 1618 4380 dubio
1649 4333 1732 4381 est
1768 4325 1915 4396 quod

345 4419 540 4489 legitur
587 4419 727 4488 apud
772 4417 894 4483 Job,
935 4435 1056 4488 cap.
1103 4435 1180 4482 Iv,
1233 4434 1376 4473 vers.
1433 4419 1519 4480 ll,
1566 4417 1914 4488 Myrmecoleo

342 4505 496 4572 periit
523 4519 583 4557 eo
609 4503 744 4571 quod
774 4519 876 4556 non
910 4503 1116 4557 haberet
1139 4502 1396 4570 praedam.
1435 4501 1610 4572 Hujus
1641 4504 1742 4556 loci
1774 4503 1916 4572 opti-
1949 4511 1993 4566 1)

346 4611 486 4649 mam
515 4593 930 4663 explicationem
961 4593 1127 4649 habes
1152 4593 1295 4663 apud
1325 4593 1578 4648 Photium
1611 4609 1676 4648 ex
1709 4591 1921 4664 Eulogii

344 4686 694 4742 Alexandrini
723 4685 847 4740 libr.
880 4701 952 4748 iv,
985 4694 1178 4739 contra
1201 4685 1554 4740 Novalianos.
1585 4685 1656 4740 De
1682 4686 1766 4741 bis
1788 4685 1924 4755 Aga-

345 4775 698 4832 tltarchides:
729 4775 850 4828 Τῶν
881 4775 936 4827 δὲ
960 4775 1305 4846 καλουμένων
1349 4776 1837 4847 μυρμηκολεόντων
1870 4777 1921 4831 οι

348 4869 446 4940 μὲν
479 4867 720 4922 πλεῖστοι
741 4867 882 4919 κατὰ
907 4867 1005 4938 τὴν
1035 4867 1176 4920 ἰδέαν
1197 4867 1302 4921 τῶν
1323 4867 1522 4920 λοιπῶν
1543 4867 1694 4922 οὐδὲν
1713 4867 1922 4938 παραλ·

2015 562 2288 616 titudinem
2322 564 2516 630 fundit.
2551 565 2726 623 Mares
2750 572 2802 622 in
2835 587 2893 623 eo
2925 586 3102 639 genere
3125 567 3318 637 singuli
3352 567 3578 634 femina-

2013 668 2129 705 rum
2151 655 2386 724 gregibus
2415 658 2737 725 imperitant.
2767 660 3047 730 Oppianus
3075 665 3298 728 Κυνητι
3327 675 3381 712 IIl
3407 675 3420 723 ;
3453 658 3579 728 All"

2016 746 2234 801 mianus
2266 748 2630 813 Marcellinus.
2656 755 2748 807 lib.
2777 771 2944 810 xxiv:
2980 756 3260 809 Asinorum
3295 752 3577 822 agrestium

2013 839 2297 896 multitudo
2337 845 2389 895 in
2425 846 2680 900 tractibus
2707 846 2974 901 Parthicis
3007 857 3082 900 est
3121 847 3414 899 innumera.
3454 843 3577 897 Ideo

2011 932 2174 985 simul
2193 933 2457 996 incedens,
2485 946 2541 988 ut
2565 939 2943 1006 constipatione
2963 937 3126 992 densa
3151 937 3345 1005 feroces
3373 935 3578 988 leonum

2012 1019 2300 1089 frustretur
2328 1025 2586 1079 assultus.

2086 1111 2220 1168 Ibid.
2278 1115 2386 1170 Kal
2422 1116 2541 1170 τῶν
2578 1117 2925 1188 γενομένων.
2957 1116 3185 1179 Plinius,
3213 1116 3449 1172 ibidem:
3489 1113 3578 1168 Ti-

2013 1213 2154 1256 ment
2193 1203 2430 1258 libidinis
2463 1205 2697 1268 wmulos,
2743 1216 2791 1262 et
2829 1206 2943 1261 ideo
2980 1207 3226 1278 gravidas
3253 1203 3574 1265 custodiunt,

2015 1311 2295 1365 morsuque
2315 1309 2468 1351 natos
2499 1313 2670 1352 mares
2694 1308 2954 1360 castraut,
2988 1309 3171 1352 contra
3193 1297 3424 1368 gravidae
3447 1297 3579 1349 late-

2016 1387 2137 1441 bras
2171 1397 2371 1455 petunt,
2399 1399 2450 1442 et
2488 1406 2672 1456 parere
2709 1391 2852 1458 furto
2886 1392 3121 1460 cupiunt,
3148 1391 3472 1458 gaudentque
3493 1404 3581 1440 co-

2013 1477 2102 1544 pia
2131 1476 2387 1531 libidinis.
2423 1477 2700 1547 Oppianus
2727 1479 2858 1534 ibid.
2886 1480 3263 1542 disertissime,
3287 1494 3444 1548 quem
3471 1494 3582 1531 om-

2014 1569 2145 1622 nino
2170 1569 2418 1635 consule;
2440 1570 2697 1635 Isidorus,
2718 1569 2756 1625 l.
2795 1585 2892 1633 xu,
2918 1585 3041 1639 cap.
3075 1570 3128 1634 l;
3161 1567 3326 1623 Olaus
3356 1567 3579 1635 Magnus

2015 1658 2296 1714 confundit
2326 1662 2466 1716 male
2485 1676 2720 1731 onagros
2747 1677 2868 1718 cum
2901 1662 3128 1715 alcibus.
3156 1660 3246 1714 Est
3294 1669 3345 1714 et
3369 1673 3572 1713 memo-

2014 1753 2108 1806 riae
2133 1767 2241 1805 non
2271 1752 2549 1821 indignum
2576 1752 2719 1820 quod
2743 1751 2893 1806 Phile
2920 1753 2975 1805 in
3006 1750 3228 1814 lambis,
3259 1759 3314 1805 et
3337 1750 3579 1802 Ammia-

2017 1859 2123 1898 nus
2153 1841 2500 1897 Marcellinus
2531 1844 2565 1896 l.
2612 1859 2771 1902 χχιιι,
2799 1843 2864 1897 de
2889 1842 2998 1898 illis
3027 1843 3252 1898 scribit:
3289 1842 3458 1900 Asini,
3492 1842 3578 1895 iu-

2015 1936 2154 2005 quit,
2188 1935 2290 2004 feri
2309 1951 2428 1988 cum
2451 1936 2720 1990 venatibus
2745 1936 3018 2005 agitantur
3047 1937 3123 1988 ita
3145 1935 3345 1988 eminus
3379 1933 3578 2000 lapides

2014 2038 2132 2098 post
2159 2037 2304 2099 terga
2345 2027 2674 2082 calcitrando
2696 2029 2962 2092 emittunt,
2994 2037 3050 2080 ut
3079 2027 3338 2095 perforent
3371 2035 3580 2093 pectora

2023 2121 2368 2188 sequentium,
2403 2129 2495 2172 aut
2529 2118 2814 2189 perforatis
2863 2117 3068 2172 ossibus
3101 2118 3277 2186 capita
3316 2117 3432 2184 ipsa
3470 2115 3580 2168 dis-

2013 2209 2252 2280 pludant.
2309 2209 2494 2281 Neque
2549 2210 2680 2264 illud
2737 2211 2926 2266 silebo.
2989 2208 3288 2280 Oppianus,
3348 2210 3468 2264 loco
3521 2208 3576 2262 (Ι.

2013 2317 2343 2373 onagrorum
2367 2317 2561 2359 carnes
2603 2318 2726 2358 esse
2765 2303 2968 2357 bonum
2991 2301 3246 2372 pabulum
3282 2300 3412 2355 feris
3445 2299 3577 2354 scri-

2014 2394 2119 2448 bit:

2027 2485 2176 2541 Ἀλλ’
2197 2488 2375 2552 αὐτὸς
2398 2486 2702 2556 κρατεροῖς
2721 2486 2912 2556 ἀγαθὴ
2933 2487 3117 2552 βόσις
3136 2485 3352 2538 ἔπλετο
3380 2483 3577 2554 θηρσί.

2013 2577 2080 2630 Et
2118 2579 2388 2632 consentit
2419 2577 2737 2647 Xenophon,
2792 2578 2826 2631 1.
2875 2593 2892 2632 ι
2935 2578 3127 2632 Ἀνα6.
3175 2576 3345 2642 Κύρ,
3381 2583 3433 2628 et
3472 2573 3580 2628 Pli-

2012 2670 2158 2723 nius.
2206 2669 2457 2726 Aﬂlianus
2505 2670 2598 2724 lib.
2645 2687 2677 2722 v
2723 2669 2799 2724 De
2829 2670 2950 2723 hist.
2997 2671 3186 2730 anim.,
3228 2683 3412 2722 eorum
3456 2681 3582 2720 car—

2013 2777 2135 2816 nem
2167 2776 2405 2815 amaram
2431 2778 2551 2817 esse
2575 2762 2787 2823 scribit,
2818 2770 2872 2816 et
2893 2761 3045 2816 Phile
3079 2762 3135 2816 in
3180 2759 3400 2824 lambis,
3430 2752 3490 2812 οὗ
3521 2758 3584 2812 τὸ

2015 2854 2181 2925 κρέας
2206 2855 2253 2905 τ’
2281 2853 2522 2924 ἄϐρωτον
2549 2853 2606 2920 ἐξ
2631 2853 2839 2924 ἀηδίας.

2083 2944 2244 3003 lbid..
2275 2945 2369 2998 lin.
2397 2945 2482 3000 10.
2524 2946 2576 2995 ’0
2620 2945 2688 2998 δὲ
2731 2945 2929 3015 ἐχῖνος
2971 2945 3051 3011 ὡς
3091 2943 3334 3012 σφαῖρα.
3377 2939 3581 2997 Horum

2013 3035 2122 3091 duo
2151 3052 2345 3106 genera
2378 3035 2505 3090 facit
2535 3034 2812 3107 Oppianus
2843 3041 3064 3106 Κυνηγ.
3097 3035 3190 3089 lib.
3223 3051 3257 3090 ιι
3286 3054 3299 3091 :

1941 3157 1986 3216 ο
2013 3147 2308 3220 Οὐκηέρέω
2341 3149 2595 3220 κρυερρν
2636 3149 2809 3218 γένος
2841 3150 3199 3220 ὀκρυόεντος
3235 3149 3443 3216 ἐχίνου

2018 3218 2314 3284 Μείζονος,
2351 3219 2696 3288 (ἀμφίδυμοι
2720 3221 2827 3288 γὰρ
2849 3218 3072 3286 ἐχίνοις
3098 3219 3485 3286 ὀξυκόμοισιν

2032 3288 2329 3358 Ἄργαλέαι
2352 3289 2573 3357 μορφαί
2590 3293 2626 3356 ·)
2645 3291 2896 3358 κρυερόν
2922 3305 2985 3358 τε
3013 3289 3366 3356 περίδρομον
3389 3289 3582 3357 ἕρκος.

2023 3362 2085 3412 Ol
2112 3357 2230 3427 μὲν
2253 3359 2362 3427 γὰρ
2381 3359 2546 3422 βαιοί
2574 3376 2634 3412 τε
2660 3360 2754 3412 καὶ
2786 3357 3080 3411 οὐτιδανοὶ
3109 3358 3476 3427 τελέθουσιν,

2025 3426 2321 3494 Τυτθῇσιν
2347 3429 2708 3497 φρίσσοντες
2731 3429 2828 3480 ἐπὶ
2863 3426 3235 3497 προϐολῇσιν
3262 3426 3580 3497 ἀκάνθαις-⁸

2023 3501 2087 3551 Ol
2117 3499 2167 3550 δ’
2195 3499 2311 3567 ἄρα
2340 3495 2436 3551 καὶ
2457 3497 2686 3568 μεγέθει
2723 3498 2880 3551 πολὺ
2901 3495 3184 3566 μείζονες,
3221 3496 3314 3565 ἠδ’
3352 3497 3586 3568 ἑξκάτερ-

3407 3571 3511 3622 θεν

2030 3637 2193 3699 Ὀξέα
2221 3638 2583 3706 πεφρίκασιν
2605 3637 3015 3706 ἀρειοτέρῃσιν
3040 3636 3316 3701 ἀκωκαῑς.
3370 3565 3389 3638 [

2091 3749 2250 3813 lbid.,
2281 3751 2376 3806 lin.
2407 3750 2491 3805 l2.
2540 3753 2857 3820 Πορεύεται
2882 3753 3031 3823 γοῦν
3076 3753 3171 3807 ἐπὶ
3221 3754 3344 3807 τόν.
3383 3753 3582 3808 Eadem

2018 3839 2183 3897 habet
2217 3841 2410 3898 Petrus
2441 3843 2753 3911 Damianus,
2797 3845 2835 3899 Ι.
2871 3859 2932 3912 ιι,
2957 3859 3044 3916 ep.
3081 3846 3164 3900 l8.
3193 3843 3398 3902 Versus
3441 3847 3584 3899 anti-

2019 3933 2110 4003 qui
2142 3933 2218 3988 illi
2245 3949 2352 3990 uon
2393 3935 2747 4006 inelegantes,

2017 4048 2362 4119 Κώμαυλος,
2403 4050 2512 4119 ter
2554 4047 2944 4119 exirorldcbr
2982 4049 3078 4102 ἐπὶ
3127 4047 3284 4103 νῶτα
3331 4048 3586 4119 φέροντα

2101 4117 2325 4188 Ῥᾶγας,
2353 4117 2698 4173 ἀπέκτεινεν
2722 4118 2802 4186 τῷ
2824 4118 2875 4171 δ’
2907 4119 3005 4172 ἐπὶ
3037 4117 3378 4184 θειλοπέδω.

2021 4231 2086 4287 Et
2118 4231 2207 4286 ille
2227 4270 2243 4291 .

2031 4346 2395 4416 Ῥατολόγων
2421 4343 2730 4414 γλυκερῶν
2759 4344 3005 4414 σίντορα
3033 4343 3377 4411 θειλοπέδῳ.

2022 4459 2131 4515 Nec
2157 4460 2404 4515 absimile
2425 4461 2558 4516 illud
2586 4459 2767 4514 Philes
2791 4459 2844 4513 in
2877 4457 3098 4522 lambis,

2173 4570 2399 4640 Ἐχῖνος
2433 4571 2502 4623 ἐκ
2529 4568 2638 4640 ⁴γῆς
2669 4565 2776 4624 οἷδ’
2801 4569 3118 4624 ἀκάνθαισι
3141 4570 3349 4637 ,βρύων

2159 4643 2266 4696 Καὶ
2300 4639 2440 4708 τῇσι
2463 4639 2736 4710 πρασιαῖς
2765 4641 3198 4694 ἐκκυ.1ινδεῖτιιι
3233 4643 3449 4709 κρύφα,

2160 4710 2270 4764 Kal
2303 4711 2408 4776 τὰς
2433 4711 2660 4766 ἐκεῖθεν
2682 4711 3046 4780 ἑμπαρείσας
3077 4711 3332 4780 ἰσχάδας

2158 4784 2263 4846 Εἰς
2291 4781 2430 4847 τοὺς
2452 4781 2666 4835 ἑαυτοῦ
2698 4781 2966 4850 φωλεοὺς
2994 4782 3389 4847 θησαιιρίσας,

2163 4853 2282 4905 Οὐκ
2316 4851 2419 4920 ἔχε
2449 4851 2627 4920 ,λιμοῦ
2660 4851 2976 4920 συμφορὰν
3004 4852 3296 4923 ὀλεθρίου.

2089 4961 2247 5025 lbid.,
2276 4962 2371 5017 lin.
2406 4963 2492 5016 te.
2540 4963 2800 5030 Δολερὸν
2838 4963 2876 5031 ἠ
2919 4960 3191 5030 ἀλώπηξ.
3239 4954 3405 5017 Multa
3460 4977 3592 5020 sane

2019 5062 2171 5116 sunt,
2201 5068 2323 5122 quae
2361 5053 2576 5123 vulpem
2609 5053 2854 5107 fallacem
2904 5061 2957 5107 et
2989 5053 3289 5123 improbam
3317 5069 3437 5108 esse
3461 5071 3588 5108 con-

2017 5143 2263 5205 vincunt,
2295 5140 2496 5210 quibus
2524 5149 2578 5194 et
2607 5142 2954 5210 semetipsam
2988 5141 3056 5194 ab
3093 5139 3327 5195 hostium
3374 5139 3590 5196 insidiis

2017 5242 2223 5298 tuetur,
2274 5241 2328 5288 et
2370 5233 2479 5288 illis
2514 5248 2724 5292 necem,
2772 5233 2874 5287 sibi
2925 5231 3108 5286 cibum
3167 5239 3219 5286 et
3268 5231 3588 5286 medicinam

2020 5333 2217 5397 parat;
2249 5339 2419 5395 quare
2453 5325 2521 5379 ab
2553 5324 2843 5378 Aristotele
2877 5323 2949 5378 De
2995 5323 3180 5378 histor.
3217 5325 3380 5377 anim.
3413 5324 3503 5377 lib.
3549 5339 3585 5388 I,

342 4958 612 5022 λάττουσι,
655 4959 754 5030 τὴν
791 4957 848 5010 δὲ
878 4956 986 5010 τῶν
1012 4956 1224 5010 αἰδοίων
1260 4956 1419 5025 φύσιν
1457 4957 1921 5028 ἀπεστραμμένην

347 5051 560 5119 ἔχουσιν
593 5050 841 5104 ἐναντίαν
867 5051 979 5113 τοῖς
1014 5049 1214 5113 ἄλλοις.
1248 5050 1351 5103 Alii
1391 5050 1603 5114 dicunt,
1635 5064 1761 5104 esse
1804 5049 1920 5103 exi-

343 5154 510 5208 guum
537 5140 922 5194 animalculum
958 5137 1201 5194 formicis
1225 5139 1533 5202 adversum,
1565 5137 1708 5207 quod
1733 5154 1791 5192 se
1818 5137 1921 5193 sub

349 5230 570 5301 pulvere
606 5232 916 5295 abscondit,
947 5241 1000 5287 et
1043 5231 1300 5287 formicas
1336 5232 1606 5286 frumenta
1639 5239 1918 5303 gestantes

348 5319 628 5384 interﬁcit,
661 5322 980 5378 interiectas
1029 5323 1328 5379 consumit.
1376 5322 1578 5393 Sicque
1624 5335 1916 5378 vocatum:

347 5429 472 5468 nam
507 5412 963 5483 quemadmodum
998 5415 1084 5470 leo
1117 5415 1534 5470 imbecilliorum
1577 5417 1934 5481 animalium,

347 5507 422 5562 ita
480 5507 585 5561 hoc
633 5507 1019 5561 anlmalculum
1077 5508 1428 5562 formicarum
1484 5509 1718 5577 praedam
1765 5509 1913 5578 agit:

348 5615 473 5653 cum
511 5605 692 5652 tamen
740 5597 1057 5656 volucribus
1099 5599 1235 5654 nihil
1282 5599 1430 5654 aliud
1478 5601 1551 5656 sit
1595 5616 1758 5671 quam
1804 5600 1916 5654 for-

349 5689 512 5743 mica.

422 5776 579 5847 lbid.,
613 5778 710 5834 lin.
742 5776 796 5834 8.
829 5774 884 5831 '0
915 5777 982 5832 δὲ
1018 5779 1268 5851 bra-moi;
1295 5779 1650 5852 ἀγελάρχης.
1681 5779 1912 5851 Plinius,

2017 5433 2137 5486 cap.
2172 5418 2225 5478 l,
2257 5416 2399 5470 inter
2430 5415 2721 5474 malitiosa.
2757 5421 2938 5468 astuta
2991 5423 3045 5468 et
3085 5415 3281 5468 callida
3326 5431 3589 5469 annume-

2016 5518 2189 5562 ratur.
2215 5507 2494 5578 Oppianus
2521 5510 2740 5574 Κυνηγ.
2764 5514 3048 5568 tuuarrat,
3078 5523 3146 5562 ne
3177 5522 3205 5560 a
3239 5508 3589 5563 venatoribus

2017 5597 2403 5653 insidiantibus
2428 5597 2482 5651 in
2511 5597 2732 5666 laqueos
2761 5597 3077 5666 conjiciatm
3138 5605 3341 5667 septem
3365 5595 3588 5652 forami-

2017 5689 2180 5744 nibus
2237 5689 2395 5744 nidos
2442 5703 2814 5757 cavernasque
2866 5704 2994 5746 suas
3049 5688 3484 5755 cucummuniri,
3530 5697 3589 5745 ut

2018 5782 2142 5858 fuga
2179 5783 2250 5838 sit
2281 5784 2449 5838 tutior
2476 5780 2816 5852 faciliorque.
