4124 6414
551 333 660 392 Ἓξ

1844 327 2093 386 LEONIS
2130 325 2402 383 ALLATII

3686 322 3793 382 96“

549 452 661 531 Nai
694 452 838 531 μὴν,
860 452 1414 531 Δαιολόϐριιλοςλᾷπξ
1457 452 1813 531 ᾀγραιξλοισι
1856 449 2104 531 μᾴἔιιστι

2220 463 2276 503 se
2303 446 2464 502 coriis
2493 443 2762 508 loricavit,
2781 443 2837 497 in
2859 441 3254 498 dimicationem
3282 440 3487 512 pergit:
3504 440 3557 495 in
3580 457 3642 496 ea
3664 457 3793 497 eau-

550 523 735 590 Θτιρσὶ
764 521 930 575 πέλει
969 523 1155 592 κερδὼ
1190 522 1333 592 μάλ’
1371 522 1579 591 ἀρήϊος
1622 523 1692 575 ἐν
1731 521 2116 588 πραπίδεσσι,

546 592 656 645 Καὶ
685 592 904 659 πινυτὴ
935 595 1086 646 ναίει
1118 592 1408 662 πυμάτοις
1434 594 1523 647 ἐνὶ
1551 594 1916 661 φωλειοῖσιν,

561 661 1219 750 Ἐπίταςτιξλρυρηεῖξξισα
1247 663 1467 750 δόμους
1493 663 1708 750 Ξρηςάς
1734 681 1799 717 τε
1841 661 2051 750 genitae

551 734 756 802 Tnldd‘
781 734 881 785 ἀπ’
909 734 1219 799 ἀλλήλων,
1240 732 1325 802 μή
1352 751 1460 799 μιν
1492 732 1811 801 θηρήτορες
1836 733 2050 800 ἄνδρες

559 801 722 870 Ἀμφὶ
743 802 893 872 θύρῃ
915 801 1253 872 λοχόωντες
1278 803 1397 858 ὑπὸ
1421 804 1818 874 βροχίδεσσιν
1844 803 2117 873 ἄγωνται.

544 912 627 965 Ad
670 915 815 982 quod
847 916 1087 986 respexit
1121 923 1176 969 et
1219 913 1537 969 Lactantius
1567 912 1903 979 Firmianus,
1929 912 2008 967 De
2034 914 2120 966 ira

545 1001 666 1064 Dei,
712 1018 835 1073 cap.
873 1002 941 1058 7:
979 1003 1114 1058 Sunt
1154 1005 1432 1068 animalia,
1480 1005 1679 1075 inquit,
1721 1021 1838 1075 qua:
1881 1003 2118 1057 latibulis

540 1095 657 1149 suis
712 1095 944 1151 diversos
987 1106 1035 1152 et
1074 1098 1252 1167 plures
1291 1100 1462 1153 exitus
1491 1098 1752 1167 pandunt,
1783 1106 1863 1161 ut,
1890 1098 1938 1152 si
1980 1096 2119 1167 quod

544 1189 837 1256 periculum
877 1192 1143 1255 inciderit,
1180 1192 1307 1262 fuga
1350 1201 1527 1261 pateat
1560 1191 1815 1255 obsessis;
1848 1192 1987 1262 quod
2015 1208 2119 1245 non

544 1281 779 1349 facerent
825 1285 929 1337 nisi
970 1284 1160 1339 inesset
1205 1286 1315 1339 illis
1361 1286 1709 1357 intelligentia
1746 1296 1796 1340 et
1842 1286 2115 1356 cogitatio.

542 1371 707 1429 Plura
738 1376 844 1429 alia
885 1378 1026 1446 apud
1058 1386 1311 1434 auctores
1337 1379 1519 1434 videre
1560 1378 1802 1449 poteris;
1829 1393 1931 1433 nos
1969 1379 2117 1433 enim

542 1466 598 1520 in
636 1469 891 1536 praesenti
936 1485 1043 1524 non
1089 1470 1407 1525 animalium
1457 1471 1744 1526 historiam
1796 1469 2115 1535 scribimus,

541 1557 638 1611 sed
670 1566 881 1612 tantum
908 1567 1154 1614 nostrum
1185 1568 1465 1616 auctorem
1490 1561 1545 1615 in
1579 1561 1745 1617 rebus
1775 1562 2116 1617 naturalibus

542 1663 650 1701 non
680 1665 841 1715 nova,
872 1666 1047 1722 neque
1072 1654 1379 1724 peregrina,
1410 1653 1506 1710 sed
1534 1654 1789 1725 genuina,
1815 1661 1869 1709 et
1896 1653 1966 1708 ab
1993 1654 2116 1708 aliis

475 1773 509 1807 ,
539 1740 739 1796 tradita
784 1745 1070 1801 enuntiare
1116 1746 1479 1803 ostendimus.
1535 1745 1647 1802 Nec
1702 1761 1839 1816 opus
1887 1754 1972 1800 est
2026 1746 2116 1801 hic

2220 543 2344 597 dam
2379 541 2627 596 attollens
2659 541 2796 594 ictus
2844 540 3024 594 irritos
3074 537 3324 593 adversus
3371 538 3592 607 excipit,
3631 538 3796 595 donec

2219 635 2429 705 obliquo
2458 635 2628 705 capite
2648 635 2950 702 speculatus
2982 631 3199 687 invadat
3236 632 3289 685 in
3315 631 3515 700 fauces.
3557 630 3670 685 Nec
3697 632 3795 688 hoc

2217 735 2513 789 contentus,
2534 725 2686 780 aliud
2716 725 2858 779 haud
2884 727 3071 780 mitius
3094 724 3323 780 debellat
3342 725 3567 781 animal.
3594 724 3659 780 Et
3683 724 3795 796 Op-

2217 817 2413 887 pianus
2434 857 2449 881 ,
2482 816 2576 871 lib.
2611 832 2671 870 ιιι
2700 821 2950 888 Ruﬁna,
2987 816 3103 871 haec
3156 826 3345 871 nostra
3386 816 3793 884 elegantissime

2215 905 2509 974 expressit.
2565 903 2839 961 Nicander
2911 905 3038 960 item
3112 904 3170 960 in
3232 904 3549 972 Theriacis;
3607 904 3794 962 Elia—

2217 1011 2322 1052 nus
2345 995 2423 1050 De
2451 996 2641 1052 histor.
2680 998 2884 1064 anim.,
2924 997 3021 1053 lib.
3070 1013 3170 1061 ut,
3220 1011 3345 1067 cap.
3378 997 3485 1061 22.
3527 1006 3582 1054 et
3610 998 3705 1054 lib.
3733 1015 3791 1066 ι,

2216 1100 2337 1157 cap.
2380 1087 2485 1151 47,
2529 1098 2586 1144 et
2626 1089 2723 1144 lib.
2776 1105 2866 1152 vn,
2915 1104 3038 1159 cap.
3085 1089 3189 1155 58,
3239 1089 3431 1145 scribit
3478 1091 3791 1147 ichneumo-

2218 1188 2339 1227 nem
2371 1173 2578 1244 aspidis
2601 1188 2702 1228 ova
2724 1173 3059 1243 disperdere,
3085 1182 3141 1230 et
3168 1183 3427 1245 tanquam
3453 1176 3653 1231 catulis
3675 1176 3792 1232 suis

2216 1262 2458 1319 futuram
2510 1265 2762 1320 hostilem
2813 1266 3111 1335 perniciem
3175 1267 3523 1323 submovere.
3585 1265 3788 1333 Herus,

2217 1355 2311 1410 lib.
2342 1371 2415 1421 ιι,
2451 1370 2574 1427 cap.
2611 1356 2701 1421 35,
2741 1372 2849 1411 non
2895 1357 3073 1412 solum
3120 1357 3178 1412 in
3219 1368 3527 1429 serpentem
3558 1357 3789 1424 irruere,

2215 1444 2312 1501 sed
2343 1447 2552 1502 vocatis
2580 1447 2735 1516 prius
2776 1447 3017 1502 clamore
3049 1446 3173 1503 aliis
3192 1487 3207 1513 ,
3234 1463 3357 1518 quae
3393 1447 3580 1503 omnia
3625 1447 3789 1503 simul

2213 1535 2422 1592 addidit
2442 1536 2789 1602 Aristoteles,
2818 1537 2894 1593 De
2919 1538 3110 1593 histor.
3141 1540 3331 1605 anim.,
3367 1539 3462 1595 lib.
3493 1552 3559 1603 ιι,
3585 1553 3705 1609 cap.
3731 1539 3786 1601 6.

2214 1626 2500 1684 Ichneumo
2520 1627 2764 1700 Egypti,
2777 1628 2868 1683 ubi
2889 1630 3124 1699 aspidem
3146 1647 3368 1703 anguem
3395 1647 3552 1686 suum
3578 1630 3783 1687 hostem

2213 1729 2493 1789 aspexerit,
2531 1737 2635 1774 non
2662 1722 2809 1789 prius
2869 1720 3172 1792 aggreditur
3216 1739 3375 1793 quam
3406 1723 3579 1778 socios
3622 1733 3788 1789 vocet,

539 1832 699 1901 plura
743 1847 1043 1904 congerere
1082 1835 1151 1890 ad
1193 1835 1315 1907 ejus
1352 1838 1612 1893 astutiam
1663 1847 1715 1893 et
1737 1809 2116 1894 calliditatem
2148 1841 2189 1898 Β
2214 1820 2266 1866 ⁸³
2289 1811 2415 1907 “fw
2442 1809 2689 1907 abduc“?
2716 1820 2901 1907 “om”?
2926 1813 3063 1867 ί⁶⁸⁸⁸⁸
3089 1828 3401 1907 ¹²⁸⁰Ϊ⁸Ϊ⁸⁸⁴Ῐ¹⁶⁶
3426 1829 3540 1868 ³⁸⁸⁸
3579 1813 3787 1907 ’πέδην

538 1925 1049 1983 demonstrandam.

2214 1902 2403 1958 modus
2430 1902 2679 1958 armandi
2714 1913 2773 1958 ut
2807 1905 3039 1973 primum
3060 1903 3383 1975 madefaciat
3419 1919 3632 1975 corpus,
3656 1913 3708 1960 et
3734 1905 3789 1959 in

608 2015 768 2081 lbid.,
812 2019 911 2074 lin.
957 2020 1049 2076 17.
1084 2020 1368 2090 Εὑροῦσα
1402 2022 1516 2093 γὰρ
1560 2021 1911 2093 τελμιστήν.
1949 2020 2104 2076 Plura

2215 2003 2360 2051 terra
2392 2011 2450 2050 se
2476 1995 2691 2050 volutet.

535 2108 605 2164 de
645 2110 766 2181 ejus
800 2113 855 2165 in
888 2123 1087 2167 venatu
1128 2124 1182 2169 et
1226 2115 1440 2186 piscatu
1468 2116 1680 2171 artibus
1710 2113 1984 2178 Elianus,
2014 2115 2110 2169 lib.

536 2220 613 2271 vr,
645 2219 764 2275 cap.
797 2205 887 2268 24,
930 2214 985 2262 et
1031 2207 1128 2262 lib.
1173 2225 1224 2275 ι,
1273 2225 1395 2280 cap.
1439 2209 1540 2279 56;
1583 2211 1679 2266 lib.
1729 2225 1803 2276 iv,
1836 2226 1959 2280 cap.
2005 2209 2111 2276 38;

535 2297 633 2354 lib.
661 2314 731 2362 vr,
756 2315 875 2370 cap.
908 2299 978 2355 63
1003 2319 1018 2367 ;
1064 2302 1158 2357 lib.
1188 2318 1308 2358 xm.
1339 2302 1471 2373 Ejus
1507 2312 1700 2359 contra
1729 2319 1856 2360 aves
1880 2304 2109 2360 insidias

532 2392 993 2460 quemadmodum
1033 2402 1089 2449 et
1122 2394 1213 2449 bic
1246 2405 1436 2451 noster
1469 2404 1663 2451 auctor
1706 2396 1909 2467 optime
1938 2395 2113 2465 expli-

533 2482 681 2537 cavit
711 2481 990 2553 Oppianus
1027 2485 1283 2542 ⁹Αλιευτ.
1315 2503 1375 2552 ιι,
1405 2496 1459 2545 et
1495 2488 1760 2560 Epiphan.
1798 2491 1853 2545 in
1886 2488 2111 2561 Physio-

535 2574 653 2645 logo
686 2589 705 2626 :
737 2576 802 2628 'H
831 2575 1056 2648 ἀλώπηξ
1082 2580 1200 2634 ἐστὶ
1232 2580 1568 2651 πολύτροπον
1606 2580 1763 2646 ζῶον.
1799 2582 2111 2636 Πεινάσασα

532 2664 589 2719 δὲ
622 2666 715 2720 καὶ
754 2668 1034 2739 ἀποροῦσα
1067 2672 1273 2745 τροφῆς
1308 2673 1604 2744 ἀπέρχεται
1651 2672 1744 2727 ἐπὶ
1785 2674 1913 2738 τοὺς
1958 2674 2111 2746 ἡλια-

532 2758 664 2822 κοὺς
691 2759 893 2825 τόπους
911 2778 927 2792 ·
954 2766 1405 2837 καταρῤίπτουσα
1437 2765 1607 2839 αὐτὴν
1631 2768 1690 2830 ἐς
1714 2768 1838 2839 γῆν,
1872 2769 1967 2823 καὶ
2008 2771 2106 2822 ἀν-

532 2851 767 2924 εχομένη
795 2852 893 2926 τὴν
923 2858 1111 2929 πνοὴν,
1137 2859 1231 2912 καὶ
1259 2859 1629 2933 ὐποκρῑνουσα
1664 2860 1987 2932 τεθνηκυῖαν
2003 2865 2110 2916 κεῖ-

530 2957 623 2996 ται
673 2943 872 3012 ὑπτία,
923 2949 1051 3012 τοὺς
1096 2950 1408 3022 ὀφθαλμοὺς
1461 2952 1558 3007 καὶ
1603 2952 1730 3017 τοὺς
1783 2953 1949 3017 πόδας
1995 2955 2107 3008 ἄνω

531 3033 749 3105 ἔχουσα.
798 3038 1210 3112 Ἑπερχομένων
1242 3043 1298 3097 δὲ
1339 3044 1447 3098 τῶν
1488 3045 1770 3110 πετεινῶν,
1817 3046 1911 3100 καὶ
1936 3046 2105 3117 αὐτὴν

532 3130 837 3241 κατεῃσθίειν
858 3130 1227 3241 Ξουλομένων,
1253 3137 1435 3209 ἐκείνη
1468 3138 1697 3211 ἑτοίμως
1725 3137 1865 3192 αὐτὰ
1887 3140 2101 3211 κρατεῖ,
2131 3177 2174 3235 C

494 3238 503 3243 ‘
532 3220 626 3276 καὶ
652 3222 753 3277 ὅσα
780 3222 1025 3295 βούλεται
1056 3229 1419 3303 κατατρώγει.
1454 3228 1653 3287 Eadem
1689 3238 1816 3287 sunt
1837 3230 1978 3300 apud
2007 3228 2106 3285 Isi-

529 3313 749 3381 dorum,
776 3317 869 3373 lib.
904 3336 1004 3385 xu,
1029 3336 1149 3393 cap.
1174 3322 1248 3390 2;
1281 3321 1501 3379 Petrum
1535 3322 1881 3387 Damianum,
1913 3322 2009 3378 lib.
2039 3337 2102 3386 ιι,

526 3423 614 3478 ep.
646 3409 743 3477 18;
768 3410 1074 3481 Albertum,
1102 3415 1393 3486 Georgium
1423 3416 1756 3487 Agricolam,
1787 3414 2103 3470 Michaelem

526 3500 775 3573 Glycam,
809 3514 862 3560 et
899 3505 1039 3562 alios
1074 3509 1429 3564 recentiores.
1653 3505 1663 3516 ’

601 3594 763 3656 lbid.,
795 3596 894 3651 lin.
931 3596 1022 3652 24.
1066 3598 1138 3652 Ἠ
1178 3599 1379 3666 σαῦρα
1407 3600 1747 3670 τηράσασα.
1780 3599 2103 3656 Aristoteles

526 3685 813 3755 lacertum,
835 3699 889 3744 et
918 3698 1253 3746 senectutem
1281 3707 1505 3756 exuere,
1532 3699 1588 3748 et
1609 3692 1787 3748 oculis
1809 3692 2104 3748 connivere

528 3778 780 3848 tradidit;
803 3782 1079 3851 quomodo
1100 3791 1281 3844 autem
1304 3784 1485 3839 lumen
1509 3785 1794 3841 oculorum
1820 3792 2103 3841 senectute

525 3872 792 3927 amissum
827 3882 1113 3943 recuperet
1140 3890 1249 3930 non
1280 3875 1597 3946 explicavit.

595 3961 733 4019 Ibid.
757 4005 773 4030 ,
811 3966 909 4020 lin.
942 3954 1034 4022 58.
1071 3969 1258 4023 Ἀλλὰ
1295 3966 1396 4023 καὶ
1441 3968 1709 4036 αὔξησιν
1726 3967 1988 4039 μείζονα.
2024 3966 2103 4024 De

523 4057 902 4127 magnitudine
946 4059 1244 4115 draconum
1280 4068 1337 4116 et
1369 4069 1683 4133 serpentum
1726 4076 1759 4117 e
1803 4042 2100 4116 Metastbe-

521 4165 591 4206 ne
632 4158 687 4207 et
717 4151 865 4217 aliis,
911 4153 1037 4209 vide
1063 4152 1334 4218 Plinium,
1373 4156 1468 4211 lib.
1506 4170 1640 4221 vm,
1669 4169 1794 4224 cap.
1829 4154 1922 4220 l2,
1951 4155 2019 4209 15
2047 4163 2101 4209 et

520 4243 629 4312 i4;
680 4244 825 4315 apud
872 4244 1235 4306 Strabonem.
1276 4247 1373 4303 lib.
1413 4262 1503 4304 xv.
1546 4245 1889 4303 Onesicritus
1932 4246 2100 4301 refert

518 4337 662 4407 apud
687 4338 979 4394 Abisarum
1010 4340 1178 4396 India:
1208 4356 1388 4412 regem
1420 4341 1560 4396 duos
1606 4340 1776 4396 fuisse
1804 4339 2095 4403 dracones,

517 4430 748 4485 alterum
798 4430 997 4501 pedum
1038 4432 1138 4489 I40
1163 4472 1178 4496 ,
1213 4435 1444 4489 alterum
1476 4434 1566 4488 80.
1597 4430 1879 4487 Nearchus
1914 4441 2094 4485 autem

2288 2083 2406 2139 Col.
2442 2084 2543 2140 743
2563 2125 2581 2153 ,
2612 2085 2708 2141 lin.
2743 2085 2797 2140 ι.
2832 2085 3033 2156 Σαῦρα
3063 2086 3133 2141 δὲ
3165 2086 3206 2156 ἠ
3234 2085 3550 2158 omnem.
3593 2085 3790 2144 Petrus

2214 2173 2531 2245 Damianus,
2560 2177 2657 2233 lib.
2688 2192 2746 2241 ιι,
2775 2193 2865 2248 ep.
2899 2178 2997 2233 48:
3021 2178 3405 2245 Salamandra,
3431 2195 3632 2251 quoque
3671 2180 3789 2235 licet

2210 2269 2424 2339 exigua,
2454 2269 2751 2326 mirabilem
2779 2270 2951 2341 fertur
2981 2270 3170 2325 habere
3194 2280 3479 2336 naturam;
3511 2271 3640 2326 adeo
3663 2282 3720 2325 ut
3740 2274 3789 2328 si

2211 2378 2339 2415 casu
2382 2361 2667 2432 aliquando
2710 2364 2765 2417 in
2816 2365 2933 2435 igne
2982 2364 3257 2435 mergitur.
3307 2365 3478 2419 omnis
3520 2366 3676 2436 ignea
3709 2366 3789 2420 eis

2212 2462 2469 2524 tanquam.
2498 2454 2809 2512 inundantis
2857 2473 3011 2528 aqute
3038 2456 3298 2526 proﬂuvio
3326 2459 3569 2528 protinus
3590 2459 3788 2514 exstin-

2209 2554 2423 2616 guatur.
2458 2543 2754 2613 Nicander,
2780 2549 2836 2603 in
2863 2548 3131 2604 Theriacis
3156 2565 3175 2603 :

2207 2637 2318 2709 Kal
2343 2638 2828 2709 σαλαμάνδρειον
2857 2640 3064 2694 δόλιον
3094 2638 3278 2706 δάκος
3304 2640 3436 2709 quae
3456 2638 3717 2709 ἁπεχθὲς

2212 2707 2353 2779 illae
2384 2708 2482 2761 καὶ
2504 2706 2827 2763 ἀσϐέστοιο
2854 2710 2929 2764 δι’
2966 2710 3034 2764 ἐκ
3070 2712 3258 2777 πυρός
3282 2706 3453 2779 οἷμον
3484 2706 3716 2778 ἑκοῦσα

2212 2777 2509 2833 Ἕσσυται
2560 2779 2858 2849 ἄκμηνος,
2901 2780 3002 2835 καὶ
3049 2777 3394 2848 ἁνὼδυνοξ,
3431 2777 3573 2835 οὐδέ
3620 2781 3679 2834 τι
3729 2782 3786 2835 ol

2205 2916 2441 2972 Σίνεται
2477 2919 2746 2988 ἀσϐέστη
2767 2918 2993 2987 ῥαγπόεν
3026 2919 3199 2989 δέρος
3233 2919 3391 2994 ἀθέρα
3416 2850 3714 2992 τεξίίῖξιν.

2274 3007 2341 3063 Et
2367 3010 2423 3065 in
2453 3010 2912 3078 Alexipltarmacis
2939 3024 2961 3064 :

2210 3100 2317 3155 Ἢν
2344 3100 2413 3154 δὲ
2432 3102 2801 3172 λιπορῤίνοιο
2839 3101 3027 3155 ποτὸν
3055 3097 3444 3172 avari/linear
3478 3102 3632 3172 ld'glm

2625 3174 2858 3242 σαύρης
2895 3170 3273 3240 πολυκηδέος
3296 3213 3312 3239 ,
3343 3170 3425 3241 ἣν
3459 3170 3785 3244 “uapor-

2202 3309 2545 3380 κλείουσιν,
2584 3309 2700 3381 τὴν
2735 3310 2879 3367 οὐδὲ
2908 3311 3098 3381 πυρὸς
3123 3307 3439 3381 λωϐήσᾶό
3464 3244 3696 3387 λείηύὲ

2205 3418 2447 3477 Serenus
2474 3439 2490 3475 :

2203 3533 2309 3590 Seu
2335 3534 2696 3591 Salamandra
2726 3545 2933 3606 potens,
2968 3536 3230 3610 nullisque
3265 3538 3494 3595 obnoxia
3521 3540 3778 3610 ﬂammis.

2202 3624 2432 3693 Plinius,
2482 3627 2577 3683 lib.
2617 3643 2652 3682 ι
2671 3668 2686 3694 ,
2722 3643 2845 3700 cap.
2872 3628 2941 3684 67
2971 3648 2989 3685 :
3021 3628 3172 3686 Sicut
3201 3629 3564 3687 Salamandra
3588 3632 3779 3687 lacerti

2201 3717 2403 3789 figura,
2448 3718 2755 3786 stellatum,
2799 3737 3068 3791 nunquam
3119 3723 3223 3777 nisi
3257 3725 3459 3795 magnis
3500 3724 3780 3791 imbribus,

2199 3814 2527 3883 proveniens,
2548 3822 2599 3868 et
2618 3814 2899 3869 serenitate
2926 3814 3193 3884 deﬁciens.
3230 3815 3372 3871 Huic
3401 3825 3582 3872 tantus
3610 3819 3776 3889 rigor,

2200 3913 2258 3958 ut
2287 3905 2459 3976 ignem
2484 3916 2683 3960 tactum
2705 3908 3009 3977 exstinguat
3037 3925 3140 3963 non
3167 3909 3277 3963 alio
3307 3909 3461 3965 modo
3481 3927 3639 3981 quam
3658 3911 3778 3981 gla-

2199 3999 2325 4053 cies.
2352 3999 2625 4065 IEIianus,
2662 3998 2742 4055 De
2766 3998 2892 4054 hist.
2927 4001 3118 4067 anim.,
3164 4001 3262 4058 lib.
3290 4017 3352 4068 ιι,
3396 4017 3519 4075 cap.
3552 4003 3616 4056 51
3641 4020 3656 4070 ;
3684 4001 3777 4058 Pi-

2199 4091 2368 4155 sides,
2404 4090 2482 4146 De
2512 4090 2695 4146 mundi
2728 4091 2941 4162 api/icio
2968 4108 2987 4147 :

2304 4184 2510 4254 Ποζαις
2543 4184 2611 4238 δὲ
2635 4186 2854 4254 ,πηγαῖς
2886 4184 2924 4252 ἢ
2951 4182 3165 4250 ,ϐυθοῖς
3206 4182 3631 4254 κεκρυμμένοις

2304 4252 2421 4322 Δρᾷ
2446 4252 2842 4323 calamis-8pc:
2869 4257 2976 4321 τὰς
3001 4255 3290 4323 κειμένους
3317 4253 3615 4322 αὶθάληνς

2197 4344 2619 4418 Olympiodorus
2664 4348 2808 4418 apud
2864 4345 3204 4417 Scaligerum
3252 4345 3320 4401 de
3369 4345 3673 4403 subtilitate
3700 4350 3771 4406 ad

2196 4437 2508 4493 Cardanum
2525 4453 2710 4493 exere.
2743 4438 2830 4503 74,
2855 4437 3007 4493 num.
3040 4440 3094 4501 5,
3121 4438 3246 4502 Τοῖς
3273 4436 3548 4509 ὐελέψαις,
3575 4438 3771 4506 inquit,

516 4523 691 4578 visam
729 4524 965 4594 viperam
1024 4524 1282 4581 feminam
1322 4526 1632 4581 cubitorum
1666 4525 1921 4580 sedecim.
1959 4522 2094 4578 Vide

2205 4526 2367 4599 πολλὴ
2398 4529 2617 4599 φροντὶς
2648 4527 2742 4581 τοῦ
2777 4528 3053 4585 τινάσσειν
3084 4528 3187 4600 τὴν
3228 4528 3480 4601 πάπυρον
3499 4566 3516 4594 ,
3560 4525 3649 4581 ἵνα
3697 4527 3773 4600 μὴ

514 4614 817 4677 Αἰιίειιιιιη,
856 4617 953 4671 lib.
986 4633 1021 4672 ι
1061 4617 1132 4672 De
1164 4617 1291 4672 hist.
1317 4617 1508 4682 anim.,
1543 4631 1665 4686 cap.
1699 4614 1790 4671 39.

584 4708 722 4763 lbid.
764 4708 952 4763 Ἐπὰν
978 4705 1093 4765 οὖν
1123 4709 1233 4763 τὸν
1271 4712 1467 4779 ὁρισμ.
1508 4708 1716 4772 Herus,
1750 4707 1847 4762 lib.
1887 4721 1935 4773 I,
1967 4721 2089 4776 cap.

514 4799 540 4854 1
575 4817 589 4855 :
623 4798 872 4871 Ἐπειδὴ,
899 4799 1067 4871 τριῶν
1099 4800 1272 4870 γενῶν
1335 4800 1511 4869 ὄφεων
1576 4797 1932 4852 καθεστώτων
1957 4835 1973 4856 ,
2022 4794 2092 4848 τὰ

515 4892 615 4965 μὶν
644 4890 806 4946 λοιπὰ
843 4890 1014 4963 θνητὰ
1038 4892 1307 4963 ὑπάρχει,
1342 4890 1503 4945 τοῦτο
1525 4890 1584 4945 δὲ
1615 4889 1774 4962 μόνον
1801 4888 2087 4950 ἀθάνατον,

510 4987 541 5040 ὃ
564 4986 658 5040 καὶ
698 4984 1091 5057 προσφυσῆσαν
1119 4984 1291 5056 ἑτέρῳ
1338 4983 1503 5038 παντὶ
1531 4981 1656 5055 ζώῳ
1699 4982 1824 5054 δίχα
1870 4980 1965 5034 καὶ
1992 4976 2088 5035 τοῦ

508 5078 693 5132 δακεῖν
727 5077 957 5150 ἀναιρεῖ.

582 5169 744 5235 lbid.,
773 5170 871 5225 lin.
897 5169 990 5224 42.
1025 5166 1216 5235 Τοῦτῳ
1237 5170 1270 5224 d
1310 5168 1624 5239 ἰχνεύμων.
1656 5167 1939 5236 Quomodo
1967 5186 2088 5227 ser-

508 5272 702 5335 pentes
722 5271 777 5319 et
798 5260 1109 5318 crocodilos
1140 5271 1319 5328 necat,
1342 5264 1624 5335 eleganter
1669 5261 1955 5336 Oppianus
1975 5267 2086 5318 Κυ-

507 5374 643 5427 νητ.
679 5356 775 5413 lib.
804 5372 886 5411 ιιι.

575 5448 711 5504 ibid.
741 5491 758 5518 ,
804 5450 903 5506 lin.
935 5448 1026 5505 44.
1068 5449 1254 5505 θΑλλὰ
1303 5447 1434 5519 μὴν
1477 5447 1577 5504 καὶ
1628 5450 1799 5517 πρός.
1849 5446 2082 5512 Plinius,

508 5541 605 5595 lib.
635 5557 755 5606 vui,
797 5558 919 5612 cap.
948 5542 1056 5597 24:
1095 5544 1250 5604 Aspis
1283 5542 1440 5596 habet
1466 5539 1657 5596 deinde
1702 5542 2085 5596 internecinum

509 5631 700 5686 bellum
731 5650 850 5687 cum
893 5635 1250 5689 ichneumone.
1281 5632 1485 5688 Nolunt
1508 5642 1588 5688 est
1620 5634 1823 5688 animal
1848 5634 1945 5687 hac
1967 5633 2085 5704 glo-

508 5723 593 5776 ria
614 5725 841 5778 mamime
868 5727 921 5777 in
957 5726 1139 5781 eadem
1170 5736 1355 5781 natum
1380 5727 1632 5797 A’gypto.
1656 5724 1849 5797 Mergit
1874 5744 1929 5781 se
1957 5726 2083 5780 limo

506 5813 723 5902 διείρεαι,
748 5814 1012 5885 siccatque
1047 5815 1175 5871 sole.
1202 5814 1333 5873 Mox
1357 5816 1446 5872 ubi
1465 5817 1704 5885 pluribus
1729 5816 1909 5872 eodem
1930 5816 2082 5873 modo

2197 4619 2348 4683 ἐντὸς
2380 4620 2699 4693 περιέχηται
2738 4622 2772 4693 ἡ
2810 4620 3199 4692 σαλαμάνδρα·
3234 4622 3505 4693 ζημιῶδες
3534 4621 3645 4693 γὰρ
3672 4623 3775 4675 αὑ-

2195 4714 2308 4776 τοῖς
2334 4712 2411 4784 τῷ
2444 4713 2633 4767 σϐέσαι
2666 4714 2767 4785 τὴν
2794 4713 3044 4785 κάμινον.
3101 4713 3465 4780 Aristoteles,
3495 4715 3592 4770 lib.
3627 4730 3659 4769 ν
3699 4712 3777 4767 De

2196 4803 2323 4857 hist.
2351 4805 2543 4871 anim.,
2578 4819 2702 4875 cap.
2735 4804 2840 4873 l9;
2882 4804 3265 4862 Nazianzenus
3297 4807 3351 4859 in
3385 4805 3672 4865 Basiliam,
3719 4815 3776 4860 ct

2197 4893 2472 4950 Partenesi
2498 4895 2567 4949 ad
2606 4896 2866 4965 Virgines.
2910 4894 3048 4951 Huic
3087 4904 3270 4951 tamen
3300 4895 3585 4952 sententia:
3616 4893 3777 4949 Dios-

2194 4987 2409 5043 corides
2450 4985 2788 5059 refragatur,
2831 4997 2887 5043 et
2935 4985 3179 5043 Galenus
3207 4987 3263 5042 in
3298 4984 3540 5051 Simplic.
3562 5024 3579 5050 ,
3609 4986 3775 5043 σαλα-

2197 5078 2437 5150 μάνδρας
2468 5079 2765 5151 nucum;
2788 5080 3077 5145 meminit;
3124 5085 3179 5135 et
3209 5093 3262 5133 iv
3293 5075 3454 5130 Κατὰ
3483 5076 3635 5145 τόπ.,
3669 5081 3775 5135 Σα-

2192 5169 2504 5241 λαμάνδρας
2531 5173 2879 5245 κεκαυμένης
2914 5172 3116 5227 σποδόν
3143 5170 3395 5240 requirit.

2265 5260 2399 5318 Ibid.
2428 5302 2443 5327 ,
2492 5263 2589 5317 lin.
2622 5263 2675 5317 5.
2730 5263 2885 5318 Φασὶ
2926 5262 2996 5317 δὲ
3044 5260 3161 5329 τὴν
3207 5260 3477 5328 ἔχιδναν.
3511 5259 3771 5327 Basilius,

2191 5354 2340 5411 bom.
2380 5356 2414 5409 9
2448 5374 2461 5411 :
2497 5354 2608 5409 Καὶ
2650 5354 2854 5426 ἔχιδναι
2882 5355 2983 5419 τὰς
3018 5354 3229 5424 μήτρας
3255 5351 3773 5425 ὲκφαγοῦσαι,προ-

2179 5448 2460 5521 ’ἔρχονται,
2508 5447 2816 5521 πρέποντας
2852 5450 2917 5520 τῇ
2952 5444 3333 5517 γεννησαμένη
3377 5448 3505 5509 τοὺς
3546 5445 3773 5517 μισθοὺς

2190 5539 2587 5594 ἐκτιννύουσαι.
2637 5538 2947 5594 Notandum
3006 5548 3093 5593 est
3144 5537 3291 5607 quod
3317 5545 3508 5592 narrat
3570 5535 3770 5593 Petrus

2193 5630 2523 5699 Damianus,
2572 5632 2669 5687 lib.
2707 5648 2746 5685 ιι
2774 5671 2790 5695 ,
2839 5631 3059 5702 epistol.
3097 5629 3195 5692 18,
3229 5630 3296 5685 dc
3333 5629 3435 5684 hac
3464 5628 3650 5684 eadem
3687 5643 3768 5682 re.

2202 5724 2424 5795 Vipera,
2459 5724 2666 5795 inquit,
2696 5723 2794 5777 hac
2827 5723 3050 5778 coeundi
3097 5723 3178 5778 vel
3212 5721 3458 5791 pariendi
3486 5731 3773 5774 consuetu-

2189 5816 2313 5872 dine
2357 5816 2596 5872 naturali
2625 5817 2903 5887 potiuntur
2932 5817 3156 5887 imperio
3191 5825 3249 5871 ut
3299 5811 3563 5869 masculus
3604 5812 3659 5866 in
3709 5828 3770 5869 os
