  <div class='ocr_page' id='page_1' title='image "/cluster/home/n/w/nwhite01/storage/ocr_20150623/18/coo.31924054872985/494.png"; bbox 0 0 4124 6406; ppageno 0'>
   <div class='ocr_carea' id='block_1_1' title="bbox 343 446 442 502">
    <p class='ocr_par' dir='ltr' id='par_1_1' title="bbox 343 446 442 502">
     <span class='ocr_line' id='line_1_1' title="bbox 343 446 442 502; baseline -0.03 0"><span class='ocrx_word' id='word_1_1' title='bbox 343 446 442 502; x_wconf 79' lang='grc'><strong><em>061</em></strong></span> 
     </span>
    </p>
   </div>
   <div class='ocr_carea' id='block_1_2' title="bbox 1338 413 2594 482">
    <p class='ocr_par' dir='ltr' id='par_1_2' title="bbox 1338 413 2594 482">
     <span class='ocr_line' id='line_1_2' title="bbox 1338 413 2594 482; baseline -0.01 0"><span class='ocrx_word' id='word_1_2' title='bbox 1338 426 1404 482; x_wconf 84' lang='grc' dir='ltr'><strong><em>ΙΝ</em></strong></span> <span class='ocrx_word' id='word_1_3' title='bbox 1446 420 1812 480; x_wconf 79' lang='lat' dir='ltr'><strong><em>EUSTATHII</em></strong></span> <span class='ocrx_word' id='word_1_4' title='bbox 1852 414 2321 475; x_wconf 78' lang='lat' dir='ltr'><strong><em>llEXAEMERON</em></strong></span> <span class='ocrx_word' id='word_1_5' title='bbox 2361 413 2594 470; x_wconf 69' lang='lat' dir='ltr'><strong><em>NOTAE.</em></strong></span> 
     </span>
    </p>
   </div>
   <div class='ocr_carea' id='block_1_3' title="bbox 3471 411 3577 466">
    <p class='ocr_par' dir='ltr' id='par_1_3' title="bbox 3471 411 3577 466">
     <span class='ocr_line' id='line_1_3' title="bbox 3471 411 3577 466; baseline -0.028 0"><span class='ocrx_word' id='word_1_6' title='bbox 3471 411 3577 466; x_wconf 74' lang='lat'><strong><em>962</em></strong></span> 
     </span>
    </p>
   </div>
   <div class='ocr_carea' id='block_1_4' title="bbox 345 519 3577 634">
    <p class='ocr_par' dir='ltr' id='par_1_4' title="bbox 345 519 3577 634">
     <span class='ocr_line' id='line_1_4' title="bbox 345 519 3577 634; baseline -0.011 -18"><span class='ocrx_word' id='word_1_7' title='bbox 345 563 552 634; x_wconf 72' lang='lat' dir='ltr'><strong><em>(einina!</em></strong></span> <span class='ocrx_word' id='word_1_8' title='bbox 584 564 738 626; x_wconf 86' lang='lat' dir='ltr'><strong><em>caput</em></strong></span> <span class='ocrx_word' id='word_1_9' title='bbox 767 552 1062 623; x_wconf 88' lang='lat' dir='ltr'><strong><em>impingat,</em></strong></span> <span class='ocrx_word' id='word_1_10' title='bbox 1088 546 1232 620; x_wconf 88' lang='lat' dir='ltr'><strong><em>quod</em></strong></span> <span class='ocrx_word' id='word_1_11' title='bbox 1264 546 1361 600; x_wconf 91' lang='lat' dir='ltr'><strong><em>illa</em></strong></span> <span class='ocrx_word' id='word_1_12' title='bbox 1389 561 1500 614; x_wconf 81' lang='lat' dir='ltr'><strong><em>prce</em></strong></span> <span class='ocrx_word' id='word_1_13' title='bbox 1529 543 1683 596; x_wconf 89' lang='lat' dir='ltr'><strong><em>nimii</em></strong></span> <span class='ocrx_word' id='word_1_14' title='bbox 1713 540 1911 594; x_wconf 83' lang='lat' dir='ltr'><strong><em>amoris</em></strong></span> <span class='ocrx_word' id='word_1_15' title='bbox 1941 545 1986 600; x_wconf 78' lang='grc' dir='ltr'>Α</span> <span class='ocrx_word' id='word_1_16' title='bbox 2016 550 2155 601; x_wconf 88' lang='lat' dir='ltr'><strong><em>ram,</em></strong></span> <span class='ocrx_word' id='word_1_17' title='bbox 2189 532 2334 603; x_wconf 92' lang='lat' dir='ltr'><strong><em>quod</em></strong></span> <span class='ocrx_word' id='word_1_18' title='bbox 2367 539 2420 587; x_wconf 91' lang='lat' dir='ltr'><strong><em>et</em></strong></span> <span class='ocrx_word' id='word_1_19' title='bbox 2449 530 2674 586; x_wconf 75' lang='lat' dir='ltr'><strong><em>tradidit</em></strong></span> <span class='ocrx_word' id='word_1_20' title='bbox 2722 527 3042 599; x_wconf 85' lang='lat' dir='ltr'><strong><em>Apollonius</em></strong></span> <span class='ocrx_word' id='word_1_21' title='bbox 3091 526 3234 599; x_wconf 80' lang='lat' dir='ltr'><strong><em>apud</em></strong></span> <span class='ocrx_word' id='word_1_22' title='bbox 3271 519 3577 582; x_wconf 86' lang='lat' dir='ltr'><strong><em>Philostra-</em></strong></span> 
     </span>
    </p>
   </div>
   <div class='ocr_carea' id='block_1_5' title="bbox 341 633 1911 722">
    <p class='ocr_par' dir='ltr' id='par_1_5' title="bbox 341 633 1911 722">
     <span class='ocr_line' id='line_1_5' title="bbox 341 633 1911 722; baseline -0.017 -13"><span class='ocrx_word' id='word_1_23' title='bbox 341 652 674 722; x_wconf 83' lang='lat' dir='ltr'><strong><em>impatie&#39;ntia</em></strong></span> <span class='ocrx_word' id='word_1_24' title='bbox 705 645 986 701; x_wconf 88' lang='lat' dir='ltr'><strong><em>mordendo</em></strong></span> <span class='ocrx_word' id='word_1_25' title='bbox 1012 641 1290 712; x_wconf 70' lang='lat' dir='ltr'><strong><em>pra&#39;cidat,</em></strong></span> <span class='ocrx_word' id='word_1_26' title='bbox 1336 655 1396 691; x_wconf 89' lang='lat' dir='ltr'><strong><em>ac</em></strong></span> <span class='ocrx_word' id='word_1_27' title='bbox 1415 644 1609 706; x_wconf 76' lang='lat' dir='ltr'><strong><em>prmsto</em></strong></span> <span class='ocrx_word' id='word_1_28' title='bbox 1633 633 1911 703; x_wconf 90' lang='lat' dir='ltr'><strong><em>deglutiat,</em></strong></span> 
     </span>
    </p>
   </div>
   <div class='ocr_carea' id='block_1_6' title="bbox 341 723 1914 814">
    <p class='ocr_par' dir='ltr' id='par_1_6' title="bbox 341 723 1914 814">
     <span class='ocr_line' id='line_1_6' title="bbox 341 723 1914 814; baseline -0.017 -14"><span class='ocrx_word' id='word_1_29' title='bbox 341 763 407 800; x_wconf 72' lang='lat' dir='ltr'><strong><em>ex</em></strong></span> <span class='ocrx_word' id='word_1_30' title='bbox 432 744 580 814; x_wconf 56' lang='lat' dir='ltr'><strong><em>cuius</em></strong></span> <span class='ocrx_word' id='word_1_31' title='bbox 626 740 816 809; x_wconf 79' lang='lat' dir='ltr'><strong><em>capitis</em></strong></span> <span class='ocrx_word' id='word_1_32' title='bbox 857 735 1024 790; x_wconf 85' lang='lat' dir='ltr'><strong><em>oculis</em></strong></span> <span class='ocrx_word' id='word_1_33' title='bbox 1068 732 1174 786; x_wconf 92' lang='lat' dir='ltr'><strong><em>duo</em></strong></span> <span class='ocrx_word' id='word_1_34' title='bbox 1209 730 1374 784; x_wconf 88' lang='lat' dir='ltr'><strong><em>catuli</em></strong></span> <span class='ocrx_word' id='word_1_35' title='bbox 1421 735 1798 795; x_wconf 77' lang='lat' dir='ltr'><strong><em>procreantur,</em></strong></span> <span class='ocrx_word' id='word_1_36' title='bbox 1823 723 1914 791; x_wconf 91' lang='lat' dir='ltr'><strong><em>qui</em></strong></span> 
     </span>
    </p>
   </div>
   <div class='ocr_carea' id='block_1_7' title="bbox 343 814 1912 908">
    <p class='ocr_par' dir='ltr' id='par_1_7' title="bbox 343 814 1912 908">
     <span class='ocr_line' id='line_1_7' title="bbox 343 814 1912 908; baseline -0.016 -18"><span class='ocrx_word' id='word_1_37' title='bbox 343 847 528 908; x_wconf 86' lang='lat' dir='ltr'><strong><em>partus</em></strong></span> <span class='ocrx_word' id='word_1_38' title='bbox 565 843 793 899; x_wconf 86' lang='lat' dir='ltr'><strong><em>tempore</em></strong></span> <span class='ocrx_word' id='word_1_39' title='bbox 828 836 1070 880; x_wconf 87' lang='lat' dir='ltr'><strong><em>materna</em></strong></span> <span class='ocrx_word' id='word_1_40' title='bbox 1117 823 1288 876; x_wconf 82' lang='lat' dir='ltr'><strong><em>latera</em></strong></span> <span class='ocrx_word' id='word_1_41' title='bbox 1327 819 1570 889; x_wconf 85' lang='lat' dir='ltr'><strong><em>utrinque</em></strong></span> <span class='ocrx_word' id='word_1_42' title='bbox 1604 814 1912 881; x_wconf 88' lang='lat' dir='ltr'><strong><em>corrodunt,</em></strong></span> 
     </span>
    </p>
   </div>
   <div class='ocr_carea' id='block_1_8' title="bbox 344 914 1914 982">
    <p class='ocr_par' dir='ltr' id='par_1_8' title="bbox 344 914 1914 982">
     <span class='ocr_line' id='line_1_8' title="bbox 344 914 1914 982; baseline -0.016 -1"><span class='ocrx_word' id='word_1_43' title='bbox 344 938 394 982; x_wconf 88' lang='lat' dir='ltr'><strong><em>et</em></strong></span> <span class='ocrx_word' id='word_1_44' title='bbox 419 927 494 979; x_wconf 88' lang='lat' dir='ltr'><strong><em>sic</em></strong></span> <span class='ocrx_word' id='word_1_45' title='bbox 521 920 836 977; x_wconf 76' lang='lat' dir='ltr'><strong><em>altrinsecus</em></strong></span> <span class='ocrx_word' id='word_1_46' title='bbox 861 916 1020 971; x_wconf 80' lang='lat' dir='ltr'><strong><em>simul</em></strong></span> <span class='ocrx_word' id='word_1_47' title='bbox 1041 914 1353 975; x_wconf 87' lang='lat' dir='ltr'><strong><em>occidentes,</em></strong></span> <span class='ocrx_word' id='word_1_48' title='bbox 1371 918 1419 963; x_wconf 91' lang='lat' dir='ltr'><strong><em>et</em></strong></span> <span class='ocrx_word' id='word_1_49' title='bbox 1450 915 1719 962; x_wconf 86' lang='lat' dir='ltr'><strong><em>nascentes</em></strong></span> <span class='ocrx_word' id='word_1_50' title='bbox 1739 920 1914 958; x_wconf 87' lang='lat' dir='ltr'><strong><em>erum-</em></strong></span> 
     </span>
    </p>
   </div>
   <div class='ocr_carea' id='block_1_9' title="bbox 344 997 1914 1085">
    <p class='ocr_par' dir='ltr' id='par_1_9' title="bbox 344 997 1914 1085">
     <span class='ocr_line' id='line_1_9' title="bbox 344 997 1914 1085; baseline -0.015 -15"><span class='ocrx_word' id='word_1_51' title='bbox 344 1026 495 1085; x_wconf 90' lang='lat' dir='ltr'><strong><em>punt.</em></strong></span> <span class='ocrx_word' id='word_1_52' title='bbox 529 1014 634 1080; x_wconf 84' lang='lat' dir='ltr'><strong><em>Qui</em></strong></span> <span class='ocrx_word' id='word_1_53' title='bbox 658 1011 906 1065; x_wconf 84' lang='lat' dir='ltr'><strong><em>nimirum</em></strong></span> <span class='ocrx_word' id='word_1_54' title='bbox 928 1017 1048 1062; x_wconf 84' lang='lat' dir='ltr'><strong><em>ante</em></strong></span> <span class='ocrx_word' id='word_1_55' title='bbox 1076 1014 1198 1060; x_wconf 90' lang='lat' dir='ltr'><strong><em>sunt</em></strong></span> <span class='ocrx_word' id='word_1_56' title='bbox 1224 1002 1503 1072; x_wconf 68' lang='lat' dir='ltr'><strong><em>parricidae</em></strong></span> <span class='ocrx_word' id='word_1_57' title='bbox 1535 1015 1692 1069; x_wconf 89' lang='lat' dir='ltr'><strong><em>quam</em></strong></span> <span class='ocrx_word' id='word_1_58' title='bbox 1718 997 1838 1066; x_wconf 78' lang='lat' dir='ltr'><strong><em>ﬁlii,</em></strong></span> <span class='ocrx_word' id='word_1_59' title='bbox 1865 1004 1914 1048; x_wconf 93' lang='lat' dir='ltr'><strong><em>et</em></strong></span> 
     </span>
    </p>
   </div>
   <div class='ocr_carea' id='block_1_10' title="bbox 349 1094 1914 1173">
    <p class='ocr_par' dir='ltr' id='par_1_10' title="bbox 349 1094 1914 1173">
     <span class='ocr_line' id='line_1_10' title="bbox 349 1094 1914 1173; baseline -0.014 -11"><span class='ocrx_word' id='word_1_60' title='bbox 349 1108 465 1162; x_wconf 90' lang='lat' dir='ltr'><strong><em>ideo</em></strong></span> <span class='ocrx_word' id='word_1_61' title='bbox 500 1120 766 1173; x_wconf 83' lang='lat' dir='ltr'><strong><em>nunquam</em></strong></span> <span class='ocrx_word' id='word_1_62' title='bbox 792 1110 982 1170; x_wconf 66' lang='lat' dir='ltr'><strong><em>praeter</em></strong></span> <span class='ocrx_word' id='word_1_63' title='bbox 1009 1099 1142 1152; x_wconf 90' lang='lat' dir='ltr'><strong><em>duos</em></strong></span> <span class='ocrx_word' id='word_1_64' title='bbox 1166 1097 1302 1151; x_wconf 76' lang='lat' dir='ltr'><strong><em>ualet</em></strong></span> <span class='ocrx_word' id='word_1_65' title='bbox 1343 1094 1499 1162; x_wconf 81' lang='lat' dir='ltr'><strong><em>hujus</em></strong></span> <span class='ocrx_word' id='word_1_66' title='bbox 1529 1095 1731 1163; x_wconf 86' lang='lat' dir='ltr'><strong><em>generis</em></strong></span> <span class='ocrx_word' id='word_1_67' title='bbox 1765 1104 1914 1143; x_wconf 73' lang='lat' dir='ltr'><strong><em>exce-</em></strong></span> 
     </span>
    </p>
   </div>
   <div class='ocr_carea' id='block_1_11' title="bbox 348 1181 1915 1266">
    <p class='ocr_par' dir='ltr' id='par_1_11' title="bbox 348 1181 1915 1266">
     <span class='ocr_line' id='line_1_11' title="bbox 348 1181 1915 1266; baseline -0.013 -14"><span class='ocrx_word' id='word_1_68' title='bbox 348 1200 476 1252; x_wconf 88' lang='lat' dir='ltr'><strong><em>dens</em></strong></span> <span class='ocrx_word' id='word_1_69' title='bbox 505 1197 704 1266; x_wconf 87' lang='lat' dir='ltr'><strong><em>aliquid</em></strong></span> <span class='ocrx_word' id='word_1_70' title='bbox 736 1193 979 1248; x_wconf 85' lang='lat' dir='ltr'><strong><em>inveniri.</em></strong></span> <span class='ocrx_word' id='word_1_71' title='bbox 1013 1191 1128 1244; x_wconf 89' lang='lat' dir='ltr'><strong><em>Duo</em></strong></span> <span class='ocrx_word' id='word_1_72' title='bbox 1161 1198 1342 1242; x_wconf 87' lang='lat' dir='ltr'><strong><em>tamen</em></strong></span> <span class='ocrx_word' id='word_1_73' title='bbox 1378 1186 1467 1240; x_wconf 91' lang='lat' dir='ltr'><strong><em>hic</em></strong></span> <span class='ocrx_word' id='word_1_74' title='bbox 1492 1183 1559 1238; x_wconf 90' lang='lat' dir='ltr'><strong><em>de</em></strong></span> <span class='ocrx_word' id='word_1_75' title='bbox 1590 1191 1786 1236; x_wconf 89' lang='lat' dir='ltr'><strong><em>natura</em></strong></span> <span class='ocrx_word' id='word_1_76' title='bbox 1817 1181 1915 1233; x_wconf 87' lang='lat' dir='ltr'><strong><em>hu-</em></strong></span> 
     </span>
    </p>
   </div>
   <div class='ocr_carea' id='block_1_12' title="bbox 346 1269 1915 1354">
    <p class='ocr_par' dir='ltr' id='par_1_12' title="bbox 346 1269 1915 1354">
     <span class='ocr_line' id='line_1_12' title="bbox 346 1269 1915 1354; baseline -0.011 -14"><span class='ocrx_word' id='word_1_77' title='bbox 346 1286 438 1354; x_wconf 87' lang='lat' dir='ltr'><strong><em>jus</em></strong></span> <span class='ocrx_word' id='word_1_78' title='bbox 464 1283 732 1354; x_wconf 82' lang='lat' dir='ltr'><strong><em>serpentis</em></strong></span> <span class='ocrx_word' id='word_1_79' title='bbox 757 1321 772 1346; x_wconf 89' lang='lat'><strong><em>,</em></strong></span> <span class='ocrx_word' id='word_1_80' title='bbox 804 1297 926 1350; x_wconf 55' lang='lat' dir='ltr'><strong><em>quae</em></strong></span> <span class='ocrx_word' id='word_1_81' title='bbox 973 1278 1139 1334; x_wconf 80' lang='lat' dir='ltr'><strong><em>refert</em></strong></span> <span class='ocrx_word' id='word_1_82' title='bbox 1169 1278 1256 1331; x_wconf 92' lang='lat' dir='ltr'><strong><em>hic</em></strong></span> <span class='ocrx_word' id='word_1_83' title='bbox 1289 1282 1517 1338; x_wconf 80' lang='lat' dir='ltr'><strong><em>auctor,</em></strong></span> <span class='ocrx_word' id='word_1_84' title='bbox 1549 1283 1602 1327; x_wconf 91' lang='lat' dir='ltr'><strong><em>et</em></strong></span> <span class='ocrx_word' id='word_1_85' title='bbox 1633 1272 1786 1326; x_wconf 91' lang='lat' dir='ltr'><strong><em>multi</em></strong></span> <span class='ocrx_word' id='word_1_86' title='bbox 1823 1269 1915 1323; x_wconf 86' lang='lat' dir='ltr'><strong><em>alii</em></strong></span> 
     </span>
    </p>
   </div>
   <div class='ocr_carea' id='block_1_13' title="bbox 350 1363 1913 1439">
    <p class='ocr_par' dir='ltr' id='par_1_13' title="bbox 350 1363 1913 1439">
     <span class='ocr_line' id='line_1_13' title="bbox 350 1363 1913 1439; baseline -0.011 -8"><span class='ocrx_word' id='word_1_87' title='bbox 350 1392 461 1431; x_wconf 91' lang='lat' dir='ltr'><strong><em>uno</em></strong></span> <span class='ocrx_word' id='word_1_88' title='bbox 492 1391 606 1439; x_wconf 88' lang='lat' dir='ltr'><strong><em>ore,</em></strong></span> <span class='ocrx_word' id='word_1_89' title='bbox 658 1371 1056 1428; x_wconf 87' lang='lat' dir='ltr'><strong><em>consideranda</em></strong></span> <span class='ocrx_word' id='word_1_90' title='bbox 1084 1375 1234 1433; x_wconf 87' lang='lat' dir='ltr'><strong><em>sunt,</em></strong></span> <span class='ocrx_word' id='word_1_91' title='bbox 1265 1374 1319 1422; x_wconf 90' lang='lat' dir='ltr'><strong><em>et</em></strong></span> <span class='ocrx_word' id='word_1_92' title='bbox 1363 1367 1597 1436; x_wconf 88' lang='lat' dir='ltr'><strong><em>primum</em></strong></span> <span class='ocrx_word' id='word_1_93' title='bbox 1635 1363 1704 1417; x_wconf 87' lang='lat' dir='ltr'><strong><em>de</em></strong></span> <span class='ocrx_word' id='word_1_94' title='bbox 1735 1363 1913 1429; x_wconf 82' lang='lat' dir='ltr'><strong><em>coitu;</em></strong></span> 
     </span>
    </p>
   </div>
   <div class='ocr_carea' id='block_1_14' title="bbox 350 1458 1915 1535">
    <p class='ocr_par' dir='ltr' id='par_1_14' title="bbox 350 1458 1915 1535">
     <span class='ocr_line' id='line_1_14' title="bbox 350 1458 1915 1535; baseline -0.011 -12"><span class='ocrx_word' id='word_1_95' title='bbox 350 1470 427 1523; x_wconf 87' lang='lat' dir='ltr'><strong><em>ait</em></strong></span> <span class='ocrx_word' id='word_1_96' title='bbox 462 1469 605 1523; x_wconf 89' lang='lat' dir='ltr'><strong><em>enim</em></strong></span> <span class='ocrx_word' id='word_1_97' title='bbox 628 1505 643 1530; x_wconf 89' lang='lat'><strong><em>,</em></strong></span> <span class='ocrx_word' id='word_1_98' title='bbox 684 1467 926 1535; x_wconf 83' lang='lat' dir='ltr'><strong><em>viperam</em></strong></span> <span class='ocrx_word' id='word_1_99' title='bbox 967 1479 1062 1534; x_wconf 91' lang='lat' dir='ltr'><strong><em>per</em></strong></span> <span class='ocrx_word' id='word_1_100' title='bbox 1088 1477 1153 1515; x_wconf 89' lang='lat' dir='ltr'><strong><em>os</em></strong></span> <span class='ocrx_word' id='word_1_101' title='bbox 1204 1475 1391 1515; x_wconf 88' lang='lat' dir='ltr'><strong><em>semen</em></strong></span> <span class='ocrx_word' id='word_1_102' title='bbox 1437 1458 1709 1526; x_wconf 81' lang='lat' dir='ltr'><strong><em>excipere,</em></strong></span> <span class='ocrx_word' id='word_1_103' title='bbox 1744 1470 1915 1508; x_wconf 92' lang='lat' dir='ltr'><strong><em>mem-</em></strong></span> 
     </span>
    </p>
   </div>
   <div class='ocr_carea' id='block_1_15' title="bbox 353 1549 1916 1628">
    <p class='ocr_par' dir='ltr' id='par_1_15' title="bbox 353 1549 1916 1628">
     <span class='ocr_line' id='line_1_15' title="bbox 353 1549 1916 1628; baseline -0.01 -13"><span class='ocrx_word' id='word_1_104' title='bbox 353 1562 621 1628; x_wconf 86' lang='lat' dir='ltr'><strong><em>brumque</em></strong></span> <span class='ocrx_word' id='word_1_105' title='bbox 651 1558 820 1610; x_wconf 88' lang='lat' dir='ltr'><strong><em>maris</em></strong></span> <span class='ocrx_word' id='word_1_106' title='bbox 849 1571 944 1610; x_wconf 89' lang='lat' dir='ltr'><strong><em>ore</em></strong></span> <span class='ocrx_word' id='word_1_107' title='bbox 970 1552 1241 1614; x_wconf 80' lang='lat' dir='ltr'><strong><em>excidere,</em></strong></span> <span class='ocrx_word' id='word_1_108' title='bbox 1275 1552 1377 1605; x_wconf 90' lang='lat' dir='ltr'><strong><em>hac</em></strong></span> <span class='ocrx_word' id='word_1_109' title='bbox 1407 1549 1620 1604; x_wconf 86' lang='lat' dir='ltr'><strong><em>ratione</em></strong></span> <span class='ocrx_word' id='word_1_110' title='bbox 1649 1551 1784 1600; x_wconf 89' lang='lat' dir='ltr'><strong><em>mari</em></strong></span> <span class='ocrx_word' id='word_1_111' title='bbox 1819 1562 1916 1600; x_wconf 89' lang='lat' dir='ltr'><strong><em>ne-</em></strong></span> 
     </span>
    </p>
   </div>
   <div class='ocr_carea' id='block_1_16' title="bbox 350 1639 1914 1720">
    <p class='ocr_par' dir='ltr' id='par_1_16' title="bbox 350 1639 1914 1720">
     <span class='ocr_line' id='line_1_16' title="bbox 350 1639 1914 1720; baseline -0.012 -13"><span class='ocrx_word' id='word_1_112' title='bbox 350 1669 468 1707; x_wconf 90' lang='lat' dir='ltr'><strong><em>cem</em></strong></span> <span class='ocrx_word' id='word_1_113' title='bbox 495 1650 753 1720; x_wconf 86' lang='lat' dir='ltr'><strong><em>parando.</em></strong></span> <span class='ocrx_word' id='word_1_114' title='bbox 777 1649 891 1703; x_wconf 86' lang='lat' dir='ltr'><strong><em>Hoc</em></strong></span> <span class='ocrx_word' id='word_1_115' title='bbox 924 1648 1063 1702; x_wconf 91' lang='lat' dir='ltr'><strong><em>idem</em></strong></span> <span class='ocrx_word' id='word_1_116' title='bbox 1091 1646 1252 1698; x_wconf 83' lang='lat' dir='ltr'><strong><em>aliter</em></strong></span> <span class='ocrx_word' id='word_1_117' title='bbox 1279 1642 1372 1696; x_wconf 86' lang='lat' dir='ltr'><strong><em>alii</em></strong></span> <span class='ocrx_word' id='word_1_118' title='bbox 1405 1647 1650 1703; x_wconf 89' lang='lat' dir='ltr'><strong><em>narrant,</em></strong></span> <span class='ocrx_word' id='word_1_119' title='bbox 1671 1639 1914 1707; x_wconf 87' lang='lat' dir='ltr'><strong><em>viperam</em></strong></span> 
     </span>
    </p>
   </div>
   <div class='ocr_carea' id='block_1_17' title="bbox 349 1728 1914 1805">
    <p class='ocr_par' dir='ltr' id='par_1_17' title="bbox 349 1728 1914 1805">
     <span class='ocr_line' id='line_1_17' title="bbox 349 1728 1914 1805; baseline -0.01 -8"><span class='ocrx_word' id='word_1_120' title='bbox 349 1743 614 1797; x_wconf 77' lang='lat' dir='ltr'><strong><em>duntaxat</em></strong></span> <span class='ocrx_word' id='word_1_121' title='bbox 645 1741 728 1794; x_wconf 88' lang='lat' dir='ltr'><strong><em>ori</em></strong></span> <span class='ocrx_word' id='word_1_122' title='bbox 757 1755 860 1794; x_wconf 90' lang='lat' dir='ltr'><strong><em>suo</em></strong></span> <span class='ocrx_word' id='word_1_123' title='bbox 890 1737 1056 1791; x_wconf 89' lang='lat' dir='ltr'><strong><em>maris</em></strong></span> <span class='ocrx_word' id='word_1_124' title='bbox 1089 1741 1254 1805; x_wconf 89' lang='lat' dir='ltr'><strong><em>caput</em></strong></span> <span class='ocrx_word' id='word_1_125' title='bbox 1306 1733 1507 1786; x_wconf 88' lang='lat' dir='ltr'><strong><em>habere</em></strong></span> <span class='ocrx_word' id='word_1_126' title='bbox 1553 1731 1818 1784; x_wconf 88' lang='lat' dir='ltr'><strong><em>insertum</em></strong></span> <span class='ocrx_word' id='word_1_127' title='bbox 1859 1728 1914 1782; x_wconf 90' lang='lat' dir='ltr'><strong><em>in</em></strong></span> 
     </span>
    </p>
   </div>
   <div class='ocr_carea' id='block_1_18' title="bbox 350 1815 1913 1894">
    <p class='ocr_par' dir='ltr' id='par_1_18' title="bbox 350 1815 1913 1894">
     <span class='ocr_line' id='line_1_18' title="bbox 350 1815 1913 1894; baseline -0.013 -8"><span class='ocrx_word' id='word_1_128' title='bbox 350 1833 518 1894; x_wconf 89' lang='lat' dir='ltr'><strong><em>coitu,</em></strong></span> <span class='ocrx_word' id='word_1_129' title='bbox 551 1836 605 1885; x_wconf 92' lang='lat' dir='ltr'><strong><em>et</em></strong></span> <span class='ocrx_word' id='word_1_130' title='bbox 635 1827 767 1883; x_wconf 88' lang='lat' dir='ltr'><strong><em>illud</em></strong></span> <span class='ocrx_word' id='word_1_131' title='bbox 797 1827 992 1881; x_wconf 88' lang='lat' dir='ltr'><strong><em>ardore</em></strong></span> <span class='ocrx_word' id='word_1_132' title='bbox 1023 1823 1264 1878; x_wconf 88' lang='lat' dir='ltr'><strong><em>libidinis</em></strong></span> <span class='ocrx_word' id='word_1_133' title='bbox 1302 1833 1658 1890; x_wconf 75' lang='lat' dir='ltr'><strong><em>praemorsum</em></strong></span> <span class='ocrx_word' id='word_1_134' title='bbox 1690 1815 1913 1870; x_wconf 84' lang='lat' dir='ltr'><strong><em>abscin-</em></strong></span> 
     </span>
    </p>
   </div>
   <div class='ocr_carea' id='block_1_19' title="bbox 2014 619 3579 692">
    <p class='ocr_par' dir='ltr' id='par_1_19' title="bbox 2014 619 3579 692">
     <span class='ocr_line' id='line_1_19' title="bbox 2014 619 3579 692; baseline -0.004 -12"><span class='ocrx_word' id='word_1_135' title='bbox 2014 635 2164 688; x_wconf 88' lang='lat' dir='ltr'><strong><em>tum,</em></strong></span> <span class='ocrx_word' id='word_1_136' title='bbox 2194 633 2249 680; x_wconf 93' lang='lat' dir='ltr'><strong><em>et</em></strong></span> <span class='ocrx_word' id='word_1_137' title='bbox 2297 623 2564 677; x_wconf 76' lang='lat' dir='ltr'><strong><em>Maximus</em></strong></span> <span class='ocrx_word' id='word_1_138' title='bbox 2614 620 2836 692; x_wconf 87' lang='lat' dir='ltr'><strong><em>Tyrius.</em></strong></span> <span class='ocrx_word' id='word_1_139' title='bbox 2883 619 2950 672; x_wconf 88' lang='lat' dir='ltr'><strong><em>Et</em></strong></span> <span class='ocrx_word' id='word_1_140' title='bbox 2972 619 3157 674; x_wconf 68' lang='lat' dir='ltr'><strong><em>Roma:</em></strong></span> <span class='ocrx_word' id='word_1_141' title='bbox 3191 619 3492 688; x_wconf 66' lang='lat' dir='ltr'><strong><em>saepissime</em></strong></span> <span class='ocrx_word' id='word_1_142' title='bbox 3522 622 3579 673; x_wconf 91' lang='lat' dir='ltr'><strong><em>in</em></strong></span> 
     </span>
    </p>
   </div>
   <div class='ocr_carea' id='block_1_20' title="bbox 2011 712 3579 788">
    <p class='ocr_par' dir='ltr' id='par_1_20' title="bbox 2011 712 3579 788">
     <span class='ocr_line' id='line_1_20' title="bbox 2011 712 3579 788; baseline -0.005 -16"><span class='ocrx_word' id='word_1_143' title='bbox 2011 720 2204 788; x_wconf 79' lang='lat' dir='ltr'><strong><em>ligneis</em></strong></span> <span class='ocrx_word' id='word_1_144' title='bbox 2234 717 2407 772; x_wconf 88' lang='lat' dir='ltr'><strong><em>thecis</em></strong></span> <span class='ocrx_word' id='word_1_145' title='bbox 2449 723 2612 770; x_wconf 89' lang='lat' dir='ltr'><strong><em>enata</em></strong></span> <span class='ocrx_word' id='word_1_146' title='bbox 2657 713 2878 768; x_wconf 85' lang='lat' dir='ltr'><strong><em>soboles</em></strong></span> <span class='ocrx_word' id='word_1_147' title='bbox 2918 713 2986 766; x_wconf 94' lang='lat' dir='ltr'><strong><em>ab</em></strong></span> <span class='ocrx_word' id='word_1_148' title='bbox 3014 712 3268 766; x_wconf 89' lang='lat' dir='ltr'><strong><em>omnibus</em></strong></span> <span class='ocrx_word' id='word_1_149' title='bbox 3311 713 3579 776; x_wconf 88' lang='lat' dir='ltr'><strong><em>cernitur,</em></strong></span> 
     </span>
    </p>
   </div>
   <div class='ocr_carea' id='block_1_21' title="bbox 2011 801 3578 882">
    <p class='ocr_par' dir='ltr' id='par_1_21' title="bbox 2011 801 3578 882">
     <span class='ocr_line' id='line_1_21' title="bbox 2011 801 3578 882; baseline -0.007 -16"><span class='ocrx_word' id='word_1_150' title='bbox 2011 818 2064 866; x_wconf 91' lang='lat' dir='ltr'><strong><em>et</em></strong></span> <span class='ocrx_word' id='word_1_151' title='bbox 2105 826 2305 882; x_wconf 90' lang='lat' dir='ltr'><strong><em>parens</em></strong></span> <span class='ocrx_word' id='word_1_152' title='bbox 2353 809 2506 864; x_wconf 88' lang='lat' dir='ltr'><strong><em>salva</em></strong></span> <span class='ocrx_word' id='word_1_153' title='bbox 2551 823 2617 862; x_wconf 90' lang='lat' dir='ltr'><strong><em>ac</em></strong></span> <span class='ocrx_word' id='word_1_154' title='bbox 2653 813 2936 876; x_wconf 86' lang='lat' dir='ltr'><strong><em>superstes</em></strong></span> <span class='ocrx_word' id='word_1_155' title='bbox 2972 821 2989 870; x_wconf 88' lang='lat'>;</span> <span class='ocrx_word' id='word_1_156' title='bbox 3040 812 3095 857; x_wconf 91' lang='lat' dir='ltr'><strong><em>et</em></strong></span> <span class='ocrx_word' id='word_1_157' title='bbox 3123 818 3222 872; x_wconf 80' lang='lat' dir='ltr'><strong><em>ego</em></strong></span> <span class='ocrx_word' id='word_1_158' title='bbox 3255 803 3419 857; x_wconf 85' lang='lat' dir='ltr'><strong><em>etiam</em></strong></span> <span class='ocrx_word' id='word_1_159' title='bbox 3447 801 3578 856; x_wconf 90' lang='lat' dir='ltr'><strong><em>vidi.</em></strong></span> 
     </span>
    </p>
   </div>
   <div class='ocr_carea' id='block_1_22' title="bbox 2013 893 3579 969">
    <p class='ocr_par' dir='ltr' id='par_1_22' title="bbox 2013 893 3579 969">
     <span class='ocr_line' id='line_1_22' title="bbox 2013 893 3579 969; baseline -0.008 -11"><span class='ocrx_word' id='word_1_160' title='bbox 2013 903 2250 958; x_wconf 86' lang='lat' dir='ltr'><strong><em>Consule</em></strong></span> <span class='ocrx_word' id='word_1_161' title='bbox 2278 900 2630 969; x_wconf 73' lang='lat' dir='ltr'><strong><em>Bodiginum,</em></strong></span> <span class='ocrx_word' id='word_1_162' title='bbox 2657 898 2753 955; x_wconf 88' lang='lat' dir='ltr'><strong><em>lib.</em></strong></span> <span class='ocrx_word' id='word_1_163' title='bbox 2772 912 2984 966; x_wconf 76' lang='lat' dir='ltr'><strong><em>vu,cap.</em></strong></span> <span class='ocrx_word' id='word_1_164' title='bbox 3015 896 3102 950; x_wconf 83' lang='grc'><strong>15.</strong></span> <span class='ocrx_word' id='word_1_165' title='bbox 3136 894 3270 948; x_wconf 90' lang='lat' dir='ltr'><strong><em>lllud</em></strong></span> <span class='ocrx_word' id='word_1_166' title='bbox 3295 895 3454 949; x_wconf 89' lang='lat' dir='ltr'><strong><em>etiam</em></strong></span> <span class='ocrx_word' id='word_1_167' title='bbox 3484 893 3579 946; x_wconf 77' lang='lat' dir='ltr'><strong><em>ad-</em></strong></span> 
     </span>
    </p>
   </div>
   <div class='ocr_carea' id='block_1_23' title="bbox 2010 986 3578 1060">
    <p class='ocr_par' dir='ltr' id='par_1_23' title="bbox 2010 986 3578 1060">
     <span class='ocr_line' id='line_1_23' title="bbox 2010 986 3578 1060; baseline -0.008 -9"><span class='ocrx_word' id='word_1_168' title='bbox 2010 997 2158 1059; x_wconf 88' lang='lat' dir='ltr'><strong><em>dam,</em></strong></span> <span class='ocrx_word' id='word_1_169' title='bbox 2210 994 2520 1048; x_wconf 89' lang='lat' dir='ltr'><strong><em>Cardanum</em></strong></span> <span class='ocrx_word' id='word_1_170' title='bbox 2561 1007 2592 1045; x_wconf 94' lang='lat' dir='ltr'><strong><em>a</em></strong></span> <span class='ocrx_word' id='word_1_171' title='bbox 2629 991 2906 1060; x_wconf 80' lang='lat' dir='ltr'><strong><em>Scaligero</em></strong></span> <span class='ocrx_word' id='word_1_172' title='bbox 2953 1003 3136 1043; x_wconf 76' lang='lat' dir='ltr'><strong><em>exere.</em></strong></span> <span class='ocrx_word' id='word_1_173' title='bbox 3193 987 3296 1042; x_wconf 73' lang='lat' dir='ltr'><strong><em>l25</em></strong></span> <span class='ocrx_word' id='word_1_174' title='bbox 3346 995 3400 1040; x_wconf 90' lang='lat' dir='ltr'><strong><em>et</em></strong></span> <span class='ocrx_word' id='word_1_175' title='bbox 3448 986 3578 1050; x_wconf 76' lang='grc'><strong>185,</strong></span> 
     </span>
    </p>
   </div>
   <div class='ocr_carea' id='block_1_24' title="bbox 2012 1078 3581 1155">
    <p class='ocr_par' dir='ltr' id='par_1_24' title="bbox 2012 1078 3581 1155">
     <span class='ocr_line' id='line_1_24' title="bbox 2012 1078 3581 1155; baseline -0.008 -13"><span class='ocrx_word' id='word_1_176' title='bbox 2012 1103 2163 1142; x_wconf 91' lang='lat' dir='ltr'><strong><em>num.</em></strong></span> <span class='ocrx_word' id='word_1_177' title='bbox 2199 1086 2287 1151; x_wconf 75' lang='grc'><strong>15,</strong></span> <span class='ocrx_word' id='word_1_178' title='bbox 2324 1083 2669 1155; x_wconf 86' lang='lat' dir='ltr'><strong><em>reprehendi,</em></strong></span> <span class='ocrx_word' id='word_1_179' title='bbox 2708 1082 2853 1152; x_wconf 89' lang='lat' dir='ltr'><strong><em>quod</em></strong></span> <span class='ocrx_word' id='word_1_180' title='bbox 2883 1082 3091 1138; x_wconf 83' lang='lat' dir='ltr'><strong><em>scilicet</em></strong></span> <span class='ocrx_word' id='word_1_181' title='bbox 3121 1079 3363 1149; x_wconf 85' lang='lat' dir='ltr'><strong><em>aspidem</em></strong></span> <span class='ocrx_word' id='word_1_182' title='bbox 3419 1082 3473 1132; x_wconf 90' lang='lat' dir='ltr'><strong><em>et</em></strong></span> <span class='ocrx_word' id='word_1_183' title='bbox 3499 1078 3581 1131; x_wconf 87' lang='lat' dir='ltr'><strong><em>vi—</em></strong></span> 
     </span>
    </p>
   </div>
   <div class='ocr_carea' id='block_1_25' title="bbox 2011 1167 3584 1249">
    <p class='ocr_par' dir='ltr' id='par_1_25' title="bbox 2011 1167 3584 1249">
     <span class='ocr_line' id='line_1_25' title="bbox 2011 1167 3584 1249; baseline -0.008 -16"><span class='ocrx_word' id='word_1_184' title='bbox 2011 1193 2198 1249; x_wconf 88' lang='lat' dir='ltr'><strong><em>peram</em></strong></span> <span class='ocrx_word' id='word_1_185' title='bbox 2249 1193 2413 1231; x_wconf 89' lang='lat' dir='ltr'><strong><em>unam</em></strong></span> <span class='ocrx_word' id='word_1_186' title='bbox 2462 1183 2517 1230; x_wconf 89' lang='lat' dir='ltr'><strong><em>et</em></strong></span> <span class='ocrx_word' id='word_1_187' title='bbox 2563 1174 2808 1229; x_wconf 87' lang='lat' dir='ltr'><strong><em>eamdem</em></strong></span> <span class='ocrx_word' id='word_1_188' title='bbox 2853 1171 3174 1242; x_wconf 82' lang='lat' dir='ltr'><strong><em>agnoverit;</em></strong></span> <span class='ocrx_word' id='word_1_189' title='bbox 3208 1169 3351 1224; x_wconf 88' lang='lat' dir='ltr'><strong><em>sicut</em></strong></span> <span class='ocrx_word' id='word_1_190' title='bbox 3384 1167 3440 1220; x_wconf 90' lang='lat' dir='ltr'><strong><em>in</em></strong></span> <span class='ocrx_word' id='word_1_191' title='bbox 3468 1167 3584 1237; x_wconf 88' lang='lat' dir='ltr'><strong><em>epi-</em></strong></span> 
     </span>
    </p>
   </div>
   <div class='ocr_carea' id='block_1_26' title="bbox 2012 1255 3584 1335">
    <p class='ocr_par' dir='ltr' id='par_1_26' title="bbox 2012 1255 3584 1335">
     <span class='ocr_line' id='line_1_26' title="bbox 2012 1255 3584 1335; baseline -0.008 -13"><span class='ocrx_word' id='word_1_192' title='bbox 2012 1268 2150 1322; x_wconf 90' lang='lat' dir='ltr'><strong><em>stola</em></strong></span> <span class='ocrx_word' id='word_1_193' title='bbox 2173 1265 2405 1335; x_wconf 89' lang='lat' dir='ltr'><strong><em>quadam</em></strong></span> <span class='ocrx_word' id='word_1_194' title='bbox 2429 1278 2589 1316; x_wconf 89' lang='lat' dir='ltr'><strong><em>manu</em></strong></span> <span class='ocrx_word' id='word_1_195' title='bbox 2615 1262 2834 1332; x_wconf 89' lang='lat' dir='ltr'><strong><em>propria</em></strong></span> <span class='ocrx_word' id='word_1_196' title='bbox 2861 1260 3096 1314; x_wconf 89' lang='lat' dir='ltr'><strong><em>Cardani</em></strong></span> <span class='ocrx_word' id='word_1_197' title='bbox 3122 1259 3327 1328; x_wconf 88' lang='lat' dir='ltr'><strong><em>scripta</em></strong></span> <span class='ocrx_word' id='word_1_198' title='bbox 3358 1273 3417 1312; x_wconf 91' lang='lat' dir='ltr'><strong><em>se</em></strong></span> <span class='ocrx_word' id='word_1_199' title='bbox 3447 1255 3584 1310; x_wconf 84' lang='lat' dir='ltr'><strong><em>Sca-</em></strong></span> 
     </span>
    </p>
   </div>
   <div class='ocr_carea' id='block_1_27' title="bbox 2011 1351 3584 1428">
    <p class='ocr_par' dir='ltr' id='par_1_27' title="bbox 2011 1351 3584 1428">
     <span class='ocr_line' id='line_1_27' title="bbox 2011 1351 3584 1428; baseline -0.005 -16"><span class='ocrx_word' id='word_1_200' title='bbox 2011 1359 2147 1428; x_wconf 80' lang='lat' dir='ltr'><strong><em>liger</em></strong></span> <span class='ocrx_word' id='word_1_201' title='bbox 2193 1355 2397 1410; x_wconf 87' lang='lat' dir='ltr'><strong><em>vidisse</em></strong></span> <span class='ocrx_word' id='word_1_202' title='bbox 2445 1361 2714 1416; x_wconf 83' lang='lat' dir='ltr'><strong><em>testatur,</em></strong></span> <span class='ocrx_word' id='word_1_203' title='bbox 2762 1369 2887 1408; x_wconf 89' lang='lat' dir='ltr'><strong><em>eum</em></strong></span> <span class='ocrx_word' id='word_1_204' title='bbox 2928 1351 3210 1421; x_wconf 89' lang='lat' dir='ltr'><strong><em>dipsadem</em></strong></span> <span class='ocrx_word' id='word_1_205' title='bbox 3242 1368 3366 1405; x_wconf 87' lang='lat' dir='ltr'><strong><em>cum</em></strong></span> <span class='ocrx_word' id='word_1_206' title='bbox 3399 1352 3584 1421; x_wconf 86' lang='lat' dir='ltr'><strong><em>vipera</em></strong></span> 
     </span>
    </p>
   </div>
   <div class='ocr_carea' id='block_1_28' title="bbox 2013 1444 3581 1511">
    <p class='ocr_par' dir='ltr' id='par_1_28' title="bbox 2013 1444 3581 1511">
     <span class='ocr_line' id='line_1_28' title="bbox 2013 1444 3581 1511; baseline -0.004 -7"><span class='ocrx_word' id='word_1_207' title='bbox 2013 1450 2154 1504; x_wconf 87' lang='lat' dir='ltr'><strong><em>idem</em></strong></span> <span class='ocrx_word' id='word_1_208' title='bbox 2182 1448 2551 1503; x_wconf 87' lang='lat' dir='ltr'><strong><em>existimasse.</em></strong></span> <span class='ocrx_word' id='word_1_209' title='bbox 2583 1445 2780 1500; x_wconf 83' lang='lat' dir='ltr'><strong><em>Petrus</em></strong></span> <span class='ocrx_word' id='word_1_210' title='bbox 2815 1446 2943 1499; x_wconf 83' lang='lat' dir='ltr'><strong><em>item</em></strong></span> <span class='ocrx_word' id='word_1_211' title='bbox 2974 1444 3276 1511; x_wconf 85' lang='lat' dir='ltr'><strong><em>Bellonius,</em></strong></span> <span class='ocrx_word' id='word_1_212' title='bbox 3306 1444 3581 1498; x_wconf 76' lang='lat' dir='ltr'><strong><em>Obseruat.</em></strong></span> 
     </span>
    </p>
   </div>
   <div class='ocr_carea' id='block_1_29' title="bbox 2014 1535 3585 1609">
    <p class='ocr_par' dir='ltr' id='par_1_29' title="bbox 2014 1535 3585 1609">
     <span class='ocr_line' id='line_1_29' title="bbox 2014 1535 3585 1609; baseline -0.006 -13"><span class='ocrx_word' id='word_1_213' title='bbox 2014 1542 2110 1597; x_wconf 92' lang='lat' dir='ltr'><strong><em>lib.</em></strong></span> <span class='ocrx_word' id='word_1_214' title='bbox 2148 1557 2186 1595; x_wconf 83' lang='grc' dir='ltr'><strong><em>ιι</em></strong></span> <span class='ocrx_word' id='word_1_215' title='bbox 2207 1579 2222 1604; x_wconf 89' lang='grc'><strong><em>,</em></strong></span> <span class='ocrx_word' id='word_1_216' title='bbox 2254 1554 2376 1609; x_wconf 88' lang='lat' dir='ltr'><strong><em>cap.</em></strong></span> <span class='ocrx_word' id='word_1_217' title='bbox 2407 1538 2475 1592; x_wconf 67' lang='lat'><strong>54</strong></span> <span class='ocrx_word' id='word_1_218' title='bbox 2496 1577 2511 1602; x_wconf 89' lang='lat'><strong><em>,</em></strong></span> <span class='ocrx_word' id='word_1_219' title='bbox 2541 1536 2740 1592; x_wconf 83' lang='lat' dir='ltr'><strong><em>fatetur</em></strong></span> <span class='ocrx_word' id='word_1_220' title='bbox 2788 1553 2846 1592; x_wconf 90' lang='lat' dir='ltr'><strong><em>se</em></strong></span> <span class='ocrx_word' id='word_1_221' title='bbox 2871 1536 3054 1590; x_wconf 86' lang='lat' dir='ltr'><strong><em>verbis</em></strong></span> <span class='ocrx_word' id='word_1_222' title='bbox 3092 1535 3456 1589; x_wconf 83' lang='lat' dir='ltr'><strong><em>Aristotelicis</em></strong></span> <span class='ocrx_word' id='word_1_223' title='bbox 3484 1535 3585 1588; x_wconf 90' lang='lat' dir='ltr'><strong><em>im-</em></strong></span> 
     </span>
    </p>
   </div>
   <div class='ocr_carea' id='block_1_30' title="bbox 2013 1627 3587 1706">
    <p class='ocr_par' dir='ltr' id='par_1_30' title="bbox 2013 1627 3587 1706">
     <span class='ocr_line' id='line_1_30' title="bbox 2013 1627 3587 1706; baseline -0.005 -18"><span class='ocrx_word' id='word_1_224' title='bbox 2013 1635 2230 1704; x_wconf 87' lang='lat' dir='ltr'><strong><em>pulsum</em></strong></span> <span class='ocrx_word' id='word_1_225' title='bbox 2254 1671 2269 1695; x_wconf 92' lang='lat'><strong><em>,</em></strong></span> <span class='ocrx_word' id='word_1_226' title='bbox 2303 1634 2521 1706; x_wconf 78' lang='lat' dir='ltr'><strong><em>viperas</em></strong></span> <span class='ocrx_word' id='word_1_227' title='bbox 2559 1639 2902 1700; x_wconf 79' lang='lat' dir='ltr'><strong><em>praegnantes</em></strong></span> <span class='ocrx_word' id='word_1_228' title='bbox 2929 1630 3253 1684; x_wconf 85' lang='lat' dir='ltr'><strong><em>observasse</em></strong></span> <span class='ocrx_word' id='word_1_229' title='bbox 3278 1646 3292 1681; x_wconf 74' lang='grc' dir='ltr'>ε</span> <span class='ocrx_word' id='word_1_230' title='bbox 3325 1642 3446 1697; x_wconf 75' lang='lat' dir='ltr'><strong><em>quae</em></strong></span> <span class='ocrx_word' id='word_1_231' title='bbox 3467 1627 3587 1681; x_wconf 92' lang='lat' dir='ltr'><strong><em>sine</em></strong></span> 
     </span>
    </p>
   </div>
   <div class='ocr_carea' id='block_1_31' title="bbox 2013 1718 3588 1794">
    <p class='ocr_par' dir='ltr' id='par_1_31' title="bbox 2013 1718 3588 1794">
     <span class='ocr_line' id='line_1_31' title="bbox 2013 1718 3588 1794; baseline -0.007 -13"><span class='ocrx_word' id='word_1_232' title='bbox 2013 1726 2218 1781; x_wconf 90' lang='lat' dir='ltr'><strong><em>tunicis</em></strong></span> <span class='ocrx_word' id='word_1_233' title='bbox 2252 1725 2494 1780; x_wconf 85' lang='lat' dir='ltr'><strong><em>sobolem</em></strong></span> <span class='ocrx_word' id='word_1_234' title='bbox 2525 1724 2802 1794; x_wconf 84' lang='lat' dir='ltr'><strong><em>peperisse</em></strong></span> <span class='ocrx_word' id='word_1_235' title='bbox 2829 1723 2961 1776; x_wconf 77' lang='lat' dir='ltr'><strong><em>visae</em></strong></span> <span class='ocrx_word' id='word_1_236' title='bbox 2992 1729 3138 1776; x_wconf 90' lang='lat' dir='ltr'><strong><em>sunt.</em></strong></span> <span class='ocrx_word' id='word_1_237' title='bbox 3168 1718 3270 1786; x_wconf 84' lang='lat' dir='ltr'><strong><em>Qui</em></strong></span> <span class='ocrx_word' id='word_1_238' title='bbox 3296 1727 3479 1772; x_wconf 89' lang='lat' dir='ltr'><strong><em>tamen</em></strong></span> <span class='ocrx_word' id='word_1_239' title='bbox 3505 1719 3588 1772; x_wconf 92' lang='lat' dir='ltr'><strong><em>vi-</em></strong></span> 
     </span>
    </p>
   </div>
   <div class='ocr_carea' id='block_1_32' title="bbox 2015 1808 3584 1890">
    <p class='ocr_par' dir='ltr' id='par_1_32' title="bbox 2015 1808 3584 1890">
     <span class='ocr_line' id='line_1_32' title="bbox 2015 1808 3584 1890; baseline -0.008 -17"><span class='ocrx_word' id='word_1_240' title='bbox 2015 1832 2204 1890; x_wconf 86' lang='lat' dir='ltr'><strong><em>peram</em></strong></span> <span class='ocrx_word' id='word_1_241' title='bbox 2238 1830 2356 1870; x_wconf 91' lang='lat' dir='ltr'><strong><em>eam</em></strong></span> <span class='ocrx_word' id='word_1_242' title='bbox 2393 1814 2668 1883; x_wconf 74' lang='lat' dir='ltr'><strong><em>intelligit,</em></strong></span> <span class='ocrx_word' id='word_1_243' title='bbox 2698 1827 2861 1882; x_wconf 90' lang='lat' dir='ltr'><strong><em>quam</em></strong></span> <span class='ocrx_word' id='word_1_244' title='bbox 2911 1811 3264 1866; x_wconf 87' lang='lat' dir='ltr'><strong><em>Turonenses</em></strong></span> <span class='ocrx_word' id='word_1_245' title='bbox 3321 1817 3375 1864; x_wconf 92' lang='lat' dir='ltr'><strong><em>et</em></strong></span> <span class='ocrx_word' id='word_1_246' title='bbox 3402 1808 3584 1862; x_wconf 89' lang='lat' dir='ltr'><strong><em>Ceno-</em></strong></span> 
     </span>
    </p>
   </div>
   <div class='ocr_carea' id='block_1_33' title="bbox 353 1900 1923 1986">
    <p class='ocr_par' dir='ltr' id='par_1_33' title="bbox 353 1906 1915 1986">
     <span class='ocr_line' id='line_1_33' title="bbox 353 1906 1915 1986; baseline -0.014 -7"><span class='ocrx_word' id='word_1_247' title='bbox 353 1925 500 1979; x_wconf 86' lang='lat' dir='ltr'><strong><em>dere.</em></strong></span> <span class='ocrx_word' id='word_1_248' title='bbox 521 1922 718 1984; x_wconf 88' lang='lat' dir='ltr'><strong><em>Horus,</em></strong></span> <span class='ocrx_word' id='word_1_249' title='bbox 750 1921 846 1975; x_wconf 88' lang='lat' dir='ltr'><strong><em>lib.</em></strong></span> <span class='ocrx_word' id='word_1_250' title='bbox 878 1934 939 1972; x_wconf 89' lang='grc' dir='ltr'><strong><em>ιι.</em></strong></span> <span class='ocrx_word' id='word_1_251' title='bbox 971 1932 1090 1986; x_wconf 84' lang='lat' dir='ltr'><strong><em>cap.</em></strong></span> <span class='ocrx_word' id='word_1_252' title='bbox 1109 1915 1209 1970; x_wconf 83' lang='lat'><strong><em>59:</em></strong></span> <span class='ocrx_word' id='word_1_253' title='bbox 1233 1912 1380 1984; x_wconf 77' lang='grc' dir='ltr'><strong>Αὕτη</strong></span> <span class='ocrx_word' id='word_1_254' title='bbox 1410 1912 1538 1983; x_wconf 86' lang='grc' dir='ltr'><strong><em>γὰρ,</em></strong></span> <span class='ocrx_word' id='word_1_255' title='bbox 1569 1911 1695 1964; x_wconf 83' lang='grc' dir='ltr'>ὅταν</span> <span class='ocrx_word' id='word_1_256' title='bbox 1722 1906 1915 1975; x_wconf 80' lang='grc' dir='ltr'><strong><em>συγγέ-</em></strong></span> 
     </span>
    </p>
   </div>
   <div class='ocr_carea' id='block_1_34' title="bbox 2021 1900 3585 1986">
    <p class='ocr_par' dir='ltr' id='par_1_34' title="bbox 2021 1900 3585 1976">
     <span class='ocr_line' id='line_1_34' title="bbox 2021 1900 3585 1976; baseline -0.006 -12"><span class='ocrx_word' id='word_1_257' title='bbox 2021 1909 2202 1964; x_wconf 88' lang='lat' dir='ltr'><strong><em>manui</em></strong></span> <span class='ocrx_word' id='word_1_258' title='bbox 2228 1906 2386 1973; x_wconf 84' lang='lat' dir='ltr'><strong><em>Aspic</em></strong></span> <span class='ocrx_word' id='word_1_259' title='bbox 2414 1908 2698 1960; x_wconf 89' lang='lat' dir='ltr'><strong><em>nominant</em></strong></span> <span class='ocrx_word' id='word_1_260' title='bbox 2719 1920 2836 1976; x_wconf 69' lang='lat' dir='ltr'><strong><em>quae</em></strong></span> <span class='ocrx_word' id='word_1_261' title='bbox 2865 1919 3027 1975; x_wconf 88' lang='lat' dir='ltr'><strong><em>quam</em></strong></span> <span class='ocrx_word' id='word_1_262' title='bbox 3056 1918 3186 1958; x_wconf 81' lang='lat' dir='ltr'><strong><em>vera</em></strong></span> <span class='ocrx_word' id='word_1_263' title='bbox 3215 1903 3324 1956; x_wconf 89' lang='lat' dir='ltr'><strong><em>sint</em></strong></span> <span class='ocrx_word' id='word_1_264' title='bbox 3357 1900 3585 1956; x_wconf 84' lang='lat' dir='ltr'><strong><em>alterius</em></strong></span> 
     </span>
    </p>
   </div>
   <div class='ocr_carea' id='block_1_35' title="bbox 352 1994 1916 2087">
    <p class='ocr_par' dir='ltr' id='par_1_35' title="bbox 352 1994 1916 2087">
     <span class='ocr_line' id='line_1_35' title="bbox 352 1994 1916 2087; baseline -0.014 -18"><span class='ocrx_word' id='word_1_265' title='bbox 352 2033 509 2087; x_wconf 82' lang='grc' dir='ltr'>νηται</span> <span class='ocrx_word' id='word_1_266' title='bbox 527 2012 606 2084; x_wconf 81' lang='grc' dir='ltr'><strong>τῷ</strong></span> <span class='ocrx_word' id='word_1_267' title='bbox 625 2012 829 2084; x_wconf 57' lang='lat' dir='ltr'><strong><em>(ipsam,</em></strong></span> <span class='ocrx_word' id='word_1_268' title='bbox 856 2008 1032 2080; x_wconf 83' lang='grc' dir='ltr'><strong>στόμα</strong></span> <span class='ocrx_word' id='word_1_269' title='bbox 1062 2005 1287 2075; x_wconf 74' lang='grc' dir='ltr'><strong><em>στόματι</em></strong></span> <span class='ocrx_word' id='word_1_270' title='bbox 1309 1999 1638 2083; x_wconf 71' lang='grc' dir='ltr'>ὲμϐαλοῦαα,</span> <span class='ocrx_word' id='word_1_271' title='bbox 1657 1998 1750 2052; x_wconf 73' lang='grc' dir='ltr'>καὶ</span> <span class='ocrx_word' id='word_1_272' title='bbox 1779 1994 1916 2067; x_wconf 82' lang='grc' dir='ltr'>μετὰ</span> 
     </span>
    </p>
   </div>
   <div class='ocr_carea' id='block_1_36' title="bbox 351 2087 1918 2174">
    <p class='ocr_par' dir='ltr' id='par_1_36' title="bbox 351 2087 1918 2174">
     <span class='ocr_line' id='line_1_36' title="bbox 351 2087 1918 2174; baseline -0.015 -13"><span class='ocrx_word' id='word_1_273' title='bbox 351 2109 414 2161; x_wconf 82' lang='grc' dir='ltr'><strong><em>τὸ</em></strong></span> <span class='ocrx_word' id='word_1_274' title='bbox 441 2104 861 2174; x_wconf 79' lang='grc' dir='ltr'><strong><em>ἀποζευχθῆναι,</em></strong></span> <span class='ocrx_word' id='word_1_275' title='bbox 883 2096 1225 2152; x_wconf 64' lang='grc' dir='ltr'>ἀπώακοῦσα</span> <span class='ocrx_word' id='word_1_276' title='bbox 1247 2094 1344 2164; x_wconf 80' lang='grc' dir='ltr'>τὴν</span> <span class='ocrx_word' id='word_1_277' title='bbox 1374 2092 1612 2162; x_wconf 82' lang='grc' dir='ltr'>κεφαλὴν</span> <span class='ocrx_word' id='word_1_278' title='bbox 1637 2088 1729 2143; x_wconf 80' lang='grc' dir='ltr'><strong><em>τοῦ</em></strong></span> <span class='ocrx_word' id='word_1_279' title='bbox 1757 2087 1918 2156; x_wconf 62' lang='lat' dir='ltr'><strong><em>appe-</em></strong></span> 
     </span>
    </p>
   </div>
   <div class='ocr_carea' id='block_1_37' title="bbox 353 2179 1917 2267">
    <p class='ocr_par' dir='ltr' id='par_1_37' title="bbox 353 2179 1917 2267">
     <span class='ocr_line' id='line_1_37' title="bbox 353 2179 1917 2267; baseline -0.016 -13"><span class='ocrx_word' id='word_1_280' title='bbox 353 2217 463 2264; x_wconf 79' lang='grc' dir='ltr'>νος,</span> <span class='ocrx_word' id='word_1_281' title='bbox 493 2199 722 2267; x_wconf 84' lang='grc' dir='ltr'>ἀναιρεῖ.</span> <span class='ocrx_word' id='word_1_282' title='bbox 753 2192 1006 2254; x_wconf 77' lang='lat' dir='ltr'><strong><em>Basilius,</em></strong></span> <span class='ocrx_word' id='word_1_283' title='bbox 1027 2189 1226 2244; x_wconf 86' lang='lat' dir='ltr'><strong><em>Contra</em></strong></span> <span class='ocrx_word' id='word_1_284' title='bbox 1256 2187 1574 2254; x_wconf 81' lang='lat' dir='ltr'><strong><em>feneratores</em></strong></span> <span class='ocrx_word' id='word_1_285' title='bbox 1595 2222 1610 2247; x_wconf 92' lang='lat'><strong><em>,</em></strong></span> <span class='ocrx_word' id='word_1_286' title='bbox 1651 2189 1706 2234; x_wconf 87' lang='lat' dir='ltr'><strong><em>et</em></strong></span> <span class='ocrx_word' id='word_1_287' title='bbox 1733 2179 1809 2232; x_wconf 89' lang='lat' dir='ltr'><strong><em>De</em></strong></span> <span class='ocrx_word' id='word_1_288' title='bbox 1837 2179 1917 2231; x_wconf 88' lang='lat' dir='ltr'><strong><em>in-</em></strong></span> 
     </span>
    </p>
   </div>
   <div class='ocr_carea' id='block_1_38' title="bbox 355 2268 1916 2354">
    <p class='ocr_par' dir='ltr' id='par_1_38' title="bbox 355 2268 1916 2354">
     <span class='ocr_line' id='line_1_38' title="bbox 355 2268 1916 2354; baseline -0.014 -9"><span class='ocrx_word' id='word_1_289' title='bbox 355 2292 518 2354; x_wconf 78' lang='lat' dir='ltr'><strong><em>uidia;</em></strong></span> <span class='ocrx_word' id='word_1_290' title='bbox 549 2288 818 2348; x_wconf 63' lang='lat' dir='ltr'><strong><em>IElianus,</em></strong></span> <span class='ocrx_word' id='word_1_291' title='bbox 851 2283 926 2336; x_wconf 90' lang='lat' dir='ltr'><strong><em>De</em></strong></span> <span class='ocrx_word' id='word_1_292' title='bbox 951 2283 1074 2336; x_wconf 90' lang='lat' dir='ltr'><strong><em>hist.</em></strong></span> <span class='ocrx_word' id='word_1_293' title='bbox 1107 2279 1299 2342; x_wconf 86' lang='lat' dir='ltr'><strong><em>anim.,</em></strong></span> <span class='ocrx_word' id='word_1_294' title='bbox 1331 2277 1424 2330; x_wconf 90' lang='lat' dir='ltr'><strong><em>lib.</em></strong></span> <span class='ocrx_word' id='word_1_295' title='bbox 1457 2291 1498 2339; x_wconf 88' lang='grc' dir='ltr'><strong><em>ι,</em></strong></span> <span class='ocrx_word' id='word_1_296' title='bbox 1529 2289 1650 2343; x_wconf 89' lang='lat' dir='ltr'><strong><em>cap.</em></strong></span> <span class='ocrx_word' id='word_1_297' title='bbox 1682 2271 1772 2336; x_wconf 77' lang='lat' dir='ltr'><strong><em>M,</em></strong></span> <span class='ocrx_word' id='word_1_298' title='bbox 1808 2268 1916 2325; x_wconf 88' lang='lat' dir='ltr'><strong><em>etsi</em></strong></span> 
     </span>
    </p>
   </div>
   <div class='ocr_carea' id='block_1_39' title="bbox 357 2363 1640 2451">
    <p class='ocr_par' dir='ltr' id='par_1_39' title="bbox 357 2363 1640 2451">
     <span class='ocr_line' id='line_1_39' title="bbox 357 2363 1640 2451; baseline -0.015 -17"><span class='ocrx_word' id='word_1_299' title='bbox 357 2381 634 2451; x_wconf 87' lang='lat' dir='ltr'><strong><em>paululum</em></strong></span> <span class='ocrx_word' id='word_1_300' title='bbox 664 2377 732 2430; x_wconf 90' lang='lat' dir='ltr'><strong><em>ab</em></strong></span> <span class='ocrx_word' id='word_1_301' title='bbox 761 2375 881 2428; x_wconf 85' lang='lat' dir='ltr'><strong><em>aliis</em></strong></span> <span class='ocrx_word' id='word_1_302' title='bbox 908 2371 1094 2427; x_wconf 87' lang='lat' dir='ltr'><strong><em>varius</em></strong></span> <span class='ocrx_word' id='word_1_303' title='bbox 1119 2367 1292 2433; x_wconf 81' lang='lat' dir='ltr'><strong><em>Phile,</em></strong></span> <span class='ocrx_word' id='word_1_304' title='bbox 1327 2366 1380 2420; x_wconf 90' lang='lat' dir='ltr'><strong><em>in</em></strong></span> <span class='ocrx_word' id='word_1_305' title='bbox 1401 2363 1430 2418; x_wconf 89' lang='grc'><em>1</em></span> <span class='ocrx_word' id='word_1_306' title='bbox 1436 2363 1602 2418; x_wconf 88' lang='lat' dir='ltr'><strong><em>ambis</em></strong></span> <span class='ocrx_word' id='word_1_307' title='bbox 1620 2377 1640 2416; x_wconf 89' lang='lat'><strong><em>:</em></strong></span> 
     </span>
    </p>
   </div>
   <div class='ocr_carea' id='block_1_40' title="bbox 463 2475 1793 2560">
    <p class='ocr_par' dir='ltr' id='par_1_40' title="bbox 463 2475 1793 2560">
     <span class='ocr_line' id='line_1_40' title="bbox 463 2475 1793 2560; baseline -0.012 -15"><span class='ocrx_word' id='word_1_308' title='bbox 463 2493 632 2560; x_wconf 81' lang='grc' dir='ltr'><strong><em>Ἔχις</em></strong></span> <span class='ocrx_word' id='word_1_309' title='bbox 662 2490 728 2543; x_wconf 86' lang='grc' dir='ltr'><em>δὲ</em></span> <span class='ocrx_word' id='word_1_310' title='bbox 756 2488 974 2560; x_wconf 13' lang='grc' dir='ltr'>θερμοῖς</span> <span class='ocrx_word' id='word_1_311' title='bbox 1000 2480 1415 2560; x_wconf 38' lang='lat' dir='ltr'><strong><em>«poeni/taxle</em></strong></span> <span class='ocrx_word' id='word_1_312' title='bbox 1437 2477 1514 2547; x_wconf 76' lang='grc' dir='ltr'><strong><em>τῇ</em></strong></span> <span class='ocrx_word' id='word_1_313' title='bbox 1541 2475 1793 2560; x_wconf 71' lang='grc' dir='ltr'><strong><em>συζύγῳ,</em></strong></span> 
     </span>
    </p>
   </div>
   <div class='ocr_carea' id='block_1_41' title="bbox 461 2547 1777 2624">
    <p class='ocr_par' dir='ltr' id='par_1_41' title="bbox 461 2547 1777 2624">
     <span class='ocr_line' id='line_1_41' title="bbox 461 2547 1777 2624; baseline -0.012 -8"><span class='ocrx_word' id='word_1_314' title='bbox 461 2547 574 2617; x_wconf 75' lang='grc' dir='ltr'><strong><em>Κάῖ</em></strong></span> <span class='ocrx_word' id='word_1_315' title='bbox 602 2547 708 2614; x_wconf 60' lang='grc' dir='ltr'><strong><em>ἱὸν</em></strong></span> <span class='ocrx_word' id='word_1_316' title='bbox 730 2547 872 2624; x_wconf 64' lang='grc' dir='ltr'><strong><em>τέῶςῖ</em></strong></span> <span class='ocrx_word' id='word_1_317' title='bbox 906 2547 1156 2623; x_wconf 66' lang='grc' dir='ltr'><strong><em>ἣδιοῖτον</em></strong></span> <span class='ocrx_word' id='word_1_318' title='bbox 1183 2554 1273 2624; x_wconf 49' lang='lat' dir='ltr'><strong><em>dp:</em></strong></span> <span class='ocrx_word' id='word_1_319' title='bbox 1305 2552 1539 2624; x_wconf 68' lang='grc' dir='ltr'><strong><em>ἀνύσας</em></strong></span> <span class='ocrx_word' id='word_1_320' title='bbox 1565 2547 1777 2624; x_wconf 69' lang='grc' dir='ltr'><strong><em>τάμον,</em></strong></span> 
     </span>
    </p>
   </div>
   <div class='ocr_carea' id='block_1_42' title="bbox 459 2621 1654 2699">
    <p class='ocr_par' dir='ltr' id='par_1_42' title="bbox 459 2621 1654 2699">
     <span class='ocr_line' id='line_1_42' title="bbox 459 2621 1654 2699; baseline -0.017 -10"><span class='ocrx_word' id='word_1_321' title='bbox 459 2634 656 2690; x_wconf 85' lang='grc' dir='ltr'><strong><em>Κεῐται</em></strong></span> <span class='ocrx_word' id='word_1_322' title='bbox 689 2621 1005 2699; x_wconf 67' lang='grc' dir='ltr'><strong><em>φονεὺθέὶς</em></strong></span> <span class='ocrx_word' id='word_1_323' title='bbox 1026 2625 1181 2699; x_wconf 66' lang='grc' dir='ltr'><strong><em>ὑπαὶΔ</em></strong></span> <span class='ocrx_word' id='word_1_324' title='bbox 1199 2621 1307 2699; x_wconf 79' lang='grc' dir='ltr'><strong><em>τῆς</em></strong></span> <span class='ocrx_word' id='word_1_325' title='bbox 1338 2621 1654 2699; x_wconf 60' lang='grc' dir='ltr'><strong><em>ἐρασςτρίας</em></strong></span> 
     </span>
    </p>
   </div>
   <div class='ocr_carea' id='block_1_43' title="bbox 469 2687 1760 2766">
    <p class='ocr_par' dir='ltr' id='par_1_43' title="bbox 469 2687 1760 2766">
     <span class='ocr_line' id='line_1_43' title="bbox 469 2687 1760 2766; baseline -0.021 -9"><span class='ocrx_word' id='word_1_326' title='bbox 469 2687 830 2757; x_wconf 57' lang='grc' dir='ltr'><strong><em>Τὸπύτου⁷σὺν</em></strong></span> <span class='ocrx_word' id='word_1_327' title='bbox 859 2687 1005 2766; x_wconf 75' lang='grc' dir='ltr'><strong><em>ὀργῇ</em></strong></span> <span class='ocrx_word' id='word_1_328' title='bbox 1033 2687 1448 2766; x_wconf 58' lang='grc' dir='ltr'><strong><em>Μνθακόντὼς</em></strong></span> <span class='ocrx_word' id='word_1_329' title='bbox 1472 2687 1760 2766; x_wconf 58' lang='grc' dir='ltr'><strong><em>ἐχρμᾴνης</em></strong></span> 
     </span>
    </p>
   </div>
   <div class='ocr_carea' id='block_1_44' title="bbox 469 2757 1730 2839">
    <p class='ocr_par' dir='ltr' id='par_1_44' title="bbox 469 2757 1730 2839">
     <span class='ocr_line' id='line_1_44' title="bbox 469 2757 1730 2839; baseline -0.014 -12"><span class='ocrx_word' id='word_1_330' title='bbox 469 2770 733 2839; x_wconf 79' lang='grc' dir='ltr'>Σοϐαρὸν</span> <span class='ocrx_word' id='word_1_331' title='bbox 756 2769 804 2822; x_wconf 85' lang='grc' dir='ltr'><strong><em>τ’</em></strong></span> <span class='ocrx_word' id='word_1_332' title='bbox 831 2757 1064 2823; x_wconf 55' lang='grc' dir='ltr'><strong><em>ἐνὶεῗκὸν</em></strong></span> <span class='ocrx_word' id='word_1_333' title='bbox 1092 2763 1461 2832; x_wconf 77' lang='grc' dir='ltr'><strong><em>ἑκτεμούσης</em></strong></span> <span class='ocrx_word' id='word_1_334' title='bbox 1484 2757 1730 2826; x_wconf 79' lang='grc' dir='ltr'>αὐχένα.</span> 
     </span>
    </p>
   </div>
   <div class='ocr_carea' id='block_1_45' title="bbox 359 2871 1915 2950">
    <p class='ocr_par' dir='ltr' id='par_1_45' title="bbox 359 2871 1915 2950">
     <span class='ocr_line' id='line_1_45' title="bbox 359 2871 1915 2950; baseline -0.01 -10"><span class='ocrx_word' id='word_1_335' title='bbox 359 2884 722 2949; x_wconf 87' lang='lat' dir='ltr'><strong><em>Prudentius,</em></strong></span> <span class='ocrx_word' id='word_1_336' title='bbox 780 2879 1227 2950; x_wconf 85' lang='lat' dir='ltr'><strong><em>Hamartigenia;</em></strong></span> <span class='ocrx_word' id='word_1_337' title='bbox 1265 2875 1508 2938; x_wconf 87' lang='lat' dir='ltr'><strong><em>Plinius,</em></strong></span> <span class='ocrx_word' id='word_1_338' title='bbox 1557 2871 1657 2926; x_wconf 88' lang='lat' dir='ltr'><strong><em>lib.</em></strong></span> <span class='ocrx_word' id='word_1_339' title='bbox 1694 2887 1723 2924; x_wconf 71' lang='grc' dir='ltr'><strong>ι</strong></span> <span class='ocrx_word' id='word_1_340' title='bbox 1747 2909 1762 2934; x_wconf 93' lang='grc'><strong><em>,</em></strong></span> <span class='ocrx_word' id='word_1_341' title='bbox 1795 2883 1915 2938; x_wconf 88' lang='lat' dir='ltr'><strong><em>cap.</em></strong></span> 
     </span>
    </p>
   </div>
   <div class='ocr_carea' id='block_1_46' title="bbox 360 2960 1921 3044">
    <p class='ocr_par' dir='ltr' id='par_1_46' title="bbox 360 2960 1921 3044">
     <span class='ocr_line' id='line_1_46' title="bbox 360 2960 1921 3044; baseline -0.012 -14"><span class='ocrx_word' id='word_1_342' title='bbox 360 2977 448 3040; x_wconf 75' lang='grc'><strong>42,</strong></span> <span class='ocrx_word' id='word_1_343' title='bbox 496 2975 693 3044; x_wconf 75' lang='lat' dir='ltr'><strong><em>Vipera:</em></strong></span> <span class='ocrx_word' id='word_1_344' title='bbox 721 2988 832 3025; x_wconf 87' lang='lat' dir='ltr'><strong><em>mas</em></strong></span> <span class='ocrx_word' id='word_1_345' title='bbox 863 2978 1018 3038; x_wconf 85' lang='lat' dir='ltr'><strong><em>caput</em></strong></span> <span class='ocrx_word' id='word_1_346' title='bbox 1048 2967 1233 3022; x_wconf 87' lang='lat' dir='ltr'><strong><em>inserit</em></strong></span> <span class='ocrx_word' id='word_1_347' title='bbox 1265 2967 1318 3018; x_wconf 90' lang='lat' dir='ltr'><strong><em>in</em></strong></span> <span class='ocrx_word' id='word_1_348' title='bbox 1351 2981 1430 3030; x_wconf 90' lang='lat' dir='ltr'><strong><em>os,</em></strong></span> <span class='ocrx_word' id='word_1_349' title='bbox 1460 2961 1597 3033; x_wconf 87' lang='lat' dir='ltr'><strong><em>quod</em></strong></span> <span class='ocrx_word' id='word_1_350' title='bbox 1636 2961 1730 3015; x_wconf 91' lang='lat' dir='ltr'><strong><em>illa</em></strong></span> <span class='ocrx_word' id='word_1_351' title='bbox 1764 2960 1921 3013; x_wconf 84' lang='lat' dir='ltr'><strong><em>abro-</em></strong></span> 
     </span>
    </p>
   </div>
   <div class='ocr_carea' id='block_1_47' title="bbox 360 3052 1918 3136">
    <p class='ocr_par' dir='ltr' id='par_1_47' title="bbox 360 3052 1918 3136">
     <span class='ocr_line' id='line_1_47' title="bbox 360 3052 1918 3136; baseline -0.011 -14"><span class='ocrx_word' id='word_1_352' title='bbox 360 3071 440 3122; x_wconf 88' lang='lat' dir='ltr'><strong><em>dit</em></strong></span> <span class='ocrx_word' id='word_1_353' title='bbox 469 3066 752 3136; x_wconf 79' lang='lat' dir='ltr'><strong><em>uoluptatis</em></strong></span> <span class='ocrx_word' id='word_1_354' title='bbox 778 3062 1068 3116; x_wconf 86' lang='lat' dir='ltr'><strong><em>dulcedine.</em></strong></span> <span class='ocrx_word' id='word_1_355' title='bbox 1108 3059 1174 3113; x_wconf 86' lang='lat' dir='ltr'><strong><em>Et</em></strong></span> <span class='ocrx_word' id='word_1_356' title='bbox 1200 3074 1267 3113; x_wconf 76' lang='lat' dir='ltr'><strong><em>ex</em></strong></span> <span class='ocrx_word' id='word_1_357' title='bbox 1294 3055 1692 3112; x_wconf 86' lang='lat' dir='ltr'><strong><em>recentioribus</em></strong></span> <span class='ocrx_word' id='word_1_358' title='bbox 1723 3052 1918 3106; x_wconf 88' lang='lat' dir='ltr'><strong><em>Adria-</em></strong></span> 
     </span>
    </p>
   </div>
   <div class='ocr_carea' id='block_1_48' title="bbox 362 3149 1108 3218">
    <p class='ocr_par' dir='ltr' id='par_1_48' title="bbox 362 3149 1108 3218">
     <span class='ocr_line' id='line_1_48' title="bbox 362 3149 1108 3218; baseline -0.012 -6"><span class='ocrx_word' id='word_1_359' title='bbox 362 3174 466 3213; x_wconf 90' lang='lat' dir='ltr'><strong><em>nus</em></strong></span> <span class='ocrx_word' id='word_1_360' title='bbox 493 3155 710 3218; x_wconf 84' lang='lat' dir='ltr'><strong><em>Junius,</em></strong></span> <span class='ocrx_word' id='word_1_361' title='bbox 739 3153 992 3209; x_wconf 90' lang='lat' dir='ltr'><strong><em>emblem.</em></strong></span> <span class='ocrx_word' id='word_1_362' title='bbox 1019 3149 1108 3204; x_wconf 89' lang='grc'><strong><em>58.</em></strong></span> 
     </span>
    </p>
   </div>
   <div class='ocr_carea' id='block_1_49' title="bbox 431 3234 1992 3318">
    <p class='ocr_par' dir='ltr' id='par_1_49' title="bbox 431 3234 1992 3318">
     <span class='ocr_line' id='line_1_49' title="bbox 431 3234 1992 3318; baseline -0.012 -11"><span class='ocrx_word' id='word_1_363' title='bbox 431 3252 594 3318; x_wconf 90' lang='lat' dir='ltr'><strong><em>lbid.,</em></strong></span> <span class='ocrx_word' id='word_1_364' title='bbox 627 3251 723 3304; x_wconf 91' lang='lat' dir='ltr'><strong><em>lin.</em></strong></span> <span class='ocrx_word' id='word_1_365' title='bbox 757 3249 810 3302; x_wconf 82' lang='grc'><strong>5.</strong></span> <span class='ocrx_word' id='word_1_366' title='bbox 841 3247 1001 3312; x_wconf 81' lang='grc' dir='ltr'><strong><em>Αὕτη</em></strong></span> <span class='ocrx_word' id='word_1_367' title='bbox 1030 3243 1098 3296; x_wconf 81' lang='grc' dir='ltr'><strong><em>δὲ</em></strong></span> <span class='ocrx_word' id='word_1_368' title='bbox 1127 3241 1358 3311; x_wconf 77' lang='grc' dir='ltr'>ἔγγυος.</span> <span class='ocrx_word' id='word_1_369' title='bbox 1394 3237 1706 3294; x_wconf 92' lang='lat' dir='ltr'><strong><em>Secundum</em></strong></span> <span class='ocrx_word' id='word_1_370' title='bbox 1737 3242 1820 3291; x_wconf 87' lang='lat' dir='ltr'><strong><em>est</em></strong></span> <span class='ocrx_word' id='word_1_371' title='bbox 1853 3234 1920 3290; x_wconf 90' lang='lat' dir='ltr'><strong><em>de</em></strong></span> <span class='ocrx_word' id='word_1_372' title='bbox 1949 3250 1992 3306; x_wconf 70' lang='grc' dir='ltr'>ο</span> 
     </span>
    </p>
   </div>
   <div class='ocr_carea' id='block_1_50' title="bbox 361 3328 1922 3415">
    <p class='ocr_par' dir='ltr' id='par_1_50' title="bbox 361 3328 1922 3415">
     <span class='ocr_line' id='line_1_50' title="bbox 361 3328 1922 3415; baseline -0.013 -16"><span class='ocrx_word' id='word_1_373' title='bbox 361 3352 520 3415; x_wconf 86' lang='lat' dir='ltr'><strong><em>partu</em></strong></span> <span class='ocrx_word' id='word_1_374' title='bbox 564 3357 786 3406; x_wconf 88' lang='lat' dir='ltr'><strong><em>eorum;</em></strong></span> <span class='ocrx_word' id='word_1_375' title='bbox 825 3339 976 3392; x_wconf 89' lang='lat' dir='ltr'><strong><em>aiunt</em></strong></span> <span class='ocrx_word' id='word_1_376' title='bbox 1019 3350 1253 3404; x_wconf 89' lang='lat' dir='ltr'><strong><em>namque</em></strong></span> <span class='ocrx_word' id='word_1_377' title='bbox 1303 3333 1448 3404; x_wconf 88' lang='lat' dir='ltr'><strong><em>quod</em></strong></span> <span class='ocrx_word' id='word_1_378' title='bbox 1496 3331 1622 3392; x_wconf 87' lang='lat' dir='ltr'><strong><em>lilii,</em></strong></span> <span class='ocrx_word' id='word_1_379' title='bbox 1668 3328 1922 3397; x_wconf 85' lang='lat' dir='ltr'><strong><em>disrupto</em></strong></span> 
     </span>
    </p>
   </div>
   <div class='ocr_carea' id='block_1_51' title="bbox 361 3429 1922 3500">
    <p class='ocr_par' dir='ltr' id='par_1_51' title="bbox 361 3429 1922 3500">
     <span class='ocr_line' id='line_1_51' title="bbox 361 3429 1922 3500; baseline -0.013 -9"><span class='ocrx_word' id='word_1_380' title='bbox 361 3444 551 3491; x_wconf 85' lang='lat' dir='ltr'><strong><em>ventre</em></strong></span> <span class='ocrx_word' id='word_1_381' title='bbox 573 3474 588 3498; x_wconf 94' lang='lat'><strong><em>,</em></strong></span> <span class='ocrx_word' id='word_1_382' title='bbox 624 3446 891 3500; x_wconf 80' lang='lat' dir='ltr'><strong><em>exesaque</em></strong></span> <span class='ocrx_word' id='word_1_383' title='bbox 922 3429 1079 3484; x_wconf 89' lang='lat' dir='ltr'><strong><em>vulva</em></strong></span> <span class='ocrx_word' id='word_1_384' title='bbox 1126 3431 1456 3495; x_wconf 90' lang='lat' dir='ltr'><strong><em>erumpunt,</em></strong></span> <span class='ocrx_word' id='word_1_385' title='bbox 1492 3429 1785 3493; x_wconf 88' lang='lat' dir='ltr'><strong><em>pensantes</em></strong></span> <span class='ocrx_word' id='word_1_386' title='bbox 1810 3457 1826 3483; x_wconf 91' lang='lat'><strong><em>,</em></strong></span> <span class='ocrx_word' id='word_1_387' title='bbox 1858 3432 1922 3472; x_wconf 89' lang='lat' dir='ltr'><strong><em>ac</em></strong></span> 
     </span>
    </p>
   </div>
   <div class='ocr_carea' id='block_1_52' title="bbox 363 3511 1924 3594">
    <p class='ocr_par' dir='ltr' id='par_1_52' title="bbox 363 3511 1924 3594">
     <span class='ocr_line' id='line_1_52' title="bbox 363 3511 1924 3594; baseline -0.01 -13"><span class='ocrx_word' id='word_1_388' title='bbox 363 3529 690 3582; x_wconf 87' lang='lat' dir='ltr'><strong><em>ulciscentes</em></strong></span> <span class='ocrx_word' id='word_1_389' title='bbox 742 3524 970 3594; x_wconf 89' lang='lat' dir='ltr'><strong><em>primam</em></strong></span> <span class='ocrx_word' id='word_1_390' title='bbox 1041 3518 1218 3590; x_wconf 86' lang='lat' dir='ltr'><strong><em>pejori</em></strong></span> <span class='ocrx_word' id='word_1_391' title='bbox 1279 3517 1576 3588; x_wconf 87' lang='lat' dir='ltr'><strong><em>impietate.</em></strong></span> <span class='ocrx_word' id='word_1_392' title='bbox 1630 3512 1812 3578; x_wconf 89' lang='lat' dir='ltr'><strong><em>Phile,</em></strong></span> <span class='ocrx_word' id='word_1_393' title='bbox 1866 3511 1924 3566; x_wconf 90' lang='lat' dir='ltr'><strong><em>in</em></strong></span> 
     </span>
    </p>
   </div>
   <div class='ocr_carea' id='block_1_53' title="bbox 367 3616 603 3673">
    <p class='ocr_par' dir='ltr' id='par_1_53' title="bbox 367 3616 603 3673">
     <span class='ocr_line' id='line_1_53' title="bbox 367 3616 603 3673; baseline -0.021 0"><span class='ocrx_word' id='word_1_394' title='bbox 367 3616 567 3673; x_wconf 74' lang='lat' dir='ltr'><strong><em>lambis</em></strong></span> <span class='ocrx_word' id='word_1_395' title='bbox 583 3630 603 3668; x_wconf 85' lang='lat'><strong><em>.&#39;</em></strong></span> 
     </span>
    </p>
   </div>
   <div class='ocr_carea' id='block_1_54' title="bbox 470 3690 1886 3776">
    <p class='ocr_par' dir='ltr' id='par_1_54' title="bbox 470 3690 1886 3776">
     <span class='ocr_line' id='line_1_54' title="bbox 470 3690 1886 3776; baseline -0.013 -13"><span class='ocrx_word' id='word_1_396' title='bbox 470 3707 643 3776; x_wconf 77' lang='grc' dir='ltr'><strong><em>Πλὴν</em></strong></span> <span class='ocrx_word' id='word_1_397' title='bbox 667 3706 804 3762; x_wconf 65' lang='grc' dir='ltr'><strong><em>ἀλλ’</em></strong></span> <span class='ocrx_word' id='word_1_398' title='bbox 835 3707 866 3758; x_wconf 82' lang='grc' dir='ltr'><em>ό</em></span> <span class='ocrx_word' id='word_1_399' title='bbox 894 3703 1011 3773; x_wconf 78' lang='grc' dir='ltr'><strong><em>μὲν</em></strong></span> <span class='ocrx_word' id='word_1_400' title='bbox 1039 3703 1341 3776; x_wconf 48' lang='grc' dir='ltr'><strong><em>τέθνηκεν.</em></strong></span> <span class='ocrx_word' id='word_1_401' title='bbox 1435 3696 1502 3776; x_wconf 64' lang='lat' dir='ltr'><strong><em>qs</em></strong></span> <span class='ocrx_word' id='word_1_402' title='bbox 1523 3695 1645 3776; x_wconf 57' lang='grc' dir='ltr'><strong><em>γῦν</em></strong></span> <span class='ocrx_word' id='word_1_403' title='bbox 1676 3695 1834 3776; x_wconf 57' lang='grc' dir='ltr'><strong><em>κύρι-</em></strong></span> <span class='ocrx_word' id='word_1_404' title='bbox 1884 3690 1886 3693; x_wconf 79' lang='grc'><em>’</em></span> 
     </span>
    </p>
   </div>
   <div class='ocr_carea' id='block_1_55' title="bbox 470 3767 1871 3845">
    <p class='ocr_par' dir='ltr' id='par_1_55' title="bbox 470 3767 1871 3845">
     <span class='ocr_line' id='line_1_55' title="bbox 470 3767 1871 3845; baseline -0.011 -12"><span class='ocrx_word' id='word_1_405' title='bbox 470 3767 631 3834; x_wconf 63' lang='grc' dir='ltr'><strong><em>Μετῖι</em></strong></span> <span class='ocrx_word' id='word_1_406' title='bbox 655 3777 722 3829; x_wconf 85' lang='grc' dir='ltr'><strong><em>δὲ</em></strong></span> <span class='ocrx_word' id='word_1_407' title='bbox 754 3767 968 3845; x_wconf 65' lang='grc' dir='ltr'>μικρόν</span> <span class='ocrx_word' id='word_1_408' title='bbox 996 3790 1127 3845; x_wconf 61' lang='grc' dir='ltr'><strong><em>τινα</em></strong></span> <span class='ocrx_word' id='word_1_409' title='bbox 1152 3767 1401 3845; x_wconf 41' lang='lat' dir='ltr'><strong><em>actitata</em></strong></span> <span class='ocrx_word' id='word_1_410' title='bbox 1423 3767 1619 3845; x_wconf 52' lang='grc' dir='ltr'><strong><em>,βρέξη</em></strong></span> <span class='ocrx_word' id='word_1_411' title='bbox 1651 3768 1871 3835; x_wconf 75' lang='grc' dir='ltr'><strong><em>χρόνον</em></strong></span> 
     </span>
    </p>
   </div>
   <div class='ocr_carea' id='block_1_56' title="bbox 474 3837 1642 3916">
    <p class='ocr_par' dir='ltr' id='par_1_56' title="bbox 474 3837 1642 3916">
     <span class='ocr_line' id='line_1_56' title="bbox 474 3837 1642 3916; baseline -0.013 -13"><span class='ocrx_word' id='word_1_412' title='bbox 474 3849 592 3914; x_wconf 76' lang='grc' dir='ltr'><strong><em>Τὴν</em></strong></span> <span class='ocrx_word' id='word_1_413' title='bbox 614 3837 908 3916; x_wconf 72' lang='grc' dir='ltr'><strong><em>μητρικῆν</em></strong></span> <span class='ocrx_word' id='word_1_414' title='bbox 928 3839 1416 3916; x_wconf 50' lang='grc' dir='ltr'><strong><em>ῥήξαντα-νηδὺν</em></strong></span> <span class='ocrx_word' id='word_1_415' title='bbox 1444 3837 1642 3916; x_wconf 62' lang='grc' dir='ltr'>ἑξᾷδυ.</span> 
     </span>
    </p>
   </div>
   <div class='ocr_carea' id='block_1_57' title="bbox 466 3908 1643 3988">
    <p class='ocr_par' dir='ltr' id='par_1_57' title="bbox 466 3908 1643 3988">
     <span class='ocr_line' id='line_1_57' title="bbox 466 3908 1643 3988; baseline -0.013 -14"><span class='ocrx_word' id='word_1_416' title='bbox 466 3908 563 3988; x_wconf 77' lang='grc' dir='ltr'><strong><em>Μὴ</em></strong></span> <span class='ocrx_word' id='word_1_417' title='bbox 597 3908 744 3988; x_wconf 61' lang='grc' dir='ltr'>ᾧοῧιῖ</span> <span class='ocrx_word' id='word_1_418' title='bbox 780 3908 1129 3983; x_wconf 63' lang='grc' dir='ltr'><strong><em>τεὲιιὶώρηκε</em></strong></span> <span class='ocrx_word' id='word_1_419' title='bbox 1157 3910 1235 3976; x_wconf 83' lang='grc' dir='ltr'><strong><em>τῷ</em></strong></span> <span class='ocrx_word' id='word_1_420' title='bbox 1265 3908 1643 3978; x_wconf 68' lang='grc' dir='ltr'><strong><em>φυτοσπόρῳ.</em></strong></span> 
     </span>
    </p>
   </div>
   <div class='ocr_carea' id='block_1_58' title="bbox 371 4015 1926 4099">
    <p class='ocr_par' dir='ltr' id='par_1_58' title="bbox 371 4015 1926 4099">
     <span class='ocr_line' id='line_1_58' title="bbox 371 4015 1926 4099; baseline -0.013 -9"><span class='ocrx_word' id='word_1_421' title='bbox 371 4036 577 4097; x_wconf 88' lang='lat' dir='ltr'><strong><em>Horus,</em></strong></span> <span class='ocrx_word' id='word_1_422' title='bbox 607 4033 701 4086; x_wconf 85' lang='lat' dir='ltr'><strong><em>lib.</em></strong></span> <span class='ocrx_word' id='word_1_423' title='bbox 737 4047 809 4094; x_wconf 93' lang='grc' dir='ltr'><strong><em>ιι,</em></strong></span> <span class='ocrx_word' id='word_1_424' title='bbox 843 4044 965 4099; x_wconf 89' lang='lat' dir='ltr'><strong><em>cap.</em></strong></span> <span class='ocrx_word' id='word_1_425' title='bbox 1009 4027 1116 4093; x_wconf 87' lang='lat'><strong>60;</strong></span> <span class='ocrx_word' id='word_1_426' title='bbox 1157 4025 1460 4094; x_wconf 72' lang='lat' dir='ltr'><strong><em>Antigonus</em></strong></span> <span class='ocrx_word' id='word_1_427' title='bbox 1495 4019 1812 4091; x_wconf 80' lang='lat' dir='ltr'><strong><em>Carystius,</em></strong></span> <span class='ocrx_word' id='word_1_428' title='bbox 1848 4015 1926 4070; x_wconf 84' lang='lat' dir='ltr'><strong><em>De</em></strong></span> 
     </span>
    </p>
   </div>
   <div class='ocr_carea' id='block_1_59' title="bbox 369 4110 1926 4193">
    <p class='ocr_par' dir='ltr' id='par_1_59' title="bbox 369 4110 1926 4193">
     <span class='ocr_line' id='line_1_59' title="bbox 369 4110 1926 4193; baseline -0.013 -11"><span class='ocrx_word' id='word_1_429' title='bbox 369 4128 599 4182; x_wconf 88' lang='lat' dir='ltr'><strong><em>mirabil.</em></strong></span> <span class='ocrx_word' id='word_1_430' title='bbox 624 4166 639 4190; x_wconf 95' lang='lat'><strong><em>,</em></strong></span> <span class='ocrx_word' id='word_1_431' title='bbox 684 4125 821 4179; x_wconf 81' lang='grc' dir='ltr'><strong><em>Οὐδὲ</em></strong></span> <span class='ocrx_word' id='word_1_432' title='bbox 875 4123 1052 4193; x_wconf 80' lang='grc' dir='ltr'><strong><em>ἔχιδνα</em></strong></span> <span class='ocrx_word' id='word_1_433' title='bbox 1101 4121 1202 4184; x_wconf 82' lang='grc' dir='ltr'>δίς.</span> <span class='ocrx_word' id='word_1_434' title='bbox 1237 4117 1436 4171; x_wconf 83' lang='grc' dir='ltr'><strong><em>Ἐσθιει</em></strong></span> <span class='ocrx_word' id='word_1_435' title='bbox 1486 4113 1595 4184; x_wconf 78' lang='grc' dir='ltr'><strong><em>γὰρ</em></strong></span> <span class='ocrx_word' id='word_1_436' title='bbox 1637 4112 1803 4182; x_wconf 79' lang='grc' dir='ltr'><strong><em>αὐτῆς</em></strong></span> <span class='ocrx_word' id='word_1_437' title='bbox 1828 4110 1926 4181; x_wconf 84' lang='grc' dir='ltr'><strong><em>τὴν</em></strong></span> 
     </span>
    </p>
   </div>
   <div class='ocr_carea' id='block_1_60' title="bbox 368 4207 1924 4287">
    <p class='ocr_par' dir='ltr' id='par_1_60' title="bbox 368 4207 1924 4287">
     <span class='ocr_line' id='line_1_60' title="bbox 368 4207 1924 4287; baseline -0.012 -13"><span class='ocrx_word' id='word_1_438' title='bbox 368 4219 572 4274; x_wconf 79' lang='grc' dir='ltr'>κοιλίαν</span> <span class='ocrx_word' id='word_1_439' title='bbox 598 4216 665 4270; x_wconf 85' lang='grc' dir='ltr'><strong><em>τὰ</em></strong></span> <span class='ocrx_word' id='word_1_440' title='bbox 691 4215 920 4287; x_wconf 76' lang='grc' dir='ltr'>ἔμϐρυα.</span> <span class='ocrx_word' id='word_1_441' title='bbox 951 4212 1219 4276; x_wconf 64' lang='grc' dir='ltr'><strong>Ᾰίιίειιιιιε,</strong></span> <span class='ocrx_word' id='word_1_442' title='bbox 1243 4211 1336 4264; x_wconf 90' lang='lat' dir='ltr'><strong><em>lib.</em></strong></span> <span class='ocrx_word' id='word_1_443' title='bbox 1359 4224 1377 4262; x_wconf 91' lang='grc' dir='ltr'><strong><em>ι</em></strong></span> <span class='ocrx_word' id='word_1_444' title='bbox 1411 4207 1489 4261; x_wconf 90' lang='lat' dir='ltr'><strong><em>De</em></strong></span> <span class='ocrx_word' id='word_1_445' title='bbox 1513 4207 1701 4261; x_wconf 79' lang='lat' dir='ltr'><strong><em>histor.</em></strong></span> <span class='ocrx_word' id='word_1_446' title='bbox 1738 4207 1924 4268; x_wconf 91' lang='lat' dir='ltr'><strong><em>anim.,</em></strong></span> 
     </span>
    </p>
   </div>
   <div class='ocr_carea' id='block_1_61' title="bbox 366 4295 1926 4380">
    <p class='ocr_par' dir='ltr' id='par_1_61' title="bbox 366 4295 1926 4380">
     <span class='ocr_line' id='line_1_61' title="bbox 366 4295 1926 4380; baseline -0.009 -16"><span class='ocrx_word' id='word_1_447' title='bbox 366 4326 486 4380; x_wconf 89' lang='lat' dir='ltr'><strong><em>cap.</em></strong></span> <span class='ocrx_word' id='word_1_448' title='bbox 518 4309 588 4361; x_wconf 75' lang='grc'><strong><em>24</em></strong></span> <span class='ocrx_word' id='word_1_449' title='bbox 611 4347 626 4371; x_wconf 86' lang='grc'><strong><em>,</em></strong></span> <span class='ocrx_word' id='word_1_450' title='bbox 655 4316 708 4362; x_wconf 90' lang='lat' dir='ltr'><strong><em>et</em></strong></span> <span class='ocrx_word' id='word_1_451' title='bbox 759 4307 851 4359; x_wconf 92' lang='lat' dir='ltr'><strong><em>lib.</em></strong></span> <span class='ocrx_word' id='word_1_452' title='bbox 891 4321 957 4358; x_wconf 84' lang='lat' dir='ltr'><strong><em>xv</em></strong></span> <span class='ocrx_word' id='word_1_453' title='bbox 986 4348 1000 4371; x_wconf 92' lang='lat'><strong><em>,</em></strong></span> <span class='ocrx_word' id='word_1_454' title='bbox 1035 4319 1155 4373; x_wconf 81' lang='lat' dir='ltr'><strong><em>cap.</em></strong></span> <span class='ocrx_word' id='word_1_455' title='bbox 1190 4302 1257 4356; x_wconf 84' lang='grc'><strong><em>16</em></strong></span> <span class='ocrx_word' id='word_1_456' title='bbox 1279 4339 1296 4364; x_wconf 90' lang='grc'><strong><em>,</em></strong></span> <span class='ocrx_word' id='word_1_457' title='bbox 1337 4316 1404 4355; x_wconf 81' lang='lat' dir='ltr'><strong><em>ex</em></strong></span> <span class='ocrx_word' id='word_1_458' title='bbox 1445 4299 1714 4354; x_wconf 86' lang='lat' dir='ltr'><strong><em>sententia</em></strong></span> <span class='ocrx_word' id='word_1_459' title='bbox 1745 4295 1926 4350; x_wconf 90' lang='lat' dir='ltr'><strong><em>Theo-</em></strong></span> 
     </span>
    </p>
   </div>
   <div class='ocr_carea' id='block_1_62' title="bbox 367 4384 1927 4471">
    <p class='ocr_par' dir='ltr' id='par_1_62' title="bbox 367 4384 1927 4471">
     <span class='ocr_line' id='line_1_62' title="bbox 367 4384 1927 4471; baseline -0.011 -17"><span class='ocrx_word' id='word_1_460' title='bbox 367 4399 574 4471; x_wconf 89' lang='lat' dir='ltr'><strong><em>phrasti</em></strong></span> <span class='ocrx_word' id='word_1_461' title='bbox 599 4399 695 4461; x_wconf 89' lang='lat' dir='ltr'><strong><em>ait,</em></strong></span> <span class='ocrx_word' id='word_1_462' title='bbox 727 4407 972 4450; x_wconf 86' lang='lat' dir='ltr'><strong><em>ventrem</em></strong></span> <span class='ocrx_word' id='word_1_463' title='bbox 1003 4409 1112 4448; x_wconf 92' lang='lat' dir='ltr'><strong><em>non</em></strong></span> <span class='ocrx_word' id='word_1_464' title='bbox 1164 4392 1379 4446; x_wconf 89' lang='lat' dir='ltr'><strong><em>corrodi</em></strong></span> <span class='ocrx_word' id='word_1_465' title='bbox 1404 4430 1420 4455; x_wconf 93' lang='lat'><strong><em>,</em></strong></span> <span class='ocrx_word' id='word_1_466' title='bbox 1451 4404 1629 4458; x_wconf 85' lang='lat' dir='ltr'><strong><em>neque</em></strong></span> <span class='ocrx_word' id='word_1_467' title='bbox 1661 4384 1927 4454; x_wconf 90' lang='lat' dir='ltr'><strong><em>disrumpi</em></strong></span> 
     </span>
    </p>
   </div>
   <div class='ocr_carea' id='block_1_63' title="bbox 366 4475 1928 4555">
    <p class='ocr_par' dir='ltr' id='par_1_63' title="bbox 366 4475 1928 4555">
     <span class='ocr_line' id='line_1_63' title="bbox 366 4475 1928 4555; baseline -0.011 -11"><span class='ocrx_word' id='word_1_468' title='bbox 366 4506 397 4544; x_wconf 93' lang='lat' dir='ltr'><strong><em>a</em></strong></span> <span class='ocrx_word' id='word_1_469' title='bbox 431 4489 577 4554; x_wconf 81' lang='lat' dir='ltr'><strong><em>ﬁliis,</em></strong></span> <span class='ocrx_word' id='word_1_470' title='bbox 610 4486 707 4542; x_wconf 89' lang='lat' dir='ltr'><strong><em>sed</em></strong></span> <span class='ocrx_word' id='word_1_471' title='bbox 753 4486 881 4555; x_wconf 87' lang='lat' dir='ltr'><strong><em>quia</em></strong></span> <span class='ocrx_word' id='word_1_472' title='bbox 917 4491 1183 4554; x_wconf 81' lang='lat' dir='ltr'><strong><em>angustus</em></strong></span> <span class='ocrx_word' id='word_1_473' title='bbox 1226 4489 1312 4536; x_wconf 87' lang='lat' dir='ltr'><strong><em>est</em></strong></span> <span class='ocrx_word' id='word_1_474' title='bbox 1359 4481 1500 4534; x_wconf 91' lang='lat' dir='ltr'><strong><em>mole</em></strong></span> <span class='ocrx_word' id='word_1_475' title='bbox 1533 4479 1737 4534; x_wconf 90' lang='lat' dir='ltr'><strong><em>sobolis</em></strong></span> <span class='ocrx_word' id='word_1_476' title='bbox 1771 4475 1928 4544; x_wconf 89' lang='lat' dir='ltr'><strong><em>pelli-</em></strong></span> 
     </span>
    </p>
   </div>
   <div class='ocr_carea' id='block_1_64' title="bbox 2014 1997 2673 2068">
    <p class='ocr_par' dir='ltr' id='par_1_64' title="bbox 2014 1997 2673 2068">
     <span class='ocr_line' id='line_1_64' title="bbox 2014 1997 2673 2068; baseline -0.006 -13"><span class='ocrx_word' id='word_1_477' title='bbox 2014 2001 2116 2056; x_wconf 85' lang='lat' dir='ltr'><strong><em>erit</em></strong></span> <span class='ocrx_word' id='word_1_478' title='bbox 2140 1997 2345 2068; x_wconf 74' lang='lat' dir='ltr'><strong><em>negotii</em></strong></span> <span class='ocrx_word' id='word_1_479' title='bbox 2377 1997 2673 2054; x_wconf 91' lang='lat' dir='ltr'><strong><em>discutere.</em></strong></span> 
     </span>
    </p>
   </div>
   <div class='ocr_carea' id='block_1_65' title="bbox 2086 2087 3585 2159">
    <p class='ocr_par' dir='ltr' id='par_1_65' title="bbox 2086 2087 3585 2159">
     <span class='ocr_line' id='line_1_65' title="bbox 2086 2087 3585 2159; baseline -0.004 -13"><span class='ocrx_word' id='word_1_480' title='bbox 2086 2091 2218 2146; x_wconf 91' lang='lat' dir='ltr'><strong><em>Ibid.</em></strong></span> <span class='ocrx_word' id='word_1_481' title='bbox 2242 2129 2257 2155; x_wconf 94' lang='lat'><strong><em>,</em></strong></span> <span class='ocrx_word' id='word_1_482' title='bbox 2304 2090 2402 2144; x_wconf 90' lang='lat' dir='ltr'><strong><em>lin.</em></strong></span> <span class='ocrx_word' id='word_1_483' title='bbox 2433 2089 2487 2143; x_wconf 90' lang='lat'><strong><em>9.</em></strong></span> <span class='ocrx_word' id='word_1_484' title='bbox 2529 2089 2816 2158; x_wconf 80' lang='grc' dir='ltr'><strong><em>Γηράσας</em></strong></span> <span class='ocrx_word' id='word_1_485' title='bbox 2851 2089 2919 2143; x_wconf 86' lang='grc' dir='ltr'><strong><em>δὲ</em></strong></span> <span class='ocrx_word' id='word_1_486' title='bbox 2946 2093 2979 2144; x_wconf 83' lang='grc' dir='ltr'><em>ὁ</em></span> <span class='ocrx_word' id='word_1_487' title='bbox 3017 2089 3172 2159; x_wconf 69' lang='grc' dir='ltr'><strong><em>ὄφις.</em></strong></span> <span class='ocrx_word' id='word_1_488' title='bbox 3204 2087 3280 2144; x_wconf 93' lang='lat' dir='ltr'><strong><em>De</em></strong></span> <span class='ocrx_word' id='word_1_489' title='bbox 3309 2095 3585 2158; x_wconf 86' lang='lat' dir='ltr'><strong><em>serpente,</em></strong></span> 
     </span>
    </p>
   </div>
   <div class='ocr_carea' id='block_1_66' title="bbox 2015 2181 3613 2257">
    <p class='ocr_par' dir='ltr' id='par_1_66' title="bbox 2015 2181 3613 2257">
     <span class='ocr_line' id='line_1_66' title="bbox 2015 2181 3613 2257; baseline -0.006 -15"><span class='ocrx_word' id='word_1_490' title='bbox 2015 2184 2137 2254; x_wconf 87' lang='lat' dir='ltr'><strong><em>ejus</em></strong></span> <span class='ocrx_word' id='word_1_491' title='bbox 2176 2192 2407 2246; x_wconf 86' lang='lat' dir='ltr'><strong><em>natura,</em></strong></span> <span class='ocrx_word' id='word_1_492' title='bbox 2451 2191 2506 2238; x_wconf 90' lang='lat' dir='ltr'><strong><em>et</em></strong></span> <span class='ocrx_word' id='word_1_493' title='bbox 2547 2184 2820 2253; x_wconf 83' lang='lat' dir='ltr'><strong><em>quomodo</em></strong></span> <span class='ocrx_word' id='word_1_494' title='bbox 2863 2191 3138 2238; x_wconf 89' lang='lat' dir='ltr'><strong><em>senectam</em></strong></span> <span class='ocrx_word' id='word_1_495' title='bbox 3165 2191 3363 2257; x_wconf 83' lang='lat' dir='ltr'><strong><em>exuat,</em></strong></span> <span class='ocrx_word' id='word_1_496' title='bbox 3389 2181 3613 2246; x_wconf 83' lang='lat' dir='ltr'><strong><em>Petrus_</em></strong></span> 
     </span>
    </p>
   </div>
   <div class='ocr_carea' id='block_1_67' title="bbox 2017 2274 3583 2347">
    <p class='ocr_par' dir='ltr' id='par_1_67' title="bbox 2017 2274 3583 2347">
     <span class='ocr_line' id='line_1_67' title="bbox 2017 2274 3583 2347; baseline -0.002 -16"><span class='ocrx_word' id='word_1_497' title='bbox 2017 2278 2346 2343; x_wconf 85' lang='lat' dir='ltr'><strong><em>Damianus,</em></strong></span> <span class='ocrx_word' id='word_1_498' title='bbox 2389 2277 2484 2331; x_wconf 93' lang='lat' dir='ltr'><strong><em>lib.</em></strong></span> <span class='ocrx_word' id='word_1_499' title='bbox 2520 2293 2594 2344; x_wconf 92' lang='grc' dir='ltr'><strong><em>ιι,</em></strong></span> <span class='ocrx_word' id='word_1_500' title='bbox 2635 2278 2799 2347; x_wconf 88' lang='lat' dir='ltr'><strong><em>epist.</em></strong></span> <span class='ocrx_word' id='word_1_501' title='bbox 2849 2277 2961 2343; x_wconf 66' lang='lat'><strong><em>48;</em></strong></span> <span class='ocrx_word' id='word_1_502' title='bbox 3005 2274 3291 2338; x_wconf 68' lang='lat' dir='ltr'><strong><em>Elianus,</em></strong></span> <span class='ocrx_word' id='word_1_503' title='bbox 3335 2274 3410 2328; x_wconf 86' lang='lat' dir='ltr'><strong><em>De</em></strong></span> <span class='ocrx_word' id='word_1_504' title='bbox 3455 2275 3583 2328; x_wconf 84' lang='lat' dir='ltr'><strong><em>hist.</em></strong></span> 
     </span>
    </p>
   </div>
   <div class='ocr_carea' id='block_1_68' title="bbox 2016 2368 3587 2440">
    <p class='ocr_par' dir='ltr' id='par_1_68' title="bbox 2016 2368 3587 2440">
     <span class='ocr_line' id='line_1_68' title="bbox 2016 2368 3587 2440; baseline -0.002 -17"><span class='ocrx_word' id='word_1_505' title='bbox 2016 2372 2180 2427; x_wconf 89' lang='lat' dir='ltr'><strong><em>anim.</em></strong></span> <span class='ocrx_word' id='word_1_506' title='bbox 2216 2371 2310 2424; x_wconf 91' lang='lat' dir='ltr'><strong><em>lib.</em></strong></span> <span class='ocrx_word' id='word_1_507' title='bbox 2344 2387 2418 2437; x_wconf 84' lang='lat' dir='ltr'><strong><em>Ix,</em></strong></span> <span class='ocrx_word' id='word_1_508' title='bbox 2437 2385 2558 2440; x_wconf 90' lang='lat' dir='ltr'><strong><em>cap.</em></strong></span> <span class='ocrx_word' id='word_1_509' title='bbox 2589 2369 2676 2435; x_wconf 83' lang='grc'><strong><em>16,</em></strong></span> <span class='ocrx_word' id='word_1_510' title='bbox 2696 2370 2791 2434; x_wconf 86' lang='lat' dir='ltr'><strong><em>ait,</em></strong></span> <span class='ocrx_word' id='word_1_511' title='bbox 2825 2377 3133 2440; x_wconf 89' lang='lat' dir='ltr'><strong><em>serpentem</em></strong></span> <span class='ocrx_word' id='word_1_512' title='bbox 3165 2368 3427 2422; x_wconf 73' lang='lat' dir='ltr'><strong><em>lmniculo</em></strong></span> <span class='ocrx_word' id='word_1_513' title='bbox 3454 2382 3587 2421; x_wconf 88' lang='lat' dir='ltr'><strong><em>ocu-</em></strong></span> 
     </span>
    </p>
   </div>
   <div class='ocr_carea' id='block_1_69' title="bbox 2015 2460 3588 2530">
    <p class='ocr_par' dir='ltr' id='par_1_69' title="bbox 2015 2460 3588 2530">
     <span class='ocr_line' id='line_1_69' title="bbox 2015 2460 3588 2530; baseline -0.002 -14"><span class='ocrx_word' id='word_1_514' title='bbox 2015 2462 2086 2519; x_wconf 86' lang='lat' dir='ltr'><strong><em>lis</em></strong></span> <span class='ocrx_word' id='word_1_515' title='bbox 2111 2463 2372 2518; x_wconf 83' lang='lat' dir='ltr'><strong><em>al&#39;l‘ricatis</em></strong></span> <span class='ocrx_word' id='word_1_516' title='bbox 2392 2465 2675 2517; x_wconf 82' lang='lat' dir='ltr'><strong><em>oculorum</em></strong></span> <span class='ocrx_word' id='word_1_517' title='bbox 2705 2464 3088 2518; x_wconf 89' lang='lat' dir='ltr'><strong><em>hebetudinem</em></strong></span> <span class='ocrx_word' id='word_1_518' title='bbox 3123 2460 3396 2530; x_wconf 87' lang='lat' dir='ltr'><strong><em>abjicerc;</em></strong></span> <span class='ocrx_word' id='word_1_519' title='bbox 3429 2475 3588 2514; x_wconf 90' lang='lat' dir='ltr'><strong><em>sene-</em></strong></span> 
     </span>
    </p>
   </div>
   <div class='ocr_carea' id='block_1_70' title="bbox 2017 2551 3588 2623">
    <p class='ocr_par' dir='ltr' id='par_1_70' title="bbox 2017 2551 3588 2623">
     <span class='ocr_line' id='line_1_70' title="bbox 2017 2551 3588 2623; baseline -0.005 -13"><span class='ocrx_word' id='word_1_520' title='bbox 2017 2566 2177 2610; x_wconf 88' lang='lat' dir='ltr'><strong><em>scunt</em></strong></span> <span class='ocrx_word' id='word_1_521' title='bbox 2203 2556 2346 2610; x_wconf 89' lang='lat' dir='ltr'><strong><em>enim</em></strong></span> <span class='ocrx_word' id='word_1_522' title='bbox 2383 2556 2616 2610; x_wconf 77' lang='lat' dir='ltr'><strong><em>oculiet</em></strong></span> <span class='ocrx_word' id='word_1_523' title='bbox 2653 2553 2811 2609; x_wconf 90' lang='lat' dir='ltr'><strong><em>sicuti</em></strong></span> <span class='ocrx_word' id='word_1_524' title='bbox 2849 2555 3114 2623; x_wconf 90' lang='lat' dir='ltr'><strong><em>reliquum</em></strong></span> <span class='ocrx_word' id='word_1_525' title='bbox 3155 2567 3388 2622; x_wconf 89' lang='lat' dir='ltr'><strong><em>corpus,</em></strong></span> <span class='ocrx_word' id='word_1_526' title='bbox 3432 2551 3505 2604; x_wconf 91' lang='lat' dir='ltr'><strong><em>ita</em></strong></span> <span class='ocrx_word' id='word_1_527' title='bbox 3533 2557 3588 2604; x_wconf 91' lang='lat' dir='ltr'><strong><em>et</em></strong></span> 
     </span>
    </p>
   </div>
   <div class='ocr_carea' id='block_1_71' title="bbox 2016 2645 3586 2718">
    <p class='ocr_par' dir='ltr' id='par_1_71' title="bbox 2016 2645 3586 2718">
     <span class='ocr_line' id='line_1_71' title="bbox 2016 2645 3586 2718; baseline -0.006 -16"><span class='ocrx_word' id='word_1_528' title='bbox 2016 2648 2159 2704; x_wconf 92' lang='lat' dir='ltr'><strong><em>oculi</em></strong></span> <span class='ocrx_word' id='word_1_529' title='bbox 2189 2664 2300 2704; x_wconf 77' lang='lat' dir='ltr'><strong><em>sua:</em></strong></span> <span class='ocrx_word' id='word_1_530' title='bbox 2329 2647 2682 2718; x_wconf 80' lang='lat' dir='ltr'><strong><em>perfectionis</em></strong></span> <span class='ocrx_word' id='word_1_531' title='bbox 2713 2647 2914 2700; x_wconf 88' lang='lat' dir='ltr'><strong><em>habent</em></strong></span> <span class='ocrx_word' id='word_1_532' title='bbox 2951 2645 3243 2699; x_wconf 87' lang='lat' dir='ltr'><strong><em>terminum</em></strong></span> <span class='ocrx_word' id='word_1_533' title='bbox 3312 2659 3471 2713; x_wconf 86' lang='lat' dir='ltr'><strong><em>quem</em></strong></span> <span class='ocrx_word' id='word_1_534' title='bbox 3499 2650 3586 2694; x_wconf 86' lang='lat' dir='ltr'><strong><em>at-</em></strong></span> 
     </span>
    </p>
   </div>
   <div class='ocr_carea' id='block_1_72' title="bbox 2016 2735 3589 2810">
    <p class='ocr_par' dir='ltr' id='par_1_72' title="bbox 2016 2735 3589 2810">
     <span class='ocr_line' id='line_1_72' title="bbox 2016 2735 3589 2810; baseline -0.004 -16"><span class='ocrx_word' id='word_1_535' title='bbox 2016 2741 2258 2810; x_wconf 78' lang='lat' dir='ltr'><strong><em>tingant,</em></strong></span> <span class='ocrx_word' id='word_1_536' title='bbox 2289 2755 2446 2810; x_wconf 90' lang='lat' dir='ltr'><strong><em>quem</em></strong></span> <span class='ocrx_word' id='word_1_537' title='bbox 2473 2741 2519 2795; x_wconf 91' lang='lat' dir='ltr'><strong><em>si</em></strong></span> <span class='ocrx_word' id='word_1_538' title='bbox 2548 2739 2886 2794; x_wconf 80' lang='lat' dir='ltr'><strong><em>excesserint</em></strong></span> <span class='ocrx_word' id='word_1_539' title='bbox 2917 2739 3097 2791; x_wconf 78' lang='lat' dir='ltr'><strong><em>lumen</em></strong></span> <span class='ocrx_word' id='word_1_540' title='bbox 3129 2737 3461 2798; x_wconf 89' lang='lat' dir='ltr'><strong><em>absumunt,</em></strong></span> <span class='ocrx_word' id='word_1_541' title='bbox 3503 2735 3589 2788; x_wconf 89' lang='lat' dir='ltr'><strong><em>in-</em></strong></span> 
     </span>
    </p>
   </div>
   <div class='ocr_carea' id='block_1_73' title="bbox 2018 2827 3593 2904">
    <p class='ocr_par' dir='ltr' id='par_1_73' title="bbox 2018 2827 3593 2904">
     <span class='ocr_line' id='line_1_73' title="bbox 2018 2827 3593 2904; baseline -0.004 -18"><span class='ocrx_word' id='word_1_542' title='bbox 2018 2831 2267 2904; x_wconf 81' lang='lat' dir='ltr'><strong><em>ﬁrmique</em></strong></span> <span class='ocrx_word' id='word_1_543' title='bbox 2296 2831 2631 2896; x_wconf 91' lang='lat' dir='ltr'><strong><em>redduntur,</em></strong></span> <span class='ocrx_word' id='word_1_544' title='bbox 2674 2832 2838 2885; x_wconf 81' lang='grc' dir='ltr'>’Ὀταν</span> <span class='ocrx_word' id='word_1_545' title='bbox 2885 2829 3218 2898; x_wconf 80' lang='grc' dir='ltr'><strong><em>ἀποδύσηται</em></strong></span> <span class='ocrx_word' id='word_1_546' title='bbox 3253 2829 3314 2881; x_wconf 83' lang='grc' dir='ltr'><strong>τὸ</strong></span> <span class='ocrx_word' id='word_1_547' title='bbox 3350 2828 3528 2898; x_wconf 83' lang='grc' dir='ltr'>γῆρας</span> <span class='ocrx_word' id='word_1_548' title='bbox 3564 2827 3593 2878; x_wconf 90' lang='grc' dir='ltr'><strong>ὀ</strong></span> 
     </span>
    </p>
   </div>
   <div class='ocr_carea' id='block_1_74' title="bbox 2017 2917 3595 2996">
    <p class='ocr_par' dir='ltr' id='par_1_74' title="bbox 2017 2917 3595 2996">
     <span class='ocr_line' id='line_1_74' title="bbox 2017 2917 3595 2996; baseline -0.005 -19"><span class='ocrx_word' id='word_1_549' title='bbox 2017 2923 2174 2993; x_wconf 71' lang='grc' dir='ltr'><strong>ὕφες,</strong></span> <span class='ocrx_word' id='word_1_550' title='bbox 2214 2925 2590 2996; x_wconf 81' lang='grc' dir='ltr'>ὑπαρχομένου</span> <span class='ocrx_word' id='word_1_551' title='bbox 2627 2923 2683 2976; x_wconf 82' lang='grc' dir='ltr'><strong><em>δὲ</em></strong></span> <span class='ocrx_word' id='word_1_552' title='bbox 2712 2923 2805 2976; x_wconf 77' lang='grc' dir='ltr'><strong><em>τοῦ</em></strong></span> <span class='ocrx_word' id='word_1_553' title='bbox 2841 2919 2974 2994; x_wconf 77' lang='grc' dir='ltr'><strong><em>ἦρος</em></strong></span> <span class='ocrx_word' id='word_1_554' title='bbox 3015 2923 3116 2992; x_wconf 80' lang='grc' dir='ltr'><strong><em>δρᾷ</em></strong></span> <span class='ocrx_word' id='word_1_555' title='bbox 3144 2919 3334 2984; x_wconf 77' lang='grc' dir='ltr'><strong><em>τοῦτο,</em></strong></span> <span class='ocrx_word' id='word_1_556' title='bbox 3363 2917 3595 2971; x_wconf 70' lang='grc' dir='ltr'>ἐνταῦθα</span> 
     </span>
    </p>
   </div>
   <div class='ocr_carea' id='block_1_75' title="bbox 2017 3011 3594 3089">
    <p class='ocr_par' dir='ltr' id='par_1_75' title="bbox 2017 3011 3594 3089">
     <span class='ocr_line' id='line_1_75' title="bbox 2017 3011 3594 3089; baseline -0.003 -21"><span class='ocrx_word' id='word_1_557' title='bbox 2017 3031 2100 3068; x_wconf 85' lang='grc' dir='ltr'><strong><em>τοι</em></strong></span> <span class='ocrx_word' id='word_1_558' title='bbox 2129 3015 2226 3069; x_wconf 70' lang='grc' dir='ltr'><strong><em>καὶ</em></strong></span> <span class='ocrx_word' id='word_1_559' title='bbox 2253 3017 2362 3070; x_wconf 79' lang='grc' dir='ltr'>τῶν</span> <span class='ocrx_word' id='word_1_560' title='bbox 2398 3017 2694 3089; x_wconf 79' lang='grc' dir='ltr'><strong><em>ὀφθαλμῶν</em></strong></span> <span class='ocrx_word' id='word_1_561' title='bbox 2717 3017 2813 3088; x_wconf 85' lang='grc' dir='ltr'>τὴν</span> <span class='ocrx_word' id='word_1_562' title='bbox 2848 3017 3036 3086; x_wconf 80' lang='grc' dir='ltr'>ἀχλὺν,</span> <span class='ocrx_word' id='word_1_563' title='bbox 3069 3015 3164 3068; x_wconf 72' lang='grc' dir='ltr'>καὶ</span> <span class='ocrx_word' id='word_1_564' title='bbox 3190 3013 3252 3066; x_wconf 82' lang='grc' dir='ltr'><strong><em>τὸ</em></strong></span> <span class='ocrx_word' id='word_1_565' title='bbox 3283 3012 3463 3082; x_wconf 83' lang='grc' dir='ltr'>ἀμϐλὺ</span> <span class='ocrx_word' id='word_1_566' title='bbox 3492 3011 3594 3080; x_wconf 78' lang='grc' dir='ltr'><strong><em>τῆς</em></strong></span> 
     </span>
    </p>
   </div>
   <div class='ocr_carea' id='block_1_76' title="bbox 2019 3101 3595 3178">
    <p class='ocr_par' dir='ltr' id='par_1_76' title="bbox 2019 3101 3595 3178">
     <span class='ocr_line' id='line_1_76' title="bbox 2019 3101 3595 3178; baseline -0.007 -15"><span class='ocrx_word' id='word_1_567' title='bbox 2019 3107 2194 3176; x_wconf 69' lang='grc' dir='ltr'><strong><em>ὅψεως</em></strong></span> <span class='ocrx_word' id='word_1_568' title='bbox 2225 3109 2468 3178; x_wconf 79' lang='grc' dir='ltr'>ρίπτεται</span> <span class='ocrx_word' id='word_1_569' title='bbox 2488 3148 2502 3172; x_wconf 93' lang='grc'><strong><em>,</em></strong></span> <span class='ocrx_word' id='word_1_570' title='bbox 2526 3111 2621 3162; x_wconf 74' lang='grc' dir='ltr'><strong><em>καί⁷</em></strong></span> <span class='ocrx_word' id='word_1_571' title='bbox 2646 3111 2818 3161; x_wconf 76' lang='grc' dir='ltr'>ἐκεῖνο</span> <span class='ocrx_word' id='word_1_572' title='bbox 2849 3109 2922 3170; x_wconf 88' lang='grc' dir='ltr'><strong><em>ὡς</em></strong></span> <span class='ocrx_word' id='word_1_573' title='bbox 2957 3108 3135 3178; x_wconf 77' lang='grc' dir='ltr'>γῆρας</span> <span class='ocrx_word' id='word_1_574' title='bbox 3163 3103 3476 3175; x_wconf 77' lang='grc' dir='ltr'>ὀφθαλμῶν.</span> <span class='ocrx_word' id='word_1_575' title='bbox 3505 3101 3595 3172; x_wconf 83' lang='grc' dir='ltr'><strong><em>Τῷ</em></strong></span> 
     </span>
    </p>
   </div>
   <div class='ocr_carea' id='block_1_77' title="bbox 2021 3194 3596 3273">
    <p class='ocr_par' dir='ltr' id='par_1_77' title="bbox 2021 3194 3596 3273">
     <span class='ocr_line' id='line_1_77' title="bbox 2021 3194 3596 3273; baseline -0.004 -22"><span class='ocrx_word' id='word_1_576' title='bbox 2021 3199 2078 3252; x_wconf 83' lang='grc' dir='ltr'><strong><em>δὲ</em></strong></span> <span class='ocrx_word' id='word_1_577' title='bbox 2110 3200 2373 3273; x_wconf 83' lang='grc' dir='ltr'>μαράθρῳ</span> <span class='ocrx_word' id='word_1_578' title='bbox 2407 3201 2839 3270; x_wconf 77' lang='grc' dir='ltr'>προῦποθήγων,</span> <span class='ocrx_word' id='word_1_579' title='bbox 2881 3199 2973 3251; x_wconf 78' lang='grc' dir='ltr'><strong><em>καὶ</em></strong></span> <span class='ocrx_word' id='word_1_580' title='bbox 3003 3198 3315 3268; x_wconf 73' lang='grc' dir='ltr'><strong><em>περιψήχων</em></strong></span> <span class='ocrx_word' id='word_1_581' title='bbox 3343 3194 3406 3246; x_wconf 81' lang='grc' dir='ltr'><strong><em>τὸ</em></strong></span> <span class='ocrx_word' id='word_1_582' title='bbox 3439 3194 3596 3264; x_wconf 76' lang='grc' dir='ltr'>ὄμμα</span> 
     </span>
    </p>
   </div>
   <div class='ocr_carea' id='block_1_78' title="bbox 2025 3288 3591 3366">
    <p class='ocr_par' dir='ltr' id='par_1_78' title="bbox 2025 3288 3591 3366">
     <span class='ocr_line' id='line_1_78' title="bbox 2025 3288 3591 3366; baseline -0.006 -17"><span class='ocrx_word' id='word_1_583' title='bbox 2025 3296 2318 3366; x_wconf 80' lang='grc' dir='ltr'>ἑκάτερον,</span> <span class='ocrx_word' id='word_1_584' title='bbox 2361 3292 2478 3348; x_wconf 77' lang='grc' dir='ltr'>εἶτα</span> <span class='ocrx_word' id='word_1_585' title='bbox 2519 3293 2746 3364; x_wconf 82' lang='grc' dir='ltr'><strong><em>ὲξάνθης</em></strong></span> <span class='ocrx_word' id='word_1_586' title='bbox 2785 3291 2937 3346; x_wconf 78' lang='grc' dir='ltr'>τοῦδε</span> <span class='ocrx_word' id='word_1_587' title='bbox 2967 3291 3059 3344; x_wconf 79' lang='grc' dir='ltr'><strong><em>τοῦ</em></strong></span> <span class='ocrx_word' id='word_1_588' title='bbox 3101 3291 3305 3352; x_wconf 84' lang='grc' dir='ltr'>πάθους</span> <span class='ocrx_word' id='word_1_589' title='bbox 3361 3288 3591 3357; x_wconf 78' lang='grc' dir='ltr'><strong><em>γίνεται·</em></strong></span> 
     </span>
    </p>
   </div>
   <div class='ocr_carea' id='block_1_79' title="bbox 2023 3375 3595 3453">
    <p class='ocr_par' dir='ltr' id='par_1_79' title="bbox 2023 3375 3595 3453">
     <span class='ocr_line' id='line_1_79' title="bbox 2023 3375 3595 3453; baseline -0.006 -17"><span class='ocrx_word' id='word_1_590' title='bbox 2023 3383 2388 3453; x_wconf 85' lang='grc' dir='ltr'>Ἀμϐλυὼττει</span> <span class='ocrx_word' id='word_1_591' title='bbox 2422 3383 2478 3435; x_wconf 83' lang='grc' dir='ltr'>δὲ</span> <span class='ocrx_word' id='word_1_592' title='bbox 2521 3383 2628 3452; x_wconf 81' lang='grc' dir='ltr'>ἄρα</span> <span class='ocrx_word' id='word_1_593' title='bbox 2675 3381 2762 3434; x_wconf 82' lang='grc' dir='ltr'><strong><em>διὰ</em></strong></span> <span class='ocrx_word' id='word_1_594' title='bbox 2789 3379 2881 3433; x_wconf 80' lang='grc' dir='ltr'><strong><em>τοῦ</em></strong></span> <span class='ocrx_word' id='word_1_595' title='bbox 2925 3379 3188 3449; x_wconf 86' lang='grc' dir='ltr'>χειμῶνος</span> <span class='ocrx_word' id='word_1_596' title='bbox 3217 3375 3497 3446; x_wconf 81' lang='grc' dir='ltr'>φωλεύσας</span> <span class='ocrx_word' id='word_1_597' title='bbox 3536 3376 3595 3427; x_wconf 85' lang='grc' dir='ltr'>ὲν</span> 
     </span>
    </p>
   </div>
   <div class='ocr_carea' id='block_1_80' title="bbox 2027 3464 3594 3544">
    <p class='ocr_par' dir='ltr' id='par_1_80' title="bbox 2027 3464 3594 3544">
     <span class='ocr_line' id='line_1_80' title="bbox 2027 3464 3594 3544; baseline -0.005 -19"><span class='ocrx_word' id='word_1_598' title='bbox 2027 3473 2178 3544; x_wconf 84' lang='grc' dir='ltr'>μυχῷ</span> <span class='ocrx_word' id='word_1_599' title='bbox 2201 3473 2294 3525; x_wconf 71' lang='grc' dir='ltr'>καὶ</span> <span class='ocrx_word' id='word_1_600' title='bbox 2321 3473 2515 3542; x_wconf 83' lang='grc' dir='ltr'>σκότῳ.</span> <span class='ocrx_word' id='word_1_601' title='bbox 2539 3470 2744 3524; x_wconf 84' lang='grc' dir='ltr'>Οὐκοῦν</span> <span class='ocrx_word' id='word_1_602' title='bbox 2775 3468 3106 3523; x_wconf 84' lang='grc' dir='ltr'>παλαιοῦσαν</span> <span class='ocrx_word' id='word_1_603' title='bbox 3135 3469 3200 3520; x_wconf 82' lang='grc' dir='ltr'>ὲκ</span> <span class='ocrx_word' id='word_1_604' title='bbox 3222 3466 3331 3520; x_wconf 83' lang='grc' dir='ltr'>τῶν</span> <span class='ocrx_word' id='word_1_605' title='bbox 3361 3464 3594 3537; x_wconf 84' lang='grc' dir='ltr'>κρυμῶν</span> 
     </span>
    </p>
   </div>
   <div class='ocr_carea' id='block_1_81' title="bbox 2020 3554 3594 3633">
    <p class='ocr_par' dir='ltr' id='par_1_81' title="bbox 2020 3554 3594 3633">
     <span class='ocr_line' id='line_1_81' title="bbox 2020 3554 3594 3633; baseline -0.007 -17"><span class='ocrx_word' id='word_1_606' title='bbox 2020 3563 2128 3616; x_wconf 83' lang='grc' dir='ltr'>τῶν</span> <span class='ocrx_word' id='word_1_607' title='bbox 2173 3561 2326 3626; x_wconf 75' lang='grc' dir='ltr'><strong><em>ζώων</em></strong></span> <span class='ocrx_word' id='word_1_608' title='bbox 2361 3562 2459 3633; x_wconf 76' lang='grc' dir='ltr'><strong><em>τὴν</em></strong></span> <span class='ocrx_word' id='word_1_609' title='bbox 2496 3561 2617 3630; x_wconf 66' lang='grc' dir='ltr'><strong><em>ὄψιν</em></strong></span> <span class='ocrx_word' id='word_1_610' title='bbox 2647 3559 3042 3630; x_wconf 84' lang='grc' dir='ltr'>ὑποθερμαῖνον</span> <span class='ocrx_word' id='word_1_611' title='bbox 3067 3557 3129 3609; x_wconf 90' lang='grc' dir='ltr'>τὸ</span> <span class='ocrx_word' id='word_1_612' title='bbox 3159 3554 3434 3627; x_wconf 89' lang='grc' dir='ltr'>μάραθρον</span> <span class='ocrx_word' id='word_1_613' title='bbox 3463 3554 3594 3607; x_wconf 86' lang='grc' dir='ltr'>καθ-</span> 
     </span>
    </p>
   </div>
   <div class='ocr_carea' id='block_1_82' title="bbox 2020 3647 3591 3726">
    <p class='ocr_par' dir='ltr' id='par_1_82' title="bbox 2020 3647 3591 3726">
     <span class='ocr_line' id='line_1_82' title="bbox 2020 3647 3591 3726; baseline -0.005 -19"><span class='ocrx_word' id='word_1_614' title='bbox 2020 3654 2184 3726; x_wconf 86' lang='grc' dir='ltr'>αίρει,</span> <span class='ocrx_word' id='word_1_615' title='bbox 2213 3655 2307 3706; x_wconf 73' lang='grc' dir='ltr'><strong><em>καὶ</em></strong></span> <span class='ocrx_word' id='word_1_616' title='bbox 2333 3653 2737 3722; x_wconf 79' lang='grc' dir='ltr'>ὁξυωπὲστερον</span> <span class='ocrx_word' id='word_1_617' title='bbox 2793 3649 3102 3718; x_wconf 70' lang='grc' dir='ltr'>ἀποφαίνει.</span> <span class='ocrx_word' id='word_1_618' title='bbox 3139 3647 3206 3702; x_wconf 88' lang='lat' dir='ltr'><strong><em>Et</em></strong></span> <span class='ocrx_word' id='word_1_619' title='bbox 3231 3647 3461 3712; x_wconf 84' lang='lat' dir='ltr'><strong><em>Plinius,</em></strong></span> <span class='ocrx_word' id='word_1_620' title='bbox 3497 3647 3591 3700; x_wconf 90' lang='lat' dir='ltr'><strong><em>lib.</em></strong></span> 
     </span>
    </p>
   </div>
   <div class='ocr_carea' id='block_1_83' title="bbox 2023 3740 3591 3816">
    <p class='ocr_par' dir='ltr' id='par_1_83' title="bbox 2023 3740 3591 3816">
     <span class='ocr_line' id='line_1_83' title="bbox 2023 3740 3591 3816; baseline -0.005 -16"><span class='ocrx_word' id='word_1_621' title='bbox 2023 3763 2142 3810; x_wconf 83' lang='lat' dir='ltr'><strong><em>vm,</em></strong></span> <span class='ocrx_word' id='word_1_622' title='bbox 2161 3762 2280 3814; x_wconf 87' lang='lat' dir='ltr'><strong><em>cap.</em></strong></span> <span class='ocrx_word' id='word_1_623' title='bbox 2313 3746 2381 3799; x_wconf 73' lang='lat'><strong><em>27</em></strong></span> <span class='ocrx_word' id='word_1_624' title='bbox 2410 3762 2423 3798; x_wconf 89' lang='lat'><strong>:</strong></span> <span class='ocrx_word' id='word_1_625' title='bbox 2448 3745 2645 3816; x_wconf 81' lang='lat' dir='ltr'><strong><em>Anguis</em></strong></span> <span class='ocrx_word' id='word_1_626' title='bbox 2663 3745 2892 3814; x_wconf 82' lang='lat' dir='ltr'><strong><em>[tyberua</em></strong></span> <span class='ocrx_word' id='word_1_627' title='bbox 2915 3742 3116 3796; x_wconf 89' lang='lat' dir='ltr'><strong><em>latebra</em></strong></span> <span class='ocrx_word' id='word_1_628' title='bbox 3148 3742 3262 3796; x_wconf 83' lang='lat' dir='ltr'><strong><em>uisu</em></strong></span> <span class='ocrx_word' id='word_1_629' title='bbox 3290 3740 3591 3804; x_wconf 83' lang='lat' dir='ltr'><strong><em>obscurato,</em></strong></span> 
     </span>
    </p>
   </div>
   <div class='ocr_carea' id='block_1_84' title="bbox 2025 3832 3596 3904">
    <p class='ocr_par' dir='ltr' id='par_1_84' title="bbox 2025 3832 3596 3904">
     <span class='ocr_line' id='line_1_84' title="bbox 2025 3832 3596 3904; baseline -0.004 -14"><span class='ocrx_word' id='word_1_630' title='bbox 2025 3838 2296 3892; x_wconf 76' lang='lat' dir='ltr'><strong><em>marathro</em></strong></span> <span class='ocrx_word' id='word_1_631' title='bbox 2341 3836 2511 3891; x_wconf 78' lang='lat' dir='ltr'><strong><em>herba:</em></strong></span> <span class='ocrx_word' id='word_1_632' title='bbox 2543 3852 2653 3890; x_wconf 85' lang='lat' dir='ltr'><strong><em>sese</em></strong></span> <span class='ocrx_word' id='word_1_633' title='bbox 2695 3836 2983 3904; x_wconf 67' lang='lat' dir='ltr'><strong><em>alfricans,</em></strong></span> <span class='ocrx_word' id='word_1_634' title='bbox 3021 3834 3198 3887; x_wconf 91' lang='lat' dir='ltr'><strong><em>oculos</em></strong></span> <span class='ocrx_word' id='word_1_635' title='bbox 3242 3832 3485 3901; x_wconf 84' lang='lat' dir='ltr'><strong><em>inungit,</em></strong></span> <span class='ocrx_word' id='word_1_636' title='bbox 3534 3845 3596 3883; x_wconf 89' lang='lat' dir='ltr'><strong><em>ac</em></strong></span> 
     </span>
    </p>
   </div>
   <div class='ocr_carea' id='block_1_85' title="bbox 2027 3924 3596 4002">
    <p class='ocr_par' dir='ltr' id='par_1_85' title="bbox 2027 3924 3596 4002">
     <span class='ocr_line' id='line_1_85' title="bbox 2027 3924 3596 4002; baseline -0.006 -16"><span class='ocrx_word' id='word_1_637' title='bbox 2027 3933 2223 4002; x_wconf 82' lang='lat' dir='ltr'><strong><em>refovet</em></strong></span> <span class='ocrx_word' id='word_1_638' title='bbox 2247 3947 2265 3995; x_wconf 89' lang='lat'><strong><em>;</em></strong></span> <span class='ocrx_word' id='word_1_639' title='bbox 2287 3933 2334 3985; x_wconf 88' lang='lat' dir='ltr'><strong><em>si</em></strong></span> <span class='ocrx_word' id='word_1_640' title='bbox 2362 3947 2479 3984; x_wconf 84' lang='lat' dir='ltr'><strong><em>uero</em></strong></span> <span class='ocrx_word' id='word_1_641' title='bbox 2517 3945 2752 3998; x_wconf 66' lang='lat' dir='ltr'><strong><em>squamae</em></strong></span> <span class='ocrx_word' id='word_1_642' title='bbox 2787 3928 3128 3996; x_wconf 86' lang='lat' dir='ltr'><strong><em>obtorpuere,</em></strong></span> <span class='ocrx_word' id='word_1_643' title='bbox 3161 3927 3326 3996; x_wconf 82' lang='lat' dir='ltr'><strong><em>spinis</em></strong></span> <span class='ocrx_word' id='word_1_644' title='bbox 3359 3924 3596 3994; x_wconf 85' lang='lat' dir='ltr'><strong><em>juniperi</em></strong></span> 
     </span>
    </p>
   </div>
   <div class='ocr_carea' id='block_1_86' title="bbox 2025 4018 3598 4090">
    <p class='ocr_par' dir='ltr' id='par_1_86' title="bbox 2025 4018 3598 4090">
     <span class='ocr_line' id='line_1_86' title="bbox 2025 4018 3598 4090; baseline -0.006 -11"><span class='ocrx_word' id='word_1_645' title='bbox 2025 4040 2080 4079; x_wconf 89' lang='lat' dir='ltr'><strong><em>se</em></strong></span> <span class='ocrx_word' id='word_1_646' title='bbox 2107 4024 2291 4078; x_wconf 84' lang='lat' dir='ltr'><strong><em>scabit.</em></strong></span> <span class='ocrx_word' id='word_1_647' title='bbox 2322 4022 2388 4076; x_wconf 87' lang='lat' dir='ltr'><strong><em>Et</em></strong></span> <span class='ocrx_word' id='word_1_648' title='bbox 2417 4022 2510 4076; x_wconf 91' lang='lat' dir='ltr'><strong><em>lib.</em></strong></span> <span class='ocrx_word' id='word_1_649' title='bbox 2541 4037 2595 4086; x_wconf 73' lang='grc' dir='ltr'><strong><em>ι,</em></strong></span> <span class='ocrx_word' id='word_1_650' title='bbox 2614 4035 2734 4090; x_wconf 88' lang='lat' dir='ltr'><strong><em>cap.</em></strong></span> <span class='ocrx_word' id='word_1_651' title='bbox 2766 4020 2873 4074; x_wconf 75' lang='lat'><strong><em>25:</em></strong></span> <span class='ocrx_word' id='word_1_652' title='bbox 2901 4019 3231 4074; x_wconf 75' lang='lat' dir='ltr'><strong><em>Faeniculum</em></strong></span> <span class='ocrx_word' id='word_1_653' title='bbox 3261 4018 3598 4072; x_wconf 81' lang='lat' dir='ltr'><strong><em>nobilitat-ere</em></strong></span> 
     </span>
    </p>
   </div>
   <div class='ocr_carea' id='block_1_87' title="bbox 2025 4109 3596 4186">
    <p class='ocr_par' dir='ltr' id='par_1_87' title="bbox 2025 4109 3596 4186">
     <span class='ocr_line' id='line_1_87' title="bbox 2025 4109 3596 4186; baseline -0.006 -16"><span class='ocrx_word' id='word_1_654' title='bbox 2025 4127 2280 4186; x_wconf 79' lang='lat' dir='ltr'><strong><em>serpentes</em></strong></span> <span class='ocrx_word' id='word_1_655' title='bbox 2318 4124 2552 4186; x_wconf 86' lang='lat' dir='ltr'><strong><em>gustatu,</em></strong></span> <span class='ocrx_word' id='word_1_656' title='bbox 2584 4124 2640 4167; x_wconf 88' lang='lat' dir='ltr'><strong><em>ut</em></strong></span> <span class='ocrx_word' id='word_1_657' title='bbox 2670 4112 2806 4177; x_wconf 72' lang='lat' dir='ltr'><strong><em>dixi,</em></strong></span> <span class='ocrx_word' id='word_1_658' title='bbox 2836 4122 3096 4166; x_wconf 84' lang='lat' dir='ltr'><strong><em>senectam</em></strong></span> <span class='ocrx_word' id='word_1_659' title='bbox 3129 4111 3384 4172; x_wconf 75' lang='lat' dir='ltr'><strong><em>exuendo,</em></strong></span> <span class='ocrx_word' id='word_1_660' title='bbox 3413 4109 3596 4162; x_wconf 85' lang='lat' dir='ltr'><strong><em>oculo-</em></strong></span> 
     </span>
    </p>
   </div>
   <div class='ocr_carea' id='block_1_88' title="bbox 2027 4202 3597 4281">
    <p class='ocr_par' dir='ltr' id='par_1_88' title="bbox 2027 4202 3597 4281">
     <span class='ocr_line' id='line_1_88' title="bbox 2027 4202 3597 4281; baseline -0.009 -16"><span class='ocrx_word' id='word_1_661' title='bbox 2027 4227 2241 4281; x_wconf 85' lang='lat' dir='ltr'><strong><em>rumque</em></strong></span> <span class='ocrx_word' id='word_1_662' title='bbox 2271 4213 2434 4263; x_wconf 87' lang='lat' dir='ltr'><strong><em>aciem</em></strong></span> <span class='ocrx_word' id='word_1_663' title='bbox 2463 4224 2617 4261; x_wconf 78' lang='lat' dir='ltr'><strong><em>succo</em></strong></span> <span class='ocrx_word' id='word_1_664' title='bbox 2650 4206 2762 4276; x_wconf 86' lang='lat' dir='ltr'><strong><em>ejus</em></strong></span> <span class='ocrx_word' id='word_1_665' title='bbox 2810 4204 3105 4274; x_wconf 79' lang='lat' dir='ltr'><strong><em>refovendo.</em></strong></span> <span class='ocrx_word' id='word_1_666' title='bbox 3146 4202 3466 4257; x_wconf 83' lang='lat' dir='ltr'><strong><em>Aristoteles</em></strong></span> <span class='ocrx_word' id='word_1_667' title='bbox 3510 4208 3597 4252; x_wconf 85' lang='lat' dir='ltr'><strong><em>ta-</em></strong></span> 
     </span>
    </p>
   </div>
   <div class='ocr_carea' id='block_1_89' title="bbox 2028 4291 3594 4363">
    <p class='ocr_par' dir='ltr' id='par_1_89' title="bbox 2028 4291 3594 4363">
     <span class='ocr_line' id='line_1_89' title="bbox 2028 4291 3594 4363; baseline -0.006 -10"><span class='ocrx_word' id='word_1_668' title='bbox 2028 4315 2148 4354; x_wconf 88' lang='lat' dir='ltr'><strong><em>men</em></strong></span> <span class='ocrx_word' id='word_1_669' title='bbox 2171 4338 2186 4362; x_wconf 91' lang='lat'><strong><em>,</em></strong></span> <span class='ocrx_word' id='word_1_670' title='bbox 2222 4299 2318 4353; x_wconf 93' lang='lat' dir='ltr'><strong><em>lib.</em></strong></span> <span class='ocrx_word' id='word_1_671' title='bbox 2345 4313 2440 4351; x_wconf 87' lang='lat' dir='ltr'><strong><em>vm</em></strong></span> <span class='ocrx_word' id='word_1_672' title='bbox 2474 4297 2546 4350; x_wconf 85' lang='lat' dir='ltr'><strong><em>De</em></strong></span> <span class='ocrx_word' id='word_1_673' title='bbox 2583 4297 2706 4350; x_wconf 87' lang='lat' dir='ltr'><strong><em>hist.</em></strong></span> <span class='ocrx_word' id='word_1_674' title='bbox 2756 4296 2956 4360; x_wconf 88' lang='lat' dir='ltr'><strong><em>anim.,</em></strong></span> <span class='ocrx_word' id='word_1_675' title='bbox 3001 4308 3122 4363; x_wconf 89' lang='lat' dir='ltr'><strong><em>cap.</em></strong></span> <span class='ocrx_word' id='word_1_676' title='bbox 3159 4293 3260 4357; x_wconf 75' lang='lat' dir='ltr'><strong><em>l7,</em></strong></span> <span class='ocrx_word' id='word_1_677' title='bbox 3287 4291 3501 4345; x_wconf 88' lang='lat' dir='ltr'><strong><em>videtur</em></strong></span> <span class='ocrx_word' id='word_1_678' title='bbox 3539 4291 3594 4344; x_wconf 92' lang='lat' dir='ltr'><strong><em>in</em></strong></span> 
     </span>
    </p>
   </div>
   <div class='ocr_carea' id='block_1_90' title="bbox 2027 4381 3597 4454">
    <p class='ocr_par' dir='ltr' id='par_1_90' title="bbox 2027 4381 3597 4454">
     <span class='ocr_line' id='line_1_90' title="bbox 2027 4381 3597 4454; baseline -0.008 -9"><span class='ocrx_word' id='word_1_679' title='bbox 2027 4406 2090 4446; x_wconf 87' lang='lat' dir='ltr'><strong><em>ea</em></strong></span> <span class='ocrx_word' id='word_1_680' title='bbox 2127 4405 2248 4445; x_wconf 89' lang='lat' dir='ltr'><strong><em>esse</em></strong></span> <span class='ocrx_word' id='word_1_681' title='bbox 2278 4389 2547 4444; x_wconf 88' lang='lat' dir='ltr'><strong><em>sententia</em></strong></span> <span class='ocrx_word' id='word_1_682' title='bbox 2568 4426 2583 4450; x_wconf 92' lang='lat'><strong><em>,</em></strong></span> <span class='ocrx_word' id='word_1_683' title='bbox 2627 4387 2674 4443; x_wconf 90' lang='lat' dir='ltr'><strong><em>si</em></strong></span> <span class='ocrx_word' id='word_1_684' title='bbox 2708 4397 2854 4441; x_wconf 85' lang='lat' dir='ltr'><strong><em>recte</em></strong></span> <span class='ocrx_word' id='word_1_685' title='bbox 2887 4385 3007 4454; x_wconf 87' lang='lat' dir='ltr'><strong><em>ejus</em></strong></span> <span class='ocrx_word' id='word_1_686' title='bbox 3045 4383 3210 4438; x_wconf 89' lang='lat' dir='ltr'><strong><em>verba</em></strong></span> <span class='ocrx_word' id='word_1_687' title='bbox 3237 4381 3597 4436; x_wconf 89' lang='lat' dir='ltr'><strong><em>consideren-</em></strong></span> 
     </span>
    </p>
   </div>
   <div class='ocr_carea' id='block_1_91' title="bbox 2031 4473 3598 4549">
    <p class='ocr_par' dir='ltr' id='par_1_91' title="bbox 2031 4473 3598 4549">
     <span class='ocr_line' id='line_1_91' title="bbox 2031 4473 3598 4549; baseline -0.007 -13"><span class='ocrx_word' id='word_1_688' title='bbox 2031 4491 2152 4547; x_wconf 87' lang='lat' dir='ltr'><strong><em>tur,</em></strong></span> <span class='ocrx_word' id='word_1_689' title='bbox 2180 4481 2434 4536; x_wconf 88' lang='lat' dir='ltr'><strong><em>videlicet</em></strong></span> <span class='ocrx_word' id='word_1_690' title='bbox 2470 4488 2751 4549; x_wconf 90' lang='lat' dir='ltr'><strong><em>serpentes</em></strong></span> <span class='ocrx_word' id='word_1_691' title='bbox 2778 4493 2888 4532; x_wconf 90' lang='lat' dir='ltr'><strong><em>non</em></strong></span> <span class='ocrx_word' id='word_1_692' title='bbox 2921 4493 3042 4532; x_wconf 92' lang='lat' dir='ltr'><strong><em>esse</em></strong></span> <span class='ocrx_word' id='word_1_693' title='bbox 3071 4491 3245 4530; x_wconf 58' lang='lat' dir='ltr'><strong><em>caecos</em></strong></span> <span class='ocrx_word' id='word_1_694' title='bbox 3279 4493 3292 4528; x_wconf 91' lang='lat'><strong>:</strong></span> <span class='ocrx_word' id='word_1_695' title='bbox 3334 4473 3429 4529; x_wconf 87' lang='lat' dir='ltr'><strong><em>sed</em></strong></span> <span class='ocrx_word' id='word_1_696' title='bbox 3469 4473 3598 4543; x_wconf 88' lang='lat' dir='ltr'><strong><em>quia</em></strong></span> 
     </span>
    </p>
   </div>
   <div class='ocr_carea' id='block_1_92' title="bbox 366 4568 1923 4650">
    <p class='ocr_par' dir='ltr' id='par_1_92' title="bbox 366 4570 1923 4649">
     <span class='ocr_line' id='line_1_92' title="bbox 366 4570 1923 4649; baseline -0.008 -14"><span class='ocrx_word' id='word_1_697' title='bbox 366 4590 474 4644; x_wconf 90' lang='lat' dir='ltr'><strong><em>tur,</em></strong></span> <span class='ocrx_word' id='word_1_698' title='bbox 500 4579 591 4649; x_wconf 93' lang='lat' dir='ltr'><strong><em>qui</em></strong></span> <span class='ocrx_word' id='word_1_699' title='bbox 623 4592 746 4632; x_wconf 89' lang='lat' dir='ltr'><strong><em>cum</em></strong></span> <span class='ocrx_word' id='word_1_700' title='bbox 775 4575 940 4630; x_wconf 88' lang='lat' dir='ltr'><strong><em>reniti</em></strong></span> <span class='ocrx_word' id='word_1_701' title='bbox 959 4590 1068 4628; x_wconf 89' lang='lat' dir='ltr'><strong><em>non</em></strong></span> <span class='ocrx_word' id='word_1_702' title='bbox 1102 4573 1274 4643; x_wconf 88' lang='lat' dir='ltr'><strong><em>possit</em></strong></span> <span class='ocrx_word' id='word_1_703' title='bbox 1296 4570 1690 4642; x_wconf 88' lang='lat' dir='ltr'><strong><em>perrumpitur,</em></strong></span> <span class='ocrx_word' id='word_1_704' title='bbox 1714 4575 1768 4623; x_wconf 90' lang='lat' dir='ltr'><strong><em>et</em></strong></span> <span class='ocrx_word' id='word_1_705' title='bbox 1794 4582 1923 4622; x_wconf 89' lang='lat' dir='ltr'><strong><em>acus</em></strong></span> 
     </span>
    </p>
   </div>
   <div class='ocr_carea' id='block_1_93' title="bbox 2021 4568 3596 4650">
    <p class='ocr_par' dir='ltr' id='par_1_93' title="bbox 2033 4568 3596 4650">
     <span class='ocr_line' id='line_1_93' title="bbox 2033 4568 3596 4650; baseline -0.01 -16"><span class='ocrx_word' id='word_1_706' title='bbox 2033 4579 2190 4650; x_wconf 90' lang='lat' dir='ltr'><strong><em>pellis</em></strong></span> <span class='ocrx_word' id='word_1_707' title='bbox 2211 4579 2301 4632; x_wconf 90' lang='lat' dir='ltr'><strong><em>illa</em></strong></span> <span class='ocrx_word' id='word_1_708' title='bbox 2325 4577 2439 4632; x_wconf 89' lang='lat' dir='ltr'><strong><em>sive</em></strong></span> <span class='ocrx_word' id='word_1_709' title='bbox 2462 4581 2680 4631; x_wconf 86' lang='lat' dir='ltr'><strong><em>senecta</em></strong></span> <span class='ocrx_word' id='word_1_710' title='bbox 2704 4573 2937 4643; x_wconf 89' lang='lat' dir='ltr'><strong><em>primum</em></strong></span> <span class='ocrx_word' id='word_1_711' title='bbox 2967 4570 3274 4625; x_wconf 89' lang='lat' dir='ltr'><strong><em>detrahitur</em></strong></span> <span class='ocrx_word' id='word_1_712' title='bbox 3303 4569 3371 4622; x_wconf 89' lang='lat' dir='ltr'><strong><em>ab</em></strong></span> <span class='ocrx_word' id='word_1_713' title='bbox 3397 4568 3596 4629; x_wconf 90' lang='lat' dir='ltr'><strong><em>oculis,</em></strong></span> 
     </span>
    </p>
   </div>
   <div class='ocr_carea' id='block_1_94' title="bbox 365 4660 1928 4738">
    <p class='ocr_par' dir='ltr' id='par_1_94' title="bbox 365 4660 1928 4738">
     <span class='ocr_line' id='line_1_94' title="bbox 365 4660 1928 4738; baseline -0.012 -9"><span class='ocrx_word' id='word_1_714' title='bbox 365 4674 591 4728; x_wconf 76' lang='lat' dir='ltr'><strong><em>marinae</em></strong></span> <span class='ocrx_word' id='word_1_715' title='bbox 624 4668 872 4738; x_wconf 84' lang='lat' dir='ltr'><strong><em>exemplo</em></strong></span> <span class='ocrx_word' id='word_1_716' title='bbox 903 4665 1230 4736; x_wconf 88' lang='lat' dir='ltr'><strong><em>persuadere</em></strong></span> <span class='ocrx_word' id='word_1_717' title='bbox 1261 4673 1508 4724; x_wconf 88' lang='lat' dir='ltr'><strong><em>conatur,</em></strong></span> <span class='ocrx_word' id='word_1_718' title='bbox 1531 4676 1654 4731; x_wconf 66' lang='lat' dir='ltr'><strong><em>quae</em></strong></span> <span class='ocrx_word' id='word_1_719' title='bbox 1683 4660 1810 4729; x_wconf 88' lang='lat' dir='ltr'><strong><em>quia</em></strong></span> <span class='ocrx_word' id='word_1_720' title='bbox 1835 4673 1928 4712; x_wconf 90' lang='lat' dir='ltr'><strong><em>ca-</em></strong></span> 
     </span>
    </p>
   </div>
   <div class='ocr_carea' id='block_1_95' title="bbox 367 4753 1928 4837">
    <p class='ocr_par' dir='ltr' id='par_1_95' title="bbox 367 4753 1928 4837">
     <span class='ocr_line' id='line_1_95' title="bbox 367 4753 1928 4837; baseline -0.009 -16"><span class='ocrx_word' id='word_1_721' title='bbox 367 4781 554 4837; x_wconf 90' lang='lat' dir='ltr'><strong><em>pacem</em></strong></span> <span class='ocrx_word' id='word_1_722' title='bbox 576 4765 756 4817; x_wconf 91' lang='lat' dir='ltr'><strong><em>alvum</em></strong></span> <span class='ocrx_word' id='word_1_723' title='bbox 787 4776 894 4814; x_wconf 88' lang='lat' dir='ltr'><strong><em>non</em></strong></span> <span class='ocrx_word' id='word_1_724' title='bbox 917 4760 1118 4813; x_wconf 88' lang='lat' dir='ltr'><strong><em>habent</em></strong></span> <span class='ocrx_word' id='word_1_725' title='bbox 1143 4758 1394 4812; x_wconf 90' lang='lat' dir='ltr'><strong><em>similiter</em></strong></span> <span class='ocrx_word' id='word_1_726' title='bbox 1414 4755 1722 4808; x_wconf 73' lang='lat' dir='ltr'><strong><em>adiciuntur</em></strong></span> <span class='ocrx_word' id='word_1_727' title='bbox 1750 4769 1780 4806; x_wconf 89' lang='lat' dir='ltr'><strong><em>a</em></strong></span> <span class='ocrx_word' id='word_1_728' title='bbox 1811 4753 1928 4807; x_wconf 88' lang='lat' dir='ltr'><strong><em>suis</em></strong></span> 
     </span>
    </p>
   </div>
   <div class='ocr_carea' id='block_1_96' title="bbox 368 4849 1930 4916">
    <p class='ocr_par' dir='ltr' id='par_1_96' title="bbox 368 4849 1930 4916">
     <span class='ocr_line' id='line_1_96' title="bbox 368 4849 1930 4916; baseline -0.01 -4"><span class='ocrx_word' id='word_1_729' title='bbox 368 4860 591 4914; x_wconf 82' lang='lat' dir='ltr'><strong><em>fetibus.</em></strong></span> <span class='ocrx_word' id='word_1_730' title='bbox 616 4854 847 4916; x_wconf 87' lang='lat' dir='ltr'><strong><em>Plinius,</em></strong></span> <span class='ocrx_word' id='word_1_731' title='bbox 881 4852 917 4905; x_wconf 93' lang='grc'>1.</span> <span class='ocrx_word' id='word_1_732' title='bbox 947 4850 1036 4904; x_wconf 88' lang='lat' dir='ltr'><strong><em>d.:</em></strong></span> <span class='ocrx_word' id='word_1_733' title='bbox 1073 4850 1253 4903; x_wconf 85' lang='lat' dir='ltr'><strong><em>Tertia</em></strong></span> <span class='ocrx_word' id='word_1_734' title='bbox 1273 4849 1356 4902; x_wconf 87' lang='lat' dir='ltr'><strong><em>die</em></strong></span> <span class='ocrx_word' id='word_1_735' title='bbox 1386 4850 1528 4901; x_wconf 86' lang='lat' dir='ltr'><strong><em>intra</em></strong></span> <span class='ocrx_word' id='word_1_736' title='bbox 1550 4856 1757 4899; x_wconf 88' lang='lat' dir='ltr'><strong><em>uterum</em></strong></span> <span class='ocrx_word' id='word_1_737' title='bbox 1781 4854 1930 4896; x_wconf 90' lang='lat' dir='ltr'><strong><em>catu-</em></strong></span> 
     </span>
    </p>
   </div>
   <div class='ocr_carea' id='block_1_97' title="bbox 365 4935 1927 5010">
    <p class='ocr_par' dir='ltr' id='par_1_97' title="bbox 365 4935 1927 5010">
     <span class='ocr_line' id='line_1_97' title="bbox 365 4935 1927 5010; baseline -0.012 -7"><span class='ocrx_word' id='word_1_738' title='bbox 365 4951 446 5003; x_wconf 85' lang='lat' dir='ltr'><strong><em>los</em></strong></span> <span class='ocrx_word' id='word_1_739' title='bbox 475 4945 740 5008; x_wconf 78' lang='lat' dir='ltr'><strong><em>excludit,</em></strong></span> <span class='ocrx_word' id='word_1_740' title='bbox 773 4942 958 4996; x_wconf 89' lang='lat' dir='ltr'><strong><em>deinde</em></strong></span> <span class='ocrx_word' id='word_1_741' title='bbox 999 4941 1233 5010; x_wconf 90' lang='lat' dir='ltr'><strong><em>singulos</em></strong></span> <span class='ocrx_word' id='word_1_742' title='bbox 1274 4937 1452 4991; x_wconf 88' lang='lat' dir='ltr'><strong><em>diebus</em></strong></span> <span class='ocrx_word' id='word_1_743' title='bbox 1495 4936 1714 5005; x_wconf 86' lang='lat' dir='ltr'><strong><em>singulis</em></strong></span> <span class='ocrx_word' id='word_1_744' title='bbox 1765 4935 1927 5002; x_wconf 87' lang='lat' dir='ltr'><strong><em>parit,</em></strong></span> 
     </span>
    </p>
   </div>
   <div class='ocr_carea' id='block_1_98' title="bbox 368 5027 1931 5109">
    <p class='ocr_par' dir='ltr' id='par_1_98' title="bbox 368 5027 1931 5109">
     <span class='ocr_line' id='line_1_98' title="bbox 368 5027 1931 5109; baseline -0.011 -15"><span class='ocrx_word' id='word_1_745' title='bbox 368 5042 547 5109; x_wconf 85' lang='lat' dir='ltr'><strong><em>viginti</em></strong></span> <span class='ocrx_word' id='word_1_746' title='bbox 589 5040 696 5108; x_wconf 72' lang='lat' dir='ltr'><strong><em>fere</em></strong></span> <span class='ocrx_word' id='word_1_747' title='bbox 724 5051 961 5092; x_wconf 87' lang='lat' dir='ltr'><strong><em>numero.</em></strong></span> <span class='ocrx_word' id='word_1_748' title='bbox 991 5031 1178 5102; x_wconf 85' lang='lat' dir='ltr'><strong><em>Itaque</em></strong></span> <span class='ocrx_word' id='word_1_749' title='bbox 1207 5030 1384 5084; x_wconf 79' lang='lat' dir='ltr'><strong><em>ca&#39;teri</em></strong></span> <span class='ocrx_word' id='word_1_750' title='bbox 1445 5027 1714 5081; x_wconf 86' lang='lat' dir='ltr'><strong><em>tarditatis</em></strong></span> <span class='ocrx_word' id='word_1_751' title='bbox 1745 5027 1931 5093; x_wconf 89' lang='lat' dir='ltr'><strong><em>impa—</em></strong></span> 
     </span>
    </p>
   </div>
   <div class='ocr_carea' id='block_1_99' title="bbox 370 5118 1930 5202">
    <p class='ocr_par' dir='ltr' id='par_1_99' title="bbox 370 5118 1930 5202">
     <span class='ocr_line' id='line_1_99' title="bbox 370 5118 1930 5202; baseline -0.01 -16"><span class='ocrx_word' id='word_1_752' title='bbox 370 5138 550 5188; x_wconf 88' lang='lat' dir='ltr'><strong><em>tientes</em></strong></span> <span class='ocrx_word' id='word_1_753' title='bbox 580 5136 922 5202; x_wconf 86' lang='lat' dir='ltr'><strong><em>perrumpunt</em></strong></span> <span class='ocrx_word' id='word_1_754' title='bbox 955 5127 1124 5180; x_wconf 85' lang='lat' dir='ltr'><strong><em>latera</em></strong></span> <span class='ocrx_word' id='word_1_755' title='bbox 1156 5123 1329 5176; x_wconf 87' lang='lat' dir='ltr'><strong><em>occisa</em></strong></span> <span class='ocrx_word' id='word_1_756' title='bbox 1354 5130 1587 5189; x_wconf 84' lang='lat' dir='ltr'><strong><em>parente.</em></strong></span> <span class='ocrx_word' id='word_1_757' title='bbox 1614 5118 1930 5172; x_wconf 86' lang='lat' dir='ltr'><strong><em>Aristotcles</em></strong></span> 
     </span>
    </p>
   </div>
   <div class='ocr_carea' id='block_1_100' title="bbox 369 5211 1931 5286">
    <p class='ocr_par' dir='ltr' id='par_1_100' title="bbox 369 5211 1931 5286">
     <span class='ocr_line' id='line_1_100' title="bbox 369 5211 1931 5286; baseline -0.013 -6"><span class='ocrx_word' id='word_1_758' title='bbox 369 5237 571 5286; x_wconf 88' lang='lat' dir='ltr'><strong><em>tamen,</em></strong></span> <span class='ocrx_word' id='word_1_759' title='bbox 607 5224 680 5284; x_wconf 88' lang='lat' dir='ltr'><strong><em>De</em></strong></span> <span class='ocrx_word' id='word_1_760' title='bbox 714 5225 838 5277; x_wconf 83' lang='lat' dir='ltr'><strong><em>ltist.</em></strong></span> <span class='ocrx_word' id='word_1_761' title='bbox 869 5221 1059 5282; x_wconf 88' lang='lat' dir='ltr'><strong><em>anim.,</em></strong></span> <span class='ocrx_word' id='word_1_762' title='bbox 1093 5217 1186 5270; x_wconf 93' lang='lat' dir='ltr'><strong><em>lib.</em></strong></span> <span class='ocrx_word' id='word_1_763' title='bbox 1215 5231 1277 5277; x_wconf 80' lang='grc' dir='ltr'><strong>ν,</strong></span> <span class='ocrx_word' id='word_1_764' title='bbox 1307 5229 1429 5282; x_wconf 90' lang='lat' dir='ltr'><strong><em>cap.</em></strong></span> <span class='ocrx_word' id='word_1_765' title='bbox 1461 5214 1583 5275; x_wconf 90' lang='lat' dir='ltr'><strong><em>ult.,</em></strong></span> <span class='ocrx_word' id='word_1_766' title='bbox 1617 5211 1774 5264; x_wconf 90' lang='lat' dir='ltr'><strong><em>aliter</em></strong></span> <span class='ocrx_word' id='word_1_767' title='bbox 1805 5225 1931 5263; x_wconf 91' lang='lat' dir='ltr'><strong><em>sen-</em></strong></span> 
     </span>
    </p>
   </div>
   <div class='ocr_carea' id='block_1_101' title="bbox 369 5302 1930 5383">
    <p class='ocr_par' dir='ltr' id='par_1_101' title="bbox 369 5302 1930 5383">
     <span class='ocr_line' id='line_1_101' title="bbox 369 5302 1930 5383; baseline -0.013 -9"><span class='ocrx_word' id='word_1_768' title='bbox 369 5321 434 5374; x_wconf 90' lang='lat' dir='ltr'><strong><em>tit</em></strong></span> <span class='ocrx_word' id='word_1_769' title='bbox 475 5326 530 5375; x_wconf 89' lang='lat' dir='ltr'><strong><em>et</em></strong></span> <span class='ocrx_word' id='word_1_770' title='bbox 569 5325 776 5370; x_wconf 85' lang='lat' dir='ltr'><strong><em>narrat.</em></strong></span> <span class='ocrx_word' id='word_1_771' title='bbox 833 5315 1064 5383; x_wconf 90' lang='lat' dir='ltr'><strong><em>Ideoque</em></strong></span> <span class='ocrx_word' id='word_1_772' title='bbox 1111 5311 1179 5364; x_wconf 87' lang='lat' dir='ltr'><strong><em>ab</em></strong></span> <span class='ocrx_word' id='word_1_773' title='bbox 1217 5307 1490 5377; x_wconf 91' lang='lat' dir='ltr'><strong><em>aliquibus</em></strong></span> <span class='ocrx_word' id='word_1_774' title='bbox 1533 5306 1634 5359; x_wconf 90' lang='lat' dir='ltr'><strong><em>hoc</em></strong></span> <span class='ocrx_word' id='word_1_775' title='bbox 1680 5302 1841 5358; x_wconf 90' lang='lat' dir='ltr'><strong><em>sicuti</em></strong></span> <span class='ocrx_word' id='word_1_776' title='bbox 1875 5309 1930 5355; x_wconf 92' lang='lat' dir='ltr'><strong><em>et</em></strong></span> 
     </span>
    </p>
   </div>
   <div class='ocr_carea' id='block_1_102' title="bbox 369 5395 1926 5481">
    <p class='ocr_par' dir='ltr' id='par_1_102' title="bbox 369 5395 1926 5481">
     <span class='ocr_line' id='line_1_102' title="bbox 369 5395 1926 5481; baseline -0.012 -17"><span class='ocrx_word' id='word_1_777' title='bbox 369 5412 603 5481; x_wconf 87' lang='lat' dir='ltr'><strong><em>primum</em></strong></span> <span class='ocrx_word' id='word_1_778' title='bbox 631 5407 698 5462; x_wconf 90' lang='lat' dir='ltr'><strong><em>de</em></strong></span> <span class='ocrx_word' id='word_1_779' title='bbox 719 5409 1023 5477; x_wconf 88' lang='lat' dir='ltr'><strong><em>viperarum</em></strong></span> <span class='ocrx_word' id='word_1_780' title='bbox 1050 5403 1197 5458; x_wconf 91' lang='lat' dir='ltr'><strong><em>coitu</em></strong></span> <span class='ocrx_word' id='word_1_781' title='bbox 1229 5401 1308 5455; x_wconf 89' lang='lat' dir='ltr'><strong><em>uti</em></strong></span> <span class='ocrx_word' id='word_1_782' title='bbox 1333 5399 1640 5454; x_wconf 81' lang='lat' dir='ltr'><strong><em>fabulosum</em></strong></span> <span class='ocrx_word' id='word_1_783' title='bbox 1662 5395 1926 5463; x_wconf 88' lang='lat' dir='ltr'><strong><em>rejicitur.</em></strong></span> 
     </span>
    </p>
   </div>
   <div class='ocr_carea' id='block_1_103' title="bbox 368 5486 1930 5573">
    <p class='ocr_par' dir='ltr' id='par_1_103' title="bbox 368 5486 1930 5573">
     <span class='ocr_line' id='line_1_103' title="bbox 368 5486 1930 5573; baseline -0.01 -18"><span class='ocrx_word' id='word_1_784' title='bbox 368 5501 526 5570; x_wconf 74' lang='lat' dir='ltr'><strong><em>Parit</em></strong></span> <span class='ocrx_word' id='word_1_785' title='bbox 553 5498 758 5552; x_wconf 88' lang='lat' dir='ltr'><strong><em>catulos</em></strong></span> <span class='ocrx_word' id='word_1_786' title='bbox 806 5497 1078 5573; x_wconf 68' lang='lat' dir='ltr'><strong><em>obyolutos</em></strong></span> <span class='ocrx_word' id='word_1_787' title='bbox 1126 5495 1444 5548; x_wconf 77' lang='lat' dir='ltr'><strong><em>membranis</em></strong></span> <span class='ocrx_word' id='word_1_788' title='bbox 1467 5529 1482 5554; x_wconf 92' lang='lat'><strong><em>,</em></strong></span> <span class='ocrx_word' id='word_1_789' title='bbox 1514 5504 1630 5559; x_wconf 73' lang='lat' dir='ltr'><strong><em>qua:</em></strong></span> <span class='ocrx_word' id='word_1_790' title='bbox 1657 5488 1814 5541; x_wconf 89' lang='lat' dir='ltr'><strong><em>tertia</em></strong></span> <span class='ocrx_word' id='word_1_791' title='bbox 1846 5486 1930 5539; x_wconf 88' lang='lat' dir='ltr'><strong><em>die</em></strong></span> 
     </span>
    </p>
   </div>
   <div class='ocr_carea' id='block_1_104' title="bbox 368 5578 1931 5662">
    <p class='ocr_par' dir='ltr' id='par_1_104' title="bbox 368 5578 1931 5662">
     <span class='ocr_line' id='line_1_104' title="bbox 368 5578 1931 5662; baseline -0.012 -14"><span class='ocrx_word' id='word_1_792' title='bbox 368 5601 703 5662; x_wconf 87' lang='lat' dir='ltr'><strong><em>rumpuntur.</em></strong></span> <span class='ocrx_word' id='word_1_793' title='bbox 735 5588 1000 5660; x_wconf 89' lang='lat' dir='ltr'><strong><em>Contingit</em></strong></span> <span class='ocrx_word' id='word_1_794' title='bbox 1028 5604 1143 5642; x_wconf 83' lang='lat' dir='ltr'><strong><em>vero</em></strong></span> <span class='ocrx_word' id='word_1_795' title='bbox 1193 5598 1566 5653; x_wconf 81' lang='lat' dir='ltr'><strong><em>nonnunquam</em></strong></span> <span class='ocrx_word' id='word_1_796' title='bbox 1591 5623 1608 5646; x_wconf 96' lang='lat'><strong><em>,</em></strong></span> <span class='ocrx_word' id='word_1_797' title='bbox 1644 5589 1700 5632; x_wconf 86' lang='lat' dir='ltr'><strong><em>ut</em></strong></span> <span class='ocrx_word' id='word_1_798' title='bbox 1741 5579 1829 5650; x_wconf 89' lang='lat' dir='ltr'><strong><em>qui</em></strong></span> <span class='ocrx_word' id='word_1_799' title='bbox 1877 5578 1931 5631; x_wconf 87' lang='lat' dir='ltr'><strong><em>in</em></strong></span> 
     </span>
    </p>
   </div>
   <div class='ocr_carea' id='block_1_105' title="bbox 367 5677 1927 5741">
    <p class='ocr_par' dir='ltr' id='par_1_105' title="bbox 367 5677 1927 5741">
     <span class='ocr_line' id='line_1_105' title="bbox 367 5677 1927 5741; baseline -0.012 -2"><span class='ocrx_word' id='word_1_800' title='bbox 367 5697 514 5740; x_wconf 80' lang='lat' dir='ltr'><strong><em>utero</em></strong></span> <span class='ocrx_word' id='word_1_801' title='bbox 560 5682 729 5737; x_wconf 87' lang='lat' dir='ltr'><strong><em>adhuc</em></strong></span> <span class='ocrx_word' id='word_1_802' title='bbox 769 5691 892 5735; x_wconf 90' lang='lat' dir='ltr'><strong><em>sunt</em></strong></span> <span class='ocrx_word' id='word_1_803' title='bbox 942 5680 1145 5734; x_wconf 86' lang='lat' dir='ltr'><strong><em>abrosis</em></strong></span> <span class='ocrx_word' id='word_1_804' title='bbox 1199 5677 1518 5732; x_wconf 87' lang='lat' dir='ltr'><strong><em>membranis</em></strong></span> <span class='ocrx_word' id='word_1_805' title='bbox 1565 5678 1927 5741; x_wconf 78' lang='lat' dir='ltr'><strong><em>prorumpunt.</em></strong></span> 
     </span>
    </p>
   </div>
   <div class='ocr_carea' id='block_1_106' title="bbox 369 5764 1928 5848">
    <p class='ocr_par' dir='ltr' id='par_1_106' title="bbox 369 5764 1928 5848">
     <span class='ocr_line' id='line_1_106' title="bbox 369 5764 1928 5848; baseline -0.012 -16"><span class='ocrx_word' id='word_1_806' title='bbox 369 5777 615 5848; x_wconf 88' lang='lat' dir='ltr'><strong><em>Singulos</em></strong></span> <span class='ocrx_word' id='word_1_807' title='bbox 640 5774 822 5829; x_wconf 89' lang='lat' dir='ltr'><strong><em>diebus</em></strong></span> <span class='ocrx_word' id='word_1_808' title='bbox 857 5775 1078 5843; x_wconf 83' lang='lat' dir='ltr'><strong><em>singulis</em></strong></span> <span class='ocrx_word' id='word_1_809' title='bbox 1121 5773 1297 5842; x_wconf 87' lang='lat' dir='ltr'><strong><em>parit,</em></strong></span> <span class='ocrx_word' id='word_1_810' title='bbox 1327 5771 1502 5838; x_wconf 86' lang='lat' dir='ltr'><strong><em>plures</em></strong></span> <span class='ocrx_word' id='word_1_811' title='bbox 1529 5783 1684 5837; x_wconf 90' lang='lat' dir='ltr'><strong><em>quam</em></strong></span> <span class='ocrx_word' id='word_1_812' title='bbox 1725 5764 1928 5833; x_wconf 82' lang='lat' dir='ltr'><strong><em>uiginti.</em></strong></span> 
     </span>
    </p>
   </div>
   <div class='ocr_carea' id='block_1_107' title="bbox 373 5852 1930 5936">
    <p class='ocr_par' dir='ltr' id='par_1_107' title="bbox 373 5852 1930 5936">
     <span class='ocr_line' id='line_1_107' title="bbox 373 5852 1930 5936; baseline -0.012 -14"><span class='ocrx_word' id='word_1_813' title='bbox 373 5868 726 5925; x_wconf 83' lang='lat' dir='ltr'><strong><em>Verissimum</em></strong></span> <span class='ocrx_word' id='word_1_814' title='bbox 761 5866 942 5936; x_wconf 87' lang='lat' dir='ltr'><strong><em>itaque</em></strong></span> <span class='ocrx_word' id='word_1_815' title='bbox 971 5872 1054 5918; x_wconf 88' lang='lat' dir='ltr'><strong><em>est</em></strong></span> <span class='ocrx_word' id='word_1_816' title='bbox 1096 5875 1382 5933; x_wconf 88' lang='lat' dir='ltr'><strong><em>superesse</em></strong></span> <span class='ocrx_word' id='word_1_817' title='bbox 1427 5858 1605 5930; x_wconf 88' lang='lat' dir='ltr'><strong><em>partui</em></strong></span> <span class='ocrx_word' id='word_1_818' title='bbox 1650 5869 1750 5912; x_wconf 91' lang='lat' dir='ltr'><strong><em>suo</em></strong></span> <span class='ocrx_word' id='word_1_819' title='bbox 1783 5852 1930 5920; x_wconf 86' lang='lat' dir='ltr'><strong><em>vipe-</em></strong></span> 
     </span>
    </p>
   </div>
   <div class='ocr_carea' id='block_1_108' title="bbox 2028 4661 3597 4736">
    <p class='ocr_par' dir='ltr' id='par_1_108' title="bbox 2028 4661 3597 4736">
     <span class='ocr_line' id='line_1_108' title="bbox 2028 4661 3597 4736; baseline -0.01 -7"><span class='ocrx_word' id='word_1_820' title='bbox 2028 4673 2157 4729; x_wconf 90' lang='lat' dir='ltr'><strong><em>dum</em></strong></span> <span class='ocrx_word' id='word_1_821' title='bbox 2179 4677 2474 4733; x_wconf 75' lang='lat' dir='ltr'><strong><em>exuuntUr,</em></strong></span> <span class='ocrx_word' id='word_1_822' title='bbox 2493 4669 2615 4723; x_wconf 90' lang='lat' dir='ltr'><strong><em>ideo</em></strong></span> <span class='ocrx_word' id='word_1_823' title='bbox 2637 4667 2705 4721; x_wconf 88' lang='lat' dir='ltr'><strong><em>iis</em></strong></span> <span class='ocrx_word' id='word_1_824' title='bbox 2720 4667 2811 4736; x_wconf 90' lang='lat' dir='ltr'><strong><em>qui</em></strong></span> <span class='ocrx_word' id='word_1_825' title='bbox 2831 4679 2944 4719; x_wconf 88' lang='lat' dir='ltr'><strong><em>rem</em></strong></span> <span class='ocrx_word' id='word_1_826' title='bbox 2968 4679 3075 4717; x_wconf 88' lang='lat' dir='ltr'><strong><em>non</em></strong></span> <span class='ocrx_word' id='word_1_827' title='bbox 3103 4661 3408 4730; x_wconf 80' lang='lat' dir='ltr'><strong><em>intelligunt</em></strong></span> <span class='ocrx_word' id='word_1_828' title='bbox 3430 4661 3597 4714; x_wconf 86' lang='lat' dir='ltr'><strong><em>videri</em></strong></span> 
     </span>
    </p>
   </div>
   <div class='ocr_carea' id='block_1_109' title="bbox 2028 4749 3601 4829">
    <p class='ocr_par' dir='ltr' id='par_1_109' title="bbox 2028 4749 3601 4829">
     <span class='ocr_line' id='line_1_109' title="bbox 2028 4749 3601 4829; baseline -0.011 -11"><span class='ocrx_word' id='word_1_829' title='bbox 2028 4778 2202 4818; x_wconf 76' lang='lat' dir='ltr'><strong><em>ca3cos</em></strong></span> <span class='ocrx_word' id='word_1_830' title='bbox 2230 4762 2367 4824; x_wconf 86' lang='lat' dir='ltr'><strong><em>ﬁeri,</em></strong></span> <span class='ocrx_word' id='word_1_831' title='bbox 2388 4761 2554 4813; x_wconf 85' lang='grc' dir='ltr'>Ὅταν</span> <span class='ocrx_word' id='word_1_832' title='bbox 2573 4759 2630 4812; x_wconf 82' lang='grc' dir='ltr'><strong><em>δὲ</em></strong></span> <span class='ocrx_word' id='word_1_833' title='bbox 2663 4759 2936 4829; x_wconf 82' lang='grc' dir='ltr'><strong><em>ἄρχωνται</em></strong></span> <span class='ocrx_word' id='word_1_834' title='bbox 2964 4752 3204 4807; x_wconf 81' lang='grc' dir='ltr'>ὲκδύνειν</span> <span class='ocrx_word' id='word_1_835' title='bbox 3228 4753 3275 4804; x_wconf 86' lang='grc' dir='ltr'>οἱ</span> <span class='ocrx_word' id='word_1_836' title='bbox 3303 4750 3475 4818; x_wconf 73' lang='grc' dir='ltr'><strong><em>ὄφεις,</em></strong></span> <span class='ocrx_word' id='word_1_837' title='bbox 3494 4749 3601 4802; x_wconf 82' lang='grc' dir='ltr'><strong><em>ἀπὸ</em></strong></span> 
     </span>
    </p>
   </div>
   <div class='ocr_carea' id='block_1_110' title="bbox 2025 4829 3601 4923">
    <p class='ocr_par' dir='ltr' id='par_1_110' title="bbox 2025 4829 3601 4923">
     <span class='ocr_line' id='line_1_110' title="bbox 2025 4829 3601 4923; baseline -0.01 -15"><span class='ocrx_word' id='word_1_838' title='bbox 2025 4857 2133 4909; x_wconf 82' lang='grc' dir='ltr'>τῶν</span> <span class='ocrx_word' id='word_1_839' title='bbox 2170 4852 2460 4923; x_wconf 79' lang='grc' dir='ltr'>ὀφθαλμῶν</span> <span class='ocrx_word' id='word_1_840' title='bbox 2491 4849 2818 4919; x_wconf 84' lang='grc' dir='ltr'>ἀφίστασθαι</span> <span class='ocrx_word' id='word_1_841' title='bbox 2849 4846 3061 4918; x_wconf 81' lang='grc' dir='ltr'>πρῶτόν</span> <span class='ocrx_word' id='word_1_842' title='bbox 3099 4859 3296 4914; x_wconf 86' lang='grc' dir='ltr'>φασιν,</span> <span class='ocrx_word' id='word_1_843' title='bbox 3336 4841 3476 4895; x_wconf 82' lang='grc' dir='ltr'>ὥστε</span> <span class='ocrx_word' id='word_1_844' title='bbox 3512 4829 3601 4893; x_wconf 84' lang='grc' dir='ltr'><strong><em>δο-</em></strong></span> 
     </span>
    </p>
   </div>
   <div class='ocr_carea' id='block_1_111' title="bbox 2027 4933 3596 5012">
    <p class='ocr_par' dir='ltr' id='par_1_111' title="bbox 2027 4933 3596 5012">
     <span class='ocr_line' id='line_1_111' title="bbox 2027 4933 3596 5012; baseline -0.01 -13"><span class='ocrx_word' id='word_1_845' title='bbox 2027 4949 2142 4999; x_wconf 84' lang='grc' dir='ltr'>κεῖν</span> <span class='ocrx_word' id='word_1_846' title='bbox 2182 4944 2424 5012; x_wconf 79' lang='grc' dir='ltr'>γίνεσθαι</span> <span class='ocrx_word' id='word_1_847' title='bbox 2465 4942 2698 5010; x_wconf 81' lang='grc' dir='ltr'>τυφλοὺς</span> <span class='ocrx_word' id='word_1_848' title='bbox 2739 4942 2850 5002; x_wconf 84' lang='grc' dir='ltr'>τοῖς</span> <span class='ocrx_word' id='word_1_849' title='bbox 2895 4938 2968 5008; x_wconf 85' lang='grc' dir='ltr'>μὴ</span> <span class='ocrx_word' id='word_1_850' title='bbox 3009 4935 3248 4989; x_wconf 82' lang='grc' dir='ltr'>συνιοῦσι</span> <span class='ocrx_word' id='word_1_851' title='bbox 3297 4933 3359 4987; x_wconf 82' lang='grc' dir='ltr'>τὺ</span> <span class='ocrx_word' id='word_1_852' title='bbox 3406 4933 3596 4994; x_wconf 80' lang='grc' dir='ltr'>πάθος.</span> 
     </span>
    </p>
   </div>
   <div class='ocr_carea' id='block_1_112' title="bbox 2026 5027 3596 5104">
    <p class='ocr_par' dir='ltr' id='par_1_112' title="bbox 2026 5027 3596 5104">
     <span class='ocr_line' id='line_1_112' title="bbox 2026 5027 3596 5104; baseline -0.011 -12"><span class='ocrx_word' id='word_1_853' title='bbox 2026 5037 2230 5092; x_wconf 83' lang='lat' dir='ltr'><strong><em>Natura</em></strong></span> <span class='ocrx_word' id='word_1_854' title='bbox 2263 5033 2680 5104; x_wconf 86' lang='lat' dir='ltr'><strong><em>perlectioribus</em></strong></span> <span class='ocrx_word' id='word_1_855' title='bbox 2707 5030 3034 5085; x_wconf 90' lang='lat' dir='ltr'><strong><em>animalibus</em></strong></span> <span class='ocrx_word' id='word_1_856' title='bbox 3066 5027 3271 5087; x_wconf 88' lang='lat' dir='ltr'><strong><em>invida,</em></strong></span> <span class='ocrx_word' id='word_1_857' title='bbox 3305 5029 3388 5078; x_wconf 88' lang='lat' dir='ltr'><strong><em>sui</em></strong></span> <span class='ocrx_word' id='word_1_858' title='bbox 3418 5033 3596 5076; x_wconf 86' lang='lat' dir='ltr'><strong><em>tamen</em></strong></span> 
     </span>
    </p>
   </div>
   <div class='ocr_carea' id='block_1_113' title="bbox 2029 5115 3597 5198">
    <p class='ocr_par' dir='ltr' id='par_1_113' title="bbox 2029 5115 3597 5198">
     <span class='ocr_line' id='line_1_113' title="bbox 2029 5115 3597 5198; baseline -0.011 -14"><span class='ocrx_word' id='word_1_859' title='bbox 2029 5130 2084 5184; x_wconf 90' lang='lat' dir='ltr'><strong><em>in</em></strong></span> <span class='ocrx_word' id='word_1_860' title='bbox 2117 5128 2459 5198; x_wconf 90' lang='lat' dir='ltr'><strong><em>serpentibus</em></strong></span> <span class='ocrx_word' id='word_1_861' title='bbox 2500 5124 2726 5194; x_wconf 83' lang='lat' dir='ltr'><strong><em>prodiga</em></strong></span> <span class='ocrx_word' id='word_1_862' title='bbox 2784 5122 3144 5192; x_wconf 84' lang='lat' dir='ltr'><strong><em>conspicitur.</em></strong></span> <span class='ocrx_word' id='word_1_863' title='bbox 3195 5118 3249 5172; x_wconf 94' lang='lat' dir='ltr'><strong><em>Si</em></strong></span> <span class='ocrx_word' id='word_1_864' title='bbox 3310 5117 3396 5170; x_wconf 90' lang='lat' dir='ltr'><strong><em>cui</em></strong></span> <span class='ocrx_word' id='word_1_865' title='bbox 3455 5115 3597 5169; x_wconf 88' lang='lat' dir='ltr'><strong><em>enim</em></strong></span> 
     </span>
    </p>
   </div>
   <div class='ocr_carea' id='block_1_114' title="bbox 2028 5205 3596 5286">
    <p class='ocr_par' dir='ltr' id='par_1_114' title="bbox 2028 5205 3596 5286">
     <span class='ocr_line' id='line_1_114' title="bbox 2028 5205 3596 5286; baseline -0.013 -10"><span class='ocrx_word' id='word_1_866' title='bbox 2028 5223 2113 5276; x_wconf 87' lang='lat' dir='ltr'><strong><em>vel</em></strong></span> <span class='ocrx_word' id='word_1_867' title='bbox 2147 5220 2481 5276; x_wconf 88' lang='lat' dir='ltr'><strong><em>levissimum</em></strong></span> <span class='ocrx_word' id='word_1_868' title='bbox 2517 5217 2645 5286; x_wconf 90' lang='lat' dir='ltr'><strong><em>quid</em></strong></span> <span class='ocrx_word' id='word_1_869' title='bbox 2673 5217 2725 5269; x_wconf 92' lang='lat' dir='ltr'><strong><em>in</em></strong></span> <span class='ocrx_word' id='word_1_870' title='bbox 2757 5216 2947 5268; x_wconf 86' lang='lat' dir='ltr'><strong><em>oculos</em></strong></span> <span class='ocrx_word' id='word_1_871' title='bbox 2979 5211 3254 5280; x_wconf 88' lang='lat' dir='ltr'><strong><em>injeceris,</em></strong></span> <span class='ocrx_word' id='word_1_872' title='bbox 3279 5217 3477 5276; x_wconf 66' lang='lat' dir='ltr'><strong><em>praeter</em></strong></span> <span class='ocrx_word' id='word_1_873' title='bbox 3502 5205 3596 5258; x_wconf 76' lang='lat' dir='ltr'><strong><em>do-</em></strong></span> 
     </span>
    </p>
   </div>
   <div class='ocr_carea' id='block_1_115' title="bbox 2030 5294 3596 5374">
    <p class='ocr_par' dir='ltr' id='par_1_115' title="bbox 2030 5294 3596 5374">
     <span class='ocr_line' id='line_1_115' title="bbox 2030 5294 3596 5374; baseline -0.011 -11"><span class='ocrx_word' id='word_1_874' title='bbox 2030 5310 2173 5364; x_wconf 89' lang='lat' dir='ltr'><strong><em>lores</em></strong></span> <span class='ocrx_word' id='word_1_875' title='bbox 2199 5309 2513 5367; x_wconf 90' lang='lat' dir='ltr'><strong><em>immensos,</em></strong></span> <span class='ocrx_word' id='word_1_876' title='bbox 2532 5313 2584 5360; x_wconf 90' lang='lat' dir='ltr'><strong><em>et</em></strong></span> <span class='ocrx_word' id='word_1_877' title='bbox 2605 5305 2892 5374; x_wconf 85' lang='lat' dir='ltr'><strong><em>lacrymas,</em></strong></span> <span class='ocrx_word' id='word_1_878' title='bbox 2912 5317 3032 5371; x_wconf 69' lang='lat' dir='ltr'><strong><em>quae</em></strong></span> <span class='ocrx_word' id='word_1_879' title='bbox 3049 5299 3312 5354; x_wconf 89' lang='lat' dir='ltr'><strong><em>continuo</em></strong></span> <span class='ocrx_word' id='word_1_880' title='bbox 3334 5294 3596 5355; x_wconf 80' lang='lat' dir='ltr'><strong><em>deﬂuunt,</em></strong></span> 
     </span>
    </p>
   </div>
   <div class='ocr_carea' id='block_1_116' title="bbox 2029 5388 3598 5469">
    <p class='ocr_par' dir='ltr' id='par_1_116' title="bbox 2029 5388 3598 5469">
     <span class='ocr_line' id='line_1_116' title="bbox 2029 5388 3598 5469; baseline -0.01 -15"><span class='ocrx_word' id='word_1_881' title='bbox 2029 5409 2114 5455; x_wconf 90' lang='lat' dir='ltr'><strong><em>est</em></strong></span> <span class='ocrx_word' id='word_1_882' title='bbox 2159 5411 2212 5453; x_wconf 91' lang='lat' dir='ltr'><strong><em>et</em></strong></span> <span class='ocrx_word' id='word_1_883' title='bbox 2254 5397 2554 5469; x_wconf 90' lang='lat' dir='ltr'><strong><em>periculum</em></strong></span> <span class='ocrx_word' id='word_1_884' title='bbox 2611 5395 2752 5456; x_wconf 87' lang='lat' dir='ltr'><strong><em>illis,</em></strong></span> <span class='ocrx_word' id='word_1_885' title='bbox 2793 5409 2860 5447; x_wconf 90' lang='lat' dir='ltr'><strong><em>ne</em></strong></span> <span class='ocrx_word' id='word_1_886' title='bbox 2920 5392 3109 5446; x_wconf 83' lang='lat' dir='ltr'><strong><em>morbo</em></strong></span> <span class='ocrx_word' id='word_1_887' title='bbox 3151 5389 3370 5443; x_wconf 86' lang='lat' dir='ltr'><strong><em>obnoxii</em></strong></span> <span class='ocrx_word' id='word_1_888' title='bbox 3416 5388 3598 5439; x_wconf 90' lang='lat' dir='ltr'><strong><em>lumen</em></strong></span> 
     </span>
    </p>
   </div>
   <div class='ocr_carea' id='block_1_117' title="bbox 2031 5479 3596 5554">
    <p class='ocr_par' dir='ltr' id='par_1_117' title="bbox 2031 5479 3596 5554">
     <span class='ocr_line' id='line_1_117' title="bbox 2031 5479 3596 5554; baseline -0.011 -8"><span class='ocrx_word' id='word_1_889' title='bbox 2031 5492 2302 5546; x_wconf 91' lang='lat' dir='ltr'><strong><em>amittant.</em></strong></span> <span class='ocrx_word' id='word_1_890' title='bbox 2330 5488 2484 5554; x_wconf 86' lang='lat' dir='ltr'><strong><em>Quod</em></strong></span> <span class='ocrx_word' id='word_1_891' title='bbox 2517 5488 2563 5542; x_wconf 91' lang='lat' dir='ltr'><strong><em>si</em></strong></span> <span class='ocrx_word' id='word_1_892' title='bbox 2602 5485 2930 5554; x_wconf 78' lang='lat' dir='ltr'><strong><em>contigerit,</em></strong></span> <span class='ocrx_word' id='word_1_893' title='bbox 2968 5497 3236 5552; x_wconf 86' lang='lat' dir='ltr'><strong><em>nusquam</em></strong></span> <span class='ocrx_word' id='word_1_894' title='bbox 3265 5481 3331 5534; x_wconf 83' lang='lat' dir='ltr'><strong><em>ad</em></strong></span> <span class='ocrx_word' id='word_1_895' title='bbox 3365 5479 3596 5549; x_wconf 89' lang='lat' dir='ltr'><strong><em>primam</em></strong></span> 
     </span>
    </p>
   </div>
   <div class='ocr_carea' id='block_1_118' title="bbox 2031 5574 3598 5651">
    <p class='ocr_par' dir='ltr' id='par_1_118' title="bbox 2031 5574 3598 5651">
     <span class='ocr_line' id='line_1_118' title="bbox 2031 5574 3598 5651; baseline -0.006 -14"><span class='ocrx_word' id='word_1_896' title='bbox 2031 5584 2176 5637; x_wconf 90' lang='lat' dir='ltr'><strong><em>illam</em></strong></span> <span class='ocrx_word' id='word_1_897' title='bbox 2225 5583 2396 5637; x_wconf 85' lang='lat' dir='ltr'><strong><em>aciem</em></strong></span> <span class='ocrx_word' id='word_1_898' title='bbox 2433 5580 2642 5651; x_wconf 80' lang='lat' dir='ltr'><strong><em>regredi</em></strong></span> <span class='ocrx_word' id='word_1_899' title='bbox 2667 5580 2868 5634; x_wconf 87' lang='lat' dir='ltr'><strong><em>valent.</em></strong></span> <span class='ocrx_word' id='word_1_900' title='bbox 2902 5576 3259 5645; x_wconf 88' lang='lat' dir='ltr'><strong><em>Serpentibus</em></strong></span> <span class='ocrx_word' id='word_1_901' title='bbox 3290 5574 3343 5628; x_wconf 93' lang='lat' dir='ltr'><strong><em>id</em></strong></span> <span class='ocrx_word' id='word_1_902' title='bbox 3373 5586 3598 5627; x_wconf 90' lang='lat' dir='ltr'><strong><em>conces-</em></strong></span> 
     </span>
    </p>
   </div>
   <div class='ocr_carea' id='block_1_119' title="bbox 2031 5669 3596 5743">
    <p class='ocr_par' dir='ltr' id='par_1_119' title="bbox 2031 5669 3596 5743">
     <span class='ocr_line' id='line_1_119' title="bbox 2031 5669 3596 5743; baseline -0.008 -14"><span class='ocrx_word' id='word_1_903' title='bbox 2031 5676 2136 5738; x_wconf 87' lang='lat' dir='ltr'><strong><em>sit,</em></strong></span> <span class='ocrx_word' id='word_1_904' title='bbox 2165 5688 2397 5743; x_wconf 86' lang='lat' dir='ltr'><strong><em>quorum</em></strong></span> <span class='ocrx_word' id='word_1_905' title='bbox 2429 5674 2620 5728; x_wconf 85' lang='lat' dir='ltr'><strong><em>oculos</em></strong></span> <span class='ocrx_word' id='word_1_906' title='bbox 2650 5672 2694 5727; x_wconf 91' lang='lat' dir='ltr'><strong><em>si</em></strong></span> <span class='ocrx_word' id='word_1_907' title='bbox 2728 5671 3076 5733; x_wconf 88' lang='lat' dir='ltr'><strong><em>Iaceraveris,</em></strong></span> <span class='ocrx_word' id='word_1_908' title='bbox 3103 5669 3194 5722; x_wconf 88' lang='lat' dir='ltr'><strong><em>alii</em></strong></span> <span class='ocrx_word' id='word_1_909' title='bbox 3221 5672 3596 5731; x_wconf 84' lang='lat' dir='ltr'><strong><em>renascentur,</em></strong></span> 
     </span>
    </p>
   </div>
   <div class='ocr_carea' id='block_1_120' title="bbox 2030 5755 3598 5834">
    <p class='ocr_par' dir='ltr' id='par_1_120' title="bbox 2030 5755 3598 5834">
     <span class='ocr_line' id='line_1_120' title="bbox 2030 5755 3598 5834; baseline -0.007 -14"><span class='ocrx_word' id='word_1_910' title='bbox 2030 5774 2084 5820; x_wconf 91' lang='lat' dir='ltr'><strong><em>et</em></strong></span> <span class='ocrx_word' id='word_1_911' title='bbox 2125 5766 2266 5820; x_wconf 89' lang='lat' dir='ltr'><strong><em>idem</em></strong></span> <span class='ocrx_word' id='word_1_912' title='bbox 2312 5781 2434 5818; x_wconf 91' lang='lat' dir='ltr'><strong><em>cum</em></strong></span> <span class='ocrx_word' id='word_1_913' title='bbox 2477 5765 2753 5834; x_wconf 89' lang='lat' dir='ltr'><strong><em>prioribus</em></strong></span> <span class='ocrx_word' id='word_1_914' title='bbox 2787 5779 2986 5817; x_wconf 87' lang='lat' dir='ltr'><strong><em>munus</em></strong></span> <span class='ocrx_word' id='word_1_915' title='bbox 3016 5761 3370 5832; x_wconf 74' lang='lat' dir='ltr'><strong><em>prtestahunt.</em></strong></span> <span class='ocrx_word' id='word_1_916' title='bbox 3403 5755 3598 5810; x_wconf 83' lang='lat' dir='ltr'><strong><em>Notavi</em></strong></span> 
     </span>
    </p>
   </div>
   <div class='ocr_carea' id='block_1_121' title="bbox 2032 5839 3598 5914">
    <p class='ocr_par' dir='ltr' id='par_1_121' title="bbox 2032 5839 3598 5914">
     <span class='ocr_line' id='line_1_121' title="bbox 2032 5839 3598 5914; baseline -0.008 -8"><span class='ocrx_word' id='word_1_917' title='bbox 2032 5867 2096 5906; x_wconf 77' lang='lat' dir='ltr'><strong><em>ex</em></strong></span> <span class='ocrx_word' id='word_1_918' title='bbox 2127 5851 2437 5914; x_wconf 86' lang='lat' dir='ltr'><strong><em>Aristotele,</em></strong></span> <span class='ocrx_word' id='word_1_919' title='bbox 2465 5850 2542 5904; x_wconf 87' lang='lat' dir='ltr'><strong><em>De</em></strong></span> <span class='ocrx_word' id='word_1_920' title='bbox 2569 5852 2694 5906; x_wconf 84' lang='lat' dir='ltr'><strong><em>hist.</em></strong></span> <span class='ocrx_word' id='word_1_921' title='bbox 2733 5851 2919 5913; x_wconf 87' lang='lat' dir='ltr'><strong><em>anim.,</em></strong></span> <span class='ocrx_word' id='word_1_922' title='bbox 2953 5848 3045 5903; x_wconf 89' lang='lat' dir='ltr'><strong><em>lib.</em></strong></span> <span class='ocrx_word' id='word_1_923' title='bbox 3086 5861 3158 5910; x_wconf 88' lang='grc' dir='ltr'><strong><em>ιι,</em></strong></span> <span class='ocrx_word' id='word_1_924' title='bbox 3183 5859 3302 5908; x_wconf 86' lang='lat' dir='ltr'><strong><em>cap.</em></strong></span> <span class='ocrx_word' id='word_1_925' title='bbox 3335 5843 3398 5895; x_wconf 82' lang='lat' dir='ltr'><strong><em>l7</em></strong></span> <span class='ocrx_word' id='word_1_926' title='bbox 3419 5881 3433 5906; x_wconf 94' lang='lat'><strong><em>,</em></strong></span> <span class='ocrx_word' id='word_1_927' title='bbox 3469 5839 3598 5896; x_wconf 76' lang='lat' dir='ltr'><strong><em>Euc-</em></strong></span> 
     </span>
    </p>
   </div>
  </div>
