4124 6450
505 433 611 490 9C3

1797 420 2043 481 LEONIS
2076 421 2349 479 ALLA'l'll

3647 427 3752 481 964

505 553 618 605 nire
655 545 980 616 serpentibus
1009 542 1148 599 idem
1181 542 1318 615 quod
1349 540 1509 611 pullis
1552 540 1898 595 hirundinum
1931 557 2079 593 non-

2182 553 2280 599 τας
2297 553 2310 566 ·
2345 536 2436 590 καὶ
2459 538 2582 599 τοὺς
2610 532 3032 602 ἰδόνταςαὺτόψ
3055 541 3150 594 καὶ
3172 539 3253 594 δτι
3275 541 3382 594 τῶν
3409 540 3586 596 ἄλλων
3599 539 3756 605 ζώων

504 640 640 694 nulli
668 641 848 701 aiunt;
865 639 1032 693 oculis
1053 638 1193 692 enim
1215 644 1510 703 serpentum
1537 634 1806 698 laceratis,
1826 632 2076 686 subnasci

507 731 640 784 alios
663 729 934 799 referunt;
967 727 1156 782 cauda
1189 727 1352 781 etiam
1382 725 1596 778 lacertis
1636 733 1791 794 atque
1816 723 2074 792 serpenti-

507 823 602 875 bus
633 831 922 890 amputatis
953 830 1324 873 renascuntur.
1354 815 1584 876 Plinius,
1603 815 1696 869 lib.
1729 828 1806 878 χι,
1829 827 1950 882 cap.
1984 812 2074 876 37,

510 914 820 982 Serpentum
836 912 1026 965 catulis
1043 921 1092 965 et
1121 909 1464 964 hirundinum
1486 907 1667 978 pullis,
1685 907 1732 959 si
1761 905 1877 974 quis
1900 910 2074 966 eruat,

508 1007 712 1060 renasci
745 1005 984 1058 tradunt.

579 1095 712 1150 Ibid.
731 1096 839 1149 Kal
855 1094 1203 1162 νηστεύσας
1217 1086 1460 1160 ἡμέρας.
1488 1089 1830 1147 Aristoteles,
1849 1087 1922 1142 De
1950 1087 2075 1142 hist.

507 1189 672 1241 anim.
704 1188 740 1242 l.
771 1201 890 1250 vin,
933 1202 981 1240 c.
1017 1185 1071 1249 4,
1103 1183 1196 1237 diu
1219 1192 1272 1236 et
1301 1189 1581 1250 serpentes
1613 1189 1667 1233 et
1689 1179 1978 1249 phalangis
2005 1176 2081 1230 vi-

507 1295 633 1333 vere
677 1293 836 1348 posse
874 1277 992 1331 sine
1029 1275 1151 1330 cibo
1211 1273 1462 1333 aﬂirmat,
1501 1269 1643 1341 quod
1683 1286 1749 1324 ex
1798 1269 1888 1332 iis,
1940 1283 2079 1338 quos

508 1369 938 1442 pharmacOpola:
987 1368 1139 1420 alunt
1169 1368 1515 1435 perspicuum
1562 1371 1668 1442 est.
1723 1362 2077 1432 Epiphanius.

507 1465 562 1517 in
603 1462 841 1532 Physiol.
871 1477 922 1514 c.
948 1460 1014 1512 15
1041 1473 1053 1512 :
1089 1459 1258 1512 Ὅταν
1291 1457 1567 1528 γηράσκῃ,
1601 1455 1962 1525 ἀμϐλύνονται
1987 1454 2081 1507 αὐ-

507 1553 598 1607 τοῦ
632 1554 681 1606 οἱ
711 1551 996 1622 ὀφθαλμοὶ,
1028 1550 1121 1602 καὶ
1153 1548 1247 1601 ἐὰν
1294 1547 1608 1612 ἀνανεάζειν
1653 1540 1840 1600 ἑαυτὸν
1885 1539 2081 1618 βούλη-

505 1662 614 1707 ται,
643 1643 889 1714 νηστεύει
916 1643 1126 1713 ἡμέρας
1155 1641 1582 1712 τεσσαράκοντα,
1603 1639 1707 1702 ἕως
1734 1637 1798 1692 ἂν
1825 1639 1886 1691 τὸ
1911 1637 2081 1709 δέμας

507 1736 672 1791 αὑτοῦ
724 1735 1012 1807 χαυνωθῇ,
1053 1734 1147 1788 καὶ
1195 1734 1440 1804 εὑρίσκει
1497 1732 1721 1802 πέτραν,
1770 1733 1864 1786 καὶ
1913 1735 2082 1803 ῥαγα-

505 1828 752 1883 δαστεύει
772 1845 784 1858 ·
827 1826 1112 1900 προκύψας
1144 1826 1200 1878 δὲ
1238 1825 1324 1878 διὰ
1369 1824 1466 1896 τῆς
1493 1825 1632 1895 ὀπῆς
1662 1823 1879 1878 ὠθεῖται
1911 1824 2082 1896 περά-

2176 627 2231 681 εἶ
2256 645 2308 681 τι
2342 628 2436 680 καὶ
2464 629 2661 697 ἅψαιτο
2705 629 2800 681 τοῦ
2849 629 2988 695 {dion
3021 631 3347 703 dmppévou,
3380 633 3474 686 καὶ
3502 633 3632 686 αὐτὸ
3659 644 3752 686 τε-

2176 718 2340 788 λευτᾷ
2366 718 2587 784 εὐθέως,
2617 736 2711 773 και
2736 721 2824 776 διὰ
2849 720 3008 776 τοῦτο
3040 724 3150 776 πᾶν
3184 722 3348 778 αὑτοῦ
3379 719 3441 778 τὸ
3468 725 3624 793 γένος
3644 726 3754 780 τῶν

2175 809 2349 864 ἄλλων
2395 809 2597 880 θηρίων
2646 812 2814 880 ἐγγὺς
2860 809 2999 867 εἶναι
3029 813 3376 883 φυλάττεταιε
3426 815 3630 870 Eadem
3665 831 3754 872 re-

2180 900 2286 954 fert
2318 899 2519 968 Horus,
2567 902 2659 957 lib.
2713 918 2752 966 ι,
2788 918 2912 972 capi
2947 904 2998 967 1,
3048 912 3102 959 et
3140 905 3235 959 lib.
3279 921 3337 969 ιι,
3371 921 3493 976 cap.
3524 905 3584 959 6i
3613 925 3629 973 ;.
3661 907 3756 961 Al-

2178 993 2367 1048 bertus
2408 993 2656 1064 Magnus,
2688 993 2782 1048 lib.
2813 1010 2918 1048 xxv
2949 995 3026 1050 De
3052 998 3240 1061 anim.,
3261 1000 3540 1052 nominum
3573 997 3755 1054 diver-

2177 1085 2336 1140 sitate
2382 1085 2662 1154 deceptus,
2696 1087 3009 1142 basiliscum
3035 1089 3468 1157 congeminando
3510 1091 3647 1145 duas
3683 1092 3749 1145 il-

2178 1175 2284 1232 lius
2339 1176 2550 1245 species
2627 1177 2873 1233 diversas
2923 1180 3238 1245 constituit;
3313 1180 3581 1250 siquidem
3639 1181 3750 1238 duo

2179 1268 2357 1333 capita
2410 1264 2559 1330 facit,
2597 1267 2828 1322 alterum
2861 1268 2928 1324 de
2982 1269 3256 1336 basilisco,
3291 1272 3519 1325 alterum
3550 1272 3619 1327 de
3665 1289 3754 1327 ar-

2179 1371 2355 1410 mene.
2380 1357 2658 1413 Avicenna
2682 1357 2917 1428 dubitat,
2943 1361 3086 1418 sitne
3108 1361 3249 1417 idem
3277 1379 3502 1432 serpens
3529 1379 3752 1423 armene

2181 1464 2306 1502 cum
2340 1448 2617 1514 basilisco,
2668 1452 2753 1506 vel
2785 1452 3057 1509 diversus.
3109 1453 3366 1509 Nicolaus
3411 1454 3752 1515 Leonicenus

2181 1555 2459 1595 armenem
2489 1548 2544 1596 et
2571 1541 2888 1598 basiliscum
2920 1544 3134 1600 unicam
3155 1562 3276 1601 esse
3301 1549 3535 1617 speciem
3569 1558 3624 1604 et
3643 1565 3751 1605 non

2181 1633 2321 1688 duas
2351 1635 2537 1691 multis
2584 1639 2924 1706 argumentis
2974 1652 3037 1693 ac
3078 1639 3381 1696 rationibus
3411 1642 3624 1710 probat,
3665 1658 3754 1698 re-

2181 1721 2425 1794 fellitque
2476 1725 2780 1790 Albertum,
2811 1734 2866 1781 et
2909 1727 3264 1792 Avicennam,
3305 1738 3359 1783 et
3384 1732 3748 1800 quorumdam

2183 1816 2412 1871 aliorum
2445 1818 2779 1888 opinionem,
2807 1818 2900 1890 qui
2943 1834 3218 1875 armenem
3250 1837 3417 1876 unum
3448 1839 3572 1878 cum
3603 1835 3755 1880 cato-
3857 1866 3859 1868 -

509 1935 620 1982 σαι,
672 1919 765 1971 καὶ
811 1884 1061 1971 sublinit
1093 1884 1172 1969 *τὸ
1219 1884 1460 1986 γῆραςξν
1485 1884 1914 1970 καὶ-*ἀποϐαλὼν
1951 1884 2081 1969 uim}

2183 1908 2342 1978 blepa
2387 1884 3097 1981 constituebant.'Decepti,
3135 1922 3193 1967 ut
3221 1921 3374 1982 puto,
3426 1916 3752 1971 auctoritate

505 2010 788 2082 τερπωλὴν
826 2009 1054 2081 παρέχει
1090 2007 1406 2064 νεανίσκων.

581 2101 738 2168 lbid.,
771 2103 870 2156 lin.
904 2102 990 2156 l0.
1043 2100 1157 2154 Kal
1186 2100 1518 2169 εἰσέρχεται
1549 2101 1637 2166 εἰς
1659 2101 1797 2169 par.
1849 2098 2082 2171 Serpen-

507 2203 592 2251 tes
622 2206 895 2251 senectam
937 2209 1138 2249 exuere
1185 2195 1435 2248 scribunt
1461 2195 1804 2258 Aristoteles,
1837 2193 1915 2248 De
1955 2194 2079 2250 hist.

508 2288 671 2343 aniiu.
723 2286 816 2341 lib.
869 2301 989 2347 vm,
1031 2301 1081 2340 c.
1122 2285 1218 2350 l7;
1255 2285 1526 2349 ASIianus,
1575 2285 1610 2339 l.
1641 2301 1716 2349 ιι,
1749 2301 1800 2340 c.
1850 2287 1951 2354 l6;
1988 2286 2082 2340 Ni-

509 2379 734 2440 cander,
789 2378 845 2432 in
899 2376 1202 2434 Tlteriacis:
1257 2378 1551 2447 Virgilius,
1611 2393 1650 2431 ιι
1701 2376 1886 2447 Georg.
1941 2387 1995 2433 et
2043 2395 2081 2433 ιι

509 2469 766 2534 ΔΕηεὶιι.;
808 2467 1056 2531 Nonnus,
1088 2468 1444 2540 Dionysiacon
1493 2470 1527 2522 l.
1563 2485 1682 2535 xu;
1719 2468 1993 2530 Simmias,
2027 2471 2080 2524 in

510 2559 674 2624 Ala.;
711 2557 982 2614 Theodor.
1032 2559 1070 2614 Ι.
1105 2575 1120 2612 ι
1158 2558 1509 2627 Tlterapeut.;
1552 2557 1783 2620 Plinius,
1817 2559 1852 2613 l.
1879 2572 1999 2621 vm,
2029 2576 2079 2616 c.

506 2652 577 2705 27
605 2669 618 2705 :
651 2650 852 2720 Anguis
882 2649 1111 2720 [tyberna
1142 2651 1248 2703 situ
1281 2649 1583 2704 membrana
1607 2653 1837 2720 corporis
1858 2651 2082 2704 obducta

510 2743 742 2812 faeniculi
773 2757 926 2796 succo
957 2740 1383 2808 impedimentum
1427 2741 1561 2793 illud
1594 2743 1758 2804 exuit,
1785 2741 2084 2811 nitidusque

509 2844 710 2891 uernat.
762 2832 925 2888 Exuit
954 2843 1128 2886 autem
1164 2849 1196 2885 a
1234 2832 1402 2900 capite
1443 2833 1694 2900 primum,
1730 2849 1820 2886 nec
1863 2833 2082 2888 celerius

509 2945 669 3000 quam
700 2943 802 2980 uno
830 2927 934 2988 die,
968 2943 1030 2979 ac
1063 2936 1210 2979 nocte
1240 2924 1521 2994 replicans,
1549 2937 1605 2978 ut
1632 2940 1781 2980 extra
1805 2928 1901 2995 ﬁat
1923 2943 2084 2980 inem-

511 3020 701 3078 brana,
754 3015 890 3087 quod
940 3015 1114 3084 fuerat
1162 3015 1339 3078 intus;
1391 3013 1591 3080 Horus,
1625 3015 1660 3070 Ι.
1714 3031 1751 3079 ι,
1801 3031 1850 3070 c.
1883 3015 1939 3069 2.
1975 3014 2084 3070 Nec

513 3109 687 3178 parcit
729 3107 830 3160 hac
861 3106 916 3159 in
951 3121 1011 3160 re
1054 3104 1308 3160 Cardano
1352 3102 1614 3175 Scaliger,
1649 3121 1828 3160 exere.
1865 3106 1984 3168 189.
2025 3123 2079 3162 n.

513 3201 568 3263 5,
609 3199 704 3256 sed
738 3213 958 3253 causam
999 3197 1287 3252 adductam
1320 3213 1488 3267 quare
1511 3207 1790 3267 serpentes
1830 3210 2080 3253 senectu-

513 3299 620 3346 tem
678 3297 882 3344 exunnt
938 3295 1161 3358 propter
1216 3287 1517 3341 siccitatem
1565 3286 1831 3341 duntaxat
1887 3287 2082 3344 refellit

511 3382 759 3451 exemplo
789 3380 1079 3443 stellionis,
1112 3379 1204 3449 qui
1234 3393 1342 3432 non
1375 3385 1461 3433 est
1511 3378 1696 3434 siccus
1731 3387 1786 3434 et
1826 3380 1996 3444 exuit,
2031 3387 2085 3435 et

513 3477 770 3531 arborum
815 3474 1131 3536 sicciorum,
1164 3472 1256 3542 qui
1294 3472 1553 3526 corticem
1596 3472 1804 3526 nullum
1833 3481 2081 3540 mutant;

513 3568 922 3631 cantharidum,
953 3581 1076 3636 quae
1107 3565 1247 3620 inter
1274 3564 1482 3619 insecta
1507 3565 1826 3619 siccissimas
1851 3573 1998 3628 sunt,
2032 3572 2084 3618 et

512 3662 771 3717 cimicum
808 3659 1132 3722 volantium,
1163 3672 1302 3726 quos
1335 3657 1452 3726 ipse
1490 3672 1549 3712 se
1582 3657 1770 3727 igneos
1800 3665 2083 3728 expertum

513 3767 640 3809 esse
677 3753 896 3806 fatetur.
1379 3738 1381 3742 ’

589 3843 750 3906 lbid.,
785 3843 885 3898 lin.
915 3842 1004 3898 ts.
1025 3844 1210 3897 Ὅταν
1242 3843 1311 3896 δὲ
1343 3841 1602 3910 διψήσῃ.
1632 3839 1709 3896 De
1731 3839 1934 3910 vipera,
1964 3854 2085 3909 quae

513 3951 782 3990 Venenum
831 3935 1047 4005 exspuit
1081 3935 1208 3988 dum
1251 3950 1376 3989 cum
1419 3948 1658 3988 muraena
1709 3931 2080 4003 congreditur,

516 4028 657 4084 idem
674 4028 920 4082 scribunt
943 4028 1224 4098 Oppianus
1249 4028 1501 4082 Ἀλιευτ.
1523 4043 1539 4080 ι
1560 4045 1574 4093 ;
1598 4025 1750 4082 Phile
1768 4026 1824 4081 in
1837 4025 1866 4080 Ι
1871 4025 2039 4080 ambis
2060 4041 2081 4089 ;

513 4118 752 4173 Achilles
784 4116 994 4177 Tatius,
1031 4127 1085 4173 et
1123 4119 1236 4172 alii.

588 4209 746 4273 Ibid.,
785 4211 882 4264 lin.
917 4210 1006 4265 l9.
1037 4205 1099 4262 Ὃ
1131 4209 1200 4263 δὲ
1219 4210 1590 4275 ,βασιλίσκος
1613 4210 1725 4264 ὶόν.
1758 4209 2081 4264 Basiliscum

513 4311 568 4358 et
588 4303 788 4356 olfactu
821 4310 1125 4363 uocantem,
1162 4309 1214 4354 et
1243 4301 1512 4355 hominem
1541 4302 1586 4356 si
1615 4301 1842 4371 aspiciat
1871 4307 2081 4354 tantum

514 4395 828 4451 interimere
861 4396 996 4449 dicit
1039 4392 1271 4456 Plinius,
1309 4395 1401 4448 lib.
1438 4410 1586 4459 xxix,
1616 4409 1739 4464 cap.
1783 4393 1839 4458 4,
1885 4393 1942 4448 in
1973 4409 2084 4464 quo

515 4488 635 4542 loco
688 4502 784 4556 pro
835 4487 1056 4555 olfactu,
1111 4486 1289 4557 afﬂatu
1336 4487 1683 4542 restituerem
1712 4499 1778 4540 ex
1803 4487 2082 4540 communi

2184 2001 2368 2066 Plinii,
2413 2003 2507 2072 qui
2546 2003 2641 2058 lib.
2685 2021 2803 2067 νιιι,
2838 2005 2998 2075 capit.
3033 2004 3123 2070 2i,
3159 2006 3254 2070 ait,
3291 2009 3750 2078 quemadmodum

2183 2092 2522 2159 basiliscum,
2549 2095 2621 2148 ita
2647 2102 2703 2150 et
2730 2096 3064 2165 catoblepam
3090 2095 3174 2150 vel
3194 2097 3310 2150 solo
3329 2106 3550 2167 aspectu
3578 2098 3753 2152 homi-

2184 2199 2282 2239 nes
2339 2193 2504 2255 atque
2535 2186 2640 2240 alia
2669 2187 2922 2242 animalia
2947 2187 3277 2244 interimere.
3317 2189 3470 2246 Mons
3500 2191 3626 2246 item
3657 2191 3750 2262 qui

2183 2272 2464 2344 Narsingae
2517 2291 2742 2347 regnum
2795 2275 2990 2331 dividit
3038 2292 3068 2331 a
3100 2275 3392 2335 Malabaris
3425 2281 3626 2336 multas
3656 2281 3752 2335 alit

2185 2366 2351 2434 feras,
2386 2369 2527 2422 inter
2556 2385 2692 2438 quas
2719 2371 2894 2424 alatos
2925 2387 3132 2442 angues
3169 2371 3460 2428 arboribus
3489 2374 3753 2430 insisten-

2185 2466 2291 2520 tes,
2325 2474 2464 2528 quos
2496 2461 2649 2515 aiunt
2689 2463 2808 2517 solo
2840 2463 3053 2528 atllatu,‘
3080 2465 3165 2520 vel
3213 2467 3375 2520 etiam
3411 2467 3624 2531 obtutu,
3657 2483 3754 2525 eos

2181 2552 2276 2618 qui
2331 2554 2554 2621 propius
2605 2553 2873 2608 accedunt
2923 2555 3245 2612 interﬁcere.
3297 2556 3476 2613 Julius
3509 2557 3753 2630 Scaliger

2184 2641 2238 2694 in
2272 2639 2601 2708 Cardanum,
2638 2647 2864 2700 exercit.
2889 2645 3010 2702 249.
3045 2645 3230 2713 refert,
3257 2664 3316 2703 se
3342 2649 3563 2720 legisse
3607 2652 3749 2721 apud

2183 2735 2513 2789 recentiores
2538 2735 2718 2791 Romae
2739 2735 2919 2792 Leone
2943 2739 3195 2808 pontifice
3226 2740 3462 2795 maximo
3488 2741 3556 2797 ad
3580 2743 3751 2797 aedem

2182 2823 2364 2881 Lucis:
2402 2828 2503 2882 sub
2533 2827 2738 2884 fornice
2765 2830 3098 2884 stabulatum
3128 2847 3250 2887 esse
3282 2831 3623 2899 basiliscum,
3655 2851 3752 2890 αισι

2179 2919 2272 2988 jus
2301 2920 2480 2975 alllatu
2515 2937 2707 2991 magna
2742 2923 2828 2976 lue
2862 2922 3052 2977 affecta
3090 2920 3264 2979 Roma
3296 2925 3488 2990 ’fuerit,
3520 2943 3752 2998 eumque

2184 3008 2328 3063 illico
2384 3010 2658 3080 pontiﬁcis
2713 3012 2966 3080 precibus
3007 3012 3360 3070 exstinctum.
3428 3014 3749 3070 Basiliscum

2183 3118 2293 3157 non
2325 3104 2591 3158 incantari
2621 3111 2873 3160 testatum
2896 3105 3171 3159 estsacris
3188 3103 3411 3162 Litteris
3437 3127 3449 3161 :
3474 3106 3605 3162 Ecce
3635 3124 3751 3178 ego,

2184 3195 2350 3264 inquit
2388 3193 2662 3260 Dominus,
2688 3197 2891 3248 mittam
2927 3196 3067 3250 nobis
3095 3209 3352 3268 serpentes
3379 3203 3604 3272 regulos,
3635 3205 3754 3275 qui-

2185 3285 2277 3339 bus
2303 3303 2404 3340 non
2425 3296 2501 3342 est
2529 3287 2836 3352 incantatio,
2856 3298 2904 3342 et
2927 3291 3232 3345 mordebant
3259 3295 3399 3348 uos‘.
3432 3293 3751 3361 Quinetiam

2183 3376 2401 3447 quidam
2433 3377 3111 3437 credideruntbasiliscum
3147 3383 3550 3442 incantamenta
3572 3386 3752 3445 discu-

2183 3483 2317 3532 tere.
2351 3483 2404 3528 et
2435 3474 2505 3528 ab
2532 3475 2620 3529 his
2656 3475 2769 3544 jam
2805 3485 2996 3547 captos
3029 3479 3166 3535 alios
3215 3490 3497 3552 serpentes
3530 3485 3666 3541 solvi
3699 3497 3753 3543 et

2185 3564 2424 3621 Rberari.
2472 3565 2658 3620 Obiter
2701 3569 2940 3623 notanda
2972 3577 3056 3624 est
3103 3570 3190 3626 hic
3223 3571 3514 3644 Augustini
3566 3578 3751 3651 Eugu-

2182 3658 2297 3712 bini
2343 3659 2635 3724 sententia,
2688 3661 2781 3731 qui
2827 3662 2882 3716 in
2928 3660 3258 3734 Cosmopwia
3307 3677 3616 3738 serpentem
3658 3671 3750 3745 qui

2183 3747 2348 3804 Evam
2399 3751 2608 3823 decepit
2666 3752 2838 3810 fuisse
2884 3755 3205 3812 basiliscum
3251 3771 3456 3826 censet,
3500 3775 3562 3819 ut
3607 3767 3751 3822 sicut

2183 3841 2452 3908 diabolus,
2483 3846 2574 3914 qui
2606 3848 2835 3902 tentavit
2864 3847 3054 3915 Evam,
3089 3851 3346 3923 princeps
3374 3853 3548 3913 fuisse
3575 3861 3754 3915 credi-

2183 3939 2274 3986 tur
2306 3933 2633 4002 daemonum,
2663 3937 2738 3990 ita
2778 3954 2912 3996 usus
2945 3940 3016 3996 sit
3057 3949 3115 3995 ut
3151 3957 3354 4012 organo
3386 3961 3450 4000 eo
3480 3958 3750 4018 serpente,

2184 4025 2278 4095 qui
2338 4027 2584 4080 omnium
2640 4039 2956 4100 serpentum
3023 4041 3281 4102 tanquam
3342 4053 3436 4092 rex
3499 4039 3748 4096 habetur.

2185 4114 2340 4170 Hunc
2367 4133 2496 4172 vero
2530 4134 2654 4175 esse
2695 4121 3036 4185 basiliscum,
3068 4133 3120 4178 et
3168 4141 3366 4181 nomen
3405 4129 3579 4198 ipsum
3612 4131 3752 4185 india

2183 4217 2291 4272 cat,
2323 4217 2376 4264 et
2421 4227 2541 4282 quae
2587 4212 2656 4267 de
2711 4213 3018 4269 incredibili
3066 4217 3186 4286 ejus
3237 4221 3305 4274 ad
3355 4223 3659 4278 nocendum
3694 4227 3748 4281 vi

2183 4298 2390 4355 Plinius
2417 4310 2470 4357 et
2501 4301 2722 4359 Solinus
2755 4306 2999 4362 tradunt.

2257 4392 2416 4459 lbid.,
2448 4395 2542 4448 lin.
2575 4394 2665 4449 22.
2711 4395 3046 4465 Ἰστυροῦσι
3070 4398 3138 4453 δὲ
3169 4404 3371 4458 αὐτόν.
3407 4403 3668 4477 Origenes
3694 4408 3747 4463 in

2183 4493 2374 4540 catena
2420 4485 2606 4542 Graeca
2638 4488 2694 4541 in
2744 4487 2965 4555 Jerem.,
2999 4506 3120 4562 cap.
3150 4493 3218 4548 49
3250 4514 3262 4549 :
3290 4497 3400 4550 Kal.
3445 4498 3598 4568 ὄφεις
3646 4501 3756 4572 γὰρ

514 4587 801 4634 auctorum
856 4579 1148 4642 sententia,
1197 4579 1289 4647 qui
1347 4577 1526 4633 alllatu
1572 4594 1730 4634 suum
1763 4579 1911 4634 virus
1966 4577 2078 4632 Cir-

2185 4575 2451 4641 ἰοϐόλὶους
2496 4581 2544 4632 εἰ
2567 4580 2961 4647 κατακλείσεις,
3012 4585 3131 4654 ὄψει
3167 4588 3295 4652 τοὺς
3350 4590 3596 4655 ἀσθενεῖς
3651 4593 3756 4645 ὑπὸ

514 4685 900 4740 cumspargere
927 4670 1138 4731 dicunt,
1169 4678 1222 4724 et
1255 4671 1430 4739 ipsius
1460 4669 1618 4724 Plinii
1651 4669 1854 4730 verbis,
1894 4670 1931 4722 l.
1962 4685 2081 4730 vm,

514 4777 564 4815 c.
599 4761 660 4815 2i
689 4760 920 4816 :Eadem
942 4771 990 4816 et
1022 4760 1256 4816 basilisci
1281 4762 1532 4830 serpentis
1563 4769 1640 4814 est
1675 4760 1768 4813 uis.
1794 4758 2086 4829 Cyrenaica

513 4851 649 4905 hunc
675 4861 883 4921 generat
923 4853 1214 4918 provincia,
1257 4868 1330 4906 xtl
1381 4868 1483 4905 non
1522 4850 1750 4919 amplius
1797 4851 2084 4935 digitorum

513 4942 891 5017 magnitudine,
929 4943 1154 4998 candida
1201 4945 1252 4998 in
1287 4945 1458 5013 capite
1490 4943 1720 5006 macula,
1771 4952 1826 4996 ut
1855 4945 2085 5015 quodam

511 5034 810 5088 diademate
852 5035 1123 5104 insignem.
1175 5034 1343 5088 Sibilo
1391 5051 1566 5088 omnes
1603 5034 1753 5103 fugat
1798 5046 2082 5105 serpentes,

514 5144 604 5181 nec
643 5128 786 5196 ﬂemu
821 5129 1097 5197 multiplici
1129 5138 1185 5181 ut
1229 5128 1444 5196 reliqua:
1486 5144 1673 5197 corpus
1718 5129 1962 5198 impellit,
1991 5129 2084 5182 sed

512 5219 681 5273 celsus
719 5229 766 5274 et
811 5230 1012 5274 erectus
1057 5220 1112 5273 in
1159 5219 1328 5273 medio
1359 5220 1616 5273 incedens.
1672 5218 1838 5273 Necat
1869 5221 2084 5288 frutices

514 5327 616 5364 non
650 5319 917 5365 contactos
949 5311 1125 5374 modo,
1171 5327 1346 5365 verum
1390 5323 1439 5365 et
1487 5311 1688 5382 aﬂlatos
1717 5328 1735 5364 :
1761 5313 1934 5365 exurit
1967 5312 2084 5365 lter-

513 5399 607 5453 bas
631 5417 649 5454 :
680 5406 873 5471 rumpit
904 5418 1062 5466 saxa,
1111 5401 1234 5456 talis
1266 5403 1341 5456 vis
1369 5403 1510 5457 malo
1549 5413 1646 5458 est.
1691 5403 1952 5467 Galenus,
1986 5404 2081 5458 lib.

517 5491 593 5544 De
620 5492 874 5546 Tlteriaca
903 5492 970 5546 ad
1020 5493 1268 5548 Pisonem
1303 5512 1315 5546 :
1365 5491 1424 5547 '0
1455 5493 1551 5564 μὲν
1597 5492 1706 5564 γὰρ
1750 5492 2079 5563 βασιλίσκος.

517 5583 673 5636 Ἐστι
705 5584 814 5654 γὰρ
856 5583 916 5636 τὸ
945 5583 1129 5656 θηρίον
1155 5585 1470 5650 ὑπόξανθον,
1507 5587 1600 5639 καὶ
1641 5586 1734 5638 ἐπὶ
1775 5589 1842 5656 τῇ
1875 5584 2082 5656 κεφαλῇ

513 5677 661 5744 τρεῖς
713 5675 983 5744 ὑπεροχὰς
1033 5676 1192 5747 ἔχων,
1241 5677 1317 5741 ὣς
1375 5695 1560 5746 φασιν,
1608 5678 1691 5730 ὅτι
1727 5677 1820 5730 καὶ
1869 5675 2083 5747 ὁραθεὶς

516 5767 673 5840 μόνον
702 5769 797 5820 καὶ
826 5770 1086 5839 συρίττων
1117 5769 1400 5835 ἀκονσθεὶς
1422 5772 1632 5842 ἀναιρεί
1660 5771 1784 5834 τοὺς
1811 5769 2079 5824 ἀκούσανιι

585 5865 627 5896 ⁸⁸
657 5862 858 5918 Jcrem.
897 5879 1015 5934 vm,
1048 5865 1135 5920 l7.

2185 4669 2293 4722 τῶν
2329 4669 2710 4742 δυνατωτέρων
2739 4668 2846 4726 ἀπὸ
2872 4673 3029 4745 λιμοῦ
3059 4679 3529 4751 κατεσθιομένους,
3565 4685 3668 4747 ἕως
3693 4678 3754 4736 οὗ

2184 4761 2213 4812 ὁ
2241 4761 2455 4813 πάντων
2486 4761 2832 4832 ἰσχυρότατος
2855 4765 3163 4837 πληρωθεὶς
3196 4769 3300 4822 ὑπὸ
3324 4772 3431 4824 τῶν
3457 4755 3631 4841 ὄφεων
3661 4773 3756 4836 οὓς

2185 4851 2541 4922 κατεδήδοκεν
2587 4854 2616 4906 ὁ
2661 4854 2988 4926 καλούμενος
3039 4859 3262 4931 γένηται
3310 4861 3640 4932 βασιλίσκος,
3678 4865 3756 4917 ἰὸν

2184 4941 2324 5012 ἔχων
2373 4945 2437 4996 ὲκ
2483 4943 2651 5016 μόνης
2709 4945 2836 5010 θέας
2897 4951 3242 5023 καρποφόρον
3293 4953 3508 5026 δένδρον
3567 4954 3757 5026 ξηραί-ι

2184 5051 2362 5088 νοντα.
2403 5033 2760 5105 Epiphanius,
2805 5037 3024 5094 Advers.
3065 5039 3250 5095 lateres.
3295 5043 3390 5096 lib.
3427 5058 3467 5110 ι,
3505 5050 3639 5098 tom.
3679 5047 3752 5110 ll,

2187 5125 2379 5180 hazres.
2411 5127 2500 5192 22,
2535 5137 2722 5182 narrat
2753 5129 2895 5184 hanc
2927 5145 2958 5184 a
3005 5133 3285 5188 veteribus
3316 5134 3597 5190 historiam
3631 5151 3757 5207 prod

2184 5217 2352 5272 ditam
2380 5235 2501 5274 esse
2533 5238 2547 5274 :
2586 5215 2718 5275 Cum
2747 5223 2920 5291 plures
2944 5223 3230 5295 aliquando
3257 5226 3466 5295 aspidas
3505 5230 3561 5284 in
3591 5248 3755 5288 unum

2184 5309 2346 5377 fictile
2402 5327 2494 5365 uas
2545 5312 2792 5382 conjecta:
2813 5351 2828 5379 ,
2885 5325 2934 5370 et
2968 5318 3021 5369 in
3053 5317 3409 5384 fundamentis
3437 5325 3754 5394 angulorum

2183 5410 2409 5470 quatuor
2437 5403 2688 5475 cujusque
2718 5406 2984 5461 idolorum
3042 5410 3218 5478 templi
3247 5411 3302 5464 in
3343 5412 3576 5486 ,Egypto
3605 5418 3756 5487 depo-

2183 5492 2300 5546 sita:
2329 5503 2521 5558 essent,
2551 5510 2616 5548 ea:
2642 5497 2708 5550 iis
2737 5497 3008 5567 aspidibus
3028 5515 3143 5570 qua:
3164 5502 3356 5570 fortior
3385 5516 3501 5560 erat
3522 5509 3576 5561 in
3614 5509 3754 5563 alias

2181 5592 2393 5654 invasit,
2431 5609 2620 5664 easque
2654 5597 2938 5657 deuorauit.
2959 5613 3074 5667 qua:
3096 5615 3212 5652 cum
3242 5602 3357 5655 sola
3393 5606 3750 5668 remansisset,

2180 5689 2356 5750 etquo
2386 5699 2440 5735 se
2470 5683 2631 5737 aleret
2659 5685 2869 5740 haberet
2913 5687 3063 5753 nihil,
3098 5689 3152 5742 in
3189 5706 3246 5744 se
3275 5693 3445 5760 ipsam
3475 5703 3673 5748 retorta
3701 5705 3751 5749 et

2182 5785 2214 5823 a
2237 5770 2410 5824 cauda
2435 5773 2695 5840 paulatim
2723 5774 2975 5830 arrudens
3011 5788 3161 5848 parte
3184 5797 3238 5834 se
3257 5784 3590 5853 aliquatenus
3626 5801 3752 5840 coro
