4124 6416
425 453 532 506 965

1416 448 1479 501 IN
1523 446 1894 502 EUSTATHII
1937 444 2413 502 HEXAEMERON
2457 447 2690 503 ΝΟΤΑΕ.

3575 451 3682 508 9ῦῦ

423 571 568 640 poris
609 567 827 633 depasta
868 575 964 630 est,
1015 565 1144 618 adeo
1187 574 1242 616 ut
1271 579 1375 617 non
1419 564 1646 630 amplius
1675 563 1877 628 integra
1914 559 2004 613 sed
2033 563 2078 620 Α
2107 560 2330 630 signito,
2380 569 2534 630 tergo
2564 561 2818 623 caeruleo,
2861 561 3035 615 cauda
3079 561 3356 616 turbinata
3393 569 3557 634 atque
3591 569 3676 620 in-

423 658 649 711 dimidia
715 657 798 710 sui
853 664 1001 724 parte
1047 655 1296 708 mutilata
1344 654 1692 721 permanserit
1735 668 1754 705 :
1798 650 1996 703 idcirco

423 748 902 818 Aspidogorgonem
933 762 1049 801 eam
1081 746 1436 814 appellarunt.
1490 745 1580 798 Sic
1626 743 1768 812 apud
1830 741 1998 801 Spar-

421 841 632 894 tianum
659 840 713 893 in
737 840 1012 893 Antonino
1042 838 1159 901 Pio,
1189 837 1342 891 Visus
1370 847 1445 891 est
1475 838 1528 889 in
1552 835 1752 889 Arabia
1773 836 1994 904 jubatus

422 932 611 1000 anguis
632 930 806 998 major
831 929 1021 993 solitis,
1046 932 1134 999 qui
1158 946 1212 982 se
1235 945 1267 981 a
1291 929 1463 982 cauda
1488 927 1714 981 medium
1747 927 1990 980 comedit.

424 1021 634 1092 Saepius
661 1039 746 1076 me
778 1023 995 1075 memini
1025 1022 1264 1084 audisse,
1303 1031 1356 1076 et
1381 1023 1576 1090 vulgus
1598 1022 1715 1075 sine
1748 1021 1856 1074 ulla
1884 1021 1993 1074 ha:-

419 1113 677 1168 sitatione
711 1111 958 1176 afﬁrmat,
993 1112 1305 1166 basiliscum
1352 1113 1503 1166 nasci
1531 1128 1594 1166 ex
1637 1127 1741 1166 ovo
1764 1112 1911 1180 galli,
1945 1113 1992 1165 si

420 1205 639 1275 quando
688 1220 716 1257 a
759 1205 971 1267 rubeta,
1019 1220 1114 1258 seu
1164 1203 1366 1258 bul'one
1412 1205 1578 1258 fotum
1631 1205 1720 1258 sit.
1761 1203 1904 1257 Sane
1939 1203 1991 1256 id

419 1298 539 1352 sine
574 1297 738 1352 dubio
768 1309 975 1351 certum
1004 1305 1109 1358 est,
1141 1304 1194 1350 et
1216 1296 1551 1366 experientia
1574 1295 1815 1365 quotidie
1842 1295 1994 1348 vide-

421 1403 543 1442 mus
574 1389 744 1458 gallos
771 1388 885 1456 jam
919 1395 1074 1440 aetate
1110 1386 1358 1442 defessos
1385 1402 1509 1440 cum
1541 1387 1775 1447 veneris.
1795 1387 1990 1439 virimn

424 1479 815 1540 imbecillitate,
882 1494 1060 1547 neque
1107 1479 1342 1532 fructum
1395 1495 1574 1548 neque
1616 1494 1770 1532 usum
1820 1479 1991 1533 ullum

423 1571 677 1629 habeant.
709 1585 868 1624 ovum
899 1585 1108 1638 parere,
1139 1571 1440 1624 orbiculata
1470 1571 1661 1640 ﬁgura,
1697 1571 1880 1625 colore
1913 1573 1993 1624 lu-

421 1670 531 1726 teo,
580 1661 912 1727 ﬁavescenti,
964 1663 1162 1718 lurido.
1219 1661 1284 1715 Et
1333 1663 1487 1728 mihi,
1550 1663 1678 1717 dum
1737 1662 1992 1718 Lucaniae

416 1771 589 1815 eram,
620 1764 898 1811 ostensum
934 1757 1054 1819 fuit,
1105 1757 1158 1810 in
1193 1773 1303 1826 quo
1336 1767 1530 1826 praeter
1575 1757 1742 1814 hosce
1777 1759 1989 1814 colores

416 1849 775 1903 circumcirca
825 1847 994 1918 figura
1018 1853 1264 1917 qumdam
1297 1865 1362 1903 ex
1398 1850 1602 1904 cortice
1626 1851 1743 1905 ovis
1787 1851 1987 1904 exube-

416 1957 546 1996 rans
596 1943 965 2010 spectabatur,
1016 1950 1272 2011 tactuque
1315 1942 1516 2010 optime
1561 1942 1987 2012 dignoscebatur

414 2033 583 2088 variis
625 2032 852 2087 flexibus
893 2033 1267 2101 contortisque
1308 2033 1454 2102 gyris
1503 2033 1558 2086 in
1610 2033 1838 2086 formam
1872 2049 1986 2088 ser-

413 2125 594 2195 pentis
643 2122 936 2185 desinens,
985 2122 1323 2190 relatumque
1371 2120 1474 2175 fuit
1521 2137 1682 2176 ovum
1733 2122 1866 2176 illud
1919 2139 1986 2178 ex

413 2215 557 2286 gallo
586 2223 796 2270 natum.
838 2211 980 2281 Ἐγὼ
1010 2213 1066 2266 δέ
1102 2230 1183 2265 τοι
1215 2213 1275 2264 οὐ
1298 2212 1650 2284 ταχυπειθής,
1683 2229 1769 2267 me
1794 2229 1985 2268 eorum

413 2307 683 2362 inscitiam
714 2307 894 2359 mirari
925 2306 1208 2370 dicebam;
1241 2306 1357 2360 ﬁeri
1389 2305 1535 2360 enim
1572 2321 1752 2375 posse,
1787 2313 1844 2358 ut
1866 2307 1985 2376 gal-

413 2399 498 2452 lus
543 2405 792 2467 pareret:
827 2396 901 2450 illi
955 2396 1399 2466 reprehensionis
1427 2397 1771 2466 impatientes
1800 2399 1985 2468 plures

411 2488 692 2543 adducunt
721 2496 890 2542 testes
921 2487 1044 2542 aliis
1069 2487 1226 2542 annis
1252 2487 1303 2542 id
1327 2491 1490 2543 etiam
1531 2489 1806 2554 evenisse,
1833 2499 1886 2544 et
1920 2490 1987 2543 il-

409 2581 493 2636 los
522 2595 644 2635 esse
677 2588 844 2636 testes
868 2581 920 2633 in
959 2581 1059 2632 hoc
1089 2579 1355 2642 oculatos,
1380 2588 1434 2633 et
1466 2579 1569 2634 ﬁde
1597 2581 1810 2650 dignos.
1844 2579 1984 2636 Dum

409 2673 588 2727 adhuc
620 2672 917 2737 obstarem,
952 2679 1006 2724 et
1053 2671 1208 2741 quasi
1255 2687 1442 2726 eorum
1485 2670 1607 2727 ﬁdei
1640 2681 1984 2744 contemptor

407 2767 611 2821 abirem
646 2781 872 2820 aversus
893 2807 908 2828 ,
938 2765 1270 2820 contrahunt
1302 2775 1528 2831 vestem,
1560 2768 1721 2838 vique
1763 2775 1982 2838 raptum

408 2866 631 2922 cogunt,
667 2866 725 2912 ut
771 2873 878 2912 una
929 2859 1302 2928 procederem.
1355 2858 1494 2924 Quid
1540 2859 1814 2915 facerem?
1851 2875 1982 2931 pro-

407 2951 572 3012 cessi,
622 2953 840 3004 domum
895 2951 947 3004 in
999 2966 1107 3020 quo
1137 2951 1313 3019 gallus
1362 2960 1500 3014 erat,
1581 2953 1889 3017 invisimus,
1929 2959 1984 3006 et

405 3056 566 3095 ovum
601 3039 745 3094 unde
777 3040 1112 3095 abstulerant
1155 3041 1453 3110 deponunt.
1484 3042 1672 3098 Gallus
1701 3044 1794 3112 qui
1836 3043 1984 3100 vide-

407 3133 567 3188 batur
608 3134 795 3188 nescio
827 3133 1104 3203 quomodo
1138 3137 1414 3191 turbatus.
1444 3135 1626 3189 statim
1664 3137 1848 3204 agnito
1870 3136 1980 3190 fetu

406 3223 693 3288 acclamat,
742 3227 1000 3290 accurrit,
1055 3231 1233 3278 rostro
1271 3224 1428 3293 quasi
1470 3225 1822 3285 deosculans,
1879 3227 1982 3279 alis

405 3316 663 3386 expansis
718 3316 1102 3385 superinsedit.
1165 3315 1527 3370 Discedimus.
1573 3317 1706 3370 Post
1757 3317 1978 3370 tertium

404 3406 548 3461 diem
583 3406 782 3461 accedo
812 3417 1035 3461 vocatus
1058 3426 1069 3460 :
1091 3407 1267 3476 gallus
1295 3422 1456 3461 ovum
1489 3407 1724 3473 fovebat,
1753 3407 1859 3461 cibi
1883 3421 2004 3476 po-~

405 3507 603 3568 tusque
636 3500 952 3564 immemor;
1004 3514 1281 3569 nunquam
1324 3500 1416 3553 illo
1457 3498 1638 3553 triduo
1668 3499 1860 3554 cistam
1895 3515 1979 3553 re-

406 3589 660 3658 liquerat.
714 3589 789 3644 Eo
839 3590 1028 3657 minis},
1087 3589 1392 3659 baculoque
1435 3590 1662 3660 depulso
1710 3605 1872 3644 ovum
1921 3590 1976 3643 in

407 3680 681 3734 fornacem
719 3679 993 3748 abjicitur.
1044 3679 1268 3733 Pariunt
1316 3680 1501 3749 itaque
1533 3680 1682 3751 galli,
1730 3687 1784 3734 et
1821 3680 1976 3732 incu-

403 3773 555 3826 bant.
587 3770 786 3826 Verum
829 3787 895 3824 an
929 3786 992 3825 ex
1035 3771 1125 3824 illa
1165 3771 1516 3826 incubatione
1565 3770 1855 3826 basiliscus
1894 3770 1977 3840 gi-

403 3863 694 3936 gneretur?
741 3861 982 3917 Dicerem
1025 3863 1245 3933 aliquod
1276 3863 1498 3926 animal,
1531 3862 1697 3932 idque
1739 3878 1976 3916 veneno-

401 3969 524 4010 sum
553 3956 790 4024 prodire,
839 3970 965 4008 cum
1012 3956 1189 4025 putris
1219 3955 1308 4008 illa
1345 3956 1592 4018 materia,
1623 3970 1745 4025 quae
1782 3956 1835 4008 in
1871 3970 1976 4009 ovo

401 4047 550 4112 latet,
599 4057 855 4101 concreta
886 4047 939 4100 id
984 4047 1182 4102 habeat
1230 4049 1376 4117 quod
1425 4047 1624 4102 similia
1685 4047 1972 4116 producat,

398 4155 520 4210 quae
548 4147 601 4194 et
634 4139 760 4209 galli
795 4140 990 4205 halitu,
1040 4140 1119 4193 vel
1152 4140 1376 4193 alterius
1415 4140 1710 4194 animantis
1742 4139 1972 4192 animari

399 4247 560 4302 posse
599 4249 703 4286 non
735 4233 947 4296 dubito,
980 4241 1037 4287 ut
1066 4233 1312 4287 videmus
1346 4233 1399 4286 in
1434 4233 1521 4294 iis,
1553 4249 1674 4303 quae
1701 4249 1766 4287 ex
1794 4234 1972 4302 putri-

398 4325 485 4381 dis
535 4326 858 4395 corporibus
911 4335 1267 4381 enascuntur.
1319 4326 1502 4391 Quare
1555 4334 1610 4380 et
1663 4343 1760 4380 sua
1814 4327 1972 4380 laude

397 4415 622 4487 dignum
653 4417 1129 4488 estIEgyptiorum
1163 4419 1465 4482 inventum,
1497 4419 1589 4489 qui
1623 4420 1742 4474 ovis
1772 4419 1971 4474 Ibidem

397 4506 747 4573 insidiantur,
780 4520 1102 4578 repertaque
1134 4511 1411 4579 frangunt,
1445 4525 1512 4564 ne
1550 4511 1770 4564 noxium
1813 4511 1972 4580 quid-

398 4602 540 4673 piam
561 4603 682 4657 inde
703 4605 880 4656 trahat
896 4605 1181 4674 originem,
1215 4606 1350 4666 sive,
1370 4613 1426 4657 nt
1444 4604 1545 4674 ipsi
1561 4605 1968 4670 existimabant,

397 4695 709 4750 basiliscus.
771 4693 984 4749 Etenim
1021 4713 1142 4750 cum
1173 4697 1346 4753 ibidcs
1377 4707 1692 4751 venatorum
1725 4698 1968 4752 venatio-

398 4788 559 4842 nibus
595 4786 885 4856 gaudeant,
935 4787 1390 4857 serpentibusque
1423 4787 1801 4855 inferciantnr,
1836 4790 1968 4844 nulli

396 4880 620 4935 dubium
655 4879 944 4950 aliquando
991 4896 1058 4934 ex
1105 4895 1292 4934 eorum
1323 4884 1442 4934 ovis
1488 4882 1806 4951 pestiferum
1837 4883 1967 4953 quid

396 4974 758 5028 nasciturum.
809 4970 1044 5026 Consule
1095 4970 1558 5043 TlteOphylactum
1607 4973 1964 5037 Simocatutn,

398 5062 464 5128 Q.
517 5072 652 5127 παι..
684 5069 880 5132 quaest.
927 5061 1011 5125 14,
1058 5063 1204 5131 Ποίῳ
1246 5061 1389 5131 λόγῳ
1421 5061 1491 5114 τὰ
1547 5061 1654 5114 τῶν
1691 5062 1850 5114 ἴϐεων
1883 5063 1967 5116 Coit

396 5155 758 5227 εὐχερέστατα
791 5154 1034 5208 τίκτουσι
1074 5153 1420 5223 βασιλίσκους
1451 5153 1638 5222 beate;
1678 5154 1850 5209 Aliam
1883 5164 1968 5210 ta-

397 5264 519 5302 men
548 5249 788 5302 basilisci
816 5247 1216 5318 generationem
1260 5253 1452 5299 narrat
1493 5247 1579 5302 hic
1624 5247 1965 5303 Eustathius.

396 5340 668 5410 Quidquid
701 5349 879 5396 tamen
904 5341 995 5402 sit,
1022 5339 1269 5395 historici
1304 5340 1523 5394 tradunt
1553 5341 1677 5395 illos
1709 5341 1763 5394 in
1784 5341 1966 5394 Africa

393 5433 666 5504 generari.
695 5440 748 5488 et
787 5432 1011 5488 torridis
1049 5432 1155 5486 illis
1191 5432 1506 5502 regionibus
1549 5432 1808 5488 nidulari.
1859 5431 1968 5488 Re-

397 5526 499 5581 fert
527 5523 760 5579 Levinus
779 5524 1056 5586 Lemnius,
1078 5524 1153 5578 De
1175 5529 1364 5579 occult.
1400 5535 1513 5579 nat.
1549 5527 1737 5579 mirae.
1761 5526 1858 5579 lib.
1888 5541 1963 5592 tv,

393 5636 512 5691 cap.
550 5619 636 5683 12,
673 5621 728 5673 in
775 5619 1011 5675 Saxonia
1059 5621 1297 5676 basilisci
1344 5619 1620 5690 quoddam
1663 5635 1834 5690 genus
1869 5620 1964 5675 sil-

392 5719 574 5765 vestre
603 5709 804 5780 passim
855 5711 1121 5782 conspici,
1172 5712 1348 5779 capite
1391 5712 1727 5773 acuminato,
1780 5712 1966 5767 colore

392 5801 550 5867 ﬂavo,
579 5804 913 5874 longitudine
943 5804 1268 5868 dodrantali,
1294 5806 1552 5861 inusitata
1574 5805 1961 5870 crassitudine,

393 5906 579 5954 ventre
625 5899 922 5966 maculoso,
970 5899 1265 5971 multisque
1312 5899 1561 5958 candidis
1614 5899 1832 5972 punctis
1879 5901 1964 5956 in-

2007 3279 2054 3341 C

2106 667 2275 706 curva
2302 692 2317 714 ,
2373 654 2520 706 hiatu
2575 655 2830 721 rictuque
2875 654 2988 708 oris
3032 669 3131 724 pro
3163 657 3410 725 corporis
3445 674 3653 729 propor

2099 745 2247 798 tione
2280 745 2568 799 immenso.
2605 744 2764 810 Quod
2797 745 2936 800 inter
2960 755 3242 816 serpentes
3279 750 3482 818 potius,
3510 767 3676 822 quam

2098 835 2386 891 basiliscos
2417 837 2760 892 referendum
2812 847 2916 901 est,
2963 853 3088 891 cum
3129 855 3228 893 nec
3263 841 3431 895 halitu
3485 855 3665 897 conta-

2096 927 2257 997 gione
2288 929 2546 993 alliciant,
2580 945 2680 984 nec
2711 937 2936 999 aspectu
2970 940 3165 984 necent
3193 933 3507 989 adorientes
3532 938 3675 1002 agri~

2095 1022 2264 1087 colas,
2303 1022 2356 1075 ni
2389 1023 2626 1092 regionis
2671 1024 2818 1076 illius
2851 1023 3023 1092 frigus
3055 1027 3309 1094 aerisque
3355 1038 3505 1081 certa
3539 1039 3671 1084 tem-

2093 1115 2273 1183 peries
2304 1130 2571 1169 venenum
2606 1115 2736 1168 illud
2783 1115 2855 1168 ita
2889 1131 3260 1185 compescere,
3303 1119 3675 1192 impedireque

2094 1223 2163 1261 ne
2202 1206 2515 1261 effundatur
2563 1207 2830 1260 allirmare
2859 1207 3111 1262 velimus.
3165 1208 3322 1274 Quod
3373 1211 3427 1264 in
3463 1213 3675 1269 adustis

2093 1300 2404 1368 regionibus
2455 1299 2896 1369 torrentibusque
2940 1315 3047 1352 non
3082 1301 3345 1355 eveniret.
3371 1301 3674 1376 Oppianus.

2092 1385 2188 1438 lib.
2239 1401 2253 1438 l
2303 1386 2526 1439 Ἀλιευτ
2556 1428 2570 1452 ,
2606 1388 2774 1457 piscis
2817 1387 3104 1456 cujusdam
3158 1390 3398 1446 basilisci
3457 1410 3677 1450 nomine

2094 1478 2364 1532 meminit.

2164 1569 2325 1630 Ibid.,
2358 1569 2452 1623 lin.
2487 1569 2576 1624 28.
2622 1570 2732 1625 Ἰὸν
2759 1569 2917 1638 ἔχων
2954 1571 3247 1639 χαλεπώτ.
3277 1572 3350 1626 Ea
3381 1575 3545 1646 hujus
3577 1593 3673 1633 ve-

2094 1658 2220 1712 neni
2272 1660 2376 1723 vis,
2418 1667 2479 1712 ut
2532 1674 2642 1713 non
2694 1661 2870 1714 solum
2912 1669 3062 1715 tactu
3111 1663 3382 1729 absumat,
3423 1667 3520 1720 sed
3551 1683 3673 1721 eam

2093 1750 2257 1804 etiam
2285 1750 2451 1804 rebus
2483 1764 2513 1803 a
2545 1767 2604 1805 se
2637 1753 2980 1822 consumptis
3011 1754 3263 1822 pestifcre
3291 1772 3486 1826 repens
3522 1759 3675 1829 inge-

2097 1851 2198 1904 rat,
2233 1842 2303 1894 ita
2330 1851 2388 1893 ut
2424 1849 2475 1894 ct
2510 1842 2614 1896 illa:
2642 1843 2807 1896 etiam
2841 1860 3110 1897 venenum
3145 1859 3406 1917 Spargant
3434 1859 3490 1903 et
3528 1849 3669 1904 inte-

2021 1915 2062 1969 Β
2092 1935 2312 1987 rimant.
2341 1933 2572 1998 Plinius,
2605 1935 2700 1989 lib.
2733 1951 2851 2000 vni,
2883 1952 3006 2008 cap.
3047 1937 3110 1992 2i
3155 1915 3474 1994 :SCreditum
3502 1959 3675 2012 quon-

2089 2025 2216 2080 dam
2260 2041 2324 2079 ex
2370 2043 2500 2096 equo
2531 2031 2703 2081 occiso
2749 2027 2927 2092 Itasta,
2961 2039 3012 2083 et
3049 2047 3142 2100 per
3171 2049 3286 2085 eam
3331 2034 3582 2088 subeunte
3623 2037 3672 2090 vi

2092 2135 2195 2172 non
2235 2120 2456 2189 equitem
2499 2119 2654 2173 modo
2702 2119 2793 2173 sed
2849 2137 3035 2192 equum
3065 2140 3266 2193 quoque
3311 2125 3667 2196 absumptum.

2091 2210 2366 2275 Elianus,
2421 2215 2514 2268 lib.
2562 2230 2597 2268 ll
2645 2214 2722 2268 De
2764 2215 2890 2270 hist.
2926 2219 3114 2279 anim.,
3149 2233 3272 2284 cap.
3309 2219 3362 2279 5,
3400 2220 3462 2273 Ei
3496 2220 3551 2273 δὲ
3578 2221 3672 2275 ἇν-

2090 2303 2308 2371 Θρωπος
2352 2303 2570 2372 κατέχει
2623 2303 2839 2372 ῥάϐδον,
2875 2300 2992 2357 εἶτα
3022 2306 3226 2376 ταύτην
3249 2309 3456 2371 ἐκεῖνος
3505 2309 3667 2383 δάκῃ,

2087 2393 2348 2464 τέθνηκεν
2371 2397 2400 2448 ὁ
2424 2393 2611 2466 κύριος
2641 2395 2743 2466 τῆς
2776 2395 2960 2465 λύγου.

2163 2479 2324 2542 Ibid.,
2379 2482 2475 2535 lin.
2527 2482 2618 2536 29.
2686 2484 2778 2550 Ὠς
2829 2485 2925 2538 καὶ
2983 2487 3101 2540 ἀπὸ
3147 2489 3362 2557 μόνου.
3407 2489 3669 2560 Superius

2087 2570 2349 2637 diximus,
2385 2575 2702 2630 basiliscum
2733 2578 2852 2633 solo
2891 2581 3177 2634 oculorum
3221 2591 3444 2651 aspectu
3492 2585 3669 2639 homi-

2087 2665 2251 2720 nibus
2299 2682 2484 2722 necem
2537 2668 2760 2732 inferre,
2811 2672 2978 2726 variis
3019 2672 3264 2727 historiis
3295 2675 3345 2727 id
3383 2676 3670 2732 referenti-

2087 2755 2208 2810 bus.
2241 2756 2570 2815 Franciscus
2603 2759 2893 2825 Vallesius,
2926 2762 3002 2816 De
3035 2781 3190 2819 sacra
3224 2766 3518 2838 pltilosoplt.
3542 2784 3664 2840 cap.

2085 2847 2176 2914 68,
2210 2849 2323 2904 haec
2355 2850 2601 2906 fabulosa
2635 2870 2759 2908 esse
2788 2856 3090 2921 contendit,
3119 2874 3219 2912 nec
3252 2875 3414 2928 posse
3469 2861 3668 2916 adduci

2087 2950 2148 2994 ut
2184 2944 2390 2998 credat.
2422 2943 2578 3010 Quod
2619 2946 2826 3001 dictum
2869 2964 3032 3018 quam
3063 2951 3135 3004 sit
3177 2952 3230 3004 in
3265 2953 3312 3005 vi
3333 2968 3383 3005 '0
3428 2954 3670 3023 philoso—

2086 3034 2195 3104 pho
2233 3037 2498 3106 ineptum,
2533 3055 2642 3094 non
2687 3050 2771 3096 est
2805 3059 2943 3111 opus
2978 3045 3166 3099 multis
3209 3048 3503 3116 explicare,
3539 3063 3666 3103 cum

2086 3129 2389 3185 rationibus
2411 3139 2464 3184 et
2493 3136 2871 3202 experientiis,
2903 3152 3008 3189 non
3039 3139 3364 3208 pertinacia,
3388 3156 3494 3194 non
3523 3143 3668 3213 igna-

2085 3218 2170 3272 via
2203 3222 2259 3274 in
2302 3223 2463 3278 rebus
2494 3225 2735 3296 physicis
2765 3228 3032 3297 agendum
3065 3231 3154 3284 sit.
3187 3229 3299 3285 Nec
3335 3233 3548 3288 videtur
3577 3252 3666 3290 sa-

2087 3313 2283 3380 pientis
2321 3317 2372 3368 id
2403 3332 2545 3382 esse,
2605 3318 2734 3372 dum
2790 3335 2850 3374 se
2900 3323 3128 3390 opponit
3175 3324 3466 3380 difﬁcultas
3497 3342 3662 3396 quam

2083 3419 2193 3458 non
2225 3405 2497 3477 intelligit,
2530 3408 2677 3463 illico
2708 3418 2968 3480 tanquam
3001 3407 3274 3477 fabulosa,
3307 3433 3427 3484 quae
3449 3417 3520 3471 ab
3540 3419 3664 3475 aliis

2081 3511 2191 3550 uno
2250 3511 2522 3554 consensu
2580 3500 2875 3568 dicuntur,
2936 3503 3180 3572 rejicere.
3256 3505 3361 3562 Sed
3419 3518 3478 3561 ut
3543 3509 3660 3563 haec

2080 3590 2310 3659 quaestio
2358 3590 2555 3647 habeat
2605 3593 2782 3648 lucem
2833 3596 3095 3666 aliquam,
3129 3602 3528 3656 consideranda
3577 3614 3662 3659 est

2079 3698 2244 3736 causa
2290 3699 2412 3754 quae
2463 3683 2758 3740 Vallesium
2809 3689 3057 3758 impulit,
3118 3701 3177 3744 ut
3227 3694 3341 3748 haec
3402 3703 3661 3765 tanquam

2080 3765 2212 3822 falsa
2244 3768 2550 3824 damnaret.
2583 3771 2718 3824 Cum
2745 3772 2891 3826 enim
2943 3784 3129 3846 ageret
3166 3777 3234 3831 de
3273 3777 3658 3844 fascinatione,

2077 3873 2180 3911 nec
2231 3873 2420 3913 eorum
2455 3861 2766 3929 opinionem
2805 3862 2968 3918 vellet
3010 3865 3320 3932 admittere,
3361 3872 3455 3939 qui
3496 3869 3661 3925 fasci-

2077 3951 2353 4006 nationem
2374 3951 2488 4006 ﬁeri
2519 3953 2776 4009 dicebant
2797 3958 3124 4014 exeuntibus
3145 3961 3365 4015 visoriis
3397 3964 3586 4026 radiis,
3607 3971 3660 4018 et

2076 4058 2198 4097 cum
2232 4043 2317 4098 his
2348 4044 2549 4099 delerri
2584 4062 2815 4116 vapores
2833 4064 3155 4115 venenosos,
3175 4068 3296 4121 quae
3325 4054 3513 4123 opinio
3545 4071 3655 4110 non

2075 4135 2358 4190 videbatur
2388 4137 2464 4191 illi
2499 4140 2829 4204 communis,
2855 4143 2948 4195 sed
2983 4151 3190 4196 tantum
3218 4143 3653 4209 Platonicorum.

2079 4242 2146 4280 ne
2179 4236 2485 4297 cogeretur,
2519 4232 2770 4300 quamvis
2795 4231 2910 4302 ipse
2933 4232 2986 4286 id
3018 4249 3124 4287 non
3163 4235 3418 4305 attingat,
3454 4239 3506 4291 in
3534 4255 3656 4294 eam

2075 4321 2154 4376 ire
2203 4321 2552 4387 sententiam,
2593 4323 2639 4378 si
2688 4324 2931 4380 basilisci
2973 4341 3313 4381 venenosnm
3372 4339 3655 4399 aspectum

2074 4414 2420 4478 concederet,
2482 4414 2727 4470 fabulosa
2778 4432 2902 4471 esse
2931 4433 3052 4487 quae
3100 4417 3167 4473 de
3212 4419 3471 4475 basilisco
3517 4423 3654 4476 tanti

2073 4503 2178 4558 viri
2231 4505 2575 4560 tradiderunt
2623 4508 2925 4564 contendit.
2975 4509 3129 4575 Quod
3173 4513 3422 4580 quamvis
3466 4523 3656 4570 contra

2004 4616 2048 4672 ι)
2077 4597 2386 4654 Aristotelis
2414 4600 2741 4652 sententiam
2767 4601 2956 4654 nescio
2989 4603 3268 4670 quomodo
3303 4603 3484 4660 facere
3511 4605 3652 4660 vide-

2081 4697 2188 4753 tur,
2231 4697 2412 4744 tamen
2465 4705 2565 4744 nec
2613 4689 3015 4746 Platonicorum
3045 4694 3230 4761 opinio
3275 4696 3652 4758 conﬁrmatur,

2077 4798 2178 4836 nec
2211 4781 2694 4853 Peripateticorum
2746 4783 3031 4838 refellitur.
3083 4785 3381 4842 Basiliscus
3420 4802 3655 4857 namque

2077 4890 2186 4929 non
2222 4876 2516 4930 emissione
2545 4877 2846 4937 radiorum,
2873 4877 3074 4945 quibus
3110 4885 3368 4946 tanquam
3392 4879 3655 4933 vehiculis

2077 4981 2345 5021 venenmn
2393 4974 2450 5019 et
2488 4981 2632 5020 noxa
2665 4967 2780 5021 viso
2811 4966 3110 5029 deferatur,
3149 4969 3243 5023 sed
3279 4969 3503 5024 hutnido
3529 4986 3654 5024 ocu-

2077 5056 2274 5119 lorum,
2306 5056 2360 5110 in
2393 5072 2502 5125 quo
2532 5065 2790 5127 tanquam
2826 5057 3076 5127 subjecto
3122 5074 3388 5113 venenum
3429 5069 3532 5123 est,
3569 5061 3654 5114 in-

2076 5149 2189 5202 ﬁcit
2217 5163 2367 5210 aera,
2398 5157 2451 5202 et
2481 5163 2576 5218 per
2611 5149 2762 5202 illum
2806 5149 3104 5213 hominem,
3134 5159 3188 5204 et
3229 5163 3484 5220 aspectus
3526 5161 3652 5205 tan-

2075 5247 2191 5293 tum
2225 5240 2520 5308 requiritur
2564 5247 2622 5293 ut
2655 5239 2856 5310 dirigat
2897 5241 3028 5294 illud
3070 5257 3338 5295 venenum
3385 5241 3438 5296 in
3470 5242 3650 5296 homi-

2073 5349 2199 5388 nem
2248 5348 2408 5402 quem
2450 5333 2615 5387 videt.
2670 5331 2814 5385 Nulli
2871 5334 3016 5387 enim
3051 5332 3275 5386 dubium
3309 5349 3434 5388 esse
3465 5334 3648 5396 debet,

2075 5431 2178 5484 hoc
2212 5430 2413 5483 animal
2445 5445 2602 5484 suum
2629 5431 2970 5500 pestilentem
3001 5431 3250 5496 halitum,
3295 5446 3404 5484 non
3435 5438 3648 5486 tantum

2073 5541 2236 5595 quem
2274 5538 2367 5580 ore
2413 5524 2606 5593 spirat,
2648 5525 2740 5579 sed
2771 5531 2826 5578 et
2860 5539 3021 5593 quem
3069 5531 3185 5577 toto
3216 5539 3445 5594 corpore
3482 5525 3649 5579 exha-

2073 5618 2168 5677 lat.
2225 5618 2502 5674 eﬁ‘undere
2553 5619 2910 5672 circumcirca
2961 5633 3056 5686 per
3104 5625 3274 5670 totum
3327 5634 3506 5673 aerem
3537 5633 3650 5672 am-

2072 5713 2331 5772 bientem,
2381 5727 2612 5781 eumque
2652 5711 2891 5766 inlicere.
2934 5710 3209 5780 Singulari
3255 5719 3436 5765 tamen
3483 5712 3646 5765 modo

2071 5806 2353 5860 oculorum
2384 5813 2557 5869 motu,
2591 5819 2770 5859 aerem
2803 5817 3170 5865 commovere,
3202 5811 3257 5857 et
3289 5803 3644 5872 perniciosio-

2069 5915 2186 5955 rem
2216 5897 2462 5954 reddere.
2503 5897 2608 5953 Sed
2641 5897 2807 5952 multa
2847 5896 3093 5954 fabulosa
3143 5903 3196 5952 et
3230 5894 3354 5952 ﬁcta
3384 5895 3656 5972 V’allesio,
