  <div class='ocr_page' id='page_1' title='image "/cluster/home/n/w/nwhite01/storage/ocr_20150623/18/coo.31924054872985/497.png"; bbox 0 0 4124 6412; ppageno 0'>
   <div class='ocr_carea' id='block_1_1' title="bbox 504 406 611 465">
    <p class='ocr_par' dir='ltr' id='par_1_1' title="bbox 504 406 611 465">
     <span class='ocr_line' id='line_1_1' title="bbox 504 406 611 465; baseline -0.037 1"><span class='ocrx_word' id='word_1_1' title='bbox 504 406 611 465; x_wconf 82' lang='grc'><strong>967</strong></span> 
     </span>
    </p>
   </div>
   <div class='ocr_carea' id='block_1_2' title="bbox 1843 416 2408 478">
    <p class='ocr_par' dir='ltr' id='par_1_2' title="bbox 1843 416 2408 478">
     <span class='ocr_line' id='line_1_2' title="bbox 1843 416 2408 478; baseline 0.007 -5"><span class='ocrx_word' id='word_1_2' title='bbox 1843 416 2091 477; x_wconf 83' lang='lat' dir='ltr'><strong>LEONlS</strong></span> <span class='ocrx_word' id='word_1_3' title='bbox 2128 420 2408 478; x_wconf 78' lang='lat' dir='ltr'><strong>ALLATII</strong></span> 
     </span>
    </p>
   </div>
   <div class='ocr_carea' id='block_1_3' title="bbox 3650 438 3758 497">
    <p class='ocr_par' dir='ltr' id='par_1_3' title="bbox 3650 438 3758 497">
     <span class='ocr_line' id='line_1_3' title="bbox 3650 438 3758 497; baseline 0.019 -2"><span class='ocrx_word' id='word_1_4' title='bbox 3650 438 3758 497; x_wconf 84' lang='lat'><strong>968</strong></span> 
     </span>
    </p>
   </div>
   <div class='ocr_carea' id='block_1_4' title="bbox 502 523 2042 623">
    <p class='ocr_par' dir='ltr' id='par_1_4' title="bbox 502 523 2042 607">
     <span class='ocr_line' id='line_1_4' title="bbox 502 523 2042 607; baseline 0.009 -30"><span class='ocrx_word' id='word_1_5' title='bbox 502 526 684 589; x_wconf 86' lang='lat' dir='ltr'><strong>etiam,</strong></span> <span class='ocrx_word' id='word_1_6' title='bbox 710 523 844 594; x_wconf 85' lang='lat' dir='ltr'><strong>proh</strong></span> <span class='ocrx_word' id='word_1_7' title='bbox 873 524 1059 581; x_wconf 89' lang='lat' dir='ltr'><strong>nefas!</strong></span> <span class='ocrx_word' id='word_1_8' title='bbox 1091 543 1157 583; x_wconf 82' lang='lat' dir='ltr'><strong>ex</strong></span> <span class='ocrx_word' id='word_1_9' title='bbox 1188 529 1360 585; x_wconf 88' lang='lat' dir='ltr'><strong>sacris</strong></span> <span class='ocrx_word' id='word_1_10' title='bbox 1390 528 1710 602; x_wconf 87' lang='lat' dir='ltr'><strong>Scripturis,</strong></span> <span class='ocrx_word' id='word_1_11' title='bbox 1742 535 1889 604; x_wconf 89' lang='lat' dir='ltr'><strong>quod</strong></span> <span class='ocrx_word' id='word_1_12' title='bbox 1912 552 2042 607; x_wconf 69' lang='lat' dir='ltr'><strong>qua!</strong></span> 
     </span>
    </p>
   </div>
   <div class='ocr_carea' id='block_1_5' title="bbox 2144 523 3755 623">
    <p class='ocr_par' dir='ltr' id='par_1_5' title="bbox 2144 540 3755 623">
     <span class='ocr_line' id='line_1_5' title="bbox 2144 540 3755 623; baseline 0.013 -34"><span class='ocrx_word' id='word_1_13' title='bbox 2144 577 2151 601; x_wconf 71' lang='grc'><strong>,</strong></span> <span class='ocrx_word' id='word_1_14' title='bbox 2183 556 2274 610; x_wconf 85' lang='grc' dir='ltr'><strong>ρος</strong></span> <span class='ocrx_word' id='word_1_15' title='bbox 2290 540 2348 593; x_wconf 78' lang='grc' dir='ltr'><strong>ἐν</strong></span> <span class='ocrx_word' id='word_1_16' title='bbox 2362 540 2540 612; x_wconf 82' lang='grc' dir='ltr'><strong>εὐδινῇ</strong></span> <span class='ocrx_word' id='word_1_17' title='bbox 2559 543 2887 600; x_wconf 81' lang='grc' dir='ltr'><strong>καταστάσει</strong></span> <span class='ocrx_word' id='word_1_18' title='bbox 2902 545 3322 621; x_wconf 81' lang='grc' dir='ltr'><strong>φυλαττομένου.</strong></span> <span class='ocrx_word' id='word_1_19' title='bbox 3347 548 3562 623; x_wconf 80' lang='grc' dir='ltr'><strong>Ἀμέλει</strong></span> <span class='ocrx_word' id='word_1_20' title='bbox 3576 554 3676 608; x_wconf 88' lang='grc' dir='ltr'><strong>οὐκ</strong></span> <span class='ocrx_word' id='word_1_21' title='bbox 3689 556 3755 611; x_wconf 86' lang='grc' dir='ltr'>ἃν</span> 
     </span>
    </p>
   </div>
   <div class='ocr_carea' id='block_1_6' title="bbox 504 617 2075 697">
    <p class='ocr_par' dir='ltr' id='par_1_6' title="bbox 504 617 2075 697">
     <span class='ocr_line' id='line_1_6' title="bbox 504 617 2075 697; baseline 0.01 -28"><span class='ocrx_word' id='word_1_22' title='bbox 504 617 674 684; x_wconf 85' lang='lat' dir='ltr'><strong>pium,</strong></span> <span class='ocrx_word' id='word_1_23' title='bbox 699 633 862 688; x_wconf 90' lang='lat' dir='ltr'><strong>quam</strong></span> <span class='ocrx_word' id='word_1_24' title='bbox 883 625 1081 685; x_wconf 89' lang='lat' dir='ltr'><strong>tutum,</strong></span> <span class='ocrx_word' id='word_1_25' title='bbox 1105 637 1266 691; x_wconf 86' lang='lat' dir='ltr'><strong>quam</strong></span> <span class='ocrx_word' id='word_1_26' title='bbox 1289 621 1659 680; x_wconf 87' lang='lat' dir='ltr'><strong>Christianum</strong></span> <span class='ocrx_word' id='word_1_27' title='bbox 1688 627 1780 680; x_wconf 85' lang='lat' dir='ltr'><strong>alii</strong></span> <span class='ocrx_word' id='word_1_28' title='bbox 1805 627 2075 697; x_wconf 87' lang='lat' dir='ltr'><strong>judicent.</strong></span> 
     </span>
    </p>
   </div>
   <div class='ocr_carea' id='block_1_7' title="bbox 503 705 2079 787">
    <p class='ocr_par' dir='ltr' id='par_1_7' title="bbox 503 705 2079 787">
     <span class='ocr_line' id='line_1_7' title="bbox 503 705 2079 787; baseline 0.012 -31"><span class='ocrx_word' id='word_1_29' title='bbox 503 705 696 763; x_wconf 84' lang='lat' dir='ltr'><strong>Melius</strong></span> <span class='ocrx_word' id='word_1_30' title='bbox 738 717 827 763; x_wconf 85' lang='lat' dir='ltr'><strong>est</strong></span> <span class='ocrx_word' id='word_1_31' title='bbox 872 710 1147 765; x_wconf 74' lang='lat' dir='ltr'><strong>inscitiam</strong></span> <span class='ocrx_word' id='word_1_32' title='bbox 1196 713 1353 768; x_wconf 78' lang='lat' dir='ltr'><strong>fateri</strong></span> <span class='ocrx_word' id='word_1_33' title='bbox 1403 730 1582 779; x_wconf 78' lang='lat' dir='ltr'><strong>suam,</strong></span> <span class='ocrx_word' id='word_1_34' title='bbox 1632 732 1796 787; x_wconf 87' lang='lat' dir='ltr'><strong>quam</strong></span> <span class='ocrx_word' id='word_1_35' title='bbox 1848 720 1940 774; x_wconf 88' lang='lat' dir='ltr'><strong>ubi</strong></span> <span class='ocrx_word' id='word_1_36' title='bbox 1991 736 2079 775; x_wconf 83' lang='lat' dir='ltr'><strong>res</strong></span> 
     </span>
    </p>
   </div>
   <div class='ocr_carea' id='block_1_8' title="bbox 502 794 2076 878">
    <p class='ocr_par' dir='ltr' id='par_1_8' title="bbox 502 794 2076 878">
     <span class='ocr_line' id='line_1_8' title="bbox 502 794 2076 878; baseline 0.011 -32"><span class='ocrx_word' id='word_1_37' title='bbox 502 794 649 863; x_wconf 87' lang='lat' dir='ltr'><strong>ipsas</strong></span> <span class='ocrx_word' id='word_1_38' title='bbox 705 812 813 851; x_wconf 92' lang='lat' dir='ltr'><strong>non</strong></span> <span class='ocrx_word' id='word_1_39' title='bbox 859 800 1100 867; x_wconf 84' lang='lat' dir='ltr'><strong>noveris,</strong></span> <span class='ocrx_word' id='word_1_40' title='bbox 1151 802 1395 859; x_wconf 66' lang='lat' dir='ltr'><strong>scientiae</strong></span> <span class='ocrx_word' id='word_1_41' title='bbox 1434 806 1824 878; x_wconf 63' lang='lat' dir='ltr'><strong>sapientiaeque</strong></span> <span class='ocrx_word' id='word_1_42' title='bbox 1883 810 2076 865; x_wconf 92' lang='lat' dir='ltr'><strong>obtutu</strong></span> 
     </span>
    </p>
   </div>
   <div class='ocr_carea' id='block_1_9' title="bbox 502 884 2079 969">
    <p class='ocr_par' dir='ltr' id='par_1_9' title="bbox 502 884 2079 969">
     <span class='ocr_line' id='line_1_9' title="bbox 502 884 2079 969; baseline 0.011 -32"><span class='ocrx_word' id='word_1_43' title='bbox 502 884 716 943; x_wconf 80' lang='lat' dir='ltr'><strong>inﬁcias</strong></span> <span class='ocrx_word' id='word_1_44' title='bbox 780 888 860 944; x_wconf 89' lang='lat' dir='ltr'><strong>ire</strong></span> <span class='ocrx_word' id='word_1_45' title='bbox 895 909 909 945; x_wconf 92' lang='lat'>:</span> <span class='ocrx_word' id='word_1_46' title='bbox 942 900 997 945; x_wconf 91' lang='lat' dir='ltr'><strong>et</strong></span> <span class='ocrx_word' id='word_1_47' title='bbox 1027 908 1150 963; x_wconf 64' lang='lat' dir='ltr'><strong>quae</strong></span> <span class='ocrx_word' id='word_1_48' title='bbox 1179 890 1416 964; x_wconf 84' lang='lat' dir='ltr'><strong>Spiritus</strong></span> <span class='ocrx_word' id='word_1_49' title='bbox 1444 904 1670 953; x_wconf 87' lang='lat' dir='ltr'><strong>sanctus</strong></span> <span class='ocrx_word' id='word_1_50' title='bbox 1709 899 1826 969; x_wconf 87' lang='lat' dir='ltr'><strong>ipse</strong></span> <span class='ocrx_word' id='word_1_51' title='bbox 1852 899 2079 955; x_wconf 85' lang='lat' dir='ltr'><strong>dictavit</strong></span> 
     </span>
    </p>
   </div>
   <div class='ocr_carea' id='block_1_10' title="bbox 498 976 1653 1055">
    <p class='ocr_par' dir='ltr' id='par_1_10' title="bbox 498 976 1653 1055">
     <span class='ocr_line' id='line_1_10' title="bbox 498 976 1653 1055; baseline 0.011 -27"><span class='ocrx_word' id='word_1_52' title='bbox 498 976 745 1047; x_wconf 85' lang='lat' dir='ltr'><strong>negando</strong></span> <span class='ocrx_word' id='word_1_53' title='bbox 769 980 826 1034; x_wconf 90' lang='lat' dir='ltr'><strong>in</strong></span> <span class='ocrx_word' id='word_1_54' title='bbox 860 996 1078 1036; x_wconf 85' lang='lat' dir='ltr'><strong>sensum</strong></span> <span class='ocrx_word' id='word_1_55' title='bbox 1112 983 1277 1037; x_wconf 89' lang='lat' dir='ltr'><strong>alium</strong></span> <span class='ocrx_word' id='word_1_56' title='bbox 1307 983 1653 1055; x_wconf 84' lang='lat' dir='ltr'><strong>detorquere.</strong></span> 
     </span>
    </p>
   </div>
   <div class='ocr_carea' id='block_1_11' title="bbox 569 1065 2072 1147">
    <p class='ocr_par' dir='ltr' id='par_1_11' title="bbox 569 1065 2072 1147">
     <span class='ocr_line' id='line_1_11' title="bbox 569 1065 2072 1147; baseline 0.011 -27"><span class='ocrx_word' id='word_1_57' title='bbox 569 1065 731 1134; x_wconf 85' lang='lat' dir='ltr'><strong>lbid.,</strong></span> <span class='ocrx_word' id='word_1_58' title='bbox 763 1070 858 1124; x_wconf 92' lang='lat' dir='ltr'><strong>lin.</strong></span> <span class='ocrx_word' id='word_1_59' title='bbox 890 1072 978 1126; x_wconf 83' lang='lat'><strong>50.</strong></span> <span class='ocrx_word' id='word_1_60' title='bbox 1024 1073 1079 1126; x_wconf 91' lang='grc' dir='ltr'>Ὀ</span> <span class='ocrx_word' id='word_1_61' title='bbox 1112 1073 1181 1127; x_wconf 79' lang='grc' dir='ltr'><strong>δὲ</strong></span> <span class='ocrx_word' id='word_1_62' title='bbox 1205 1074 1518 1143; x_wconf 81' lang='grc' dir='ltr'><strong>κάνθαρος.</strong></span> <span class='ocrx_word' id='word_1_63' title='bbox 1550 1076 1629 1131; x_wconf 85' lang='lat' dir='ltr'><strong>ita</strong></span> <span class='ocrx_word' id='word_1_64' title='bbox 1668 1078 1831 1133; x_wconf 89' lang='lat' dir='ltr'><strong>etiam</strong></span> <span class='ocrx_word' id='word_1_65' title='bbox 1869 1078 2072 1147; x_wconf 81' lang='lat' dir='ltr'><strong>Herus,</strong></span> 
     </span>
    </p>
   </div>
   <div class='ocr_carea' id='block_1_12' title="bbox 497 1156 2072 1238">
    <p class='ocr_par' dir='ltr' id='par_1_12' title="bbox 497 1156 2072 1238">
     <span class='ocr_line' id='line_1_12' title="bbox 497 1156 2072 1238; baseline 0.013 -29"><span class='ocrx_word' id='word_1_66' title='bbox 497 1156 595 1211; x_wconf 87' lang='lat' dir='ltr'><strong>lib.</strong></span> <span class='ocrx_word' id='word_1_67' title='bbox 662 1175 702 1223; x_wconf 87' lang='grc' dir='ltr'><strong>ι,</strong></span> <span class='ocrx_word' id='word_1_68' title='bbox 756 1175 879 1231; x_wconf 89' lang='lat' dir='ltr'><strong>cap.</strong></span> <span class='ocrx_word' id='word_1_69' title='bbox 929 1161 1030 1228; x_wconf 86' lang='grc'><strong>10,</strong></span> <span class='ocrx_word' id='word_1_70' title='bbox 1078 1163 1200 1234; x_wconf 85' lang='grc' dir='ltr'><strong>βοὸς</strong></span> <span class='ocrx_word' id='word_1_71' title='bbox 1258 1165 1557 1238; x_wconf 82' lang='grc' dir='ltr'><strong>άφόὁευμα.</strong></span> <span class='ocrx_word' id='word_1_72' title='bbox 1632 1167 1831 1226; x_wconf 89' lang='lat' dir='ltr'><strong>Suidas</strong></span> <span class='ocrx_word' id='word_1_73' title='bbox 1892 1183 2072 1230; x_wconf 88' lang='lat' dir='ltr'><strong>tamen</strong></span> 
     </span>
    </p>
   </div>
   <div class='ocr_carea' id='block_1_13' title="bbox 495 1248 2075 1329">
    <p class='ocr_par' dir='ltr' id='par_1_13' title="bbox 495 1248 2075 1329">
     <span class='ocr_line' id='line_1_13' title="bbox 495 1248 2075 1329; baseline 0.012 -28"><span class='ocrx_word' id='word_1_74' title='bbox 495 1248 640 1304; x_wconf 74' lang='grc' dir='ltr'><strong>ὄνου.</strong></span> <span class='ocrx_word' id='word_1_75' title='bbox 668 1250 882 1308; x_wconf 85' lang='lat' dir='ltr'><strong>Plinius</strong></span> <span class='ocrx_word' id='word_1_76' title='bbox 916 1269 985 1309; x_wconf 76' lang='lat' dir='ltr'><strong>ex</strong></span> <span class='ocrx_word' id='word_1_77' title='bbox 1016 1253 1263 1326; x_wconf 80' lang='lat' dir='ltr'><strong>Virgilio,</strong></span> <span class='ocrx_word' id='word_1_78' title='bbox 1307 1257 1561 1328; x_wconf 76' lang='lat' dir='ltr'><strong>Virgilius</strong></span> <span class='ocrx_word' id='word_1_79' title='bbox 1581 1261 1928 1329; x_wconf 83' lang='lat' dir='ltr'><strong>jtwencoram</strong></span> <span class='ocrx_word' id='word_1_80' title='bbox 1962 1283 2075 1320; x_wconf 86' lang='lat' dir='ltr'><strong>cor-</strong></span> 
     </span>
    </p>
   </div>
   <div class='ocr_carea' id='block_1_14' title="bbox 494 1343 2074 1423">
    <p class='ocr_par' dir='ltr' id='par_1_14' title="bbox 494 1343 2074 1423">
     <span class='ocr_line' id='line_1_14' title="bbox 494 1343 2074 1423; baseline 0.013 -30"><span class='ocrx_word' id='word_1_81' title='bbox 494 1355 620 1406; x_wconf 88' lang='lat' dir='ltr'><strong>pore</strong></span> <span class='ocrx_word' id='word_1_82' title='bbox 651 1343 978 1408; x_wconf 69' lang='lat' dir='ltr'><strong>exanimato,</strong></span> <span class='ocrx_word' id='word_1_83' title='bbox 1016 1345 1152 1399; x_wconf 91' lang='lat' dir='ltr'><strong>sicut</strong></span> <span class='ocrx_word' id='word_1_84' title='bbox 1172 1364 1422 1417; x_wconf 83' lang='lat' dir='ltr'><strong>equorum</strong></span> <span class='ocrx_word' id='word_1_85' title='bbox 1446 1365 1648 1420; x_wconf 84' lang='lat' dir='ltr'><strong>vespas,</strong></span> <span class='ocrx_word' id='word_1_86' title='bbox 1679 1362 1834 1423; x_wconf 89' lang='lat' dir='ltr'><strong>atque</strong></span> <span class='ocrx_word' id='word_1_87' title='bbox 1862 1357 2074 1414; x_wconf 84' lang='lat' dir='ltr'><strong>crabro-</strong></span> 
     </span>
    </p>
   </div>
   <div class='ocr_carea' id='block_1_15' title="bbox 495 1435 2072 1511">
    <p class='ocr_par' dir='ltr' id='par_1_15' title="bbox 495 1435 2072 1511">
     <span class='ocr_line' id='line_1_15' title="bbox 495 1435 2072 1511; baseline 0.012 -26"><span class='ocrx_word' id='word_1_88' title='bbox 495 1449 607 1497; x_wconf 86' lang='lat' dir='ltr'><strong>nes,</strong></span> <span class='ocrx_word' id='word_1_89' title='bbox 635 1435 772 1488; x_wconf 88' lang='lat' dir='ltr'><strong>sicut</strong></span> <span class='ocrx_word' id='word_1_90' title='bbox 816 1437 1087 1491; x_wconf 81' lang='lat' dir='ltr'><strong>asinorum</strong></span> <span class='ocrx_word' id='word_1_91' title='bbox 1127 1439 1426 1493; x_wconf 74' lang='lat' dir='ltr'><strong>scarabmos</strong></span> <span class='ocrx_word' id='word_1_92' title='bbox 1465 1451 1701 1499; x_wconf 87' lang='lat' dir='ltr'><strong>mutante</strong></span> <span class='ocrx_word' id='word_1_93' title='bbox 1738 1457 1959 1511; x_wconf 88' lang='lat' dir='ltr'><strong>natura,</strong></span> <span class='ocrx_word' id='word_1_94' title='bbox 2005 1466 2072 1504; x_wconf 77' lang='lat' dir='ltr'><strong>ea:</strong></span> 
     </span>
    </p>
   </div>
   <div class='ocr_carea' id='block_1_16' title="bbox 492 1523 2066 1602">
    <p class='ocr_par' dir='ltr' id='par_1_16' title="bbox 492 1523 2066 1602">
     <span class='ocr_line' id='line_1_16' title="bbox 492 1523 2066 1602; baseline 0.014 -27"><span class='ocrx_word' id='word_1_95' title='bbox 492 1523 618 1578; x_wconf 90' lang='lat' dir='ltr'><strong>aliis</strong></span> <span class='ocrx_word' id='word_1_96' title='bbox 648 1525 890 1595; x_wconf 71' lang='lat' dir='ltr'><strong>quazdam</strong></span> <span class='ocrx_word' id='word_1_97' title='bbox 926 1528 980 1581; x_wconf 88' lang='lat' dir='ltr'><strong>in</strong></span> <span class='ocrx_word' id='word_1_98' title='bbox 1005 1528 1137 1584; x_wconf 90' lang='lat' dir='ltr'><strong>alia.</strong></span> <span class='ocrx_word' id='word_1_99' title='bbox 1183 1529 1315 1585; x_wconf 87' lang='lat' dir='ltr'><strong>Vide</strong></span> <span class='ocrx_word' id='word_1_100' title='bbox 1351 1532 1715 1602; x_wconf 86' lang='lat' dir='ltr'><strong>Epiphanium</strong></span> <span class='ocrx_word' id='word_1_101' title='bbox 1743 1538 1798 1590; x_wconf 92' lang='lat' dir='ltr'><strong>in</strong></span> <span class='ocrx_word' id='word_1_102' title='bbox 1828 1539 2066 1596; x_wconf 75' lang='lat' dir='ltr'><strong>Ancirot.</strong></span> 
     </span>
    </p>
   </div>
   <div class='ocr_carea' id='block_1_17' title="bbox 490 1615 2071 1698">
    <p class='ocr_par' dir='ltr' id='par_1_17' title="bbox 490 1615 2071 1698">
     <span class='ocr_line' id='line_1_17' title="bbox 490 1615 2071 1698; baseline 0.013 -29"><span class='ocrx_word' id='word_1_103' title='bbox 490 1615 741 1673; x_wconf 89' lang='lat' dir='ltr'><strong>Clemens</strong></span> <span class='ocrx_word' id='word_1_104' title='bbox 762 1619 890 1673; x_wconf 87' lang='lat' dir='ltr'><strong>item</strong></span> <span class='ocrx_word' id='word_1_105' title='bbox 934 1619 1131 1691; x_wconf 81' lang='lat' dir='ltr'><strong>Hypot.</strong></span> <span class='ocrx_word' id='word_1_106' title='bbox 1160 1639 1238 1686; x_wconf 83' lang='grc' dir='ltr'><strong>νι,</strong></span> <span class='ocrx_word' id='word_1_107' title='bbox 1281 1625 1530 1681; x_wconf 88' lang='lat' dir='ltr'><strong>homines</strong></span> <span class='ocrx_word' id='word_1_108' title='bbox 1566 1628 1932 1698; x_wconf 78' lang='lat' dir='ltr'><strong>voluptatibus</strong></span> <span class='ocrx_word' id='word_1_109' title='bbox 1975 1633 2071 1689; x_wconf 81' lang='lat' dir='ltr'><strong>im-</strong></span> 
     </span>
    </p>
   </div>
   <div class='ocr_carea' id='block_1_18' title="bbox 491 1708 2066 1795">
    <p class='ocr_par' dir='ltr' id='par_1_18' title="bbox 491 1708 2066 1795">
     <span class='ocr_line' id='line_1_18' title="bbox 491 1708 2066 1795; baseline 0.012 -34"><span class='ocrx_word' id='word_1_110' title='bbox 491 1708 717 1776; x_wconf 80' lang='lat' dir='ltr'><strong>pensius</strong></span> <span class='ocrx_word' id='word_1_111' title='bbox 752 1710 986 1776; x_wconf 90' lang='lat' dir='ltr'><strong>deditos,</strong></span> <span class='ocrx_word' id='word_1_112' title='bbox 1020 1720 1076 1768; x_wconf 91' lang='lat' dir='ltr'><strong>et</strong></span> <span class='ocrx_word' id='word_1_113' title='bbox 1124 1713 1431 1783; x_wconf 85' lang='lat' dir='ltr'><strong>immersos,</strong></span> <span class='ocrx_word' id='word_1_114' title='bbox 1469 1732 1535 1772; x_wconf 90' lang='lat' dir='ltr'><strong>ac</strong></span> <span class='ocrx_word' id='word_1_115' title='bbox 1576 1720 1760 1777; x_wconf 90' lang='lat' dir='ltr'><strong>ebrios</strong></span> <span class='ocrx_word' id='word_1_116' title='bbox 1807 1730 2066 1795; x_wconf 88' lang='lat' dir='ltr'><strong>tanquam</strong></span> 
     </span>
    </p>
   </div>
   <div class='ocr_carea' id='block_1_19' title="bbox 488 1795 1641 1864">
    <p class='ocr_par' dir='ltr' id='par_1_19' title="bbox 488 1795 1641 1864">
     <span class='ocr_line' id='line_1_19' title="bbox 488 1795 1641 1864; baseline 0.015 -17"><span class='ocrx_word' id='word_1_117' title='bbox 488 1795 783 1852; x_wconf 85' lang='lat' dir='ltr'><strong>cantharos</strong></span> <span class='ocrx_word' id='word_1_118' title='bbox 809 1798 866 1852; x_wconf 92' lang='lat' dir='ltr'><strong>in</strong></span> <span class='ocrx_word' id='word_1_119' title='bbox 895 1809 1136 1858; x_wconf 89' lang='lat' dir='ltr'><strong>stercore</strong></span> <span class='ocrx_word' id='word_1_120' title='bbox 1164 1803 1401 1859; x_wconf 88' lang='lat' dir='ltr'><strong>volutari</strong></span> <span class='ocrx_word' id='word_1_121' title='bbox 1428 1807 1641 1864; x_wconf 87' lang='lat' dir='ltr'><strong>scribit.</strong></span> 
     </span>
    </p>
   </div>
   <div class='ocr_carea' id='block_1_20' title="bbox 2183 631 3756 713">
    <p class='ocr_par' dir='ltr' id='par_1_20' title="bbox 2183 631 3756 713">
     <span class='ocr_line' id='line_1_20' title="bbox 2183 631 3756 713; baseline 0.01 -29"><span class='ocrx_word' id='word_1_122' title='bbox 2183 631 2312 694; x_wconf 77' lang='grc' dir='ltr'><strong>ἴδοις</strong></span> <span class='ocrx_word' id='word_1_123' title='bbox 2327 631 2531 703; x_wconf 72' lang='grc' dir='ltr'><strong>ὄμϐρον</strong></span> <span class='ocrx_word' id='word_1_124' title='bbox 2559 634 2623 687; x_wconf 81' lang='grc' dir='ltr'><strong>ὲκ</strong></span> <span class='ocrx_word' id='word_1_125' title='bbox 2638 637 2813 707; x_wconf 81' lang='grc' dir='ltr'>νεφῶν</span> <span class='ocrx_word' id='word_1_126' title='bbox 2829 638 3170 709; x_wconf 80' lang='grc' dir='ltr'><strong>ἀπορρυέντα</strong></span> <span class='ocrx_word' id='word_1_127' title='bbox 3194 642 3324 712; x_wconf 86' lang='grc' dir='ltr'><strong>παρ’</strong></span> <span class='ocrx_word' id='word_1_128' title='bbox 3339 642 3462 696; x_wconf 85' lang='grc' dir='ltr'><strong>ὅσον</strong></span> <span class='ocrx_word' id='word_1_129' title='bbox 3481 643 3669 713; x_wconf 86' lang='grc' dir='ltr'><strong>χρόνον</strong></span> <span class='ocrx_word' id='word_1_130' title='bbox 3687 647 3756 702; x_wconf 86' lang='grc' dir='ltr'><strong>ὲκ</strong></span> 
     </span>
    </p>
   </div>
   <div class='ocr_carea' id='block_1_21' title="bbox 2178 720 3749 808">
    <p class='ocr_par' dir='ltr' id='par_1_21' title="bbox 2178 720 3749 808">
     <span class='ocr_line' id='line_1_21' title="bbox 2178 720 3749 808; baseline 0.013 -36"><span class='ocrx_word' id='word_1_131' title='bbox 2178 720 2287 774; x_wconf 85' lang='grc' dir='ltr'><strong>τῶν</strong></span> <span class='ocrx_word' id='word_1_132' title='bbox 2306 723 2610 794; x_wconf 75' lang='grc' dir='ltr'><strong>μυρμήκων</strong></span> <span class='ocrx_word' id='word_1_133' title='bbox 2629 727 2657 778; x_wconf 82' lang='grc' dir='ltr'>ὁ</span> <span class='ocrx_word' id='word_1_134' title='bbox 2673 729 2818 790; x_wconf 84' lang='grc' dir='ltr'><strong>σῖτος</strong></span> <span class='ocrx_word' id='word_1_135' title='bbox 2834 730 3215 801; x_wconf 77' lang='grc' dir='ltr'><strong>προϐέϐληται.</strong></span> <span class='ocrx_word' id='word_1_136' title='bbox 3236 730 3434 799; x_wconf 82' lang='lat' dir='ltr'><strong>Horus,</strong></span> <span class='ocrx_word' id='word_1_137' title='bbox 3455 734 3547 789; x_wconf 87' lang='lat' dir='ltr'><strong>lib.</strong></span> <span class='ocrx_word' id='word_1_138' title='bbox 3574 751 3612 801; x_wconf 86' lang='grc' dir='ltr'><strong>ι,</strong></span> <span class='ocrx_word' id='word_1_139' title='bbox 3626 752 3749 808; x_wconf 83' lang='lat' dir='ltr'><strong>cap.</strong></span> 
     </span>
    </p>
   </div>
   <div class='ocr_carea' id='block_1_22' title="bbox 2178 811 3755 905">
    <p class='ocr_par' dir='ltr' id='par_1_22' title="bbox 2178 811 3755 905">
     <span class='ocr_line' id='line_1_22' title="bbox 2178 811 3755 905; baseline 0.018 -39"><span class='ocrx_word' id='word_1_140' title='bbox 2178 811 2267 870; x_wconf 72' lang='lat'><strong>52.</strong></span> <span class='ocrx_word' id='word_1_141' title='bbox 2287 813 2383 878; x_wconf 86' lang='lat' dir='ltr'><strong>ait,</strong></span> <span class='ocrx_word' id='word_1_142' title='bbox 2400 813 2656 873; x_wconf 83' lang='lat' dir='ltr'><strong>formicas</strong></span> <span class='ocrx_word' id='word_1_143' title='bbox 2670 822 2726 874; x_wconf 91' lang='lat' dir='ltr'><strong>in</strong></span> <span class='ocrx_word' id='word_1_144' title='bbox 2744 821 2972 879; x_wconf 84' lang='lat' dir='ltr'><strong>hiemem</strong></span> <span class='ocrx_word' id='word_1_145' title='bbox 2990 826 3093 880; x_wconf 89' lang='lat' dir='ltr'><strong>sibi</strong></span> <span class='ocrx_word' id='word_1_146' title='bbox 3111 829 3263 886; x_wconf 87' lang='lat' dir='ltr'><strong>cibos</strong></span> <span class='ocrx_word' id='word_1_147' title='bbox 3280 847 3573 905; x_wconf 76' lang='lat' dir='ltr'><strong>congerere</strong></span> <span class='ocrx_word' id='word_1_148' title='bbox 3586 850 3642 892; x_wconf 89' lang='lat' dir='ltr'><strong>et</strong></span> <span class='ocrx_word' id='word_1_149' title='bbox 3664 854 3755 894; x_wconf 77' lang='lat' dir='ltr'><strong>eo-</strong></span> 
     </span>
    </p>
   </div>
   <div class='ocr_carea' id='block_1_23' title="bbox 2176 907 3751 995">
    <p class='ocr_par' dir='ltr' id='par_1_23' title="bbox 2176 907 3751 995">
     <span class='ocr_line' id='line_1_23' title="bbox 2176 907 3751 995; baseline 0.018 -39"><span class='ocrx_word' id='word_1_150' title='bbox 2176 918 2298 957; x_wconf 88' lang='lat' dir='ltr'><strong>rum</strong></span> <span class='ocrx_word' id='word_1_151' title='bbox 2311 907 2550 963; x_wconf 87' lang='lat' dir='ltr'><strong>studium</strong></span> <span class='ocrx_word' id='word_1_152' title='bbox 2576 910 2632 964; x_wconf 92' lang='lat' dir='ltr'><strong>in</strong></span> <span class='ocrx_word' id='word_1_153' title='bbox 2652 915 2895 981; x_wconf 89' lang='lat' dir='ltr'><strong>parando</strong></span> <span class='ocrx_word' id='word_1_154' title='bbox 2928 917 3029 972; x_wconf 90' lang='lat' dir='ltr'><strong>sibi</strong></span> <span class='ocrx_word' id='word_1_155' title='bbox 3057 919 3202 982; x_wconf 88' lang='lat' dir='ltr'><strong>cibo.</strong></span> <span class='ocrx_word' id='word_1_156' title='bbox 3217 930 3272 977; x_wconf 89' lang='lat' dir='ltr'><strong>et</strong></span> <span class='ocrx_word' id='word_1_157' title='bbox 3299 927 3619 995; x_wconf 76' lang='lat' dir='ltr'><strong>colligendis</strong></span> <span class='ocrx_word' id='word_1_158' title='bbox 3641 929 3751 984; x_wconf 88' lang='lat' dir='ltr'><strong>fru-</strong></span> 
     </span>
    </p>
   </div>
   <div class='ocr_carea' id='block_1_24' title="bbox 2175 996 3745 1086">
    <p class='ocr_par' dir='ltr' id='par_1_24' title="bbox 2175 996 3745 1086">
     <span class='ocr_line' id='line_1_24' title="bbox 2175 996 3745 1086; baseline 0.018 -37"><span class='ocrx_word' id='word_1_159' title='bbox 2175 996 2354 1052; x_wconf 86' lang='lat' dir='ltr'><strong>ctibus</strong></span> <span class='ocrx_word' id='word_1_160' title='bbox 2378 1003 3005 1076; x_wconf 80' lang='lat' dir='ltr'><strong>expressitAristoteles,</strong></span> <span class='ocrx_word' id='word_1_161' title='bbox 3036 1009 3126 1065; x_wconf 89' lang='lat' dir='ltr'><strong>lib.</strong></span> <span class='ocrx_word' id='word_1_162' title='bbox 3151 1028 3226 1078; x_wconf 77' lang='lat' dir='ltr'><strong>lx,</strong></span> <span class='ocrx_word' id='word_1_163' title='bbox 3259 1029 3380 1086; x_wconf 90' lang='lat' dir='ltr'><strong>cap.</strong></span> <span class='ocrx_word' id='word_1_164' title='bbox 3407 1018 3496 1072; x_wconf 87' lang='lat'><strong>58.</strong></span> <span class='ocrx_word' id='word_1_165' title='bbox 3515 1018 3745 1086; x_wconf 84' lang='lat' dir='ltr'><strong>Plinius.</strong></span> 
     </span>
    </p>
   </div>
   <div class='ocr_carea' id='block_1_25' title="bbox 2174 1084 3746 1166">
    <p class='ocr_par' dir='ltr' id='par_1_25' title="bbox 2174 1084 3746 1166">
     <span class='ocr_line' id='line_1_25' title="bbox 2174 1084 3746 1166; baseline 0.018 -28"><span class='ocrx_word' id='word_1_166' title='bbox 2174 1084 2267 1140; x_wconf 91' lang='lat' dir='ltr'><strong>lib.</strong></span> <span class='ocrx_word' id='word_1_167' title='bbox 2305 1103 2382 1151; x_wconf 78' lang='lat' dir='ltr'><strong>XI,</strong></span> <span class='ocrx_word' id='word_1_168' title='bbox 2424 1104 2546 1161; x_wconf 85' lang='lat' dir='ltr'><strong>cap.</strong></span> <span class='ocrx_word' id='word_1_169' title='bbox 2589 1092 2676 1157; x_wconf 88' lang='lat'><strong>50,</strong></span> <span class='ocrx_word' id='word_1_170' title='bbox 2707 1110 2770 1149; x_wconf 75' lang='lat' dir='ltr'><strong>ex</strong></span> <span class='ocrx_word' id='word_1_171' title='bbox 2795 1095 3106 1163; x_wconf 86' lang='lat' dir='ltr'><strong>Aristotele,</strong></span> <span class='ocrx_word' id='word_1_172' title='bbox 3154 1084 3370 1160; x_wconf 77' lang='lat' dir='ltr'><strong>Semina</strong></span> <span class='ocrx_word' id='word_1_173' title='bbox 3403 1125 3593 1164; x_wconf 85' lang='lat' dir='ltr'><strong>arrosa</strong></span> <span class='ocrx_word' id='word_1_174' title='bbox 3621 1084 3746 1166; x_wconf 36' lang='lat' dir='ltr'><strong>con;</strong></span> 
     </span>
    </p>
   </div>
   <div class='ocr_carea' id='block_1_26' title="bbox 2172 1175 3746 1272">
    <p class='ocr_par' dir='ltr' id='par_1_26' title="bbox 2172 1175 3746 1272">
     <span class='ocr_line' id='line_1_26' title="bbox 2172 1175 3746 1272; baseline 0.019 -44"><span class='ocrx_word' id='word_1_175' title='bbox 2172 1175 2327 1242; x_wconf 84' lang='lat' dir='ltr'><strong>dunt,</strong></span> <span class='ocrx_word' id='word_1_176' title='bbox 2382 1195 2446 1234; x_wconf 80' lang='lat' dir='ltr'><strong>ne</strong></span> <span class='ocrx_word' id='word_1_177' title='bbox 2490 1198 2676 1237; x_wconf 77' lang='lat' dir='ltr'><strong>rursus</strong></span> <span class='ocrx_word' id='word_1_178' title='bbox 2719 1186 2776 1240; x_wconf 90' lang='lat' dir='ltr'><strong>in</strong></span> <span class='ocrx_word' id='word_1_179' title='bbox 2812 1187 2990 1258; x_wconf 84' lang='lat' dir='ltr'><strong>fruges</strong></span> <span class='ocrx_word' id='word_1_180' title='bbox 3029 1203 3213 1247; x_wconf 74' lang='lat' dir='ltr'><strong>exeant</strong></span> <span class='ocrx_word' id='word_1_181' title='bbox 3251 1212 3279 1250; x_wconf 92' lang='lat' dir='ltr'><strong>e</strong></span> <span class='ocrx_word' id='word_1_182' title='bbox 3316 1206 3478 1254; x_wconf 86' lang='lat' dir='ltr'><strong>terra.</strong></span> <span class='ocrx_word' id='word_1_183' title='bbox 3531 1201 3746 1272; x_wconf 70' lang='lat' dir='ltr'><strong>Maiora</strong></span> 
     </span>
    </p>
   </div>
   <div class='ocr_carea' id='block_1_27' title="bbox 2172 1270 3743 1363">
    <p class='ocr_par' dir='ltr' id='par_1_27' title="bbox 2172 1270 3743 1363">
     <span class='ocr_line' id='line_1_27' title="bbox 2172 1270 3743 1363; baseline 0.018 -42"><span class='ocrx_word' id='word_1_184' title='bbox 2172 1270 2243 1323; x_wconf 84' lang='lat' dir='ltr'><strong>ad</strong></span> <span class='ocrx_word' id='word_1_185' title='bbox 2273 1271 2546 1327; x_wconf 77' lang='lat' dir='ltr'><strong>introitum</strong></span> <span class='ocrx_word' id='word_1_186' title='bbox 2585 1274 2846 1332; x_wconf 83' lang='lat' dir='ltr'><strong>dividunt.</strong></span> <span class='ocrx_word' id='word_1_187' title='bbox 2896 1279 3201 1353; x_wconf 75' lang='lat' dir='ltr'><strong>Madefaeta</strong></span> <span class='ocrx_word' id='word_1_188' title='bbox 3241 1288 3405 1345; x_wconf 78' lang='lat' dir='ltr'><strong>imbre</strong></span> <span class='ocrx_word' id='word_1_189' title='bbox 3443 1270 3743 1363; x_wconf 72' lang='lat' dir='ltr'><strong>proferunt,</strong></span> 
     </span>
    </p>
   </div>
   <div class='ocr_carea' id='block_1_28' title="bbox 2171 1365 3740 1446">
    <p class='ocr_par' dir='ltr' id='par_1_28' title="bbox 2171 1365 3740 1446">
     <span class='ocr_line' id='line_1_28' title="bbox 2171 1365 3740 1446; baseline 0.018 -32"><span class='ocrx_word' id='word_1_190' title='bbox 2171 1372 2325 1433; x_wconf 87' lang='lat' dir='ltr'><strong>atque</strong></span> <span class='ocrx_word' id='word_1_191' title='bbox 2353 1365 2574 1424; x_wconf 81' lang='lat' dir='ltr'><strong>siccant.</strong></span> <span class='ocrx_word' id='word_1_192' title='bbox 2602 1368 2899 1438; x_wconf 85' lang='lat' dir='ltr'><strong>Operantur</strong></span> <span class='ocrx_word' id='word_1_193' title='bbox 2923 1382 2972 1426; x_wconf 89' lang='lat' dir='ltr'><strong>et</strong></span> <span class='ocrx_word' id='word_1_194' title='bbox 2992 1389 3147 1431; x_wconf 85' lang='lat' dir='ltr'><strong>noctu</strong></span> <span class='ocrx_word' id='word_1_195' title='bbox 3166 1379 3318 1446; x_wconf 84' lang='lat' dir='ltr'><strong>plena</strong></span> <span class='ocrx_word' id='word_1_196' title='bbox 3344 1382 3489 1438; x_wconf 84' lang='lat' dir='ltr'><strong>luna.</strong></span> <span class='ocrx_word' id='word_1_197' title='bbox 3528 1383 3740 1442; x_wconf 75' lang='lat' dir='ltr'><strong>Ewdem</strong></span> 
     </span>
    </p>
   </div>
   <div class='ocr_carea' id='block_1_29' title="bbox 2170 1452 3737 1545">
    <p class='ocr_par' dir='ltr' id='par_1_29' title="bbox 2170 1452 3737 1545">
     <span class='ocr_line' id='line_1_29' title="bbox 2170 1452 3737 1545; baseline 0.019 -41"><span class='ocrx_word' id='word_1_198' title='bbox 2170 1452 2452 1511; x_wconf 83' lang='lat' dir='ltr'><strong>interlunio</strong></span> <span class='ocrx_word' id='word_1_199' title='bbox 2474 1472 2698 1517; x_wconf 86' lang='lat' dir='ltr'><strong>cessant.</strong></span> <span class='ocrx_word' id='word_1_200' title='bbox 2717 1462 2843 1517; x_wconf 86' lang='lat' dir='ltr'><strong>Jam</strong></span> <span class='ocrx_word' id='word_1_201' title='bbox 2870 1467 2925 1519; x_wconf 90' lang='lat' dir='ltr'><strong>in</strong></span> <span class='ocrx_word' id='word_1_202' title='bbox 2943 1483 3094 1532; x_wconf 86' lang='lat' dir='ltr'><strong>opere</strong></span> <span class='ocrx_word' id='word_1_203' title='bbox 3111 1471 3200 1539; x_wconf 87' lang='lat' dir='ltr'><strong>qui</strong></span> <span class='ocrx_word' id='word_1_204' title='bbox 3229 1472 3416 1527; x_wconf 86' lang='lat' dir='ltr'><strong>labor!</strong></span> <span class='ocrx_word' id='word_1_205' title='bbox 3441 1492 3557 1545; x_wconf 65' lang='lat' dir='ltr'><strong>quae</strong></span> <span class='ocrx_word' id='word_1_206' title='bbox 3579 1480 3737 1533; x_wconf 79' lang='lat' dir='ltr'><strong>sedu-</strong></span> 
     </span>
    </p>
   </div>
   <div class='ocr_carea' id='block_1_30' title="bbox 2169 1540 3735 1634">
    <p class='ocr_par' dir='ltr' id='par_1_30' title="bbox 2169 1540 3735 1634">
     <span class='ocr_line' id='line_1_30' title="bbox 2169 1540 3735 1634; baseline 0.02 -41"><span class='ocrx_word' id='word_1_207' title='bbox 2169 1540 2334 1595; x_wconf 83' lang='lat' dir='ltr'><strong>litus!</strong></span> <span class='ocrx_word' id='word_1_208' title='bbox 2369 1545 2642 1612; x_wconf 65' lang='lat' dir='ltr'><strong>Elianus,</strong></span> <span class='ocrx_word' id='word_1_209' title='bbox 2678 1551 2772 1605; x_wconf 74' lang='grc' dir='ltr'><strong>ιιι».</strong></span> <span class='ocrx_word' id='word_1_210' title='bbox 2806 1567 2868 1616; x_wconf 88' lang='grc' dir='ltr'><strong>ιι,</strong></span> <span class='ocrx_word' id='word_1_211' title='bbox 2909 1570 3029 1624; x_wconf 87' lang='lat' dir='ltr'><strong>cap.</strong></span> <span class='ocrx_word' id='word_1_212' title='bbox 3059 1556 3165 1625; x_wconf 74' lang='lat'><strong>25;</strong></span> <span class='ocrx_word' id='word_1_213' title='bbox 3200 1540 3463 1632; x_wconf 80' lang='lat' dir='ltr'><strong>Georgius</strong></span> <span class='ocrx_word' id='word_1_214' title='bbox 3500 1564 3735 1634; x_wconf 81' lang='lat' dir='ltr'><strong>Pisides,</strong></span> 
     </span>
    </p>
   </div>
   <div class='ocr_carea' id='block_1_31' title="bbox 2168 1630 3733 1731">
    <p class='ocr_par' dir='ltr' id='par_1_31' title="bbox 2168 1630 3733 1731">
     <span class='ocr_line' id='line_1_31' title="bbox 2168 1630 3733 1731; baseline 0.021 -48"><span class='ocrx_word' id='word_1_215' title='bbox 2168 1630 2248 1686; x_wconf 88' lang='lat' dir='ltr'><strong>De</strong></span> <span class='ocrx_word' id='word_1_216' title='bbox 2278 1637 2460 1690; x_wconf 87' lang='lat' dir='ltr'><strong>mundi</strong></span> <span class='ocrx_word' id='word_1_217' title='bbox 2488 1641 2735 1709; x_wconf 78' lang='lat' dir='ltr'><strong>opiﬁcio;</strong></span> <span class='ocrx_word' id='word_1_218' title='bbox 2764 1642 3120 1723; x_wconf 84' lang='lat' dir='ltr'><strong>Epiphanius,</strong></span> <span class='ocrx_word' id='word_1_219' title='bbox 3159 1649 3214 1703; x_wconf 92' lang='lat' dir='ltr'><strong>in</strong></span> <span class='ocrx_word' id='word_1_220' title='bbox 3244 1630 3585 1727; x_wconf 74' lang='lat' dir='ltr'><strong>Phgsiologo,</strong></span> <span class='ocrx_word' id='word_1_221' title='bbox 3609 1630 3733 1731; x_wconf 70' lang='lat' dir='ltr'><strong>cap.</strong></span> 
     </span>
    </p>
   </div>
   <div class='ocr_carea' id='block_1_32' title="bbox 2166 1735 3742 1823">
    <p class='ocr_par' dir='ltr' id='par_1_32' title="bbox 2166 1735 3742 1823">
     <span class='ocr_line' id='line_1_32' title="bbox 2166 1735 3742 1823; baseline 0.018 -44"><span class='ocrx_word' id='word_1_222' title='bbox 2166 1740 2336 1791; x_wconf 80' lang='lat' dir='ltr'><strong>mn;</strong></span> <span class='ocrx_word' id='word_1_223' title='bbox 2390 1738 2583 1785; x_wconf 88' lang='lat' dir='ltr'><strong>auctor</strong></span> <span class='ocrx_word' id='word_1_224' title='bbox 2633 1735 2875 1803; x_wconf 65' lang='lat' dir='ltr'><strong>epistolae</strong></span> <span class='ocrx_word' id='word_1_225' title='bbox 2913 1738 2981 1791; x_wconf 88' lang='lat' dir='ltr'><strong>ad</strong></span> <span class='ocrx_word' id='word_1_226' title='bbox 3031 1740 3364 1810; x_wconf 62' lang='lat' dir='ltr'><strong>praesidium,</strong></span> <span class='ocrx_word' id='word_1_227' title='bbox 3420 1744 3521 1802; x_wconf 91' lang='lat' dir='ltr'><strong>Dio</strong></span> <span class='ocrx_word' id='word_1_228' title='bbox 3570 1749 3742 1823; x_wconf 83' lang='lat' dir='ltr'><strong>Chry-</strong></span> 
     </span>
    </p>
   </div>
   <div class='ocr_carea' id='block_1_33' title="bbox 2167 1825 3737 1912">
    <p class='ocr_par' dir='ltr' id='par_1_33' title="bbox 2167 1825 3737 1912">
     <span class='ocr_line' id='line_1_33' title="bbox 2167 1825 3737 1912; baseline 0.017 -41"><span class='ocrx_word' id='word_1_229' title='bbox 2167 1827 2461 1887; x_wconf 88' lang='lat' dir='ltr'><strong>sostomus,</strong></span> <span class='ocrx_word' id='word_1_230' title='bbox 2489 1825 2737 1881; x_wconf 89' lang='lat' dir='ltr'><strong>oratione</strong></span> <span class='ocrx_word' id='word_1_231' title='bbox 2758 1829 2978 1897; x_wconf 88' lang='lat' dir='ltr'><strong>politica</strong></span> <span class='ocrx_word' id='word_1_232' title='bbox 3011 1830 3064 1884; x_wconf 92' lang='lat' dir='ltr'><strong>in</strong></span> <span class='ocrx_word' id='word_1_233' title='bbox 3096 1834 3381 1898; x_wconf 86' lang='lat' dir='ltr'><strong>concione.</strong></span> <span class='ocrx_word' id='word_1_234' title='bbox 3410 1839 3519 1893; x_wconf 79' lang='grc' dir='ltr'><strong>Καὶ</strong></span> <span class='ocrx_word' id='word_1_235' title='bbox 3551 1842 3737 1912; x_wconf 85' lang='grc' dir='ltr'><strong>μέντοι</strong></span> 
     </span>
    </p>
   </div>
   <div class='ocr_carea' id='block_1_34' title="bbox 558 1885 2042 2004">
    <p class='ocr_par' dir='ltr' id='par_1_34' title="bbox 558 1889 2018 1975">
     <span class='ocr_line' id='line_1_34' title="bbox 558 1889 2018 1975; baseline 0.014 -34"><span class='ocrx_word' id='word_1_236' title='bbox 558 1889 692 1944; x_wconf 89' lang='lat' dir='ltr'><strong>Ibid.</strong></span> <span class='ocrx_word' id='word_1_237' title='bbox 720 1893 1328 1967; x_wconf 75' lang='grc' dir='ltr'><strong>Κυκλοτερὲςσχῆμα.</strong></span> <span class='ocrx_word' id='word_1_238' title='bbox 1361 1897 1562 1963; x_wconf 86' lang='lat' dir='ltr'><strong>Horus,</strong></span> <span class='ocrx_word' id='word_1_239' title='bbox 1593 1901 1689 1956; x_wconf 91' lang='lat' dir='ltr'><strong>lib.</strong></span> <span class='ocrx_word' id='word_1_240' title='bbox 1723 1917 1762 1967; x_wconf 87' lang='grc' dir='ltr'><strong>ι,</strong></span> <span class='ocrx_word' id='word_1_241' title='bbox 1801 1919 1922 1975; x_wconf 90' lang='lat' dir='ltr'><strong>cap.</strong></span> <span class='ocrx_word' id='word_1_242' title='bbox 1952 1906 2018 1962; x_wconf 92' lang='grc'><strong>10</strong></span> 
     </span>
    </p>
   </div>
   <div class='ocr_carea' id='block_1_35' title="bbox 2144 1885 3737 2004">
    <p class='ocr_par' dir='ltr' id='par_1_35' title="bbox 2166 1885 3737 2004">
     <span class='ocr_line' id='line_1_35' title="bbox 2166 1885 3737 2004; baseline 0.014 -41"><span class='ocrx_word' id='word_1_243' title='bbox 2166 1911 2259 1964; x_wconf 78' lang='grc' dir='ltr'><strong>καὶ</strong></span> <span class='ocrx_word' id='word_1_244' title='bbox 2298 1885 2593 1985; x_wconf 85' lang='grc' dir='ltr'><strong>μύρμηκας</strong></span> <span class='ocrx_word' id='word_1_245' title='bbox 2620 1885 2775 1971; x_wconf 54' lang='grc' dir='ltr'><strong>πάνυ.</strong></span> <span class='ocrx_word' id='word_1_246' title='bbox 2792 1920 2964 1991; x_wconf 75' lang='grc' dir='ltr'><strong>ἡδέως</strong></span> <span class='ocrx_word' id='word_1_247' title='bbox 3002 1885 3737 2004; x_wconf 46' lang='grc' dir='ltr'><strong>ιδεινὲςέέξνξὲτξῷζμῖξξιί</strong></span> 
     </span>
    </p>
   </div>
   <div class='ocr_carea' id='block_1_36' title="bbox 484 1978 2060 2069">
    <p class='ocr_par' dir='ltr' id='par_1_36' title="bbox 484 1978 2060 2069">
     <span class='ocr_line' id='line_1_36' title="bbox 484 1978 2060 2069; baseline 0.013 -38"><span class='ocrx_word' id='word_1_248' title='bbox 484 1978 720 2033; x_wconf 83' lang='grc' dir='ltr'><strong>Πλάσσει</strong></span> <span class='ocrx_word' id='word_1_249' title='bbox 754 1984 1091 2053; x_wconf 83' lang='grc' dir='ltr'><strong>σφαιροειδὲς</strong></span> <span class='ocrx_word' id='word_1_250' title='bbox 1124 1989 1601 2061; x_wconf 85' lang='grc' dir='ltr'><strong>παραπλήσιοντῷ</strong></span> <span class='ocrx_word' id='word_1_251' title='bbox 1630 1992 1819 2065; x_wconf 85' lang='grc' dir='ltr'><strong>κόσμῳ</strong></span> <span class='ocrx_word' id='word_1_252' title='bbox 1853 1997 2060 2069; x_wconf 83' lang='grc' dir='ltr'><strong>σχῆμα,</strong></span> 
     </span>
    </p>
   </div>
   <div class='ocr_carea' id='block_1_37' title="bbox 481 2070 2063 2161">
    <p class='ocr_par' dir='ltr' id='par_1_37' title="bbox 481 2070 2063 2161">
     <span class='ocr_line' id='line_1_37' title="bbox 481 2070 2063 2161; baseline 0.013 -37"><span class='ocrx_word' id='word_1_253' title='bbox 481 2070 510 2123; x_wconf 85' lang='grc' dir='ltr'><strong>ὃ</strong></span> <span class='ocrx_word' id='word_1_254' title='bbox 538 2072 603 2125; x_wconf 85' lang='grc' dir='ltr'><strong>ὲκ</strong></span> <span class='ocrx_word' id='word_1_255' title='bbox 631 2073 738 2126; x_wconf 85' lang='grc' dir='ltr'><strong>τῶν</strong></span> <span class='ocrx_word' id='word_1_256' title='bbox 769 2075 1032 2130; x_wconf 79' lang='grc' dir='ltr'><strong>ὀπισθίων</strong></span> <span class='ocrx_word' id='word_1_257' title='bbox 1077 2077 1259 2148; x_wconf 84' lang='grc' dir='ltr'>μερῶν</span> <span class='ocrx_word' id='word_1_258' title='bbox 1285 2080 1511 2145; x_wconf 90' lang='grc' dir='ltr'><strong>κυλίσας</strong></span> <span class='ocrx_word' id='word_1_259' title='bbox 1538 2084 1646 2136; x_wconf 83' lang='grc' dir='ltr'><strong>ἀπὸ</strong></span> <span class='ocrx_word' id='word_1_260' title='bbox 1690 2085 1954 2161; x_wconf 80' lang='grc' dir='ltr'><strong>ἀνατολῆς</strong></span> <span class='ocrx_word' id='word_1_261' title='bbox 1982 2094 2063 2155; x_wconf 82' lang='grc' dir='ltr'><strong>είς</strong></span> 
     </span>
    </p>
   </div>
   <div class='ocr_carea' id='block_1_38' title="bbox 479 2162 2060 2250">
    <p class='ocr_par' dir='ltr' id='par_1_38' title="bbox 479 2162 2060 2250">
     <span class='ocr_line' id='line_1_38' title="bbox 479 2162 2060 2250; baseline 0.014 -35"><span class='ocrx_word' id='word_1_262' title='bbox 479 2162 631 2216; x_wconf 71' lang='grc' dir='ltr'><strong>δύσιν</strong></span> <span class='ocrx_word' id='word_1_263' title='bbox 661 2164 824 2230; x_wconf 77' lang='grc' dir='ltr'><strong>αὐτὸς</strong></span> <span class='ocrx_word' id='word_1_264' title='bbox 848 2167 985 2239; x_wconf 79' lang='grc' dir='ltr'><strong>πρὸς</strong></span> <span class='ocrx_word' id='word_1_265' title='bbox 1015 2169 1276 2242; x_wconf 81' lang='grc' dir='ltr'><strong>ἀνατολὴν</strong></span> <span class='ocrx_word' id='word_1_266' title='bbox 1306 2171 1514 2241; x_wconf 83' lang='grc' dir='ltr'><strong>βλέπει,</strong></span> <span class='ocrx_word' id='word_1_267' title='bbox 1542 2175 1628 2227; x_wconf 83' lang='grc' dir='ltr'><strong>ἵνα</strong></span> <span class='ocrx_word' id='word_1_268' title='bbox 1661 2177 1847 2250; x_wconf 81' lang='grc' dir='ltr'><strong>ἀποδῷ</strong></span> <span class='ocrx_word' id='word_1_269' title='bbox 1881 2181 1943 2235; x_wconf 87' lang='grc' dir='ltr'><strong>τὸ</strong></span> <span class='ocrx_word' id='word_1_270' title='bbox 1967 2184 2060 2238; x_wconf 79' lang='grc' dir='ltr'><strong>τοῦ</strong></span> 
     </span>
    </p>
   </div>
   <div class='ocr_carea' id='block_1_39' title="bbox 478 2254 2062 2343">
    <p class='ocr_par' dir='ltr' id='par_1_39' title="bbox 478 2254 2062 2343">
     <span class='ocr_line' id='line_1_39' title="bbox 478 2254 2062 2343; baseline 0.015 -37"><span class='ocrx_word' id='word_1_271' title='bbox 478 2254 685 2327; x_wconf 84' lang='grc' dir='ltr'><strong>κόσμου</strong></span> <span class='ocrx_word' id='word_1_272' title='bbox 734 2259 940 2330; x_wconf 87' lang='grc' dir='ltr'><strong>σχῆμα.</strong></span> <span class='ocrx_word' id='word_1_273' title='bbox 974 2258 1243 2333; x_wconf 77' lang='lat' dir='ltr'><strong>Georgius</strong></span> <span class='ocrx_word' id='word_1_274' title='bbox 1281 2261 1515 2329; x_wconf 88' lang='lat' dir='ltr'><strong>Pisides,</strong></span> <span class='ocrx_word' id='word_1_275' title='bbox 1562 2264 1637 2321; x_wconf 89' lang='lat' dir='ltr'><strong>De</strong></span> <span class='ocrx_word' id='word_1_276' title='bbox 1678 2271 1869 2325; x_wconf 86' lang='lat' dir='ltr'><strong>mundi</strong></span> <span class='ocrx_word' id='word_1_277' title='bbox 1905 2275 2062 2343; x_wconf 82' lang='lat' dir='ltr'><strong>opili-</strong></span> 
     </span>
    </p>
   </div>
   <div class='ocr_carea' id='block_1_40' title="bbox 478 2346 2058 2438">
    <p class='ocr_par' dir='ltr' id='par_1_40' title="bbox 478 2346 2058 2438">
     <span class='ocr_line' id='line_1_40' title="bbox 478 2346 2058 2438; baseline 0.015 -40"><span class='ocrx_word' id='word_1_278' title='bbox 478 2347 597 2412; x_wconf 86' lang='lat' dir='ltr'><strong>cio;</strong></span> <span class='ocrx_word' id='word_1_279' title='bbox 632 2346 917 2414; x_wconf 66' lang='lat' dir='ltr'><strong>Elianus,</strong></span> <span class='ocrx_word' id='word_1_280' title='bbox 947 2352 1043 2408; x_wconf 90' lang='lat' dir='ltr'><strong>lib.</strong></span> <span class='ocrx_word' id='word_1_281' title='bbox 1091 2370 1146 2418; x_wconf 74' lang='grc' dir='ltr'><strong>χ,</strong></span> <span class='ocrx_word' id='word_1_282' title='bbox 1191 2369 1313 2425; x_wconf 89' lang='lat' dir='ltr'><strong>cap.</strong></span> <span class='ocrx_word' id='word_1_283' title='bbox 1349 2357 1458 2412; x_wconf 84' lang='lat' dir='ltr'><strong>l5:</strong></span> <span class='ocrx_word' id='word_1_284' title='bbox 1504 2357 1561 2411; x_wconf 82' lang='grc' dir='ltr'>Ὀ</span> <span class='ocrx_word' id='word_1_285' title='bbox 1596 2360 1866 2434; x_wconf 86' lang='grc' dir='ltr'><strong>κάνθαρος</strong></span> <span class='ocrx_word' id='word_1_286' title='bbox 1888 2366 2058 2438; x_wconf 82' lang='grc' dir='ltr'><strong>ἄθηλν</strong></span> 
     </span>
    </p>
   </div>
   <div class='ocr_carea' id='block_1_41' title="bbox 476 2437 2056 2524">
    <p class='ocr_par' dir='ltr' id='par_1_41' title="bbox 476 2437 2056 2524">
     <span class='ocr_line' id='line_1_41' title="bbox 476 2437 2056 2524; baseline 0.013 -33"><span class='ocrx_word' id='word_1_287' title='bbox 476 2437 616 2502; x_wconf 75' lang='grc' dir='ltr'><strong>ζῶόν</strong></span> <span class='ocrx_word' id='word_1_288' title='bbox 646 2442 782 2495; x_wconf 77' lang='grc' dir='ltr'><strong>ἐστι.</strong></span> <span class='ocrx_word' id='word_1_289' title='bbox 812 2443 1030 2516; x_wconf 83' lang='grc' dir='ltr'><strong>Σπείρει</strong></span> <span class='ocrx_word' id='word_1_290' title='bbox 1048 2445 1105 2499; x_wconf 72' lang='grc' dir='ltr'><strong>δὲ</strong></span> <span class='ocrx_word' id='word_1_291' title='bbox 1130 2448 1211 2511; x_wconf 83' lang='grc' dir='ltr'><strong>εἰς</strong></span> <span class='ocrx_word' id='word_1_292' title='bbox 1229 2448 1329 2518; x_wconf 80' lang='grc' dir='ltr'><strong>τὴν</strong></span> <span class='ocrx_word' id='word_1_293' title='bbox 1346 2452 1578 2522; x_wconf 82' lang='grc' dir='ltr'>σφαῖραν</span> <span class='ocrx_word' id='word_1_294' title='bbox 1601 2453 1666 2524; x_wconf 81' lang='grc' dir='ltr'><strong>ἢν</strong></span> <span class='ocrx_word' id='word_1_295' title='bbox 1683 2454 1853 2510; x_wconf 90' lang='grc' dir='ltr'><strong>κυλίει</strong></span> <span class='ocrx_word' id='word_1_296' title='bbox 1869 2473 1883 2488; x_wconf 88' lang='grc'><strong>·</strong></span> <span class='ocrx_word' id='word_1_297' title='bbox 1911 2437 2056 2513; x_wconf 81' lang='grc' dir='ltr'><strong>ὀκτὼ</strong></span> 
     </span>
    </p>
   </div>
   <div class='ocr_carea' id='block_1_42' title="bbox 475 2528 2055 2619">
    <p class='ocr_par' dir='ltr' id='par_1_42' title="bbox 475 2528 2055 2619">
     <span class='ocr_line' id='line_1_42' title="bbox 475 2528 2055 2619; baseline 0.013 -37"><span class='ocrx_word' id='word_1_298' title='bbox 475 2528 533 2582; x_wconf 79' lang='grc' dir='ltr'><strong>δὲ</strong></span> <span class='ocrx_word' id='word_1_299' title='bbox 597 2531 692 2584; x_wconf 81' lang='grc' dir='ltr'><strong>καὶ</strong></span> <span class='ocrx_word' id='word_1_300' title='bbox 740 2533 912 2587; x_wconf 83' lang='grc' dir='ltr'><strong>ετκοσι</strong></span> <span class='ocrx_word' id='word_1_301' title='bbox 946 2535 1169 2607; x_wconf 79' lang='grc' dir='ltr'><strong>ἡμερῶν</strong></span> <span class='ocrx_word' id='word_1_302' title='bbox 1227 2537 1383 2591; x_wconf 77' lang='grc' dir='ltr'><strong>τοῦτο</strong></span> <span class='ocrx_word' id='word_1_303' title='bbox 1431 2540 1659 2612; x_wconf 86' lang='grc' dir='ltr'><strong>δράσας,</strong></span> <span class='ocrx_word' id='word_1_304' title='bbox 1716 2547 1812 2599; x_wconf 61' lang='grc' dir='ltr'><strong>καί¹</strong></span> <span class='ocrx_word' id='word_1_305' title='bbox 1848 2547 2055 2619; x_wconf 77' lang='grc' dir='ltr'><strong>θάλψας</strong></span> 
     </span>
    </p>
   </div>
   <div class='ocr_carea' id='block_1_43' title="bbox 473 2618 2049 2705">
    <p class='ocr_par' dir='ltr' id='par_1_43' title="bbox 473 2618 2049 2705">
     <span class='ocr_line' id='line_1_43' title="bbox 473 2618 2049 2705; baseline 0.015 -31"><span class='ocrx_word' id='word_1_306' title='bbox 473 2622 666 2695; x_wconf 83' lang='grc' dir='ltr'><strong>αὐτὴν,</strong></span> <span class='ocrx_word' id='word_1_307' title='bbox 683 2618 799 2678; x_wconf 75' lang='grc' dir='ltr'><strong>εἷτα</strong></span> <span class='ocrx_word' id='word_1_308' title='bbox 820 2627 1001 2696; x_wconf 84' lang='grc' dir='ltr'><strong>μέντοι</strong></span> <span class='ocrx_word' id='word_1_309' title='bbox 1019 2631 1085 2699; x_wconf 80' lang='grc' dir='ltr'><strong>τῇ</strong></span> <span class='ocrx_word' id='word_1_310' title='bbox 1111 2629 1203 2682; x_wconf 79' lang='grc' dir='ltr'><strong>ἐπὶ</strong></span> <span class='ocrx_word' id='word_1_311' title='bbox 1224 2629 1447 2695; x_wconf 83' lang='grc' dir='ltr'><strong>ταύταις</strong></span> <span class='ocrx_word' id='word_1_312' title='bbox 1463 2635 1691 2705; x_wconf 79' lang='grc' dir='ltr'>προάγει</span> <span class='ocrx_word' id='word_1_313' title='bbox 1706 2637 1796 2692; x_wconf 87' lang='grc' dir='ltr'><strong>τὸν</strong></span> <span class='ocrx_word' id='word_1_314' title='bbox 1818 2618 2049 2700; x_wconf 81' lang='grc' dir='ltr'><strong>νεοττόν.</strong></span> 
     </span>
    </p>
   </div>
   <div class='ocr_carea' id='block_1_44' title="bbox 540 2713 2052 2788">
    <p class='ocr_par' dir='ltr' id='par_1_44' title="bbox 540 2713 2052 2788">
     <span class='ocr_line' id='line_1_44' title="bbox 540 2713 2052 2788; baseline 0.014 -21"><span class='ocrx_word' id='word_1_315' title='bbox 540 2713 703 2780; x_wconf 90' lang='lat' dir='ltr'><strong>lbid.,</strong></span> <span class='ocrx_word' id='word_1_316' title='bbox 729 2715 828 2772; x_wconf 90' lang='lat' dir='ltr'><strong>lin.</strong></span> <span class='ocrx_word' id='word_1_317' title='bbox 860 2715 950 2772; x_wconf 86' lang='lat'><strong>5|.</strong></span> <span class='ocrx_word' id='word_1_318' title='bbox 999 2719 1154 2772; x_wconf 79' lang='grc' dir='ltr'><strong>Φασὶ</strong></span> <span class='ocrx_word' id='word_1_319' title='bbox 1178 2719 1247 2773; x_wconf 82' lang='grc' dir='ltr'><strong>δὲ</strong></span> <span class='ocrx_word' id='word_1_320' title='bbox 1277 2722 1485 2780; x_wconf 83' lang='grc' dir='ltr'><strong>αὐτόν.</strong></span> <span class='ocrx_word' id='word_1_321' title='bbox 1520 2723 1683 2782; x_wconf 85' lang='lat' dir='ltr'><strong>Forte</strong></span> <span class='ocrx_word' id='word_1_322' title='bbox 1717 2727 1788 2784; x_wconf 82' lang='lat' dir='ltr'><strong>ad</strong></span> <span class='ocrx_word' id='word_1_323' title='bbox 1832 2731 1936 2787; x_wconf 88' lang='lat' dir='ltr'><strong>hoc</strong></span> <span class='ocrx_word' id='word_1_324' title='bbox 1965 2748 2052 2788; x_wconf 85' lang='lat' dir='ltr'><strong>re-</strong></span> 
     </span>
    </p>
   </div>
   <div class='ocr_carea' id='block_1_45' title="bbox 471 2805 2046 2894">
    <p class='ocr_par' dir='ltr' id='par_1_45' title="bbox 471 2805 2046 2894">
     <span class='ocr_line' id='line_1_45' title="bbox 471 2805 2046 2894; baseline 0.015 -37"><span class='ocrx_word' id='word_1_325' title='bbox 471 2805 650 2872; x_wconf 76' lang='lat' dir='ltr'><strong>spexit</strong></span> <span class='ocrx_word' id='word_1_326' title='bbox 689 2808 1037 2874; x_wconf 81' lang='lat' dir='ltr'><strong>Aristoteles,</strong></span> <span class='ocrx_word' id='word_1_327' title='bbox 1088 2810 1167 2865; x_wconf 89' lang='lat' dir='ltr'><strong>De</strong></span> <span class='ocrx_word' id='word_1_328' title='bbox 1211 2812 1337 2867; x_wconf 84' lang='lat' dir='ltr'><strong>hist.</strong></span> <span class='ocrx_word' id='word_1_329' title='bbox 1380 2816 1550 2871; x_wconf 71' lang='lat' dir='ltr'><strong>anim.</strong></span> <span class='ocrx_word' id='word_1_330' title='bbox 1584 2818 1681 2875; x_wconf 90' lang='lat' dir='ltr'><strong>lib.</strong></span> <span class='ocrx_word' id='word_1_331' title='bbox 1725 2837 1778 2887; x_wconf 90' lang='lat' dir='ltr'><strong>v,</strong></span> <span class='ocrx_word' id='word_1_332' title='bbox 1806 2837 1928 2894; x_wconf 89' lang='lat' dir='ltr'><strong>cap.</strong></span> <span class='ocrx_word' id='word_1_333' title='bbox 1957 2824 2046 2891; x_wconf 81' lang='lat' dir='ltr'><strong>l9,</strong></span> 
     </span>
    </p>
   </div>
   <div class='ocr_carea' id='block_1_46' title="bbox 471 2892 2048 2976">
    <p class='ocr_par' dir='ltr' id='par_1_46' title="bbox 471 2892 2048 2976">
     <span class='ocr_line' id='line_1_46' title="bbox 471 2892 2048 2976; baseline 0.013 -27"><span class='ocrx_word' id='word_1_334' title='bbox 471 2892 744 2951; x_wconf 64' lang='grc' dir='ltr'><strong>ὅσοι·αὸΨί</strong></span> <span class='ocrx_word' id='word_1_335' title='bbox 772 2900 1014 2969; x_wconf 85' lang='lat' dir='ltr'><strong>pilularii</strong></span> <span class='ocrx_word' id='word_1_336' title='bbox 1049 2903 1105 2956; x_wconf 89' lang='lat' dir='ltr'><strong>in</strong></span> <span class='ocrx_word' id='word_1_337' title='bbox 1131 2904 1257 2972; x_wconf 80' lang='lat' dir='ltr'><strong>ﬁmo</strong></span> <span class='ocrx_word' id='word_1_338' title='bbox 1295 2921 1448 2976; x_wconf 84' lang='lat' dir='ltr'><strong>quem</strong></span> <span class='ocrx_word' id='word_1_339' title='bbox 1495 2908 1704 2964; x_wconf 78' lang='lat' dir='ltr'><strong>volvunt</strong></span> <span class='ocrx_word' id='word_1_340' title='bbox 1746 2892 2048 2971; x_wconf 73' lang='lat' dir='ltr'><strong>conduntur</strong></span> 
     </span>
    </p>
   </div>
   <div class='ocr_carea' id='block_1_47' title="bbox 466 2990 2047 3079">
    <p class='ocr_par' dir='ltr' id='par_1_47' title="bbox 466 2990 2047 3079">
     <span class='ocr_line' id='line_1_47' title="bbox 466 2990 2047 3079; baseline 0.014 -39"><span class='ocrx_word' id='word_1_341' title='bbox 466 3005 560 3057; x_wconf 80' lang='lat' dir='ltr'><strong>per</strong></span> <span class='ocrx_word' id='word_1_342' title='bbox 597 2990 816 3046; x_wconf 83' lang='lat' dir='ltr'><strong>hiemem</strong></span> <span class='ocrx_word' id='word_1_343' title='bbox 860 3008 1147 3066; x_wconf 82' lang='lat' dir='ltr'><strong>parvosque</strong></span> <span class='ocrx_word' id='word_1_344' title='bbox 1193 2997 1504 3053; x_wconf 79' lang='lat' dir='ltr'><strong>vermiculos</strong></span> <span class='ocrx_word' id='word_1_345' title='bbox 1544 3004 1787 3071; x_wconf 86' lang='lat' dir='ltr'><strong>pariunt,</strong></span> <span class='ocrx_word' id='word_1_346' title='bbox 1834 3022 1901 3061; x_wconf 77' lang='lat' dir='ltr'><strong>ea:</strong></span> <span class='ocrx_word' id='word_1_347' title='bbox 1927 3008 2047 3079; x_wconf 76' lang='lat' dir='ltr'><strong>qui-</strong></span> 
     </span>
    </p>
   </div>
   <div class='ocr_carea' id='block_1_48' title="bbox 466 3082 1080 3154">
    <p class='ocr_par' dir='ltr' id='par_1_48' title="bbox 466 3082 1080 3154">
     <span class='ocr_line' id='line_1_48' title="bbox 466 3082 1080 3154; baseline 0.01 -19"><span class='ocrx_word' id='word_1_348' title='bbox 466 3082 564 3135; x_wconf 70' lang='lat' dir='ltr'><strong>bus</strong></span> <span class='ocrx_word' id='word_1_349' title='bbox 594 3082 696 3150; x_wconf 83' lang='lat' dir='ltr'><strong>ipsi</strong></span> <span class='ocrx_word' id='word_1_350' title='bbox 716 3100 1080 3154; x_wconf 78' lang='lat' dir='ltr'><strong>procreantur.</strong></span> 
     </span>
    </p>
   </div>
   <div class='ocr_carea' id='block_1_49' title="bbox 2163 2002 3732 2095">
    <p class='ocr_par' dir='ltr' id='par_1_49' title="bbox 2163 2002 3732 2095">
     <span class='ocr_line' id='line_1_49' title="bbox 2163 2002 3732 2095; baseline 0.017 -40"><span class='ocrx_word' id='word_1_351' title='bbox 2163 2002 2319 2057; x_wconf 84' lang='grc' dir='ltr'><strong>κοῢσι</strong></span> <span class='ocrx_word' id='word_1_352' title='bbox 2347 2010 2466 2077; x_wconf 80' lang='grc' dir='ltr'><strong>μετ’</strong></span> <span class='ocrx_word' id='word_1_353' title='bbox 2491 2009 2736 2080; x_wconf 82' lang='grc' dir='ltr'><strong>ἀλλήλων</strong></span> <span class='ocrx_word' id='word_1_354' title='bbox 2771 2013 3027 2079; x_wconf 81' lang='grc' dir='ltr'><strong>εὐκόλως,</strong></span> <span class='ocrx_word' id='word_1_355' title='bbox 3060 2014 3292 2082; x_wconf 83' lang='grc' dir='ltr'><strong>ὅπως’δὲ</strong></span> <span class='ocrx_word' id='word_1_356' title='bbox 3330 2002 3554 2091; x_wconf 80' lang='grc' dir='ltr'><strong>ἐξίασιν,</strong></span> <span class='ocrx_word' id='word_1_357' title='bbox 3583 2029 3732 2095; x_wconf 82' lang='grc' dir='ltr'><strong>ὅπως</strong></span> 
     </span>
    </p>
   </div>
   <div class='ocr_carea' id='block_1_50' title="bbox 2159 2095 3731 2191">
    <p class='ocr_par' dir='ltr' id='par_1_50' title="bbox 2159 2095 3731 2191">
     <span class='ocr_line' id='line_1_50' title="bbox 2159 2095 3731 2191; baseline 0.017 -43"><span class='ocrx_word' id='word_1_358' title='bbox 2159 2095 2215 2148; x_wconf 83' lang='grc' dir='ltr'><strong>δὲ</strong></span> <span class='ocrx_word' id='word_1_359' title='bbox 2237 2097 2305 2150; x_wconf 72' lang='grc' dir='ltr'><strong>τὰ</strong></span> <span class='ocrx_word' id='word_1_360' title='bbox 2334 2097 2473 2170; x_wconf 85' lang='grc' dir='ltr'><strong>βάρη</strong></span> <span class='ocrx_word' id='word_1_361' title='bbox 2501 2102 3024 2174; x_wconf 86' lang='grc' dir='ltr'><strong>μεταλαμϐάνουσιν,</strong></span> <span class='ocrx_word' id='word_1_362' title='bbox 3053 2109 3201 2174; x_wconf 80' lang='grc' dir='ltr'><strong>ὅπως</strong></span> <span class='ocrx_word' id='word_1_363' title='bbox 3228 2111 3285 2164; x_wconf 86' lang='grc' dir='ltr'><strong>δὲ</strong></span> <span class='ocrx_word' id='word_1_364' title='bbox 3311 2119 3731 2191; x_wconf 85' lang='grc' dir='ltr'><strong>παραχωροῦσιν</strong></span> 
     </span>
    </p>
   </div>
   <div class='ocr_carea' id='block_1_51' title="bbox 2158 2187 3730 2267">
    <p class='ocr_par' dir='ltr' id='par_1_51' title="bbox 2158 2187 3730 2267">
     <span class='ocr_line' id='line_1_51' title="bbox 2158 2187 3730 2267; baseline 0.018 -28"><span class='ocrx_word' id='word_1_365' title='bbox 2158 2187 2408 2259; x_wconf 82' lang='grc' dir='ltr'><strong>ἀλλήλοις</strong></span> <span class='ocrx_word' id='word_1_366' title='bbox 2443 2191 2553 2245; x_wconf 83' lang='grc' dir='ltr'><strong>τῶν</strong></span> <span class='ocrx_word' id='word_1_367' title='bbox 2588 2192 2739 2247; x_wconf 78' lang='grc' dir='ltr'><strong>ὁδῶν.</strong></span> <span class='ocrx_word' id='word_1_368' title='bbox 2778 2193 2851 2250; x_wconf 88' lang='lat' dir='ltr'><strong>De</strong></span> <span class='ocrx_word' id='word_1_369' title='bbox 2890 2196 3241 2257; x_wconf 87' lang='lat' dir='ltr'><strong>formicarum</strong></span> <span class='ocrx_word' id='word_1_370' title='bbox 3273 2204 3328 2258; x_wconf 86' lang='lat' dir='ltr'><strong>in</strong></span> <span class='ocrx_word' id='word_1_371' title='bbox 3368 2187 3561 2265; x_wconf 79' lang='lat' dir='ltr'><strong>labore</strong></span> <span class='ocrx_word' id='word_1_372' title='bbox 3592 2214 3730 2267; x_wconf 87' lang='lat' dir='ltr'><strong>assi-</strong></span> 
     </span>
    </p>
   </div>
   <div class='ocr_carea' id='block_1_52' title="bbox 2157 2279 3725 2366">
    <p class='ocr_par' dir='ltr' id='par_1_52' title="bbox 2157 2279 3725 2366">
     <span class='ocr_line' id='line_1_52' title="bbox 2157 2279 3725 2366; baseline 0.016 -33"><span class='ocrx_word' id='word_1_373' title='bbox 2157 2279 2366 2338; x_wconf 87' lang='lat' dir='ltr'><strong>duitate</strong></span> <span class='ocrx_word' id='word_1_374' title='bbox 2383 2297 2491 2337; x_wconf 88' lang='lat' dir='ltr'><strong>non</strong></span> <span class='ocrx_word' id='word_1_375' title='bbox 2508 2283 2802 2354; x_wconf 88' lang='lat' dir='ltr'><strong>injucunda</strong></span> <span class='ocrx_word' id='word_1_376' title='bbox 2819 2297 2903 2342; x_wconf 87' lang='lat' dir='ltr'><strong>est</strong></span> <span class='ocrx_word' id='word_1_377' title='bbox 2917 2289 3210 2359; x_wconf 87' lang='lat' dir='ltr'><strong>Aphthonii</strong></span> <span class='ocrx_word' id='word_1_378' title='bbox 3229 2296 3487 2366; x_wconf 66' lang='lat' dir='ltr'><strong>sophista</strong></span> <span class='ocrx_word' id='word_1_379' title='bbox 3511 2300 3725 2358; x_wconf 85' lang='lat' dir='ltr'><strong>fabella.</strong></span> 
     </span>
    </p>
   </div>
   <div class='ocr_carea' id='block_1_53' title="bbox 2226 2371 3729 2455">
    <p class='ocr_par' dir='ltr' id='par_1_53' title="bbox 2226 2371 3729 2455">
     <span class='ocr_line' id='line_1_53' title="bbox 2226 2371 3729 2455; baseline 0.016 -29"><span class='ocrx_word' id='word_1_380' title='bbox 2226 2371 2388 2441; x_wconf 86' lang='lat' dir='ltr'><strong>lbid.,</strong></span> <span class='ocrx_word' id='word_1_381' title='bbox 2433 2375 2528 2431; x_wconf 92' lang='lat' dir='ltr'><strong>lin.</strong></span> <span class='ocrx_word' id='word_1_382' title='bbox 2567 2377 2658 2433; x_wconf 71' lang='lat'><strong>45.</strong></span> <span class='ocrx_word' id='word_1_383' title='bbox 2697 2378 2936 2434; x_wconf 75' lang='grc' dir='ltr'><strong>Βδέλλα</strong></span> <span class='ocrx_word' id='word_1_384' title='bbox 2970 2387 3423 2455; x_wconf 66' lang='grc' dir='ltr'><strong>σκωληκοειόές.</strong></span> <span class='ocrx_word' id='word_1_385' title='bbox 3466 2390 3541 2449; x_wconf 90' lang='lat' dir='ltr'><strong>De</strong></span> <span class='ocrx_word' id='word_1_386' title='bbox 3573 2394 3729 2450; x_wconf 75' lang='lat' dir='ltr'><strong>hiru-</strong></span> 
     </span>
    </p>
   </div>
   <div class='ocr_carea' id='block_1_54' title="bbox 2154 2464 3726 2558">
    <p class='ocr_par' dir='ltr' id='par_1_54' title="bbox 2154 2464 3726 2558">
     <span class='ocr_line' id='line_1_54' title="bbox 2154 2464 3726 2558; baseline 0.017 -40"><span class='ocrx_word' id='word_1_387' title='bbox 2154 2464 2376 2522; x_wconf 89' lang='lat' dir='ltr'><strong>dinibus</strong></span> <span class='ocrx_word' id='word_1_388' title='bbox 2418 2466 2788 2537; x_wconf 85' lang='lat' dir='ltr'><strong>Dioscorides,</strong></span> <span class='ocrx_word' id='word_1_389' title='bbox 2830 2473 2924 2528; x_wconf 87' lang='lat' dir='ltr'><strong>lib.</strong></span> <span class='ocrx_word' id='word_1_390' title='bbox 2971 2490 3048 2540; x_wconf 83' lang='lat' dir='ltr'><strong>vt,</strong></span> <span class='ocrx_word' id='word_1_391' title='bbox 3081 2491 3202 2548; x_wconf 85' lang='lat' dir='ltr'><strong>cap.</strong></span> <span class='ocrx_word' id='word_1_392' title='bbox 3243 2478 3334 2545; x_wconf 74' lang='lat'><strong>52,</strong></span> <span class='ocrx_word' id='word_1_393' title='bbox 3364 2490 3419 2537; x_wconf 86' lang='lat' dir='ltr'><strong>et</strong></span> <span class='ocrx_word' id='word_1_394' title='bbox 3453 2483 3726 2558; x_wconf 80' lang='lat' dir='ltr'><strong>Apsyrtus</strong></span> 
     </span>
    </p>
   </div>
   <div class='ocr_carea' id='block_1_55' title="bbox 2153 2558 3116 2632">
    <p class='ocr_par' dir='ltr' id='par_1_55' title="bbox 2153 2558 3116 2632">
     <span class='ocr_line' id='line_1_55' title="bbox 2153 2558 3116 2632; baseline 0.016 -22"><span class='ocrx_word' id='word_1_395' title='bbox 2153 2558 2293 2627; x_wconf 88' lang='lat' dir='ltr'><strong>apud</strong></span> <span class='ocrx_word' id='word_1_396' title='bbox 2324 2559 2539 2616; x_wconf 88' lang='lat' dir='ltr'><strong>collect.</strong></span> <span class='ocrx_word' id='word_1_397' title='bbox 2570 2560 2851 2632; x_wconf 84' lang='lat' dir='ltr'><strong>Geaponic.</strong></span> <span class='ocrx_word' id='word_1_398' title='bbox 2877 2565 2969 2620; x_wconf 88' lang='lat' dir='ltr'><strong>lib.</strong></span> <span class='ocrx_word' id='word_1_399' title='bbox 3006 2583 3116 2625; x_wconf 79' lang='lat' dir='ltr'><strong>xvt.</strong></span> 
     </span>
    </p>
   </div>
   <div class='ocr_carea' id='block_1_56' title="bbox 2219 2647 3721 2743">
    <p class='ocr_par' dir='ltr' id='par_1_56' title="bbox 2219 2647 3721 2743">
     <span class='ocr_line' id='line_1_56' title="bbox 2219 2647 3721 2743; baseline 0.015 -41"><span class='ocrx_word' id='word_1_400' title='bbox 2219 2647 2379 2714; x_wconf 89' lang='lat' dir='ltr'><strong>lbid.,</strong></span> <span class='ocrx_word' id='word_1_401' title='bbox 2411 2650 2507 2707; x_wconf 90' lang='lat' dir='ltr'><strong>lin.</strong></span> <span class='ocrx_word' id='word_1_402' title='bbox 2538 2652 2628 2706; x_wconf 75' lang='grc'><strong>54.</strong></span> <span class='ocrx_word' id='word_1_403' title='bbox 2671 2653 2793 2708; x_wconf 85' lang='grc' dir='ltr'><strong>Τῶν</strong></span> <span class='ocrx_word' id='word_1_404' title='bbox 2822 2655 2891 2709; x_wconf 85' lang='grc' dir='ltr'><strong>δὲ</strong></span> <span class='ocrx_word' id='word_1_405' title='bbox 2916 2657 3108 2727; x_wconf 75' lang='grc' dir='ltr'><strong>ὄφεων</strong></span> <span class='ocrx_word' id='word_1_406' title='bbox 3138 2661 3235 2715; x_wconf 72' lang='grc' dir='ltr'><strong>καί</strong></span> <span class='ocrx_word' id='word_1_407' title='bbox 3267 2663 3403 2721; x_wconf 82' lang='grc' dir='ltr'><strong>τῶν.</strong></span> <span class='ocrx_word' id='word_1_408' title='bbox 3435 2666 3721 2743; x_wconf 83' lang='lat' dir='ltr'><strong>Theophy-</strong></span> 
     </span>
    </p>
   </div>
   <div class='ocr_carea' id='block_1_57' title="bbox 2148 2737 3717 2832">
    <p class='ocr_par' dir='ltr' id='par_1_57' title="bbox 2148 2737 3717 2832">
     <span class='ocr_line' id='line_1_57' title="bbox 2148 2737 3717 2832; baseline 0.017 -41"><span class='ocrx_word' id='word_1_409' title='bbox 2148 2737 2325 2795; x_wconf 87' lang='lat' dir='ltr'><strong>lactus</strong></span> <span class='ocrx_word' id='word_1_410' title='bbox 2358 2737 2668 2797; x_wconf 87' lang='lat' dir='ltr'><strong>Simocatus</strong></span> <span class='ocrx_word' id='word_1_411' title='bbox 2694 2743 2749 2798; x_wconf 93' lang='lat' dir='ltr'><strong>in</strong></span> <span class='ocrx_word' id='word_1_412' title='bbox 2785 2744 2989 2811; x_wconf 78' lang='lat' dir='ltr'><strong>Quam.</strong></span> <span class='ocrx_word' id='word_1_413' title='bbox 3023 2754 3378 2824; x_wconf 83' lang='lat' dir='ltr'><strong>naturalibus,</strong></span> <span class='ocrx_word' id='word_1_414' title='bbox 3409 2737 3603 2824; x_wconf 61' lang='lat' dir='ltr'><strong>quaest.</strong></span> <span class='ocrx_word' id='word_1_415' title='bbox 3627 2737 3717 2832; x_wconf 49' lang='grc'><strong>11,</strong></span> 
     </span>
    </p>
   </div>
   <div class='ocr_carea' id='block_1_58' title="bbox 2146 2829 3717 2921">
    <p class='ocr_par' dir='ltr' id='par_1_58' title="bbox 2146 2829 3717 2921">
     <span class='ocr_line' id='line_1_58' title="bbox 2146 2829 3717 2921; baseline 0.016 -38"><span class='ocrx_word' id='word_1_416' title='bbox 2146 2829 2214 2885; x_wconf 90' lang='lat' dir='ltr'><strong>de</strong></span> <span class='ocrx_word' id='word_1_417' title='bbox 2246 2831 2409 2895; x_wconf 87' lang='lat' dir='ltr'><strong>ibide,</strong></span> <span class='ocrx_word' id='word_1_418' title='bbox 2442 2833 2664 2886; x_wconf 82' lang='grc' dir='ltr'><strong>’Ἡδεται</strong></span> <span class='ocrx_word' id='word_1_419' title='bbox 2687 2836 2838 2889; x_wconf 79' lang='grc' dir='ltr'><strong>τουτὶ</strong></span> <span class='ocrx_word' id='word_1_420' title='bbox 2857 2838 2919 2892; x_wconf 83' lang='grc' dir='ltr'><strong>τὸ</strong></span> <span class='ocrx_word' id='word_1_421' title='bbox 2944 2839 3129 2911; x_wconf 78' lang='grc' dir='ltr'><strong>ὄρνεον</strong></span> <span class='ocrx_word' id='word_1_422' title='bbox 3154 2845 3276 2900; x_wconf 85' lang='grc' dir='ltr'><strong>τινὰ</strong></span> <span class='ocrx_word' id='word_1_423' title='bbox 3300 2847 3505 2921; x_wconf 83' lang='grc' dir='ltr'><strong>δυσώδη</strong></span> <span class='ocrx_word' id='word_1_424' title='bbox 3539 2829 3717 2908; x_wconf 51' lang='grc' dir='ltr'><strong>σιτούέ</strong></span> 
     </span>
    </p>
   </div>
   <div class='ocr_carea' id='block_1_59' title="bbox 2148 2922 3714 3015">
    <p class='ocr_par' dir='ltr' id='par_1_59' title="bbox 2148 2922 3714 3015">
     <span class='ocr_line' id='line_1_59' title="bbox 2148 2922 3714 3015; baseline 0.019 -44"><span class='ocrx_word' id='word_1_425' title='bbox 2148 2938 2306 2991; x_wconf 88' lang='grc' dir='ltr'><strong>μενον</strong></span> <span class='ocrx_word' id='word_1_426' title='bbox 2328 2938 2339 2950; x_wconf 89' lang='grc'><strong>·</strong></span> <span class='ocrx_word' id='word_1_427' title='bbox 2358 2922 2535 2994; x_wconf 80' lang='grc' dir='ltr'><strong>χαίρει</strong></span> <span class='ocrx_word' id='word_1_428' title='bbox 2559 2924 2615 2979; x_wconf 84' lang='grc' dir='ltr'><strong>δὲ</strong></span> <span class='ocrx_word' id='word_1_429' title='bbox 2640 2926 2873 2997; x_wconf 85' lang='grc' dir='ltr'><strong>μάλιστα</strong></span> <span class='ocrx_word' id='word_1_430' title='bbox 2890 2932 2982 2985; x_wconf 74' lang='grc' dir='ltr'><strong>καὶ</strong></span> <span class='ocrx_word' id='word_1_431' title='bbox 2995 2936 3116 2997; x_wconf 83' lang='grc' dir='ltr'><strong>ταῖς</strong></span> <span class='ocrx_word' id='word_1_432' title='bbox 3138 2935 3246 2988; x_wconf 88' lang='grc' dir='ltr'><strong>τῶν</strong></span> <span class='ocrx_word' id='word_1_433' title='bbox 3264 2938 3483 2995; x_wconf 71' lang='grc' dir='ltr'><strong>ἰοϐόλων</strong></span> <span class='ocrx_word' id='word_1_434' title='bbox 3498 2944 3714 3015; x_wconf 73' lang='grc' dir='ltr'><strong>ἄγραις,</strong></span> 
     </span>
    </p>
   </div>
   <div class='ocr_carea' id='block_1_60' title="bbox 2143 3012 3718 3098">
    <p class='ocr_par' dir='ltr' id='par_1_60' title="bbox 2143 3012 3718 3098">
     <span class='ocr_line' id='line_1_60' title="bbox 2143 3012 3718 3098; baseline 0.018 -35"><span class='ocrx_word' id='word_1_435' title='bbox 2143 3012 2586 3085; x_wconf 83' lang='grc' dir='ltr'><strong>πολυϐορώτατον</strong></span> <span class='ocrx_word' id='word_1_436' title='bbox 2610 3017 2689 3072; x_wconf 77' lang='grc' dir='ltr'><strong>ὅν.</strong></span> <span class='ocrx_word' id='word_1_437' title='bbox 2736 3020 2894 3075; x_wconf 78' lang='grc' dir='ltr'><strong>Ἀλλὰ</strong></span> <span class='ocrx_word' id='word_1_438' title='bbox 2922 3024 3015 3077; x_wconf 75' lang='grc' dir='ltr'><strong>καὶ</strong></span> <span class='ocrx_word' id='word_1_439' title='bbox 3051 3028 3160 3090; x_wconf 77' lang='grc' dir='ltr'><strong>τοῖς</strong></span> <span class='ocrx_word' id='word_1_440' title='bbox 3180 3027 3368 3098; x_wconf 75' lang='grc' dir='ltr'><strong>ὄφεσιν</strong></span> <span class='ocrx_word' id='word_1_441' title='bbox 3400 3032 3526 3097; x_wconf 84' lang='grc' dir='ltr'><strong>τϐις,</strong></span> <span class='ocrx_word' id='word_1_442' title='bbox 3556 3012 3718 3091; x_wconf 81' lang='grc' dir='ltr'><strong>καθά-</strong></span> 
     </span>
    </p>
   </div>
   <div class='ocr_carea' id='block_1_61' title="bbox 2144 3102 3715 3191">
    <p class='ocr_par' dir='ltr' id='par_1_61' title="bbox 2144 3102 3715 3191">
     <span class='ocr_line' id='line_1_61' title="bbox 2144 3102 3715 3191; baseline 0.018 -40"><span class='ocrx_word' id='word_1_443' title='bbox 2144 3118 2249 3173; x_wconf 89' lang='grc' dir='ltr'><strong>περ</strong></span> <span class='ocrx_word' id='word_1_444' title='bbox 2287 3104 2315 3155; x_wconf 85' lang='grc'>6</span> <span class='ocrx_word' id='word_1_445' title='bbox 2357 3102 2687 3173; x_wconf 79' lang='grc' dir='ltr'><strong>βασιλίσκος,</strong></span> <span class='ocrx_word' id='word_1_446' title='bbox 2731 3109 3009 3181; x_wconf 84' lang='grc' dir='ltr'><strong>πολέμιον.</strong></span> <span class='ocrx_word' id='word_1_447' title='bbox 3058 3114 3150 3169; x_wconf 87' lang='grc' dir='ltr'><strong>Διὸ</strong></span> <span class='ocrx_word' id='word_1_448' title='bbox 3201 3120 3295 3171; x_wconf 80' lang='grc' dir='ltr'><strong>καὶ</strong></span> <span class='ocrx_word' id='word_1_449' title='bbox 3346 3122 3518 3191; x_wconf 83' lang='grc' dir='ltr'><strong>πτερὰ</strong></span> <span class='ocrx_word' id='word_1_450' title='bbox 3555 3124 3715 3179; x_wconf 74' lang='grc' dir='ltr'><strong>ἴϐεων</strong></span> 
     </span>
    </p>
   </div>
   <div class='ocr_carea' id='block_1_62' title="bbox 532 3193 2042 3287">
    <p class='ocr_par' dir='ltr' id='par_1_62' title="bbox 532 3194 2040 3271">
     <span class='ocr_line' id='line_1_62' title="bbox 532 3194 2040 3271; baseline 0.01 -23"><span class='ocrx_word' id='word_1_451' title='bbox 532 3194 693 3260; x_wconf 89' lang='lat' dir='ltr'><strong>lbid.,</strong></span> <span class='ocrx_word' id='word_1_452' title='bbox 728 3197 825 3251; x_wconf 91' lang='lat' dir='ltr'><strong>lin.</strong></span> <span class='ocrx_word' id='word_1_453' title='bbox 853 3196 942 3253; x_wconf 77' lang='lat'><strong>52.</strong></span> <span class='ocrx_word' id='word_1_454' title='bbox 978 3199 1061 3252; x_wconf 83' lang='grc' dir='ltr'><strong>οὐ</strong></span> <span class='ocrx_word' id='word_1_455' title='bbox 1103 3199 1214 3269; x_wconf 73' lang='grc' dir='ltr'><strong>γὰρ</strong></span> <span class='ocrx_word' id='word_1_456' title='bbox 1238 3196 1430 3269; x_wconf 69' lang='grc' dir='ltr'><strong>θῆλυς</strong></span> <span class='ocrx_word' id='word_1_457' title='bbox 1457 3200 1638 3270; x_wconf 59' lang='lat' dir='ltr'><strong>map.</strong></span> <span class='ocrx_word' id='word_1_458' title='bbox 1673 3203 1874 3271; x_wconf 78' lang='lat' dir='ltr'><strong>Hortis,</strong></span> <span class='ocrx_word' id='word_1_459' title='bbox 1920 3207 2040 3263; x_wconf 91' lang='lat' dir='ltr'><strong>loco</strong></span> 
     </span>
    </p>
   </div>
   <div class='ocr_carea' id='block_1_63' title="bbox 2144 3193 3714 3287">
    <p class='ocr_par' dir='ltr' id='par_1_63' title="bbox 2144 3193 3714 3282">
     <span class='ocr_line' id='line_1_63' title="bbox 2144 3193 3714 3282; baseline 0.017 -37"><span class='ocrx_word' id='word_1_460' title='bbox 2144 3193 2379 3265; x_wconf 81' lang='grc' dir='ltr'><strong>πολέμια</strong></span> <span class='ocrx_word' id='word_1_461' title='bbox 2419 3195 2625 3265; x_wconf 79' lang='grc' dir='ltr'><strong>ὄφεσιν.</strong></span> <span class='ocrx_word' id='word_1_462' title='bbox 2675 3200 3022 3272; x_wconf 84' lang='grc' dir='ltr'><strong>Ἐμφορεῖται</strong></span> <span class='ocrx_word' id='word_1_463' title='bbox 3046 3204 3102 3258; x_wconf 83' lang='grc' dir='ltr'><strong>δὲ</strong></span> <span class='ocrx_word' id='word_1_464' title='bbox 3150 3208 3368 3280; x_wconf 81' lang='grc' dir='ltr'><strong>σαρκῶν</strong></span> <span class='ocrx_word' id='word_1_465' title='bbox 3398 3211 3572 3282; x_wconf 69' lang='grc' dir='ltr'><strong>δρεων</strong></span> <span class='ocrx_word' id='word_1_466' title='bbox 3618 3217 3714 3271; x_wconf 71' lang='grc' dir='ltr'><strong>καὶ</strong></span> 
     </span>
    </p>
   </div>
   <div class='ocr_carea' id='block_1_64' title="bbox 463 3287 2036 3371">
    <p class='ocr_par' dir='ltr' id='par_1_64' title="bbox 463 3287 2036 3371">
     <span class='ocr_line' id='line_1_64' title="bbox 463 3287 2036 3371; baseline 0.008 -31"><span class='ocrx_word' id='word_1_467' title='bbox 463 3287 630 3343; x_wconf 89' lang='lat' dir='ltr'><strong>citato</strong></span> <span class='ocrx_word' id='word_1_468' title='bbox 660 3287 734 3343; x_wconf 87' lang='lat' dir='ltr'><strong>De</strong></span> <span class='ocrx_word' id='word_1_469' title='bbox 778 3288 901 3343; x_wconf 82' lang='lat' dir='ltr'><strong>hist.</strong></span> <span class='ocrx_word' id='word_1_470' title='bbox 935 3289 1096 3344; x_wconf 86' lang='lat' dir='ltr'><strong>anim.</strong></span> <span class='ocrx_word' id='word_1_471' title='bbox 1133 3289 1228 3345; x_wconf 90' lang='lat' dir='ltr'><strong>lib.</strong></span> <span class='ocrx_word' id='word_1_472' title='bbox 1266 3307 1322 3356; x_wconf 71' lang='grc' dir='ltr'><strong>ι,</strong></span> <span class='ocrx_word' id='word_1_473' title='bbox 1366 3306 1488 3364; x_wconf 90' lang='lat' dir='ltr'><strong>cap.</strong></span> <span class='ocrx_word' id='word_1_474' title='bbox 1522 3294 1611 3360; x_wconf 76' lang='grc'><strong>15,</strong></span> <span class='ocrx_word' id='word_1_475' title='bbox 1653 3297 1844 3352; x_wconf 90' lang='lat' dir='ltr'><strong>scribit</strong></span> <span class='ocrx_word' id='word_1_476' title='bbox 1867 3298 2036 3371; x_wconf 65' lang='lat' dir='ltr'><strong>Egy-</strong></span> 
     </span>
    </p>
   </div>
   <div class='ocr_carea' id='block_1_65' title="bbox 461 3379 2032 3455">
    <p class='ocr_par' dir='ltr' id='par_1_65' title="bbox 461 3379 2032 3455">
     <span class='ocr_line' id='line_1_65' title="bbox 461 3379 2032 3455; baseline 0.009 -23"><span class='ocrx_word' id='word_1_477' title='bbox 461 3380 698 3449; x_wconf 90' lang='lat' dir='ltr'><strong>ptiorum</strong></span> <span class='ocrx_word' id='word_1_478' title='bbox 715 3379 1006 3436; x_wconf 81' lang='lat' dir='ltr'><strong>bellatores</strong></span> <span class='ocrx_word' id='word_1_479' title='bbox 1023 3382 1077 3437; x_wconf 90' lang='lat' dir='ltr'><strong>in</strong></span> <span class='ocrx_word' id='word_1_480' title='bbox 1108 3383 1325 3438; x_wconf 88' lang='lat' dir='ltr'><strong>aunulis</strong></span> <span class='ocrx_word' id='word_1_481' title='bbox 1348 3383 1680 3455; x_wconf 89' lang='lat' dir='ltr'><strong>insculptum</strong></span> <span class='ocrx_word' id='word_1_482' title='bbox 1699 3390 2032 3446; x_wconf 72' lang='lat' dir='ltr'><strong>scarabaeum</strong></span> 
     </span>
    </p>
   </div>
   <div class='ocr_carea' id='block_1_66' title="bbox 458 3473 2033 3553">
    <p class='ocr_par' dir='ltr' id='par_1_66' title="bbox 458 3473 2033 3553">
     <span class='ocr_line' id='line_1_66' title="bbox 458 3473 2033 3553; baseline 0.008 -27"><span class='ocrx_word' id='word_1_483' title='bbox 458 3478 706 3542; x_wconf 77' lang='lat' dir='ltr'><strong>gestasse</strong></span> <span class='ocrx_word' id='word_1_484' title='bbox 735 3473 802 3528; x_wconf 86' lang='lat' dir='ltr'><strong>ad</strong></span> <span class='ocrx_word' id='word_1_485' title='bbox 837 3473 1257 3545; x_wconf 80' lang='lat' dir='ltr'><strong>signiﬁcandum</strong></span> <span class='ocrx_word' id='word_1_486' title='bbox 1286 3476 1420 3533; x_wconf 81' lang='lat' dir='ltr'><strong>solis</strong></span> <span class='ocrx_word' id='word_1_487' title='bbox 1454 3478 1701 3536; x_wconf 88' lang='lat' dir='ltr'><strong>maribus</strong></span> <span class='ocrx_word' id='word_1_488' title='bbox 1730 3496 1828 3550; x_wconf 90' lang='lat' dir='ltr'><strong>pro</strong></span> <span class='ocrx_word' id='word_1_489' title='bbox 1858 3485 2033 3553; x_wconf 91' lang='lat' dir='ltr'><strong>patria</strong></span> 
     </span>
    </p>
   </div>
   <div class='ocr_carea' id='block_1_67' title="bbox 457 3565 2034 3636">
    <p class='ocr_par' dir='ltr' id='par_1_67' title="bbox 457 3565 2034 3636">
     <span class='ocr_line' id='line_1_67' title="bbox 457 3565 2034 3636; baseline 0.008 -17"><span class='ocrx_word' id='word_1_490' title='bbox 457 3579 580 3620; x_wconf 89' lang='lat' dir='ltr'><strong>esse</strong></span> <span class='ocrx_word' id='word_1_491' title='bbox 611 3565 943 3629; x_wconf 89' lang='lat' dir='ltr'><strong>bellandum,</strong></span> <span class='ocrx_word' id='word_1_492' title='bbox 967 3565 1115 3636; x_wconf 89' lang='lat' dir='ltr'><strong>quod</strong></span> <span class='ocrx_word' id='word_1_493' title='bbox 1158 3568 1470 3625; x_wconf 65' lang='lat' dir='ltr'><strong>scarabaeus</strong></span> <span class='ocrx_word' id='word_1_494' title='bbox 1513 3579 1667 3628; x_wconf 84' lang='lat' dir='ltr'><strong>caret</strong></span> <span class='ocrx_word' id='word_1_495' title='bbox 1700 3572 1917 3631; x_wconf 89' lang='lat' dir='ltr'><strong>femina.</strong></span> <span class='ocrx_word' id='word_1_496' title='bbox 1941 3579 2034 3630; x_wconf 81' lang='lat' dir='ltr'><strong>At-</strong></span> 
     </span>
    </p>
   </div>
   <div class='ocr_carea' id='block_1_68' title="bbox 456 3655 2034 3738">
    <p class='ocr_par' dir='ltr' id='par_1_68' title="bbox 456 3655 2034 3738">
     <span class='ocr_line' id='line_1_68' title="bbox 456 3655 2034 3738; baseline 0.009 -31"><span class='ocrx_word' id='word_1_497' title='bbox 456 3656 700 3722; x_wconf 84' lang='grc' dir='ltr'><strong>γυπτίων</strong></span> <span class='ocrx_word' id='word_1_498' title='bbox 755 3655 811 3709; x_wconf 80' lang='grc' dir='ltr'><strong>δὲ</strong></span> <span class='ocrx_word' id='word_1_499' title='bbox 856 3656 908 3709; x_wconf 78' lang='grc' dir='ltr'><strong>οἱ</strong></span> <span class='ocrx_word' id='word_1_500' title='bbox 946 3656 1174 3727; x_wconf 89' lang='grc' dir='ltr'><strong>μάχιμοι</strong></span> <span class='ocrx_word' id='word_1_501' title='bbox 1222 3658 1316 3712; x_wconf 74' lang='grc' dir='ltr'><strong>ἐπὶ</strong></span> <span class='ocrx_word' id='word_1_502' title='bbox 1373 3659 1483 3714; x_wconf 83' lang='grc' dir='ltr'><strong>τῶν</strong></span> <span class='ocrx_word' id='word_1_503' title='bbox 1543 3661 1844 3718; x_wconf 81' lang='grc' dir='ltr'><strong>δακτυλίων</strong></span> <span class='ocrx_word' id='word_1_504' title='bbox 1886 3662 2034 3738; x_wconf 74' lang='grc' dir='ltr'><strong>εἶχον</strong></span> 
     </span>
    </p>
   </div>
   <div class='ocr_carea' id='block_1_69' title="bbox 455 3746 2030 3829">
    <p class='ocr_par' dir='ltr' id='par_1_69' title="bbox 455 3746 2030 3829">
     <span class='ocr_line' id='line_1_69' title="bbox 455 3746 2030 3829; baseline 0.007 -26"><span class='ocrx_word' id='word_1_505' title='bbox 455 3746 896 3818; x_wconf 75' lang='grc' dir='ltr'><strong>ἑγγεγλυμμένον</strong></span> <span class='ocrx_word' id='word_1_506' title='bbox 941 3747 1232 3819; x_wconf 80' lang='grc' dir='ltr'><strong>κάνθαρον,</strong></span> <span class='ocrx_word' id='word_1_507' title='bbox 1272 3750 1642 3823; x_wconf 69' lang='grc' dir='ltr'><strong>αἰνιττομένου</strong></span> <span class='ocrx_word' id='word_1_508' title='bbox 1669 3754 1764 3810; x_wconf 82' lang='grc' dir='ltr'><strong>τοῦ</strong></span> <span class='ocrx_word' id='word_1_509' title='bbox 1800 3758 2030 3829; x_wconf 86' lang='grc' dir='ltr'><strong>νομοθέ-</strong></span> 
     </span>
    </p>
   </div>
   <div class='ocr_carea' id='block_1_70' title="bbox 454 3833 2032 3917">
    <p class='ocr_par' dir='ltr' id='par_1_70' title="bbox 454 3833 2032 3917">
     <span class='ocr_line' id='line_1_70' title="bbox 454 3833 2032 3917; baseline -0.003 -24"><span class='ocrx_word' id='word_1_510' title='bbox 454 3857 549 3893; x_wconf 87' lang='grc' dir='ltr'><strong>του</strong></span> <span class='ocrx_word' id='word_1_511' title='bbox 581 3838 692 3891; x_wconf 85' lang='grc' dir='ltr'>δεῖν</span> <span class='ocrx_word' id='word_1_512' title='bbox 722 3836 957 3909; x_wconf 73' lang='grc' dir='ltr'><strong>ἄρρενας</strong></span> <span class='ocrx_word' id='word_1_513' title='bbox 1000 3833 1141 3890; x_wconf 87' lang='grc' dir='ltr'><strong>εἶναι</strong></span> <span class='ocrx_word' id='word_1_514' title='bbox 1171 3837 1380 3902; x_wconf 82' lang='grc' dir='ltr'><strong>πάντας</strong></span> <span class='ocrx_word' id='word_1_515' title='bbox 1418 3841 1595 3911; x_wconf 85' lang='grc' dir='ltr'><strong>πάντη</strong></span> <span class='ocrx_word' id='word_1_516' title='bbox 1624 3842 1752 3907; x_wconf 80' lang='grc' dir='ltr'><strong>τοὺς</strong></span> <span class='ocrx_word' id='word_1_517' title='bbox 1791 3847 2032 3917; x_wconf 79' lang='grc' dir='ltr'><strong>μαχομέ-</strong></span> 
     </span>
    </p>
   </div>
   <div class='ocr_carea' id='block_1_71' title="bbox 453 3927 2030 4009">
    <p class='ocr_par' dir='ltr' id='par_1_71' title="bbox 453 3927 2030 4009">
     <span class='ocr_line' id='line_1_71' title="bbox 453 3927 2030 4009; baseline 0.007 -27"><span class='ocrx_word' id='word_1_518' title='bbox 453 3946 578 3992; x_wconf 88' lang='grc' dir='ltr'><strong>νους</strong></span> <span class='ocrx_word' id='word_1_519' title='bbox 611 3929 750 3999; x_wconf 83' lang='grc' dir='ltr'><strong>ὑπὲρ</strong></span> <span class='ocrx_word' id='word_1_520' title='bbox 784 3928 883 3999; x_wconf 88' lang='grc' dir='ltr'><strong>τῆς</strong></span> <span class='ocrx_word' id='word_1_521' title='bbox 908 3927 1113 3999; x_wconf 84' lang='grc' dir='ltr'><strong>χώρας.</strong></span> <span class='ocrx_word' id='word_1_522' title='bbox 1157 3929 1308 3983; x_wconf 76' lang='grc' dir='ltr'><strong>Ἐπεὶ</strong></span> <span class='ocrx_word' id='word_1_523' title='bbox 1335 3931 1432 3985; x_wconf 75' lang='grc' dir='ltr'><strong>καὶ</strong></span> <span class='ocrx_word' id='word_1_524' title='bbox 1457 3934 1487 3985; x_wconf 82' lang='grc' dir='ltr'><strong>ὁ</strong></span> <span class='ocrx_word' id='word_1_525' title='bbox 1510 3932 1778 4008; x_wconf 88' lang='grc' dir='ltr'><strong>κάνθαρος</strong></span> <span class='ocrx_word' id='word_1_526' title='bbox 1809 3936 2030 4009; x_wconf 82' lang='grc' dir='ltr'><strong>θηλείας</strong></span> 
     </span>
    </p>
   </div>
   <div class='ocr_carea' id='block_1_72' title="bbox 454 4017 1122 4090">
    <p class='ocr_par' dir='ltr' id='par_1_72' title="bbox 454 4017 1122 4090">
     <span class='ocr_line' id='line_1_72' title="bbox 454 4017 1122 4090; baseline 0 -18"><span class='ocrx_word' id='word_1_527' title='bbox 454 4018 669 4090; x_wconf 79' lang='grc' dir='ltr'><strong>φύσεως</strong></span> <span class='ocrx_word' id='word_1_528' title='bbox 693 4018 754 4070; x_wconf 80' lang='grc' dir='ltr'><strong>οὐ</strong></span> <span class='ocrx_word' id='word_1_529' title='bbox 786 4017 1122 4089; x_wconf 83' lang='grc' dir='ltr'><strong>μετείληχεν.</strong></span> 
     </span>
    </p>
   </div>
   <div class='ocr_carea' id='block_1_73' title="bbox 522 4108 2028 4179">
    <p class='ocr_par' dir='ltr' id='par_1_73' title="bbox 522 4108 2028 4179">
     <span class='ocr_line' id='line_1_73' title="bbox 522 4108 2028 4179; baseline 0.007 -14"><span class='ocrx_word' id='word_1_530' title='bbox 522 4108 654 4165; x_wconf 85' lang='lat' dir='ltr'><strong>Ibid.</strong></span> <span class='ocrx_word' id='word_1_531' title='bbox 689 4108 796 4162; x_wconf 84' lang='lat' dir='ltr'><strong>Kal</strong></span> <span class='ocrx_word' id='word_1_532' title='bbox 829 4110 884 4161; x_wconf 78' lang='grc' dir='ltr'><strong>οἱ</strong></span> <span class='ocrx_word' id='word_1_533' title='bbox 917 4110 1223 4177; x_wconf 71' lang='grc' dir='ltr'><strong>Αἰγύπτιοι</strong></span> <span class='ocrx_word' id='word_1_534' title='bbox 1253 4109 1353 4165; x_wconf 78' lang='grc' dir='ltr'><strong>διὰ</strong></span> <span class='ocrx_word' id='word_1_535' title='bbox 1394 4111 1528 4179; x_wconf 76' lang='grc' dir='ltr'><strong>τήν.</strong></span> <span class='ocrx_word' id='word_1_536' title='bbox 1581 4113 1782 4171; x_wconf 66' lang='lat' dir='ltr'><strong>Praeter</strong></span> <span class='ocrx_word' id='word_1_537' title='bbox 1812 4117 2028 4175; x_wconf 86' lang='lat' dir='ltr'><strong>Plutar-</strong></span> 
     </span>
    </p>
   </div>
   <div class='ocr_carea' id='block_1_74' title="bbox 451 4198 2021 4276">
    <p class='ocr_par' dir='ltr' id='par_1_74' title="bbox 451 4198 2021 4276">
     <span class='ocr_line' id='line_1_74' title="bbox 451 4198 2021 4276; baseline 0.004 -19"><span class='ocrx_word' id='word_1_538' title='bbox 451 4203 614 4258; x_wconf 86' lang='lat' dir='ltr'><strong>chum</strong></span> <span class='ocrx_word' id='word_1_539' title='bbox 643 4209 699 4255; x_wconf 90' lang='lat' dir='ltr'><strong>et</strong></span> <span class='ocrx_word' id='word_1_540' title='bbox 730 4198 1031 4264; x_wconf 67' lang='lat' dir='ltr'><strong>Elianum,</strong></span> <span class='ocrx_word' id='word_1_541' title='bbox 1072 4198 1342 4257; x_wconf 84' lang='lat' dir='ltr'><strong>Eusebius</strong></span> <span class='ocrx_word' id='word_1_542' title='bbox 1376 4202 1470 4257; x_wconf 87' lang='lat' dir='ltr'><strong>lib.</strong></span> <span class='ocrx_word' id='word_1_543' title='bbox 1501 4218 1560 4257; x_wconf 88' lang='grc' dir='ltr'><strong>ιιι</strong></span> <span class='ocrx_word' id='word_1_544' title='bbox 1613 4203 1692 4259; x_wconf 88' lang='lat' dir='ltr'><strong>De</strong></span> <span class='ocrx_word' id='word_1_545' title='bbox 1732 4219 2021 4276; x_wconf 58' lang='lat' dir='ltr'><strong>praeparat.</strong></span> 
     </span>
    </p>
   </div>
   <div class='ocr_carea' id='block_1_75' title="bbox 447 4295 2025 4372">
    <p class='ocr_par' dir='ltr' id='par_1_75' title="bbox 447 4295 2025 4372">
     <span class='ocr_line' id='line_1_75' title="bbox 447 4295 2025 4372; baseline 0.006 -23"><span class='ocrx_word' id='word_1_546' title='bbox 447 4296 680 4366; x_wconf 81' lang='lat' dir='ltr'><strong>evangel.</strong></span> <span class='ocrx_word' id='word_1_547' title='bbox 713 4295 855 4351; x_wconf 85' lang='lat' dir='ltr'><strong>idem</strong></span> <span class='ocrx_word' id='word_1_548' title='bbox 907 4296 1062 4352; x_wconf 83' lang='lat' dir='ltr'><strong>affert</strong></span> <span class='ocrx_word' id='word_1_549' title='bbox 1088 4312 1153 4352; x_wconf 78' lang='lat' dir='ltr'><strong>ex</strong></span> <span class='ocrx_word' id='word_1_550' title='bbox 1185 4298 1279 4353; x_wconf 91' lang='lat' dir='ltr'><strong>lib.</strong></span> <span class='ocrx_word' id='word_1_551' title='bbox 1312 4298 1579 4372; x_wconf 83' lang='lat' dir='ltr'><strong>Porphyr.</strong></span> <span class='ocrx_word' id='word_1_552' title='bbox 1610 4302 1756 4370; x_wconf 71' lang='grc' dir='ltr'><strong>Περὶ</strong></span> <span class='ocrx_word' id='word_1_553' title='bbox 1775 4302 1883 4371; x_wconf 83' lang='grc' dir='ltr'><strong>τῆς</strong></span> <span class='ocrx_word' id='word_1_554' title='bbox 1904 4305 2025 4359; x_wconf 78' lang='grc' dir='ltr'><strong>τῶν</strong></span> 
     </span>
    </p>
   </div>
   <div class='ocr_carea' id='block_1_76' title="bbox 447 4388 2024 4462">
    <p class='ocr_par' dir='ltr' id='par_1_76' title="bbox 447 4388 2024 4462">
     <span class='ocr_line' id='line_1_76' title="bbox 447 4388 2024 4462; baseline 0.007 -21"><span class='ocrx_word' id='word_1_555' title='bbox 447 4388 733 4458; x_wconf 72' lang='grc' dir='ltr'><strong>ἐμψύχων</strong></span> <span class='ocrx_word' id='word_1_556' title='bbox 746 4388 998 4459; x_wconf 81' lang='grc' dir='ltr'><strong>ἀποχῆς.</strong></span> <span class='ocrx_word' id='word_1_557' title='bbox 1022 4388 1306 4459; x_wconf 71' lang='grc' dir='ltr'><strong>Αἰγύπτιοι</strong></span> <span class='ocrx_word' id='word_1_558' title='bbox 1334 4391 1393 4445; x_wconf 79' lang='grc' dir='ltr'><strong>δὲ</strong></span> <span class='ocrx_word' id='word_1_559' title='bbox 1417 4392 1722 4462; x_wconf 80' lang='grc' dir='ltr'><strong>ὲσέφθησαν</strong></span> <span class='ocrx_word' id='word_1_560' title='bbox 1740 4395 1815 4459; x_wconf 86' lang='grc' dir='ltr'><strong>ὼς</strong></span> <span class='ocrx_word' id='word_1_561' title='bbox 1839 4398 2024 4453; x_wconf 86' lang='grc' dir='ltr'><strong>είκόνα</strong></span> 
     </span>
    </p>
   </div>
   <div class='ocr_carea' id='block_1_77' title="bbox 448 4480 2021 4551">
    <p class='ocr_par' dir='ltr' id='par_1_77' title="bbox 448 4480 2021 4551">
     <span class='ocr_line' id='line_1_77' title="bbox 448 4480 2021 4551; baseline 0.006 -19"><span class='ocrx_word' id='word_1_562' title='bbox 448 4480 599 4551; x_wconf 79' lang='grc' dir='ltr'><strong>ήλιίου</strong></span> <span class='ocrx_word' id='word_1_563' title='bbox 646 4480 918 4551; x_wconf 77' lang='grc' dir='ltr'><strong>ἔμψυχον,</strong></span> <span class='ocrx_word' id='word_1_564' title='bbox 960 4481 1015 4535; x_wconf 90' lang='lat' dir='ltr'><strong>in</strong></span> <span class='ocrx_word' id='word_1_565' title='bbox 1048 4497 1208 4551; x_wconf 88' lang='lat' dir='ltr'><strong>quem</strong></span> <span class='ocrx_word' id='word_1_566' title='bbox 1254 4484 1518 4539; x_wconf 89' lang='lat' dir='ltr'><strong>acerrime</strong></span> <span class='ocrx_word' id='word_1_567' title='bbox 1562 4484 1840 4542; x_wconf 87' lang='lat' dir='ltr'><strong>invehitur</strong></span> <span class='ocrx_word' id='word_1_568' title='bbox 1879 4487 2021 4544; x_wconf 85' lang='lat' dir='ltr'><strong>Pisi-</strong></span> 
     </span>
    </p>
   </div>
   <div class='ocr_carea' id='block_1_78' title="bbox 2144 3287 3713 3375">
    <p class='ocr_par' dir='ltr' id='par_1_78' title="bbox 2144 3287 3713 3375">
     <span class='ocr_line' id='line_1_78' title="bbox 2144 3287 3713 3375; baseline 0.015 -35"><span class='ocrx_word' id='word_1_569' title='bbox 2144 3287 2437 3358; x_wconf 85' lang='grc' dir='ltr'><strong>σκορπίων,</strong></span> <span class='ocrx_word' id='word_1_570' title='bbox 2468 3292 2562 3343; x_wconf 71' lang='grc' dir='ltr'><strong>καὶ</strong></span> <span class='ocrx_word' id='word_1_571' title='bbox 2594 3291 2827 3364; x_wconf 80' lang='grc' dir='ltr'><strong>γέγηθεν</strong></span> <span class='ocrx_word' id='word_1_572' title='bbox 2854 3297 2945 3350; x_wconf 75' lang='grc' dir='ltr'><strong>ἐπὶ</strong></span> <span class='ocrx_word' id='word_1_573' title='bbox 2971 3297 3140 3371; x_wconf 82' lang='grc' dir='ltr'><strong>ταύτῃ</strong></span> <span class='ocrx_word' id='word_1_574' title='bbox 3168 3304 3232 3372; x_wconf 79' lang='grc' dir='ltr'><strong>τῇ</strong></span> <span class='ocrx_word' id='word_1_575' title='bbox 3258 3302 3416 3375; x_wconf 79' lang='grc' dir='ltr'><strong>θήρᾳ.</strong></span> <span class='ocrx_word' id='word_1_576' title='bbox 3453 3304 3585 3362; x_wconf 86' lang='lat' dir='ltr'><strong>Vide</strong></span> <span class='ocrx_word' id='word_1_577' title='bbox 3611 3307 3713 3364; x_wconf 88' lang='lat' dir='ltr'><strong>Pe-</strong></span> 
     </span>
    </p>
   </div>
   <div class='ocr_carea' id='block_1_79' title="bbox 2141 3377 3706 3456">
    <p class='ocr_par' dir='ltr' id='par_1_79' title="bbox 2141 3377 3706 3456">
     <span class='ocr_line' id='line_1_79' title="bbox 2141 3377 3706 3456; baseline 0.016 -26"><span class='ocrx_word' id='word_1_578' title='bbox 2141 3383 2283 3430; x_wconf 91' lang='lat' dir='ltr'><strong>trum</strong></span> <span class='ocrx_word' id='word_1_579' title='bbox 2297 3377 2640 3444; x_wconf 87' lang='lat' dir='ltr'><strong>Damianum,</strong></span> <span class='ocrx_word' id='word_1_580' title='bbox 2666 3383 2758 3437; x_wconf 91' lang='lat' dir='ltr'><strong>lib.</strong></span> <span class='ocrx_word' id='word_1_581' title='bbox 2776 3400 2836 3448; x_wconf 88' lang='grc' dir='ltr'><strong>ιι,</strong></span> <span class='ocrx_word' id='word_1_582' title='bbox 2854 3401 2973 3456; x_wconf 86' lang='lat' dir='ltr'><strong>cap.</strong></span> <span class='ocrx_word' id='word_1_583' title='bbox 2992 3388 3077 3444; x_wconf 89' lang='grc'><strong>18.</strong></span> <span class='ocrx_word' id='word_1_584' title='bbox 3100 3388 3202 3444; x_wconf 85' lang='lat' dir='ltr'><strong>Sed</strong></span> <span class='ocrx_word' id='word_1_585' title='bbox 3222 3392 3441 3450; x_wconf 87' lang='lat' dir='ltr'><strong>deibide</strong></span> <span class='ocrx_word' id='word_1_586' title='bbox 3458 3396 3706 3456; x_wconf 88' lang='lat' dir='ltr'><strong>inferius.</strong></span> 
     </span>
    </p>
   </div>
   <div class='ocr_carea' id='block_1_80' title="bbox 2207 3465 3703 3549">
    <p class='ocr_par' dir='ltr' id='par_1_80' title="bbox 2207 3465 3703 3549">
     <span class='ocr_line' id='line_1_80' title="bbox 2207 3465 3703 3549; baseline 0.017 -27"><span class='ocrx_word' id='word_1_587' title='bbox 2207 3465 2344 3524; x_wconf 82' lang='lat' dir='ltr'><strong>lbid.</strong></span> <span class='ocrx_word' id='word_1_588' title='bbox 2389 3472 2517 3539; x_wconf 85' lang='grc' dir='ltr'><strong>Τοῖς</strong></span> <span class='ocrx_word' id='word_1_589' title='bbox 2558 3473 2627 3528; x_wconf 80' lang='grc' dir='ltr'><strong>δὲ</strong></span> <span class='ocrx_word' id='word_1_590' title='bbox 2676 3476 3015 3546; x_wconf 82' lang='grc' dir='ltr'><strong>κεράσταις.</strong></span> <span class='ocrx_word' id='word_1_591' title='bbox 3068 3481 3344 3549; x_wconf 67' lang='grc' dir='ltr'><strong>ιΕΙὶιιιιυε,</strong></span> <span class='ocrx_word' id='word_1_592' title='bbox 3385 3487 3463 3542; x_wconf 89' lang='lat' dir='ltr'><strong>De</strong></span> <span class='ocrx_word' id='word_1_593' title='bbox 3516 3491 3703 3547; x_wconf 81' lang='lat' dir='ltr'><strong>histor.</strong></span> 
     </span>
    </p>
   </div>
   <div class='ocr_carea' id='block_1_81' title="bbox 2139 3561 3709 3655">
    <p class='ocr_par' dir='ltr' id='par_1_81' title="bbox 2139 3561 3709 3655">
     <span class='ocr_line' id='line_1_81' title="bbox 2139 3561 3709 3655; baseline 0.014 -40"><span class='ocrx_word' id='word_1_594' title='bbox 2139 3561 2364 3615; x_wconf 85' lang='lat' dir='ltr'><strong>animal.</strong></span> <span class='ocrx_word' id='word_1_595' title='bbox 2397 3564 2492 3618; x_wconf 80' lang='lat' dir='ltr'><strong>lib.</strong></span> <span class='ocrx_word' id='word_1_596' title='bbox 2525 3580 2581 3629; x_wconf 73' lang='grc' dir='ltr'><strong>ι,</strong></span> <span class='ocrx_word' id='word_1_597' title='bbox 2620 3580 2741 3636; x_wconf 89' lang='lat' dir='ltr'><strong>cap.</strong></span> <span class='ocrx_word' id='word_1_598' title='bbox 2783 3569 2872 3633; x_wconf 72' lang='lat' dir='ltr'><strong>M,</strong></span> <span class='ocrx_word' id='word_1_599' title='bbox 2900 3572 3113 3642; x_wconf 75' lang='grc' dir='ltr'><strong>Ὀφειῦν</strong></span> <span class='ocrx_word' id='word_1_600' title='bbox 3141 3590 3200 3626; x_wconf 81' lang='grc' dir='ltr'><strong>τε</strong></span> <span class='ocrx_word' id='word_1_601' title='bbox 3228 3575 3320 3629; x_wconf 83' lang='grc' dir='ltr'><strong>καὶ</strong></span> <span class='ocrx_word' id='word_1_602' title='bbox 3350 3577 3586 3635; x_wconf 83' lang='grc' dir='ltr'><strong>δακετῶν</strong></span> <span class='ocrx_word' id='word_1_603' title='bbox 3612 3582 3709 3655; x_wconf 85' lang='grc' dir='ltr'><strong>θη-</strong></span> 
     </span>
    </p>
   </div>
   <div class='ocr_carea' id='block_1_82' title="bbox 2138 3652 3706 3736">
    <p class='ocr_par' dir='ltr' id='par_1_82' title="bbox 2138 3652 3706 3736">
     <span class='ocr_line' id='line_1_82' title="bbox 2138 3652 3706 3736; baseline 0.014 -29"><span class='ocrx_word' id='word_1_604' title='bbox 2138 3652 2270 3724; x_wconf 84' lang='grc' dir='ltr'><strong>ρίων</strong></span> <span class='ocrx_word' id='word_1_605' title='bbox 2298 3655 2460 3720; x_wconf 82' lang='grc' dir='ltr'><strong>αὐτός</strong></span> <span class='ocrx_word' id='word_1_606' title='bbox 2498 3659 2646 3712; x_wconf 79' lang='grc' dir='ltr'><strong>ἐστιν</strong></span> <span class='ocrx_word' id='word_1_607' title='bbox 2678 3659 2940 3731; x_wconf 79' lang='grc' dir='ltr'><strong>ἔχθιστος.</strong></span> <span class='ocrx_word' id='word_1_608' title='bbox 2972 3665 3087 3718; x_wconf 77' lang='grc' dir='ltr'><strong>Οὐκ</strong></span> <span class='ocrx_word' id='word_1_609' title='bbox 3124 3665 3190 3721; x_wconf 80' lang='grc' dir='ltr'><strong>ἂν</strong></span> <span class='ocrx_word' id='word_1_610' title='bbox 3218 3667 3350 3736; x_wconf 82' lang='grc' dir='ltr'><strong>γοῦν</strong></span> <span class='ocrx_word' id='word_1_611' title='bbox 3387 3673 3550 3727; x_wconf 81' lang='grc' dir='ltr'><strong>αὑτὸν</strong></span> <span class='ocrx_word' id='word_1_612' title='bbox 3589 3652 3706 3728; x_wconf 81' lang='grc' dir='ltr'><strong>δια-</strong></span> 
     </span>
    </p>
   </div>
   <div class='ocr_carea' id='block_1_83' title="bbox 2135 3743 3707 3838">
    <p class='ocr_par' dir='ltr' id='par_1_83' title="bbox 2135 3743 3707 3838">
     <span class='ocr_line' id='line_1_83' title="bbox 2135 3743 3707 3838; baseline 0.015 -41"><span class='ocrx_word' id='word_1_613' title='bbox 2135 3743 2293 3816; x_wconf 84' lang='grc' dir='ltr'><strong>λάθῃ,</strong></span> <span class='ocrx_word' id='word_1_614' title='bbox 2330 3745 2454 3800; x_wconf 77' lang='grc' dir='ltr'><strong>οΰτε</strong></span> <span class='ocrx_word' id='word_1_615' title='bbox 2500 3748 2640 3819; x_wconf 78' lang='grc' dir='ltr'><strong>ὄφις,</strong></span> <span class='ocrx_word' id='word_1_616' title='bbox 2670 3749 2793 3805; x_wconf 75' lang='grc' dir='ltr'><strong>οὔτε</strong></span> <span class='ocrx_word' id='word_1_617' title='bbox 2837 3757 3115 3827; x_wconf 84' lang='grc' dir='ltr'><strong>σκορπίος,</strong></span> <span class='ocrx_word' id='word_1_618' title='bbox 3158 3758 3280 3814; x_wconf 82' lang='grc' dir='ltr'><strong>οὔτε</strong></span> <span class='ocrx_word' id='word_1_619' title='bbox 3312 3762 3420 3834; x_wconf 86' lang='grc' dir='ltr'><strong>μὴν</strong></span> <span class='ocrx_word' id='word_1_620' title='bbox 3464 3767 3707 3838; x_wconf 78' lang='grc' dir='ltr'><strong>πονηρᾶς</strong></span> 
     </span>
    </p>
   </div>
   <div class='ocr_carea' id='block_1_84' title="bbox 2136 3834 2762 3907">
    <p class='ocr_par' dir='ltr' id='par_1_84' title="bbox 2136 3834 2762 3907">
     <span class='ocr_line' id='line_1_84' title="bbox 2136 3834 2762 3907; baseline 0.018 -20"><span class='ocrx_word' id='word_1_621' title='bbox 2136 3834 2268 3907; x_wconf 76' lang='grc' dir='ltr'><strong>ὖλης</strong></span> <span class='ocrx_word' id='word_1_622' title='bbox 2294 3836 2420 3892; x_wconf 84' lang='grc' dir='ltr'><strong>ἄλλο</strong></span> <span class='ocrx_word' id='word_1_623' title='bbox 2439 3856 2492 3893; x_wconf 87' lang='grc' dir='ltr'><strong>τι</strong></span> <span class='ocrx_word' id='word_1_624' title='bbox 2521 3840 2762 3898; x_wconf 73' lang='grc' dir='ltr'><strong>ἐκτοκον.</strong></span> 
     </span>
    </p>
   </div>
   <div class='ocr_carea' id='block_1_85' title="bbox 2204 3929 3701 4014">
    <p class='ocr_par' dir='ltr' id='par_1_85' title="bbox 2204 3929 3701 4014">
     <span class='ocr_line' id='line_1_85' title="bbox 2204 3929 3701 4014; baseline 0.015 -32"><span class='ocrx_word' id='word_1_625' title='bbox 2204 3929 2366 3996; x_wconf 87' lang='lat' dir='ltr'><strong>lbid.,</strong></span> <span class='ocrx_word' id='word_1_626' title='bbox 2407 3931 2504 3986; x_wconf 90' lang='lat' dir='ltr'><strong>lin.</strong></span> <span class='ocrx_word' id='word_1_627' title='bbox 2537 3933 2626 3988; x_wconf 86' lang='lat'><strong>57.</strong></span> <span class='ocrx_word' id='word_1_628' title='bbox 2662 3936 2835 3991; x_wconf 84' lang='grc' dir='ltr'><strong>Ἔστι</strong></span> <span class='ocrx_word' id='word_1_629' title='bbox 2865 3935 2933 3990; x_wconf 81' lang='grc' dir='ltr'><strong>δὲ</strong></span> <span class='ocrx_word' id='word_1_630' title='bbox 2973 3939 3149 3993; x_wconf 85' lang='grc' dir='ltr'><strong>τοῦτο</strong></span> <span class='ocrx_word' id='word_1_631' title='bbox 3194 3956 3385 4011; x_wconf 80' lang='grc' dir='ltr'><strong>συμπ.</strong></span> <span class='ocrx_word' id='word_1_632' title='bbox 3425 3943 3701 4014; x_wconf 64' lang='grc' dir='ltr'><strong>ιλΕιίειηιιε.</strong></span> 
     </span>
    </p>
   </div>
   <div class='ocr_carea' id='block_1_86' title="bbox 2133 4022 3699 4110">
    <p class='ocr_par' dir='ltr' id='par_1_86' title="bbox 2133 4022 3699 4110">
     <span class='ocr_line' id='line_1_86' title="bbox 2133 4022 3699 4110; baseline 0.012 -35"><span class='ocrx_word' id='word_1_633' title='bbox 2133 4022 2228 4076; x_wconf 89' lang='lat' dir='ltr'><strong>lib.</strong></span> <span class='ocrx_word' id='word_1_634' title='bbox 2261 4039 2296 4077; x_wconf 90' lang='grc' dir='ltr'><strong>ιι</strong></span> <span class='ocrx_word' id='word_1_635' title='bbox 2328 4023 2403 4079; x_wconf 89' lang='lat' dir='ltr'><strong>De</strong></span> <span class='ocrx_word' id='word_1_636' title='bbox 2430 4024 2554 4080; x_wconf 86' lang='lat' dir='ltr'><strong>hist.</strong></span> <span class='ocrx_word' id='word_1_637' title='bbox 2591 4028 2918 4101; x_wconf 88' lang='lat' dir='ltr'><strong>anim.,cap.</strong></span> <span class='ocrx_word' id='word_1_638' title='bbox 2952 4031 3024 4086; x_wconf 76' lang='grc'><strong>42</strong></span> <span class='ocrx_word' id='word_1_639' title='bbox 3055 4050 3069 4087; x_wconf 89' lang='lat'><strong>:</strong></span> <span class='ocrx_word' id='word_1_640' title='bbox 3100 4033 3310 4106; x_wconf 83' lang='grc' dir='ltr'><strong>Νεκρὸν</strong></span> <span class='ocrx_word' id='word_1_641' title='bbox 3337 4035 3392 4088; x_wconf 85' lang='grc' dir='ltr'><strong>δὲ</strong></span> <span class='ocrx_word' id='word_1_642' title='bbox 3419 4037 3699 4110; x_wconf 76' lang='grc' dir='ltr'><strong>ἄνθρωπον</strong></span> 
     </span>
    </p>
   </div>
   <div class='ocr_carea' id='block_1_87' title="bbox 2134 4111 3697 4200">
    <p class='ocr_par' dir='ltr' id='par_1_87' title="bbox 2134 4111 3697 4200">
     <span class='ocr_line' id='line_1_87' title="bbox 2134 4111 3697 4200; baseline 0.012 -36"><span class='ocrx_word' id='word_1_643' title='bbox 2134 4111 2287 4185; x_wconf 79' lang='grc' dir='ltr'><strong>ἱέραξ</strong></span> <span class='ocrx_word' id='word_1_644' title='bbox 2319 4113 2463 4180; x_wconf 83' lang='grc' dir='ltr'><strong>ἰδὼν,</strong></span> <span class='ocrx_word' id='word_1_645' title='bbox 2487 4116 2763 4172; x_wconf 77' lang='grc' dir='ltr'><strong>ἐπιϐάλλει</strong></span> <span class='ocrx_word' id='word_1_646' title='bbox 2799 4119 2904 4191; x_wconf 82' lang='grc' dir='ltr'><strong>γῆς</strong></span> <span class='ocrx_word' id='word_1_647' title='bbox 2930 4122 3009 4192; x_wconf 82' lang='grc' dir='ltr'><strong>τῷ</strong></span> <span class='ocrx_word' id='word_1_648' title='bbox 3036 4122 3246 4196; x_wconf 81' lang='grc' dir='ltr'><strong>άτάφῳ.</strong></span> <span class='ocrx_word' id='word_1_649' title='bbox 3275 4127 3384 4179; x_wconf 74' lang='grc' dir='ltr'><strong>Καὶ</strong></span> <span class='ocrx_word' id='word_1_650' title='bbox 3411 4127 3567 4182; x_wconf 78' lang='grc' dir='ltr'><strong>τοῦτο</strong></span> <span class='ocrx_word' id='word_1_651' title='bbox 3596 4129 3697 4200; x_wconf 83' lang='grc' dir='ltr'><strong>μὲν</strong></span> 
     </span>
    </p>
   </div>
   <div class='ocr_carea' id='block_1_88' title="bbox 2129 4203 3693 4285">
    <p class='ocr_par' dir='ltr' id='par_1_88' title="bbox 2129 4203 3693 4285">
     <span class='ocr_line' id='line_1_88' title="bbox 2129 4203 3693 4285; baseline 0.011 -30"><span class='ocrx_word' id='word_1_652' title='bbox 2129 4203 2189 4255; x_wconf 80' lang='grc' dir='ltr'><strong>οὐ</strong></span> <span class='ocrx_word' id='word_1_653' title='bbox 2230 4203 2440 4259; x_wconf 82' lang='grc' dir='ltr'><strong>κελεύει</strong></span> <span class='ocrx_word' id='word_1_654' title='bbox 2488 4206 2638 4277; x_wconf 83' lang='grc' dir='ltr'><strong>αὐτῷ</strong></span> <span class='ocrx_word' id='word_1_655' title='bbox 2673 4210 2702 4261; x_wconf 88' lang='grc' dir='ltr'>ὁ</span> <span class='ocrx_word' id='word_1_656' title='bbox 2747 4208 2944 4274; x_wconf 86' lang='grc' dir='ltr'><strong>Σόλων,</strong></span> <span class='ocrx_word' id='word_1_657' title='bbox 2973 4210 3049 4276; x_wconf 82' lang='grc' dir='ltr'><strong>ὡς</strong></span> <span class='ocrx_word' id='word_1_658' title='bbox 3089 4213 3402 4285; x_wconf 83' lang='grc' dir='ltr'><strong>Ἀθηναίους</strong></span> <span class='ocrx_word' id='word_1_659' title='bbox 3444 4217 3693 4272; x_wconf 71' lang='grc' dir='ltr'><strong>ἐκέλευσε</strong></span> 
     </span>
    </p>
   </div>
   <div class='ocr_carea' id='block_1_89' title="bbox 2127 4292 3693 4376">
    <p class='ocr_par' dir='ltr' id='par_1_89' title="bbox 2127 4292 3693 4376">
     <span class='ocr_line' id='line_1_89' title="bbox 2127 4292 3693 4376; baseline 0.009 -30"><span class='ocrx_word' id='word_1_660' title='bbox 2127 4292 2292 4365; x_wconf 74' lang='grc' dir='ltr'><strong>δρᾷνο</strong></span> <span class='ocrx_word' id='word_1_661' title='bbox 2319 4296 2441 4350; x_wconf 78' lang='grc' dir='ltr'><strong>οὐδὲ</strong></span> <span class='ocrx_word' id='word_1_662' title='bbox 2470 4294 2721 4367; x_wconf 80' lang='grc' dir='ltr'><strong>σώματος</strong></span> <span class='ocrx_word' id='word_1_663' title='bbox 2755 4297 2850 4370; x_wconf 80' lang='lat' dir='ltr'><strong>(ita</strong></span> <span class='ocrx_word' id='word_1_664' title='bbox 2887 4299 3034 4355; x_wconf 90' lang='lat' dir='ltr'><strong>enim</strong></span> <span class='ocrx_word' id='word_1_665' title='bbox 3065 4303 3303 4376; x_wconf 76' lang='lat' dir='ltr'><strong>corrigo)</strong></span> <span class='ocrx_word' id='word_1_666' title='bbox 3332 4305 3548 4376; x_wconf 79' lang='grc' dir='ltr'><strong>ἆψεται.</strong></span> <span class='ocrx_word' id='word_1_667' title='bbox 3578 4309 3693 4362; x_wconf 67' lang='grc' dir='ltr'><strong>Μέ-</strong></span> 
     </span>
    </p>
   </div>
   <div class='ocr_carea' id='block_1_90' title="bbox 2127 4383 3696 4469">
    <p class='ocr_par' dir='ltr' id='par_1_90' title="bbox 2127 4383 3696 4469">
     <span class='ocr_line' id='line_1_90' title="bbox 2127 4383 3696 4469; baseline 0.013 -35"><span class='ocrx_word' id='word_1_668' title='bbox 2127 4399 2208 4436; x_wconf 91' lang='grc' dir='ltr'><strong>νει</strong></span> <span class='ocrx_word' id='word_1_669' title='bbox 2239 4383 2295 4436; x_wconf 83' lang='grc' dir='ltr'><strong>δὲ</strong></span> <span class='ocrx_word' id='word_1_670' title='bbox 2334 4384 2595 4454; x_wconf 79' lang='grc' dir='ltr'><strong>ἄγευστος</strong></span> <span class='ocrx_word' id='word_1_671' title='bbox 2639 4388 2735 4441; x_wconf 76' lang='grc' dir='ltr'><strong>καὶ</strong></span> <span class='ocrx_word' id='word_1_672' title='bbox 2774 4389 2938 4442; x_wconf 78' lang='grc' dir='ltr'><strong>ποτοῦ</strong></span> <span class='ocrx_word' id='word_1_673' title='bbox 2985 4390 3078 4444; x_wconf 79' lang='grc' dir='ltr'><strong>ἐὰν</strong></span> <span class='ocrx_word' id='word_1_674' title='bbox 3106 4395 3186 4457; x_wconf 88' lang='grc' dir='ltr'><strong>είς</strong></span> <span class='ocrx_word' id='word_1_675' title='bbox 3223 4393 3431 4451; x_wconf 78' lang='grc' dir='ltr'><strong>αὔλακα</strong></span> <span class='ocrx_word' id='word_1_676' title='bbox 3470 4398 3696 4469; x_wconf 80' lang='grc' dir='ltr'><strong>ὲποχευ-</strong></span> 
     </span>
    </p>
   </div>
   <div class='ocr_carea' id='block_1_91' title="bbox 2126 4469 3696 4561">
    <p class='ocr_par' dir='ltr' id='par_1_91' title="bbox 2126 4469 3696 4561">
     <span class='ocr_line' id='line_1_91' title="bbox 2126 4469 3696 4561; baseline 0.011 -35"><span class='ocrx_word' id='word_1_677' title='bbox 2126 4473 2257 4547; x_wconf 81' lang='grc' dir='ltr'><strong>τεύῃ</strong></span> <span class='ocrx_word' id='word_1_678' title='bbox 2286 4469 2367 4539; x_wconf 73' lang='grc' dir='ltr'><strong>εἷς</strong></span> <span class='ocrx_word' id='word_1_679' title='bbox 2394 4476 2677 4547; x_wconf 78' lang='grc' dir='ltr'><strong>ἄνθρωπος</strong></span> <span class='ocrx_word' id='word_1_680' title='bbox 2696 4495 2711 4508; x_wconf 88' lang='grc'><strong>·</strong></span> <span class='ocrx_word' id='word_1_681' title='bbox 2749 4480 3079 4537; x_wconf 82' lang='grc' dir='ltr'><strong>πεπίστευκε</strong></span> <span class='ocrx_word' id='word_1_682' title='bbox 3103 4484 3211 4556; x_wconf 82' lang='grc' dir='ltr'><strong>γὰρ</strong></span> <span class='ocrx_word' id='word_1_683' title='bbox 3236 4485 3397 4541; x_wconf 83' lang='grc' dir='ltr'><strong>αὑτὸν</strong></span> <span class='ocrx_word' id='word_1_684' title='bbox 3430 4490 3696 4561; x_wconf 85' lang='grc' dir='ltr'><strong>πονούμε-</strong></span> 
     </span>
    </p>
   </div>
   <div class='ocr_carea' id='block_1_92' title="bbox 446 4564 2042 4652">
    <p class='ocr_par' dir='ltr' id='par_1_92' title="bbox 446 4571 2023 4648">
     <span class='ocr_line' id='line_1_92' title="bbox 446 4571 2023 4648; baseline 0.004 -20"><span class='ocrx_word' id='word_1_685' title='bbox 446 4575 564 4637; x_wconf 88' lang='lat' dir='ltr'><strong>des,</strong></span> <span class='ocrx_word' id='word_1_686' title='bbox 592 4571 669 4626; x_wconf 87' lang='lat' dir='ltr'><strong>De</strong></span> <span class='ocrx_word' id='word_1_687' title='bbox 691 4573 873 4627; x_wconf 88' lang='lat' dir='ltr'><strong>mund.</strong></span> <span class='ocrx_word' id='word_1_688' title='bbox 898 4573 1095 4641; x_wconf 84' lang='lat' dir='ltr'><strong>api/ic.;</strong></span> <span class='ocrx_word' id='word_1_689' title='bbox 1119 4571 1349 4640; x_wconf 86' lang='lat' dir='ltr'><strong>Plinius,</strong></span> <span class='ocrx_word' id='word_1_690' title='bbox 1375 4575 1468 4630; x_wconf 88' lang='lat' dir='ltr'><strong>lib.</strong></span> <span class='ocrx_word' id='word_1_691' title='bbox 1498 4592 1625 4641; x_wconf 77' lang='lat' dir='ltr'><strong>xxx,</strong></span> <span class='ocrx_word' id='word_1_692' title='bbox 1649 4594 1770 4648; x_wconf 90' lang='lat' dir='ltr'><strong>cap.</strong></span> <span class='ocrx_word' id='word_1_693' title='bbox 1796 4581 1881 4643; x_wconf 92' lang='grc'><strong>11,</strong></span> <span class='ocrx_word' id='word_1_694' title='bbox 1912 4598 2023 4637; x_wconf 89' lang='lat' dir='ltr'><strong>sca-</strong></span> 
     </span>
    </p>
   </div>
   <div class='ocr_carea' id='block_1_93' title="bbox 2144 4564 3689 4652">
    <p class='ocr_par' dir='ltr' id='par_1_93' title="bbox 2144 4564 3689 4652">
     <span class='ocr_line' id='line_1_93' title="bbox 2144 4564 3689 4652; baseline 0.012 -36"><span class='ocrx_word' id='word_1_695' title='bbox 2144 4583 2215 4618; x_wconf 70' lang='lat' dir='ltr'><strong>rov</strong></span> <span class='ocrx_word' id='word_1_696' title='bbox 2234 4564 2465 4637; x_wconf 77' lang='grc' dir='ltr'><strong>ζημιοῦν</strong></span> <span class='ocrx_word' id='word_1_697' title='bbox 2480 4569 2875 4641; x_wconf 80' lang='grc' dir='ltr'><strong>ὑφαιρούμενος</strong></span> <span class='ocrx_word' id='word_1_698' title='bbox 2889 4574 2953 4626; x_wconf 82' lang='grc' dir='ltr'><strong>ὲκ</strong></span> <span class='ocrx_word' id='word_1_699' title='bbox 2969 4573 3071 4645; x_wconf 81' lang='grc' dir='ltr'><strong>τῆς</strong></span> <span class='ocrx_word' id='word_1_700' title='bbox 3095 4576 3302 4630; x_wconf 75' lang='grc' dir='ltr'><strong>ἐκείνου</strong></span> <span class='ocrx_word' id='word_1_701' title='bbox 3320 4579 3505 4650; x_wconf 86' lang='grc' dir='ltr'><strong>χρείας</strong></span> <span class='ocrx_word' id='word_1_702' title='bbox 3528 4580 3689 4652; x_wconf 82' lang='grc' dir='ltr'><strong>ὕδωρ.</strong></span> 
     </span>
    </p>
   </div>
   <div class='ocr_carea' id='block_1_94' title="bbox 445 4664 2023 4743">
    <p class='ocr_par' dir='ltr' id='par_1_94' title="bbox 445 4664 2023 4743">
     <span class='ocr_line' id='line_1_94' title="bbox 445 4664 2023 4743; baseline 0.006 -25"><span class='ocrx_word' id='word_1_703' title='bbox 445 4664 697 4719; x_wconf 70' lang='lat' dir='ltr'><strong>rabaautn</strong></span> <span class='ocrx_word' id='word_1_704' title='bbox 732 4666 826 4735; x_wconf 89' lang='lat' dir='ltr'><strong>qui</strong></span> <span class='ocrx_word' id='word_1_705' title='bbox 872 4665 1072 4735; x_wconf 89' lang='lat' dir='ltr'><strong>pilulas</strong></span> <span class='ocrx_word' id='word_1_706' title='bbox 1116 4666 1306 4729; x_wconf 81' lang='lat' dir='ltr'><strong>volvit,</strong></span> <span class='ocrx_word' id='word_1_707' title='bbox 1362 4665 1585 4737; x_wconf 84' lang='lat' dir='ltr'><strong>Propter</strong></span> <span class='ocrx_word' id='word_1_708' title='bbox 1620 4671 1757 4724; x_wconf 88' lang='lat' dir='ltr'><strong>hunc</strong></span> <span class='ocrx_word' id='word_1_709' title='bbox 1799 4672 2023 4743; x_wconf 73' lang='lat' dir='ltr'><strong>AEgypti</strong></span> 
     </span>
    </p>
   </div>
   <div class='ocr_carea' id='block_1_95' title="bbox 445 4758 2021 4826">
    <p class='ocr_par' dir='ltr' id='par_1_95' title="bbox 445 4758 2021 4826">
     <span class='ocr_line' id='line_1_95' title="bbox 445 4758 2021 4826; baseline 0.005 -15"><span class='ocrx_word' id='word_1_710' title='bbox 445 4772 640 4826; x_wconf 86' lang='lat' dir='ltr'><strong>magna</strong></span> <span class='ocrx_word' id='word_1_711' title='bbox 675 4772 799 4824; x_wconf 87' lang='lat' dir='ltr'><strong>pars</strong></span> <span class='ocrx_word' id='word_1_712' title='bbox 848 4758 1146 4817; x_wconf 74' lang='lat' dir='ltr'><strong>scarabazos</strong></span> <span class='ocrx_word' id='word_1_713' title='bbox 1192 4761 1331 4813; x_wconf 87' lang='lat' dir='ltr'><strong>inter</strong></span> <span class='ocrx_word' id='word_1_714' title='bbox 1362 4763 1581 4814; x_wconf 84' lang='lat' dir='ltr'><strong>numina</strong></span> <span class='ocrx_word' id='word_1_715' title='bbox 1622 4761 1771 4826; x_wconf 85' lang='lat' dir='ltr'><strong>colit,</strong></span> <span class='ocrx_word' id='word_1_716' title='bbox 1810 4766 2021 4819; x_wconf 79' lang='lat' dir='ltr'><strong>curiosa</strong></span> 
     </span>
    </p>
   </div>
   <div class='ocr_carea' id='block_1_96' title="bbox 446 4845 2017 4921">
    <p class='ocr_par' dir='ltr' id='par_1_96' title="bbox 446 4845 2017 4921">
     <span class='ocr_line' id='line_1_96' title="bbox 446 4845 2017 4921; baseline 0.006 -23"><span class='ocrx_word' id='word_1_717' title='bbox 446 4845 665 4911; x_wconf 82' lang='lat' dir='ltr'><strong>Apionis</strong></span> <span class='ocrx_word' id='word_1_718' title='bbox 716 4846 1165 4915; x_wconf 86' lang='lat' dir='ltr'><strong>interpretatione,</strong></span> <span class='ocrx_word' id='word_1_719' title='bbox 1214 4865 1319 4918; x_wconf 89' lang='lat' dir='ltr'><strong>qua</strong></span> <span class='ocrx_word' id='word_1_720' title='bbox 1364 4850 1583 4920; x_wconf 86' lang='lat' dir='ltr'><strong>colligat</strong></span> <span class='ocrx_word' id='word_1_721' title='bbox 1622 4852 1752 4906; x_wconf 83' lang='lat' dir='ltr'><strong>solis</strong></span> <span class='ocrx_word' id='word_1_722' title='bbox 1802 4869 2017 4921; x_wconf 86' lang='lat' dir='ltr'><strong>operum</strong></span> 
     </span>
    </p>
   </div>
   <div class='ocr_carea' id='block_1_97' title="bbox 443 4934 2017 5013">
    <p class='ocr_par' dir='ltr' id='par_1_97' title="bbox 443 4934 2017 5013">
     <span class='ocr_line' id='line_1_97' title="bbox 443 4934 2017 5013; baseline 0.008 -26"><span class='ocrx_word' id='word_1_723' title='bbox 443 4934 844 4988; x_wconf 87' lang='lat' dir='ltr'><strong>similitudinem</strong></span> <span class='ocrx_word' id='word_1_724' title='bbox 871 4937 991 4990; x_wconf 88' lang='lat' dir='ltr'><strong>huic</strong></span> <span class='ocrx_word' id='word_1_725' title='bbox 1015 4939 1238 4991; x_wconf 86' lang='lat' dir='ltr'><strong>animali</strong></span> <span class='ocrx_word' id='word_1_726' title='bbox 1262 4954 1375 4993; x_wconf 86' lang='lat' dir='ltr'><strong>esse</strong></span> <span class='ocrx_word' id='word_1_727' title='bbox 1400 4940 1468 4992; x_wconf 86' lang='lat' dir='ltr'><strong>ad</strong></span> <span class='ocrx_word' id='word_1_728' title='bbox 1499 4942 1827 4996; x_wconf 77' lang='lat' dir='ltr'><strong>excusandas</strong></span> <span class='ocrx_word' id='word_1_729' title='bbox 1851 4946 2017 5013; x_wconf 86' lang='lat' dir='ltr'><strong>gentis</strong></span> 
     </span>
    </p>
   </div>
   <div class='ocr_carea' id='block_1_98' title="bbox 442 5025 2019 5103">
    <p class='ocr_par' dir='ltr' id='par_1_98' title="bbox 442 5025 2019 5103">
     <span class='ocr_line' id='line_1_98' title="bbox 442 5025 2019 5103; baseline 0.008 -24"><span class='ocrx_word' id='word_1_730' title='bbox 442 5030 554 5079; x_wconf 80' lang='lat' dir='ltr'><strong>sua:</strong></span> <span class='ocrx_word' id='word_1_731' title='bbox 598 5026 755 5082; x_wconf 84' lang='lat' dir='ltr'><strong>ritus.</strong></span> <span class='ocrx_word' id='word_1_732' title='bbox 800 5025 976 5083; x_wconf 82' lang='lat' dir='ltr'><strong>llorus</strong></span> <span class='ocrx_word' id='word_1_733' title='bbox 1015 5039 1273 5098; x_wconf 73' lang='lat' dir='ltr'><strong>praeterea</strong></span> <span class='ocrx_word' id='word_1_734' title='bbox 1310 5031 1468 5084; x_wconf 87' lang='lat' dir='ltr'><strong>aliam</strong></span> <span class='ocrx_word' id='word_1_735' title='bbox 1511 5033 1676 5103; x_wconf 83' lang='lat' dir='ltr'><strong>hujus</strong></span> <span class='ocrx_word' id='word_1_736' title='bbox 1713 5039 2019 5090; x_wconf 81' lang='lat' dir='ltr'><strong>veneratio-</strong></span> 
     </span>
    </p>
   </div>
   <div class='ocr_carea' id='block_1_99' title="bbox 443 5116 2017 5188">
    <p class='ocr_par' dir='ltr' id='par_1_99' title="bbox 443 5116 2017 5188">
     <span class='ocr_line' id='line_1_99' title="bbox 443 5116 2017 5188; baseline 0.007 -19"><span class='ocrx_word' id='word_1_737' title='bbox 443 5116 530 5170; x_wconf 86' lang='lat' dir='ltr'><strong>nis</strong></span> <span class='ocrx_word' id='word_1_738' title='bbox 564 5131 788 5171; x_wconf 88' lang='lat' dir='ltr'><strong>causam</strong></span> <span class='ocrx_word' id='word_1_739' title='bbox 839 5117 1037 5180; x_wconf 83' lang='lat' dir='ltr'><strong>reddit,</strong></span> <span class='ocrx_word' id='word_1_740' title='bbox 1077 5119 1220 5188; x_wconf 90' lang='lat' dir='ltr'><strong>quod</strong></span> <span class='ocrx_word' id='word_1_741' title='bbox 1258 5118 1470 5175; x_wconf 87' lang='lat' dir='ltr'><strong>scilicet</strong></span> <span class='ocrx_word' id='word_1_742' title='bbox 1519 5136 1699 5178; x_wconf 85' lang='lat' dir='ltr'><strong>mares</strong></span> <span class='ocrx_word' id='word_1_743' title='bbox 1738 5124 1851 5178; x_wconf 84' lang='lat' dir='ltr'><strong>sint</strong></span> <span class='ocrx_word' id='word_1_744' title='bbox 1902 5141 2017 5180; x_wconf 92' lang='lat' dir='ltr'><strong>om-</strong></span> 
     </span>
    </p>
   </div>
   <div class='ocr_carea' id='block_1_100' title="bbox 441 5210 2012 5284">
    <p class='ocr_par' dir='ltr' id='par_1_100' title="bbox 441 5210 2012 5284">
     <span class='ocr_line' id='line_1_100' title="bbox 441 5210 2012 5284; baseline 0.008 -23"><span class='ocrx_word' id='word_1_745' title='bbox 441 5223 539 5263; x_wconf 87' lang='lat' dir='ltr'><strong>nes</strong></span> <span class='ocrx_word' id='word_1_746' title='bbox 595 5210 878 5274; x_wconf 66' lang='lat' dir='ltr'><strong>scarabaai,</strong></span> <span class='ocrx_word' id='word_1_747' title='bbox 918 5211 1064 5265; x_wconf 84' lang='lat' dir='ltr'><strong>nulla</strong></span> <span class='ocrx_word' id='word_1_748' title='bbox 1103 5210 1324 5268; x_wconf 87' lang='lat' dir='ltr'><strong>femina.</strong></span> <span class='ocrx_word' id='word_1_749' title='bbox 1356 5210 1491 5267; x_wconf 85' lang='lat' dir='ltr'><strong>Vide</strong></span> <span class='ocrx_word' id='word_1_750' title='bbox 1523 5211 1875 5284; x_wconf 81' lang='lat' dir='ltr'><strong>Rodiginum,</strong></span> <span class='ocrx_word' id='word_1_751' title='bbox 1915 5217 2012 5274; x_wconf 89' lang='lat' dir='ltr'><strong>lib.</strong></span> 
     </span>
    </p>
   </div>
   <div class='ocr_carea' id='block_1_101' title="bbox 439 5303 811 5373">
    <p class='ocr_par' dir='ltr' id='par_1_101' title="bbox 439 5303 811 5373">
     <span class='ocr_line' id='line_1_101' title="bbox 439 5303 811 5373; baseline 0.011 -19"><span class='ocrx_word' id='word_1_752' title='bbox 439 5316 559 5362; x_wconf 87' lang='lat' dir='ltr'><strong>vm.</strong></span> <span class='ocrx_word' id='word_1_753' title='bbox 600 5316 723 5373; x_wconf 91' lang='lat' dir='ltr'><strong>cap.</strong></span> <span class='ocrx_word' id='word_1_754' title='bbox 757 5303 811 5357; x_wconf 85' lang='lat'><strong>5.</strong></span> 
     </span>
    </p>
   </div>
   <div class='ocr_carea' id='block_1_102' title="bbox 508 5390 2010 5466">
    <p class='ocr_par' dir='ltr' id='par_1_102' title="bbox 508 5390 2010 5466">
     <span class='ocr_line' id='line_1_102' title="bbox 508 5390 2010 5466; baseline 0.008 -21"><span class='ocrx_word' id='word_1_755' title='bbox 508 5390 667 5458; x_wconf 90' lang='lat' dir='ltr'><strong>lbid.,</strong></span> <span class='ocrx_word' id='word_1_756' title='bbox 704 5396 904 5451; x_wconf 72' lang='lat' dir='ltr'><strong>No.59.</strong></span> <span class='ocrx_word' id='word_1_757' title='bbox 930 5398 995 5450; x_wconf 78' lang='lat' dir='ltr'><strong>Ol</strong></span> <span class='ocrx_word' id='word_1_758' title='bbox 1014 5396 1082 5449; x_wconf 83' lang='grc' dir='ltr'><strong>δὲ</strong></span> <span class='ocrx_word' id='word_1_759' title='bbox 1104 5398 1410 5466; x_wconf 78' lang='grc' dir='ltr'><strong>μύρμηκες</strong></span> <span class='ocrx_word' id='word_1_760' title='bbox 1430 5396 1554 5450; x_wconf 84' lang='grc' dir='ltr'><strong>τόν.</strong></span> <span class='ocrx_word' id='word_1_761' title='bbox 1576 5396 1831 5463; x_wconf 87' lang='lat' dir='ltr'><strong>Basilius,</strong></span> <span class='ocrx_word' id='word_1_762' title='bbox 1862 5400 2010 5457; x_wconf 89' lang='lat' dir='ltr'><strong>hom.</strong></span> 
     </span>
    </p>
   </div>
   <div class='ocr_carea' id='block_1_103' title="bbox 436 5483 2013 5561">
    <p class='ocr_par' dir='ltr' id='par_1_103' title="bbox 436 5483 2013 5561">
     <span class='ocr_line' id='line_1_103' title="bbox 436 5483 2013 5561; baseline 0.004 -24"><span class='ocrx_word' id='word_1_763' title='bbox 436 5483 487 5542; x_wconf 89' lang='lat'><strong>9.</strong></span> <span class='ocrx_word' id='word_1_764' title='bbox 524 5485 666 5539; x_wconf 91' lang='lat' dir='ltr'><strong>inter</strong></span> <span class='ocrx_word' id='word_1_765' title='bbox 690 5487 899 5557; x_wconf 83' lang='lat' dir='ltr'><strong>reliqua</strong></span> <span class='ocrx_word' id='word_1_766' title='bbox 927 5506 941 5542; x_wconf 94' lang='lat'><strong>:</strong></span> <span class='ocrx_word' id='word_1_767' title='bbox 969 5488 1258 5541; x_wconf 85' lang='grc' dir='ltr'><strong>Διακόπτει</strong></span> <span class='ocrx_word' id='word_1_768' title='bbox 1296 5488 1404 5559; x_wconf 80' lang='grc' dir='ltr'><strong>γὰρ</strong></span> <span class='ocrx_word' id='word_1_769' title='bbox 1440 5489 1562 5552; x_wconf 86' lang='grc' dir='ltr'><strong>ταῖς</strong></span> <span class='ocrx_word' id='word_1_770' title='bbox 1598 5489 1791 5542; x_wconf 79' lang='grc' dir='ltr'><strong>ἑαυτοῦ</strong></span> <span class='ocrx_word' id='word_1_771' title='bbox 1819 5492 2013 5561; x_wconf 87' lang='grc' dir='ltr'><strong>χηλαῖς</strong></span> 
     </span>
    </p>
   </div>
   <div class='ocr_carea' id='block_1_104' title="bbox 434 5577 2013 5653">
    <p class='ocr_par' dir='ltr' id='par_1_104' title="bbox 434 5577 2013 5653">
     <span class='ocr_line' id='line_1_104' title="bbox 434 5577 2013 5653; baseline 0.006 -27"><span class='ocrx_word' id='word_1_772' title='bbox 434 5577 544 5627; x_wconf 85' lang='grc' dir='ltr'><strong>τῶν</strong></span> <span class='ocrx_word' id='word_1_773' title='bbox 594 5577 822 5648; x_wconf 83' lang='grc' dir='ltr'><strong>καρπῶν</strong></span> <span class='ocrx_word' id='word_1_774' title='bbox 858 5578 919 5631; x_wconf 86' lang='grc' dir='ltr'><strong>τὸ</strong></span> <span class='ocrx_word' id='word_1_775' title='bbox 979 5579 1322 5650; x_wconf 82' lang='grc' dir='ltr'><strong>μεσαίτατον,</strong></span> <span class='ocrx_word' id='word_1_776' title='bbox 1372 5581 1450 5643; x_wconf 84' lang='grc' dir='ltr'><strong>ὡς</strong></span> <span class='ocrx_word' id='word_1_777' title='bbox 1490 5580 1557 5634; x_wconf 85' lang='grc' dir='ltr'><strong>ἂν</strong></span> <span class='ocrx_word' id='word_1_778' title='bbox 1605 5581 1678 5653; x_wconf 83' lang='grc' dir='ltr'><strong>μὴ</strong></span> <span class='ocrx_word' id='word_1_779' title='bbox 1721 5583 2013 5652; x_wconf 79' lang='grc' dir='ltr'><strong>ὲκφυέντες</strong></span> 
     </span>
    </p>
   </div>
   <div class='ocr_carea' id='block_1_105' title="bbox 434 5664 2013 5744">
    <p class='ocr_par' dir='ltr' id='par_1_105' title="bbox 434 5664 2013 5744">
     <span class='ocr_line' id='line_1_105' title="bbox 434 5664 2013 5744; baseline 0.007 -27"><span class='ocrx_word' id='word_1_780' title='bbox 434 5664 695 5735; x_wconf 71' lang='grc' dir='ltr'><strong>ἄχρηστοι</strong></span> <span class='ocrx_word' id='word_1_781' title='bbox 734 5667 869 5738; x_wconf 86' lang='grc' dir='ltr'><strong>πρὸς</strong></span> <span class='ocrx_word' id='word_1_782' title='bbox 902 5670 1108 5740; x_wconf 80' lang='grc' dir='ltr'><strong>τροφὴν</strong></span> <span class='ocrx_word' id='word_1_783' title='bbox 1146 5670 1295 5740; x_wconf 77' lang='grc' dir='ltr'><strong>αὐτῴ</strong></span> <span class='ocrx_word' id='word_1_784' title='bbox 1330 5672 1604 5738; x_wconf 79' lang='grc' dir='ltr'><strong>γένοιντο·</strong></span> <span class='ocrx_word' id='word_1_785' title='bbox 1630 5672 1725 5726; x_wconf 83' lang='grc' dir='ltr'><strong>καὶ</strong></span> <span class='ocrx_word' id='word_1_786' title='bbox 1764 5673 2013 5744; x_wconf 80' lang='grc' dir='ltr'><strong>διαψύχει</strong></span> 
     </span>
    </p>
   </div>
   <div class='ocr_carea' id='block_1_106' title="bbox 434 5758 2012 5836">
    <p class='ocr_par' dir='ltr' id='par_1_106' title="bbox 434 5758 2012 5836">
     <span class='ocr_line' id='line_1_106' title="bbox 434 5758 2012 5836; baseline 0.004 -24"><span class='ocrx_word' id='word_1_787' title='bbox 434 5758 672 5821; x_wconf 79' lang='grc' dir='ltr'><strong>τούτους,</strong></span> <span class='ocrx_word' id='word_1_788' title='bbox 713 5759 840 5812; x_wconf 80' lang='grc' dir='ltr'><strong>ὅταν</strong></span> <span class='ocrx_word' id='word_1_789' title='bbox 864 5761 1115 5831; x_wconf 76' lang='grc' dir='ltr'><strong>αἴσθηται</strong></span> <span class='ocrx_word' id='word_1_790' title='bbox 1153 5763 1331 5816; x_wconf 77' lang='grc' dir='ltr'><strong>αὐτῶν</strong></span> <span class='ocrx_word' id='word_1_791' title='bbox 1360 5764 1680 5836; x_wconf 82' lang='grc' dir='ltr'><strong>διαϐρὸχων,</strong></span> <span class='ocrx_word' id='word_1_792' title='bbox 1712 5766 1805 5819; x_wconf 72' lang='grc' dir='ltr'><strong>καὶ</strong></span> <span class='ocrx_word' id='word_1_793' title='bbox 1835 5767 1934 5819; x_wconf 85' lang='grc' dir='ltr'><strong>οὐκ</strong></span> <span class='ocrx_word' id='word_1_794' title='bbox 1955 5769 2012 5819; x_wconf 84' lang='grc' dir='ltr'><strong>ἐν</strong></span> 
     </span>
    </p>
   </div>
   <div class='ocr_carea' id='block_1_107' title="bbox 437 5849 2010 5929">
    <p class='ocr_par' dir='ltr' id='par_1_107' title="bbox 437 5849 2010 5929">
     <span class='ocr_line' id='line_1_107' title="bbox 437 5849 2010 5929; baseline 0.005 -24"><span class='ocrx_word' id='word_1_795' title='bbox 437 5850 601 5905; x_wconf 81' lang='grc' dir='ltr'><strong>παντὶ</strong></span> <span class='ocrx_word' id='word_1_796' title='bbox 626 5849 916 5921; x_wconf 83' lang='grc' dir='ltr'><strong>προϐάλλει</strong></span> <span class='ocrx_word' id='word_1_797' title='bbox 933 5852 1126 5923; x_wconf 82' lang='grc' dir='ltr'><strong>καιρῷ,</strong></span> <span class='ocrx_word' id='word_1_798' title='bbox 1148 5854 1262 5907; x_wconf 76' lang='grc' dir='ltr'><strong>ἀλλ’</strong></span> <span class='ocrx_word' id='word_1_799' title='bbox 1279 5855 1404 5908; x_wconf 79' lang='grc' dir='ltr'><strong>ὅταν</strong></span> <span class='ocrx_word' id='word_1_800' title='bbox 1433 5856 1792 5929; x_wconf 80' lang='grc' dir='ltr'><strong>προαίσθηται</strong></span> <span class='ocrx_word' id='word_1_801' title='bbox 1818 5858 1911 5912; x_wconf 75' lang='grc' dir='ltr'><strong>τοῦ</strong></span> <span class='ocrx_word' id='word_1_802' title='bbox 1928 5859 2010 5913; x_wconf 73' lang='grc' dir='ltr'><strong>ἀέ-</strong></span> 
     </span>
    </p>
   </div>
   <div class='ocr_carea' id='block_1_108' title="bbox 2125 4660 3692 4747">
    <p class='ocr_par' dir='ltr' id='par_1_108' title="bbox 2125 4660 3692 4747">
     <span class='ocr_line' id='line_1_108' title="bbox 2125 4660 3692 4747; baseline 0.012 -36"><span class='ocrx_word' id='word_1_803' title='bbox 2125 4660 2188 4711; x_wconf 85' lang='grc' dir='ltr'><strong>Εἰ</strong></span> <span class='ocrx_word' id='word_1_804' title='bbox 2237 4660 2294 4712; x_wconf 82' lang='grc' dir='ltr'><strong>δὲ</strong></span> <span class='ocrx_word' id='word_1_805' title='bbox 2347 4661 2565 4727; x_wconf 85' lang='grc' dir='ltr'><strong>πλείους</strong></span> <span class='ocrx_word' id='word_1_806' title='bbox 2614 4665 2929 4735; x_wconf 81' lang='grc' dir='ltr'><strong>ὲπάρδοιεν,</strong></span> <span class='ocrx_word' id='word_1_807' title='bbox 2978 4668 3237 4737; x_wconf 73' lang='grc' dir='ltr'><strong>ἀφθονίαν</strong></span> <span class='ocrx_word' id='word_1_808' title='bbox 3283 4672 3378 4726; x_wconf 78' lang='grc' dir='ltr'><strong>τοῦ</strong></span> <span class='ocrx_word' id='word_1_809' title='bbox 3423 4675 3692 4747; x_wconf 76' lang='grc' dir='ltr'><strong>ῥεύματος</strong></span> 
     </span>
    </p>
   </div>
   <div class='ocr_carea' id='block_1_109' title="bbox 2121 4748 3691 4838">
    <p class='ocr_par' dir='ltr' id='par_1_109' title="bbox 2121 4748 3691 4838">
     <span class='ocr_line' id='line_1_109' title="bbox 2121 4748 3691 4838; baseline 0.012 -35"><span class='ocrx_word' id='word_1_810' title='bbox 2121 4749 2263 4822; x_wconf 83' lang='grc' dir='ltr'><strong>ὁρῶν</strong></span> <span class='ocrx_word' id='word_1_811' title='bbox 2302 4748 2379 4815; x_wconf 86' lang='grc' dir='ltr'><strong>ὡς</strong></span> <span class='ocrx_word' id='word_1_812' title='bbox 2423 4752 2738 4825; x_wconf 83' lang='grc' dir='ltr'><strong>φιλοτησίας</strong></span> <span class='ocrx_word' id='word_1_813' title='bbox 2775 4757 2919 4823; x_wconf 83' lang='grc' dir='ltr'><strong>τινὸς</strong></span> <span class='ocrx_word' id='word_1_814' title='bbox 2951 4757 3009 4826; x_wconf 79' lang='grc' dir='ltr'><strong>ἐξ</strong></span> <span class='ocrx_word' id='word_1_815' title='bbox 3057 4762 3232 4816; x_wconf 83' lang='grc' dir='ltr'><strong>αὐτῶν</strong></span> <span class='ocrx_word' id='word_1_816' title='bbox 3264 4764 3691 4838; x_wconf 85' lang='grc' dir='ltr'><strong>μεταλαμϐάνει,</strong></span> 
     </span>
    </p>
   </div>
   <div class='ocr_carea' id='block_1_110' title="bbox 2120 4840 2602 4915">
    <p class='ocr_par' dir='ltr' id='par_1_110' title="bbox 2120 4840 2602 4915">
     <span class='ocr_line' id='line_1_110' title="bbox 2120 4840 2602 4915; baseline 0.01 -19"><span class='ocrx_word' id='word_1_817' title='bbox 2120 4842 2215 4896; x_wconf 73' lang='grc' dir='ltr'><strong>καὶ</strong></span> <span class='ocrx_word' id='word_1_818' title='bbox 2244 4840 2385 4897; x_wconf 84' lang='grc' dir='ltr'><strong>πίνει</strong></span> <span class='ocrx_word' id='word_1_819' title='bbox 2414 4845 2602 4915; x_wconf 82' lang='grc' dir='ltr'><strong>ἡδέως.</strong></span> 
     </span>
    </p>
   </div>
   <div class='ocr_carea' id='block_1_111' title="bbox 2188 4934 3688 5015">
    <p class='ocr_par' dir='ltr' id='par_1_111' title="bbox 2188 4934 3688 5015">
     <span class='ocr_line' id='line_1_111' title="bbox 2188 4934 3688 5015; baseline 0.011 -27"><span class='ocrx_word' id='word_1_820' title='bbox 2188 4934 2307 4989; x_wconf 92' lang='lat' dir='ltr'><strong>Col.</strong></span> <span class='ocrx_word' id='word_1_821' title='bbox 2342 4935 2469 4998; x_wconf 73' lang='lat'><strong>749,</strong></span> <span class='ocrx_word' id='word_1_822' title='bbox 2493 4937 2589 4993; x_wconf 91' lang='lat' dir='ltr'><strong>lin.</strong></span> <span class='ocrx_word' id='word_1_823' title='bbox 2614 4938 2667 4994; x_wconf 70' lang='grc'><strong>4.</strong></span> <span class='ocrx_word' id='word_1_824' title='bbox 2696 4939 2857 4995; x_wconf 80' lang='grc' dir='ltr'><strong>Μετὰ</strong></span> <span class='ocrx_word' id='word_1_825' title='bbox 2877 4939 2946 4995; x_wconf 81' lang='grc' dir='ltr'><strong>δὲ</strong></span> <span class='ocrx_word' id='word_1_826' title='bbox 2975 4943 3090 5011; x_wconf 80' lang='grc' dir='ltr'><strong>τὴν</strong></span> <span class='ocrx_word' id='word_1_827' title='bbox 3115 4944 3222 4999; x_wconf 80' lang='grc' dir='ltr'><strong>τοῦ</strong></span> <span class='ocrx_word' id='word_1_828' title='bbox 3246 4948 3495 5015; x_wconf 85' lang='grc' dir='ltr'><strong>κόσμου.</strong></span> <span class='ocrx_word' id='word_1_829' title='bbox 3532 4946 3688 5004; x_wconf 85' lang='lat' dir='ltr'><strong>Sicut</strong></span> 
     </span>
    </p>
   </div>
   <div class='ocr_carea' id='block_1_112' title="bbox 2117 5026 3688 5110">
    <p class='ocr_par' dir='ltr' id='par_1_112' title="bbox 2117 5026 3688 5110">
     <span class='ocr_line' id='line_1_112' title="bbox 2117 5026 3688 5110; baseline 0.011 -30"><span class='ocrx_word' id='word_1_830' title='bbox 2117 5026 2184 5082; x_wconf 90' lang='lat' dir='ltr'><strong>de</strong></span> <span class='ocrx_word' id='word_1_831' title='bbox 2222 5028 2494 5098; x_wconf 89' lang='lat' dir='ltr'><strong>principio</strong></span> <span class='ocrx_word' id='word_1_832' title='bbox 2529 5038 2583 5085; x_wconf 90' lang='lat' dir='ltr'><strong>et</strong></span> <span class='ocrx_word' id='word_1_833' title='bbox 2620 5034 2897 5089; x_wconf 85' lang='lat' dir='ltr'><strong>creatione</strong></span> <span class='ocrx_word' id='word_1_834' title='bbox 2926 5034 3088 5104; x_wconf 88' lang='lat' dir='ltr'><strong>hujus</strong></span> <span class='ocrx_word' id='word_1_835' title='bbox 3116 5036 3303 5091; x_wconf 87' lang='lat' dir='ltr'><strong>mundi</strong></span> <span class='ocrx_word' id='word_1_836' title='bbox 3351 5039 3514 5092; x_wconf 67' lang='lat' dir='ltr'><strong>varia:</strong></span> <span class='ocrx_word' id='word_1_837' title='bbox 3543 5042 3688 5110; x_wconf 85' lang='lat' dir='ltr'><strong>apud</strong></span> 
     </span>
    </p>
   </div>
   <div class='ocr_carea' id='block_1_113' title="bbox 2118 5121 3691 5198">
    <p class='ocr_par' dir='ltr' id='par_1_113' title="bbox 2118 5121 3691 5198">
     <span class='ocr_line' id='line_1_113' title="bbox 2118 5121 3691 5198; baseline 0.009 -24"><span class='ocrx_word' id='word_1_838' title='bbox 2118 5121 2260 5185; x_wconf 91' lang='lat' dir='ltr'><strong>illos,</strong></span> <span class='ocrx_word' id='word_1_839' title='bbox 2293 5123 2494 5191; x_wconf 90' lang='lat' dir='ltr'><strong>quibus</strong></span> <span class='ocrx_word' id='word_1_840' title='bbox 2535 5123 2719 5180; x_wconf 88' lang='lat' dir='ltr'><strong>lumen</strong></span> <span class='ocrx_word' id='word_1_841' title='bbox 2744 5125 3021 5198; x_wconf 86' lang='lat' dir='ltr'><strong>Evangelii</strong></span> <span class='ocrx_word' id='word_1_842' title='bbox 3061 5144 3171 5183; x_wconf 92' lang='lat' dir='ltr'><strong>non</strong></span> <span class='ocrx_word' id='word_1_843' title='bbox 3210 5129 3436 5193; x_wconf 82' lang='lat' dir='ltr'><strong>ail‘ulsit,</strong></span> <span class='ocrx_word' id='word_1_844' title='bbox 3467 5142 3691 5189; x_wconf 73' lang='lat' dir='ltr'><strong>contru-</strong></span> 
     </span>
    </p>
   </div>
   <div class='ocr_carea' id='block_1_114' title="bbox 2116 5216 3689 5288">
    <p class='ocr_par' dir='ltr' id='par_1_114' title="bbox 2116 5216 3689 5288">
     <span class='ocr_line' id='line_1_114' title="bbox 2116 5216 3689 5288; baseline 0.008 -21"><span class='ocrx_word' id='word_1_845' title='bbox 2116 5229 2290 5269; x_wconf 70' lang='lat' dir='ltr'><strong>versa:</strong></span> <span class='ocrx_word' id='word_1_846' title='bbox 2321 5216 2600 5270; x_wconf 74' lang='lat' dir='ltr'><strong>sententia:</strong></span> <span class='ocrx_word' id='word_1_847' title='bbox 2627 5216 2801 5281; x_wconf 88' lang='lat' dir='ltr'><strong>fuere,</strong></span> <span class='ocrx_word' id='word_1_848' title='bbox 2838 5234 2960 5288; x_wconf 67' lang='lat' dir='ltr'><strong>quae</strong></span> <span class='ocrx_word' id='word_1_849' title='bbox 2999 5235 3190 5275; x_wconf 87' lang='lat' dir='ltr'><strong>omnes</strong></span> <span class='ocrx_word' id='word_1_850' title='bbox 3216 5236 3246 5273; x_wconf 91' lang='lat' dir='ltr'><strong>a</strong></span> <span class='ocrx_word' id='word_1_851' title='bbox 3285 5222 3511 5278; x_wconf 83' lang='lat' dir='ltr'><strong>veritate</strong></span> <span class='ocrx_word' id='word_1_852' title='bbox 3535 5226 3689 5280; x_wconf 84' lang='lat' dir='ltr'><strong>aber-</strong></span> 
     </span>
    </p>
   </div>
   <div class='ocr_carea' id='block_1_115' title="bbox 2115 5309 3686 5374">
    <p class='ocr_par' dir='ltr' id='par_1_115' title="bbox 2115 5309 3686 5374">
     <span class='ocr_line' id='line_1_115' title="bbox 2115 5309 3686 5374; baseline 0.008 -14"><span class='ocrx_word' id='word_1_853' title='bbox 2115 5316 2343 5372; x_wconf 88' lang='lat' dir='ltr'><strong>rarunt;</strong></span> <span class='ocrx_word' id='word_1_854' title='bbox 2381 5309 2455 5362; x_wconf 90' lang='lat' dir='ltr'><strong>ita</strong></span> <span class='ocrx_word' id='word_1_855' title='bbox 2483 5319 2537 5364; x_wconf 89' lang='lat' dir='ltr'><strong>et</strong></span> <span class='ocrx_word' id='word_1_856' title='bbox 2577 5310 2631 5364; x_wconf 90' lang='lat' dir='ltr'><strong>in</strong></span> <span class='ocrx_word' id='word_1_857' title='bbox 2663 5312 2939 5367; x_wconf 87' lang='lat' dir='ltr'><strong>creatione</strong></span> <span class='ocrx_word' id='word_1_858' title='bbox 2985 5313 3223 5367; x_wconf 90' lang='lat' dir='ltr'><strong>hominis</strong></span> <span class='ocrx_word' id='word_1_859' title='bbox 3266 5315 3401 5368; x_wconf 84' lang='lat' dir='ltr'><strong>varii</strong></span> <span class='ocrx_word' id='word_1_860' title='bbox 3438 5315 3686 5374; x_wconf 85' lang='lat' dir='ltr'><strong>dissidiis</strong></span> 
     </span>
    </p>
   </div>
   <div class='ocr_carea' id='block_1_116' title="bbox 2115 5403 3685 5472">
    <p class='ocr_par' dir='ltr' id='par_1_116' title="bbox 2115 5403 3685 5472">
     <span class='ocr_line' id='line_1_116' title="bbox 2115 5403 3685 5472; baseline 0.005 -16"><span class='ocrx_word' id='word_1_861' title='bbox 2115 5403 2438 5472; x_wconf 89' lang='lat' dir='ltr'><strong>semetipsos</strong></span> <span class='ocrx_word' id='word_1_862' title='bbox 2483 5413 2769 5458; x_wconf 74' lang='lat' dir='ltr'><strong>vexarunt.</strong></span> <span class='ocrx_word' id='word_1_863' title='bbox 2817 5404 3048 5471; x_wconf 82' lang='lat' dir='ltr'><strong>Quidam</strong></span> <span class='ocrx_word' id='word_1_864' title='bbox 3085 5406 3230 5460; x_wconf 87' lang='lat' dir='ltr'><strong>enim</strong></span> <span class='ocrx_word' id='word_1_865' title='bbox 3278 5416 3529 5463; x_wconf 87' lang='lat' dir='ltr'><strong>naturam</strong></span> <span class='ocrx_word' id='word_1_866' title='bbox 3584 5411 3685 5465; x_wconf 86' lang='lat' dir='ltr'><strong>hu-</strong></span> 
     </span>
    </p>
   </div>
   <div class='ocr_carea' id='block_1_117' title="bbox 2114 5497 3675 5567">
    <p class='ocr_par' dir='ltr' id='par_1_117' title="bbox 2114 5497 3675 5567">
     <span class='ocr_line' id='line_1_117' title="bbox 2114 5497 3675 5567; baseline 0.005 -23"><span class='ocrx_word' id='word_1_867' title='bbox 2114 5506 2330 5545; x_wconf 84' lang='lat' dir='ltr'><strong>manam</strong></span> <span class='ocrx_word' id='word_1_868' title='bbox 2359 5501 2616 5547; x_wconf 71' lang='lat' dir='ltr'><strong>aeternam</strong></span> <span class='ocrx_word' id='word_1_869' title='bbox 2653 5504 3072 5550; x_wconf 82' lang='lat' dir='ltr'><strong>asseverarunt:</strong></span> <span class='ocrx_word' id='word_1_870' title='bbox 3107 5497 3195 5549; x_wconf 87' lang='lat' dir='ltr'><strong>alii</strong></span> <span class='ocrx_word' id='word_1_871' title='bbox 3223 5500 3458 5567; x_wconf 85' lang='lat' dir='ltr'><strong>primum</strong></span> <span class='ocrx_word' id='word_1_872' title='bbox 3502 5501 3557 5554; x_wconf 92' lang='lat' dir='ltr'><strong>in</strong></span> <span class='ocrx_word' id='word_1_873' title='bbox 3587 5498 3675 5552; x_wconf 61' lang='lat' dir='ltr'><strong>At.</strong></span> 
     </span>
    </p>
   </div>
   <div class='ocr_carea' id='block_1_118' title="bbox 2112 5585 3682 5656">
    <p class='ocr_par' dir='ltr' id='par_1_118' title="bbox 2112 5585 3682 5656">
     <span class='ocr_line' id='line_1_118' title="bbox 2112 5585 3682 5656; baseline 0.002 -18"><span class='ocrx_word' id='word_1_874' title='bbox 2112 5585 2222 5638; x_wconf 89' lang='lat' dir='ltr'><strong>tica</strong></span> <span class='ocrx_word' id='word_1_875' title='bbox 2257 5594 2418 5640; x_wconf 86' lang='lat' dir='ltr'><strong>natos</strong></span> <span class='ocrx_word' id='word_1_876' title='bbox 2450 5586 2618 5642; x_wconf 88' lang='lat' dir='ltr'><strong>fuisse</strong></span> <span class='ocrx_word' id='word_1_877' title='bbox 2660 5588 2944 5653; x_wconf 86' lang='lat' dir='ltr'><strong>homines;</strong></span> <span class='ocrx_word' id='word_1_878' title='bbox 2978 5588 3066 5642; x_wconf 85' lang='lat' dir='ltr'><strong>alii</strong></span> <span class='ocrx_word' id='word_1_879' title='bbox 3110 5591 3163 5642; x_wconf 90' lang='lat' dir='ltr'><strong>in</strong></span> <span class='ocrx_word' id='word_1_880' title='bbox 3195 5592 3465 5656; x_wconf 83' lang='lat' dir='ltr'><strong>Arcadia;</strong></span> <span class='ocrx_word' id='word_1_881' title='bbox 3497 5593 3586 5645; x_wconf 87' lang='lat' dir='ltr'><strong>alii</strong></span> <span class='ocrx_word' id='word_1_882' title='bbox 3630 5591 3682 5642; x_wconf 86' lang='lat' dir='ltr'><strong>in</strong></span> 
     </span>
    </p>
   </div>
   <div class='ocr_carea' id='block_1_119' title="bbox 2111 5673 3676 5747">
    <p class='ocr_par' dir='ltr' id='par_1_119' title="bbox 2111 5673 3676 5747">
     <span class='ocr_line' id='line_1_119' title="bbox 2111 5673 3676 5747; baseline 0.003 -18"><span class='ocrx_word' id='word_1_883' title='bbox 2111 5674 2366 5746; x_wconf 65' lang='lat' dir='ltr'><strong>Egypto.</strong></span> <span class='ocrx_word' id='word_1_884' title='bbox 2393 5673 2790 5741; x_wconf 85' lang='lat' dir='ltr'><strong>Theodoretus,</strong></span> <span class='ocrx_word' id='word_1_885' title='bbox 2818 5676 2986 5732; x_wconf 69' lang='grc' dir='ltr'><strong>(ἔναιε.</strong></span> <span class='ocrx_word' id='word_1_886' title='bbox 3010 5679 3183 5747; x_wconf 71' lang='lat' dir='ltr'><strong>a/fect.</strong></span> <span class='ocrx_word' id='word_1_887' title='bbox 3210 5680 3301 5735; x_wconf 91' lang='lat' dir='ltr'><strong>lib.</strong></span> <span class='ocrx_word' id='word_1_888' title='bbox 3326 5698 3357 5732; x_wconf 85' lang='grc' dir='ltr'><strong>ν</strong></span> <span class='ocrx_word' id='word_1_889' title='bbox 3377 5695 3395 5747; x_wconf 83' lang='grc'>;</span> <span class='ocrx_word' id='word_1_890' title='bbox 3412 5680 3676 5742; x_wconf 72' lang='lat' dir='ltr'><strong>Justinus,</strong></span> 
     </span>
    </p>
   </div>
   <div class='ocr_carea' id='block_1_120' title="bbox 2116 5764 3680 5839">
    <p class='ocr_par' dir='ltr' id='par_1_120' title="bbox 2116 5764 3680 5839">
     <span class='ocr_line' id='line_1_120' title="bbox 2116 5764 3680 5839; baseline 0.003 -22"><span class='ocrx_word' id='word_1_891' title='bbox 2116 5764 2323 5821; x_wconf 81' lang='lat' dir='ltr'><strong>Hister.</strong></span> <span class='ocrx_word' id='word_1_892' title='bbox 2358 5767 2451 5821; x_wconf 84' lang='lat' dir='ltr'><strong>lib.</strong></span> <span class='ocrx_word' id='word_1_893' title='bbox 2486 5782 2550 5831; x_wconf 88' lang='grc' dir='ltr'><strong>ιι,</strong></span> <span class='ocrx_word' id='word_1_894' title='bbox 2578 5766 2852 5822; x_wconf 75' lang='lat' dir='ltr'><strong>diuturna:</strong></span> <span class='ocrx_word' id='word_1_895' title='bbox 2870 5772 3233 5824; x_wconf 88' lang='lat' dir='ltr'><strong>contentionis</strong></span> <span class='ocrx_word' id='word_1_896' title='bbox 3277 5766 3419 5824; x_wconf 85' lang='lat' dir='ltr'><strong>inter</strong></span> <span class='ocrx_word' id='word_1_897' title='bbox 3447 5768 3680 5839; x_wconf 85' lang='lat' dir='ltr'><strong>Scythas</strong></span> 
     </span>
    </p>
   </div>
   <div class='ocr_carea' id='block_1_121' title="bbox 2112 5856 3677 5931">
    <p class='ocr_par' dir='ltr' id='par_1_121' title="bbox 2112 5856 3677 5931">
     <span class='ocr_line' id='line_1_121' title="bbox 2112 5856 3677 5931; baseline -0.001 -15"><span class='ocrx_word' id='word_1_898' title='bbox 2112 5868 2165 5917; x_wconf 87' lang='lat' dir='ltr'><strong>et</strong></span> <span class='ocrx_word' id='word_1_899' title='bbox 2209 5857 2495 5930; x_wconf 64' lang='lat' dir='ltr'><strong>Egyptios</strong></span> <span class='ocrx_word' id='word_1_900' title='bbox 2531 5856 2598 5913; x_wconf 89' lang='lat' dir='ltr'><strong>de</strong></span> <span class='ocrx_word' id='word_1_901' title='bbox 2635 5862 2852 5931; x_wconf 78' lang='lat' dir='ltr'><strong>generis</strong></span> <span class='ocrx_word' id='word_1_902' title='bbox 2881 5869 3149 5919; x_wconf 83' lang='lat' dir='ltr'><strong>vetustate</strong></span> <span class='ocrx_word' id='word_1_903' title='bbox 3185 5862 3468 5930; x_wconf 83' lang='lat' dir='ltr'><strong>meminit;</strong></span> <span class='ocrx_word' id='word_1_904' title='bbox 3494 5868 3549 5917; x_wconf 90' lang='lat' dir='ltr'><strong>et</strong></span> <span class='ocrx_word' id='word_1_905' title='bbox 3583 5874 3677 5916; x_wconf 61' lang='lat' dir='ltr'><strong>eoo</strong></span> 
     </span>
    </p>
   </div>
  </div>
