4124 6436
441 388 546 447 969

1433 375 1496 428 iN
1539 370 1912 427 EUSTATliii
1951 367 2428 423 liEXAlsMEltUN
2469 365 2594 418 ΜΠ
2610 365 2698 417 Αὖ.

3602 364 3706 420 9ἳο

439 521 561 562 rum
594 499 1218 576 argumentis‘expositis
1256 497 1528 571 Egyptiis
1574 494 1849 565 superatis
1875 492 2018 547 anti-
2047 499 2085 550 Α
2118 506 2240 544 nem
2290 493 2667 558 comparatum
2725 486 3130 556 exprimerent?
3181 485 3424 543 futurum
3469 505 3709 562 namque

441 597 663 667 quiores
702 592 935 665 Scythas
962 605 1177 661 semper
1198 588 1350 644 visos
1375 595 1583 642 narrat.

512 686 636 741 Col.
670 685 796 749 749,
830 684 941 739 lin.‘
962 683 1017 738 5.
1061 679 1146 747 Τῷ
1172 679 1292 750 μὲν
1337 677 1547 747 θερμῷ.
1595 675 1833 732 Necesse
1870 675 2015 731 enim

439 784 581 840 erat,
623 784 681 829 ut
698 774 867 828 homo
883 780 1029 842 apte,
1058 785 1124 825 ac
1155 777 1452 839 temperate
1480 766 1930 830 constitueretur,
1951 780 2020 819 ne

444 868 768 939 urgentibus
793 865 1087 920 humerum
1122 863 1254 916 hinc
1292 860 1419 916 inde
1445 858 1787 925 differentiis,
1814 865 1869 913 et
1888 873 2021 912 con-

446 959 819 1015 trarietatibus
849 956 1148 1012 distractus
1166 955 1486 1026 gravissime
1511 950 1911 1017 offenderetur;
1938 950 2019 1005 sic

441 1055 589 1109 enim
620 1059 903 1124 promptus
931 1057 987 1106 et
1018 1048 1238 1113 alacris,
1271 1048 1370 1113 illi,
1429 1046 1494 1100 ad
1522 1045 1666 1116 quod
1701 1050 2018 1107 eratnatus,

446 1146 752 1201 instructus
768 1144 1129 1207 incumberet,
1144 1141 1421 1210 mentique
1437 1138 1733 1194 deserviret
1747 1142 2022 1206 spectator

442 1252 765 1308 superarum
788 1251 992 1301 rerum,
1011 1242 1174 1305 atque
1201 1232 1527 1288 ctelestium.
1545 1231 1676 1296 Quze
1694 1229 1877 1284 omnia
1902 1229 2022 1284 aliis

445 1330 815 1385 animantibus
845 1330 1108 1400 denegata
1124 1335 1287 1383 sunt:
1311 1334 1364 1383 et
1382 1326 1485 1380 hoc
1512 1324 1729 1396 quidem
1755 1324 1985 1378 calidius
2003 1363 2018 1387 ,

445 1412 677 1491 ideoque
690 1421 1033 1485 iracundum,
1054 1434 1243 1489 rapax,
1258 1417 1551 1487 superbum
1570 1432 1584 1483 ;
1605 1415 1736 1470 illud
1749 1414 2022 1486 frigidius,

446 1512 678 1583 ideoque
704 1528 892 1583 segne,
922 1510 1270 1582 pestiferum,
1296 1508 1733 1572 somnolentum;
1766 1513 1820 1561 et
1853 1506 1932 1561 sic
1955 1506 2024 1560 de

446 1604 572 1661 aliis
614 1619 909 1674 possumus
949 1602 1342 1674 philosophari.
1376 1600 1594 1673 Optime
1636 1602 1820 1671 itaque
1850 1613 1881 1653 a
1914 1598 2024 1654 Deo

444 1702 688 1753 extrema
719 1711 1035 1766 compressa
1057 1703 1220 1763 sunt;
1248 1704 1303 1752 et
1325 1696 1489 1750 homo
1515 1694 1584 1749 ab
1609 1693 1757 1748 omni
1789 1701 1944 1764 parte
1970 1692 2023 1745 in

445 1787 622 1846 media
651 1788 885 1859 quadam
923 1786 1102 1858 frigidi
1126 1794 1181 1843 et
1208 1787 1392 1850 calidi,
1418 1784 1549 1842 sicci
1577 1794 1631 1839 et
1657 1784 1865 1838 humidi
1892 1797 2025 1837 con-

443 1877 735 1935 stitutione
747 1877 1035 1942 formatus,
1054 1876 1279 1931 mirifice
1293 1882 1577 1946 promptus
1591 1873 1658 1927 ad
1677 1881 1833 1928 actus
1855 1885 2037 1929 neces‘

443 1970 624 2026 sarius
653 1971 1008 2040 comperitur.
1042 1966 1159 2022 lloc
1194 1976 1383 2038 postea
1423 1967 1717 2021 humorum
1763 1973 2027 2036 tempera-

443 2067 687 2114 mentum
719 2058 862 2114 sicut
887 2066 941 2113 et
973 2058 1144 2111 multa
1169 2056 1273 2113 alia
1291 2056 1429 2111 dona
1454 2071 1484 2109 a
1514 2055 1627 2111 Deo
1668 2055 1772 2111 sibi
1804 2055 2022 2119 collata,

446 2161 697 2220 peccato,
732 2158 787 2205 et
815 2150 1076 2221 praecepti
1104 2149 1401 2204 violatione
1428 2148 1741 2203 infirmavit.

515 2237 676 2306 Ibid.,
708 2240 806 2295 lin.
844 2239 896 2293 7.
932 2240 1188 2310 Ἔχοντα
1227 2238 1425 2293 πάντα
1466 2238 1539 2291 τὰ
1565 2239 1741 2307 μέρη.
1789 2239 2025 2309 Ideoque

446 2343 557 2385 non
585 2329 796 2386 insulse
824 2346 925 2386 nec
949 2330 1253 2386 oscitanter
1297 2329 1496 2394 homo,
1536 2346 1729 2398 parvus
1774 2329 2021 2395 mundus,

445 2438 478 2475 ιι
530 2422 805 2493 plerisque
858 2431 1232 2494 nuncupatur.
1286 2420 1583 2492 Gregorius
1644 2420 1901 2476 Nazianz.
1968 2423 2022 2477 in

442 2513 652 2570 Christi
690 2516 1030 2571 nativitatem
1066 2534 1081 2572 :
1112 2515 1282 2570 Τοῦτο
1325 2516 1391 2588 δὴ
1430 2514 1709 2587 βουληθεὶς
1730 2514 2025 2585 ὁτεχνίτης

444 2604 813 2670 ὲπιδείξασθαι
834 2604 1022 2674 Λόγος,
1045 2604 1141 2658 καὶ
1164 2604 1301 2669 ζῶον
1322 2606 1381 2659 ἒν
1408 2605 1466 2672 ἐξ
1490 2605 1835 2677 ἀμφοτέρων,
1870 2606 2027 2677 ἀορά-

442 2712 541 2749 του
571 2712 632 2749 τε
663 2696 825 2765 λέγω,
851 2698 947 2750 καὶ
970 2697 1171 2769 ὁρατῆς
1196 2696 1431 2767 φύσεως,
1449 2696 1769 2769 δημιουργεῖ
1803 2696 1894 2751 τὸν
1929 2698 2025 2752 ἄν-

444 2786 696 2860 θρωπονο
747 2788 844 2843 καὶ
887 2788 1038 2860 παρὰ
1072 2788 1173 2858 μὲν
1204 2789 1305 2860 τῆς
1339 2788 1473 2861 ὕλης
1521 2788 1700 2842 λαϐὼν
1742 2788 1803 2844 τὺ
1844 2789 2022 2860 σῶμα,

447 2879 548 2951 ἤδη
578 2880 1015 2951 προῦποστάσης,
1050 2881 1181 2953 παρ’
1212 2880 1407 2936 ἑαυτοῦ
1437 2880 1493 2934 δὲ
1519 2878 1664 2952 ζωὴν
1691 2880 1884 2947 ἐνθεὶς,
1905 2880 1933 2933 ὃ
1959 2880 2023 2950 δὴ

447 2977 641 3039 νοερὰν
684 2969 861 3042 ψυχὴν
909 2973 1003 3025 καὶ
1033 2971 1220 3026 εἰκόνα
1253 2971 1387 3025 Θεοῦ
1443 2967 1582 3027 εἶδεν
1617 2974 1645 3024 ὁ
1670 2971 1863 3041 Λόγος,
1914 2965 2026 3025 οἷόν

445 3077 570 3115 τινα
610 3060 812 3132 κόσμον
843 3062 1092 3135 δεύτερον
1132 3065 1193 3117 ἐν
1231 3062 1411 3136 μικρῷ
1450 3063 1621 3134 μέγαν
1665 3063 1759 3117 ἐπὶ
1794 3065 1891 3134 τῆς
1923 3062 2025 3134 γῆς

2122 593 2206 641 est
2238 592 2297 640 ut
2329 584 2533 655 pariter
2558 583 2752 638 ccelum
2782 582 2887 637 hoc
2919 583 3175 645 volubile,
3204 591 3349 639 terra
3391 585 3708 642 mutationi-

2124 680 2225 734 bus
2249 677 2505 740 obnoxia,
2537 682 2735 730 cuncta
2763 674 2998 745 denique
3022 675 3108 730 his
3132 678 3550 747 comprehensa,
3579 695 3703 733 cum

2125 787 2189 826 eo
2217 771 2337 840 ipso
2395 768 2538 841 quod
2599 768 2806 832 ambit,
2869 767 3124 822 universa
3168 770 3458 826 intereant.
3498 770 3705 827 Verum

2124 869 2311 932 posset
2351 859 2670 914 Eustathius
2719 858 3092 928 respondere:
3146 874 3322 929 neque
3370 860 3542 914 solam
3588 864 3706 916 ani-

2127 970 2288 1019 mam,
2327 968 2501 1023 neque
2579 952 2754 1006 solum
2807 966 3007 1021 corpus
3070 951 3342 1007 hominem
3396 969 3553 1019 esse,
3609 957 3703 1011 sed

2127 1054 2420 1115 utrumque
2472 1058 2641 1097 unum
2692 1042 2904 1098 efﬁcere
2962 1043 3259 1108 hominem,
3311 1044 3404 1116 qui
3454 1048 3704 1116 quamvis

2127 1153 2356 1207 corpore
2405 1137 2566 1191 morti
2615 1136 2884 1191 obnoxius
2933 1136 3099 1199 vivat,
3142 1137 3327 1191 animo
3377 1144 3559 1195 tamen
3601 1142 3704 1194 imo

2130 1229 2396 1291 mortalis,
2447 1227 2762 1296 prrestantia
2808 1234 2862 1282 et
2917 1228 3258 1293 excellentia,
3289 1236 3342 1284 et
3387 1231 3608 1296 caelum,
3648 1241 3704 1288 et

2128 1329 2351 1383 terram,
2378 1327 2682 1389 caateraque
2714 1334 2835 1389 qua:
2867 1319 3142 1374 intereunt
3172 1330 3415 1390 superat,
3444 1324 3709 1377 maxima-

2128 1425 2234 1480 que
2260 1411 2313 1464 in
2342 1411 2560 1465 homine
2602 1409 2693 1462 illa
2732 1410 2850 1464 laus
2879 1419 2983 1474 cst,
3010 1424 3173 1479 quam
3219 1419 3368 1468 certe
3408 1413 3542 1467 nulli
3575 1429 3707 1469 cou-

2129 1517 2339 1560 cessam
2385 1500 2763 1572 cognovimus,
2809 1500 2856 1555 si
2897 1516 3091 1568 parvus
3124 1503 3347 1557 mundus
3381 1506 3703 1575 appellatur.

2129 1597 2248 1663 Quo
2285 1597 2505 1649 nomine
2531 1608 2640 1647 non
2671 1608 2778 1647 una
2815 1594 2981 1648 totius
3016 1594 3258 1649 universi
3289 1610 3416 1665 pars
3460 1612 3583 1652 esse
3623 1598 3704 1651 vi-

2130 1690 2309 1753 detur,
2350 1687 2444 1743 sed
2471 1694 2667 1749 totum,
2708 1694 2762 1740 et
2803 1701 2993 1742 omnes
3041 1687 3284 1742 omnium
3316 1688 3551 1758 partium
3583 1705 3708 1759 per-

2132 1780 2395 1836 fectiones
2429 1780 2483 1833 in
2514 1794 2571 1833 se
2601 1779 2718 1833 solo
2752 1778 3063 1850 complecti,
3095 1780 3241 1850 quod
3274 1781 3343 1836 de
3394 1782 3516 1836 aliis
3562 1780 3705 1836 aflir-

2071 1858 2110 1910 3
2136 1887 2286 1926 mare
2328 1885 2437 1925 non
2466 1885 2779 1940 possumus.
2830 1868 3004 1925 Homo
3042 1871 3188 1926 enim
3245 1871 3418 1936 solus,
3450 1879 3504 1926 et
3540 1872 3701 1937 cmio,

2127 1973 2180 2019 et
2210 1971 2388 2027 terrae,
2425 1970 2479 2017 et
2514 1963 2769 2017 omnibus
2799 1963 3167 2019 animantibus
3195 1979 3296 2033 par
3336 1980 3459 2021 esse
3490 1966 3715 2036 conspi-v

2126 2058 2288 2119 citur,
2319 2062 2373 2110 et
2418 2055 2660 2109 omnium
2701 2055 2931 2109 aliorum
2983 2055 3433 2126 perfectionibus,
3465 2072 3570 2111 una
3618 2057 3703 2110 sui

2125 2147 2300 2202 solius
2344 2145 2631 2215 perfectio,
2674 2161 2786 2199 non
2826 2144 3054 2200 inferior
3087 2147 3402 2216 respondet.
3432 2147 3705 2213 Quemad-

2125 2239 2345 2293 modum
2397 2236 2544 2291 enim
2592 2237 2828 2303 caelum,
2881 2245 2938 2291 ct
2988 2238 3250 2292 caelorum
3302 2240 3598 2303 varietate,
3649 2246 3705 2294 ct

2126 2338 2371 2384 motuum
2420 2329 2645 2399 perenni
2687 2336 2741 2383 et
2770 2328 3021 2383 ordinata
3062 2345 3341 2394 mensura,
3382 2333 3705 2401 suoque'iu-

2126 2422 2272 2476 fluxu
2303 2430 2522 2478 terrena
2552 2422 2667 2477 haec
2692 2430 2747 2477 et
2790 2420 2935 2477 fovet
2988 2432 3041 2477 et
3069 2423 3185 2486 alit,
3226 2423 3359 2477 nulli
3407 2424 3702 2494 ingratum,

2125 2513 2380 2570 omnibus
2409 2515 2642 2569 amicum
2681 2518 2965 2584 complexu
3002 2529 3103 2569 suo
3137 2514 3410 2581 ambiens;
3444 2516 3526 2577 sic
3564 2523 3618 2570 et
3650 2516 3702 2568 in

2126 2606 2345 2662 homine
2369 2606 2589 2661 animus
2626 2620 2691 2660 ac
2715 2621 2871 2661 mens
2902 2607 3019 2662 suis
3059 2605 3414 2662 facultatibus
3456 2608 3705 2677 corporis

2126 2705 2310 2769 partes
2339 2688 2715 2766 illuminando,
2746 2696 2815 2752 ad
2843 2696 3016 2753 officia
3059 2712 3333 2768 quamque
3375 2714 3476 2754 sua
3511 2699 3701 2769 impel-

2125 2790 2311 2856 lendo,
2340 2790 2524 2860 diri‘git
2550 2798 2606 2845 et
2635 2790 2943 2861 compellat,
2974 2790 3164 2856 vitam,
3215 2792 3463 2862 spiritus,
3500 2801 3704 2855 motus,

2127 2890 2182 2940 et
2227 2893 2483 2940 sexcenta
2527 2882 2632 2937 alia
2656 2883 2984 2954 clargiendo.
3039 2882 3106 2938 Et
3128 2883 3275 2953 quod
3309 2883 3704 2947 admirabilius,

2127 2990 2237 3032 non
2271 2985 2529 3047 tanquam
2554 2975 2681 3046 quid
2712 2984 2884 3041 motu,
2931 2991 3099 3032 sensu
3148 2990 3214 3031 ac
3264 2977 3478 3033 ratione
3512 2992 3707 3033 careas

2127 3067 2196 3123 ad
2244 3069 2590 3149 operationes
2638 3069 2692 3123 vi
2722 3069 2956 3139 quadam
3006 3069 3246 3123 naturali
3299 3069 3554 3135 ducitur,
3611 3070 3707 3125 sed

448 3155 571 3228 ἵστη
580 3173 681 3222 σιν,
703 3154 931 3226 ἄγγελον
955 3157 1113 3212 ἄλλον
1137 3157 1514 3230 προσκυνητὴν
1543 3157 1753 3228 μικτὸν,
1781 3156 2024 3227 ὲπόπτην

2128 3160 2282 3230 prius
2312 3175 2374 3214 re
2415 3161 2710 3226 intellecta,
2737 3159 2957 3215 tandem
2987 3160 3094 3215 sibi
3140 3161 3300 3215 finem
3330 3162 3605 3231 proponit,
3640 3162 3707 3215 ad

447 3250 549 3320 τῆς
575 3249 777 3320 ὁρατῆς
808 3250 1060 3313 κτίσεως,
1095 3247 1304 3319 μύστην
1331 3246 1432 3317 τῆς
1455 3246 1772 3318 νοουμένης,
1804 3245 2026 3317 βασιλέα

2127 3267 2290 3322 quem
2323 3266 2423 3309 sua
2455 3251 2664 3321 dirigit,
2694 3266 2804 3305 non
2827 3252 3204 3316 c0a_ctus,'sed
3239 3251 3400 3315 liber,
3445 3266 3510 3307 ac
3540 3253 3706 3307 veluti
3798 3250 3809 3257 “

448 3342 560 3396 τῶν
597 3343 691 3396 ἐπὶ
727 3343 852 3411 γῆς,
894 3341 1310 3413 βασιλευόμενον
1354 3339 1596 3404 ἄνωθεν,
1640 3339 1880 3407 ἐπίγειον
1934 3340 2028 3392 καὶ

448 3434 721 3505 οὐράνιον,
748 3434 1083 3506 πρόσκαιρον
1107 3434 1203 3487 καὶ⁴
1234 3433 1522 3496 ἀθάνατον,
1549 3432 1742 3503 ὁρατὸν
1774 3430 1868 3485 καὶ
1889 3430 2032 3483 νοού-

454 3538 634 3591 μενον,
668 3520 828 3591 μέσον
864 3521 1129 3598 μεγωους
1175 3522 1267 3574 καὶ
1303 3521 1706 3590 ταπεινότητος,
1739 3520 1832 3573 τὸν
1867 3520 2028 3574 αὐτὸν

452 3610 670 3680 πνεῦμα
702 3609 798 3665 καὶ
828 3613 1026 3682 σάρκα,
1067 3612 1281 3682 πνεῦμα
1304 3611 1390 3665 διὰ
1405 3611 1506 3683 τὴν
1535 3611 1717 3681 χάριν,
1739 3611 1915 3682 σάρκα
1942 3610 2030 3663 διὰ

450 3700 549 3770 τὴν
580 3700 829 3772 ἔπαρσιν,
862 3702 925 3754 τὸ
960 3702 1059 3772 μὲν
1089 3702 1176 3756 ἵνα
1213 3701 1369 3773 μένῃ,
1402 3701 1494 3755 καὶ
1513 3698 1714 3771 δοξάζῃ
1756 3699 1846 3752 τὸν
1876 3701 2030 3771 εὐερ-

450 3792 639 3864 γέτην,
658 3793 720 3845 τὸ
747 3793 804 3845 δὲ
830 3793 916 3847 ἵνα
939 3794 1145 3866 πάσχῃ,
1172 3794 1264 3847 καὶ
1293 3793 1500 3862 πάσχον
1523 3793 2027 3863 ὑπομιμνήσκηται,

453 3884 547 3938 καὶ
603 3885 942 3956 παιδεὺηται,
984 3885 1060 3957 τῷ
1111 3874 1328 3957 μεγέθει
1385 3883 1852 3955 φιλοτιμούμενος,
1892 3881 2029 3946 ζῶον

452 3973 685 4028 ἐνταῦθα
718 3974 1187 4046 οἰκονομούμενον,
1217 3977 1312 4029 καὶ
1340 3973 1573 4045 ἀλλαχοῦ
1617 3973 2026 4045 μεθιστάμενον,

451 4065 548 4116 καὶ
578 4064 750 4135 πέρας
783 4065 876 4118 τοῦ
911 4066 1210 4137 μυστηρίου
1244 4069 1308 4138 τῇ
1343 4066 1478 4137 πρὸς
1506 4066 1638 4119 Θεὸν
1667 4063 1844 4118 νεύσει
1879 4063 2029 4119 θεού-

457 4169 636 4223 μενον.
662 4152 900 4217 Nicetas,
926 4153 1233 4210 Comment.
1255 4158 1308 4209 in
1325 4156 1575 4210 eumdem
1597 4173 1611 4209 :
1630 4156 1742 4209 Kal.
1765 4154 1926 4226 ἔθηκε
1938 4155 2029 4208 τὸν

450 4244 737 4316 ἄνθρωπον
758 4246 854 4298 ἐπὶ
878 4246 976 4316 τῆς
994 4247 1097 4317 γῆς
1130 4247 1304 4315 μέγαν
1326 4246 1527 4317 κόσμον
1549 4250 1606 4301 ὲν
1630 4246 1811 4318 μικρῷ
1839 4247 2029 4316 κόσμῳ

450 4333 531 4406 τῷ
565 4335 826 4408 αἰσθητῷ.
861 4336 1072 4409 Μικρὸς
1097 4337 1207 4409 γὰρ
1246 4339 1276 4390 ὁ
1312 4336 1501 4410 παρὼν
1530 4338 1731 4409 κόσμος
1767 4338 1903 4409 πρὸς
1938 4337 2029 4390 τὸν

449 4425 758 4498 ἄνθρωπον,
784 4422 847 4482 οὗ
874 4427 1034 4482 ἓνεκα
1060 4430 1239 4482 πάντα
1264 4429 1508 4498 ἐγένοντο
1526 4445 1539 4458 ·
1563 4428 1624 4482 τὸ
1645 4428 1753 4501 γὰρ
1777 4422 1837 4480 οὗ
1867 4428 2028 4481 ἕνεκα

2130 3342 2384 3398 dominus
2412 3341 2679 3397 ministris
2710 3348 2770 3394 ut
2796 3341 2902 3395 sibi
2924 3340 3194 3410 placuerit
3222 3341 3518 3411 imperans.
3543 3340 3705 3407 Quod

2129 3435 2267 3492 nulli
2305 3434 2395 3489 alii
2421 3446 2742 3489 concessum
2777 3439 2881 3498 est,
2914 3438 3126 3485 tantum
3159 3431 3314 3487 abest
3354 3443 3413 3486 ut
3462 3433 3625 3503 pulici
3650 3443 3706 3488 et

2130 3526 2294 3581 muri.
2348 3523 2468 3591 Quo
2507 3525 2779 3593 praeconio
2832 3538 2896 3579 ac
2944 3523 3105 3578 laude
3144 3523 3275 3593 quid
3321 3527 3708 3594 praestantius?

2130 3618 2261 3689 quid
2287 3617 2593 3674 excelsius?

2201 3708 2362 3772 lbid.,
2391 3708 2486 3762 lin.
2527 3708 2580 3762 8.
2617 3707 2844 3776 ’Ὠσπερ
2877 3707 2986 3776 γὰρ
3012 3708 3051 3775 ἠ
3077 3705 3177 3775 γῆ.
3196 3706 3349 3762 Haud
3380 3708 3580 3771 dubiis,
3608 3708 3705 3764 scd

2140 3800 2468 3857 certissimis
2513 3797 2832 3853 orationibus
2880 3804 3098 3852 constat
3140 3806 3339 3852 terram
3377 3800 3567 3854 mundi
3615 3808 3706 3854 to-

2134 3894 2247 3949 tius
2285 3892 2540 3956 mediam,
2588 3899 2641 3945 et
2682 3890 2839 3960 quasi
2886 3900 3153 3945 centrum.
3208 3889 3439 3957 Plinius,
3476 3894 3513 3946 l.
3560 3909 3620 3957 ιι,
3653 3909 3704 3950 c.

2131 3985 2221 4050 69,
2255 3984 2505 4055 plurimis
2538 3983 2591 4037 id
2620 3983 2955 4053 argumentis
2982 3983 3252 4053 probavit.
3287 3981 3470 4040 Primo
3496 4000 3565 4039 ex
3593 4000 3709 4041 cer-

2130 4077 2203 4131 tis
2236 4076 2388 4130 horis
2438 4074 2770 4144 aequinoctii,
2826 4074 3069 4128 secundo
3102 4089 3169 4129 ex
3202 4073 3452 4145 dioptris,
3487 4090 3585 4130 seu
3618 4077 3705 4130 in-

2132 4173 2557 4222 strumentorum
2603 4165 2845 4235 regulis;
2896 4165 3058 4220 tertio
3102 4180 3135 4217 a
3175 4165 3451 4221 solstitiali
3489 4175 3703 4223 exortu.

2131 4257 2467 4322 Cleomedes,
2517 4256 2612 4312 lib.
2650 4272 2667 4310 ι
2704 4254 2949 4320 Meteon,
2981 4256 3255 4312 uberrime
3298 4256 3355 4311 id
3394 4257 3537 4312 idem
3578 4273 3708 4329 pro-

2131 4350 2237 4404 bat
2266 4349 2335 4403 ab
2380 4349 2697 4403 umbrarum
2743 4347 3080 4403 differentiis.
3123 4348 3467 4414 Aristoteles,
3517 4349 3612 4406 lib.
3663 4366 3705 4405 ιι

2132 4440 2211 4495 De
2238 4441 2388 4506 calo,
2416 4455 2538 4510 cap.
2582 4440 2670 4505 14,
2702 4440 2951 4511 pluribus
3000 4440 3323 4509 confirmat;
3374 4449 3429 4497 et
3476 4442 3571 4499 lib.
3627 4444 3707 4498 De

455 4515 639 4587 μεῖζον
660 4519 756 4570 καὶ
788 4515 1011 4584 τιμιὼτε
1022 4534 1111 4589 ρον
1128 4534 1143 4550 ο
1176 4519 1269 4571 καὶ
1296 4519 1594 4590 κατέστησε
1621 4520 1712 4572 τὸν
1743 4519 2026 4590 ἄνθρωπον

2134 4534 2317 4588 mundi
2347 4532 2556 4603 fabrica
2601 4532 2669 4587 ad
2712 4532 2976 4588 Alexand.
3008 4530 3163 4588 Unde
3209 4531 3498 4592 Lucretius
3521 4543 3705 4607 poeta,

456 4607 677 4678 βασιλέα
710 4606 819 4660 τῶν
856 4607 961 4660 ὑπὸ
987 4607 1085 4678 τὴν
1109 4607 1336 4679 σελήνην
1370 4609 1644 4674 ἁπάντων,
1677 4609 1765 4663 ἴνα
1791 4609 2023 4681 δεσπόζῃ

452 4696 563 4753 τῶν
594 4698 685 4751 ὑπ’
732 4697 897 4752 αὐτοῦ
936 4700 1241 4769 γενομένων
1277 4700 1613 4770 κτισμάτων.
1667 4698 1806 4756 Vide
1852 4701 2027 4771 Chry-

452 4797 755 4846 sostomum
786 4804 1039 4845 sermone
1091 4790 1150 4844 in
1182 4805 1432 4861 magnam
1464 4789 1822 4848 Parasceven.
1855 4790 2027 4847 Geor-

454 4879 578 4952 gius
608 4879 841 4947 Pisides,
876 4879 952 4934 De
981 4881 1213 4936 vanitate
1233 4883 1386 4946 vim,

515 5014 519 5018 »
562 4972 817 5044 Σμικρὸς
839 4972 951 5044 γάρ
968 4974 1101 5028 ἐστι
1118 4975 1347 5044 κόσμος
1369 4972 1683 5044 ἀνθρώπου
1714 4974 1918 5044 φύσις.

526 5063 821 5137 Gregorius
865 5073 1048 5119 tamen
1089 5064 1389 5136 Nyssenus,
1422 5064 1498 5120 De
1539 5066 1745 5135 api/icio
1781 5066 2027 5133 hominis,

460 5168 581 5225 cap.
626 5156 717 5223 l6,
745 5157 963 5213 videtur
992 5158 1301 5229 improbare
1334 5174 1523 5214 eorum
1566 5161 1900 5231 opinionem,
1933 5161 2028 5231 qui

461 5260 586 5300 cum
609 5247 882 5305 hominem
904 5249 1400 5314 vellentextollere,
1416 5251 1538 5321 ejus
1559 5264 1683 5308 cum
1702 5252 1804 5307 hoc
1825 5253 2029 5307 mundo

462 5335 612 5392 facta
629 5339 940 5406 collatione,
967 5356 1188 5410 parvum
1203 5340 1455 5395 mundum
1473 5352 1740 5397 vocavere
1758 5359 1774 5407 ;
1804 5340 2027 5411 indigna

459 5430 608 5484 enim
677 5429 928 5486 humanae
989 5430 1329 5488 excellentia:
1401 5432 1837 5503 imaginabatur,
1904 5447 2028 5487 cum

462 5520 579 5575 haec
635 5521 747 5576 sint
795 5524 1125 5591 communia,
1175 5530 1228 5579 et
1277 5524 1441 5579 culici
1489 5532 1545 5580 et
1585 5526 1750 5588 muri,
1795 5539 1921 5578 cum
1976 5532 2032 5579 et

461 5611 579 5667 haec
606 5628 672 5668 ex
702 5620 937 5681 quatuor
974 5624 1228 5670 constent
1266 5615 1571 5678 elementis,
1603 5622 1658 5670 et
1698 5630 1863 5670 sensu
1894 5630 2031 5684 prte—

459 5702 575 5758 dita
624 5703 755 5758 sint.
794 5703 936 5770 Quid
978 5706 1103 5763 inde
1139 5707 1360 5777 dignum
1389 5707 1608 5761 homine
1650 5708 2029 5778 loquebantur,

461 5794 590 5852 dum
627 5796 898 5852 hominem
935 5797 1004 5851 ad
1047 5799 1234 5853 mundi
1284 5799 1571 5866 imaginem
1622 5807 1676 5855 et
1720 5798 2033 5856 similitudi-

737 5893 1010 5953 ΡΑτιιοι.
1055 5894 1171 5955 Gn.
1220 5893 1453 5958 XVili.

2128 4626 2222 4682 lib.
2256 4642 2291 4679 v
2323 4645 2338 4681 :

2202 4741 2466 4814 Terraque
2494 4748 2554 4795 ut
2581 4741 2637 4814 in
2662 4742 2835 4814 media
2848 4742 3039 4814 mundi
3067 4743 3272 4812 regione
3295 4745 3550 4814 quiescat,

2198 4811 2453 4882 Partibus
2479 4812 2645 4867 aereis
2674 4813 2879 4874 mundi,
2909 4813 3095 4882 quibus
3121 4811 3316 4876 insita,
3329 4814 3476 4869 vivit.

2200 4881 2488 4953 Propterea
2510 4898 2613 4936 non
2636 4891 2716 4953 est
2743 4881 3095 4953 oneri,rneque
3113 4883 3361 4953 deprimit
3389 4901 3570 4948 auras,

2204 4949 2273 5005 Ut
2300 4949 2402 5006 sua
2427 4952 2611 5022 cuique
2640 4952 2839 5007 homini
2875 4949 3023 5006 nullo
3053 4955 3159 5008 sint
3178 4949 3418 5023 'pondere
3450 4954 3706 5010 membra.

2130 5061 2388 5117 Plurimis
2434 5060 2502 5116 de
2549 5061 2653 5116 hac
2701 5077 2764 5117 re
2815 5061 3149 5132 philosophi.
3205 5063 3342 5121 illud
3390 5073 3571 5123 tamen
3613 5067 3705 5120 hic

2130 5152 2432 5208 notandum
2477 5169 2545 5208 ex
2580 5153 2683 5208 hoc
2730 5161 2976 5219 auctore,
3029 5163 3230 5211 terram
3274 5172 3308 5212 a
3351 5158 3565 5214 duobus
3593 5160 3704 5215 ele-

2133 5246 2352 5308 mentis,
2384 5259 2511 5301 aere
2553 5245 2761 5302 scilicet
2790 5253 2845 5300 et
2880 5261 3055 5318 aqua,
3093 5248 3410 5321 circumagi.
3444 5249 3704 5317 Quamvis

2132 5335 2278 5390 enim
2324 5349 2490 5404 supra
2526 5341 2726 5390 terram
2774 5350 2946 5405 aquas
2991 5323 3221 5392 diffundi
3263 5354 3491 5396 necesse
3532 5349 3701 5406 esset,

2134 5435 2316 5482 tamen
2361 5426 2416 5481 id
2459 5426 2641 5482 divina
2687 5427 2985 5497 contigisse
3017 5429 3402 5498 providentia:
3443 5449 3514 5489 ne
3547 5434 3706 5505 aquis

2135 5533 2236 5573 nos
2263 5518 2512 5573 homines
2555 5518 2795 5573 obvoluti
2841 5519 3231 5577 sull‘ocaremur
3267 5524 3567 5584 intercluso
3595 5529 3708 5599 spi-

2138 5611 2270 5672 ritu,
2302 5609 2399 5667 sed
2427 5625 2552 5666 aere
2582 5609 2916 5668 circumfuso
2948 5613 3302 5684 spiraremus.

2207 5702 2367 5768 lbid.,
2420 5704 2517 5756 lin.
2584 5704 2669 5757 Η.
2726 5704 2889 5758 Οὕτω
2933 5704 3010 5774 δὴ
3049 5706 3147 5761 καὶ
3189 5711 3222 5762 ό
3276 5709 3372 5765 ἄν.
3424 5710 3500 5767 De
3541 5712 3710 5778 admi,

2136 5796 2311 5863 raeda
2340 5797 2591 5852 .hominis
2626 5805 2901 5855 structura
2940 5801 3095 5870 plura
3141 5804 3349 5874 antiqui
3382 5789 3710 5876 philosoplu

3279 5897 3346 5956 3i
