4124 6416
461 344 566 405 971

1739 338 1991 396 LEONIS
2030 334 2310 392 ALLATll

3611 333 3719 392 97‘]

459 465 514 511 et
539 453 729 509 Patres
775 452 1008 509 Basilius
1067 450 1294 526 Magnus
1313 492 1327 518 ,
1375 450 1670 523 Gregorius
1713 449 1996 522 Nyssenus
2017 490 2031 513 ,
2066 463 2105 518 Α
2137 445 2499 501 abhorruisse
2528 445 2819 516 aliquando
2847 445 3082 513 videtur,
3104 445 3409 502 Comment.
3439 461 3597 515 super
3615 445 3723 501 Ec-

460 546 694 603 Basilius
748 544 1063 608 Seleucius,
1107 544 1426 608 Nemesius,
1474 543 1819 605 Ambrosius,
1861 541 2035 598 Geor-

458 640 580 711 gius
602 636 834 701 Pisides,
864 637 936 691 ita
969 648 1026 690 ut
1053 636 1278 690 minime
1307 650 1486 707 operae
1518 636 1751 705 pretium
1777 634 1849 689 sit
1877 634 2035 704 plura

461 730 519 784 in
547 729 739 784 horum
770 726 1039 782 dictarunt
1099 727 1513 797 explicationem
1552 740 1867 794 congerere.
1902 724 2039 781 Vide

459 831 719 895 praeterea
765 820 1030 876 Galenum
1087 820 1165 874 De
1205 837 1303 874 usu
1351 821 1605 890 partium,
1654 818 2034 890 Theophilum,

458 917 756 979 Melutium,
783 915 1055 970 Andream
1082 911 1384 968 Vessalium
1416 924 1470 968 et
1498 914 1656 968 alios.

529 1010 647 1065 Col.
665 1007 788 1071 749,
822 1007 918 1062 lin.
949 1007 1040 1061 25.
1070 1003 1179 1058 Τὸν
1201 1003 1514 1073 ἄνθρωπον
1539 1005 1607 1057 ἐκ
1632 1004 1743 1073 τῆς
1774 1002 1905 1074 γῆς.
1928 1001 2039 1056 Nu-

460 1101 749 1173 gacissime
782 1100 837 1153 in
871 1099 973 1165 hac
1009 1113 1068 1152 re
1111 1096 1346 1151 delirant
1387 1093 1781 1159 Mahumetani,
1821 1078 1913 1164 qui
1957 1096 2039 1150 di-

461 1201 594 1247 cunt
631 1189 799 1247 Deum
839 1202 1055 1243 creasse
1107 1186 1369 1240 mundum
1412 1201 1479 1239 ex
1532 1185 1753 1255 pulvere
1796 1185 2036 1239 omnium

461 1285 724 1349 colorum,
758 1290 813 1337 et
845 1280 1110 1334 Adamum
1145 1293 1212 1332 ex
1243 1278 1372 1331 limo
1400 1277 1579 1332 omnis
1608 1276 1825 1347 generis
1860 1284 2036 1331 terra-

462 1393 602 1433 rum.
634 1374 768 1430 Nam
821 1373 866 1428 si
919 1372 1149 1427 fuissent
1200 1369 1365 1423 unius
1416 1367 1771 1438 ejusdemque
1815 1368 2038 1431 coloris,

460 1482 651 1525 omnes
680 1482 767 1522 res
804 1463 1033 1519 invicem
1081 1460 1288 1518 similes
1339 1460 1550 1516 futuras
1590 1459 1779 1522 fuisse,
1813 1474 1914 1514 nec
1942 1460 2039 1513 ho-

464 1563 660 1615 minem
697 1572 861 1613 unum
894 1557 963 1612 ab
991 1555 1202 1609 alterno
1235 1554 1444 1609 secerni
1487 1553 1749 1622 potuisse.
1791 1549 2038 1606 Ridicula

460 1658 587 1715 item
631 1663 712 1711 est
763 1652 1081 1708 Mohametis
1109 1650 1356 1707 doctrina
1410 1651 1477 1704 de
1520 1648 1729 1703 factura
1777 1648 2038 1706 hominis.

456 1765 563 1822 qua
594 1749 727 1805 dicit
770 1747 1047 1803 hominem
1096 1761 1162 1802 ex
1194 1744 1383 1812 humo,
1416 1744 1563 1800 stilla
1599 1743 1904 1798 hirundinis
1927 1742 2043 1798 sive

2142 536 2408 597 clesiast.;
2440 533 2754 604 Cajetanns,
2790 538 2846 590 in
2870 536 3063 605 psalnt.
3100 550 3312 603 cxxxv;
3351 537 3718 606 Augustinus,

2144 626 2238 681 lib.
2281 641 2319 679 ιι
2352 624 2429 679 De
2468 626 2652 681 Cenes.
2686 627 2754 680 ad
2806 628 2936 691 litt.,
2976 642 3098 697 cap.
3159 627 3249 693 18,
3291 636 3345 682 et
3386 625 3611 680 Encltir.
3648 629 3718 680 ad

2143 716 2508 779 Laurentium,
2541 733 2661 787 cap.
2692 718 2782 773 58.
2835 716 3112 774 Relellunt
3155 732 3277 772 eam
3327 716 3561 774 Basilius
3605 718 3716 774 Ma-

2142 823 2304 879 gnus,
2339 808 2539 863 bom.5
2567 810 2623 862 in
2649 808 2930 875 Ilexaem.,
2949 819 3004 864 et
3032 808 3425 872 Damascenus,
3445 808 3540 863 lib.
3574 823 3613 861 ιι
3644 807 3723 862 De

2143 899 2247 967 ﬁde
2269 900 2642 971 orthod.,cap.
2678 901 2732 955 6.
2766 900 2908 967 Quid
2948 900 3020 956 sit
3051 901 3108 956 in
3142 902 3247 955 hac
3282 916 3342 955 re
3377 899 3721 957 sentiendum

2143 992 2346 1059 optime
2376 992 2610 1061 explicat
2645 990 2703 1045 S.
2739 990 3001 1057 Thomas,
3035 1008 3052 1046 ι
3095 1000 3264 1062 part.,
3318 1000 3511 1062 quiest.
3544 992 3632 1059 70,
3657 1004 3721 1048 et

2146 1098 2316 1152 nuper
2337 1084 2405 1137 dc
2439 1083 2541 1137 hac
2570 1084 2759 1138 eadem
2784 1099 2844 1139 re
2872 1084 3141 1155 singulari
3181 1085 3403 1154 pietate,
3443 1095 3499 1140 et
3535 1084 3724 1140 erudi-

2145 1174 2293 1229 tione
2312 1175 2415 1240 vir,
2444 1181 2497 1229 et
2525 1175 2629 1229 mei
2672 1175 3039 1231 amicissimus
3060 1175 3239 1230 Julius
3270 1176 3451 1231 Ctesar
3472 1175 3718 1247 Lagalla,

2145 1265 2387 1319 libellum
2417 1267 2485 1321 de
2514 1266 2618 1320 hac
2639 1281 2699 1321 re
2723 1267 3048 1336 scripserat;
3078 1283 3241 1337 quem
3271 1283 3375 1337 ego
3403 1268 3474 1322 ob
3500 1269 3722 1338 elegan-

2145 1356 2298 1418 tiam,
2340 1363 2395 1410 et
2445 1355 2707 1410 doctrina:
2743 1356 3114 1426 peripatetica":
3152 1372 3421 1410 summam
3446 1359 3721 1426 peritiam,

2143 1446 2271 1501 dum
2294 1444 2671 1518 Haidelbergaa
2692 1463 3084 1511 commorarer,
3107 1449 3348 1503 maximo
3370 1449 3723 1521 philosopho-

2144 1553 2266 1591 rum
2287 1537 2557 1595 desiderio
2575 1539 2842 1594 edendum
2866 1540 3075 1596 curavi.
3096 1538 3270 1606 Quem
3294 1541 3497 1608 adesis,
3525 1541 3719 1607 lector,

2145 1631 2190 1685 si
2222 1647 2372 1702 purae
2406 1632 2766 1703 philosophia:
2796 1630 3038 1687 fontibus
3069 1632 3393 1698 delectaris;
3439 1634 3489 1690 si
3531 1643 3721 1691 nostra

2146 1722 2261 1776 haec
2285 1732 2528 1792 tempora
2551 1720 2952 1793 antiquioribus
2998 1723 3125 1791 illis,
3185 1740 3286 1781 nec
3331 1723 3591 1780 inferiora
3621 1727 3713 1779 lit-

456 1810 822 1914 sanguisuga,
849 1846 903 1895 et
933 1810 1566 1892 manducationerlictum
1599 1850 1738 1890 esse.
1774 1833 1920 1889 Ordo
1947 1835 2038 1904 qui
2073 1810 2115 1871 Β
2149 1815 2306 1873 teris.
2333 1830 2433 1869 nec
2472 1813 2899 1885 cogitationibus
2935 1814 3285 1882 obscuriora,
3321 1832 3421 1872 nec
3450 1817 3722 1874 methodis

455 1936 779 1990 observatur
816 1944 981 2000 super
1019 1928 1087 1986 iis
1138 1930 1290 1999 quia
1326 1926 1616 1982 Saracenis
1655 1926 1729 1980 ad
1773 1925 2040 1980 Christia-

454 2042 583 2082 nam
626 2024 785 2079 l'tdem
835 2038 895 2079 se
941 2027 1304 2077 convertunt:
1346 2017 1756 2088 Ἀναθεματίζω
1785 2016 1881 2089 τὴν
1910 2019 2041 2090 περὶ

454 2119 553 2189 τῆς
603 2114 850 2177 πλάσεως
884 2111 978 2165 τοῦ
1039 2108 1324 2181 ἀνθρώπου
1363 2108 1710 2163 διδασκαλίαν
1743 2107 1834 2161 τοῦ
1876 2109 2041 2162 Μωά-

458 2209 576 2281 μεδ,
613 2210 670 2261 ἐν
768 2221 953 2276 φησιν,
999 2203 1081 2256 ὅτι
1126 2200 1375 2273 ἐπλάσθη
1410 2203 1439 2254 ὁ
1479 2200 1761 2272 ἄνθρωπος
1787 2200 1895 2253 ἀπὸ
1932 2200 2039 2271 χώ-

459 2316 625 2373 ματος
666 2297 761 2351 καὶ
794 2294 1077 2362 σταγόνος,
1118 2292 1213 2345 καὶ
1247 2292 1497 2364 pssum,
1533 2291 1628 2344 καὶ
1664 2293 2037 2362 μασσήματος.

456 2395 524 2449 Et
548 2390 876 2463 Euthymius
909 2387 963 2441 in
1015 2384 1316 2453 l’nnoplia:
1381 2382 1480 2437 Ἐκ
1507 2382 1728 2455 βδέλλης
1758 2383 2041 2454 ἄνθρωπον

457 2483 705 2555 γίνεσθαι
748 2480 916 2547 λέγει.
960 2475 1122 2532 Ἀλλὰ
1170 2475 1286 2540 πῶς
1334 2476 1398 2529 ἐκ
1472 2474 1564 2530 τοῦ
1615 2475 1938 2546 άτιμοτάτου
1981 2472 2043 2529 τὸ

456 2575 806 2649 τιμιώτατον,
832 2572 926 2625 καὶ
952 2572 1016 2622 ὲκ
1044 2567 1136 2621 τοῦ
1160 2566 1354 2636 ἀλόγου
1380 2565 1442 2620 τὸ
1471 2564 1706 2635 λογικὸν,
1739 2565 1834 2618 καὶ
1860 2565 1923 2617 ὲκ
1948 2562 2041 2617 τοῦ

458 2668 694 2740 φευκτοῦ
730 2668 790 2721 τὸ
816 2666 1041 2731 εὐκτόν;
1072 2664 1185 2720 Nec
1209 2661 1392 2718 minus
1422 2660 1821 2716 Mahumetanis
1844 2660 2038 2715 absur-

457 2766 563 2820 dus
589 2761 920 2817 Franciscus
948 2758 1234 2829 Georgius,
1266 2755 1361 2826 qui
1392 2754 1461 2810 de
1487 2754 1617 2809 limo
1646 2761 1804 2809 terra:
1849 2759 1924 2807 ita
1948 2768 2045 2808 ex-

455 2857 645 2929 plicet,
672 2863 733 2909 ut
758 2851 1071 2918 concludat,
1099 2849 1335 2903 animam
1360 2853 1571 2901 tantum
1587 2861 1709 2902 esse
1729 2843 2041 2909 hominem;

457 2954 535 3009 ita
564 2951 708 3006 οιιίιιι
737 2948 854 3002 ait:
898 2943 1171 3000 Formavit
1213 2939 1355 2996 Deus
1392 2938 1653 2993 hominem
1692 2951 1953 3007 puwerem
1981 2932 2044 2989 de

461 3058 624 3109 terra,
657 3044 709 3097 id
735 3051 834 3105 est,
868 3038 1040 3095 induit
1064 3053 1182 3092 eum
1214 3044 1350 3090 veste
1376 3042 1568 3098 terrea,
1592 3044 1779 3099 corpus
1808 3026 2044 3083 videlicet

461 3149 742 3194 terrenum.
792 3131 977 3188 Primo
1018 3131 1157 3185 enim
1197 3126 1337 3181 Deus
1387 3122 1611 3179 decrevit
1654 3120 1915 3175 hominem
1958 3118 2046 3187 {a-

460 3248 608 3298 cere;
641 3239 823 3300 postea
863 3225 1054 3281 creavit
1075 3239 1193 3278 eum
1209 3222 1266 3275 in
1288 3218 1452 3281 caelo;
1478 3217 1631 3271 tertio
1656 3213 1903 3285 formavit
1925 3228 2045 3267 cor-

459 3344 557 3398 pus
582 3325 696 3395 ejus
725 3320 885 3377 veluti
908 3327 1120 3374 vestem.
1155 3314 1287 3380 Quae
1327 3309 1594 3368 sententia
1624 3304 2046 3398 reprehensione

462 3392 572 3475 non
605 3392 817 3480 wcaret,
861 3412 916 3467 in
957 3407 1193 3465 concilio
1237 3398 1535 3458 Viennensi
1591 3398 1866 3453 damnata.
1911 3392 2048 3451 Vide

461 3512 620 3582 plura
653 3506 817 3576 hujus
845 3499 1123 3555 Francisci
1152 3500 1480 3564 nugamenta
1518 3489 1663 3561 apud
1704 3486 1920 3542 Sixtum
1950 3483 2047 3542 Se-

461 3616 712 3668 nensem,
743 3593 998 3653 Biblioth.
1034 3586 1320 3661 sanct.lib.
1352 3601 1392 3640 ι.
1428 3583 1764 3654 Augustinus
1791 3589 2049 3652 prmterea

460 3696 561 3751 lib.
605 3708 644 3747 ιι
669 3690 742 3744 De
759 3684 945 3742 Genes.
983 3682 1202 3751 allegor.
1227 3678 1409 3742 docet,
1445 3689 1645 3745 corpus
1674 3672 1911 3730 hominis
1936 3685 2048 3726 non

461 3786 636 3841 fuisse
681 3776 960 3835 conditum
1003 3781 1130 3828 ante
1173 3769 1367 3825 anima:
1402 3766 1757 3830 creationem,
1801 3763 1897 3819 sed
1939 3776 2049 3817 una

463 3891 589 3933 cum
632 3873 751 3943 ipsa
803 3867 985 3922 anima
1033 3864 1091 3919 in
1131 3861 1324 3920 eodem
1369 3858 1534 3916 simul
1573 3865 1836 3928 tempore.
1891 3853 2049 3921 Quod

465 3975 657 4041 postea
704 3959 1013 4033 reprobavit
1042 3957 1138 4013 lib.
1192 3971 1209 4010 ι
1257 3953 1514 4017 Retract.,
1563 3964 1685 4020 cap.
1745 3948 1835 4041 40.
1890 3946 2049 4003 lose-

464 4040 629 4130 phus,
672 4054 848 4123 Antiq.
879 4050 1008 4106 Jud.
1042 4049 1139 4104 lib.
1172 4063 1211 4108 ι.
1242 4062 1363 4117 cap.
1405 4044 1462 4112 2,
1491 4042 1756 4098 Adamnan
1790 4040 1868 4095 ait
1897 4053 2051 4095 crea-

466 4161 584 4205 tum
614 4165 645 4205 e
677 4147 798 4203 rufa
829 4147 995 4200 humo
1030 4142 1378 4205 fermentata,
1400 4136 1526 4193 talis
1557 4135 1701 4191 enim
1737 4140 1821 4190 est
1846 4133 2047 4187 intacta

469 4250 617 4294 terra
653 4244 708 4293 et
759 4248 923 4301 vera;
977 4232 1205 4301 ideoque
1256 4237 1510 4284 vocatum
1557 4224 1828 4281 Adamum
1888 4223 2048 4294 quasi

467 4330 652 4388 rufum
683 4349 696 4384 :
733 4329 791 4383 '0
818 4327 875 4380 δὲ
903 4324 1188 4396 ἄνθρωπος
1210 4314 1362 4384 οὗτος
1397 4318 1639 4389 ’Ἄδαμος
1683 4313 1915 4387 ἐκλήθη·
1953 4330 2050 4385 ση-

469 4422 651 4496 μαίνει
684 4421 742 4475 δὲ
770 4418 928 4472 τοῦτο
953 4414 1094 4471 κατὰ
1118 4413 1365 4483 γλῶτταν
1393 4410 1490 4482 τὴν
1522 4407 1788 4481 Ἑϐραίων
1819 4405 2046 4477 «upper,

2147 1918 2211 1958 ac
2241 1903 2488 1960 scientiis
2509 1904 2835 1975 ignobiliora
2871 1919 3205 1975 cognoscere
3244 1907 3478 1976 appetis.

2217 1995 2378 2063 lbid.,
2409 1997 2506 2051 lin.
2540 1996 2631 2051 Ἡ.
2671 1997 2782 2051 Τοῦ
2816 1997 3209 2065 παραδείσου.
3232 1997 3403 2052 Plura
3450 1998 3593 2069 apud
3628 1998 3726 2055 Pa-

2149 2098 2259 2147 tres
2296 2091 2364 2147 de
2409 2092 2667 2162 paradiso
2713 2091 3030 2160 voluptatis,
3095 2091 3367 2162 variaeque
3398 2091 3466 2146 de
3516 2107 3583 2169 eo
3612 2108 3723 2147 non

2147 2189 2358 2237 tantum
2396 2182 2539 2254 apud
2576 2183 2853 2253 antiquos,
2885 2182 2981 2238 sed
3013 2191 3067 2238 et
3109 2186 3443 2240 recentiores
3491 2185 3725 2255 scripto-

2147 2291 2261 2342 res,
2293 2274 2639 2331 diﬂicultates
2663 2275 3016 2331 elucubratas.
3047 2274 3198 2329 Multi
3237 2277 3365 2330 item
3394 2274 3565 2332 libros
3583 2278 3725 2333 inte-

2147 2383 2273 2440 gros
2301 2369 2368 2424 de
2414 2369 2518 2424 hoc
2540 2369 2793 2439 paradiso
2835 2369 3183 2440 conscriptos
3210 2369 3267 2424 iu
3294 2368 3489 2441 vulgus
3540 2369 3723 2427 edide-

2148 2469 2298 2524 runt,
2332 2461 2386 2515 in
2427 2461 2628 2529 quibus
2665 2468 2748 2516 sat
2780 2460 2957 2531 plura.

2226 2549 2365 2605 Ibid.
2403 2551 2763 2618 Ἐπίμοχθον
2806 2548 2986 2614 αὐτῷ.
3046 2547 3262 2605 Deli-ius
3299 2567 3354 2604 in
3391 2567 3508 2621 cap.
3541 2567 3600 2607 ιιι
3624 2552 3726 2608 Ge-

2149 2659 2261 2699 nes.
2296 2658 2314 2695 :
2360 2640 2427 2695 In
2484 2642 2738 2709 paradiso
2788 2641 3050 2695 innocenti
3111 2641 3318 2697 Adamn
3377 2643 3533 2699 tellus
3576 2663 3726 2716 longe

2151 2735 2328 2789 omnia
2366 2734 2771 2804 suppeditasset,
2825 2734 2984 2789 levem
3027 2751 3147 2789 cum
3194 2736 3457 2806 voluptate
3512 2754 3725 2808 operatus

2151 2824 2468 2893 impendenti
2488 2841 2505 2878 :
2522 2826 2804 2892 peccatori,
2828 2837 2873 2878 et
2897 2836 3048 2879 extra
3070 2827 3380 2896 paradisum
3407 2829 3589 2884 eadem
3610 2847 3726 2886 mr-

2154 2920 2297 2989 ligna
2327 2918 2509 2972 nutrix
2537 2918 2752 2971 inarata
2783 2916 2941 2983 nihil,
2988 2928 3146 2972 arata
3172 2935 3336 2989 .parce
3372 2922 3653 2993 qumdam,.
3672 2937 3725 2977 et

2151 3010 2465 3082 quibusdam
2515 3010 2643 3065 locis
2670 3010 2950 3064 redditura
2985 3010 3349 3067 denuntiatur.
3391 3012 3457 3067 Et
3489 3013 3725 3070 Basilius

2155 3100 2541 3169 Seleuciensis,
2583 3110 2724 3158 orat.
2762 3102 2798 3155 2
2826 3102 2903 3156 De
2942 3102 3117 3156 Adam
3144 3119 3167 3158 :
3209 3103 3643 3176 Ἐπικατάρατος
3686 3110 3723 3178 ἡ

2146 3194 2220 3266 γῆ
2253 3196 2310 3250 ἐν
2340 3197 2452 3259 τοῖς
2494 3195 2677 3268 ἔργοις
2710 3212 2823 3247 σου.
2858 3195 3081 3266 Τρυφῆς
3118 3195 3320 3268 ἐφάνης
3351 3195 3585 3260 ἀνάξιος,
3611 3201 3725 3262 τοῖς

2149 3286 2279 3358 περὶ
2305 3286 2408 3357 γῆν
2441 3285 2660 3359 ἱδρῶσιν
2700 3285 2962 3354 ὑπάρξεις
3018 3286 3345 3357 κατάρατος,
3394 3288 3488 3341 καὶ
3543 3288 3725 3351 πόνοις

2148 3379 2430 3450 μετρήσας
2461 3376 2564 3448 τῆς
2597 3377 2741 3449 ζωῆς
2781 3393 2875 3429 σου
2910 3376 3002 3429 τὸν
3030 3376 3241 3449 χρόνον,
3275 3378 3444 3448 τάφον
3472 3378 3725 3449 εὑρήσεις

2149 3472 2243 3527 τοῦ
2299 3472 2412 3544 βίου
2447 3473 2708 3543 διάδοχον.

2224 3561 2506 3629 lbid.,lin.
2532 3562 2623 3617 29.
2662 3563 2977 3630 Γνωρέσας
3008 3556 3123 3617 οὖν
3164 3561 3297 3627 τήν.
3352 3560 3724 3617 Rabbinorum

2152 3652 2373 3723 quidam
2396 3662 2630 3712 censent.
2649 3650 2769 3707 Eva:
2808 3668 3003 3708 zonam
3050 3653 3109 3707 in
3159 3652 3416 3723 paradiso
3461 3654 3722 3716 solutam,

2153 3745 2534 3816 Adamumque
2560 3759 2783 3815 operam
2809 3745 2995 3799 liberis
3021 3743 3239 3801 dedisse
3265 3745 3451 3800 statim
3476 3752 3535 3799 ut
3562 3742 3633 3800 ad
3659 3743 3731 3799 il-

2157 3838 2270 3894 lum
2304 3838 2537 3894 adducta
2567 3844 2652 3893 est
2682 3835 2814 3892 Eva.
2864 3837 3020 3903 Quod
3053 3837 3366 3892 insinuatur
3386 3837 3548 3893 etiam
3578 3838 3673 3893 lib.
3701 3851 3724 3893 ι

2154 3931 2547 4005 Sibyllinorum
2576 3932 2922 3986 oraculorum
2953 3931 3100 3985 circa
3150 3931 3502 4002 principium.
3543 3930 3723 3987 Caba-

2153 4026 2293 4080 listtc
2324 4024 2690 4080 insulsissime
2717 4030 2972 4079 asserunt
3002 4022 3193 4094 genios
3219 4023 3412 4077 noxios
3442 4022 3582 4076 lilillt
3624 4038 3724 4093 ap-

2156 4117 2388 4188 pellatos
2417 4117 2628 4187 genitos
2659 4116 2828 4171 fuisse
2858 4130 2927 4170 ex
2969 4112 3234 4184 proﬂuvio
3260 4113 3486 4170 seminis
3506 4114 3724 4178 Adami,

2154 4219 2446 4280 antequam
2469 4222 2592 4262 cum
2621 4205 2731 4261 Eva
2761 4221 2931 4260 uxore
2960 4203 3403 4275 congrederetur,
3435 4212 3490 4259 et
3526 4201 3730 4261 habere

2154 4299 2376 4371 quidem
2403 4313 2498 4355 eos
2521 4312 2723 4366 corpus
2741 4296 3028 4368 palpabile,
3045 4303 3101 4352 et
3123 4296 3378 4352 sensibus
3399 4296 3733 4367 subjectum,

2155 4390 2253 4445 sed
2282 4403 2528 4452 aereum,
2554 4387 2756 4443 subtile
2785 4396 2841 4441 et
2877 4385 3188 4442 evanidum.
3214 4385 3414 4441 Eorum
3444 4387 3612 4443 vitam
3635 4403 3734 4443 an-

467 4479 763 4586 ξτιριδήπερ
792 4510 900 4591 άπὸ
923 4509 1022 4578 τῆς
1050 4479 1263 4576 πυρρἄ
1291 4503 1394 4574 γῆς
1420 4479 1757 4573 φυραθείσης
1785 4496 2044 4591 εγεγόνει.

2158 4497 2354 4537 norum
2386 4480 2535 4535 mille
2578 4487 2828 4535 statuunt
2871 4479 3132 4548 vegetari,
3165 4486 3222 4534 et
3259 4492 3549 4535 senescere
3577 4494 3733 4536 more

469 4605 704 4677 Τοιαύτη
726 4589 834 4674 γάρ
859 4603 1004 4654 ἐστιν
1028 4600 1062 4668 ἡ
1088 4594 1354 4667 παρθένος
1375 4596 1446 4665 γῆ
1468 4592 1562 4647 καὶ
1587 4589 1836 4662 ἀληθινή.

544 4695 680 4752 Ibid.
710 4691 824 4748 Καὶ
865 4688 1011 4755 δοὺς
1054 4683 1236 4749 αὐτῷ.
1292 4679 1372 4736 lta
1412 4689 1472 4736 ut
1510 4681 1616 4735 hoc
1667 4678 1787 4734 solo
1836 4677 2041 4741 animo,

470 4786 701 4844 rationis
730 4785 995 4839 duntaxat
1027 4784 1276 4845 compote
1322 4788 1353 4828 a
1383 4771 1594 4829 caeteris
1626 4769 1771 4838 aliis,
1821 4769 1938 4825 sive
1962 4768 2048 4823 his

473 4878 832 4937 inferioribus
870 4875 986 4930 sive
1032 4866 1432 4941 superioribus,
1465 4862 1735 4920 creaturis
1793 4859 2048 4928 diﬂerat;

386 5005 389 5009 -
474 4976 531 5031 in
560 4985 735 5043 eoque
791 4982 951 5025 suum
987 4978 1149 5020 omne
1181 4961 1441 5023 decus,et
1467 4954 1846 5012 excellentiam
1879 4952 2042 5043 sitam

476 5072 760 5138 agnoscat.
782 5057 940 5128 Quod
980 5057 1048 5111 ab
1087 5053 1307 5109 homine
1334 5051 1383 5106 si
1416 5048 1624 5110 demas,
1655 5058 1928 5138 nusquam
1962 5042 2049 5138 vel

475 5134 777 5222 brutis,vel
808 5150 1111 5214 vermibus,
1133 5147 1217 5203 vel
1247 5142 1473 5215 plantis,
1496 5140 1579 5195 vel
1608 5136 1881 5208 lapidibus
1917 5134 2050 5205 ipsis

475 5249 732 5321 superior
769 5245 896 5302 erit.
926 5242 1070 5310 Quin
1110 5237 1354 5294 omnium
1395 5231 1833 5293 infelicissimus,
1872 5236 1927 5284 et
1951 5228 2053 5282 mi-

476 5318 746 5399 serrimus
775 5340 946 5394 vitam
979 5339 1186 5406 ageret.
1219 5328 1341 5383 Non
1386 5324 1608 5380 defuere
1663 5329 1867 5387 tamen,
1905 5318 2054 5389 iique

475 5430 919 5507 praestantissimi
951 5426 1082 5489 viri,
1118 5421 1213 5493 qui
1258 5420 1498 5475 animum
1528 5415 1957 5507 ratiocinantem
1983 5410 2057 5507 si—

477 5499 725 5590 deribus,
753 5523 1031 5589 rebusque
1070 5517 1198 5571 aliis
1255 5511 1630 5580 assignarunt,
1688 5502 1854 5558 veluti
1898 5499 2056 5556 Philo

478 5617 726 5683 Iudaeus,
758 5616 857 5671 lib.
891 5612 969 5668 De
1013 5608 1235 5666 somniis
1277 5612 1333 5661 et
1367 5603 1443 5657 De
1489 5598 1619 5668 opif.
1670 5612 1763 5652 sea:
1810 5594 2053 5657 dierum;

481 5711 768 5781 Origenes,
793 5716 929 5762 tom.
958 5722 995 5769 ι,
1025 5702 1336 5757 Comment.
1366 5696 1423 5748 in
1457 5690 1622 5746 Joan.
1645 5696 1700 5745 et
1723 5689 1900 5759 primo
1916 5684 2057 5755 Περὶ

478 5802 706 5876 ἀρχῶν,
741 5815 861 5868 cap.
918 5797 968 5849 7.
1006 5794 1369 5861 Hieronymus
1397 5785 1465 5841 ab
1506 5786 1607 5840 hac
1636 5781 1906 5841 sententia
1947 5793 2058 5834 non

2153 4576 2488 4645 reliquorum
2505 4572 2806 4636 hominum,
2821 4572 3107 4643 propagari
3133 4584 3322 4626 eorum
3353 4570 3588 4642 speciem
3606 4572 3732 4642 pol-

2156 4665 2458 4722 lutionibns
2474 4664 2781 4727 nocturnis,
2825 4671 2881 4719 et
2901 4661 3162 4719 Venereis
3189 4661 3433 4718 virorum
3461 4662 3731 4729 somniis;

2154 4774 2278 4814 cum
2314 4758 2423 4814 sint
2470 4756 2749 4811 libidinosi
2799 4756 3092 4826 plurimum
3124 4753 3385 4811 delectari
3415 4760 3729 4809 menstruo-

2156 4866 2276 4906 rum
2339 4848 2598 4913 ﬂuxihus,
2660 4847 2861 4918 quibus
2910 4847 3078 4901 robur
3132 4853 3442 4910 assumunt,
3496 4846 3732 4917 ideoque

2156 4952 2322 4998 noctu
2350 4939 2620 4996 accubare
2647 4936 2963 5008 juvenibus,
3000 4936 3244 5003 titillare,
3283 4936 3509 5007 spiritus
3565 4934 3733 4990 semi-

2157 5035 2312 5091 nales
2339 5033 2603 5097 excitare,
2649 5032 2895 5086 relaxare
2930 5043 3061 5084 vasa
3122 5029 3432 5091 seminalia,
3493 5037 3552 5082 ut
3604 5042 3729 5083 sese

2157 5127 2244 5182 bis
2275 5123 2670 5197 pollutionibus
2703 5122 2972 5178 reﬁciant.
3021 5118 3157 5184 Quis
3184 5133 3295 5171 non
3326 5117 3474 5171 videt
3512 5118 3735 5188 nugas?

2154 5220 2263 5275 Alii
2289 5220 2441 5283 item,
2458 5232 2599 5288 quos
2625 5224 2681 5271 et
2711 5222 2911 5269 nostra:
2935 5211 3273 5282 tempestatis
3306 5209 3547 5264 haeretici
3573 5225 3734 5266 .non-

2158 5311 2296 5367 nulli
2327 5318 2660 5380 sequuntur,
2697 5307 2883 5362 statim
2915 5311 3040 5375 post
3067 5311 3374 5372 peccatum.
3410 5300 3516 5354 Alii
3545 5316 3614 5356 ex
3642 5317 3736 5357 ve-

2159 5402 2294 5458 riori
2320 5401 2599 5472 opinione,
2655 5402 2781 5468 post
2819 5392 3194 5463 expulsionem
3250 5406 3282 5446 e
3328 5389 3605 5460 paradiso.
3655 5390 3736 5444 Ita

2162 5495 2425 5556 Irenieus,
2456 5490 2553 5545 lib.
2586 5504 2670 5553 ιιι,
2698 5501 2820 5556 cap.
2847 5481 3289 5551 35;Procopius,
3316 5496 3440 5551 cap.
3473 5495 3526 5535 tv
3555 5480 3611 5534 in
3635 5476 3739 5534 Ge-

2159 5601 2310 5650 nes.;
2355 5581 2713 5654 Epiphanius,
2745 5577 2840 5633 ιιι).
2877 5591 2937 5630 ιιι
2982 5573 3183 5628 Contra
3227 5571 3445 5634 lateres”
3486 5569 3739 5626 Justinus

2160 5678 2378 5747 dialogo
2408 5674 2609 5731 Contra
2640 5668 2988 5741 Tryphonem.
3027 5663 3280 5732 Quandiu
3310 5665 3457 5720 enim
3489 5662 3545 5716 in
3580 5674 3740 5732 para-

2160 5773 2282 5829 diso
2326 5768 2498 5833 fuere,
2552 5764 2792 5835 virgines
2827 5757 3196 5831 permansisse
3244 5753 3559 5812 existimant
3599 5750 3737 5808 Ter.
