4124 6410
447 351 555 410 975

1484 345 1551 399 ιΝ
1595 342 1964 401 EUSTATHll
2003 339 2477 396 HEXAEMERON
2507 338 2732 394 ΝΟΤίΕ.

3622 334 3727 393 οτι

449 466 734 528 tullianus.
771 467 866 521 lib.
908 465 983 519 De
1006 464 1214 520 ueland.
1239 465 1454 535 νει-θῦε..
1481 479 1603 533 cap.
1630 463 1701 528 5;
1754 460 2026 531 Hierony~
2058 468 2103 521 Α
2133 458 2374 528 probari.
2424 456 2710 511 Reclamat
2746 454 2999 511 Justinus
3039 455 3241 527 .‘llarlyr
3271 453 3337 508 ad
3372 452 3728 509 Orthodoxos

450 577 595 629 mus,
622 560 822 616 Contra
850 559 1227 623 Iovinianum;
1249 557 1598 627 Ambrosius,
1631 555 1726 610 lib.
1756 554 1830 608 De
1864 554 2036 607 instit.

448 657 743 727 virginum;
778 654 1034 721 Basilius,
1067 655 1228 724 epist.
1256 652 1322 707 ad
1348 650 1653 712 Letorium,
1677 648 1757 703 De
1785 664 1907 701 vera
1936 647 2040 701 vir-

444 748 702 816 ginitate;
741 746 1146 818 Chrysostonn,
1185 744 1334 799 hom.
1368 744 1436 797 l8
1484 742 1539 795 in
1576 738 1787 803 Cenes.;
1830 737 2037 791 Marius

449 838 661 905 Victor,
694 839 789 893 lib.
843 854 882 892 ιι
940 840 995 892 in
1024 836 1236 901 Cenes.;
1296 835 1659 906 Augustinus,
1713 832 1808 886 lib.
1863 836 1925 885 tit
1960 829 2038 884 De

449 930 635 1005 Cenes.
673 931 743 985 ad
767 931 898 993 litt.;
926 931 1162 991 Delrius.
1193 931 1248 983 in
1287 927 1472 983 Cenes.
1505 942 1629 997 cap.
1669 940 1744 980 tv.
1797 922 1908 979 Nec
1935 924 2038 976 ali~

449 1033 536 1081 ter
568 1025 735 1081 sentit
780 1023 1103 1095 Procopius.
1140 1023 1206 1076 Et
1235 1024 1291 1076 in
1317 1021 1508 1088 Cyrilli
1550 1017 2034 1089 Hierosolymitani

451 1114 729 1171 cateehesi
770 1113 856 1181 12,
888 1115 960 1167 ita
984 1112 1358 1185 reponettdunt
1384 1111 1632 1166 nonnulli
1653 1109 2029 1164 contendunt:

449 1207 681 1260 Accessit
711 1204 780 1260 ad
807 1206 1079 1261 mulierem
1108 1205 1281 1260 adhuc
1306 1206 1579 1276 virginem.
1622 1201 1767 1255 Nam
1788 1210 1906 1270 post
1941 1217 2034 1254 ca-

445 1316 564 1353 sum
590 1300 646 1352 in
696 1299 972 1368 paradiso,
1014 1306 1138 1352 tunc
1167 1299 1399 1368 primum
1430 1298 1673 1368 cognovit
1722 1294 1909 1349 Evam.
1968 1293 2033 1346 Et

447 1393 554 1446 hoc
589 1391 866 1447 Eustathii
907 1391 1028 1445 loco
1056 1390 1464 1461 cognoscimus,
1520 1390 1728 1461 primos
1759 1388 2029 1450 homines,

444 1482 626 1552 quoad
658 1480 878 1536 fuerunt
908 1482 964 1535 in
1003 1480 1284 1551 paradiso,
1331 1480 1572 1551 virgines
1611 1480 1798 1535 fuisse.
1847 1477 2029 1532 Prima

442 1573 592 1628 enim
624 1588 815 1628 eorum
869 1572 1188 1626 comm-istic
1220 1581 1345 1642 post
1377 1587 1659 1641 egressum
1704 1586 1736 1626 e
1774 1571 2030 1640 paradiso

446 1674 929 1721 commemoratur.
971 1663 1250 1734 Recteque
1309 1662 1618 1718 Methodius
1673 1663 1728 1716 in
1786 1663 1923 1717 libro
1955 1662 2029 1715 De

447 1759 550 1826 ﬁne
581 1757 765 1812 mundi
795 1775 813 1813 :
841 1758 1059 1820 Ἰστὲον,
1099 1758 1202 1820 ὅτι,
1244 1754 1552 1821 ἐξελθόντες
1583 1755 1672 1807 ὅτε
1728 1754 1898 1824 Ἀδὰμ
1934 1754 2028 1806 καὶ

2142 557 2335 619 quaest.
2399 548 2522 612 119,
2568 551 2623 603 in
2677 565 2786 619 qua
2834 550 3110 603 fructuum
3156 556 3211 605 et
3267 547 3517 602 carnium
3566 561 3726 601 usuin

2142 640 2295 696 Abeli
2324 651 2378 695 et
2401 642 2572 695 Caino
2616 642 2893 698 concedit.

2214 735 2375 799 lbid.,
2424 735 2520 789 lin.
2560 734 2650 789 '52.
2686 735 3073 805 Προσήνεγκε
3128 733 3196 788 δὲ
3223 734 3424 788 Ἅϐελ.
3480 730 3725 787 Primum

2141 826 2250 881 Deo
2296 827 2523 882 Abelem
2574 829 2767 885 litasse
2828 839 2913 884 est
2957 828 3268 882 communis
3320 827 3434 882 fere
3476 826 3722 880 omnium

2138 922 2339 990 opinio.
2374 918 2547 975 Judaei
2585 921 2796 977 Adatno
2826 921 2882 976 id
2915 922 3187 983 tribuunt,
3225 930 3280 975 et
3310 934 3435 974 eum
3487 918 3723 989 primum

2138 1014 2331 1068 bovem
2389 1016 2756 1080 sacriﬁcasse,
2790 1023 2846 1070 et
2874 1015 3042 1069 ritum
3089 1013 3243 1068 illum
3277 1011 3420 1068 ﬁlios
3447 1011 3720 1068 docuisse.

2137 1104 2416 1162 Gilbertus
2446 1105 2856 1170 Genehrardus,
2895 1107 3146 1162 Chronol.
3188 1107 3283 1165 lib.
3316 1122 3355 1162 ι.

2208 1198 2369 1263 lbid.,
2397 1199 2495 1253 lin.
2527 1199 2617 1253 55.
2648 1201 2757 1255 Καὶ
2789 1202 2827 1269 ἡ
2848 1201 3032 1255 θυσία
3073 1198 3284 1255 αὐτοῦ.
3318 1196 3477 1264 Quod
3516 1196 3731 1276 scilicet

2134 1289 2259 1358 igne
2283 1289 2351 1345 de
2380 1290 2535 1345 caelis
2557 1291 2800 1347 demisso
2831 1292 3166 1347 oblationem
3189 1291 3310 1362 ejus
3333 1291 3724 1361 absumpserit.

2134 1383 2290 1439 Caini
2345 1384 2605 1439 intactam
2635 1386 2942 1455 reliquerit.
2968 1388 3048 1441 lta
3096 1385 3420 1458 Procopius,
3454 1385 3727 1455 Hierony-

2132 1491 2287 1541 mus;
2341 1476 2578 1548 Cyrillus
2630 1478 2685 1531 in
2758 1476 2942 1533 Cenes.
3005 1494 3126 1549 cap.
3187 1495 3241 1534 tv
3288 1488 3344 1536 et
3392 1479 3633 1551 Glaphyr
3672 1480 3729 1532 in

2133 1564 2316 1621 Cenes.
2349 1569 2470 1622 libr.
2535 1586 2584 1635 t;
2632 1569 2869 1626 Faustus
2912 1569 3259 1642 Rhegiensis,
3311 1571 3483 1627 lib.'tl
3514 1571 3594 1626 De
3631 1571 3722 1625 lib.

2137 1659 2329 1724 arbit.,
2377 1676 2500 1731 cap.
2549 1664 2603 1726 6,
2639 1670 2693 1729 et
2724 1662 2816 1716 alii
2851 1682 2865 1718 :
2896 1664 3045 1733 quod
3082 1671 3139 1718 et
3167 1671 3600 1720 consentaneum
3639 1674 3727 1719 est

2133 1752 2270 1806 mori
2301 1753 2507 1808 divino.
2544 1754 2718 1810 Levii.
2743 1757 3070 1825 tx,‘24;lud.
3088 1757 3328 1829 νι,21;1
3345 1756 3589 1828 Paralip.
3610 1774 3723 1823 ut,

445 1848 558 1905 Εὕα
588 1851 653 1903 ἐκ
692 1849 787 1903 τοῦ
818 1849 1169 1924 παραδείσου,
1210 1847 1467 1919 παρθένοι
1506 1846 1823 1916 ἐτύγχανον.
1854 1847 1940 1899 Ἐν
1968 1845 2023 1898 δὲ

2132 1844 2189 1911 2;
2210 1844 2271 1898 II
2293 1846 2531 1916 Parnlip.
2550 1865 2660 1915 vn;
2688 1849 2785 1903 III
2802 1849 2928 1922 Reg.
2945 1867 3076 1906 xrnt
3093 1858 3146 1907 et
3162 1868 3366 1908 xxxvut
3386 1869 3403 1919 ;
3422 1851 3488 1906 ΙΙ
3504 1850 3733 1906 Macha-

444 1942 521 2014 τῷ
544 1942 853 2016 τριακοστῷ
880 1942 989 1995 ἔτει
1014 1942 1114 2013 τῆς
1141 1940 1322 2006 ἐξόδου
1355 1939 1536 1994 αὐτῶν
1569 1938 1664 1992 τοῦ
1694 1938 2021 2010 παραδείσου

2132 1934 2359 1990 ὺωονιιιη
2384 1952 2418 1990 ι.
2452 1937 2725 1996 Lutherus
2746 1950 2798 1996 et
2816 1941 3081 1999 Calvinus
3102 1945 3349 2000 veritatis
3366 1943 3726 2001 inl'ensissimi

443 2036 668 2090 τέτοκαν
721 2036 861 2091 Κάῖν
889 2035 979 2089 τὸν
1012 2035 1355 2107 πρωτότοκον
1393 2033 1487 2087 καὶ
1524 2032 1624 2104 τὴν
1657 2031 1892 2102 ἀδελφὴν
1928 2031 2025 2084 αὑ-

444 2127 535 2182 τοῦ
572 2128 891 2200 Καλμάναν.
914 2127 1053 2183 Nota
1076 2135 1161 2183 est
1190 2127 1320 2183 item
1343 2142 1510 2196 super
1552 2126 1655 2180 hac
1688 2139 1749 2180 re
1776 2124 2025 2193 Gregorii

443 2219 675 2291 Nysseni
710 2221 1116 2291 sententia,qui
1150 2219 1229 2275 De
1260 2220 1437 2290 opiﬁc.
1473 2219 1724 2283 hominis,
1771 2234 1894 2288 cap.
1929 2217 2022 2282 24,

443 2313 523 2366 ait
554 2330 568 2365 :
598 2310 757 2378 Quod
800 2314 1082 2385 generatio
1113 2313 1305 2383 prolis,
1348 2322 1404 2367 et
1437 2311 1758 2383 propagatio
1800 2311 2027 2367 humani

442 2405 682 2473 generis,
736 2406 783 2460 si
827 2405 993 2476 primi
1051 2412 1307 2477 parentes
1351 2421 1461 2460 non
1520 2411 1857 2475 peccassent,
1916 2419 2026 2457 non

443 2495 640 2552 fuisset
671 2513 769 2568 per
792 2499 1024 2564 coitum,
1059 2498 1155 2553 sed
1184 2497 1421 2554 fuissent
1461 2497 1806 2568 multiplicati
1835 2497 2022 2551 multi-

442 2585 758 2656 plicationis
793 2587 958 2641 modo
1003 2586 1243 2656 quodam
1285 2587 1711 2658 perfectissimo,
1760 2586 2025 2657 quemad-

444 2678 666 2734 modum
688 2680 868 2750 angeli
901 2697 916 2733 :
948 2681 1228 2750 generatio
1262 2694 1498 2750 namque
1523 2680 1658 2744 haec,
1693 2693 1816 2750 quae
1848 2678 1906 2733 ﬁt
1930 2694 2027 2748 per

444 2769 821 2833 concubitum,
847 2785 946 2840 per
965 2779 1249 2841 peccatum
1274 2779 1358 2828 est
1378 2770 1710 2825 introducta.
1732 2771 1877 2827 idem
1898 2786 2026 2827 senv

442 2861 513 2916 tit
539 2860 699 2916 Joan.
735 2860 1143 2934 (lhrysostom.,
1174 2864 1324 2918 hom.
1354 2864 1420 2919 l8
1454 2863 1506 2916 in
1538 2861 1723 2919 Cenes.
1749 2880 1768 2927 ,°
1821 2863 2029 2919 Proco-

395 2984 400 2989 -
445 2954 570 3024 pius
597 2954 653 3008 in
685 2952 869 3009 Cenes.
895 2970 1020 3026 cap.
1052 2971 1136 3021 tv;
1180 2954 1572 3021 Damascenus,
1614 2956 1707 3010 lib.
1735 2973 1788 3012 tv
1816 2955 1895 3010 De
1924 2956 2028 3026 ﬁde

442 3045 680 3113 orthod.,
718 3062 838 3118 cap.
889 3046 1001 3115 25;
1053 3046 1382 3119 Euthyntius
1437 3048 1492 3101 in
1542 3048 1738 3116 psalm.
1795 3064 1861 3116 1.;
1915 3050 2028 3103 Au-

444 3139 701 3209 gustinus
729 3139 785 3193 in
817 3137 1005 3194 Cenes.
1064 3138 1208 3204 Quid
1239 3147 1421 3193 autem
1458 3140 1512 3192 itt
1555 3139 1659 3193 hac
1690 3155 1751 3194 re
1780 3146 2028 3193 statuen-
2055 3177 2102 3238 ο

440 3230 575 3286 dum
607 3232 701 3297 sit,
730 3230 1036 3287 S.Thomas
1060 3232 1296 3301 explicat
1322 3231 1496 3301 prima
1530 3238 1693 3301 part.,
1717 3240 1910 3302 quaest.
1934 3231 2024 3299 98,

442 3334 550 3379 art.
581 3324 637 3390 2,
668 3332 723 3380 et
752 3339 878 3379 cum
919 3340 987 3380 eo
1016 3327 1202 3396 plures
1225 3325 1316 3379 alii
1343 3324 1620 3380 doctores.

514 3413 637 3472 Col.
653 3416 780 3481 7A9,
802 3416 876 3470 lin
888 3455 902 3470 .
915 3417 1008 3472 29.
1023 3416 1195 3484 Υίοὺς
1209 3416 1319 3471 δύο
1334 3415 1683 3487 ἐγέννησεν.
1698 3413 1818 3470 Non
1832 3414 2030 3486 gemel-

445 3505 550 3570 los,
569 3514 628 3560 ut
651 3522 776 3583 cum
801 3508 1051 3564 rabbinis
1072 3508 1279 3581 colligit
1302 3524 1437 3565 ausu
1457 3509 1751 3564 temerario
1767 3506 2028 3563 Calvinus

445 3594 701 3667 ambigua
749 3595 1009 3652 Methodii
1059 3598 1291 3653 lectione
1349 3597 1632 3668 deceptus,
1665 3597 1781 3655 sed-
1810 3597 2030 3653 diverso

445 3695 629 3757 partu,
661 3704 772 3743 uno
805 3690 1017 3745 scilicet
1070 3688 1227 3755 Cain,
1255 3690 1390 3745 Abel
1448 3693 1621 3746 altero
1653 3709 1666 3746 :
1702 3692 1863 3746 verba
1922 3689 2029 3746 Me-

445 3780 619 3837 thodii
649 3790 778 3837 sunt
807 3783 929 3837 :‘Ev
958 3782 1021 3837 δὲ
1057 3783 1135 3855 τῷ
1174 3782 1477 3855 τριακοστῷ
1508 3783 1685 3856 χρόνῳ
1715 3784 1815 3855 τῆς
1846 3782 2028 3849 ἐξόδου

427 3859 625 3930 ἀὐτῶν
656 3875 749 3929 τοῦ
777 3877 1106 3946 παραδείσου
1130 3876 1357 3931 τέτοκαν
1378 3878 1520 3931 Κάῖν
1545 3877 1636 3931 τὸν
1660 3876 2026 3950 πρωτότοκον,

445 3966 540 4022 καὶ
569 3966 669 4039 τὴν
702 3968 936 4041 ἀδελφὴν
972 3970 1137 4024 αὐτοῦ
1187 3968 1507 4039 Καλμάναν.
1546 3970 1656 4023 Kal.
1686 3968 1826 4041 μετὰ
1870 3986 2027 4041 τρια-

443 4059 637 4114 κοστὸν
663 4059 849 4132 ἕτερον
886 4061 1006 4125 ἔτος
1036 4061 1296 4134 ἐγέννησε
1321 4062 1414 4116 τὸν
1446 4061 1610 4114 Ἀδελ
1644 4061 1741 4114 σὺν
1774 4063 1839 4134 τῇ
1884 4063 2030 4132 Λεμ-

442 4152 582 4225 ϐόρᾳ
610 4156 675 4226 τῇ
698 4153 899 4227 ἀδελφῇ
920 4154 1107 4210 αὑτοῦ.
1133 4153 1268 4221 Quae
1293 4154 1421 4224 quis
1449 4169 1560 4209 non
1589 4152 1737 4210 videt
1754 4154 2028 4210 diversam

442 4259 476 4300 a
505 4244 736 4301 Calvino
766 4248 1097 4303 sententiam
1158 4247 1485 4303 continere?

518 4336 678 4404 lbid.,
720 4339 818 4397 lin.
858 4341 949 4395 '50.
987 4338 1098 4394 Τὸν
1123 4336 1295 4393 Κάϊν.
1332 4339 1509 4410 Hujus
1542 4338 1782 4397 nominis
1807 4347 2027 4413 etymon

440 4436 499 4485 et
519 4430 816 4487 declaratio
839 4432 1071 4489 habetur
1097 4434 1152 4488 in
1182 4433 1318 4504 ipsis
1347 4433 1521 4488 sacris
1550 4432 1771 4488 Litteris
1804 4447 1819 4485 :
1852 4431 1923 4486 Et
1938 4450 2028 4503 pe-

2127 2027 2335 2094 hostes,
2357 2038 2409 2083 et
2435 2045 2717 2086 sacrarum
2757 2031 3165 2105 Scripturarum
3215 2037 3634 2102 obtrectatores,
3669 2035 3726 2091 id

2130 2126 2404 2174 tantorum
2430 2119 2652 2178 Patrum
2674 2126 2998 2182 auctoritate
3027 2126 3301 2181 ﬁrmatum
3350 2136 3549 2199 negant
3576 2128 3725 2198 inju-

2129 2215 2219 2279 rii,
2244 2214 2568 2287 fabulastlue
2594 2217 2851 2278 Judaicas
2875 2238 2997 2278 esse
3023 2224 3390 2294 nugacissime
3418 2233 3722 2281 autumant.

2202 2305 2336 2360 l-bid.
2380 2307 2433 2360 Ὁ
2466 2308 2535 2362 δὲ
2572 2309 2726 2364 Κάῖπν
2764 2311 3019 2380 πρῶτος.
3048 2313 3341 2371 Verissima
3369 2332 3504 2372 sane
3531 2332 3722 2380 causa,

2127 2404 2185 2449 et
2212 2396 2596 2454 efﬁcacissima
2628 2401 2695 2456 ad
2732 2404 3118 2472 explicandum
3172 2422 3342 2477 quare
3374 2408 3518 2467 Deus
3549 2413 3720 2467 sacri.

2133 2488 2315 2544 ﬁcium
2368 2492 2553 2561 potius
2587 2493 2774 2549 Abelis
2819 2513 2982 2568 quam
3017 2498 3175 2554 Caini
3213 2502 3530 2572 aspexerit;
3561 2505 3724 2559 aliam

2132 2578 2288 2634 aﬁ‘ert
2316 2579 2609 2653 Iosephus.
2643 2586 2759 2653 sed,
2791 2595 2849 2642 ut
2875 2598 3124 2661 apparet,
3157 2607 3268 2647 non
3297 2594 3455 2648 ntulti
3486 2594 3722 2661 roboris,

2131 2671 2381 2741 maleque
2427 2674 2496 2728 ab
2533 2674 2654 2745 ipso
2692 2678 3002 2749 confictam,
3029 2684 3283 2741 videlicet
3314 2688 3459 2757 quod
3506 2690 3724 2746 sacriﬁ-

2132 2762 2278 2818 cium
2327 2765 2513 2824 Abelis
2562 2777 2758 2840 sponte
2802 2782 3011 2829 naturai
3040 2777 3240 2848 genitis
3279 2789 3578 2849 constaret,
3621 2797 3724 2838 sua

2132 2870 2264 2911 vero
2322 2857 2460 2914 Cain
2544 2861 2706 2917 homo
2758 2879 2959 2923 avarus
3008 2876 3064 2924 et
3116 2869 3424 2928 industrius
3472 2887 3571 2942 per
3613 2875 3722 2929 vim

2132 2949 2427 3018 quamdam
2450 2968 2480 3006 a
2505 2961 2701 3008 natura
2724 2964 3049 3016 extorserat.
3085 2961 3259 3016 Θῢσαι
3296 2963 3375 3036 τῷ
3405 2964 3524 3036 Θεῷ
3562 2964 3722 3031 δόξαν

2131 3041 2336 3107 αὐτοῖς,
2363 3045 2390 3096 6
2425 3043 2524 3114 μὲν
2558 3046 2698 3101 Κάῖν
2726 3047 2835 3102 ἀπὸ
2867 3050 2969 3121 τῆς
2988 3055 3264 3125 γεωργίας
3287 3058 3382 3111 καὶ
3413 3058 3521 3112 τῶν
3541 3061 3722 3129 φυτῶν

2129 3318 2318 3410 ἥδεται
2369 3321 2436 3391 τῇ
2486 3319 2664 3393 θυσίᾳ,
2717 3328 2830 3389 τοῖς
2875 3328 3223 3400 αὐτομάτοις,
3256 3335 3351 3388 καὶ
3382 3337 3523 3391 κατὰ
3558 3339 3719 3410 φύσιν

2131 3408 2379 3478 γεγονόσι
2412 3410 2755 3483 τιμώμενος,
2800 3416 2916 3470 ἀλλ’
2970 3421 3091 3492 οὐχὶ
3147 3426 3261 3487 τοῖς
3311 3429 3432 3479 κατ’
3477 3408 3720 3485 ἐπίνοιαν

2132 3501 2420 3571 ἀνθρώπου
2453 3504 2776 3561 πλεονέκτου
2806 3508 2947 3564 κατὰ
2980 3510 3100 3581 βίαν
3127 3516 3447 3585 πεφυκόσιν.
3483 3517 3719 3578 Basilius

2133 3594 2418 3651 Seleucius
2451 3601 2699 3655 oratione
2751 3600 2819 3656 de
2840 3601 2975 3658 Cain
3020 3615 3073 3661 et
3103 3608 3271 3664 Abele
3299 3613 3365 3665 ad
3390 3628 3502 3667 rem
3533 3615 3718 3677 εΚὰῖν

2135 3687 2233 3758 μὲν
2258 3688 2368 3760 γὰρ
2397 3688 2495 3761 τὴν
2525 3689 2718 3746 θυσίαν
2749 3692 2954 3766 ζημίαν
2982 3699 3282 3771 ἡγούμενος
3309 3705 3375 3758 ὲκ
3404 3704 3512 3759 τῶν
3539 3707 3714 3762 ἀδοκί-

2135 3796 2252 3850 μων
2285 3780 2383 3852 τὴν
2414 3781 2580 3854 τιμὴν
2606 3781 2685 3855 τῷ
2733 3786 3029 3860 τιμωμένῳ
3075 3793 3439 3866 προσεκόμιζε
3475 3798 3719 3853 νενοθευ-

2134 3869 2270 3964 μενῃ
2312 3869 2506 3943 γνώμῃ
2546 3872 2646 3943 τὴν
2679 3875 2844 3946 τιμὴν
2877 3879 3236 3948 καπηλεόωνο
3277 3886 3306 3937 6
3334 3885 3390 3939 δὲ
3426 3886 3591 3943 Ἀϐελ
3621 3892 3720 3964 οὐχ

2129 3961 2335 4027 οὕτως·
2371 3964 2493 4028 ὅλος
2522 3965 2580 4019 δὲ
2624 3966 2716 4020 τοῦ
2767 3968 2943 4043 δώρου
2975 3974 3264 4046 γενόμενος
3302 3978 3585 4051 εἰλικρινεῖ
3605 3961 3719 4038 διαλ

2131 4055 2253 4129 νοίᾳ
2286 4058 2578 4131 θεραπεύει
2604 4061 2696 4117 τὸν
2725 4064 3046 4136 Κρείττονα.
3083 4068 3194 4121 Καὶ
3225 4070 3317 4122 τὸν
3353 4072 3454 4142 τῆς
3485 4076 3719 4150 ποίμνης

2129 4151 2331 4224 δοτῆρα
2370 4156 2484 4217 τοῖς
2514 4155 2614 4226 τῆς
2647 4156 2884 4230 ποίμνης
2916 4158 3220 4233 ἐξαιρέτοις
3247 4162 3430 4235 ἐτίμα,
3456 4167 3556 4237 τῆς
3579 4168 3721 4238 γνώ-

2135 4260 2245 4334 μης
2268 4243 2367 4316 τὴν
2394 4246 2598 4318 ἀρετὴν
2619 4249 2907 4303 συνάπτων
2931 4254 3045 4315 τοῖς
3073 4251 3286 4324 δώροις,
3309 4255 3402 4310 καὶ
3426 4258 3598 4331 αὐτὴν
3618 4261 3720 4334 τὴν

2130 4333 2311 4407 ψυχὴν
2391 4340 2832 4412 συμπροσφέρων
2893 4342 2973 4415 τῷ
3019 4343 3314 4418 δεχομένῳ.
3365 4348 3430 4403 Et
3475 4333 3718 4422 Cyrillus

2132 4428 2536 4520 Alexandrinus
2589 4431 2850 4506 Glapltyr.
2890 4437 2949 4491 in
2994 4436 3179 4493 Cenes.
3231 4440 3327 4496 lib.
3379 4460 3397 4498 t
3437 4445 3718 4520 εἈγειδὴ

442 4522 579 4590 perit
630 4519 789 4587 Cain,
831 4522 1037 4587 dicens,
1073 4523 1297 4579 Possedi
1347 4523 1610 4579 hominem
1638 4540 1732 4595 per
1772 4523 1939 4579 Deum
1956 4523 2022 4578 ει.

2132 4518 2225 4575 οὖν
2252 4525 2281 4576 ὁ
2314 4525 2413 4595 μὲν
2444 4526 2588 4597 ἱερός
2624 4544 2685 4581 τε
2718 4530 2814 4584 καὶ
2843 4530 3120 4603 πάνσοφος
3152 4534 3319 4590 ’Ἅϐελ
3349 4537 3421 4592 τὰ
3451 4538 3552 4610 τῆς
3583 4518 3715 4612 ἁγέέ

445 4615 627 4683 Quare
671 4632 782 4673 non
826 4629 975 4673 recte
1024 4618 1316 4685 Eusebius,
1357 4621 1452 4675 lib.
1499 4636 1540 4674 ιι
1595 4619 1672 4673 De
1734 4628 2023 4689 prwparat.

441 4727 652 4782 evang.,
699 4726 823 4783 cap.
859 4711 914 4777 4,
956 4709 1095 4767 Cain
1142 4713 1537 4783 interpretatur
1573 4713 1849 4776 invidiam,
1879 4711 2025 4782 quod

444 4803 658 4858 scilicet
709 4803 868 4868 Cain,
913 4801 1100 4861 fratris
1159 4805 1242 4862 sui
1287 4803 1545 4861 sacriﬁcii
1589 4818 1721 4876 ergo
1750 4803 2025 4869 invidens,

439 4908 568 4950 eum
606 4894 894 4949 occiderit.

511 4987 651 5042 Ibid.
685 4986 796 5041 Kal
823 4990 857 5041 ό
880 4985 998 5057 μὲν
1023 4983 1174 5041 Κὰῖν
1196 4981 1298 5057 ἦν.
1339 4983 1578 5042 Joannes
1626 4985 1872 5042 Zonaras
1917 4986 2027 5040 An-

440 5078 649 5133 nalium
685 5088 820 5134 tom.
851 5076 874 5132 Ι
899 5098 913 5133 :
946 5078 1058 5132 Kal
1080 5081 1109 5132 6
1137 5079 1233 5149 μὲν
1249 5077 1415 5132 Ἀϐελ
1437 5080 1634 5149 νομεὺς
1653 5073 1721 5150 ἦν
1752 5079 2024 5150 ποιμνίου,

442 5173 537 5226 καὶ⁸
581 5174 784 5246 ἀρετῆς
836 5173 1200 5245 ὲπεμέλετο,ό
1224 5172 1281 5226 δὲ
1313 5172 1454 5227 Κάῖν
1485 5171 1750 5244 ἐγεώργει
1789 5172 1886 5243 τὴν
1924 5172 2027 5243 γῆν

444 5266 809 5337 πονηρότατος
831 5264 926 5322 ὢν.
960 5264 1063 5321 Hic
1091 5267 1395 5321 notandum
1428 5266 1679 5321 carnium
1709 5279 1867 5321 esum
1901 5272 2029 5320 ante

445 5355 713 5411 diluvium
745 5374 853 5414 non
897 5358 1071 5415 fuisse
1112 5366 1416 5429 receptum,
1451 5357 1650 5414 Genes.
1692 5372 1814 5427 cap.
1849 5372 1923 5414 ιιι.
1960 5355 2028 5409 Et

446 5448 712 5516 oleribus,
747 5450 1042 5521 herbisque
1078 5466 1250 5521 genus
1282 5451 1580 5505 humanum
1615 5456 1740 5505 ante
1759 5449 2027 5504 diluvium

444 5542 695 5613 potuisse
736 5546 1037 5601 sustentari
1066 5544 1330 5600 facillimo
1359 5544 1578 5615 negotio
1603 5549 1788 5614 posset
1810 5558 1878 5598 ex
1902 5557 2026 5598 ver-

440 5632 529 5693 bis
543 5633 752 5690 Juliani
773 5634 1068 5706 Apostataa,
1091 5654 1213 5711 qua:
1239 5636 1406 5695 refert
1427 5636 1627 5730 Suidas
1651 5637 1707 5693 in
1723 5634 2023 5702 Herodoto,

517 5789 563 5821 “
599 5788 735 5846 Gen.
775 5804 847 5856 tv,
891 5791 942 5848 1.

2131 4614 2510 4687 ληςάπόλεκτα
2541 4620 2633 4673 καὶ
2663 4621 2974 4696 ἀριστίνδην
3000 4625 3449 4700 ὲγκεκρυμμένω
3479 4633 3716 4703 Ἥνεγκε

2128 4709 2261 4782 γὰρ,
2285 4712 2470 4782 φησὶν,
2491 4714 2600 4767 ἀπὸ
2619 4713 2728 4769 τῶν
2757 4718 3117 4791 πρωτοτόκων
3141 4721 3251 4774 τῶν
3280 4722 3467 4793 ἀμνῶν
3492 4726 3586 4780 καὶ
3608 4727 3719 4781 ἀπὸ

2128 4798 2239 4855 τῶν
2261 4803 2500 4857 πεάτων
2524 4805 2724 4872 αὐτῶν,
2748 4809 2995 4863 τουτέστι
3016 4810 3085 4865 τὰ
3109 4811 3434 4885 προῦχοντα,
3453 4817 3547 4871 καὶ
3573 4819 3719 4885 ὲξαί-

2131 4909 2287 4968 ρεταο
2322 4897 2532 4951 καὶτὸν
2562 4899 2664 4970 τῆς
2698 4901 3008 4974 ἱερουργίας
3031 4905 3132 4959 οὐκ
3168 4907 3441 4978 ἀγνοήσας
3489 4911 3715 4981 τρόπον.

2131 4985 2412 5057 παρετίθει
2455 4988 2524 5042 τὰ
2561 4991 2759 5044 στέατα
2782 5009 2796 5023 ·
2854 4993 2994 5047 Κάῖν
3048 4995 3106 5050 δὲ
3152 4997 3250 5069 οὐχ
3301 4998 3463 5065 οὕτω,
3498 5002 3630 5057 πολὺ
3659 5003 3720 5059 δὲ

2129 5078 2251 5133 λίαν
2302 5081 2592 5151 ἀτημελῶς
2616 5100 2629 5114 ·
2673 5085 2741 5139 τὰ
2787 5088 2886 5158 μὲν
2917 5089 3027 5162 γὰρ
3056 5090 3137 5144 ὅτι
3171 5092 3402 5163 μάλιστα
3440 5096 3547 5150 τῶν
3582 5097 3717 5167 ὡρί-

2134 5172 2534 5244 μωνὲκπρεπῆ
2563 5177 2684 5238 ταῖς
2723 5176 2880 5242 ἰδίαις
2924 5180 3207 5253 ἐχαρίζετο
3229 5189 3491 5256 τρυφαῖςο
3529 5187 3719 5244 ἐλύπει

2129 5261 2187 5315 δὲ
2221 5265 2331 5327 τοῖς
2363 5263 2637 5338 δευτέροις
2663 5267 2752 5321 τὸν
2778 5269 2872 5324 ἐπὶ
2896 5273 3112 5327 πάντων
3141 5276 3295 5330 Θεόν.

2203 5353 2364 5419 lbid.,
2394 5355 2490 5410 lin.
2527 5356 2615 5412 56.
2653 5359 2978 5430 Ὀργισθεὶς
3009 5365 3109 5418 ἐπὶ
3152 5368 3362 5435 τούτῳ.
3408 5368 3718 5428 Methodius

2131 5446 2451 5505 Patarensis
2505 5452 2691 5509 Abelis
2738 5454 2940 5512 caedem
2992 5474 3138 5514 anno
3180 5463 3561 5521 ducentesimo
3591 5468 3718 5522 vita:

2130 5541 2327 5596 Adatni
2358 5544 2679 5614 contigisse,
2712 5553 2766 5602 et
2813 5548 3092 5620 planctum
3127 5553 3320 5609 Adami
3369 5563 3425 5612 et
3451 5555 3577 5613 Eva;
3621 5573 3718 5630 per

2132 5641 2353 5690 centum
2387 5635 2557 5694 fuisse
2592 5646 2947 5711 protractum,
2977 5645 3189 5702 scribit.
3248 5647 3339 5720 Τῷ
3364 5651 3421 5705 δὲ
3449 5650 3720 5708 διακοσιο-
