4124 6426
471 361 577 421 9τό

1795 357 2042 413 LEONIS
2078 358 2356 414 ALLATII

3622 358 3723 415 976

472 475 581 550 στῷ
607 477 716 529 ἔτει
756 476 855 546 τῆς
893 474 1039 545 ζῶης
1070 473 1163 527 τοῦ
1201 475 1373 546 Ἀδὰμ
1395 475 1679 549 ἀπέκτεινε
1712 478 1851 531 Κὰῖν
1882 479 2044 532 Ἀϐελ

2216 479 2378 543 lbid.,
2415 478 2509 533 lin.
2559 478 2648 533 45.
2679 478 2917 546 Πρῶτος
2945 476 3013 531 δὲ
3033 478 3200 532 Κὰῖν.
3224 475 3460 534 Joannes
3484 477 3727 535 Zonaras

468 570 558 624 τὸν
607 568 831 637 ἀδελφὺν
885 566 1070 621 αὐτοῦ.
1115 567 1224 620 Καὶ
1264 568 1526 639 ἐποίησαν
1567 570 1657 622 τὸν
1680 571 1905 623 κοπετὸν
1930 572 1959 623 ὅ
1987 590 2046 625 τε

482 660 652 731 Ἀδὰμ
698 660 792 712 καὶ
844 657 957 711 Εὕα
1007 659 1092 710 ἐπ’
1123 657 1284 711 αὐτοῦ
1326 660 1419 711 ἐπὶ
1451 661 1676 730 χρόνους
1712 660 1776 731 ρ’.
1808 659 2044 731 Ideoque

470 752 864 808 Constantinus
887 751 1163 805 Slanasses
1203 752 1256 804 in
1280 751 1474 804 Annal.
1507 752 1711 805 luctum
1740 754 2046 808 inconsola-

469 847 631 901 bilem
665 843 1023 913 nuncupavit,
1056 843 1248 905 πένθος
1277 843 1676 914 ἀπαράκλητον.

539 935 655 988 Col.
685 936 815 998 749,
857 935 951 987 lin.
979 932 1068 986 '58.
1104 934 1166 985 '0
1194 932 1263 984 δὲ
1291 932 1533 1001 πολλὴν
1579 934 2041 1001 περινοστήσας.

472 1029 734 1092 Zonaras,
760 1027 956 1081 Annal.
981 1033 1114 1081 tom.
1145 1024 1166 1078 l
1200 1044 1212 1079 :
1244 1025 1301 1076 Ὀ
1332 1024 1388 1077 δέ
1407 1026 1676 1096 φθονήσας
1707 1027 1798 1080 ἐπὶ
1822 1030 1886 1099 τῇ
1923 1044 2049 1099 προ-

471 1122 691 1191 τιμήσει
728 1119 930 1173 κτείνει
953 1115 1113 1170 αὐτὸν
1144 1115 1237 1168 καὶ
1270 1116 1541 1184 ἐπάρατος
1561 1116 1769 1183 γίνεται
1798 1116 1873 1187 τῷ
1907 1117 2044 1186 Θεῷ,

471 1212 564 1264 καὶ
600 1210 826 1271 στένειν,
853 1210 945 1262 καὶ⁵
967 1208 1188 1278 τρέμειν
1212 1206 1679 1260 καταδεδίκασται.
1732 1208 2047 1279 Ἐκὸληθεὶς

469 1301 526 1354 δὲ
565 1300 675 1353 ἀπὸ
701 1298 793 1352 τοῦ
828 1296 1117 1369 προσώπου
1146 1295 1237 1348 τοῦ
1275 1295 1431 1359 Θεοῦ,
1457 1298 1513 1350 ἐν
1541 1299 1611 1368 γῇ
1643 1296 1777 1349 Ναῒδ
1811 1296 2046 1368 ᾢκησεν,

468 1392 598 1447 ἔνθα
641 1392 734 1445 xat
780 1390 972 1451 παῖδας
1011 1387 1274 1456 ἐγείνατο.
1309 1387 1705 1442 Constantinus
1738 1387 2044 1449 Manasses,

470 1486 526 1539 in
560 1482 896 1537 Annalibus:
928 1480 1203 1534 Ἐντεῦθεν
1226 1480 1364 1533 Κάῖν
1411 1479 1654 1544 ἐλασθεὶς
1689 1480 1789 1549 τῆς
1824 1478 2047 1551 πρώτης

471 1576 759 1649 παροικίας
772 1615 785 1639 ,

466 1670 575 1725 Καὶ
618 1667 738 1738 γῆν
780 1664 1020 1738 πολλὴν
1054 1664 1391 1738 ἐςτιδρδαέιίοξ⁸
1419 1663 1608 1738 ἔπηξε
1631 1664 1736 1728 τὰς
1768 1664 2045 1738 αὐλαίας,

471 1734 652 1792 Ἕν·θὰ
680 1734 871 1791 καλὸν
916 1736 1040 1800 τοῖς
1083 1735 1677 1803 ὀρθαλμοῖςεχείνου
1721 1734 2043 1801 κατεφάνη.

2151 572 2344 625 Annal.
2367 582 2496 626 tom.
2517 569 2535 622 Ι
2557 590 2570 625 :
2598 566 2766 634 Οὗτος
2793 573 2965 643 μέτρα
2989 588 3046 624 τε
3072 572 3167 624 καὶ
3192 570 3726 641 στάθμιαέπενόησε,

2149 665 2242 716 καὶ
2271 663 2483 733 πρῶτος
2516 664 2676 735 ὅρους
2718 663 2956 735 ἐπήξατο
2983 662 3088 732 γῆς
3121 662 3387 733 πονηρίας
3410 661 3728 733 καθηγητὴς

2148 755 2568 825 χρηματισθεὶς,
2598 756 2689 808 καὶ
2738 757 2890 808 πόλιν
2936 756 3016 818 είς
3057 754 3227 824 ὄνομα
3264 752 3358 806 τοῦ
3382 753 3727 825 πρωτοτόκου

2150 848 2264 900 υἱοῦ
2288 847 2452 900 αὐτοῦ
2492 847 2656 912 Ἐνὼς
2689 846 3349 919 ‹ξ›κοδόμησεν.]οεθρὶωδ
3383 848 3510 901 item
3539 846 3731 911 inven-

2149 938 2349 993 tionem
2411 939 2710 1007 ponderum
2762 951 2816 994 et
2864 953 3243 993 mensurarum
3293 946 3572 1008 acceptam
3620 937 3729 993 fert

2149 1031 2243 1084 lib.
2275 1045 2290 1082 ι
2326 1032 2609 1100 Antiqui!.,
2643 1046 2764 1102 cap.
2788 1031 2821 1084 5
2891 1031 3001 1084 Καὶ
3040 1031 3137 1101 τὴν
3173 1031 3602 1101 ἀπραγμοσύνην
3630 1029 3729 1100 μὲν

2148 1114 2182 1195 ᾗ
2211 1121 2472 1193 πρότερον
2506 1122 2742 1185 συνέζων
2770 1124 2819 1175 oi
2842 1122 3117 1193 ἄνθρωποι
3148 1120 3361 1191 μέτρων
3395 1121 3611 1191 ἐπινοίᾳ
3634 1121 3731 1173 καὶ

2149 1210 2403 1281 σταθμῶν
2434 1215 2818 1283 μετεστήσατο,
2849 1211 3107 1281 ἀκέραιον
3135 1212 3319 1275 αὐτοῖς
3352 1211 3479 1264 ὄντα
3498 1211 3589 1264 τὸν
3619 1211 3731 1282 βίον

2147 1304 2214 1357 ἐκ
2264 1304 2365 1374 τῆς
2396 1304 2598 1356 τούτων
2644 1302 2900 1373 ἀμαθίας,
2936 1303 3028 1357 καὶ
3070 1303 3444 1375 μεγαλόψυχον
3478 1304 3558 1366 είς
3592 1319 3729 1355 παν-

2146 1396 2370 1468 ουργίας
2416 1395 2657 1465 ἀγαγών.
2710 1396 3029 1464 Eutropius,
3091 1396 3189 1449 lib.
3225 1412 3266 1458 ι,
3303 1394 3462 1449 initio
3492 1393 3732 1465 (hmsitat

2148 1494 2330 1540 tamen
2380 1485 2809 1555 Christophorus
2863 1483 3178 1540 Roﬁniacus
3231 1486 3284 1538 in
3336 1481 3553 1537 Comm.
3595 1483 3725 1538 hist.

2149 1591 2279 1629 num
2324 1591 2449 1630 vera
2492 1584 2623 1630 sunt
2649 1590 2771 1645 quae
2805 1574 2872 1628 de
2901 1575 3106 1629 exteris
3142 1575 3308 1629 rebus
3339 1574 3575 1628 admista
3600 1580 3727 1628 sunt

2148 1664 2453 1734 Eutropio:
2496 1680 2623 1719 nam
2680 1665 2727 1719 is
2782 1666 2927 1721 solas
2986 1662 3279 1721 Romanas.
3325 1672 3386 1718 ut
3418 1663 3727 1719 doctissimi

2151 1759 2448 1828 scriptores
2479 1764 2773 1822 testantur,
2790 1756 3116 1827 contexuit),
3141 1771 3206 1811 eo
3238 1763 3481 1825 tempore
3501 1770 3728 1809 mensu-

467 1832 533 1886 Et
562 1830 854 1900 Iosephus,
885 1828 1066 1897 Antiq.
1102 1825 1320 1881 Judaic.
1362 1826 1455 1918 lib.
1493 1841 1534 1918 rt,
1578 1840 1700 1894 cap.
1731 1827 1805 1918 ὃς
1843 1825 2047 1895 Πολλὴν
2083 1826 2122 1881 Β
2154 1825 2345 1905 ηε“ει
2375 1848 2615 1918 pondera
2669 1848 2887 1902 inventa
2924 1825 3111 1912 "mm,
3142 1863 3252 1916 quo
3304 1846 3449 1915 apud
3488 1845 3741 1899 “mnos.

465 1924 525 1978 δέ
554 1920 794 1976 ἐπελθὼν
824 1921 948 1991 γῆν,
985 1918 1224 1990 ἱδρύεται
1271 1917 1409 1987 μετὰ
1454 1917 1550 1987 τῆς
1594 1917 1850 1985 γυναικὸς
1903 1918 2043 1970 Κάῐν

467 2015 641 2069 Ναῖδα
690 2013 853 2066 τόπον
892 2010 1033 2064 οὕτω
1065 2009 1415 2079 καλούμενον,
1445 2010 1539 2062 καὶ
1590 2008 1775 2061 αὐτόθι
1817 2012 2045 2062 ποιεῖται

467 2106 568 2176 τὴν
614 2102 948 2172 κατοίκησιν,
1004 2100 1131 2153 ἔνθα
1194 2099 1287 2153 καὶ
1330 2098 1515 2161 παῖδες
1563 2096 2047 2166 ἐγένοντο.Ῥι·ἰηια

469 2198 636 2269 igitur
679 2196 832 2251 orbis
880 2205 1149 2250 terrarum
1182 2192 1375 2247 civitas
1411 2189 1686 2246 Henochia
1716 2190 1820 2245 fuit
1856 2205 1886 2244 a
1909 2191 2046 2246 Cain

468 2296 771 2347 exstructa.
787 2287 1022 2343 Berosus
1039 2284 1259 2338 lictitius
1276 2283 1369 2337 lib.
1387 2282 1465 2335 De
1496 2282 1836 2350 temporibus,
1867 2281 2045 2337 lieno-

470 2385 648 2438 chiam
696 2381 971 2436 civitatem
1005 2377 1194 2432 scribit
1226 2391 1348 2431 esse
1387 2374 1663 2429 conditam
1707 2376 1854 2430 circa
1879 2374 2043 2429 Liba-

471 2492 600 2532 num
660 2481 924 2535 montem,
960 2471 1053 2539 qui
1085 2477 1171 2524 est
1210 2469 1277 2523 ad
1307 2469 1575 2523 orientem
1634 2468 2043 2538 comparatione

470 2565 710 2637 regionis
757 2563 1125 2627 Datnascenm,
1160 2560 1439 2631 fuisseque
1500 2559 1894 2629 amplissimam
1947 2576 2042 2613 ur-

470 2660 615 2721 bem,
667 2663 721 2711 et
763 2655 1149 2709 habitationem
1204 2652 1502 2724 gigantum.
1578 2651 1674 2707 llis
1724 2651 1874 2705 addit
1924 2651 2040 2704 An-

471 2750 619 2810 nius,
675 2762 775 2802 suo
827 2748 991 2801 etiam
1044 2752 1289 2813 tempore
1346 2744 1493 2799 illius
1549 2743 1791 2799 civitatis
1844 2741 2043 2796 dirutae

471 2840 621 2895 cerni
652 2839 708 2892 in
738 2847 919 2892 monte
948 2834 1157 2890 Libano
1178 2835 1415 2890 maxima
1455 2842 1509 2889 et
1554 2835 1795 2905 ingentia
1847 2832 2043 2886 funda-

471 2938 676 2995 menta,
699 2937 752 2986 et
781 2929 942 2999 vulgo
974 2928 1043 2982 ab
1075 2927 1271 2983 incolis
1306 2928 1453 2983 illius
1489 2927 1729 2997 regionis
1769 2925 2042 2980 nominari

471 3021 747 3076 civitatem
808 3020 964 3086 Cain,
1016 3028 1182 3089 atque
1240 3018 1295 3073 id
1337 3034 1398 3073 se
1430 3032 1497 3071 ex
1540 3015 1936 3072 mercatoribus
1991 3025 2044 3068 et

472 3112 902 3184 peregrinis,qui
937 3112 992 3166 in
1024 3111 1230 3165 Libano
1270 3120 1325 3166 et
1349 3110 1614 3163 Damasco
1636 3109 1837 3163 versati
1865 3115 2039 3171 erant,

473 3207 771 3275 accepisse.
828 3202 1194 3274 Hieronymus
1251 3209 1435 3256 tamen
1466 3208 1520 3256 ct
1563 3200 1655 3254 alii
1687 3200 1845 3254 aliter
1872 3198 2045 3270 expli—
2072 3175 2115 3232 θ

472 3304 617 3360 cant,
660 3294 775 3350 Nod
818 3311 927 3350 non
954 3310 1077 3351 esse
1116 3308 1315 3350 nomen
1344 3293 1624 3364 proprium
1664 3291 1791 3354 loci,
1826 3292 1922 3346 sed
1951 3307 2047 3362 ap-

473 3389 784 3459 pellativum
812 3387 1006 3443 Latine
1035 3386 1607 3457 signiﬁcans,vagum,
1632 3383 1927 3451 ﬂuctuans,
1958 3384 2047 3440 in-

472 3479 689 3545 stabile,
723 3493 788 3533 ae
817 3479 964 3534 sedis
1002 3478 1244 3532 incertae.

540 3570 700 3637 lbid.,
743 3570 839 3624 lin.
887 3571 977 3625 40.
1031 3569 1140 3623 Καὶ
1192 3567 1399 3623 πᾶσαν
1442 3567 1735 3636 ἀρῤητοπ.
1774 3565 2047 3638 Iosephus

469 3664 565 3718 lib.
600 3680 617 3718 ι
660 3662 923 3730 Antiquit.
954 3660 1197 3722 Iudaica,
1235 3675 1355 3730 cap.
1385 3660 1419 3714 5
1451 3678 1464 3713 :
1495 3660 1609 3713 Οὐκ
1660 3660 1753 3712 ἐπὶ
1797 3660 2048 3731 νουθεσίᾳ

468 3755 529 3809 δὲ
550 3756 650 3825 τὴν
678 3753 898 3806 κόλασιν
926 3752 1133 3817 ἐλαϐεν,
1161 3753 1273 3805 ἀλλ’
1320 3754 1404 3805 ἐπ’
1435 3752 1659 3824 αὐξήσει
1702 3753 1803 3823 τῆς
1829 3753 2045 3819 κακίας,

468 3845 663 3917 ἡδονὴν
697 3844 793 3914 μὲν
821 3846 1001 3898 πᾶσαν
1031 3845 1336 3916 ἐκπορίζων
1370 3844 1533 3897 αὐτοῦ
1573 3845 1650 3915 τῷ
1680 3845 1912 3917 σώματι,
1943 3846 2049 3900 κᾶν

473 3933 592 4005 μεθ’
624 3932 833 4003 ὕϐρεως
861 3933 966 3985 τῶν
997 3934 1258 3987 συνόντων
1289 3934 1383 4006 δέῃ
1431 3932 1633 4003 ταύτην
1662 3933 1747 4005 ἔχε
1759 3951 1835 3987 ιν·
1868 3933 2046 3998 αὐξων

469 4024 526 4076 δὲ
559 4025 647 4077 τὸν
674 4021 819 4077 οἷκον
847 4025 1039 4097 πλήθει
1085 4028 1381 4096 χρημάτων
1420 4026 1478 4091 ἐξ
1516 4029 1768 4098 ἁρπαγῆς
1805 4029 1896 4080 καὶ
1929 4028 2048 4097 βίας

469 4118 606 4188 πρὸς
629 4117 823 4189 ἡδονὴν
852 4119 945 4172 καὶ
969 4118 1222 4190 λῃστείαν
1255 4119 1380 4181 τοὺς
1410 4119 1837 4188 ἐντυγχάνοντας
1868 4136 2045 4189 παρα-

468 4208 995 4274 καλῶν,διδάσκαλος
1020 4210 1199 4273 αὐτοῖς
1228 4210 1479 4281 πονηρῶν
1507 4209 1749 4280 ὑπῆρχεν
1771 4208 2048 4279 ἐπιτηδευ-

472 4299 675 4371 μάτων.
704 4298 984 4354 Manasscs
1018 4300 1068 4353 in
1106 4299 1299 4353 Annal.
1321 4315 1341 4352 :

466 4390 578 4444 Καὶ
606 4389 835 4459 πρῶτος
868 4392 1162 4457 ἐπενόησε
1193 4393 1401 4456 πόλεις
1431 4392 1904 4460 ὀχυροπύργους.

464 4462 742 4528 Νηχύτου
762 4461 1084 4528 γενομένου
1100 4461 1167 4512 δὲ
1191 4460 1296 4513 τοῦ
1327 4463 1538 4530 γένους
1568 4460 1686 4514 τῶν
1701 4462 2042 4529 ἀνθρώπων,

476 4531 732 4595 Ὀδίταις
762 4531 1081 4593 ἐπετίθετο,
1122 4532 1436 4597 λῃστείαις
1463 4532 1772 4599 ἐπεχείρει,

476 4599 827 4664 Ἐσκύλευε,
860 4599 1200 4668 διήρπαζεν,
1230 4599 1471 4667 ἔκραινε
1500 4604 1702 4669 χεῖρας
1735 4601 1968 4669 φόνοις.

462 4689 585 4745 Non
614 4689 805 4755 Caino,
866 4689 961 4746 sed
1001 4693 1121 4759 ejus
1162 4689 1291 4744 filiis
1329 4700 1383 4744 et
1426 4690 1641 4746 filiabus
1688 4689 2039 4761 ﬂagitiosam,

465 4796 529 4835 ac
563 4780 854 4836 nefandam
890 4781 1168 4835 libidinem
1204 4783 1346 4834 hanc
1382 4780 1692 4837 Methodius
1723 4780 2041 4836 Patarensis

462 4870 672 4926 tribuit.
709 4870 800 4941 Τῷ
836 4872 894 4926 δὲ
924 4871 1360 4944 πεντακοσιοστῷ
1386 4874 1562 4945 χρόνῳ
1593 4874 1693 4945 τῆς
1723 4880 1773 4927 α’
1805 4872 2042 4944 χιλιάδος

460 4963 509 5015 οἱ
565 4963 670 5015 υἱοὶ
709 4961 805 5015 τοῦ
856 4962 996 5015 Κάῖν
1038 4962 1483 5036 κατεστρώννυον
1513 4963 1613 5026 τὰς
1644 4965 1907 5031 γυναῖκας
1933 4963 2043 5016 τῶν

460 5053 703 5124 ἀδελφῶν
723 5054 920 5110 αὐτῶν.
948 5055 1113 5119 Γνοὺς
1127 5054 1185 5109 δὲ
1206 5054 1376 5110 ταῦτα
1397 5054 1425 5109 ό
1450 5054 1623 5125 Ἀδὰμ
1642 5054 1887 5127 ἐλυπήθη
1912 5055 2042 5123 σφό-

457 5146 578 5219 δρα.
622 5149 708 5201 Ἐν
751 5148 808 5202 δὲ
846 5148 924 5218 τῷ
962 5148 1324 5217 ἐξακοσιοστῷ
1352 5149 1459 5201 ἔτει
1492 5149 1591 5220 τῆς
1617 5148 1842 5220 πρώτης
1867 5149 2040 5220 χιλιά-

456 5238 545 5301 δος
569 5240 769 5310 οἴστρῳ
798 5240 998 5312 ἔρωτος
1021 5240 1273 5312 πορνείας
1299 5242 1354 5293 αἱ
1379 5240 1584 5293 τούτων
1606 5243 1863 5308 γυναῖκες
1913 5258 2039 5294 κατ-

457 5330 887 5402 εσχέθησαν,καὶ
916 5337 998 5395 εἰς
1028 5332 1224 5403 μανίαν
1252 5332 1589 5403 ἐτράπησαν,
1621 5333 1715 5384 καὶ
1747 5335 1858 5395 τοῖς
1890 5333 2038 5395 ἰδίοις

456 5424 711 5495 ἀνδράσιν
736 5424 829 5476 an
856 5422 1099 5491 γυναιξὶν
1128 5424 1447 5495 ἐκέχρηντο,
1471 5424 1563 5475 καὶ
1585 5423 1807 5491 γέγονεν
1822 5424 2037 5494 ἀληθῶς

457 5515 733 5586 προῦπτος
790 5515 1018 5585 αἰσχύνη
1070 5519 1183 5577 τοῖς
1227 5515 1413 5585 ὁρῶσι.
1447 5514 1537 5585 Τῷ
1599 5514 1655 5567 δὲ
1716 5517 2035 5569 όκτακοσιο-

458 5608 569 5678 στῷ
610 5610 785 5679 χρόνῳ
828 5608 927 5677 τῆς
972 5610 1118 5680 ζωῆς
1173 5609 1268 5661 τοῦ
1334 5609 1503 5678 Ἀδὰμ
1557 5610 1931 5663 κατεπλάτυνε
1974 5610 2035 5662 τὸ

459 5702 614 5770 μῖσος
643 5699 743 5767 τῆς
774 5701 1028 5770 πορνείας
1056 5703 1114 5754 ἐν
1144 5703 1209 5771 τῇ
1245 5704 1314 5770 γῇ
1338 5700 1442 5755 ὐπὸ
1467 5699 1574 5754 τῶν
1600 5699 1731 5754 υἱῶν
1754 5700 1846 5753 τοῦ
1882 5699 2037 5753 ἀδελ-

456 5789 715 5855 φοκτόνον
747 5790 907 5844 Κάἴν.

2153 1942 2377 2004 Procas,
2413 1941 2554 2010 apud
2588 1939 2804 1995 Judmos
2826 1940 2938 1992 Aza
2971 1944 3292 2010 regnarunt.
3320 1937 3426 1992 Alii
3454 1935 3729 1991 Palamedi

2154 2031 2521 2086 inventionem
2578 2032 2721 2084 hanc
2764 2030 3160 2098 ascripserunt,
3193 2044 3223 2081 a
3256 2028 3457 2099 quibus
3480 2042 3590 2082 non
3619 2026 3731 2082 dis-

2154 2125 2318 2179 sentit
2367 2121 2597 2193 Gorgias
2652 2120 2951 2176 Leontinus
3000 2122 3251 2176 oratione
3311 2122 3578 2191 apologet.
3630 2134 3732 2190 pro

2151 2212 2440 2268 Palamede
2472 2229 2485 2264 :
2526 2212 2620 2276 Τίς
2650 2211 2759 2283 γὰρ
2783 2212 2848 2266 ἂν
2879 2211 3101 2281 ἐποίησε
3119 2212 3209 2265 τὸν
3249 2209 3583 2282 ἀνθρώπινον
3617 2209 3730 2279 βίον

2152 2303 2383 2373 πόριμον
2415 2302 2472 2368 ἐξ
2506 2302 2733 2373 ἀπόρου,
2775 2304 2869 2357 καὶ
2924 2301 3335 2371 κεκοσμημένον
3374 2299 3433 2366 ἐξ
3463 2300 3728 2369 ἀκόσμου.

2150 2393 2332 2457 τάξεις
2373 2410 2436 2445 τε
2470 2392 2772 2463 πολεμικὰς
2804 2392 2977 2463 εὑρὼν
3014 2393 3267 2462 μέγιστον
3302 2394 3381 2453 είς
3408 2389 3731 2459 πλεονεκτή-

2156 2504 2323 2557 ματα,
2359 2486 2559 2556 νόμους
2590 2502 2648 2537 τε
2678 2487 2979 2556 γραπτοὺς,
3006 2484 3252 2554 φύλακάς
3284 2500 3344 2536 τε
3381 2484 3475 2536 τοῦ
3497 2483 3728 2546 δικαίου,

2151 2579 2456 2651 γράμματά
2479 2595 2539 2631 τε
2568 2579 2787 2648 μνήμης
2818 2577 3069 2647 ὄργανον,
3092 2576 3265 2645 μέτρα
3287 2592 3344 2627 τε
3371 2575 3465 2629 καὶ
3496 2574 3727 2645 σταθμὰ,

2153 2671 2499 2739 συναλλαγῶν
2537 2670 2800 2741 εὐπόρους
2828 2668 3139 2737 διαλλαγὰς,
3165 2668 3395 2739 ἀριθμόν
3423 2686 3481 2721 τε
3513 2669 3730 2741 χρημά-

2149 2779 2257 2814 των
2293 2760 2535 2829 φύλακα,
2571 2757 2812 2828 πυρσούς
2855 2774 2914 2810 τε
2940 2750 3285 2828 κρατίστους,
3318 2758 3413 2811 καὶ
3443 2758 3730 2829 ταχίστους
3808 2814 3825 2827 ,

2151 2851 2435 2920 ἀγγέλους,
2466 2848 2699 2912 πεσσούς
2732 2865 2791 2900 τε
2835 2847 3029 2921 σχολῆς
3061 2848 3263 2902 ἄλυπον
3318 2849 3634 2922 διατριϐήν;
3665 2850 3731 2902 lit

2150 2942 2462 2997 Alcidamas
2515 2941 2817 2996 acerrimus
2867 2938 3177 2996 Palamedis
3225 2950 3516 2997 accusator
3561 2943 3616 2996 in
3664 2957 3731 2996 ea

2150 3048 2314 3104 quam
2350 3040 2543 3087 contra
2582 3031 2927 3087 Palamedem
2970 3031 3304 3100 conscripsit
3334 3032 3585 3086 oratione
3624 3032 3731 3086 etsi

2151 3139 2335 3178 rerum
2369 3123 2620 3184 aliarum,
2651 3122 2707 3176 in
2737 3122 2937 3191 quibus
2969 3120 3348 3175 inventoribus
3379 3122 3500 3175 laus
3546 3121 3729 3189 aliqua

2150 3225 2252 3282 est,
2301 3217 2404 3286 ipsi
2448 3216 2697 3284 deneget,
2744 3222 2799 3270 et
2851 3214 2989 3268 alios
3044 3212 3333 3268 Palamede
3386 3214 3730 3282 antiquiores

2148 3314 2562 3373 commemorat,
2621 3308 2822 3377 quibus
2867 3306 3106 3360 humana
3138 3314 3336 3359 natura
3372 3305 3589 3360 inventa
3636 3304 3729 3359 illa

2148 3401 2328 3466 debet,
2364 3409 2544 3455 tamen
2577 3399 2719 3454 hanc
2755 3412 3140 3454 mensurarum
3193 3408 3247 3452 et
3293 3395 3595 3467 ponderum
3646 3396 3734 3449 in-

2148 3494 2458 3549 ventionem
2511 3491 2786 3546 Palamedi
2837 3506 2948 3547 non
2989 3491 3221 3561 denegat
3250 3508 3263 3544 :
3290 3488 3482 3581 Μέτρα
3531 3487 3588 3540 δὲ
3634 3487 3731 3541 καὶ

2150 3588 2365 3659 σταθμὰ
2396 3588 2605 3659 ἐξεῦρε,
2640 3588 2927 3659 καπήλοις,
2957 3587 3052 3641 καὶ
3100 3586 3380 3657 ἀγοραίοις
3419 3583 3731 3656 ἀνθρώποις

2149 3679 2363 3743 ἀπάτας
2421 3679 2517 3732 καὶ
2562 3680 2866 3751 ἐπιορκίας,
2894 3678 3121 3742 πεττούς
3150 3695 3213 3746 γε
3248 3678 3353 3749 μὴν
3381 3680 3494 3740 τοῖς
3536 3677 3730 3747 ἀργοῖς
3830 3694 3837 3699 ·

2147 3772 2255 3825 τῶν
2305 3771 2512 3843 ἀνδρῶν
2576 3771 2754 3843 ἔριδας
2806 3771 2900 3825 καὶ
2954 3770 3237 3841 λοιδορίας.
3272 3769 3382 3822 Καὶ
3426 3768 3624 3830 κύὸους
3657 3764 3725 3823 αὖ

2153 3862 2403 3931 μέγιστον
2451 3862 2615 3915 κακὸν
2665 3861 2921 3927 ἐδίδαξεν,
2953 3864 3065 3923 τοῖς
3104 3861 3200 3929 μὲν
3233 3858 3510 3929 ἡττηθεῖσι
3548 3853 3725 3920 λύπας

2150 3958 2243 4010 καὶ
2286 3954 2508 4027 ζημίας,
2536 3958 2645 4017 τοῖς
2670 3956 2726 4007 δὲ
2758 3954 2951 4007 νικῶσι
2999 3953 3349 4021 καταγέλωτα
3381 3952 3475 4005 καὶ
3502 3950 3719 4013 ὄνειδος.

2151 4048 2216 4102 Et
2263 4046 2468 4101 Gellius
2510 4047 2777 4101 referente
2830 4045 3005 4098 Plinio
3065 4047 3099 4097 Ι.
3138 4062 3231 4106 vtt,
3282 4060 3331 4097 c.
3372 4044 3460 4104 56,
3496 4043 3549 4097 id
3580 4042 3721 4096 idem

2150 4140 2381 4195 Phidoni
2422 4140 2623 4209 Argivo
2674 4138 2886 4198 tribuit,
2919 4138 3006 4191 cui
3043 4137 3328 4191 sententia:
3359 4145 3413 4190 et
3451 4134 3725 4190 Eusebius

2150 4235 2205 4288 in
2239 4232 2591 4301 Chronologia
2625 4229 3021 4299 subscripsisse
3068 4228 3299 4283 videtur.
3349 4226 3549 4282 Strabo
3594 4228 3721 4281 item

2149 4327 2243 4381 lib.
2270 4342 2363 4380 vut
2410 4324 2573 4393 hujus
2616 4322 2883 4387 meminit,
2907 4330 2961 4377 et
2996 4321 3140 4377 illius
3184 4321 3514 4376 inventionis
3554 4339 3567 4376 :
3614 4320 3726 4373 Καὶ

2154 4420 2326 4489 μέτρα
2357 4415 2546 4487 ἐξεῦρε
2578 4414 2646 4467 τὰ
2678 4414 2936 4484 φειδώνια
2980 4414 3074 4467 καὶ
3108 4413 3402 4483 σταθμοὺς,
3445 4414 3538 4467 καὶ
3567 4412 3723 4484 νόμι-

2078 4524 2120 4577 ῃ
2151 4529 2263 4580 σμα
2296 4507 2726 4579 κεχαραγμένον,
2758 4506 2818 4559 τό
2848 4523 2907 4558 τε
2947 4505 3074 4559 ἄλλο
3118 4505 3212 4558 καὶ
3244 4505 3305 4558 τὸ
3342 4503 3637 4577 ἀργυροῦν·
3670 4513 3725 4559 ct
3762 4516 3773 4525 '

2143 4601 2358 4661 Pollux,
2397 4599 2491 4652 lih.
2518 4613 2614 4661 vu,
2661 4611 2783 4666 cap.
2825 4595 2892 4649 56
2921 4613 2935 4649 :
2960 4594 3058 4665 Είη
3090 4593 3157 4647 ἂν
3189 4594 3283 4647 καὶ
3318 4592 3514 4661 φείδων
3544 4608 3597 4644 τι
3625 4593 3727 4658 ἁγο

2144 4696 2289 4762 γείον
2330 4689 2584 4761 ἐλαιηρὸν
2617 4688 2725 4741 ἀπὸ
2757 4687 2866 4740 τῶν
2897 4685 3220 4755 φειδωνείων
3255 4684 3467 4756 μέτρων
3505 4683 3723 4752 ὠνομαο

2145 4781 2378 4853 σμένων,
2416 4780 2556 4852 ὐπὲρ
2592 4772 2666 4833 ὧν
2698 4780 2755 4831 ἐν
2792 4777 3022 4849 Ἀργείῳ
3062 4775 3305 4847 πολιτείᾳ
3346 4773 3722 4847 Ἀριστοτέλης

2142 4876 2310 4946 λέγει,
2350 4882 2405 4930 et
2447 4875 2500 4929 in
2535 4872 2774 4929 Scholiis
2823 4870 3136 4927 Pindaricis
3179 4872 3295 4927 haec
3326 4870 3718 4940 reperiuntur:

2140 4968 2338 5022 Φείδων
2368 4984 2453 5030 τις
2483 4964 2770 5037 Κορίνθιος
2799 4960 2926 5036 εὐρε
2958 4963 3133 5036 μέτρα
3159 4964 3253 5019 καὶ
3275 4961 3495 5034 σταθμά
3514 4979 3529 4995 ο
3556 4975 3739 5033 voca-_

2141 5067 2233 5114 tur
2265 5064 2446 5115 autem
2476 5057 2824 5121 Corinthius,
2855 5072 2969 5112 non
2998 5058 3127 5126 quia
3156 5056 3411 5112 Corinthi
3438 5063 3604 5113 natus
3628 5072 3721 5112 es-

2141 5159 2243 5212 set.
2277 5151 2371 5208 sed
2401 5150 2548 5220 quod
2583 5149 2656 5204 ibi
2700 5156 2969 5204 maneret.
3014 5147 3091 5202 Ex
3131 5148 3219 5203 his
3248 5154 3487 5217 quatuor
3517 5148 3572 5203 in
3604 5164 3718 5203 uno

2141 5242 2414 5299 versiculo
2443 5242 2631 5311 lapsus
2655 5238 2921 5295 Rollniaci
2952 5239 3344 5310 deprehendes.
3373 5237 3618 5294 Primum
3648 5256 3716 5295 ex

2140 5334 2404 5396 Phidone,
2433 5332 2761 5388 Phaedonem
2794 5331 2925 5387 facit
2952 5333 3007 5386 in
3044 5330 3333 5385 Strabone.
3372 5329 3711 5393 Secundum,

2139 5427 2303 5481 alium
2339 5427 2485 5480 hunc
2521 5435 2683 5495 atque
2727 5425 3005 5480 diversum
3055 5425 3122 5478 ab
3175 5439 3241 5478 eo
3290 5424 3451 5492 cujus
3504 5424 3713 5479 mentio

2137 5517 2281 5587 apud
2321 5515 2560 5571 Plinium
2591 5526 2697 5580 est,
2730 5518 3037 5579 constituit,
3071 5530 3198 5568 eum
3242 5517 3313 5569 sit
3361 5515 3526 5571 idem.
3577 5514 3713 5570 Ter-

2137 5611 2272 5663 tium
2301 5608 2466 5679 hujus
2502 5609 2637 5687 artis
2669 5617 2948 5664 auctorem
2979 5607 3243 5678 appellari
3276 5623 3308 5663 a
3335 5607 3606 5662 Strabone
3629 5607 3712 5660 σί-

2137 5703 2337 5767 ﬁrmat,
2372 5716 2496 5755 cum
2532 5717 2633 5756 nec
2670 5717 2861 5755 verum
2912 5700 2964 5754 id
3016 5700 3201 5765 fuerit,
3239 5688 3338 5754 nec
3370 5699 3569 5754 Strabo
3601 5716 3708 5753 un-

2135 5809 2297 5865 quam
2353 5791 2666 5850 somniavit.
2718 5791 2919 5847 Earum
2953 5792 3100 5848 enim
3133 5806 3541 5856 mensurarum,
3588 5806 3715 5862 quae
