4124 6432
410 421 517 477 977

1398 418 1467 473 ΙΝ
1509 416 1892 476 ΕῠΞΤΑΤΗΙι
1922 414 2405 479 HEXAEMERON
2443 414 2679 471 NOTAE.

3586 418 3690 473 978

411 539 482 593 ab
511 536 635 607 ejus
683 536 906 592 nomine
953 536 1235 592 Phidonia:
1286 546 1496 593 vocatae
1539 543 1689 602 sunt,
1746 537 2002 591 inventor
2031 544 2075 597 A
2106 545 2228 593 sent
2259 535 2511 591 eumdem
2557 548 2798 607 superna
2843 541 3015 590 matre
3046 542 3258 599 natum,
3299 551 3463 606 quam
3506 538 3693 607 perhi-

410 628 661 698 exstitit;
686 629 743 685 id
772 636 827 685 et
859 630 1085 700 scripsit
1114 628 1337 695 Strabo,
1372 631 1668 699 cmterique
1700 628 2000 699 scriptores

413 719 768 783 conﬁrmant,
806 718 1079 786 Quartum
1111 735 1178 774 ex
1220 719 1445 791 Argivo,
1495 719 1803 775 Elidensem
1848 719 1999 775 facit.

412 810 675 877 Quamvis
705 810 851 867 enim
882 818 936 867 et
959 811 1162 883 Argos,
1191 820 1244 866 et
1272 809 1389 867 Elis
1415 812 1473 866 in
1497 810 1911 884 Peloponneso:
1948 821 2002 865 at

411 897 681 977 quantum
715 904 960 974 distant?

484 997 603 1054 Col.
617 994 741 1063 749,
763 997 861 1052 lin.
875 996 1083 1052 45.Kal
1104 996 1284 1067 ὅρους
1298 997 1414 1069 γῆς
1426 997 1772 1055 ἐπεν.(]ιιίιιο
1784 1014 2005 1070 quoque

413 1087 676 1152 limitum,
709 1088 803 1157 qui
829 1088 977 1157 agris
1003 1088 1169 1144 ﬁnem
1195 1088 1580 1156 decernerent,
1599 1098 1653 1147 et
1683 1092 1901 1146 urbium
1931 1107 2002 1147 te-

417 1177 819 1234 diﬁcandarum
839 1182 1073 1251 primam
1091 1181 1358 1237 rationem
1380 1192 1660 1253 acceptam
1680 1184 1884 1240 ferunt.
1906 1183 2004 1238 Jo-

418 1271 623 1341 sephus
650 1272 832 1342 Antiq.
862 1271 955 1327 lib.
993 1287 1033 1335 ι,
1069 1288 1193 1345 cap.
1224 1274 1298 1328 ὃς
1340 1275 1540 1346 Ὅρους
1571 1293 1630 1329 τε
1663 1276 1768 1347 γῆς
1791 1275 2006 1347 πρῶτος

418 1364 592 1429 ἔθετο,
629 1366 724 1418 καὶ
766 1364 920 1418 πόλιν
950 1365 1225 1437 ἐδείματο,
1272 1366 1369 1419 καὶ
1412 1368 1647 1437 τείχεσιν
1691 1368 2003 1441 ὠχύρωσεν,

420 1451 500 1514 εἰς
528 1450 694 1503 ταύτὸ
723 1452 992 1505 συνελθεῖν
1029 1456 1154 1516 τοὺς
1181 1455 1413 1518 οἰκείους
1445 1459 1888 1527 καταναγκάσας,
1915 1458 2008 1511 καὶ

419 1541 518 1611 τὴν
566 1540 721 1594 πόλιν
754 1541 811 1595 δὲ
847 1543 1051 1615 ταύτην
1083 1544 1191 1597 ἀπὸ
1240 1544 1473 1600 Ἐνώσου
1510 1548 1603 1601 τοῦ
1633 1549 2007 1619 πρεσϐυτάτου

421 1632 611 1696 παιδὸς
658 1631 896 1688 Ἐνὼσαν
929 1635 1206 1690 ἐκάλεσεν.
1244 1635 1582 1707 TheOphilus
1606 1639 2006 1706 Antiochenus,

420 1724 518 1778 lib.
551 1740 586 1779 ιι
610 1725 679 1777 ad
724 1726 1041 1797 Autolycum
1069 1744 1088 1783 :
1132 1728 1192 1782 Ὀ
1237 1725 1329 1782 οὖν
1361 1729 1502 1783 Κάῖν
1535 1731 1628 1785 καὶ
1658 1733 1821 1796 αὐτὸς
1853 1733 2010 1804 ἔσχεν

2104 629 2237 685 bent
2257 627 2585 684 convenisse
2606 642 2733 683 cum
2759 641 2999 699 superno
3023 633 3180 697 patre
3204 634 3263 681 ut
3289 627 3415 683 inde
3441 628 3691 685 divinmn

2104 736 2290 776 semen
2317 720 2467 775 aliud
2493 728 2817 777 nasceretur
2864 727 3127 791 tanquam
3178 719 3414 775 ﬁliorum
3454 718 3570 775 Dei.
3612 719 3691 777 De

2103 828 2338 885 quorum
2384 827 2526 868 vana
2571 812 2831 882 opinione
2874 812 2999 868 vide
3050 811 3116 869 D.
3172 812 3405 882 August.
3451 813 3547 869 lib.
3609 812 3692 869 De

2104 901 2419 967 Iurresibas,
2478 901 2547 956 ad
2590 900 3049 969 Quodvultdeum.
3101 901 3318 959 Delrius
3388 909 3594 966 tamen,
3631 903 3687 957 in

2105 996 2212 1052 line
2245 1010 2369 1067 cap.
2406 1011 2460 1051 tv
2499 993 2712 1060 Cenem,
2746 993 2928 1064 rejicit
2968 994 3109 1051 hanc
3149 996 3461 1068 opinionem
3510 1005 3690 1052 tanto—

2106 1104 2226 1144 rum
2277 1087 2501 1143 Patrum
2555 1086 2890 1143 testimoniis
2941 1086 3237 1145 ilrmatam.
3288 1089 3528 1154 Domini,
3585 1088 3689 1145 He-

2107 1180 2307 1245 braice,
2345 1180 2547 1251 inquit,
2586 1190 2664 1235 est
2700 1189 3202 1248 tetragrammaton,
3233 1181 3373 1252 quod
3404 1181 3506 1236 soli
3537 1198 3689 1236 sem-

2104 1288 2197 1342 per
2244 1270 2803 1341 Deo.datum:quare
2842 1288 3114 1341 nunquam
3155 1270 3413 1326 tributum
3451 1272 3688 1335 Enoclto,

2109 1372 2204 1418 aut
2231 1364 2360 1434 ﬁliis
2389 1362 2543 1427 eius;
2574 1361 2691 1417 ideo
2717 1380 2820 1417 non
2850 1372 2973 1418 sunt
3001 1363 3252 1417 audiendi
3285 1362 3434 1436 (nota
3462 1364 3565 1418 viri
3601 1379 3690 1420 re-

2109 1454 2292 1526 ligiosi
2327 1454 2382 1509 in
2417 1462 2640 1511 sanctos
2684 1454 2878 1510 Patres
2922 1454 3309 1526 reverentiam)
3340 1471 3524 1525 graves
3552 1454 3690 1508 alio-

2110 1549 2235 1618 quin
2262 1548 2567 1617 scriptores,
2606 1546 2862 1624 Cyrillus,
2900 1546 3278 1612 Tlieodoretus,
3311 1546 3615 1614 Emisenus,
3637 1555 3688 1601 et

2113 1637 2331 1705 Suidas,
2361 1644 2450 1710 qui
2478 1647 2743 1709 exponunt
2770 1648 2892 1693 tunc
2922 1638 3157 1705 Enocho,
3192 1648 3405 1709 propter
3432 1640 3690 1708 insignem

2111 1732 2376 1799 pietatem,
2395 1729 2512 1794 Dei,
2530 1740 2578 1785 et
2596 1730 2804 1796 liberis,
2837 1730 3072 1797 ﬁliorum
3100 1730 3198 1784 Dei
3236 1746 3424 1785 nomen
3456 1728 3642 1783 datum
3671 1745 3688 1781 :

419 1815 531 1867 υἱὸν
561 1814 730 1886 ὄνομα
745 1816 936 1888 Ἑνὼχ,
959 1819 1052 1873 καὶ
1069 1819 1385 1892 ᾠκοδόμησε
1416 1821 1589 1887 πόλιν,
1628 1824 1693 1895 ἢν
1719 1826 2005 1895 ἐπωνόμα-

2112 1821 2300 1892 quibus
2332 1822 2531 1876 resistit
2561 1820 2816 1876 llebrazus
2846 1831 3141 1877 contextus.
3176 1820 3390 1892 Decepit
3416 1838 3525 1888 eos,
3553 1820 3690 1891 quod

420 1923 513 1959 σεν
539 1907 630 1959 ἐπὶ
650 1906 727 1977 τῷ
750 1908 974 1980 ὀνόματι
1001 1910 1095 1963 τοῦ
1124 1912 1240 1964 υίοῦ
1276 1913 1440 1967 αὐτοῦ
1480 1914 1666 1986 Ἑνώχ.
1717 1916 1850 1969 Ἀπὸ
1870 1918 2008 1970 -τότε

422 1995 565 2067 ἀρχὴ
608 1996 824 2065 ἐγένετο
853 1999 947 2053 τοῦ
1000 2002 1396 2072 οἰκοδομεῖσθαι
1456 2006 1658 2071 πόλεις,
1715 2007 1808 2061 καὶ
1844 2008 2005 2061 τοῦτο

421 2089 528 2144 πρὸ
566 2091 972 2163 κατακλυσμοῦ,
1023 2094 1120 2166 οὐχ
1157 2095 1231 2159 ὡς
1249 2097 1495 2169 Ὅμηρος
1530 2098 1782 2168 ψεύδεται
1816 2099 2005 2169 λέγων’

496 2185 578 2236 Οὐ
596 2182 705 2254 γάρ
721 2199 810 2237 πω
828 2188 1161 2242 πεπόλιστο
1184 2190 1363 2256 πόλις
1370 2193 1650 2260 μερόπων
1664 2193 2005 2262 ἀνθρώπων.

496 2273 634 2328 Ibid.
658 2315 673 2340 ,
724 2276 824 2331 lin.
862 2276 951 2332 43.
1009 2277 1063 2332 '0
1092 2279 1162 2334 δὲ
1216 2281 1388 2353 Ἀδὰμ
1413 2283 1633 2354 μένων.
1676 2284 1841 2344 Filias
1873 2287 2010 2342 duas

423 2365 695 2422 Adamum
740 2385 1084 2440 procreasse,
1130 2373 1368 2430 Azuram
1416 2387 1471 2433 et
1494 2380 1718 2449 Asvam,
1754 2380 2004 2445 tradunt,

424 2455 517 2509 alii
559 2458 873 2513 Calmanam
909 2470 962 2517 et
994 2460 1347 2522 Lemboram.
1400 2467 1765 2539 Epiphanius,
1810 2471 2006 2528 hiBl‘eS.

424 2546 513 2612 '59,
548 2563 614 2603 ex
641 2548 882 2607 Jobilmis
927 2553 1094 2609 refert
1139 2558 1377 2613 Azuram
1415 2558 1567 2616 Setbi
1596 2561 1772 2619 fuisse
1808 2564 2005 2632 conju—

426 2653 567 2708 gem,
604 2639 804 2695 Asvam
837 2658 990 2710 vero,
1028 2647 1141 2701 sive
1195 2647 1416 2718 Savam,
1467 2660 1527 2705 ut
1577 2652 1695 2723 ipse
1751 2653 2007 2725 appellat,

425 2731 602 2788 Caini.
654 2733 940 2792 Cedrenus
995 2740 1245 2795 eamdem
1288 2741 1456 2797 Setino
1518 2747 1788 2816 assignat,
1845 2763 2009 2816 quam

336 2844 341 2847 -
427 2823 624 2877 Asvam
679 2834 859 2882 vocat.
918 2827 1229 2888 Methodius
1286 2832 1605 2893 Patavensis
1642 2838 1772 2890 :‘Ev
1824 2838 1881 2891 δὲ
1934 2839 2012 2909 τῷ

427 2919 733 2990 τριακοστῷ
772 2923 948 2993 χρόνῳ
983 2924 1079 2996 τῆς
1124 2924 1304 2990 ἐξόδου
1344 2928 1523 2981 αὐτῶν
1556 2929 1650 2982 τοῦ
1682 2931 2009 3003 παραδείσου

427 3009 656 3064 τὲτοκαν
684 3013 824 3067 Κάῖν
852 3015 941 3069 τὸν
964 3019 1309 3089 πρωτότοκον
1336 3021 1432 3075 καὶ
1458 3021 1555 3092 τὴν
1582 3023 1819 3095 ἀδελφὴν
1845 3023 2008 3079 αὑτοῦ

429 3101 747 3174 Καλμάναν.
785 3108 896 3161 Καὶ
941 3110 1079 3180 μετά
1123 3112 1439 3183 τριακοστὸν
1485 3114 1668 3184 ἕτερον
1706 3114 1824 3178 ἔτος
1860 3118 2012 3185 ἐγέν-

428 3208 558 3265 νησε
587 3196 676 3249 τὸν
704 3198 870 3251 ’Ἅϐελ
900 3201 996 3255 σὺν
1027 3203 1092 3272 τῇ
1125 3202 1385 3274 Λεμϐόρᾳ
1411 3206 1475 3274 τῇ
1503 3203 1704 3276 ἀδελφῇ
1734 3206 1921 3261 αὐτοῦ.

498 3285 658 3354 lbid.,
700 3289 905 3346 lin.49.
949 3293 1045 3346 Ἐν
1083 3289 1171 3359 οἷς
1205 3293 1524 3362 ἐξαίρετος.
1563 3296 1857 3367 Josephus,
1899 3302 2010 3353 An-

431 3380 611 3448 tiquit.
640 3381 735 3436 lib.
772 3398 810 3447 ι,
845 3399 963 3453 cap.
1000 3387 1034 3440 5
1069 3403 1083 3442 :
1114 3387 1362 3441 Γίνονται
1394 3390 1491 3459 μὲν
1511 3385 1605 3443 οὖν
1632 3391 1815 3455 παῖδες
1844 3391 2008 3453 αὐτοῦ

429 3468 578 3523 ἄλλοι
611 3489 668 3524 τε
694 3475 787 3526 καὶ
814 3475 1050 3541 πλείους,
1077 3479 1171 3531 καὶ
1192 3479 1384 3550 Σῆθος.
1429 3481 1588 3535 Ἀλλὰ
1622 3484 1750 3554 περὶ
1778 3483 1877 3554 μὲν
1904 3483 2009 3536 τῶν

428 3561 604 3616 ἄλλων
636 3567 843 3639 μακρὸν
871 3568 937 3622 ἂν
970 3569 1054 3641 εἴη
1082 3571 1260 3640 λέγειν
1284 3590 1296 3602 ·
1328 3576 1661 3645 πειράσομαι
1693 3575 1749 3628 δὲ
1777 3575 1912 3646 μόνα
1943 3578 2010 3630 τὰ

427 3655 535 3708 τῶν
563 3658 671 3711 ἀπὸ
702 3659 873 3731 Σήθου
890 3662 1144 3729 διελθεῖν.
1163 3666 1403 3737 Τραφεὶς
1434 3666 1542 3738 γὰρ
1568 3664 1738 3731 οὗτος,
1758 3670 1851 3722 καὶ
1871 3687 2012 3740 παρ-

428 3746 596 3801 ελθὼν
635 3752 714 3815 είς
749 3752 986 3824 ἠλικίαν,
1030 3757 1131 3828 ἤδη
1165 3758 1233 3811 τὰ
1274 3758 1414 3813 καλά
1458 3760 1663 3832 κρίνειν
1693 3761 2008 3833 δυνάμενος,

428 3839 631 3911 ἀρετὴν
684 3843 1033 3914 ἐπετήδευσε,
1087 3849 1180 3902 καὶ
1226 3850 1517 3922 γενόμενος
1557 3853 1720 3918 αὐτὸς
1766 3853 2007 3925 ἄριστος,

431 3929 675 3999 μιμητὰς
721 3932 885 3986 αὐτοῦ
930 3937 1057 4000 τοὺς
1105 3938 1407 4007 ἀπογόνους
1453 3941 1764 3998 κατέλιπεν.
1813 3945 1877 3997 Οί
1926 3944 2005 4009 δὲ,

429 4018 628 4083 πάντες
658 4020 850 4089 ἁγαθοὶ
876 4024 1069 4094 φύντες
1094 4028 1196 4098 γῆν
1220 4046 1279 4081 τε
1295 4030 1460 4100 αὐτὴν
1490 4032 1845 4087 ἀστασίαστοι
1867 4052 2006 4088 κατ-

427 4108 761 4179 ῳκὴσαντες,
810 4113 1203 4186 εὐδαιμόνησαν
1224 4158 1239 4181 ,
1274 4120 1502 4190 μηδενὸς
1533 4122 1715 4187 αὐτοῖς
1752 4123 1878 4195 ἄχρι
1921 4143 2009 4179 τε-

426 4198 620 4270 λευτῆς
657 4203 914 4259 δυσκόλου
952 4210 1373 4278 προσπεσόντος.
1404 4210 1608 4267 Eadem
1640 4214 1804 4270 habet
1830 4215 2008 4271 Zona-

428 4308 542 4361 ras,
577 4294 773 4351 Annal.
819 4306 954 4354 tom.
1001 4298 1040 4354 l.
1068 4299 1118 4356 Is
1171 4301 1357 4374 itaque
1390 4313 1442 4359 et
1479 4306 1606 4359 vitae
1640 4307 2005 4361 sanctimonia

427 4384 683 4457 insignis,
719 4396 773 4443 et
808 4391 1071 4446 virtutum
1114 4395 1359 4449 omnium
1405 4396 1705 4454 honoribus
1735 4398 2005 4455 condeco-

429 4484 608 4542 ratus,
630 4480 850 4549 pietatis
881 4480 1054 4536 divini
1088 4485 1331 4541 nominis
1364 4487 1670 4554 studiosus,
1701 4488 1837 4542 Deus
1866 4489 2001 4559 ipse,

2115 1929 2215 1966 non
2257 1911 2547 1967 distinxere
2583 1913 2724 1966 inter
2752 1912 2984 1978 Ileloim,
3037 1913 3173 1983 quod
3226 1923 3303 1967 est
3342 1928 3457 1980 cap.
3520 1928 3592 1979 νι,
3634 1912 3687 1975 1,

2111 2014 2159 2058 et
2191 2005 2454 2074 ine/)‘abile
2488 2022 2677 2061 nomen
2704 2004 2843 2075 quod
2871 2006 2954 2058 hic
2979 2007 3230 2075 positum.

2183 2094 2343 2152 lbid‘..
2369 2096 2465 2150 lin.
2509 2096 2598 2151 5‘2.
2631 2093 2820 2163 Οὗτος
2852 2096 2963 2166 γὰρ
2992 2096 3245 2164 πρῶτος.
3284 2094 3484 2150 Suidas
3512 2114 3525 2148 :
3558 2094 3689 2149 Θεὸν

2111 2187 2220 2259 γὰρ
2249 2186 2339 2240 τὸν
2371 2188 2479 2260 Σὴθ
2509 2189 2558 2241 οἱ
2591 2188 2710 2241 τότε
2744 2187 3020 2259 ἄνθρωποι
3054 2188 3479 2260 προσηγόρευον,
3510 2186 3598 2241 διὰ
3630 2188 3692 2240 τὸ

2113 2279 2465 2351 ἐξευρηκέναι
2494 2280 2564 2334 τά
2594 2297 2654 2333 τε
2693 2279 2957 2351 Ἐϐραῖκά
2994 2280 3320 2353 γράμματα,
3345 2279 3443 2342 τάς
3486 2295 3547 2331 τε
3581 2277 3691 2331 τῶν

2113 2371 2356 2443 ἀστέρων
2398 2373 2714 2443 ὀνομασίας,
2746 2373 2839 2426 καὶ
2875 2372 3013 2442 πρὸς
3051 2372 3258 2436 τούτοις
3287 2370 3489 2443 πολλὴν
3537 2369 3693 2424 εὐσέ-

2114 2464 2266 2517 ϐειαν
2290 2462 2453 2517 αὐτοῦ
2490 2462 2888 2534 θαυμάσαντες,
2916 2461 2991 2526 ὣς
3026 2478 3090 2530 γε
3124 2462 3217 2516 καὶ
3251 2461 3462 2533 πρῶτος
3496 2463 3693 2523 ἐπικαι-

2112 2553 2318 2607 λεῖσθαι
2346 2552 2478 2617 Θεὸς
2513 2556 2606 2607 καὶ
2640 2551 3022 2624 ὀνομάζεσθαι.
3060 2553 3340 2609 Manasses
3372 2553 3428 2608 in
3459 2552 3692 2609 Annals

2113 2647 2216 2700 Τὸν
2246 2645 2353 2711 Σὴθ
2384 2648 2566 2710 αὐτοῖς
2594 2647 2684 2701 τὸν
2714 2646 2920 2701 δίκαιον
2951 2647 3083 2709 Θεὸς
3108 2646 3498 2719 ἀντιδωρεῖται.

2191 2742 2294 2807 Ὃς
2309 2741 2528 2809 ἔθηκεν·
2544 2740 2805 2809 ὀνόματα
2819 2740 2943 2806 τοῖς
2957 2742 3260 2809 οὐρανίοις
3277 2740 3540 2808 ἄστροις.

2114 2833 2417 2887 Alexander
2462 2831 2770 2904 Polyhistor
2805 2834 2944 2902 apud
2981 2831 3294 2897 Eusebium,
3330 2832 3409 2886 De
3432 2847 3694 2902 prazpara-

2115 2927 2254 2979 (iane
2286 2925 2515 2997 evangel.
2552 2941 2673 2996 cap.
2707 2924 3209 2993 ult.,etJosephus,
3232 2924 3416 2996 Antiq.
3437 2926 3589 2991 Iib.t,
3618 2927 3695 2980 di-

2113 3024 2246 3071 cunt
2266 3016 2638 3071 Abrahamum
2656 3018 2889 3087 primum
2907 3015 3179 3088 IEgyptiis
3200 3017 3508 3087 astrologia;
3521 3025 3694 3071 artem

2114 3109 2417 3177 aperuisse,
2446 3108 2644 3163 deinde
2673 3122 2704 3161 a
2733 3107 3004 3163 Chaldaeis
3042 3108 3098 3162 in
3133 3106 3394 3163 Graeciam
3431 3109 3654 3164 ﬂuxisse
3677 3126 3719 3174 ;.

2039 3235 2080 3287 C
2116 3199 2181 3252 de
2220 3198 2422 3268 quibus
2464 3198 2716 3253 inferius.
2746 3195 3021 3266 Josepbus
3052 3205 3234 3253 tamen
3264 3198 3547 3253 inventum
3589 3199 3692 3253 hoc

2118 3292 2285 3347 Sctho
2319 3292 2531 3346 tribuit.
2569 3291 2740 3361 Cujus
2773 3307 2907 3346 sane
2930 3291 3129 3346 divinae
3150 3292 3288 3347 artis
3320 3292 3693 3356 inventionem

2114 3399 2145 3437 a
2186 3383 2455 3454 profanis,
2503 3383 2753 3455 profanis
2795 3383 3111 3438 hominibus
3155 3385 3358 3440 ascribi
3420 3384 3550 3455 quid
3590 3386 3689 3438 mi-

2113 3474 2277 3529 rum?
2320 3474 2531 3529 Plinius
2579 3475 2676 3529 lib.
2717 3491 2815 3538 vu,
2849 3488 2972 3544 cap.
3014 3474 3107 3538 56,
3148 3474 3505 3546 Astrologiam
3534 3476 3696 3530 Atlas

2113 3567 2292 3638 Libyae
2323 3569 2492 3637 ﬁlius,
2524 3578 2581 3643 ut
2620 3568 2717 3623 alii
2747 3568 3013 3640 Egyptii,
3044 3578 3100 3621 ut
3137 3568 3233 3622 alii
3263 3568 3497 3640 Assyrii.
3533 3568 3688 3625 Ideo-

2112 3676 2219 3729 que
2240 3660 2440 3714 cmlum
2467 3660 2714 3716 humeris
2743 3669 2991 3732 gestasse
3019 3660 3384 3716 tradiderunt.
3420 3659 3689 3718 Diodorus

2114 3751 2386 3823 {Egyptiis
2441 3753 2748 3818 exordium,
2784 3752 3006 3808 Servius
3032 3751 3066 3806 6
3092 3750 3301 3823 Virgilii
3334 3751 3531 3822 Ecloga
3559 3751 3688 3808 Pro-

2113 3844 2325 3898 metheo
2384 3843 2635 3899 sideralis
2693 3843 2861 3912 hujus
2912 3841 3156 3897 scientiae
3214 3841 3427 3895 tribuit.
3483 3840 3689 3896 Catena

2109 3936 2297 3989 Graeca
2324 3935 2376 3989 in
2407 3934 2645 3988 Exodum
2675 3951 2691 3990 :
2721 3934 2892 4005 Ἑνὼχ
2922 3934 3137 4006 πρῶτος
3173 3932 3340 4004 ἔμαθε
3365 3934 3689 4005 γράμματα,

2110 4027 2204 4080 καί
2233 4026 2438 4098 ἔγραψε
2464 4028 2536 4082 τά
2570 4031 2769 4099 σημεῖα
2798 4026 2892 4081 τοῦ
2922 4024 3153 4096 ούρανοῦ
3200 4027 3295 4079 καὶ
3334 4025 3431 4090 τὰς
3460 4026 3688 4097 τροπὰς,

2110 4117 2204 4170 καὶ
2236 4116 2359 4180 τοὺς
2395 4116 2590 4188 μῆνας.

2182 4206 2341 4275 lbid.,
2380 4209 2475 4262 lin.
2513 4208 2604 4263 55.
2630 4207 2888 4262 Μέλλων
2913 4205 3023 4276 γὰρ
3048 4204 3358 4274 τελευτᾷν.
3394 4205 3686 4276 Iosephus,

2108 4300 2290 4372 Antiq.
2327 4302 2421 4356 lib.
2454 4316 2632 4370 t,cap.
2662 4301 2728 4354 ’ὃς
2761 4300 2959 4370 Σοφίαν
2986 4317 3045 4352 τε
3079 4300 3177 4369 τὴν
3213 4300 3343 4371 περὶ
3369 4298 3439 4353 τὰ
3461 4300 3687 4372 οὐράνια

2108 4396 2198 4450 καὶ
2230 4396 2326 4467 τὴν
2347 4395 2536 4448 τούτου
2567 4393 2922 4464 διακόσμησιν
2954 4393 3274 4460 ἐπενόησαν.
3314 4392 3483 4463 ’Υπὲρ
3510 4392 3566 4444 δὲ
3589 4393 3686 4446 τοῦ

2112 4487 2185 4557 μὴ
2228 4486 2510 4555 διαφυγεῖν
2547 4485 2673 4547 τοὺς
2707 4482 3026 4552 ἀνθρώπους
3067 4482 3138 4536 τὰ
3176 4483 3474 4554 εὑρημένα,
3526 4483 3684 4555 μηδὲ,

428 4577 489 4622 ut
511 4568 698 4625 videre
727 4577 812 4625 est
840 4586 905 4626 ex
944 4570 1112 4627 Suida
1146 4582 1201 4630 et
1227 4576 1372 4639 aliis,
1408 4579 1604 4632 meruit
1635 4580 1917 4649 appellari,
1949 4587 2002 4634 et

2108 4580 2235 4646 πρὶν
2257 4579 2338 4649 είς
2357 4577 2556 4645 γνῶσιν
2575 4575 2769 4635 ἐλθεῖν,
2787 4575 3077 4646 φθαρῆναι,
3101 4574 3474 4645 προῃρηκότος
3496 4574 3688 4641 ἀφανι-

428 4662 524 4717 lilii
571 4663 727 4732 ejus,
773 4664 876 4734 ﬁlii
918 4664 1038 4730 Dei,
1088 4682 1199 4721 non
1247 4675 1457 4723 tantum
1490 4675 1618 4740 quia
1657 4688 1885 4741 corpore
1919 4689 2007 4725 ro-

425 4752 611 4822 busto,
647 4769 897 4824 procero,
926 4762 981 4811 et
1016 4755 1251 4827 eleganti
1281 4769 1459 4824 erant,
1492 4769 1545 4814 ct
1585 4762 1811 4831 reliquis
1836 4763 2002 4816 etiam

422 4863 607 4906 rerum
634 4849 997 4903 humanarum
1027 4850 1368 4908 excellentiis
1396 4852 1555 4923 longe
1580 4855 1794 4909 caeteris
1815 4863 2003 4910 essent

425 4938 779 5012 insigniores.
821 4939 958 4995 Vide
1000 4937 1286 5013 Cyrillum,
1332 4942 1430 4998 lib.
1485 4959 1540 4998 ιχ
1590 4954 1775 4998 contra
1821 4944 2004 5000 Julia-

424 5047 585 5097 num;
630 5040 685 5089 et
712 5031 780 5087 de
803 5032 913 5088 illis
941 5034 1122 5089 locum
1150 5035 1300 5089 illum
1334 5050 1507 5091 sacra:
1542 5034 1861 5107 Scripturze,
1897 5037 2004 5093 νὶ-

424 5123 605 5178 dentes
637 5124 738 5194 lilii
772 5123 872 5178 Dei
909 5124 1054 5195 ﬁlias
1085 5126 1361 5180 hominum
1385 5126 1453 5190 ⁸ο,
1478 5133 1612 5192 ctc.,
1647 5144 1770 5185 esse
1802 5130 2005 5184 intelli-

424 5216 659 5283 gendum
700 5217 979 5273 existimat
1013 5217 1466 5289 Clu-ysostomus.
1513 5220 1660 5276 hom.
1707 5219 1778 5274 22
1819 5222 1873 5275 in
1901 5220 2001 5277 Ge-

2110 4668 2244 4740 σμὸν
2290 4667 2520 4738 Ἀδάμου
2573 4666 2680 4721 τῶν
2710 4664 2844 4719 ὅλων
2874 4665 3090 4718 ἔσεσθαι
3122 4665 3214 4718 τὸν
3252 4666 3348 4736 μὲν
3381 4664 3499 4720 κατ’
3534 4665 3687 4735 ἰσχὺν

2110 4758 2302 4830 πυρὸς,
2343 4758 2433 4812 τὸν
2467 4757 2655 4829 ἕτερον
2698 4757 2754 4809 δὲ
2801 4758 2943 4811 κατά
2974 4757 3095 4826 βίαν
3119 4757 3211 4810 καὶ
3239 4756 3441 4824 πλῆθος
3476 4756 3691 4827 ὕδατος,

2109 4852 2307 4923 στήλας
2336 4851 2428 4905 δύο
2460 4850 2842 4921 ποιησάμενοι,
2887 4851 2985 4919 τὴν
3028 4849 3125 4919 μὲν
3159 4851 3223 4902 ὲκ
3256 4848 3496 4913 πλίνθου,
3526 4848 3622 4922 τὴν
3645 4848 3686 4901 δ’

2107 4941 2299 5012 ἑτέραν
2340 4943 2404 4994 ὲκ
2446 4940 2637 5003 λίθων,
2683 4938 3018 5011 ἀμφοτέραις
3064 4938 3371 5013 ἐνέγραψαν
3412 4937 3480 4992 τὰ
3519 4939 3685 5009 εὑρη-

2108 5035 2266 5106 μένα,
2296 5035 2403 5099 ἵνα,
2432 5035 2539 5090 ’καὶ
2570 5036 2671 5107 τῆς
2688 5033 2974 5104 πλινθίνης
3017 5032 3406 5105 havri-Sim};
3430 5030 3685 5099 ιίιπὸπῆς

2106 5127 2431 5199 ἐπομϐρίας,
2469 5127 2705 5199 ήλιθίνη
2755 5127 2989 5198 μείνασα
3037 5127 3294 5197 παράσχῃ
3340 5124 3531 5195 μαθεῖν
3573 5110 3683 5189 τοῖς

2106 5219 2413 5289 ἀνθρώποις
2444 5219 2514 5273 τὰ
2536 5220 2984 5290 ἐγγεγραμμένα,
3017 5218 3252 5290 δηλοῦσα
3279 5219 3374 5271 καὶ
3406 5216 3683 5286 πλινθίνην

425 5322 576 5370 nes.;
605 5307 963 5378 Augustinus,
1007 5310 1099 5364 lib.
1146 5326 1215 5363 xv
1244 5309 1320 5364 De
1347 5310 1556 5366 civitate.
1597 5311 1711 5377 Dei,
1745 5327 1865 5382 cap.
1894 5312 2005 5381 εστ

2108 5312 2146 5365 δ’
2176 5311 2267 5365 ὑπ’
2300 5310 2480 5365 αὐτῶν
2526 5312 2871 5381 ἀνατεθῆναι.
2920 5311 3088 5364 Μένει
3133 5311 3177 5364 δ’
3219 5311 3345 5380 ἄχρι
3387 5308 3480 5361 τοῦ
3523 5308 3682 5380 δεῦρο

427 5396 827 5465 Theodoretus,
858 5409 1052 5472 qumst.
1083 5401 1153 5455 47
1180 5401 1233 5454 in
1260 5402 1483 5465 ασκεω
1516 5401 1758 5458 Joannes
1788 5405 2003 5459 Cassia-

425 5506 551 5555 nus,
589 5491 774 5545 cullat.
806 5491 859 5555 8,
885 5510 987 5563 cap
1034 5493 1136 5561 2i;
1173 5493 1435 5565 Cyrillus,
1467 5495 1564 5550 lib.
1596 5512 1651 5550 ιχ
1682 5508 1867 5551 contra
1896 5496 2001 5550 Ju-

426 5583 660 5648 lianum;
690 5581 988 5655 Rupertus,
1018 5587 1115 5641 lib.
1144 5604 1193 5641 IV
1220 5589 1273 5641 in
1303 5587 1466 5643 Cenes
1497 5628 1513 5653 ,
1538 5605 1658 5659 cap.
1692 5589 1759 5643 12
1803 5599 1856 5645 et
1882 5592 1996 5645 alii.

425 5674 596 5742 Quem
627 5675 836 5732 utinam
868 5692 977 5732 non
1008 5678 1280 5747 fabulosa,
1315 5690 1370 5735 et
1397 5680 1652 5736 haeretica
1686 5683 2000 5753 dignatione

426 5769 671 5825 Sethiani
706 5771 947 5827 haeretici
985 5773 1370 5832 honorassent.
1404 5774 1520 5832 Non
1557 5777 1700 5831 enim
1735 5775 2000 5833 allirmas-

494 5867 541 5900 "
563 5866 698 5924 Gen.
734 5883 809 5933 νι,
837 5866 891 5922 2.

2104 5404 2244 5458 κατὰ
2291 5404 2390 5476 τὴν
2440 5403 2696 5474 Συριάδα.
2748 5402 2948 5457 Eadem
2995 5401 3107 5458 fere
3156 5402 3423 5464 Zonaras,
3477 5402 3677 5456 Annal.

2104 5507 2235 5550 tom.
2269 5497 2310 5558 l,
2338 5496 2539 5565 quibus
2563 5496 2847 5549 columnas
2890 5495 3054 5549 hasce
3095 5509 3124 5547 a
3160 5495 3330 5548 Setho
3369 5496 3483 5550 sive
3515 5498 3677 5549 etiam

2104 5586 2224 5654 cjus
2262 5586 2559 5656 nepotibus
2598 5585 2893 5654 superstite
2921 5584 3130 5639 Adamo
3162 5584 3333 5639 fuisse
3370 5591 3680 5639 exstructas

2105 5678 2457 5734 manifestum
2508 5685 2611 5732 est.
2659 5676 2936 5732 Marianas
2969 5677 3169 5733 Scetus
3208 5694 3320 5732 non
3349 5678 3419 5731 ab
3449 5675 3679 5758 Adamn.
3736 5722 3741 5725 .

2105 5772 2200 5828 sed
2233 5773 2299 5827 ab
2328 5772 2640 5828 Abraliamo
2674 5780 3021 5830 constructas
3062 5773 3248 5829 refert.
3295 5773 3683 5831 Genebrardis
