4124 6418
408 502 413 507 θ
432 421 536 477 979

1792 415 2038 472 LEOle
2072 415 2347 473 ALLATII

3600 421 3706 478 980

431 541 830 613 Chronograph.
863 538 960 597 lib.
994 554 1034 604 t,
1067 554 1163 596 eas
1194 539 1358 595 modo
1385 539 1627 601 tabulas,
1660 537 1826 593 modo
1854 546 2015 591 vocat
2046 543 2090 598 Α
2118 540 2258 592 mine
2301 539 2391 592 ubi
2440 548 2766 609 regnaretur,
2815 541 3031 595 condita
3089 549 3167 595 est
3223 541 3432 596 civitas.
3493 540 3703 597 Tertius

429 635 749 697 columnas;
776 631 993 687 tandem
1020 633 1212 687 scribit
1263 647 1358 687 eas
1385 632 1555 688 fuisse
1585 631 1820 695 tabulas,
1854 648 2017 685 unam

428 740 634 781 teneam
671 731 866 778 contra
911 738 1070 792 aquas
1114 725 1433 787 illuviones,
1469 726 1695 779 alteram
1729 724 2020 778 lateritiam

428 824 619 871 contra
651 815 797 886 ignis
812 814 1312 887 eonﬁagrationes;
1347 818 1403 871 in
1435 832 1667 887 quarum
1692 816 1867 886 prima
1890 816 2021 871 libe-

430 907 577 961 rales
610 917 760 963 artes
792 909 1097 980 praesertim
1128 909 1435 964 doctrinam
1470 910 1540 964 de
1564 909 1694 973 Deo,
1720 917 1773 964 et
1808 909 2020 965 mathe-

430 1001 652 1064 matica,
702 1001 759 1056 in
808 1001 981 1056 altera
1026 1002 1450 1071 promissionem
1480 1003 1548 1056 de
1589 1001 1821 1065 semine,
1855 1001 1906 1056 id
1938 1011 2023 1056 est

429 1092 674 1156 Christo,
730 1092 862 1147 Adae
912 1092 1137 1159 factam,
1194 1092 1464 1157 caelatam,
1513 1097 1889 1162 scripserunt;
1925 1091 2021 1150 sed

431 1190 693 1239 auctores
722 1185 869 1239 unde
899 1184 1015 1238 haec
1044 1185 1241 1239 habeat
1267 1184 1655 1239 Genebrardus
1677 1199 1786 1238 non
1810 1184 2016 1250 laudat,

430 1290 571 1346 quos
601 1283 735 1347 puto
763 1292 874 1331 non
908 1276 1113 1331 multos
1141 1283 1381 1340 exstare,
1422 1283 1477 1330 et
1512 1276 1557 1332 si
1589 1277 1715 1346 quis
1744 1276 1837 1330 ille
1870 1284 2021 1332 esset

433 1383 545 1422 non
570 1369 871 1439 probabilia
903 1369 1172 1435 dicerent,
1203 1384 1304 1424 nec
1336 1367 1390 1421 in
1420 1367 1650 1423 historia
1687 1375 1802 1423 tuta
1828 1376 1883 1424 et
1909 1368 2020 1438 pri-

433 1477 582 1516 tuum
612 1471 804 1517 contra
830 1460 1245 1516 Genebrardum
1280 1461 1602 1516 necessario
1636 1459 2018 1514 allirmandum

430 1563 537 1618 est,
574 1553 631 1607 in
663 1553 771 1609 illis
801 1552 1006 1607 tabulis
1034 1553 1148 1608 sive
1177 1552 1455 1607 columnis
1489 1552 1678 1606 caelata
1708 1565 1818 1606 non
1849 1550 2020 1607 fuisse

430 1645 671 1709 diversa,
696 1652 751 1700 et
782 1644 888 1698 alia
927 1658 992 1698 ac
1021 1644 1127 1698 alia
1153 1662 1168 1700 :
1200 1645 1297 1700 sed
1327 1660 1449 1714 qua:
1483 1645 1540 1698 in
1572 1658 1703 1709 una,
1744 1642 1934 1698 eadem
1965 1651 2020 1698 et

431 1738 485 1792 in
517 1738 645 1793 alia.
685 1737 887 1795 Demus
915 1739 1060 1795 enim
1092 1739 1239 1808 quod
1268 1745 1322 1792 et
1356 1736 1424 1793 de
1454 1736 1586 1803 Deo,
1625 1744 1679 1793 et
1716 1735 2020 1790 mathema-

430 1831 561 1895 tica,
599 1840 656 1886 et
694 1831 763 1887 de
791 1832 1162 1902 promissione
1201 1830 1452 1895 seminis,
1486 1828 1630 1900 quod
1656 1834 1803 1884 esset
1836 1827 2016 1882 adhuc

2125 630 2355 693 Gaidad,
2390 647 2541 697 quem
2566 634 2745 702 genuit
2780 631 2960 686 Enoch
2984 648 3002 685 :
3041 642 3262 703 quartus
3295 632 3517 697 Maniel,
3552 626 3722 704 quem'

2121 722 2299 789 genuit
2348 719 2559 775 Gaidad
2594 739 2613 776 :
2668 725 2884 794 quintus
2935 722 3260 790 Mathusael,
3320 740 3469 794 quem
3526 725 3703 793 genuit

2122 812 2177 867 Μ
2185 814 2325 868 aniel
2346 830 2366 869 :
2389 824 2569 869 sextus
2603 814 2851 880 Lamech,
2884 831 3035 886 quem
3064 815 3241 884 genuit
3269 813 3322 868 Μ
3331 813 3590 874 atltusael.
3614 815 3708 883 qui

2121 907 2372 974 septimus
2398 915 2475 961 est
2508 906 2572 960 ab
2600 908 2774 961 Adam
2804 924 2897 979 per
2925 906 3082 962 Cain.
3108 906 3527 961 Generationem
3557 904 3703 960 banc

2121 998 2341 1067 vulgata
2387 996 2555 1051 editio
2602 998 2706 1052 etsi
2747 1006 2959 1052 mutato
3002 997 3225 1052 nomine
3277 997 3441 1051 habet
3488 1009 3610 1066 cap.
3648 1010 3702 1051 tv

2124 1087 2309 1143 Cenes.
2330 1104 2349 1143 :
2376 1087 2546 1143 Porro
2576 1089 2680 1159 ipsi
2715 1088 2929 1143 Henoclt
2960 1099 3117 1144 natus
3141 1098 3218 1144 est
3254 1087 3409 1151 Irad,
3441 1086 3572 1141 Irad
3605 1104 3704 1140 σαι

2123 1188 2225 1232 tem
2246 1180 2424 1250 genuit
2448 1177 2725 1243 Mehuiael,
2744 1177 3003 1232 Mehviael
3031 1179 3208 1250 genuit
3232 1177 3555 1244 Hathusnel,
3578 1175 3703 1231 lla-

2122 1272 2328 1327 thusael
2370 1289 2488 1326 vero
2528 1275 2706 1343 genuit
2753 1270 3013 1337 Lamech;
3039 1281 3091 1324 et
3121 1268 3349 1325 Lmneclt
3382 1270 3558 1334 duxit,
3591 1277 3699 1324 etc.

2123 1363 2477 1436 Septuaginta
2522 1365 2710 1435 legunt
2756 1364 3108 1419 Μαθουσάλα.
3151 1362 3511 1418 Levissimam
3559 1361 3703 1418 hanc

2119 1458 2476 1529 exscriptoris
2498 1458 2705 1529 πλάνην
2723 1454 3155 1528 agnovitCatena
3178 1454 3365 1508 Grzeea
3389 1454 3444 1508 in
3473 1451 3659 1508 Cenes.
3680 1470 3701 1507 :

2119 1551 2280 1624 Παρὰ
2316 1554 2430 1615 τοῖς
2488 1549 2888 1621 Ἐὅδομήκοντα
2928 1546 3257 1601 Μαθουσάλα
3291 1548 3488 1600 κεῖται.
3529 1545 3705 1599 Τοῦτο

2120 1642 2177 1697 δὲ
2213 1641 2387 1713 πλάνη
2433 1639 2674 1713 γραψική
2714 1639 2880 1692 ἐστιν.
2924 1637 2984 1690 '0
3020 1637 3130 1707 γὰρ
3157 1635 3487 1689 Μαθουσάλα
3513 1635 3576 1687 ἐκ
3602 1635 3704 1698 τῆς

2123 1732 2463 1802 συνεστώσης
2506 1731 2699 1800 γενεᾶς
2741 1720 2858 1782 ἐστι
2903 1727 2997 1782 τοῦ
3047 1728 3176 1799 Σήθ.
3232 1727 3289 1781 Ὁ
3325 1726 3437 1799 ’,ὰρ
3468 1726 3576 1779 ἀπὸ
3604 1725 3700 1780 τοῦ

2120 1825 2264 1880 Κάῖν
2300 1823 2632 1880 Μαθουσὰλα
2676 1822 2944 1889 καλεῖται,
2988 1820 3065 1884 ὡς
3098 1818 3385 1891 ὲξώρισται
3422 1816 3562 1890 μετὰ
3592 1816 3703 1871 τῶν

428 1923 648 1979 diﬂicile
695 1924 953 1995 probatu,
998 1923 1324 1995 scripserint
1371 1924 1427 1977 in
1476 1937 1628 1978 aenea
1662 1940 1677 1977 :
1707 1921 2021 1976 necessario
2050 1888 2095 1943 Β
2122 1918 2343 1973 λοιπῶν.

440 2025 622 2071 tamen
654 2015 935 2072 fatendum
967 2025 1072 2081 est,
1109 2015 1226 2069 haec
1255 2014 1446 2070 eadem
1487 2021 1545 2069 et
1573 2013 1629 2068 in
1662 2013 1901 2068 lateritia
1926 2011 2024 2066 de-

440 2108 754 2179 scripsisse,
784 2116 839 2165 et
866 2125 978 2164 non
1018 2109 1258 2164 diversa.
1300 2105 1563 2162 Sciebant
1602 2106 1867 2161 mundum
1909 2105 2023 2160 col-

438 2205 745 2272 lapsurum,
790 2201 943 2256 dubii
987 2216 1056 2255 an
1105 2201 1266 2271 aquis
1309 2200 1654 2264 immersum,
1686 2201 1774 2255 vel
1803 2199 2021 2270 ignibus

430 2294 833 2366 conﬂagratum
867 2301 969 2350 :ut
1014 2293 1324 2348 doctrinam
1376 2299 1683 2357 servarent,
1715 2299 1769 2348 et
1801 2292 2022 2362 utrique

434 2387 785 2442 incommodo
834 2386 1192 2442 subvenirent
1239 2392 1536 2441 exstruunt
1589 2384 1690 2439 has
1739 2383 1877 2439 duas
1927 2399 2021 2440 co-

432 2485 672 2542 lumnas.
715 2482 944 2535 alteram
988 2495 1055 2535 ex
1098 2495 1228 2544 tere,
1266 2480 1351 2536 vel
1390 2487 1450 2534 ut
1490 2479 1669 2549 placet
1702 2486 1895 2533 nostro
1922 2492 2023 2531 au-

429 2574 595 2634 ctori,
653 2570 1031 2644 digniorisque
1085 2578 1229 2626 nota
1279 2570 1668 2641 scriptoribus,
1717 2584 1785 2623 ex
1817 2568 2017 2638 lapide,

431 2666 658 2721 alteram
688 2680 756 2720 ex
787 2665 1080 2720 coctilibus
1113 2663 1415 2719 laterculis.
1468 2660 1561 2717 Sic
1606 2659 1752 2717 enim
1792 2675 1899 2716 tere
1937 2661 2020 2715 vel

429 2757 612 2829 lapide
643 2758 823 2828 aquis,
868 2756 1151 2812 laterculis
1182 2755 1293 2826 igni
1327 2754 1671 2819 resisterent,
1714 2763 1767 2807 et
1810 2752 1891 2806 sic
1921 2750 2021 2805 do-

430 2851 665 2905 ctrinam
705 2848 1035 2904 mandarent
1077 2848 1144 2903 ad
1191 2857 1467 2919 posteros.
1510 2845 1653 2912 Quid
1702 2844 1870 2915 igitur
1910 2843 2019 2897 illis

430 2941 732 3013 profuisset
782 2940 831 2997 si
877 2939 1094 2996 diversa
1135 2939 1534 3011 scripsissent?
1568 2937 1854 3004 Quomodo
1895 2938 2019 3007 igne

433 3034 585 3086 illato
616 3045 736 3101 qua?
769 3037 929 3086 erant
982 3031 1038 3085 in
1082 3029 1299 3101 lapide,
1348 3029 1510 3099 aquis
1558 3027 1748 3083 effusis
1797 3042 1918 3097 quae
1964 3027 2019 3081 in

432 3123 711 3179 laterculis
750 3120 1219 3177 conservassem?
1255 3119 1406 3175 Dicet
1441 3120 1677 3175 fortasse
1709 3118 2020 3174 Genehrar-

429 3217 556 3282 dus,
590 3214 715 3270 illos
738 3229 848 3269 non
877 3214 1097 3277 dubios,
1128 3213 1223 3269 sed
1252 3218 1435 3268 certos
1457 3210 1525 3266 de
1548 3210 1712 3266 modo
1732 3218 1785 3266 et
1808 3211 2018 3267 ratione
2043 3227 2092 3291 ς

431 3306 924 3365 consummationis
959 3306 1150 3360 mundi
1181 3305 1468 3361 columnas
1492 3303 1758 3359 erexisse.
1787 3301 2019 3359 Frustra

433 3400 601 3470 igitur
633 3401 851 3457 diversa
888 3400 992 3454 illa
1036 3399 1420 3454 columnarum
1465 3397 1753 3456 materies:
1801 3405 1857 3452 et
1889 3412 2018 3463 una,

432 3507 553 3562 quae
574 3492 767 3548 mundi
788 3491 1005 3547 excidio
1037 3488 1331 3544 incolumis
1354 3495 1541 3559 posset
1558 3504 1870 3559 superesse,
1889 3489 2023 3545 satis

432 3583 666 3650 fuisset;
700 3581 819 3645 sed,
840 3583 968 3651 quia
1009 3580 1204 3635 incerti
1243 3581 1527 3635 materiam
1560 3580 1702 3635 hanc
1731 3580 1819 3635 vel
1860 3579 2023 3634 aliam

433 3678 650 3730 incerto
677 3675 864 3739 modo,
907 3682 961 3729 et
989 3674 1192 3729 rationi
1225 3675 1426 3730 excidii
1461 3682 1864 3744 prmpararunt.
1910 3671 2026 3727 Pli-

433 3768 586 3829 nius,
617 3766 718 3820 lib.
750 3779 847 3829 vn,
881 3779 1005 3834 cap.
1036 3763 1126 3825 56,
1163 3779 1228 3819 ex
1266 3763 1507 3836 Epigene
1538 3764 1605 3819 de
1630 3765 1719 3820 his
1752 3763 2026 3820 columnis

436 3861 554 3915 haec
610 3858 777 3912 habet
811 3873 824 3908 :
857 3856 906 3910 E
963 3856 1168 3912 direrso
1224 3857 1476 3928 Epigenes
1523 3856 1663 3926 apud
1700 3856 2025 3927 Babylonios

434 3965 615 4023 occxx
678 3966 942 4005 annorum
1008 3950 1398 4004 observationes
1459 3949 1695 4005 siderum
1750 3947 2026 4003 coctilibus

436 4042 711 4097 laterculis
749 4042 1036 4112 inscriptas
1080 4042 1250 4107 docet,
1281 4041 1462 4112 gravis
1493 4050 1682 4094 auctor
1706 4040 1762 4092 in
1795 4039 1983 4106 primis
2008 4052 2027 4091 :

436 4137 528 4207 qui
566 4135 844 4190 minimum
876 4133 1128 4198 Berosus,
1161 4144 1211 4188 et
1251 4133 1583 4189 Critodemus
1623 4146 1899 4186 CCCCLxxx
1931 4146 2028 4185 an-

438 4245 649 4285 norum.
684 4227 768 4282 Ea:
797 4243 899 4299 quo
923 4236 1143 4298 apparet
1168 4236 1397 4281 wternus
1424 4226 1726 4281 litterarum
1756 4241 1905 4280 usus.

505 4321 627 4377 Col.
660 4321 782 4384 752,
815 4323 916 4379 lin.
962 4321 1049 4376 ll.
1104 4320 1423 4390 Ἐγέννησε
1476 4318 1545 4372 δὲ
1595 4322 1628 4373 ὁ
1670 4316 1839 4371 Κάϊν.
1875 4314 2028 4370 Hanc

436 4414 595 4470 (Ζείηί
630 4416 879 4471 sobolem
912 4415 1070 4470 multi
1101 4414 1253 4484 parvi
1281 4413 1576 4476 duxerunt,
1614 4426 1738 4466 cum
1770 4410 1825 4463 in
1860 4422 2033 4479 aqua-

438 4523 562 4562 rum
595 4506 955 4563 inundatione
986 4506 1202 4578 penitus
1239 4505 1530 4574 absumpta
1562 4503 1655 4566 sit,
1705 4501 1938 4569 ideoque
1971 4500 2026 4553 in

2192 2006 2326 2063 lbid.
2350 2006 2462 2061 Καὶ
2479 2008 2513 2060 o'
2536 2005 2737 2076 Λάμεχ
2768 2000 3239 2073 δύο.Τιιεορ1]ἰιυε
3268 2000 3337 2056 ad
3360 2000 3699 2071 Autolycum,

2120 2100 2215 2155 lib.
2250 2116 2291 2155 ιι
2329 2118 2342 2153 :
2373 2100 2430 2152 Ὀ
2459 2098 2517 2152 δὲ
2546 2099 2739 2170 Λάμεχ
2761 2096 2951 2151 ἔλαϐεν
2978 2095 3155 2167 ἑαυτῷ
3182 2095 3276 2148 δύο
3298 2096 3582 2164 γυναῖκας,
3610 2088 3702 2157 αἶς

2118 2192 2357 2263 ὀνόματα
2400 2191 2528 2244 ’Λδᾶ
2564 2192 2657 2244 καὶ
2700 2188 2859 2244 Σελᾶ.
2890 2189 3117 2242 "Extare
3169 2185 3312 2259 ἀρχὴ
3350 2186 3567 2255 ἐγένετο
3604 2185 3704 2256 τῆς

2119 2282 2465 2354 πολυμιξίας,
2495 2281 2632 2336 ἀλλὰ
2659 2282 2754 2336 καὶ
2781 2281 2884 2351 τῆς
2926 2279 3212 2353 μουσικῆς.
3246 2278 3532 2348 Nugantur
3575 2277 3698 2331 rab-

2119 2375 2256 2441 bini,
2282 2376 2375 2446 qui
2416 2374 2611 2429 volunt
2631 2373 2787 2445 prius
2808 2373 2877 2427 ab
2901 2387 2968 2427 eo
3001 2373 3151 2427 viros
3183 2377 3430 2432 necatos,
3458 2375 3583 2439 post
3608 2367 3704 2422 ad-

2118 2468 2316 2523 ductas
2360 2481 2579 2521 uxores.
2612 2464 2828 2519 Primus
2864 2461 3091 2518 Lamech
3139 2470 3259 2515 ante
3303 2461 3559 2514 diluvium
3591 2461 3703 2519 fors

2117 2570 2169 2614 et
2196 2559 2418 2613 ultimus
2456 2557 2814 2628 polygamiam
2876 2571 3061 2618 ausus,
3094 2563 3143 2606 et
3190 2569 3351 2606 unam
3396 2569 3609 2607 carnem
3648 2552 3703 2605 in

2118 2649 2255 2703 duas
2284 2664 2476 2702 uxores
2506 2645 2707 2711 divisit,
2750 2646 2825 2699 ait
2864 2643 3086 2699 Hieron.
3140 2642 3236 2697 lib.
3270 2658 3288 2696 ι
3320 2642 3520 2697 Contra
3551 2641 3703 2698 Jovi-

2119 2742 2383 2805 nianum;
2444 2746 2499 2793 ct
2531 2737 2786 2800 Tertull.,
2818 2735 2913 2790 lib.
2964 2734 3041 2789 De
3060 2734 3264 2789 exhort.
3292 2744 3451 2798 cast.,
3481 2748 3603 2804 cap.
3629 2734 3700 2790 '5:

2118 2830 2336 2884 Primus
2374 2839 2477 2883 tres
2516 2829 2571 2881 in
2603 2842 2766 2881 unam
2795 2841 3005 2879 carnem
3027 2825 3216 2893 eﬁ’ecit.
3244 2823 3498 2880 Peccavit
3521 2824 3706 2894 itaque

2119 2921 2381 2986 Lamech,
2405 2934 2517 2975 non
2548 2917 2676 2989 quia
2698 2917 2883 2987 plures
2923 2931 3125 2972 uxores
3164 2916 3375 2980 habuit,
3428 2915 3524 2970 sed
3575 2915 3705 2985 quia

2119 3016 2304 3088 plures
2335 3028 2444 3069 uno
2467 3019 2730 3080 tempore.
2752 3007 2895 3079 Lege
2939 3007 3127 3073 Delrii,
3157 3022 3279 3077 cap.
3307 3024 3358 3061 iv
3386 3006 3539 3069 Gem,
3563 3007 3708 3076 opti-

2119 3122 2264 3163 mam
2296 3103 2835 3161 animadversionem
2883 3099 2941 3154 in
2992 3114 3236 3154 errorem
3278 3097 3597 3153 Tertulliani
3630 3096 3707 3151 De

2120 3198 2487 3270 manogamia.
2506 3194 2893 3253 Genebrardus
2910 3193 3078 3248 refert
3104 3207 3167 3246 ex
3193 3187 3704 3254 rabbinis,Lamech

2125 3291 2433 3348 venationis
2455 3289 2765 3359 exemplum
2790 3287 3025 3359 posteris
3046 3285 3358 3354 reliquisse,
3380 3297 3531 3337 arma
3555 3282 3708 3335 inve—

2125 3387 2293 3452 nisse,
2322 3393 2376 3441 et
2409 3384 2733 3450 fabricasse,
2764 3382 2969 3453 quibus
2999 3380 3179 3435 caedes
3212 3376 3423 3433 fierent.
3456 3374 3707 3444 Josepli.,

2124 3478 2220 3533 lib.
2258 3495 2276 3533 ι
2306 3476 2513 3548 Antiq.,
2562 3490 2682 3545 cap.
2708 3474 2763 3538 '5,
2795 3473 2985 3528 scribit
3023 3470 3173 3525 hunc
3208 3483 3489 3525 sacrarum
3522 3480 3706 3520 rerum

2123 3570 2360 3642 peritum
2397 3585 2456 3625 se
2505 3569 2768 3624 luiturum
2820 3580 3016 3638 poenas
3076 3562 3399 3634 praedixisse
3456 3558 3710 3612 fraternae

2125 3663 2291 3718 caedis
2337 3677 2367 3716 a
2401 3661 2575 3717 Caino
2626 3658 2805 3726 factae,
2854 3656 3004 3712 haud
3052 3654 3219 3710 dubie
3262 3651 3491 3708 diluvio.
3538 3650 3707 3711 Idem,

2127 3744 2536 3810 Genebrardus.

2198 3844 2363 3911 Ibid.,
2382 3844 2479 3897 lin.
2503 3842 2589 3896 l5.
2616 3842 2718 3895 Ἐκ
2732 3838 2850 3909 μὲν
2877 3836 2987 3907 τῆς
3009 3834 3211 3890 Ἀδάν.
3234 3829 3353 3886 Non
3382 3830 3498 3900 ipse
3522 3834 3712 3899 pasto«

2128 3940 2269 3994 ritiae
2301 3936 2434 3991 artis
2462 3933 2749 3989 institutor
2794 3930 2879 3987 vel
2927 3935 3119 3982 auctor
3153 3945 3167 3980 :
3205 3923 3301 3980 sed
3359 3936 3493 3976 nece
3524 3918 3711 3973 Abelis

2129 4034 2572 4092 intermortuam,
2595 4035 2650 4079 et
2676 4023 2832 4094 quasi
2866 4021 3098 4092 sopitam
3128 4033 3229 4074 suo
3262 4014 3444 4071 studio
3467 4010 3714 4080 ingenio-

2129 4141 2236 4197 que
2263 4121 2528 4183 restituit,
2555 4125 2609 4172 et
2639 4118 2756 4187 ipse
2778 4129 2996 4186 gregem
3026 4113 3190 4182 pavit.
3207 4104 3711 4163 Tabernaeulorum

2130 4192 2259 4272 nem
2286 4228 2445 4270 usum
2473 4209 2695 4280 adjecit.
2719 4205 3056 4278 Theophilus
3076 4202 3143 4257 ad
3167 4197 3484 4263 Autoi.,lib.
3510 4211 3549 4251 ιι
3567 4214 3582 4250 ε
3602 4192 3716 4247 Καὶ

2132 4313 2160 4364 ὁ
2199 4309 2298 4379 μὲν
2313 4304 2479 4376 Ἀϐὴλ
2507 4304 2727 4371 ἐγένετο
2760 4298 2900 4369 ἀνὴρ
2933 4299 2991 4350 ἐν
3031 4296 3204 4366 σκηνῇ
3239 4290 3641 4363 κτηνοτρόφων.

2202 4400 2366 4463 lbid.,
2398 4399 2495 4451 lin.
2530 4395 2619 4450 16.
2651 4393 2759 4448 Καὶ
2791 4392 2897 4445 τὸν
2924 4388 3178 4445 Ἰουϐάλ.
3229 4384 3481 4442 Psalterii
3530 4390 3584 4436 et
3633 4379 3715 4433 ci-

2136 4494 2302 4548 tharae
2328 4505 2488 4546 usum
2522 4488 2796 4542 invenisse
2817 4482 3037 4539 tradunt
3059 4486 3252 4552 praeter
3268 4493 3452 4533 sacras
3481 4475 3715 4528 Litteras

438 4615 502 4653 ea
527 4614 637 4654 non
666 4566 1004 4655 conveniunt
1028 4610 1318 4663 auctores;
1342 4598 1395 4651 in
1417 4566 1481 4651 ea
1508 4603 1689 4650 tamen
1718 4566 2025 4647 enarranda
2057 4597 2106 4657 ι)
2131 4583 2424 4653 losephus,
2443 4578 2781 4649 Theophilus
2811 4575 3035 4629 d.loco:
3069 4569 3277 4663 Ἰουὸὰλ
3296 4568 3530 4663 peccaro
3551 4566 3718 4663 pta--

442 4700 636 4748 noster
671 4690 994 4748 Eustathius
1011 4700 1236 4746 secutus
1270 4697 1357 4743 est
1384 4687 1604 4742 divinas
1636 4684 2031 4752 Litteras,quae

441 4802 554 4841 non
591 4784 699 4837 alia
728 4783 967 4847 ratione,
1002 4782 1109 4836 nisi
1141 4795 1310 4851 parva
1342 4778 1625 4832 nominum
1658 4774 1904 4829 formulze
1928 4774 2032 4827 im-

442 4878 747 4933 mutatione
775 4880 1207 4947 prosequuntur.

517 4970 678 5034 Ibid.,
715 4969 811 5023 lin.
844 4969 932 5023 l3.
969 4967 1080 5023 Kal
1116 4962 1294 5029 οὗτος
1325 4964 1432 5016 τὸν
1461 4961 1684 5031 Λάμεχ.
1725 4958 2030 5014 Genebrar--

442 5062 549 5119 dus
579 5062 657 5114 ait
688 5075 785 5115 eos
827 5073 1038 5121 errare,
1096 5057 1189 5126 qui
1224 5054 1461 5109 Lamcch
1501 5054 1669 5106 tilium
1716 5050 2033 5104 Mathusalm

442 5151 723 5223 accipiunt
752 5166 768 5209 ;
800 5149 1073 5203 rationem
1108 5154 1293 5200 tamen
1343 5159 1514 5212 quare
1561 5142 1615 5197 id
1650 5142 1799 5195 dicat
1825 5142 2034 5195 nullam

441 5244 691 5301 adducit.
734 5239 937 5295 Errant
976 5254 1109 5310 ergo
1153 5239 1377 5292 maximi
1420 5237 1624 5307 quique
1656 5232 1872 5298 Patres,
1909 5249 2031 5287 cum

433 5342 503 5395 iis
544 5333 891 5395 Eustathius,
911 5329 1248 5399 Theophilus
1281 5326 1348 5381 ad
1382 5326 1701 5396 Autolycum
1732 5325 1827 5380 lib.
1850 5341 1884 5377 ll
1909 5342 1920 5375 :
1946 5323 2037 5393 Τῷ

431 5432 488 5491 δὲ
536 5425 709 5497 Ἑνὼχ
745 5423 1011 5496 ἐγεννήθη
1048 5421 1163 5485 υἱὸς
1203 5421 1429 5491 ὀνόματι
1460 5418 1754 5482 Γαῖδᾶς,ες
1780 5417 2038 5488 ἐγέννησε

432 5518 528 5573 τὸν
567 5515 902 5586 καλούμενον
927 5512 1103 5585 Μεὴ).,
1138 5512 1232 5565 καὶ
1264 5510 1420 5582 Μεὴλ
1443 5511 1533 5563 τὸν
1566 5509 1918 5582 Μαθουρσάλα,
1946 5509 2039 5562 καὶ

436 5610 776 5667 Meamne
817 5608 909 5661 τὸν
953 5608 1165 5677 Λάμεχ.
1219 5606 1276 5658 '0
1324 5604 1381 5657 δὲ
1429 5605 1620 5674 Λάμεχ
1666 5602 1858 5657 ἔλαϐεν
1891 5601 2040 5672 αὐτῷ

437 5699 534 5756 δύο
565 5703 850 5769 γυναῖκας,
887 5700 1107 5755 Erravit
1140 5698 1508 5769 Augustinus,
1541 5698 1637 5751 lib.
1690 5714 1755 5750 xv
1797 5695 1873 5749 De
1913 5697 2041 5749 civi-

443 5803 551 5849 tate
585 5792 704 5858 Dei,
740 5808 863 5863 cap.
884 5792 955 5847 20
987 5809 1000 5843 :
1045 5791 1248 5844 florum
1283 5806 1463 5857 regum
1492 5790 1695 5858 primus
1728 5806 1840 5843 esse
1870 5789 2043 5858 potuit

447 5901 563 5952 ὄρει
591 5884 726 5941 Cain
762 5900 779 5939 :
817 5883 1073 5939 secundus
1100 5883 1245 5948 [ilius
1276 5882 1388 5947 eius
1426 5881 1626 5945 Enoch,
1663 5882 1716 5937 in
1755 5882 1905 5945 cujus
1946 5897 2042 5935 no-

2136 4675 2386 4741 ταδείξας
2415 4671 2720 4743 ψαλτήριον
2750 4669 2847 4722 καὶ
2879 4667 3136 4737 κιθάραν.
3155 4663 3231 4717 De
3253 4661 3341 4716 his
3375 4656 3714 4714 Mcthodius:

2134 4770 2226 4842 Τῷ
2270 4765 2663 4840 τριακοσιοστῷ
2690 4759 3108 4834 τεσσαρακοστῷ
3128 4759 3228 4829 τῆς
3266 4755 3523 4825 δευτέρας
3553 4750 3722 4823 χιλιά-

2134 4865 2220 4925 bo;
2255 4860 2365 4914 ἔτει
2393 4857 2766 4927 ἐπανέστησαν
2792 4852 3111 4922 κακότεχνοι
3144 4848 3356 4920 ἄνδρες,
3383 4844 3609 4916 πονηροὶ
3625 4842 3722 4894 καὶ

2134 4954 2464 5025 παράνομοι,
2501 4950 2728 5021 πλήρεις
2759 4946 2990 5017 ἀνομίας
3039 4947 3104 4997 ὲκ
3130 4940 3239 4994 τῶν
3266 4939 3401 4992 υἱῶν
3429 4936 3522 4990 τοῦ
3555 4934 3719 4998 Κάῖν,

2149 5022 2472 5116 Ἰοῖιϐὴλήκαὶ
2504 5038 2790 5109 Θουκιδὴλ,
2820 5039 2987 5091 τέκνα
3015 5033 3108 5088 τοῦ
3148 5033 3338 5102 Λάμεχ
3381 5028 3475 5081 τοῦ
3495 5022 3721 5095 τυφλοῦ,

2135 5136 2231 5191 ⁶νοῦ
2259 5134 2678 5195 ἀποκτείναντος
2711 5130 2801 5184 τὸν
2830 5129 2991 5188 Κάῖν,
3015 5120 3090 5179 ὧν
3122 5126 3214 5179 καὶ
3239 5121 3530 5194 κυριεύσας
3557 5119 3585 5170 ὁ
3610 5117 3725 5171 διά-

2138 5230 2294 5292 ϐολος
2323 5225 2673 5299 ὲτροπώσατο
2697 5223 2893 5286 αὐτοὺς
2925 5220 3069 5275 ἅπαν
3103 5215 3244 5279 εἶδος
3274 5214 3530 5286 μουσικὸν
3558 5228 3726 5267 κατα-

2142 5320 2436 5383 σκευάσας.
2480 5317 2687 5372 Horum
2723 5330 2882 5369 usum
2924 5312 3069 5367 sicut
3104 5317 3158 5364 et
3184 5307 3417 5360 aliorum
3475 5304 3724 5359 nationes

2141 5413 2478 5470 recentiores
2505 5409 2642 5472 suis,
2666 5408 2751 5461 vel
2781 5405 2905 5459 aliis
2929 5403 3030 5459 sibi
3055 5398 3304 5471 cognatis
3326 5396 3721 5466 ascripserunt.

2141 5505 2247 5559 Alii
2275 5504 2419 5559 enim
2450 5497 2766 5570 Amphioni,
2798 5496 2889 5550 alii
2930 5492 3168 5563 Orpheo,
3202 5491 3422 5560 quidam
3463 5486 3724 5559 Apollini,

2143 5607 2198 5655 et
2224 5598 2315 5654 alii
2344 5595 2468 5649 aliis
2521 5590 2892 5648 inventionem
2923 5588 3069 5641 hanc
3123 5590 3403 5653 acceptam
3455 5580 3722 5636 relerunt.

2143 5690 2482 5761 Theophilus
2538 5685 2780 5741 ibidem:
2813 5680 2974 5735 Ἀλλὰ
3028 5679 3132 5749 μὴν
3179 5678 3273 5730 καὶ
3319 5674 3389 5728 τὰ
3446 5673 3576 5745 περὶ
3629 5671 3727 5740 τῆς

2149 5783 2414 5858 μουσικῆς
2447 5777 2796 5849 ὲφλυάρησάν
2841 5790 2985 5837 τινες
3017 5770 3246 5844 εὑρετὴν
3293 5767 3601 5823 Ἀπόλλωνα
3639 5781 3728 5831 γε-

2146 5875 2405 5943 γενῆσθαι
2427 5890 2438 5903 ·
2475 5872 2623 5929 ἄλλοι
2648 5872 2705 5925 δὲ
2729 5868 2933 5935 Ὀρφέα
2960 5866 3067 5921 ἀπὸ
3087 5866 3186 5932 τῆς
3220 5863 3325 5918 τῶν
3346 5860 3575 5929 ὀρνίθων
3603 5859 3731 5925 ἡδυ-
