4124 6406
420 374 520 433 981

1443 374 1508 430 IN
1548 374 1925 431 EUS'I‘ATHH
1966 375 2444 434 HEXAEIIERON
2479 375 2707 435 ΝΟΤΑΞ.

3559 380 3668 440 982

411 488 616 559 φωνίας
639 473 832 558 φασὶᾶ
852 486 1202 584 ἐξευρηκέναι
1235 490 1334 562 τὴν
1391 494 1675 563 μουσικήν.
1720 495 1890 558 Keue;
1929 494 1988 547 δὲ
2018 500 2062 556 Α
2089 495 2182 547 τοῦ
2212 494 2319 563 Σὴο
2354 494 2550 549 δίκαιοι
2588 494 2894 565 γεγόνασιν,
2923 494 3044 549 ὅθεν
3072 496 3104 564 ἡ
3135 494 3325 567 Γραφὴ
3356 496 3521 568 ἑαυτῇ
3534 496 3666 549 ἀκορ

411 581 506 673 καὶ
536 582 814 673 μέταισςὸ
847 580 1003 649 λόγος
1024 580 1203 636 αὐτῶν
1228 583 1521 638 δείκνυται.
1552 585 1707 638 Μετὰ
1729 585 1837 657 γὰρ
1868 586 1994 639 πολ-

2092 585 2355 640 λουθοῦσα
2383 585 2520 656 μετὰ
2540 585 2713 639 ταῦτά
2738 602 2918 657 φησιν*
2956 605 2974 637 ‹
3003 584 3155 639 Εἶδον
3184 587 3232 639 οἱ
3270 586 3377 639 uici.
3398 586 3491 640 τοῦ
3529 586 3664 641 Θεοῦ

411 652 604 745 ἷὲἐτῆ
634 672 728 726 τοῦ
759 673 1149 744 κατακλυσμοῦ
1179 669 1324 729 οῦτοι
1355 676 1620 745 ἐγένοντο.
1642 677 1804 732 Plura
1823 679 1890 733 de
1909 680 1992 735 his
2089 677 2189 742 τὰς
2219 676 2524 749 θυγατέρας
2551 676 2659 731 τῶν
2688 675 3007 748 ἀνθρώπων,
3030 697 3047 730 ι
3088 678 3359 731 τουτέστιν
3383 679 3662 741 οἱ,δίκαιοι.

417 762 724 836 Polydorus
746 762 1010 834 Virgilius
1035 763 1111 818 De
1148 765 1344 821 iuvent.
1387 783 1583 821 rerum.
1609 767 1873 822 Dicuntur
1895 785 1994 823 att--

415 864 607 912 tem-et
652 857 709 911 bi
741 872 902 912 suum
935 857 1177 912 musices
1212 858 1491 913 inventum
1534 860 1990 929 quemadmodum

414 956 470 1003 et
502 949 599 1003 ﬁlii
630 949 783 1004 Sethi
804 965 891 1013 ea,
919 964 1041 1020 quae
1074 949 1142 1005 de
1171 950 1411 1006 siderum
1456 954 1697 1008 molibus
1749 960 1804 1008 et
1824 953 1993 1011 disci-

415 1043 565 1113 plina
599 1050 937 1111 repererant,
967 1041 1023 1095 in
1059 1041 1334 1099 columnis
1365 1045 1615 1100 catlasse.

483 1130 603 1187 Col.
619 1131 749 1196 752,
769 1131 867 1187 litt.
890 1131 978 1186 I7.
996 1132 1102 1187 Ἐκ
1128 1130 1198 1185 δὲ
1208 1129 1319 1201 τῆς
1332 1132 1551 1203 Σελάμ.
1571 1134 1874 1205 Sculptura:
1890 1134 1993 1190 fuit

415 1233 629 1288 auctor,
661 1221 912 1278 fabrilem
941 1232 1115 1279 artem
1150 1224 1379 1289 invenit,
1404 1226 1619 1281 metalla
1644 1226 1851 1290 eﬁ‘odit,
1892 1242 1990 1283 eo-

414 1331 539 1370 rum
581 1330 741 1370 usum
785 1317 1023 1385 aperuit.
1062 1315 1401 1386 Theophilus
1451 1316 1652 1374 ibidem
1688 1336 1700 1373 :
1731 1318 1902 1374 Θόὸελ
1932 1319 1991 1373 δὲ

416 1406 634 1475 ἐγένετο
682 1408 1044 1479 σφυροκόπος,
1086 1407 1319 1478 χαλκεὺς
1370 1407 1573 1479 χαλκοῦ
1617 1411 1709 1465 καὶ
1747 1412 1988 1485 σιδήρου.

416 1496 593 1569 Hujus
638 1499 776 1554 artis
828 1500 974 1554 nacti
1023 1501 1366 1557 occasionem
1414 1502 1684 1570 homines,
1721 1512 1781 1558 nt
1833 1503 1991 1562 Philo

416 1597 472 1646 ct
506 1590 775 1661 Iosephus
804 1590 1170 1657 tradiderunt,
1210 1593 1390 1663 primo
1420 1594 1753 1666 sculptilium
1780 1607 1834 1652 et
1874 1597 1992 1653 ido-

418 1687 594 1740 lorum
629 1684 957 1756 imaginibus
986 1684 1285 1741 adorandis
1315 1702 1374 1742 se
1413 1687 1701 1744 dederunt.
1739 1689 1991 1747 Secundo

419 1775 648 1840 ferrum,
680 1783 734 1829 et
752 1792 827 1832 ms
861 1776 997 1831 rude
1026 1776 1080 1830 in
1107 1775 1233 1831 belli
1261 1776 1623 1833 instrumenta
1662 1782 1989 1848 exacuendi,

2093 768 2168 822 Οὐ
2204 769 2312 841 γὰρ
2338 764 2406 840 ἦν
2430 768 2680 841 ἐπιμιξία
2708 768 2815 823 τῶν
2849 769 2978 822 υἰῶν
3009 768 3116 840 Σὴθ
3146 769 3279 842 πρὸς
3312 770 3541 841 essent:
3572 770 3665 825 τοῦ

2092 860 2253 917 Κάἳν.

2161 948 2322 1017 lbid.,
2352 951 2449 1005 lin.
2479 949 2571 1006 27.
2603 950 2714 1005 Τοῦ
2746 949 2815 1004 δὲ
2840 950 3031 1020 Ἰάρεδ
3073 952 3223 1018 υἱός.
3253 950 3518 1019 Zonaras.
3554 955 3667 1007 An—

2092 1041 2203 1096 nal.
2239 1052 2371 1097 tom.
2403 1040 2423 1095 I
2455 1060 2470 1098 :
2497 1042 2842 1114 Εὺηρέστησε
2881 1042 2938 1096 δὲ
2980 1041 3151 1114 Ἑνὼχ
3192 1041 3268 1112 τῷ
3307 1043 3516 1114 Κυρίῳ,
3570 1045 3665 1097 καὶ

2095 1132 2378 1207 μετετέθη,
2415 1133 2507 1188 καὶ
2540 1135 2638 1204 οὐχ
2678 1134 2961 1206 εὑρίσκετο
2986 1134 3121 1189 ἐτῶν
3163 1132 3400 1203 γεγονὼς
3447 1151 3667 1205 τριακο-

2094 1223 2225 1279 σίων
2254 1224 2513 1295 ὲξήκοντα
2541 1222 2634 1277 καὶ
2665 1223 2847 1277 πέντε.
2876 1221 3118 1277 Primum
3166 1222 3255 1277 hic
3280 1223 3668 1278 advertendum

2092 1313 2483 1385 Hieronymum
2522 1314 2687 1369 veluti
2724 1314 2986 1369 memoria
3039 1314 3250 1385 lapsum
3296 1315 3476 1369 notari
3505 1330 3536 1369 a
3567 1312 3671 1372 Pe-

2092 1408 2238 1463 rcrio
2275 1408 2331 1461 in
2356 1404 2565 1470 Genes.,
2602 1406 2699 1461 lib.
2733 1422 2809 1462 vir
2836 1405 2912 1475 (id
2953 1405 3120 1476 quod,
3170 1413 3231 1460 ut
3275 1406 3391 1477 ipse
3430 1407 3527 1472 ait,
3554 1421 3671 1461 ma-

2091 1501 2215 1572 gnis
2238 1499 2395 1566 viris,
2425 1499 2514 1554 vel
2556 1498 2726 1554 nimia
2773 1498 3052 1554 memoriae
3081 1497 3301 1563 ﬁducia,
3334 1499 3418 1554 vel
3458 1500 3565 1553 alia
3613 1499 3668 1554 in

2092 1608 2152 1648 re
2211 1593 2393 1648 studio
2440 1606 2683 1663 curaque
2728 1590 3076 1647 vehementer
3113 1592 3337 1647 intentis
3389 1607 3500 1646 non
3542 1606 3670 1647 raro

2092 1683 2400 1757 contingit);
2420 1684 2467 1741 si
2495 1683 2710 1758 quidem
2739 1683 2883 1756 quod
2914 1684 3018 1740 hoc
3048 1684 3169 1739 loco
3197 1681 3477 1754 Scriptura
3506 1684 3671 1739 tradit

2094 1775 2162 1831 de
2190 1773 2401 1843 Enoch,
2430 1776 2522 1846 qui
2547 1774 2813 1846 septimus
2850 1772 2953 1829 fuit
2987 1775 3055 1830 ab
3088 1773 3319 1837 Adamo,
3352 1774 3470 1845 ipse
3509 1775 3668 1829 attri-

418 1875 473 1922 et
504 1867 889 1922 conformandi
932 1877 1186 1924 auctores
1224 1867 1416 1935 fuere;
1444 1881 1737 1941 utrumque
1783 1844 1993 1929 natura:
2026 1844 2066 1900 Β
2096 1866 2216 1923 buit
2243 1865 2389 1922 Enos
2438 1844 2551 1922 ﬁlio
2582 1844 2737 1934 Seth,
2768 1866 2958 1921 Adami
2989 1865 3193 1936 nepoti.
3235 1864 3327 1921 Sic
3355 1844 3499 1922 enim
3532 1865 3672 1920 scri-

418 1960 668 2013 humana:
691 1958 1237 2028 perniciosissimum.

487 2048 648 2114 Ibid.,
682 2050 780 2104 lin.
812 2050 902 2103 l9.
949 2049 1012 2103 '0
1045 2048 1115 2102 δὲ
1153 2048 1339 2119 Ἀδὰμ
1367 2048 1575 2121 ζήσας.
1600 2050 1782 2109 Edilio
1807 2053 1995 2111 Grieca

419 2136 780 2209 Septuaginta
819 2138 1185 2210 Interpretum
1227 2140 1286 2194 in
1334 2144 1726 2200 enumerandis
1771 2146 1998 2202 humani

417 2230 632 2298 generis
663 2237 951 2285 auctorum
1000 2230 1160 2287 annis
1199 2246 1325 2286 cum
1371 2230 1641 2288 Hebraica
1680 2233 1995 2292 Iudaeorum

417 2334 526 2373 non
551 2317 836 2388 conv'enit;
858 2336 1046 2377 eorum
1063 2321 1424 2379 differentiam
1454 2325 1639 2395 plures
1662 2335 1992 2387 tractarunt.

420 2410 556 2467 Vide
606 2414 751 2484 apud
793 2413 1008 2468 Sixtum
1061 2414 1385 2481 Senensem,
1418 2416 1698 2473 Pererium
1749 2427 1804 2475 et
1836 2422 1994 2478 alios.

420 2501 593 2556 Crteci
626 2510 844 2557 centum
895 2517 1072 2559 annos
1107 2506 1230 2575 plus
1262 2506 1511 2562 tribuunt
1542 2524 1704 2578 quam
1760 2509 1995 2577 Hebra-i,

421 2604 615 2663 printer
643 2593 897 2651 Lameehi
929 2611 1127 2662 annos,
1163 2598 1257 2652 ubi
1307 2613 1399 2654 sex
1436 2600 1594 2655 annis
1649 2608 1859 2656 tantum
1912 2603 1997 2657 di-

419 2694 595 2754 stant,
626 2696 678 2743 et
709 2686 926 2757 Noethi,
952 2689 1007 2743 in
1046 2690 1250 2760 quibus
1282 2692 1723 2763 quingentesimo
1751 2705 1805 2750 et
1839 2712 1995 2751 sexa-

419 2781 634 2849 gesimo
688 2781 910 2837 omnino
950 2782 1308 2839 conveniunt.
1363 2782 1437 2839 De
1477 2786 1755 2855 sepultura
1801 2789 1996 2845 Adami

418 2882 680 2928 constans
728 2883 813 2929 est
845 2873 1193 2931 Hebraeorum
1242 2878 1492 2942 traditio,
1527 2880 1794 2936 Adamum
1847 2898 1994 2937 mor-

420 2973 574 3019 tuum
619 2972 673 3020 et
721 2966 991 3035 sepultum
1037 2968 1098 3021 in
1153 2975 1301 3023 terra
1369 2968 1531 3026 Israel
1593 2988 1761 3043 prope
1805 2989 1993 3045 agrum

420 3056 839 3121 Damascenum,
870 3059 946 3114 ibi
997 3059 1144 3114 enim
1203 3060 1383 3114 fuerat
1441 3072 1781 3133 procreatus,
1816 3067 1891 3122 ibi
1942 3076 1997 3123 et

2093 1959 2193 2014 bit.
2221 1959 2317 2016 lib.
2349 1976 2367 2015 ι
2409 1958 2671 2015 Adversus
2715 1958 3062 2014 Joviuianum
3094 1977 3112 2015 :
3151 1957 3277 2014 Non
3320 1975 3440 2014 reor
3469 1957 3669 2014 idcirco

2096 2052 2419 2106 translatum
2446 2051 2647 2116 Enoch,
2679 2050 2817 2123 quod
2846 2067 3065 2106 uxorem
3092 2051 3357 2116 habuerit,
3394 2051 3485 2105 sed
3530 2048 3671 2121 quod

2095 2143 2299 2211 primus
2322 2142 2638 2197 invocarerit
2693 2141 2880 2206 Deum,
2922 2152 2974 2197 et
3003 2141 3282 2196 crediderit
3329 2143 3385 2195 in
3420 2140 3671 2197 Salvato-

2098 2250 2227 2287 rem.
2258 2232 2328 2287 At
2359 2234 2596 2305 primum
2619 2232 2883 2298 omnium,
2906 2233 2999 2304 qui
3028 2248 3225 2289 nomen
3258 2232 3472 2288 Domini
3502 2232 3672 2303 coepit

2098 2326 2354 2381 invocare
2375 2342 2485 2382 non
2512 2325 2720 2391 Enoch,
2748 2326 2843 2383 sed
2871 2325 3018 2382 Enos
3049 2324 3216 2382 fuisse
3234 2329 3356 2396 cap.
3388 2341 3461 2389 iv,
3482 2324 3667 2380 Gener.

2105 2416 2272 2471 tradit
2308 2415 2544 2489 Moyses.
2599 2415 2909 2472 Secundum
2947 2430 2962 2467 :
3008 2414 3310 2485 Procopius
3362 2412 3573 2470 Gazeus
3602 2430 3674 2472 ex

2098 2508 2278 2563 verbis
2296 2507 2583 2577 Scriptura:
2607 2516 2759 2578 putat
2784 2507 2965 2563 Enocb
2989 2515 3116 2564 ante
3144 2505 3315 2561 fuisse
3341 2505 3677 2576 improbum,

2096 2609 2148 2655 et
2174 2598 2520 2669 ﬂagitiosum,
2553 2598 2648 2655 sed
2686 2606 2873 2668 postea
2905 2596 3069 2668 digna
3099 2603 3153 2651 et
3179 2594 3419 2667 perfecta
3443 2610 3676 2652 suorum

2098 2692 2366 2745 scelerum
2397 2689 2719 2761 paenitentia
2744 2703 2854 2742 non
2886 2695 3095 2741 tantum
3123 2684 3449 2741 emendasse
3478 2684 3675 2745 vitam,

2098 2782 2192 2838 sed
2223 2781 2358 2836 adeo
2408 2780 2517 2835 Deo
2566 2778 2859 2851 placuisse,
2892 2787 2953 2833 ut
3002 2784 3308 2832 mereretur
3351 2775 3543 2830 mortis
3575 2789 3672 2828 ex-

2096 2889 2224 2944 pers
2276 2873 2331 2927 in
2379 2871 2589 2928 felicem
2633 2872 2758 2928 vitae
2811 2879 3015 2927 statum
3062 2867 3369 2924 transferri.
3423 2864 3669 2921 Tertium

2097 2965 2433 3019 Abenezram
2476 2977 2599 3017 cum
2678 2961 2800 3017 aliis
2830 2957 3509 3017 contendisse:Enochum
3527 2969 3673 3010 mor-

2102 3066 2256 3112 tuum
2288 3072 2432 3121 esse,
2461 3040 2515 3112 et
2548 3056 2622 3110 ita
2661 3054 2962 3125 Scriptura:
3003 3054 3183 3108 locum
3236 3048 3669 3123 intelligendum,

423 3153 594 3205 vitam
628 3150 889 3208 traduxit.
924 3151 1032 3206 Alii
1065 3167 1133 3208 ex
1163 3151 1345 3209 Josua:
1378 3169 1431 3207 iv
1458 3154 1610 3210 nium
1644 3157 1794 3212 illum
1820 3161 1999 3231 sepul-
2029 3177 2069 3232 ο
2105 3149 2292 3205 multis
2321 3149 2650 3213 rationibus,
2679 3147 2772 3203 sed
2795 3156 3000 3202 temere
3016 3153 3250 3200 conatur
3268 3144 3668 3201 demonstrare.

420 3249 535 3294 tum
570 3240 626 3294 in
659 3239 862 3296 Ebron.
908 3239 1233 3297 Nostrorum
1267 3252 1447 3298 tamen
1479 3248 1749 3302 sententia
1788 3259 1891 3315 est,
1940 3253 1995 3307 in

420 3340 608 3387 monte
650 3330 899 3402 Golgota,
957 3333 1011 3386 in
1063 3348 1172 3402 quo
1221 3331 1484 3390 Dominus
1541 3339 1839 3397 cruciﬁxus
1875 3343 1994 3399 fuit.

418 3420 681 3491 Origenes
725 3428 890 3476 tract.
918 3421 988 3475 55
1020 3422 1073 3475 in
1110 3420 1378 3487 Marcum,
1433 3423 1770 3495 Epiphanius
1806 3433 1858 3485 in
1895 3433 2000 3489 ﬁne

423 3512 672 3575 Pancrii,
699 3512 1037 3569 Athanasius
1069 3514 1145 3568 De
1172 3515 1420 3583 passione
1444 3516 1681 3586 Domini,
1712 3520 1998 3596 Theophy-

423 3603 603 3659 lactus
646 3605 702 3659 in
734 3603 909 3658 Matii.
945 3620 1118 3670 xxvn,
1146 3604 1472 3677 Euthymius
1502 3609 1656 3678 ibid.,
1688 3611 1997 3683 Cyprianus

419 3710 673 3753 sermone
704 3697 778 3753 De
804 3698 1206 3766 resurrectione,
1250 3699 1579 3757 Ambrosius
1612 3703 1707 3759 lib.
1746 3721 1797 3771 v,
1831 3708 1991 3777 epist.

420 3790 583 3853 I9,ct
611 3791 763 3847 alibi.

490 3878 651 3947 Ibid.,
680 3883 775 3938 lin.
812 3882 903 3939 21.
933 3882 1119 3950 Ἐνὼς
1143 3883 1213 3938 δὲ
1238 3885 1371 3951 υἱὸς
1389 3885 1517 3941 τοῦ.
1549 3885 1796 3944 Paterne
1820 3891 1995 3961 pieta-

421 3973 492 4028 tis
540 3974 766 4045 vestigia
800 3975 1166 4045 amplexatus,
1210 3976 1458 4047 proniori
1511 3980 1693 4035 animo
1737 3980 1906 4038 Deum
1938 3983 1994 4038 in

346 4119 355 4131 ,
416 4080 579 4133 quem
600 4080 698 4121 sua
729 4067 913 4122 omnia
946 4068 1238 4135 referebat,
1253 4069 1492 4140 publice,
1512 4087 1616 4127 nec
1644 4074 1993 4130 tenebrarum

420 4155 720 4213 involucris
769 4157 1039 4222 adoravit,
1090 4160 1292 4215 avitam
1350 4161 1669 4232 religionem
1725 4166 1990 4220 retinens.

418 4245 608 4303 Latius
637 4247 754 4304 haec
781 4242 1425 4321 prosequitur‘Vatablus
1450 4256 1818 4311 comment.in
1847 4257 1995 4312 hunc

417 4337 622 4393 locum.
644 4339 786 4395 Ante
820 4340 986 4402 Enos,
1012 4342 1206 4407 Adam,
1231 4342 1388 4409 Abel,
1423 4343 1554 4399 Seth
1603 4353 1658 4400 et
1700 4344 1869 4402 Deum
1901 4361 1996 4402 co-

423 4429 602 4495 luere,
623 4440 670 4486 el
705 4432 997 4489 sacriﬁciis
1025 4434 1223 4491 oblatis
1252 4436 1551 4507 propitium
1572 4436 1677 4491 sibi
1703 4438 1992 4496 reddidere

2105 3241 2249 3296 llIera
2283 3239 2532 3311 prodigia
2559 3249 2706 3305 sunt,
2738 3245 2791 3292 et
2820 3237 2993 3292 aniles
3029 3236 3245 3301 fabulae,
3279 3251 3400 3306 quae
3429 3233 3671 3289 haeretici

2102 3334 2169 3388 de
2201 3340 2378 3387 morte
2410 3330 2619 3387 Enochi
2655 3329 3017 3384 tradiderunt.
3066 3326 3348 3383 Enocbum
3394 3340 3511 3380 non
3549 3320 3673 3380 eSse

2100 3432 2376 3479 mortuum
2426 3422 2771 3492 separatione
2819 3422 3014 3509 anima:
3054 3435 3083 3473 a
3128 3434 3357 3491 corpore
3394 3418 3629 3473 violenta
3654 3457 3670 3480 ,

2102 3517 2197 3573 sed
2222 3518 2332 3572 alio
2360 3533 2502 3572 novo
2537 3517 2720 3581 modo,
2748 3530 2941 3587 nempe
2974 3526 3135 3571 exuta
3160 3522 3371 3568 tantum
3399 3514 3671 3583 corrupti-

2099 3610 2195 3665 bili
2240 3616 2457 3676 natura,
2490 3617 2545 3664 et
2584 3609 2894 3664 absolutum
2940 3623 2970 3661 a
3015 3608 3253 3663 miseriis
3287 3606 3447 3675 hujus
3485 3606 3671 3665 satculi

2098 3702 2314 3773 placida
2344 3702 2579 3773 quadam
2608 3716 2674 3755 ex
2706 3700 2809 3755 hoc
2854 3701 3059 3757 mundo
3088 3699 3436 3770 migratione.
3471 3698 3537 3752 Et
3584 3699 3672 3753 ad-

2099 3793 2256 3858 dunt,
2307 3809 2366 3848 se
2408 3792 2557 3861 loqui
2600 3793 2668 3846 de
2710 3791 2827 3856 tali,
2856 3791 3034 3862 qualis
3084 3790 3277 3846 fuisset
3314 3790 3581 3845 transitus
3614 3791 3671 3843 in

2098 3893 2241 3941 statu
2295 3885 2641 3949 innocentiae,
2676 3894 2731 3939 et
2776 3885 2955 3954 qualis
3007 3884 3223 3940 futurus
3269 3899 3483 3947 eorum,
3532 3896 3672 3953 quoe

2097 3977 2215 4033 dies
2249 3977 2477 4033 ultimus
2507 3978 2837 4048 superstites
2874 3978 3145 4044 inveniet;
3180 3986 3346 4047 atque
3372 3979 3444 4031 ita
3477 3977 3530 4029 in
3565 3989 3674 4031 etn-

2097 4070 2287 4126 lestem
2322 4072 2552 4140 patriam
2600 4069 2786 4123 Enoch
2826 4070 3151 4125 translatum
3187 4068 3377 4133 fuisse,
3404 4085 3511 4122 non
3545 4070 3669 4137 qui-

2097 4161 2217 4217 dem
2241 4162 2484 4215 futurum
2503 4161 2614 4214 illic
2634 4159 2953 4229 participem
2986 4160 3173 4229 gloriae
3202 4158 3465 4220 cmlestis,
3501 4174 3560 4213 se
3576 4158 3672 4213 ab—’

2096 4255 2335 4310 solutum
2370 4253 2634 4307 duntaxat
2667 4268 2695 4307 a
2730 4252 2966 4307 miseriis
2986 4251 3192 4315 smculi,
3223 4251 3395 4307 donec
3418 4250 3672 4306 Christus

2095 4347 2152 4401 in
2171 4347 2367 4402 ccelum
2386 4343 2727 4399 ascenderet.
2747 4343 3009 4397 Martinus
3027 4344 3153 4398 item
3189 4342 3504 4403 Borrhaius.
3523 4342 3673 4409 ejus-

2095 4439 2217 4494 dem
2255 4437 2442 4491 farinae
2478 4436 2660 4491 homo.
2691 4434 2890 4489 fatetur
2931 4433 3209 4487 Enochum
3235 4447 3361 4488 vere
3395 4440 3667 4486 mortuum

420 4519 563 4587 Quin
593 4519 832 4592 Cyrillus
862 4524 958 4578 lib.
992 4539 1009 4578 ι
1042 4524 1243 4581 Contra
1268 4526 1568 4593 lulianum,
1624 4530 1840 4593 scribit,
1891 4531 1993 4586 ho-
2023 4535 2072 4595 l)
2098 4529 2275 4600 quoad
2334 4544 2537 4598 corpus
2590 4542 2741 4582 more
2792 4536 3135 4591 cmtcrorum,
3166 4527 3260 4582 sed
3307 4525 3524 4596 sepulto
3550 4538 3672 4578 cor-

419 4612 599 4668 mines
633 4614 700 4665 ab
722 4612 919 4679 Adam,
957 4630 1133 4684 usque
1163 4617 1230 4671 ad
1272 4616 1397 4671 Sem
1437 4616 1610 4673 ﬁlium
1643 4618 1779 4687 Noe,
1818 4620 1991 4676 Deum

418 4705 760 4760 conditorem
807 4706 1068 4772 coluisse,
1101 4723 1205 4763 nec
1255 4709 1424 4764 ullum
1477 4712 1803 4781 reprehendi
1845 4715 1992 4784 quod

418 4805 546 4850 ante
574 4796 840 4851 diluvium
871 4797 980 4853 diis
1025 4799 1243 4867 alienis,
1287 4800 1372 4854 vel
1410 4800 1749 4858 daemonibus
1775 4804 1992 4861 deditus

416 4887 696 4944 obtulerit.
734 4886 811 4943 De
842 4889 1162 4945 solemniori
1212 4897 1393 4946 autem
1426 4893 1577 4947 cultu
1620 4893 1799 4949 locum
1844 4895 1993 4951 hunc

418 4981 797 5055 intelligimus.
816 4981 1027 5039 Etcum
1051 4985 1233 5040 caeteri
1259 4985 1458 5041 artium
1485 4986 1813 5052 inventione,
1827 4989 1993 5045 rebus

417 5075 572 5134 hisce
603 5077 839 5134 terrenis
888 5078 1301 5144 incumbentes,
1343 5080 1554 5133 lucrum
1607 5087 1663 5135 et
1706 5081 1994 5136 commoda

422 5177 811 5239 praepararent,
837 5168 985 5223 Enos
1011 5167 1128 5238 ipse
1160 5168 1360 5238 spretis
1389 5169 1666 5235 omnibus,
1694 5168 1863 5225 Deum
1887 5171 1994 5227 sibi

423 5262 600 5316 solum
631 5278 741 5333 pra:
768 5262 985 5318 caeteris
1032 5263 1387 5333 praepositum
1430 5257 1699 5325 adoravit,
1729 5264 1846 5319 suis
1883 5264 1994 5319 for-

422 5352 572 5408 tunis
601 5354 657 5407 in
686 5368 753 5408 eo
792 5354 1096 5410 collocatis.
1143 5352 1219 5408 Illi
1253 5369 1342 5410 res
1365 5354 1433 5408 ad
1467 5354 1609 5410 hanc
1636 5355 1803 5409 vitam
1837 5358 1998 5413 utiles

422 5444 833 5514 exeogitabant.
877 5445 933 5499 bi
963 5446 1031 5500 ad
1066 5444 1328 5499 futuram.
1359 5447 1540 5511 Quare
1565 5446 1620 5500 hi
1644 5445 1742 5501 Dei
1762 5447 1885 5516 ﬁlii,
1917 5448 1993 5503 illi

421 5536 528 5609 filii
559 5535 851 5591 hominum.
882 5535 1491 5594 Eusebius‘Emissenus
1520 5537 1726 5594 Catena
1747 5539 1800 5594 in
1826 5538 1955 5595 Gen.
1976 5555 1995 5594 :

433 5629 524 5682 Ἐν
561 5626 640 5700 τῷ
675 5627 944 5700 Ἐὁραῖκῷ
979 5631 1078 5700 οὐχ
1104 5627 1247 5683 οὕτω
1273 5629 1441 5698 λέγει,
1474 5628 1590 5682 ἀλλ’
1621 5629 1794 5694 οὓτως
1814 5648 1829 5663 ο
1866 5632 1999 5686 Ἥλ-

424 5739 582 5777 πισεν
644 5720 1020 5781 ἐπικαλεῖσθαι
1061 5722 1141 5793 τῷ
1190 5721 1413 5794 ὀνόματι
1454 5723 1658 5796 Κυρίου
1686 5721 1797 5776 ,τοῦ
1839 5723 1994 5777 Θεοῦ·

420 5814 696 5870 τουτέστιν
727 5811 858 5878 Υίδς
892 5812 1027 5868 Θεοῦ
1054 5812 1310 5885 λέγεσθαι
1345 5815 1441 5869 καὶ
1473 5813 1626 5879 Θεὸς.
1657 5817 1718 5869 οι
1756 5815 1863 5887 γὰρ
1893 5816 1997 5869 ἀπὸ

2095 4636 2229 4693 pore
2278 4620 2461 4692 quoad
2525 4620 2761 4674 animam
2831 4626 3053 4689 propter
3116 4619 3236 4674 ﬁdei
3296 4615 3669 4689 praestantiam

2097 4713 2424 4769 translatum
2480 4712 2536 4766 in
2566 4713 2789 4774 coelum,
2838 4718 2893 4765 et
2936 4710 3057 4764 ideo
3090 4711 3195 4765 dici
3239 4725 3346 4763 non
3376 4716 3666 4762 mortuum.

2094 4802 2494 4872 Antiquissima
2526 4808 2708 4855 tamen
2755 4799 3015 4855 Ecclesia:
3041 4800 3283 4861 traditio,
3319 4808 3374 4853 et
3404 4797 3670 4852 Christia-

2095 4910 2292 4951 norum
2316 4893 2562 4948 omnium
2585 4892 2894 4962 persuasio,
2919 4899 2973 4945 et
3002 4907 3237 4945 concors
3267 4889 3488 4945 Patrum
3514 4888 3673 4943 theo-

2097 4988 2343 5057 logorum
2390 4984 2698 5045 sententia,
2760 4984 3095 5037 contrarium
3144 4983 3328 5037 sentit.
3376 4980 3528 5033 Illam
3578 4995 3677 5038 ex-

2097 5095 2287 5151 presse
2340 5075 2565 5131 tradunt
2597 5076 2849 5132 Clemens
2897 5072 3175 5129 Romanus
3214 5074 3303 5127 lib.
3354 5090 3386 5127 v
3442 5071 3671 5129 Conslit.

2098 5179 2268 5242 apost.
2291 5210 2307 5234 ,
2339 5184 2458 5239 cap.
2496 5169 2563 5236 6-,
2618 5166 2875 5232 lrenaaus,
2905 5169 3001 5223 lib.
3030 5185 3108 5234 iv,
3148 5183 3270 5237 cap.
3299 5166 3403 5233 '50;
3457 5163 3676 5219 Tertul-

2099 5262 2299 5326 lianus,
2329 5260 2424 5313 lib.
2460 5258 2536 5312 De
2587 5275 2784 5312 resurr.
2819 5275 2992 5323 carn.,
3024 5274 3146 5329 cap.
3192 5256 3672 5328 58;,Cyprianus,

2099 5356 2196 5410 lib.
2231 5353 2308 5406 De
2338 5351 2467 5407 Sion
2492 5359 2542 5406 et
2570 5349 2736 5414 Sina;
2789 5350 3124 5421 Epiphanius
3149 5349 3205 5404 in
3236 5350 3543 5412 Ancorata',‘
3570 5346 3678 5402 Ne-

2098 5444 2326 5507 niesius,
2360 5442 2459 5498 lib.
2490 5442 2567 5495 De
2600 5450 2708 5495 nat.
2761 5440 2986 5504 homin.,
3019 5455 3140 5510 cap.
3171 5441 3244 5507 4;
3289 5438 3674 5510 Hieronymus,

2099 5536 2195 5590 lib.
2222 5550 2282 5588 tu
2307 5533 2510 5588 Contra
2540 5532 2747 5603 Pelag.;
2794 5531 3156 5603 Augustinus,
3185 5531 3278 5586 lib.
3305 5546 3375 5584 xv
3414 5528 3492 5582 De
3530 5530 3674 5584 civit.

2100 5626 2220 5693 Dei,
2251 5641 2372 5697 cap.
2405 5624 2506 5687 29;
2546 5625 2995 5697 Chrysostomus,
3037 5623 3187 5679 hom.
3217 5624 3281 5679 51
3312 5625 3365 5678 in
3396 5622 3582 5679 Cenes.
3622 5633 3676 5678 et

2102 5721 2158 5774 in
2188 5735 2309 5791 cap.
2355 5735 2411 5775 XI
2450 5720 2521 5773 ad
2566 5717 2854 5783 Hebraeos;
2892 5715 3217 5789 Ephremius
3244 5714 3675 5787 Theopolitanus

2106 5814 2415 5886 patriarcha
2452 5814 2593 5885 apud
2626 5811 2878 5871 Pbotium
2907 5813 2961 5868 in
2984 5810 3230 5876 Bibliot.,
3253 5811 3374 5867 cod.
3407 5810 3532 5870 228.
3566 5808 3679 5865 Nec
