4124 6410
469 373 574 429 983

1834 383 2079 441 LEONIS
2117 387 2393 443 ALLATII

3607 399 3717 454 983'

466 517 624 572 aliter
650 514 1097 586 sentitJosepbus
1131 518 1335 588 Auliq.,
1360 518 1457 573 lib.
1477 535 1514 583 I,
1535 535 1654 591 cap.
1687 521 1721 576 4
1752 538 1763 573 :
1809 523 1995 593 Ἀνεχά

2092 536 2112 584 ι
2139 522 2230 575 τοῦ
2261 522 2354 593 ἔτη
2385 529 2489 590 κγ’,
2525 522 2647 594 9333'
2676 522 2843 597 ζήσας
2878 525 2989 597 ἔτη,
3035 526 3171 599 ὅπερ
3196 527 3369 581 οὐδενὶ
3413 534 3709 603 συμπεφώ-

468 625 598 679 ρησε
633 608 768 680 πρὸς
793 607 854 660 τὸ
882 609 1054 675 Θεῖον,
1081 610 1200 663 ὅθεν
1239 612 1359 665 οὐδὲ
1385 613 1639 685 τελευτὴν
1660 614 1823 668 αὑτοῦ
1847 616 2035 683 ἀναγε-

463 699 722 767 γράφασι.
753 699 914 754 Liber
935 702 1230 773 inscriptus
1255 703 1515 757 Μεθοδίω
1541 705 1823 782 Πατάρων.
1848 705 1940 758 καὶ
1968 708 2031 758 ἐκ

460 790 552 842 τοῦ
593 789 976 863 βιϐλιογράφου
1013 793 1237 857 Λέοντος
1283 794 1378 848 τοῦ
1426 796 1734 865 φιλοσόφου,
1784 798 1859 850 ait
1891 804 2029 851 tem-

461 897 590 952 pore
623 883 947 939 Antichristi
999 884 1144 939 hunc
1190 901 1296 939 una
1346 902 1470 941 cum
1516 887 1666 952 Elia,
1714 896 1767 943 et
1818 888 2027 944 Joanne

460 974 710 1046 tbeologo
744 975 1087 1042 mittendum,
1126 980 1192 1031 ad
1225 993 1349 1032 eum
1380 978 1815 1050 redarguendum
1838 997 1851 1032 :
1877 983 1937 1035 Ὀ
1966 982 2025 1036 δὲ

456 1067 661 1135 ἀγαθὸς
702 1069 797 1122 καὶ
817 1070 1190 1141 φιλάνθρωπος
1216 1070 1349 1135 Θεὸς
1375 1071 1531 1144 ήμῶν
1562 1070 1680 1126 οὐδὲ
1712 1075 1771 1126 ὲν
1803 1074 1881 1144 τῷ
1900 1073 2022 1128 τότε

455 1158 1050 1233 καιρῷικαταλιμπανεῖ
1075 1162 1164 1217 τὸν
1193 1164 1395 1235 κόσμον
1426 1164 1548 1238 δίχα
1564 1165 1706 1229 τινὸς
1721 1165 2020 1236 κηρύσσον-

451 1266 561 1312 τος.
617 1251 927 1305 Ἀποστελεῖ
974 1252 1171 1324 ἄνδρας
1190 1256 1358 1325 τρεῖς,
1394 1253 1488 1307 δύο
1522 1257 1586 1308 ὲκ
1639 1255 1865 1327 νεφέλης
1925 1258 2019 1311 καὶ

451 1341 608 1396 ἄλλον
639 1345 703 1397 ὲκ
734 1344 834 1413 τῆς
858 1345 960 1414 γῆς
982 1361 994 1373 ·
1048 1345 1155 1397 εἰσὶ
1181 1344 1236 1396 δὲ
1267 1339 1412 1399 οὗτοι
1446 1344 1640 1417 Ἑνὼχ,
1675 1346 1884 1411 Ἠλίας,
1923 1349 2017 1402 καὶ

463 1435 714 1508 Ἰωάννης
743 1437 771 1488 ό
802 1435 1068 1503 θεολόγοις,
1106 1437 1353 1506 λέγοντες
1383 1455 1397 1469 ·
1428 1439 1633 1503 Πλάνος
1656 1440 1796 1493 ἐστι·
1829 1439 2017 1510 μηδεὶς

448 1528 595 1597 αὐτῷ
629 1527 911 1601 πιστεύσῃ.
957 1528 1065 1581 Καὶ
1094 1528 1307 1599 ἀναιρεῖ
1337 1532 1533 1594 αὐτοὺς
1558 1534 1616 1585 έν
1649 1531 1793 1602 φόνῳ
1819 1531 2015 1602 μαχαί-

450 1633 567 1687 ρας,
605 1618 699 1670 καὶ
749 1619 1039 1672 πεσοῦνται
1068 1618 1137 1672 τά
1171 1621 1398 1691 σώματα
1429 1619 1608 1674 αὐτῶν
1657 1622 1748 1675 ἐπὶ
1778 1621 1879 1691 τῆς
1910 1622 2013 1693 γῆς

444 1713 591 1779 τρεῖς
632 1711 844 1782 ἡμέρας
876 1714 967 1766 καὶ
993 1713 1164 1784 ἥμισυ
1194 1732 1207 1745 ·
1251 1715 1346 1767 καὶ
1375 1714 1677 1787 εἰσέρχεται
1707 1716 1785 1778 εἰς
1814 1715 2011 1778 αὐτοὺς

442 1807 659 1877 πνεῦμα
685 1808 851 1877 ζωῆς,
882 1811 975 1862 καὶ
1004 1811 1318 1882 ἀνέρχονται
1369 1814 1448 1876 εἰς
1488 1813 1578 1865 τὸν
1617 1813 1841 1883 οὐρανὸν
1870 1812 2007 1866 πάν-

440 1915 546 1949 των
578 1896 849 1969 ὁρώντων,
901 1901 991 1953 καὶ
1025 1900 1320 1973 κράζοντες
1352 1903 1445 1956 τὸν
1496 1904 1647 1960 Θεόν.
1697 1906 1809 1959 Καὶ
1858 1905 2013 1959 κολο-
2051 1886 2090 1940 Β

439 1986 602 2039 δώσει
635 1990 664 2040 ό
697 1988 961 2058 ’Ύψιστος
1002 1991 1101 2055 τὰς
1130 1992 1345 2063 ἡμέρας
1372 1993 1606 2057 ὲκείνας,
1643 1994 1729 2047 ἵνα
1762 1995 1835 2066 μὴ
1865 1995 2013 2047 πᾶσα

438 2079 468 2146 ἡ
498 2076 710 2145 φάλαγξ
731 2078 911 2150 ἐκείνη
945 2079 1052 2133 τῶν
1083 2081 1253 2149 ἁγίων
1282 2081 1525 2154 ὲκλείψῃ,
1560 2083 1653 2137 καὶ
1682 2082 2010 2153 σωθήσονται

436 2171 484 2222 οἱ
522 2170 845 2239 ἀγαπῶντες
871 2171 963 2224 τὸν
991 2172 1142 2227 Θεόν.
1185 2172 1390 2230 Eadem
1437 2175 1602 2230 habet
1650 2173 1883 2245 Prosper
1913 2176 2007 2230 lib.

434 2260 514 2315 De
548 2263 753 2331 provid.
792 2263 911 2330 Dei,
942 2280 1063 2334 cap.
1088 2264 1139 2319 6.
1170 2264 1392 2331 lneptus
1421 2266 1602 2336 itaque
1630 2274 1714 2323 est
1744 2266 2010 2339 Hierony-

433 2369 559 2410 mus
575 2353 842 2421 Oleaster,
863 2371 985 2412 cum
1012 2356 1144 2412 dicit
1178 2378 1189 2411 :
1221 2358 1346 2413 licet
1368 2357 1577 2414 Hebraei
1600 2358 2006 2423 dicant,Enocb

431 2462 555 2503 esse
594 2454 894 2514 mortuum,
936 2449 1039 2503 sibi
1090 2457 1274 2506 tamen
1312 2451 1483 2506 videri
1529 2453 1867 2523 probabilius
1896 2468 2005 2508 non

431 2553 554 2593 esse
586 2547 885 2594 mortuum.
931 2538 1170 2597 Tandem
1210 2544 1383 2598 multa
1419 2543 1731 2600 fabulantur
1761 2545 2003 2600 haeretici

429 2630 497 2684 de
526 2631 650 2685 loco
679 2645 745 2686 ex
776 2648 883 2702 quo
946 2643 1134 2704 raptus
1169 2644 1272 2690 est.
1326 2633 1596 2693 Lutherus
1628 2638 1741 2692 vult
1785 2647 2000 2708 raptum

430 2720 674 2777 suaviter
703 2723 765 2806 iq
783 2725 1030 2794 gramine
1060 2727 1418 2784 dormientem
1440 2729 1592 2783 nullo
1621 2729 1860 2783 conscio.
1883 2727 2000 2785 Sel-

427 2827 660 2868 necerus
716 2815 929 2878 scribit,
969 2818 1284 2887 vigilantem
1341 2833 1527 2873 coram
1579 2825 1693 2873 tota
1731 2817 1995 2884 Ecclesia,

424 2903 511 2957 vel
533 2906 821 2973 praecipuis
851 2909 1177 2976 patriarchis
1212 2924 1224 2960 :
1259 2909 1506 2980 Alioquin
1536 2911 1673 2964 unde
1701 2912 1992 2977 scivissem,

426 2995 527 3059 ait,
548 3005 757 3064 raptum
778 3014 809 3050 a
839 2997 946 3052 Deo
970 3001 994 3053 .9
1030 2998 1372 3055 Probabilior
1399 3011 1483 3056 est
1509 3002 1778 3057 sententia
1805 3001 1991 3070 Delrii,

425 3085 541 3154 qui,
582 3085 893 3155 Fateamur,
940 3089 1138 3159 inquit,
1195 3106 1287 3145 nos
1339 3094 1535 3147 nescire
1584 3110 1684 3163 quo
1742 3105 1988 3164 tempore,

424 3175 562 3239 loco,
602 3177 757 3230 modo
810 3188 861 3230 et
909 3194 1089 3232 coram
1116 3179 1302 3250 quibus
1358 3191 1542 3250 raptus
1571 3183 1750 3251 fuerit.
1781 3181 1988 3238 Scimus

422 3275 635 3335 raptum
679 3270 949 3335 viventem,
996 3281 1047 3325 et
1077 3289 1109 3325 a
1136 3270 1265 3326 Deo.
1309 3273 1388 3327 An
1433 3289 1564 3328 vero
1601 3274 1742 3329 idem
1801 3274 1989 3331 Enoch

420 3360 723 3415 translatus
752 3359 824 3416 sit
863 3361 1184 3426 moriturus,
1218 3371 1271 3418 et
1300 3380 1459 3435 quem
1495 3366 1549 3420 in
1594 3367 1772 3423 locum
1805 3378 1986 3425 trans-

420 3452 564 3506 latus
612 3453 703 3514 sit,
743 3462 926 3507 utrum
980 3456 1037 3509 in
1090 3456 1404 3525 paradisum
1465 3467 1801 3521 terrestrem,
1847 3461 1989 3516 unde

417 3541 628 3609 ejectus
666 3550 751 3596 est
781 3544 979 3612 Adam,
1031 3555 1084 3602 et
1115 3563 1281 3617 quare
1338 3550 1657 3617 translatus,
1703 3559 1757 3606 et
1789 3567 1856 3605 an
1907 3553 1988 3607 sic

416 3635 717 3690 translatus
748 3636 927 3690 videat
952 3639 1246 3694 essentiam
1298 3640 1414 3704 Dei,
1440 3650 1494 3696 et
1544 3658 1612 3697 an
1646 3642 1845 3697 librum
1886 3644 1987 3696 ali-

415 3741 578 3794 quem
612 3727 895 3799 scripserit
930 3730 1118 3787 multis
1161 3741 1456 3801 pertractat
1506 3733 1760 3790 Pererius
1807 3736 1862 3789 in
1885 3733 1987 3790 Ge-

415 3835 549 3885 nes.,
579 3819 674 3874 lib.
708 3835 808 3886 vn,
832 3830 885 3877 et
910 3821 1122 3879 Delrius
1148 3824 1201 3880 in
1231 3827 1434 3881 dictum
1472 3829 1649 3883 locum
1687 3826 1872 3884 Cenes.
1899 3828 1984 3882 di-

415 3913 720 3969 sertissime
771 3914 1020 3980 discutit,
1074 3927 1127 3972 et
1173 3920 1286 3973 alii.
1338 3918 1561 3974 Librum
1617 3922 1737 3990 ejus
1796 3922 1983 3976 laudat

412 3997 676 4075 Origenes
706 4006 852 4062 hom.
885 4007 954 4063 29
997 4010 1053 4062 in
1086 4008 1289 4076 Num.;
1335 4010 1722 4077 Tertullianus,
1774 4013 1870 4069 lib.
1904 4013 1980 4067 De

410 4095 743 4164 idololatria,
774 4099 848 4154 De
871 4100 1131 4168 pudicitia
1163 4109 1218 4158 ει
1247 4102 1326 4157 De
1359 4103 1505 4157 cultu
1540 4104 1820 4175 virginum.
1857 4103 1978 4161 Ori-

409 4202 574 4259 genes
625 4191 955 4261 Anacephal.
987 4193 1084 4248 lib.
1129 4190 1183 4248 ιν
1217 4191 1290 4249 De
1337 4196 1630 4266 principiis,
1675 4196 1977 4254 Damnatur

410 4289 470 4335 ut
524 4283 886 4354 apocrypbus.
938 4284 1303 4358 Hieronymus
1350 4287 1526 4343 Catal.
1587 4293 1767 4362 script.
1815 4293 1977 4347 eccle-

407 4374 585 4439 siast.,
624 4376 701 4430 vel
735 4376 840 4431 hoc
891 4393 1000 4432 uno
1025 4376 1179 4434 Judte
1216 4382 1448 4450 apostoli
1487 4384 1770 4453 epistolam
1802 4400 1831 4438 a
1864 4385 1976 4455 ple-

406 4463 592 4531 risque
624 4464 775 4532 rejici
804 4466 990 4529 tradit,
1036 4469 1164 4537 quia
1199 4469 1266 4523 de
1297 4470 1435 4525 libro
1478 4471 1685 4539 Enoch,
1717 4474 1810 4543 qui
1843 4490 1973 4544 apo-

402 4555 643 4625 cryphus
675 4564 781 4619 est,
822 4558 876 4611 in
910 4574 972 4612 ea
1013 4562 1244 4615 assumit
1274 4564 1665 4619 testimonium.
1713 4566 1868 4620 Alius
1891 4574 1975 4622 est
2006 4582 2049 4635 ι)

400 4643 490 4699 hic
519 4647 589 4701 ab
617 4646 841 4703 Enocbo
869 4649 1024 4705 Caini
1050 4651 1180 4717 lilio,
1212 4652 1373 4722 cujus
1405 4669 1571 4724 supra
1603 4657 1970 4714 meminimus.

471 4734 721 4804 Col.752,
756 4739 850 4794 lin.
884 4740 973 4795 28.
1020 4743 1072 4793 '0
1103 4741 1172 4795 δὲ
1200 4742 1548 4807 υἱὸςαὺτοῦ.
1573 4745 1807 4810 Quidam
1827 4746 1974 4800 hunc

400 4827 544 4881 sicut
570 4837 623 4882 et
655 4841 863 4899 patrem
889 4832 1073 4886 animo
1115 4842 1169 4889 et
1195 4849 1424 4903 corpore
1451 4837 1775 4891 translatum
1802 4836 1972 4893 fuisse

394 4916 758 4984 tradiderunt,
790 4920 903 4984 alii,
922 4930 976 4975 et
998 4923 1201 4988 verius,
1222 4923 1341 4993 ipso
1367 4939 1510 4979 anno
1533 4926 1720 4980 diluvii
1745 4927 1966 4983 obiisse.

398 5002 711 5060 Secundqu
740 5009 1038 5064 editionem
1067 5011 1423 5083 Septuaginta
1455 5016 1612 5072 annis
1645 5020 1971 5087 quatuorde-

395 5097 503 5151 cim
535 5104 658 5166 post
679 5097 943 5154 diluvium
972 5101 1128 5167 vixit,
1155 5104 1298 5173 quod
1324 5112 1407 5161 est
1435 5109 1757 5174 absurdum,
1789 5119 1844 5166 et
1867 5114 1969 5167 mi-

394 5205 537 5244 rum.
568 5190 679 5243 Ποῦ
709 5190 940 5262 διεσώθη
988 5195 1045 5247 ὲν
1072 5192 1150 5265 τῷ
1183 5196 1585 5271 κατακλυσμῴἷ)
1618 5201 1694 5257 De
1726 5206 1969 5261 celeber-

393 5284 533 5337 rima
564 5284 664 5337 hac
696 5286 999 5354 quaestione
1027 5289 1256 5344 consule
1287 5287 1676 5363 Hieronymum
1722 5295 1773 5349 in
1805 5295 1966 5361 Quie-

388 5377 552 5428 slion.
590 5374 893 5442 Hebraicis,
924 5381 1292 5451 Augustinum
1326 5381 1405 5437 De
1432 5385 1577 5441 civit.
1611 5384 1729 5452 Dei,
1764 5389 1859 5443 lib.
1898 5406 1969 5444 xv

388 5477 439 5521 et
467 5486 589 5525 xm.
623 5469 890 5543 Georgius
922 5471 1209 5543 Synccllus
1243 5475 1299 5530 in
1333 5474 1634 5534 Chronico:
1667 5481 1837 5535 Τοῦτο
1867 5485 1967 5537 οὐκ

389 5555 447 5611 εὖ
475 5559 619 5630 ἔχειν
658 5562 822 5615 δοκεῖ.
856 5563 1103 5619 Ἔσονται
1144 5567 1253 5639 γὰρ
1282 5569 1424 5622 κατὰ
1462 5571 1649 5625 τοῦτον
1682 5573 1773 5628 τὸν
1811 5574 1966 5645 λόγον

390 5651 444 5701 αἱ
486 5649 591 5703 ἀνὰ
621 5652 1143 5728 πάσαςἘκκλ-ησίας
1163 5659 1256 5713 τοῦ
1280 5660 1432 5714 ’Θεοῦ
1484 5665 1627 5737 ἱεραὶ
1661 5666 1832 5736 βίϐλοι
1865 5670 1965 5741 τῆς

393 5740 660 5801 Γενέσεως
703 5742 1113 5814 διεφθαρμέναι,
1158 5750 1215 5802 αἳ
1248 5750 1370 5816 ῇξέγ
1416 5753 1508 5824 ἒτη
1563 5757 1831 5829 ἱστοροῦσι
1872 5762 1963 5815 τοῦ

389 5831 738 5887 Μαθουσάλα.
774 5836 962 5889 Ἔσται
993 5839 1047 5891 εὶ
1077 5840 1167 5892 καὶ
1204 5840 1371 5911 Ὶάρεδ
1407 5850 1845 5925 ειακροϐιώτῖρος
1871 5856 1961 5909 αὖ.

2138 633 2315 687 νηται.
2344 616 2542 687 Διόπερ
2566 617 2626 669 οὐ
2665 617 2770 689 χρὴ
2796 618 2883 671 διὰ
2909 620 2970 671 τὸ
3001 619 3161 688 φάναι
3196 621 3585 676 συναπολέσθαι
3614 626 3711 678 αὐ-

2134 706 2224 758 τὸν
2248 708 2357 770 τοῖς
2403 708 2458 759 ἐν
2499 706 2577 777 τῷ
2617 710 3005 780 κατακλυσμῷ,
3037 710 3122 765 διὰ
3144 710 3300 766 τοῦτο
3328 713 3463 783 ἓμθ¹
3490 715 3582 787 ἐτη
3615 716 3707 787 βε-

2134 795 2410 850 ϐιωκέναι.
2443 796 2600 850 Ἀλλὰ
2625 799 2746 852 οὐδὲ
2768 799 2846 870 τῷ
2881 801 3191 873 Ἀφρικανῷ
3218 803 3514 876 πειθόμεθα
3538 824 3709 878 προσ-

2129 886 2329 941 τιθέντι
2352 889 2420 941 τὰ
2439 890 2577 943 αὐτὰ
2601 897 2649 944 κ’
2674 891 2788 964 ἔτη,
2820 895 2914 946 καὶ
2954 894 3086 960 ξδπθ’
3119 895 3327 964 λέγοντι
3355 898 3448 951 τοῦ
3488 900 3707 954 Μαθου-

2131 978 2287 1043 σάλα,
2307 981 2430 1033 ἀντὶ
2442 981 2587 1049 εοξθκ
2618 983 2817 1036 Λοιπὸν
2839 980 2932 1038 οὖν
2964 989 3217 1057 κρεῖσσον
3245 983 3384 1042 εἶναι
3414 991 3561 1044 δοκεῖ
3582 996 3703 1057 ταῖς

2128 1069 2250 1122 καθ’
2287 1069 2416 1141 ὅλην
2452 1072 2548 1143 τὴν
2590 1075 2913 1148 οἰκουμένην
2949 1077 3247 1148 ἑπομένους
3292 1082 3461 1152 ἱεραῖς
3501 1083 3703 1154 βίϐλοις

2126 1158 2248 1225 ego
2269 1161 2365 1231 τῆς
2383 1161 2527 1234 ζωῆς
2551 1163 2730 1233 λέγειν
2750 1166 3099 1222 Μαθουσάλαο
3154 1172 3202 1223 εἰ
3232 1170 3288 1224 δὲ
3317 1172 3408 1226 τὸν
3437 1176 3701 1230 κατακλυ-

2124 1249 2260 1319 σμὸν
2297 1251 2671 1326 ὑπερϐέϐηκεν
2698 1256 2841 1309 ἔτεσι
2878 1262 2957 1321 ιε’,
2981 1257 3074 1311 τοῦ
3100 1258 3234 1313 Θεοῦ
3260 1262 3509 1317 κάκεῖνον
3546 1264 3696 1331 ἴσως,

2121 1339 2196 1404 ὡς
2237 1339 2329 1394 τὸν
2372 1342 2561 1415 Ἑνὼχ,
2607 1345 3009 1417 περισώσαντος
3051 1350 3387 1422 παραδόξως,
3436 1354 3558 1408 καθ’
3606 1354 3699 1421 οὓς

2120 1431 2229 1490 οἶδε
2266 1438 2516 1510 τρόπους,
2543 1442 2638 1495 καὶ
2673 1443 2891 1508 τόπους.

2190 1528 2351 1598 Ibid.,
2382 1531 2476 1585 lin.
2512 1533 2599 1587 52.
2639 1536 2829 1600 Τούτῳ
2850 1535 2928 1602 τῷ
2954 1537 3175 1609 Λάμεχ.
3215 1538 3341 1596 Haec
3370 1541 3438 1597 ad
3468 1541 3693 1598 verbum

2118 1619 2371 1674 versibus
2409 1623 2679 1691 expressit
2713 1622 3113 1682 Constantinus
3147 1627 3426 1686 Manasses
3470 1631 3527 1685 in
3574 1631 3689 1685 An-

2116 1709 2226 1763 nal.
2259 1725 2277 1763 :
2829 1711 2832 1714 ’

2114 1816 2225 1875 ’Ἦν
2268 1821 2334 1874 δέ
2378 1839 2465 1888 τις
2512 1824 2639 1879 Νῶε
2692 1826 2922 1896 δίκαιος
2958 1831 3027 1884 ἐν
3057 1847 3181 1897 τοις
3219 1849 3324 1886 του
3354 1831 3481 1905 Σὴᾷ
3521 1834 3689 1905 ἐγγό-

3487 1920 3580 1956 νοι

2122 1962 2368 2029 Ἔνατος
2396 1963 2463 2016 ἐκ
2497 1965 2601 2020 τοῦ
2629 1966 2972 2038 σπέρματος
2998 1969 3172 2041 Ἀδὰμ
3196 1969 3303 2025 τοῦ
3337 1901 3688 2039 πρωὲζὲἓά-

2267 2101 2488 2179 Ηετιὼν
2657 2105 2875 2179 ᾀρετῆς
2895 2106 3019 2179 Ϊὴν
3050 2040 3612 2179 ἐννομοπραὲίίἷῖυν

2111 2172 2221 2225 Καὶ
2248 2172 2362 2238 τὴν
2403 2174 2622 2227 κακίαν
2650 2172 2718 2229 ἐκ
2996 2172 3514 2251 ἀποστ”υγῶν,’κᾳὶ
3534 2172 3684 2251 ’φεύ-

3492 2269 3590 2304 των

2115 2310 2262 2377 Τοὺς
2298 2314 2721 2382 φαυλουργοὺς
2764 2317 2862 2371 καὶ
2911 2316 3228 2384 δυσσεϐεῖς
3265 2249 3682 2375 remigia?“-

3267 2388 3283 2459 ι
3291 2392 3469 2458 sapor!
3470 2390 3607 2451 ζειν.

2119 2449 2271 2504 Ἐπεὶ
2297 2450 2349 2503 δ’
2370 2455 2480 2507 οὐκ
2506 2454 2741 2510 ἔπειθεν
2766 2456 2987 2524 αὐτοὺς
3004 2458 3121 2512 τῶν
3145 2449 3393 2528 φαύξίὧν
3413 2449 3679 2530 ἀποσχέ-

3444 2533 3604 2594 σθαι,

2103 2588 2370 2668 ρζετέστη
2389 2591 2506 2668 per
2534 2594 2654 2649 ἀπὸ
2691 2593 2799 2663 τῆς
2823 2594 2956 2668 γῆς,
2990 2595 3137 2668 ἔνθα
3164 2596 3234 2668 τὸ
3266 2529 3674 2668 πρῶτὲῖρθὲξῖυ·

2100 2659 2475 2736 Δέξτοικοςδὲ
2496 2659 3215 2736 γενόμενος-’ἀλλοδαποῖς
3245 2659 3322 2721 si
3350 2669 3533 2736 ὅροις,

2107 2729 2225 2807 ζῆν
2247 2729 2645 2807 immensa-nt;
2673 2729 2922 2807 κιϐωτὸν
2945 2736 3170 2807 ὡρίσθη
3189 2729 3566 2807 τεκτοῦῆσαὶ,

2237 2798 2382 2877 ζῶον
2406 2798 2665 2857 ἄπαγ’ἐν
2691 2804 2846 2877 αὐτῇ
2870 2798 3241 2877 χερσόῦγρον
3264 2798 3569 2877 ἐγκλεῖσαι

2112 2869 2205 2934 Ὡς
2237 2870 2476 2940 σπέρμα
2521 2869 2970 2943 χρηματίσαιὼί,
3016 2869 3425 3019 καῖ’ζιίμτυροἿ
3441 2880 3547 2933 τοῦ
3576 2878 3674 2950 75-

3428 2965 3598 3015 γους.

3428 2965 3598 3015 γους.

2094 3048 2151 3105 In
2188 3052 2385 3123 quibus
2420 3054 2557 3109 mira
2596 3053 2865 3110 Manassis
2907 3054 3264 3111 ballucinatio
3304 3057 3667 3127 deprehendi-

2092 3150 2200 3197 tur.
2234 3143 2345 3201 Noe
2372 3146 2516 3200 enim
2559 3160 2765 3200 nonum
2813 3146 2882 3201 ab
2924 3144 3133 3201 Adamo
3176 3149 3481 3213 constituit,
3521 3148 3669 3205 Scri-

2015 3230 2057 3286 C
2089 3234 2269 3304 pturis
2297 3235 2575 3300 omnibus,
2619 3237 3120 3309 chronicorumque
3165 3241 3528 3310 scriptoribus
3573 3256 3663 3297 re-

2091 3326 2480 3382 clamantibus.
2519 3326 2700 3393 Quare
2727 3329 3099 3399 reponendum
3139 3330 3329 3401 judico
3351 3331 3574 3396 δέκατος
3603 3333 3669 3385 ὲκ

2088 3414 2181 3467 τοῦ
2207 3417 2538 3489 σπέρματος.
2569 3417 2681 3474 Nec
2724 3419 2778 3473 in
2809 3420 2902 3475 illo
2932 3420 3237 3477 audiendus
3277 3431 3382 3487 est,
3424 3437 3549 3477 cum
3583 3422 3667 3477 di-

2089 3506 2168 3559 cit
2218 3506 2330 3563 Noe
2360 3509 2413 3563 in
2457 3524 2638 3565 arcam
2674 3511 2877 3566 animal
2908 3527 3067 3567 omne
3093 3521 3368 3568 terrenum
3398 3520 3452 3569 et
3491 3528 3663 3584 aqua~

2088 3597 2199 3661 tile,
2244 3600 2593 3672 χερσόῦγρον,
2628 3601 2941 3667 inclusisse,
2977 3610 3036 3656 ut
3062 3618 3245 3659 semen
3271 3603 3396 3659 inde
3417 3605 3665 3659 animan-

2089 3690 2226 3743 tium
2261 3699 2523 3748 servaret.
2564 3691 2708 3749 Usus
2735 3693 2879 3748 enim
2916 3708 3060 3748 arcae
3081 3695 3335 3758 terrenis,
3362 3708 3471 3748 non
3493 3708 3665 3764 aqua-

2085 3779 2276 3835 tilibus
2305 3790 2422 3837 erat
2464 3785 2831 3840 necessarius.
2875 3783 3150 3838 Eximium
3182 3784 3297 3839 Noe
3328 3786 3659 3854 praeconium

2083 3867 2254 3925 habes
2287 3870 2433 3941 apud
2455 3872 2932 3943 Chrysostomum,
2968 3873 3118 3928 hom.
3149 3873 3221 3927 23
3267 3874 3323 3927 in
3354 3871 3537 3929 Genes.
3574 3873 3661 3930 Si-

2082 3958 2281 4030 byllam
2311 3958 2530 4016 Oracul.
2564 3962 2689 4017 libr.
2720 3979 2760 4025 ι,
2791 3962 3052 4019 Basiliam
3082 3961 3484 4020 Seleuciensem
3513 3973 3657 4021 orat.

2081 4049 2107 4102 1
2147 4057 2202 4104 ει
2226 4049 2261 4103 2
2297 4050 2365 4106 de
2391 4049 2524 4115 Noe,
2560 4062 2615 4105 et
2644 4052 2803 4108 alios.

2144 4134 2306 4200 Ibid.,
2338 4138 2434 4192 lin.
2464 4138 2553 4193 '55.
2587 4140 2749 4207 Ἄχρι
2772 4139 2881 4209 γὰρ
2912 4139 3169 4209 ἑϐδόμης
3192 4139 3422 4209 γενεᾶς.
3454 4141 3656 4198 Eadem

2077 4225 2241 4284 habet
2271 4226 2541 4299 Joseplius
2572 4234 2611 4283 l.
2645 4245 2660 4283 ι
2691 4230 2894 4303 Auliq.,
2926 4246 3048 4302 cap.
3085 4233 3142 4297 4;
3181 4231 3425 4289 Zonaras
3457 4236 3654 4293 Annal.

2074 4316 2175 4373 lib.
2212 4334 2251 4372 ι.
2297 4317 2409 4373 Nec
2436 4319 2693 4377 dissentit
2727 4320 3106 4379 Theodoretus
3132 4324 3186 4378 in
3229 4323 3417 4381 Cenes.
3453 4334 3653 4397 quaest.

2073 4408 2174 4474 47;
2216 4409 2523 4468 Methodius
2566 4431 2582 4468 :
2627 4413 2719 4484 Τῷ
2760 4414 2818 4467 δὲ
2870 4415 3273 4487 ἑπτακοσιοστῷ
3315 4418 3654 4489 ἐνενηκοστῷ

2075 4497 2187 4553 ἔτει
2228 4500 2330 4570 τῆς
2369 4502 2542 4573 Ἰάρεο
2577 4502 2744 4574 ζωῆς,
2790 4506 2908 4576 ἦτοι
2946 4506 3044 4577 τῆς
3093 4506 3350 4579 δευτέρας
3395 4508 3650 4579 χιλιάδος,

2079 4591 2373 4660 προσέθετο
2405 4595 2433 4646 ό
2475 4595 2708 4667 πονηρὸς
2752 4599 2847 4651 καὶ
2880 4597 3120 4670 ὀλέθριος
3150 4598 3393 4663 διάϐολος
3433 4600 3653 4671 πολέμῳ

2075 4685 2331 4755 πορνείας
2374 4686 2720 4757 προσψαῦσαι
2749 4672 2860 4753 τοῖς
2897 4692 3034 4754 υἱοῖς
3065 4691 3194 4762 Σὴθ,
3229 4694 3309 4755 εἰς
3356 4692 3454 4755 τὰς
3476 4691 3649 4761 θυγα-

2072 4773 2236 4845 τέρας
2262 4776 2421 4842 Κάῖν,
2460 4779 2554 4832 καὶ
2583 4780 2877 4845 ὲξωθείσας
2899 4782 3089 4854 ἔρριψε
3122 4784 3249 4847 τοὺς
3277 4783 3539 4853 γίγαντας
3569 4786 3651 4849 εἰς

2072 4866 2289 4939 ὄλεθρον
2317 4869 2416 4940 τῆς
2449 4872 2741 4944 ἁμαρτίας.
2782 4876 2891 4929 Καὶ
2925 4875 3169 4949 ὠργίσθη
3205 4876 3361 4948 θυμῴ
3390 4877 3591 4949 Κύριος
3621 4882 3651 4932 ὁ

2071 4959 2220 5024 Θεός.
2249 4962 2358 5016 Καὶ
2383 4964 2441 5015 ὲν
2466 4962 2544 5033 τῷ
2580 4964 2723 5017 τέλει
2751 4966 2852 5036 τῆς
2884 4967 3145 5038 δευτέρας
3169 4967 3403 5038 χιλιάδος
3436 4968 3650 5037 ἐγένετο

2072 5049 2460 5122 κατακλυσμὸς
2487 5051 2593 5107 τῶν
2624 5055 2852 5123 ὑδάτων,
2885 5059 2979 5112 καὶ
3009 5059 3281 5131 ἠφανίσθη
3315 5061 3466 5115 πᾶσα
3496 5064 3529 5133 ἡ
3562 5062 3651 5134 δη.

2074 5137 2329 5208 μιουργία
2359 5156 2417 5191 τε
2471 5142 2567 5194 καὶ
2593 5141 2896 5209 διάπλασις.
2930 5143 3036 5201 Sed
3059 5162 3122 5201 ea
3153 5162 3274 5216 quae
3300 5149 3390 5205 hic
3421 5152 3650 5207 tradun-

2071 5236 2158 5281 tur
2192 5244 2222 5282 a
2264 5228 2540 5287 Methodio
2589 5232 2730 5290 falsa
2767 5252 2910 5301 esse,
2946 5245 3001 5293 et
3035 5238 3112 5292 illi
3159 5238 3357 5304 allicta,
3421 5255 3649 5301 censent

2069 5320 2338 5383 nonnulli,
2373 5337 2562 5378 errore
2615 5326 2752 5381 satis
2788 5329 3074 5397 explorato
3127 5339 3383 5401 certoque
3411 5334 3648 5391 chrono-

2070 5410 2243 5480 logiaz.
2277 5409 2511 5477 Incesta,
2559 5416 2850 5483 adulteria,
2889 5419 3119 5484 scelera,
3152 5420 3479 5491 impietates,
3510 5426 3649 5482 alia-
3744 5490 3749 5493 χ

2069 5516 2173 5570 que
2204 5502 2485 5556 hominum
2519 5504 2740 5560 illorum
2771 5506 2893 5563 fuse
2935 5511 3287 5580 prosequitur
3313 5511 3501 5569 Enoch
3545 5516 3640 5573 lib.

2075 5607 2112 5653 ι,
2135 5591 2268 5663 Περὶ
2304 5591 2412 5644 τῶν
2442 5594 2778 5666 ὲγρηγόρων.
2812 5596 2895 5652 Ad
2930 5600 3215 5669 septimam
3247 5603 3448 5657 etenim
3478 5620 3643 5675 gene-

2068 5681 2331 5736 rationem
2389 5683 2496 5736 vita
2548 5685 2721 5741 Adam
2773 5698 3048 5756 protracta
3099 5706 3288 5749 omnes
3330 5694 3396 5749 ad
3431 5695 3637 5751 cultum

2070 5770 2186 5840 Dei,
2213 5784 2266 5828 ct
2290 5777 2477 5839 verbo,
2500 5785 2553 5830 et
2583 5781 3087 5848 opereinstruendo
3113 5789 3500 5856 compellebat.
3528 5786 3638 5842 Par

2067 5866 2211 5919 enim
2260 5872 2345 5921 cs:
2399 5866 2648 5937 credere,
2697 5885 2817 5924 cum
2864 5889 2972 5928 non
3026 5885 3235 5932 lantmn
3292 5879 3638 5945 propriorum
