4124 6436
426 390 531 453 985

1452 393 1520 450 1N
1557 390 1930 451 EUSTATHII
1971 388 2444 447 usxsnusnoa
2473 360 2705 445 Nom.

3566 384 3675 449 98G

427 515 677 584 lapsuum
710 511 1027 583 pmnitcntia
1056 511 1291 575 tristem,
1331 526 1522 566 verum
1554 521 1609 564 et
1641 510 1872 564 aliorum
1905 508 1999 561 de-
2029 515 2070 568 Λ
2101 507 2245 562 dinis
2292 505 2441 562 mille
2484 507 2923 576 octingentorum
2978 504 3310 571 cubitorum,
3363 503 3676 562 latitudinis

427 608 573 662 lictis
602 606 758 676 quasi
802 603 1040 659 stimulis
1082 602 1411 673 quibusdam
1446 612 1626 657 actum
1665 601 1857 657 intime
1889 599 1998 657 fre-

426 697 653 760 muisse,
677 706 731 750 et
759 695 1015 765 Iacrymis
1038 694 1337 765 supplicem
1373 693 1441 747 ad
1475 691 1646 747 Deum
1675 691 1999 762 delinquen-

427 791 574 845 tibus
604 788 826 858 0ptimis
856 788 1079 844 monitis
1111 789 1486 851 succurrisse,
1512 787 1704 857 sicque
1741 792 1996 839 naturam

425 882 718 936 humanam
758 879 1014 942 debilem,
1046 885 1100 934 et
1130 880 1479 950 languentem
1519 892 1622 948 ope
1654 875 1748 932 Dei
1781 876 1997 931 instau-

424 988 597 1029 rasse.
625 971 757 1039 Quae
797 971 1051 1036 felicitas,
1083 970 1213 1025 dum
1252 979 1306 1026 et
1328 970 1462 1035 vita,
1492 977 1546 1025 et
1576 967 1819 1039 spiritus,
1856 967 1997 1021 inte-

425 1080 521 1136 gra
544 1064 782 1121 duravit.
814 1063 1107 1135 Postquam
1143 1063 1400 1128 decessit,
1427 1061 1675 1118 homines
1707 1058 1996 1115 amandata

424 1156 754 1211 verecundia
801 1155 1046 1227 quotidie
1092 1153 1159 1208 ad
1200 1154 1430 1224 majora,
1462 1162 1518 1208 et
1554 1151 1873 1208 scelestiora
1916 1148 1999 1202 l'a-

424 1248 613 1303 cinora
643 1249 930 1319 prolapsos
959 1262 1069 1303 non
1119 1253 1203 1301 est
1235 1247 1456 1301 mirum.
1499 1242 1729 1312 Quando
1766 1250 1820 1298 et
1864 1249 1996 1296 tunc

423 1338 520 1393 ﬁlii
555 1338 645 1393 Dei
680 1337 898 1394 ﬁliabus
927 1336 1209 1391 hominum
1257 1351 1317 1390 se
1343 1335 1666 1405 junxerunt.
1699 1332 1995 1388 Posteritas

426 1431 635 1486 scilicet
663 1428 796 1484 Seth
846 1429 1046 1502 pietate
1078 1427 1308 1483 celebris
1344 1435 1398 1481 et
1442 1426 1553 1481 Deo
1582 1439 1794 1481 summe
1830 1424 1995 1479 chara

424 1524 782 1593 conjunxerat
814 1536 874 1577 se
928 1536 1052 1575 cum
1095 1519 1416 1589 posteritate
1439 1517 1593 1572 Caini
1629 1516 1795 1587 impia
1822 1524 1876 1570 et
1901 1529 1997 1570 ne.

422 1631 608 1687 quam.
641 1615 811 1687 Quasi
850 1614 1057 1669 diceret
1086 1612 1280 1670 iisdem
1308 1610 1605 1666 sceleribus
1653 1624 1716 1663 ac
1740 1593 1996 1663 facinori-

420 1707 526 1763 bus
554 1684 830 1775 complexa
859 1721 1048 1761 eorum
1082 1706 1268 1768 vitam,
1296 1719 1354 1759 se
1386 1702 1704 1766 immiscuit,
1736 1708 1790 1756 et
1820 1702 1874 1756 in
1901 1715 1995 1756 ea-

420 1800 545 1855 dem
596 1798 723 1853 vitia
754 1799 1008 1871 prolapsa
1041 1807 1142 1852 est.
1162 1795 1299 1851 Vide
1337 1795 1633 1851 Chronicon
1673 1793 1994 1848 Alexandri-

421 1909 568 1947 num.

495 1985 608 2040 Col.
634 1984 756 2051 752,
780 1984 875 2038 lin.
897 1983 985 2039 '59.
1003 1968 1094 2050 Ὠςί
1109 1978 1223 2037 οὖν
1236 1985 1269 2035 ὀ
1281 1981 1426 2035 Νῶε.
1445 1978 1714 2050 Iosephus
1731 1977 1988 2049 Antiquit.

421 2078 515 2132 lib.
550 2094 590 2141 1,
621 2092 741 2146 cap.
767 2077 800 2130 ὦ
832 2096 845 2131 :
896 2077 954 2130 '0
986 2076 1177 2146 Νῶχος
1207 2074 1264 2128 δὲ
1285 2077 1396 2137 τοῖς
1429 2073 1520 2127 ὑπ’
1552 2071 1729 2125 αὐτῶν
1755 2088 1990 2143 πραττο-

423 2168 603 2239 μένοις
640 2167 1023 2237 δυσχεραίνων,
1052 2168 1145 2221 καὶ
1184 2166 1437 2237 ἀλγηρῶς
1465 2163 1623 2235 ἔχων,
1664 2162 1876 2217 ἔπειθεν
1899 2164 1991 2216 ἐπὶ

416 2261 479 2313 τὸ
509 2261 749 2331 κρεῖττον
773 2258 868 2329 τὴν
889 2259 1123 2312 διάνοιαν
1148 2256 1243 2310 καὶ
1270 2256 1368 2319 τὰς
1389 2256 1612 2327 πράξεις
1643 2254 1988 2325 μεταφέρειν.

430 2352 600 2423 Ὁρῶν
642 2352 686 2405 δ’
719 2352 818 2405 οὐκ
853 2350 1166 2413 ἐνδιδόντας.
1202 2349 1315 2402 ἀλλ’
1352 2348 1585 2420 ἰσχυρῶς
1617 2348 1721 2401 ὑπὸ
1745 2347 1843 2418 τῆς
1870 2346 1990 2419 ὴδο-

417 2445 515 2514 νῆς
543 2444 650 2498 τῶν
683 2443 869 2497 κακῶν
902 2441 1361 2514 κεκρατημένους,
1407 2441 1502 2493 καὶ
1544 2438 1727 2502 δείσας
1774 2437 1849 2510 μὴ
1894 2455 1989 2507 φο-

417 2536 677 2589 νεύσωσιν
702 2534 863 2587 αὑτὸν
888 2533 1024 2605 μετὰ
1055 2532 1348 2601 γυναικῶν,
1378 2533 1474 2586 καὶ
1504 2530 1726 2594 τέκνων,
1754 2530 1849 2585 καὶ
1878 2528 1989 2584 τῶν

415 2627 626 2690 τούτοις
672 2626 950 2690 συνοίκων,
998 2623 1304 2696 ἐξεχώρησε
1349 2622 1450 2692 τῆς
1494 2622 1616 2693 γῆς.
1656 2623 1713 2675 Ὁ
1754 2621 1812 2675 δὲ
1857 2621 1988 2685 Θεὸς

415 2718 604 2773 τοῦτον
660 2718 760 2789 μὲν
805 2716 907 2787 τῆς
943 2713 1292 2786 δικαιοσύνης
1334 2714 1623 2784 ἠγάπησεο
1664 2712 1987 2778 κατεδίκαζε

415 2811 474 2863 δὲ
506 2810 605 2864 οὐκ
634 2811 808 2863 ἐκεῖνο
843 2808 1001 2880 μόιίον
1043 2806 1141 2877 τῆς
1171 2805 1390 2869 κακίας,
1430 2804 1567 2859 ἀλλὰ
1598 2804 1693 2858 καὶ
1724 2804 1834 2857 πᾶν
1864 2803 1988 2857 ὅσον

415 2895 482 2972 ἦν
515 2898 848 2970 ἀνθρώπινον
876 2898 995 2951 τότε
1025 2896 1182 2963 δόξαν
1209 2894 1358 2965 αύτῷ
1384 2893 1689 2965 διαφθεῖραι
1716 2891 1810 2946 καὶ
1833 2890 1989 2962 ποιῆ-

419 3009 509 3046 σαι
559 2991 716 3060 γένος
763 2990 950 3061 ἕτερον
990 2987 1252 3060 πονηρίας
1290 2985 1548 3056 καθαρὸν,
1599 2984 1987 3054 ἐπιτεμόμενος

415 3085 595 3139 αὐτῶν
626 3085 718 3138 τὸν
749 3083 882 3155 βίον,
914 3084 1008 3137 καὶ
1036 3084 1265 3154 ποιήσας
1294 3080 1428 3134 ἐτῶν
1460 3079 1559 3149 οὐχ
1589 3079 1689 3132 ὅσα
1722 3077 1986 3150 πρότερον

415 3177 572 3242 ἔζων,
607 3177 721 3231 ἀλλ’
755 3175 948 3230 ἑκατὸν
980 3173 1204 3236 εἴκοσιν,
1228 3174 1331 3272 ..εἰς
1369 3170 1640 3272 θάλασσαν
1686 3169 1783 3241 τὴν
1822 3170 1986 3272 ξιπει·
2015 3212 2060 3272 c

416 3284 509 3339 ρον
542 3264 830 3336 μετέϐαλέ.
858 3265 969 3319 Καὶ
989 3265 1038 3316 οἱ
1071 3264 1168 3334 μὲν
1195 3260 1369 3323 οὕτως
1390 3258 1738 3328 ἀφανίζονται
1763 3258 1986 3321 πάντες.

414 3355 602 3425 Νῶχος
626 3355 683 3408 δὲ
709 3354 938 3418 σώζεται
969 3352 1148 3423 μόνον,
1178 3349 1516 3421 ὑποθεμένου
1542 3347 1789 3421 μηχανὴν
1817 3346 1985 3419 αὐτῷ,

415 3447 509 3500 καὶ
551 3445 718 3516 πόρον
756 3446 891 3517 πρὸς
924 3445 1200 3517 σωτηρίαν
1230 3441 1325 3496 τοῦ
1359 3440 1495 3496 Θεοῦ
1534 3443 1809 3513 τοιαύτην.

488 3539 652 3600 lbid.,
703 3539 803 3592 lin.
851 3538 944 3592 41.
985 3537 1094 3593 Kal
1146 3535 1501 3605 προστάττει
1555 3533 1734 3601 αὐτῷ.
1781 3531 1987 3588 Μοιιίιιι

416 3632 600 3702 itaque
628 3632 897 3702 jussuque
941 3630 1039 3686 Dei
1092 3645 1219 3685 arca
1269 3635 1551 3685 exstructa
1601 3636 1705 3684 est.
1740 3626 1989 3698 Nugatur

413 3740 545 3795 ergo
579 3723 785 3794 pseudo
818 3723 1055 3779 Berosus
1090 3722 1401 3787 Annianus,
1425 3722 1516 3793 qui
1542 3722 1640 3789 ait,
1674 3720 1787 3775 Noe
1809 3726 1989 3776 astro-

418 3817 570 3887 logiaa
618 3815 1047 3871 scientissimum
1098 3830 1166 3869 ex
1215 3821 1488 3869 astrorum
1535 3812 1877 3884 inspectione
1932 3817 1988 3866 et

414 3906 794 3962 observatione
840 3905 1159 3976 przevidisse
1196 3903 1483 3969 diluvium,
1521 3918 1623 3959 nec
1667 3902 1836 3958 tutior
1877 3902 1988 3957 An-

416 3998 540 4052 nius
572 4015 586 4051 :
620 3995 765 4051 Alibi
784 3996 1098 4066 scripsimus
1129 4006 1286 4068 atque
1329 3995 1691 4066 probavimus,
1730 3995 1840 4051 lucc
1881 3994 1985 4067 duo

414 4087 573 4142 simul
614 4086 744 4141 dare
777 4085 1178 4142 inundationem
1209 4096 1470 4142 terrarum
1492 4104 1526 4141 a
1556 4087 1735 4141 causis
1765 4095 1986 4140 natura-

414 4181 552 4235 libus
577 4181 912 4249 processisse,
942 4197 1073 4251 quas
1100 4181 1325 4235 studiosi
1351 4181 1409 4233 in
1433 4188 1824 4234 monumentum
1848 4180 1985 4234 exci-

412 4272 622 4337 derunt,
653 4281 705 4327 et
726 4290 759 4326 a
781 4272 961 4327 divina
980 4273 1310 4341 providentia
1340 4271 1500 4325 simul
1527 4270 1592 4325 ab
1614 4280 1812 4325 reterno
1840 4270 1984 4325 ordi-

412 4373 618 4426 natam,
644 4368 703 4415 ut
729 4379 831 4433 quo
863 4363 1196 4431 potissimum
1237 4374 1465 4431 tempore
1492 4361 1725 4416 homines
1754 4359 1986 4416 demere-
2030 4390 2035 4394 ·

412 4463 596 4507 rentur
627 4455 874 4521 perirent.
904 4453 1165 4521 Quamvis
1199 4453 1344 4509 enim
1382 4451 1682 4517 Aviceuna,
1709 4452 1986 4507 nonnulli-

2098 606 2494 659 trecentorum.
2527 598 2835 653 altitudinis
2869 605 3087 652 centum
3127 598 3426 669 octoginta,
3473 599 3678 657 vastis-

2098 692 2292 747 simam
2340 706 2475 748 sane
2518 690 2737 755 molcm,
2787 690 2832 747 si
2881 691 2950 745 ad
2994 690 3208 747 cubitos
3245 692 3537 759 solemnes,
3573 707 3674 749 seu

2097 798 2417 839 communes
2469 782 2703 839 reducas
2745 802 2760 838 :
2817 782 2923 839 hoc
2962 790 3070 847 est,
3111 785 3276 839 duum
3331 786 3562 840 millium
3605 788 3676 842 'et

2098 875 2566 946 septingentorum
2609 874 2810 946 pedum
2868 875 2924 930 in
2971 875 3219 947 longum,
3249 877 3675 948 quadringento-

2096 983 2219 1037 rum
2263 974 2318 1021 et
2370 967 2768 1038 quinquaginta
2811 968 2869 1023 in
2907 968 3109 1032 latum;
3141 967 3371 1024 altitudo
3408 970 3674 1025 ducento-

2097 1076 2218 1115 rum
2266 1061 2634 1132 septuaginta.
2684 1059 2839 1115 llanc
2889 1059 3219 1117 sententiam
3279 1075 3401 1115 cum
3456 1060 3672 1116 Isidoro

2095 1152 2278 1208 Clario
2317 1153 2567 1223 sequitur
2599 1150 2838 1217 Delrius,
2884 1152 3013 1223 quia
3058 1151 3344 1223 proﬁtetur
3383 1150 3668 1223 Origenes,

2096 1261 2217 1317 quae
2263 1247 2571 1303 traditurus
2619 1245 2687 1302 de
2722 1261 2850 1302 arca
2898 1247 3169 1316 majorum
3217 1247 3513 1304 traditione
3565 1248 3665 1303 ha-

2096 1339 2302 1402 buisse,
2325 1347 2377 1395 et
2403 1339 2530 1410 quia
2547 1354 2656 1393 non
2679 1339 2955 1410 displicuit
2981 1338 3274 1407 Augustin.
3297 1338 3673 1404 l.1Qu¢est.i1s

2097 1426 2223 1482 Gen.
2260 1437 2315 1483 et
2351 1429 2501 1495 alibi,
2533 1429 2625 1499 qui
2657 1429 3024 1498 objectionem
3075 1429 3224 1484 illam
3251 1429 3321 1485 de
3368 1446 3510 1486 arcae
3548 1446 3670 1486 ma-

2094 1521 2378 1593 gnitudine
2406 1532 2566 1577 vocat
2596 1522 2996 1593 ineptissimam
3023 1523 3378 1590 calumniam,
3413 1532 3470 1578 et
3504 1525 3671 1580 solvit

2096 1614 2454 1670 similitudine
2483 1616 2702 1669 urbium
2726 1614 3018 1684 majorum.
3053 1604 3172 1669 Non
3199 1615 3479 1686 displicuit
3500 1617 3667 1672 etiam

2095 1707 2400 1777 Cajetano;
2443 1714 2498 1763 et
2538 1706 2720 1762 Delrio
2749 1706 3042 1763 ridiculum
3081 1707 3318 1772 videtur,
3353 1709 3516 1764 malle
3547 1711 3669 1764 ani-

2095 1799 2300 1854 mantia
2334 1800 2392 1855 in
2436 1808 2646 1855 arctum
2702 1799 2813 1855 illic
2857 1808 3140 1871 compacta
3185 1800 3378 1865 fuisse,
3423 1808 3484 1856 ut
3513 1816 3669 1857 com-

2098 1892 2256 1947 mode
2298 1906 2358 1946 se
2395 1906 2614 1946 movere
2654 1899 2710 1945 et
2739 1891 2944 1947 cubare
2983 1890 3299 1961 nequirent,
3331 1907 3495 1962 quam
3545 1891 3670 1949 laxe

2096 1993 2151 2043 ct
2185 1984 2476 2040 salubriter
2501 1983 2719 2055 degere.

2165 2077 2325 2140 lbid.,
2365 2077 2461 2132 lin.
2501 2077 2591 2133 48.
2643 2076 3097 2147 Ἐπενεχθὲντος
3135 2075 3205 2131 δὲ
3247 2076 3375 2133 τοῦ.
3419 2076 3668 2132 Maximus

2096 2169 2244 2225 illius
2282 2182 2545 2238 aquarum
2578 2166 2975 2243 inundationis,
3010 2174 3066 2224 et
3097 2165 3418 2238 cataclysmi
3444 2167 3668 2223 univer-

2095 2261 2227 2317 salis
2270 2275 2339 2316 ει
2371 2259 2760 2315 vetustissimis
2802 2258 3172 2329 scriptoribus
3206 2258 3504 2314 meminere
3532 2259 3668 2313 Abi-

2095 2352 2293 2417 denus,
2325 2351 2563 2408 Berosus
2613 2358 2668 2408 et
2696 2350 2810 2418 alii,
2846 2366 2986 2421 quos
3015 2363 3264 2407 recenset
3291 2350 3558 2408 Eusebius
3587 2351 3669 2406 De

2045 2435 2048 2439 ’
2092 2442 2479 2511 preparations
2523 2440 2821 2511 evangelica
2862 2439 2959 2496 lib.
2987 2456 3065 2503 ix,
3098 2448 3154 2496 et
3190 2440 3443 2497 Chronici
3490 2443 3666 2512 prima

2095 2542 2268 2606 parte.
2299 2533 2435 2605 Ejus
2479 2534 2783 2605 elegantem
2830 2532 3256 2604 descriptionem
3310 2534 3480 2590 habes
3519 2535 3664 2605 apud

2095 2625 2403 2683 llanassem
2436 2627 2492 2682 in
2520 2626 2840 2691 Annalibus,
2871 2633 2925 2681 et
2950 2625 3208 2681 Basilium
3234 2624 3662 2682 Seleucicnsem.

2093 2718 2420 2774 Albumasar
2462 2732 2494 2772 a
2540 2716 2731 2771 mundi
2777 2716 2933 2772 initio
2980 2717 3048 2772 ad
3094 2716 3358 2772 diluvium
3411 2723 3669 2772 numerat

2095 2820 2270 2862 annos
2311 2806 2553 2877 integros
2602 2805 2714 2861 duo
2755 2805 2925 2860 millia
2974 2804 3243 2861 ducentos
3286 2806 3479 2876 viginti
3512 2814 3661 2861 octo.

2093 2899 2441 2965 Alliacensis,
2491 2900 2587 2955 lib.
2638 2898 2715 2953 De
2750 2897 3031 2952 concordia
3080 2898 3385 2969 astrologia:
3417 2908 3467 2953 et
3494 2898 3663 2953 histo-

2092 2992 2210 3056 rice,
2239 2991 2310 3047 ab
2346 2990 2517 3046 Adam
2557 2991 2623 3046 ad
2654 2989 2921 3046 diluvium
2950 3006 3127 3046 annos
3156 2991 3240 3046 bis
3274 2990 3422 3046 mille
3456 2991 3665 3047 ducen-

2092 3090 2180 3140 tos
2231 3081 2592 3155 quadraginta
2640 3089 2767 3137 octo
2816 3081 3061 3147 ﬂuxisse,
3105 3082 3271 3151 idque
3320 3082 3664 3154 astrologicis

2093 3174 2408 3229 rationibus
2441 3174 2613 3244 ipsius
2656 3173 2846 3229 mundi
2882 3174 3146 3244 geniturae
3188 3174 3428 3229 themate
3456 3189 3661 3245 propo-

2092 3267 2200 3322 sito
2230 3266 2426 3320 nititur
2455 3266 2707 3335 probare.
2740 3263 2878 3318 Eum
2906 3262 3105 3318 refellit
3134 3261 3376 3319 Joannes
3406 3262 3570 3320 Picus
3603 3266 3661 3320 in

2087 3355 2293 3411 Astrol.
2326 3356 2422 3411 lib.
2452 3372 2505 3410 v.
2551 3355 2624 3409 De
2651 3356 2738 3411 bis
2784 3355 2906 3411 vide
2934 3356 3091 3426 plura
3134 3355 3275 3425 apud
3318 3356 3662 3428 chronogra-

2087 3447 2247 3519 phos.
2282 3447 2643 3519 Augustinus,
2681 3446 2776 3500 lib.
2828 3462 2965 3501 xvm
3009 3445 3086 3500 De
3124 3447 3338 3502 civitate
3365 3445 3479 3511 Dei,
3521 3463 3573 3503 c.
3600 3447 3656 3514 8,

2086 3539 2292 3593 nullam
2350 3536 2519 3593 fuisse
2550 3552 2651 3593 nec
2709 3538 2854 3608 apud
2891 3535 3132 3603 Graecos,
3193 3551 3297 3592 nec
3323 3539 3464 3608 apud
3505 3537 3660 3594 Lati-

2087 3645 2189 3687 nos
2219 3629 2384 3700 hujus
2414 3629 2603 3684 diluvii
2625 3643 2803 3698 neque
2825 3628 3097 3694 notitiam,
3121 3642 3301 3698 neque
3329 3643 3660 3684 commemo-

2085 3722 2355 3777 rationem
2412 3720 2629 3776 scribit.
2690 3718 3106 3790 Varronemquc
3159 3727 3354 3776 testem
3413 3720 3658 3783 adducit,

2086 3814 2181 3885 qui
2210 3813 2438 3884 scripsit
2479 3812 2536 3866 in
2566 3812 2940 3867 monumentis
2972 3812 3280 3867 litterarum
3307 3809 3511 3867 veteris
3544 3825 3659 3865 me—

2084 3902 2296 3968 moriae,
2324 3901 2463 3956 nihil
2512 3901 2711 3973 Ogygis
2739 3900 2967 3967 diluvio,
3017 3899 3164 3971 quod
3213 3899 3402 3956 multis
3439 3901 3659 3956 saeculis

2083 4001 2209 4064 post
2240 3991 2525 4048 Noeticum
2560 3990 2781 4055 accidit,
2807 3991 3033 4063 reperiri
3061 3993 3352 4047 vetustius.
3382 3990 3442 4046 ιιι
3473 4000 3658 4048 tamen

2084 4085 2270 4156 negari
2302 4085 2422 4141 sine
2444 4085 2779 4140 contumacia
2803 4082 3076 4147 Pererius,
3104 4083 3200 4139 lib.
3224 4099 3302 4138 ιιι
3345 4084 3403 4136 in
3443 4080 3656 4149 ϐάρισι,

2085 4179 2161 4233 ait
2189 4193 2298 4233 non
2329 4192 2490 4248 posse
2518 4193 2586 4232 ex
2611 4175 2832 4247 Iosephi
2868 4176 3181 4232 testimonio
3220 4175 3316 4231 lib.
3345 4189 3362 4230 1
3387 4174 3654 4247 A‘ntiquit.

2083 4286 2206 4343 cap.
2238 4271 2274 4326 4
2306 4289 2318 4325 :
2345 4270 2524 4341 Hujus
2573 4277 2751 4323 autem
2811 4268 2998 4322 diluvii
3040 4276 3090 4324 et
3133 4283 3273 4322 arcae
3313 4268 3657 4323 meminerunt

2082 4380 2260 4419 omnes
2291 4362 2581 4417 barbaricae
2606 4361 2842 4414 historia:
2870 4361 3175 4429 scriptores,
3207 4369 3258 4413 et
3286 4359 3342 4413 in
3374 4358 3456 4414 his
3488 4358 3655 4413 Berc-

2084 4473 2174 4512 sus
2209 4454 2513 4520 Chaldwus,
2540 4469 2768 4508 narrans
2793 4452 2932 4507 enim
2957 4450 3023 4506 de
3047 4451 3143 4506 hoc
3168 4450 3364 4504 diluvio
3392 4450 3470 4504 sic
3490 4450 3656 4520 ferme

411 4561 520 4606 que
557 4546 648 4600 alii
689 4545 993 4601 astronomi
1046 4544 1366 4609 delendant,
1418 4545 1656 4600 ellicacia
1694 4557 1985 4599 causarum
2015 4548 2063 4610 D
2089 4548 2307 4603 scribit:
2327 4565 2345 4599 ι
2373 4544 2566 4600 Fertur
2585 4555 2782 4609 autem,
2805 4554 2856 4599 et
2877 4543 3074 4614 navigii
3087 4541 3242 4611 hujus
3259 4557 3383 4613 pars
3399 4543 3452 4596 in
3470 4543 3654 4597 Arme-

411 4637 763 4701 naturalium,
795 4650 1095 4705 earumque
1125 4636 1178 4691 vi
1224 4635 1339 4692 ﬁeri
1379 4651 1541 4707 posse
1582 4643 1790 4689 tantam
1813 4649 1982 4705 aqua-

409 4746 531 4785 rum
561 4729 1000 4795 ell‘usionem;et
1047 4727 1253 4783 Seneca
1294 4729 1388 4782 lib.
1453 4745 1513 4782 ιιι
1562 4728 1759 4782 Natur.
1791 4735 1978 4799 quiest.

409 4823 504 4884 ait,
542 4822 786 4876 futurum
820 4820 1118 4890 aliquando
1152 4821 1258 4875 tale
1288 4821 1575 4887 diluvium,
1604 4829 1661 4876 et
1689 4835 1798 4875 non
1822 4836 1982 4876 secus

407 4930 570 4984 quam
596 4914 850 4977 hiemem,
874 4927 1038 4983 quam
1064 4920 1328 4972 aestatem.
1357 4913 1472 4981 lege
1491 4912 1678 4967 mundi
1702 4927 1769 4967 ac
1788 4919 1983 4983 sponte

409 5014 723 5059 venturum.
774 5001 963 5058 Verior
1001 5012 1182 5058 tamen
1226 5003 1669 5074 probabiliorque
1710 5003 1979 5058 sententia

408 5096 682 5149 contraria
711 5102 816 5151 est.
850 5094 981 5150 Eam
1011 5095 1299 5151 constituit
1335 5095 1657 5150 Aristoteles
1696 5094 1791 5149 lib.
1823 5110 1841 5149 1
1874 5093 1980 5150 Me-

413 5191 566 5246 tear.,
597 5200 718 5255 cap.
751 5184 841 5249 14,
882 5194 935 5240 et
961 5185 1075 5239 alii.
1121 5185 1373 5257 Consule,
1396 5184 1792 5242 Damascenum
1834 5185 1931 5241 lib.
1961 5200 1978 5239 1

411 5273 565 5329 Fidei
596 5272 829 5342 orthod.,
866 5292 988 5347 cap.
1020 5278 1055 5333 5

484 5365 639 5430 lbid.,
668 5367 764 5420 lin.
795 5367 885 5422 4‘2.
912 5367 1374 5422 Κατησκευάσαι
1398 5366 1663 5421 κιϐωτόν.
1695 5365 1850 5422 Philo
1875 5366 1980 5424 sub

411 5458 571 5513 linem
607 5458 700 5513 lib.
730 5474 792 5514 '11
842 5459 976 5515 Vita:
1006 5460 1247 5532 Mogsis;
1279 5461 1550 5531 Josephus
1582 5462 1764 5534 Antiq.
1795 5463 1890 5519 lib.
1935 5479 1977 5529 1,

409 5563 460 5604 c.
491 5548 549 5603 4.
589 5545 649 5602 ln
690 5547 810 5617 ejus
838 5551 1089 5618 partibus
1116 5551 1466 5622 assignandis
1509 5553 1980 5610 constituendisve

407 5639 624 5693 variant
647 5636 924 5697 doctorias.
955 5639 1208 5713 Origenis
1242 5644 1297 5697 in
1328 5642 1478 5696 hom.
1510 5642 1565 5706 2,
1585 5643 1772 5713 opinio
1794 5645 1980 5715 exagi-

410 5737 557 5786 tatur
599 5731 763 5787 hodie
799 5733 1085 5790 sentientis
1129 5734 1301 5791 fuisse
1331 5735 1546 5791 cubitos
1591 5738 1976 5805 geometricos,

409 5838 643 5896 quorum
670 5825 869 5896 singuli
897 5842 1219 5885 communes
1243 5845 1345 5886 sex
1378 5831 1694 5898 continent;
1735 5829 1976 5899 longitu—

2083 4641 2174 4693 nia
2204 4638 2342 4708 apud
2369 4647 2594 4693 montem
2628 4635 2990 4692 Cordiworum
3012 4649 3296 4703 superesse,
3321 4641 3371 4688 et
3398 4632 3652 4703 quosdam

2083 4735 2313 4789 bitumen
2357 4732 2479 4788 inde
2522 4734 2772 4787 abrasum
2828 4745 3006 4784 secum
3056 4737 3347 4797 reportare,
3400 4744 3502 4799 quo
3548 4727 3656 4781 uice

2085 4827 2304 4882 emulcti
2332 4825 2437 4880 loci
2449 4826 2564 4895 ejus
2588 4824 2821 4878 homines
2849 4822 2928 4875 uti
2943 4820 3134 4876 solent.
3160 4840 3179 4873 ι
3197 4819 3441 4875 Meminit
3468 4820 3658 4874 horum

2079 4928 2131 4974 et
2158 4918 2514 4988 Hieronymus
2539 4914 2842 4985 Egi/ptius,
2873 4913 2963 4983 qui
2984 4913 3326 4983 antiquitates
3348 4911 3656 4967 Phoenicum
3706 4909 3712 4914 ’

2081 5011 2312 5080 scripsit,
2351 5017 2401 5063 et
2430 5006 2703 5069 anseas,
2731 5014 2781 5060 et
2828 5004 2925 5058 alii
2962 4998 3159 5072 plures.
3207 5002 3349 5068 Quin
3390 5011 3440 5057 et
3480 5000 3655 5056 Nico-

2082 5105 2199 5158 laus
2236 5101 2618 5161 Damascenus,
2648 5097 2743 5152 lib.
2792 5112 2938 5160 xcvi,
2971 5096 3035 5151 de
3063 5095 3144 5149 his
3184 5096 3337 5149 rebus
3382 5102 3568 5148 narrat
3595 5093 3653 5147 in

2076 5196 2187 5250 hare
2221 5193 2377 5249 verba
2408 5208 2427 5246 :
2456 5210 2475 5243 ι
2507 5190 2602 5244 Est
2626 5205 2784 5259 super
2809 5190 3071 5258 regionem
3102 5184 3408 5256 Minyarum
3426 5199 3649 5254 magnus

2079 5302 2231 5340 mons
2262 5285 2319 5338 in
2341 5282 2613 5344 Armenia,
2644 5281 2851 5335 nomine
2879 5279 3060 5346 Baris,
3093 5279 3152 5332 in
3176 5295 3279 5349 quo
3302 5277 3497 5332 multos
3525 5290 3651 5344 pro-

2082 5378 2233 5449 fugos
2278 5374 2466 5429 diluvii
2505 5383 2733 5441 tempore
2770 5378 3002 5425 servatos
3047 5369 3244 5439 ferunt.
3275 5367 3347 5423 Et
3371 5367 3648 5439 quemdam

2082 5486 2210 5524 arca
2237 5478 2436 5522 vectum
2478 5467 2533 5520 in
2561 5465 2717 5534 hujus
2738 5464 2929 5519 vertice
2962 5462 3198 5528 laesisse,
3221 5470 3271 5517 et
3300 5460 3552 5532 reliquias
3582 5459 3648 5514 li-

2078 5573 2300 5630 gnorum
2346 5556 2459 5626 ejus
2501 5555 2654 5625 longo
2695 5562 2921 5621 tempore
2961 5550 3252 5616 duravisse,
3310 5551 3400 5620 qui
3451 5549 3650 5619 fortas-

2077 5650 2151 5704 sis
2194 5648 2238 5703 is
2274 5646 2397 5715 fuit,
2437 5643 2502 5700 de
2539 5660 2640 5715 quo
2676 5643 2836 5698 etiam
2866 5640 3085 5711 Moyses)
3119 5640 3301 5695 scribit
3334 5639 3648 5696 Iudaeorum

2079 5739 2368 5810 legislulor.
2407 5756 2426 5788 ι
2472 5737 2539 5791 Et
2580 5735 2800 5792 Eusebii
2860 5735 2957 5790 lib.
3021 5749 3074 5788 Ix
3119 5733 3195 5787 De
3256 5735 3647 5802 preparations

2079 5831 2408 5900 evangelica,
2461 5829 2555 5900 qui
2610 5827 2792 5885 verbis
2849 5825 3069 5897 Josephi
3127 5840 3192 5882 ex
3247 5826 3504 5899 Abydeno
3556 5825 3643 5880 hi-
