4124 6418
404 344 574 428 ’σθαι

1842 367 2087 426 LEONIS
2126 367 2403 424 ALLATII
2478 334 2489 345 ’

3623 367 3727 424 988

464 491 675 546 storico
707 488 890 547 subdit
938 490 1201 544 nonnulla
1248 498 1303 546 et
1329 490 1513 563 Cyrilli
1547 491 1921 555 Alexandrini,
1952 490 2047 563 qui
2078 497 2123 553 Α
2151 504 2214 543 ca
2238 489 2320 544 vel
2351 488 2565 543 Latina.
2605 487 2700 543 Sin
2754 489 2920 545 etiam
2956 487 3316 553 scientias,et
3349 494 3497 544 artes
3534 502 3728 546 omnes

467 579 536 634 ad
566 579 670 634 hoc
708 577 1051 649 probandum
1106 579 1277 635 refert
1337 583 1710 637 testimonium
1753 583 2053 640 Alexandri

467 671 848 743 Polyhistoris.
891 671 1002 727 Nec
1043 671 1201 727 Plato
1235 672 1288 727 id
1317 673 1597 743 ignorasse
1652 674 1866 729 videtur
1887 690 1955 729 ex
1984 675 2052 730 iis

469 777 593 831 quae
621 763 786 819 habet
812 764 867 818 in
893 762 1115 829 Timaeo,
1144 771 1271 818 ante
1296 763 1651 833 particularia
1674 764 1882 819 diluvia
1907 765 2051 835 apud

468 853 689 912 Graecos
769 855 1105 923 celebratam
1172 854 1346 909 fuisse
1395 855 1701 924 antiquitus
1753 855 2048 909 maximam

469 947 762 1016 quamdam
785 958 1052 1018 aquarum
1075 946 1487 1001 inundationem
1506 956 1770 1017 terraique
1793 948 2054 1003 vastatio-

472 1053 620 1094 nem.
653 1039 733 1093 Ad
763 1039 870 1094 hoc
915 1039 1043 1093 item
1077 1039 1316 1110 pertinet
1355 1037 1503 1108 quod
1530 1037 1864 1109 Pomponius
1890 1039 2050 1106 Mela,

469 1128 564 1184 lib.
599 1143 640 1195 I,
670 1143 722 1184 c.
744 1129 845 1197 2i;
873 1138 929 1186 et
965 1130 1173 1186 Plinius
1208 1130 1243 1183 I.
1280 1147 1332 1194 v,
1363 1144 1418 1185 c.
1450 1131 1538 1196 15,
1571 1138 1626 1185 et
1659 1130 1902 1197 Solinus,
1926 1147 2050 1204 cap.

468 1219 577 1285 37,
630 1218 855 1292 Joppem
914 1221 1103 1276 urbem
1157 1219 1360 1276 Judaeae
1410 1221 1738 1276 maritimam
1769 1222 2053 1293 pra-dicari

469 1308 717 1364 omnium
801 1318 961 1365 terrae
1033 1310 1250 1365 urbium
1301 1311 1732 1367 vetustissimam
1795 1313 2053 1382 credique

472 1399 649 1456 fuisse
699 1407 827 1455 ante
876 1399 1168 1457 diluvium.
1223 1399 1357 1468 Quae
1420 1408 1683 1472 praeterea
1734 1400 1804 1458 de
1847 1402 2052 1459 diluvio

472 1491 819 1548 Deucalionis
853 1489 1202 1557 Plutarchus,
1231 1493 1328 1553 lib.
1355 1492 1434 1549 De
1456 1493 1675 1548 solertia
1706 1495 1873 1550 anim.
1896 1503 2051 1551 retu-

472 1584 538 1639 lit
585 1584 653 1639 de
702 1582 974 1647 columba,
1000 1583 1071 1639 ad
1108 1581 1393 1640 Noeticum
1444 1585 1709 1642 diluvium
1749 1587 2049 1657 pertinent.

474 1674 596 1729 Huc
624 1675 751 1729 item
781 1680 1052 1745 spectant,
1095 1691 1217 1745 qua:
1237 1676 1305 1731 de
1339 1676 1546 1732 diluvio
1581 1677 1620 1732 l.
1650 1694 1664 1732 l
1697 1675 2047 1744 Hetamorph.

475 1765 702 1822 Ovidius
758 1766 969 1821 scribit.
998 1764 1202 1821 Verum
1253 1766 1530 1833 Pererius,
1564 1770 1655 1840 qui
1700 1778 1823 1840 post
1860 1772 2049 1841 Augu—

470 1857 602 1914 stini
643 1856 711 1912 de
746 1858 942 1912 notitia
974 1856 1166 1914 diluvii
1211 1859 1537 1915 sententiam
1570 1859 1875 1930 expositam
1899 1840 2053 1914 aflir-
2082 1840 2127 1895 Β

469 1950 640 2003 marit
674 1948 726 2003 id
766 1963 873 2003 non
898 1963 1062 2019 posse
1083 1949 1271 2021 negari
1301 1950 1420 2005 sine
1441 1951 1807 2015 contumacia,
1840 1967 1963 2005 cum
1994 1950 2050 2005 id

471 2045 653 2093 tamen
684 2047 941 2109 negasset
966 2039 1325 2112 Augustinus,
1356 2055 1424 2095 ne
1451 2040 1726 2096 videretur
1754 2050 1903 2097 tanto
1930 2042 2049 2097 viro

468 2137 655 2186 notam
713 2131 1076 2185 contumaciae
1128 2131 1212 2185 vel
1259 2131 1603 2201 ignorantiae,
1629 2140 1725 2187 aut
1756 2132 2049 2190 oblivionis

470 2219 715 2276 historiae
761 2220 1003 2286 inurere,
1030 2221 1183 2276 illum
1235 2214 1518 2280 excusans
1543 2225 1638 2292 ait,
1682 2226 2047 2296 Augustinum

469 2326 582 2366 non
635 2313 862 2382 praecise
905 2312 1111 2373 dixisse
1145 2314 1315 2370 nullis
1343 2314 1623 2372 historicis
1656 2325 1846 2372 notum
1876 2316 2049 2374 fuisse

469 2401 733 2457 diluvium
764 2401 899 2472 Noe,
936 2404 1032 2461 sed
1054 2413 1265 2459 tantum
1305 2404 1476 2462 fuisse
1500 2407 1806 2479 ignoratum
1838 2424 1869 2464 a
1901 2408 2051 2467 Grae-

467 2493 554 2550 cis
581 2500 641 2550 et
679 2492 942 2550 Romanis
998 2497 1300 2563 historicis,
1326 2497 1462 2553 nihil
1490 2497 1559 2555 de
1600 2500 1852 2559 barbaris
1878 2502 2050 2559 histo-

472 2585 571 2640 riis
612 2585 882 2653 locutum;
925 2593 981 2640 et
1016 2586 1069 2640 id
1126 2602 1314 2642 verum
1362 2604 1505 2654 esse,
1554 2605 1679 2645 cum
1736 2591 1859 2649 illos
1905 2608 2047 2664 quos

473 2675 590 2744 ipse
617 2673 869 2730 Pererius
895 2677 1082 2731 citavit
1110 2677 1375 2735 barbaros
1417 2679 1589 2737 fuisse
1620 2690 1676 2737 et
1706 2697 1892 2738 rerum
1921 2684 2050 2739 har-

472 2766 784 2821 baricarum
810 2768 1109 2838 scriptores
1159 2778 1366 2825 certum
1414 2771 1506 2837 sit,
1558 2771 1683 2828 Haec
1744 2785 1923 2830 tamen
1953 2790 2050 2830 ex-

470 2858 691 2927 plicatio
722 2860 807 2929 pia
839 2868 944 2925 est,
1005 2862 1131 2932 quis
1165 2862 1219 2918 id
1248 2863 1652 2934 negabit?dum
1681 2863 2047 2936 Augustinum

475 2949 547 3004 ab
585 2950 890 3021 ignorantia
921 2952 1184 3018 defendit,
1206 2963 1261 3008 et
1288 2956 1869 3027 contumacia/suaque
1893 2956 2050 3012 laude

473 3056 584 3097 non
633 3053 804 3098 caret.
851 3043 988 3099 Mihi
1033 3053 1216 3101 tamen
1251 3046 1321 3101 ab
1362 3046 1511 3100 omni
1552 3047 1887 3103 humanitate
1918 3048 2050 3103 alie-

478 3149 607 3186 num
640 3137 775 3191 'esse
818 3136 1035 3191 videtur
1084 3137 1229 3193 serio
1287 3151 1579 3205 accusare,
1636 3154 1796 3209 quem
1835 3139 2047 3213 frigidis

2151 588 2205 635 et
2235 579 2474 647 Graecas,
2503 591 2557 635 et
2593 578 2819 636 Latinas
2863 594 3088 636 necesse
3131 581 3238 635 erit
3273 572 3726 643 afﬁrma‘refciim

2153 671 2221 727 de
2266 671 2377 727 illis
2427 680 2592 743 agant
2636 670 2824 727 Graece
2857 680 2913 727 et
2944 669 3137 726 Latine
3177 679 3430 726 auctores
3472 668 3645 725 Graeci
3672 676 3729 726 et

2151 761 2368 831 Latini;
2398 778 2576 835 neque
2611 763 2741 820 talis
2774 762 2971 818 modus
2997 761 3325 819 elocutionis
3361 761 3524 817 talem
3555 761 3725 817 eflicit

2153 854 2436 910 scientiam
2491 854 2576 909 vel
2613 862 2807 910 artem.
2839 853 3071 921 Quando
3115 861 3171 907 et
3199 851 3448 924 Dionysii
3477 850 3727 907 Halicar-

2150 945 2356 1009 nassei,
2393 952 2448 999 et
2477 944 2665 1001 Dionis
2709 945 2908 1009 Cassii,
2942 953 2998 1000 et
3030 944 3261 999 aliorum
3295 944 3586 1000 historiam
3614 943 3728 999 Ro-

2152 1052 2370 1092 manam
2387 1036 2632 1093 Griecam
2652 1052 2776 1093 esse
2797 1038 3212 1101 contendemus,
3226 1044 3515 1107 postquam
3542 1036 3728 1107 lingua

2153 1125 2339 1182 Graeca
2359 1129 2640 1182 enuntiata
2670 1135 2776 1184 est.
2805 1126 2915 1183 Res
2938 1143 3092 1198 ergo,
3117 1142 3227 1182 non
3261 1126 3522 1192 elocutio,
3552 1141 3731 1196 neque

2152 1227 2344 1275 auctor
2395 1220 2513 1290 ipse
2560 1219 2691 1273 facit
2722 1219 3014 1275 historiam
3046 1218 3208 1288 hujus
3235 1219 3418 1290 potius
3464 1216 3729 1285 nationis,

2151 1325 2314 1382 quam
2340 1311 2589 1366 alterius.
2616 1310 2784 1364 Multa
2813 1309 2879 1367 de
2909 1309 3040 1375 Deo,
3082 1312 3151 1367 de
3185 1309 3376 1365 mundi
3428 1309 3729 1374 creatione,

2151 1402 2220 1458 de
2254 1402 2591 1473 providentia
2639 1403 2846 1466 divina,
2877 1402 2945 1458 de
2976 1400 3287 1459 Christiana
3334 1401 3622 1473 religione,
3662 1400 3732 1458 de

2153 1494 2424 1549 sescentis
2442 1494 2564 1549 aliis
2595 1493 2905 1565 philosophi
2936 1492 3234 1560 Platonici,
3258 1504 3313 1549 et
3333 1493 3584 1550 historici
3609 1508 3733 1564 pro-

2152 1584 2263 1639 fani
2310 1585 2370 1639 in
2410 1586 2527 1642 suis
2569 1586 2980 1642 commentariis
3009 1585 3318 1657 prodidere,
3343 1584 3489 1655 quod
3513 1585 3586 1638 ita
3613 1599 3731 1639 ma-

2152 1674 2411 1730 nifestum
2435 1684 2521 1731 est
2552 1676 2632 1731 uti
2657 1676 2988 1745 probatione
3017 1692 3125 1730 non
3142 1682 3298 1746 egeat
3333 1693 3347 1729 :
3381 1674 3504 1729 ideo
3525 1672 3728 1739 ncilla,

2151 1775 2206 1821 et
2252 1765 2495 1822 Graecam
2554 1768 2983 1839 philosophiam,
3048 1773 3103 1823 et
3150 1766 3396 1822 Graecam
3439 1766 3729 1821 historiam

2156 1856 2387 1925 illosque
2414 1854 2614 1911 Graiae
2636 1856 3013 1928 philosOphite,
3044 1855 3132 1911 vel
3166 1856 3409 1911 historiae
3433 1855 3731 1926 scriptores

2156 1948 2329 2004 fuisse
2378 1947 2797 2013 affirmahimus,
2828 1948 2978 2004 aliud
3020 1948 3245 2004 omnino
3279 1955 3364 2005 est
3399 1948 3579 2003 alieno
3610 1963 3731 2016 ore,

2156 2040 2299 2094 aliud
2351 2040 2572 2111 proprio
2622 2040 2794 2111 loqui.
2819 2040 3035 2112 Optime
3065 2041 3249 2111 itaque
3278 2041 3619 2111 Augustinus
3650 2040 3732 2097 di-

2154 2130 2362 2186 luvium
2396 2145 2497 2186 nec
2528 2130 2736 2196 Graeca,
2771 2146 2874 2185 nec
2899 2132 3090 2185 Latina
3118 2129 3347 2185 historia
3394 2137 3729 2200 compertum

2157 2220 2331 2276 fuisse
2379 2219 2693 2283 afﬁrmavit,
2724 2221 2851 2291 quia
2884 2221 2987 2277 etsi
3028 2220 3096 2276 de
3132 2221 3228 2276 illo
3271 2220 3595 2285 meminere,
3625 2235 3732 2276 non

2154 2328 2222 2369 ex
2252 2311 2563 2368 Graecorum
2623 2310 3055 2382 Latinorumque
3113 2310 3394 2367 historicis
3431 2308 3729 2374 thesauris,

2155 2403 2251 2461 sed
2279 2411 2631 2459 externorum
2664 2402 2821 2459 libris“
2844 2402 2898 2457 id
2930 2403 3196 2468 hausere;
3229 2418 3376 2468 cum,
3398 2410 3460 2457 ut
3486 2403 3628 2457 idem
3657 2402 3731 2455 ait

2154 2496 2582 2568 Augustinusex
2605 2493 2872 2562 Varrone,
2898 2492 3090 2548 Latina
3120 2493 3349 2548 historia
3380 2494 3514 2548 nihil
3541 2493 3731 2548 habuit

2156 2588 2432 2658 antiquius
2460 2587 2662 2658 Ogygis
2712 2587 2937 2641 diluvio.
2967 2583 3262 2641 Possemus
3296 2585 3422 2639 item
3453 2585 3727 2649 dubitare,

2155 2694 2223 2734 an
2252 2679 2444 2734 Latina
2477 2678 2706 2733 historia
2744 2686 2799 2734 et
2818 2677 3063 2732 Romana
3085 2676 3226 2731 idem
3259 2678 3350 2732 sit.
3388 2677 3728 2749 Augustinus

2155 2770 2300 2827 enim
2340 2770 2438 2834 ait,
2472 2769 2624 2835 Quod
2652 2770 2882 2840 gentium
2912 2786 3073 2839 neque
3103 2768 3308 2834 Graeca,
3340 2786 3500 2840 neque
3531 2767 3727 2822 Latina

2156 2860 2297 2913 novit
2326 2858 2571 2912 historia.
2605 2858 2673 2911 At
2700 2858 2950 2914 Pererius
2977 2859 3104 2914 dum
3132 2861 3327 2930 repetit
3356 2860 3504 2915 illius
3534 2859 3724 2926 verba,

2155 2951 2238 3003 vel
2270 2948 2446 3004 saltim
2475 2949 2822 3012 sententiam,
2873 2946 2974 3003 Sed
3002 2958 3205 3003 tantum
3230 2949 3365 3003 dixit
3397 2950 3726 3019 fuisseigno-

2157 3047 2333 3093 ratum
2370 3040 2425 3092 in
2454 3035 2675 3104 Grazcis,
2704 3048 2753 3092 et
2796 3037 3049 3093 Romanis
3075 3040 3335 3104 historiis,
3369 3039 3499 3093 nihil
3519 3039 3582 3092 de
3602 3038 3729 3092 bar-

2159 3130 2351 3185 baricis
2395 3130 2634 3185 historiis
2686 3133 2913 3186 locutus.
2977 3130 3056 3185 En
3110 3130 3386 3202 quomodo
3432 3147 3498 3185 ex
3531 3129 3725 3184 Latina

1084 3188 1220 3193 ---η
1290 3188 1579 3205 πηνα,
1640 3188 1796 3209 ηπ---
1944 3188 2045 3197 -..η

472 3225 734 3296 falsisque
789 3228 1094 3285 rationibus
1151 3229 1351 3301 postea
1394 3245 1506 3284 non
1544 3232 1685 3287 valet
1729 3188 2038 3291 defendere.

2157 3221 2406 3285 historia,
2442 3220 2691 3277 Romana
2748 3221 2892 3303 facta
2916 3228 3019 3278 est.
3055 3188 3163 3277 Sed
3192 3230 3391 3277 caetera
3423 3235 3724 3291 prosequa-

474 3315 543 3370 Ut
565 3318 711 3373 enim
740 3335 926 3375 verum
971 3320 1163 3387 fatear,
1191 3323 1313 3393 quis
1345 3339 1582 3393 unquam
1631 3325 1769 3379 dixit
1833 3334 1887 3382 et
1918 3327 2043 3383 Ale-

470 3411 740 3467 xandrum
789 3411 1210 3484 Polyhistorem,
1259 3424 1313 3470 et
1358 3413 1734 3486 Plutarchum,
1765 3429 1819 3474 et
1860 3419 2044 3476 Plato-

473 3517 618 3561 nem.
639 3510 697 3558 et
717 3502 991 3567 Ovidium,
1008 3512 1063 3558 et
1084 3504 1343 3568 Plinium,
1367 3514 1423 3562 et
1453 3503 1722 3575 Solinum,
1755 3518 1810 3565 et
1848 3511 2041 3567 Melan:

474 3592 737 3649 barbaros
760 3592 951 3659 fuisse,
980 3609 1184 3667 eosque
1217 3596 1390 3654 fuisse
1417 3614 1597 3655 rerum
1627 3602 2042 3659 barbaricarum

472 3684 767 3753 scriptores
788 3684 813 3736 ?
840 3701 1120 3756 nunquam
1155 3690 1378 3744 memini
1412 3705 1499 3746 me
1520 3692 1746 3763 legisse;
1784 3710 1886 3751 nec
1916 3707 2046 3767 puto

477 3777 533 3830 id
567 3779 732 3833 etiam
766 3779 966 3836 litteris
996 3781 1268 3851 proditum
1290 3782 1461 3842 fulsse
1483 3784 1722 3855 (ἔπεσθε,
1742 3787 2048 3845 Romanos-

471 3882 583 3936 que
641 3867 906 3925 barharos
946 3871 1136 3939 fuisse.
1161 3871 1263 3939 Qui
1308 3875 1355 3930 si
1404 3875 1643 3944 barbari,
1677 3880 1801 3949 quis
1844 3880 1898 3934 in
1935 3888 2047 3935 toto

473 3971 748 4016 terrarum
783 3962 914 4019 orbe
939 3965 1006 4019 ab
1044 3966 1148 4021 hac
1191 3982 1249 4022 se
1277 3976 1405 4023 nota
1440 3968 1734 4025 immunem
1760 3971 2050 4028 defendet?

478 4051 550 4107 Ut
581 4068 712 4123 ergo
761 4054 897 4110 falso
961 4066 1252 4113 accusatus
1315 4059 1653 4130 Augustinus
1703 4064 2046 4132 defendatur,

473 4145 690 4201 barbari
734 4164 923 4205 omnes
943 4189 959 4212 ,
1004 4162 1059 4206 et
1095 4150 1348 4214 Romani,
1374 4162 1429 4207 et
1451 4151 1622 4209 Graeci
1652 4156 1877 4214 erimus.
1909 4160 2051 4214 Con-

470 4248 555 4292 tra
608 4238 698 4309 jus
760 4240 952 4310 fasque
1022 4243 1360 4312 Augustinus
1425 4252 1681 4313 tanquam
1755 4260 2050 4308 contumax

471 4338 793 4399 accusatur,
816 4342 870 4387 et
898 4340 1088 4388 contra
1113 4333 1205 4403 jus
1224 4334 1414 4406 fasque
1434 4344 1486 4391 et
1517 4336 1779 4405 Romani,
1798 4349 1852 4396 et
1876 4342 2050 4399 Grieci

467 4422 685 4477 barbari
720 4423 1053 4493 judicantur.
1098 4424 1369 4492 Profecto,
1406 4429 1548 4484 dicet
1583 4432 1708 4501 quis
1738 4434 1841 4499 vel,
1868 4451 1968 4493 nos
1997 4438 2051 4491 in

2150 3329 2274 3369 mur
2308 3328 2340 3368 a
2375 3322 2563 3369 nostro
2605 3312 2857 3368 instituto
2888 3312 3113 3367 minime
3148 3313 3348 3367 aliena.

2217 3428 2335 3483 Col.
2354 3427 2478 3493 752,
2497 3427 2593 3481 lin.
2615 3428 2702 3482 48.
2720 3428 3060 3495 Ἐκαλύερθη
3074 3426 3145 3481 τὰ
3156 3424 3726 3497 ὑψηλάπιιθοριιίιιιε

2151 3521 2223 3575 ad
2254 3520 2587 3590 Autolycum,
2627 3519 2722 3574 lib.
2759 3535 2844 3584 nl,
2877 3519 2953 3573 ait
2977 3520 3036 3572 τὸ
3053 3519 3195 3589 ὕδωρ
3229 3518 3510 3588 ὑψωθῆναι
3543 3519 3729 3573 ἐπάνω

2151 3612 2353 3676 παντὸς
2378 3612 2536 3682 ὅρους
2557 3609 2762 3681 ὑψηλοῦ
2795 3609 3189 3664 πεντεκαίδεκα
3223 3612 3437 3681 πήχεις,
3477 3618 3534 3666 et
3571 3610 3727 3665 Albi-

2152 3720 2279 3768 nus,
2317 3703 2518 3767 Quaest.
2557 3704 2615 3756 in
2648 3700 2860 3769 Genes.,
2891 3702 2997 3756 hoc
3044 3702 3159 3758 ﬁeri
3192 3701 3439 3772 potuisse
3465 3702 3726 3767 affirmat,

2151 3799 2401 3868 quamvis
2448 3795 2514 3851 ad
2540 3795 2688 3850 illam
2721 3803 2927 3865 partem
2959 3794 3102 3850 acris
3123 3795 3450 3865 pervenerit,
3477 3795 3534 3849 in
3563 3810 3728 3865 quam

2154 3905 2255 3946 nec
2275 3898 2467 3945 ventus
2492 3889 2771 3951 invadere.
2790 3887 3085 3944 nec'nubes
3111 3887 3435 3943 condensari
3460 3899 3725 3960 possunt:

2156 3982 2216 4037 Si
2254 3990 2396 4035 terra
2438 3981 2668 4049 spatium
2713 3980 2861 4033 illius
2912 3977 3188 4048 tranquilli
3224 3978 3430 4033 aetheris
3486 3979 3732 4035 invadere

2154 4078 2340 4139 potest,
2373 4086 2469 4123 cur
2498 4086 2602 4122 non
2634 4078 2684 4122 et
2716 4084 2855 4137 aqua
2886 4067 3205 4123 crescendo?
3238 4066 3372 4122 Sunt
3407 4078 3580 4125 tamen
3613 4072 3729 4142 qui-

2154 4161 2300 4226 dam,
2336 4162 2424 4232 qui
2446 4169 2632 4231 putant
2674 4177 2765 4214 nec
2795 4170 2947 4214 terra:
2988 4159 3403 4229 intvqualitatem
3433 4161 3613 4226 talem,
3638 4178 3730 4216 nec

2156 4254 2413 4307 montium
2469 4250 2806 4305 altitudinem
2858 4261 3064 4305 tantam
3108 4261 3230 4305 ante
3269 4251 3525 4308 diluvium
3566 4255 3730 4324 fuisse

2156 4342 2293 4395 sicut
2334 4358 2471 4394 nunc
2515 4350 2616 4395 est.
2648 4340 2846 4395 Verum
2887 4341 3408 4411 philosophicarum,
3440 4360 3504 4400 ac
3544 4362 3729 4402 rerum

2158 4433 2663 4487 mathematicarum
2689 4435 2863 4503 perito
2896 4433 3120 4489 minime
3150 4435 3263 4490 haec
3291 4439 3560 4493 sententia
3591 4441 3733 4495 arri-

467 4517 700 4571 lcctione
722 4525 1006 4572 auctorum
1038 4518 1129 4589 qui
1167 4521 1234 4576 de
1271 4520 1476 4576 diluvio
1511 4525 1674 4579 verba
1714 4525 1913 4593 fecere,
1949 4546 2051 4586 ctr-
2087 4550 2135 4608 D
2162 4524 2330 4579 debil-
2361 4521 2624 4589 Quamvis
2648 4526 2792 4579 enim
2826 4522 2911 4581 his
2938 4528 3278 4597 temporibus
3325 4540 3539 4588 montes
3567 4533 3732 4589 altio-

467 4608 747 4674 cutimus;
788 4609 874 4664 vel
910 4610 1251 4681 Augustinus
1305 4614 1464 4668 aliter
1504 4629 1568 4669 ac
1621 4631 1710 4670 res
1746 4627 1863 4672 erat
1893 4637 2060 4695 expo-

467 4701 598 4763 suit,
632 4704 726 4771 qui
781 4709 972 4757 contra
1022 4704 1188 4758 sentit
1235 4712 1291 4759 et
1334 4705 1518 4775 lapsus
1556 4715 1660 4771 est,
1710 4708 1952 4771 historia:
1999 4730 2055 4774 et

468 4792 818 4862 antiquitatis
838 4801 933 4847 aut
962 4794 1199 4860 inscitia,
1231 4803 1325 4851 aut
1347 4796 1644 4856 oblivione.
1674 4799 2050 4877 Nequaquam.

465 4880 715 4952 Namque
768 4882 1111 4969 Augustinus
1169 4884 1247 4937 ait
1306 4884 1360 4939 id
1417 4901 1526 4940 non
1588 4888 1813 4946 novisse
1875 4910 2054 4966 neque

466 4973 737 5038 Grascam,
770 4991 947 5045 neque
963 4973 1211 5029 Latinam
1238 4976 1545 5043 historiam,
1564 4982 1708 5050 quod
1734 4999 1924 5040 verum
1946 4998 2053 5054 est,

466 5079 516 5121 et
548 5067 752 5122 rationi
787 5069 1113 5137 veritatique
1141 5068 1385 5124 historiae
1411 5083 1875 5143 consentaneum;
1909 5095 2055 5136 nun-

471 5173 637 5227 quam
674 5161 820 5213 enim
857 5160 1090 5216 historia
1130 5161 1243 5217 sive
1266 5162 1473 5226 Graeca.
1499 5167 1615 5224 sive
1646 5167 1840 5226 Latina
1873 5188 1903 5227 a
1939 5175 2055 5230 suis

477 5252 843 5321 scriptoribus
885 5255 1260 5312 monumentis
1298 5258 1567 5327 publicis,
1610 5263 1726 5318 sive
1771 5264 2053 5321 hominum

477 5344 774 5401 traditione
831 5345 886 5401 id
937 5346 1153 5412 habuit,
1206 5346 1488 5403 Noeticum
1549 5350 1815 5408 diluvium
1862 5353 2050 5411 fuisse.

483 5438 701 5495 Recens
762 5447 847 5494 est
893 5446 947 5494 et
989 5438 1208 5508 juvenis
1258 5440 1489 5497 historia
1515 5441 1825 5499 Graecorum
1864 5453 1920 5501 et
1955 5445 2056 5500 La-

469 5528 749 5595 tinorum;
789 5530 1233 5599 antiquissimum
1264 5529 1551 5588 Noeticum
1576 5533 1865 5597 diluvium,
1895 5536 1969 5589 ita
1996 5544 2055 5591 ut

475 5621 600 5688 ejus
645 5622 909 5675 memoria
951 5620 1297 5677 traditionem
1333 5638 1549 5679 omnem
1578 5625 1822 5695 ellugiat.
1856 5625 2056 5681 Habuit

476 5711 625 5766 illius
670 5709 921 5766 notitiam
958 5710 1311 5768 Hebraeorum
1359 5713 1589 5772 historia
1629 5715 1929 5787 Scriptum
1964 5734 2055 5775 sa-

476 5817 584 5860 cra!
613 5803 984 5860 mouumentis
1014 5820 1283 5876 nusquam
1312 5814 1491 5864 tamen
1525 5818 1608 5864 cst
1638 5809 1863 5866 historia
1903 5810 2056 5869 Cra:-

2165 4629 2250 4668 res
2283 4612 2668 4674 concedamus,
2700 4629 2807 4667 non
2852 4621 3033 4670 tamen
3074 4628 3394 4686 sequeretur
3441 4629 3571 4675 tunc
3604 4620 3730 4676 alti-

2157 4706 2405 4759 tudinem
2461 4708 2726 4759 montium
2765 4722 2873 4761 non
2931 4706 3104 4763 fuisse
3150 4716 3381 4777 tantam,
3404 4712 3545 4768 sicut
3582 4729 3730 4770 nunc

2156 4796 2422 4852 cernitur.
2465 4796 2753 4867 Nunquam
2813 4799 2958 4854 enim
3007 4811 3299 4857 creverunt
3341 4812 3577 4870 montes,
3626 4824 3731 4864 nec

2157 4890 2213 4944 in
2265 4891 2525 4960 majorem
2558 4892 2898 4947 altitudinem
2924 4909 2985 4949 se
3016 4909 3328 4964 erexerunt,
3356 4899 3517 4952 etiam
3549 4900 3593 4956 si
3633 4916 3731 4957 su-

2156 4982 2442 5039 blimiores
2475 4984 2757 5049 videntur;
2781 4985 3015 5040 vallibus
3042 4986 3186 5040 enim
3218 4987 3272 5040 in
3303 4988 3468 5042 imum
3493 4989 3730 5059 eﬂ‘ossis,

2158 5082 2308 5129 terra
2339 5075 2651 5130 labentibus
2690 5075 2849 5144 aquis
2883 5075 3210 5132 decurrente
3239 5087 3333 5131 aut
3359 5080 3519 5134 etiam
3540 5081 3733 5136 fluvia-

2159 5163 2324 5226 libus,
2353 5172 2564 5219 montes
2595 5163 2817 5218 altiores
2844 5173 3162 5234 assurgunt,
3195 5180 3304 5219 non
3335 5168 3481 5236 quod
3525 5170 3730 5241 aliquid

2157 5254 2267 5309 illis
2305 5255 2373 5309 de
2419 5271 2562 5309 novo
2600 5255 2672 5310 sit
2713 5255 3053 5323 adjunctum,
3084 5261 3178 5312 sed
3205 5257 3334 5326 quia
3366 5258 3421 5312 in
3447 5259 3732 5329 lateribus,

2160 5349 2247 5403 vel
2278 5348 2386 5401 ima
2415 5354 2570 5417 parte
2599 5347 2817 5416 aliquod
2848 5355 2933 5402 est
2959 5348 3287 5414 detractum,
3324 5356 3380 5404 et
3413 5364 3545 5407 sane
3571 5368 3733 5408 mon-

2156 5450 2243 5498 tcs
2281 5442 2387 5512 ipsi
2426 5441 2671 5512 quotidie
2710 5450 3018 5511 temporum
3066 5439 3329 5496 edacitati
3383 5444 3604 5501 obnoxii
3636 5446 3735 5504 de-

2156 5541 2436 5590 crescunt.
2466 5532 2805 5587 Fabulantur
2824 5532 3018 5595 Judaei,
3044 5533 3123 5604 0g
3157 5548 3336 5604 regem
3358 5533 3534 5592 Basan
3561 5536 3734 5596 fuisse

2159 5643 2225 5682 ex
2273 5626 2585 5697 gigantibus
2628 5625 2767 5690 illis,
2794 5624 2863 5679 de
2887 5625 3089 5695 quibus
3118 5625 3319 5682 dicitur
3359 5626 3487 5684 Gen.
3520 5646 3645 5695 vul,
3676 5632 3731 5689 in

2159 5718 2432 5775 altissimo
2467 5723 2651 5771 monte
2694 5716 3110 5783 consistentem,
3161 5718 3405 5775 evasisse
3443 5720 3731 5790 diluvium,

2158 5809 2403 5879 illudque
2432 5807 2667 5879 probant
2681 5822 2747 5864 ex
2763 5822 2828 5864 eo
2843 5808 2987 5879 quod
3010 5808 3243 5865 habetur
3262 5809 3414 5867 Deut.
3439 5827 3496 5868 Ill
3525 5830 3539 5867 :
3575 5812 3732 5869 Solus
