4124 6450
342 1086 358 1124 3

342 1126 355 1166 l

404 411 509 470 989

1447 404 1519 459 1N
1559 404 1935 461 EUSTATHII
1973 403 2452 460 HEXAEMERON
2488 404 2697 461 NOTIE

3566 411 3673 473 990

406 530 486 600 09
514 527 780 582 restiterat
810 525 875 580 de
900 525 1063 594 stirpe
1091 524 1382 594 gigantum.
1411 522 1478 576 Et
1515 523 1635 579 falsi
1668 532 1978 596 arguuntur
2015 528 2048 581 Α
2086 524 2271 578 l'eriret
2307 525 2361 578 in
2393 525 2573 581 fronte
2630 525 2862 596 accepit.
2920 525 3281 582 Percusslone
3325 526 3429 583 hac
3486 526 3675 584 furore

404 617 813 681 Thalmudistaa,
846 616 940 686 qui
993 615 1202 680 dicunt,
1257 615 1526 669 diluvium
1569 630 1682 669 non
1734 616 1986 686 attigisse

403 717 644 766 montem
697 707 852 772 Sion,
897 709 1001 763 hoc
1062 709 1179 763 solo
1229 721 1554 779 argumento
1601 707 1747 777 quod
1797 722 1982 761 semen

402 803 686 874 gigantum
732 803 1012 857 inventum
1058 802 1128 857 sit
1155 809 1280 870 post
1313 800 1579 854 diluvium
1613 800 1667 854 in
1699 800 1819 854 loco
1843 814 1986 869 pra:-

402 898 572 952 dicto.
594 895 750 950 Plato
773 895 828 950 in
862 894 1080 958 Timazo,
1098 904 1151 948 et
1173 893 1445 948 Diodorus
1464 892 1685 947 Siculus
1704 891 1983 955 Biblioth.,

402 990 498 1046 lib.
531 1006 608 1054 v1,
650 992 721 1046 ab
764 990 867 1044 hac
912 989 1181 1044 sententia
1224 987 1480 1042 videntur
1519 987 1838 1049 abhorrere,
1871 986 1986 1058 .sed

402 1081 567 1135 iidem
600 1081 657 1136 in
696 1096 756 1135 re
779 1095 843 1134 ac
875 1080 1102 1133 materia
1131 1077 1373 1140 diversa,
1403 1078 1660 1147 quamvis
1690 1077 1745 1130 in
1771 1075 1985 1131 caeteris

402 1171 530 1228 falsi
578 1172 950 1228 consentiunt.
986 1169 1236 1224 Tradunt
1294 1169 1440 1224 enim
1487 1178 1733 1239 tempore
1775 1166 1985 1232 diluvii,

403 1280 593 1336 magos
629 1262 967 1334 confugisse,
1000 1263 1406 1332 nonnullosque
1436 1259 1574 1315 alios
1618 1259 1839 1331 .‘Egypti
1889 1273 1984 1330 po-

403 1356 562 1427 pulos
590 1355 644 1411 in
674 1355 803 1426 juga
835 1356 1106 1410 montium
1145 1354 1330 1424 ibique
1354 1361 1706 1406 monumenta
1733 1350 1988 1407 recondi-

404 1448 630 1504 tissima:
674 1445 1170 1515 vetustissimaeque
1212 1444 1542 1499 eruditionis
1577 1457 1806 1515 quaeque
1836 1456 1988 1495 com-

403 1549 674 1610 portasse,
713 1553 1140 1608 asservasseque
1174 1539 1230 1591 in
1264 1537 1497 1605 gratiam
1527 1542 1582 1591 et
1613 1550 1774 1591 usum
1800 1533 1989 1587 mundi

404 1630 740 1701 superstitis.
793 1631 924 1687 Inde
977 1638 1165 1701 postea
1217 1629 1465 1687 inferunt
1504 1643 1536 1681 a
1602 1625 1777 1697 magis
1823 1624 1992 1696 Egy-

402 1722 644 1792 ptiisque
682 1720 907 1777 Graecia:
939 1723 1157 1793 p0pu|is
1191 1719 1622 1777 communicata.
1647 1717 1781 1783 Quae
1807 1717 1991 1771 omnia

401 1812 653 1884 quamvis
700 1820 905 1868 temere
952 1812 1316 1875 aflirmentur,
1387 1810 1490 1864 hos
1555 1812 1757 1877 tamen:
1789 1814 1990 1861 aucto-

402 1918 494 1960 res
535 1903 731 1974 lepidis
772 1903 926 1958 hisce
971 1902 1191 1958 fabellis
1254 1899 1389 1954 illud
1451 1899 1702 1953 innuisse
1775 1905 1987 1953 certum

404 2001 493 2048 est
534 2011 548 2047 :
585 2008 616 2046 a
647 1991 976 2062 quibusdam
1023 1998 1077 2045 et
1125 1990 1327 2059 pietate
1388 1997 1443 2042 et
1489 1985 1799 2043 eruditione
1857 2000 1992 2039 con-

401 2084 614 2155 spicuis
657 2068 794 2137 viris
844 2088 965 2136 arte
1012 2081 1250 2151 quadam
1291 2079 1587 2133 multarum
1632 2076 1989 2133 scientiarum

402 2170 711 2242 methodos,
748 2176 1009 2240 rationes,
1042 2174 1305 2243 variaque
1355 2173 1728 2242 experimenta
1778 2170 1986 2227 futuris

402 2264 735 2330 hominibus,
766 2264 835 2318 ab
876 2263 1126 2319 eluvione
1159 2262 1254 2316 illa
1298 2276 1567 2331 aquarum
1605 2276 1986 2317 conservasse.

398 2355 539 2412 Illud
566 2356 620 2410 in
653 2356 741 2412 his
772 2355 1030 2411 omnibus
1070 2369 1256 2409 verum
1288 2362 1394 2415 est,
1424 2368 1615 2409 omnes
1640 2354 1987 2408 summitates

400 2448 689 2511 montium,
721 2452 783 2500 ut
822 2447 1020 2501 divina:
1063 2446 1289 2500 tradunt
1318 2446 1558 2508 Litterae,
1580 2453 1729 2500 certa
1751 2444 1986 2515 quadam

397 2545 665 2602 aquarmn
706 2545 963 2585 mensura
1014 2539 1303 2601 coopertas
1330 2572 1344 2595 ,
1391 2546 1489 2601 per
1523 2530 1577 2585 id
1613 2530 1848 2599 spatium
1878 2543 1988 2598 quo

396 2623 619 2677 duravit
654 2623 917 2677 diluvium
954 2623 1057 2677 sub
1086 2623 1243 2693 aquis
1274 2622 1525 2686 latuisse,
1549 2637 1650 2676 nec
1682 2621 1986 2677 audiendus

394 2715 714 2786 Cajetanus,
747 2717 839 2787 qui
860 2723 1017 2787 putat
1064 2715 1297 2771 vertices
1329 2716 1544 2785 aliquos
1570 2714 1840 2769 montium
1875 2729 1986 2767 non

398 2811 574 2865 fuisse
611 2818 833 2880 opertos
867 2808 1025 2878 aquis
1067 2807 1281 2868 diluvii.
1318 2823 1419 2863 nec
1454 2808 1558 2862 hoc
1597 2805 1875 2861 adversari
1904 2804 1988 2860 di-

397 2903 542 2956 vinae
574 2899 906 2970 Scriptum;
931 2899 1208 2969 quomodo
1235 2899 1287 2953 id
1311 2898 1549 2969 potuerit
1576 2915 1699 2955 esse
1727 2900 1981 2969 explicat,

394 3000 455 3046 it
514 3000 640 3047 ante
688 2989 1008 3061 Cajetanum
1060 2990 1309 3044 nonnulli
1367 2990 1419 3044 id
1482 2988 1831 3044 afﬁrmarunt
1883 3004 1982 3045 eos

396 3092 637 3145 montes,
686 3097 918 3152 quorum
973 3081 1208 3135 altitudo
1241 3078 1475 3135 'excedit
1527 3082 1706 3136 locum
1754 3097 1986 3153 genera-

395 3173 567 3229 tionis
618 3173 875 3228 imbrium
915 3172 1030 3228 sive
1066 3172 1298 3227 mediam
1336 3174 1614 3242 regionem
1671 3174 1839 3239 aeris,
1872 3189 1981 3228 non
2012 3211 2056 3267 α

396 3264 574 3322 fuisse
605 3271 846 3333 opertos,
874 3277 999 3316 cum
1053 3262 1316 3316 diluvium
1372 3253 1691 3332 generatum
1723 3280 1755 3317 a
1786 3265 1987 3334 pluviis

396 3370 513 3410 non
557 3354 795 3423 potuerit
824 3355 1130 3407 increscere
1165 3367 1333 3421 supra
1365 3353 1547 3406 locum
1595 3354 1689 3407 ubi
1720 3370 1988 3423 generan-

396 3456 494 3499 tur
518 3443 736 3515 pluviaa.
768 3443 920 3496 lianc
944 3443 1257 3512 opinionem
1282 3441 1624 3511 Augustinus
1657 3458 1988 3498 commemo-

397 3542 508 3600 rat,
533 3543 587 3588 et
625 3532 847 3596 refellit,
884 3531 922 3586 1.
953 3548 1022 3585 xv
1053 3530 1129 3584 De
1158 3531 1369 3584 civitate
1404 3531 1525 3594 Dei,
1548 3547 1668 3601 cap.
1701 3532 1769 3585 27
1799 3552 1810 3586 :
1852 3532 1984 3601 Opi-

396 3635 602 3681 nantur
633 3625 849 3695 quidam
870 3662 885 3687 ,
917 3632 1028 3676 tam
1063 3640 1311 3693 magnum
1342 3625 1456 3693 ﬁeri
1491 3642 1595 3678 non
1648 3627 1881 3694 potuisse
1907 3626 1990 3680 di-

398 3717 622 3780 luvium,
651 3728 711 3770 ut
745 3716 1036 3771 altissimos
1072 3726 1272 3770 montes
1297 3717 1592 3787 quindecim
1621 3719 1812 3773 cubitis
1850 3737 1990 3790 aqua

397 3808 680 3867 crescendo
736 3810 1144 3872 transcenderet,
1195 3819 1408 3879 propter
1475 3810 1687 3881 Olympi
1744 3814 1989 3867 verticem

399 3903 623 3967 montis,
653 3918 815 3971 supra
868 3918 1020 3973 quem
1084 3902 1418 3970 perhibentur
1471 3904 1633 3958 nubes
1683 3922 1786 3959 non
1831 3922 1986 3975 posse

397 3995 780 4059 conscendere;
808 4005 991 4050 utnon
1017 3995 1089 4048 ibi
1117 3996 1186 4048 sit
1216 4012 1308 4049 aer
1332 3996 1431 4050 iste
1452 3998 1687 4050 crassior
1720 4000 1809 4052 ubi
1830 4002 1987 4066 venti,

398 4089 936 4162 nebulaz,imbresque
963 4091 1275 4161 gignuntur,
1311 4106 1402 4144 nec
1436 4093 1735 4159 attendunt,
1758 4095 1990 4148 omnium

393 4185 779 4237 elementorum
806 4184 1198 4237 crassissimum
1245 4192 1443 4237 terram
1480 4185 1555 4238 ibi
1595 4202 1707 4240 esse
1734 4189 1986 4256 potuisse.

394 4282 481 4334 An
518 4279 654 4349 forte
701 4287 883 4349 negent
909 4295 1020 4333 esse
1050 4279 1187 4331 hanc
1218 4288 1415 4334 terram
1463 4282 1705 4335 rerticem
1758 4283 1988 4339 montis?

392 4372 508 4427 Cur
565 4372 728 4442 igitur
783 4388 945 4436 usque
987 4371 1055 4424 ad
1085 4370 1181 4424 illa
1214 4372 1330 4425 cwli
1361 4375 1534 4441 spatia
1559 4376 1718 4428 terris
1756 4376 1990 4430 exaltari

394 4467 634 4537 licuisse,
685 4473 735 4518 et
786 4466 937 4525 aquis
967 4464 1201 4518 exaltari
1234 4482 1338 4518 non
1379 4466 1594 4521 licuisse
1632 4468 1983 4533 contendunt,

2088 623 2253 685 atque
2290 616 2370 670 ira
2397 617 2483 671 leo
2505 617 2734 682 exarsit,
2764 625 2818 670 et
2848 617 3073 686 spiravit
3105 616 3472 684 vehementer,
3509 626 3571 672 ut
3604 632 3676 674 ex

2085 709 2205 777 ejus
2243 725 2378 764 naso
2411 717 2569 765 catus
2603 709 2867 780 prodierit
2895 711 3126 764 soricem
3155 710 3453 766 devorans!
3483 711 3528 765 Ο
3560 711 3676 766 Ma-

2087 800 2437 855 humetanam
2471 801 2832 872 elegantiam!
2861 815 2895 853 o
2920 803 3134 855 arcam!
3161 816 3195 855 o
3247 816 3449 857 numen
3485 801 3675 856 Hahn.

2087 892 2248 946 metis
2304 895 2671 947 stercoreum!
2705 908 2737 946 ο
2769 893 3181 963 percussionem
3213 893 3390 949 leonis
3428 901 3540 947 tam
3563 893 3675 948 uti-

2088 983 2229 1036 lem!
2264 998 2298 1037 o
2326 990 2510 1038 catum
2543 984 2612 1039 de
2655 985 2896 1039 humano
2917 1000 3117 1055 genere
3149 984 3289 1040 bene
3321 986 3610 1039 meritum!
3639 1001 3675 1040 o

2086 1088 2323 1143 nequam
2380 1075 2639 1140 soricem,
2687 1075 3009 1158 nequiorem
3050 1074 3678 1146 elephantum,nequis~

2089 1168 2287 1222 simum
2321 1168 2413 1239 qui
2453 1169 2569 1224 haec
2624 1170 2802 1238 audit,
2830 1178 2886 1226 et
2935 1170 3135 1237 credit,
3189 1185 3293 1226 nec
3349 1180 3678 1240 aspernatur

2089 1260 2201 1325 liri,
2243 1260 2332 1314 liri

2158 1401 2276 1457 Col.
2329 1401 2452 1464 755,
2505 1401 2604 1457 lin.
2655 1401 2704 1457 l.
2753 1403 2860 1469 Εἰς
2887 1400 3078 1471 ἄκραν
3110 1403 3244 1458 τινὰ
3278 1404 3477 1476 ὄρους.
3520 1405 3678 1464 Mons

2090 1510 2256 1565 super
2283 1509 2445 1564 quem
2483 1494 2688 1551 resedit
2718 1509 2868 1560 arca,
2909 1497 3062 1551 varie
3092 1496 3163 1551 ab
3192 1500 3515 1556 auctoribus
3558 1508 3675 1555 tra-

2089 1586 2540 1642 diturzBerosus
2588 1586 2876 1642 Chaldaeus
2907 1588 3051 1657 apud
3094 1586 3417 1658 Joseplmm,
3492 1590 3672 1662 Antig.

2090 1678 2189 1733 lib.
2236 1694 2276 1742 ι,
2352 1678 2591 1748 appellat
2642 1687 2883 1733 montem
2948 1678 3370 1749 Gordyaeorum;
3418 1677 3678 1736 Nicolaus

2092 1770 2466 1827 Damascenus
2520 1771 2769 1825 nominat
2816 1770 3223 1826 Barini.Verba
3249 1771 3470 1842 Josephi
3513 1786 3677 1845 supe-

2021 1871 2061 1926 B
2090 1862 2206 1917 rius
2230 1862 2646 1932 exscripsimus.
2677 1870 2733 1918 et
2763 1878 2828 1918 ex
2858 1877 2924 1917 eo
2962 1862 3205 1920 Zonaras
3233 1864 3431 1918 Annal.
3463 1871 3595 1919 tom.
3629 1865 3674 1922 Ι.

2091 1955 2202 2011 Cur
2250 1963 2432 2009 autem
2471 1955 2797 2009 Ambrosius
2848 1969 2974 2009 eum
3030 1955 3383 2025 appellaverit
3437 1966 3673 2012 montem

2092 2046 2375 2113 Quadrati,
2408 2045 2663 2102 Pererius
2699 2047 2846 2101 nulla
2876 2047 3191 2117 conjectura
3251 2048 3336 2104 vel
3362 2050 3677 2120 suspicione

2091 2156 2151 2196 se
2189 2155 2348 2210 posse
2379 2140 2645 2210 attingere
2679 2140 2875 2194 scribit
2904 2139 3000 2194 lib.
3034 2156 3133 2194 xm
3180 2141 3235 2194 in
3262 2139 3446 2196 Cenes.
3470 2142 3676 2198 Textus

2090 2241 2272 2288 tamen
2317 2230 2619 2302 Scripturae
2678 2229 2922 2297 Graecus,
2976 2239 3030 2287 et
3086 2231 3348 2289 Hebraeus
3404 2235 3677 2305 expressit

2088 2324 2306 2388 Ararat,
2339 2327 2485 2395 quod
2521 2322 2582 2378 D.
2614 2322 2984 2396 Hieronymus
3023 2325 3099 2377 ait
3154 2324 3469 2380 Armeniam
3503 2340 3625 2382 esse
3655 2344 3672 2381 :

2092 2423 2224 2471 sunt
2259 2423 2478 2470 montes
2502 2414 2797 2481 Armeniae,
2817 2422 2869 2470 et
2890 2431 3019 2485 pars
3038 2414 3227 2481 Tauri,
3249 2417 3341 2487 qui
3363 2416 3515 2470 varia
3538 2416 3674 2471 locis

2088 2505 2322 2561 diversis
2349 2505 2574 2559 nomina
2602 2504 2837 2574 accepit.
2867 2503 3206 2575 Epiphanius
3237 2506 3290 2559 in
3314 2504 3552 2560 Panario
3574 2507 3674 2562 has

2088 2612 2281 2653 omnes
2312 2597 2598 2653 nominum
2633 2597 2984 2654 diversitates
3018 2598 3522 2666 conciliat,dicens,
3549 2607 3675 2674 post

2088 2691 2348 2747 diluvium
2376 2691 2912 2762 requievisseLarcam
2945 2690 3059 2746 Noe
3092 2690 3145 2745 in
3168 2691 3446 2748 montibus
3473 2694 3671 2750 Ararat

2089 2782 2234 2854 (esse
2282 2782 2685 2855 Septuaginta),
2737 2783 2934 2839 mediis
2983 2787 3128 2839 inter
3174 2784 3560 2839 Armeniorum
3618 2793 3675 2840 et

2087 2876 2470 2946 Cardyaeorum
2523 2874 2657 2930 lines
2703 2874 2849 2946 (esse
2890 2874 3177 2947 Vulgatam
3223 2877 3569 2944 versionem,
3620 2884 3677 2934 et

2085 2967 2323 3024 Chaldaei
2344 2966 2749 3039 paraphrasin),
2767 2968 2820 3021 in
2838 2975 3023 3022 monte
3038 2967 3219 3023 Lubar
3235 2969 3523 3040 appellato,
3545 2984 3678 3026 ecce

2085 3062 2231 3132 quod
2271 3061 2645 3116 Damascenus
2678 3061 2940 3130 prodidit,
2974 3062 3033 3115 ὲν
3056 3064 3166 3126 τοῖς
3197 3061 3349 3133 ὄρεσι
3381 3065 3495 3127 τοῖς
3521 3064 3678 3135 Ἀρα-

2090 3152 2189 3224 ρὰτ
2241 3152 2514 3224 ἀναμέσον
2556 3153 2860 3223 Ἀρμενίων
2920 3154 3016 3206 καὶ¹
3057 3154 3416 3224 Καρδυαίων,
3479 3157 3536 3208 ἐν
3594 3154 3677 3224 τῷ

2090 3245 2309 3317 Λουϐὰρ
2337 3246 2453 3318 ὄρει
2480 3245 2817 3316 καλουμένῳ.
2845 3244 3146 3314 Procopius
3181 3265 3195 3300 :
3229 3246 3430 3299 Ararat
3470 3246 3673 3300 medius

2088 3336 2225 3390 inter
2259 3335 2585 3398 Armeniam,
2608 3343 2659 3386 et
2689 3331 2971 3385 Parthian:
2999 3334 3233 3386 excurrit
3275 3350 3452 3387 versus
3483 3334 3676 3387 Adra—

2091 3426 2338 3480 benorum
2370 3426 2650 3495 regionem.
2686 3422 2952 3494 Sibyllina
2976 3424 3197 3477 oracula
3232 3425 3328 3479 lib.
3367 3440 3418 3488 ι,
3447 3439 3546 3494 pro
3569 3425 3674 3478 Ar-

2089 3519 2268 3573 menia
2299 3517 2589 3589 Phrygiam
2640 3515 2944 3587 obtrudunt
2977 3532 2992 3582 ;
3023 3515 3220 3569 falsum
3275 3516 3437 3585 plane
3462 3555 3477 3580 ,
3511 3522 3571 3569 ut
3618 3524 3675 3571 et

2090 3610 2220 3664 illud
2261 3610 2405 3679 quod
2452 3610 2636 3664 subdit
2681 3608 2877 3663 eadem
2918 3607 3159 3681 Sibylla,
3215 3623 3274 3665 se
3321 3623 3443 3663 cum
3475 3609 3675 3664 marito

2091 3716 2192 3757 suo
2226 3701 2282 3754 in
2313 3714 2441 3754 arca
2474 3699 2742 3754 inclusam
2774 3698 2962 3754 fuisse.

2157 3833 2332 3898 lbid.,
2378 3834 2475 3888 lin.
2516 3832 2565 3887 5.
2606 3833 2712 3887 Kal
2753 3831 2827 3886 τὰ
2870 3833 3154 3901 λείψανα.
3207 3832 3542 3904 Theophilus
3604 3811 3675 3888 ad

2089 3926 2427 3994 Autolycum,
2471 3925 2564 3981 lib.
2600 3940 2659 3978 tu
2695 3943 2708 3978 :
2742 3920 2850 3987 ’Ἦς
2882 3924 3115 3978 κιϐωτοῦ
3148 3925 3217 3978 τὰ
3250 3924 3478 3995 λείψανα
3510 3924 3676 3998 μέχρι

2088 4019 2190 4089 τῆς
2216 4019 2374 4089 δεῦρο
2396 4016 2668 4069 δείκνυται
2695 4012 2833 4068 εἶναι
2856 4018 2914 4069 ὲν
2941 4017 3345 4088 τοῖςἈραϐιοις
3364 4017 3535 4088 ὄρεσι.
3565 4016 3675 4072 Zo-

2089 4125 2274 4172 naras,
2296 4108 2415 4163 loco
2446 4108 2501 4163 d.
2525 4127 2538 4162 τ
2575 4107 2972 4177 Ἀποϐατὴριον
2996 4107 3053 4159 δὲ
3081 4107 3173 4161 τὸν
3202 4107 3365 4160 τόπον
3394 4106 3676 4162 καλεῖσθαι

2089 4203 2199 4262 τοῖς
2232 4200 2538 4270 Ἀρμενίοις
2581 4201 2746 4269 φησὶν
2777 4197 3038 4268 Ἰώσηπος
3075 4198 3167 4249 καὶ
3206 4195 3434 4267 λείψανα
3459 4197 3674 4253 δείκνυ⁴

2092 4293 2216 4346 σΟαι
2255 4296 2353 4362 τῆς
2400 4293 2669 4365 λάρνακος
2723 4293 2857 4343 ἐκεῖ.
2905 4289 2971 4343 Ει
3016 4288 3290 4359 Iosephus
3334 4304 3400 4344 ex
3450 4288 3676 4345 Nicolao

2094 4384 2431 4438 Damasceuo
2463 4402 2477 4438 :
2512 4386 2623 4437 Καὶ
2667 4382 2932 4447 Νικόλαος
2961 4382 3017 4436 δὲ
3066 4385 3095 4435 ὁ
3136 4382 3492 4453 Δαμασκηνὸς
3519 4384 3577 4436 ὲν
3604 4386 3672 4455 τῇ

2092 4476 2417 4544 ἐνενηκοστῇ
2449 4475 2544 4527 καὶ
2577 4472 2713 4545 ἕκτῃ
2755 4473 2920 4543 βίϐλῳ
2966 4474 3168 4543 ἱστορεῖ
3215 4472 3345 4545 περὶ
3378 4472 3556 4526 αὐτῶν
3588 4472 3676 4527 λέ-

391 4574 516 4615 cum
563 4558 655 4613 isti
715 4574 983 4612 mensores
1038 4565 1089 4611 et
1136 4574 1383 4625 pensorcs
1420 4560 1790 4614 elementorum
1829 4578 1987 4631 aquas

2099 4583 2210 4634 γων
2256 4564 2461 4628 οὕτως·
2509 4566 2694 4619 Ἔστιν
2741 4564 2883 4635 ὑπὲρ
2921 4567 3020 4635 τὴν
3061 4564 3311 4618 Μινυάδα
3366 4565 3505 4636 μέγα
3550 4565 3675 4636 ὅρος

393 4653 555 4707 terris
592 4649 905 4719 per/tibeant
955 4653 1270 4717 superiores,
1316 4659 1472 4722 atque
1535 4654 1793 4710 let-iores?
1846 4655 1988 4721 Quid

392 4747 574 4815 itaque
625 4743 851 4795 rationis
904 4743 1154 4812 aﬂ'crunt,
1188 4758 1351 4813 quare
1392 4754 1533 4797 terra
1559 4748 1795 4814 gravior,
1833 4755 1881 4800 et
1910 4748 1994 4799 in-

390 4837 755 4907 feriorlacum
800 4837 915 4890 cali
986 4836 1371 4905 tranquilliuris
1429 4838 1682 4891 invaserit
1712 4855 1806 4907 per
1846 4839 1993 4892 volu-

395 4933 543 4985 mina
591 4938 664 4983 tat
700 4946 983 4993 annorum,
1026 4937 1075 4982 et
1123 4945 1265 4998 aqua
1317 4929 1480 4982 levior
1508 4948 1570 4983 ac
1598 4933 1837 4999 superior
1886 4949 1991 4986 non

393 5022 671 5091 permissa
692 5022 760 5076 sit
801 5021 895 5074 hoc
932 5021 1106 5091 facere
1137 5022 1327 5075 saltem
1369 5023 1439 5076 ad
1471 5036 1673 5092 tempus
1702 5026 1991 5096 exiguum?

399 5111 641 5166 Tandem
689 5111 929 5166 ridenda:
984 5120 1113 5166 sunt
1154 5128 1313 5182 nugae
1358 5113 1786 5176 Mahnmetanaa,
1866 5132 1989 5186 quae

403 5218 510 5256 non
545 5204 758 5267 dicunt,
785 5203 880 5259 sed
913 5203 1229 5267 insaniunt,
1264 5220 1446 5258 arcam
1472 5210 1830 5263 excrementis
1862 5224 1988 5277 gra-

401 5301 579 5345 vatam
614 5297 856 5364 periculo
886 5295 1187 5364 proximam
1227 5295 1430 5361 fuisse;
1469 5306 1799 5368 quapropter
1848 5298 1982 5367 Noe,

400 5398 527 5437 cum
569 5385 638 5439 ad
680 5385 848 5440 Deum
896 5384 1256 5455 confugisset,
1302 5402 1630 5457 responsum
1665 5392 1894 5460 accepit,
1926 5399 1984 5445 ut

360 5482 371 5493 '
403 5484 623 5529 curaret
650 5477 1001 5546 elephantum
1028 5477 1082 5530 in
1106 5477 1311 5532 cloacis
1337 5474 1617 5531 hominum
1642 5496 1862 5561 egerere
1883 5497 1981 5535 sua

404 5579 667 5622 stercora.
723 5566 803 5622 Ex
870 5570 1072 5639 quibus
1139 5584 1235 5624 sus
1291 5570 1619 5639 pergrandis
1692 5582 1981 5641 generatus

403 5658 683 5714 immunda
725 5658 817 5713 illa
862 5660 1161 5722 devoravit,
1197 5678 1262 5716 ex
1292 5663 1408 5717 suis
1435 5662 1608 5717 fetore
1657 5673 1980 5732 procreatus

410 5765 568 5805 sorex
601 5767 784 5806 arcam
816 5756 1038 5818 δτι·οείι,
1075 5772 1138 5811 ac
1168 5755 1485 5829 perforavit,
1516 5756 1589 5809 ita
1625 5764 1683 5811 ut
1711 5772 1851 5828 aqua
1881 5759 1980 5812 in—

408 5841 733 5912 grederetur.
785 5841 899 5913 Noe
949 5847 1142 5919 majori
1179 5849 1421 5921 periculo
1452 5864 1481 5903 a
1521 5846 1630 5906 Deo
1666 5857 1733 5925 ut.
1761 5853 1974 5910 leonem

2096 4658 2237 4711 κατᾶ
2270 4658 2367 4729 τὴν
2400 4657 2692 4729 Ἀρμενίαν
2725 4656 2894 4729 Βάρις
2926 4657 3236 4727 λεγόμενον,
3271 4659 3352 4721 εἰς
3388 4657 3417 4710 ὃ
3449 4656 3675 4723 πολλοὺς

2098 4750 2482 4820 συμφυγόντας
2515 4751 2608 4803 ἐπὶ
2648 4748 2742 4803 τοῦ
2779 4749 3163 4820 κατακλυσμοῦ
3191 4749 3347 4818 λόγος
3377 4748 3491 4819 ἔχει
3521 4765 3676 4820 περι-

2096 4842 2354 4910 σωθῆναι,
2386 4842 2479 4896 καί
2507 4858 2630 4895 τινα
2677 4840 2770 4894 ἐπὶ
2810 4840 3077 4913 λάρνακος
3111 4840 3406 4913 ὀχούμενον
3447 4840 3539 4892 ἐπὶ
3575 4839 3677 4911 τὴν

2092 4937 2405 5007 ἀκρώρειαν
2456 4938 2698 4999 ὀκεῖλαι,
2732 4938 2826 4990 καὶ
2869 4938 2938 4990 τὰ
2979 4938 3208 5007 λείψανα
3230 4938 3339 4991 τῶν
3382 4935 3553 5003 ξύλων
3580 4939 3676 4992 ἐπὶ

2091 5030 2225 5082 πολὺ
2260 5030 2518 5099 σωθῆναι.
2557 5029 2772 5083 Γένοιτο
2800 5031 2846 5084 δ’
2879 5030 2944 5083 ἂν
2973 5026 3126 5094 οὗτος
3161 5031 3343 5084 ὅντινα
3385 5030 3480 5084 καὶ
3506 5031 3673 5096 Μῳῦ-

2091 5121 2190 5191 σῆς
2219 5120 2525 5190 ἀνέγραψεν
2555 5123 2584 5173 ὁ
2614 5121 2724 5174 τῶν
2751 5122 3022 5176 Ἰουδαίων
3051 5120 3368 5193 νομοθέτης.
3413 5118 3674 5176 Nicolaus

2092 5213 2379 5275 Salconus,
2408 5214 2503 5267 lib.
2528 5212 2734 5268 Hister.
2760 5222 2899 5281 part.
2931 5214 3163 5268 Orientis
3192 5229 3255 5269 ex
3285 5228 3380 5267 ore
3396 5210 3672 5284 llaythoni

2087 5306 2299 5361 ordinis
2350 5305 2894 5362 Prmmonstratensis
2932 5306 3039 5361 :ln
3080 5306 3331 5361 Armenia
3386 5315 3466 5360 est
3508 5304 3674 5359 altior

2086 5415 2270 5461 mons,
2302 5399 2393 5468 qui
2440 5400 2511 5452 sit
2555 5399 2610 5451 in
2659 5407 2767 5452 toto
2816 5397 2941 5452 orbe
2990 5407 3274 5460 terrarum,
3304 5396 3395 5467 qui
3429 5395 3669 5449 Araratlt

2084 5490 2235 5559 ruigo
2269 5500 2603 5559 nuncupatur
2621 5530 2636 5551 ,
2663 5499 2712 5544 et
2758 5490 2810 5543 in
2838 5490 3109 5543 cacumine
3139 5488 3288 5543 illius
3317 5488 3509 5541 montis
3537 5502 3667 5540 area

2087 5578 2139 5633 Ν
2144 5597 2203 5634 oe
2249 5590 2367 5649 post
2404 5581 2662 5637 diluvium
2685 5583 2857 5650 primo
2873 5581 3026 5644 sedit,
3046 5591 3096 5637 et
3126 5582 3244 5636 licet
3259 5590 3472 5651 propter
3495 5580 3667 5634 abun-

2081 5670 2325 5724 dantiam
2356 5673 2575 5737 nivium,
2607 5691 2724 5744 qua:
2756 5690 2957 5743 semper
2984 5675 3038 5727 in
3073 5673 3167 5727 illo
3197 5681 3370 5727 monte
3391 5673 3664 5742 reperiun-

2082 5769 2199 5821 tur,
2235 5770 2343 5813 tam
2374 5760 2539 5817 hieme
2580 5780 2738 5833 quant
2790 5774 3006 5831 a'state,
3041 5781 3192 5818 nemo
3214 5764 3351 5818 valet
3381 5763 3661 5818 ascendere

2080 5862 2306 5909 montem
2340 5855 2528 5925 illum,
2569 5874 2771 5931 semper
2819 5869 2990 5914 tamen
3032 5870 3251 5931 apparet
3291 5859 3344 5914 in
3397 5857 3514 5929 ejus
3561 5872 3657 5911 ca-
