4124 6460
416 400 519 456 991

1802 399 2047 459 LEONIS
2098 399 2374 459 ALLATII

3584 403 3689 462 993

415 517 630 572 cumine
654 516 921 588 quoddam
955 519 1193 589 nigrant,
1219 521 1357 588 quod
1386 519 1451 572 ab
1478 519 1775 574 hominibus
1807 519 2003 573 dicitur
2031 520 2079 575 A
2107 517 2368 573 tilicatum
2414 518 2614 586 Salem,
2655 535 2776 589 qua:
2813 517 3207 575 Melchisedech
3258 520 3685 579 administravit.

430 623 547 661 €886
566 622 717 661 arca.

479 699 600 755 Col.
623 699 749 764 755,
770 699 868 755 lin.
896 700 950 756 6.
972 697 1082 753 Kal
1107 696 1182 767 τῇ
1196 697 1506 766 ἀσφάλτῳ.
1526 697 1776 760 Albinus,
1799 696 2006 763 Quaest.

418 794 477 847 in
509 792 698 848 Cenes.
727 793 794 849 de
810 800 1005 847 natura
1022 777 1304 846 bituminis
1325 809 1337 843 :
1358 790 1603 845 Bitumen
1617 799 1694 844 est
1722 790 2011 858 ferventis-

422 887 620 941 simum
644 893 693 939 et
727 883 1159 943 uiolentissimum
1181 881 1382 953 gluten,
1402 881 1555 951 cujus
1574 892 1653 937 est
1678 881 1790 936 huc
1818 882 2005 945 virtus,

354 988 358 992 '
423 985 486 1031 ut
514 975 661 1047 ligna
684 992 744 1030 eo
776 975 968 1038 oblita,
1002 990 1095 1028 nec
1126 974 1387 1028 vermibus
1420 973 1570 1028 exedi
1589 1014 1604 1038 ,
1634 990 1725 1028 nec
1750 974 1878 1028 solis
1903 989 2011 1026 ar—

418 1069 582 1131 dore,
632 1082 724 1120 nec
762 1064 983 1135 ﬂatibus
1035 1075 1341 1133 ventorum,
1380 1082 1471 1119 nec
1503 1082 1764 1136 aquarum
1804 1065 2009 1135 possint

418 1161 766 1217 inundatione
797 1160 1037 1215 dissolvi.
1072 1159 1344 1230 Josephus
1378 1159 1562 1230 Antig.
1596 1160 1693 1216 lib.
1730 1174 1770 1222 ι,
1806 1173 1927 1229 cap.
1951 1158 2005 1222 4,

417 1254 487 1306 de
515 1265 657 1306 arcae
684 1249 952 1304 bitumine
982 1266 1049 1305 ex
1084 1249 1288 1306 Beroso
1317 1249 1604 1304 Chaldaeo:
1629 1248 1735 1301 Τοῦ
1756 1248 1814 1301 δὲ
1846 1265 2011 1301 κατα-

417 1340 660 1411 κλυσμοῦ
695 1340 884 1393 τούτου
909 1342 1002 1393 καὶ
1044 1341 1145 1411 τῆς
1173 1340 1443 1411 λάρνακος
1471 1342 1774 1412 μέμνηνται
1800 1341 2005 1404 πάντες

412 1434 463 1485 οἱ
498 1431 597 1496 τὰς
627 1432 970 1505 βαρὸαρικὶς
1010 1432 1248 1503 ἱστορίας
1292 1432 1735 1504 ἀναγράφοντες,
1774 1426 1848 1487 ὧν
1887 1435 2006 1486 ἐστι

415 1525 511 1578 καὶ
540 1526 836 1597 Βηρωσσὸς
869 1528 897 1580 ὁ
926 1526 1213 1588 Χαλδαῖος.
1248 1525 1617 1596 Διηγούμενος
1646 1525 1754 1599 γὰρ
1782 1526 1850 1580 τὰ
1878 1528 2008 1598 περὶ

412 1617 505 1670 τὸν
532 1618 916 1690 κατακλυσμὸν
946 1617 1090 1671 οὕτω
1123 1635 1240 1681 πως
1286 1617 1525 1682 διέξεισι·
1560 1618 1793 1687 Λέγεται
1821 1619 1878 1673 δὲ
1912 1621 2007 1673 καὶ

410 1707 509 1762 τοῦ
545 1709 729 1763 πλοίου
762 1712 819 1764 ἐν
847 1713 911 1782 τῇ
940 1709 1208 1782 Ἀρμενίᾳ
1240 1710 1376 1782 πρὸς
1400 1712 1478 1782 τῷ
1504 1711 1621 1783 ὄρει
1648 1711 1757 1766 τῶν
1789 1713 2005 1784 Καρδυ-

412 1802 549 1857 αίων
592 1803 672 1856 ἔτι
718 1803 884 1876 μέρος
956 1820 1008 1856 τι
1047 1798 1226 1866 εἶναι,
1275 1804 1370 1857 καὶ
1423 1805 1671 1875 κομίζειν
1718 1804 1869 1868 τινὰς
1905 1806 2005 1877 τῆς

2178 607 2339 674 lbid.,
2370 609 2466 663 lin.
2497 610 2586 664 22.
2622 608 2858 677 Νεϐρὼθ
2888 611 3125 665 ἔπειθεν
3152 614 3208 665 ὀ.
3242 609 3513 682 Josephus
3538 652 3554 674 ,
3589 613 3687 683 lib.

2110 716 2126 754 ι
2164 700 2450 770 Αιιιὶιιιιὶι.,
2477 716 2600 771 cap.
2633 701 2666 755 5
2699 721 2713 756 :
2745 702 2941 774 Ἐξῆρέ
2965 702 3023 756 δὲ
3052 703 3249 766 αὐτοὺς
3274 702 3413 774 πρός
3434 719 3493 756 τε
3530 702 3688 778 ὕϐριν

2107 793 2202 846 τοῦ
2234 792 2392 855 θεοῦ,
2432 794 2527 847 καὶ
2563 795 2967 866 καταφρόνησιν
3004 793 3333 866 Νεϐρώδης,
3377 795 3456 859 ὠς
3492 796 3690 863 υἱωνὸς

2111 885 2211 955 μὲν
2250 884 2327 937 ὢν
2370 885 2563 957 Χάμου
2608 884 2701 939 τοῦ
2741 886 2968 959 Νώχου’
3009 886 3282 959 τολμηρὸς
3317 888 3377 943 δὲ
3411 890 3506 942 καὶ
3548 889 3690 959 κατά

2107 981 2267 1049 χεῖρα
2294 955 2560 1046 γενναίος,
2586 976 2800 1032 ἔπειθεν
2825 955 3023 1043 αὖτοὺς
3048 955 3124 1051 μή
3245 980 3363 1052 Θεῷ
3396 980 3594 1036 διδόναι
3626 955 3697 1039 τέ

2106 1068 2174 1122 δι’
2199 1069 2405 1122 ἐκεῖνον
2425 1068 2783 1141 εὐδαιμονεῖν,
2817 1069 2952 1124 ἀλλά
2976 1071 3077 1142 τὴν
3111 1071 3248 1125 ίδίαν
3277 1072 3477 1145 ἀρετὴν
3514 1073 3692 1129 ταῦτα·

2108 1160 2369 1231 παρέχειν
2395 1161 2580 1224 αὐτοῖς
2594 1160 2866 1231 ἡγεῖσθαι.
2888 1162 3153 1232 Περίιστα
3176 1162 3234 1216 δὲ
3258 1164 3378 1217 κατ’
3403 1163 3582 1232 ὀλίγον
3608 1166 3683 1229 εί,

2107 1249 2396 1321 τυραννίδα
2421 1250 2491 1305 τὰ
2519 1251 2842 1323 πράγματα,
2880 1251 3057 1322 μόνως
3084 1251 3228 1306 οὕτω
3282 1254 3519 1324 νομίζων
3552 1256 3681 1309 ἀπο-

2110 1344 2326 1412 στήσειν
2354 1344 2482 1407 τοὺς
2507 1343 2828 1416 ἀνθρώπους
2858 1346 3010 1417 παρά
3037 1345 3131 1399 τοῦ
3155 1345 3313 1410 Θεοῦ,
3339 1348 3388 1400 εί
3415 1347 3687 1418 χρώμενοι

2105 1435 2171 1504 τῇ
2198 1432 2361 1486 αὑτοῦ
2391 1434 2615 1505 δυνάμει
2645 1435 2954 1490 διατελείεν.
2975 1436 3323 1507 Ἀμυνεῖσθαί
3350 1455 3411 1491 τε
3435 1438 3528 1492 τὸν
3555 1439 3686 1494 Θεὸν

2108 1522 2269 1576 πάλιν
2327 1523 2541 1593 ἠπείλει
2591 1523 2692 1596 τὴν
2752 1526 2855 1597 γῆν
2910 1527 3307 1582 ὲπικλύσασθαι
3359 1528 3681 1600 θελήσαντα·

2113 1613 2319 1691 πύργον
2359 1617 2467 1687 γὰρ
2509 1617 2883 1690 οἰκοδομήσειν
2927 1618 3291 1690 ὑψηλότερον,
3338 1619 3373 1691 ἢ
3428 1622 3489 1675 τὸ
3543 1621 3705 1695 ὕδωρ,

2105 1705 2371 1778 ἀναϐῆναι
2416 1706 2707 1779 δυνηθείη⁸
2756 1708 3177 1779 μετελεύσεσθαι
3215 1710 3274 1765 δὲ
3334 1713 3550 1784 καὶτῆς
3575 1714 3685 1768 τῶν

2108 1798 2388 1868 προγόνων
2411 1797 2705 1862 ἀπωλείας.
2740 1798 2858 1854 Νοιι
2900 1802 3186 1856 dissimilia
3219 1811 3406 1858 narrat
3435 1803 3590 1875 Hugo
3618 1807 3686 1862 de

411 1891 688 1962 ἀσφάλτου
719 1870 1118 1963 ἀφαιροῦντας.
1154 1892 1411 1964 Χρῶνται
1463 1870 1521 1947 δὲ
1563 1895 1797 1965 μάλιστα
1836 1897 1885 1949 οἱ
1922 1870 2006 1949 ἄν·

2113 1885 2317 1942 Sancto
2365 1888 2584 1945 Victore
2631 1891 2828 1946 Annot.
2878 1893 2931 1946 in
2966 1891 3152 1948 Cenes.
3198 1903 3255 1950 et
3299 1870 3682 1969 Hieronyinus,

413 1988 621 2060 θρωποι
698 1986 777 2057 τῷ
843 1987 1191 2058 κομιζομένῳ
1258 1988 1399 2059 πρὸς
1456 1988 1587 2050 τοὺς
1652 1990 2004 2059 ἀποτροπια-

412 2078 605 2151 σμούς.
620 2075 717 2132 llis
728 2092 793 2132 ex
811 2076 1049 2148 Josepho
1065 2079 1250 2135 subdit
1272 2081 1534 2134 nonnulla
1555 2095 1621 2134 ex
1638 2079 1886 2135 Abideno
1906 2081 2005 2134 Eu-

416 2170 535 2227 scb.
559 2169 637 2224 De
662 2185 892 2238 prcepar.
928 2187 1112 2241 evang.
1135 2211 1150 2233 ,
1180 2171 1274 2227 lib.
1305 2188 1381 2235 lx,
1419 2171 1563 2227 inter
1590 2180 1820 2226 caetera:
1844 2173 1917 2225 Τὸ
1944 2173 2002 2226 δὲ

409 2262 592 2317 πλοῖον
627 2262 686 2315 ἐν
727 2262 991 2333 Ἀρμενίῃ
1040 2263 1321 2335 περίαπτα
1364 2263 1536 2330 ξύλων
1581 2262 2003 2336 ἀλεξιφάρμακα

406 2354 578 2406 τοῖσιν
612 2353 954 2425 ὲπιχωρίοισι
990 2354 1305 2426 παρείχετο.
1337 2354 1404 2407 Et
1438 2353 1826 2410 Chronicorum
1859 2365 1999 2426 part.

408 2460 449 2502 ι,
480 2457 547 2498 ex
585 2440 899 2497 Alexandro
932 2442 1280 2514 Polyhistore
1317 2463 1331 2500 :
1364 2444 1470 2498 Τοῦ
1509 2446 1566 2499 δὲ
1594 2445 1781 2499 πλοίου
1812 2446 2002 2499 τούτου

408 2537 831 2603 κατακλιθέντος
860 2539 917 2590 ἐν
944 2540 1009 2609 τῇ
1038 2538 1307 2611 ’Λρμενίᾳ
1340 2539 1506 2611 μέρος
1536 2556 1587 2592 τι
1626 2535 1762 2592 εἶναι
1797 2541 1856 2593 ὲν
1890 2542 2003 2603 τοῖς

407 2632 771 2701 Κορκοραίοις
813 2630 954 2701 (lego
1008 2622 1354 2703 Κορδυαίοις)
1393 2630 1548 2702 ὄρεσι
1577 2631 1677 2703 τῆς
1709 2630 2003 2703 Ἀρμενίας

405 2716 697 2787 διαμένον,
735 2718 830 2773 καί
871 2735 1026 2782 τινας
1068 2720 1178 2773 ἀπὸ
1212 2718 1304 2772 τοῦ
1347 2719 1532 2773 πλοίου
1570 2721 1820 2792 κομίζειν
1865 2722 2000 2775 ἀπο-

408 2806 630 2874 ξύοντας
660 2810 934 2880 ἄσφαλτον
954 2825 968 2838 °
1001 2811 1238 2880 χρᾶσθαι
1264 2811 1322 2863 δὲ
1351 2810 1521 2882 αὐτὴν
1549 2812 1686 2882 πρὸς
1714 2814 1842 2876 τοὺς
1872 2813 2003 2867 ἀπο-

409 2907 807 2979 τροπιασμούς.
857 2905 951 2961 Hec
998 2916 1178 2961 autem
1214 2921 1357 2960 arcae
1392 2908 1640 2977 reliquiae
1662 2949 1678 2972 ,
1711 2917 1772 2963 ut
1819 2910 2003 2967 videre

410 3006 498 3052 est
529 3012 596 3052 ex
625 2997 865 3068 Jnsepho
890 3039 905 3062 ,
957 3013 1078 3068 quae
1112 2997 1180 3052 ad
1225 3013 1323 3053 sua
1357 3005 1603 3070 tempora
1633 3001 2003 3071 perdurarunt

410 3105 511 3160 per
542 3106 718 3146 annos
747 3092 984 3160 amplius
1013 3091 1096 3146 bis
1131 3092 1311 3160 mille,
1344 3108 1412 3147 an
1450 3094 1650 3148 virtute
1693 3095 1999 3160 bituminis,

411 3180 482 3235 de
509 3195 621 3251 quo
666 3182 822 3249 plura
850 3178 1086 3241 Plinius,
1121 3181 1237 3259 lio.“
1262 3182 1429 3245 xxxv,
1462 3196 1563 3251 cap
1618 3182 1708 3251 15,
1735 3192 1788 3239 et
1814 3186 2003 3260 ex‘Al-

411 3272 544 3326 bino
570 3270 833 3328 Rabanus
868 3271 1149 3328 :Bitumen
1178 3284 1257 3329 est
1287 3274 1755 3344 ferventissimam,
1795 3287 1845 3331 et
1881 3279 2006 3332 vio-

412 3366 768 3421 lentissimum
805 3365 985 3436 gluten
1012 3406 1026 3431 ,
1060 3367 1211 3437 cujus
1244 3367 1356 3422 haec
1406 3377 1485 3423 est
1528 3369 1730 3434 virtus,
1766 3381 1825 3425 ut
1861 3371 2006 3443 ligna

410 3476 533 3529 qua:
561 3476 621 3514 eo
654 3460 822 3513 oblita
855 3461 1077 3530 fuerint,
1120 3477 1212 3514 nec
1259 3461 1523 3515 vermibus
1551 3461 1722 3527 exedi,
1761 3481 1851 3519 nec
1877 3467 2006 3520 solis

409 3549 624 3613 ardore,
660 3566 752 3604 nec
797 3558 1067 3605 ventorum
1104 3550 1346 3619 ﬂatibus,
1375 3568 1468 3605 nec
1500 3569 1765 3623 aquarum
1795 3557 2003 3624 possint

409 3641 660 3696 violentia
687 3640 949 3706 dissolvi;
981 3657 1050 3696 an
1102 3643 1178 3697 ita
1220 3642 1331 3698 Deo
1379 3644 1709 3713 disponente
1733 3685 1749 3710 ,
1780 3647 1925 3717 quod
1952 3656 2007 3703 et

410 3733 618 3799 verius,
644 3740 705 3788 ut
731 3735 992 3790 mortales
1025 3744 1313 3802 aeternum,
1346 3736 1407 3791 ut
1436 3738 1512 3792 ita
1547 3738 1753 3805 dicam,
1775 3739 2005 3809 justitia:

410 3822 631 3889 divinae,
664 3837 766 3879 nec
813 3839 922 3880 non
968 3831 1023 3880 et
1066 3824 1602 3899 misericordiarprze
1628 3829 1805 3885 oculis
1832 3830 2003 3887 habe-

411 3921 534 3968 rent
565 3914 1008 3969 monimentum?
1725 3954 1733 3963 .

481 4003 618 4058 Ibid.
643 4043 659 4068 ,
705 4003 802 4057 lin.
840 4003 894 4058 8.
939 4004 992 4057 Ὀ
1034 4004 1104 4058 δὲ
1148 4004 1277 4062 Νῶε
1320 4005 1738 4077 ἐτελεύτησεν.
1759 4008 2006 4067 Pseudo—

411 4093 650 4150 Berosus
669 4094 959 4153 Annianus
1005 4097 1101 4155 lib.
1136 4113 1221 4163 ιιι,
1245 4100 1418 4154 multa
1434 4099 1503 4156 de
1536 4100 1684 4170 Noe,
1720 4104 1864 4160 etiis
1888 4121 2009 4174 quae
2040 4082 2055 4089 ἢ

412 4187 530 4257 ipse
546 4195 670 4258 post
704 4188 971 4245 diluvium
999 4192 1191 4262 gessit,
1229 4191 1365 4248 ﬁdes
1397 4193 1469 4249 sit
1501 4210 1668 4265 penes
1701 4204 2004 4254 auctorem.

479 4277 642 4345 lbid.,
675 4280 772 4336 lin.
811 4282 865 4337 9.
898 4283 1009 4336 Kal
1042 4282 1157 4337 υἱοί
1210 4284 1420 4339 αὐτοῦ.
1463 4284 1815 4344 Hebraeorum
1842 4291 2009 4362 pleri-

410 4384 519 4441 que
550 4370 786 4435 docent,
817 4371 1015 4442 Japhet
1058 4375 1236 4444 primo
1286 4376 1407 4432 loco
1438 4392 1469 4432 a
1502 4376 1618 4435 Noe
1655 4379 1829 4438 fuisse
1854 4384 2009 4454 geni-

412 4470 528 4518 tum
550 4505 565 4529 ,
592 4463 764 4519 Cham
798 4466 1077 4529 secundo,
1111 4465 1238 4522 Sem
1278 4470 1525 4526 omnium
1555 4480 1859 4541 postremo.
1894 4475 2011 4529 Au-

2115 1975 2514 2033 Traditionibus
2551 1978 2711 2034 llebr.
2743 1982 2797 2034 in
2814 1979 3058 2038 Genesin.
3082 1983 3340 2048 Nemrod,
3369 1986 3567 2056 inquit,
3596 2004 3687 2041 ar-

2111 2069 2273 2137 ripuit
2301 2070 2562 2124 insuetum
2589 2073 2792 2140 primus
2824 2074 2878 2128 in
2907 2074 3100 2144 populo
3133 2076 3465 2146 tyrannidem
3495 2094 3685 2149 regno-

2111 2164 2282 2233 vitque
2319 2164 2375 2217 in
2417 2163 2722 2234 Babylone,
2766 2182 2883 2236 quae
2916 2166 2982 2220 ab
3034 2184 3093 2222 eo
3116 2208 3132 2231 ,
3181 2169 3318 2238 quod
3346 2168 3421 2222 ibi
3450 2171 3686 2241 confusa:

2111 2265 2231 2310 sunt
2261 2255 2477 2325 linguae,
2502 2258 2663 2312 turris
2690 2256 3070 2318 a'diﬁcantium
3101 2259 3268 2314 Babel
3293 2262 3558 2329 appellata
3585 2272 3682 2318 est.

2114 2343 2419 2401 llethodius
2442 2346 2519 2400 ait
2546 2347 2691 2402 hunc
2726 2348 2894 2405 fuisse
2929 2357 3180 2419 nepotem
3211 2351 3335 2407 Sent
3364 2368 3378 2405 :
3408 2355 3551 2426 Πρὸς
3571 2352 3689 2409 τοῦ-

2111 2452 2200 2489 τον
2229 2435 2463 2506 κατῆλθε
2507 2434 2761 2509 Νεϐρὼδ,
2789 2437 2886 2490 καὶ¹
2912 2437 3223 2503 παιδευθεὶς
3257 2442 3388 2511 παρ’
3415 2440 3581 2496 αὐτοῦ
3611 2442 3688 2495 ετ-

2109 2526 2247 2599 ληφε
2277 2526 2471 2599 βουλὴν
2502 2528 2588 2598 ἐφ’
2612 2522 2656 2597 ᾦ
2691 2528 3007 2599 βασιλεῦσαι
3037 2530 3218 2585 αὐτόν.
3253 2526 3420 2596 Οὗτος
3446 2533 3502 2586 δὲ
3536 2534 3687 2590 6N5-

2111 2620 2257 2693 ϐρὼδ
2318 2621 2548 2690 ἀδελφὸς
2602 2621 2711 2675 τῶν
2775 2608 2969 2695 ἡρώιον
3017 2623 3281 2695 ἐτύγχανε
3329 2625 3439 2678 τῶν
3481 2626 3685 2681 τέκνων

2109 2713 2204 2767 τοῦ
2246 2715 2387 2784 Σήμ.
2426 2714 2537 2766 Καὶ
2575 2712 2737 2778 αὐτὸς
2778 2715 2995 2787 πρῶτος
3043 2716 3390 2772 ἐϐασίλευσεν
3436 2721 3528 2774 ἐπὶ
3584 2720 3686 2790 τῆς

2110 2807 2232 2877 γῆς.
2264 2804 2420 2871 Quod
2472 2803 2672 2860 falsum
2717 2822 2843 2862 esse
2869 2809 3034 2864 verba
3076 2809 3279 2881 Moysis
3327 2813 3681 2878 convincunt,

2110 2913 2232 2968 quae
2252 2911 2376 2951 eum
2400 2894 2607 2951 faciunt
2630 2906 2881 2967 nepotem
2907 2899 3097 2954 Chami
3115 2921 3133 2956 :
3156 2901 3286 2957 Filii
3307 2902 3492 2968 Citam,
3520 2902 3682 2970 Chus,

2111 2987 2398 3052 Mesraim,
2443 2988 2620 3054 Phut,
2659 2999 2708 3044 et
2753 2989 3045 3046 Cltanaam.
3098 2992 3270 3049 Porro
3325 2993 3466 3051 Cltus
3509 2996 3684 3066 genuit

2114 3079 2372 3139 Nemrod.
2402 3082 2465 3139 Et
2480 3082 2843 3153 Augustinus.
2870 3085 2966 3139 lib.
2999 3102 3092 3140 xv:
3126 3086 3203 3141 De
3230 3088 3374 3142 civit.
3400 3088 3527 3153 Dei,
3557 3104 3681 3158 cap.

2110 3172 2145 3227 4
2178 3191 2192 3228 :
2237 3173 2385 3229 Unde
2412 3175 2699 3245 colligitur,
2746 3176 3009 3247 gigantem
3050 3177 3204 3232 illum
3239 3177 3495 3232 Nemroth
3521 3179 3686 3245 fuisse

2108 3265 2255 3320 illius
2283 3266 2630 3333 conditorem,
2652 3268 2791 3339 quod
2822 3271 3061 3338 superius
3099 3270 3320 3326 breviter
3346 3272 3519 3340 fuerat
3551 3273 3683 3326 inti-

2109 3367 2311 3412 matum
2337 3399 2352 3422 ,
2390 3358 2479 3413 ubi
2525 3356 2655 3413 curn
2686 3359 2750 3414 de
2783 3360 2877 3415 illo
2920 3363 3199 3432 Scriptura
3224 3364 3520 3435 loqueretur
3541 3406 3556 3430 ,
3585 3366 3683 3430 ait,

2108 3450 2318 3504 initium
2346 3452 2492 3522 regni
2517 3452 2631 3521 ejus
2659 3452 2762 3522 fuit
2794 3453 3037 3524 Babylon
3062 3454 3104 3487 “
3126 3496 3142 3521 ,
3180 3455 3235 3508 id
3265 3465 3363 3520 est,
3390 3473 3506 3526 qum
3541 3457 3689 3511 civi-

2111 3549 2279 3595 tatum
2308 3551 2621 3596 cwterarum
2653 3553 2850 3613 gereret
2878 3545 3253 3613 principatum,
3285 3544 3376 3601 ubi
3405 3557 3541 3601 esset
3570 3556 3688 3601 tan-

2106 3647 2265 3701 quam
2303 3632 2357 3687 in
2389 3633 3061 3703 metropoli,habitaculum
3095 3637 3270 3707 regni,
3293 3638 3531 3707 quamvis
3569 3653 3688 3707 per-

2110 3722 2249 3792 fecta
2281 3739 2385 3778 non
2415 3724 2575 3793 fuerit
2604 3741 2767 3796 usque
2816 3726 2871 3778 in
2906 3734 3110 3779 tantum
3138 3726 3379 3792 modum,
3427 3738 3688 3798 quantum

2107 3815 2333 3887 superba
2353 3817 2620 3887 cogitabat
2641 3818 2906 3882 impietas.
2927 3816 2992 3871 Et
3018 3817 3278 3874 inferius:
3305 3817 3551 3890 Erigebat
3565 3836 3688 3889 ergo

2108 3924 2229 3963 cum
2271 3909 2382 3964 suis
2417 3909 2623 3979 populis
2674 3919 2872 3964 turrem
2912 3920 3098 3964 contra
3126 3909 3442 3975 Dominum,
3478 3928 3583 3982 qua
3609 3922 3687 3968 est

2108 4001 2274 4071 impia
2302 4002 2606 4071 signiﬁcata
2638 4003 2905 4068 superbia.
2942 4001 3110 4057 Plura
3129 4001 3196 4058 de
3227 4003 3329 4059 hac
3359 4005 3529 4060 turris
3556 4004 3690 4060 mdi-

2111 4092 2363 4148 licatione
2410 4108 2510 4164 per
2558 4091 2909 4149 Nemrothem
2959 4093 3128 4150 habes
3179 4096 3322 4166 apud
3367 4096 3686 4153 historicos.

2109 4184 2285 4239 Aliter
2306 4192 2490 4239 tamen
2514 4183 2690 4239 sensit
2712 4182 3032 4250 Caietanos,
3055 4199 3179 4239 cum
3210 4192 3373 4257 negat
3405 4195 3686 4242 auctorem

2110 4276 2278 4347 hujus
2309 4277 2478 4332 turris
2510 4277 2681 4332 fuisse
2713 4274 2976 4331 Nemroth
2997 4316 3012 4341 ,
3045 4278 3296 4349 quamvis
3317 4279 3430 4349 jam
3465 4280 3691 4336 inchoa-

2110 4375 2180 4423 tne
2217 4376 2342 4438 post
2370 4368 2749 4424 confusionem
2796 4369 3106 4438 linguarum
3142 4378 3551 4441 occupatorem.
3583 4369 3690 4426 Ne-

2112 4477 2218 4530 que
2249 4459 2535 4524 Nemroth,
2567 4460 2775 4529 inquit,
2810 4475 2987 4530 neque
3008 4461 3243 4531 aliquem
3269 4471 3477 4517 certum
3513 4461 3691 4517 homi-

412 4555 703 4625 gustinus,
740 4555 834 4610 lib.
868 4572 959 4611 χνι
995 4556 1072 4611 De
1116 4559 1326 4614 ciuitate
1357 4559 1491 4628 Dei,
1537 4563 1752 4634 (339,},
1804 4563 2005 4635 Japhe;
2036 4569 2081 4625 υ
2112 4568 2236 4607 nem
2267 4560 2547 4608 auctorem
2580 4551 2755 4609 fuisse
2804 4553 2952 4609 illius
2979 4553 3199 4609 fabrica:
3225 4555 3468 4610 declarat
3492 4555 3693 4610 exhor-

416 4650 709 4705 minimom
740 4657 919 4721 putat,
955 4649 1081 4707 Sem
1116 4655 1441 4709 maximum.

485 4742 649 4808 lbid.,
679 4741 777 4797 lin.
798 4741 886 4795 12.
916 4741 1062 4796 Ἀπὸ
1090 4742 1194 4796 τοῦ
1228 4744 1433 4813 ὄρους.
1462 4742 1578 4799 Noe
1608 4744 1778 4812 enim,
1802 4753 1858 4801 et
1888 4746 2006 4816 ﬁlii,

414 4834 630 4891 relictis
682 4835 967 4891 montibus
1004 4835 1280 4892 Armeniae
1324 4845 1449 4908 post
1492 4835 1792 4905 diluvium,
1848 4848 2011 4897 terra:

414 4927 704 4999 planitiem
746 4936 1155 5000 assequuntur,
1184 4930 1398 5000 fuitque
1440 4930 1616 5002 prima
1660 4931 1927 4989 habitatio
1952 4936 2008 4991 in

416 5026 563 5073 terra
595 5016 881 5083 Sennaar,
912 5033 1024 5089 quo
1052 5018 1106 5072 in
1153 5019 1275 5073 loco
1313 5027 1508 5089 postea
1553 5021 1798 5094 Babylon
1838 5026 2012 5080 aedili-

414 5121 538 5166 cata
587 5109 711 5166 fuit.
729 5110 1003 5168 Eusebius
1025 5149 1042 5175 ,
1074 5118 1220 5180 part.
1256 5126 1273 5164 ι
1306 5108 1554 5167 Chronic.
1588 5130 1657 5170 ex
1696 5114 2010 5174 Alexandro

413 5204 760 5279 Polyhistore
796 5208 1126 5273 ιἘλθόντας
1172 5204 1266 5264 οὖν
1316 5209 1539 5276 τούτους
1585 5215 1667 5278 είς
1712 5214 2009 5272 Βαϐυλῶνα

412 5298 485 5352 τά
509 5314 571 5351 τε
602 5300 668 5352 ἐκ
695 5299 998 5372 Σιππάρων
1026 5299 1334 5372 γράμματα
1377 5302 1669 5375 ἀνορύξαι,
1704 5309 1798 5361 καὶ
1827 5308 2007 5374 πόλεις

415 5391 617 5454 πολλὰς
662 5393 983 5458 κτίζοντας,
1023 5393 1119 5449 καὶ
1169 5394 1291 5467 ίερά
1332 5395 1801 5469 ἀνιδρυσαμένους
1842 5401 2010 5456 πάλαι

415 5483 693 5539 ἑπικτίσαι
736 5485 839 5558 τὴν
862 5485 1180 5541 Βαϐυλῶνα.
1214 5485 1426 5542 llebraai
1460 5499 1754 5556 asserunt,
1796 5491 1913 5550 Noe
1942 5511 2007 5551 ex

416 5573 677 5631 Armenia
706 5577 941 5634 rediisse
966 5579 1025 5634 in
1052 5586 1297 5636 veterem
1330 5581 1562 5650 patriam
1583 5624 1599 5648 ,
1649 5581 1701 5637 id
1735 5593 1819 5640 est
1844 5625 1859 5653 ,
1890 5587 2008 5643 loca

418 5667 689 5724 Damasco
729 5671 911 5726 vicina
936 5712 951 5741 ,
978 5673 1074 5731 ubi
1115 5675 1411 5732 constituit
1467 5692 1691 5749 regnum
1721 5718 1735 5745 ,
1769 5687 1824 5738 et
1872 5698 2009 5754 pon»

495 5831 538 5863 ⁸¹
566 5828 702 5888 Gen.
733 5846 788 5901 ι,
826 5832 909 5887 l0.

1450 5917 1506 5939 ’,ὠ
1517 5924 1575 5939 ~u‘
1610 5902 1614 5907 ‘
1626 5918 1647 5935 ὀ

2113 4645 2269 4710 tntio,
2299 4651 2354 4700 et
2383 4644 2634 4699 incitatio
2665 4645 2929 4700 attributa
2963 4662 3097 4717 vage
3121 4654 3177 4702 et
3207 4645 3491 4702 indeﬁnite
3519 4646 3695 4701 homi-

2110 4741 2297 4797 nibus.
2329 4744 2390 4791 ut
2423 4736 2797 4809 intelligamus
2826 4739 2991 4801 hinc,
3027 4740 3173 4809 quod
3202 4739 3464 4797 Nemroth
3494 4740 3692 4796 civita-

2111 4832 2218 4879 tz-m
2236 4824 2544 4896 Babyloniae
2563 4826 2900 4893 inchoatam,
2916 4830 3193 4884 communi
3221 4840 3369 4894 voto,
3386 4837 3441 4885 et
3466 4838 3690 4894 conatu,

2111 4924 2234 4987 post
2266 4916 2643 4974 confusionem
2686 4920 2998 4991 linguarum
3044 4921 3586 4994 ipse‘occupaverit,
3638 4930 3695 4979 et

2112 5006 2310 5062 ibidem
2344 5024 2573 5079 regnare
2596 5011 2848 5081 coeperit.

2184 5140 2342 5206 lbid.,
2364 5143 2462 5197 lin.
2494 5143 2586 5198 25.
2614 5144 2723 5198 Kal
2752 5143 2829 5214 δὴ
2863 5145 3115 5215 πύργον.
3148 5144 3224 5201 De
3251 5145 3355 5200 hac
3384 5147 3522 5201 turri
3548 5146 3698 5219 Aby-

2110 5233 2284 5290 denus
2317 5235 2460 5306 apud
2492 5234 2787 5291 Eusebium
2808 5277 2822 5302 ,
2860 5237 2938 5291 De
2978 5248 3270 5307 prwparat.
3309 5240 3568 5309 evangel.,
3596 5242 3692 5298 lib.

2113 5339 2165 5376 Ix
2190 5308 2369 5378 ε”Εντὶ
2394 5325 2437 5378 δ’
2462 5325 2511 5378 οἳ
2544 5324 2760 5395 λέγουσι
2787 5329 2913 5391 τοὺς
2929 5326 3181 5399 πρώτους
3211 5329 3274 5383 ὲκ
3306 5330 3409 5401 γῆς
3441 5308 3695 5401 ἀνασχόν-

2110 5432 2230 5479 τας,
2265 5412 2424 5489 ῥώμῃ
2450 5433 2509 5468 τε
2541 5416 2636 5470 καὶ
2664 5417 2880 5487 μεγέθει
2912 5418 3312 5489 χαυνωθέντας,
3339 5421 3434 5478 καὶ
3457 5421 3522 5495 δὴ
3557 5423 3695 5477 θεῶν
3734 5488 3745 5497 _

2112 5511 2665 5579 καταφρονήσαντας,
2709 5509 2999 5580 ἀμείνονας
3049 5506 3187 5564 εἶναι
3241 5511 3466 5584 πύργων
3501 5513 3694 5587 τύρσιν

2111 5596 2364 5668 meum
2401 5598 2639 5670 ἀείρειν,
2687 5598 2774 5653 ἵνα
2819 5599 2917 5654 νῦν
2961 5600 3217 5657 Βαϐυλὼν
3268 5603 3437 5671 ἐστιν,
3498 5606 3601 5679 ἤδη
3633 5624 3693 5660 τε

2113 5685 2280 5744 ἆσσον
2323 5684 2461 5745 εἶναι
2501 5689 2592 5744 τοῦ
2635 5690 2902 5762 οὐρανοῦ,
2938 5693 3032 5746 καὶ
3081 5694 3207 5759 τοὺς
3245 5695 3479 5768 ἀνέμους
3526 5696 3694 5755 θεοῖσι
