4124 6406
388 373 491 429 995

1449 356 1534 410 ἸΝ
1574 339 1948 410 EUSTATHII
1990 347 2462 406 HEXAEMEBON
2495 345 2725 402 NOTAE.

3549 351 3656 407 994

392 486 692 559 βωθέοντας
717 479 1015 551 ἀνατρέψαι
1051 478 1179 549 περ)⁸
1204 477 1415 529 αὐτοῖσι
1437 475 1499 527 τὸ
1522 474 1736 545 μηχάνη
1746 488 1843 542 μα.
1862 469 1969 522 Τοῦ

2073 466 2237 537 pedes
2283 464 2526 528 ducenti,
2570 460 2803 517 latitudo
2852 461 3266 534 quinquageni:
3303 463 3358 518 in
3408 465 3660 537 singulos

389 578 524 649 δῆτα
573 574 790 646 ἐρείπια
822 570 1076 640 λέγεσθαι
1127 567 1442 623 Βαϐυλῶνα.
1478 563 1781 621 Alexander
1810 560 1968 632 Poly-

390 670 569 724 histor
593 683 661 723 ex
688 666 1018 735 Enpolemo:
1041 660 1353 731 Εὐπόλεμος
1382 659 1439 713 δὲ
1472 660 1528 711 ὲν
1562 655 1639 727 τῷ
1670 655 1800 725 περὶ
1837 654 1967 707 Ἰου-

390 760 554 815 δαίων
592 759 692 829 τῆς
734 754 1027 825 Ἀσσυρίας
1067 753 1200 822 φησι
1246 750 1396 804 πόλιν
1426 747 1720 803 Βαϐυλῶνα
1753 744 1968 817 πρῶτον

395 853 495 924 μὲν
517 849 799 920 κτισθῆναι
825 848 929 901 ὑπὸ
942 847 1050 901 τῶν
1079 842 1451 899 διασωθέντων
1484 843 1547 893 ὲκ
1578 839 1671 892 τοῦ
1699 837 1968 892 κατακλυ-

394 941 555 1013 σμοῦ,
607 937 743 994 εἶναι
789 940 845 993 δὲ
879 939 1075 1000 αὐτοὺς
1111 936 1402 1004 γίγαντας,
1449 930 1749 1000 οἰκοδομεῖν
1783 928 1839 982 δὲ
1876 927 1967 980 τὸν

396 1033 774 1106 ἱστορούμενον
799 1030 1023 1102 πύργον.
1047 1028 1312 1090 Πεσόντος
1335 1026 1393 1079 δὲ
1416 1023 1603 1076 τούτου
1625 1021 1729 1073 ὑπὸ
1749 1020 1851 1091 τῆς
1871 1017 1966 1072 τοῦ

394 1124 529 1179 Θεοῦ
558 1124 855 1197 ἐνεργείας,
880 1122 1008 1185 τοὺς
1035 1120 1296 1189 γίγαντας
1310 1116 1668 1187 διασπαρῆναι
1698 1113 1818 1167 καθ’
1841 1113 1967 1184 ὃλην

394 1217 491 1289 τὴν
507 1218 630 1288 γῆν.
656 1215 813 1271 Dictu
838 1216 974 1269 mira
1008 1211 1190 1283 prodit
1214 1209 1577 1281 Hieronymus
1603 1208 1657 1262 in
1690 1223 1781 1261 xw
1803 1212 1967 1276 caput

396 1310 572 1365 Esaia:
622 1309 691 1364 de
739 1306 1032 1362 altitudine
1076 1304 1242 1375 hujus
1291 1303 1461 1358 turris
1509 1301 1579 1357 ad
1643 1300 1965 1355 miraculum

396 1417 594 1473 usque,
620 1417 782 1471 quem
812 1401 953 1455 vide.
1388 1432 1391 1435 ι

464 1494 583 1549 Col.
611 1494 736 1558 755,
772 1493 868 1547 lin.
896 1490 987 1545 26.
1027 1488 1317 1545 Ἀπειλῶν
1338 1487 1445 1542 τὸν
1477 1487 1643 1541 Geor.
1687 1484 1833 1549 Ideo,
1865 1483 1962 1547 ait,

396 1588 519 1642 illos
548 1586 796 1641 homines
822 1584 1017 1639 turrim
1044 1581 1362 1645 aediﬁcasse,
1384 1587 1654 1633 utcontra
1676 1578 1960 1639 diluvium,

395 1679 561 1733 etiam
594 1677 703 1732 Deo
726 1677 966 1738 nolente,
1014 1675 1118 1730 sibi
1172 1672 1544 1728 consulerent.
1577 1669 1777 1725 Eadem
1805 1669 1963 1724 Jose-

396 1769 560 1839 phus,
590 1769 682 1823 lib.
714 1783 731 1822 ι
777 1768 1063 1837 Antiquit.,
1086 1766 1245 1835 cujus
1274 1764 1439 1820 verba
1468 1778 1634 1834 supra
1658 1764 1939 1834 posuimus

397 1860 761 1933 Augustinus,
821 1860 917 1915 lib.
961 1875 1049 1913 3m
1096 1859 1169 1912 De
1207 1858 1418 1912 civitate
1459 1856 1578 1925 Dei,
1607 1872 1732 1928 cap.
1778 1856 1832 1923 4,
1872 1874 1937 1913 ve

397 1969 531 2010 sana
586 1954 665 2009 ait
692 1954 927 2024 quadam
957 1951 1123 2006 animi
1174 1950 1432 2012 elatione,
1463 1965 1526 2003 ac
1574 1949 1885 2013 insolentia,
1914 1957 1966 2004 et

398 2046 664 2101 adversus
699 2044 870 2099 Deum
913 2042 1191 2113 impietate
1214 2039 1476 2097 Nemroth
1513 2040 1647 2105 illud
1677 2040 1966 2096 aedificium

396 2138 756 2202 exstruxisse,
779 2143 840 2191 ut
868 2142 1061 2190 contra
1089 2133 1260 2189 Deum
1293 2133 1399 2189 sibi
1425 2141 1643 2204 pararet
1666 2149 1970 2205 propugna-

397 2229 604 2292 culum,
631 2228 893 2297 lllumque
922 2228 1354 2296 quotiescunque
1382 2224 1635 2281 libuisset
1664 2224 1965 2287 infestaret,

398 2330 563 2390 atque
587 2317 906 2383 oll‘enderet,
937 2318 1185 2373 aliialias
1210 2317 1487 2373 adducunt
1521 2332 1739 2373 causas.
1771 2316 1969 2372 Noster

399 2412 723 2467 Eustathius
757 2420 1067 2482 utramque,
1100 2420 1157 2467 et
1175 2409 1421 2482 Iosephi,
1452 2420 1506 2465 et
1528 2409 1817 2481 Augustini
1843 2425 1972 2465 con-

394 2503 599 2572 jnnxit,
630 2511 685 2557 et
727 2503 886 2574 quasi
935 2518 1097 2557 unam
1128 2504 1410 2573 exposuit;
1458 2518 1563 2559 nec
1602 2503 1853 2558 homines
1890 2503 1970 2557 illi

399 2594 546 2649 aliud
565 2595 619 2647 in
646 2603 827 2650 mente
842 2594 1173 2649 habuerunt.
1192 2593 1381 2650 Solent
1395 2596 1539 2650 enim
1565 2595 1850 2664 praeteritis
1862 2609 1972 2648 ma-

400 2685 472 2740 lis
496 2684 702 2749 amicti,
724 2684 908 2740 futura
946 2684 1131 2740 studio
1156 2694 1384 2756 arteque
1409 2686 1734 2756 propellere,
1763 2700 1835 2740 ne
1880 2685 1968 2740 bis

401 2775 593 2831 iisdem
641 2776 892 2832 infestari
945 2777 1265 2848 contingat;
1306 2786 1361 2833 et
1398 2778 1528 2832 dum
1565 2785 1776 2833 naturae
1811 2776 1970 2834 donis

399 2868 646 2932 affluunt,
677 2869 894 2935 robore,
923 2869 1150 2934 divitiis,
1176 2872 1611 2940 auctoritateque
1639 2871 1848 2941 stipati,
1885 2870 1969 2925 in-

400 2975 536 3014 sano
566 2974 705 3014 ausu
737 2959 948 3027 furere;
972 2968 1028 3016 et
1055 2976 1180 3015 cum
1200 2960 1315 3030 jam
1340 2960 1620 3014 hominum
1649 2975 1708 3016 se
1732 2975 1855 3016 esse
1875 2976 1971 3016 su-

401 3054 644 3124 periores
696 3053 1091 3124 persenserint,
1138 3062 1328 3108 contra
1378 3051 1548 3107 Deum
1595 3052 1964 3119 insolescere;

2073 560 2241 628 pedes
2272 556 2442 612 ternis
2468 556 2656 626 digitis
2682 569 2939 609 mensura
2966 554 3233 625 ampliore
3251 571 3415 624 quam
3439 565 3653 614 nostra.

2072 648 2170 703 Via
2201 650 2256 703 in
2289 648 2566 703 moenibus
2605 647 2742 715 ipsis
2791 654 2899 699 tam
2943 645 3075 711 lata,
3128 653 3185 702 nt
3228 646 3512 717 quadrigae
3552 650 3661 705 sibi

2069 740 2302 795 invicem
2375 744 2733 792 occurrentes
2776 735 2938 790 facile
2986 737 3325 805 pertransire
3386 746 3660 806 possent;
3720 767 3733 777 ς

2068 830 2216 902 quod
2264 829 2552 899 Antipater
2599 828 2872 898 expressit
2918 843 3042 882 cum
3095 827 3391 898 ἐπίδρομον
3446 828 3659 898 ἅρμασι

2067 927 2246 994 τεῖχος
2276 935 2495 975 murum
2523 920 2910 991 appellavit,et
2932 916 3208 989 Propert.,
3243 918 3337 973 lib.
3365 932 3424 971 ιιι
3463 936 3477 972 :

2142 1015 2209 1069 Et
2247 1014 2353 1068 duo
2386 1015 2439 1066 in
2472 1012 2751 1067 aduersum
2786 1012 2933 1064 misit
2969 1026 3062 1079 per
3092 1011 3287 1065 ma’nia
3321 1025 3515 1065 currus

2210 1084 2293 1138 Ne
2325 1094 2538 1153 possent
2579 1090 2722 1135 tacto
2753 1083 3011 1149 stringere
3052 1081 3116 1134 ab
3145 1096 3244 1134 axe
3279 1080 3445 1136 latus.

2069 1171 2203 1241 Ejus
2249 1172 2502 1225 conditor
2552 1171 2804 1224 laudatur
2866 1168 3153 1234 Nemrotli,
3198 1158 3457 1241 Joscplto,
3500 1169 3597 1223 lib.
3634 1185 3653 1225 ι

2066 1264 2272 1336 Antiq.,
2291 1263 2535 1327 Zonaraa,
2559 1262 2828 1329 Cedrcno,
2850 1262 3004 1318 aliis:
3025 1262 3361 1328 Marcellino,
3382 1262 3475 1317 lib.
3492 1279 3655 1331 χχιιι,

2065 1354 2257 1422 Belus;
2282 1353 2558 1424 Stephano
2584 1353 2827 1424 Babylon
2859 1352 3000 1407 Medi
3027 1353 3174 1409 ﬁlius
3203 1371 3217 1406 :
3241 1351 3497 1406 Βαϐυλὼν
3514 1354 3656 1426 Περ-

2068 1445 2194 1517 σικὴ
2223 1445 2395 1507 πόλις,
2427 1442 2778 1516 μητρόπολις,
2814 1442 3073 1496 Σελευκία
3109 1441 3415 1513 καλουμένη
3440 1482 3455 1506 ,
3487 1441 3656 1496 Βαϐυ-

2065 1539 2233 1602 λῶνος
2262 1538 2453 1608 ἀνδρὸς
2492 1536 2698 1606 κτίσμα
2734 1535 3087 1598 παλαίτατον,
3123 1530 3433 1603 σοφωτάτου
3464 1537 3657 1601 παιδὸς

2065 1629 2272 1701 Μήδου,
2305 1630 2423 1699 οὐχ,
2454 1628 2529 1692 ῶς
2563 1629 2861 1700 Ἡρόδοτος,
2881 1628 2987 1681 ὑπὸ
3017 1628 3414 1699 Σεμιράμιδος*
3448 1631 3653 1701 ταύτης

2064 1716 2173 1787 γὰρ
2206 1713 2273 1787 ἦν
2315 1716 2646 1788 ἀρχαιοτέρα
2667 1716 2811 1783 ἔτεσι
2844 1717 3034 1787 χιλίοις
3065 1716 3187 1785 δύο,
3237 1718 3314 1782 ὡς
3352 1716 3651 1789 Ἐρράνιος.

1943 1803 1967 1897 ξ
2001 1823 2040 1877 Β
2068 1808 2322 1878 Plerique
2346 1809 2438 1862 alii
2468 1807 2882 1865 Semiramidem
2908 1817 3191 1880 parentem
3220 1811 3450 1867 faciunt.
3484 1810 3654 1869 Clauo

2068 1902 2288 1964 dianus,
2319 1900 2375 1953 in
2411 1900 2559 1955 Rufi.
2590 1900 2686 1956 lib.
2726 1916 2743 1954 ι
2786 1915 2800 1951 :

2146 1990 2396 2064 greditur
2418 2002 2465 2047 et
2502 2002 2707 2047 centum
2734 1994 2903 2062 portis
2931 1991 3209 2063 Babylona
3234 1994 3514 2064 superbam

2143 2061 2428 2117 Femineas
2458 2061 2977 2118 struxissetabor..
3052 2061 3065 2063 “
3181 2100 3193 2105 -

2067 2152 2133 2207 Et
2159 2151 2407 2224 Propert.
2446 2153 2543 2208 lib.
2576 2168 2636 2207 ιιι
2658 2171 2672 2207 :

2138 2244 2429 2300 Persarum
2459 2247 2649 2299 statuit
2682 2245 2959 2315 Babylona
2982 2246 3295 2302 Semiramis
3327 2246 3511 2301 urbem

2217 2315 2284 2369 Ut
2313 2317 2541 2370 solidum
2571 2326 2717 2372 cocto
2748 2318 2949 2371 tolleret
2975 2333 3161 2388 aggere
3195 2334 3346 2385 opus.

2070 2403 2146 2460 De
2171 2404 2446 2476 Babylone
2465 2404 2588 2461 vide
2616 2407 2772 2475 plura
2798 2406 2939 2475 apud
2959 2406 3328 2460 Abrahamum
3343 2404 3646 2461 Hortelium

2069 2494 2126 2548 in
2150 2487 2418 2549 Thesauro
2442 2496 2747 2566 geograpli.,
2786 2494 3099 2550 Matlhteum
3133 2495 3407 2551 Badernm
3427 2496 3484 2550 in
3512 2495 3655 2549 Mar-

2070 2586 2273 2653 tialem,
2307 2587 2402 2642 lib.
2436 2603 2476 2651 ι,
2504 2590 2665 2658 epist.
2704 2588 2756 2654 i;
2792 2586 3142 2652 Strabonem,
3175 2588 3267 2643 lib.
3298 2604 3423 2653 xvi;
3460 2586 3656 2643 Diodo-

2070 2692 2190 2731 rum
2239 2676 2507 2744 Siculum;
2543 2679 2639 2734 lib.
2689 2694 2789 2746 tu;
2828 2678 3128 2743 Justinum,
3186 2680 3280 2734 lib.
3315 2696 3352 2745 ι,
3385 2679 3652 2736 Joannem

2070 2766 2339 2823 Bodinum
2374 2769 2431 2823 in
2484 2770 2817 2841 Compendio
2860 2769 3146 2837 historico,
3199 2769 3550 2841 Rodiginum,
3597 2779 3654 2824 et

2072 2861 2230 2916 alios.
2260 2859 2425 2915 Plura
2452 2876 2553 2917 nos
2579 2862 2707 2915 item
2735 2860 3075 2916 notabamus'
3093 2861 3297 2916 nostris
3320 2861 3375 2915 in
3405 2859 3655 2916 Philonis

2071 2948 2318 3020 Byzantii
2339 2950 2408 3007 de
2424 2961 2628 3023 septem
2643 2950 2793 3006 orbis
2808 2951 3137 3021 spectaculis
3150 2951 3410 3016 libellum,
3437 2952 3623 3022 elegan
3635 2981 3653 2991 -

2070 3042 2341 3098 tissimum
2377 3042 2527 3097 illum
2562 3042 2803 3113 quidem,
2826 3042 2894 3097 de
2919 3040 3194 3113 Babylone
3223 3050 3276 3096 et
3311 3042 3431 3113 ejus
3456 3043 3650 3098 muris.

399 3146 614 3216 sibique
643 3160 826 3215 posse,
845 3146 1286 3216 quandocunqne
1308 3143 1362 3198 id
1388 3143 1552 3198 fuerit
1574 3158 1732 3214 Opus,
1755 3145 1824 3198 ab
1847 3144 1966 3213 ejus

2139 3157 2301 3219 lbid.,
2355 3157 2454 3214 lin.
2508 3156 2599 3212 56.
2633 3158 2930 3223 Ἕκαστος
2979 3156 3131 3226 γοῦν
3186 3155 3320 3222 τήν.
3384 3155 3649 3211 Distinet:

399 3251 563 3290 manu
584 3250 777 3291 cavere
797 3234 1044 3303 opinari;
1072 3234 1204 3303 (Ιυίη
1228 3240 1283 3287 ει
1310 3233 1558 3288 ηιθΙεθιί³
1580 3233 1731 3286 illum
1754 3230 1968 3287 afﬁcere
2004 3230 2033 3233 vi
2069 3248 2362 3305 admodum
2412 3257 2599 3304 noster
2630 3248 2952 3304 Eustathius
2990 3248 3370 3303 successiones
3414 3248 3651 3303 filiorum

399 3331 756 3395 prasumunt.
805 3325 850 3377 0
899 3324 1187 3379 ridiculam
1229 3322 1581 3377 industriam!
1611 3336 1645 3376 ο
1673 3319 1966 3376 nefandum

399 3415 677 3471 studium!
725 3430 759 3470 ο
807 3415 1128 3470 sceleratam
1158 3414 1603 3485 prtevidentiaml
1638 3410 1732 3468 Nae
1764 3412 1865 3477 illi,
1913 3420 1969 3468 et

398 3508 596 3573 oculis,
625 3515 681 3561 et
710 3508 958 3572 auribus,
986 3515 1042 3562 et
1071 3508 1255 3562 animo
1279 3506 1408 3562 caeci
1442 3515 1588 3562 sunt.

470 3595 631 3662 lbid.,
664 3598 759 3652 lin.
803 3598 891 3650 51.
938 3596 999 3649 '0
1035 3596 1180 3661 Θεὸς
1225 3595 1340 3664 τὴν
1382 3594 1713 3649 διάλεκτον.
1763 3594 1967 3665 Sibylla

399 3690 541 3759 apud
571 3690 899 3745 Eusebium:
936 3689 1159 3742 Πάντων
1198 3687 1493 3759 ὁμοφώνων
1526 3688 1693 3741 ὄντων
1730 3686 1838 3740 τῶν
1874 3689 1969 3740 ἀν-

400 3778 656 3851 θρώπων,
688 3779 894 3850 πύργον
940 3762 1297 3849 ᾠκοδόμησάν
1343 3794 1487 3840 τινες
1517 3776 1867 3847 ὑψηλότατον,
1896 3776 1970 3839 ὡς

399 3872 491 3926 ἐπὶ
520 3871 608 3924 τὸν
645 3871 869 3942 οὐρανὸν
912 3869 1305 3940 ἀναϐησόμενοι
1334 3869 1399 3922 δι’
1430 3868 1613 3922 αὑτοῦ.
1653 3870 1715 3920 Οἱ
1748 3868 1805 3922 δὲ
1837 3867 1968 3931 θεοὶ,

399 3964 635 4034 ἀνέμους
672 3964 1099 4033 ἐπιπέμψαντες,
1135 3961 1433 4031 ἀνέτρεψαν
1474 3960 1568 4014 τὸν
1610 3959 1837 4032 πύργον,
1877 3960 1971 4013 καὶ

403 4056 539 4110 ἰδίαν
569 4057 781 4126 ἑκάστῳ
812 4054 991 4125 φωνὴν
1014 4053 1239 4116 ἔδωκαν,
1263 4053 1356 4107 καὶ
1381 4052 1469 4106 διὰ
1491 4051 1647 4105 τοῦτο
1679 4052 1970 4105 Βαϐυλῶνα

401 4147 597 4220 συνέϐη
631 4147 895 4217 κληθῆναι
941 4145 1038 4217 τὴν
1077 4144 1248 4197 πόλιν.
1296 4142 1361 4196 Ει
1410 4142 1685 4198 Hestrtrus
1714 4161 1728 4197 :
1754 4140 1873 4194 Τῶν
1915 4143 1971 4195 δὲ

402 4248 590 4317 ἱερέων
616 4248 740 4311 τοὺς
776 4245 1157 4310 διασωθέντας,
1185 4244 1253 4298 τὰ
1283 4243 1377 4297 τοῦ
1416 4242 1691 4298 Ἐνυαλίου
1728 4240 1849 4304 Διὸς
1893 4241 1970 4292 ie-

402 4339 630 4411 ρώματα
660 4338 941 4403 λαϐόντας,
983 4340 1063 4401 είς
1099 4337 1340 4409 Σενναὰρ
1378 4335 1476 4405 τῆς
1512 4332 1855 4396 Βαϐυλωνίας
1887 4332 1972 4385 ἐλ-

400 4430 533 4483 θεῖν.
556 4430 871 4484 Σκίδνανται
911 4430 975 4500 δὴ
1002 4428 1063 4482 τὸ
1093 4428 1275 4482 λοιπὸν
1304 4425 1550 4481 ἐντεῦθεν
1584 4426 1690 4479 ὑπὸ
1711 4425 1810 4496 τῆς
1835 4424 1970 4494 ὁμο-

399 4522 668 4589 γλωσσίας
692 4519 791 4583 τὰς
841 4519 1114 4582 συνοικίας
1144 4516 1499 4588 ποιησάμενοι
1533 4513 1831 4586 πανταχοῦ,
1875 4512 1968 4566 καὶ
2000 4513 2044 4567 D

399 4615 503 4685 γῆν
534 4614 753 4667 ἕκαστοι
782 4610 1185 4681 κατελάμϐανον
1216 4609 1314 4681 τὴν
1342 4608 1687 4679 ἐντυχοῦσαν.

473 4704 631 4769 lbid.,
663 4706 758 4757 lin.
790 4703 879 4757 55.
903 4703 1031 4756 Kcin
1058 4702 1273 4754 τούτου
1300 4703 1334 4753 ό
1365 4701 1453 4755 τό.
1484 4698 1849 4769 Augustinus,
1891 4696 1972 4752 De

399 4799 607 4852 civitate
643 4794 761 4860 Dei,
792 4794 886 4849 lib.
917 4808 1031 4856 xw,
1063 4807 1185 4863 cap.
1212 4792 1273 4847 ιι
1296 4790 1412 4846 Ista
1438 4792 1624 4846 civitas
1643 4806 1761 4862 qua
1790 4789 1971 4860 appet—

401 4891 512 4943 lata
535 4897 612 4943 est
641 4885 1046 4955 confusio,'ipsa
1072 4894 1149 4937 est
1181 4882 1444 4953 Babylon,
1482 4882 1634 4952 cujus
1673 4881 1970 4936 mirabilem

399 4977 840 5033 constructionem
885 4974 1116 5045 gentium
1158 4974 1316 5027 etiam
1360 4971 1686 5027 commendat
1722 4971 1965 5026 historia.

402 5070 641 5141 Babylon
651 5069 835 5141 quippe
860 5068 1238 5135 interpretatur
1252 5064 1524 5121 confusio.
1544 5063 1611 5118 Et
1635 5063 1929 5134 Abydenus
1950 5077 1965 5114 :

414 5161 472 5214 '0
499 5160 555 5214 δὲ
579 5162 740 5226 τόπος
769 5163 828 5214 ὲν
850 5153 895 5228 ᾧ
926 5158 1016 5212 τὸν
1044 5157 1251 5229 πῦργον
1277 5147 1648 5227 ᾡκοδόμησᾶν,
1670 5154 1765 5209 νῦν
1797 5153 1971 5207 Βαϐυ-

402 5250 509 5305 λὼν
536 5253 779 5306 καλεῖται
810 5250 899 5305 διὰ
927 5251 1027 5321 τὴν
1068 5249 1327 5319 σύγχυσιν
1387 5246 1478 5301 τοῦ
1510 5247 1638 5320 περὶ
1667 5247 1767 5317 τὴν
1793 5244 1970 5300 διάλε-

402 5360 529 5397 κτον
567 5342 779 5414 πρῶτον
822 5340 1104 5414 ἐναργοῦς.
1137 5340 1375 5412 Ἑϐραῖοι
1420 5339 1529 5410 γὰρ
1569 5338 1669 5411 τὴν
1708 5337 1970 5408 σύγχυσιν

404 5434 569 5508 βαϐὲλ
600 5435 871 5489 καλοῦσιν.
902 5434 1033 5489 Eam
1076 5440 1331 5488 accurate
1362 5432 1680 5488 describunt
1722 5428 1969 5484 Herodo-

402 5538 513 5592 tus,
544 5527 641 5583 lib.
674 5526 994 5594 t;Curtius.
1041 5527 1135 5582 lib.
1179 5541 1249 5592 v;
1295 5523 1664 5579 Philostratus
1691 5538 1728 5577 ι.
1761 5520 1970 5577 Pausa-

402 5620 523 5674 nias
557 5617 727 5671 tradit
765 5619 1007 5672 omnium
1036 5631 1200 5687 quam
1229 5629 1472 5685 unquam
1504 5615 1588 5670 sol
1632 5613 1843 5682 aspexit
1874 5628 1970 5667 ur-

402 5712 551 5766 bium
571 5711 899 5777 maximam;
922 5711 1064 5764 mnri
1082 5710 1345 5765 ambitum
1364 5707 1552 5763 habuit
1573 5712 1967 5769 trecentorum,

401 5811 456 5858 et
484 5805 761 5878 octoginta
785 5804 1028 5875 quinque
1073 5802 1413 5871 stadiorum;
1462 5814 1696 5873 quorum
1738 5796 1969 5855 altitudo

2066 3341 2182 3396 Noe
2226 3339 2597 3410 prosequitur,
2631 3348 2686 3394 et
2735 3347 2893 3393 terra:
2923 3338 3270 3394 divisionem.
3313 3337 3377 3392 Hi
3412 3354 3654 3409 namque

2068 3430 2314 3485 omnium
2362 3427 2644 3483 hominum
2696 3437 2951 3498 parentes
3000 3428 3196 3482 merito
3241 3428 3348 3482 dici
3394 3436 3651 3497 possunt,

2069 3536 2192 3576 cum
2227 3518 2423 3590 reliqui
2453 3533 2719 3588 aquarum
2763 3517 2853 3572 illa
2882 3517 3243 3573 inundatione
3271 3518 3558 3586 obiisscnt,
3592 3526 3651 3573 ct

2069 3628 2135 3666 ex
2170 3611 2255 3668 bis
2299 3617 2615 3665 nostrorum
2653 3609 2898 3663 omnium
2931 3619 3090 3665 ortus
3131 3610 3514 3680 agnoscendus
3541 3619 3647 3666 est.

2073 3701 2173 3757 Per
2198 3716 2389 3756 omnes
2412 3701 2556 3756 enim
2591 3700 2781 3755 mundi
2827 3711 3012 3771 partes
3041 3700 3221 3755 dill‘usi
3257 3717 3429 3772 genus
3460 3701 3656 3756 huma-

2071 3809 2200 3848 num
2234 3802 2623 3863 propagarunt,
2652 3809 2862 3864 suaque
2890 3794 3127 3864 posteris
3156 3795 3378 3848 nomina
3428 3794 3654 3848 immor-

2071 3886 2318 3949 talitatis,
2343 3893 2398 3939 et
2426 3884 2703 3938 memoriae
2738 3900 2871 3953 ergo
2903 3885 3348 3939 transmiserunt.

2142 3976 2302 4040 lbid.,
2348 3977 2446 4030 lin.
2493 3975 2584 4030 41.
2632 3974 2754 4030 Τῶν
2790 3975 3097 4045 Ἑλλήνων
3140 3975 3310 4046 μετά.
3344 3974 3472 4030 Hac
3517 3989 3652 4031 sane

2071 4068 2175 4123 fuit
2213 4066 2524 4122 ercorum
2571 4068 2912 4137 pmstantia,
2949 4067 3063 4121 inec
3086 4068 3287 4129 virtus,
3337 4066 3472 4121 solis
3514 4067 3649 4136 ipsis

2071 4150 2355 4223 concessa,
2397 4160 2660 4227 denegata
2707 4158 2941 4225 ueteris,
2974 4166 3033 4211 ut
3077 4166 3290 4227 reperta
3328 4156 3397 4210 ab
3438 4157 3561 4211 aliis
3594 4158 3651 4211 in

2071 4248 2349 4303 meliorem
2402 4248 2613 4321 frugem
2663 4249 3009 4314 reducerent,
3056 4246 3247 4301 mutila
3285 4245 3650 4317 perficerent,

2071 4338 2299 4397 confusa
2330 4340 2746 4405 distribuerent,
2784 4354 2979 4394 manca
3007 4339 3343 4409 supplerent,
3374 4336 3648 4408 superflua

2072 4432 2384 4501 demerent;
2410 4447 2521 4487 non
2544 4433 2798 4500 barbare,
2824 4447 2935 4487 non
2968 4431 3307 4497 indistincte,
3323 4429 3420 4487 sed
3442 4429 3648 4499 Optima

2072 4525 2349 4589 methodo,
2380 4523 2752 4596 pulcherrimo
2779 4523 3018 4594 eloquio,
3043 4530 3096 4577 et
3126 4522 3412 4592 aptissima
3440 4519 3650 4575 oratio-

2070 4616 2159 4672 nis
2190 4623 2502 4684 structura;
2533 4616 2706 4671 multa
2732 4616 2895 4671 etiam
2930 4616 3035 4687 ipsi
3054 4615 3384 4685 invenirent,
3414 4627 3537 4684 quae
3568 4611 3649 4666 ita

2070 4707 2413 4779 perficerent,
2453 4714 2514 4762 ut
2541 4722 2704 4763 nemo
2732 4708 2818 4763 vel
2850 4706 2921 4764 iis
2951 4707 3153 4778 aptius,
3184 4706 3269 4761 vel
3299 4702 3646 4759 commodius

2069 4798 2252 4855 dicere
2287 4799 2547 4869 potuerit.
2587 4798 2732 4865 Quid
2755 4798 2973 4870 gannis,
3020 4806 3074 4853 et
3103 4797 3341 4851 blateras
3370 4793 3649 4864 ineptissi-

2069 4902 2193 4943 mus
2218 4888 2383 4955 Anni,
2410 4888 2479 4943 iis
2500 4902 2598 4958 per
2626 4902 2769 4958 quos
2797 4886 3132 4956 profeceras,
3165 4886 3211 4940 si
3239 4884 3371 4955 quid
3404 4897 3644 4953 unquam

2069 4978 2127 5033 in
2157 4979 2358 5035 litteris
2410 4978 2718 5049 profecisti,
2758 4980 2961 5034 rustice
3006 4979 3254 5048 ingratus
3278 4974 3379 5029 iSi
3407 4973 3580 5029 Graeci
3612 4974 3650 5029 ii

2071 5078 2219 5135 sunt,
2253 5084 2393 5140 quos
2434 5079 2491 5125 tu
2522 5069 2790 5136 somnias,
2822 5070 2952 5141 quid
2994 5079 3074 5123 tot
3102 5068 3411 5140 vigiliarum
3444 5065 3501 5119 in
3536 5063 3649 5119 illis

2069 5161 2457 5219 elucubrandis
2525 5162 2901 5232 nugamenta?
2929 5159 3070 5227 Quid
3109 5168 3190 5214 tot
3226 5163 3518 5228 congestas
3562 5156 3655 5209 in-

2069 5253 2244 5322 eptias
2275 5252 2485 5307 insulse
2516 5250 2822 5321 impendis?
2853 5251 2995 5317 Quid
3023 5252 3079 5304 in
3108 5249 3216 5303 illis
3237 5245 3651 5303 commentariis

2070 5342 2413 5398 illustrandis
2455 5356 2675 5412 operam
2710 5340 2933 5411 perdis?
2961 5340 3056 5395 Na:
3106 5349 3162 5393 tu
3204 5353 3310 5393 una
3349 5353 3474 5393 cum
3514 5336 3650 5401 illis,

2069 5450 2209 5505 quos
2244 5433 2442 5489 studiis
2494 5432 2716 5497 adoras,
2754 5433 2937 5503 lingua
2982 5432 3166 5500 iniqua
3197 5429 3543 5500 impudenter
3568 5428 3650 5483 la-

2070 5540 2248 5588 ceras,
2287 5525 2373 5579 vel
2408 5525 2672 5589 insanire,
2703 5523 2786 5577 vel
2818 5523 3003 5585 lallax,
3032 5529 3085 5576 et
3119 5521 3386 5589 impostor
3408 5533 3532 5574 esse
3559 5516 3659 5574 de-

2069 5615 2458 5688 prehenderis!
2495 5614 2668 5671 Graeci
2693 5621 2840 5680 sunt,
2873 5628 3013 5684 quos
3036 5614 3152 5683 ipse
3178 5611 3349 5667 duces
3375 5610 3655 5681 sequeris,

2071 5716 2119 5764 et
2159 5723 2226 5764 eo
2253 5708 2364 5764 illis
2407 5708 2737 5778 perversior,
2778 5706 2923 5776 quod
2968 5720 3093 5760 cum
3124 5718 3222 5759 eos
3257 5711 3516 5775 tanquam
3542 5702 3648 5757 im-

2070 5806 2323 5871 postores
2369 5815 2620 5869 accuses,
2654 5814 2845 5857 eorum
2889 5805 3075 5854 tamen
3126 5795 3370 5865 vestigiis
3409 5794 3653 5867 insistis.
