4124 6418
412 373 517 433 997

1498 361 1566 417 IN
1588 355 1977 431 ,EUSTATHII
2012 352 2489 411 HEXAEMERON
2519 354 2749 413 NOTAE.

413 504 725 564 ronymum,
773 503 841 545 ex
880 484 1125 542 Hebraeis
1160 482 1455 554 Iosephum
1481 523 1495 550 ,
1536 488 1593 536 et
1630 495 1696 536 ex
1728 476 1998 534 Chaldmis
2026 475 2073 535 Α
2102 472 2400 545 Seripturae
2438 476 2559 531 loca
2596 476 2750 546 bene;
2785 454 3221 540 considerentur,
3258 473 3419 529 aliam
3456 481 3676 546 gentem

412 584 697 641 Berosum.
753 579 1051 637 Eusebium
1100 578 1217 633 scio
1253 575 1502 630 Graecum
1547 575 1769 628 natione
1798 570 1989 634 fuisse,

412 676 663 732 Graecum
690 674 801 728 late
831 683 1048 741 sumpto
1072 669 1358 733 vocabulo,
1385 667 1680 736 Graeceque
1702 663 1993 734 scripsisse

412 768 847 836 Hieronymum;
884 762 981 818 sed
1023 770 1143 817 esto
1202 760 1461 824 Latinus;
1511 757 1809 828 Iosephum
1863 757 1993 810 reli-

414 858 577 928 gione
613 856 885 924 Judaeum,
944 854 1248 925 scriptione
1298 852 1568 907 Graecum.
1624 849 1721 904 Sat
1748 851 1906 915 bene,
1937 856 1993 903 at

416 948 689 1006 Eusebius
715 946 994 1018 quomodo
1022 944 1290 999 Latinus?
1317 944 1400 998 An
1433 944 1562 1014 quia
1585 943 1698 1012 ipse
1730 957 1854 997 eum
1890 928 1992 993 La-

415 1043 591 1096 tinum
617 1040 853 1111 legerit?
881 1038 977 1093 sed
1012 1038 1141 1108 legit
1171 1044 1225 1092 et
1246 1036 1501 1090 Latinum
1528 1034 1825 1104 Iosephum
1858 1035 1989 1103 (non

415 1132 563 1188 enim
614 1130 753 1185 tanti
812 1128 916 1184 fuit
960 1128 1049 1183 hic
1095 1137 1291 1182 auctor
1338 1134 1398 1181 ut
1436 1126 1654 1182 Graecos
1715 1136 1988 1189 auctores,

416 1222 602 1277 Graece
640 1221 923 1291 loquentes
959 1219 1312 1288 percurrerit,
1343 1225 1403 1270 ut
1437 1218 1643 1287 passim
1689 1217 1875 1272 videre
1906 1224 1992 1271 est

417 1316 473 1368 in
498 1314 602 1369 hoc
631 1313 859 1383 libello),
878 1318 933 1366 et
964 1310 1220 1365 Latinum
1252 1311 1538 1375 Berosum,
1571 1325 1673 1365 nec
1701 1318 1883 1364 tamen
1909 1311 1993 1364 iu-

416 1414 501 1462 tcr
530 1406 752 1461 Latinos
785 1411 1128 1459 annumerat.
1180 1402 1238 1458 Si
1288 1405 1475 1474 itaque
1506 1419 1620 1459 non
1675 1405 1990 1475 scriptione,

416 1498 512 1555 sed
539 1507 733 1554 natura
762 1506 826 1555 et-
846 1499 954 1553 ritu
981 1514 1154 1571 genus
1180 1497 1381 1553 Taral‘a
1410 1498 1695 1569 diiudicat,
1724 1498 1992 1555 Eusebius

416 1591 523 1645 erit
555 1591 794 1648 Graecus.

487 1681 605 1736 Col.
636 1681 764 1746 753,
801 1683 893 1736 lin.
930 1683 1019 1738 52.
1045 1686 1264 1753 Γαμερ,
1290 1681 1460 1748 ὅστις
1475 1683 1789 1752 Γαιιαρεῖς.
1824 1683 1993 1739 Chro—

417 1774 572 1828 nicon
613 1774 1033 1829 Alexandrinum
1074 1777 1356 1841 Κελκαῖοι,
1376 1775 1667 1841 Eusebius,
1692 1776 1991 1829 Καππάδο-

2098 572 2151 620 et
2188 565 2466 621 nationem
2495 567 2754 631 innuunt,
2786 582 2951 638 quam
2992 584 3115 623 eam
3160 568 3229 623 ad
3278 581 3444 637 quam
3490 567 3677 621 omnia

2096 656 2188 712 isti
2222 656 2332 711 duo
2373 666 2637 731 auctores
2671 658 2934 714 referunt.
2971 658 3163 730 Populi
3209 674 3448 729 namque
3488 659 3681 714 Ibero-

2097 763 2217 802 rum
2249 758 2406 803 erant
2436 749 2492 803 in
2521 749 2653 804 Asia
2689 749 2900 803 nationi
2926 748 3230 820 Chalybum
3257 750 3462 808 vicina.
3488 748 3680 817 ibique

2098 850 2266 895 ven‘as
2293 843 2597 898 metallicas
2624 842 3133 912 perscrutabantur.
3170 841 3304 896 Nam
3338 849 3392 896 et
3425 840 3677 897 Ezechiel

2099 933 2334 987 collocat
2388 933 2602 987 Thubal
2662 934 2741 987 in'
2790 935 3244 1003 septentrionem.
3294 932 3547 989 Iustinus
3574 933 3673 988 lib.

2100 1033 2374 1094 postremo
2434 1025 2625 1080 scribit
2680 1024 2951 1097 Chalybes
3002 1026 3058 1080 in
3094 1026 3413 1094 Hispaniam
3439 1026 3673 1089 venisse,

2101 1126 2159 1169 ut
2212 1115 2475 1170 credibile
2505 1116 2579 1170 sit
2629 1115 2779 1172 illius
2825 1117 3075 1172 homines
3130 1118 3450 1187 quaesivisse
3507 1132 3676 1173 venas

2098 1208 2419 1273 metallieas,
2451 1208 2587 1262 etin
2623 1208 2753 1262 aliis
2796 1209 2979 1263 terris.
3021 1208 3317 1272 Eusebius,
3366 1209 3573 1272 Θωὸὲλ,
3616 1209 3677 1275 ἐξ

2097 1294 2157 1353 οὗ
2187 1298 2466 1352 Θετταλοί.
2500 1298 2798 1355 Chronicon
2832 1301 3276 1364 Alexandrinum,
3307 1300 3495 1363 Θοϐὲλ,
3528 1298 3587 1366 ἐξ
3614 1290 3678 1353 οὗ

2098 1391 2434 1445 Μακουακοί.
2488 1392 2588 1448 His
2638 1407 2740 1447 nec
2787 1393 3000 1448 Annius
3033 1407 3138 1446 nec
3186 1390 3386 1446 Taral‘a
3433 1392 3677 1447 animum

2100 1482 2473 1536 adverterunt.
3408 1487 3412 1493 '

2170 1572 2330 1637 Ibid.,
2387 1574 2483 1626 lin.
2539 1573 2626 1625 57.
2689 1570 2868 1639 Ὀσὸχ
2897 1572 3341 1641 Μεσχηναίους.
3383 1569 3675 1639 Iosephus,

2099 1663 2209 1715 Καὶ
2237 1664 2495 1732 Μεσχινοὶ
2524 1664 2581 1715 δὲ
2617 1662 2720 1716 ὑπὸ
2747 1663 2966 1732 Μέσχου
3001 1662 3330 1724 κτισθέντες.
3377 1661 3676 1713 Καππάδο-
3741 1662 3746 1670 ’

2098 1773 2193 1819 κες
2229 1756 2324 1825 μὲν
2357 1755 2464 1826 γάρ
2486 1755 2609 1826 ἄρτι
2642 1755 2968 1826 κέκληνται,
3002 1757 3099 1827 τῆς
3134 1755 3191 1807 δὲ
3232 1754 3461 1824 ἀρχαίας
3495 1750 3677 1805 αὐτῶν

416 1882 532 1931 κες.
579 1867 715 1921 Cum
762 1866 1050 1923 Eustathio
1098 1877 1183 1923 est
1206 1836 1476 1938 Iosephus
1516 1836 1662 1922 lib.i
1703 1867 1989 1938 Antiquit.,

2097 1846 2465 1917 προσηγορίας
2504 1849 2727 1916 σημεῖον
2760 1845 3050 1900 δείκνυται.
3087 1845 3249 1907 Πόλις
3271 1846 3380 1916 γάρ
3405 1847 3521 1898 ἐστι
3547 1843 3675 1916 παρ’

416 1976 537 2031 cap.
569 1961 601 2014 7
637 1979 650 2017 :
691 1962 829 2026 Τοὺς
883 1962 980 2034 μὲν
1024 1962 1133 2034 γὰρ
1176 1961 1274 2017 νῦν
1324 1964 1414 2032 ὑφ’
1460 1962 1722 2034 Ἑλλήνων
1751 1963 1994 2027 Γαλάτας

416 2051 817 2122 καλουμένους,
881 2053 1151 2124 Γομαρεῖς
1206 2053 1263 2106 δὲ
1321 2052 1666 2123 λεγομένους,
1749 2054 1994 2126 Γομαρὸς

418 2138 621 2193 ἔκτισε.
657 2140 739 2193 Ab
775 2141 877 2195 hoc
908 2149 1059 2196 ortos
1105 2157 1228 2197 esse
1277 2141 1619 2207 Cimmerios,
1661 2144 1755 2213 qni
1803 2155 1994 2214 postea

419 2230 626 2285 Cimbri
655 2232 787 2286 dicti
818 2243 947 2288 sunt
975 2233 1197 2302 quidam
1222 2234 1557 2299 existimant,
1592 2244 1646 2291 et
1671 2236 1995 2292 Cimmerios

430 2323 601 2377 fuisse
656 2324 801 2377 ultra
857 2322 1146 2378 Thraciam
1199 2326 1344 2380 circa
1401 2325 1709 2382 Maeotidem
1741 2330 1993 2397 paludem

418 2414 654 2483 probant
689 2426 756 2469 ex
789 2429 910 2485 cap.
958 2432 1167 2470 xxxvui
1202 2416 1520 2482 Ezechielis,
1563 2420 1656 2489 qui
1690 2419 1890 2474 Gomer
1939 2429 1993 2475 et

415 2502 677 2574 Iogorma
706 2506 876 2561 latera
903 2522 1026 2563 esse
1057 2506 1345 2577 Aquilonis
1376 2511 1600 2564 scribit.-

487 2593 653 2660 Ibid.,
698 2595 794 2649 lin.
839 2596 928 2650 54.
972 2597 1150 2669 Ἀγὼν
1186 2600 1507 2670 Μαγώδεις.
1548 2600 1839 2672 Iosephus,
1869 2604 1995 2657 Μασ-

416 2682 603 2757 γὼγης
636 2686 693 2740 δὲ
738 2689 864 2751 τοὺς
918 2690 1009 2743 ὑπ’
1059 2689 1223 2744 αὐτοῦ
1251 2692 1550 2761 ’Μαγώγας
1598 2693 1996 2765 ὀνομασθέντας

416 2775 619 2846 ᾤκισε,
675 2776 885 2841 Σκύθας
937 2779 994 2832 δὲ
1044 2780 1135 2833 ὑπ’
1168 2780 1349 2835 αὐτῶν
1399 2783 1989 2855 προσαγορευομένους.

417 2864 708 2931 Eusebius,
760 2868 820 2933 ἐξ
873 2863 934 2923 οὗ
985 2870 1199 2935 Κελτοὶ,
1246 2872 1340 2925 καὶ
1383 2873 1637 2930 Γαλάται.
1698 2874 1993 2930 Chronicon

415 2955 862 3024 Alexandrinum,
894 2957 954 3023 ἐξ
982 2953 1044 3013 οὗ
1088 2961 1428 3032 Ἀκυρτανοί.
1464 2962 1690 3020 Gentem
1717 2965 1859 3020 hanc
1882 2966 1995 3020 Ma-

415 3062 676 3119 gogorum
730 3048 980 3104 Ezechiel
1036 3054 1514 3122 septentrionalem
1567 3071 1692 3112 esse
1749 3058 1883 3113 dicit
1940 3066 1994 3113 et

414 3141 657 3196 externis
700 3143 1036 3213 temporibus
1078 3145 1188 3200 late
1237 3154 1570 3201 vastaturam
1612 3151 1801 3215 Israel,
1847 3154 1992 3208 unde

414 3244 526 3284 non
548 3231 819 3286 immerito
855 3231 1133 3303 Scythiam
1165 3249 1290 3290 esse
1332 3244 1519 3289 noster
1562 3235 1881 3294 Eustathius
1908 3242 1990 3293 af-

413 3322 616 3376 ﬁrmat.
665 3320 992 3394 Scytharum
1027 3325 1214 3395 plures
1260 3327 1511 3382 nationes
1556 3335 1612 3383 et
1655 3345 1844 3384 eorum
1890 3348 1991 3386 no-

414 3416 563 3468 mina
595 3415 718 3470 vide
749 3416 892 3485 apud
909 3417 1279 3471 Abrahamum
1298 3420 1601 3474 Hortelium
1631 3422 1687 3476 in
1722 3423 1990 3479 Thesauro

298 3572 307 3575 _
412 3500 781 3568 geographica.
833 3499 1030 3555 Strabo
1065 3501 1275 3566 scribit,
1304 3503 1398 3558 lib.
1434 3521 1473 3568 ι,
1504 3520 1696 3560 omnes
1742 3508 1990 3577 cognitas

418 3591 671 3661 regiones
719 3607 915 3648 versus
958 3595 1382 3663 septentrionem
1415 3610 1527 3649 uno
1556 3598 1712 3664 prius
1743 3598 1988 3666 nomine,

413 3683 500 3738 vel
532 3681 785 3755 Scythas,
827 3687 912 3741 vel
944 3693 1002 3739 ut
1030 3686 1098 3741 ab
1128 3688 1368 3741 Hornero
1392 3685 1665 3743 Nomades
1690 3690 1991 3759 appellatas

413 3773 555 3831 idem
586 3777 803 3832 videtur
831 3794 1099 3844 asserere,
1133 3788 1189 3836 et
1224 3782 1260 3835 l.
1301 3796 1360 3837 ιι.

483 3868 644 3933 Ibid.,
676 3870 773 3924 lin.
801 3870 891 3925 55.
936 3870 1101 3927 Ἀδαῖ
1123 3873 1448 3939 Μαδαίους.
1469 3871 1762 3945 Iosephus,
1792 3874 1913 3929 Τῶν
1936 3875 1993 3930 δὲ

426 3960 640 4029 Ἰάφθου
676 3962 881 4016 παίδων
917 3963 1156 4018 Ἰαυάνου
1187 3965 1281 4018 καὶ
1330 3966 1536 4020 Μάδου.
1577 3967 1711 4020 Ἀπὸ
1756 3968 1853 4039 μὲν
1896 3969 1991 4021 του

412 4053 645 4107 Μαδαῖοι
677 4055 976 4124 γίγνονται,
1025 4056 1178 4120 ἔθνος
1224 4058 1254 4111 ὃ
1305 4059 1442 4130 πρὸς
1501 4058 1770 4131 Ἐλλήνων
1817 4062 1993 4130 Μῆδοι

414 4144 724 4218 κέκληνται.
749 4146 1036 4214 Eusebius,
1060 4149 1120 4215 ἐξ
1146 4145 1208 4203 οὗ
1231 4150 1424 4221 Μῆδοι.
1451 4150 1750 4206 Chronicon
1766 4153 1995 4209 Alexan-

412 4237 648 4301 drinum,
677 4237 859 4292 Μαδαῒ
884 4239 943 4305 ἐξ
968 4234 1030 4294 οὗ
1062 4240 1373 4311 Βρεττανοί.
1403 4241 1542 4297 Medi
1585 4256 1776 4300 versus
1816 4245 1995 4300 oricu-

414 4339 526 4386 tem
570 4334 848 4403 progressi
876 4344 1024 4403 sunt,
1059 4349 1194 4405 gens
1227 4334 1433 4390 nobilis
1455 4343 1510 4391 et
1539 4335 1693 4393 dives
1738 4337 1788 4392 si
1818 4336 1994 4394 Hero-

415 4421 567 4489 doto,
619 4423 990 4495 Xenophonti,
1041 4426 1276 4498 aliisque
1325 4427 1687 4499 scriptoribus
1718 4427 1856 4484 ﬁdes
1892 4430 1995 4485 ha-

413 4515 593 4573 benda
620 4526 727 4574 est.

482 4610 622 4666 Ibid.
659 4611 850 4667 Ἰουὰν
889 4614 1130 4670 Ἰωνίαν.
1165 4615 1458 4687 Iosephus,
1503 4616 1638 4670 Ἀπὸ
1662 4615 1721 4669 δὲ
1755 4616 1993 4671 Ἰαυάνου

424 4705 602 4760 Ἰωνία
649 4705 747 4759 καὶ
790 4706 992 4769 πάντες
1036 4706 1296 4777 Ἕλληνες
1339 4708 1648 4776 γεγόνασιν.
1701 4707 1993 4775 Eusebius,

425 4795 634 4860 Ἰωυάν,
670 4793 732 4861 ἐξ
782 4789 846 4849 οὗ
893 4796 1155 4867 Ἕλληνες
1205 4798 1301 4850 καὶ
1351 4797 1402 4849 οὶ
1434 4797 1640 4860 Ἴωνες.
1698 4794 1995 4851 Chronicon

415 4886 861 4949 Alexandrinum,
904 4886 1064 4940 Ἰωυὰ
1093 4884 1317 4950 Σπάνοι,
1342 4888 1391 4939 οἱ
1420 4887 1514 4940 καὶ
1541 4886 1849 4957 Τυράννιοι.
1886 4889 1997 4956 Ap-

416 4981 713 5052 pellatione
738 4978 937 5034 Ionum
958 4978 1351 5049 comprehendi
1382 4976 1604 5033 Graecos
1634 4976 1809 5033 ﬁrmis
1841 4979 1997 5033 testi-

414 5076 618 5130 moniis
647 5075 870 5145 probari
910 5080 1089 5144 potest
1116 5089 1186 5129 ex
1217 5073 1459 5141 Daniele,
1495 5088 1621 5127 eum
1652 5071 1995 5127 eversionem

415 5167 575 5235 regni
620 5166 913 5224 Persarum
966 5164 1137 5220 Iavan
1182 5165 1446 5231 nominet,
1489 5171 1545 5220 et
1595 5170 1777 5234 potest
1826 5163 1995 5219 etiam

416 5260 769 5330 profanorum
803 5260 1134 5331 scriptorum
1164 5259 1491 5315 auctoritate
1518 5257 1853 5314 conﬁrmari.

489 5348 653 5413 Ibid.,
688 5350 795 5405 lin.
817 5349 906 5406 56.
956 5350 1118 5404 Ὀὄὲλ
1152 5351 1499 5416 Θεοϐέλους.
1523 5347 1821 5419 Iosephus,
1848 5351 1997 5403 Κατ-

416 5440 612 5505 οικίζει
662 5441 720 5494 δὲ
779 5445 875 5496 καὶ
921 5442 1194 5515 Θοὸήλους
1240 5441 1501 5512 Θὸὃηλος,
1551 5441 1748 5504 οἵτινες
1781 5443 1839 5495 ὲν
1884 5445 1999 5505 τοῖς

418 5534 516 5590 νῦν
547 5534 764 5607 Ἴϐηρες
787 5536 1100 5592 καλοῦνται.
1122 5535 1379 5591 Pluribus
1408 5535 1459 5590 id
1492 5534 1727 5606 probare
1749 5535 2000 5589 nituntur

419 5626 657 5690 Annius,
688 5636 743 5681 et
772 5625 992 5691 Taral'a,
1022 5644 1090 5683 ex
1120 5626 1452 5697 quibusdam
1491 5624 1681 5680 Iberia:
1714 5624 1996 5678 civitatum

422 5720 738 5776 nominibus
767 5720 1002 5789 sumptis
1030 5718 1393 5792 argumentis,
1437 5734 1600 5790 quem
1640 5725 1695 5773 et
1727 5718 2002 5788 Hispano-

421 5827 545 5873 rum
576 5808 815 5889 primum.
862 5829 1045 5885 regem
1083 5813 1448 5870 constituunt.
1488 5809 1693 5868 Verum
1731 5809 1781 5867 si
1830 5824 2001 5865 sacrae

2099 1937 2283 1998 αὐτοῖς
2321 1935 2400 1988 ἔτι
2433 1937 2527 1988 καὶ
2560 1936 2655 1990 νῦν
2702 1937 2941 2000 Μάζακα
2990 1935 3224 2006 δηλοῦσα
3270 1938 3381 1998 τοῖς
3435 1935 3675 1989 συνιέναι

2096 2029 2409 2100 δυναμένοις
2441 2028 2583 2082 οὕτω
2608 2029 2739 2082 ποτὲ
2770 2030 3204 2101 προσαγορευθὲν
3239 2031 3301 2081 τὸ
3331 2028 3503 2092 ἔθνος.
3567 2028 3676 2084 Eu-

2097 2119 2303 2183 sebius,
2352 2119 2557 2189 Μεσὸχ,
2602 2118 2661 2183 ἐξ
2707 2111 2767 2171 οὗ
2816 2117 3078 2187 Ἰλλυριοί.
3112 2118 3411 2172 Clu-enimn
3440 2119 3677 2174 Alexan-

2096 2211 2328 2275 drinum,
2357 2210 2564 2280 Μεσὸχ,
2595 2208 2655 2273 ἐξ
2682 2202 2742 2260 οὗ
2794 2208 3062 2260 Γετουλοί.
3105 2206 3335 2273 Quidam
3365 2206 3678 2261 existimant

2097 2300 2197 2355 hos
2218 2315 2339 2355 esse
2367 2299 2693 2355 Moschoviae
2716 2300 2969 2370 populos,
2996 2299 3145 2369 quia
3170 2300 3447 2352 veteribus
3469 2297 3677 2368 Μοσχι-

2097 2395 2183 2447 κοί
2229 2402 2284 2450 et
2333 2395 2695 2448 Μοσσύνοικοι
2748 2392 3004 2463 appellati
3063 2398 3214 2446 sunt.
3268 2389 3448 2458 Hujus
3495 2389 3676 2459 gentis

2095 2488 2271 2556 prima
2300 2486 2457 2541 sedes
2487 2484 2589 2538 fuit
2619 2485 2773 2537 littus
2802 2482 2964 2537 Ponti
2992 2479 3217 2546 Euxini,
3241 2487 3431 2549 postea
3464 2478 3680 2546 Cappa-

2095 2579 2261 2634 doces
2320 2576 2517 2642 fuere;
2572 2575 2767 2630 deinde
2821 2589 3016 2629 versus
3066 2570 3493 2643 septentrionem
3545 2583 3676 2639 pro-

2097 2684 2285 2741 gressa
2319 2678 2421 2725 est.

2166 2763 2283 2819 Col.
2319 2762 2442 2826 756,
2486 2763 2582 2816 lin.
2618 2761 2668 2814 l.
2707 2760 2915 2827 Θείρας
2938 2757 3081 2824 τοὺς
3107 2757 3336 2825 Θείρας.
3382 2754 3675 2825 Iosephus,

2097 2857 2295 2927 Θείρης
2324 2854 2381 2909 ἃ
2409 2853 2606 2923 Θείρας
2634 2852 2733 2923 μὲν
2764 2850 3043 2913 ἐκάλεσεν,
3072 2845 3147 2903 ὧν
3178 2844 3344 2919 ἦρξεν
3364 2864 3379 2878 ·
3416 2845 3676 2916 Ἕλληνες

2097 2950 2155 3003 δὲ
2198 2949 2419 3019 Θρᾷκας
2479 2946 2676 3008 αὐτοὺς
2739 2943 3153 3014 μετωνόμασαν.
3201 2940 3502 3001 Eusebius,
3563 2937 3676 3008 Θη-

2100 3043 2233 3115 ράς,
2266 3038 2326 3105 ἐξ
2364 3033 2425 3094 οὗ
2458 3038 2690 3109 Θρᾷκες.
2744 3034 3039 3091 Chronicon
3093 3030 3533 3095 Alexandrinum,
3568 3028 3679 3100 Θη-

2101 3135 2232 3207 ρὰς,
2266 3133 2326 3198 eg
2348 3127 2409 3186 οὗ
2452 3129 2661 3202 Ἀφροί.
2708 3127 2805 3183 Est
2834 3136 2887 3182 et
2918 3127 2975 3180 in
3006 3124 3204 3179 Russia
3234 3120 3431 3176 ﬂuvius
3459 3120 3680 3176 nomine

2097 3225 2316 3288 Thiras,
2347 3237 2518 3293 quare
2549 3214 2795 3275 nonnulli
2829 3216 3182 3285 suspicantur
3212 3213 3280 3267 ab
3313 3213 3414 3266 hac
3440 3212 3681 3281 appella.-

2098 3318 2246 3370 tione
2271 3314 2369 3368 lilii
2387 3311 2620 3384 ,Japhet,
2645 3318 2699 3367 et
2725 3310 2953 3365 [luvium
2980 3314 3035 3362 et
3054 3314 3267 3378 gentem
3300 3310 3677 3375 nuncupatum

2094 3422 2238 3463 esse.

2172 3496 2331 3561 Ibid.,
2366 3496 2465 3550 lin.
2491 3495 2547 3548 ‘2.
2582 3490 2825 3563 Σχανὰξ
2859 3489 2929 3554 ἐξ
2968 3484 3064 3543 οὗ.
3092 3484 3385 3554 Iosephus,
3413 3483 3675 3554 Γαμάρου

2097 3589 2156 3643 δὲ
2187 3586 2353 3659 τριῶν
2394 3584 2526 3638 υἱῶν
2580 3581 2906 3653 γενομένων,
2956 3575 3291 3648 Ἀσχανάξης
3328 3575 3426 3646 μὲν
3478 3574 3676 3645 Ἀσχα-

2097 3682 2264 3749 νάξας
2300 3680 2521 3752 ᾤκισεν,
2552 3677 2602 3732 οἳ
2647 3675 2741 3730 νῦν
2795 3675 3042 3746 Ῥηγῖνες
3091 3671 3196 3725 ὑπὸ
3235 3667 3346 3722 τῶν
3408 3667 3676 3740 Ἐλλήνων

2099 3773 2408 3828 καλοῦνται.
2462 3770 2754 3832 Eusebius,
2820 3765 3108 3837 Ἀσχανὰξ,
3165 3763 3226 3829 ἐξ
3273 3758 3335 3818 οἶ)
3405 3763 3671 3834 Ῥηγῖνες.

2099 3866 2394 3921 Chronicou
2438 3860 2879 3924 Alexandrinum,
2948 3854 3253 3928 Ἀσχανὰθ,
3310 3854 3371 3920 ἐξ
3433 3848 3494 3909 οὗ
3554 3853 3676 3909 Μά-

2099 3960 2268 4024 ζικες.

2171 4051 2332 4116 Ibid.,
2369 4050 2465 4105 lin.
2503 4049 2557 4103 '5.
2610 4046 2838 4116 Ῥιφὰθ,
2861 4044 2932 4109 ἐξ
2950 4038 3044 4100 οὗ.
3079 4040 3371 4112 Iosephus,
3414 4038 3678 4111 Ῥιφάθης

2098 4145 2155 4199 δὲ
2195 4143 2511 4212 Ῥιφαθέους
2553 4141 2679 4203 τοὺς
2721 4136 3080 4206 Παφλαγόνας
3125 4135 3470 4203 λεγομένους.
3507 4130 3679 4185 Euse-

2099 4239 2244 4306 bius,
2286 4237 2491 4307 Ῥιχὰδ,
2521 4233 2582 4298 se
2612 4226 2672 4287 οὗ
2707 4231 3076 4303 Σαυρομάται.
3107 4224 3405 4281 Chronicon
3437 4222 3677 4276 Alexan-

2102 4334 2338 4396 drinum,
2395 4326 2621 4396 Ῥυφὰθ,
2655 4325 2715 4393 ἐξ
2745 4318 2806 4379 οὗ
2835 4321 3194 4393 Ταράμαντες
3233 4315 3509 4385 ὲξώτεροι,
3555 4314 3677 4384 qui—

2101 4428 2225 4483 dam
2258 4428 2453 4495 putant
2484 4419 2771 4491 legendum
2797 4414 3174 4486 Γαράμαντες.

2026 4535 2073 4591 ι)
2101 4576 2106 4582 _
2171 4517 2332 4585 Ibid.,
2361 4515 2459 4570 lin.
2488 4513 2540 4567 4.
2566 4506 2991 4581 Θυτραμμάεις.
3012 4502 3303 4574 Iosephus.
3333 4499 3677 4571 Θυγράμμης

2096 4612 2154 4667 δὲ
2200 4606 2660 4682 Θυγραμμάνους,
2710 4601 2761 4655 οἳ
2812 4599 2969 4664 δόξαν
3001 4596 3228 4668 Ἕλλησι
3272 4592 3484 4682 ⁴ιξρύγες
3538 4591 3676 4646 ὠνο-

2098 4680 2403 4778 μάσθησαν.
2458 4696 2753 4758 Eusebius,
2807 4689 3095 4765 Θοργαμὰ,
3149 4686 3210 4753 ἐξ
3252 4680 3313 4742 οὗ
3378 4684 3673 4778 Ἀρμένιοι.

2096 4771 2398 4852 Chron-icon
2458 4788 2913 4851 Alexandrinum,
2971 4781 3305 4852 Θοσμαγὰο.
3357 4777 3416 4841 ἐξ
3468 4771 3529 4831 οὗ
3577 4773 3677 4830 Βο-

2098 4884 2282 4957 ράδες.

2090 4956 2108 5023 Ῐ
2167 4974 2330 5040 Ibid.,
2365 4974 2463 5026 lin.
2504 4969 2557 5025 6.
2588 4967 2903 5031 Ἑλίσασα,
2934 4963 3004 5027 ἐξ
3025 4958 3120 5018 οὗ.
3153 4958 3444 5030 Iosephus,
3500 4956 3677 5010 Ἰαυάο

2095 5085 2187 5122 νου
2219 5068 2276 5121 δὲ
2323 5063 2416 5118 τοῦ
2461 5061 2676 5131 Ἰάφθου
2708 5059 2874 5130 τριῶν
2904 5054 3069 5127 αὑτοῦ
3099 5053 3302 5108 παίδων
3346 5049 3677 5121 γενομένων,

2107 5158 2323 5222 ’Δλίσας
2353 5156 2451 5228 μὲν
2494 5154 2797 5217 Ἀλισαίους
2827 5150 3105 5212 ἐκάλεσεν,
3136 5141 3210 5200 ὧν
3240 5141 3433 5216 ἦρχεν,
3469 5141 3679 5206 Αἰολεῖς

2095 5252 2152 5306 δὲ
2181 5250 2276 5305 νῦν
2301 5252 2427 5303 εἰσι.
2471 5246 2764 5310 Eusebius,
2794 5243 3032 5308 Ἐλισσὰ,
3057 5240 3119 5306 ἐξ
3155 5230 3217 5293 οὗ
3245 5235 3477 5291 Σικελοί.
3509 5233 3679 5290 Chro-

2097 5345 2251 5399 niccn
2290 5339 2732 5404 Alexandrinum,
2777 5336 3016 5399 Ἐλισσὰ,
3052 5332 3111 5400 ἐξ
3138 5328 3200 5385 οἶ)
3230 5329 3467 5401 Μαῦροι.

2169 5434 2332 5499 lbid.,
2368 5434 2467 5487 lin.
2502 5434 2556 5488 7.
2595 5429 2858 5499 Oapaﬁc,
2887 5428 2988 5496 ἀφ’
3017 5421 3113 5482 οὗ.
3149 5423 3443 5493 Iosephus,
3469 5420 3681 5492 Θάρσος

2098 5531 2156 5584 δὲ
2181 5529 2432 5600 Θαρσεῖς.
2481 5524 2639 5580 Οὕτω
2671 5523 2780 5594 γὰρ
2809 5521 3053 5575 ἐκαλεῖτο
3094 5518 3155 5571 τὸ
3189 5515 3417 5570 παλαιὸν
3456 5516 3491 5585 ἠ
3520 5510 3680 5568 Κιλι-

2100 5622 2213 5677 κία.
2251 5621 2484 5692 Σημείον
2533 5614 2874 5687 δέ·.Θαρσὺς
2920 5613 3031 5685 γὰρ
3079 5612 3209 5683 παρ’
3242 5609 3427 5672 αὐτοῖς
3448 5607 3558 5661 τῶν
3583 5606 3680 5661 ’.τὸ-

2103 5713 2240 5766 λεων
2290 5713 2323 5782 ἡ
2352 5706 2756 5778 ἀξιολογωτάτη
2790 5705 3038 5760 καλεῖται
3072 5699 3411 5772 μητρόπολις
3436 5693 3595 5752 οὖσα.
3617 5695 3683 5749 τὸ

2101 5803 2374 5878 ταῦηπρὸς
2407 5801 2507 5875 τὴν
2534 5800 2726 5872 κλῆσιν
2756 5799 2877 5854 ἀντὶ
2906 5795 2999 5851 τοῦ
3034 5795 3173 5864 θῆτα
3213 5789 3678 5865 μεταϐαλλόντων.

3568 325 3770 412 ουδ’
