4124 6426
348 325 390 337 ”’
488 344 593 400 υυθ

1870 337 2116 395 LEONIS
2154 337 2427 394 ALLATII

3597 350 3733 408 i000

487 458 778 538 Eusebius,
827 456 1076 528 Θαρσεῖς,
1116 455 1176 522 ἐξ
1218 451 1280 512 οὗ
1313 457 1550 529 Ἴϐηρες.
1586 457 1884 513 Chronicon
1933 459 2060 514 Ale-

2163 460 2354 525 liabus,
2381 461 2650 526 masculis,
2675 461 2863 526 brutis,
2892 472 2941 518 et
2974 465 3150 535 quovis
3172 466 3279 520 alio
3305 484 3508 538 genere,
3551 469 3615 525 ob
3640 471 3734 527 hoc

489 544 829 618 Minuta,
861 553 1113 623 Θαρσεῖς,
1144 550 1202 617 ἐξ
1230 544 1292 604 οὗ
1318 551 1663 622 Ταράναντες
1689 549 1965 623 ἐσώτεροι.

560 645 817 707 Col.756,
835 646 932 699 lin.
955 643 1041 698 10.
1059 644 1271 711 Χεθείμ
1294 640 1560 711 Χεθειμά.
1585 639 1878 711 Josepbus,
1894 640 2060 694 Χέθιο

493 757 591 813 μσς
616 740 675 794 δὲ
721 736 938 808 Χεθιμὲι
985 736 1083 807 τὴν
1113 736 1277 806 νῆσον
1330 733 1475 805 ἔσχε.
1514 732 1737 805 Κύπρος
1784 733 1921 805 αῦτη
1967 734 2062 788 νῦν

489 833 757 895 καλεῖται,
784 832 876 884 καὶ
907 831 1000 884 ἀπ’
1022 828 1190 899 αὐτῆς
1210 827 1363 898 νῆσοί
1394 843 1453 879 τε
1481 827 1652 879 πᾶσαι
1676 827 1768 880 καὶ
1791 824 1862 878 τὰ
1894 825 2061 879 πλείω

489 922 598 977 τῶν
630 920 784 994 παρα
832 919 1104 975 θάλασσαν
1140 916 1318 986 Χεθὶμ
1349 914 1455 967 ὑπὸ
1504 915 1768 985 Ἑϐραίων
1799 915 2059 986 ὀνομάζε-

488 1032 600 1068 ται.
633 1014 859 1085 Μάρτυς
903 1010 960 1064 δέ
997 1026 1098 1081 μου
1142 1006 1237 1060 τοῦ
1280 1006 1438 1074 λόγου
1470 1006 1566 1077 μία
1606 1006 1715 1059 τῶν
1745 1008 1803 1060 ὲν
1851 1007 2061 1077 Κύπρῳ

490 1105 698 1161 πόλεων
730 1103 993 1175 ἰσχύσασα
1028 1102 1128 1171 τὴν
1165 1099 1533 1172 προσηγορίαν
1564 1096 1829 1168 φυλάξαι.
1860 1097 2061 1169 Κήθιος

488 1198 602 1271 γὰρ
631 1196 738 1250 ὑπὸ
775 1194 883 1248 τῶν
924 1191 1378 1262 ἐξελληνισάντων
1423 1190 1591 1260 αὐτὴν
1640 1189 1905 1251 καλεῖται,
1937 1189 2060 1260 μηδ’

488 1290 632 1344 οὕτω
659 1286 1020 1356 διαφεύγουσα
1052 1282 1145 1335 τοῦ
1179 1282 1418 1352 Χεθίμου
1447 1281 1508 1334 τὺ
1527 1282 1717 1351 ὄνομα.
1767 1280 2057 1345 Eusebius,

491 1381 692 1441 Κίτιοι,
746 1378 806 1443 ἐξ
837 1372 896 1431 οὗ
937 1376 1154 1429 Λατῖνοι
1200 1375 1251 1427 οξ
1296 1374 1391 1426 καὶ
1431 1374 1709 1444 Ῥωμαῖοι.
1763 1371 2060 1429 ϐΙινοκίεοη

488 1470 930 1530 Alexandrinum,
971 1466 1184 1532 Ῥόδιοι,
1215 1463 1277 1529 ἐξ
1315 1457 1377 1517 οὗ
1419 1465 1699 1535 Ῥωμαῖοι,
1745 1466 1795 1518 oi
1832 1466 1926 1519 καὶ
1946 1466 2059 1521 Λα-

487 1565 644 1617 τῖνοι.
677 1562 812 1628 Quis
842 1560 957 1614 haec
981 1558 1165 1629 legens
1187 1572 1297 1610 non
1326 1555 1631 1625 dcplorabit
1659 1556 2059 1627 exscriptorum

490 1652 784 1718 inscitiam,
819 1647 1141 1705 dictantium
1169 1645 1541 1708 oscitantiam,
1573 1652 1628 1699 et
1659 1653 1946 1699 auctorum
1975 1644 2057 1699 la-

489 1752 604 1797 tum
644 1741 917 1811 iniquum,
947 1737 1040 1809 qui
1078 1750 1143 1791 ea
1176 1750 1297 1805 quae
1339 1749 1515 1804 neque
1552 1734 1912 1804 scripserunt.
1960 1749 2059 1788 ne~

2166 551 2360 622 ejectus
2396 570 2428 605 a
2458 551 2600 607 Jano
2632 554 2889 623 piissimo,
2913 565 2962 610 et
2985 558 3297 613 castimonia
3338 571 3495 630 atque
3529 562 3733 631 pudici-

2169 644 2244 697 tia
2306 644 2672 713 refertissimo,
2704 647 2923 700 sortitus
2974 658 3054 702 est
3114 646 3515 720 cognomentum
3567 653 3730 709 Client

2168 734 2400 800 Esenua,
2429 736 2484 789 id
2510 746 2610 802 est,
2654 736 2813 792 Cbem
2862 738 3078 809 infamis
3113 750 3163 794 et
3220 742 3536 808 impudicus,
3584 746 3735 801 incn-

2167 825 2261 881 bus
2288 837 2640 897 propagator;
2696 839 2776 883 est
2803 830 2942 883 enim
2980 829 3137 884 Esem
3171 831 3311 899 apud
3346 831 3573 903 Scythas
3595 837 3735 890 Ara-

2167 930 2326 970 ma'os
2389 916 2649 986 infamis,
2700 926 2749 972 et
2813 917 3142 988 impudicus.
3205 920 3362 977 Enna
3438 940 3557 978 vero
3616 936 3727 982 tum

2167 1006 2488 1075 impudicus,
2551 1019 2664 1062 tum
2714 1020 3059 1080 propagator,
3113 1019 3222 1069 etc.
3273 1014 3432 1086 Apud
3465 1015 3734 1076 Joannem

2165 1095 2489 1151 Cassianum
2525 1097 2764 1156 Serenus
2795 1103 2988 1167 abbas,
3023 1104 3206 1159 collat.
3238 1105 3292 1170 8,
3318 1123 3440 1177 cap.
3478 1108 3571 1176 21,
3620 1121 3735 1167 tra-

2165 1183 2265 1246 dit,
2324 1187 2657 1256 magicarum
2718 1194 3192 1261 superstitionum,
3232 1204 3286 1252 et
3330 1201 3733 1271 praestigiarum

2165 1275 2372 1344 primos
2414 1287 2669 1336 auctores
2726 1288 2782 1337 et
2833 1284 3125 1354 magistros
3185 1286 3357 1343 fuisse
3399 1291 3574 1348 malos
3637 1310 3735 1350 au-

2165 1368 2315 1436 gelos
2382 1369 2658 1438 quondam
2713 1386 2838 1426 cum
2880 1375 3204 1431 mulieribus
3262 1380 3491 1446 mistos;
3540 1398 3731 1439 earum

2163 1474 2295 1513 vero
2322 1460 2520 1514 artium
2553 1463 3043 1529 studiosissimum,
3068 1475 3121 1522 et
3142 1469 3530 1538 peritissimum
3561 1472 3734 1532 fuisse

2164 1549 2332 1604 Cham
2356 1551 2526 1607 lilium
2548 1553 2685 1619 Noe,
2716 1555 2809 1624 qui
2836 1571 2930 1612 eas
2960 1565 3105 1613 artes
3134 1576 3203 1615 nc
3246 1562 3452 1617 diluvio
3493 1568 3736 1635 perirent

2164 1639 2503 1698 diversorum
2533 1645 2877 1701 metallorum
2929 1647 3146 1705 laminis
3187 1659 3240 1706 et
3293 1653 3606 1713 durissimis
3653 1660 3735 1712 la-

2163 1733 2380 1803 pidibus
2423 1735 2725 1808 insculptas
2774 1727 3140 1807 conservavit,
3181 1751 3235 1797 et
3289 1754 3412 1814 post
3466 1747 3731 1804 diluvium

488 1850 598 1905 que
631 1834 977 1890 somniarunt
1030 1828 1273 1902 quidem,
1326 1836 1598 1898 coguntur
1661 1827 1785 1882 aliis
1840 1827 2063 1899 legenda
2094 1844 2137 1897 Β
2165 1841 2259 1882 eas
2294 1826 2479 1882 docuit
2506 1837 2754 1900 posteros
2770 1846 2919 1897 suos,
2941 1841 2992 1888 et
3008 1850 3106 1903 per
3122 1835 3307 1891 orbem
3335 1837 3728 1895 disseminavit.

491 1924 835 1997 proponere?
896 1921 1135 1975 Victoris
1180 1918 1482 1989 presbyteri
1531 1918 1823 1987 explicatio
1868 1918 1924 1972 in
1969 1916 2063 1972 Je-

492 2016 734 2083 remiam,
767 2030 888 2084 cap.
916 2012 973 2077 2,
1004 2011 1264 2081 Χεττιεὶμ
1293 2012 1326 2080 ἡ
1358 2008 1581 2080 Κύπρος
1608 2007 1745 2061 ὲστί.
1791 2006 1982 2080 Κηδὰρ
2004 2008 2063 2061 δὲ

491 2103 562 2179 ἦν
594 2107 707 2171 υίὸς
746 2104 968 2178 Ἰσμαὴλ
1010 2101 1125 2157 υίοῦ
1171 2099 1443 2173 Ἁϐραάμ,
1487 2100 1547 2164 ἐξ
1591 2093 1713 2170 οῦή
1761 2099 1914 2170 χώρα
1960 2100 2064 2153 Σα-

496 2199 747 2275 ρακηνῶν
803 2198 1211 2271 ἐπωνόμασται.
1263 2192 1710 2265 Olympiodorus,
1768 2193 1924 2258 Τινὲς
1965 2193 2063 2265 μὲν

492 2293 771 2366 Κυπρίους
797 2290 952 2360 φασὶ,
986 2288 1128 2351 τινὲς
1156 2288 1214 2341 δὲ
1243 2285 1419 2340 Ἰνδῶν
1438 2285 1587 2357 ἔθνη.
1615 2283 2060 2357 Chrysostomus,

490 2385 718 2450 ibidem,
751 2379 1015 2451 Χεττιείμ
1061 2394 1207 2442 τινες
1255 2377 1464 2446 ἔφασαν
1490 2374 1791 2448 Κυπρίους,
1820 2374 1966 2440 τινὲς
2005 2376 2064 2429 δὲ

489 2476 675 2539 Χίους.

561 2590 726 2653 Ibid.,
753 2589 851 2644 lin.
881 2589 967 2643 l5.
992 2586 1138 2641 owe
1169 2584 1286 2639 viai
1313 2585 1420 2641 τοῦ
1436 2585 1583 2655 Χάμ.
1602 2584 1895 2657 Iosephus.
1927 2583 2062 2638 υίδὶ

490 2683 680 2755 Χάμου
697 2681 904 2748 παῖδες,
917 2678 1011 2751 τὴν
1035 2678 1141 2732 ἀπὸ
1156 2678 1377 2752 Συρίας,
1392 2678 1487 2731 καὶ
1514 2678 1774 2748 Ἀμάνου,
1793 2677 1889 2731 καὶ
1904 2676 2064 2731 Λιϐά-

489 2794 581 2830 νου
596 2773 704 2829 τῶν
719 2775 858 2845 ὅρων
879 2772 984 2843 γῆν
1009 2770 1290 2842 κατέσχον,
1319 2771 1420 2823 ὅσα
1438 2769 1573 2839 πρὸς
1599 2768 1874 2822 Θάλασσαν
1892 2766 2062 2837 αὐτῆς

490 2869 788 2939 ἐτέτραπτο
832 2862 1250 2928 καταλαϐόντες,
1299 2862 1396 2916 κα)⁵
1422 2860 1489 2913 τὰ
1521 2860 1680 2932 μέχρι
1701 2859 1793 2914 τοῦ
1819 2858 2061 2912 ὠκεανοῦ

491 2958 915 3029 ἐξιδιωσάμενοι.
952 2956 1017 3009 Ai.
1061 2954 1245 3026 μέντοι
1274 2951 1635 3024 προσηγορίαι
1681 2950 1788 3003 τῶν
1839 2949 1937 3020 μὲν
1971 2949 2063 3003 καὶ

490 3048 764 3112 παντελῶς
790 3048 1022 3118 ἐξίτηλοι
1048 3044 1357 3114 γεγόνασιν,
1406 3042 1564 3096 ἐνίων
1603 3041 1661 3095 δὲ
1698 3039 2062 3111 μεταϐάλλου-

489 3162 599 3208 σαι,
639 3140 732 3196 καὶ
768 3136 1320 3212 μεταρρυθμισθεῖσαι
1349 3134 1485 3206 πρὸς
1516 3133 1707 3203 ἐτέρας
1732 3131 2060 3201 δύσγνωστοι

486 3232 860 3302 τυγχάνουσιν.
900 3228 1191 3291 Eusebius,
1238 3226 1370 3297 Χὰμ
1415 3224 1473 3278 δὲ
1510 3223 1590 3295 τῷ
1630 3222 1865 3295 δευτέρῳ
1898 3221 2061 3275 αὐτοῦ

488 3323 589 3395 υἱῷ
636 3324 823 3394 ἄγοντι
877 3320 997 3383 ἔτος
1048 3317 1164 3383 υκζ¹
1210 3318 1377 3372 ἔδωκε
1423 3317 1523 3387 τὴν
1571 3315 1709 3387 πρὸς
1755 3315 1927 3383 νότον,
1971 3315 2064 3368 καὶ

488 3413 633 3479 λίϐα,
661 3414 754 3466 καὶ
791 3411 956 3483 μέρος
994 3408 1092 3480 τῆς
1121 3406 1324 3470 δύσεως
1358 3405 1465 3460 ἀπὸ
1515 3404 1935 3477 Ῥινοκορούρων
1965 3403 2065 3473 τῆς

486 3504 785 3575 Αἰγύπτου,
850 3499 1154 3566 Αἰθιοπίαν,
1203 3500 1299 3552 καὶ
1350 3497 1642 3567 Αἴγυπτον,
1690 3496 1786 3550 καὶ
1832 3493 2060 3566 Λιϐύην,

500 3596 787 3667 Ἀφρικὴν,
832 3594 927 3646 καὶ⁸
974 3590 1350 3663 Μαυριτανίαν
1392 3589 1497 3652 ἓως
1554 3586 1890 3658 Ἡρακλείων
1931 3603 2064 3657 στη-

487 3687 618 3753 λῶν,
669 3686 787 3755 ἦτοι
819 3685 941 3747 ’ἕως
981 3683 1077 3736 τοῦ
1118 3680 1336 3736 δυτικοῦ
1384 3682 1476 3734 καὶ
1513 3678 1747 3734 Λιϐυκοῦ
1781 3677 2022 3733 ὠκεανοῦ
2044 3694 2060 3710 ·

490 3777 735 3847 ποταμὸν
771 3775 829 3828 δὲ
860 3775 1162 3845 διορίζοντα
1191 3773 1283 3827 τὸν
1314 3772 1526 3838 Νεῖλον,
1554 3773 1612 3836 ὃς
1644 3773 1738 3826 καὶ
1776 3772 1815 3824 Γ
1817 3771 1922 3825 εὼν
1971 3770 2065 3825 καὶ⁵

491 3865 848 3939 Χρυσορρόας
912 3865 1159 3934 λέγεται.
1239 3861 1534 3918 Chronicon
1610 3863 2061 3925 Alexandrinum,

492 3959 624 4029 Χάμ
659 3958 716 4011 δὲ
768 3956 847 4028 τῷ
878 3957 1113 4028 δευτέρῳ
1150 3955 1251 4027 υἱῷ
1290 3954 1383 4008 τοῦ
1421 3955 1545 4008 Νῶε
1591 3955 1697 4008 ὑπὸ
1732 3954 2064 4027 Ῥινοκορού-

494 4067 604 4123 ρων
649 4050 754 4115 ἕως
784 4049 1107 4120 Γαδαρηνῶν
1150 4048 1441 4117 Αἴγυπτον,
1473 4047 1569 4101 καὶ
1603 4047 1780 4101 πάντα
1819 4048 1887 4100 τὰ
1928 4047 2063 4116 πρὸς

491 4144 642 4198 νότον
686 4142 964 4196 ὑπέπεσαν
1019 4140 1159 4195 πάνυ
1206 4140 1465 4195 δοκοῦντα
1515 4138 1833 4211 καυματικὰ
1887 4138 2064 4208 ὑπάρ-

491 4251 624 4306 χειν.
666 4231 1150 4291 Pseudo-Berosus
1200 4233 1297 4295 ait,
1342 4231 1488 4286 hunc
1527 4229 1792 4284 Cbamum
1841 4229 2063 4301 magica:

489 4336 545 4384 et
591 4326 847 4383 veneﬁca:
893 4325 996 4380 arti
1052 4324 1362 4390 studuisse,
1414 4322 1645 4393 ideoque
1708 4321 2063 4377 Zoroastrum

490 4422 887 4484 nuncupatum.
929 4413 1063 4466 Erat
1100 4412 1203 4479 illi,
1237 4421 1296 4466 ut
1325 4411 1579 4475 diximus,
1616 4410 1760 4481 ﬁlius
1788 4424 1855 4464 ea:
1889 4410 2061 4472 tribus

488 4507 677 4578 primis
709 4504 1089 4559 adolescentior
1140 4504 1328 4567 Citam,
1373 4504 1463 4574 qui
1512 4516 1713 4570 semper
1767 4503 1983 4573 magica
2011 4510 2061 4555 et

488 4600 728 4669 ueneﬁca:
755 4596 994 4662 studens,
1027 4595 1305 4651 Zoroastri
1330 4611 1516 4649 nomen
1560 4602 1867 4647 consecutus
1917 4603 2053 4648 erat.

489 4689 548 4746 Is
577 4698 781 4759 patrem
826 4686 952 4744 Noa
993 4687 1116 4743 odio
1148 4684 1392 4747 habebat,
1426 4685 1552 4754 quia
1585 4684 1721 4736 alios
1754 4684 1941 4738 ultimo
1973 4700 2059 4753 ge-

486 4780 625 4835 nitos
656 4778 927 4833 ardentius
958 4775 1198 4837 amabat,
1231 4790 1287 4829 se
1312 4789 1429 4828 vero
1460 4772 1659 4841 despici
1686 4771 1910 4826 videbat.
1947 4772 2058 4826 Po—

488 4871 687 4927 tissime
716 4888 835 4926 vero
864 4869 1004 4923 idem
1024 4867 1261 4931 infensus
1282 4875 1397 4920 erat
1424 4866 1567 4936 patri
1592 4863 1655 4918 ob
1680 4866 1827 4919 uitia.
1872 4864 2060 4936 Itaque

487 4973 674 5018 nactus
706 4965 1171 5033 opportunitatem,
1216 4976 1335 5013 cum
1378 4956 1501 5012 Non
1529 4968 1678 5027 pater
1703 4958 1947 5014 madidus
1965 4959 2061 5030 ja-

486 5067 646 5120 ceret,
667 5057 815 5112 illius
844 5056 1020 5111 virilia
1047 5051 1504 5124 comprehenderis,
1534 5052 1787 5122 taciteque
1813 5056 2061 5108 submur-

486 5166 705 5206 murans
734 5148 971 5204 carmine
1000 5146 1204 5217 magico
1229 5149 1372 5215 patri
1403 5144 1594 5207 illusit,
1621 5146 1799 5208 sintut,
1828 5156 1877 5199 et
1906 5147 2061 5200 illum

485 5244 717 5299 sterilem
744 5242 959 5313 perinde
984 5251 1140 5309 atque
1163 5247 1456 5292 castratum
1477 5238 1667 5307 e/fecit.
1699 5235 1882 5304 Neque
1912 5236 2061 5292 dein-

486 5354 603 5408 ceps
659 5335 780 5390 Noa
829 5333 1096 5404 femellam
1135 5332 1369 5403 aliquam
1424 5330 1705 5399 fecundare
1746 5333 1933 5400 potuit.
1979 5332 2059 5388 0b

488 5430 796 5498 beneﬁcium
828 5428 1049 5481 inuenta:
1067 5425 1188 5479 vitis
1237 5432 1287 5478 et
1329 5424 1436 5477 uini
1468 5424 1716 5494 dignatus
1745 5432 1824 5478 est
1870 5434 2062 5493 cogno-

486 5532 659 5575 mento
686 5519 848 5585 Jano,
891 5518 1029 5589 quod
1055 5516 1300 5572 Arameis
1339 5528 1492 5570 sonat
1529 5516 1727 5583 vitifer,
1765 5525 1815 5571 et
1848 5517 2056 5587 rinifer.

485 5615 557 5670 At
587 5630 705 5668 vero
739 5612 909 5668 Cham
945 5627 1065 5665 cum
1101 5609 1308 5680 publice
1336 5620 1690 5677 corrumperet
1720 5609 1941 5662 mortale
1967 5626 2058 5679 ge-

487 5721 609 5768 nus,
630 5720 866 5758 asserens
878 5712 928 5758 et
953 5703 1125 5769 reipsa
1147 5717 1431 5770 exsequens
1465 5699 1902 5769 congrediendum
1924 5716 2057 5764 esse,

484 5801 545 5849 ut
589 5801 710 5847 ante
740 5792 1158 5855 inundationem,
1193 5806 1311 5844 cum
1345 5790 1623 5857 matribus,
1656 5793 1946 5858 sororibus,
1992 5793 2058 5861 ﬁ-

2166 1916 2406 1974 Historia
2443 1920 2572 1977 item
2601 1924 2928 1981 scholastica
2976 1927 3031 1981 in
3075 1926 3259 1983 Cenes.
3306 1944 3426 2000 cap.
3470 1948 3621 1997 xxix,
3647 1933 3735 1990 bis

2164 2008 2344 2066 alﬁnia
2366 2011 2577 2068 scribit.
2609 2012 2807 2083 Ninus,
2841 2017 3037 2087 inquit,
3070 2019 3197 2073 vidit
3227 2017 3415 2084 Citam,
3444 2024 3534 2092 qui
3563 2023 3733 2077 adhuc

2164 2100 2362 2155 vivebat
2410 2111 2460 2158 et
2505 2105 2756 2175 regnabat
2804 2109 2945 2178 apud
2988 2109 3323 2175 Bactrianos,
3355 2116 3516 2168 velut
3562 2117 3735 2185 placet

2163 2196 2309 2262 aliis,
2329 2197 2383 2251 in
2408 2197 2721 2263 Tltracia,et
2748 2200 3115 2270 appellabatur
3141 2201 3473 2270 Zoroastres,
3499 2208 3736 2263 invuntor

2163 2290 2381 2361 magica:
2418 2293 2575 2355 artis,
2604 2294 2694 2362 qui
2723 2303 2775 2348 et
2812 2293 2946 2349 hanc
2978 2305 3028 2349 et
3081 2307 3273 2365 septem
3309 2298 3549 2356 liberales
3591 2312 3732 2356 artes

2162 2383 2219 2436 in
2256 2383 2654 2454 quatuordecim
2682 2387 2942 2442 columnis
2986 2392 3220 2459 scripsit,
3252 2402 3446 2462 septem
3476 2396 3654 2458 anteis,
3682 2405 3733 2449 et
3789 2409 3795 2425 ·

2162 2481 2356 2543 septem
2389 2475 2636 2530 lateritiis
2664 2488 2850 2533 contra
2877 2482 3069 2549 duplex
3102 2483 3243 2537 orbis
3271 2486 3560 2553 excidium,
3593 2487 3731 2558 quod

2163 2566 2405 2634 futurum
2433 2567 2700 2635 audierat,
2733 2571 2957 2626 alterum
2979 2589 3070 2641 per
3107 2592 3320 2645 aquom,
3352 2578 3575 2632 alterum
3614 2596 3730 2633 vero

2160 2675 2253 2728 per
2284 2660 2472 2731 ignem.
2507 2659 2682 2715 Ninus
2727 2676 2901 2718 autem
2935 2666 3096 2721 libros
3124 2668 3239 2736 ejus
3271 2671 3577 2726 combussit.
3625 2670 3733 2725 llo-

2162 2754 2286 2805 rum
2315 2751 2448 2807 ﬁdes
2472 2769 2638 2823 penes
2670 2755 2742 2809 sit
2782 2755 2930 2825 ipsos
2973 2768 3244 2815 auctores.
3269 2761 3407 2816 "Mihi
3451 2779 3732 2835 nunquam

2164 2842 2220 2896 id
2252 2844 2660 2913 persuadebunt
2715 2853 2770 2901 et
2824 2849 2995 2902 Cbam
3052 2852 3280 2921 magicis
3325 2853 3534 2911 artibus
3576 2857 3734 2910 incu-

2164 2935 2369 3001 buisse,
2403 2944 2459 2990 et
2482 2936 2744 2992 veneﬁcia
2772 2939 3032 2996 adversus
3072 2947 3281 3011 patrem
3312 2946 3645 3010 exercuisse,
3677 2953 3734 3000 et

2163 3026 2433 3082 columnis
2471 3030 2659 3094 aeneis,
2706 3037 2800 3083 aut
2838 3030 3111 3097 lateritiis,
3145 3034 3391 3103 iungit-en
3423 3051 3454 3089 a
3483 3039 3731 3105 parenti-

2164 3118 2268 3173 bus
2313 3129 2595 3191 acceptam
2645 3121 2909 3178 adversus
2958 3123 3104 3177 illam
3160 3139 3426 3195 aquarum
3489 3127 3734 3184 illuviem

2166 3227 2544 3280 conservasse,
2576 3222 2633 3269 et
2660 3213 3005 3271 Zoroastrcm
3052 3218 3394 3272 nominatum
3450 3234 3560 3273 una
3605 3236 3732 3274 cum

2166 3300 2307 3357 Nino
2345 3304 2687 3360 atrocissime
2714 3320 3008 3376 pugnasse,
3064 3322 3094 3360 a
3140 3322 3249 3377 quo
3283 3310 3510 3374 victum,
3540 3319 3596 3365 et
3640 3326 3735 3366 su-

2165 3402 2436 3465 peratum,
2466 3396 2722 3468 illiusque
2766 3397 2939 3454 libros
2981 3400 3299 3459 combustos
3347 3401 3556 3469 fuisse;
3605 3418 3735 3460 cum

2165 3503 2269 3543 nec
2312 3496 2616 3557 temporum
2670 3490 2832 3555 ratio,
2863 3506 2966 3545 nec
3008 3493 3313 3549 auctoritas
3350 3494 3599 3560 Patrum,
3632 3513 3735 3551 nec

2164 3581 2347 3636 divina
2377 3581 2593 3651 eloquia
2627 3581 2682 3637 id
2711 3592 2982 3639 asseram.
3014 3584 3307 3640 Maximum
3336 3586 3478 3642 inter
3507 3586 3731 3655 Ninum,

2164 3680 2220 3728 et
2277 3671 2660 3739 Zoroastren],
2713 3682 2768 3730 et
2824 3673 3109 3732 Noeticum
3166 3677 3431 3732 diluvium
3473 3681 3735 3749 temporis

2166 3765 2405 3834 spatium
2436 3765 2767 3821 intercessit.

2234 3854 2396 3923 Ibid.,
2429 3857 2525 3912 lin.
2553 3857 2646 3912 20.
2673 3858 2829 3925 Χοῦς
2855 3858 2926 3925 ἐξ
2948 3854 3022 3915 οὗ
3056 3862 3198 3916 Χοῦ.
3251 3859 3527 3931 Josepbus
3555 3879 3569 3915 :
3598 3860 3735 3914 Τεσ-

2166 3948 2348 4020 σάρων
2378 3947 2486 4019 γὰρ
2519 3948 2703 4020 Χάμου
2733 3950 2937 4006 παίδων
2958 3951 3289 4021 γενομένων,
3341 3954 3607 4005 Χουσαῖον
3636 3954 3735 4022 μὲν

2162 4044 2313 4096 οὐδὲν
2337 4042 2566 4110 ἔϐλαψεν
2597 4044 2625 4095 ὁ
2649 4043 2836 4113 χρόνος
2860 4059 2873 4073 ⁸
2904 4043 3160 4106 Αἰθίοπες
3188 4044 3314 4114 γὰρ,
3337 4038 3411 4098 ὧν
3436 4041 3622 4116 ἧρξεν,
3653 4045 3735 4098 ἔτι

2163 4135 2259 4189 καὶ
2289 4135 2382 4188 νῦν
2413 4134 2519 4186 ὑπὸ
2560 4134 2767 4189 ἑαυτῶν
2794 4152 2854 4188 τε
2887 4134 2980 4188 καὶ
3023 4135 3131 4187 τῶν
3153 4138 3212 4189 ὲν
3247 4140 3313 4208 τῇ
3340 4137 3493 4208 Ἀσία
3518 4139 3736 4191 πάντων

2163 4227 2421 4297 Χουσαῖοι
2453 4226 2763 4279 καλοῦνται.
2785 4225 3142 4290 Eusebius,ct
3170 4227 3470 4284 Chronicon
3499 4231 3737 4304 Alexan-

2164 4320 2403 4385 drinum,
2468 4319 2611 4383 Χοῦς
2641 4320 2701 4386 ἐξ
2727 4316 2787 4375 οὗ
2820 4317 3098 4386 Αἰθίοπες,
3135 4322 3297 4392 stirps
3319 4322 3641 4392 Ethioptun
3675 4322 3735 4377 in

2165 4410 2356 4464 ultima
2402 4424 2500 4463 ora
2534 4409 2769 4475 African;
2803 4418 2858 4465 et
2888 4411 3031 4480 apud
3079 4410 3429 4467 Ptolemaeum
3485 4415 3543 4467 in
3591 4414 3737 4470 inte-

2094 4527 2139 4583 ι)
2166 4502 2309 4556 riore
2337 4508 2490 4570 parte
2530 4502 2711 4573 Libya:
2739 4519 2937 4558 nomen
2967 4513 3051 4559 est
3084 4504 3342 4561 Chusitae.

2236 4591 2372 4648 lbid.
2402 4592 2677 4663 Μεστρὲμ
2695 4595 2765 4661 ἐξ
2787 4590 2882 4652 οὗ.
2901 4594 3171 4668 Josephus
3197 4618 3211 4654 :
3256 4600 3529 4674 Ἐτηρήθη
3557 4604 3613 4659 δὲ
3639 4607 3737 4661 καὶ

2159 4685 2455 4755 Μεσραίοις
2487 4688 2521 4757 ή
2553 4688 2693 4743 κατὰ
2723 4690 2821 4761 τὴν
2851 4693 3220 4765 προσηγορίαν
3252 4696 3463 4767 μνήμη.
3495 4698 3605 4770 Τὴν
3626 4701 3736 4773 γὰρ

2159 4776 2433 4845 Αἴγυπτον
2461 4777 2706 4850 Μέσρην,
2759 4781 2855 4834 καὶ
2897 4783 3207 4856 Μεσραίους
3237 4787 3363 4851 τοὺς
3402 4790 3737 4857 Αἰγυπτίους

2161 4868 2400 4933 ἅπαντες
2431 4871 2481 4924 oi
2513 4870 2717 4943 ταύτην
2747 4872 3019 4940 οἰκοῦντες
3069 4876 3356 4949 καλοῦμεν.
3421 4879 3690 4937 Eusebius
3717 4924 3734 4949 ,

2159 4962 2479 5034 Μεστραῖμ,
2513 4961 2810 5020 Chronicon
2834 4965 3256 5023 Alexandrinum
3282 5010 3298 5035 ,
3332 4972 3643 5044 Μεσραεὶμ,
3674 4975 3736 5042 ἐξ

2158 5046 2221 5106 οὗ
2252 5054 2558 5123 Αἰγύπτιοι,
2583 5064 2638 5111 et
2676 5055 2914 5114 Joannes
2943 5057 3314 5118 Antiochenus
3346 5064 3399 5119 in
3426 5066 3738 5122 Are/attole-

2157 5147 2268 5219 gia,
2304 5148 2363 5200 Ὀ
2396 5148 2504 5201 ἀπὸ
2562 5151 2696 5221 Χὰμ
2742 5151 2838 5205 τοῦ
2876 5152 2994 5205 υἱοῦ
3045 5155 3169 5207 Νῶε
3202 5157 3463 5229 Μεστρὲμ
3516 5164 3596 5225 εἰς
3635 5162 3735 5215 Αί-

2158 5254 2365 5308 γυπτον
2397 5242 2684 5313 ἀπῳκίσθη
2711 5259 2725 5273 ·
2762 5245 2856 5298 καὶ
2891 5244 2985 5298 ἀπ’
3022 5248 3186 5300 αὑτοῦ
3233 5249 3435 5321 ἐκλήθη
3468 5255 3502 5324 ἡ
3544 5254 3731 5327 χώρα·

2158 5329 2220 5382 τὸ
2246 5330 2355 5401 γὰρ
2383 5333 2643 5403 Μεστρὲμ
2671 5334 2947 5405 Ἐϐραϊστὶ
2984 5338 3255 5405 Αἴγυπτον
3280 5340 3449 5412 δηλοῖ.

2233 5420 2390 5482 lbib..
2416 5426 2511 5479 lin.
2538 5428 2628 5480 21.
2676 5429 2833 5481 Φοὺτ
2869 5432 3101 5484 Φουτοί.
3155 5431 3425 5503 Josepbus
3457 5453 3471 5490 :
3510 5440 3733 5496 Ἔκτισε

2158 5514 2216 5568 δὲ
2241 5517 2333 5569 καὶ
2359 5518 2565 5589 Φούτης
2596 5521 2694 5592 τὴν
2721 5522 2946 5594 Λιϐύην,
2974 5525 3207 5591 Φούτους
3232 5528 3327 5582 ἀπ’
3356 5532 3520 5586 αὑτοῦ
3572 5536 3735 5591 καλέ·

2163 5624 2261 5670 σας
2282 5609 2408 5672 τοὺς
2449 5613 2793 5683 ἐπιχωρίους.
2834 5616 2989 5669 Ἔστι
3035 5617 3092 5670 δὲ
3140 5622 3233 5674 καὶ
3283 5626 3523 5695 ποταμὸς
3571 5629 3630 5679 ἐν
3662 5631 3732 5702 τῇ

2161 5701 2401 5771 Μαύρων
2435 5703 2588 5774 χώρᾳ
2614 5705 2774 5759 τοῦτο
2813 5707 2953 5778 ἔχων
2982 5709 3042 5762 τὸ
3069 5711 3257 5783 ὄνομα.
3291 5717 3454 5772 Ὅθεν
3485 5722 3579 5774 καὶ
3606 5701 3733 5788 τοὺς

2166 5794 2447 5861 πλείστους
2478 5797 2585 5854 τῶν
2613 5800 2935 5867 Ἑλληνικῶν
2970 5804 3395 5871 ἱστοριογράφων
3427 5812 3574 5869 ἔστιν
3606 5819 3732 5872 ἰδεῖν
