4124 6494
388 438 528 497 1003

1751 433 2000 494 LEONIS
2048 435 2317 494 ALLATII

3511 435 3646 486 £005

386 558 438 616 οι
487 543 790 630 Ἀσσύριοιο
825 555 1114 628 amasse,
1143 549 1280 620 ἱεξοῦ
1313 555 1362 607 οι
1391 553 1677 606 Χαλδαῖοι·
1716 553 1874 617 Λοῦδ,
1905 553 1952 615 ἐξ

2067 549 2283 607 Delrius
2333 550 2387 602 in
2443 562 2563 618 cap.
2621 563 2676 602 ιι
2727 543 2913 600 Cenes.
2962 553 3119 618 putat
3173 541 3412 617 Moysem
3461 545 3644 602 dedita

387 640 449 704 οὗ
483 652 531 704 οἱ
559 646 840 712 Μάζωνες,
859 646 952 700 καὶ
978 647 1170 716 Μῆδοι,
1197 649 1289 700 καὶ
1315 645 1552 718 Πέρσαι·
1589 644 1785 716 Ἀρὰμ,
1810 642 1867 708 ἐξ
1900 638 1960 695 οὗ

386 743 438 796 οἱ
472 740 677 795 Ἐκταί.
740 739 816 793 Ex
875 739 1076 809 quibus
1113 737 1342 792 emendo
1393 745 1598 792 textum
1643 733 1960 790 Eustathii:

387 831 556 886 Πέντε
587 831 681 884 καὶ
711 829 831 900 Σὴμ
862 827 1046 890 παῖδες
1082 828 1347 896 ἐγένοντο.

459 921 574 977 Col.
601 921 724 985 757,
745 922 837 974 lin.
858 919 944 974 16.
975 920 1091 972 Υἱοὶ
1109 918 1174 971 δὲ
1190 919 1294 972 τοῦ
1311 917 1496 987 Ἀράμ.
1518 915 1785 986 Josephus
1809 934 1820 968 :
1843 915 1962 967 Τῶν

389 1014 446 1067 δὲ
475 1015 712 1085 Ἀράμου
748 1013 974 1076 παίδων,
1004 1012 1282 1081 τεσσάρων
1308 1010 1495 1072 ὄντων,
1527 1007 1710 1077 Οΰσης
1731 1009 1825 1078 μὲν
1854 1008 1962 1061 κτί-

387 1102 471 1167 ζει
491 1105 587 1174 τὴν
613 1104 945 1174 Τραχωνῖτιν
978 1102 1070 1156 καὶ
1099 1101 1406 1171 Δαμασκόν.
1443 1101 1597 1170 Μέση
1627 1100 1681 1152 δέ
1719 1102 1832 1151 ἐστι
1864 1099 1962 1167 τῆς

386 1195 750 1267 Παλαιστίνης
794 1196 886 1249 καὶ
921 1195 1121 1264 Κοίλης
1175 1193 1399 1264 Συρίας·
1448 1193 1734 1263 Ἀρμενίαν
1783 1191 1839 1244 δὲ
1871 1192 1962 1243 Ὀ-

385 1304 532 1359 τρος,
569 1288 661 1341 καὶ
709 1287 928 1358 Γέθερις
981 1283 1382 1356 Βακτριανούςο
1443 1285 1639 1354 Μήσας
1685 1282 1739 1334 δὲ
1767 1283 1961 1352 Μησα-

386 1380 569 1443 ναίους
589 1397 601 1409 ·
630 1380 865 1433 Πασίνου
893 1375 1068 1449 χάραξ
1098 1380 1153 1430 ἐν
1194 1381 1305 1440 τοῖς
1337 1377 1432 1430 νῦν
1464 1377 1733 1432 καλεῖται.
1790 1376 1959 1430 Ense-

387 1472 574 1525 sebius
601 1490 612 1525 :
645 1469 766 1523 Υἱοὶ
796 1470 990 1541 Ἀράμ’
1014 1472 1127 1534 Ὣς,
1151 1469 1242 1538 ἀφ’
1267 1463 1326 1522 οἶ)
1357 1468 1645 1538 Τράχωνες
1665 1484 1676 1496 ·
1710 1465 1837 1531 Οὓλ,
1866 1467 1958 1534 ἀφ’

386 1555 447 1615 οὗ
480 1561 787 1631 Μαγαρδοί·
831 1560 1024 1632 Γάοερ,
1059 1561 1149 1628 ἀφ’
1184 1551 1244 1611 οὗ
1286 1558 1593 1630 Ἀρμένιοι·
1628 1557 1828 1627 Μοσδχ,
1865 1557 1956 1625 ἀφ’

384 1649 445 1708 οἶν
472 1655 788 1725 Μεσσήνιοι.
841 1652 1134 1708 Chronicon
1165 1652 1583 1705 Alexandrinum
1613 1669 1630 1706 :
1667 1653 1778 1716 Ὣς,
1811 1651 1867 1715 ἐξ
1895 1646 1954 1703 οὗ

384 1748 698 1802 Μαδιναῖοισ
738 1743 865 1808 Οὓλ,
899 1747 959 1810 ἐξ
983 1741 1041 1800 οὗ
1091 1745 1281 1799 Λυδοί·
1332 1745 1529 1816 Γὰθερ,
1560 1744 1615 1810 ἐξ
1656 1737 1715 1796 οὗ
1746 1745 1959 1816 Γαρφη-

381 1839 462 1892 νοι
491 1855 504 1868 ο
539 1837 744 1909 Μοσὸχ,
803 1836 862 1902 ἐξ
895 1833 954 1891 οὗ
1015 1837 1350 1907 Ἀλασσηνοί.
1399 1835 1952 1890 Anin'iadvertendum

385 1930 563 1986 obiter
592 1937 676 1985 est
711 1929 778 1985 de
803 1928 918 1984 Uxe
949 1928 1233 1983 conditore
1267 1927 1539 1984 Damasci.
1568 1927 1950 1998 llieronymus,

383 2021 441 2077 in
472 2021 674 2088 Quwst.
704 2021 979 2075 Hebraicis
1009 2022 1064 2074 in
1095 2018 1247 2085 Gen.,
1289 2037 1408 2090 cap.
1445 2037 1477 2076 ι
1513 2027 1566 2076 et
1611 2036 1719 2085 xiv,
1749 2021 1954 2090 colligit

383 2118 508 2166 ante
536 2108 813 2165 Abraham
866 2109 1189 2165 Damascum
1257 2109 1428 2165 fuisse
1479 2109 1774 2172 conditam,
1830 2124 1952 2162 cum

380 2202 585 2257 Abram
648 2201 930 2257 insecutus
991 2201 1063 2255 sit
1133 2205 1366 2272 quatuor
1413 2199 1535 2256 illos
1575 2215 1727 2273 reges
1782 2215 1952 2270 usque

381 2291 556 2356 cha,
578 2309 698 2364 qua:
728 2300 812 2348 est
837 2292 903 2347 ad
933 2293 1120 2346 lteram
1153 2291 1424 2348 Damasci.
1463 2291 1566 2346 Sed
1592 2289 1731 2346 idem
1766 2289 1954 2346 llierov

382 2384 826 2454 nymus,cap.15
863 2382 1102 2437 Historia
1137 2381 1746 2447 scholasticaﬂostatus
1764 2393 1815 2436 ct
1838 2382 1949 2446 alii,

383 2487 640 2536 asserunt
671 2479 997 2535 Damascum
1021 2479 1208 2533 urbem
1232 2493 1263 2530 a
1297 2477 1563 2531 Damasco
1585 2491 1742 2532 servo
1771 2475 1950 2529 Abra-

383 2571 466 2627 hae
522 2571 691 2625 fuisse
753 2576 1108 2624 exstructam.
1177 2567 1376 2638 Sicque
1431 2577 1676 2639 tempore
1721 2568 1952 2624 Abrahae

382 2676 412 2712 a
460 2658 643 2730 Moyse
698 2654 795 2729 per
829 2658 1271 2727 anticipationem
1323 2657 1650 2729 appellatum
1692 2657 1842 2712 illiilli
1874 2657 1951 2711 lo-

381 2761 528 2808 cum,
567 2752 624 2798 ut
673 2760 769 2798 sua
802 2754 959 2801 aetate
990 2745 1381 2816 appellabatur.

451 2834 609 2898 lbid.,
643 2836 735 2890 lin.
755 2835 842 2888 9.1.
870 2836 988 2888 Υἱοὶ
1026 2831 1336 2904 Ἀρφαξάδ.
1372 2833 1674 2889 Eusebius:
1702 2833 1952 2906 Tio‘t‘Ap-

381 2925 574 2995 φαξὰδ,
608 2925 837 2989 Καϊνὰν,
863 2922 957 2994 ἀφ’
985 2918 1046 2977 οὗ
1077 2926 1368 2996 Γασφηνοί.
1402 2925 1696 2980 Chronicon
1728 2925 1951 2980 Alexan-

379 3017 595 3070 drinum
624 3033 641 3070 :
675 3016 902 3081 Καϊνὰν,
941 3015 1000 3082 ἐξ
1036 3009 1095 3069 οὗ
1127 3018 1433 3088 Σαρμᾶται.
1466 3017 1539 3072 De
1562 3017 1765 3072 Cainan
1791 3035 1952 3090 gene-

378 3109 594 3164 ratione
620 3109 712 3162 diu
752 3110 894 3180 apud
935 3118 1190 3165 auctores
1223 3111 1424 3180 agitata
1458 3113 1852 3182 controversia,
1897 3120 1952 3166 et

2064 655 2248 706 opera,
2283 639 2377 694 sed
2408 637 2557 708 justa
2584 636 2796 691 ratione
2820 635 2961 690 hanc
3000 635 3404 706 generationem
3439 637 3641 690 transi-

2064 730 2235 794 liisse,
2284 728 2545 799 quoniam
2582 732 2847 782 statuerat
2879 723 2993 779 Noe
3034 724 3101 778 ad
3140 722 3417 779 Abraham
3453 722 3640 777 decem

2063 821 2267 890 gradus
2296 820 2561 874 duntaxat
2593 832 2904 882 recensere,
2937 815 3081 870 sicut
3113 814 3330 869 fuerant
3361 814 3547 869 decem
3572 815 3642 870 ab

2063 912 2272 967 Adamo
2319 928 2493 982 usque
2525 912 2590 966 ad
2637 909 2768 965 Noe.
2822 908 3014 964 Merito
3057 907 3220 962 etiam
3260 905 3636 977 Septuaginta,

2063 1011 2116 1056 ct
2153 1019 2248 1057 eos
2279 1011 2526 1058 secutum
2559 999 2622 1054 D.
2646 999 2851 1053 Lucam
2890 1012 3009 1053 eam
3041 1011 3149 1050 non
3187 996 3516 1066 praeteriisse
3539 1010 3642 1064 pu-

2063 1101 2160 1157 tat,
2198 1108 2360 1162 quam
2402 1091 2615 1163 Moyses
2657 1088 2940 1161 praeteriit,
2976 1087 3103 1156 quia
3135 1101 3245 1139 non
3287 1084 3639 1140 attendebant

2063 1185 2129 1236 ad
2161 1185 2311 1238 illum
2357 1197 2644 1238 numerum
2679 1180 2986 1242 denarium,
3023 1177 3117 1231 sed
3162 1184 3470 1232 statuerant
3508 1193 3639 1232 exa-

2061 1284 2209 1328 ctum
2240 1274 2559 1344 Catalogum
2583 1273 2826 1327 omnium
2855 1271 3078 1326 omnino
3107 1267 3515 1338 generationum
3539 1285 3639 1338 po—

2062 1382 2211 1420 nere.
2242 1366 2484 1437 Denique
2513 1366 2575 1420 D.
2610 1365 2994 1437 Hieronymus,
3024 1365 3116 1418 tidi
3167 1364 3483 1432 interpretis
3522 1361 3638 1417 olli-

2060 1463 2144 1514 cio
2179 1458 2398 1514 functus
2431 1459 2552 1522 fuit,
2579 1475 2696 1514 eam
2740 1459 3023 1522 omittens,
3052 1457 3252 1512 etenim
3283 1471 3406 1509 cum
3441 1472 3505 1510 ex
3531 1455 3634 1511 lle-

2058 1551 2201 1606 bl‘tBO
2230 1551 2374 1606 fonte
2427 1559 2684 1615 verteret,
2735 1550 2922 1605 debuit
2965 1551 3240 1612 omittere,
3270 1549 3412 1618 quod
3446 1551 3500 1602 in
3533 1548 3637 1602 lie-

2058 1647 2222 1700 bracis
2250 1646 2535 1701 codicibus
2575 1660 2684 1699 non
2727 1656 3027 1714 repererat.
3069 1641 3272 1698 Contra
3318 1641 3382 1698 D.
3431 1642 3631 1708 Lucas,

2057 1740 2185 1809 quia
2218 1738 2546 1809 sequebatur
2583 1737 2937 1808 Septuaginta
2966 1737 3297 1802 versionem,
3331 1735 3519 1790 debuit
3546 1751 3634 1805 po-

2059 1848 2208 1895 nere,
2243 1832 2385 1901 quod
2417 1830 2561 1901 apud
2594 1847 2689 1885 eos
2723 1830 3027 1900 legebatur,
3063 1837 3116 1885 et
3148 1829 3366 1884 veritati
3394 1842 3632 1882 consen-

2057 1933 2278 1980 taneum
2310 1932 2448 1988 erat,
2481 1931 2534 1979 et
2579 1923 2646 1978 ad
2689 1924 3061 1979 diliicultatem
3095 1943 3107 1979 :
3145 1925 3255 1979 Cur
3288 1924 3454 1994 igitur
3498 1923 3634 1992 Sep-

2055 2018 2302 2088 tuaginta
2343 2027 2666 2087 posuerunt,
2703 2031 2826 2071 cum
2871 2023 3059 2071 essent
3096 2016 3443 2086 interpretes,
3484 2015 3631 2084 quod

2055 2109 2108 2162 in
2139 2107 2366 2163 Hebraeo
2392 2125 2501 2162 non
2526 2108 2850 2174 habebatur,
2876 2116 2928 2163 et
2953 2123 3077 2162 cum
3101 2121 3208 2161 non
3241 2107 3344 2176 ipsi
3369 2106 3434 2160 ad
3466 2105 3632 2160 dena-

2053 2200 2196 2255 rium
2247 2201 2398 2255 illum
2443 2200 2820 2266 attenderunt,
2861 2200 3153 2270 respondet
3188 2199 3310 2254 illos
3352 2215 3492 2269 saepe
3521 2213 3632 2252 non

2053 2293 2411 2364 interpretum
2461 2300 2695 2357 tantum,
2729 2293 2825 2348 sed
2866 2302 2919 2347 et
2967 2293 3460 2362 metaphrastarum
3507 2291 3634 2346 t‘un-

2053 2395 2169 2440 ctos
2195 2383 2390 2448 ollicio,
2414 2392 2467 2438 et
2492 2384 2880 2454 prophetarum
2906 2400 3144 2456 quoque,
3171 2393 3334 2454 atque
3367 2385 3440 2438 ita
3473 2384 3633 2439 nobis

2052 2475 2214 2530 etiam
2243 2471 2610 2529 immediatam
2639 2473 3041 2544 generationem
3075 2473 3363 2542 Arphaxad
3391 2471 3633 2526 voluisse

2052 2569 2404 2627 conservare,
2428 2579 2592 2634 quam
2619 2562 2681 2616 D.
2709 2562 2885 2618 Lucas
2909 2565 3255 2634 postmodum
3283 2565 3632 2619 exbibiturus

2050 2662 2190 2709 erat.
2241 2653 2346 2708 Alii
2394 2654 2799 2724 generationem
2843 2655 2992 2708 illam
3042 2669 3143 2710 nec
3193 2670 3222 2707 a
3274 2654 3629 2725 Septuaginta

2051 2744 2399 2800 translationi
2445 2747 2731 2809 insertam,
2777 2761 2878 2800 nec
2926 2745 3217 2818 Evangelio
3261 2761 3296 2805 a
3346 2745 3405 2802 D.
3460 2746 3629 2814 Luca,

2051 2837 2147 2892 sed
2186 2836 2254 2890 ab
2293 2835 2501 2906 aliquo,
2539 2833 2790 2892 ηρέείυιιι
2832 2853 3014 2906 quem,
3048 2848 3102 2893 et
3133 2840 3414 2894 nonnullis
3442 2839 3632 2908 conje-

2052 2929 2224 2983 cturis
2253 2927 2652 2985 demonstrant.
2702 2928 2945 2982 Arduum
2999 2946 3129 2985 sane
3177 2939 3262 2986 est
3312 2932 3365 2985 in
3411 2947 3470 2987 re
3519 2941 3630 2986 tam

2050 3019 2201 3091 gravi
2231 3027 2440 3076 certum
2468 3019 2624 3090 quid,
2651 3027 2704 3075 et
2736 3021 2950 3076 veritati
2979 3023 3326 3078 consentiens
3356 3022 3627 3092 proferre,

2051 3127 2220 3166 unum
2245 3113 2390 3167 enim
2421 3111 2732 3176 defendere,
2763 3121 2847 3169 est
2878 3115 3042 3170 alium
3067 3128 3351 3176 accusare,
3389 3129 3508 3184 quae
3535 3130 3631 3168 ac-

380 3199 559 3255 adhuc
577 3199 678 3256 sub
697 3199 882 3270 judice
904 3200 974 3256 lis
989 3211 1090 3256 est.
1117 3199 1245 3254 Eam
1267 3211 1695 3257 commemorant
1722 3201 1949 3273 Septua-
1975 3222 2018 3280 ο
2051 3203 2264 3257 cusatio
2291 3211 2342 3257 et
2367 3202 2531 3272 impia
2561 3213 2706 3258 esset
2739 3213 2792 3258 et
2825 3205 3094 3259 catholico
3127 3203 3344 3258 homine
3373 3205 3622 3275 indigna.

378 3292 531 3362 ginta
561 3289 914 3363 lnterpretes,
966 3303 1020 3348 et
1053 3291 1114 3346 D.
1145 3292 1343 3358 Lucas,
1392 3309 1515 3365 cap.
1551 3295 1585 3349 5
1623 3294 1952 3366 Evangelij

377 3385 638 3450 historiaz,
695 3400 814 3440 eam
847 3395 1168 3458 agnoscunt,
1205 3395 1399 3457 printer
1429 3388 1605 3443 dictos
1663 3397 1950 3452 auctores,

373 3478 738 3550 Augustinus,
773 3477 867 3532 lib.
901 3495 988 3532 xv:
1024 3477 1100 3533 De
1120 3479 1331 3534 civitate
1355 3479 1470 3548 Dei,
1492 3495 1610 3550 cap.
1638 3481 1724 3544 10,
1756 3490 1808 3535 et
1835 3481 1948 3544 alii,

375 3585 517 3640 quos
552 3585 658 3625 non
708 3577 792 3625 est
825 3584 962 3639 opus
998 3571 1087 3624 hic
1140 3586 1444 3628 recensere.
1505 3570 1786 3642 Scriptura
1837 3571 1951 3628 He-

378 3661 586 3726 braica,
607 3668 661 3715 et
679 3660 1031 3732 paraphrasis
1053 3660 1343 3716 Chaldaica
1365 3678 1430 3716 ne
1455 3663 1678 3717 verbum
1709 3663 1947 3733 quidem.

377 3750 614 3815 Quinam
647 3750 814 3818 igitur
850 3748 971 3804 falsi
1013 3759 1160 3812 sunt,
1197 3762 1250 3804 et
1287 3753 1580 3806 errarunt?
1634 3751 1952 3822 Septuagin-

380 3849 456 3905 ta,
483 3857 549 3895 an
581 3839 848 3895 Hebraza?
867 3855 990 3901 cum
1018 3849 1303 3912 utramque
1330 3859 1513 3897 veram
1545 3859 1664 3898 esse
1695 3845 1809 3897 ﬁeri
1841 3857 1950 3899 non

381 3934 577 4003 possit.
636 3931 912 3999 Pererius,
949 3933 1154 4003 dispnt.
1200 3935 1290 3998 li,
1337 3935 1432 3989 lib.
1464 3950 1600 4000 xvii,
1652 3937 1951 3994 sententias

380 4023 536 4093 ponit
569 4025 773 4090 varias,
805 4034 858 4079 et
889 4023 1086 4080 refellit
1115 4026 1340 4096 prolixe.
1395 4026 1731 4096 Augustinus
1770 4027 1954 4099 Eugu-

378 4115 544 4171 binus
574 4116 707 4170 dicit
757 4117 848 4170 illa
889 4116 1168 4173 additione
1220 4117 1573 4189 Septuaginta
1620 4120 1949 4189 lnterpretes

379 4222 615 4272 errasse,
650 4215 703 4263 et
751 4222 938 4263 eorum
969 4224 1208 4264 errorem
1245 4199 1516 4276 secutum,
1550 4210 1674 4279 quis
1718 4226 1824 4265 non
1873 4211 1949 4265 in-

379 4297 758 4354 horresceret?
808 4297 869 4353 D.
919 4298 1146 4355 Lucam.
1205 4299 1532 4368 Cajetanus,
1593 4298 1946 4371 Septuaginta

379 4389 527 4443 illam
568 4389 819 4445 addendo
846 4406 1082 4455 errasse,
1119 4391 1181 4447 D.
1217 4405 1342 4446 vero
1369 4389 1568 4445 Lucam
1598 4393 1848 4448 excusari
1881 4394 1946 4448 ab

377 4497 588 4546 errore,
614 4497 739 4536 cum
769 4490 991 4537 secutus
1021 4484 1092 4537 sit
1115 4498 1234 4551 qua:
1263 4482 1528 4538 invenerit
1552 4483 1692 4553 apud
1715 4483 1945 4554 Septua-

2056 3295 2208 3351 Unus
2240 3305 2293 3350 et
2323 3296 2464 3351 idem
2493 3295 2732 3365 Spiritus
2766 3297 2948 3351 divino
2972 3295 3228 3364 impulsu,
3257 3295 3545 3366 amatuque
3574 3304 3629 3350 et

2053 3402 2274 3441 manum
2315 3386 2518 3458 Moysis
2550 3389 2899 3451 scribentem,
2930 3395 2982 3442 ct
3025 3386 3378 3458 Septuaginta
3408 3396 3628 3442 verten-

2056 3486 2186 3541 tem,
2233 3484 2285 3533 ct
2331 3474 2394 3531 D.
2430 3475 2589 3532 Lucae
2634 3484 2963 3548 repetentem
3009 3475 3242 3534 fovendo
3285 3480 3446 3533 rexit.
3493 3477 3628 3544 Quis

2054 3566 2199 3621 hunc
2231 3565 2490 3636 Spiritum
2524 3567 2580 3621 in
2607 3567 2749 3624 Luca
2783 3568 2865 3622 vel
2900 3567 3251 3639 Septuaginta
3285 3569 3624 3632 mendacem,

2054 3658 2108 3712 in
2143 3658 2324 3729 Moyse
2357 3674 2630 3725 veracem,
2661 3660 2746 3714 vel
2775 3670 2987 3725 contra,
3021 3660 3139 3716 sine
3172 3662 3407 3715 maxima
3439 3662 3632 3730 impie-

2053 3750 2180 3804 tatis
2209 3760 2357 3815 nota,
2393 3761 2447 3806 et
2487 3751 2769 3805 catholicae
2814 3751 2936 3806 fidei
2981 3749 3308 3808 detrimento
3345 3767 3629 3807 assevera-

2053 3840 2170 3894 bit?
2203 3841 2260 3895 Si
2291 3841 2592 3896 secundum
2624 3841 2906 3908 Basiliam,
2934 3841 3082 3898 hom.
3106 3843 3172 3896 il)
3197 3844 3249 3894 in
3272 3841 3454 3897 Cenes.
3480 3883 3494 3909 ,
3530 3842 3629 3897 Dio

2053 3951 2164 3987 rere
2205 3933 2414 3988 rerbum
2460 3934 2673 4004 aliquod
2703 3951 2814 3988 esse
2859 3934 2913 3986 in
2956 3931 3250 4000 Scripturis
3289 3934 3538 3998 otiosum,
3577 3941 3628 3988 et

2051 4044 2518 4097 supervacaneum,
2551 4027 2876 4097 blasphemia
2899 4037 2995 4090 est,
3033 4025 3165 4095 quid
3193 4025 3298 4080 erit
3327 4026 3382 4079 in
3406 4026 3514 4081 illis
3539 4040 3629 4082 er-

2052 4135 2224 4185 rores,
2258 4120 2504 4191 falsaque
2545 4119 2888 4176 concedere?

2123 4211 2279 4277 lbid.,
2308 4213 2406 4267 lin.
2439 4212 2531 4267 24.
2574 4212 2758 4276 Σαλὰ,
2806 4209 2907 4278 ἀφ’
2956 4200 3032 4264 οὗ
3071 4209 3412 4264 Σουσιανοί.
3457 4207 3627 4265 Euse-

2053 4306 2180 4361 bius
2215 4321 2230 4360 :
2281 4303 2478 4369 Σασὰν,
2513 4303 2607 4372 ἀφ’
2648 4296 2708 4356 οὗ
2755 4303 3000 4355 Κοσαῖοι.
3054 4300 3352 4354 Chronicon
3386 4301 3624 4357 Alexan-

2051 4397 2282 4451 drinum.
2323 4394 2488 4458 Σαλὰ,
2522 4394 2582 4458 ἐξ
2609 4388 2668 4447 οὗ
2703 4392 3028 4446 Σαλαθιαῖοι.

2121 4485 2279 4550 lbid.,
2313 4486 2410 4540 lin.
2456 4483 2546 4539 26.
2593 4482 2724 4548 Υἱὸς
2759 4481 2866 4536 τοῦ
2911 4481 3075 4536 Σαλά
3101 4481 3284 4548 Ἔϐερ.
3311 4478 3579 4553 Iosephus
3607 4501 3621 4537 :

378 4576 552 4644 ginta,
587 4575 842 4638 veritum,
905 4590 974 4628 ne
1023 4575 1238 4629 diversa
1293 4590 1323 4626 a
1379 4572 1731 4645 Septuaginta
1779 4577 1948 4630 lnter-

2065 4577 2396 4649 Ἀρφαξάδου
2428 4575 2484 4627 δὲ
2529 4573 2736 4644 γίνεται
2767 4575 2894 4636 παῖς
2924 4571 3118 4641 Σαλῆς,
3143 4570 3235 4623 τοῦ
3277 4570 3331 4624 δὲ
3364 4572 3620 4644 Ἕόαρος,

380 4664 626 4735 pretibus
659 4662 968 4727 scribendo,
998 4664 1179 4718 minus
1200 4664 1362 4734 vulgo
1389 4665 1588 4734 scripta
1617 4680 1713 4719 sua
1747 4666 1945 4735 proba-

381 4752 843 4826 renturJoannes
867 4754 1108 4811 Lucidus
1139 4754 1216 4808 De
1248 4756 1610 4810 emendatione
1638 4765 1950 4823 temporum,

379 4855 432 4904 et
453 4846 823 4901 Hartmannus
850 4847 1176 4904 Contractus
1203 4849 1257 4902 in
1287 4846 1557 4904 Chroni'eis
1585 4848 1758 4911 aiunt,
1778 4859 1948 4901 unum

380 4947 436 4996 et
455 4938 712 4995 "eumdem
731 4938 899 4994 fuisse
930 4939 1076 5002 Sale,
1101 4949 1155 4995 et
1184 4940 1410 5005 Cainan,
1431 4941 1824 5011 eorriguntque
1839 4947 1956 4997 tex-

380 5039 496 5085 tum
522 5028 582 5084 D.
615 5028 776 5084 Lucae
808 5029 1118 5096 in,55,56:
1151 5031 1256 5096 Qui
1285 5032 1388 5100 fuit
1421 5031 1671 5102 Sale,qui
1699 5033 1801 5102 fuit
1835 5031 1954 5086 Cai-

380 5136 507 5184 nan,
535 5121 590 5173 in
631 5119 736 5185 Qui
765 5119 866 5188 fuit
897 5118 1038 5183 Sale,
1072 5119 1162 5188 qui
1188 5130 1236 5172 et
1267 5118 1495 5174 Cainan.
1531 5119 1787 5189 Aloysius
1826 5117 1954 5187 Lip-

382 5213 650 5282 pomanus
679 5214 732 5264 in
772 5226 886 5281 cap.
918 5228 972 5266 x1
999 5209 1184 5265 Cenes.
1217 5219 1272 5265 ct
1297 5209 1560 5264 Melchior
1607 5209 1791 5263 Canus
1825 5209 1954 5263 libr.

383 5318 421 5356 ιι
468 5301 544 5356 De
571 5302 698 5356 locis
742 5301 1062 5370 theologicis,
1094 5300 1261 5369 capit.
1310 5300 1394 5364 18,
1435 5309 1765 5355 censuerunt
1813 5298 1952 5352 hanc

383 5394 790 5462 generationem
823 5393 1028 5448 Cainan
1060 5407 1186 5445 vere
1215 5393 1354 5445 inter
1397 5391 1684 5460 Arphaxad
1721 5399 1775 5444 et
1827 5389 1953 5444 Sala

383 5483 795 5549 intercessisse;
828 5499 1055 5551 eamque
1076 5482 1428 5551 Septuaginta
1458 5481 1538 5534 vel
1569 5497 1634 5536 ex
1658 5489 1806 5534 certa
1840 5497 1951 5534 ma-

382 5574 564 5642 jorum
607 5574 896 5629 traditione
933 5573 1018 5628 vel
1058 5589 1123 5628 ex
1166 5572 1408 5626 historiis
1452 5571 1553 5626 lide
1607 5572 1788 5641 dignis
1841 5587 1956 5627 suae

389 5664 735 5719 translationi
781 5665 1098 5730 inseruisse,
1139 5679 1302 5734 quam
1349 5663 1559 5735 Moyses
1610 5664 1791 5718 sciens
1824 5679 1956 5735 pru-

389 5753 634 5822 densque
685 5755 1125 5824 praetermiserat,
1183 5764 1240 5810 ut
1291 5755 1488 5811 seriem
1546 5756 1955 5826 generationum

389 5844 688 5902 decadibus
730 5859 838 5899 non
879 5847 996 5900 sine
1028 5847 1209 5919 aliquo
1258 5847 1516 5918 mysterio
1554 5848 1858 5917 perliceret,
1899 5858 1952 5903 et

2055 4669 2147 4737 ἀφ’
2184 4660 2245 4720 οὗ
2289 4668 2414 4730 τοὺς
2456 4663 2740 4727 Ἰουδαίους
2786 4663 3069 4734 Ἐϐραίους
3097 4663 3332 4736 ἀρχῆθεν
3373 4663 3619 4718 ἐκάλουν.

2056 4759 2322 4815 Eusebius
2349 4755 2560 4829 :"E6ep,
2583 4756 2674 4827 ἀφ’
2697 4750 2758 4810 οὗ
2791 4755 3047 4826 Ἑϐραῖοι.
3074 4754 3366 4810 Chronicon
3392 4757 3626 4811 Alexan-

2055 4850 2266 4903 drinum
2312 4865 2328 4900 :
2369 4846 2540 4919 ’Έόερ
2584 4845 2644 4911 ἐξ
2687 4838 2748 4900 οὗ
2781 4844 3048 4900 Ἀλϐανοί.
3087 4845 3168 4902 Ab
3218 4848 3321 4901 hoc
3365 4842 3623 4902 Hebraeos

2055 4955 2176 4996 esse
2227 4939 2628 5002 denominatos,
2675 4944 2936 5008 tanquam
2980 4935 3256 5000 Hebre-os,
3304 4944 3359 4991 et
3408 4951 3516 4990 non
3557 4937 3626 4990 ab

2055 5033 2291 5087 Abraam
2322 5031 2488 5085 tradit
2521 5031 2884 5100 Augustinus,
2913 5028 3010 5083 lib.
3037 5045 3126 5082 xvr
3158 5027 3236 5084 De
3263 5029 3472 5082 civitate
3505 5027 3624 5093 Dei,

2055 5138 2174 5191 cap.
2213 5122 2248 5175 5
2274 5139 2285 5176 :
2323 5119 2444 5175 Non
2474 5121 2700 5189 frustra,
2731 5121 2932 5189 inquit,
2962 5119 3069 5188 ipse
3092 5120 3292 5189 primus
3323 5122 3624 5172 nominatus

2056 5225 2132 5268 est
2157 5215 2210 5267 in
2233 5213 2476 5283 progenie
2504 5213 2732 5273 veniente
2759 5213 2824 5265 de
2848 5210 2990 5274 Sem,
3015 5221 3064 5266 et
3089 5211 3344 5280 prtalatus
3365 5221 3442 5265 est
3466 5211 3624 5264 etiam

2058 5307 2208 5374 ﬁliis,
2237 5323 2352 5358 cum
2405 5306 2472 5359 sit
2521 5305 2734 5374 quintus
2771 5319 2930 5372 nepos
2963 5317 2984 5355 .°
3027 5303 3132 5356 nisi
3177 5304 3302 5372 quia
3346 5318 3521 5356 rerum
3550 5311 3628 5356 est

2057 5396 2194 5468 quod
2248 5396 2474 5450 traditur
2521 5410 2585 5448 ea:
2634 5395 2726 5448 illo
2779 5392 3028 5446 llebra’os
3074 5409 3185 5446 esse
3229 5381 3627 5462 cogn'ominatos

2060 5500 2306 5558 tanquam
2346 5485 2616 5550 Hebrteos,
2648 5503 2766 5540 cum
2794 5496 2843 5540 et
2873 5484 2982 5538 alia
3012 5485 3176 5553 possit
3207 5500 3316 5538 esse
3349 5485 3540 5552 opinio,
3571 5494 3626 5536 ut

2057 5590 2122 5628 ea:
2152 5573 2419 5627 Abraham
2461 5583 2709 5644 tanquam
2740 5572 2956 5626 Αὑταωί
2997 5573 3126 5626 dicti
3173 5589 3284 5626 esse
3329 5573 3623 5626 rideantur.

2061 5663 2163 5718 Sed
2187 5664 2433 5717 nimirum
2463 5663 2556 5716 hoc
2580 5681 2753 5716 verum
2786 5671 2884 5727 est,
2918 5661 3055 5732 quod
3082 5677 3144 5716 ex
3173 5661 3342 5717 Heber
3380 5661 3623 5716 Heberivi

2063 5755 2312 5825 appellati
2354 5765 2494 5818 sunt,
2523 5771 2584 5807 ac
2617 5755 2736 5807 inde
2765 5759 2874 5807 uu‘a
2908 5753 3145 5807 detracta
3175 5753 3349 5806 littera
3375 5752 3586 5806 Ilebrwi
3605 5794 3622 5808 .

2063 5865 2220 5920 quam
2252 5848 2484 5914 linguam
2514 5847 2656 5901 solus
2693 5844 2866 5898 Israel
2896 5847 3115 5914 populus
3150 5847 3317 5914 potuit
3354 5845 3622 5900 obtinere.
