4124 6408
412 444 547 503 1005

1369 436 1436 497 ΙΝ
1491 439 1854 498 EUSTATllll
1910 437 2382 495 ΗΕΧΑΕΜΕΒΟΝ
2419 435 2650 496 NOTAE.

3511 443 3649 530 meo

409 561 464 616 in
485 575 584 629 quo
614 555 712 612 Dei
745 558 949 620 civitas,
973 567 1021 612 et
1047 558 1099 610 in
1127 559 1322 611 sanctis
1356 560 1686 628 peregrinata
1717 571 1815 625 est,
1844 570 1891 612 et
1922 562 1969 612 in
2006 574 2046 625 Α
2077 559 2305 628 ptioniw,
2335 566 2387 613 et
2417 556 2572 611 alibi.
2592 554 2855 625 Origenes
2894 553 3042 630 hom.
3078 525 3139 607 il
3173 552 3226 606 in
3260 550 3423 607 Num.
3457 552 3648 610 lliero-

409 648 646 703 omnibus
671 657 1003 702 sacramenta
1031 647 1366 704 adumbrata.
1405 649 1469 702 Et
1503 651 1592 704 lib.
1637 666 1673 702 ιι
1715 649 1969 713 Retract.,

410 756 534 810 cap.
573 739 660 803 14,
699 740 1004 810 posthabita
1033 741 1206 808 prima
1239 740 1516 809 Opinione,
1560 741 1612 794 in
1645 757 1751 810 qua
1797 742 1974 796 fuerat

411 830 728 900 aliquando,-
755 832 897 896 tutod
927 831 996 884 ab
1023 831 1256 884 Abraam
1279 831 1410 884 dicti
1439 833 1547 885 sint
1578 831 1806 893 llebriei,
1835 831 1973 882 hanc

412 923 658 976 eamdem
702 925 1012 992 Opinionem
1047 922 1168 975 aliis
1215 922 1466 990 praetulit.
1519 921 1772 975 liamdem
1813 931 1972 975 tuen-

413 1021 524 1078 tur,
560 1013 829 1069 Eusebius
856 1016 908 1068 in
933 1015 1158 1069 exordio
1192 1029 1304 1068 suae
1331 1011 1714 1084 Chronologiaz,
1744 1014 1974 1068 Aracius

413 1105 762 1160 Casariensis
799 1107 850 1159 in
881 1105 1030 1170 Cen.,
1065 1105 1428 1176 llieronymus
1451 1104 1847 1159 Traditionibus
1867 1103 1976 1156 lle-

416 1195 607 1249 braicis
631 1197 687 1249 in
706 1193 830 1250 Gen.
863 1213 983 1266 cap.
1025 1213 1134 1259 xw,
1167 1203 1220 1251 et
1254 1196 1428 1251 secuti
1459 1205 1586 1249 sunt
1617 1195 1777 1257 Beda,
1815 1194 1976 1248 Isido-

416 1303 532 1351 rus,
562 1287 823 1358 Lyranus,
856 1287 1169 1357 Eugubiuus
1205 1287 1650 1342 annotationibus
1680 1287 1732 1338 in
1767 1283 1972 1350 Cenes.,

415 1393 535 1447 cap.
567 1394 680 1440 XIV,
716 1387 770 1432 et
807 1379 917 1431 alii.
949 1377 1260 1447 Artapanus
1301 1376 1444 1446 apud
1473 1375 1765 1429 Eusebium
1799 1375 1890 1427 lib.
1923 1389 1972 1426 Ix

416 1467 493 1522 De
520 1471 899 1538 prteparatione
931 1469 1164 1538 evangel.
1195 1483 1315 1538 cap.
1352 1467 1475 1530 ult.,
1510 1483 1602 1522 cos
1632 1467 1705 1520 ita
1746 1465 1978 1535 appella-

417 1568 502 1614 tos
540 1559 705 1614 refert
755 1577 818 1614 es
873 1561 1106 1614 Abraam
1150 1559 1420 1629 principe,
1472 1573 1536 1611 ac
1582 1564 1807 1626 parente
1857 1556 1977 1624 ejus

416 1653 591 1720 gentis
643 1653 1013 1710 nobilissimo.
1069 1662 1122 1707 et
1167 1654 1294 1705 dicti
1352 1660 1481 1705 sunt
1535 1647 1766 1714 Hebraei,
1820 1648 1976 1717 quasi

413 1742 644 1798 Abraaai.
682 1743 1013 1814 ’Λρτὰπανος
1057 1744 1113 1796 δέ
1156 1760 1316 1812 φησιν
1363 1743 1418 1794 ἐν
1467 1742 1590 1806 τοῖς
1645 1736 1978 1802 Ἰουδαϊκοῖς

411 1836 536 1898 sub;
581 1836 676 1906 μὲν
727 1835 1010 1898 Ἰουδαίους
1055 1834 1410 1906 ὀνομάζεσθαι
1453 1831 1729 1905 Ἐρμιοὺθ,
1771 1831 1798 1883 ὂ
1843 1826 1978 1883 εἶναι

2076 665 2271 721 nymus
2299 649 2545 704 Oleaster
2575 649 2628 702 in
2660 661 2780 716 cap.
2810 662 2840 698 Χ
2868 643 3050 698 Cenes.
3076 659 3127 698 et
3157 641 3271 698 alii.

2145 742 2308 807 lbid.,
2364 743 2458 794 lin.
2515 743 2604 795 50.
2671 737 2911 792 Υἱοὶ-δὲ
2964 737 3068 790 τοῦ
3114 738 3301 805 Ἔϐερ.
3339 735 3647 792 Eusebius:

2073 833 2270 893 Φαλὲκ,
2319 834 2413 900 ἀφ’
2453 828 2512 885 οὗ
2554 831 2822 902 Βάκτροι·
2863 828 3182 899 Ἔλμωδᾶμ,
3235 830 3325 896 ἀφ’
3365 823 3424 882 οὗ
3463 828 3646 882 Ἰνδοί’

2086 924 2310 987 Ἰεκτὰν,
2343 925 2433 992 ἀφ’
2457 917 2516 976 οὗ
2544 923 2843 976 Μαδιναῖοι.
2879 919 3170 975 Cltronicon
3197 920 3609 972 Alexandrinum
3629 937 3648 974 :

2073 1016 2270 1079 Φαλὲκ,
2311 1014 2369 1080 ἐξ
2399 1010 2459 1068 οὗ
2496 1016 2791 1082 κατάγεται
2818 1013 2878 1065 τὸ
2915 1013 3068 1081 γένος
3105 1011 3352 1082 Ἀϐραὰμ
3380 1013 3651 1082 προπάτοα

2079 1123 2198 1176 ρος’
2243 1105 2470 1172 Ίεκτὰν,
2505 1105 2564 1171 ἐξ
2593 1101 2652 1158 οὗ
2686 1104 2958 1168 Αἰθίοπες.

2146 1197 2306 1264 lbid.,
2344 1199 2440 1251 lin.
2484 1198 2574 1251 51.
2617 1197 2670 1248 Ὀ
2704 1196 2771 1248 δὲ
2795 1196 2993 1248 Φαλὲκ
3037 1195 3151 1248 διά.
3188 1181 3528 1264 Nicephorus
3558 1205 3654 1264 pa-

2077 1288 2311 1342 triarcha
2339 1286 2972 1355 Constantinopolitanus
2995 1302 3048 1338 tn
3077 1286 3508 1356 Chronographia
3531 1278 3653 1339 :‘Ev

2074 1377 2130 1430 δὲ
2170 1382 2287 1440 ταῖς
2331 1378 2564 1448 ἡμέραις
2596 1377 2771 1428 Φαλὲκ
2813 1376 3268 1446 διεμερίσθησαν
3302 1376 3381 1429 διὸ
3423 1376 3516 1430 καὶ
3557 1393 3655 1446 ση-

2081 1469 2257 1540 μαίνει
2285 1468 2344 1520 τὸ
2365 1467 2543 1520 Φαλὲκ
2564 1467 2732 1538 ὄνομα
2762 1470 2826 1538 τῇ
2867 1467 3128 1537 Ἐϐραᾶυν
3154 1471 3303 1539 φωνῇ
3332 1471 3650 1537 μερισμός.

2078 1561 2186 1613 Καὶ
2211 1554 2368 1623 οὗτος
2395 1559 2500 1631 πρὸ
2535 1560 2627 1613 τοῦ
2658 1559 2784 1629 περὶ
2807 1559 3050 1630 τελευτᾷ.
3070 1560 3190 1612 Ἐπὶ
3220 1559 3406 1612 toﬁ-reo
3433 1563 3464 1630 ἡ
3511 1577 3652 1631 πυρ-

2077 1650 2295 1719 γοποιία
2325 1650 2574 1720 συνέστη,
2609 1651 2702 1702 καὶ
2743 1650 2849 1702 ἀπὸ
2882 1652 3010 1720 μιᾶς
3051 1651 3146 1720 τῆς
3175 1649 3338 1703 πάλαι
3372 1651 3652 1704 διαλέκτου

2078 1741 2387 1810 πολυφωνία
2428 1742 2640 1810 γέγονε.
2686 1726 2794 1796 Καὶ
2839 1741 2874 1812 ἡ
2910 1740 3029 1795 καθ’
3082 1741 3307 1795 ἕκαστον
3355 1741 3504 1805 ἔθνος
3544 1743 3656 1795 τῶν

2079 1833 2337 1901 γλωσσῶν
2376 1833 2660 1902 διαφωνία,
2693 1834 2855 1902 φησὶν
2897 1837 2934 1905 ἡ
2984 1832 3101 1886 Θεία
3145 1835 3356 1906 Γραφή.
3393 1832 3650 1889 Hebraeo—

416 1925 849 1996 μεθερμηνευθὲν
897 1925 1036 1979 κατὰ
1084 1925 1180 1997 τὴν
1228 1926 1450 1978 Ἐλλάδα
1498 1925 1677 1995 φωνὴν
1714 1923 1967 1977 Ἰουδαῖοι.

2081 1939 2201 1975 rum
2233 1923 2322 1976 illa
2368 1921 2468 1976 fuit
2507 1923 2798 2001 sententia,
2835 1921 3012 1978 Heber
3040 1939 3293 1993 magnum
3329 1917 3500 1980 fuisse
3524 1941 3652 1995 pro~

412 2018 704 2070 Κὰλεῖςθαι
759 2018 816 2070 δὲ
881 2019 1076 2081 αὐτοὺς
1132 2017 1417 2089 Ἐϐραίους
1479 2019 1582 2070 ὑπὸ
1641 2016 1972 2087 Ἀὀραάμου.

411 2107 568 2162 Hunc
591 2109 881 2179 aliquando
911 2116 1133 2164 secutus
1165 2119 1248 2164 est
1273 2109 1612 2177 Augustinus
1637 2109 1670 2160 Ι.
1702 2124 1716 2160 ι
1748 2107 1824 2160 De
1849 2123 1974 2160 con-

411 2215 564 2253 sensu
597 2201 922 2270 evangelist.,
969 2218 1090 2271 cap.
1140 2202 1228 2265 M,
1266 2203 1484 2255 tandem
1535 2201 1625 2253 alii
1676 2201 1744 2254 ab
1797 2199 1976 2252 Hebar

409 2289 554 2356 quod
589 2287 780 2344 Latine
813 2297 897 2344 est
947 2292 1211 2352 transivit,
1261 2288 1517 2344 Hebraeos
1561 2291 1974 2360 cognominatos

409 2379 742 2444 existimant,
775 2386 828 2435 et
857 2397 966 2436 non
999 2383 1066 2436 ab
1107 2383 1405 2448 Abraham,
1441 2399 1618 2453 neque
1661 2384 1728 2438 ab
1773 2383 1971 2440 Heber.

408 2471 582 2542 Hujus
614 2475 889 2543 opinionis
923 2475 1071 2530 fuere
1105 2475 1388 2544 Origenes,
1426 2473 1694 2529 Diodorus
1737 2473 1975 2530 Tarsen-

409 2563 507 2628 sis,
537 2562 810 2633 llupertus
859 2565 952 2620 lib.
982 2581 1014 2613 v
1043 2565 1410 2620 Commentar.
1437 2567 1492 2619 in
1518 2564 1699 2620 Cenes.
1738 2582 1858 2636 cap.
1886 2582 1969 2632 x1;

405 2655 831 2728 Cbrysostomus
899 2658 1044 2711 hom.
1106 2658 1174 2711 ’55
1247 2660 1302 2711 in
1367 2658 1549 2712 Cenes.
1601 2657 1972 2715 Theodoretus

406 2758 599 2816 quaest.
638 2748 708 2802 60
748 2749 802 2800 in
841 2745 1024 2802 Cenes.
1070 2762 1189 2801 eam
1236 2748 1310 2800 ita
1350 2746 1611 2809 defendit,
1659 2757 1716 2799 ut
1749 2747 1972 2816 opposi-

408 2847 518 2892 tam
549 2837 925 2908 reprehendat.
961 2836 1015 2890 Si
1057 2836 1224 2898 enim,
1275 2835 1471 2904 inquit,
1509 2835 1578 2889 ab
1621 2833 1834 2901 lleber,‘
1862 2833 1971 2887 lle-

406 2929 562 2992 brazi,
593 2938 646 2983 et
685 2929 868 2998 lingua
915 2925 1178 2980 Ht-braica
1225 2941 1423 2980 nomen
1467 2924 1654 2990 traxit,
1685 2925 1972 2994 oportebat

407 3036 597 3075 omnes
627 3028 874 3090 posteros
905 3019 1080 3073 Hebcr
1118 3018 1416 3088 appellatos
1463 3016 1632 3072 fuisse
1681 3013 1959 3080 Hebraeos,

408 3117 573 3178 atque.
609 3123 673 3161 ea
702 3107 884 3176 lingua
929 3121 1079 3170 usos,
1108 3103 1254 3174 quod
1299 3103 1354 3156 in
1383 3101 1560 3173 Syris,
1598 3101 1873 3168 Moabitis,
1916 3110 1970 3158 et

404 3199 530 3253 aliis
558 3199 791 3268 posteris
831 3195 1006 3251 lleber
1039 3211 1150 3250 non
1203 3193 1452 3262 contigit.
1498 3192 1736 3262 Ideoque
1780 3203 1967 3247 censet

401 3291 702 3360 appellatos
735 3289 902 3342 fuisse
939 3287 1193 3341 Hebraeos
1237 3302 1306 3340 ex
1352 3301 1416 3340 eo
1459 3285 1603 3354 quod
1634 3285 1904 3338 Abraham
1939 3300 1968 3338 e

406 3383 626 3451 regione
655 3379 1028 3435 Chaldaaorum
1062 3379 1282 3432 veniens
1309 3378 1364 3431 in
1411 3375 1756 3430 Palmstiuam
1789 3383 1970 3432 trans-

404 3475 500 3528 ivit
541 3471 1148 3541 lluvium‘Euphratem.
1185 3468 1362 3524 llebra
1383 3469 1527 3524 enim
1567 3467 1827 3540 Syrorum
1862 3469 1968 3520 lin-‘

404 3583 508 3636 gua
538 3566 678 3621 idem
722 3565 924 3620 dicitur
957 3564 1103 3633 quod
1131 3562 1454 3632 Euphrates.
1487 3559 1691 3615 Paulus
1727 3559 1968 3630 Burgen-

405 3661 484 3714 sis
511 3669 698 3714 censet
747 3657 1002 3712 Hebrwos
1036 3671 1157 3710 esse
1183 3655 1597 3725 cognominatos
1623 3653 1777 3722 quasi
1815 3665 1974 3723 pcre-'

403 3750 617 3820 grinos,
642 3750 744 3804 hoc
769 3764 891 3804 esse
920 3757 1137 3819 etymon
1173 3747 1418 3800 vocabuli
1451 3747 1632 3815 lingua
1660 3744 1748 3797 illa
1777 3763 1789 3798 :
1819 3745 1884 3798 de
1911 3759 1968 3798 re

405 3856 516 3897 non
565 3857 687 3898 esse
744 3840 1128 3896 dubitandum.
1165 3837 1300 3904 Quis
1351 3837 1495 3891 enim
1542 3837 1717 3890 nescit
1747 3843 1969 3908 gentem

404 3934 552 3988 illam
595 3943 648 3988 et
694 3934 748 3987 in
788 3941 933 3988 ter-ra
961 3930 1240 3994 Chanaan,
1274 3936 1328 3984 et
1371 3929 1426 3984 in
1455 3927 1692 3999 Aﬂgypto
1722 3943 1844 3984 esse
1874 3943 1965 3998 pe-

403 4027 756 4096 regrinatam.

472 4117 587 4172 Col.
611 4116 954 4182 757οοῖτινες
976 4113 1092 4181 τὴν
1109 4112 1321 4183 ἀρχήν.
1343 4111 1515 4165 Heber
1535 4125 1749 4180 pmnam
1767 4110 1899 4164 conl‘
1901 4127 1929 4163 ιι
1945 4140 1962 4150 -

401 4208 574 4263 sionis
611 4209 917 4278 linguarum
963 4206 1228 4268 evasisse,
1258 4204 1403 4274 quod
1436 4217 1576 4257 vana
1611 4203 1968 4261 molientibus

400 4316 508 4355 non
531 4301 913 4362 assentirctur,
930 4297 1095 4353 refert
1118 4297 1320 4352 Catena
1343 4294 1528 4349 Graeca
1552 4296 1605 4348 in
1633 4293 1817 4349 Cenes.
1851 4297 1960 4347 Φα-

401 4393 483 4444 σὶν
506 4392 580 4453 ὡς
612 4393 759 4463 παρὰ
785 4390 862 4460 τῷ
881 4389 1048 4459 Ἔϐερ
1080 4388 1223 4459 μόνῳ
1249 4386 1526 4458 ἐφυλάχθη
1547 4389 1580 4456 ὴ
1611 4385 1850 4453 γλῶσσα,
1888 4379 1962 4448 ὡς

405 4483 478 4554 μὴ
509 4483 889 4551 κοινωνήσαντι
931 4481 1009 4540 εἰς
1057 4478 1117 4531 τὸ
1162 4475 1251 4529 τοῦ
1287 4475 1496 4548 πύργου
1542 4474 1808 4545 τόλμημα.
1845 4472 1961 4526 Ma-

400 4589 596 4630 nasses
618 4573 672 4626 in
711 4571 909 4624 Annal.
945 4585 961 4622 :

396 4663 570 4736 Ἔϐερ
604 4661 670 4715 δὲ
695 4661 882 4731 μόνος
923 4659 1032 4736 τῇς
1060 4655 1292 4736 πληγὲῆς
1329 4657 1639 4725 ἐλεύθερος
1667 4655 1960 4736 ὐίτῆρξενί

399 4737 482 4790 οὐ
511 4729 619 4805 ᾔνὰρ
655 4729 1107 4799 σύγ-κατετίθετο
1133 4729 1256 4793 τοῖς
1286 4729 1816 4796 ματαιοπραγοῦσι.

397 4850 636 4907 Suidas:
677 4838 842 4909 Οὗτος
876 4845 937 4896 οὐ
965 4843 1279 4912 συνεποίησε
1316 4845 1425 4904 τοῖς
1464 4843 1831 4912 πυργοποιοῖς,
1863 4840 1958 4892 καὶ

394 4943 659 5012 διέμεινεν
695 4941 728 5009 ἡ
760 4937 1034 4999 διάλεκτος
1077 4936 1238 4988 αὐτοῦ
1273 4933 1662 5005 aps-256mm;
1705 4931 1958 4985 Theodo-

395 5041 567 5098 retus,
606 5040 798 5105 quast.
833 5029 901 5084 59
927 5030 980 5082 in
1011 5025 1225 5093 Cenes.,
1269 5026 1705 5096 antiquissimam
1736 5025 1956 5094 lingua-

398 5138 517 5177 rum
549 5124 789 5179 omuium
839 5121 1114 5191 Syriacam
1160 5118 1458 5180 existimat,
1505 5115 1783 5170 llebrmam
1824 5130 1956 5169 vero

396 5213 628 5285 primum
665 5213 920 5268 traditam
957 5209 1126 5280 Moysi
1156 5224 1184 5262 a
1219 5207 1325 5263 Deo
1361 5207 1548 5262 fuisse.
1591 5205 1954 5272 Quemadmo-

396 5305 526 5360 dum
551 5305 693 5358 enim
709 5305 781 5360 ain
822 5303 1036 5372 templis
1067 5300 1380 5355 Graecorum
1408 5299 1628 5369 quidam
1659 5308 1786 5355 sunt
1813 5299 1958 5353 litte-

394 5408 580 5449 rarum
603 5394 945 5450 characteres
979 5394 1301 5466 peculiares.
1329 5406 1466 5462 quos
1495 5406 1681 5445 sacros
1717 5390 1957 5460 appella-

393 5496 544 5552 runt,
579 5487 660 5542 sic
703 5486 850 5542 Deus
888 5502 984 5558 per
1011 5485 1212 5542 Mosem
1255 5480 1477 5538 donavit
1516 5483 1656 5537 hanc
1687 5483 1955 5552 linguam,

391 5598 502 5638 non
535 5579 751 5652 quidem
786 5581 1112 5644 naturalem,
1150 5580 1245 5636 sed
1290 5578 1357 5632 ad
1399 5577 1702 5635 docendum
1731 5576 1947 5646 quidem

390 5679 591 5743 aptam.
632 5669 830 5724 Verum
860 5671 1017 5726 aliter
1047 5680 1249 5726 etcum
1281 5677 1470 5724 nostro
1505 5667 1788 5724 Eustathio
1819 5685 1952 5724 con-

389 5763 552 5819 sentit
575 5762 914 5835 Augustinus
945 5762 1016 5817 De
1048 5763 1256 5818 ciuitate
1280 5761 1395 5826 Dei,
1423 5760 1518 5816 lib.
1551 5777 1671 5827 x-vr,
1701 5776 1823 5830 cap.
1860 5761 1950 5822 il,

388 5865 442 5910 et
471 5855 566 5911 lib.
601 5870 758 5922 nm,
786 5871 908 5926 cap.
950 5855 1053 5926 39;
1103 5855 1468 5927 Hieronymus
1499 5854 1550 5911 in
1587 5870 1704 5927 cap.
1741 5871 1802 5910 nt
1847 5854 1955 5911 Sa-

2078 2015 2319 2084 phetam,
2347 2022 2511 2084 alque
2540 2014 2709 2068 divini
2740 2014 2984 2070 numinis
3008 2014 3184 2070 amato
3215 2026 3340 2070 ante
3381 2017 3653 2072 ducentos

2077 2120 2251 2160 annos
2297 2105 2536 2159 futurum
2582 2105 2950 2176 praevidendo,
2987 2121 3183 2160 nomen
3231 2094 3430 2162 Phalec
3473 2109 3649 2178 impo-

2078 2199 2274 2253 suisse.
2300 2197 2442 2253 Idem
2487 2195 2658 2254 sentit
2703 2199 3085 2269 Hieronymus.
3115 2201 3208 2270 qui
3243 2202 3297 2254 in
3332 2196 3654 2256 Traditioni~

2077 2288 2171 2342 bus
2221 2287 2499 2344 Hebraicis
2547 2291 2601 2344 in
2655 2289 2841 2349 Cenes.
2891 2292 3120 2347 allirmat
3171 2293 3346 2348 llcber
3393 2294 3652 2349 vaticinia

2075 2381 2309 2451 quodam
2340 2382 2597 2438 videlicet
2633 2400 2702 2439 ex
2745 2385 2932 2439 futuro
2975 2396 3169 2441 eventu
3213 2387 3496 2442 divisionis
3544 2387 3650 2440 lin-

2081 2483 2311 2537 guarum
2353 2484 2553 2523 nomen
2595 2471 2922 2548 imposuisse
2967 2490 3086 2538 suo,
3121 2482 3172 2529 ct
3222 2474 3651 2545 Chrysostomus

2075 2557 2221 2610 hom.
2255 2557 2325 2612 50
2370 2559 2422 2612 in
2469 2557 2651 2617 Cenes.
2673 2577 2691 2614 :
2719 2561 3033 2626 Considera,
3081 2565 3276 2634 inquit,
3311 2561 3651 2636 quemadmo-

2075 2648 2200 2702 dum
2232 2651 2306 2704 rei
2342 2650 2539 2719 futttra:
2561 2654 2946 2722 pra’scientiam
2978 2659 3226 2710 vocabula
3250 2660 3362 2712 nati
3386 2659 3534 2727 pueri
3560 2659 3652 2713 de-

2073 2742 2336 2805 claravit;
2372 2755 2428 2798 ut
2463 2762 2582 2800 cum
2614 2749 2809 2803 videris
2844 2766 2950 2802 rent
2992 2766 3142 2818 opere
3171 2751 3510 2822 adimpletum
3544 2770 3649 2807 non

2071 2835 2218 2888 ultra
2252 2837 2477 2902 mireris,
2513 2837 2690 2894 videns
2711 2840 2960 2897 divinitus
3005 2844 3057 2897 id
3085 2846 3233 2913 pueri
3276 2847 3484 2900 nomine
3508 2862 3650 2915 pra:-

2071 2921 2287 3008 dictum.
2320 2923 2591 2998 Josepbus
2622 2938 2801 2984 tamen
2842 2931 2936 2986 lib.
2970 2947 2985 2986 ι
3014 2933 3273 3003 Antiquit.
3304 2943 3357 2988 ct
3383 2933 3650 3006 Augusti-

2070 3030 2199 3082 nus,
2230 3017 2327 3072 lib.
2373 3035 2463 3074 xvi
2507 3021 2585 3076 De
2627 3023 2838 3078 civitate
2868 3025 2982 3090 Dei,
3017 3041 3138 3097 cap.
3170 3027 3260 3092 H.-
3287 3043 3486 3084 nonten
3517 3030 3650 3094 hoc,

2069 3122 2180 3162 non
2204 3124 2269 3162 ex
2299 3109 2486 3167 futuro
2511 3123 2730 3179 eventu,
2763 3115 2860 3172 sed
2887 3131 2956 3172 eo
2981 3120 3126 3190 quod
3155 3119 3354 3175 factum
3385 3129 3525 3186 erat,
3552 3138 3649 3192 po-

2071 3199 2234 3253 situm
2267 3200 2457 3258 fuisse.

2143 3290 2302 3356 lbid.,
2348 3293 2448 3348 lin.
2489 3296 2578 3349 36.
2627 3299 2950 3366 Τρισχίλιοι
2995 3299 3125 3368 γάρ.
3179 3300 3253 3355 De
3306 3299 3647 3373 temporibus

2070 3384 2238 3438 verba
2274 3383 2538 3442 facientes
2565 3396 2815 3443 auctores
2846 3388 2989 3443 haud
3033 3389 3382 3445 mediocriter
3412 3393 3556 3446 inter
3584 3410 3646 3448 se

2068 3472 2356 3538 dissident,
2399 3485 2451 3529 et
2479 3477 2628 3529 Varia
2662 3477 2967 3547 proferunt,
3002 3488 3060 3533 ut
3095 3479 3312 3536 facilius
3341 3483 3412 3537 sit
3454 3484 3507 3537 in
3539 3485 3642 3539 hac

2067 3578 2126 3616 re
2154 3564 2296 3633 quod
2334 3565 2475 3620 alius
2509 3565 2710 3622 dixerit
2749 3569 3174 3637 reprehendere,
3206 3587 3370 3642 quam
3417 3574 3642 3644 aliquod

2067 3657 2211 3724 quod
2248 3658 2674 3727 reprehensione
2702 3669 2875 3728 caret,
2918 3663 3195 3733 proferre;
3241 3681 3364 3718 cum
3396 3667 3642 3724 rationes

2066 3758 2120 3804 et
2159 3761 2499 3822 argumenta,
2536 3753 2735 3822 quibus
2762 3754 2876 3809 haec
2905 3762 3242 3830 statuuntur,
3272 3772 3382 3812 non
3414 3760 3645 3817 omnino

2066 3851 2234 3906 certa,
2268 3843 2364 3898 sed
2404 3843 2568 3900 dubia
2606 3845 2735 3900 sint.
2781 3841 2919 3901 Illud
2953 3847 3334 3919 unusquisque
3359 3866 3459 3920 pro
3487 3863 3639 3908 certo

2066 3934 2282 3998 habeat,
2312 3950 2372 3991 se
2407 3951 2472 3991 eo
2495 3936 2677 3993 minus
2705 3953 2910 4003 errare,
2937 3955 3047 4010 quo
3070 3941 3252 3996 minus
3279 3941 3350 3997 ab
3380 3942 3639 4000 Ecclesiae

2064 4027 2348 4081 catholicae
2377 4027 2668 4082 traditione
2709 4016 2912 4084 recedit
2957 4046 3122 4102 penes
3153 4048 3316 4102 quam
3345 4034 3542 4099 solam,
3581 4047 3638 4091 et

2062 4117 2272 4172 veritas
2293 4121 2536 4174 omnium
2567 4135 2776 4187 rerum,
2801 4129 2855 4175 et
2888 4121 3162 4177 certitudo
3187 4131 3291 4187 est,
3321 4123 3377 4178 in
3403 4125 3525 4180 aliis
3552 4127 3642 4180 in-s

2063 4209 2208 4280 genii
2241 4209 2466 4265 humani
2507 4211 2735 4267 libidine
2769 4221 2822 4266 et
2867 4214 3094 4267 audacia
3144 4215 3326 4268 omnia
3371 4216 3636 4282 obscura,

2063 4307 2117 4355 et
2141 4302 2415 4357 sexcentis
2439 4301 2720 4357 erroribus
2744 4289 3042 4372 implicata.
3071 4303 3420 4360 Adducemus
3448 4314 3632 4361 tamen

2062 4408 2184 4463 qua:
2211 4393 2303 4448 alii
2337 4395 2419 4448 uti
2454 4392 2626 4458 certa,
2663 4395 2766 4449 etsi
2801 4410 2910 4449 non
2947 4409 3006 4447 re
3035 4410 3162 4450 vera
3195 4397 3269 4450 ita
3300 4396 3432 4460 sint,
3459 4399 3635 4452 tradi—

2063 4487 2280 4542 derunt.
2329 4477 2394 4538 Et
2437 4481 2578 4541 sicut
2623 4487 2876 4555 superius
2924 4487 3179 4552 diximus,
3226 4488 3368 4542 inter
3411 4485 3636 4546 Graecos.

1990 4593 2035 4648 ι)
2063 4596 2362 4651 omnesque
2391 4596 2506 4644 eos,
2540 4579 2632 4650 qui
2658 4578 3010 4648 Septuaginta
3033 4578 3394 4650 lnterpretum
3422 4581 3628 4636 versio-

2060 4688 2186 4728 nem
2213 4671 2387 4728 secuti
2426 4678 2574 4734 sunt,
2606 4677 2659 4725 et
2689 4668 2910 4725 Latinos
2941 4669 3236 4724 maximum
3277 4686 3397 4726 esse
3431 4669 3629 4727 discri-

2058 4779 2203 4828 men,
2236 4777 2360 4818 cum
2398 4761 2451 4816 in
2489 4761 2862 4818 describendis
2901 4770 3154 4830 patrum,
3189 4769 3244 4816 et
3284 4763 3623 4832 patriarcha-

2056 4867 2177 4906 rum
2224 4851 2581 4921 temporibus,
2619 4851 2932 4906 dilfereutia
2959 4859 3267 4922 temporum
3307 4854 3484 4924 spatia
3514 4863 3626 4908 sta-

2057 4944 2277 4998 tuerint.
2307 4943 2616 4999 Fridericus
2639 4941 2950 4998 Husmanus
2974 4944 3027 4997 in
3055 4959 3152 4998 sua
3179 4943 3525 5015 Cltronologia
3555 4949 3626 5004 ab

2055 5035 2186 5089 orbe
2227 5032 2470 5096 condito,
2515 5031 2581 5086 ad
2636 5047 2843 5086 annum
2896 5032 2964 5086 50
3024 5032 3221 5087 Phalec
3265 5049 3437 5090 annos
3487 5035 3624 5094 1788

2053 5133 2354 5194 enumerat,
2387 5132 2513 5178 ante
2556 5122 2836 5178 Christum
2879 5133 3066 5178 natum
3096 5125 3256 5186 2172,
3289 5135 3342 5179 ct
3388 5126 3624 5182 Romam-

2055 5214 2326 5268 conditam
2373 5214 2528 5277 142i,
2563 5213 2632 5268 ab
2663 5213 2827 5283 hujus
2872 5215 3148 5282 opinione,
3194 5215 3371 5286 quoad
3418 5233 3626 5274 annum

2056 5307 2125 5361 ab
2161 5307 2294 5361 orbe
2316 5306 2538 5361 condito
2565 5305 2630 5360 ad
2655 5307 2723 5360 50
2753 5305 2952 5361 Phalec
2986 5322 3091 5359 non
3133 5309 3288 5384 abest
3317 5307 3626 5374 Genebrar-

2055 5399 2157 5453 dus
2185 5397 2581 5470 Cltronograplt.
2615 5400 2738 5454 libr.
2775 5415 2810 5452 ι.
2847 5398 3198 5456 Cunmannus
3238 5399 3622 5459 Fliusbachius

2055 5487 2474 5556 1787,108nucs
2505 5489 2777 5546 Funccius
2826 5491 2879 5543 in
2919 5487 3270 5561 Chronologia
3323 5490 3474 5545 I739.
3516 5491 3622 5548 N0-

2053 5594 2164 5639 ster
2197 5593 2377 5639 tamen
2405 5583 2495 5638 hic
2527 5591 2720 5638 auctor
2750 5583 2817 5637 ad
2841 5582 3174 5636 nativitatem
3213 5581 3413 5637 Phalec
3445 5599 3619 5641 annos

2051 5683 2134 5730 ter
2179 5675 2325 5730 mille
2357 5673 2530 5731 fuisse
2565 5676 2781 5745 elapsos
2811 5683 3109 5731 asseverat.
3156 5671 3261 5731 Sed
3309 5690 3410 5731 nos
3448 5675 3627 5732 etiam

2054 5765 2284 5822 inferius
2327 5767 2394 5822 de
2437 5767 2595 5822 annis
2644 5783 2672 5820 a
2709 5767 2915 5824 mundo
2963 5769 3185 5826 condito
3235 5768 3300 5823 ad
3336 5767 3627 5828 Christum

2053 5868 2240 5914 uatum
2263 5858 2522 5915 nonnulla
2547 5858 2808 5915 dicemus.
