4124 6490
411 470 543 524 1007
623 481 638 494 "

1800 457 2045 514 LEONIS
2082 455 2354 512 ALLATII

3505 460 3642 516 1008

473 561 590 642 Col.
619 587 737 653 757,
757 584 849 639 lin.
870 584 958 639 37.
977 581 1328 653 Ᾰογιζόμεθα
1345 579 1475 651 γάρ.
1501 578 1652 636 Hanc
1665 579 1975 649 opinionem
2006 585 2052 643 Α
2080 595 2201 650 cap.
2242 577 2449 640 IIelec.,
2485 585 2539 632 et
2567 587 2801 634 tractatu
2835 579 2912 635 De
2941 581 3271 645 idololatria,
3302 593 3422 650 cap.
3447 573 3640 640 Libne,

411 692 463 735 et
489 679 641 735 multi
676 677 855 747 magni
878 674 1115 732 numinis
1134 673 1322 730 Patres
1347 675 1517 729 secuti
1546 683 1691 727 sunt.
1721 671 1970 728 Justinus

404 773 607 843 Martyr
635 770 715 824 Ad
743 769 894 824 Gent.
928 776 1122 839 quaast.
1177 767 1273 831 7t;
1307 765 1541 821 Irenarus
1570 765 1665 820 lib.
1700 782 1730 819 v
1753 765 1972 820 Advers.

404 867 586 917 lueres.
619 877 741 932 cap.
771 863 903 928 ult.;
948 858 1288 922 Lactantius,
1319 859 1413 912 lib.
1461 873 1528 912 vn
1558 856 1800 910 Institut.
1847 871 1968 925 cap.

407 948 436 1000 7
460 965 474 1013 ;
514 946 751 1000 llilarius
784 959 908 998 can.
929 945 984 997 in
1013 941 1324 996 Matthwum
1343 958 1452 996 xvu
1474 959 1486 1006 ;
1506 942 1846 1012 Augustinus
1874 941 1969 998 lib.

403 1054 475 1093 xx
502 1037 578 1092 De
599 1039 808 1091 civitate
848 1036 945 1090 Dei
967 1052 987 1100 ;
1015 1033 1376 1105 Hieronymus
1400 1034 1614 1105 epistol.
1649 1035 1715 1089 ad
1743 1035 1974 1106 Cypria-

407 1146 558 1192 num,
598 1136 652 1184 et
682 1127 986 1183 Comment.
1029 1127 1085 1179 in
1115 1124 1417 1190 Michwam,
1457 1140 1577 1194 cap.
1629 1142 1681 1180 IV
1708 1143 1721 1192 ;
1747 1124 1972 1181 Germa-

406 1237 512 1278 nus
538 1219 928 1275 Constantinus
965 1217 1059 1272 lib.
1092 1216 1169 1270 De
1202 1216 1424 1270 Theoria
1451 1232 1626 1269 rerum
1658 1217 1972 1271 ecclesiasti-

405 1329 608 1378 carum,
639 1313 706 1365 ad
735 1311 881 1364 hunc
902 1324 1183 1364 numerum
1211 1309 1517 1380 quingentis
1541 1308 1788 1379 adjectis,
1818 1319 1870 1364 et
1894 1310 1970 1364 ait

405 1413 528 1459 ante
559 1405 735 1474 ipsum
766 1401 952 1456 eadem
999 1400 1203 1454 dixisse
1234 1407 1288 1453 et
1319 1400 1668 1471 Hippolytum
1713 1416 1743 1455 e
1771 1398 1963 1466 Roma,

403 1503 456 1549 ct
513 1496 568 1548 S.
622 1491 880 1563 Cyrillum
931 1491 988 1545 in
1031 1490 1127 1544 lib.
1183 1490 1259 1544 De
1300 1491 1662 1555 Antichristo,
1729 1492 1968 1562 itemque

403 1571 871 1656 Chrysostomum.
906 1580 1230 1652 Opinionem
1277 1585 1438 1638 istam
1471 1599 1581 1638 non
1610 1599 1732 1640 esse
1780 1601 1966 1640 veram

404 1678 517 1746 ipsa
549 1675 882 1746 experientia
912 1674 1192 1741 docemur,
1231 1675 1500 1746 prmcipue
1531 1675 1578 1731 si
1616 1674 1966 1746 Septuaginta

403 1768 902 1839 interpretationem
959 1765 1369 1821 consideremus
1401 1805 1415 1832 ,
1476 1781 1640 1836 quam
1693 1777 1751 1821 ut
1797 1767 1966 1839 pluri-

401 1876 549 1917 mum
580 1860 753 1916 secuti
782 1869 910 1915 sunt
943 1869 1195 1914 auctores
1234 1874 1398 1929 supra
1429 1859 1604 1925 citati,
1632 1861 1723 1930 qui
1756 1861 1810 1914 id
1840 1876 1960 1916 mo-

403 1954 551 2007 deste
607 1958 979 2006 asseruerunt.
1049 1948 1274 2020 Semper
1325 1949 1531 2004 dictum
1588 1949 1795 2004 Christi
1856 1931 2038 2021 prasB

400 2041 576 2097 oculis
636 2041 901 2096 habentes
951 2040 1117 2095 Marci
1181 2055 1300 2105 xui,
1351 2040 1419 2094 52
1453 2059 1466 2095 :
1501 2039 1580 2094 De
1603 2040 1686 2096 die
1729 2042 1842 2108 illo,
1903 2060 1966 2096 ac

403 2143 651 2202 tempore,
679 2149 828 2186 nemo
845 2134 1005 2195 novit,
1040 2147 1199 2202 neque
1224 2131 1395 2201 angeli
1415 2131 1620 2202 quidem
1649 2133 1738 2202 qui
1761 2134 1812 2186 in
1838 2135 1964 2188 caelo

401 2233 542 2290 sunt,
565 2239 724 2292 neque
747 2223 854 2290 ipse
875 2219 1080 2286 Filius;
1105 2230 1158 2276 et
1189 2220 1303 2276 Act.
1332 2237 1371 2286 ι,
1405 2221 1434 2273 7
1456 2239 1469 2275 :
1490 2219 1613 2275 Non
1636 2234 1712 2277 est
1741 2232 1963 2277 vestrum

400 2331 551 2369 nosse
579 2325 810 2382 tempora
843 2312 920 2367 vel
954 2320 1235 2379 momenta,
1266 2328 1382 2382 qua:
1413 2312 1550 2367 Deus
1579 2315 1751 2382 posuit
1781 2317 1832 2368 iu
1867 2332 1964 2370 sua

400 2414 673 2475 potestate.
723 2402 1044 2474 Nuperrime
1100 2413 1278 2458 tamen
1319 2403 1674 2461 Cunmannus
1712 2404 1965 2460 Flinsba-

401 2496 558 2550 chius
626 2493 809 2549 furore
883 2493 1206 2549 insanientis
1263 2491 1696 2549 Lutheranorum
1739 2494 1963 2551 haeresis

401 2597 580 2651 actus,
617 2586 801 2640 libello
835 2584 902 2641 de
934 2585 1037 2639 hac
1086 2600 1146 2640 re
1193 2585 1340 2640 edito
1387 2594 1618 2641 conatur
1649 2588 1958 2653 ostendere,

400 2677 586 2731 Mundi
636 2677 790 2747 hujus
853 2686 1059 2731 (etatem
1108 2693 1269 2746 supra
1323 2694 1412 2732 sex
1457 2679 1630 2733 millia
1679 2696 1959 2745 annorum,

401 2776 646 2838 tanquam
697 2777 890 2822 certam
937 2776 986 2822 et
1031 2767 1301 2822 immotam
1355 2779 1566 2834 metam,
1609 2787 1767 2839 quam
1819 2770 1959 2825 Deus

401 2859 614 2926 mundo,
644 2859 864 2928 sapienti
906 2869 954 2913 et
976 2859 1307 2914 inscrutabili
1327 2862 1545 2915 consilio
1573 2862 1957 2928 determinavit,

401 2966 502 3002 non
553 2965 894 3005 excursuram
941 2967 1070 3006 esse.
1103 2950 1303 3006 Deinde
1331 2953 1572 3006 ultimum
1606 2953 1960 3008 millenarium

402 3050 625 3113 sextum,
663 3043 714 3095 in
767 3060 866 3112 quo
911 3059 1045 3097 nunc
1099 3044 1338 3108 vivimus,
1375 3062 1477 3099 non
1517 3045 1827 3116 completum
1869 3047 1957 3101 iri.

405 3135 595 3187 Decem
622 3135 950 3203 conjecturis
995 3136 1123 3189 hinc
1154 3136 1281 3190 inde
1315 3136 1382 3189 ab
1415 3134 1661 3206 ejusdem
1687 3137 1957 3193 haereseos

2075 681 2130 727 et
2178 677 2398 725 tractat.
2454 667 2533 724 De
2563 669 2816 724 Sabbato.
2878 670 3014 742 Ejus
3084 671 3437 741 conjecturas
3484 668 3642 724 aliert

2076 762 2248 816 ltabbi
2299 761 2452 816 Isaac
2501 760 2556 815 in
2597 770 2760 831 caput
2786 761 2984 816 Genes.
3016 761 3258 817 secundo
3290 774 3357 815 ex
3392 757 3528 813 locis
3558 757 3642 812 di—

2073 854 2213 906 vina:
2244 849 2561 919 Scriptum.
2622 848 2807 905 Tertio
2856 849 3055 905 mirum
3103 857 3189 904 est
3230 855 3500 905 secretum
3536 846 3641 900 hoc

2073 942 2138 994 de
2183 938 2458 993 mundana
2497 937 2786 993 duratione
2812 938 2959 992 omni
2998 938 3206 992 nationi
3235 934 3638 1001 absconditum,

2070 1029 2236 1085 etiam
2283 1029 2508 1100 angelis,
2545 1037 2598 1083 et
2648 1027 2789 1084 Filio
2832 1029 3094 1092 hominis,
3126 1029 3271 1099 quod
3305 1044 3370 1084 ex
3417 1035 3641 1084 senten-

2069 1121 2142 1172 tia
2169 1117 2391 1173 Patrum
2436 1127 2489 1172 ct
2519 1119 2860 1190 expositione
2890 1120 3299 1190 intelligendum
3335 1127 3439 1184 est,
3465 1118 3639 1175 fuisse

2068 1211 2364 1268 revelatum
2417 1210 2566 1277 Eliae,
2598 1221 2652 1266 et
2710 1213 2779 1268 ab
2821 1227 2888 1268 eo
2920 1213 3020 1266 toti
3058 1213 3297 1266 humano
3335 1211 3545 1283 generi,
3581 1219 3638 1267 et

2068 1316 2250 1362 tamen
2299 1307 2584 1378 ignorasse
2641 1308 2946 1378 apostolos.
2985 1306 3191 1373 Quarto
3222 1323 3285 1362 ex
3331 1308 3638 1378 Augustino

2066 1401 2123 1454 in
2148 1401 2492 1455 enarratione
2516 1401 2710 1470 psalm.
2728 1415 2927 1454 Lxxxu
2945 1417 2957 1454 :
2972 1401 3104 1455 Ausi
3117 1411 3235 1454 sunt
3251 1402 3482 1456 homines
3501 1417 3638 1470 prir-

2066 1509 2269 1547 sumere
2299 1493 2574 1547 scientiam
2625 1500 2931 1561 temporum,
2961 1491 3098 1564 quod
3141 1494 3272 1547 scire
3313 1493 3634 1561 cupientibus

2065 1583 2336 1654 discipulis
2366 1583 2619 1637 Dominus
2651 1584 2726 1637 ait
2750 1602 2768 1641 :
2799 1600 2818 1634 ς
2847 1583 2968 1636 Non
2995 1593 3074 1638 est
3095 1594 3320 1637 vestrum
3349 1587 3484 1638 scire
3501 1594 3632 1638 tem-

2066 1691 2218 1743 pora,
2247 1692 2361 1744 qua:
2384 1674 2548 1729 Pater
2575 1675 2749 1744 posuit
2779 1678 2830 1728 in
2864 1691 2961 1729 sua
2989 1684 3265 1743 potestate,
3292 1695 3311 1728 ι
3337 1685 3386 1729 et
3415 1675 3637 1744 deﬁnie-

2064 1777 2185 1820 runt
2233 1766 2328 1820 hoc
2372 1767 2624 1820 steculum
2684 1781 2775 1820 sea:
2804 1782 3063 1819 annorum
3098 1766 3351 1831 millibus,
3383 1777 3632 1835 tanquam

2063 1873 2154 1910 sea:
2179 1857 2358 1911 diebus
2375 1873 2525 1926 posse
2543 1857 2720 1926 ﬁniri;
2743 1873 2834 1911 nec
2877 1857 3210 1911 attendermtt
3255 1855 3391 1927 quod
3432 1855 3631 1909 dictum

2065 1959 2162 2015 est,
2214 1960 2462 2020 tanquam
2507 1949 2617 2004 dies
2665 1965 2822 2012 unus,
2863 1950 2954 2019 qui
3009 1949 3260 2016 prwteriit
3291 1964 3308 2000 :
3338 1966 3439 2002 non
3487 1949 3627 2002 enim

2065 2040 2270 2110 quando
2303 2040 2398 2095 hoc
2427 2041 2625 2094 dictum
2663 2050 2740 2094 est
2782 2039 2884 2093 soli
2911 2039 3054 2094 mille
3097 2040 3222 2093 anni
3243 2039 3635 2109 praterierant;

2063 2143 2110 2186 et
2140 2133 2277 2202 quod
2316 2149 2400 2186 eos
2438 2135 2664 2186 maxime
2705 2132 2880 2186 debuit
2915 2131 3213 2195 admonere,
3247 2147 3308 2184 ne
3339 2141 3626 2199 temporum

2066 2225 2366 2278 luderentur
2414 2225 2630 2287 incerto,
2658 2223 2790 2277 illud
2827 2233 2928 2287 est,
2956 2224 3090 2276 sicut
3139 2223 3316 2292 vigilia
3357 2223 3412 2275 in
3452 2234 3633 2286 nocte;

2064 2330 2223 2385 neque
2266 2317 2403 2377 enim
2441 2315 2504 2370 de
2527 2330 2617 2368 sea:
2646 2313 2827 2368 diebus
2859 2313 3059 2384 aliquid
3092 2313 3370 2367 verisimile
3391 2313 3631 2367 videntur

2064 2407 2263 2474 opinati
2283 2415 2492 2475 propter
2521 2421 2611 2459 sex
2639 2404 2749 2457 dies
2772 2404 2994 2473 primos,
3022 2403 3209 2472 quibus
3241 2401 3380 2456 Deus
3411 2403 3633 2471 perfecit

2062 2514 2218 2567 opera
2278 2515 2397 2564 sua,
2429 2497 2506 2551 sic
2533 2498 2692 2551 etiam
2726 2511 2817 2550 sea:
2849 2495 3076 2565 vigilias,
3118 2493 3171 2548 id
3211 2505 3310 2559 est,
3350 2494 3508 2550 horas
3539 2495 3631 2550 de-

2061 2603 2170 2641 cem
2209 2596 2259 2641 et
2304 2599 2418 2641 octo
2463 2601 2686 2654 possunt
2739 2586 2822 2639 illi
2869 2585 3160 2656 opinationi
3199 2595 3464 2654 cooptare.
3495 2586 3633 2641 Vide

2061 2678 2186 2733 item
2216 2678 2560 2735 Ambrosium
2593 2679 2688 2733 lib.
2731 2694 2806 2733 vn
2847 2678 3058 2733 Comm.
3089 2678 3142 2732 in
3179 2676 3378 2733 Lucam
3412 2679 3467 2734 in
3496 2679 3629 2735 illud

2062 2771 2318 2832 Matthxi,
2357 2787 2489 2836 xvn,
2519 2771 2574 2835 2,
2600 2769 2728 2824 Post
2756 2771 2865 2825 dies
2895 2785 2985 2824 sea:
3015 2771 3427 2842 transﬁguratus
3460 2784 3557 2825 est.

2129 2861 2286 2927 Ibid.,
2320 2862 2421 2916 lin.
2453 2861 2547 2914 44.
2591 2861 2715 2913 Ἐπὶ
2755 2860 2824 2912 δὲ
2859 2861 2973 2929 τὴν
3007 2859 3138 2914 τοῦ.
3169 2861 3628 2932 Clironograplio-

2061 2969 2178 3007 rum
2209 2954 2276 3010 de
2306 2953 2406 3007 hac
2452 2968 2509 3007 re
2558 2963 2612 3008 et
2653 2967 2796 3005 anno
2845 2951 3146 3007 nativitatis
3198 2952 3403 3008 Christi
3461 2957 3632 3009 variae

2059 3045 2276 3101 luerunt
2303 3045 2604 3110 sententiae,
2639 3057 2869 3114 quarum
2891 3043 3182 3098 nonnullas
3211 3043 3266 3097 in
3304 3058 3402 3098 sua
3423 3043 3628 3098 Biblio-

2060 3137 2204 3191 theca
2231 3138 2413 3192 retulit
2439 3135 2629 3192 Sixtus
2651 3133 2927 3191 Senensis.
2945 3134 3055 3192 Nos
3086 3136 3212 3190 item
3237 3134 3305 3189 ad
3338 3135 3624 3190 illustran-

401 3223 725 3296 primatibus
784 3225 989 3295 petitis,
1039 3233 1099 3280 ut
1157 3225 1262 3280 sibi
1304 3225 1520 3280 videtur
1550 3226 1807 3283 ostendit.
1847 3227 1951 3284 Sed
1980 3261 2021 3316 ε
2057 3231 2181 3285 dum
2225 3230 2369 3284 hunc
2403 3230 2578 3284 locum
2621 3230 2831 3299 aliquas
2861 3229 3236 3298 subjiciemus.
3265 3228 3394 3296 Quae
3442 3235 3624 3283 autem

400 3317 582 3370 oinnia
639 3318 844 3388 peregit
882 3326 1078 3388 printer
1117 3319 1224 3373 hoc
1264 3334 1433 3373 unum
1479 3319 1582 3375 sibi
1615 3323 1952 3392 propositum

401 3409 731 3474 institutum,
748 3410 1113 3465 insulsissime
1141 3409 1310 3474 enim,
1328 3417 1382 3464 et
1404 3409 1764 3482 undequaque
1793 3413 1957 3468 etiam

399 3500 635 3556 inaniter
688 3502 978 3556 occasione
1034 3511 1250 3573 arrepta
1297 3503 1350 3556 in
1391 3501 1690 3559 Ecclesiam
1732 3505 1963 3559 catholi-

399 3605 517 3645 cam
555 3600 749 3660 praiter
771 3606 988 3647 omnem
1019 3592 1240 3646 modum
1264 3598 1318 3648 et
1348 3592 1614 3648 rationem
1640 3594 1958 3665 impiissime

398 3697 598 3751 spurco
643 3680 1015 3752 maledieoque
1069 3698 1164 3738 ore
1220 3683 1515 3738 invehitur.
1564 3685 1864 3742 Commune
1904 3686 1960 3741 id

398 3772 676 3834 omnibus,
729 3773 821 3840 qui
877 3773 1104 3828 veritate
1160 3775 1405 3845 neglecta
1456 3775 1579 3831 aliis
1636 3777 1960 3848 copulantur

399 3865 616 3918 vesanis
658 3865 1004 3935 Opinionihus
1062 3877 1113 3922 et
1161 3870 1461 3924 erroribus.
1500 3867 1686 3939 Itaque
1724 3887 1847 3925 cum
1892 3871 1959 3926 de

402 3973 503 4014 suo
549 3960 690 4040 [nihil
750 3960 1009 4032 proferat,
1042 3962 1206 4018 habet
1255 3965 1310 4020 id
1360 3966 1522 4021 etiam
1557 3965 1702 4038 quod
1741 3967 1959 4022 aliunde

401 4061 614 4122 arrepta
657 4053 715 4108 in
760 4053 998 4124 pejorem
1035 4059 1358 4111 sententiam
1391 4059 1622 4122 deferat,
1658 4075 1760 4114 nec
1795 4074 1955 4113 unam

400 4147 454 4196 in
486 4151 629 4197 tanta
657 4146 1096 4216 conjecturarum
1146 4149 1329 4206 illuvie
1373 4167 1492 4220 quae
1525 4149 1811 4209 discursus
1843 4152 1956 4206 for-

399 4252 562 4298 mam,
596 4238 680 4291 vel
732 4239 1218 4307 argumentationis
1264 4242 1596 4312 prmscl‘erat,
1632 4243 1688 4298 in
1719 4243 1954 4298 medium

399 4329 570 4384 all'ert.
603 4329 732 4398 Ejus
762 4331 1107 4400 conjecturas
1140 4333 1409 4400 refellere,
1441 4349 1542 4389 nec
1575 4334 1822 4399 interest,
1856 4351 1956 4389 nec

401 4423 501 4476 mei
534 4421 769 4476 instituti
793 4437 913 4476 esse
943 4420 1084 4477 duco
1110 4439 1126 4489 ;
1159 4424 1406 4478 ultimam
1435 4431 1616 4479 tamen
1649 4441 1810 4495 quam
1841 4426 1958 4494 ipse

397 4513 640 4565 omnium
683 4513 1123 4583 conjecturarum
1175 4529 1440 4570 summam
1497 4515 1752 4584 appellat,
1796 4515 1960 4568 attin-

2064 3321 2131 3376 de
2178 3321 2278 3374 hac
2320 3336 2380 3375 re
2424 3321 2494 3374 sit
2523 3328 2709 3375 nostra
2750 3321 3020 3375 sententia
3064 3320 3119 3374 in
3159 3319 3226 3375 iis
3263 3336 3381 3390 quae
3422 3321 3490 3377 de
3520 3321 3627 3374 line

2065 3420 2365 3480 temporum
2396 3412 2506 3482 jam
2537 3427 2812 3482 paramus,
2864 3412 3167 3467 luculenter
3207 3411 3624 3481 explicabimus.

2065 3505 2368 3560 Abraamus
2431 3503 2800 3559 Bucholcerus
2857 3503 2911 3558 in
2973 3502 3194 3574 lsagoge
3243 3502 3628 3568 chronologica

2067 3598 2218 3670 ponit
2255 3612 2427 3652 annos
2465 3597 2634 3662 5970;
2667 3612 2788 3651 cum
2833 3611 2977 3652 enim
3008 3611 3273 3651 annorum
3306 3597 3492 3650 mundi
3535 3611 3624 3652 se-

2065 3688 2198 3742 riem
2247 3688 2304 3741 in
2350 3687 2455 3740 tria
2503 3687 2733 3757 partitus
2766 3686 2958 3742 fuisset
2986 3694 3291 3756 temporum
3340 3687 3537 3756 spatia,
3569 3686 3626 3741 in

2064 3779 2238 3850 primo
2291 3778 2538 3834 videlicet
2592 3794 2621 3833 a
2669 3779 2946 3835 creatione
3002 3778 3190 3832 mundi
3245 3777 3311 3832 ad
3363 3781 3626 3848 templum

2067 3871 2373 3926 Salomonis
2429 3878 2713 3924 enumerat
2761 3886 2934 3924 annos
2977 3869 3150 3937 295i;
3215 3872 3269 3923 in
3310 3870 3552 3924 secundo
3594 3887 3627 3922 a

2064 3965 2282 4020 condito
2331 3963 2532 4032 templo
2581 3963 2648 4017 ad
2681 3963 2799 4032 ejus
2835 3961 3247 4030 desolationem,
3278 3971 3332 4016 et
3385 3962 3509 4017 inde
3556 3963 3626 4016 ad

2064 4056 2393 4126 captivitatis
2422 4055 2766 4125 Babylonica
2811 4055 2973 4108 tinem
3002 4068 3176 4108 annos
3219 4053 3315 4109 501
3343 4071 3358 4121 ;
3384 4055 3438 4108 in
3465 4055 3630 4109 tertio

2064 4165 2094 4203 a
2141 4150 2246 4202 line
2292 4148 2626 4219 captivitatis
2658 4146 2999 4217 Babylonica:
3031 4147 3097 4200 ad
3128 4154 3312 4199 natum
3346 4145 3625 4203 Christum

2064 4242 2187 4305 557,
2218 4241 2308 4311 qui
2341 4256 2552 4304 omnes,
2588 4239 2633 4293 si
2664 4239 2825 4294 simul
2846 4249 3152 4302 sumantur,
3172 4240 3627 4295 constituuntnu-

2066 4348 2273 4390 merum
2302 4323 2638 4387 5970.I‘Iisr.e
2669 4338 2849 4385 autem
2879 4331 3055 4385 tribus
3079 4329 3441 4386 Eusebianam
3465 4333 3628 4387 chro-

2065 4425 2358 4494 nologiam,
2388 4431 2442 4477 et
2472 4423 2698 4476 aliorum
2725 4421 2998 4492 praecipue
3026 4421 3362 4486 Graecorum,
3392 4423 3482 4493 qui
3518 4439 3623 4479 nu-

2065 4530 2334 4571 merosex
2357 4513 2710 4585 Septuaginta
2735 4515 2966 4568 mutuati
3000 4523 3147 4580 sunt,
3169 4530 3289 4568 cum
3317 4529 3414 4570 sua
3443 4518 3627 4572 conci-

397 4618 538 4672 gam,
561 4609 619 4656 ut
645 4617 712 4657 ex
734 4603 836 4658 hac
864 4604 1034 4660 lector
1072 4612 1127 4660 et
1155 4606 1394 4676 reliquas
1413 4606 1734 4675 dignoscere
1758 4607 1951 4660 valeat.
1989 4615 2033 4675 ι)
2060 4607 2363 4676 liat,prime
2387 4606 2725 4661 correctione
2744 4621 3092 4661 numerorum
3116 4608 3383 4664 versionis
3402 4607 3624 4675 (ἔνεικε,

396 4697 519 4749 Jam
540 4696 801 4751 coronidis
827 4698 930 4751 vice
962 4695 1301 4767 subjiciemus
1335 4698 1596 4768 egregium
1613 4698 1747 4751 illud
1763 4697 1961 4753 dictum

398 4787 534 4843 Elia:
568 4788 1028 4859 prophetw,quod,
1059 4792 1158 4843 etsi
1187 4789 1239 4843 in
1258 4788 1463 4859 lBibliis
1491 4804 1747 4859 nusquam
1773 4801 1962 4856 exstet,

399 4891 568 4934 tamen
587 4881 711 4950 quia
735 4881 1056 4949 reliquarum
1071 4881 1301 4934 omnium
1319 4877 1735 4949 conjecturarum
1757 4897 1962 4937 summa

395 4981 492 5037 est,
511 4988 557 5026 et
573 4973 727 5042 quasi
750 4972 1051 5040 explicatio,
1071 4971 1308 5026 omnibus
1323 4971 1651 5027 notissimum
1666 4988 1777 5026 esse
1791 4972 1959 5039 debet,

402 5075 451 5118 et
481 5065 710 5119 maxime
744 5063 1040 5134 faciendum
1062 5072 1159 5118 est.
1174 5061 1456 5118 Sexmillia
1471 5079 1727 5119 armorum
1758 5067 1957 5130 mundi,

394 5167 441 5211 et
469 5167 647 5226 postea
676 5155 982 5219 destructio,
1011 5154 1114 5209 duo
1139 5154 1307 5209 millia
1330 5156 1501 5214 inane.
1528 5154 1632 5209 duo
1655 5156 1826 5209 millia
1855 5157 1959 5218 lex,

393 5246 498 5298 duo
514 5247 678 5299 millia
698 5244 960 5309 Christus,
982 5255 1030 5300 et
1055 5246 1102 5299 si
1125 5244 1250 5314 quid
1266 5260 1330 5300 ea:
1348 5246 1428 5299 his
1449 5244 1628 5308 deerit,
1648 5245 1813 5300 deerit
1841 5263 1962 5314 pro-

393 5347 506 5406 pter
532 5348 743 5406 peccata
775 5346 956 5392 nostra
982 5353 1098 5407 qua:
1122 5354 1311 5410 magna
1340 5347 1388 5392 et
1417 5338 1691 5393 innumera
1713 5347 1856 5393 sunt.
1879 5337 1958 5392 En

397 5427 702 5485 Cunmanni
764 5429 1105 5495 coronidem,
1144 5445 1211 5486 en
1245 5429 1393 5484 dicta
1445 5428 1684 5500 egregia,
1716 5445 1783 5484 en
1831 5445 1962 5500 pro-

399 5521 614 5588 phetam
643 5533 795 5576 extra
838 5519 1174 5592 Scripturas,
1203 5536 1272 5576 en
1297 5534 1590 5584 summam,
1621 5534 1688 5574 en
1717 5520 1953 5588 explica-

399 5612 622 5678 tionem,
661 5630 782 5683 qua:
810 5616 998 5685 quanti
1040 5613 1289 5668 facienda
1324 5612 1396 5667 sit
1423 5611 1747 5667 videbimus.
1774 5609 1959 5666 Primo

399 5702 595 5755 falsum
622 5714 706 5759 est
727 5704 932 5758 dictum
966 5705 1094 5758 illud
1125 5718 1247 5759 esse
1269 5701 1400 5756 Elia:
1423 5700 1698 5757 Thesbitae
1721 5700 1957 5770 prophe-

397 5800 488 5855 tae,
513 5809 638 5849 cum
677 5797 748 5851 sit
780 5796 1062 5865 cuiusdam
1100 5796 1230 5850 Elim
1275 5794 1486 5849 rabbini
1516 5792 1827 5848 Iudaeorum
1865 5807 1958 5845 ca-

402 5887 636 5943 balistici
666 5895 1029 5942 commentum
1053 5887 1107 5941 in
1129 5884 1443 5952 II‘halmud.,
1478 5895 1618 5941 tract
1647 5883 1954 5953 Sanedrim,

2063 4698 2258 4754 Cenes.
2311 4715 2346 4752 v
2393 4708 2447 4752 et
2491 4712 2585 4763 xx;
2621 4697 2864 4752 secundo
2908 4697 3203 4754 emissione
3262 4698 3510 4755 decennii
3569 4701 3625 4756 in

2061 4805 2228 4861 regno
2273 4790 2504 4844 Ammon
2549 4787 2613 4842 IV
2658 4788 2864 4859 Regum
2911 4805 3024 4857 sit;
3068 4792 3228 4846 tertio
3265 4792 3628 4861 applicatione

2060 4881 2189 4937 anni
2213 4880 2390 4936 ultimi
2407 4879 2740 4952 captivitatis
2758 4880 3097 4952 Babylonica:
3119 4881 3186 4936 ad
3208 4889 3450 4953 tempora
3473 4883 3624 4955 Cyri.

2061 4972 2414 5027 Cunmannus
2437 4971 2827 5028 Flinsbachius
2862 4973 2916 5028 in
2945 4972 3311 5045 chronologiaa
3337 4974 3629 5029 conﬁrma-

2060 5066 2208 5119 tione
2265 5073 2547 5118 enumerat
2587 5077 2761 5118 annos
2799 5062 2960 5128 5362,
2990 5064 3241 5119 videlicet
3284 5079 3314 5118 a
3347 5067 3627 5121 creatione

2061 5154 2249 5209 mundi
2284 5153 2351 5210 ad
2384 5153 2648 5209 diluvium
2698 5153 2908 5220 I656,a
2951 5154 3160 5210 diluvio
3188 5153 3256 5210 ad
3285 5157 3623 5213 vocationem

2061 5246 2290 5302 Abrahae
2335 5246 2464 5310 367,
2519 5261 2550 5300 a
2601 5239 2889 5302 vocatione
2946 5246 3175 5301 Abraha
3215 5247 3282 5300 ad
3325 5248 3529 5302 exitum
3557 5247 3628 5304 de

2061 5334 2296 5407 .lEgypto
2324 5335 2448 5398 450,
2483 5336 2551 5392 ab
2575 5338 2726 5392 exitu
2764 5337 2833 5394 de
2862 5336 3098 5407 Egypto
3133 5335 3201 5390 ad
3242 5333 3499 5392 Davidem
3539 5351 3627 5394 re-

2060 5448 2180 5502 gem
2227 5432 2352 5495 457,
2397 5448 2428 5486 a
2462 5429 2664 5488 Davide
2713 5432 2782 5488 ad
2829 5433 3200 5502 captivitatem
3244 5431 3625 5502 Babylonicam

2060 5524 2182 5579 501.
2214 5523 2515 5593 Captivitas
2557 5524 2882 5595 Babylonica
2913 5523 3007 5589 70;
3044 5539 3074 5578 a
3102 5524 3415 5594 captivitate
3454 5523 3630 5597 Baby-

2061 5615 2238 5670 lonica
2265 5630 2438 5684 usque
2468 5613 2536 5669 ad
2567 5614 2847 5670 Christum
2876 5621 3066 5669 natum
3095 5614 3219 5680 501,
3249 5629 3437 5670 omnes
3466 5615 3630 5671 simul

2059 5704 2219 5760 3969..
2249 5703 2487 5761 Joannes
2519 5704 2794 5761 Funccius
2839 5706 2894 5760 in
2928 5721 3027 5760 sua
3059 5704 3424 5776 Chronologia
3465 5705 3628 5771 3963,

2057 5795 2306 5852 videlicet
2348 5811 2379 5849 a
2427 5798 2705 5853 creatione
2756 5796 2947 5852 mundi
3005 5813 3182 5867 usque
3222 5797 3289 5851 ad
3336 5797 3628 5852 Persarum

2057 5886 2426 5944 monarchiam
2443 5888 2603 5956 5406,
2621 5903 2649 5943 a
2665 5887 2953 5946 Persarum
2977 5890 3290 5946 monarchia
3314 5889 3380 5947 ad
3405 5883 3631 5962 regnum
