4124 6414
489 386 627 441 toea
1499 378 1569 436 IN
1609 359 1981 469 EUS’iAruu
2020 382 2047 436 ε

2146 378 2493 436 :AEMERON
2534 376 2765 436 None.
3594 359 3740 429 1010'

487 499 805 554 Graecorum
861 502 987 565 post
1038 493 1335 548 Alexandri
1380 504 1608 550 mortem
1659 494 1786 559 254,
1830 512 1861 549 a
1909 511 2072 566 regno
2101 501 2144 555 Α
2172 502 2436 562 quuntur.
2470 488 2645 546 Rabbi
2681 487 2934 543 Nahsson
2980 489 3034 542 in
3063 487 3159 544 lib.
3193 486 3267 543 De
3306 485 3451 557 cyclo
3480 483 3735 541 Paschah‘

485 586 799 642 Graecorum
847 597 1024 654 usque
1074 583 1144 639 ad
1174 580 1545 639 Romanorum
1590 585 1962 639 monarchiam
2004 591 2059 637 et
2159 585 2320 650 5740,
2351 584 2528 640 Rabbi
2558 581 2685 638 Levi
2724 582 2781 637 in
2814 596 2892 639 xit
2923 580 3160 638 Danielis
3191 580 3353 645 5781,
3390 577 3560 634 Rabbi
3623 577 3735 634 Mo-

484 679 691 737 Christi
739 677 1084 733 nativitatem
1115 674 1219 730 522
1252 690 1267 730 :
1298 682 1429 731 sunt
1478 676 1607 731 anni
1666 690 1857 733 omnes
1895 677 2058 733 simul
2159 691 2247 733 ses
2269 675 2644 733 Cerundensis
2668 674 2835 738 4058,
2860 672 3077 728 mem
3105 673 3159 729 5.
3181 670 3247 726 Et
3273 671 3469 727 horum
3512 675 3734 727 senten-

482 771 646 829 5965.
678 767 835 826 Ubbo
886 767 1133 823 Emmius
1156 766 1367 823 Frisius
1400 766 1457 822 in
1499 766 1852 840 chronologia
1878 778 1932 825 et
1968 785 2060 824 ca-

487 862 648 917 nonis
693 859 943 916 chronici
974 859 1298 930 compendio
1330 858 1654 915 brevissimo
1708 866 1763 916 et
1804 860 2054 930 pleniori,

487 968 660 1013 annos
683 951 847 1016 5950,
875 951 1084 1009 scilicet
1114 966 1144 1006 a
1170 950 1448 1007 creatione
1473 950 1662 1006 mundi
1697 950 1764 1008 ad
1792 951 2053 1008 diluvium

486 1061 664 1104 annos
685 1045 844 1110 1657,
870 1044 939 1100 ad
960 1046 1300 1102 vocationem
1328 1045 1556 1100 Abrahae
1574 1044 1738 1109 2024,
1759 1045 1826 1099 ad
1849 1046 2053 1101 exitum

485 1153 553 1196 ex
586 1137 822 1210 Egypto
848 1136 1011 1202 2455,
1035 1137 1104 1192 ad
1134 1136 1393 1209 templum
1423 1136 1730 1193 Salomonis
1775 1138 2052 1193 conditum

386 1208 397 1221 ‘
484 1227 648 1293 295e,
700 1208 767 1283 5d
821 1228 1082 1298 templum
1116 1227 1352 1283 deletum
1381 1226 1543 1293 5560,
1570 1226 1639 1282 ad
1672 1228 1931 1300 templum
1970 1228 2054 1283 in-

486 1327 792 1376 stauratum
825 1319 985 1384 5551,
1015 1318 1083 1374 ad
1115 1317 1397 1375 Christum
1429 1318 1483 1374 in
1511 1325 1658 1373 terra
1685 1325 1873 1374 natum
1891 1318 2048 1375 5950.

479 1410 724 1468 Joannes
751 1411 1050 1469 Boulaasius
1075 1411 1237 1474 5960,
1265 1412 1431 1483 idque
1462 1410 1664 1483 triplici
1700 1413 1788 1467 via
1827 1410 2054 1467 demon-

481 1511 641 1560 strat.
669 1503 851 1560 Prima
883 1505 1141 1561 saeculum
1190 1505 1428 1561 ethnicis
1459 1505 1705 1575 ignotum
1740 1512 1867 1560 ante
1904 1504 2051 1560 dilu-

481 1594 631 1649 vium
663 1595 822 1659 1657,
864 1610 1090 1653 aureum
1120 1596 1380 1653 saeculum
1418 1595 1544 1660 249,
1571 1606 1884 1668 argenteum
1922 1598 2047 1661 450,

479 1684 692 1741 aeneum
737 1684 874 1752 448,
922 1694 1207 1743 stanneum
1243 1685 1369 1748 427,
1419 1686 1654 1742 ferreum
1701 1687 1827 1750 240,
1877 1689 2048 1758 plum-

480 1774 642 1832 beum
672 1791 797 1831 cum
832 1775 1109 1831 additione
1135 1774 1225 1844 46,
1250 1776 1377 1843 510,
1401 1783 1458 1832 et
1495 1777 1600 1833 hoc
1631 1779 1792 1833 modo
1821 1792 2049 1832 consur-

2158 768 2264 831 tiae,
2294 767 2373 822 uti
2401 767 2586 823 videre
2614 774 2718 830 est,
2754 764 3008 836 quamvis
3062 763 3248 827 variae,
3283 778 3384 819 nec
3430 761 3732 817 uniformcs

2154 858 2432 923 videntur,
2482 863 2664 911 tamen
2723 868 3012 909 numerum
3068 852 3244 922 quinti
3284 849 3574 906 millenarii
3619 863 3730 903 non

2154 947 2448 1007 excedunt.
2495 948 2679 1001 Altera
2731 952 2814 1001 est
2868 960 3080 1008 eorum,
3118 942 3211 1014 qui
3265 957 3428 1014 supra
3477 943 3729 1013 quintum

2153 1042 2524 1098 millenarium
2574 1038 2784 1094 addunt
2838 1038 3040 1092 multos
3094 1049 3291 1100 annos,
3321 1048 3498 1104 neque
3548 1042 3731 1088 tamen

2154 1134 2530 1191 consentiunt.
2561 1129 2904 1201 Augustinus
2931 1134 3187 1184 numerat
3218 1142 3393 1182 annos
3423 1126 3555 1182 5551
3586 1145 3601 1194 ;
3633 1127 3732 1182 Isi-

2152 1223 2322 1279 dorus
2364 1239 2396 1276 ν
2443 1219 2777 1291 'Etymolog.,
2832 1217 2993 1274 5210.
3049 1215 3279 1272 Orosius
3330 1215 3489 1281 5190,
3540 1216 3731 1271 Alfen-

2153 1331 2248 1372 sus
2276 1314 2440 1376 5984,
2476 1311 2743 1367 Eusebius
2768 1308 2911 1365 idem
2950 1308 3115 1362 sentit
3148 1323 3271 1363 cum
3300 1306 3521 1373 Oresio,
3553 1304 3733 1363 Theo-

2151 1404 2333 1474 philus
2382 1402 2759 1457 Antiochenus
2810 1400 2878 1455 ad
2924 1398 3241 1468 Autolycum
3289 1396 3447 1453 5476.
3515 1395 3732 1453 Nicetas

2152 1495 2246 1551 lib.
2275 1511 2288 1548 ι
2331 1491 2539 1548 Histor.
2570 1508 2690 1563 cap.
2736 1491 2804 1546 10
2824 1531 2838 1556 ,
2861 1490 3037 1557 5505;
3063 1488 3345 1544 Cedrenus
3369 1488 3532 1551 5506,
3559 1488 3731 1544 (ἕνωοὶ

2151 1586 2311 1655 vulgo
2337 1584 2476 1640 5508
2505 1592 2565 1639 ut
2584 1584 2639 1637 in
2658 1581 2821 1638 Sexta
2856 1580 3064 1653 synodo
3096 1594 3218 1651 cap.
3247 1580 3303 1636 5.
3332 1580 3391 1633 in
3425 1579 3729 1650 llorologio,

2149 1686 2203 1732 et
2234 1677 2380 1747 cyclo
2424 1674 2675 1729 Pascltali
2728 1672 3059 1730 Nicodamus
3104 1673 3172 1729 de
3220 1672 3628 1727 resurrectione
3677 1680 3731 1727 ct

2151 1769 2407 1839 passione
2455 1765 2667 1820 Domini
2714 1780 2843 1820 ann.
2896 1764 3060 1832 5500,
3114 1765 3218 1819 hoc
3262 1768 3347 1819 est
3385 1777 3412 1817 a
3451 1763 3731 1818 creatione

478 1875 616 1938 gunt
663 1867 732 1923 ab
763 1869 896 1924 orbe
924 1869 1145 1924 condito
1183 1843 1252 1922 ad
1282 1867 1491 1924 Christi
1521 1869 1858 1923 nativitatem
1890 1868 2047 1924 5960.

2153 1858 2283 1912 Adae
2331 1855 2400 1911 ad
2453 1856 2716 1911 diluvium
2768 1855 2930 1919 2212,
2956 1870 2987 1909 a
3014 1855 3221 1910 diluvio
3256 1869 3429 1925 usque
3456 1856 3522 1909 ad
3558 1856 3730 1910 Abra-

480 1958 762 2023 Sccuuda,
785 1958 856 2014 ab
886 1959 1042 2013 initio
1067 1959 1253 2014 saeculi
1281 1959 1350 2015 ad
1380 1956 1645 2014 diluvium
1673 1959 1828 2023 1656,
1858 1974 1886 2013 a
1914 1959 2057 2014 dilu-

484 2053 576 2105 vio
612 2050 679 2105 ad
708 2048 905 2104 Ninum
939 2050 1292 2104 monareham
1309 2049 1436 2116 249,
1468 2064 1499 2103 a
1526 2048 1666 2105 Nino
1686 2049 1754 2104 ad
1784 2048 2056 2104 Sardana-

480 2140 592 2211 pali
646 2138 807 2194 tinem
855 2138 1016 2204 1254,
1049 2140 1119 2194 ab
1170 2138 1381 2194 Arbace
1422 2138 1489 2194 ad
1516 2138 1882 2194 Alexandrum
1936 2136 2052 2192 Ma-

476 2244 644 2302 gnum
690 2230 817 2295 495,
847 2231 914 2283 ab
936 2229 1247 2285 Alexandro
1272 2227 1467 2300 Magno
1497 2228 1564 2283 ad
1592 2228 1753 2285 tinem
1774 2229 1924 2300 regni
1953 2228 2055 2300 Sy-

476 2319 576 2374 ria
610 2320 737 2385 255,
762 2334 795 2374 a
848 2319 1007 2389 Syria
1071 2333 1322 2392 possessa
1367 2333 1464 2391 per
1490 2318 1773 2375 Romanos
1797 2319 1863 2375 ad
1894 2319 2055 2374 Chri-

478 2419 626 2468 stum
672 2418 858 2467 natum
897 2411 988 2474 91,
1022 2419 1078 2467 et
1124 2412 1206 2468 sic
1237 2412 1366 2467 item
1395 2419 1557 2469 erunt
1589 2410 1749 2468 5960.
1784 2410 1989 2474 Tertia,
2019 2426 2052 2466 a

475 2502 755 2557 creatione
809 2502 998 2557 mundi
1057 2502 1126 2558 ad
1175 2503 1442 2559 diluvium
1487 2501 1645 2571 1656,
1671 2518 1703 2559 a
1742 2503 1948 2559 diluvio
1985 2504 2051 2558 ad

476 2594 802 2665 completam
851 2594 919 2648 15
959 2594 1269 2666 dynastiam
1310 2593 1440 2659 292,
1498 2596 1554 2651 in
1588 2595 1654 2651 16
1707 2603 1759 2652 et
1796 2597 1861 2649 17
1885 2598 2051 2668 dyna-

476 2684 584 2741 stia
614 2683 757 2748 295,
797 2685 850 2761 in
886 2686 951 2741 18
994 2687 1215 2759 dynast.
1263 2686 1401 2753 548,
1453 2686 1511 2741 in
1576 2686 1641 2741 l9
1682 2688 1901 2761 dynast.
1930 2688 2050 2749 194,

477 2778 535 2832 in
584 2759 942 2850 sequentibus
976 2794 1070 2835 sex
1098 2778 1368 2851 dynastiis
1395 2779 1522 2843 489,
1557 2796 1587 2834 a
1612 2779 1683 2834 26
1724 2759 1947 2852 ﬁdynast.
1983 2780 2050 2835 ad

474 2869 685 2925 obitum
721 2869 1014 2926 Alexandri
1046 2871 1171 2939 569,
1204 2887 1234 2925 a
1261 2879 1435 2928 morte
1461 2871 1757 2928 Alexandri
1788 2871 1856 2926 ad
1887 2869 2049 2925 Chri-

475 2967 621 3016 stum
650 2961 775 3028 5l9,
803 2970 857 3018 et
888 2963 969 3019 sic
1019 2963 1149 3018 item
1190 2964 1481 3020 constituit
1511 2964 1580 3020 ab
1602 2963 1828 3019 exordio
1862 2964 2047 3017 mundi

460 3047 546 3103 ad
574 3048 851 3107 Christum
896 3050 1058 3108 5960.
1102 3051 1383 3109 Gilbertns
1431 3052 1841 3111 Genebrardus.
1873 3053 1968 3109 lib.
2007 3070 2045 3114 I.

474 3147 529 3195 et
561 3139 617 3195 in
651 3140 756 3199 {Ine
788 3143 886 3200 lib.
919 3159 981 3207 ll,
1028 3144 1189 3205 4090.
1214 3145 1283 3200 ab
1313 3145 1447 3200 orbe
1476 3145 1687 3201 scilicet
1715 3145 1937 3201 condito
1972 3146 2042 3200 ad

2156 1947 2280 2002 ham
2311 1947 2436 2011 912,
2476 1948 2549 2003 ab
2575 1947 2848 2001 Abraham
2879 1946 2945 2002 ad
2979 1946 3212 2018 Moysem
3242 1947 3366 2010 450,
3393 1962 3422 2001 a
3452 1944 3632 2019 Moyse
3661 1949 3726 2002 ad

2157 2038 2324 2095 David
2376 2054 2558 2109 regem
2601 2036 2724 2102 510,
2752 2052 2783 2091 a
2839 2036 3042 2094 Davide
3081 2039 3149 2093 ad
3195 2040 3729 2110 transmigrationem

2154 2130 2448 2203 Babylonis
2478 2131 2604 2197 500,
2640 2146 2669 2184 a
2707 2131 3208 2201 transmigratione,
3245 2146 3416 2202 usque
3451 2132 3515 2186 ad
3548 2131 3732 2187 incar«

2154 2225 2426 2280 nationem
2454 2222 2659 2280 Christi
2696 2222 2831 2285 500;
2863 2221 2955 2291 qui
2984 2237 3175 2277 omnes
3202 2232 3325 2277 Sunt
3356 2223 3514 2279 5500.
3560 2223 3727 2279 Chro-

2156 2316 2309 2371 nicon
2349 2313 2772 2370 Alexandrinum
2824 2312 3004 2379 5507,
3048 2310 3388 2385 Nicephorus
3419 2315 3729 2385 patriarcha

2150 2406 2786 2479 Constantinopolitanus
2816 2406 2975 2462 5500.
3017 2408 3166 2474 Quos
3201 2407 3275 2461 ita
3326 2409 3568 2480 colligit:
3593 2410 3725 2462 Συν-

2153 2498 2374 2569 άγονται
2426 2499 2496 2554 τὰ
2536 2498 2631 2569 ἐτη
2672 2496 2844 2562 οὕτως
2900 2498 2976 2563 ὡς
3015 2499 3372 2553 ὑποτέτακται
3405 2499 3512 2553 ἀπὸ
3558 2500 3728 2571 Ἀδὰμ

2150 2589 2256 2654 ἕως
2301 2587 2396 2642 τοῦ
2445 2589 2833 2661 κατακλυσμοῦ
2869 2588 3064 2662 ,βσμβ’,
3100 2588 3207 2643 ἀπὸ
3243 2589 3300 2643 δὲ
3335 2586 3429 2643 τοῦ
3461 2590 3727 2643 κατακλυ-

2153 2680 2291 2753 σμοῦ
2324 2680 2429 2745 ἕως
2460 2682 2668 2753 πύργου
2699 2680 2926 2754 Νευρὼθ
2976 2680 3069 2753 ἔτη
3115 2682 3231 2750 φκε⁹
3251 2699 3264 2712 '
3293 2681 3399 2735 ἀπὸ
3424 2682 3483 2735 δὲ
3515 2681 3724 2753 πύργου

2149 2771 2255 2837 ἕως
2287 2771 2394 2826 τῶν
2425 2772 2874 2846 διχοτομημάτων
2915 2775 3165 2848 Ἀϐραὰμ
3201 2774 3298 2845 ἐτη
3343 2774 3487 2827 υκε’·
3525 2775 3633 2828 ἀπὸ
3669 2775 3727 2828 δὲ

2150 2863 2258 2919 τῶν
2311 2865 2762 2938 διχοτομημάςων
2813 2868 2919 2932 ἕως
2970 2868 3062 2922 τοῦ
3118 2867 3299 2930 τέλους
3340 2865 3589 2938 Ἀϐραὰμ
3628 2866 3725 2938 ἔτη

2149 2956 2255 3022 ος’,
2285 2956 2417 3028 ὁμοῦ
2445 2957 2566 3029 ἔτη,
2597 2958 2793 3031 xci—gn"
2829 2959 2935 3013 ἀπὸ
2962 2959 3018 3012 δὲ
3053 2958 3145 3012 τοῦ
3197 2956 3446 3030 Ἀϐραὰμ
3482 2958 3587 3021 ἕως
3628 2958 3726 3029 τῆς

2148 3045 2329 3111 ἑξόδου
2361 3046 2471 3101 τῶν
2499 3046 2629 3102 υἱῶν
2679 3048 2892 3122 Ἰσραὴλ
2923 3049 3014 3122 ἐτη
3050 3048 3126 3103 υλ⁹
3147 3066 3158 3079 ·
3191 3050 3299 3102 ἀπὸ
3322 3038 3383 3103 ’δὲ
3412 3050 3513 3120 τῆς
3544 3049 3725 3115 ἐξόδου

2148 3138 2254 3202 ἕως
2271 3139 2369 3210 τῆς
2390 3140 2675 3212 οἰκοδομῆς
2698 3141 2847 3195 οἴκου
2878 3142 3084 3214 Κυρίου
3112 3140 3204 3213 ἐτη
3239 3141 3386 3212 ψνζ·
3415 3142 3522 3195 ἀπὸ
3546 3141 3602 3195 δὲ
3627 3142 3726 3212 τῆς

473 3230 778 3289 eluvionem
797 3234 948 3300 l656,
961 3234 1079 3291 dies
1098 3250 1222 3301 sex;
1242 3236 1310 3291 ab
1324 3238 1573 3293 eluvione
1595 3238 1663 3293 ad
1684 3249 1862 3295 ortum
1879 3241 2047 3295 Abra-

2151 3229 2437 3301 οῑκοδομῆς
2474 3228 2568 3285 τοῦ
2601 3232 2732 3285 ναοῦ
2766 3231 2871 3295 ἓως
2910 3233 3007 3304 τῆς
3040 3234 3415 3304 αἰχμαλωσίας
3445 3233 3539 3304 ἔτη
3588 3235 3721 3301 υκέ,

473 3323 621 3377 hami
673 3323 800 3391 295,
833 3325 951 3382 dies
1004 3326 1101 3393 10;
1153 3327 1222 3382 ab
1253 3326 1543 3382 Abrahami
1588 3335 1737 3394 ortu,
1762 3330 1830 3384 ad
1857 3340 2047 3401 egres-

2149 3319 2282 3392 ὁμοῦ
2313 3319 2407 3393 ἔτη
2435 3322 2605 3386 ,δωπζ
2643 3323 2776 3375 Ἀπὸ
2805 3323 2862 3377 δὲ
2894 3325 2994 3390 τῆς
3028 3326 3401 3396 αἰχμαλωσίας
3420 3325 3525 3390 ἕως
3547 3327 3728 3392 Ἀλεξ.

473 3414 684 3469 sionem
712 3413 1084 3471 lsraelitarum
1107 3432 1174 3472 ex
1205 3415 1444 3489 Egypto
1469 3417 1595 3483 720,
1623 3419 1692 3474 ab
1716 3433 1942 3490 egressu
1980 3419 2047 3473 ad

2149 3409 2339 3481 ἀνδρου
2386 3412 2478 3483 ἔτη
2529 3414 2666 3485 τιη’·
2704 3414 2810 3467 ἀπὸ
2840 3414 2897 3467 δὲ
2933 3415 3027 3467 τοῦ
3079 3415 3424 3489 Ἀλεξάνδρου
3471 3416 3574 3480 ἕως
3614 3418 3729 3472 τῶν

466 3501 617 3574 jacta
651 3506 840 3576 templi
871 3506 1227 3563 fundamenta
1253 3508 1380 3573 480,
1399 3525 1428 3563 a
1458 3509 1828 3565 fundamentis
1857 3510 2045 3581 templi

2147 3503 2352 3574 χρόνων
2376 3504 2550 3574 Ἰησοῦ
2572 3504 2666 3559 τοῦ
2684 3507 2888 3578 Κυρίου
2911 3508 2943 3578 ἡ
2952 3505 3065 3577 μῶν
3088 3506 3182 3578 ἔτη
3208 3515 3309 3578 τγ’,
3336 3508 3470 3580 ὁμοῦ
3491 3509 3582 3581 ἐτη
3603 3510 3730 3580 ,εφ’.,

472 3593 538 3648 ad
562 3594 929 3665 captivitatem
947 3596 1329 3669 Babylonicam
1346 3600 1473 3663 419,
1498 3615 1714 3656 menses
1737 3600 1790 3665 6,
1811 3616 1841 3655 n
1870 3602 2046 3673 Baby-
2149 3593 2284 3650 Vide
2316 3596 2585 3667 Argyrum
2632 3597 2686 3651 in
2739 3595 2899 3668 Cyclo
2937 3597 3212 3664 Pascltali,
3239 3610 3294 3655 et
3338 3600 3498 3656 alios.
3526 3600 3731 3657 Noster

473 3684 654 3742 ionica
691 3688 1007 3757 captivitate
1036 3689 1106 3744 ad
1136 3690 1417 3747 Christum
1459 3699 1645 3746 natum
1678 3691 1804 3747 5:20.
1837 3690 2040 3748 Omnes
2146 3683 2466 3745 Eustathius
2519 3690 2678 3748 5551.
2715 3689 2834 3757 Qua
2885 3699 3066 3746 autem
3116 3691 3170 3746 id
3221 3694 3433 3750 ratione
3468 3694 3721 3757 aﬂirmat.

478 3784 610 3831 sunt
665 3776 821 3833 4089.
847 3778 904 3834 Si
957 3780 1125 3838 addas
1152 3781 1270 3837 dies
1300 3790 1354 3837 et
1382 3797 1618 3846 menses,
1655 3783 1761 3839 erit
1788 3782 2047 3841 nativitas
2144 3797 2418 3853 exponere
2446 3784 2685 3841 breviter
2713 3785 2939 3841 minime
2976 3785 3090 3842 ﬁeri
3122 3795 3318 3857 potest,
3345 3803 3469 3843 cum
3506 3798 3560 3845 et
3580 3790 3731 3846 vitas

469 3865 678 3924 Christi
722 3882 867 3923 anno
905 3868 1064 3926 4090.
1098 3869 1339 3950 Joannes
1364 3869 1631 3944 Georgius
1662 3870 1959 3927 llervartus
1988 3872 2043 3927 in
2144 3883 2359 3943 patrum
2409 3882 2536 3931 ante
2589 3875 2853 3932 diluvium
2892 3885 2947 3933 et
2988 3886 3113 3948 post
3151 3881 3465 3941 examinare
3507 3882 3731 3939 diliicile

472 3975 574 4016 sua
623 3976 786 4027 nova,
816 3970 871 4018 et
900 3964 968 4018 ad
997 3963 1271 4019 calculum
1319 3965 1747 4020 astronomicum
1774 3971 2044 4021 revocatas
2144 3966 2238 4033 sit,
2268 3974 2323 4022 et
2353 3982 2540 4040 regum
2583 3965 2738 4025 Judae
2783 3970 3125 4041 aliorumque
3173 3988 3347 4030 annos
3390 3982 3445 4031 et
3490 3976 3725 4032 interre-

470 4051 839 4125 chronologia:
895 4069 1019 4124 cap.
1075 4056 1110 4109 5
1152 4064 1206 4110 et
1255 4053 1383 4123 264,
1424 4061 1618 4111 exacto
1670 4068 1811 4109 anno
1856 4055 2041 4110 mundi
2143 4072 2248 4128 gna
2271 4056 2605 4130 distinguere
2634 4058 2858 4116 minime
2886 4062 2957 4117 sit
2986 4062 3158 4131 hujus
3182 4066 3403 4134 negotii,
3432 4074 3487 4120 et
3512 4066 3733 4125 laboris

467 4144 611 4200 5955
652 4142 1088 4201 lncarnationem
1160 4145 1374 4202 Domini
1435 4146 1611 4202 nostri
1655 4144 1786 4204 Jesu
1835 4147 2044 4203 Christi
2142 4148 2320 4214 multi,
2373 4156 2425 4205 et
2477 4151 2769 4222 scriptum
2824 4154 3085 4226 indigeat,
3120 4171 3188 4211 ne
3243 4156 3720 4228 lusisse.0peram

468 4238 644 4307 ponit,
674 4237 821 4309 quod
847 4253 917 4293 ne
964 4238 1171 4310 absque
1207 4239 1420 4295 ratione
1457 4254 1703 4296 asserere
1739 4237 2038 4305 videretur,

465 4329 753 4385 sententia:
810 4345 923 4386 suae
976 4328 1329 4387 fundamenta
1393 4330 1555 4400 jecit.
1594 4336 1648 4387 et
1692 4330 1748 4386 in
1799 4330 2037 4387 medium

471 4421 676 4475 attulit.
713 4419 976 4476 Numerat
1004 4420 1147 4476 enim
1176 4437 1299 4476 cum
1329 4421 1453 4477 aliis
1486 4436 1551 4476 ex
1582 4421 1904 4478 auctoritate
1937 4420 2039 4476 He-

2139 4239 2472 4297 videremur.
2522 4240 2891 4305 Reservamus
2941 4257 3123 4301 tamen
3175 4246 3342 4313 huius
3393 4249 3730 4318 quaestionis.

2139 4334 2584 4405 explicationem.
2642 4336 2698 4390 in
2732 4335 2873 4391 libro
2904 4343 3115 4402 nostro,
3168 4353 3328 4409 quem
3357 4339 3610 4409 superius
3641 4342 3735 4396 ci-.

2140 4427 2398 4481 tavimus.
2429 4423 2668 4482 inventae
2688 4434 2817 4483 sunt
2836 4428 2999 4484 etiam
3021 4430 3141 4485 duae
3164 4430 3517 4486 collectiones
3545 4446 3733 4486 anno-.

470 4508 662 4564 braica
689 4510 759 4564 ab
790 4511 999 4565 Adamo
1021 4510 1091 4565 ad
1121 4511 1383 4566 diluVium
1421 4524 1596 4567 annos
1631 4509 1938 4566 1656-1008
1972 4512 2037 4566 ad
2071 4521 2115 4577 D
2141 4536 2263 4576 rum
2281 4522 2687 4592 manuscriptae,
2717 4521 2885 4576 altera
2914 4535 2980 4576 ex
3004 4519 3335 4575 Marcelliani
3352 4519 3595 4574 chronici
3614 4518 3731 4575 line

469 4601 843 4656 Abrahamum
896 4601 1023 4668 292,
1070 4602 1267 4658 exinde
1296 4604 1362 4657 ad
1400 4600 1657 4658 Davidem
1696 4602 1822 4667 942,
1851 4603 1918 4657 ad
1950 4619 2044 4657 cae

467 4692 772 4765 ptivitatem
801 4694 906 4749 475
926 4733 941 4758 ,
967 4704 1131 4765 atque
1159 4693 1356 4749 exinde
1384 4692 1452 4747 ad
1479 4692 1760 4749 Christum
1788 4693 1914 4750 589.
1937 4694 2043 4760 Qui

465 4787 524 4843 in
559 4801 729 4843 unum
768 4786 984 4843 collecti
1013 4792 1143 4843 sunt
1170 4785 1312 4841 5952
1347 4804 1360 4840 :
1391 4785 1593 4855 quibus
1629 4785 1676 4841 si
1706 4794 1819 4842 tres
1865 4800 2040 4842 annos

465 4877 759 4949 adieceris,
813 4887 938 4949 post
992 4892 1135 4949 quos
1188 4876 1430 4949 vulgaris
1476 4873 1682 4933 Christi
1716 4878 1924 4948 epocha
1956 4879 2042 4933 in-

465 4970 663 5027 choata
712 4969 816 5024 fuit
856 4985 955 5040 per
998 4968 1060 5027 D.
1095 4968 1503 5041 Hieronymum,
1527 4975 1691 5026 erunt
1722 4970 1853 5025 anni
1877 4971 2037 5027 5955.

467 5066 751 5119 Annorum
779 5062 907 5119 item
945 5062 1138 5118 seriem
1168 5061 1238 5117 ab
1260 5062 1390 5116 orbe
1425 5062 1646 5117 condito
1671 5062 1739 5117 ad
1763 5060 2040 5119 Christum

467 5161 653 5209 natum
681 5153 852 5210 habes
888 5153 946 5208 in
991 5150 1249 5208 Chronico
1275 5151 1548 5218 Cariouis,
1578 5167 1738 5222 quem
1781 5153 1925 5208 vide.
1979 5150 2043 5205 Et

465 5256 534 5298 ex
564 5240 806 5301 Hebraeis
830 5244 959 5299 Baal
982 5241 1152 5299 Seder
1185 5241 1364 5311 Olam,
1394 5256 1427 5296 a
1453 5241 1643 5297 mundi
1667 5243 1943 5297 creatione
1971 5241 2040 5299 ad

467 5334 808 5389 eversionem
847 5334 1038 5409 templi
1073 5334 1178 5391 sub
1205 5331 1550 5405 Vespasiano
1594 5340 1808 5388 tantum
1846 5347 2040 5389 nume-

467 5432 554 5480 rat
581 5439 754 5483 annos
788 5427 952 5492 5888,
987 5427 1040 5483 id
1086 5433 1172 5484 est
1207 5425 1276 5481 ad
1314 5425 1594 5481 Christum
1640 5436 1827 5481 natum
1875 5426 2036 5488 5752.

468 5514 704 5572 Rabbini
738 5519 1068 5576 recentiores
1099 5517 1168 5573 ad
1194 5526 1383 5575 natum
1413 5518 1695 5574 Christum
1724 5531 1853 5572 ann.
1873 5515 2036 5579 5760,

466 5623 684 5666 menses
718 5610 772 5664 4.
813 5609 967 5668 Unde
993 5620 1224 5684 quartus
1251 5612 1440 5669 mundi
1469 5609 1813 5668 millenarius
1850 5608 1919 5665 ab
1955 5610 2037 5667 eis

468 5712 614 5756 anno
648 5699 860 5757 Domini
911 5703 1018 5760 240
1076 5705 1391 5773 confertur;
1437 5704 1663 5776 quintus
1726 5703 1782 5759 in
1830 5715 2035 5758 annum

471 5790 644 5868 1240,.
667 5800 717 5859 et
773 5794 843 5850 ita
882 5795 1138 5870 deinceps
1169 5796 1312 5869 quod
1348 5796 1509 5859 hodie
1542 5797 1703 5870 vulgo
1740 5794 1910 5852 Judaei
1943 5811 2076 5892 se;

2143 4615 2213 4673 ab
2258 4614 2429 4681 Adam
2487 4630 2663 4685 usque
2696 4613 2763 4668 ad
2812 4613 3076 4669 diluvium
3106 4613 3237 4676 anni
3266 4610 3428 4676 2242,
3456 4626 3487 4665 a
3510 4611 3719 4666 diluvio

2140 4722 2317 4777 usque
2347 4709 2416 4762 ad
2440 4708 2713 4762 Abraham
2749 4706 2876 4761 anni
2898 4706 3021 4770 942,
3047 4706 3117 4761 ab
3140 4703 3415 4760 Abraham
3450 4717 3625 4772 usque
3648 4703 3717 4758 ad

2145 4800 2459 4869 passionem
2494 4798 2709 4854 Domini
2740 4798 2868 4853 anni
2894 4797 3057 4862 2244,
3090 4810 3121 4850 a
3153 4793 3324 4849 Roma
3354 4808 3482 4850 vero
3497 4793 3715 4848 condita

2141 4899 2313 4955 usque
2351 4884 2419 4941 ad
2448 4884 2667 4941 Domini
2698 4884 2989 4941 adventum
3025 4884 3152 4939 anni
3206 4885 3328 4949 752,
3373 4898 3406 4938 a
3459 4882 3715 4954 passione

2138 4974 2355 5030 Domini
2387 4992 2561 5046 usque
2589 4976 2658 5031 ad
2682 4977 3030 5032 consulatum
3056 4975 3326 5031 Eustathii
3358 4977 3486 5030 anni
3511 4975 3634 5038 594,
3659 4984 3715 5030 ct

2138 5083 2313 5138 usque
2345 5070 2411 5124 ad
2438 5070 2784 5125 consulatum
2826 5067 2938 5123 DN.
2970 5068 3265 5125 Theodosii
3293 5084 3383 5135 xv,
3425 5068 3554 5122 anni
3584 5067 3722 5130 409.~

2138 5158 2305 5216 Fiunt
2336 5163 2406 5217 ab
2441 5161 2613 5217 Adam
2649 5178 2827 5232 usque
2860 5162 2927 5217 ad
2957 5178 3049 5217 xuv
3088 5159 3334 5217 Valentis
3382 5176 3608 5225 annum.
3656 5161 3712 5217 id

2137 5259 2244 5317 est,
2275 5267 2449 5324 usque
2506 5254 2575 5309 ad
2625 5253 2970 5309 consulatum
3003 5255 3123 5323 ejus
3156 5263 3210 5310 et
3248 5253 3618 5309 Valentiniani
3647 5271 3708 5317 ιι,
3757 5266 3763 5275 ’

2137 5358 2328 5399 omnes
2353 5344 2480 5399 anni
2507 5344 2680 5400 15579
2696 5360 2714 5408 ;
2733 5345 2903 5401 altera
2921 5359 2985 5400 ex
3012 5344 3307 5401 Eusebiani
3335 5344 3583 5401 chronici
3605 5346 3710 5403 line

2137 5432 2209 5488 ab
2235 5433 2371 5490 urbe
2399 5434 2619 5490 condita
2647 5436 2750 5492 sub
2777 5437 2997 5508 regibus
3027 5436 3157 5491 anni
3185 5436 3310 5500 240,
3340 5436 3443 5492 sub
3468 5437 3708 5491 consuli~

2137 5525 2239 5581 bus
2276 5526 2405 5580 anni
2432 5525 2559 5593 464,
2586 5527 2691 5583 sub
2720 5527 2980 5598 Augustis
3000 5534 3055 5584 et
3078 5527 3387 5584 Caesaribus
3419 5528 3546 5582 anni
3579 5527 3716 5592 495,

2139 5616 2478 5687 colliguntur
2502 5628 2694 5675 omnes
2720 5620 2849 5674 anni
2875 5633 3049 5691 usque
3079 5618 3147 5674 ad
3163 5620 3507 5676 consulatum
3530 5617 3703 5675 Theo-

2132 5707 2273 5763 dosii
2296 5705 2537 5766 Junioris
2559 5726 2715 5776 xvm,
2733 5723 2784 5767 et
2810 5710 3172 5767 Valentiniani
3195 5710 3434 5768 Junioris
3456 5709 3701 5766 Placidia:

2135 5793 2231 5862 ﬁlii
2280 5814 2348 5863 γε,
2385 5798 2777 5869 Augustarum,
2807 5798 2963 5854 119⁸7.
3007 5800 3087 5855 Ab
3106 5799 3376 5855 Abraham
3413 5814 3583 5874 usque
3632 5794 3723 5863 adp
