4124 6414
434 331 565 385 IUH
1838 335 2089 396 LEONIS
2122 334 2395 392 ALLATII
3534 350 3678 413 1012

432 457 650 519 tempus
683 452 1114 520 suprascriptum
1141 453 1271 506 anni
1309 453 1471 516 23l5,
1511 468 1541 507 a
1574 453 1781 510 diluvio
1832 471 2006 525 usque

2115 455 2260 527 Βάρᾳ
2283 455 2361 527 τῷ
2402 456 2567 528 πατρὶ
2610 456 2878 528 Ἀϐραὰμ.
2906 458 3215 516 ἐθανάτωσε
3245 463 3338 518 τὸν
3370 465 3483 522 υξδν
3511 471 3678 527 αὐτοῦ

435 540 505 596 ad
542 540 812 594 Almaham
841 539 971 602 anni
1000 540 1125 603 842,
1155 541 1223 595 ab
1247 540 1419 595 Adam
1447 556 1623 611 usque
1650 541 1718 598 ad
1744 541 2007 597 diluvium

2115 549 2201 601 τὸν
2229 550 2439 618 τρίτον,
2456 548 2515 601 ὃν
2547 548 2686 621 ὑπὲρ
2716 551 2840 613 τοὺς
2865 550 3059 617 ἄλλους
3096 556 3304 625 ἠγάπα,
3342 558 3427 613 ἵνα
3449 560 3479 613 ὁ
3498 563 3679 637 πατὴρ

431 633 559 685 anni
606 632 767 693 9.249.,
821 632 956 699 tiunt
1007 631 1077 685 ab
1130 631 1299 687 Adam
1356 648 1530 702 usque
1567 634 1619 688 in
1664 636 2007 690 consulatum

2115 639 2441 712 mwowm‘
2481 641 2574 694 καὶ
2627 642 2728 696 οὐκ
2775 644 3128 714 ἐ(δ’(ιικρρόνισε.
3189 647 3390 704 Ἐποιει
3428 652 3535 725 γὰρ
3583 631 3677 711 κᾶι

430 726 721 778 Theodosii
760 724 1004 780 Junioris
1058 740 1191 783 xvm
1252 732 1306 779 et
1356 724 1720 781 Valentiniani
1761 726 2010 781 Placidia:

2115 730 2303 783 εἴδωλα
2348 731 2442 784 καὶ
2485 731 2681 785 ἐπώλει
2722 736 2834 796 τοῖς
2876 735 3301 811 εἰδωλολάτραις.
3347 724 3578 815 Ἐπέστη
3619 746 3677 801 δὲ

434 816 527 869 lilii
553 815 793 883 iunioris
817 819 997 875 sexies
1035 831 1226 871 omnes
1267 814 1399 869 anni
1443 816 1600 870 5645.
1627 816 2013 880 Animadverte

429 914 609 960 tamen
652 905 711 959 in
749 920 900 959 num.
944 907 1012 960 ab
1059 906 1327 959 Abraham
1364 921 1535 974 usque
1578 905 1643 961 ad
1677 914 1889 975 tempus
1918 922 2011 959 su-

432 995 795 1066 prascriptum
814 995 944 1050 anni
960 994 1099 1049 2395
1120 993 1468 1065 [unaccxcv],
1488 1002 1761 1064 expuncto
1788 995 1946 1051 tertio
1970 995 2010 1048 C

431 1086 486 1141 in
515 1088 759 1154 margine
812 1088 1115 1142 recentiore
1158 1101 1321 1145 manu
1363 1088 1669 1158 appositum
1701 1086 1869 1144 fuisse
1906 1105 2013 1143 nu-

432 1195 638 1234 merum
682 1178 841 1233 istum
868 1178 1027 1233 2295.

501 1271 619 1324 Col.
649 1269 775 1325 760.
797 1271 887 1323 lin.
924 1269 1008 1321 19..
1041 1270 1155 1322 Υἱοὶ
1186 1269 1254 1322 δὲ
1274 1269 1551 1338 ἐγένοντο
1572 1269 1669 1334 τῷ.
1700 1270 1967 1326 Eusebius
1993 1287 2007 1321 :

444 1360 711 1432 ’Δραϐὼδ,
753 1361 843 1430 ἀφ’
880 1354 939 1412 οὗ
975 1360 1243 1431 Ἄραϐες·
1288 1360 1557 1432 Ἰὃουρὰμ,
1601 1363 1694 1431 ἀφ’
1732 1356 1792 1415 οὗ
1822 1363 2016 1433 Καμή-

433 1451 565 1506 λιοι·
601 1454 761 1524 Δέρα,
792 1455 881 1522 ἀφ’
912 1447 973 1507 οὗ
1007 1454 1211 1524 Μῆδον
1261 1452 1439 1517 ’Ῑεζία,
1480 1454 1575 1523 ἀφ’
1606 1448 1665 1507 οὗ
1713 1454 2010 1526 Ἀριαδνοί⁹

433 1542 672 1612 Δεκλὰμ,
710 1545 800 1611 ἀφ’
835 1538 895 1596 οὗ
928 1541 1273 1613 Κεδρουσιοιν
1313 1542 1507 1613 Γεὸὴλ,
1554 1543 1646 1611 ἀφ’
1686 1535 1747 1595 οὗ
1777 1542 2011 1598 noem-

446 1634 726 1704 ’Λϐιμεὴλ.
762 1635 853 1702 ἀφ’
887 1627 947 1686 οὗ
979 1633 1234 1704 ’Υρκανοί
1256 1650 1271 1663 ο
1321 1633 1522 1699 Σαϐὰτ,
1560 1637 1654 1703 ἀφ’
1676 1626 1736 1687 οὗ
1779 1634 2017 1705 ’Ἄραϐες

2108 822 2228 875 τότε
2254 824 2282 875 ὁ
2310 822 2442 876 αἰὼν
2458 826 2536 887 εἰς
2564 825 2811 896 εἰκοστὴν
2836 828 3026 894 γενεάν
3049 828 3143 899 ἔτη
3171 830 3326 900 ,βτλβ¹
3344 831 3505 902 (alius
3530 836 3677 903 cod.,

2109 913 2270 985 ,γσλ6’
2303 907 2442 984 ἦσαν
2481 914 2705 984 λοιπὸν),
2740 918 2833 970 καὶ
2862 918 3033 983 οὐδεὶς
3076 919 3291 975 πώποτε
3331 923 3438 978 τῶν
3486 929 3681 997 προτέ-

2113 1020 2220 1075 ρων
2245 1004 2544 1075 ἀνθρὼπων
2571 1008 2675 1077 πρὸ
2706 1008 2909 1078 πατρὸς
2938 1010 3052 1074 υἱὸς
3077 1012 3357 1076 ἐτελεύτα,
3388 1015 3434 1068 εὶ
3466 1016 3540 1088 μὴ
3569 1018 3679 1074 Λά-

2114 1098 2257 1166 μεχὸ
2279 1096 2393 1160 υἱὸς
2420 1096 2515 1150 τοῦ
2543 1097 2870 1153 Μαθουσάλα
2891 1101 2983 1154 καὶ
3009 1101 3381 1176 θαυμάσασαὴ
3412 1106 3551 1173 θεία,
3568 1117 3674 1164 etc.

2112 1186 2272 1242 Errat
2304 1188 2688 1247 Genebrardus
2738 1208 2802 1248 ex
2838 1193 3005 1249 Suida
3041 1195 3108 1251 de
3139 1195 3315 1252 Thara
3339 1198 3479 1254 idem
3522 1200 3679 1255 colli-
3743 1180 3765 1200 ’

2112 1295 2245 1348 gens
2269 1298 2283 1344 ;
2311 1281 2509 1335 etenim
2537 1282 2583 1336 si
2615 1290 2817 1338 attente
2846 1281 3027 1340 Suidaa
3049 1286 3213 1340 verba
3236 1289 3675 1354 eonsiderentur,

2113 1371 2200 1425 illa
2236 1389 2248 1425 :
2285 1368 2390 1425 Ἦν
2422 1372 2529 1444 γὰρ
2573 1374 3039 1445 ἀγαλματοποιὸς,
3081 1378 3188 1432 ἀπὺ
3225 1379 3493 1452 διαφόρων
3536 1382 3681 1437 ὑλῶν

2112 1465 2326 1528 εἰκόνας
2345 1464 2729 1535 ἐργαζόμενος,
2766 1465 2860 1520 καὶ
2888 1466 3062 1535 λέγων
3086 1468 3307 1535 τούτους
3335 1468 3473 1525 εἶναι
3499 1471 3677 1537 θεοὺς,

2113 1556 2205 1609 καὶ
2237 1554 2471 1624 ὀφείλειν
2495 1555 2912 1627 προσκυνεῖσθαι
2944 1556 3018 1620 ὡς
3046 1559 3251 1614 αἰτίους
3290 1560 3397 1613 τῶν
3425 1561 3679 1631 ἀγαθῶν,

2110 1664 2222 1703 non
2268 1649 2334 1702 ad
2370 1645 2549 1703 Thare
2600 1647 2895 1721 Abrahami
2945 1657 3176 1719 patrem,
3225 1652 3317 1709 sed
3361 1654 3424 1707 ad
3469 1653 3679 1710 Serucb

445 1724 654 1779 ’Ῑνδιῖνν
706 1724 890 1795 Οὖὴρ.
958 1724 1050 1792 ἀφ’
1129 1719 1189 1779 οὗ
1229 1725 1553 1792 Οὐαρναῖοιο
1604 1725 1770 1797 Εὺὴν,
1822 1726 1914 1794 ἀφ’
1953 1718 2013 1778 οὗ

2119 1740 2412 1809 pertinent.
2439 1748 2498 1794 ut
2521 1755 2584 1795 ex
2617 1740 2737 1810 ipso
2767 1720 2915 1795 textu
2943 1718 3289 1798 manifestum
3312 1752 3417 1807 est,
3450 1747 3683 1817 aliisque

432 1814 891 1886 Γυμνοσοφισταί.
931 1814 1228 1870 ϐΙινοηὶεοη
1257 1816 1673 1885 Alexandrinum
1703 1832 1721 1869 :
1757 1816 2012 1889 Σαρμὼθ,

2119 1802 2437 1886 auctoribus
2489 1802 2747 1888 facillimo
2790 1833 3010 1903 negotio
3047 1835 3263 1902 probari
3312 1802 3681 1909 posset,qui

561 1900 589 1927 τ

435 1905 496 1972 ἐξ
534 1900 593 1961 οὗ
630 1907 866 1978 ’Ἄραϐες
888 1922 902 1936 ⁸
944 1906 1147 1977 Ἰαρὰχ,
1182 1906 1240 1973 ἐξ
1280 1900 1340 1961 οὗ
1384 1907 1682 1977 Κάμπλιοι,
1712 1908 1761 1960 οἱ
1787 1906 1879 1960 καὶ
1906 1907 2016 1959 Χα-

433 1998 674 2051 νοινοιῖοι⁸
732 1996 975 2069 Ὀδόρῤα,
1024 1996 1084 2062 ἐξ
1127 1990 1187 2050 οὗ
1250 1997 1523 2071 Ἀρῤιανοὶ
1568 1999 1663 2050 καὶ
1704 1997 2014 2069 Φερεζαῖοι·

436 2088 629 2152 Δεκλὰ,
666 2088 726 2153 ἐξ
752 2085 813 2143 οὗ
849 2088 1186 2162 Κεδρούσιοι,
1214 2090 1263 2143 οἱ
1303 2090 1399 2143 καὶ
1444 2090 1793 2161 Ἀμορῤαῖοι·
1827 2087 2013 2158 Αἱζὴλ,

438 2181 496 2247 ἐξ
549 2176 609 2236 οὗ
663 2181 937 2253 Ὑρκανοὶ.
993 2184 1040 2236 οἱ
1098 2183 1192 2235 καὶ
1242 2182 1458 2235 Εὐαίοι·
1506 2179 1784 2251 Ἀϐιμεὴλ,
1845 2180 1904 2246 ἐξ
1954 2175 2015 2234 οὗ

436 2266 659 2329 Σκύθαι,
698 2268 747 2320 οἱ
787 2268 881 2320 καὶ
924 2269 1273 2341 Γεργεσαῖοι·
1318 2268 1522 2334 Σαϐαὖ,
1574 2267 1633 2345 ἐξ
1684 2265 1744 2324 οὗ
1783 2268 2018 2346 Ἄραϐες

441 2356 697 2429 ὲσὼτεροι
719 2376 731 2387 ·
781 2358 988 2430 Ὀφεὶρ,
1012 2358 1070 2424 ἐξ
1093 2354 1152 2414 οὗ
1196 2360 1487 2431 Ἀρμένιοι.
1898 2383 1907 2391 ·

511 2448 675 2511 Ibid.,
708 2449 805 2503 lin.
848 2449 940 2503 29..
988 2452 1089 2505 Ἐν
1119 2450 1187 2504 δὲ
1224 2450 1348 2516 τοῖς
1392 2452 1652 2520 χρόνοις.
1685 2448 2017 2521 Epiphanius

437 2536 494 2593 in
525 2540 790 2610 principio
816 2542 998 2611 Operis
1030 2542 1176 2610 quod
1206 2542 1706 2612 scripsitadversus
1757 2542 2014 2608 hzereses,

438 2627 597 2683 docet
638 2637 879 2700 tempore
915 2631 1126 2686 Sarucb
1158 2631 1394 2702 ccepisse
1451 2633 1595 2687 inter
1621 2631 1871 2689 homines
1899 2632 2019 2688 ido-

370 2754 384 2769 .
437 2717 803 2781 dololatriam,
839 2728 893 2776 et
930 2721 1076 2775 illius
1101 2721 1442 2792 temporibus
1463 2721 1634 2777 multa
1660 2723 1859 2792 templa
1885 2738 2018 2778 con-

440 2817 646 2861 structa
673 2806 864 2873 fuisse,
898 2817 953 2863 et
981 2810 1201 2879 quidam
1224 2810 1465 2882 gentium
1506 2811 1784 2882 principes
1815 2811 2016 2887 adora-

443 2907 544 2952 tas.
578 2896 857 2965 Manasses
890 2901 945 2957 in
975 2901 1206 2969 Annal.:

454 3016 768 3092 :Eurefrtleu
797 3019 1185 3092 παρηνόμησε
1225 3021 1291 3073 τὸ
1325 3020 1498 3092 γένος
1522 3019 1641 3077 τῶν
1668 3023 2011 3092 ἀνθρώπων

443 3085 551 3161 Kal
575 3087 723 3161 πρὸς
737 3085 1036 3161 (laedimur;
1055 3090 1273 3158 ἔϐλεψε
1289 3085 1533 3161 πράξεις
1548 3092 1647 3146 καὶ
1662 3085 1955 3161 βδεῖλυρίᾳ

442 3158 702 3229 Σφςιγὰς,
737 3158 1173 3229 ἀνδροκτασίας
1209 3177 1291 3225 τε,
1317 3158 1559 3229 φόνους,
1588 3158 1938 3229 ἀκολασίας.

615 3228 906 3305 ἁρπαγαῖς
933 3228 1278 3305 ὐετέχαιρον,
1301 3226 1631 3305 *ἐτέρποντο
1650 3226 1961 3305 μοιχείαὶς,

442 3296 553 3369 l_\'_al
582 3296 795 3369 adadv
820 3296 1184 3369 ἐπετήδευεν
1210 3296 1481 3356 ἐπίνοιαν
1518 3296 1749 3369 κακίας.

456 3366 849 3441 ξξιῖλῄστευον,
882 3366 1223 3441 διήρπαζον.
1257 3370 1569 3432 ἔκλεπτον,
1602 3366 1943 3441 ἑμοὶχῶντο,

440 3437 551 3487 Καὶ
584 3438 923 3509 τελευταῖον
950 3440 1220 3507 ἔϐλεψαν
1245 3442 1391 3507 me
1426 3437 1935 3509 εἱδωλοῖιαὲῥείαν.

442 3507 667 3577 Σεροὺχ
689 3507 756 3561 δὲ
785 3507 1015 3577 πρῶτος
1046 3510 1268 3578 ἤρξατο
1308 3510 1566 3579 χρῆσθαι
1596 3507 1886 3652 γλιῖεὲτοζὲ
1915 3509 2015 3565 καὶ

447 3644 590 3652 μ’-
749 3644 962 3652 --ί
1252 3649 1389 3652 ΔΑ
1532 3598 2012 3652 κίστιαις,

1727 3598 2012 3649 στηλαις,

447 3644 697 3715 Ὄγδοος
734 3644 820 3701 ὢν
844 3648 1140 3717 ἀπόγονος
1171 3650 1276 3705 τοῦ
1304 3649 1430 3704 Νῶε
1451 3651 1555 3707 τοῦ
1588 3644 1840 3706 δικὰίου.

448 3756 685 3812 Suidas:
720 3758 922 3829 Σεροὺχ
961 3752 1117 3823 οὗτος
1167 3762 1460 3832 κατάγεται
1487 3764 1552 3817 ὲκ
1590 3763 1688 3833 τῆς
1726 3763 1898 3834 φυλῆς
1919 3761 2013 3817 τοῦ

459 3846 669 3913 Ἰαφὲτ,
726 3847 819 3900 καὶ
870 3848 976 3901 ἀπὸ
1022 3849 1209 3904 τούτου
1259 3852 1459 3924 ἤρξατο
1505 3854 1537 3923 ἠ
1586 3851 2010 3923 εἰδωλολατρεία.

460 3935 819 4007 Ἐδογμάτισέ
852 3940 961 4011 γὰρ
987 3942 1156 3995 εἰκόσι
1187 3944 1279 3997 καὶ
1321 3943 1568 4015 ἀνδριάσι
1595 3942 1851 4013 τιμᾶσθαι
1887 3942 2015 4005 τοὺς

447 4028 616 4082 πάλαι
657 4030 1102 4102 ἀριστεύσαντας,
1137 4034 1231 4095 καὶ
1268 4034 1530 4106 τιμᾶσθαι
1569 4035 1647 4098 ὼς
1690 4034 2013 4107 εὐεργέτας·

447 4119 545 4172 καὶ
572 4117 728 4172 τοῦτο
760 4122 1104 4194 ἐπεκράτησε
1134 4123 1293 4195 μέχρι
1330 4122 1437 4177 τῶν
1462 4124 1667 4196 χρόνων
1699 4124 1888 4197 suppa
1921 4124 2016 4179 τοῦ

449 4210 654 4281 πατρὸς
670 4211 938 4284 Ἀϐραάμ.
953 4212 1188 4284 Hujusce
1210 4222 1389 4273 autem
1405 4218 1606 4273 erroris
1626 4232 1690 4273 ea
1711 4231 1873 4274 causa
1893 4218 2015 4273 fuit.

450 4298 658 4357 Seruch
706 4304 966 4360 honorem
1010 4306 1208 4375 priscis
1250 4306 1503 4363 deferens
1539 4314 1798 4379 tanquam
1834 4323 2016 4363 rerum

447 4395 835 4462 prteclararum
879 4397 1275 4461 inventoribus,
1309 4399 1363 4454 in
1411 4399 1709 4470 praliando
1759 4398 2013 4463 fortibus,

2115 1921 2229 1976 bzrc
2253 1922 2439 1975 eadem
2468 1920 2534 1974 de
2566 1920 2798 1983 Serurh,
2823 1937 2933 1976 non
2968 1923 3036 1978 de
3064 1923 3241 1980 Thara
3270 1925 3514 1981 tradunt.

2183 2012 2342 2074 lhid.,
2372 2012 2468 2069 lin.
2499 2012 2589 2069 29.
2632 2013 2692 2066 '0
2730 2013 2798 2066 δὲ
2836 2013 3018 2084 Ἀρὰμ
3056 2015 3334 2071 ἀπέθανε.
3375 2016 3681 2088 Josepbus,

2115 2103 2371 2174 Antiqnit.
2411 2105 2501 2158 lib.
2532 2121 2570 2167 I,
2611 2119 2729 2175 cap.
2767 2105 2830 2158 7:
2865 2105 3144 2178 Ἅϐραμος
3168 2107 3223 2161 δὲ
3253 2102 3400 2181 εἶχεν
3422 2111 3684 2182 ἀδελφοὺς

2114 2197 2385 2271 Ναχώρην
2410 2199 2502 2256 καὶ
2547 2198 2799 2271 Ἀράνην.
2836 2199 3050 2254 Τούτων
3099 2202 3329 2275 Ἀράνης
3362 2205 3478 2275 μὲν,
3512 2223 3685 2261 κατα-

2115 2288 2284 2342 λιπὼν
2309 2288 2420 2343 υἱὸν
2458 2288 2659 2353 Λῶτον,
2691 2290 2783 2343 καὶ
2819 2291 2997 2362 Σάραν
3024 2291 3118 2345 καὶ
3141 2291 3423 2363 Μελχανὰν
3461 2294 3686 2364 θυγατέ-

2117 2397 2236 2454 ρας,
2267 2381 2325 2432 ὲν
2356 2380 2637 2444 Χαλδαίοις
2661 2380 2931 2435 ἀπέθανεν
2963 2382 3021 2437 ὲν
3047 2383 3198 2437 πόλει
3238 2385 3385 2458 Οὕρῃ
3418 2387 3687 2463 λεγομένῃ

2114 2471 2222 2526 τῶν
2246 2472 2543 2526 Χαλδαίων.
2568 2474 2677 2526 Καὶ
2704 2474 2871 2541 τάφος
2896 2474 3059 2528 αὐτοῦ
3083 2476 3242 2546 μέχρι
3266 2476 3361 2532 νῦν
3388 2478 3682 2534 δείκνυται.

2116 2562 2321 2618 Πεὒηί
2363 2563 2602 2624 tradunt,
2636 2572 2690 2617 et
2713 2563 2881 2619 refert
2914 2563 3277 2637 Hieronymus
3315 2567 3369 2622 in
3407 2567 3684 2626 Hebraicis

2116 2654 2487 2711 traditionibus
2515 2657 2567 2709 in
2594 2653 2749 2719 Gem,
2771 2656 3043 2711 Abraham
3062 2657 3117 2711 in
3149 2658 3369 2729 regione
3399 2659 3687 2717 Chaldaeo-

2116 2763 2237 2803 rum
2277 2748 2331 2802 in
2366 2747 2543 2817 ignem
2577 2747 2827 2808 missum,
2859 2748 2986 2816 quia
3018 2748 3195 2819 ignem
3234 2750 3463 2807 adorare
3490 2754 3685 2809 nolue-

2113 2843 2208 2905 rit,
2235 2857 2397 2911 quem
2421 2838 2657 2894 Chaldaei
2692 2838 2900 2902 colunt,
2931 2848 2986 2893 et
3017 2838 3108 2895 Dei
3141 2842 3344 2896 auxilio
3372 2841 3683 2909 liberatum,

2115 2934 2184 2989 de
2213 2931 2533 2987 idololatria:
2578 2929 2701 2999 igne
2728 2928 3056 3001 profugisse.
3097 2930 3264 2986 Aram
3307 2948 3526 3004 quoque
3555 2934 3682 3005 quia

2118 3024 2369 3081 similiter
2402 3031 2456 3079 et
2482 3024 2597 3093 ipse
2629 3023 2803 3093 ignem
2838 3024 3064 3078 adorare
3087 3025 3276 3089 nollet,
3303 3026 3358 3080 in
3382 3026 3502 3097 igne
3529 3026 3688 3081 Chal-

1957 3115 2011 3160 9"
2041 3137 2081 3192 ρ
2115 3119 2353 3174 datorum
2376 3117 2612 3187 positum
2641 3116 2892 3172 incendio
2911 3122 3292 3185 consumptum
3319 3114 3507 3172 fuisse.
3531 3115 3684 3171 Hanc

2115 3210 2460 3266 traditionem
2478 3207 2838 3280 Hieronymus
2867 3206 3028 3262 modo
3044 3209 3259 3262 vocavit
3286 3223 3491 3266 veram.
3521 3207 3684 3264 modo

2116 3300 2375 3355 fabulam.
2406 3297 2610 3354 Paulus
2645 3298 2938 3369 Durgensis
2977 3299 3293 3354 testimonio
3325 3297 3498 3353 Babbi
3531 3298 3684 3371 Moy-

2114 3390 2192 3445 sis
2230 3389 2601 3443 liberationem
2635 3389 2866 3444 Abrahae
2906 3387 3000 3442 Dei
3038 3387 3305 3444 beneﬁcio
3336 3390 3683 3445 subsecutam

2114 3480 2188 3538 ita
2214 3490 2435 3535 enarrat
2466 3499 2481 3535 :
2518 3478 2687 3535 Rabbi
2733 3480 2909 3551 itaque
2940 3478 3148 3551 Moyses
3193 3480 3250 3534 in
3279 3481 3412 3535 libro
3435 3481 3512 3536 De
3542 3480 3685 3537 dire-

2111 3574 2279 3628 ctione
2298 3573 2684 3643 perplexorum,
2722 3574 2818 3638 ait,
2850 3574 2902 3629 in
2927 3571 3156 3644 quodam
3185 3572 3319 3627 libro
3356 3572 3421 3627 de
3452 3573 3684 3644 agricul-

2114 3672 2233 3717 tnra
2266 3663 2588 3735 Egyptiaca
2630 3665 2866 3729 narrari,
2898 3665 3154 3736 insignem
3181 3665 3458 3735 quemdam
3490 3666 3680 3733 virum,

2112 3757 2318 3819 nomine
2347 3756 2636 3822 Abraham,
2668 3758 2872 3826 publice
2908 3757 3227 3827 disceptasse
3256 3774 3374 3811 cum
3417 3756 3684 3813 idolorum

2111 3842 2419 3909 cultoribus,
2439 3846 2781 3914 alﬁrmantem
2806 3862 2909 3903 non
2934 3861 3046 3901 esse
3070 3850 3237 3916 ignem
3255 3863 3351 3916 pro
3377 3846 3483 3901 Deo
3508 3848 3677 3903 colen-

2111 3930 2237 3984 dum
2262 3947 2280 3985 :
2310 3933 2530 3989 veritum
2557 3944 2731 3991 autem
2775 3950 2963 4004 regem,
2995 3951 3058 3989 ne
3096 3952 3196 3991 sua
3231 3936 3324 3990 ille
3363 3938 3683 3992 auctoritate

2112 4033 2161 4077 et
2189 4023 2425 4078 oratione
2452 4026 2702 4095 populum
2722 4025 2901 4083 abillo
2926 4026 3071 4082 cultu
3101 4037 3373 4096 averteret,
3395 4029 3684 4085 detrusisse

2113 4130 2230 4168 eum
2282 4117 2338 4168 in
2388 4130 2691 4170 carcerem:
2726 4125 2775 4169 et
2820 4116 3103 4185 spoliatum
3148 4117 3294 4171 bonis
3337 4118 3577 4173 omnibus
3617 4133 3683 4173 ex
3768 4110 3773 4113 ’

2116 4206 2258 4259 omni
2284 4205 2480 4260 ditione
2510 4222 2608 4260 sua
2653 4206 3051 4261 exlermmasse.
3100 4206 3278 4264 Causa
3318 4224 3448 4266 vero
3486 4210 3680 4264 mortis

2114 4295 2301 4362 Aram,
2334 4311 2455 4366 qua:
2482 4297 2572 4351 hic
2611 4298 2923 4366 exponitur,
2960 4306 3013 4353 et
3051 4300 3232 4354 verior
3253 4309 3307 4355 et
3346 4299 3682 4365 probabilior

2116 4390 2248 4444 mihi
2276 4388 2512 4446 videtur.
2545 4388 2752 4459 lnjuste
2782 4390 2926 4443 enim
2951 4406 3072 4444 cum
3106 4391 3269 4444 Aram
3305 4402 3485 4447 actum
3508 4398 3677 4447 esset.

446 4492 501 4540 ει
529 4494 783 4554 tanquam
824 4487 1105 4556 sapientia;
1145 4489 1292 4552 hem,
1337 4490 1645 4559 artiumque
1684 4489 1897 4558 peritis,
1942 4489 2008 4543 ad
2040 4489 2085 4542 ι)
2115 4478 2159 4531 si
2194 4493 2292 4545 pro
2322 4492 2452 4531 vero
2495 4477 2588 4532 Dei
2618 4479 2768 4532 cultu
2807 4479 2972 4533 vitam
2997 4479 3247 4534 hostibus
3276 4479 3372 4534 Dei
3421 4480 3532 4549 igni
3567 4488 3683 4532 tra-

445 4578 665 4633 virtutis
694 4579 943 4648 gloriam,
982 4588 1037 4635 et
1066 4581 1450 4647 beneficiorum
1484 4581 1794 4641 memoriam
1821 4579 2013 4648 imagi-

447 4687 569 4735 nes,
596 4672 910 4733 simulacra,
934 4674 1327 4743 columnasque
1351 4672 1688 4738 exstruebat,
1718 4671 1864 4741 quod
1886 4686 2012 4727 cum

446 4777 557 4816 non
592 4763 954 4833 intelligerent
980 4764 1204 4829 posteri,
1237 4771 1446 4818 statuas
1473 4763 1594 4818 illas
1618 4762 1890 4817 inanimas
1911 4777 2011 4817 ceu

447 4854 578 4911 deos
615 4853 924 4920 coluerunt,
955 4862 1009 4909 et
1046 4854 1319 4924 sculptilia
1347 4854 1664 4918 adorarunt,
1682 4853 2015 4908 veneraban-

446 4951 537 4999 tur
562 4961 655 4999 eos
696 4954 953 5014 Ianquam
985 4946 1208 5005 numina
1239 4960 1378 5014 quos
1411 4952 1604 5007 statuae
1648 4945 1754 5000 illa:
1783 4944 2013 5001 simula-

446 5051 650 5105 craque
675 5036 1156 5105 reprazsentahant.
1192 5037 1322 5095 Inde
1349 5036 1690 5107 peregrinum
1720 5034 1788 5090 ad
1808 5036 2014 5090 cultum

446 5127 699 5183 homines
721 5126 1010 5194 deflexere,
1041 5142 1320 5197 novosque
1346 5127 1483 5195 alios
1515 5127 1568 5183 in
1601 5127 1719 5183 dies
1738 5127 2015 5197 excogita-

446 5226 598 5279 runl,
627 5233 764 5289 quos
786 5218 1100 5272 adorarent.
1127 5218 1203 5273 Ita
1235 5220 1453 5285 Suidas,
1476 5218 1833 5291 Epiphanius,
1860 5220 2017 5275 Chro-

448 5310 602 5371 nicon
634 5306 1077 5385 Alexandrinum,
1112 5310 1411 5371 Manasses.
1440 5320 1494 5366 et
1525 5311 1641 5370 alii.

518 5402 680 5462 Μυῖα..
706 5402 802 5467 lin,
829 5402 919 5458 27.
952 5402 1162 5472 Ναχὼρ
1184 5402 1251 5455 δὲ
1266 5403 1577 5473 ἐγέννησε.
1602 5402 1813 5460 1ῐοῦῐωὶ
1834 5404 1889 5460 in
1913 5403 2018 5457 Be-

450 5496 605 5547 rescit
637 5492 903 5553 afﬁrmant
944 5494 1143 5562 'Ibare,
1178 5497 1524 5563 statuarium,
1556 5495 1823 5551 idolorum
1864 5494 2017 5551 licto-

452 5600 586 5651 rem,
614 5593 667 5638 ct
693 5586 1052 5643 venditorem.
1083 5585 1285 5654 Eadem
1316 5588 1478 5643 habet
1513 5595 1569 5643 et
1594 5588 2017 5657 Christophorus

452 5673 762 5741 patriarcha
795 5676 1228 5741 Alexandrinus,
1269 5679 1548 5735 oratione:
1584 5680 1701 5737 Τίνι
1741 5677 2019 5748 ὁμοιοῦται

451 5764 484 5820 ὁ
514 5762 850 5836 ἀνθρώπινος
896 5766 1046 5837 βίος;
1094 5769 1204 5824 Καὶ
1257 5769 1364 5839 γὰρ
1395 5772 1482 5824 ὅτε
1526 5768 1769 5843 ὠργίσθη
1811 5773 1839 5827 ὁ
1886 5770 2019 5833 Θεὸς

2114 4568 2345 4623 dendam
2378 4569 2744 4625 committeret
2784 4571 3030 4641 exemplo
3058 4571 3255 4626 ductus
3293 4571 3547 4637 Abrahae,
3579 4586 3683 4628 nec

2115 4665 2296 4713 tamen
2328 4673 2358 4721 ιι
2391 4658 2627 4716 ﬂammis
2647 4660 2756 4716 illis
2787 4661 3132 4717 liberaretur.
3160 4661 3337 4728 Dices,
3369 4662 3490 4717 ideo
3526 4662 3681 4716 illum

2114 4748 2528 4818 inﬂammatum,
2558 4752 2686 4823 quia
2708 4753 2898 4808 doloso
2922 4755 3103 4809 animo
3129 4770 3229 4810 nec
3253 4771 3381 4812 vere
3400 4757 3489 4825 pio
3515 4755 3683 4811 simili

2115 4844 2357 4911 periculo
2390 4859 2450 4899 se
2481 4845 2754 4915 opposuit.
2790 4844 2925 4913 Quis
2977 4846 3034 4900 in
3073 4854 3182 4901 tam
3226 4848 3438 4918 urgenti
3482 4856 3535 4902 et
3566 4847 3683 4903 evi-

2115 4935 2260 4999 denti
2292 4935 2531 5004 pcriculo
2563 4936 2733 4993 libere
2774 4953 2833 4994 se
2876 4954 3154 5008 exponens
3193 4947 3382 4993 contra
3423 4938 3615 5001 Deum,
3649 4953 3682 4993 a

2116 5043 2225 5097 quo
2253 5029 2513 5083 auxilium
2547 5043 2708 5084 omne
2738 5036 3037 5111 exspectat,
3065 5031 3208 5085 malo
3246 5031 3429 5085 animo
3462 5030 3682 5100 ageret?

2117 5119 2231 5175 Hoc
2257 5135 2388 5175 sane
2410 5128 2554 5176 esset
2581 5120 2638 5174 in
2664 5135 2823 5175 suum
2845 5128 3008 5190 caput
3029 5122 3228 5175 malum
3261 5130 3601 5188 convertere,
3626 5129 3681 5178 et

2116 5213 2350 5283 pugione
2379 5213 2481 5268 sibi
2513 5221 2739 5290 mortem
2768 5213 3110 5272 manifestam
3144 5216 3503 5269 consciscere.

2186 5304 2342 5369 lhid.,
2376 5308 2471 5362 lin.
2505 5306 2592 5361 54.
2628 5306 2898 5376 rapat-at
2928 5305 2995 5360 δὲ
3037 5306 3161 5372 τάς.
3207 5306 3438 5372 Quidam
3486 5308 3680 5364 esisti-
3772 5304 3775 5307 ’

2117 5407 2336 5454 marunt
2385 5397 2575 5453 Saram
2611 5415 2855 5456 sororem
2888 5399 3057 5457 fuisse
3081 5399 3312 5459 Abraha:
3341 5402 3529 5457 eadem
3566 5417 3682 5458 ma-

2118 5498 2203 5547 tre
2251 5490 2550 5563 .eodemque
2585 5499 2740 5562 patre
2785 5494 3040 5563 genitam.
3072 5495 3323 5549 Clemens
3363 5493 3683 5551 Alexandri-

2119 5598 2246 5645 nus,
2295 5584 2389 5638 lib.
2436 5598 2475 5643 ιι
2522 5583 2757 5648 Strom.,
2789 5584 3103 5653 Cajetanus,
3137 5583 3323 5646 Sotus,
3379 5586 3473 5639 lih.
3513 5602 3550 5639 ιι
3601 5585 3682 5641 De

2111 5675 2326 5745 justitia
2351 5686 2401 5731 et
2418 5678 2575 5745 jure,
2596 5676 2956 5748 Hieronymus
2973 5677 3366 5737 Traditionibus
3395 5677 3449 5731 in
3466 5675 3676 5740 σαντες..

2122 5765 2371 5831 videntur
2387 5767 2569 5840 aliqua
2585 5767 2744 5824 modo
2760 5768 2884 5828 huic
2899 5767 3139 5838 opinioni
3157 5766 3332 5832 aﬂinia
3348 5766 3547 5829 dicere.
3573 5766 3678 5821 Alii
