4124 6418
465 384 602 441 1015

1508 386 1576 443 ΙΝ
1609 388 1986 447 EUSTATHII
2023 390 2497 450 HEKAEMERON
2528 394 2757 453 NOTAE.

3567 403 3703 460 10H

452 503 649 558 .dicunt
676 517 803 559 cum
846 511 1036 560 nostro
1090 494 1374 561 Eusr‘a‘ul‘to
1421 504 1612 562 Sat-am
1662 508 1831 564 fuisse
1875 508 2038 564 filiam

2142 514 2358 585 Πατέρα
2375 514 2482 568 τῶν
2496 513 2630 569 ὅλων
2646 516 2876 587 ἡγητέον
2889 517 3251 589 προσηνεχθαι
3275 519 3385 582 τοῖς
3400 517 3506 589 πρὸ
3527 519 3702 591 ἡμῶν.

459 596 622 650 Aram
659 595 848 653 fratris
881 595 1132 664 Abrahaa,
1162 609 1459 669 veramque
1490 614 1735 656 sororem
1768 599 1890 656 Lot.
1925 602 2033 656 Ha-

2136 606 2256 659 Ἔτι
2275 605 2345 675 γά
2355 624 2384 679 ρ
2396 593 2433 661 ’ὁ
2446 607 2648 678 κόσμος
2662 608 2759 664 ἀνθ
2768 606 2959 679 ρώπων
2976 609 3291 682 ἀπλήρωτος
3306 609 3399 675 ὢν,
3415 610 3491 675 ὡς
3514 612 3708 682 νήπιος

460 686 552 742 bet
590 687 954 758 Augustinus,
987 689 1087 744 lib.
1126 703 1243 744 nti
1288 691 1551 745 Adrcrsus
1590 689 1874 756 Faustum,
1911 706 2032 762 cap.

2137 689 2219 766 ἦν,
2248 697 2342 750 καὶ
2367 699 2534 769 ἐχρῆν
2560 697 2722 750 αὐτὸν
2756 699 2836 761 είς
2876 698 3076 769 πλῆθος
3112 699 3375 771 πρότερον
3403 701 3467 753 ὲκ
3499 700 3705 753 τούτων

459 780 563 846 55;
599 779 821 850 Joseph.
866 782 962 839 lib.
1010 798 1029 836 ι
1071 782 1276 853 Antiq.,
1309 792 1364 840 et
1401 782 1715 839 Gennadius
1758 782 1948 840 Calen.
1979 785 2035 837 in

2137 785 2471 856 ἀνδρωθέντα
2504 786 2894 857 πληθυνθῆναι.
2938 787 3074 840 Ἀλλ’
3114 789 3203 843 ὅτε
3238 788 3424 843 λοιπὸν
3461 788 3568 842 ἀπὸ
3606 803 3706 840 πε-

462 868 644 925 Genes.
674 888 691 926 :
738 871 988 945 Ἀϐραὰμ
1017 873 1095 936 δὲ,
1130 874 1285 945 φησὶ,
1310 874 1425 927 -καὶ
1456 872 1659 945 Ναχὼρ
1692 874 1879 928 ἔλαϐον
1915 876 2040 929 ἐαυ-

458 960 572 1021 τοίς
618 962 913 1028 γυναῖκας’
971 961 1064 1014 καὶ
1107 957 1175 1033 ἦν
1229 962 1397 1033 ὄνομα
1436 966 1502 1036 τῇ
1542 965 1761 1033 γυναικὶ
1811 964 1909 1035 μὲν
1942 965 2036 1019 τοῦ

475 1047 725 1118 Ἀϐραὰμ
764 1049 933 1123 Σάρα,
966 1049 1060 1103 τοῦ
1102 1050 1304 1123 Ναχὼρ
1356 1051 1415 1104 δὲ
1448 1054 1513 1123 τῇ
1551 1053 1773 1121 γυναικὶ
1821 1052 2032 1123 Μελχά,

461 1140 584 1210 ῆτις
604 1135 672 1211 ἦν
704 1140 945 1214 θυγάτηρ
974 1143 1067 1197 καὶ
1103 1142 1240 1215 αὐτὴ
1274 1142 1368 1197 τοῦ
1414 1145 1648 1216 Ἀρράμ.
1683 1144 1757 1199 Οὐ
1793 1146 1950 1216 μόνον
1978 1145 2035 1198 δὲ

450 1231 572 1304 ,ἄρα
610 1234 793 1304 πατὴρ
819 1230 886 1305 ῆν
919 1236 948 1286 6
992 1233 1207 1307 Ἀρρἀ
1242 1236 1341 1307 τῆς
1371 1235 1611 1306 Μελχᾶς,
1651 1235 1788 1289 ἀλλά
1818 1235 2037 1304 καὶτῆς

475 1326 669 1397 Ἰεσχά.
703 1328 861 1382 ’Ὥστε
902 1328 1062 1399 δῆλον
1093 1331 1282 1403 ὅτιπερ
1313 1332 1342 1384 ὅ
1370 1348 1430 1384 τε
1473 1330 1722 1403 Ἀϐραὰμ
1750 1330 1842 1384 καὶ
1865 1333 1893 1384 6
1922 1331 2036 1383 Nat-

464 1415 601 1489 χὼρ,
625 1418 776 1483 ὄντες
796 1421 900 1473 υἱοὶ
927 1420 1023 1492 μὲν
1050 1421 1145 1476 τοῦ
1177 1422 1387 1494 Θάρρα,
1419 1420 1514 1476 τοῦ
1552 1423 1609 1477 δὲ
1648 1422 1863 1495 Ἀῤῥὰμ
1892 1421 2041 1476 ἀδελ-

464 1507 576 1578 φοὶ,
611 1508 913 1583 θυγατέρας
937 1510 1030 1565 106
1059 1513 1289 1583 ἀδελφοῦ
1326 1513 1506 1568 αὐτῶν
1532 1513 1626 1567 106
1675 1514 1908 1587 'Appap,
1945 1514 2039 1567 καὶ

462 1599 700 1670 ἀδελφὰς
744 1602 881 1675 πρὸς
927 1603 1107 1675 γάμον
1148 1606 1437 1675 ἠγάγοντο,
1480 1606 1580 1677 τὴν
1614 1605 1836 1677 Μελχὰν
1886 1605 1982 1676 μὲν
2012 1606 2041 1658 6

462 1692 688 1765 Ναχὼρ,
727 1697 757 1748 6
794 1695 851 1749 δὲ
901 1696 1150 1768 ’Δϐραάμ
1193 1697 1291 1769 τὴν
1334 1698 1537 1770 Σάραν.
1587 1696 1817 1753 Dubium
1857 1704 2039 1751 tamen

2138 874 2312 945 ράτων
2344 876 2438 929 ἐπὶ
2460 877 2673 948 πέρατα
2700 877 3032 949 κατῳκίσθη,
3064 878 3163 949 τῆς
3180 878 3593 950 ἀνθρωπότητος
3626 879 3707 943 είς

2134 966 2357 1038 ἄπειρον
2387 970 2713 1039 κεχυμένης,
2739 969 2924 1023 οὐκέτι
2951 973 3064 1033 τοῖς
3093 970 3275 1034 αὐτοῖς
3309 971 3584 1041 ἐπιμένειν
3614 969 3705 1022 τὸν

2136 1055 2417 1129 ἄνθρωπον
2451 1060 2750 1131 ἐπέτρεπεν
2771 1062 2799 1113 ό
2829 1060 2983 1126 Θεὸς,
3014 1058 3229 1114 σκοπῶν
3247 1060 3393 1125 ὅπως
3418 1057 3527 1112 ἀπὸ
3543 1058 3705 1112 τῶνδε

2136 1144 2215 1206 εἰς
2260 1144 2385 1198 τάδε
2437 1146 2847 1215 μεταϐαίνοντες
2896 1147 3277 1219 πλησιαίτερον
3328 1147 3705 1219 προκόπτωσιν

2137 1233 2388 1305 ἔρχεσθαι
2401 1236 2507 1290 τῶν
2521 1237 2782 1310 οὐρανῶν,
2813 1238 3001 1310 μέχρις
3018 1238 3103 1304 ἂν,
3125 1239 3204 1302 είς
3228 1238 3358 1292 αὐτὸ
3375 1237 3436 1291 τὸ
3453 1236 3706 1307 μέγιστον

2142 1326 2368 1399 μάθημα
2404 1329 2499 1382 καὶ
2544 1329 2967 1401 κορυφαιότατον
2990 1330 3086 1401 τὴν
3132 1329 3426 1402 παρθενίαν
3468 1330 3698 1400 φθάσαν-

2139 1434 2246 1480 τες,
2278 1418 2653 1485 τελειωθῶσιν,
2694 1420 2802 1475 ἀπὸ
2834 1422 2931 1493 τῆς
2976 1421 3357 1494 ἀδελφομιξίας
3394 1424 3709 1487 ὁδεύσαντες

2139 1508 2353 1581 πρῶτον
2387 1512 2467 1574 είς
2485 1511 2546 1563 τὸ
2578 1510 2791 1574 ὀθνείας
2829 1512 3127 1579 ἐπάγεσθαι
3157 1514 3421 1585 γαμετάς,
3458 1514 3710 1567 κάκεῖθεν

2136 1602 2216 1663 είς
2239 1602 2299 1653 τὸ
2328 1601 2522 1672 μηκέτι
2553 1601 2772 1667 πολλαῖς
2822 1602 3118 1657 ἐπιϐαίνειν
3161 1604 3502 1676 τετραπόδων
3538 1605 3707 1677 νόμῳ,

2138 1690 2388 1763 καθάπερ
2412 1695 2492 1757 είς
2525 1694 2711 1764 ὀχείαν
2739 1698 3031 1765 γεγονότας
3050 1736 3065 1760 ,
3094 1695 3388 1750 κάντεῦθεν
3429 1698 3510 1762 είς
3547 1697 3607 1752 16
3633 1699 3708 1769 μὴ

462 1785 643 1841 adhuc
666 1797 914 1843 remanet
940 1804 972 1843 a
994 1797 1186 1846 nostro
1208 1789 1494 1845 Eustathio
1524 1796 1939 1860 pertractatum,
1967 1803 2037 1842 an

2143 1785 2360 1854 μοιχοὺς
2382 1786 2685 1853 γεγονέναι,
2711 1787 2802 1840 καὶ
2828 1783 2894 1841 αὖ
2926 1789 3084 1842 πάλιν
3113 1791 3192 1853 είς
3225 1790 3594 1863 σωφροσύνην.
3614 1792 3712 1843 καὶ

463 1878 723 1935 videlicet
762 1881 1077 1953 conjugium
1115 1882 1453 1953 temporibus
1495 1858 1605 1936 illis
1632 1880 1797 1938 fuerit
1829 1880 2037 1935 licitum

2138 1875 2246 1929 ἀπὸ
2284 1875 2633 1949 σωφροσύνης
2673 1880 2753 1943 είς
2787 1880 3114 1952 παρθενίαν,
3151 1880 3278 1935 ἔνθα
3319 1858 3712 1953 μελετήσαντες

446 1966 607 2023 inter
626 1968 828 2026 fratres
850 1978 904 2025 et
921 1986 1177 2038 sorores;
1218 1970 1846 2042 dissolvitAugustinus,
1864 1969 1961 2024 lib.
1978 1970 2037 2025 d.

462 2066 518 2114 et
546 2075 639 2124 xv,
671 2058 748 2113 De
777 2059 987 2114 civitate
1013 2058 1134 2125 Dei,
1165 2075 1288 2131 cap.
1329 2062 1415 2129 16,
1452 2062 1543 2131 qui
1579 2061 1655 2115 ait
1695 2060 1804 2115 tale
1850 2058 2039 2129 conju-

446 2152 750 2224 .gium_non
774 2152 945 2209 fuisse
971 2153 1113 2223 apud
1140 2154 1341 2224 probos
1371 2153 1522 2210 viros
1547 2153 1602 2209 in
1632 2168 1758 2218 usu,
1789 2166 1891 2207 nec
1919 2152 2038 2207 lici-

464 2252 614 2310 tum;
663 2257 766 2299 nec
805 2243 1127 2300 adversatur
1171 2252 1363 2300 nostro
1405 2243 1717 2309 Eustatltio,
1765 2241 1858 2313 qui
1904 2233 2040 2296 dicit

464 2334 667 2390 similia
700 2335 1050 2390 matrimonia
1080 2343 1210 2390 tunc
1241 2336 1507 2407 temporis
1529 2334 1699 2402 licita,
1724 2347 1824 2389 nec
1850 2332 2042 2403 prohi-

461 2424 575 2480 bita
602 2421 804 2493 fuisse;
839 2440 1016 2496 neque
1050 2427 1195 2480 enim
1236 2426 1306 2482 de
1346 2425 1608 2481 fratribus
1653 2431 1709 2480 et
1755 2423 2039 2480 sororibus

464 2515 656 2570 iisdem
685 2522 840 2586 patre
863 2523 919 2570 et
940 2522 1114 2572 matre
1136 2517 1339 2589 genitis
1370 2516 1757 2587 intelligendus
1778 2523 1882 2580 est,
1906 2530 2040 2587 prae-

462 2610 549 2659 ter
587 2618 704 2659 rem
751 2605 898 2661 enim
937 2611 993 2661 et
1050 2606 1519 2677 exspectationem
1566 2605 1863 2670 dubitaret,
1913 2621 2035 2660 cum

446 2693 753 2771 manifeste
802 2696 1056 2766 superius
1083 2697 1417 2755 declarasset
1449 2696 1641 2753 Saram
1671 2696 1841 2753 fuisse
1874 2696 2037 2751 tiliam

461 2785 652 2851 Aram,
707 2802 952 2845 sororem
996 2788 1100 2845 Lot
1144 2805 1308 2861 quam
1360 2791 1414 2845 in
1470 2804 1698 2845 uxorem
1756 2798 2038 2858 acceperat

462 2876 762 2944 Abraham,
798 2887 853 2936 et
887 2895 998 2936 non
1032 2896 1276 2938 sororem
1310 2896 1624 2953 germanam
1653 2920 1669 2946 ,
1704 2880 1800 2937 sed
1828 2888 2037 2935 tantum

446 2968 539 3025 .de
551 2972 801 3037 sororiis,
834 2972 950 3028 sive
977 2972 1047 3028 de
1079 2972 1205 3029 filiis
1227 2973 1482 3036 fratrum,
1507 2981 1562 3028 et
1591 2986 1864 3036 sororum,
1892 2971 2034 3042 quod

461 3061 781 3135 conjugium
812 3065 887 3119 ait
914 3073 1040 3119 ante
1065 3063 1364 3127 Mosaicam
1399 3064 1569 3135 legem
1613 3062 1788 3118 fuisse
1825 3062 1880 3117 in
1911 3077 2034 3126 usu,

2136 1969 2234 2039 τῆς
2268 1969 2467 2040 σαρκὸς
2504 1970 2881 2043 ὑπερφρονεῖν,
2912 1974 2989 2035 είς
3030 1973 3121 2027 τὸν
3160 1973 3254 2044 τῆς
3283 1972 3592 2043 ἀφθαρσίας
3621 1970 3713 2025 εὖ·

2136 2060 2244 2113 διον
2288 2060 2507 2129 ἀφόϐως
2537 2062 2853 2133 ὁρμίζονται
2884 2064 3078 2136 χῶρον.
3110 2065 3173 2118 El
3205 2064 3262 2117 δέ
3304 2082 3388 2128 τις
3413 2064 3489 2129 ὡς
3532 2065 3712 2135 ἀμάρ-

2137 2168 2296 2225 τυρον
2327 2154 2434 2207 τῶν
2465 2153 2700 2225 Γραφῶν
2733 2152 3082 2210 αἰτιάσασθαι
3123 2156 3381 2228 τολμήσει
3414 2156 3505 2211 τὸν
3532 2156 3709 2225 λόγον,

2138 2244 2270 2316 φέρε
2298 2244 2384 2317 δὴ,
2416 2244 2751 2316 παραθέντες
2793 2247 2887 2301 καὶ
2913 2248 2981 2302 τὰ
3012 2247 3120 2303 τῶν
3158 2247 3473 2320 προφητῶν,
3513 2246 3711 2319 ἀληθέ-

2138 2352 2304 2409 στερα
2349 2336 2546 2407 μᾶλλον
2573 2337 2927 2410 ἀποδείξομεν
2964 2340 3034 2393 τά
3071 2340 3465 2412 προειρημένα.
3501 2340 3560 2392 '0
3580 2338 3712 2409 γοῦν

2150 2424 2400 2497 ’Δϐραὰμ
2436 2425 2652 2499 πρῶτος
2686 2427 2744 2480 ὲν
2770 2427 3004 2501 διαθήκῃ
3045 2428 3145 2502 τὴν
3178 2428 3478 2502 περιτομὴν
3509 2427 3709 2491 λαϐὼν,

2135 2516 2288 2570 οὐδὲν
2311 2516 2495 2589 ἕτερον
2528 2516 2863 2571 αἰνίσσεσθαι
2898 2519 3047 2572 δοκεῖ
3092 2519 3152 2572 τὸ
3180 2522 3396 2583 οἰκεῖον,
3427 2518 3714 2590 περιστελ-

2135 2610 2358 2681 λὸμενος
2377 2611 2478 2681 τῆς
2507 2612 2708 2684 σαρκὸς
2737 2611 2927 2665 ἑαυτοῦ
2962 2611 3121 2684 μέλος
3150 2612 3183 2685 ἢ
3214 2610 3391 2677 τοῦτο,
3421 2611 3482 2665 16
3516 2612 3715 2683 μηκέτι

2134 2703 2205 2756 τά
2231 2705 2296 2757 ὲκ
2335 2704 2429 2757 τοῦ
2468 2702 2632 2758 αὐτοῦ
2676 2704 2989 2777 σπέρματος
3019 2703 3489 2777 δημιουργηθέντα
3530 2705 3716 2760 παιδο-

2137 2797 2380 2866 σπορεῖν,
2419 2794 2529 2849 ἀπὸ
2568 2796 2663 2867 τῆς
2717 2796 2851 2860 ἰδίας
2889 2795 3122 2851 ἕκαστον
3168 2797 3434 2851 διδάσκων
3477 2797 3714 2869 ἀδελφῆς

2113 2880 2224 2939 -οῗα
2263 2886 2464 2957 σαρκὸς
2512 2886 2838 2958 ἀποτέμνειν
2869 2887 2969 2959 τὴν
2997 2886 3139 2941 κατά
3174 2888 3458 2942 συνουσίαν
3499 2888 3711 2961 ἡδονήν.

2139 2979 2299 3031 Ὥστε
2331 2979 2392 3032 16
2414 2978 2752 3049 πλησιάζειν,
2781 2980 2874 3032 καὶ
2897 2978 3146 3050 δμεύνοις
3169 2979 3405 3051 χρῆσθαι
3422 2982 3542 3045 ταῖς
3565 2996 3715 3049 σφων

2137 3068 2390 3139 ἀδελφαῖς
2429 3069 2537 3123 ἀπὸ
2585 3069 2692 3123 τῶν
2727 3068 2822 3123 τοῦ
2878 3069 3127 3142 Ἀϐραὰμ
3162 3072 3435 3125 πέπαυται
3485 3072 3713 3143 καιρῶν.

458 3160 519 3248 et
546 3163 848 3225 receptum.
876 3154 1141 3223 Quamvis
1173 3155 1331 3209 multi
1366 3155 1496 3248 item
1526 3154 1789 3248 putarint,
1817 3163 2037 3248 propter
2064 3191 2107 3248 c
2138 3160 2212 3214 Τὸ
2251 3161 2307 3214 δὲ
2343 3161 2621 3217 πλειόνων.
2659 3160 2726 3215 Ει
2753 3160 2964 3231 reliqua
3003 3177 3123 3233 quae
3166 3160 3419 3218 Marcella
3449 3163 3712 3219 eruditis-

462 3246 744 3303 hominunt
775 3249 1103 3319 paucitatem
1134 3249 1190 3303 in
1220 3246 1443 3303 exordio
1473 3244 1662 3302 mundi
1689 3244 1858 3301 fuisse
1882 3253 1935 3301 et
1961 3245 2036 3299 al-

460 3343 639 3390 terum
691 3336 1005 3407 conjugium
1069 3337 1311 3401 licitum,
1377 3345 1434 3391 et
1485 3335 1824 3406 temporibus
1876 3335 2038 3389 etiam

462 3427 713 3483 Abrahae.
734 3428 865 3494 Quae
880 3427 1150 3484 sententia
1170 3428 1334 3483 etiam
1350 3443 1417 3483 ex
1438 3427 1624 3483 verbis
1648 3426 1893 3483 auctoris
1913 3425 2040 3481 elici

462 3531 663 3593 potest,
693 3523 808 3594 qui,
836 3524 985 3578 nulla
1012 3524 1195 3579 habita
1214 3524 1705 3594 consanguinitatis
1731 3523 1845 3578 sive
1867 3520 2036 3575 allini-

458 3614 591 3670 tatis
618 3615 854 3679 ratione,
890 3613 1153 3671 fratribus
1175 3623 1231 3671 et
1252 3616 1536 3670 sororibus
1568 3616 1645 3669 ait
1670 3616 1879 3670 alterna
1909 3628 2042 3670 con-

464 3705 610 3776 iugia
662 3715 789 3762 ante
842 3709 1012 3779 legem
1063 3708 1357 3765 Mosaicam
1415 3708 1585 3764 fuisse
1632 3708 1804 3763 licita.
1858 3706 2039 3763 Testis

463 3811 609 3851 unus
645 3812 755 3867 prae
781 3798 1037 3855 omnibus
1071 3798 1378 3855 Methodius
1402 3798 1695 3869 episcopus
1728 3810 1783 3853 et
1813 3808 2038 3870 martyr,

465 3888 518 3941 in
554 3889 799 3944 Convivia
827 3890 1001 3945 decem
1045 3891 1327 3960 virginum,
1357 3891 1516 3960 cujus
1563 3891 1744 3957 verba,
1776 3891 1902 3961 quia
1929 3890 2042 3946 ele-

460 3983 784 4053 gantissima
807 3991 937 4039 sunt
969 3990 1023 4039 et
1053 3984 1296 4040 nondum
1334 3985 1480 4054 quod
1514 3986 1682 4039 sciam
1716 3984 1858 4054 typis
1884 3998 2038 4039 man—

460 4071 612 4134 data,
637 4089 746 4128 non
775 4076 1044 4145 gravabor
1070 4074 1160 4131 hic
1183 4075 1496 4131 ascribere:
1526 4073 1753 4146 Μεγάλη
1782 4074 1890 4147 γὰρ
1911 4073 2040 4145 ἀλη-

463 4164 571 4228 θῶς
608 4166 881 4239 ύπερϐολὴ
914 4168 977 4221 τὸ
1008 4166 1106 4239 τῆς
1142 4168 1443 4240 παρθενίας
1475 4166 1781 4238 ἀνθρώποις
1829 4166 1923 4220 ἀπ’
1949 4165 2039 4218 ού-

465 4259 644 4329 ρανῶν
685 4259 1045 4332 κατεπέμφθη
1091 4261 1276 4331 φυτόν.
1308 4259 1422 4314 Καὶ
1440 4259 1527 4313 διά
1550 4258 1708 4313 τοῦτο
1726 4260 1844 4322 ταῖς
1890 4256 2040 4329 πρώ-

463 4366 583 4413 ταις
618 4351 718 4405 ούκ
742 4351 1100 4424 ἀπεκαλύφθη
1136 4355 1368 4421 γενεαῖς.
1407 4352 1528 4404 Ἔτι
1555 4350 1664 4423 γάρ
1700 4353 1729 4405 6
1755 4348 2039 4421 ἄνθρωπος

462 4442 736 4512 ὀλιγοστὸς
778 4439 867 4515 ἦν,
914 4445 1009 4497 καὶ
1052 4444 1218 4515 ἐχρῆν
1250 4446 1329 4506 είς
1375 4442 1578 4513 πλῆθος
1628 4441 1843 4515 πρῶτον
1874 4439 2035 4492 αὐτὸν

2142 3248 2279 3305 sime
2307 3250 2464 3305 simul
2501 3257 2558 3305 et
2590 3249 2995 3321 elegantissime
3020 3253 3403 3323 prosequitur;
3445 3270 3568 3325 quae
3602 3252 3710 3310 Deo

2141 3340 2301 3395 dante
2315 3356 2424 3395 una
2440 3356 2565 3399 cum
2584 3342 2808 3413 reliquis
2821 3343 2970 3397 brevi
2984 3342 3206 3398 utilitati
3222 3344 3452 3414 publica:
3464 3345 3708 3401 edemus.

2140 3428 2406 3486 Omnibus
2437 3439 2603 3487 notus
2620 3439 2705 3486 est
2723 3446 2841 3489 mos
2857 3430 3172 3497 Persarum,
3191 3435 3284 3504 qui
3319 3448 3443 3489 cum
3472 3436 3707 3506 parenti~

2141 3521 2243 3578 bus
2261 3523 2663 3587 miscebantur;
2688 3524 2755 3579 de
2786 3525 2989 3593 quibus
3012 3524 3103 3580 hic
3133 3525 3316 3581 dicere
3354 3527 3707 3597 supersedeo.

2207 3614 2327 3670 Col.
2361 3614 2484 3682 760,
2502 3614 2596 3671 lin.
2624 3615 2715 3671 45.
2749 3615 2811 3669 Ὀ
2825 3615 2894 3670 δὲ
2909 3614 3431 3687 depaJosepbus,
3464 3619 3707 3690 Antiqui-

2141 3715 2239 3763 tal.
2259 3707 2352 3763 lib.
2372 3724 2410 3773 ι,
2430 3722 2550 3779 cap.
2570 3709 2600 3761 7
2623 3731 2636 3765 ;
2653 3708 2866 3781 Θάρρου
2898 3710 2956 3764 δὲ
2989 3711 3315 3781 μισήσαντος
3330 3711 3427 3783 τὴν
3443 3711 3708 3768 Χαλδαίαν

2138 3798 2225 3852 διὰ
2253 3798 2315 3852 16
2356 3798 2582 3872 ’Δρὰνου
2609 3799 2823 3865 πένθος,
2853 3801 3247 3871 μετοικίζονται
3270 3803 3471 3867 πάντες
3498 3804 3578 3868 είς
3606 3803 3705 3875 χώο

2141 3908 2241 3961 ραν
2281 3892 2378 3963 τῆς
2422 3892 2879 3964 Μεσοποταμίαςο
2922 3895 3057 3946 ὅπου
3099 3893 3165 3966 δὴ
3206 3894 3419 3968 Θάρρον
3460 3896 3707 3968 τελευτή⁹

2141 3997 2307 4037 σαντα
2335 3982 2648 4046 θάπτουσιν,
2681 3982 2776 4054 ἐτη
2804 3984 3079 4055 βιώσαντα
3113 3985 3274 4039 πέντε
3305 3988 3400 4041 καὶ
3445 3987 3707 4043 διακόσια.

2209 4071 2368 4136 lbid.,
2418 4074 2516 4129 lin.
2566 4075 2654 4130 68.
2689 4076 2937 4129 Ἕκτοτε-
2967 4075 3072 4144 γὰρ
3104 4075 3239 4130 τῶν.
3269 4073 3560 4145 Iosephus.
3604 4078 3661 4132 ib
3694 4097 3705 4130 :

2138 4166 2507 4235 Συνετέτμητο
2533 4165 2641 4237 γάρ
2669 4165 2768 4238 ήδη
2802 4169 2914 4229 τοῖς
2944 4163 3250 4235 ἀνθρώποις
3293 4168 3411 4219 κατ’
3440 4167 3617 4235 ὀλίγον
3650 4168 3707 4221 16

2138 4253 2256 4326 ζῇν,
2287 4256 2380 4308 καὶ
2412 4254 2742 4326 βραχύτερον
2774 4255 2990 4323 ἐγένετο
3027 4257 3188 4327 μέχρι
3226 4257 3327 4327 τῆς
3352 4259 3596 4323 Μωσέως
3618 4276 3706 4329 γε.

2136 4348 2354 4411 νέσεως,
2391 4347 2505 4416 μεθ’
2532 4348 2590 4400 ὃν
2613 4348 2737 4417 ὄρος
2763 4343 2831 4418 ἦν
2858 4346 2952 4400 106
2982 4345 3081 4418 ζῇν
3104 4347 3296 4402 ἑκατὸν
3320 4348 3411 4420 ἔτη
3443 4349 3579 4421 πρὸς
3597 4353 3707 4414 τοῖς

2138 4440 2329 4504 εἴκοσι,
2374 4439 2527 4494 ταῦθ’
2578 4440 2858 4510 ὁρίσαντος
2906 4438 2998 4492 106
3032 4440 3186 4506 Θεοῦ,
3229 4442 3329 4494 ὅσα
3372 4441 3468 4495 καὶ
3505 4441 3707 4511 Μωσῆν

463 4538 779 4610 αὐξήσαντα
828 4535 1193 4607 τελειωθῆναι.
1244 4536 1335 4589 Διὸ
1373 4535 1438 4608 δὴ
1477 4536 1572 4590 καὶ
1616 4534 1716 4597 τὰς
1769 4533 2038 4604 σφετέρας

2142 4533 2339 4604 συνέϐη
2374 4531 2580 4603 βιῶναι.
2616 4530 2753 4587 Vide
2787 4531 3232 4588 dissertationem
3273 4532 3533 4604 Gasparis
3575 4532 3707 4587 Dor-v

461 4631 697 4700 ἀδελφὰς
723 4631 772 4684 οί
811 4629 1031 4683 παλαιοὶ
1076 4629 1442 4699 λαμϐάνοντες
1481 4629 1744 4697 γυναῖκας
1787 4625 1938 4679 οὐδὲν
1971 4620 2039 4696 ἦν

462 4724 727 4797 ἀπρεπὲς,
761 4722 921 4794 μέχρι
947 4722 1109 4792 νόμος
1135 4719 1304 4776 ἐλθὼν
1318 4720 1664 4782 διεστείλατο,
1690 4718 1785 4773 καί
1808 4718 1868 4771 16
1891 4716 2040 4787 πρῶ-

459 4832 554 4870 τον
583 4813 774 4868 δοκοῦν
810 4809 949 4865 εἶναι
989 4812 1150 4865 καλὸν
1189 4810 1574 4882 ἀπαγορεύσας
1617 4808 1891 4881 ἁμαρτίαν
1938 4808 2041 4861 ἀπ-

462 4911 722 4980 εφήνατο,
743 4906 1150 4977 ὲπικατάρατον
1170 4904 1350 4959 καλῶν
1362 4904 1452 4957 τὸν
1471 4902 1920 4957 ἀποκαλύπτοντα
1939 4900 2038 4972 τὴν

462 4994 848 5069 ἀσχημοσύνην
877 4995 975 5067 τῆς
1013 4994 1246 5066 ἀδελφῆς
1265 4992 1451 5073 αύτοῦ,
1479 4991 1572 5047 106
1599 4992 1733 5046 Θεοῦ
1766 4990 1906 5046 κατὰ
1922 5008 2040 5045 και-

466 5088 557 5159 ρδν
582 5087 679 5142 καὶ
702 5086 892 5159 καιρὸν
917 5087 1015 5157 τὴν
1045 5086 1386 5158 ἁρμόζουσαν
1406 5084 1561 5156 ἡμῶν
1589 5083 1666 5155 τῷ
1693 5084 1840 5151 γένει
1881 5100 2040 5137 σπου-

463 5179 627 5235 δαίων
660 5181 1064 5253 προσφέροντος
1112 5178 1382 5251 βοήθειαν,
1416 5177 1603 5249 ῶσπερ
1633 5176 1696 5247 δὴ
1727 5176 1821 5229 καὶ
1855 5178 1905 5229 οί
1935 5192 2041 5228 πα-

464 5273 619 5343 τέρες
642 5276 754 5338 τοῖς
784 5274 941 5337 υίοῖς.
976 5274 1051 5326 Οὐ
1080 5270 1189 5343 γὰρ
1217 5270 1415 5333 εὐθέως
1452 5270 1656 5324 ἄνωθεν
1688 5268 2036 5322 ἐπιστατοῦσι

465 5365 590 5427 τοὺς
619 5367 1017 5435 παιδαγωγοὺς,
1048 5364 1184 5419 ἀλλά.
1208 5363 1308 5435 τὴν
1331 5363 1584 5433 παιδικὴν
1619 5362 1833 5433 ἠλικίαν
1848 5362 2038 5415 ἐάσαν-

462 5469 558 5518 τες
587 5453 883 5525 ἀθύρεσθαι
919 5454 1227 5528 μοσχαρίων
1244 5454 1420 5525 δίκην,
1447 5452 1659 5525 πρῶτον
1690 5453 1770 5516 είς
1790 5452 2039 5507 διδασκά-

465 5543 574 5598 λων
615 5543 1078 5614 συμψελλιζόντων
1113 5542 1548 5606 ἀποστέλλουσιν,
1587 5541 1695 5595 ἔστ’
1736 5542 1801 5596 ἂν
1832 5541 2038 5595 ἀποϐα-

465 5635 647 5701 λόντες
691 5636 791 5707 τὴν
846 5636 1175 5709 μειρακιώδη
1211 5635 1369 5707 τρίχα
1409 5634 1502 5689 106
1534 5634 1648 5696 νοῦ,
1696 5636 1773 5698 εἰς
1810 5634 1906 5705 τὴν
1928 5634 2036 5687 τῶν

469 5726 728 5795 μειζόνων
752 5726 982 5798 ἄσκησιν
1012 5726 1474 5800 παραπεμφθῶσι,
1509 5727 1762 5781 κάκεῖθεν
1782 5721 1936 5790 αὖθις
1957 5727 2037 5789 εἰς

466 5820 564 5890 τὴν
596 5817 702 5872 τῶν
737 5817 817 5873 ἔτι
846 5818 1121 5889 μειζόνων,
1147 5819 1328 5891 Ταύτῃ
1367 5818 1474 5891 γάρ
1509 5819 1602 5872 καὶ
1634 5816 1723 5871 τὸν
1768 5816 1899 5871 Θεὸν
1944 5816 2037 5870 καὶ

2141 4625 2266 4680 navi
2295 4625 2363 4680 de
2391 4624 2575 4680 causis
2603 4623 2963 4692 longrevitatis
2993 4634 3207 4695 patrum
3237 4613 3705 4697 primigeni'orum,

2141 4718 2231 4773 cui
2265 4717 2456 4773 titulus
2486 4715 2796 4771 Hnthttsala
2835 4717 3007 4775 vivax.

2209 4809 2370 4872 lbid.,
2395 4810 2492 4864 lin.
2526 4810 2615 4867 55.
2664 4811 2909 4880 Ἀϐραὰμ
2938 4810 3008 4864 δὲ
3038 4813 3090 4865 ὁ.
3133 4808 3334 4866 Eadem
3363 4809 3525 4865 habet
3554 4805 3708 4864 Jose~

2139 4901 2282 4970 phus
2306 4900 2485 4970 Antiq.
2517 4900 2612 4954 lib.
2639 4914 2679 4964 ι,
2709 4914 2831 4970 cap.
2856 4900 2911 4963 8,
2942 4908 2997 4954 et
3017 4900 3220 4965 subdit,
3246 4898 3507 4955 Berosum
3535 4897 3708 4952 Abra-

2138 4991 2285 5046 bami
2305 4990 2469 5045 tacito
2499 4990 2721 5045 nomine
2740 4991 3076 5047 meminisse.
3100 4990 3409 5046 Hecataeum
3432 4990 3579 5045 illius
3598 5004 3707 5045 non

2138 5082 2454 5137 meminisse
2492 5082 2689 5146 obiter,
2727 5082 2823 5137 sed
2856 5082 2998 5138 libro
3035 5083 3102 5155 de
3144 5098 3209 5138 eo
3247 5083 3585 5153 conscripto,
3619 5097 3709 5138 res

2137 5178 2258 5246 ejus
2288 5176 2592 5246 posteritati
2625 5174 3059 5239 commendasse,
3089 5190 3191 5231 nec
3214 5191 3325 5230 non
3345 5181 3400 5231 et
3424 5172 3707 5229 Nicolaum

2140 5265 2533 5322 Damascenum
2562 5267 2617 5321 in
2641 5283 2694 5321 ιν
2720 5267 3082 5322 Historiarum
3119 5285 3135 5321 :
3166 5265 3509 5337 Μνημονεύει
3533 5267 3589 5320 δὲ
3612 5266 3707 5320 106

2138 5359 2341 5431 πατρὸς
2386 5359 2543 5430 ἡμῶν
2594 5359 2869 5430 Ἀϐράμου
2919 5359 3208 5431 Βηρωσσδς
3252 5359 3354 5412 οὐκ
3403 5358 3706 5429 ὀνομάζων,

2137 5450 2307 5519 λέγων
2331 5450 2534 5514 οὕτως·
2569 5450 2722 5505 Μετὰ
2757 5450 2813 5503 δὲ
2850 5450 2940 5503 τὸν
2973 5449 3353 5520 κατακλυσμὸν
3384 5450 3584 5523 δεκάτῃ
3612 5465 3708 5518 γε-

2137 5543 2231 5612 νεᾷ
2262 5541 2411 5611 παρά
2450 5541 2733 5605 Χαλδαίοις
2763 5558 2848 5604 τις
2878 5536 2946 5612 ἦν
2970 5540 3173 5604 δίκαιος
3214 5539 3351 5612 ἀνὴρ
3383 5541 3574 5612 μέγας,
3617 5540 3709 5605 καὶ

2136 5632 2204 5686 τά
2229 5633 2453 5704 οὐράνια
2494 5633 2770 5705 ἔμπειρος.
2807 5632 3087 5694 Ἑκαταῖος
3127 5632 3184 5685 δὲ
3214 5633 3307 5686 καὶ
3329 5632 3421 5686 τοῦ
3470 5632 3709 5703 μνησθῆη

2136 5741 2224 5778 ναι
2260 5725 2419 5779 πλέον
2440 5742 2491 5777 τι
2523 5724 2789 5797 πεποίηκε
2808 5742 2822 5756 ο
2859 5725 3059 5794 βιϐλίον
3102 5723 3211 5796 γὰρ
3244 5723 3371 5795 περὶ
3403 5722 3566 5778 αὐτοῦ
3591 5738 3707 5778 συν»

2139 5816 2434 5889 ταξάμενος
2481 5817 2756 5873 κατέλιπε,
2795 5818 3053 5881 Νικόλαος
3083 5816 3140 5872 δὲ
3179 5819 3208 5873 6
3248 5815 3603 5889 Δαμασκηνὸς
3645 5813 3705 5875 tv
