4124 6414
407 384 540 440 1017

1494 372 1562 430 ΙΝ
1601 371 1974 430 ΕυετΑτιιιι
2021 372 2497 429 HEXAEMERON
2529 371 2760 430 NOTAE.

403 499 525 553 ὅθεν
565 495 696 569 ἦλθε
726 499 820 550 καὶ
860 499 939 559 είς
979 497 1106 560 τοὺς
1141 494 1427 566 Ἕλληνας,
1468 492 1799 565 Eupolemus
1838 492 1979 565 apud

2082 493 2224 565 perii
2280 493 2494 554 habuit,
2545 491 2842 549 tradidisse
2881 493 3172 558 ministris,
3215 501 3275 548 ut
3319 509 3414 565 per
3442 501 3661 568 tempus

406 589 833 660 Polyhistorem:
863 586 1180 658 Συζήσαντα
1200 585 1255 638 δὲ
1280 585 1370 637 τὸν
1398 584 1651 656 ’Δὸραὰμ
1683 585 1740 638 ὲν
1781 583 1988 636 Ἡλιου-

404 680 555 734 πόλει
608 682 722 743 τοῖς
765 677 1077 745 Αἰγυπτίων
1121 676 1325 750 ἱερεῦσι
1348 714 1364 739 ,
1411 675 1582 730 πολλὰ
1642 672 1986 748 μεταδιδάξαι

405 771 622 835 αὐτοὺς,
645 770 736 824 καὶ
761 770 859 842 τὴν
883 767 1237 840 ἀστρολογίαν
1270 769 1365 821 καὶ
1387 767 1458 828 τὰ
1485 766 1646 821 λοιπὰ
1675 766 1861 820 τοῦτον
1889 766 1987 818 αὑ-

406 865 516 925 τοῖς
543 860 970 932 είσηγήσασϐαι,
1004 860 1244 932 φάμενον
1283 858 1657 923 Βαϐυλωνίους
1686 858 1862 921 ταῦτα
1891 859 1986 922 καὶ

406 954 567 1008 αὐτὸν
606 954 896 1026 εὑρηκέναι
921 970 934 984 ’
973 953 1070 1025 τὴν
1122 953 1178 1006 δὲ
1220 953 1434 1024 εὕρεσιν
1486 952 1666 1019 αὐτῶν
1703 954 1784 1015 εἰς
1816 950 1986 1024 Ἑνὼχ

406 1048 787 1118 ἀναπέμπειν,
847 1047 939 1101 καὶ
985 1046 1175 1100 τοῦτον
1245 1045 1542 1118 εὑρηκέναι
1603 1044 1817 1117 πρῶτον
1887 1044 1984 1114 τὴν

407 1135 779 1212 ἀστρολογίαν,
835 1140 932 1192 οὐκ
986 1139 1334 1208 Αἰγυπτίους,
1386 1139 1736 1208 Artapanus:
1774 1137 1878 1191 Τὸν
1927 1136 1985 1189 δὲ

410 1230 821 1302 Ἀδραμον,τὴν
841 1230 1232 1302 ἀστρολογικὴν
1262 1230 1574 1300 ἐπιστήμην
1608 1226 1983 1292 παιδευθέντα,

408 1321 624 1393 πρῶτον
659 1323 754 1392 μὲν
786 1321 957 1374 ἐλθεῖν
1009 1324 1088 1386 εἰς
1131 1321 1383 1392 Φοινίκην
1410 1361 1424 1385 ,
1459 1321 1552 1374 καὶ
1580 1321 1704 1385 τοὺς
1733 1319 1985 1382 Φοίνικας

407 1413 760 1484 ἀστρολογίαν
796 1413 1034 1479 διδάξαι·
1073 1413 1299 1484 ὕστερον
1328 1414 1372 1466 δ’
1401 1415 1482 1477 εἰς
1508 1413 1782 1482 Αἴγυπτον
1808 1428 1985 1483 παρα-

405 1505 678 1576 γενέσθαι.
718 1504 921 1560 ﬂorum
977 1512 1163 1560 tamen
1199 1506 1470 1560 sententia
1507 1503 1730 1560 Pererio
1760 1521 1867 1558 non
1896 1518 1985 1559 ar-

406 1597 578 1665 ridet,
604 1613 832 1668 eamque
881 1599 957 1652 ait
990 1597 1229 1652 divinam
1271 1596 1610 1667 Scripturam
1654 1612 1972 1668 coarguere.

405 1690 587 1746 Primo
610 1733 626 1756 ,
658 1692 786 1761 quia
817 1691 1090 1746 Abraham
1138 1691 1464 1746 brevissimo
1509 1699 1752 1759 tempore
1783 1688 1884 1743 fuit
1926 1689 1982 1742 in

403 1781 670 1854 Egypto,
706 1783 776 1836 ita
807 1789 866 1836 ut
900 1785 954 1835 in
989 1789 1140 1836 tanta
1172 1781 1437 1835 brevitate
1463 1779 1724 1850 temporis
1745 1779 1848 1832 illa}
1868 1779 1982 1834 dis-

2089 594 2412 642 consuetum
2442 584 2736 657 pigmentis
2765 584 3148 653 illustraretur,
3201 586 3672 659 inungereturque'

2087 676 2244 742 oleis,
2296 691 2419 746 quae
2452 677 2604 740 item,
2643 686 2698 732 et
2726 693 2958 744 moram,
2985 687 3039 732 et
3090 685 3304 748 tempus
3353 681 3661 750 requirunt.

2085 767 2238 824 Adde
2267 768 2431 828 etiam
2459 768 2592 823 illud
2617 767 2784 840 quod,
2826 776 3115 841 postquam
3153 773 3400 826 restituta
3432 772 3530 832 fuit
3559 769 3662 828 Sa.

2087 877 2168 926 ra,
2208 861 2482 917 Abraham
2519 877 2626 917 non
2665 863 2850 917 statim
2893 861 3130 917 excessit
3181 878 3248 916 ex
3302 862 3558 934 Egypto,
3601 869 3666 918 ut

2083 955 2383 1013 verisimile
2433 961 2540 1017 est.
2597 955 2847 1025 quamvis
2899 954 3050 1011 viros
3103 954 3346 1018 haberet,
3397 957 3470 1010 ita
3522 955 3663 1011 Pha-

2081 1058 2254 1105 raone
2311 1046 2684 1117 praecipiente,
2750 1045 2845 1116 qui
2901 1061 3026 1101 eum
3075 1045 3392 1104 educerent.
3447 1047 3661 1103 Pharao

2084 1152 2321 1206 namque
2350 1137 2684 1206 experientia
2713 1134 3286 1206 doctus,llage|lisque
3315 1137 3657 1207 prudentior,

2082 1243 2262 1299 neque
2295 1227 2561 1290 animose,
2589 1243 2690 1282 nec
2711 1227 2885 1299 rigide
2908 1227 3186 1282 Abraham
3218 1229 3538 1299 expulisset,
3561 1228 3656 1284 sed

2081 1319 2330 1388 exposita
2360 1319 2664 1382 voluntate,
2689 1326 2744 1373 et
2782 1333 2885 1389 ope
2914 1319 3045 1382 lata,
3070 1334 3182 1373 sua:
3218 1319 3369 1373 illum
3405 1319 3657 1389 potestati

2083 1409 2311 1472 dimisit,
2348 1411 2440 1480 qui
2471 1411 2637 1466 rebus
2676 1410 2794 1465 suis
2833 1411 3139 1480 dispositis,
3193 1412 3440 1466 recessit.
3479 1410 3660 1478 Quan-

2083 1509 2196 1556 tum
2227 1513 2408 1558 autem
2450 1502 2505 1558 id
2538 1511 2755 1572 tempus
2789 1501 2954 1557 fuerit
2993 1518 3100 1558 non
3149 1503 3325 1558 ausim
3365 1502 3656 1568 allirmare.

2081 1595 2240 1664 quale
2267 1595 2427 1664 quale
2473 1601 2591 1652 erat
2631 1592 2698 1647 ad
2730 1593 3145 1648 mathematicas
3183 1593 3502 1664 disciplinas
3554 1602 3661 1651 trao

2081 1684 2288 1741 dendas
2314 1685 2436 1756 plus
2469 1685 2637 1741 nimio
2682 1692 2798 1740 erat
2832 1685 2995 1751 satis;
3042 1701 3220 1755 neque
3251 1687 3396 1741 enim
3435 1688 3660 1744 omnino

2083 1778 2347 1847 imperitis
2403 1785 2457 1832 et
2515 1775 2704 1832 insciis
2751 1777 3012 1832 scientias
3066 1778 3190 1831 illas
3227 1779 3523 1848 exposuit:
3561 1783 3657 1836 sed

402 1849 619 1944 ciplina:
661 1889 764 1928 nec
817 1873 1124 1943 potuissent
1150 1871 1445 1944 explicari,
1482 1849 1587 1924 nec
1617 1868 1846 1924 addisci.
1880 1869 1977 1924 Se-
2013 1849 2052 1904 Β
2076 1868 2189 1937 jam
2223 1868 2346 1922 aliis
2387 1867 2719 1938 disciplinis,
2753 1867 2831 1922 uti
2893 1867 3008 1922 fieri
3055 1875 3287 1939 poterat,
3330 1869 3572 1934 imbutis,
3603 1879 3659 1926 et

401 1965 619 2028 eundo,
663 1964 792 2035 quia
841 1964 1026 2018 statim
1071 1962 1326 2026 restituta
1371 1976 1543 2017 uxore
1590 1960 1781 2031 jussus
1812 1961 1975 2023 fuerit

403 2058 555 2112 abire
573 2073 636 2112 ex
653 2055 910 2127 Egypto;
931 2063 985 2110 et
1009 2072 1077 2111 ne
1091 2055 1221 2126 quid
1242 2055 1550 2110 detrimenti
1577 2061 1871 2125 pateretur,
1890 2067 1978 2108 cos

403 2151 566 2210 mites
586 2151 636 2203 ei
661 2149 774 2203 dati
797 2151 927 2203 sint.
957 2147 1142 2203 Tertio
1165 2163 1231 2202 ex
1259 2146 1317 2206 S.
1346 2147 1668 2218 Augustino,
1692 2145 1764 2200 De
1787 2147 1974 2199 civita-

403 2249 454 2296 te
479 2239 594 2305 Dei,
628 2239 723 2294 lib.
749 2254 907 2303 xvzu,
938 2254 1060 2309 cap.
1090 2238 1179 2304 40,
1214 2238 1306 2306 qui
1335 2237 1633 2292 Varronem
1665 2237 1849 2290 laudat
1876 2250 1974 2290 au-

401 2341 636 2396 ctorem,
671 2348 702 2386 a
729 2347 839 2402 quo
861 2330 1138 2401 proditum
1171 2329 1241 2384 sit
1263 2328 1547 2399 {Egyptfos
1575 2329 1806 2397 primum
1838 2327 1976 2383 lside

403 2424 666 2494 magistra
700 2424 908 2477 litteras
962 2421 1222 2476 didicisse
1265 2421 1428 2490 paulo
1476 2420 1595 2488 plus
1627 2419 1856 2472 duorum
1887 2433 1977 2472 an-

397 2531 601 2571 norum
637 2515 878 2569 millibus
921 2523 1045 2568 ante
1085 2529 1239 2568 suam
1287 2521 1520 2566 aetatem.
1569 2510 1670 2566 Isis
1709 2526 1838 2565 vero
1867 2511 1976 2565 lilia

399 2607 504 2662 fuit
522 2606 702 2661 lnachi
729 2607 872 2677 regis
890 2604 1232 2686 Argivorum,
1259 2604 1417 2673 cujus
1438 2618 1662 2674 regnum
1686 2611 1808 2673 post
1830 2618 1978 2657 mor-

397 2708 512 2770 tem
549 2700 781 2755 Abrahae
831 2698 1050 2753 inchoat
1077 2696 1362 2752 Eusebius.
1410 2694 1712 2760 Postremo,
1746 2693 1974 2748 Jambli-

395 2793 563 2864 gchus,
590 2791 667 2846 De
696 2800 908 2862 myster.
943 2788 1186 2860 Egypt”
1216 2789 1450 2858 primum
1489 2788 1771 2860 sapientia:
1803 2797 1857 2842 et
1883 2787 1977 2842 do-

396 2886 704 2942 etrinarum
728 2884 869 2954 apud
889 2884 1175 2956 Egyptios
1200 2895 1478 2940 auctorem
1502 2884 1630 2939 facit
1652 2881 1977 2939 Mercurium

402 2974 840 3046 'frismegistum.
888 2973 1043 3031 Hunc
1074 2983 1256 3030 autem
1285 2990 1395 3030 non
1427 2975 1603 3030 solum
1645 2974 1975 3038 Abrahamo,

403 3067 499 3121 sed
526 3069 690 3122 etiam
724 3067 904 3139 Moyse
931 3068 1292 3122 recentiorem
1327 3065 1497 3122 fuisse
1527 3066 1792 3120 allirmant
1814 3065 1983 3121 Euse-

401 3157 528 3214 bius
556 3168 611 3215 et
639 3160 995 3230 Augustinus.
1039 3157 1156 3212 Non
1182 3157 1436 3211 videntur
1465 3167 1642 3211 tamen
1697 3159 1831 3211 tanti
1865 3157 1977 3212 haec

401 3260 745 3322 argumenta,
775 3252 993 3305 si-recte
1019 3249 1456 3310 considerentur.
1482 3257 1540 3304 ut
1567 3250 1680 3316 jam
1707 3251 1977 3306 dictorum

403 3343 694 3405 sententia,
723 3351 776 3398 et
808 3341 984 3396 nostri
1035 3339 1304 3396 Eustathii
1359 3341 1511 3410 rejici
1545 3340 1738 3397 debeat
1765 3361 1777 3395 :
1805 3342 1982 3412 primo

402 3434 530 3505 quia
583 3433 741 3487 nobis
805 3449 914 3487 non
946 3433 1115 3502 liquet
1165 3441 1643 3503 quantotempore
1706 3433 1978 3488 Abraham

404 3524 551 3594 apud
589 3523 876 3595 Egyptios
925 3534 1170 3580 moratus
1223 3525 1404 3588 fuerit,
1461 3526 1605 3596 quod
1657 3541 1766 3582 non
1811 3525 1982 3582 fuisse

402 3612 788 3670 brevissimum
823 3615 906 3669 vel
948 3630 1010 3670 ex
1047 3630 1110 3669 eo
1143 3623 1310 3684 patet,
1339 3615 1483 3684 quod
1514 3613 1647 3670 dicit
1679 3613 1976 3683 Scriptura,

404 3705 694 3760 Dominum
733 3706 1038 3774 flagellasse
1069 3706 1407 3760 Pharaonem
1437 3706 1612 3775 plagis
1648 3704 1900 3762 maximis
1925 3711 1978 3758 et

403 3798 625 3854 domum
654 3800 792 3867 ejus.
815 3797 998 3866 Neque
1026 3797 1171 3852 enim
1195 3798 1527 3852 credendum
1561 3806 1644 3850 est
1668 3796 1840 3865 prima
1864 3795 1979 3850 vice

406 3890 575 3948 Deum
600 3891 808 3960 ﬂagella
842 3890 1076 3943 maxima
1108 3886 1344 3953 inferre;
1370 3887 1464 3941 sed
1489 3889 1720 3957 primum
1753 3885 1976 3949 leviora,

402 3985 602 4041 deinde
675 3983 880 4037 malitia
934 3982 1268 4052 perfidiaque
1320 3988 1620 4042 crescente,
1684 3979 1975 4046 atrociora,

402 4078 549 4149 quod
603 4075 930 4131 brevissimo
979 4083 1223 4144 tempore
1256 4073 1451 4127 conlici
1480 4071 1815 4127 credendum
1867 4088 1977 4127 non

403 4179 505 4226 est.
530 4166 904 4238 Requiruntur
942 4166 1084 4221 enim
1117 4172 1170 4219 et
1210 4163 1611 4218 admonitiones
1664 4165 1896 4234 praavize,
1925 4171 1980 4222 et

404 4260 600 4330 signa;
646 4273 746 4312 nec
773 4273 880 4311 non
903 4273 968 4310 ex
999 4263 1155 4325 parte
1200 4255 1374 4324 ipsius
1412 4254 1716 4322 peccatoris
1759 4255 1813 4308 in
1836 4255 1978 4316 malo

404 4351 840 4423 perseverantia,
876 4357 929 4402 et
961 4347 1178 4402 animus
1201 4347 1509 4401 obstinatus
1539 4347 1604 4399 ad
1642 4346 1765 4406 hoc,
1800 4356 1859 4400 ut
1885 4347 1980 4401 lla.—

402 4444 541 4513 gella
568 4443 806 4496 maxima
837 4439 1233 4509 impingantur,
1255 4437 1416 4493 sicuti
1451 4447 1504 4491 et
1537 4437 1589 4491 in
1622 4453 1678 4491 re
1699 4436 1975 4505 dissimili,

2080 1960 2310 2025 confusa
2341 1960 2575 2030 quadam
2613 1975 2794 2023 rerum
2823 1959 3039 2013 illarum
3066 1960 3260 2014 notitia
3290 1961 3404 2017 sive
3422 1977 3540 2016 eam
3565 1977 3660 2018 na-

2079 2062 2225 2115 tura,
2284 2054 2399 2109 sive
2432 2061 2548 2108 arte
2578 2053 2864 2115 haberent,
2905 2054 3270 2122 turgentibus,
3327 2054 3524 2124 quibus
3557 2069 3658 2111 nec

2082 2143 2306 2197 minima
2352 2143 2407 2199 in
2441 2144 2866 2208 mathematicis,
2909 2144 3003 2199 sed
3037 2146 3330 2214 praecipua,
3364 2147 3448 2200 vel
3479 2146 3656 2201 solum

2083 2234 2312 2289 innuere
2366 2233 2686 2300 sufﬁciebat,
2759 2244 2818 2290 ut
2882 2253 3074 2291 eorum
3127 2247 3427 2308 praeceptor
3474 2250 3659 2308 posset

2080 2324 2400 2386 existimari,
2422 2324 2623 2393 quibus
2651 2322 3018 2379 fundamentis
3050 2325 3213 2392 jactis
3239 2323 3459 2394 proprio
3485 2333 3659 2379 marte

2083 2416 2533 2486 perfectissimam
2573 2429 2763 2470 eorum
2801 2417 3086 2473 scientiam
3142 2416 3504 2486 notitiamque
3551 2415 3658 2471 sibi

2082 2523 2274 2578 parare
2298 2508 2560 2562 valerent.
2587 2507 2727 2573 Quid
2764 2509 2980 2564 tandem
3011 2508 3250 2563 traderet
3283 2507 3431 2562 aliud
3460 2506 3656 2569 Varro,

2083 2598 2169 2653 cui
2199 2597 2550 2653 Hehrreorum
2582 2597 2827 2653 historia:
2855 2599 3082 2654 minime
3103 2607 3263 2666 nolze,
3283 2597 3489 2668 quique
3515 2598 3660 2653 sicut

2083 2694 2138 2742 et
2173 2687 2267 2740 alii
2317 2686 2548 2752 ethnici,
2601 2689 2670 2742 ab
2701 2687 2808 2741 illis
2855 2703 2942 2742 res
2975 2697 3230 2757 acceptas
3266 2687 3564 2758 pervertit?
3594 2685 3662 2742 Et

2082 2777 2423 2835 Jamblichus
2440 2779 2677 2849 primttm
2699 2777 3078 2850 (Egyptiorum
3098 2781 3398 2850 sapientem
3412 2779 3659 2834 nominat

2085 2871 2527 2942 Trismegistum,
2573 2881 2835 2941 tanquam
2876 2887 3022 2935 eum,
3080 2880 3138 2926 ut
3165 2873 3379 2942 Opinor,
3407 2872 3499 2943 qui
3546 2885 3661 2928 ncn

2085 2966 2260 3022 solum
2285 2979 2438 3031 voce,
2461 2963 2555 3020 sed
2585 2965 2804 3032 scriptis
2825 2964 2988 3019 etiam
3021 2965 3226 3033 aliquid
3258 2964 3519 3034 prodidit.
3545 2963 3658 3020 Nec

2084 3057 2218 3112 mihi
2257 3056 2510 3111 videntur
2547 3053 2716 3110 Varro
2745 3063 2799 3111 et
2843 3053 3182 3112 Jamblichus
3225 3057 3278 3111 in
3314 3055 3544 3112 historia
3571 3055 3659 3112 di-

2087 3152 2210 3205 vina
2236 3149 2640 3220 Scriptumque
2676 3150 3042 3219 explicatione
3063 3148 3367 3214 Eustathio,
3397 3148 3660 3234 Eusebio.

2081 3238 2337 3310 Josepho,
2369 3239 2598 3309 aliisque
2622 3240 3006 3308 anteponendi.

2151 3330 2269 3386 Col.
2303 3330 2424 3393 76l,
2447 3329 2546 3384 lin.
2570 3327 2660 3384 23.
2675 3332 2980 3396 Μαθόντες
2999 3327 3085 3384 δέ.
3105 3328 3179 3383 lla
3198 3345 3414 3399 semper
3437 3329 3654 3400 ingenui

2081 3423 2284 3492 quique
2314 3419 2443 3476 fassi
2470 3428 2621 3484 sunt,
2653 3421 2816 3476 etiam
2850 3438 2915 3475 ex
2962 3423 3093 3492 ipsis
3132 3420 3352 3475 Graecis.
3393 3417 3451 3474 In
3481 3434 3660 3490 prom-

2082 3523 2178 3584 ptu
2205 3521 2333 3567 sunt
2362 3527 2485 3582 quae
2515 3528 2676 3582 super
2699 3511 2802 3566 hoc
2824 3518 3146 3582 argumento
3177 3511 3538 3582 scripserunt,
3557 3507 3660 3564 Ta-

2081 3609 2285 3670 tianus,
2320 3604 2594 3670 Clemens,
2629 3605 2988 3676 Theophilus.
3020 3603 3290 3660 Eusebius
3321 3611 3373 3658 et
3395 3604 3506 3661 alii.
3538 3603 3658 3658 Dio-

2081 3697 2204 3766 geni
2263 3694 2499 3762 Laertio,
2544 3695 2640 3750 lib.
2676 3711 2716 3768 ι,
2766 3696 2912 3750 sicut
2954 3701 3010 3750 et
3062 3693 3186 3746 aliis
3217 3691 3518 3758 nonnullis,
3546 3704 3656 3746 non

2080 3789 2281 3858 placet.
2692 3773 2696 3776 ’

2151 3879 2311 3945 lbid.,
2347 3878 2442 3934 lin.
2479 3877 2570 3934 ‘24.
2607 3879 2737 3943 nec
2763 3875 3037 3946 Ἰσμαήλ.
3091 3873 3169 3929 Ex
3201 3888 3311 3944 quo
3352 3870 3655 3937 lsmaelite,

2079 3973 2172 4044 qui
2210 3981 2262 4026 et
2295 3973 2522 4035 Arabes,
2554 3969 2687 4023 dicti
2730 3968 2966 4039 Agarcni
2998 3967 3068 4022 ab
3107 3968 3250 4038 Agar
3300 3964 3532 4019 Abrahae
3557 3979 3659 4019 an-

2079 4065 2227 4126 cilla,
2271 4062 2414 4133 quod
2453 4077 2575 4116 cum
2609 4061 2831 4114 minime
2865 4057 3220 4114 honorificum
3249 4055 3538 4111 Mahumeti
3571 4054 3658 4110 vi-

2079 4157 2319 4220 deretur,
2379 4155 2652 4210 ordinavit
2685 4162 2745 4206 ut
2799 4150 3056 4206 Saraceni
3095 4148 3409 4203 dicerentur
3449 4161 3480 4199 a
3521 4143 3654 4200 Sara

2079 4249 2320 4318 legitima
2380 4246 2612 4300 Abrahae
2653 4259 2842 4305 uxore,
2883 4239 3093 4301 dicens,
3157 4237 3438 4293 lsmaelem
3465 4242 3656 4290 natum

2078 4358 2144 4398 ex
2171 4357 2256 4403 ea,
2293 4347 2346 4393 et
2379 4354 2486 4393 non
2513 4353 2578 4393 ex
2629 4335 2823 4390 ancilla
2849 4375 2865 4401 ,
2901 4332 3046 4403 quod
3075 4344 3267 4385 nomen
3312 4328 3418 4383 illis
3455 4326 3657 4382 mansit

2079 4433 2256 4502 quoad
2298 4430 2490 4485 Turcae
2538 4428 2590 4482 id
2625 4442 2732 4482 una
2766 4441 2889 4482 cum
2927 4426 3149 4480 natione
3180 4415 3654 4476 aholeverunt.lta

402 4510 513 4590 non
545 4535 720 4590 aliena
754 4540 933 4586 tamen
960 4531 1192 4593 ratione,
1219 4539 1272 4586 et
1293 4543 1480 4600 scopo,
1503 4529 1734 4600 prodidit
1769 4528 1979 4599 Moyses
2011 4543 2053 4598 ι)
2082 4525 2385 4590 Yilhelmus
2413 4521 2766 4577 Godeleva-us
2814 4519 2867 4572 in
2905 4514 3044 4570 Aula
3074 4512 3321 4596 urcica,
3349 4510 3445 4565 lib.
3483 4525 3571 4600 ut,
3600 4519 3656 4565 et

399 4625 470 4682 de
503 4624 790 4678 Pharaone
816 4621 1095 4694 (Egyptio,
1123 4637 1245 4692 qua:
1275 4631 1333 4674 ut
1369 4621 1704 4676 exsecutioni
1729 4621 1980 4674 manden-

402 4721 514 4784 lur,
563 4725 618 4772 et
650 4715 869 4785 longum
906 4723 1143 4784 tempus,
1189 4719 1242 4767 et
1301 4711 1543 4768 diutinus
1586 4729 1770 4768 moras
1804 4713 1981 4784 requi-

401 4819 550 4865 runt.
582 4807 840 4874 Quinimo
885 4821 1007 4861 cum
1043 4806 1248 4859 nullam
1281 4804 1390 4858 vim
1420 4820 1543 4859 esse
1581 4805 1784 4858 illatam
1832 4803 1980 4860 Sara!

399 4901 780 4960 concedimus,
818 4897 913 4952 sed
942 4897 1305 4961 matrimonio,
1335 4906 1395 4950 ut
1418 4897 1492 4949 ita
1523 4896 1724 4959 dicam,
1747 4912 1981 4966 occupa-

401 4999 532 5057 tam,
565 5003 791 5044 necesse
841 4994 926 5041 cst
981 4986 1162 5050 fateri,
1210 4996 1424 5056 tempus
1476 4986 1829 5056 interlapsum
1869 5003 1980 5043 non

401 5095 650 5150 parvum,
682 5079 808 5132 dum
841 5077 960 5146 ejus
1008 5085 1346 5148 spectatores
1400 5078 1513 5148 regi
1570 5079 1976 5143 renuntiarunt,

403 5171 532 5224 dum
576 5187 671 5225 rex
727 5171 1048 5224 accersitam
1089 5169 1157 5221 ad
1187 5184 1247 5223 se
1278 5168 1541 5234 intuetur,
1589 5175 1980 5238 comparatque

403 5275 527 5316 cum
567 5263 689 5318 aliis
727 5261 1049 5316 mulieribus
1091 5259 1300 5330 pr0prii
1347 5261 1523 5330 regni.
1564 5275 1664 5314 nec
1693 5275 1844 5315 more
1871 5260 1981 5314 bel-

404 5353 859 5423 luarutn,impetu
885 5353 1175 5423 furoreque
1209 5360 1391 5406 actum
1415 5355 1596 5406 statim
1627 5351 1974 5406 matrimonio

405 5444 508 5502 sibi
533 5445 802 5514 junxisse,
844 5444 940 5500 sed
971 5444 1256 5500 lenociniis
1278 5483 1293 5506 ,
1327 5444 1607 5498 blanditiis
1640 5443 1870 5514 aliisque
1901 5445 1979 5501 illi

403 5537 638 5594 suadere
657 5543 919 5600 tentasse,
944 5551 974 5590 a
998 5551 1103 5607 qua
1125 5536 1292 5590 veluti
1316 5535 1699 5590 honestissima
1726 5537 1978 5600 muliere,

403 5636 593 5698 utpar
620 5633 775 5689 erat,
812 5634 865 5681 et
908 5625 1108 5681 rationi
1147 5624 1458 5696 proximum
1506 5624 1743 5691 videtur,
1794 5631 1849 5680 et
1892 5640 1981 5681 re-

407 5723 622 5793 pulsam
652 5735 898 5791 passum,
939 5719 1118 5775 denuo
1154 5719 1346 5792 eadem
1380 5717 1574 5783 oﬁicia,
1628 5717 1828 5788 saapius
1880 5734 1984 5774 nec

412 5824 518 5884 una
557 5808 674 5863 vice
704 5813 912 5874 tantum
957 5806 1206 5875 iterasse.
1249 5805 1351 5865 Ubi
1384 5807 1529 5862 illam
1560 5808 1864 5862 audientem
1889 5805 1983 5862 im-

2079 4616 2373 4672 Africanus
2397 4632 2410 4670 :
2435 4609 2785 4684 Σαρακηνοὺς
2807 4608 2863 4661 δὲ
2885 4607 3079 4670 αὐτοὺς
3125 4602 3512 4676 μετωνόμασαν
3552 4599 3657 4653 ἀπε.

2079 4708 2353 4776 αξιοῠντες
2368 4705 2649 4774 καλεῖσθαι
2670 4702 2929 4766 δουλικῶς
2943 4695 3252 4770 Ἀγαρηνοί.
3273 4695 3337 4748 Ει
3359 4691 3653 4748 Eusebius:

2079 4799 2170 4871 Τῷ
2201 4795 2296 4862 πς⁹
2320 4797 2432 4850 ἔτει
2463 4793 2556 4856 τοῦ
2594 4793 2842 4866 Ἀϐραὰμ
2875 4791 3058 4844 ἔτεκεν
3092 4786 3239 4858 αὐτῷ
3268 4788 3443 4856 Ἅγαρ
3476 4785 3510 4854 ἡ
3532 4799 3658 4836 παι-

2079 4891 2238 4960 δίσκη
2261 4890 2352 4943 τὸν
2392 4887 2634 4959 Ἰσμαὴλ,
2664 4885 2756 4956 ἀφ’
2777 4878 2837 4938 οὗ
2864 4884 2922 4937 τὸ
2949 4883 3058 4936 τῶν
3091 4879 3442 4951 Ἰσμαηλιτῶν
3469 4876 3653 4946 γένος·

2079 4984 2127 5037 οἱ
2161 4981 2217 5034 δὲ
2251 4981 2404 5035 αὐτοὶ
2431 4976 2539 5032 εἷεν
2576 4975 2868 5048 Ἀγαρηνοῖ.
2905 4975 2954 5028 οἱ
2984 4975 3077 5028 καὶ
3120 4969 3425 5044 Σαρακηνοὶ
3464 4966 3659 5022 καλούφ

2083 5090 2252 5146 μενοι.
2294 5070 2451 5138 Quod
2495 5054 2703 5126 dictum
2741 5068 3031 5122 ridiculum
3082 5072 3187 5127 est,
3253 5060 3537 5116 manifeste
3567 5073 3658 5117 re—

2080 5163 2450 5236 pugnantibus
2476 5159 2651 5216 sacris
2680 5157 2922 5213 Litteris.
2953 5154 3080 5212 Non
3105 5171 3191 5210 me
3223 5153 3359 5222 fugit
3413 5150 3549 5205 alios
3588 5147 3660 5207 ad

2081 5259 2218 5312 alios
2257 5260 2510 5326 parentes
2560 5267 2625 5306 ac
2662 5260 2848 5322 patres
2882 5247 3188 5303 Turcarum
3221 5253 3431 5315 gentem
3477 5251 3659 5296 trans-

2081 5351 2315 5410 mittere,
2334 5361 2472 5416 quos
2502 5359 2634 5399 sane
2655 5360 2764 5399 non
2792 5339 3148 5412 improbabis,
3168 5337 3213 5392 si
3241 5334 3483 5407 gentium
3506 5347 3663 5388 ever.-

2083 5442 2286 5500 siones,
2312 5439 2551 5491 locorum
2576 5434 2926 5495 mutationes,
2954 5431 3344 5500 nominumque
3371 5426 3655 5482 confusio-

2082 5548 2179 5587 nes
2229 5528 2564 5584 consideres.
2626 5523 2980 5596 Smpcszepius
3051 5520 3270 5581 nobilis,
3332 5532 3432 5572 nec
3470 5523 3664 5576 conte-
3745 5518 3760 5531 ⁸

2083 5621 2316 5678 mnenda
2351 5620 2501 5674 natio
2549 5633 2580 5674 a
2637 5617 2730 5671 vili
2785 5617 2959 5682 bello,
3032 5612 3312 5682 armisque
3365 5617 3660 5682 superata.

2083 5714 2370 5778 exhausta,
2403 5728 2512 5766 non
2540 5719 2751 5765 tantum
2784 5723 2941 5778 opes.
2975 5713 3028 5762 et
3074 5707 3212 5765 loca.
3241 5703 3335 5761 sed
3366 5711 3422 5760 et
3457 5714 3658 5759 nomen

2087 5806 2291 5870 amisit,
2335 5804 2668 5876 victorisque
2714 5816 2914 5866 nomen
2956 5813 3222 5881 suscepti,
3254 5813 3328 5855 Ita
3359 5819 3411 5852 ιι.
3443 5792 3657 5870 ςιιιιεῑιο

3529 375 3664 431 ιοιδ
3741 409 3746 413 ~
