4124 6424
553 356 698 419 1019

1927 362 2174 423 LEONIS
2212 365 2484 425 ALLATII

3673 380 3812 441 1620

553 480 627 536 sit
654 493 845 534 eorum
884 485 1087 535 certam
1118 482 1386 553 originem
1441 487 1686 557 assequi,
1739 489 1891 544 nulla
1940 505 2131 546 eorum
2162 497 2204 552 Α
2235 493 2424 561 ipsius,
2459 502 2511 548 et
2553 483 2789 564 ﬁliarum
2815 495 2954 565 ejus,
2993 507 3043 549 et
3074 511 3289 550 martum
3329 512 3486 568 egeno
3509 508 3558 552 et
3592 508 3811 571 pauperi

554 570 813 626 memoria
849 573 1166 641 superstite.
1205 572 1347 629 Sunt
1379 575 1497 632 hac
1525 579 1677 636 vices
1709 587 2035 652 temporum,
2061 582 2139 637 lu-

551 663 766 731 dusque
794 654 1028 721 naturai.
1078 664 1313 732 Quidam
1344 669 1733 727 existimarunt
1764 670 2068 730 Saracenos
2106 691 2136 730 a

553 750 757 806 Saraca
784 753 920 808 urbe
949 752 1187 820 Arabiae,
1217 773 1344 813 nam
1376 768 1432 814 et
1465 761 1519 816 in
1560 761 1752 827 Ponto,
1786 773 1840 820 et
1869 766 1924 820 in
1963 765 2136 822 Media

554 842 706 899 urbis
738 844 841 899 hoc
869 846 1089 900 nomine
1116 848 1256 903 tradi
1288 850 1559 919 reperitur
1599 855 1901 924 appellatos
1938 855 2133 926 fuisse;

553 935 637 988 vel
671 935 741 988 ab
769 936 907 991 urbe
941 936 1127 1001 Sarra,
1152 947 1211 993 ut
1240 939 1563 1013 Euthymius
1590 944 1930 1017 Zygabenus.
1959 934 2135 1016 Quam

553 1022 691 1080 bene
718 1030 934 1097 sapiant
960 1037 1238 1085 auctorem
1280 1035 1458 1103 gentis
1504 1050 1618 1091 suae
1671 1038 1869 1094 docent
1902 1041 2138 1098 Ammia-

553 1130 681 1180 nus,
713 1116 808 1172 lib.
845 1134 920 1186 tv,
953 1128 1007 1174 et
1043 1119 1104 1173 ι).
1131 1120 1498 1195 Hieronymus
1553 1126 1609 1181 in
1645 1127 1766 1181 Vita
1787 1133 1961 1185 sancti
1992 1132 2136 1188 Hal-

551 1212 656 1267 ehi.
685 1210 801 1268 Etsi
856 1223 1037 1270 autem
1086 1225 1351 1286 putantur
1408 1218 1665 1277 Saraceni
1729 1228 1950 1297 proprie
2001 1228 2132 1285 dicti

550 1304 763 1361 Arabes
796 1307 832 1360 ii
872 1309 966 1376 qui
995 1311 1273 1365 veteribus
1323 1310 1558 1369 Scenitas
1596 1314 1769 1380 fuere,
1805 1326 1985 1375 tamen
2018 1321 2134 1377 uni-

552 1412 743 1453 versos
771 1398 978 1456 Arabas
1011 1416 1133 1457 csse
1174 1401 1482 1461 Saracenos
1530 1409 1841 1467 nominatos
1893 1425 2128 1472 constat.

554 1483 621 1541 Et
658 1493 875 1546 tandem
913 1491 968 1546 in
992 1490 1200 1550 Turcas
1242 1497 1629 1566 degenerasse.
1665 1500 1741 1557 De
1770 1518 2002 1572 quorum
2028 1509 2134 1562 ori-

550 1578 678 1650 gine
724 1578 965 1638 Joannes
1024 1581 1396 1643 Leunclavius
1458 1587 1717 1646 Historia:
1776 1591 2132 1652 Musulmaua:

551 1670 646 1727 lib.
681 1689 742 1739 ιι,
782 1673 1066 1745 Philippus
1113 1675 1471 1747 llanivaldus,
1522 1680 1839 1742 Joachimus
1871 1687 2121 1746 Camera-

549 1761 668 1818 rius
695 1774 749 1818 et
772 1764 884 1818 alii.

2239 599 2341 637 non
2366 585 2797 656 porrigebant:et
2815 587 3030 642 elevatae
3046 598 3189 647 sunt.
3214 598 3265 643 et
3274 588 3507 658 fecerunt
3530 591 3811 649 abomina-

2238 670 2403 729 tiones
2448 692 2628 732 coram
2665 695 2767 745 me,
2798 688 2848 733 et
2895 679 3094 734 abstuli
3138 696 3228 735 eas
3268 682 3405 735 sicut
3442 682 3641 739 uidisti.
3674 682 3810 741 Vide

2236 783 2400 838 super
2442 768 2586 825 hunc
2617 771 2796 825 locum
2826 769 3132 826 Comment.
3166 770 3501 843 Hieronymi.
3534 772 3809 831 Gravissi-

2235 877 2382 916 mum
2436 871 2616 918 aulem
2654 872 2938 934 peccatum
3000 863 3123 929 fuit,
3156 865 3301 935 quod
3334 866 3404 922 ab
3435 866 3573 937 ipsis
3607 882 3806 923 nomen

2235 955 2422 1019 traxit,
2471 963 2525 1009 et
2579 970 2703 1010 cum
2770 973 2837 1012 eo
2894 958 3213 1013 idololatriae
3262 957 3809 1029 peccatumJudicet

2234 1047 2396 1101 modo
2430 1047 2622 1114 lector,
2664 1064 2827 1120 quam
2891 1066 3030 1105 vana
3083 1052 3227 1117 sint,
3266 1058 3322 1105 et
3374 1052 3582 1116 inania,
3612 1067 3735 1122 qua:
3774 1069 3807 1107 a

2232 1139 2560 1207 quibusdam
2610 1141 2679 1195 de
2728 1141 2831 1196 hoc
2876 1150 3104 1212 peccato
3138 1142 3451 1208 traduntur,
3482 1145 3612 1199 dum
3656 1145 3809 1201 illius

2231 1229 2494 1298 originem
2550 1229 2617 1285 ad
2666 1232 3037 1289 nobilissimas
3076 1235 3326 1289 nationes
3351 1235 3627 1305 rejiciunt,
3680 1251 3807 1291 cum

2231 1326 2476 1390 tempore
2502 1322 2734 1378 Abrahm
2761 1323 2818 1379 in
2847 1321 3258 1394 Pentapolitana
3287 1326 3377 1380 illa
3407 1326 3629 1397 regione
3661 1329 3807 1397 apud

2231 1411 2430 1482 impios
2460 1413 2583 1469 illos
2612 1413 2862 1471 homines
2894 1426 3268 1486 grassaretur;
3293 1430 3417 1471 cum
3450 1431 3553 1472 nec
3578 1431 3807 1473 accusa-

2231 1510 2410 1558 tarum
2462 1504 2743 1574 regionum
2799 1506 3062 1562 memoria
3120 1509 3227 1562 ulla
3280 1508 3458 1563 adhuc
3503 1516 3745 1564 exstaret
3789 1528 3806 1563 :

2229 1595 2412 1650 omnia
2439 1582 2595 1650 enim
2626 1596 2843 1652 illarum
2877 1600 3117 1670 gentium
3145 1600 3307 1655 etiam
3342 1599 3591 1657 fabulosa
3632 1598 3812 1656 Sodo-

2228 1685 2419 1741 mitico
2444 1687 2539 1742 illo
2566 1687 2691 1758 igne
2736 1690 3062 1759 posteriora.
3093 1689 3209 1746 Etsi
3249 1705 3439 1746 verum
3473 1690 3631 1746 fateri
3678 1693 3810 1747 licet

2229 1779 2392 1834 etiam
2432 1788 2560 1835 ante
2585 1780 2850 1836 diluvium
2883 1783 3064 1839 scelus
3098 1781 3230 1836 illud
3266 1798 3376 1836 non
3409 1783 3588 1838 solum
3621 1784 3677 1838 in
3710 1783 3813 1839 ho-

617 1851 735 1909 Col.
756 1855 881 1922 761,
913 1856 1010 1911 lin.
1033 1857 1124 1912 29.
1149 1859 1318 1927 Ἧτις
1340 1863 1616 1930 οὐρανίῳ.
1650 1864 1920 1925 Eusebius
1948 1870 2122 1941 prima
2156 1847 2197 1902 Β
2236 1872 2432 1939 mines,
2472 1872 2568 1928 sed
2607 1866 2770 1928 etiam
2819 1874 2877 1929 in
2922 1876 3079 1929 bruta
3112 1875 3165 1928 in
3197 1892 3299 1931 usu
3332 1875 3505 1932 fuisse
3556 1876 3812 1933 scribunt

548 1954 703 2018 parte
731 1946 1017 2004 Chronici:
1043 1951 1162 2023 Πῦρ
1186 1954 1327 2008 κατὰ
1358 1954 1459 2025 τῆς
1503 1957 1895 2027 Πενταπόλεως
1931 1964 2131 2028 ὐετίζει

546 2038 698 2102 Θεός.
724 2040 832 2095 Καὶ
860 2040 1141 2096 ἀναλίσκει
1169 2045 1268 2116 μὲν
1301 2045 1359 2112 ἐξ
1387 2047 1559 2117 αὐτῆς
1581 2047 1726 2103 ἅπαν
1756 2051 1816 2104 τὸ
1839 2052 1994 2122 γένος
2022 2054 2131 2109 τῶν

546 2131 871 2204 ἀνθρώπων.
911 2133 1213 2207 διαφθείρει
1255 2138 1315 2190 δὲ
1354 2137 1446 2192 καὶ
1471 2140 1604 2193 αὐτὸ
1629 2142 1689 2195 τὸ
1717 2143 2004 2216 ἀνάστημα
2032 2148 2130 2219 τῆς

544 2225 651 2295 γῆς
691 2225 783 2278 καὶ
831 2227 930 2296 τῆς
976 2229 1345 2301 προκειμένης
1393 2231 1672 2303 θαλάσσης
1723 2238 2012 2309 νεκροῦται
2060 2242 2130 2297 τὰ

547 2311 1070 2386 ὕδατα,·ιοεθριιιιε,
1110 2319 1289 2378 Antia.
1327 2320 1422 2375 lib.
1451 2337 1489 2385 t,
1529 2339 1648 2394 cap.
1686 2326 1753 2382 10
1784 2337 1838 2383 et
1869 2330 1957 2394 i2,
1986 2330 2128 2387 Soli-

544 2417 672 2467 nus,
708 2418 830 2474 cap.
859 2406 968 2461 58:
1007 2406 1185 2479 Longo
1221 2410 1286 2464 ab
1317 2410 1695 2485 Hierosolymis
1730 2434 1933 2476 recessu
1958 2425 2125 2479 tristis

543 2494 695 2548 sinus
718 2497 1003 2564 panditur;
1025 2515 1175 2568 quem
1201 2501 1263 2554 de
1299 2502 1427 2556 coelo
1447 2512 1665 2567 tactum,
1691 2516 1915 2563 testatur
1934 2514 2125 2569 humus

542 2583 720 2653 nigra,
737 2595 786 2638 et
804 2587 858 2640 in
879 2588 1101 2643 cinerem
1117 2590 1312 2647 soluta.
1340 2592 1585 2659 Tacitus.
1610 2597 1755 2654 Hist.
1773 2602 1865 2655 lib.
1887 2620 1938 2658 v:
1964 2605 2124 2660 Haud

541 2671 729 2741 procul
756 2676 876 2730 inde
909 2680 1102 2749 campi,
1125 2697 1255 2751 quos
1283 2682 1460 2752 ferunt
1498 2688 1625 2740 olim
1654 2689 1856 2754 uberes.
1891 2700 2124 2766 magnis-

538 2783 641 2838 que
659 2768 878 2824 urbibus
896 2770 1163 2827 habitatos
1187 2773 1466 2842 fulminum
1476 2777 1632 2847 jactu
1658 2783 1875 2839 arsisse.
1903 2786 2118 2855 Strabo,

540 2859 636 2915 lib.
676 2876 790 2927 xvn,
819 2862 1132 2919 incendium
1166 2865 1299 2921 illud
1356 2884 1465 2924 non
1505 2888 1536 2927 e
1579 2876 1741 2942 omlo,
1783 2879 1878 2934 sed
1907 2897 1939 2937 e
1976 2891 2120 2941 terra

539 2956 870 3020 er'uctatum,
909 2963 1072 3026 atque
1122 2957 1431 3016 exhalatum
1465 2964 1762 3033 existimat,
1810 2984 1934 3025 cum
1968 2976 2118 3046 regio

539 3044 636 3099 illa
693 3044 851 3117 ignea
901 3048 994 3114 sit,
1024 3064 1262 3122 namque
1316 3052 1372 3108 in
1405 3070 1489 3122 ea,
1518 3066 1574 3113 et
1612 3067 1779 3130 petra:
1818 3044 2117 3125 cernuntur

539 3136 768 3244 adustae,
889 3149 1034 3196 terra
1079 3144 1439 3213 cinerulenta,
1476 3156 1531 3205 et
1579 3167 1711 3207 saxa
1742 3159 1899 3226 quasi
1936 3170 2116 3230 guttas
2145 3187 2187 3247 ο

538 3232 679 3302 picis
736 3234 1020 3300 stillantia,
1055 3251 1120 3293 ac
1169 3238 1389 3297 demum
1439 3244 1632 3313 ingens
1663 3245 1987 3309 ferventium
2055 3271 2121 3315 ac

537 3323 910 3381 sulfurearum
944 3342 1209 3399 aquarum
1249 3333 1429 3404 copia.
1458 3336 1640 3403 Quare
1667 3342 1928 3401 credibile
1965 3346 2056 3412 sit,
2090 3365 2122 3405 e

533 3420 684 3470 terra
711 3416 863 3472 illum
895 3419 1073 3489 ignem
1107 3437 1395 3481 emanasse
1426 3433 1586 3483 terra:
1615 3439 1765 3487 motu
1796 3442 1941 3490 terra
1970 3446 2124 3507 pate-

510 3507 705 3565 iacta.
735 3509 843 3564 Τοῦ
870 3512 928 3565 δὲ
959 3512 1203 3587 ἔμπυρον
1235 3517 1334 3589 τὴν
1364 3518 1549 3591 χώραν
1578 3517 1719 3579 εἶναι
1757 3525 1825 3580 τὰ
1865 3527 2002 3583 ἄλλα
2033 3548 2123 3586 τε-

528 3600 748 3673 κμήρια
776 3602 999 3675 φέρουσι
1023 3606 1212 3661 πολλά·
1250 3610 1346 3662 καὶ
1376 3610 1485 3684 γὰρ
1516 3612 1723 3687 πέτρας
1751 3617 1904 3683 τινὰς
1936 3623 2122 3677 ἐπικε-

532 3694 813 3764 καυμένας
870 3695 1171 3753 δεικνύουσι
1224 3704 1485 3773 τραχείας
1530 3708 1656 3778 περὶ
1702 3711 1996 3779 Μοασάδα,
2026 3716 2121 3770 καὶ

535 3787 822 3858 σήραγγας
851 3788 1140 3860 πολλαχοῦ,
1183 3795 1278 3847 καὶ
1310 3799 1414 3866 γῆν
1451 3800 1726 3873 τεφρώδη,
1759 3804 2028 3873 σταγόνας
2059 3824 2119 3862 τε

532 3874 739 3948 πίσσης
771 3880 836 3932 ὲκ
873 3879 1137 3935 λισσὰδων
1176 3882 1517 3957 λειϐομένας,
1557 3890 1652 3943 καὶ
1680 3891 1939 3960 δυσώδεις
1987 3898 2120 3970 πόρο

537 3968 712 4062 ρωθεν
765 3974 1041 4042 ποταμοὺς
1087 3974 1328 4043 ζέοντας,
1365 3981 1648 4045 κατοικίας
1685 3984 1741 4038 δὲ
1772 3968 2117 4062 ἀνατετραμ-

536 4061 706 4131 μένας
738 4064 1034 4136 σποράδην,
1066 4065 1208 4121 ὥστε
1253 4071 1528 4126 πιστεύειν
1557 4078 1669 4138 τοῖς
1703 4061 2119 4152 θρυλλουμένοις

531 4153 641 4243 duo
680 4153 788 4208 τῶν
818 4157 1121 4228 ἐγχωρίων,
1159 4159 1235 4224 ὡς
1264 4162 1370 4233 ἄρα
1404 4163 1646 4236 ᾠκοῦντό
1675 4184 1804 4222 ποτε
1863 4173 2117 4243 τρισκαί-

528 4242 664 4299 δεκα
701 4246 883 4310 πόλεις
919 4248 1171 4315 ἐνταῦθα,
1198 4245 1272 4305 ὧν
1309 4253 1407 4325 τῆς
1450 4257 1837 4326 μητροπόλεως
1870 4242 2118 4334 Σοδόμων

534 4334 761 4400 σώζοιτο
784 4340 981 4405 κύκλος
1006 4342 1272 4416 ἑξήκοντά
1302 4364 1405 4399 που
1443 4349 1694 4413 σταδίων,
1729 4352 1835 4405 ὑπὸ
1876 4354 2116 4425 σεισμῶν

530 4428 625 4482 καὶ
644 4428 1081 4501 ἅναφυσημάτων
1106 4435 1274 4507 πυρὸς
1322 4437 1414 4489 καὶ
1439 4436 1659 4508 θερμῶν
1685 4440 1891 4493 ὑδάτων
1912 4442 2118 4511 ἀσφαλ-

2234 1969 2509 2027 auctores,
2561 1978 2700 2033 quos
2747 1964 2999 2033 superius
3044 1965 3392 2031 adduximus,
3424 1980 3547 2019 cum
3579 1974 3810 2036 peccata

2231 2054 2303 2107 ob
2333 2069 2454 2124 qua:
2481 2061 2629 2110 totus
2657 2063 2927 2112 terrarum
2957 2056 3106 2113 orbis
3134 2071 3400 2127 aquarum
3428 2057 3610 2113 illuvie
3640 2057 3813 2113 obru-

2229 2150 2320 2200 tus
2364 2145 2525 2202 fuerit
2567 2161 3141 2204 commemoraremus.
3178 2147 3477 2204 Barbarum
3522 2164 3652 2221 ergo
3710 2165 3813 2206 ne-

2231 2234 2563 2308 l‘audumque
2596 2238 2698 2292 hoc
2728 2237 2944 2295 facinus
2966 2254 2997 2293 a
3027 2239 3278 2294 barbaris
3310 2239 3488 2310 primo
3522 2240 3808 2296 inventum

2229 2326 2284 2382 in
2334 2328 2471 2384 alias
2509 2329 2760 2386 nationes
2800 2329 3058 2386 din‘usum
3095 2330 3324 2386 historia
3368 2345 3525 2388 sacra
3574 2331 3812 2388 manife-

2227 2426 2370 2475 stum
2405 2428 2510 2475 est.
2543 2419 2706 2488 Quid,
2733 2423 2965 2494 maligne
2995 2424 3400 2488 morsiculator,
3428 2424 3662 2497 indignis
3690 2426 3809 2480 cri-

2225 2512 2620 2569 minationibus
2671 2515 3044 2571 nobilissimas
3087 2530 3152 2569 ac
3180 2515 3503 2574 innocentes
3555 2520 3808 2577 nationes

2225 2598 2391 2654 livido
2416 2615 2511 2656 ore
2543 2603 2843 2657 mordenda
2870 2604 3134 2660 lacessis?

2293 2690 2454 2756 lbid.,
2485 2693 2585 2748 lin.
2621 2694 2711 2749 51.
2751 2696 2924 2749 Ἐστι
2953 2695 3064 2767 γὰρ
3103 2696 3267 2752 ἰδεῖν.
3314 2697 3656 2769 Epitomator
3684 2699 3808 2758 Ste—

2221 2783 2390 2853 phani
2434 2785 2501 2840 de
2550 2786 2781 2842 urbibus
2812 2798 2906 2843 eas
2951 2788 3139 2844 decem
3175 2788 3348 2846 fuisse
3378 2792 3477 2857 ait,
3502 2808 3809 2865 earumque

2221 2884 2387 2946 caput
2441 2874 2614 2931 fuisse
2666 2875 2979 2931 Sodomam.
3044 2876 3241 2934 Strabo
3300 2890 3411 2937 tres
3452 2882 3588 2937 alias
3626 2883 3803 2949 addit,

2217 2975 2273 3021 et
2336 2965 2542 3020 fallitur
2608 2967 2665 3020 in
2723 2966 2963 3026 duobus.
2993 2968 3172 3038 primo
3229 2970 3283 3024 in
3318 2986 3547 3026 numero
3576 2987 3803 3041 earum;

2217 3057 2481 3123 secundo,
2525 3056 2816 3113 Sodomam
2882 3060 2949 3115 ad
3026 3061 3232 3130 aliquot
3309 3062 3485 3117 stadia
3536 3064 3805 3134 integram

2218 3151 2489 3206 mansisse
2547 3169 2562 3205 :
2613 3158 2906 3220 utrumque
2961 3152 3106 3207 enim
3155 3168 3323 3208 sacras
3365 3151 3661 3221 Scriptum
3707 3168 3801 3209 re-

2223 3247 2446 3308 pugnat.
2501 3238 2609 3293 Alii
2665 3247 2904 3309 quatuor
2951 3240 3120 3297 fuisse
3175 3242 3419 3307 tradunt,
3482 3240 3805 3309 Sodomam,

2222 3326 2606 3392 Gomorrham,
2661 3329 2949 3392 Adomam,
3002 3337 3057 3385 et
3108 3328 3350 3396 Seboim,
3383 3332 3628 3401 quintam
3668 3347 3806 3388 vero

2222 3421 2444 3477 nomine
2485 3419 2671 3476 Balam
2721 3420 3062 3477 destructum
3112 3422 3307 3489 fuisse,
3334 3424 3442 3478 nisi
3472 3422 3614 3478 Deus
3650 3423 3802 3478 illam

2220 3514 2480 3585 precibus
2509 3513 2612 3569 Lot
2641 3514 2941 3569 immunem
2977 3522 3275 3570 servasset.
3336 3514 3605 3585 Josephus
3635 3514 3729 3569 lib.
3785 3531 3803 3569 ι

2222 3609 2506 3678 Autiquit.,
2530 3608 2663 3664 licet
2703 3608 3043 3664 contrarium
3088 3617 3301 3664 astruat
3338 3610 3433 3664 lib.
3466 3626 3500 3664 v
3549 3609 3629 3664 De
3662 3608 3805 3667 bello

2219 3698 2449 3755 Iudaico
2483 3715 2605 3771 cap.
2643 3701 2700 3767 5,
2736 3709 2790 3757 et
2834 3700 3194 3775 Hieronymus
3227 3703 3302 3758 De
3332 3703 3461 3759 locis
3499 3702 3799 3760 Hebraicis.

2220 3790 2353 3847 Eam
2382 3808 2513 3849 vero
2545 3792 2923 3849 Theodoretus
2948 3805 3143 3862 quaest.
3174 3796 3243 3850 69
3295 3797 3349 3849 in
3378 3794 3560 3849 Geues.
3588 3806 3642 3850 et
3668 3794 3804 3851 Sui-

2218 3886 2319 3941 das
2351 3900 2484 3941 voce
2542 3884 2662 3950 Lot,
2709 3894 2835 3957 post
2881 3901 3162 3957 egressum
3218 3887 3318 3941 Lot
3355 3887 3525 3943 fuisse
3580 3888 3803 3944 destru-

2218 3987 2363 4034 ctam
2423 3980 2695 4044 scribunt,
2738 3987 2795 4034 et
2829 3994 3022 4035 omnes
3076 3980 3415 4035 habitatores
3449 3990 3608 4037 terra:
3641 3981 3798 4036 hiatu

2219 4074 2532 4144 absorptos.
2563 4073 2745 4140 Quare
2775 4089 2881 4128 non
2915 4073 3112 4126 mirum
3148 4073 3218 4128 ab
3249 4073 3534 4130 Eustathio
3554 4074 3801 4145 quinque

2218 4166 2500 4221 civitatum
2530 4165 3106 4220 commemorationem
3138 4165 3275 4219 ﬁeri.

2289 4257 2463 4322 lbid.,
2497 4258 2595 4311 lin.
2629 4257 2718 4310 '52.
2772 4257 2878 4310 Ἐν
2936 4252 3028 4322 αἷς
3069 4255 3430 4320 βλαστάνει.
3476 4257 3794 4312 Incendium

2220 4349 2350 4403 illud
2380 4349 2542 4404 etiam
2580 4349 2635 4402 in
2668 4348 2865 4401 herbas
2899 4346 3223 4416 plantasque
3253 4348 3475 4403 szevisse
3498 4388 3511 4410 ,
3554 4356 3610 4403 et
3653 4348 3798 4402 miro

2174 4474 2182 4481 -
2218 4442 2339 4495 illas
2368 4441 2673 4495 sterilitatis
2707 4439 2869 4493 modo
2903 4439 3182 4502 aillixisse,
3215 4440 3480 4495 habemus
3519 4457 3587 4496 ex
3620 4442 3793 4497 variis

528 4517 715 4572 τωδῶν
752 4537 811 4573 τε
844 4523 938 4576 καὶ
959 4522 1192 4578 θειωδῶν
1221 4525 1435 4598 ήλίμνη
1469 4529 1753 4597 προπέσοι,
1785 4532 1879 4584 καὶ
1920 4534 2115 4605 πέτραι

2221 4532 2557 4587 auctoribus.
2588 4531 2858 4601 Josephus
2895 4532 2972 4585 De
3006 4532 3139 4586 bello
3169 4532 3406 4586 Iudaico
3458 4533 3553 4588 lib.
3586 4549 3640 4597 v,
3667 4548 3793 4604 cap.

530 4611 857 4684 πυρίληπτοι
873 4617 1130 4684 γένοιντο,
1149 4620 1212 4671 αῖ
1231 4636 1289 4671 τε
1311 4620 1494 4684 πόλεις
1519 4623 1573 4674 αἱ
1609 4623 1705 4692 μὲν
1727 4626 2106 4693 καταποθεῖεν,

529 4702 598 4771 ᾗς
625 4704 670 4758 δ’
702 4706 1006 4761 ἐκλείποιεν
1035 4710 1086 4761 οἱ
1109 4709 1395 4779 δυνάμενοι
1418 4715 1627 4780 φυγεῖν.
1646 4712 2022 4772 Eratosthenis
2045 4722 2111 4776 de

530 4793 638 4851 hoc
664 4798 854 4853 eodem
884 4800 1155 4854 diversam
1191 4801 1501 4869 opinionem
1530 4803 1652 4859 vide
1671 4806 1813 4876 apud
1836 4811 2107 4868 eumdem.

596 4888 758 4953 lbid.,
785 4890 883 4944 lin.
912 4892 1002 4946 50.
1025 4893 1104 4944 Δι’
1128 4893 1395 4961 ἄδεσμον
1419 4896 1671 4963 παράνο.
1700 4898 2107 4958 Sodomitarum

528 4990 755 5053 peccata
801 4997 914 5036 non
969 4997 1137 5037 unum
1192 4992 1403 5038 tantum
1452 4987 1642 5053 fuisse,
1702 4992 1797 5046 sed
1851 4993 2108 5062 plurima,

525 5089 703 5145 eaque
759 5075 1104 5146 gravissima,
1140 5077 1308 5132 refert
1341 5075 1616 5151 Iosephus
1662 5083 1761 5139 lib.
1813 5100 1830 5139 ι
1880 5085 2108 5157 Autiq.:

537 5165 677 5221 ’Υπὺ
706 5167 769 5239 δὴ
796 5166 986 5221 τοῦτον
1010 5167 1105 5222 τὸν
1132 5170 1323 5242 καιρὸν
1356 5174 1405 5225 οἱ
1434 5173 1744 5245 Σοδομῖται,
1771 5177 1983 5250 πλούτῳ
2015 5181 2111 5234 καὶ

529 5257 752 5330 μεγέθει
803 5260 1101 5331 χρημάτων
1152 5262 1636 5335 ὑπερφρονοῦντες,
1668 5266 1750 5331 εῖς
1792 5283 1851 5323 τε
1894 5269 2108 5343 ἀνθρὼ-

528 5365 663 5413 πους
716 5345 858 5421 ἦσαν
907 5352 1181 5424 ὑϐρισταὶ,
1206 5354 1299 5407 καὶ⁸
1330 5355 1466 5427 πρὸς
1501 5355 1562 5410 τὸ
1585 5357 1740 5413 Θεῖον
1766 5359 2003 5428 ἀσεϐεῖς,
2033 5363 2105 5428 ὡς

528 5441 727 5511 μηκέτι
773 5445 1077 5515 μεμνῆσθαι
1106 5443 1215 5497 τῶν
1247 5447 1375 5519 παρ’
1410 5446 1577 5500 αὐτοῦ
1613 5451 1918 5522 γενομένων
1967 5454 2109 5523 ὠφε-

524 5529 708 5595 λειῶν,
758 5528 899 5588 εἶναι
936 5535 1227 5606 μισόξενοι,
1258 5537 1354 5590 καὶ
1388 5537 1488 5601 τὰς
1521 5538 1660 5610 πρὸς
1696 5540 1955 5614 ἀλλήλους
1985 5543 2108 5614 ὀμι-

524 5623 645 5689 λῑας
681 5626 1153 5698 ὲκτρέπεσθαι.Ει
1204 5629 1347 5684 Deus
1385 5629 1528 5698 apud
1576 5630 1933 5695 Ezechielem,
1984 5648 2106 5705 cap.

528 5720 619 5770 s-vi
651 5737 663 5772 :
698 5717 853 5784 Ecce,
897 5721 1100 5792 inquit,
1147 5720 1256 5776 harc
1284 5722 1387 5792 fuit
1418 5723 1672 5795 iniquitas
1704 5725 1969 5793 Sodomae,
2016 5746 2108 5783 su-

529 5811 731 5886 perbia,
788 5813 1044 5869 saturitas
1095 5812 1268 5882 panis,
1323 5821 1374 5868 et
1422 5815 1789 5887 abundantia,
1831 5828 1882 5873 et
1942 5820 2107 5876 otium

2214 4624 2267 4678 5:
2296 4624 2508 4694 Γειτνιᾷ
2539 4622 2595 4675 δὲ
2626 4625 2659 4693 ἡ
2694 4623 2970 4695 Σοδομῖτις
2997 4625 3157 4696 αὐτῇ,
3188 4625 3352 4678 πάλαι
3394 4624 3492 4696 μὲν
3520 4626 3796 4697 εὐδαίμων

2210 4714 2283 4786 γῆ
2314 4716 2540 4784 καρπῶν
2563 4733 2624 4769 τε
2656 4717 2819 4769 ἕνεκα
2847 4717 2940 4769 καὶ
2974 4717 3074 4787 τῆς
3099 4718 3226 4788 περὶ
3259 4717 3413 4771 πόλιν
3448 4719 3792 4787 περιουσίας,

2212 4810 2305 4862 νῦν
2336 4810 2391 4862 δὲ
2438 4810 2747 4881 κεκαυμένη
2790 4812 2958 4864 πᾶσα.
3003 4810 3139 4863 Φασὶ
3179 4809 3267 4874 δὲ,
3307 4810 3383 4874 ὡς
3426 4810 3494 4863 δι’
3535 4810 3793 4867 ἀσέὁειαν

2210 4899 2512 4972 οἰκητόρων
2549 4903 2832 4972 κεραυνοῖς
2871 4901 3299 4971 καταφλεγῆναι.
3335 4901 3491 4954 Ἔστι
3536 4899 3669 4969 γοῦν
3711 4901 3794 4954 ἔτι

2211 4993 2438 5064 λείψανα
2460 4992 2554 5046 τοῦ
2580 4993 2725 5046 θείου
2758 4993 2930 5063 πυρὸς
2949 5032 2963 5057 ,
2996 4994 3088 5047 καὶ
3111 4993 3270 5045 πέντε
3302 4993 3399 5062 μὲν
3428 4994 3636 5047 πόλεων
3662 4992 3792 5048 ἰδεῖν

2213 5084 2393 5149 σκιὰς,
2429 5083 2540 5136 ἔστι
2570 5083 2625 5136 δὲ
2665 5085 2766 5136 κὰν
2798 5087 2908 5146 τοῖς
2943 5088 3176 5154 καρποῖς
3221 5083 3443 5138 σποδιὰν
3481 5085 3790 5151 ἀναγεννω-

2214 5177 2402 5249 μένην,
2434 5175 2484 5230 οἳ
2516 5176 2686 5248 χρόαν
2734 5176 2832 5247 μὲν
2864 5175 3047 5247 ἔχουσι
3092 5180 3205 5241 τοῖς
3251 5177 3531 5246 ὲδωδίμοις
3572 5178 3787 5249 ὁμοίαν,

2209 5270 2563 5343 δρεψαμένων
2607 5269 2664 5323 δὲ
2714 5269 2901 5340 χερσὶν
2953 5271 3032 5332 εἰς
3071 5269 3277 5323 καπνὸν
3332 5268 3637 5323 διαλύονται
3696 5272 3791 5325 καὶ

2208 5361 2438 5432 τέφραν.
2469 5359 2694 5416 Tacitus
2718 5402 2734 5427 ,
2779 5358 2985 5414 Histor.
3019 5359 3113 5414 lib.
3143 5375 3208 5413 v:
3251 5358 3411 5412 Haud
3454 5361 3639 5441 procul
3669 5360 3790 5416 inde

2209 5452 2412 5520 campi,
2449 5468 2577 5522 quos
2602 5451 2777 5520 ferunt
2809 5451 2935 5505 olim
2962 5449 3143 5504 uberes
3167 5492 3181 5517 ,
3230 5451 3536 5521 magnisque
3565 5452 3786 5507 urbibus

2209 5544 2494 5608 habitatos,
2513 5544 2801 5613 fulminum
2816 5544 2968 5613 jactu
2991 5544 3210 5607 arsisse,
3240 5553 3516 5599 etmanere
3541 5548 3781 5617 uestigia,

2211 5646 2503 5702 terramque
2524 5636 2687 5705 specie
2709 5636 2965 5690 torridam
2989 5636 3090 5690 vim
3121 5635 3434 5706 frugiferam
3470 5636 3780 5706 perdidisse.

2212 5726 2355 5783 Nam
2384 5738 2574 5783 cuncta
2600 5738 2779 5797 sponte
2803 5728 2968 5794 edita,
3004 5736 3100 5782 aut
3128 5745 3288 5782 manu
3313 5738 3455 5797 suta,
3487 5730 3594 5785 sive
3623 5729 3781 5785 herba

2213 5830 2381 5890 tenus,
2423 5830 2514 5876 aut
2555 5822 2715 5892 ﬂare,
2759 5837 2849 5876 seu
2898 5820 3109 5877 solitam
3142 5823 3197 5877 iu
3233 5821 3454 5892 speciem
3488 5820 3775 5881 adolevere.
