4124 6442
411 369 538 428 1021

1494 364 1563 420 lN
1603 363 1971 421 EliSTATHll
2013 364 2482 422 llEXAEMERON
2507 366 2735 424 NOTAE.

3515 367 3654 426 ΙΟΒ

409 495 529 541 atra
574 494 625 540 et
653 486 838 539 inania
865 485 1000 541 velut
1031 484 1085 539 in
1109 485 1330 539 cinerem
1358 492 1660 539 vanescunt.
1702 482 1811 555 Ego
1841 485 1978 537 sicut
2008 494 2049 545 Λ
2078 456 2321 542 defuisse
2352 484 2610 545 Straboni
2637 496 2888 549 auctores
2908 528 2923 550 ,
2959 503 3099 558 quos
3131 486 3186 542 in
3233 486 3337 542 hac
3381 494 3534 559 parte
3564 505 3652 543 se-

409 574 664 630 ludaicas
699 575 963 646 quondam
994 574 1146 635 urbes
1188 577 1303 648 igne
1341 576 1538 631 στιβειὶ
1568 574 1828 645 ﬂagrasse
1854 591 1976 629 con-

407 669 686 733 cesserim,
720 669 798 723 ita
836 668 1005 723 halitu
1049 669 1194 722 lacus
1249 668 1395 738 inﬁci
1437 678 1670 734 terram,
1712 667 1977 737 corrumpi

409 759 743 829 superfusum
773 758 1212 828 spiritum,eoque
1236 757 1372 827 fetus
1396 765 1624 827 segetum
1649 767 1699 815 et
1734 760 1978 812 autumni

408 861 702 921 putrescere
748 867 865 903 reor
905 850 1017 903 solo
1061 849 1285 920 cceloque
1325 850 1488 925 juxta
1525 852 1692 921 gravi.
1733 849 1973 911 Solinus.

412 958 533 1013 cap.
560 944 626 999 58
652 963 664 997 :
700 942 814 996 Duo
853 942 923 994 ibi
951 942 1140 1012 oppida
1169 940 1453 997 Sodomum
1487 945 1811 997 nominatum
1831 942 1977 997 alte-

412 1054 552 1097 rum,
576 1036 805 1092 alterum
830 1033 1200 1097 Gomorrhum,
1234 1035 1372 1105 apud
1405 1052 1521 1105 quin
1557 1051 1769 1104 pomum
1805 1036 1978 1106 gigni-

412 1140 500 1184 tur
523 1143 542 1182 :
568 1128 705 1200 quod
737 1127 886 1182 habet
916 1129 1135 1198 speciem
1155 1128 1271 1181 licet
1313 1128 1662 1192 maturitatis,
1689 1126 1870 1180 mandi
1895 1136 1976 1180 ta-

412 1237 528 1277 men
558 1239 659 1276 non
698 1230 864 1291 potest
894 1236 913 1284 ;
952 1238 1072 1274 nant
1107 1219 1379 1289 fuliginem
1414 1221 1727 1274 intrinsecus
1759 1219 1976 1287 fauilla-

412 1330 557 1368 ceam
604 1312 820 1367 ambitio
859 1321 1062 1365 tantum
1093 1313 1301 1365 extima:
1328 1311 1467 1365 cutis
1501 1309 1721 1373 cohibet,
1752 1326 1867 1380 qua:
1899 1309 1993 1367 uel.

412 1404 513 1461 levi
542 1413 682 1458 tactu
703 1421 903 1477 pressa,
924 1403 1124 1473 fumum
1146 1402 1377 1468 exhalat,
1400 1410 1448 1456 et
1474 1401 1677 1470 fatiscit
1709 1401 1761 1455 in
1791 1417 1976 1472 vagum

409 1499 693 1568 pulverem.

483 1585 601 1642 Col.
621 1585 750 1654 761,
775 1585 873 1643 lin.
891 1586 979 1642 55.
1013 1583 1250 1651 Γειτνιᾷ
1279 1582 1349 1637 δὲ
1375 1584 1611 1652 ταύτης.
1643 1585 1977 1657 Asphaltites

407 1675 608 1734 Iudaea:
635 1679 786 1735 lacus
817 1680 981 1734 situm
1014 1686 1068 1733 et
1095 1680 1296 1735 limites
1328 1678 1495 1744 Plin.,
1522 1679 1618 1733 lib.
1647 1696 1701 1742 v.
1732 1694 1855 1750 cap.
1889 1678 1974 1742 16.

408 1769 727 1826 describens
770 1771 865 1837 ait,
907 1768 1299 1841 longitudinem
1355 1769 1475 1839 ejus
1511 1768 1678 1824 maris
1714 1768 1978 1825 excedere

409 1869 628 1917 centum
653 1860 820 1914 millia
852 1875 1132 1930 passuum,
1166 1857 1509 1914 latitudinem
1537 1858 1826 1911 maximam
1854 1872 1977 1913 esse

406 1955 599 2027 viginti
636 1954 909 2024 quinque,
936 1951 1217 2005 minimam
1246 1965 1376 2005 vero
1417 1966 1534 2006 sex.
1565 1947 1867 2021 Josephus,
1900 1948 1978 2005 De

409 2048 546 2104 bello
597 2046 728 2101 Iud.
780 2046 875 2101 lib.
920 2061 985 2108 v,
1030 2043 1197 2100 refert
1255 2041 1649 2113 longitudinem
1695 2042 1816 2110 ejus
1856 2057 1979 2099 esse

406 2140 837 2212 quingentorum
878 2136 1154 2207 octoginta
1201 2136 1540 2201 stadiorum;
1590 2134 1820 2189 latitudo
1844 2150 1977 2190 cen-

407 2239 523 2287 tum
550 2228 942 2301 quinquaginta
968 2228 1160 2284 stadiis
1194 2234 1363 2298 patet.
1406 2224 1480 2282 De
1509 2240 1572 2280 ea
1602 2225 1719 2280 haec
1745 2225 1980 2279 Brocar-

408 2324 512 2378 dus
562 2320 863 2377 monachus
905 2319 962 2375 in
1013 2319 1381 2389 descriptione
1421 2324 1581 2377 terrae
1625 2323 1872 2372 sanctae:
1909 2315 1980 2370 Et

407 2428 554 2477 nota,
576 2413 715 2484 quod
746 2429 890 2467 mare
920 2410 1192 2467 Mortuum
1223 2411 1288 2465 ab
1321 2411 1516 2467 oriente
1546 2410 1602 2464 in
1637 2409 1975 2477 occidentem,

405 2524 523 2578 qua:
543 2516 621 2560 est
657 2505 881 2560 latitudo
912 2506 1046 2574 ejus,
1067 2505 1219 2559 habet
1270 2505 1493 2575 quinque
1524 2502 1699 2557 leucas
1723 2518 1741 2555 :
1774 2502 1830 2555 in
1863 2501 1975 2555 lon-

403 2594 638 2666 gitudine
671 2611 789 2649 vero
820 2610 937 2664 quce
965 2602 1042 2648 est
1077 2593 1140 2648 ab
1170 2594 1411 2664 aquilone
1452 2591 1521 2646 ad
1557 2602 1798 2646 austrum
1824 2590 1978 2645 habet

405 2688 629 2758 quinque
647 2686 857 2750 diaetas,
879 2695 939 2739 ut
960 2685 1091 2740 mihi
1118 2685 1370 2742 Saraceni
1395 2684 1719 2745 retulerunt;
1744 2683 1841 2737 alii
1863 2700 1977 2738 vero

406 2782 569 2835 aliam
600 2781 994 2851 assignauerunt
1030 2777 1424 2849 longitudinem.
1449 2776 1644 2833 Scribit
1672 2776 1978 2847 patriarcha

409 2869 962 2942 Hierosolymitanus,
1012 2872 1101 2940 qui
1149 2885 1284 2939 sa'pe
1333 2869 1506 2924 locum
1560 2870 1715 2924 illum
1778 2871 1976 2933 invisit,

2077 586 2369 645 queretur,
2400 579 2483 632 vel
2509 593 2574 633 ex
2619 593 2685 633 eo
2713 576 2860 648 quod
2901 575 3113 634 Plinius
3146 579 3347 642 refert.
3382 577 3648 648 quosdam

2077 666 2372 722 tradidisse
2417 665 2705 722 Sirbonem
2770 666 2949 721 lacum
2980 667 3180 723 habere
3225 682 3330 722 ceu
3388 682 3651 737 passuum

2082 761 2394 815 circuitum.
2427 758 2501 814 De
2524 760 2643 814 lacu
2666 759 2973 829 Asphaltite
3005 759 3127 816 vide
3157 758 3525 817 Dioscoridem
3551 758 3649 828 lib.

2079 866 2118 911 ι.
2152 866 2273 920 cap.
2304 850 2437 917 100;
2467 848 2799 912 Vitruvium,
2830 848 3088 914 Plinium,
3118 851 3447 923 Antigonum
3476 850 3651 922 Cary-

2078 942 2242 998 stium
2270 983 2283 1005 ,
2334 939 2656 996 Strabonem
2682 980 2696 1003 ,
2739 939 3059 995 Africanum
3087 981 3103 1007 ,
3146 941 3544 998 Tertullianum
3592 943 3648 998 in

2077 1036 2321 1091 carmine
2391 1035 2466 1089 De
2526 1033 2798 1097 Sodoma,
2857 1033 3151 1102 Orosium,
3204 1035 3298 1091 lib.
3347 1050 3366 1091 ι
3415 1033 3649 1101 Histor.,

2076 1129 2325 1182 omnium
2374 1127 2852 1196 diligentissimum
2902 1126 3318 1181 Adriclxomium
3376 1126 3431 1181 in
3499 1125 3650 1183 tribu

2075 1215 2248 1280 Judae,
2280 1233 2431 1274 num.
2472 1217 2594 1274 l86.

2151 1308 2289 1363 Ibid.
2315 1347 2331 1368 ,
2367 1307 2465 1361 lin.
2500 1307 2590 1361 59.
2638 1307 2880 1377 Κοῦφον
2917 1305 2985 1360 δὲ
3023 1307 3093 1360 τὸ
3140 1304 3316 1377 ὕδωρ.
3345 1307 3652 1378 Iosephus,

2075 1405 2171 1460 lib.
2200 1419 2236 1458 ν
2275 1402 2348 1462 De
2377 1402 2509 1457 bello
2542 1400 2771 1455 Iudaico
2790 1419 2809 1457 :
2843 1400 3027 1465 ’Ἄξιον
3051 1400 3107 1454 δὲ
3142 1400 3531 1472 ἀφηγήσασθαι
3560 1400 3656 1455 καὶ

2076 1494 2175 1566 τὴν
2207 1493 2368 1564 φύσιν
2390 1493 2490 1563 τῆς
2530 1492 2930 1562 Ἀσφαλτίτιδος
2960 1480 3176 1562 λίμνηξ.
3205 1491 3363 1556 Ἥτις
3388 1492 3505 1546 ἐστὶ
3531 1490 3654 1563 μὲν,

2078 1586 2153 1653 ὡς
2174 1586 2330 1658 ἔφην,
2359 1585 2532 1658 πικρά
2562 1586 2657 1639 καὶ
2684 1585 2896 1656 ἄγονος·
2928 1583 3032 1637 ὑπὸ
3051 1584 3108 1638 δὲ
3124 1584 3454 1655 κουφότητος
3481 1584 3573 1638 καὶ
3586 1583 3655 1638 τὰ

2080 1676 2358 1749 βαρύτατα
2386 1677 2493 1730 τῶν
2526 1676 2606 1740 εἰς
2636 1675 2803 1748 αὐτὴν
2849 1675 3110 1747 ῥιφέντων
3157 1676 3447 1747 ἀναφέρει,
3481 1691 3652 1729 κατα-

2077 1770 2229 1824 δῦναι
2277 1770 2333 1823 δὲ
2359 1771 2439 1831 εἰς
2478 1769 2569 1822 τὸν
2614 1768 2771 1839 βυθὸν
2818 1769 2936 1823 οὐδὲ
2980 1767 3406 1839 ἐπιτηδεύσαντα
3449 1766 3647 1840 ῥᾴδιον.

2077 1861 2401 1918 Africanus:
2452 1859 2781 1914 Ξυνέὄαλλον
2825 1860 2883 1914 δὲ
2930 1859 3081 1932 παρὰ
3112 1859 3210 1932 τὴν
3252 1859 3528 1913 θάλασσαν
3552 1857 3652 1931 τὴν

2089 1952 2351 2026 Ἄλυκὴν,
2390 1953 2510 2024 ἥτις
2552 1952 2795 2007 καλεῖται
2858 1951 2954 2005 νῦν
3005 1951 3249 2006 θάλασσα
3300 1949 3508 2024 Νεκρά.
3562 1948 3652 2005 Ἐν

2076 2046 2249 2121 ταύτῃ
2292 2044 2519 2099 πλεῖστα
2559 2044 2666 2099 τῶν
2704 2044 3019 2116 Θαυμασίων
3060 2044 3346 2116 τεθέαμαι.
3390 2041 3552 2098 Ζώων
3589 2058 3651 2097 τε

2076 2139 2184 2210 γὰρ
2206 2137 2358 2192 οὐδὲν
2390 2139 2564 2193 ἐκεῖνο
2589 2137 2650 2191 τὸ
2678 2137 2820 2208 ὓδωρ
2851 2137 3025 2207 φέρει,
3053 2142 3146 2190 καὶ
3178 2136 3365 2208 νεκροὶ
3395 2136 3492 2208 μὲν
3515 2136 3644 2194 ὕπτ-

2078 2229 2288 2301 6ρύχιοι
2329 2228 2617 2301 φέρονται,
2660 2227 2862 2293 ζῶντες
2892 2227 2937 2282 δ’
2980 2226 3088 2280 οὐδ’
3128 2226 3194 2280 ἂν
3236 2226 3432 2299 ῥᾳδίως
3460 2226 3645 2298 βαπτί-

2054 2308 2278 2372 ’σαιντο.
2307 2316 2501 2388 Λύχνοι
2541 2317 2638 2389 μὲν
2662 2316 2942 2386 καιόμενοι
2970 2316 3064 2369 καὶ
3089 2315 3460 2387 ἐπιφέρονται.
3497 2315 3652 2370 σϐεν-

2076 2408 2294 2480 νύμενοι
2327 2409 2384 2462 δὲ
2417 2407 2761 2462 καταδύουσι.
2809 2406 3041 2469 Strabo,
3077 2406 3171 2460 lib.
3205 2421 3334 2461 ινιτ
3380 2401 3495 2460 Εἶτ’
3529 2398 3653 2461 ἑπι-

2078 2499 2384 2564 πολάζουσα
2403 2498 2489 2552 διὰ
2516 2497 2614 2569 τὴν
2642 2498 2802 2568 φύσιν
2827 2496 2920 2551 τοῦ
2951 2496 3242 2566 ὖδατος,ἢν
3276 2496 3489 2569 ἔφαμεν
3518 2497 3654 2569 μηδὲ

2076 2592 2345 2664 κολύμϐου
2384 2590 2630 2655 δεῖσθαι,
2677 2590 2811 2663 μηδὲ
2855 2587 3211 2661 βαπτίζεσθαι
3247 2590 3337 2643 τὸν
3385 2589 3652 2662 ἐμϐάντα,

2077 2681 2189 2737 ἀλλ’
2223 2682 2552 2755 ἐξαίρεσθαι.

2145 2772 2316 2840 lbid.,
2383 2773 2477 2827 lin.
2549 2772 2637 2829 46.
2699 2774 3007 2845 Ἀναφέρει
3066 2772 3135 2828 δὲ
3202 2773 3377 2838 ἅλας.
3445 2768 3650 2825 Eadem

2077 2866 2234 2922 habet
2258 2865 2530 2937 Josephus
2557 2868 2676 2922 loco
2713 2867 2884 2930 dicto,
2915 2867 2971 2922 in
3007 2882 3115 2937 quo
3156 2865 3224 2920 de
3277 2864 3544 2920 bitumine
3599 2870 3656 2916 et

405 2977 552 3015 mare
598 2959 732 3015 illud
774 2976 975 3030 semper
1012 2961 1215 3030 fumum
1262 2960 1505 3027 reddere,
1547 2968 1596 3015 et
1637 2960 1881 3019 nebulam
1921 2962 1976 3016 in
2074 2958 2194 3029 eius
2238 2959 2295 3013 in
2344 2958 2633 3014 medicinis
2672 2975 2795 3014 usu.
2831 2957 3039 3015 Plinius
3065 3000 3079 3022 ,
3114 2959 3211 3013 lib.
3242 2973 3315 3020 ιι,
3349 2971 3471 3027 cap.
3512 2954 3649 3011 103:

402 3052 617 3106 modum
649 3053 844 3106 camini
876 3051 1153 3122 infernalis
1175 3067 1194 3106 :
1230 3052 1368 3106 uncle
1398 3062 1509 3105 tota
1537 3051 1633 3106 illa
1661 3052 1836 3115 vallis,
1860 3069 1976 3122 qua
2077 3050 2229 3106 Nihil
2262 3053 2317 3106 in
2356 3050 2651 3122 Asphaltite
2668 3050 2875 3107 ludicre
2904 3051 3042 3114 lacu,
3068 3053 3156 3122 qui
3185 3051 3417 3105 bitumen
3455 3049 3649 3120 gignit,

403 3140 635 3212 alioquin
663 3143 726 3196 ob
763 3144 846 3197 sui
874 3142 1246 3213 fecunditatem
1277 3152 1325 3197 et
1363 3142 1720 3197 amoenitatem
1747 3144 1973 3201 illustris
2002 3172 2044 3231 ο
2078 3142 2239 3214 mergi
2266 3151 2464 3212 potest;
2505 3150 2560 3198 et
2594 3143 2687 3196 lib.
2724 3159 2778 3205 v,
2807 3156 2928 3212 cap.
2965 3141 3051 3207 l6,
3085 3142 3320 3197 habetur
3358 3140 3459 3194 hoc
3485 3138 3652 3225 idem.

374 3236 375 3239 “
402 3231 545 3286 dicta
574 3231 698 3301 fuit.
725 3230 793 3284 ad
824 3232 1052 3300 spatium
1079 3230 1317 3284 dimidia:
1337 3230 1512 3284 ditem:
1545 3231 1743 3285 sterilis
1767 3242 1817 3286 et
1852 3235 1974 3286 inus

403 3323 515 3379 tilis
545 3322 752 3378 reddita
784 3332 894 3387 est,
931 3324 1009 3376 ita
1050 3330 1107 3375 ut
1147 3338 1237 3375 uec
1272 3322 1440 3375 ullum
1482 3339 1691 3393 germen
1738 3323 1976 3392 proferat

398 3416 511 3487 fere
531 3432 628 3489 per
658 3416 888 3485 spatium
915 3415 1139 3484 quinque
1188 3414 1481 3478 leucarum,
1517 3414 1622 3468 nisi
1653 3417 1815 3483 juxta
1844 3417 1976 3475 civi-

402 3514 561 3561 tatem
588 3504 822 3571 Iericho,
866 3505 955 3557 ubi
988 3504 1125 3557 horti
1157 3506 1451 3574 irrigantur
1477 3523 1508 3558 ιι
1534 3506 1678 3575 fonte
1710 3505 1879 3561 Elisci
1896 3523 1916 3571 ;
1941 3526 1974 3562 a

400 3594 603 3651 dextris
638 3604 691 3649 et
728 3595 958 3648 sinistris
1004 3593 1159 3661 hujus
1193 3595 1357 3647 maris
1401 3604 1599 3649 montes
1653 3597 1877 3654 steriles.
1922 3606 1973 3651 et

398 3686 540 3744 aridi
588 3696 874 3741 cernuntur
905 3700 922 3738 :
951 3703 1074 3739 nam
1113 3702 1412 3757 quocunque
1448 3703 1608 3756 vapor
1637 3705 1669 3742 a
1703 3690 1839 3742 mari
1878 3689 1971 3745 illo

396 3779 684 3835 ascendens
714 3776 1035 3844 impellitur,
1068 3778 1140 3830 ibi
1171 3787 1324 3832 terra”.
1357 3780 1629 3832 nascentia
1671 3796 1775 3834 non
1823 3797 1971 3835 secus

395 3885 557 3940 quam
588 3868 635 3922 si
663 3887 693 3920 a
722 3869 912 3937 pruina
942 3866 1164 3936 fuissent
1201 3876 1364 3930 tacta,
1395 3869 1744 3926 emoriuntur.
1773 3868 1839 3924 In
1870 3887 1970 3941 quo

395 3960 696 4013 districtum
731 3959 823 4013 Dei
839 3959 1104 4031 judicium
1139 3960 1302 4013 nobis-
1321 3958 1382 4014 ob
1410 3960 1591 4014 oculos
1618 3962 1851 4029 ponitur,
1881 3964 1971 4032 qui

398 4061 507 4106 tam
535 4070 706 4108 serere
730 4052 958 4123 grandia
981 4052 1077 4107 illa
1110 4051 1459 4107 Sodomorum
1487 4064 1700 4122 peccata
1722 4071 1885 4125 usque
1914 4057 1969 4109 in

394 4143 704 4199 hodiernum
747 4145 884 4198 diem
936 4162 1039 4199 non
1087 4144 1280 4199 desinit
1321 4147 1530 4214 punire.
1564 4144 1675 4200 Nec
1714 4148 1820 4201 nisi
1860 4149 1968 4201 uisa

394 4236 479 4290 hic
515 4235 705 4291 scribo.
756 4234 856 4290 Diu
908 4236 1195 4306 quaesitum
1228 4243 1312 4292 est
1365 4253 1432 4291 an
1467 4236 1618 4292 lacus
1644 4239 1734 4293 ille
1761 4281 1774 4303 ,
1803 4255 1965 4309 quem

394 4323 594 4381 divinae
629 4327 822 4381 litterae
855 4326 1006 4381 Mare
1035 4328 1167 4382 salis
1201 4329 1511 4397 appellant,
1551 4337 1673 4398 post
1696 4330 1965 4384 excidium

395 4417 636 4489 regionis
679 4415 1031 4473 Sodomiticae
1081 4419 1368 4474 emet-serit
1413 4435 1443 4474 e
1487 4428 1643 4474 terra:
1690 4419 1962 4483 cavernis,

2078 3233 2214 3291 Vide
2256 3252 2377 3306 qua:
2410 3235 2571 3290 habet
2614 3234 2922 3305 Antigonus
2970 3233 3252 3305 Carystius
3293 3233 3346 3286 in
3385 3222 3655 3286 Mirabili-

2076 3326 2172 3382 bus
2213 3343 2281 3382 ex
2318 3327 2595 3383 sententia
2647 3324 2953 3395 Zenophili,
2999 3332 3053 3379 ct
3101 3323 3448 3379 Dioscorides
3477 3323 3574 3377 lib.
3610 3339 3650 3385 ι.

2073 3434 2194 3491 cap.
2232 3418 2667 3473 l00.Africanus
2703 3435 2717 3472 :
2764 3416 3027 3471 Ἐνταῦθα
3077 3416 3134 3469 δέ
3177 3419 3314 3470 εἰσιν
3343 3419 3399 3470 αἱ
3445 3413 3653 3486 ἀσφάλ-

2073 3525 2166 3560 του
2216 3508 2420 3579 πηγαί·
2451 3508 2608 3579 Φέρει
2638 3507 2694 3563 δὲ
2726 3506 3060 3578 στυπτηρίαν
3097 3507 3190 3558 καὶ
3233 3505 3336 3560 ara
3373 3506 3551 3574 ὀλίγον
3598 3521 3653 3560 τι

2070 3602 2179 3656 τῶν
2202 3601 2374 3656 ἄλλων
2401 3599 2741 3672 διαφέροντα·
2774 3600 2947 3671 πικρά
2964 3616 3022 3652 τε
3040 3600 3148 3671 γάρ
3173 3601 3289 3651 ἐστι
3311 3598 3404 3651 καὶ
3420 3597 3614 3669 διαυγῆ
3634 3615 3647 3628 ·

2072 3692 2198 3746 ἔνθα
2234 3691 2278 3745 δ’
2319 3692 2385 3744 ἂν
2431 3691 2640 3763 καρπὸς
2681 3688 2898 3762 εὑρεθῇ,
2937 3689 3144 3743 καπνοῦ
3180 3689 3339 3742 πλέον
3378 3688 3529 3742 οὐδὲν
3565 3689 3654 3741 εὑ-

2072 3783 2313 3856 ρίσκεται
2347 3782 2733 3855 θολερωτάτου.
2778 3783 2852 3835 Τὸ
2892 3781 2948 3835 δὲ
2982 3781 3125 3853 ὕδωρ
3163 3783 3308 3835 ἰᾶται
3342 3782 3470 3845 τοὺς
3510 3797 3654 3852 χρωο

2060 3875 2266 3947 μένους
2280 3874 2446 3945 αὐτῷ.
2470 3874 2638 3944 Λήγει
2663 3871 2718 3926 δὲ
2743 3875 2906 3927 παντὶ
2932 3872 3081 3926 ὕδατι
3101 3874 3306 3944 πάσχον
3330 3873 3567 3926 ἐναντία.
3586 3872 3652 3926 Ei

2068 3966 2125 4020 δὲ
2150 3966 2223 4037 μὴ
2260 3965 2527 4037 Ἰορδάνην
2542 3960 2655 4035 εἶχε
2676 3963 2764 4017 τὸν
2783 3964 3021 4037 ποταμὸν
3044 3965 3118 4028 ὡς
3146 3962 3429 4036 πορφύραν
3448 3964 3656 4036 διατρξ.

2069 4075 2228 4129 χοντα
2257 4060 2351 4119 καὶ
2391 4057 2482 4110 ἐπὶ
2527 4057 2658 4110 πολὺ
2704 4058 3014 4128 ἀντέχοντα,
3051 4057 3244 4128 ἔληξαν
3298 4057 3363 4110 ἂν
3394 4048 3585 4111 θᾶττον
3616 4058 3651 4124 ἢ

2069 4147 2337 4217 φαίνεται.
2371 4149 2524 4201 Ἔστι
2570 4148 2625 4201 δὲ
2652 4149 2779 4219 παρ’
2810 4149 2945 4218 αὐτῇ
2972 4147 3227 4218 πάμπολυ
3254 4146 3347 4199 τοῦ
3375 4146 3652 4219 βαλσάμου

2069 4226 2251 4308 φυτόν.
2288 4238 2624 4291 Ὑπονοεῖται
2654 4238 2709 4290 δὲ
2734 4238 3133 4309 ἀνατετράφθαι
3163 4238 3266 4291 ὑπὸ
3288 4238 3382 4291 τοῦ
3407 4237 3543 4291 Θεοῦ
3566 4237 3655 4291 διὰ

2064 4332 2164 4405 τὴν
2193 4331 2302 4387 τῶν
2329 4330 2748 4403 περιοικούντων
2797 4330 3070 4384 ἀσέϐειαν.
3104 4329 3266 4383 Plura
3302 4330 3369 4384 de
3414 4329 3517 4383 hac
3559 4345 3653 4385 ea-

2067 4427 2189 4480 dem
2218 4440 2276 4480 re
2313 4424 2731 4502 philosophatur
2777 4423 2996 4486 Strabo,
3036 4439 3154 4489 xvi,
3187 4430 3241 4477 et
3270 4438 3336 4477 ex
3372 4424 3643 4478 sententis

396 4509 481 4564 vel
521 4510 626 4563 alia
657 4510 909 4579 quapiam
946 4511 1157 4566 ratione
1190 4511 1415 4586 ellectus
1451 4511 1635 4578 fuerit,
1663 4529 1730 4567 an
1753 4528 1883 4568 vero
1912 4525 1966 4569 et
2000 4522 2040 4575 Ι)
2073 4515 2402 4580 Possidonii,
2444 4530 2566 4585 qua:
2606 4522 2801 4571 caetera
2852 4515 3097 4570 facultati
3148 4524 3378 4579 natura),
3434 4512 3651 4586 praesti-

393 4608 519 4656 ante
551 4602 696 4656 illam
734 4602 1073 4671 punitionem
1104 4610 1273 4658 esset.
1313 4601 1608 4673 Cajetanus
1635 4613 1689 4660 et
1722 4604 1967 4661 Oleaster

391 4695 641 4749 sentiunt
674 4701 800 4749 ante
831 4696 1072 4765 regionis
1099 4696 1248 4750 illius
1291 4699 1631 4752 eversionem
1682 4698 1852 4754 fuisse
1891 4700 1963 4754 ibi

390 4787 569 4842 lacum
596 4827 611 4850 ,
641 4789 733 4856 qui
770 4788 1069 4842 vocabatur
1102 4788 1253 4843 Mare
1303 4792 1467 4853 salis,
1510 4807 1611 4846 nec
1654 4792 1964 4862 oppositum

387 4893 457 4932 ex
486 4878 684 4935 divinis
710 4879 906 4934 litteris
937 4880 1228 4937 manifesto
1249 4880 1540 4937 haberi.Et
1562 4881 1808 4938 Oleaster
1834 4885 1967 4940 satis

390 4979 573 5038 aperte
601 4989 616 5025 :
645 4969 722 5025 Ne
749 4978 906 5040 putes
933 5010 948 5033 ,
977 4970 1181 5041 inquit,
1217 4985 1376 5027 antea
1402 4989 1513 5029 non
1546 4974 1715 5029 fuisse
1748 4991 1813 5030 eo
1846 4977 1968 5031 loco

390 5055 541 5111 illum
572 5059 783 5123 lacum,
816 5074 940 5114 cum
981 5075 1200 5130 semper
1239 5062 1297 5115 in
1327 5078 1450 5118 eum
1483 5063 1660 5118 laeum
1700 5062 1967 5122 Jordanes

390 5162 562 5218 aquas
590 5167 720 5207 suas
757 5154 1135 5207 exoneraverit
1173 5171 1188 5210 :
1233 5168 1422 5209 verum
1472 5163 1632 5210 antea
1674 5156 1829 5212 lacus
1877 5156 1969 5212 ille

387 5253 499 5292 non
552 5255 611 5295 se
646 5244 973 5299 extendebat
1009 5260 1185 5315 usque
1213 5245 1279 5300 ad
1309 5246 1602 5302 Sodomam
1629 5290 1643 5313 ,
1675 5246 1818 5304 sicut
1845 5256 1968 5319 post

388 5331 799 5391 subversionem
852 5336 1069 5391 illarum
1121 5337 1426 5393 civitatum.
1473 5338 1838 5413 Hieronymus
1886 5352 1968 5396 ta-

386 5439 512 5480 men
556 5437 611 5481 et
649 5425 922 5499 Josephus
966 5431 1305 5486 contrarium
1354 5441 1608 5497 tuentur,
1650 5449 1751 5489 nec
1780 5441 1969 5491 noster

384 5514 707 5573 Eustathius
749 5522 817 5575 ab
865 5522 974 5577 illis
1017 5522 1293 5580 dissentit.
1343 5523 1517 5581 Notus
1570 5534 1656 5582 cst
1704 5536 1967 5597 praeterea

386 5604 677 5666 Strabonis
720 5626 877 5667 error
931 5611 1217 5672 Sirbonem
1259 5617 1513 5687 paludem
1543 5659 1557 5684 ,
1607 5636 1729 5692 quae
1775 5629 1859 5676 est
1896 5620 1965 5675 ad

382 5700 632 5770 Casium,
665 5704 1051 5764 confundentis
1083 5725 1209 5764 cum
1245 5709 1555 5781 ASplnaltite
1591 5713 1712 5768 lacu
1738 5754 1752 5775 ,
1795 5729 1826 5769 a
1858 5729 1968 5785 quo

357 5787 650 5880 Ilerdanes
672 5792 929 5853 ebibitur.
954 5797 1323 5871 Suspicantur
1347 5809 1529 5859 tamen
1561 5803 1830 5869 nonnulli,
1857 5812 1968 5860 nan

2072 4611 2198 4680 gris.
2238 4620 2292 4664 ct
2329 4609 2797 4664 incantationibus
2840 4608 3053 4663 tribuit.
3084 4608 3357 4672 Justinus,
3391 4608 3427 4663 ι.
3463 4624 3647 4671 xxxvn.

2070 4703 2324 4773 paludem
2369 4703 2532 4766 hanc,
2580 4718 2757 4773 neque
2796 4702 2974 4757 ventis
3012 4702 3240 4764 moveri,
3290 4717 3466 4772 neque
3494 4700 3651 4755 navi-

2069 4795 2310 4865 gationis
2334 4795 2630 4865 patientem
2656 4810 2780 4849 esse
2820 4800 3011 4848 narrat
3044 4801 3236 4847 contra
3268 4793 3499 4846 aliorum
3531 4794 3650 4863 opi—

2071 4886 2290 4941 nibnem
2320 4906 2332 4941 :
2361 4885 2428 4941 In
2454 4903 2515 4940 ea
2542 4887 2748 4957 regione
2783 4886 2930 4939 locus
2962 4894 3062 4947 est,
3094 4886 3184 4954 qui
3216 4896 3427 4953 propter
3446 4884 3652 4954 magni-

2071 4977 2324 5040 tudinem,
2376 4985 2424 5028 et
2473 4992 2623 5045 agrum
2678 4975 3130 5038 immobilitatem,
3189 4972 3461 5028 Mortuum
3505 4991 3652 5028 mare

2066 5066 2295 5129 dicitur;
2329 5082 2451 5118 nam
2480 5082 2638 5135 neque
2666 5065 2828 5119 uentis
2854 5077 3086 5118 movetur
3114 5065 3387 5119 resistente
3421 5064 3648 5117 turbini-

2069 5158 2163 5212 bus
2200 5158 2471 5221 bitumine,
2503 5176 2603 5229 quo
2646 5175 2783 5229 aqua
2831 5159 3000 5212 omnis
3029 5168 3329 5227 stagnatur.
3361 5172 3519 5228 neque
3553 5174 3651 5210 ηας

2071 5252 2347 5323 rigationis
2364 5252 2566 5322 patiens
2591 5261 2688 5314 est,
2710 5246 2956 5322 quoniam
2976 5250 3153 5303 omnia
3187 5250 3294 5303 rita
3319 5249 3555 5303 carentia
3593 5248 3651 5302 in

2069 5344 2393 5414 profundum
2424 5355 2765 5412 merguntur;
2807 5359 2897 5397 nec
2938 5342 3215 5395 materiam
3259 5341 3428 5395 ullam
3485 5341 3654 5395 susti-

2070 5445 2177 5499 net,
2204 5434 2307 5488 nisi
2341 5450 2457 5504 qua:
2485 5450 2518 5486 a
2544 5433 2741 5486 lumine
2774 5432 3039 5484 illinatur.

2140 5524 2300 5584 lbid..
2332 5523 2429 5579 lin.
2454 5522 2543 5579 ΒΞ.
2579 5522 2676 5588 Ὣς
2699 5521 2784 5591 μὴ
2820 5520 3137 5575 δύνασθαι.
3167 5518 3403 5579 Plinius.
3431 5520 3523 5574 lib.
3550 5533 3649 5589 vlt,

2067 5631 2190 5686 cap.
2226 5614 2312 5679 15,
2351 5615 2417 5670 de
2451 5615 2741 5668 mulierum
2776 5610 3043 5683 proﬂuvio
3074 5627 3378 5667 sermonem
3415 5612 3646 5667 habens:

2070 5712 2212 5779 Quin
2244 5721 2293 5765 et
2323 5710 2638 5764 bituminum
2671 5724 2869 5780 sequax
2904 5708 3138 5778 alioquin
3165 5725 3227 5762 ac
3256 5708 3397 5762 lenta
3430 5715 3652 5772 natura,

2068 5804 2122 5860 in
2149 5804 2269 5860 lacu
2312 5801 2536 5869 Judcear,
2577 5802 2668 5874 qui
2700 5811 2914 5860 vocatur
2958 5800 3297 5879 Asphaltites,
3336 5809 3475 5856 certo
3517 5806 3651 5862 tam
