4100 6418
436 383 443 390 ’
522 399 662 456 loss

1859 386 2105 441 LEONIS
2137 381 2406 440 ALLATII

3641 377 3777 433 ιοει

514 529 642 588 pore
679 513 804 566 anni
843 519 1211 576 supernatans,
1241 510 1414 579 nequit
1445 507 1547 564 sibi
1577 509 1753 572 aselli,
1787 509 1855 562 ad
1890 525 2092 563 omnem
2124 517 2166 570 Α
2197 508 2366 570 disse,
2396 511 2522 576 post
2552 499 2942 557 circumcisum
2978 497 3274 560 Abraham,
3308 503 3361 552 et
3398 497 3599 552 multas
3637 497 3775 552 alias

513 609 816 661 contactum
839 599 1135 661 adha'rens,
1161 613 1509 671 prccterquam
1535 599 1628 670 ﬁlo
1655 601 1792 672 quod
1825 601 1930 655 tale
1953 602 2096 656 virus

513 693 771 765 infecerit.
804 691 868 745 Et
919 690 1162 756 Solinus,
1206 692 1298 747 lib.
1329 707 1426 747 Iv:
1462 691 1705 746 Bitumen
1755 693 1994 746 nascitur
2041 693 2097 745 in

510 785 732 851 Iudaea,
771 785 910 857 quod
967 783 1286 853 dsphaltites
1330 786 1496 856 gignit
1523 785 1694 849 lacus,
1733 785 1860 840 adeo
1895 786 2096 839 lentum

515 880 738 934 mollitie
781 879 1074 947 glutinosa,
1121 885 1244 930 uta
1279 894 1333 930 se
1380 885 1600 947 nequeat
1635 879 1913 945 separari:
1957 879 2095 933 enim

513 986 633 1025 vero
654 971 702 1022 si
725 969 1036 1037 abrumpere
1067 979 1269 1036 partem
1300 969 1448 1033 velis,
1477 968 1790 1025 universitas
1815 980 2094 1040 sequetur;

435 1128 439 1133 _
513 1062 785 1132 scindiquc
831 1079 933 1116 non
967 1070 1159 1131 potest,
1199 1062 1448 1132 quoniam
1491 1063 1545 1115 in
1589 1071 1842 1131 quantum
1869 1062 2097 1116 ducatur

512 1152 837 1215 extenditur,
880 1151 968 1206 sed
1001 1153 1088 1205 ubi
1145 1152 1362 1205 admota
1399 1152 1598 1219 fuerint
1625 1169 1813 1206 cruore
1855 1151 1950 1204 illo
1981 1152 2096 1221 pol-

516 1247 632 1298 luta
669 1245 790 1313 ﬁla,
819 1255 1001 1314 sponte
1037 1243 1377 1314 dispergitur,
1405 1253 1453 1298 et
1493 1243 1757 1312 applicata
1786 1244 1902 1298 tabe
1929 1243 2098 1307 dedu-

513 1335 654 1388 citur
691 1334 849 1402 paulo
881 1343 999 1386 ante
1052 1349 1242 1401 corpus
1291 1348 1472 1396 unum,
1525 1334 1685 1402 ﬁtque
1724 1333 1787 1386 de
1816 1333 2095 1387 tenacitate

512 1439 747 1477 connexa
797 1423 1107 1491 contagione
1165 1423 1382 1491 partitio
1439 1422 1728 1491 repentina.
1787 1419 2090 1490 Iosephus:

515 1512 840 1585 Πληρὼσασι
866 1512 922 1565 δὲ
936 1512 1264 1566 ἀποκόπτειν
1289 1513 1349 1565 οὐ
1376 1512 1578 1583 ῥᾴδιον,
1599 1511 1734 1565 ἀλλὰ
1759 1512 1826 1564 δι’
1849 1511 2093 1565 εὐτονίαν

513 1607 894 1677 προσήρτηται
937 1605 1014 1676 τῷ
1055 1605 1335 1680 μηρύματι
1376 1605 1581 1674 σκάφος
1613 1604 1718 1670 ἕως
1749 1605 1814 1658 ἂν
1843 1605 2093 1676 ἐμμηνίῳ

512 1696 786 1766 γυναικῶν
815 1697 1001 1766 αἵματι
1037 1697 1129 1749 καὶ
1164 1697 1310 1768 οὔρῳ
1348 1695 1672 1750 διαλύσωσιν
1704 1696 1865 1750 αὐτὸν
1889 1692 1970 1760 οἷς
2000 1699 2095 1768 μό·-

511 1805 624 1853 νοις
672 1789 818 1858 ἥκει.
857 1787 1136 1853 Brodzeus,
1193 1789 1291 1846 lib.
1321 1805 1396 1856 Iv,
1441 1804 1563 1858 cap.
1586 1789 1692 1856 23;
1736 1787 2092 1845 Possidonius

511 1881 786 1952 praestigia
825 1880 940 1934 haec
981 1895 1103 1936 esse
1141 1888 1194 1936 et
1228 1879 1649 1945 incantationes,
1685 1879 1884 1950 quibus
1925 1880 2092 1934 dediti

511 1970 710 2023 accolze
735 1969 1051 2027 utebantur.
1090 1976 1150 2022 ut
1180 1969 1349 2024 refert
1383 1969 1601 2034 Strabo,
1635 1969 1730 2024 lib.
1765 1986 1877 2025 xvt.

579 2057 694 2112 Col.
716 2058 838 2121 761,
875 2059 970 2113 lin.
1005 2058 1092 2114 54.
1111 2058 1456 2113 Ἀλλὰττειν
1474 2059 1541 2112 δέ
1561 2076 1768 2128 φασιν.
1784 2058 2088 2130 Josephns:

512 2149 739 2203 Ἐστιδὲ
761 2152 852 2203 ἐπὶ
870 2150 1043 2221 τούτῳ
1073 2150 1166 2203 καὶ
1196 2151 1228 2220 ή
1257 2151 1356 2220 τῆς
1385 2150 1552 2221 χρόας
1585 2149 1851 2222 μεταϐολὴ
1877 2149 2087 2221 θαυμά-

511 2257 646 2306 σιος·
665 2243 785 2314 τρὶς
801 2242 910 2315 γὰρ
927 2243 1162 2314 ἑκάστης
1178 2241 1284 2312 ἡμέ
1294 2259 1390 2313 ρας
1408 2243 1505 2313 τὴν
1522 2242 1840 2311 ἐπιφάνειαν
1858 2243 2090 2296 ἀλάσσε-

507 2351 620 2396 ται,
647 2336 740 2388 καὶ
758 2336 894 2406 πρὸς
907 2334 1005 2400 τὰς
1019 2334 1251 2404 ἡλιακὰς
1282 2336 1506 2399 ἀκτῖνας
1533 2335 1789 2403 ἀνταυγεῖ
1807 2334 2087 2398 ποικίλως.

491 2441 498 2469 ι
577 2427 698 2482 Col.
730 2428 860 2491 76L,
890 2428 986 2482 lin.
1019 2430 1072 2484 l.
1102 2429 1212 2482 Kal
1251 2427 1402 2498 μετὰ
1447 2427 1562 2496 τὴν
1594 2428 1754 2498 ὀγδό.
1796 2427 2088 2498 Josephus,

509 2520 693 2591 Antig.
727 2521 822 2576 lib.
857 2537 872 2576 ι
901 2538 916 2575 :
947 2519 1200 2576 Τεκτεται
1232 2521 1287 2574 δὲ
1325 2524 1453 2586 παῖς
1477 2521 1751 2593 ἑκατέρων
1775 2521 1850 2592 τῷ
1879 2521 2090 2593 ὑστάτῳ

509 2611 643 2674 ἔτει,
670 2611 728 2664 ὃν
752 2612 910 2676 εὐθὺς
942 2615 1056 2682 μετ’
1081 2613 1270 2684 ὀγδόην
1305 2613 1518 2685 ἡμέραν
1555 2612 1958 2684 περιτέμνουσι,
1987 2612 2090 2677 κάξ

509 2702 721 2758 ἑκείνου
751 2703 888 2772 μετὰ
904 2703 1170 2769 τοσαύτας
1186 2705 1304 2769 ἔθος
1321 2704 1532 2775 ἔχουσιν
1564 2707 1612 2760 οἱ
1650 2705 1890 2759 Ἰουδαῖοι
1919 2709 2088 2759 ποιεῖ-

509 2793 636 2848 σθαι
679 2794 778 2858 τὰς
822 2796 1144 2867 περιτομάς.
1189 2794 1302 2851 Cur
1335 2805 1562 2851 octavus
1610 2795 1728 2851 dies
1777 2796 2089 2868 assignatus

509 2886 673 2944 fuerit
694 2889 1100 2944 circumcisioni
1119 2889 1257 2944 duas
1281 2889 1519 2944 rationes
1542 2889 1756 2962 attingit
1771 2890 2093 2962 Chrysosto-

509 2992 658 3040 muas,
694 2980 747 3030 in
783 2977 966 3034 Cenes.
1003 2979 1152 3033 hom.
1195 2979 1284 3044 59,
1321 2994 1443 3050 qua:
1475 2986 1658 3034 tamen
1703 2979 1926 3036 Pererio
1981 2995 2090 3034 non

509 3067 857 3126 satisfaciunt
881 3071 936 3125 in
964 3085 1084 3141 cap.
1111 3087 1244 3127 xvu.
1286 3069 1464 3137 Quare
1485 3069 1727 3141 explosis
1755 3070 1884 3132 illis.
1927 3071 2088 3126 aliam

2199 600 2475 654 nationes.
2536 593 2869 657 Herodotus,
2920 592 2958 648 Ι.
3012 607 3050 647 ιι
3088 610 3102 648 :
3136 589 3330 645 Virilia
3390 589 3774 643 circumcidunt

2199 689 2473 743 munditia:
2487 687 2682 758 gratia,
2706 683 2876 753 pluris
2899 683 3146 753 facientes
3173 699 3226 736 se
3241 679 3462 738 mundos
3483 698 3596 735 esse
3613 697 3772 752 quam

2197 781 2436 836 decoros.
2492 776 2805 834 Sacerdotes
2834 791 3033 846 quoque
3071 774 3154 828 die
3189 783 3356 827 totum
3403 787 3590 840 corpus
3645 788 3772 827 era-
3803 827 3814 843 δ

2197 871 2348 936 dunt,
2381 885 2443 924 ne
2464 868 2589 938 quid
2609 869 2686 922 eis
2721 867 2856 920 inter
2887 865 3104 918 deorum
3135 863 3355 927 cultum,
3393 872 3487 916 aut
3520 863 3769 932 pediculi,

2197 971 2289 1017 aut
2330 963 2547 1018 alterius
2573 958 2744 1014 sordis
2776 967 2999 1012 creetur.
3030 955 3185 1026 Apud
3220 952 3503 1026 Egyptios
3531 957 3771 1010 circum-

2195 1055 2335 1110 cisio
2381 1054 2435 1108 in
2466 1067 2530 1108 ea
2576 1052 2678 1105 fuit
2721 1049 3085 1104 aastimatione
3119 1056 3177 1102 ut
3221 1047 3356 1101 nulli
3386 1047 3491 1103 nisi
3531 1047 3769 1103 circum-

2196 1147 2316 1202 ciso
2347 1145 2416 1200 ad
2460 1145 2779 1215 dignitates,
2812 1150 2865 1198 et
2895 1143 2999 1197 alia
3041 1143 3266 1198 honoris
3295 1140 3610 1212 prmmiique
3646 1157 3768 1196 mu-

2195 1256 2328 1295 nera
2380 1244 2584 1310 pateret
2639 1236 2841 1290 aditus.
2891 1234 3182 1308 Origenes,
3231 1235 3328 1291 lib.
3365 1249 3403 1288 ιι
3455 1233 3763 1288 Comment.

2196 1329 2368 1400 Epist.
2405 1329 2473 1384 ad
2504 1327 2654 1383 Rom.
2681 1325 2866 1396 :Apud
2896 1326 3197 1397 zEgyptios,
3222 1325 3311 1395 qui
3355 1324 3409 1378 in
3437 1325 3768 1395 superstitio-

2196 1425 2349 1477 nibus
2386 1421 2729 1477 vetustissimi
2779 1430 2829 1474 et
2876 1419 3222 1474 eruditissimi
3271 1418 3619 1482 habebantur,
3651 1427 3700 1472 et
3732 1437 3766 1472 a

2193 1514 2380 1584 quibus
2410 1514 2585 1568 ca’teri
2615 1528 2774 1582 prope
2802 1528 2977 1566 omnes
3011 1511 3171 1564 ritum
3215 1526 3490 1566 sacrorum
3543 1519 3592 1564 et
3625 1527 3770 1565 cere-

2195 1607 2398 1660 n-onias
2449 1606 2682 1659 mutuati
2713 1615 2857 1667 sunt,
2906 1606 3104 1667 nullus,
3162 1612 3257 1657 aut
3307 1604 3624 1673 geometria,
3675 1611 3770 1658 aut

2194 1697 2496 1767 astrologia
2524 1695 2789 1752 studebat.
2825 1705 2915 1750 aut
2949 1712 3189 1766 geneseos
3236 1704 3435 1749 secreta
3463 1695 3764 1749 rimabatur

2194 1789 2296 1844 nisi
2318 1790 2661 1860 circumcisus
2683 1797 2836 1842 esset.
2867 1785 3034 1842 Nemo
3061 1789 3180 1841 item
3207 1787 3348 1856 apud
3373 1787 3496 1842 illos
3520 1787 3767 1842 sacerdos

2192 1898 2304 1937 esse
2328 1890 2555 1951 poterat,
2591 1896 2754 1948 neque
2802 1894 3048 1948 aruspex,
3085 1895 3246 1949 neque
3290 1879 3642 1949 quorumlibet
3677 1899 3769 1935 sa-

2188 1990 2398 2027 crorum
2451 1973 2719 2034 minister,
2751 1988 2863 2029 nec.
2893 1981 2949 2024 ut
2993 1971 3074 2025 illi
3115 1972 3469 2040 appellabant,
3495 1975 3766 2042 propheta,

2190 2062 2294 2116 nisi
2329 2072 2485 2115 antea
2532 2061 2928 2115 circumcisione
2965 2061 3119 2130 quasi
3163 2071 3436 2132 purgatus,
3481 2070 3635 2131 atque
3667 2063 3769 2116 ini-

2189 2155 2356 2206 tiatus
2388 2153 2596 2224 fuisset.
2642 2152 2834 2207 Omnes
2868 2151 3254 2221 hierophantes,
3291 2169 3570 2222 omnesque
3601 2163 3765 2218 vates,

2189 2256 2346 2314 atque
2396 2262 2574 2299 omnes
2623 2245 2729 2298 sive
2773 2243 2908 2306 cmli,
2948 2253 3005 2296 ut
3054 2253 3243 2312 putant
3287 2243 3390 2308 illi,
3427 2245 3542 2298 sive'
3576 2245 3773 2315 inferni

2189 2348 2380 2409 mystes
2401 2350 2449 2392 et
2481 2340 2720 2392 conscius
2749 2337 2947 2390 nullam
2983 2337 3122 2406 apud
3151 2354 3236 2392 eos
3261 2336 3417 2405 ﬁdem
3459 2347 3507 2391 et
3536 2340 3768 2392 auctori—

2190 2438 2347 2483 tatem
2374 2427 2526 2481 habet
2557 2428 2806 2497 nulloque
2839 2427 2892 2480 in
2919 2427 3112 2481 honore
3138 2437 3234 2490 est,
3268 2428 3314 2480 si
3342 2427 3436 2481 hoc
3459 2437 3636 2482 careat
3661 2431 3768 2482 cir-

2188 2520 2531 2598 cumcisionis
2575 2521 2790 2590 insigni.
2834 2517 3120 2586 Quomodo
3167 2527 3347 2574 autem
3381 2535 3447 2574 ex
3497 2519 3764 2575 Abraham

2191 2613 2452 2686 Egyptii,
2497 2622 2794 2684 gentesque
2837 2614 2956 2667 alia:
2998 2612 3164 2667 ritum
3204 2612 3639 2670 circumcisionis
3675 2629 3767 2666 ac-

2190 2707 2438 2778 ceperint
2482 2707 2733 2776 pluribus
2775 2705 3124 2775 prosequitur
3155 2702 3450 2775 Gregorius
3487 2704 3764 2762 Thauma-

2189 2804 2399 2868 turgus,
2419 2796 2615 2851 Catena
2637 2797 2688 2849 in
2714 2794 3054 2858 Hieremiam,
3076 2810 3196 2865 cap.
3221 2810 3294 2854 Ix,
3316 2795 3384 2849 26
3405 2813 3419 2860 ;
3442 2811 3602 2866 quem
3619 2795 3763 2850 vide.

2261 2887 2420 2952 lbid.,
2451 2888 2550 2942 lin.
2582 2885 2634 2940 8.
2664 2885 2906 2953 Μήποτε
2937 2886 3108 2956 μετά.
3159 2887 3358 2943 Eadem
3409 2887 3571 2945 habet
3613 2887 3772 2942 Jose-

2191 2979 2353 3051 phus,
2393 2979 2572 3049 Antiq.
2607 2978 2702 3033 lib.
2737 2995 2777 3042 ι,
2823 2995 2946 3050 cap.
2989 2979 3088 3034 15:
3123 2978 3244 3033 Pari
3288 2980 3521 3044 ratione,
3557 2989 3610 3035 et
3641 2980 3768 3034 aliis

2193 3071 2317 3127 ﬁliis
2357 3071 2607 3127 Ccthura:
2649 3071 2790 3127 natis
2841 3071 3073 3142 largitus
3119 3080 3202 3127 est
3237 3087 3484 3136 munera,
3533 3080 3592 3126 ut
3643 3083 3769 3142 post

511 3158 568 3214 in
598 3161 834 3216 medium
861 3160 1103 3223 adducit,
1139 3170 1194 3217 et
1218 3163 1387 3218 variis
1414 3164 1750 3234 argumentis
1781 3163 2085 3218 conﬁrmat.
2117 3193 2162 3252 ε
2194 3171 2420 3219 mortem
2448 3178 2477 3216 a
2505 3164 2706 3218 talione
2730 3165 2933 3218 levaret
2966 3163 3136 3227 Isaac,
3165 3164 3490 3233 sedaretque
3513 3162 3766 3231 dissidia,

509 3245 620 3306 Nec
653 3267 719 3306 ex
755 3252 856 3306 hoc
881 3250 1153 3307 Eustatbii
1199 3253 1322 3308 loco
1367 3253 1638 3308 Abraham
1677 3253 1916 3308 divinum
1945 3269 2084 3324 pra:-

511 3350 728 3413 crptum
773 3344 1011 3400 violasse
1049 3344 1531 3416 deprehendimus,
1581 3361 1705 3400 cum
1750 3359 1861 3401 non
1896 3353 2092 3401 octavo

509 3434 620 3499 die,
660 3444 720 3490 ut
766 3435 910 3491 Deus
960 3445 1317 3508 praeceperat,
1352 3437 1448 3491 sed
1497 3444 1622 3508 post
1664 3443 1917 3492 octavum
1945 3438 2089 3494 diem

511 3529 680 3582 alium
723 3545 883 3584 suum
917 3531 1284 3585 circumcidit.
1329 3529 1590 3596 Quamvis
1623 3529 1770 3586 enim
1815 3532 1932 3586 sine
1964 3544 2091 3599 pec-

509 3629 637 3674 cato
665 3620 1144 3676 circumcisionem
1167 3620 1388 3676 dill'erre
1414 3629 1599 3693 posset
1621 3622 1779 3677 novis
1807 3637 2092 3691 emergen-

509 3711 658 3766 tibus
690 3712 896 3775 causis,
940 3721 1118 3766 tamen
1162 3712 1278 3781 ipse
1309 3711 1625 3767 mandatum
1673 3710 1767 3767 Dei
1806 3712 2088 3781 explevit:

511 3801 588 3856 ita
619 3810 799 3856 autem
850 3802 1066 3857 locutus
1116 3811 1200 3858 est
1247 3802 1586 3864 Eustathius.
1630 3801 2090 3872 quemadmodum

435 3946 438 3949 .
509 3899 568 3947 et
603 3889 896 3961 Josephus,
923 3893 1076 3948 sime
1107 3909 1214 3948 non
1247 3892 1384 3947 fallit
1425 3893 1631 3963 opinio,
1660 3900 1720 3946 ut
1744 3891 2092 3948 demonstra-

511 3991 627 4046 ret;
658 3993 789 4039 tunc
837 4000 1066 4052 puerum
1100 4000 1222 4041 esse.
1249 3985 1775 4047 circumcidendum.
1815 4001 1938 4042 cum
1975 3985 2090 4056 jam

511 4071 634 4130 dies
667 4081 792 4127 octo
822 4075 1113 4145 explesset,
1152 4081 1204 4128 et
1245 4074 1457 4130 videtur
1495 4076 1619 4131 elici
1659 4093 1723 4130 ex
1754 4077 1888 4146 ipsis
1912 4079 2092 4133 verbis

515 4159 832 4231 Scriptum,
855 4178 976 4232 cap.
1005 4179 1110 4218 ml
1138 4181 1150 4218 :
1180 4161 1369 4233 Infans
1388 4176 1504 4219 octo
1531 4166 1735 4220 dierum
1751 4167 2092 4222 circumcide-

2191 3263 2244 3311 et
2275 3255 2675 3318 contentiones,
2718 3270 2840 3326 qua:
2865 3264 3079 3308 mortuo
3104 3255 3196 3308 illo
3227 3262 3476 3324 poterant
3504 3255 3556 3308 in
3583 3270 3770 3310 rerum

2190 3346 2458 3402 divisione
2490 3347 2644 3402 oriri.
2675 3346 3006 3416 Cajetanus:
3040 3344 3189 3410 Ideo,
3224 3345 3424 3416 inquit,
3455 3345 3594 3400 dona
3624 3344 3774 3400 dedit

2192 3435 2458 3490 Abraham
2489 3435 2618 3504 filiis
2651 3437 3088 3500 concubinarum,
3128 3445 3176 3490 et
3219 3435 3423 3490 dimisit
3454 3451 3541 3490 eos
3576 3452 3610 3489 a
3640 3451 3773 3490 cura

2191 3546 2312 3594 sua,
2344 3539 2400 3582 ut
2439 3538 2747 3583 exoneraret
2785 3527 2944 3584 Isaac
2973 3529 3143 3598 ﬁlium
3173 3545 3326 3582 suum
3358 3528 3422 3580 ab
3463 3545 3615 3582 onere
3642 3545 3767 3598 pro-

2193 3622 2400 3676 videndi
2432 3623 2560 3676 illis.
2601 3619 2942 3674 lncumbebat
2980 3621 3116 3674 enim
3153 3619 3311 3675 Isaac
3335 3619 3530 3674 lttcredi
3560 3620 3768 3674 univer-

2193 3715 2298 3770 sali
2345 3731 2474 3769 cura
2519 3714 2826 3784 providendi
2877 3711 3137 3783 fratribus
3192 3714 3302 3768 suis
3354 3713 3418 3766 ab
3463 3711 3772 3766 lucreditatu

2191 3805 2419 3860 exclusis
2467 3820 2485 3858 :
2537 3803 2798 3873 ejusmodi
2866 3802 3006 3856 enim
3064 3800 3371 3855 exoneratio
3413 3799 3766 3868 signiﬁcatur.

2191 3895 2437 3956 dicendo,
2482 3903 2538 3947 ut
2581 3902 2658 3947 est
2700 3895 2752 3946 in
2812 3889 3059 3970 llebrazo,
3094 3889 3161 3942 Et
3219 3889 3367 3942 misit
3417 3904 3503 3943 eos
3549 3886 3772 3958 desuper

2196 3986 2353 4040 lsuac
2392 3983 2516 4038 dum
2558 3984 2729 4038 adhuc
2759 3985 2867 4054 ipse
2897 3985 3101 4045 viveret,
3133 3991 3378 4053 tanquam
3404 3980 3590 4035 tollens
3616 3996 3768 4042 onus,

2191 4079 2330 4150 quod
2357 4087 2472 4132 erat
2496 4093 2650 4147 super
2683 4075 2863 4140 Isaac,
2897 4086 2944 4130 et
2977 4077 3099 4145 quia
3129 4074 3238 4128 hac
3266 4075 3528 4128 exsecutio
3558 4073 3660 4144 fuit
3689 4073 3770 4126 ul-

2194 4173 2324 4224 tima
2358 4187 2439 4225 res
2472 4179 2618 4239 gesta
2652 4167 2716 4221 ab
2747 4167 3018 4221 Abraham
3059 4167 3487 4235 prudentissime,
3517 4166 3634 4220 ideo
3673 4165 3772 4219 ad-

513 4265 603 4312 tur
631 4257 684 4309 in
715 4256 856 4310 vobis
896 4273 1046 4311 omne
1092 4259 1462 4322 masculinum,
1498 4268 1605 4315 etc.
1649 4258 1789 4330 Ergo
1837 4261 1918 4315 vel
1974 4262 2091 4330 ipso
2185 4264 2455 4333 jungitur,
2484 4261 2622 4331 quod
2653 4261 2776 4330 fecit
2807 4259 2934 4312 dum
2967 4258 3139 4313 adhuc
3170 4260 3278 4329 ipse
3301 4259 3511 4314 viveret.

512 4354 708 4399 octavo
737 4345 845 4412 die,
873 4346 955 4401 vel
993 4362 1058 4401 eo
1091 4349 1324 4418 expleto.
1381 4349 1598 4413 Strabo,
1634 4350 1729 4404 lib.
1763 4367 1894 4412 xvn,
1939 4359 2088 4420 putat

511 4436 679 4500 etiam
712 4435 941 4493 fetutinas
970 4435 1186 4494 iudicas
1225 4450 1554 4511 amputatas,
1588 4442 1734 4512 quod
1774 4443 1854 4495 uti
1892 4441 2088 4496 falsum

2264 4354 2423 4422 lbid.,
2460 4354 2556 4407 lin.
2596 4353 2676 4407 ιι).
2725 4350 3036 4420 Κατέσχω·
3090 4350 3261 4423 γοῦν.
3311 4349 3606 4421 Josephus,
3637 4365 3766 4406 ινιτ

2195 4445 2352 4504 Οὗτοι
2384 4449 2563 4503 πᾶσαν
2594 4447 2693 4520 τὴν
2725 4448 2820 4501 ἀπ’
2842 4446 3124 4518 Εὐφράτου
3149 4447 3241 4502 καὶ
3263 4447 3606 4519 καθήκουσαν
3636 4447 3774 4520 πρὸς

511 4537 566 4584 et
607 4528 897 4584 ridiculum
937 4532 1112 4600 rejicit
1135 4532 1369 4596 Delrius,
1405 4533 1590 4588 Cenes.
1624 4551 1744 4605 cap.
1777 4551 1910 4589 xvu.
1944 4533 2088 4590 Rabr

2193 4542 2290 4612 τὴν
2343 4540 2610 4612 Ἐρυθρὰν
2653 4539 2927 4594 θάλασσαν
2957 4539 3288 4601 κατοικοῦσι,
3330 4538 3640 4614 Ναϐατινὴν
3672 4540 3770 4614 τῆν

511 4621 629 4675 bini
671 4621 890 4690 quidam
923 4623 1114 4679 dicunt
1147 4641 1240 4680 eas
1276 4641 1375 4696 pro
1404 4626 1824 4681 circumcisione
1854 4628 2088 4698 quadam

515 4726 672 4782 aqua:
703 4714 1026 4771 lustratione
1064 4716 1208 4770 baud
1253 4717 1492 4772 absimili
1528 4717 1801 4787 baptismo
1844 4735 1993 4782 usas,
2033 4729 2092 4775 ut

514 4815 701 4862 narrat
724 4805 884 4864 Joan.
919 4807 1264 4873 Benedictus,
1291 4811 1384 4864 lib.
1431 4825 1445 4863 ι
1489 4809 1721 4864 Summa:
1748 4810 1812 4866 de
1844 4813 2088 4880 peccatis,

512 4912 638 4968 cap.
675 4898 728 4952 7.

585 4989 740 5049 lbid.,
797 4989 894 5044 lin.
951 4990 1004 5044 4.
1053 4991 1292 5056 Ἄραϐες
1350 4990 1478 5060 γάρ.
1528 4989 1835 5062 .losephus.
1896 4993 1991 5048 lib.
2053 5012 2090 5057 ι,

512 5095 634 5150 cap.
666 5081 753 5146 15,
792 5083 1007 5151 Antiq.:
1044 5083 1280 5154 Ἄραϐες
1308 5084 1362 5137 δὲ
1400 5084 1536 5155 μετὰ
1567 5086 1684 5148 ἔτος
1719 5089 2092 5159 τρισκαιδέκα-

513 5187 640 5236 {tow
699 5172 984 5244 Ἰσμαῆλος
1040 5175 1145 5245 γὰρ
1196 5176 1225 5226 ό
1270 5175 1492 5246 κτίστης
1536 5176 1712 5229 αὐτῶν
1744 5178 1838 5231 τοῦ
1888 5180 2091 5240 ἔθνους,

525 5263 802 5337 Ἀὕράμου
832 5267 1117 5337 γενόμενος
1145 5269 1208 5319 ὲκ
1236 5268 1334 5339 τῆς
1357 5269 1637 5341 παλλακῆς
1663 5272 1720 5323 ὲν
1743 5271 1916 5342 τούτῳ
1941 5289 2096 5343 περι-

513 5368 771 5431 τέμνεται
805 5359 884 5430 τῷ
927 5359 1124 5430 χρόνῳ.
1155 5359 1218 5412 Et
1241 5361 1309 5415 ab
1337 5361 1422 5417 his
1453 5360 1761 5434 Egyptios,
1807 5361 2094 5417 Phoenices

513 5459 568 5512 et
592 5451 729 5505 alios
754 5451 913 5504 ritum
943 5451 1382 5509 circumcisionis
1406 5455 1686 5523 accepisse
1715 5455 1847 5508 nulli
1871 5453 2092 5508 dubium

515 5551 639 5592 esse
665 5537 847 5603 debet,
881 5539 983 5594 etsi
1017 5542 1174 5595 aliter
1206 5542 1407 5596 sentiat
1440 5541 1772 5607 Herodotus,
1802 5544 1894 5612 qui
1924 5541 2097 5598 Palae-

518 5629 696 5688 stinos
728 5630 796 5694 ab
834 5629 1106 5703 Egypliis
1148 5633 1251 5688 hoc
1274 5635 1534 5691 didicisse
1563 5636 1752 5692 refert.
1789 5635 1924 5690 Illud
1971 5653 2095 5708 pro-

522 5721 663 5774 lecto
707 5723 1061 5779 manifestum
1099 5734 1205 5788 est,
1250 5737 1374 5782 ante
1412 5731 1889 5787 circumcisionem
1923 5731 2094 5801 ipsius

521 5811 753 5876 Abrahae
808 5815 1015 5874 nullum
1064 5832 1332 5899 nusquam
1387 5819 1658 5877 hominem
1703 5837 1764 5875 se
1801 5822 2091 5888 circumci-

2194 4631 2378 4703 χώραν
2413 4631 2814 4701 ὼνομάσαντες,
2847 4629 2968 4683 Εἰσὶ
3000 4629 3055 4686 δὲ
3099 4625 3243 4686 οὗτοι
3284 4634 3333 4687 οἶ
3373 4634 3480 4687 τῶν
3526 4633 3772 4708 ’Δράϐων

2193 4722 2364 4787 ἔθνος,
2395 4723 2488 4774 καὶ
2521 4721 2620 4785 τὰς
2652 4722 2821 4790 φυλὰς
2855 4722 2948 4777 ἀπ’
2995 4724 3176 4778 αὐτῶν
3205 4723 3430 4778 καλοῦσι
3462 4724 3552 4778 διά
3581 4743 3639 4779 τε
3671 4725 3772 4798 τὴν

2195 4814 2394 4885 ἀρετὴν
2427 4812 2604 4867 αὐτῶν
2631 4815 2725 4868 καλ¹
2755 4815 2842 4869 διὰ
2874 4817 2934 4868 τὸ
2980 4816 3253 4888 Ἀϐράμου
3287 4816 3521 4887 ἀξίωμα.

2267 4903 2426 4969 lbid.,
2461 4906 2560 4962 lin.
2599 4908 2680 4960 l5.
2725 4907 2777 4959 Ὀ
2816 4908 2959 4973 Θεὸς
2983 4908 3090 4962 τὸν
3125 4907 3342 4963 Ἰσαάκ.
3381 4907 3580 4964 Eadem
3612 4905 3771 4966 lose-

2196 4999 2357 5070 phus,
2389 4999 2568 5069 Antiq.
2606 5001 2698 5055 lib.
2731 5014 2768 5066 ι,
2813 5015 2934 5070 cap.
2990 4999 3074 5063 14,
3129 5000 3220 5055 ubi
3264 5009 3317 5056 et
3361 5001 3512 5057 Isaac
3541 5003 3670 5057 dum
3699 5001 3770 5058 ad

2196 5091 2526 5148 sacrificium
2562 5091 2926 5147 immolandus
2953 5090 3268 5155 duceretur,
3302 5092 3469 5148 fuisse
3491 5093 3655 5148 tradit
3681 5093 3769 5148 vi-

2194 5182 2328 5252 ginti
2364 5183 2606 5254 quinque
2645 5197 2934 5238 annorum.
2969 5183 3119 5238 Aben
3164 5183 3297 5239 Ezra
3331 5184 3642 5252 duodecim,
3667 5186 3773 5242 lle-

2196 5274 2325 5327 brmi
2355 5273 2578 5342 triginta
2618 5283 2843 5342 septem.
2891 5270 3088 5327 Verum
3121 5270 3341 5344 Josephi
3373 5277 3644 5330 sententia
3681 5290 3773 5328 ra-

2195 5363 2511 5417 tionabilior
2556 5363 2791 5427 videtur,
2834 5379 2935 5418 nec
2972 5365 3118 5418 enim
3163 5380 3429 5419 annorum
3460 5365 3647 5421 decem
3684 5365 3773 5420 vel

2195 5456 2483 5510 duodecim
2525 5454 2676 5510 Isaac
2721 5457 2776 5510 in
2819 5471 3050 5511 ascensu
3079 5457 3279 5511 montis
3308 5456 3480 5511 arduo
3520 5468 3576 5513 et
3619 5457 3774 5512 labo-

2199 5548 2366 5613 rioso,
2387 5549 2441 5603 in
2465 5557 2571 5602 tam
2592 5557 2778 5603 tenera
2799 5557 2980 5612 artato,
3019 5549 3232 5619 pondus
3261 5549 3534 5620 lignorum
3567 5550 3632 5604 ad
3665 5550 3771 5605 ho-

2199 5642 2503 5695 locaustum
2540 5638 2680 5695 ferre
2712 5641 3002 5711 potuisset,
3030 5648 3083 5695 et
3111 5641 3333 5712 triginta
3363 5650 3569 5713 septem
3599 5643 3770 5699 nimis

2196 5738 2509 5802 provectus,
2544 5745 2643 5786 nec
2670 5747 2804 5801 puer
2835 5746 2863 5783 ιι
2899 5730 3184 5802 Scriptura
3206 5733 3329 5801 jure
3355 5733 3616 5802 appellari
3641 5748 3770 5803 pos-

2201 5828 2300 5877 set.
2329 5821 2404 5888 lﬁs
2445 5838 2551 5890 quo
2588 5821 2788 5888 Paulus
2823 5823 3115 5894 Burgensis
3148 5831 3579 5900 argumentatur,
3616 5823 3771 5880 Isaae
3838 5883 3844 5894 ,
