4100 6410
350 400 488 455 £025

1431 390 1495 447 IN
1539 386 1908 446 EESTATHll
1947 382 2420 442 liEXAEMERON
2455 383 2683 440 ΝΟΤΕ.

3447 385 3471 438 ί
3482 378 3583 438 026

347 526 480 572 tunc
517 527 626 567 non
673 510 841 572 fuisse
884 508 1144 578 majorem
1179 507 1389 562 decimo
1428 509 1639 578 quinto,
1685 506 1914 576 ideoque
1941 516 1987 572 Α
2085 503 2244 563 lbid..
2301 503 2398 558 lin.
2441 501 2530 555 27.
2589 498 2674 564 Τῷ
2720 498 2840 561 Θεῷ
2880 496 2988 566 γάρ
3024 511 3114 550 σε.
3146 494 3436 566 Pet-peram
3469 498 3583 554 lin

347 608 489 664 hanc
519 603 762 659 ultimam
797 601 1123 657 sententiam
1167 599 1389 657 refellit.
1430 598 1629 656 Verum
1664 606 1726 652 nt
1757 599 1910 652 futile

347 699 420 753 sit
456 695 560 751 hoc
593 699 975 764 argumentum
1014 690 1100 744 vel
1129 690 1196 744 iis
1225 691 1318 762 qui
1350 689 1590 744 nondum
1617 687 1911 758 Scriptura

346 801 519 845 sacrae
550 800 712 842 sensa
741 784 1123 853 degustarunt,
1155 797 1263 835 non
1293 781 1492 851 quibus
1529 781 1584 834 in
1622 780 1689 834 iis
1721 794 1911 850 sapere

347 877 664 948 etjudicare
685 875 871 929 datum
899 881 1004 938 est,
1037 870 1386 925 manifestum
1416 877 1660 940 apparet.

417 990 535 1046 Col.
570 989 690 1054 764,
731 989 826 1042 lin.
852 986 940 1041 16.
973 986 1095 1040 Ἐπ’
1117 985 1438 1054 ἀκρωρείας
1466 983 1646 1048 τινός.
1697 979 1908 1036 Hebraei

351 1082 576 1138 tradunt
609 1081 666 1135 in
696 1079 798 1134 hoc
826 1079 1019 1134 eodem
1052 1085 1234 1131 monte
1264 1077 1418 1141 Abel,
1445 1085 1499 1131 et
1529 1074 1662 1130 Cain
1697 1071 1908 1128 sacriﬁ-

349 1190 528 1239 easse,
562 1181 616 1227 et
638 1179 761 1243 post
784 1171 1047 1226 diluvium
1075 1169 1208 1232 Noe,
1244 1174 1407 1238 atque
1445 1167 1500 1220 in
1533 1181 1598 1220 eo
1635 1165 1754 1234 ipso
1788 1172 1911 1233 post

347 1266 517 1322 multa
539 1263 734 1320 saecula
765 1262 1022 1332 templum
1047 1274 1077 1312 a
1101 1258 1391 1313 Salomone
1417 1263 1775 1312 exstructum.
1802 1254 1912 1307 Au-

347 1358 620 1430 gustinus,
655 1370 819 1412 serm.
855 1353 924 1410 de
967 1361 1138 1421 temp.
1168 1352 1231 1405 71
1261 1370 1276 1406 :
1303 1349 1496 1404 Audite
1543 1347 1677 1402 illud
1727 1363 1912 1401 sacra.

347 1455 598 1509 mentum,
631 1444 822 1513 fratres
863 1442 1194 1505 sharissimi,
1244 1439 1598 1510 Hieronymus
1646 1437 1913 1507 presbyter

349 1535 579 1604 scripsit,
609 1549 663 1586 se
706 1532 770 1585 ab
805 1531 1035 1601 antiquis
1076 1540 1124 1584 et
1163 1528 1452 1583 senioribus
1487 1527 1692 1581 Judwis
1725 1527 1908 1580 certis-

347 1630 479 1683 sime
504 1627 820 1698 cognovisse,
848 1624 986 1695 quod
1028 1623 1102 1678 ibi
1149 1623 1452 1676 immolatus
1495 1622 1563 1675 sit
1615 1620 1792 1684 Isaac,
1823 1619 1912 1672 ubi

346 1727 528 1788 postea
570 1717 812 1772 Christus
859 1716 1144 1782 cruciﬁxus
1185 1723 1284 1768 est.
1331 1712 1492 1774 Beda,
1525 1713 1603 1766 De
1636 1711 1764 1765 locis
1789 1727 1914 1764 san-

347 1811 467 1875 ctis,
499 1825 620 1880 cap.
644 1808 706 1863 Ξῖ
736 1807 802 1862 In
831 1806 945 1861 loco
981 1819 1153 1860 autem
1177 1805 1292 1868 illo,
1315 1820 1417 1874 quo
1445 1802 1713 1856 Abraham
1738 1801 1912 1855 altare

347 1901 416 1954 ad
457 1900 838 1954 immolandum
878 1899 1048 1969 ﬁlium
1087 1898 1401 1960 construxit,
1447 1911 1624 1950 mensa
1642 1903 1720 1950 est
1743 1895 1911 1964 lignea

346 2005 532 2060 parva,
554 1991 608 2045 in
641 2007 744 2062 qua
782 2003 1070 2060 pauperum
1103 1987 1442 2057 eleemosynae
1465 1986 1633 2040 solent
1665 2001 1698 2038 a
1721 1985 1913 2054 populo

348 2081 568 2153 deferri.

416 2193 577 2261 Ibid.,
612 2193 708 2248 lin.
751 2193 839 2248 l9.
879 2187 947 2246 Ὦ
994 2192 1112 2257 παῖ,
1141 2191 1396 2261 μυρίαις.
1436 2187 1562 2245 ΙΙωο
1583 2189 1814 2244 Abralia:
1842 2189 1910 2244 ad

348 2287 500 2340 lsaac
536 2286 713 2340 oratio
765 2285 1041 2355 exscripta
1080 2292 1166 2340 est
1209 2291 1320 2338 tota
1365 2298 1432 2338 ex
1481 2281 1702 2352 Josephi
1749 2282 1844 2336 lib.
1892 2296 1908 2336 ι

349 2379 528 2449 Antiq.
564 2391 686 2447 cap.
720 2375 809 2430 14.

415 2480 576 2545 lliid.,
607 2481 704 2536 lin.
735 2481 826 2536 2|.
857 2482 975 2536 Οὐκ
1003 2481 1174 2536 ἐστιν
1206 2481 1295 2536 ὅτι
1322 2481 1429 2551 μή.
1468 2479 1661 2536 Munus
1688 2483 1793 2536 hoc
1816 2497 1912 2552 pa-

345 2581 583 2642 ternum,
610 2573 750 2628 ﬁlios
773 2573 847 2627 ita
875 2571 1160 2628 efformare
1193 2581 1252 2628 ut
1282 2573 1349 2627 ad
1372 2573 1761 2643 capessendam
1790 2573 1914 2629 bea-

346 2665 634 2721 titudinem
686 2665 853 2736 inepti
893 2680 1003 2720 non
1045 2666 1176 2721 sint.
1223 2664 1354 2732 Quae
1404 2665 1654 2721 humana:
1701 2674 1911 2722 natura:

347 2755 473 2810 ﬁnis
503 2770 567 2810 ac
603 2753 836 2810 felicitas
880 2763 996 2823 est;
1042 2757 1144 2810 hoc
1184 2755 1334 2810 omni
1368 2769 1501 2810 cura
1531 2771 1594 2809 ac
1632 2755 1908 2828 diligentia

345 2845 768 2917 procurandum,
822 2854 1016 2902 caetera
1063 2849 1480 2903 contemnenda.
1525 2846 1700 2916 Plato,
1751 2849 1845 2905 lib.
1876 2866 1909 2905 ν

344 2937 424 2992 De
461 2937 662 3006 repub.,
712 2938 904 2994 suadet
949 2938 1003 2992 in
1033 2924 1318 3009 gignendis
1353 2938 1540 2994 liberis
1574 2954 1671 2994 eos
1703 2939 1906 2993 imitari

344 3031 439 3102 qui
469 3030 773 3086 belluarum
804 3031 1036 3086 studiosi
1065 3032 1198 3086 dant
1231 3045 1474 3103 cperam,
1504 3040 1562 3085 ut
1587 3047 1651 3087 ex
1685 3031 1910 3102 optimis

343 3123 595 3189 canibus,
619 3124 796 3194 equis,
822 3131 873 3178 et
903 3124 1094 3178 avibus
1113 3123 1316 3193 optima
1347 3124 1556 3177 oriatur
1577 3124 1780 3193 proles.
1805 3121 1908 3178 De-

345 3221 656 3286 sumpserat
678 3230 746 3268 ex
772 3214 938 3270 Ucelli
966 3213 1170 3268 Lucani
1203 3213 1300 3269 lib.
1331 3213 1405 3268 De
1426 3213 1657 3269 universi
1689 3222 1904 3276 natura,
1933 3202 1976 3259 C

343 3303 440 3376 qui
471 3312 596 3357 ante
619 3318 742 3357 eum
775 3303 847 3358 ita
877 3303 1377 3372 scripseratzMsra
1412 3302 1591 3375 πάσης
1618 3299 1708 3357 οὖν
1741 3319 1907 3356 σπου-

341 3393 440 3465 δῆς
462 3395 556 3448 καὶ
581 3393 854 3465 προσοχῆς
876 3393 956 3446 δεῖ
977 3392 1427 3457 καταϐάλλεσθαι,
1454 3393 1602 3456 ὅπως
1624 3393 1691 3447 τὰ
1710 3391 1908 3462 γεννώ-

349 3501 485 3556 μενα
533 3483 754 3556 ,γίνηται
811 3484 1157 3556 χαριέστατα,
1216 3484 1310 3537 καὶ
1364 3483 1675 3555 γεννώμενα
1729 3483 1908 3548 καλῶς

343 3577 649 3647 ἀνατραφῇ.
700 3574 836 3629 Οὔτε
881 3575 987 3648 γὰρ
1023 3575 1230 3629 δίκαιον
1276 3576 1402 3639 τοὺς
1451 3576 1546 3647 μὲν
1592 3577 1904 3646 φιλίππους,

345 3668 441 3720 καὶ
478 3667 805 3738 φιλόρνιθας,
851 3668 943 3721 καὶ
985 3667 1276 3737 φιλόκυνας
1321 3668 1458 3739 μετά
1497 3669 1673 3741 πάσης
1713 3670 1908 3740 ἐπιμε-

345 3758 494 3822 λείας
525 3759 777 3830 φροντίδα
806 3759 1072 3813 ποιεῖσθαι
1097 3759 1204 3813 τῶν
1229 3759 1546 3831 γινομένων,
1584 3759 1658 3824 ὡς
1689 3761 1787 3824 δεῖ,
1815 3762 1907 3814 καὶ

346 3848 406 3915 ἐξ
425 3841 498 3903 ὧν
522 3849 620 3913 δεῖ,
648 3850 741 3902 καὶ
767 3850 850 3902 ὅτε
886 3849 982 3915 δεῖ,
1019 3850 1111 3903 καί⁸
1139 3850 1253 3914 πῶς
1286 3850 1637 3923 διακειμένων
1668 3852 1908 3922 γίνεσθαι

344 3940 446 4004 τὰς
494 3939 665 4011 μίξεις
705 3941 799 3994 καὶ
834 3941 933 4003 τὰς
965 3942 1265 4005 κοινωνίας,
1295 3940 1388 3994 τοῦ
1423 3941 1496 4014 μὴ
1530 3941 1605 4006 ὡς
1635 3943 1788 4012 ἔτυχε
1820 3943 1908 4010 γί-

344 4030 530 4085 νεσθαι
580 4029 648 4085 τά
693 4031 1024 4104 γεννώμενασ
1069 4034 1195 4095 τοὺς
1236 4032 1294 4086 δὲ
1340 4033 1656 4104 ἀνθρώπους
1705 4034 1907 4106 μηδένα

345 4122 616 4176 ποιεῖσθαι
647 4122 802 4192 λόγον
829 4123 937 4176 τῶν
968 4124 1109 4188 ἰδίων
1144 4125 1398 4194 ἐγγόνων,
1425 4125 1559 4178 ἀλλά
1593 4128 1686 4179 καὶ
1717 4128 1909 4199 γεννᾷν

343 4216 421 4280 ὡς
445 4215 620 4286 ἔτυχε,
659 4217 752 4270 καὶ
776 4217 1125 4287 γεννωμένων
1151 4217 1430 4288 ὀλιγωρεῖν
1455 4217 1545 4269 καὶ
1577 4217 1678 4288 τῆς
1703 4219 1908 4290 τροερῆς

342 4309 443 4364 καὶ
471 4308 569 4379 τῆς
604 4308 870 4372 παιδείας.
900 4308 1085 4362 Ταῦτα
1110 4307 1215 4381 γάρ
1243 4306 1584 4379 ἀμελούμενα
1609 4309 1788 4380 πάσης
1810 4327 1910 4364 κα-

344 4401 472 4462 κίας
497 4401 590 4454 καὶ
619 4400 948 4470 φαυλότητος
973 4401 1234 4474 παραίτια
1255 4402 1482 4470 γίνεται,
1517 4401 1904 4475 βοσκηματὼδη

2010 595 2155 652 dicta
2179 609 2211 649 a
2232 591 2469 663 Joseplio
2492 590 2740 662 Lyranus
2761 587 3064 652 contendit,
3089 588 3234 659 quod
3258 591 3386 644 facit
3407 589 3584 645 Αἰποό

2010 687 2136 741 ham
2166 686 2478 740 credentem
2504 685 2580 738 ita
2611 665 2936 737 moriturum
2965 681 3137 737 fuisse
3171 682 3343 746 lsaac,
3374 691 3435 736 ut
3464 682 3584 750 ejus

2011 780 2190 833 anima
2215 784 2476 848 perpetuo
2501 774 2645 844 apud
2677 773 2847 828 Deum
2877 783 3140 837 maneret,
3171 789 3270 828 nec
3298 789 3490 829 rursus
3512 772 3581 828 ad

2009 871 2176 928 vitam
2211 869 2456 924 reditura
2486 876 2668 931 esset;
2694 867 2747 922 id
2774 867 2920 922 enim
2961 865 3154 920 fuisset
3194 876 3382 920 contra
3420 866 3578 922 ﬁdem

2009 963 2321 1018 divinarum
2351 959 2780 1030 promissionum
2808 958 2875 1013 de
2915 957 3099 1011 futura
3131 955 3280 1011 lsaac
3303 959 3577 1028 progenie.

2009 1069 2172 1126 quam
2227 1051 2623 1113 ﬁrmissimam,
2685 1058 2850 1119 atque
2906 1049 3290 1104 inconcussam
3345 1049 3580 1104 habebat

2010 1144 2302 1206 Abraham,
2335 1140 2641 1196 certissime
2668 1139 2897 1196 credens
2928 1139 3094 1194 Deum
3125 1154 3318 1195 rursus
3340 1137 3490 1196 Isaac
3509 1155 3578 1195 es

2011 1234 2243 1290 mortuis
2286 1239 2674 1287 revocaturum
2717 1229 2786 1284 ad
2815 1231 3018 1296 vitam;
3053 1229 3199 1299 quod
3245 1245 3376 1285 sane
3411 1229 3477 1284 de
3513 1242 3582 1284 eo

2010 1327 2231 1382 disertis
2257 1324 2440 1380 verbis
2465 1322 2791 1378 testiﬁcatus
2815 1329 2898 1376 est
2919 1320 3121 1375 Paulus
3141 1321 3206 1374 ad
3226 1319 3480 1377 Hebraeos
3503 1337 3579 1376 si.

2011 1419 2167 1486 Quod
2216 1427 2603 1489 argumentum
2651 1431 2814 1487 quam
2858 1417 2932 1471 sit
2981 1415 3144 1470 inane
3189 1413 3420 1470 lectione
3462 1415 3582 1486 ipsa

2011 1521 2194 1567 textus
2226 1511 2360 1566 satis
2392 1518 2636 1580 apparet.

2083 1602 2239 1666 lbid.,
2268 1601 2361 1657 lin.
2386 1601 2477 1656 28.
2517 1599 2747 1654 Τούτων
2764 1598 3054 1662 ἀκούσας.
3077 1595 3368 1666 .oscpbus.
3394 1595 3581 1667 Antiq.

2014 1693 2110 1750 lib.
2146 1710 2200 1748 ιι
2229 1694 2444 1755 Ἴσακος
2476 1691 2554 1754 δὲ,
2601 1689 2805 1762 πατρὸς
2843 1689 2950 1760 γὰρ
2986 1684 3052 1759 ἦν
3097 1688 3209 1740 οἴου
3252 1688 3584 1757 τετυχηκότα

2012 1782 2259 1850 γενναῖον
2296 1779 2467 1832 ἐδεῖτο
2499 1777 2753 1850 φρόνημα
2785 1771 2946 1841 εἶναι,
2976 1776 3190 1846 δέχεται
3224 1774 3359 1848 πρὸς
3389 1775 3581 1846 ἡδονὴν

2011 1872 2135 1937 τοὺς
2161 1871 2370 1940 λόγους·
2412 1869 2506 1922 καὶ
2553 1869 2755 1940 φήσας.
2784 1868 2859 1932 ὡς
2895 1867 3016 1920 οὐδὲ
3043 1867 3322 1936 γεγονέναι
3353 1867 3450 1938 τὴν
3478 1868 3580 1939 ἀρ-

2011 1963 2110 2034 χὴν
2141 1959 2207 2034 ἦν
2239 1963 2462 2026 δίκαιος,
2511 1962 2559 2013 εἰ
2595 1959 2728 2014 Θεοῦ
2780 1959 2875 2013 καὶ
2913 1958 3118 2031 πατρὸς
3170 1957 3353 2029 μέλλει
3400 1958 3580 2030 κρίσιν

2010 2051 2370 2115 ἀπωθεῖσθαι,
2405 2051 2498 2106 καὶ
2527 2050 2601 2122 μὴ
2631 2049 2894 2120 παρέχειν
2925 2051 3086 2103 αὑτὸν
3116 2052 3226 2112 τοῖς
3256 2049 3582 2121 ἀμφοτέρων

2014 2146 2345 2218 βουλήμασιν
2375 2143 2627 2214 ἑτοίμως,
2651 2143 2738 2194 ὅτε
2767 2141 2861 2195 καὶ
2889 2142 3046 2212 μόνου
3068 2141 3162 2195 τοῦ
3189 2141 3389 2212 πατρὸς
3408 2141 3581 2196 ταῦτα

2011 2233 2438 2306 προαιρουμένου
2487 2233 2562 2306 μὴ
2610 2231 2906 2284 ὑπακούειν
2959 2231 3141 2286 ἄδικον
3189 2228 3276 2305 ἦν,
3323 2230 3580 2305 ὥρμησεν

2010 2327 2104 2379 ἐπὶ
2131 2327 2219 2378 τὸν
2253 2324 2434 2396 βωμὸν
2464 2325 2558 2378 καὶ
2586 2324 2684 2396 τὴν
2717 2326 2954 2394 σφαγὴν.

2085 2417 2246 2484 lbid.,
2287 2419 2384 2472 lin.
2422 2417 2510 2471 45.
2559 2417 2612 2468 Ὀ
2645 2416 2712 2470 δὲ
2745 2417 2890 2483 θεὸς
2920 2416 3052 2482 τήν.
3092 2417 3396 2472 Alexander
3421 2416 3580 2490 Poly-

2011 2511 2185 2566 histor
2210 2509 2352 2580 apud
2375 2507 2695 2572 Eusebium,
2724 2507 2803 2562 De
2821 2518 3112 2578 prcparat.
3136 2508 3334 2580 Evang.
3365 2510 3461 2563 lib.
3491 2525 3540 2564 ix
3561 2525 3581 2562 :

2009 2601 2145 2656 Μετ’
2173 2601 2233 2655 οὑ
2262 2599 2426 2654 πολὺν
2449 2600 2505 2653 δὲ
2538 2599 2727 2672 χρόνον
2755 2599 2846 2653 τὸν
2875 2601 3008 2655 Θεὸν
3039 2599 3380 2672 τῷἈϐραάμ
3407 2616 3581 2671 προσο

2008 2691 2164 2758 τάξαι
2209 2690 2392 2745 Ἰσαάκ
2432 2692 2522 2745 τὸν
2585 2693 2698 2745 υἰδν
2738 2692 3122 2759 όλοκαρπῶσαι
3165 2691 3335 2762 αὐτῷ.
3381 2693 3484 2746 Τὸν
3522 2691 3582 2746 δὲ

2009 2781 2349 2850 ἀναγαγόντα
2379 2782 2468 2836 τὸν
2499 2783 2661 2836 παῖδα
2690 2784 2782 2836 ἐπὶ
2811 2783 2872 2837 τὸ
2901 2784 3028 2854 ὅρος
3057 2784 3237 2855 πυράν
3273 2783 3454 2854 νῆσαι,
3487 2783 3582 2837 καὶ

2009 2874 2275 2928 ἐπιθεῖναι
2311 2873 2404 2926 τὸν
2449 2874 2654 2930 Ἰσαάκ.
2691 2874 2922 2954 Σφάζειν
2955 2875 3012 2928 δὲ
3047 2875 3308 2945 μέλλοντα
3336 2873 3586 2944 κωλυθῆο

2009 2984 2094 3021 ναι
2123 2966 2227 3020 ὑπὸ
2255 2965 2486 3036 ἀγγέλου
2516 2966 2668 3038 κριὸν
2697 2966 2839 3038 αὐτῷ
2861 2965 2997 3038 πρὸς
3027 2967 3125 3038 τὴν
3153 2967 3436 3040 κάρπωσιν
3473 2981 3583 3020 παι

2011 3057 2399 3129 ραστήσαντος.
2450 3054 2554 3110 Τὸν
2593 3057 2648 3110 δὲ
2705 3055 2954 3129 ’Δδραάμ
2985 3057 3077 3111 τὸν
3123 3059 3220 3128 μὲν
3255 3058 3418 3112 παῖδα
3449 3057 3588 3112 καθο

2008 3147 2148 3201 ελεῖν
2171 3147 2279 3201 ἀπὸ
2308 3147 2406 3218 τῆς
2435 3149 2631 3216 πυρᾶς,
2658 3148 2748 3200 τὸν
2777 3148 2834 3201 δὲ
2862 3146 3014 3219 κριὸν
3042 3149 3352 3220 καρπῶσαι.
3379 3147 3447 3202 Et
3471 3149 3578 3204 hoc

2007 3251 2076 3292 ex
2103 3235 2333 3292 Philone
2364 3245 2522 3309 poeta
2551 3237 2860 3292 conﬁrmat.

2076 3327 2238 3389 lbid.,
2276 3328 2372 3380 lin.
2408 3327 2496 3382 50.
2531 3328 2746 3395 Πρώτῳ
2771 3327 2839 3380 δὲ
2870 3327 2968 3393 τῷ.
3007 3325 3297 3392 Eusebius,
3323 3328 3580 3384 Chronic.

2009 3416 2102 3472 lib.
2136 3433 2182 3473 ιε
2211 3417 2417 3490 Πρώτῳ
2439 3417 2730 3488 προφητῶν
2751 3416 2862 3473 ὄντι
2882 3418 2960 3488 τῷ
3000 3417 3246 3491 ’Δϐραάμ
3277 3418 3419 3473 ότοῦ
3439 3417 3580 3472 Θεοῦ

2006 3513 2175 3580 Λόγος
2217 3511 2406 3580 φανεὶς
2448 3511 2504 3563 ὲν
2537 3510 2820 3583 ἀνθρώπου
2871 3511 3107 3582 σχήματι
3139 3511 3238 3583 τὴν
3270 3510 3378 3564 τῶν
3406 3509 3579 3565 ἐθνῶν

2007 3604 2198 3676 κλῆσιν
2223 3602 2492 3666 θεσπίζει,
2527 3603 2593 3673 ἣν
2634 3601 2758 3655 καθ’
2805 3604 2956 3674 ἡμᾶς
2981 3605 3010 3656 ό
3034 3601 3129 3656 τοῦ
3155 3601 3391 3674 Χριστοῦ
3421 3600 3578 3671 λόγος

2007 3697 2086 3760 εἰς
2115 3695 2286 3768 πέρας
2319 3696 2493 3764 ἤγαγε
2530 3692 2617 3748 διὰ
2652 3694 2754 3764 τῆς
2779 3695 2858 3758 εἰς
2888 3694 3064 3748 πάντα
3088 3695 3156 3748 τά
3180 3693 3308 3767 ἔθνη
3336 3694 3581 3762 Εὐαγγέ-

2005 3786 2160 3859 λικῆς
2207 3786 2575 3852 διδασκαλίας.
2625 3785 2751 3841 llaec
2798 3786 2985 3841 eadem
3016 3785 3311 3841 Chronico):
3343 3786 3580 3840 Alexan-

2007 3879 2240 3932 drinum.
2294 3876 2368 3931 De
2422 3876 2523 3930 liae
2581 3883 2634 3932 et
2673 3871 2806 3931 aliis
2864 3877 3098 3932 Abrahae
3157 3878 3579 3933 rerelationibus

2006 3967 2257 4022 Asterius
2283 3966 2527 4020 Amasea:
2554 3966 2846 4036 episcopus
2881 3967 3027 4021 hom.
3063 3965 3137 4022 De
3167 3964 3372 4021 Lazaro
3409 3976 3463 4022 et
3492 3967 3580 4022 di-

2007 4058 2138 4122 vite,
2169 4073 2292 4112 cum
2324 4057 2390 4110 ad
2422 4057 2646 4111 dubiqu
2677 4057 2832 4124 illud,
2857 4057 2997 4124 Quid
3027 4072 3209 4114 causa:
3235 4059 3395 4113 fuerit
3433 4058 3580 4129 quod

2007 4165 2130 4202 cum
2163 4149 2316 4202 multi
2343 4148 2614 4217 justorum
2654 4149 2964 4203 Abrahamo
2993 4150 3330 4219 antiquiores
3356 4151 3582 4214 fuerint,

2007 4242 2267 4295 honorem
2318 4240 2461 4294 hunc
2514 4240 2622 4294 illis
2673 4241 2726 4293 in
2777 4256 2893 4295 :evo
2940 4241 3218 4296 remotiori
3264 4242 3583 4299 constitutis

2007 4330 2249 4384 debitum
2298 4328 2384 4384 isti
2439 4331 2714 4401 praecipue
2761 4331 3054 4401 assignat-it
3085 4346 3210 4384 cum
3250 4332 3476 4396 diceret,
3512 4330 3581 4387 Et

2007 4421 2370 4491 deportaretur
2413 4421 2478 4476 ab
2525 4423 2723 4493 angelis
2780 4423 2837 4476 in
2892 4423 3066 4476 sinum
3111 4421 3379 4488 Abrahae,
3432 4423 3582 4479 nulla

344 4492 444 4547 καὶ
478 4494 676 4562 ἀγεννῆ
709 4490 1075 4547 ἀποτελοῦντα
1105 4492 1173 4547 τά
1204 4493 1533 4565 γεννώμενα.
1570 4493 1687 4549 Duo
1725 4495 1908 4566 itaque

2013 4512 2150 4568 facta
2213 4511 2524 4576 mentione,
2571 4531 2747 4583 neque
2795 4514 3005 4577 Enocli.
3051 4530 3229 4584 neque
3285 4514 3439 4581 Noe,
3479 4531 3582 4571 nec

343 4582 592 4637 curanda
625 4588 753 4636 sunt
781 4581 836 4634 in
871 4581 1164 4636 liberorum
1193 4583 1557 4652 susceptione,
1591 4583 1826 4652 primum
1851 4592 1909 4637 ut

344 4673 473 4730 sciti
508 4681 562 4728 ct
604 4673 878 4744 elegantes
924 4673 1100 4743 quoad
1166 4674 1280 4729 ﬁeri
1334 4675 1534 4744 poterit
1591 4683 1908 4731 nascantur.

346 4765 686 4834 Secundum,
729 4782 855 4821 cum
891 4767 996 4821 orti
1042 4767 1390 4837 susceptique
1434 4765 1676 4832 fuerint,
1712 4768 1914 4822 libera-

344 4862 476 4919 liter
507 4863 837 4930 educentur;
873 4862 1118 4932 iniquum
1153 4863 1299 4917 enim
1351 4869 1436 4917 est
1474 4877 1694 4926 canum,
1726 4877 1912 4931 equo—

349 4967 472 5008 rum
504 4962 559 5008 et
590 4952 822 5008 aliorum
876 4953 1231 5007 animantium
1264 4951 1446 5008 studio
1479 4952 1672 5006 ductos
1712 4965 1912 5022 oppor-

349 5051 483 5098 tuna
511 5060 740 5117 quasque
764 5044 1106 5114 conquirere,
1155 5051 1215 5098 ut
1268 5045 1577 5100 necessaria
1607 5043 1676 5098 ad
1709 5059 1911 5100 munus

353 5149 512 5190 suum
560 5136 870 5192 obeundum
914 5135 1148 5190 habeant
1169 5175 1184 5198 ,
1213 5135 1446 5190 ﬁliorum
1472 5149 1602 5192 vero
1627 5134 1908 5192 educatio-

354 5237 476 5277 nem
502 5225 1011 5296 institutionemque
1046 5226 1338 5298 negligere.

425 5331 584 5398 l’oid.,
611 5334 709 5390 lin.
737 5334 828 5390 25.
859 5333 1052 5388 Πάλιν
1082 5335 1288 5399 τούτῳ.
1326 5331 1560 5390 Basilius
1599 5332 1910 5390 Seleucien-

353 5427 450 5488 sis,
501 5426 749 5480 oratione
796 5427 852 5480 in
899 5425 1167 5481 Abraham
1199 5439 1216 5477 :
1247 5427 1342 5480 ’ον
1370 5426 1568 5480 ἔδωκεν
1599 5427 1820 5498 ᾔτησεν,
1851 5427 1912 5480 ὃν

351 5516 551 5574 ἔπλασε
584 5517 744 5572 πάλιν
775 5519 1056 5592 ἐζήτησεν·
1102 5518 1290 5574 ἔλαϐεν
1332 5522 1560 5591 αἰτήσας
1595 5520 1654 5573 δν
1690 5519 1904 5574 ἔδωκεν*

350 5610 594 5683 αἰτηθεὶς
619 5609 884 5664 ἀποδώσει
919 5612 1079 5666 πάλιν
1114 5611 1411 5684 βουληθεὶς,
1447 5612 1538 5666 ὑπ’
1561 5612 1773 5676 οὐδενὸς
1799 5631 1908 5666 κω-

351 5699 624 5770 λυόμενος.
675 5699 734 5751 '0
764 5699 872 5770 γὰρ
895 5701 992 5754 οὐκ
1025 5702 1151 5754 ὄντα
1176 5701 1299 5764 δοὺς
1329 5702 1420 5755 καὶ
1445 5700 1782 5772 νεκρωθέντα
1811 5718 1906 5773 χαι

357 5789 578 5862 ρίσεται.

2013 4606 2243 4660 aliorum
2273 4605 2518 4678 εἘπειδὴ
2555 4607 2662 4680 γάρ
2694 4608 2722 4659 ό
2757 4607 3008 4679 Ἀϐραὰμ
3034 4607 3286 4680 θεράπων
3321 4607 3580 4679 Χριστος»,

2013 4698 2106 4753 καὶ
2132 4699 2498 4770 διαφερόντως
2529 4695 2682 4765 οὗτος
2729 4700 3030 4772 ἀνθρώπων
3075 4701 3172 4764 τὰς
3212 4699 3304 4754 τοῦ
3343 4699 3582 4772 Χριστοῦ

2011 4788 2331 4859 ἐπιφανείας
2373 4789 2607 4855 ἐδέξατο,
2647 4793 2738 4844 καὶ
2783 4791 2843 4846 τὺ
2883 4791 2982 4861 τῆς
3021 4787 3248 4862 τριάδος
3289 4795 3585 4862 μυστήριον

2014 4881 2212 4945 ἱκανῶς
2238 4883 2367 4952 ἡμῖν
2398 4883 2455 4936 ὲν
2485 4884 2550 4953 τῇ
2591 4884 2760 4955 σκηνῇ
2789 4882 2884 4936 τοῦ
2913 4883 3164 4954 γέροντος
3201 4883 3389 4936 τοῦτου
3411 4881 3585 4935 διετυο

2012 4971 2190 5043 πώθη,
2229 4973 2394 5043 ἡνίκα
2429 4973 2554 5036 τοὺς
2578 4976 2723 5043 τρεῖς
2757 4974 3020 5043 ἀγγέλους
3057 4975 3133 5038 ὠς
3157 4975 3352 5046 ἄνδρας
3378 4973 3582 5028 ὁδοιπό-

2014 5081 2140 5135 ρους
2177 5063 2402 5130 ὲξένισε,
2437 5065 2529 5124 καὶ
2570 5063 2754 5128 ἀπλῶς
2799 5067 2862 5119 ὲκ
2897 5065 3102 5121 πολλῶν
3143 5066 3256 5121 τῶν
3307 5065 3583 5137 μυστικῶν

2010 5157 2344 5228 αἰνιγμάτων
2359 5159 2555 5220 οἰκεῖος
2569 5157 2664 5210 ἀνθ
2674 5173 2850 5229 ρωπος
2864 5151 3018 5222 οὗτος
3033 5156 3320 5228 γεγένηται
3337 5155 3431 5209 τοῦ
3447 5155 3579 5212 Θεοῦ

2009 5247 2103 5302 τοῦ
2130 5249 2338 5320 χρόνοις
2365 5247 2588 5319 ὕστερον
2609 5248 3016 5318 ἀμφιεσαμένου
3040 5248 3137 5321 τὴν
3159 5248 3357 5320 σάρκα,
3381 5249 3475 5302 καὶ
3493 5247 3583 5302 διὰ

2014 5339 2182 5410 μέσου
2215 5338 2309 5392 τοῦ
2348 5339 2633 5412 ἀνθρώπου
2660 5339 2852 5394 τούτου
2888 5340 3385 5412 παραπετάσματος
3417 5342 3588 5412 ἔναρα

2010 5431 2124 5500 γῶς
2150 5432 2509 5504 ὁμιλήσαντος
2536 5433 2648 5496 τοῖς
2675 5431 3000 5504 ἀνθρώποις⁸
3033 5431 3120 5486 διὰ
3155 5431 3312 5485 τοῦτο
3340 5431 3431 5484 τὸν
3459 5431 3580 5486 κόλ-

2012 5540 2112 5576 πον
2137 5523 2300 5577 αὐτοῦ
2333 5515 2442 5576 οἷον
2469 5521 2641 5576 εΰδιόν
2662 5540 2783 5576 τινα
2804 5523 3023 5594 λιμένα.
3045 5523 3140 5581 καί
3163 5522 3425 5596 ἄκλυστον
3452 5522 3582 5576 ἀνα-

2013 5615 2314 5686 παυτήριον
2347 5611 2486 5668 εἶναι
2512 5613 2621 5668 τῶν
2650 5613 2872 5668 δικαίων
2900 5612 3085 5685 φησίν.

2060 5705 2196 5773 βοὶ.
2233 5706 2362 5768 765.
2399 5708 2494 5761 lin.
2535 5707 2589 5762 ὅ.
2641 5706 3093 5775 Τελευτησάσης
3133 5705 3385 5776 Σὰρῤας.
3427 5703 3580 5760 lose—

2011 5801 2176 5872 phus,
2204 5799 2383 5870 Antig.
2413 5799 2509 5856 lib.
2536 5816 2575 5864 ι,
2609 5815 2730 5872 cap.
2753 5800 2818 5854 16
2851 5800 3056 5870 εΓαμτῖ
3075 5798 3130 5853 δί
3157 5799 3318 5862 αὐτὸς
3348 5797 3574 5852 Χεττοῦσ
