4100 6442
503 420 524 472 i
536 417 640 473 027

1935 407 2184 464 LEONIS
2222 405 2497 460 ALLATII

3607 403 3748 458 1028

505 553 605 607 ραν
629 535 869 605 ὕστερον,
900 534 958 599 ἐξ
985 528 1052 606 ἧς
1075 529 1222 604 αὐτῷ
1246 531 1436 594 παῖδες
1463 527 1524 594 ἓξ
1549 529 1810 598 γίνονται,
1844 528 1981 599 πρός
2015 544 2074 581 τε
2102 535 2151 592 Α
2179 540 2342 599 φησιν
2367 526 2396 580 6
2429 525 2731 595 προφήτης,
2769 524 2797 576 6
2827 523 2920 576 καὶ
2950 520 3168 592 Μαλχδς
3198 522 3227 574 6
3257 519 3483 592 ἱστορῶν
3512 519 3582 573 τὰ
3619 523 3748 594 περὶ

503 625 697 688 πόνους
720 627 997 696 καρτεροὶ,
1017 627 1107 678 καί
1125 624 1286 676 δεινοὶ
1312 623 1571 686 συνιέναι,
1599 618 1938 692 Ζεμϐράνης,
1973 621 2077 674 Ἰα-

502 715 706 787 ζᾶρης,
747 717 1024 786 Μαδάνης,
1078 715 1380 786 Μαδιάνης,
1440 712 1835 775 Λουσούϐακος,
1888 705 2074 774 Σοῦος.

500 801 727 855 suam:
760 800 815 854 δὲ
848 805 941 855 καὶ
967 803 1174 865 τούτοις
1201 804 1408 864 παῖδες·
1435 803 1527 854 καὶ
1562 802 1725 856 Σούου
1769 802 1863 872 μὲν
1899 802 2066 856 Σαϐα-

501 893 671 964 κάνης
709 893 917 967 γίνεται
961 895 1055 948 καὶ
1087 897 1342 965 Δαδάνης·
1387 895 1576 948 τούτου
1620 895 1675 946 δὲ
1716 892 2072 963 Λατούσιμος,

505 983 826 1052 Ἀσσουρος,
864 983 1157 1054 Λουούρης·
1203 984 1452 1036 Μαδάνου
1509 983 1564 1035 δὲ
1617 983 1807 1051 Ἥφαὲ,
1847 984 2073 1053 Ὠφρης,

504 1074 752 1145 ⁸Ἄνοχος,
801 1073 1044 1138 Ἕϐιδας,
1107 1076 1311 1139 Ἐλδᾶς.
1368 1076 1432 1128 Et
1479 1074 1760 1145 Origenes,
1804 1076 1949 1129 hom.
1985 1075 2073 1139 11,

503 1165 715 1231 Genes.,
766 1166 906 1220 idem
966 1168 1164 1230 sentit,
1214 1175 1336 1235 post
1385 1173 1612 1218 mortem
1667 1165 1876 1219 scilicet
1928 1165 2076 1219 Sane

502 1259 775 1313 Abraham
821 1260 874 1312 in
914 1258 1319 1311 matrimonium
1363 1259 1586 1313 duxisse
1621 1257 1936 1319 Cethuram,
1989 1257 2075 1311 id-

503 1368 609 1422 que
635 1365 700 1406 ει
731 1350 919 1404 ordine
944 1347 1192 1404 Mosaicae
1218 1350 1547 1403 narrationis
1577 1349 1713 1403 satis
1737 1356 2074 1417 compertum

501 1454 605 1500 est.
642 1444 935 1512 Cajctanus
982 1449 1162 1496 tamen
1213 1442 1268 1494 in
1323 1457 1442 1511 cap.
1485 1456 1590 1494 xxv
1633 1438 1817 1493 Cenes.
1845 1440 2072 1496 dubitat.

505 1535 726 1604 Tempus
761 1546 956 1597 autem,
995 1535 1090 1600 ait,
1125 1531 1336 1603 quando
1366 1533 1634 1585 Abraham
1669 1547 1884 1585 uxorem
1915 1549 2078 1584 arce-

501 1625 577 1690 pit
619 1622 922 1685 Cet/turam,
966 1640 1070 1676 non
1115 1631 1191 1674 est
1233 1632 1454 1685 certum,
1499 1624 1731 1675 videlicet
1774 1639 1842 1674 an
1888 1621 1942 1674 id
1988 1621 2074 1687 [a-

501 1723 643 1766 ctum
691 1715 760 1767 sit
805 1717 1000 1768 vivente
1043 1714 1213 1766 adhuc
1252 1713 1390 1768 Sara
1432 1724 1549 1783 post
1590 1715 1892 1781 ejectionem
1932 1716 2078 1782 Agar

499 1818 620 1856 cum
653 1801 897 1868 Ismaele,
942 1820 1008 1855 an
1048 1820 1110 1856 ea
1145 1807 1263 1871 jam
1306 1814 1534 1858 mortua.
1573 1802 1861 1871 Scripturte
1904 1811 2073 1854 tamen

501 1896 763 1959 narratio,
792 1897 838 1948 si
867 1897 942 1948 rei
988 1905 1147 1964 gesta-
1181 1895 1353 1948 ordini
1384 1893 1679 1963 respondet,
1712 1894 1950 1946 insinuat
1978 1893 2073 1948 hoc
2108 1873 2148 1927 Β

499 2003 610 2041 esse
646 1988 850 2053 factum
876 1997 993 2055 post
1024 1998 1241 2042 mortem
1272 1985 1442 2040 Sorte.

569 2079 686 2134 Col.
715 2079 975 2148 765.Τὴν
990 2080 1342 2148 Χεττοῦραν.
1359 2078 1484 2132 Fuit
1501 2078 1850 2133 Hebraeorum
1868 2078 2073 2149 Opinio,

505 2165 801 2220 Cethuram
859 2174 912 2220 et
950 2167 1096 2238 Agar
1123 2161 1285 2221 unam
1317 2175 1371 2222 et
1398 2168 1666 2231 eamdem,
1710 2169 1810 2221 etsi
1857 2169 2076 2222 nomina

501 2256 734 2318 varient,
768 2257 1085 2324 mulierem;
1113 2272 1212 2310 nec
1244 2272 1384 2310 n0vo
1419 2257 1768 2310 matrimonio
1800 2257 1945 2310 illam
1971 2258 2075 2312 sibi

500 2347 777 2401 Abraham
804 2357 924 2418 post
955 2357 1185 2403 mortem
1221 2347 1369 2401 Sara:
1401 2347 1709 2416 copulasse,
1742 2361 1866 2401 eum
1924 2349 2078 2419 prius

501 2435 651 2492 illam
687 2439 924 2507 legitime
968 2440 1070 2494 sibi
1118 2438 1526 2507 conjunxissct;
1569 2437 1670 2493 hos
1711 2439 1885 2492 secuti
1925 2447 2072 2502 sunt,

501 2537 557 2583 et
589 2528 858 2599 Lyranus,
903 2539 955 2585 et
991 2528 1229 2584 Thomas
1261 2531 1464 2600 Anglus
1505 2531 1559 2584 in
1599 2547 1719 2601 cap.
1756 2548 1859 2584 xxv
1888 2532 2071 2586 Cenes.

503 2620 870 2692 Hieronymus
902 2622 956 2674 in
991 2621 1389 2676 Traditiom'bus
1427 2623 1703 2676 Hebraicis
1738 2624 1983 2694 ambigit,
2023 2631 2076 2678 et

502 2725 564 2769 ut
596 2715 856 2770 incertam
889 2715 1168 2783 relinquit.
1193 2713 1442 2779 Cet/mra,
1469 2715 1666 2784 inquit,
1709 2713 1934 2769 Hebra’o
1961 2730 2074 2768 ser-

502 2822 655 2860 mone
694 2806 939 2874 copulata
985 2807 1384 2874 interpretatur,
1425 2816 1516 2860 aut
1563 2808 1877 2875 conjuncta;
1917 2823 2074 2875 quant

501 2902 565 2952 ob
593 2914 810 2952 causam
840 2899 1175 2965 suspicantur
1203 2897 1430 2962 Hebra'i,
1463 2907 1666 2952 mutato
1695 2899 1902 2951 nomine
1930 2913 2076 2951 eam-

500 2988 620 3041 dem
673 3005 784 3042 esse
828 2988 993 3058 Agar,
1038 3005 1154 3058 qua:
1196 2987 1334 3044 Sara
1378 2999 1610 3052 mortua,
1663 2988 1727 3042 de
1787 2987 2074 3042 concubina

503 3081 781 3132 transierit
823 3081 876 3132 in
927 3095 1176 3144 uxorem;
1209 3091 1257 3133 et
1307 3081 1381 3133 ita
1426 3096 1550 3133 sane
1597 3079 1802 3134 videtur
1829 3079 2076 3146 decrepiti

493 3169 614 3240 jam
648 3169 876 3228 Abralue
913 3172 1156 3224 excusari
1202 3181 1331 3226 tetas
1352 3189 1370 3235 ;
1419 3188 1479 3224 ne
1513 3186 1668 3225 senex
1705 3182 1821 3240 post
1853 3181 2072 3224 mortent

502 3264 688 3317 tutoris
717 3268 830 3317 sua:
864 3263 1048 3317 vetula:
1086 3264 1230 3318 novis
1267 3274 1526 3333 arguatur
1556 3263 1750 3330 nuptiis
1781 3262 2068 3316 lascivisse.

513 3355 702 3410 Verum
732 3373 826 3410 nos
854 3357 990 3426 quod
1020 3356 1276 3409 incertum
1317 3363 1395 3409 est
1435 3355 1815 3425 relinquamus.
1859 3354 2073 3424 Cajeta-

502 3465 608 3504 nus
646 3458 700 3503 et
739 3450 830 3502 alii
860 3450 1183 3504 sententiam
1217 3449 1358 3501 hanc
1387 3447 1663 3516 rejiciunt,
1688 3455 1740 3501 et
1769 3445 2070 3501 confutant.

573 3539 731 3606 lbid.,
765 3541 862 3596 lin.
892 3541 946 3595 9.
973 3541 1082 3596 Kal
1102 3541 1332 3605 τούτοις
1352 3539 1561 3596 ἅπασι.
1586 3539 1877 3609 Josephus,
1897 3540 1990 3594 lib.
2016 3553 2068 3594 t:

500 3631 723 3695 Τούτοις
756 3632 926 3685 ἅπασι
954 3635 1065 3694 τοῖς
1103 3633 1258 3684 παισὶ
1287 3633 1378 3683 καὶ
1407 3633 1517 3694 τοῖς
1550 3633 1763 3695 υἱωνοῖς
1793 3631 2074 3702 Ἀϐραμος

500 3725 768 3778 ἀποικιῶν
810 3723 1028 3786 στόλους
1063 3725 1390 3794 μηχανᾶται,
1417 3724 1512 3775 καὶ
1545 3725 1645 3794 τήν
1671 3741 1729 3775 τε
1756 3722 2074 3796 Τρωγλοδύα

500 3834 600 3888 την
645 3815 1118 3886 καταλαμϐάνουσι
1159 3816 1253 3868 καὶ
1297 3816 1395 3886 τῆς
1435 3815 1761 3886 Εὐδαίμονος
1815 3815 2076 3887 Ἀραϐίας

501 3909 624 3961 ὅσον
670 3907 764 3960 ἐπὶ
794 3906 892 3977 τὴν
935 3905 1198 3977 Ἐρυθρὰν
1242 3905 1514 3959 θάλασσαν
1551 3906 1802 3977 καθήκει.
1849 3906 1915 3959 Et
1947 3915 2071 3976 post

500 3999 798 4069 Josephum
850 3997 1211 4068 Hieronymus
1256 3998 1423 4052 tradit
1467 3999 1567 4052 hos
1625 3998 1875 4052 Cethurm
1931 3999 2070 4053 ﬁlios

502 4093 747 4146 tenuisse
769 4089 1144 4162 Troglodytin,
1169 4099 1221 4145 et
1251 4089 1506 4145 Arabiam
1542 4091 1771 4153 felicem,
1806 4106 1977 4159 usque
2002 4091 2071 4146 ad

502 4199 654 4238 mare
682 4181 949 4238 Rubrum.
980 4183 1200 4236 Addunt
1235 4183 1347 4245 alii,
1384 4183 1667 4253 plerasque
1700 4183 1950 4253 regiones
1981 4183 2067 4237 ln-

501 4275 605 4332 diat
651 4291 969 4347 occupasse.
1026 4275 1130 4330 Sed
1176 4292 1284 4330 non
1337 4277 1569 4340 videtur,
1603 4276 1677 4330 ait
1707 4275 1983 4339 Pet-crius,
2015 4277 2068 4330 id

501 4383 806 4439 congruere
830 4382 953 4421 cum
989 4383 1073 4430 eo,
1112 4368 1253 4436 quod
1285 4367 1352 4420 de
1387 4367 1505 4421 istis
1533 4375 1796 4420 memorat
1823 4366 1925 4420 hoc
1950 4367 2068 4420 loco

500 4457 738 4530 Moyses,
768 4457 1036 4520 scribens,
1064 4472 1158 4511 eos
1190 4457 1466 4511 habitasse
1499 4456 1564 4510 ad
1591 4457 1801 4526 plagam
1832 4457 2069 4509 orienta-

502 4550 606 4606 lem
652 4557 905 4620 respectu
949 4549 1202 4604 videlicet
1246 4551 1365 4618 ejus
1415 4551 1556 4615 loci,
1600 4564 1758 4617 quem
1799 4549 2067 4604 incolebat
2099 4575 2142 4628 Β

499 4639 799 4703 Abraham,
837 4640 951 4694 sive
979 4641 1026 4692 is
1050 4651 1195 4693 esset
1226 4639 1464 4702 llebron,
1495 4640 1608 4694 sive
1631 4639 1885 4693 Bersabe.
1920 4637 2070 4693 Scri<

501 4740 658 4804 ptura
703 4734 849 4787 enim
901 4735 1155 4802 regiones
1201 4733 1492 4786 orientales
1538 4733 1770 4802 appellat
1815 4742 2064 4802 respectu

501 4823 822 4888 Palaestina),
881 4841 1002 4894 quae
1052 4831 1300 4893 spectant
1351 4824 1522 4894 magis
1556 4828 1621 4877 ad
1661 4823 1964 4878 Chaldzeam
2012 4833 2065 4879 et

500 4914 802 4970 Persidem.
829 4914 942 4970 Hoc
972 4924 1150 4970 autem
1185 4915 1335 4969 nullo
1364 4913 1524 4969 modo
1557 4917 1810 4969 convenit
1843 4917 1896 4968 in
1929 4915 2064 4970 Tro-

499 5008 826 5079 glodyticam
873 5008 1170 5077 regionem,
1215 5022 1335 5076 qua:
1369 5007 1514 5076 jacet
1548 5008 1602 5061 in
1635 5007 1818 5061 Africa
1847 5007 2064 5063 Ethio-

500 5097 661 5166 pihus
691 5097 956 5165 proxima,
988 5103 1040 5149 et
1083 5111 1112 5149 a
1154 5097 1464 5166 supradicta
1499 5098 1862 5167 descriptione
1894 5100 2068 5168 plagae

499 5189 780 5242 orientalis
815 5188 1202 5242 remotissima.
1237 5187 1360 5243 llaec
1402 5200 1583 5246 tamen
1627 5191 1915 5262 requirunt
1945 5191 2063 5245 lon-

499 5283 704 5351 giorem
738 5279 1071 5351 indaginem.
1139 5319 1141 5322 -

568 5371 728 5436 lbid.,
759 5373 854 5427 lin.
886 5373 972 5428 ts.
1005 5372 1258 5442 Σωρρὴν
1286 5373 1353 5425 δὲ
1381 5373 1502 5427 ἐπι.
1552 5370 1846 5443 Josephus,
1874 5373 1966 5430 lib.
2007 5390 2058 5428 ιε

496 5463 730 5532 Λέγεται
753 5463 831 5528 δὲ,
857 5465 931 5530 ὡς
959 5458 1111 5529 οὗτος
1148 5466 1176 5516 6
1215 5465 1443 5536 Ὠφρης,
1484 5463 1816 5536 στρατεύσας
1843 5467 1934 5519 ἐπὶ
1964 5466 2063 5538 τὴν

496 5553 724 5624 Λιϐύην,
763 5554 1026 5625 κατέσχεν
1051 5554 1238 5625 αὐτὴν,
1268 5556 1360 5608 καὶ
1383 5558 1430 5608 οἱ
1458 5557 1638 5609 υἱωνοὶ
1664 5555 1848 5621 αὑτοῦ,
1879 5574 2062 5611 κατοιο

499 5645 764 5716 κήσαντες
799 5649 855 5700 ὲν
889 5649 1046 5719 αὐτῇ,
1076 5647 1174 5718 τὴν
1200 5649 1302 5720 γῆν
1321 5649 1427 5701 ἀπὸ
1453 5649 1547 5702 τοῦ
1570 5650 1777 5703 ἐκείνου
1801 5651 2060 5722 ὀνόματος

502 5734 775 5806 ’Δφρικαν
790 5739 1253 5810 προσηγόρευσαν.
1278 5741 1562 5812 Μαρτυρεῖ
1587 5742 1642 5795 δέ
1680 5760 1780 5812 μου
1810 5743 1886 5814 τῷ
1918 5742 2058 5812 λόγῳ

497 5826 594 5905 καὶ
622 5825 966 5898 Ἀλέξανδρος
982 5833 1010 5884 6
1026 5831 1337 5900 Πολυΐστωρ
1349 5830 1522 5900 λέγων
1541 5833 1729 5898 οὕτως’
1747 5834 2057 5907 Κλεόδημός

2191 617 2479 681 Ἰουδαίων,
2515 615 2696 680 καθὼς
2723 616 2817 668 καὶ
2839 615 3074 686 Μωῦσῆς
3098 613 3380 683 ἱστόρησεν
3402 613 3430 664 6
3451 610 3749 682 νομοθέτης

2177 707 2376 772 αὐτῶν,
2410 708 2492 759 ὅτι
2523 709 2586 759 ὲκ
2613 709 2710 776 τῆς
2735 704 3040 777 Χαιτούρας
3069 703 3314 772 ἐγένοντο
3345 701 3602 773 Ἁϐράμῳ
3626 705 3751 754 παῖ-

2175 801 2262 861 δες
2293 800 2484 854 ἱκανοί.
2517 799 2677 867 Λέγει
2703 798 2758 850 δὲ
2784 798 2961 851 αὐτῶν
2995 797 3088 850 καὶ
3115 796 3182 849 τά
3206 795 3445 865 ὀνόματα
3464 795 3748 863 ὀνομάζων

2174 895 2342 962 τρεῖς,
2382 891 2642 961 Ἀφεραν,
2675 889 2927 961 Σουρεὶμ,
2973 889 3210 958 ἰάφραψ
3247 884 3354 938 ἀπὸ
3385 886 3618 955 Σουρεὶμ
3649 884 3749 953 μὲν

2175 981 2271 1052 τὴν
2287 981 2574 1052 Ἀσσυρίαν
2602 979 2914 1050 κεκλῆσθαι,
2932 980 3038 1032 ἀπὸ
3059 979 3113 1031 δὲ
3137 977 3242 1030 τῶν
3265 977 3376 1037 δύο,
3396 977 3562 1045 Ἁφρᾶ
3578 991 3635 1026 τε
3653 974 3747 1028 καὶ

2190 1073 2454 1144 Ἰαφέρου,
2495 1073 2647 1126 πόλιν
2667 1089 2723 1124 τε
2759 1071 2980 1142 Ἀφράν,
3010 1073 3102 1123 καὶ
3126 1071 3224 1138 τὴν
3247 1067 3427 1138 χώραν
3471 1068 3746 1138 Ἀφρικαν

2176 1161 2574 1233 ὠνομασθῆναι.
2622 1160 2892 1226 Pcrerius,
2949 1161 3092 1214 haud
3142 1161 3266 1223 scit,
3319 1176 3388 1213 an
3447 1175 3546 1229 pro
3593 1168 3746 1214 certo

2177 1255 2324 1311 credi
2364 1264 2544 1326 posset
2586 1253 2766 1323 Opher
2796 1254 2941 1307 hunc
2971 1254 3191 1322 petiisse
3222 1268 3345 1306 cum
3376 1251 3619 1306 exercitu
3655 1249 3747 1304 Li-

2177 1347 2360 1416 byam,
2402 1347 2583 1415 ibique
2625 1354 2812 1415 postea
2843 1345 3178 1407 consedisse,
3206 1354 3258 1399 et
3289 1351 3496 1397 mutato
3523 1345 3743 1399 nomine

2177 1433 2400 1506 Libyam
2436 1437 2503 1490 ab
2535 1451 2600 1491 eo
2643 1437 2843 1490 dictam
2888 1452 3012 1490 esse
3058 1436 3318 1497 Africam,
3360 1451 3480 1489 cum
3521 1452 3590 1490 ex
3623 1436 3739 1505 ipsa

2180 1525 2461 1596 Scriptura
2495 1528 2844 1582 manifestum
2882 1531 2970 1591 sit,
3011 1529 3218 1581 Madian
3251 1544 3372 1581 cum
3407 1529 3522 1583 suis
3553 1529 3742 1584 liberis

2177 1615 2469 1685 Ethiopian
2481 1614 2794 1679 Orientalis,
2811 1619 2918 1674 vel,
2944 1628 3000 1670 ut
3025 1619 3114 1669 alii
3137 1620 3582 1687 interpretantur,
3604 1619 3742 1672 Ara-

2179 1709 2281 1763 bia:
2309 1719 2516 1779 partem
2549 1710 2790 1763 tenuisse
2815 1709 3114 1777 proximam
3146 1717 3303 1761 terrae
3333 1709 3737 1777 promissionis.

2179 1798 2400 1854 Diversa
2425 1795 2724 1869 a'Josepho
2762 1800 2980 1852 tradunt
3018 1799 3229 1869 profani
3280 1811 3550 1861 auctores,
3606 1801 3745 1856 Soli-

2174 1908 2297 1955 nus,
2340 1907 2463 1961 cap.
2492 1891 2596 1958 27;
2624 1890 2862 1945 Joannes
2895 1890 3004 1944 Leo
3032 1893 3086 1945 in
3125 1889 3478 1960 Descriptione
3519 1893 3741 1960 Africae,

2174 1984 2269 2038 lib.
2305 1999 2342 2037 ι.
2373 1983 2509 2038 Vide
2538 1982 2804 2038 lsidorum
2838 1992 2892 2037 et
2916 1983 3072 2036 alios.

2243 2074 2403 2140 ll;id.,
2457 2076 2554 2128 lin.
2604 2075 2693 2128 l7.
2743 2075 2967 2138 Οἷτινες
3030 2073 3312 2142 Ἠρακλεῖ.
3366 2071 3635 2143 Josephus
3672 2091 3745 2130 ex

2173 2165 2462 2221 Cleodctno
2517 2163 2661 2220 lib.t
2709 2165 2971 2234 Antiquit.
3001 2162 3276 2227 εΤούτους
3326 2164 3434 2235 γὰρ
3483 2165 3742 2236 Ἡρακλεὶ

2175 2254 2571 2324 συστρατεῦσαι
2607 2255 2698 2306 ἐπὶ
2735 2253 2941 2324 Λιϐύην
2972 2254 3064 2306 καὶ
3100 2254 3356 2318 Ἀνταῖον,
3399 2256 3648 2326 γήμαντά
3676 2273 3742 2311 τε

2173 2346 2268 2418 τὴν
2316 2349 2524 2417 Ὄφραν
2571 2346 2846 2417 θυγατέρα
2897 2345 3166 2416 Ἡρακλέα
3217 2347 3471 2416 γεννῆσαι
3524 2348 3637 2402 υἱὸν
3677 2349 3739 2416 ἐξ

2173 2440 2342 2510 αὐτῆς
2381 2440 2637 2510 Δέδωρον.
2679 2439 2878 2491 Τούτου
2917 2437 2973 2490 δὲ
3004 2439 3251 2506 γενέσθαι
3284 2440 3528 2509 Σοφῶνα,
3559 2441 3650 2509 ἀφ’
3676 2436 3738 2496 οὗ

2172 2531 2296 2594 τοὺς
2320 2530 2622 2601 βαρϐάρους
2642 2530 2892 2598 Σοφακὰς
2911 2529 3160 2598 λέγεσθαι
3181 2548 3193 2559 ·
3221 2532 3313 2584 alii
3334 2532 3516 2602 legunt
3539 2531 3734 2602 Σοφάς.

2175 2621 2250 2676 Ex
2284 2623 2368 2676 his
2397 2621 2758 2692 corrigendus
2790 2623 3127 2687 Eustathius,
3164 2623 3286 2678 nisi-
3309 2625 3482 2694 magis
3513 2626 3736 2695 placue-

2173 2716 2245 2770 rit
2277 2710 2530 2784 Σοφῶνας
2564 2715 2820 2769 scribere.
2867 2713 2980 2768 lloc
3017 2723 3198 2770 tamen
3243 2717 3610 2787 perinsignem
3654 2726 3738 2771 ato

2173 2821 2277 2874 que
2309 2804 2702 2874 perabsurdum
2727 2804 2780 2856 in
2806 2802 3160 2875 Chronologia
3191 2822 3431 2861 errorem
3453 2809 3738 2865 continere

2174 2897 2413 2951 scribere
2458 2892 2743 2962 Pet-eritis;
2797 2894 3058 2952 Hercules
3109 2914 3340 2968 namque
3382 2901 3636 2964 excessit,
3677 2909 3738 2955 ut

2173 2993 2314 3046 inter
2359 3007 2548 3046 omnes
2596 2993 2871 3055 convenit,
2917 2991 3096 3046 minus
3138 2994 3358 3063 triginta
3407 2995 3565 3049 annis
3608 3003 3736 3051 ante

2173 3087 2374 3140 bellant
2405 3085 2726 3155 Trojanum,
2753 3085 2896 3155 quod
2923 3087 3121 3139 bellum
3152 3087 3204 3139 in
3237 3085 3543 3156 principatu
3574 3087 3736 3140 Sam—

2175 3176 2345 3240 sonis,
2374 3184 2465 3230 aut
2495 3191 2603 3230 non
2627 3177 2815 3245 procul
2839 3176 2906 3230 ab
2931 3191 2993 3231 eo
3015 3184 3256 3248 tempore
3287 3178 3535 3246 contigit,
3566 3191 3736 3246 quare

2176 3269 2267 3324 isti
2295 3277 2518 3339 nepotes
2552 3269 2801 3335 Abrahae,
2837 3269 2962 3338 plus
2992 3279 3274 3324 sexcentos
3308 3284 3485 3322 annos
3525 3255 3757 3323 llercu-I

2173 3356 2278 3417 lem
2323 3369 2756 3426 antecesserunt,
2808 3362 3109 3431 probatque
3152 3362 3472 3416 auctoritate
3513 3361 3735 3416 Eusebii

2174 3451 2228 3505 in
2262 3452 2578 3521 praefatione
2622 3467 2848 3505 suorum
2900 3451 3094 3506 Chron.
3152 3451 3256 3506 Sed
3304 3467 3544 3506 errorem
3586 3453 3734 3507 hunc

2170 3542 2536 3613 perinsignem
2569 3550 2622 3596 et
2655 3542 3052 3612 perabsurdum
3088 3542 3141 3595 in
3174 3540 3547 3610 Chi-analogia,
3578 3540 3730 3606 velit,

2170 3635 2325 3698 nolit,
2363 3635 2520 3689 nobis
2548 3633 2802 3689 Pererius
2826 3636 3086 3704 suggerit,
3121 3632 3214 3702 qui
3249 3648 3414 3686 unum
3446 3631 3730 3686 llerculem

2170 3727 2510 3780 constituens
2553 3735 2726 3795 putat,
2778 3740 2836 3781 se
2882 3742 2988 3779 non
3031 3725 3367 3794 ineleganter
3403 3725 3733 3794 redarguere

2168 3815 2539 3880 Clcodemum,
2571 3815 2933 3872 Alexandrum
2970 3815 3728 3886 Polyhistorem,Josephum,

2168 3917 2222 3964 et
2275 3917 2672 3979 consequenter
2723 3916 2970 3964 nostrum
3033 3907 3397 3962 Eustathium.
3455 3907 3732 3963 Cleodenti

2168 4000 2313 4055 dicta
2368 4002 2618 4055 maximae
2668 4015 2790 4055 esse
2834 4001 3176 4054 auctoritatis
3218 4001 3300 4054 vel
3343 4016 3407 4054 ex
3456 4015 3520 4054 eo
3559 4007 3727 4069 patet,

2167 4093 2311 4164 quod
2359 4101 2635 4148 tantorum
2684 4096 2925 4147 virorum
2971 4093 3307 4155 testimonio,
3355 4108 3508 4147 suam
3555 4093 3728 4147 histo-

2166 4186 2302 4239 riam
2337 4186 2619 4240 contexuit
2653 4186 2718 4238 ad
2765 4184 3120 4238 imitationem
3172 4182 3374 4252 Moysis
3416 4181 3727 4237 Juda‘orum

2170 4276 2521 4345 lcgislaloris.
2570 4277 2628 4329 Ὀ
2675 4275 2899 4346 ἱστορῶν
2939 4273 3008 4328 τά
3054 4275 3183 4344 περὶ
3234 4275 3498 4328 Ἰουδαίων
3546 4273 3730 4338 καθὼς

2167 4367 2262 4419 καλ⁸
2291 4365 2526 4437 Μωῦσῆς
2556 4365 2834 4437 ἱστόρησεν
2862 4367 2889 4418 6
2917 4364 3210 4435 νομοθέτης
3236 4364 3430 4428 αὐτῶν,
3456 4381 3726 4435 nusquam

2168 4459 2270 4513 iste
2299 4467 2491 4512 auctor
2518 4473 2548 4512 a
2582 4457 2832 4514 Mosaicis
2863 4458 3024 4512 dictis
3049 4458 3131 4512 vel
3157 4457 3541 4513 traditionibus
3571 4459 3728 4512 aber-

2169 4556 2368 4603 rasset.
2412 4546 2522 4602 Nec
2560 4547 2785 4602 dubium
2820 4557 2902 4603 est
2937 4546 3222 4602 Herculem
3251 4545 3401 4604 Jovis
3431 4557 3483 4602 et
3517 4549 3727 4603 Alcme-

2169 4655 2252 4695 nae
2283 4640 2473 4705 lilium,
2513 4639 2605 4710 qui
2651 4655 2774 4694 cum
2809 4639 3136 4710 Argonautis
3170 4640 3462 4709 navigavit,
3505 4638 3724 4709 Troiam

2166 4732 2515 4802 expugnavit,
2547 4738 2600 4786 et
2629 4731 2715 4785 cui
2741 4731 3055 4786 Graecorum
3092 4730 3317 4785 ambitio
3347 4731 3604 4785 universa
3640 4745 3727 4786 re-

2168 4826 2462 4893 liquorum,
2492 4823 2586 4894 qui
2611 4823 2702 4877 tali
2732 4824 2952 4878 nomine
2977 4823 3220 4893 insigniii
3245 4829 3390 4886 sunt,
3417 4830 3538 4876 acta
3571 4822 3726 4877 attri-

2165 4915 2300 4978 buit,
2333 4917 2535 4987 quique
2566 4917 2784 4971 'virium
2823 4925 2877 4972 et
2920 4915 3260 4971 fortitudinis
3295 4915 3439 4969 fama
3480 4915 3628 4970 venit
3657 4915 3725 4968 ad

2165 5019 2434 5079 posteros,
2464 5024 2569 5063 una
2597 5009 2945 5079 generatione
2978 5005 3234 5064 Troicum
3257 5008 3453 5062 bellum
3479 5017 3728 5062 anteces-

2163 5103 2304 5155 sisse
2336 5121 2347 5154 :
2375 5108 2430 5154 et
2466 5099 2534 5155 de
2566 5115 2631 5155 eo
2679 5098 2971 5154 Eusebium
3023 5099 3076 5153 in
3123 5099 3380 5154 Chronico
3414 5113 3723 5154 sermonem

2164 5193 2442 5255 habuisse,
2492 5208 2615 5246 cum
2655 5193 2722 5247 de
2761 5193 2925 5248 rebus
2961 5208 2990 5246 a
3022 5190 3225 5246 Graecis
3268 5193 3458 5261 gestis,
3498 5200 3552 5247 et
3581 5206 3724 5263 quo-

2163 5298 2284 5336 rum
2336 5283 2596 5338 memoria
2649 5281 3061 5346 insolescerent,
3115 5297 3421 5337 sermonem
3467 5283 3720 5349 haberet;

2161 5373 2307 5444 quod
2339 5373 2383 5429 si
2415 5375 2482 5428 de
2523 5374 2701 5444 altero
2737 5372 2968 5428 Hercule
3016 5388 3321 5429 sermonem
3373 5373 3720 5439 instituisset,

2162 5473 2542 5536 argumentum
2573 5467 2691 5535 ejus
2720 5476 2923 5521 rueret.
2950 5466 3299 5534 Compertum
3328 5476 3430 5530 est,
3467 5467 3522 5520 in
3556 5467 3724 5521 histo-

2161 5560 2242 5612 ria
2281 5557 2542 5612 llercules
2576 5559 2760 5628 plures
2799 5557 2986 5613 fuisse.
3021 5554 3196 5610 Varro
3229 5566 3464 5628 quatuor
3498 5567 3552 5611 et
3587 5572 3725 5627 qua-

2160 5649 2410 5720 draginta
2434 5661 2702 5716 recenset,
2732 5648 2922 5706 Cicero
2946 5665 3060 5716 sex,
3087 5647 3377 5716 Diodorus,
3397 5649 3492 5705 lib.
3510 5664 3584 5711 tv,
3610 5657 3723 5703 tres

2159 5743 2351 5814 ponit:
2384 5741 2627 5798 Primum
2679 5741 3014 5814 Egyptium,
3065 5743 3223 5812 cujus
3270 5741 3504 5796 maxima
3559 5739 3728 5792 fuerit

2159 5838 2352 5906 virtus,
2385 5851 2657 5909 quemque
2684 5834 2862 5894 Osiris
2888 5835 3033 5908 quod
3067 5851 3298 5908 corpore
3327 5842 3476 5891 esset
3499 5831 3714 5888 validis

2081 5942 2174 5952 ,ι’-ἠ
2186 5947 2194 5952 .
