  <div class='ocr_page' id='page_1' title='image "/cluster/home/n/w/nwhite01/storage/ocr_20150623/18/coo.31924054872985/528.png"; bbox 0 0 4100 6422; ppageno 0'>
   <div class='ocr_carea' id='block_1_1' title="bbox 349 385 483 442">
    <p class='ocr_par' dir='ltr' id='par_1_1' title="bbox 349 385 483 442">
     <span class='ocr_line' id='line_1_1' title="bbox 349 385 483 442; baseline 0 -1"><span class='ocrx_word' id='word_1_1' title='bbox 349 385 483 442; x_wconf 74' lang='grc'><strong>1029</strong></span> 
     </span>
    </p>
   </div>
   <div class='ocr_carea' id='block_1_2' title="bbox 1439 380 2688 438">
    <p class='ocr_par' dir='ltr' id='par_1_2' title="bbox 1439 380 2688 438">
     <span class='ocr_line' id='line_1_2' title="bbox 1439 380 2688 438; baseline 0.002 -4"><span class='ocrx_word' id='word_1_2' title='bbox 1439 380 1504 436; x_wconf 80' lang='lat' dir='ltr'><strong>1N</strong></span> <span class='ocrx_word' id='word_1_3' title='bbox 1541 381 1910 438; x_wconf 80' lang='lat' dir='ltr'><strong>EUSTATHH</strong></span> <span class='ocrx_word' id='word_1_4' title='bbox 1950 381 2422 438; x_wconf 77' lang='lat' dir='ltr'><strong>HEXAEMERON</strong></span> <span class='ocrx_word' id='word_1_5' title='bbox 2457 380 2688 438; x_wconf 62' lang='lat' dir='ltr'><strong>NOTAE.</strong></span> 
     </span>
    </p>
   </div>
   <div class='ocr_carea' id='block_1_3' title="bbox 3467 383 3606 456">
    <p class='ocr_par' dir='ltr' id='par_1_3' title="bbox 3467 383 3606 456">
     <span class='ocr_line' id='line_1_3' title="bbox 3467 383 3606 456; baseline 0.014 -20"><span class='ocrx_word' id='word_1_6' title='bbox 3467 383 3606 456; x_wconf 69' lang='lat' dir='ltr'><strong>roso</strong></span> 
     </span>
    </p>
   </div>
   <div class='ocr_carea' id='block_1_4' title="bbox 346 499 1917 574">
    <p class='ocr_par' dir='ltr' id='par_1_4' title="bbox 346 499 1917 574">
     <span class='ocr_line' id='line_1_4' title="bbox 346 499 1917 574; baseline -0.003 -15"><span class='ocrx_word' id='word_1_7' title='bbox 346 506 484 559; x_wconf 91' lang='lat' dir='ltr'><strong>simo</strong></span> <span class='ocrx_word' id='word_1_8' title='bbox 500 502 768 559; x_wconf 77' lang='lat' dir='ltr'><strong>exercitui</strong></span> <span class='ocrx_word' id='word_1_9' title='bbox 797 501 1059 574; x_wconf 66' lang='lat' dir='ltr'><strong>praefecit.</strong></span> <span class='ocrx_word' id='word_1_10' title='bbox 1080 499 1179 556; x_wconf 89' lang='lat' dir='ltr'><strong>Hic</strong></span> <span class='ocrx_word' id='word_1_11' title='bbox 1212 515 1407 572; x_wconf 88' lang='lat' dir='ltr'><strong>magna</strong></span> <span class='ocrx_word' id='word_1_12' title='bbox 1435 501 1587 557; x_wconf 85' lang='lat' dir='ltr'><strong>orbis</strong></span> <span class='ocrx_word' id='word_1_13' title='bbox 1620 510 1773 572; x_wconf 87' lang='lat' dir='ltr'><strong>parte</strong></span> <span class='ocrx_word' id='word_1_14' title='bbox 1804 516 1917 573; x_wconf 89' lang='lat' dir='ltr'><strong>per-</strong></span> 
     </span>
    </p>
   </div>
   <div class='ocr_carea' id='block_1_5' title="bbox 2018 499 3623 574">
    <p class='ocr_par' dir='ltr' id='par_1_5' title="bbox 2035 500 3623 573">
     <span class='ocr_line' id='line_1_5' title="bbox 2035 500 3623 573; baseline 0 -19"><span class='ocrx_word' id='word_1_15' title='bbox 2035 502 2205 556; x_wconf 80' lang='grc' dir='ltr'>είδυία</span> <span class='ocrx_word' id='word_1_16' title='bbox 2240 500 2544 564; x_wconf 78' lang='grc' dir='ltr'><strong>ποθοῦντας</strong></span> <span class='ocrx_word' id='word_1_17' title='bbox 2579 500 2747 571; x_wconf 79' lang='grc' dir='ltr'>αὐτῆς</span> <span class='ocrx_word' id='word_1_18' title='bbox 2773 500 2833 552; x_wconf 82' lang='grc' dir='ltr'><strong>τὸ</strong></span> <span class='ocrx_word' id='word_1_19' title='bbox 2879 501 3071 572; x_wconf 77' lang='grc' dir='ltr'>δνομα,</span> <span class='ocrx_word' id='word_1_20' title='bbox 3105 501 3210 555; x_wconf 82' lang='grc' dir='ltr'>ὑπὸ</span> <span class='ocrx_word' id='word_1_21' title='bbox 3246 501 3346 570; x_wconf 80' lang='grc' dir='ltr'>τῆς</span> <span class='ocrx_word' id='word_1_22' title='bbox 3375 501 3468 554; x_wconf 75' lang='grc' dir='ltr'><strong>τὸν</strong></span> <span class='ocrx_word' id='word_1_23' title='bbox 3497 517 3623 573; x_wconf 57' lang='grc' dir='ltr'><strong>παέ⁸</strong></span> 
     </span>
    </p>
   </div>
   <div class='ocr_carea' id='block_1_6' title="bbox 345 593 1920 668">
    <p class='ocr_par' dir='ltr' id='par_1_6' title="bbox 345 593 1920 668">
     <span class='ocr_line' id='line_1_6' title="bbox 345 593 1920 668; baseline -0.001 -18"><span class='ocrx_word' id='word_1_24' title='bbox 345 604 532 668; x_wconf 88' lang='lat' dir='ltr'><strong>agrata</strong></span> <span class='ocrx_word' id='word_1_25' title='bbox 597 596 652 650; x_wconf 92' lang='lat' dir='ltr'><strong>in</strong></span> <span class='ocrx_word' id='word_1_26' title='bbox 701 595 870 666; x_wconf 80' lang='lat' dir='ltr'><strong>Libya</strong></span> <span class='ocrx_word' id='word_1_27' title='bbox 922 594 1233 648; x_wconf 83' lang='lat' dir='ltr'><strong>columnam</strong></span> <span class='ocrx_word' id='word_1_28' title='bbox 1282 593 1478 655; x_wconf 78' lang='lat' dir='ltr'><strong>erexit,</strong></span> <span class='ocrx_word' id='word_1_29' title='bbox 1530 594 1920 663; x_wconf 68' lang='lat' dir='ltr'><strong>prmcessitque</strong></span> 
     </span>
    </p>
   </div>
   <div class='ocr_carea' id='block_1_7' title="bbox 345 685 1922 755">
    <p class='ocr_par' dir='ltr' id='par_1_7' title="bbox 345 685 1922 755">
     <span class='ocr_line' id='line_1_7' title="bbox 345 685 1922 755; baseline -0.002 -13"><span class='ocrx_word' id='word_1_30' title='bbox 345 688 634 743; x_wconf 89' lang='lat' dir='ltr'><strong>Herculem</strong></span> <span class='ocrx_word' id='word_1_31' title='bbox 659 687 930 742; x_wconf 68' lang='lat' dir='ltr'><strong>Alcmena:</strong></span> <span class='ocrx_word' id='word_1_32' title='bbox 964 687 1132 740; x_wconf 86' lang='lat' dir='ltr'><strong>lilium</strong></span> <span class='ocrx_word' id='word_1_33' title='bbox 1163 685 1410 755; x_wconf 86' lang='lat' dir='ltr'><strong>pluribus</strong></span> <span class='ocrx_word' id='word_1_34' title='bbox 1435 700 1597 754; x_wconf 90' lang='lat' dir='ltr'><strong>quam</strong></span> <span class='ocrx_word' id='word_1_35' title='bbox 1645 685 1792 739; x_wconf 91' lang='lat' dir='ltr'><strong>mille</strong></span> <span class='ocrx_word' id='word_1_36' title='bbox 1821 701 1922 740; x_wconf 87' lang='lat' dir='ltr'><strong>an-</strong></span> 
     </span>
    </p>
   </div>
   <div class='ocr_carea' id='block_1_8' title="bbox 344 775 1914 849">
    <p class='ocr_par' dir='ltr' id='par_1_8' title="bbox 344 775 1914 849">
     <span class='ocr_line' id='line_1_8' title="bbox 344 775 1914 849; baseline -0.002 -15"><span class='ocrx_word' id='word_1_37' title='bbox 344 781 450 835; x_wconf 88' lang='lat' dir='ltr'><strong>nis.</strong></span> <span class='ocrx_word' id='word_1_38' title='bbox 481 781 704 835; x_wconf 81' lang='lat' dir='ltr'><strong>Servius</strong></span> <span class='ocrx_word' id='word_1_39' title='bbox 727 780 854 835; x_wconf 91' lang='lat' dir='ltr'><strong>item</strong></span> <span class='ocrx_word' id='word_1_40' title='bbox 877 786 1111 849; x_wconf 84' lang='lat' dir='ltr'><strong>quatuor</strong></span> <span class='ocrx_word' id='word_1_41' title='bbox 1128 777 1389 838; x_wconf 83' lang='lat' dir='ltr'><strong>Hercules</strong></span> <span class='ocrx_word' id='word_1_42' title='bbox 1408 775 1538 831; x_wconf 79' lang='lat' dir='ltr'><strong>facit</strong></span> <span class='ocrx_word' id='word_1_43' title='bbox 1556 776 1775 831; x_wconf 60' lang='lat' dir='ltr'><strong>.Eneid.</strong></span> <span class='ocrx_word' id='word_1_44' title='bbox 1797 793 1914 831; x_wconf 87' lang='lat' dir='ltr'><strong>vm:</strong></span> 
     </span>
    </p>
   </div>
   <div class='ocr_carea' id='block_1_9' title="bbox 345 865 1919 942">
    <p class='ocr_par' dir='ltr' id='par_1_9' title="bbox 345 865 1919 942">
     <span class='ocr_line' id='line_1_9' title="bbox 345 865 1919 942; baseline -0.003 -17"><span class='ocrx_word' id='word_1_45' title='bbox 345 869 732 942; x_wconf 87' lang='lat' dir='ltr'><strong>Tyriuthium,</strong></span> <span class='ocrx_word' id='word_1_46' title='bbox 772 869 1034 940; x_wconf 83' lang='lat' dir='ltr'><strong>Argium,</strong></span> <span class='ocrx_word' id='word_1_47' title='bbox 1096 867 1452 929; x_wconf 88' lang='lat' dir='ltr'><strong>Thebanum,</strong></span> <span class='ocrx_word' id='word_1_48' title='bbox 1503 865 1716 936; x_wconf 80' lang='lat' dir='ltr'><strong>Libym.</strong></span> <span class='ocrx_word' id='word_1_49' title='bbox 1773 865 1919 920; x_wconf 90' lang='lat' dir='ltr'><strong>lntcr</strong></span> 
     </span>
    </p>
   </div>
   <div class='ocr_carea' id='block_1_10' title="bbox 345 961 1913 1034">
    <p class='ocr_par' dir='ltr' id='par_1_10' title="bbox 345 961 1913 1034">
     <span class='ocr_line' id='line_1_10' title="bbox 345 961 1913 1034; baseline -0.002 -18"><span class='ocrx_word' id='word_1_50' title='bbox 345 978 485 1034; x_wconf 83' lang='lat' dir='ltr'><strong>quos</strong></span> <span class='ocrx_word' id='word_1_51' title='bbox 539 963 789 1034; x_wconf 79' lang='lat' dir='ltr'><strong>quamvis</strong></span> <span class='ocrx_word' id='word_1_52' title='bbox 853 977 963 1018; x_wconf 91' lang='lat' dir='ltr'><strong>non</strong></span> <span class='ocrx_word' id='word_1_53' title='bbox 1022 969 1234 1016; x_wconf 86' lang='lat' dir='ltr'><strong>constet</strong></span> <span class='ocrx_word' id='word_1_54' title='bbox 1295 961 1363 1014; x_wconf 90' lang='lat' dir='ltr'><strong>de</strong></span> <span class='ocrx_word' id='word_1_55' title='bbox 1426 973 1677 1022; x_wconf 90' lang='lat' dir='ltr'><strong>numero,</strong></span> <span class='ocrx_word' id='word_1_56' title='bbox 1729 967 1913 1014; x_wconf 89' lang='lat' dir='ltr'><strong>tamen</strong></span> 
     </span>
    </p>
   </div>
   <div class='ocr_carea' id='block_1_11' title="bbox 345 1050 1920 1121">
    <p class='ocr_par' dir='ltr' id='par_1_11' title="bbox 345 1050 1920 1121">
     <span class='ocr_line' id='line_1_11' title="bbox 345 1050 1920 1121; baseline -0.004 -11"><span class='ocrx_word' id='word_1_57' title='bbox 345 1054 482 1110; x_wconf 86' lang='lat' dir='ltr'><strong>illud</strong></span> <span class='ocrx_word' id='word_1_58' title='bbox 515 1069 682 1109; x_wconf 89' lang='lat' dir='ltr'><strong>unum</strong></span> <span class='ocrx_word' id='word_1_59' title='bbox 720 1061 930 1108; x_wconf 89' lang='lat' dir='ltr'><strong>certum</strong></span> <span class='ocrx_word' id='word_1_60' title='bbox 962 1060 1064 1115; x_wconf 92' lang='lat' dir='ltr'><strong>est,</strong></span> <span class='ocrx_word' id='word_1_61' title='bbox 1108 1051 1394 1106; x_wconf 84' lang='lat' dir='ltr'><strong>Herculem</strong></span> <span class='ocrx_word' id='word_1_62' title='bbox 1428 1050 1765 1121; x_wconf 76' lang='lat' dir='ltr'><strong>1Egyptium,</strong></span> <span class='ocrx_word' id='word_1_63' title='bbox 1803 1051 1920 1104; x_wconf 90' lang='lat' dir='ltr'><strong>sive</strong></span> 
     </span>
    </p>
   </div>
   <div class='ocr_carea' id='block_1_12' title="bbox 345 1143 1917 1218">
    <p class='ocr_par' dir='ltr' id='par_1_12' title="bbox 345 1143 1917 1218">
     <span class='ocr_line' id='line_1_12' title="bbox 345 1143 1917 1218; baseline -0.006 -14"><span class='ocrx_word' id='word_1_64' title='bbox 345 1147 511 1204; x_wconf 82' lang='lat' dir='ltr'><strong>etiam</strong></span> <span class='ocrx_word' id='word_1_65' title='bbox 555 1145 769 1218; x_wconf 88' lang='lat' dir='ltr'><strong>Libym,</strong></span> <span class='ocrx_word' id='word_1_66' title='bbox 790 1147 975 1200; x_wconf 88' lang='lat' dir='ltr'><strong>multis</strong></span> <span class='ocrx_word' id='word_1_67' title='bbox 1005 1146 1222 1200; x_wconf 62' lang='lat' dir='ltr'><strong>saeculis</strong></span> <span class='ocrx_word' id='word_1_68' title='bbox 1255 1143 1542 1198; x_wconf 87' lang='lat' dir='ltr'><strong>Herculem</strong></span> <span class='ocrx_word' id='word_1_69' title='bbox 1578 1143 1917 1208; x_wconf 74' lang='lat' dir='ltr'><strong>Gnecorum,</strong></span> 
     </span>
    </p>
   </div>
   <div class='ocr_carea' id='block_1_13' title="bbox 347 1235 1920 1310">
    <p class='ocr_par' dir='ltr' id='par_1_13' title="bbox 347 1235 1920 1310">
     <span class='ocr_line' id='line_1_13' title="bbox 347 1235 1920 1310; baseline -0.006 -15"><span class='ocrx_word' id='word_1_70' title='bbox 347 1235 416 1297; x_wconf 89' lang='lat' dir='ltr'><strong>de</strong></span> <span class='ocrx_word' id='word_1_71' title='bbox 465 1255 574 1310; x_wconf 85' lang='lat' dir='ltr'><strong>quo</strong></span> <span class='ocrx_word' id='word_1_72' title='bbox 632 1240 873 1310; x_wconf 90' lang='lat' dir='ltr'><strong>loquitur</strong></span> <span class='ocrx_word' id='word_1_73' title='bbox 931 1237 1222 1302; x_wconf 86' lang='lat' dir='ltr'><strong>Eusebius,</strong></span> <span class='ocrx_word' id='word_1_74' title='bbox 1277 1236 1668 1307; x_wconf 70' lang='lat' dir='ltr'><strong>praecessisse;</strong></span> <span class='ocrx_word' id='word_1_75' title='bbox 1729 1235 1802 1288; x_wconf 90' lang='lat' dir='ltr'><strong>ita</strong></span> <span class='ocrx_word' id='word_1_76' title='bbox 1860 1241 1920 1287; x_wconf 92' lang='lat' dir='ltr'><strong>ut</strong></span> 
     </span>
    </p>
   </div>
   <div class='ocr_carea' id='block_1_14' title="bbox 345 1326 1917 1399">
    <p class='ocr_par' dir='ltr' id='par_1_14' title="bbox 345 1326 1917 1399">
     <span class='ocr_line' id='line_1_14' title="bbox 345 1326 1917 1399; baseline -0.004 -14"><span class='ocrx_word' id='word_1_77' title='bbox 345 1329 580 1386; x_wconf 73' lang='lat' dir='ltr'><strong>Abraha:</strong></span> <span class='ocrx_word' id='word_1_78' title='bbox 609 1330 900 1399; x_wconf 89' lang='lat' dir='ltr'><strong>nepotibus</strong></span> <span class='ocrx_word' id='word_1_79' title='bbox 933 1335 1091 1382; x_wconf 70' lang='lat' dir='ltr'><strong>aetate</strong></span> <span class='ocrx_word' id='word_1_80' title='bbox 1125 1342 1224 1397; x_wconf 89' lang='lat' dir='ltr'><strong>par</strong></span> <span class='ocrx_word' id='word_1_81' title='bbox 1261 1343 1386 1382; x_wconf 89' lang='lat' dir='ltr'><strong>esse</strong></span> <span class='ocrx_word' id='word_1_82' title='bbox 1427 1327 1629 1396; x_wconf 85' lang='lat' dir='ltr'><strong>possit;</strong></span> <span class='ocrx_word' id='word_1_83' title='bbox 1666 1327 1740 1380; x_wconf 91' lang='lat' dir='ltr'><strong>ita</strong></span> <span class='ocrx_word' id='word_1_84' title='bbox 1771 1326 1917 1380; x_wconf 90' lang='lat' dir='ltr'><strong>enim</strong></span> 
     </span>
    </p>
   </div>
   <div class='ocr_carea' id='block_1_15' title="bbox 347 1419 1920 1492">
    <p class='ocr_par' dir='ltr' id='par_1_15' title="bbox 347 1419 1920 1492">
     <span class='ocr_line' id='line_1_15' title="bbox 347 1419 1920 1492; baseline -0.003 -13"><span class='ocrx_word' id='word_1_85' title='bbox 347 1433 403 1479; x_wconf 86' lang='lat' dir='ltr'><strong>et</strong></span> <span class='ocrx_word' id='word_1_86' title='bbox 445 1424 585 1478; x_wconf 87' lang='lat' dir='ltr'><strong>ratio</strong></span> <span class='ocrx_word' id='word_1_87' title='bbox 627 1431 931 1492; x_wconf 89' lang='lat' dir='ltr'><strong>temporum</strong></span> <span class='ocrx_word' id='word_1_88' title='bbox 977 1421 1236 1482; x_wconf 73' lang='lat' dir='ltr'><strong>cohaeret,</strong></span> <span class='ocrx_word' id='word_1_89' title='bbox 1284 1435 1386 1474; x_wconf 89' lang='lat' dir='ltr'><strong>nec</strong></span> <span class='ocrx_word' id='word_1_90' title='bbox 1423 1430 1698 1482; x_wconf 87' lang='lat' dir='ltr'><strong>auctores,</strong></span> <span class='ocrx_word' id='word_1_91' title='bbox 1730 1420 1823 1488; x_wconf 93' lang='lat' dir='ltr'><strong>qui</strong></span> <span class='ocrx_word' id='word_1_92' title='bbox 1853 1419 1920 1474; x_wconf 89' lang='lat' dir='ltr'><strong>de</strong></span> 
     </span>
    </p>
   </div>
   <div class='ocr_carea' id='block_1_16' title="bbox 347 1508 1919 1584">
    <p class='ocr_par' dir='ltr' id='par_1_16' title="bbox 347 1508 1919 1584">
     <span class='ocr_line' id='line_1_16' title="bbox 347 1508 1919 1584; baseline -0.004 -14"><span class='ocrx_word' id='word_1_93' title='bbox 347 1514 692 1584; x_wconf 80' lang='lat' dir='ltr'><strong>expeditione</strong></span> <span class='ocrx_word' id='word_1_94' title='bbox 739 1522 995 1582; x_wconf 84' lang='lat' dir='ltr'><strong>nepotum</strong></span> <span class='ocrx_word' id='word_1_95' title='bbox 1049 1511 1284 1564; x_wconf 75' lang='lat' dir='ltr'><strong>Abraha:</strong></span> <span class='ocrx_word' id='word_1_96' title='bbox 1338 1525 1444 1563; x_wconf 88' lang='lat' dir='ltr'><strong>una</strong></span> <span class='ocrx_word' id='word_1_97' title='bbox 1501 1525 1628 1563; x_wconf 90' lang='lat' dir='ltr'><strong>cum</strong></span> <span class='ocrx_word' id='word_1_98' title='bbox 1685 1508 1919 1563; x_wconf 88' lang='lat' dir='ltr'><strong>Hercule</strong></span> 
     </span>
    </p>
   </div>
   <div class='ocr_carea' id='block_1_17' title="bbox 350 1602 1878 1672">
    <p class='ocr_par' dir='ltr' id='par_1_17' title="bbox 350 1602 1878 1672">
     <span class='ocr_line' id='line_1_17' title="bbox 350 1602 1878 1672; baseline -0.005 -12"><span class='ocrx_word' id='word_1_99' title='bbox 350 1607 514 1661; x_wconf 85' lang='lat' dir='ltr'><strong>verba</strong></span> <span class='ocrx_word' id='word_1_100' title='bbox 545 1605 772 1667; x_wconf 82' lang='lat' dir='ltr'><strong>faciunt,</strong></span> <span class='ocrx_word' id='word_1_101' title='bbox 805 1603 1102 1672; x_wconf 81' lang='grc' dir='ltr'><strong>ἀλογίστως</strong></span> <span class='ocrx_word' id='word_1_102' title='bbox 1125 1602 1530 1657; x_wconf 82' lang='lat' dir='ltr'><strong>damnabiinus.</strong></span> <span class='ocrx_word' id='word_1_103' title='bbox 1871 1613 1878 1622; x_wconf 83' lang='lat'>‘</span> 
     </span>
    </p>
   </div>
   <div class='ocr_carea' id='block_1_18' title="bbox 417 1689 1920 1760">
    <p class='ocr_par' dir='ltr' id='par_1_18' title="bbox 417 1689 1920 1760">
     <span class='ocr_line' id='line_1_18' title="bbox 417 1689 1920 1760; baseline -0.003 -11"><span class='ocrx_word' id='word_1_104' title='bbox 417 1693 538 1749; x_wconf 88' lang='lat' dir='ltr'><strong>Col.</strong></span> <span class='ocrx_word' id='word_1_105' title='bbox 568 1694 692 1760; x_wconf 83' lang='lat'><strong>765,</strong></span> <span class='ocrx_word' id='word_1_106' title='bbox 725 1693 820 1746; x_wconf 90' lang='lat' dir='ltr'><strong>lin.</strong></span> <span class='ocrx_word' id='word_1_107' title='bbox 845 1691 934 1746; x_wconf 69' lang='grc'><strong>22.</strong></span> <span class='ocrx_word' id='word_1_108' title='bbox 965 1689 1594 1759; x_wconf 73' lang='grc' dir='ltr'>Ἰακὼϐπαραρπάσας.</span> <span class='ocrx_word' id='word_1_109' title='bbox 1614 1689 1920 1746; x_wconf 71' lang='lat' dir='ltr'><strong>Alexander</strong></span> 
     </span>
    </p>
   </div>
   <div class='ocr_carea' id='block_1_19' title="bbox 348 1782 1916 1858">
    <p class='ocr_par' dir='ltr' id='par_1_19' title="bbox 348 1782 1916 1858">
     <span class='ocr_line' id='line_1_19' title="bbox 348 1782 1916 1858; baseline -0.003 -15"><span class='ocrx_word' id='word_1_110' title='bbox 348 1787 655 1858; x_wconf 88' lang='lat' dir='ltr'><strong>Polyhistor</strong></span> <span class='ocrx_word' id='word_1_111' title='bbox 679 1803 743 1841; x_wconf 83' lang='lat' dir='ltr'><strong>ex</strong></span> <span class='ocrx_word' id='word_1_112' title='bbox 767 1783 1038 1841; x_wconf 89' lang='lat' dir='ltr'><strong>Demetrio</strong></span> <span class='ocrx_word' id='word_1_113' title='bbox 1070 1783 1214 1854; x_wconf 89' lang='lat' dir='ltr'><strong>apud</strong></span> <span class='ocrx_word' id='word_1_114' title='bbox 1242 1782 1562 1845; x_wconf 86' lang='lat' dir='ltr'><strong>Eusebium,</strong></span> <span class='ocrx_word' id='word_1_115' title='bbox 1592 1782 1666 1837; x_wconf 87' lang='lat' dir='ltr'><strong>De</strong></span> <span class='ocrx_word' id='word_1_116' title='bbox 1686 1799 1916 1854; x_wconf 79' lang='lat' dir='ltr'><strong>prwpar.</strong></span> 
     </span>
    </p>
   </div>
   <div class='ocr_carea' id='block_1_20' title="bbox 2020 591 3604 664">
    <p class='ocr_par' dir='ltr' id='par_1_20' title="bbox 2020 591 3604 664">
     <span class='ocr_line' id='line_1_20' title="bbox 2020 591 3604 664; baseline -0.001 -20"><span class='ocrx_word' id='word_1_117' title='bbox 2020 593 2152 663; x_wconf 86' lang='grc' dir='ltr'>τέρα</span> <span class='ocrx_word' id='word_1_118' title='bbox 2205 593 2418 656; x_wconf 73' lang='grc' dir='ltr'>εὐνοίας</span> <span class='ocrx_word' id='word_1_119' title='bbox 2470 591 2732 661; x_wconf 76' lang='grc' dir='ltr'><strong>ἔνδακρυς</strong></span> <span class='ocrx_word' id='word_1_120' title='bbox 2790 593 3091 662; x_wconf 77' lang='grc' dir='ltr'><strong>γενομένη,</strong></span> <span class='ocrx_word' id='word_1_121' title='bbox 3149 591 3463 664; x_wconf 84' lang='grc' dir='ltr'>περιϐάλλει</span> <span class='ocrx_word' id='word_1_122' title='bbox 3511 591 3604 645; x_wconf 83' lang='grc' dir='ltr'><strong>τὸν</strong></span> 
     </span>
    </p>
   </div>
   <div class='ocr_carea' id='block_1_21' title="bbox 2033 683 3614 755">
    <p class='ocr_par' dir='ltr' id='par_1_21' title="bbox 2033 683 3614 755">
     <span class='ocr_line' id='line_1_21' title="bbox 2033 683 3614 755; baseline -0.002 -15"><span class='ocrx_word' id='word_1_123' title='bbox 2033 685 2319 750; x_wconf 81' lang='grc' dir='ltr'>Ἰάκωϐον,</span> <span class='ocrx_word' id='word_1_124' title='bbox 2388 685 2480 740; x_wconf 71' lang='grc' dir='ltr'><strong>καὶ</strong></span> <span class='ocrx_word' id='word_1_125' title='bbox 2539 683 3007 755; x_wconf 81' lang='grc' dir='ltr'><strong>κατασπασαμένη</strong></span> <span class='ocrx_word' id='word_1_126' title='bbox 3067 684 3164 755; x_wconf 79' lang='grc' dir='ltr'>τὴν</span> <span class='ocrx_word' id='word_1_127' title='bbox 3217 685 3614 754; x_wconf 71' lang='grc' dir='ltr'>εὐκταιοτάτην,</span> 
     </span>
    </p>
   </div>
   <div class='ocr_carea' id='block_1_22' title="bbox 2021 775 3605 873">
    <p class='ocr_par' dir='ltr' id='par_1_22' title="bbox 2021 775 3605 873">
     <span class='ocr_line' id='line_1_22' title="bbox 2021 775 3605 873; baseline -0.003 -41"><span class='ocrx_word' id='word_1_128' title='bbox 2021 780 2115 832; x_wconf 77' lang='grc' dir='ltr'><strong>καὶ</strong></span> <span class='ocrx_word' id='word_1_129' title='bbox 2161 777 2420 873; x_wconf 64' lang='grc' dir='ltr'>μεγίστην</span> <span class='ocrx_word' id='word_1_130' title='bbox 2467 775 2658 847; x_wconf 81' lang='grc' dir='ltr'>ἡδονὴν</span> <span class='ocrx_word' id='word_1_131' title='bbox 2703 776 2864 829; x_wconf 84' lang='grc' dir='ltr'>αὑτὸν</span> <span class='ocrx_word' id='word_1_132' title='bbox 2922 776 3144 846; x_wconf 80' lang='grc' dir='ltr'>κομίσαι</span> <span class='ocrx_word' id='word_1_133' title='bbox 3191 777 3268 846; x_wconf 76' lang='grc' dir='ltr'><strong>τῷ</strong></span> <span class='ocrx_word' id='word_1_134' title='bbox 3310 777 3478 849; x_wconf 75' lang='grc' dir='ltr'>πατρὶ</span> <span class='ocrx_word' id='word_1_135' title='bbox 3508 777 3605 830; x_wconf 82' lang='grc' dir='ltr'>καὶ</span> 
     </span>
    </p>
   </div>
   <div class='ocr_carea' id='block_1_23' title="bbox 2018 867 3604 941">
    <p class='ocr_par' dir='ltr' id='par_1_23' title="bbox 2018 867 3604 941">
     <span class='ocr_line' id='line_1_23' title="bbox 2018 867 3604 941; baseline -0.001 -18"><span class='ocrx_word' id='word_1_136' title='bbox 2018 875 2130 933; x_wconf 80' lang='grc' dir='ltr'>τοῖς</span> <span class='ocrx_word' id='word_1_137' title='bbox 2161 867 2265 922; x_wconf 68' lang='grc' dir='ltr'>ὲπῖ</span> <span class='ocrx_word' id='word_1_138' title='bbox 2299 870 2398 939; x_wconf 81' lang='grc' dir='ltr'>τῆς</span> <span class='ocrx_word' id='word_1_139' title='bbox 2441 870 2641 932; x_wconf 80' lang='grc' dir='ltr'>οἰκείας</span> <span class='ocrx_word' id='word_1_140' title='bbox 2690 869 2916 933; x_wconf 83' lang='grc' dir='ltr'>ἆπασιν,</span> <span class='ocrx_word' id='word_1_141' title='bbox 2965 867 3150 936; x_wconf 77' lang='grc' dir='ltr'>ἔλεγεν</span> <span class='ocrx_word' id='word_1_142' title='bbox 3190 869 3282 920; x_wconf 74' lang='grc' dir='ltr'>ἐπὶ</span> <span class='ocrx_word' id='word_1_143' title='bbox 3313 871 3378 939; x_wconf 82' lang='grc' dir='ltr'>τῇ</span> <span class='ocrx_word' id='word_1_144' title='bbox 3415 871 3604 941; x_wconf 75' lang='grc' dir='ltr'>μνήμῃ</span> 
     </span>
    </p>
   </div>
   <div class='ocr_carea' id='block_1_24' title="bbox 2017 961 3600 1034">
    <p class='ocr_par' dir='ltr' id='par_1_24' title="bbox 2017 961 3600 1034">
     <span class='ocr_line' id='line_1_24' title="bbox 2017 961 3600 1034; baseline 0.001 -20"><span class='ocrx_word' id='word_1_145' title='bbox 2017 962 2116 1033; x_wconf 81' lang='grc' dir='ltr'>τῆς</span> <span class='ocrx_word' id='word_1_146' title='bbox 2150 963 2351 1033; x_wconf 84' lang='grc' dir='ltr'>μητρὸς</span> <span class='ocrx_word' id='word_1_147' title='bbox 2401 963 2564 1016; x_wconf 73' lang='grc' dir='ltr'>αὐτοῦ</span> <span class='ocrx_word' id='word_1_148' title='bbox 2625 961 2884 1032; x_wconf 81' lang='grc' dir='ltr'>κειμένῳ,</span> <span class='ocrx_word' id='word_1_149' title='bbox 2929 962 3026 1015; x_wconf 66' lang='grc' dir='ltr'><strong>καὶ</strong></span> <span class='ocrx_word' id='word_1_150' title='bbox 3061 962 3198 1032; x_wconf 82' lang='grc' dir='ltr'>πρὸς</span> <span class='ocrx_word' id='word_1_151' title='bbox 3245 963 3377 1033; x_wconf 80' lang='grc' dir='ltr'>μόνῃ</span> <span class='ocrx_word' id='word_1_152' title='bbox 3429 961 3600 1034; x_wconf 82' lang='grc' dir='ltr'>ταύτῃ</span> 
     </span>
    </p>
   </div>
   <div class='ocr_carea' id='block_1_25' title="bbox 2018 1050 3616 1121">
    <p class='ocr_par' dir='ltr' id='par_1_25' title="bbox 2018 1050 3616 1121">
     <span class='ocr_line' id='line_1_25' title="bbox 2018 1050 3616 1121; baseline 0.001 -18"><span class='ocrx_word' id='word_1_153' title='bbox 2018 1051 2371 1121; x_wconf 77' lang='grc' dir='ltr'>τυγχάνοντι,</span> <span class='ocrx_word' id='word_1_154' title='bbox 2435 1051 2723 1121; x_wconf 84' lang='grc' dir='ltr'>φανεῖσθαι</span> <span class='ocrx_word' id='word_1_155' title='bbox 2777 1051 2834 1103; x_wconf 80' lang='grc' dir='ltr'>δὲ</span> <span class='ocrx_word' id='word_1_156' title='bbox 2894 1050 3044 1120; x_wconf 85' lang='grc' dir='ltr'>αὐτῴ</span> <span class='ocrx_word' id='word_1_157' title='bbox 3095 1051 3293 1113; x_wconf 85' lang='grc' dir='ltr'>παντὸς</span> <span class='ocrx_word' id='word_1_158' title='bbox 3355 1053 3616 1117; x_wconf 81' lang='grc' dir='ltr'>ἀντάξιον.</span> 
     </span>
    </p>
   </div>
   <div class='ocr_carea' id='block_1_26' title="bbox 2018 1141 3605 1212">
    <p class='ocr_par' dir='ltr' id='par_1_26' title="bbox 2018 1141 3605 1212">
     <span class='ocr_line' id='line_1_26' title="bbox 2018 1141 3605 1212; baseline 0.001 -18"><span class='ocrx_word' id='word_1_159' title='bbox 2018 1141 2246 1211; x_wconf 77' lang='grc' dir='ltr'><strong>ἀγαθοῦ.</strong></span> <span class='ocrx_word' id='word_1_160' title='bbox 2310 1141 2472 1198; x_wconf 91' lang='lat' dir='ltr'><strong>Hisce</strong></span> <span class='ocrx_word' id='word_1_161' title='bbox 2514 1151 2568 1197; x_wconf 88' lang='lat' dir='ltr'><strong>et</strong></span> <span class='ocrx_word' id='word_1_162' title='bbox 2611 1143 2732 1196; x_wconf 89' lang='lat' dir='ltr'><strong>aliis</strong></span> <span class='ocrx_word' id='word_1_163' title='bbox 2763 1142 3035 1212; x_wconf 83' lang='lat' dir='ltr'><strong>Josephus</strong></span> <span class='ocrx_word' id='word_1_164' title='bbox 3084 1143 3138 1196; x_wconf 89' lang='lat' dir='ltr'><strong>in</strong></span> <span class='ocrx_word' id='word_1_165' title='bbox 3173 1144 3418 1198; x_wconf 81' lang='lat' dir='ltr'><strong>historiis</strong></span> <span class='ocrx_word' id='word_1_166' title='bbox 3454 1159 3605 1197; x_wconf 89' lang='lat' dir='ltr'><strong>com-</strong></span> 
     </span>
    </p>
   </div>
   <div class='ocr_carea' id='block_1_27' title="bbox 2021 1221 3604 1305">
    <p class='ocr_par' dir='ltr' id='par_1_27' title="bbox 2021 1221 3604 1305">
     <span class='ocr_line' id='line_1_27' title="bbox 2021 1221 3604 1305; baseline 0.002 -19"><span class='ocrx_word' id='word_1_167' title='bbox 2021 1232 2390 1289; x_wconf 81' lang='lat' dir='ltr'><strong>memorandis</strong></span> <span class='ocrx_word' id='word_1_168' title='bbox 2423 1251 2612 1304; x_wconf 88' lang='lat' dir='ltr'><strong>parum</strong></span> <span class='ocrx_word' id='word_1_169' title='bbox 2657 1236 2886 1305; x_wconf 80' lang='lat' dir='ltr'><strong>diligens</strong></span> <span class='ocrx_word' id='word_1_170' title='bbox 2932 1244 2984 1289; x_wconf 83' lang='lat' dir='ltr'><strong>et</strong></span> <span class='ocrx_word' id='word_1_171' title='bbox 3027 1221 3221 1290; x_wconf 85' lang='lat' dir='ltr'><strong>iidelis.</strong></span> <span class='ocrx_word' id='word_1_172' title='bbox 3251 1235 3360 1290; x_wconf 72' lang='lat' dir='ltr'><strong>Nec</strong></span> <span class='ocrx_word' id='word_1_173' title='bbox 3392 1250 3518 1289; x_wconf 85' lang='lat' dir='ltr'><strong>raro</strong></span> <span class='ocrx_word' id='word_1_174' title='bbox 3547 1234 3604 1289; x_wconf 86' lang='lat' dir='ltr'><strong>in</strong></span> 
     </span>
    </p>
   </div>
   <div class='ocr_carea' id='block_1_28' title="bbox 2020 1324 3602 1396">
    <p class='ocr_par' dir='ltr' id='par_1_28' title="bbox 2020 1324 3602 1396">
     <span class='ocr_line' id='line_1_28' title="bbox 2020 1324 3602 1396; baseline 0 -19"><span class='ocrx_word' id='word_1_175' title='bbox 2020 1324 2244 1378; x_wconf 88' lang='lat' dir='ltr'><strong>historia</strong></span> <span class='ocrx_word' id='word_1_176' title='bbox 2262 1335 2315 1379; x_wconf 89' lang='lat' dir='ltr'><strong>et</strong></span> <span class='ocrx_word' id='word_1_177' title='bbox 2339 1326 2391 1378; x_wconf 94' lang='lat' dir='ltr'><strong>in</strong></span> <span class='ocrx_word' id='word_1_178' title='bbox 2411 1326 2760 1395; x_wconf 71' lang='lat' dir='ltr'><strong>Clirunologia</strong></span> <span class='ocrx_word' id='word_1_179' title='bbox 2792 1342 2914 1380; x_wconf 88' lang='lat' dir='ltr'><strong>esse</strong></span> <span class='ocrx_word' id='word_1_180' title='bbox 2945 1328 3132 1396; x_wconf 80' lang='lat' dir='ltr'><strong>lapsus</strong></span> <span class='ocrx_word' id='word_1_181' title='bbox 3161 1326 3602 1396; x_wconf 82' lang='lat' dir='ltr'><strong>deprehenditur.</strong></span> 
     </span>
    </p>
   </div>
   <div class='ocr_carea' id='block_1_29' title="bbox 2092 1416 3605 1483">
    <p class='ocr_par' dir='ltr' id='par_1_29' title="bbox 2092 1416 3605 1483">
     <span class='ocr_line' id='line_1_29' title="bbox 2092 1416 3605 1483; baseline 0.002 -15"><span class='ocrx_word' id='word_1_182' title='bbox 2092 1416 2256 1480; x_wconf 90' lang='lat' dir='ltr'><strong>Ibid.,</strong></span> <span class='ocrx_word' id='word_1_183' title='bbox 2296 1417 2391 1471; x_wconf 89' lang='lat' dir='ltr'><strong>lin.</strong></span> <span class='ocrx_word' id='word_1_184' title='bbox 2423 1417 2510 1470; x_wconf 86' lang='lat'><strong>&#39;56.</strong></span> <span class='ocrx_word' id='word_1_185' title='bbox 2556 1418 2857 1470; x_wconf 81' lang='grc' dir='ltr'>Τίκτονται</span> <span class='ocrx_word' id='word_1_186' title='bbox 2898 1417 2964 1470; x_wconf 84' lang='grc' dir='ltr'>δὲ</span> <span class='ocrx_word' id='word_1_187' title='bbox 2994 1417 3224 1483; x_wconf 80' lang='grc' dir='ltr'>παῖδες.</span> <span class='ocrx_word' id='word_1_188' title='bbox 3263 1417 3337 1473; x_wconf 90' lang='lat' dir='ltr'><strong>De</strong></span> <span class='ocrx_word' id='word_1_189' title='bbox 3381 1427 3505 1471; x_wconf 86' lang='lat' dir='ltr'><strong>ortu</strong></span> <span class='ocrx_word' id='word_1_190' title='bbox 3542 1419 3605 1472; x_wconf 85' lang='lat' dir='ltr'><strong>li-</strong></span> 
     </span>
    </p>
   </div>
   <div class='ocr_carea' id='block_1_30' title="bbox 2020 1507 3605 1580">
    <p class='ocr_par' dir='ltr' id='par_1_30' title="bbox 2020 1507 3605 1580">
     <span class='ocr_line' id='line_1_30' title="bbox 2020 1507 3605 1580; baseline 0.002 -19"><span class='ocrx_word' id='word_1_191' title='bbox 2020 1508 2216 1562; x_wconf 87' lang='lat' dir='ltr'><strong>lioruui</strong></span> <span class='ocrx_word' id='word_1_192' title='bbox 2266 1507 2474 1574; x_wconf 72' lang='lat' dir='ltr'><strong>Jacobi,</strong></span> <span class='ocrx_word' id='word_1_193' title='bbox 2510 1516 2563 1564; x_wconf 88' lang='lat' dir='ltr'><strong>et</strong></span> <span class='ocrx_word' id='word_1_194' title='bbox 2598 1520 2862 1579; x_wconf 90' lang='lat' dir='ltr'><strong>tempore,</strong></span> <span class='ocrx_word' id='word_1_195' title='bbox 2896 1510 3072 1580; x_wconf 82' lang='lat' dir='ltr'><strong>deque</strong></span> <span class='ocrx_word' id='word_1_196' title='bbox 3117 1525 3268 1564; x_wconf 88' lang='lat' dir='ltr'><strong>mora</strong></span> <span class='ocrx_word' id='word_1_197' title='bbox 3317 1513 3457 1580; x_wconf 91' lang='lat' dir='ltr'><strong>apud</strong></span> <span class='ocrx_word' id='word_1_198' title='bbox 3501 1508 3605 1564; x_wconf 82' lang='lat' dir='ltr'><strong>La-</strong></span> 
     </span>
    </p>
   </div>
   <div class='ocr_carea' id='block_1_31' title="bbox 2019 1598 3604 1672">
    <p class='ocr_par' dir='ltr' id='par_1_31' title="bbox 2019 1598 3604 1672">
     <span class='ocr_line' id='line_1_31' title="bbox 2019 1598 3604 1672; baseline 0.004 -21"><span class='ocrx_word' id='word_1_199' title='bbox 2019 1598 2147 1662; x_wconf 85' lang='lat' dir='ltr'><strong>ban,</strong></span> <span class='ocrx_word' id='word_1_200' title='bbox 2179 1610 2232 1654; x_wconf 90' lang='lat' dir='ltr'><strong>et</strong></span> <span class='ocrx_word' id='word_1_201' title='bbox 2257 1601 2547 1668; x_wconf 87' lang='lat' dir='ltr'><strong>descensu,</strong></span> <span class='ocrx_word' id='word_1_202' title='bbox 2581 1603 2759 1672; x_wconf 88' lang='lat' dir='ltr'><strong>plura,</strong></span> <span class='ocrx_word' id='word_1_203' title='bbox 2800 1603 2900 1657; x_wconf 88' lang='lat' dir='ltr'><strong>etsi</strong></span> <span class='ocrx_word' id='word_1_204' title='bbox 2937 1604 2991 1655; x_wconf 89' lang='lat' dir='ltr'><strong>in</strong></span> <span class='ocrx_word' id='word_1_205' title='bbox 3034 1603 3314 1658; x_wconf 88' lang='lat' dir='ltr'><strong>nonnullis</strong></span> <span class='ocrx_word' id='word_1_206' title='bbox 3352 1603 3604 1658; x_wconf 82' lang='lat' dir='ltr'><strong>diversus</strong></span> 
     </span>
    </p>
   </div>
   <div class='ocr_carea' id='block_1_32' title="bbox 2021 1693 3603 1766">
    <p class='ocr_par' dir='ltr' id='par_1_32' title="bbox 2021 1693 3603 1766">
     <span class='ocr_line' id='line_1_32' title="bbox 2021 1693 3603 1766; baseline 0.002 -22"><span class='ocrx_word' id='word_1_207' title='bbox 2021 1705 2052 1744; x_wconf 91' lang='lat' dir='ltr'><strong>a</strong></span> <span class='ocrx_word' id='word_1_208' title='bbox 2087 1693 2262 1745; x_wconf 80' lang='lat' dir='ltr'><strong>sacris</strong></span> <span class='ocrx_word' id='word_1_209' title='bbox 2299 1693 2514 1758; x_wconf 89' lang='lat' dir='ltr'><strong>litteris,</strong></span> <span class='ocrx_word' id='word_1_210' title='bbox 2540 1695 2847 1748; x_wconf 83' lang='lat' dir='ltr'><strong>Alexander</strong></span> <span class='ocrx_word' id='word_1_211' title='bbox 2876 1694 3188 1766; x_wconf 76' lang='lat' dir='ltr'><strong>Polyhistor</strong></span> <span class='ocrx_word' id='word_1_212' title='bbox 3215 1711 3280 1749; x_wconf 81' lang='lat' dir='ltr'><strong>ex</strong></span> <span class='ocrx_word' id='word_1_213' title='bbox 3329 1693 3603 1749; x_wconf 89' lang='lat' dir='ltr'><strong>Demetrio</strong></span> 
     </span>
    </p>
   </div>
   <div class='ocr_carea' id='block_1_33' title="bbox 2022 1782 3454 1856">
    <p class='ocr_par' dir='ltr' id='par_1_33' title="bbox 2022 1782 3454 1856">
     <span class='ocr_line' id='line_1_33' title="bbox 2022 1782 3454 1856; baseline 0.002 -19"><span class='ocrx_word' id='word_1_214' title='bbox 2022 1783 2165 1853; x_wconf 87' lang='lat' dir='ltr'><strong>apud</strong></span> <span class='ocrx_word' id='word_1_215' title='bbox 2202 1782 2496 1839; x_wconf 87' lang='lat' dir='ltr'><strong>Eusebium</strong></span> <span class='ocrx_word' id='word_1_216' title='bbox 2527 1785 2602 1839; x_wconf 89' lang='lat' dir='ltr'><strong>De</strong></span> <span class='ocrx_word' id='word_1_217' title='bbox 2626 1796 2914 1856; x_wconf 78' lang='lat' dir='ltr'><strong>prwparat.</strong></span> <span class='ocrx_word' id='word_1_218' title='bbox 2956 1786 3207 1856; x_wconf 68' lang='lat' dir='ltr'><strong>ltrungel.</strong></span> <span class='ocrx_word' id='word_1_219' title='bbox 3247 1787 3344 1840; x_wconf 86' lang='lat' dir='ltr'><strong>lib.</strong></span> <span class='ocrx_word' id='word_1_220' title='bbox 3379 1803 3454 1840; x_wconf 82' lang='lat' dir='ltr'><strong>ix.</strong></span> 
     </span>
    </p>
   </div>
   <div class='ocr_carea' id='block_1_34' title="bbox 348 1874 1917 1950">
    <p class='ocr_par' dir='ltr' id='par_1_34' title="bbox 348 1874 1917 1950">
     <span class='ocr_line' id='line_1_34' title="bbox 348 1874 1917 1950; baseline -0.004 -16"><span class='ocrx_word' id='word_1_221' title='bbox 348 1878 600 1950; x_wconf 81' lang='lat' dir='ltr'><strong>Evangel.</strong></span> <span class='ocrx_word' id='word_1_222' title='bbox 635 1879 728 1932; x_wconf 90' lang='lat' dir='ltr'><strong>lib.</strong></span> <span class='ocrx_word' id='word_1_223' title='bbox 767 1894 822 1931; x_wconf 80' lang='lat' dir='ltr'><strong>ix</strong></span> <span class='ocrx_word' id='word_1_224' title='bbox 843 1893 856 1928; x_wconf 93' lang='lat'><strong>:</strong></span> <span class='ocrx_word' id='word_1_225' title='bbox 877 1876 1190 1948; x_wconf 84' lang='grc' dir='ltr'>Δημήτριός</span> <span class='ocrx_word' id='word_1_226' title='bbox 1223 1892 1356 1947; x_wconf 82' lang='grc' dir='ltr'>φησι</span> <span class='ocrx_word' id='word_1_227' title='bbox 1388 1875 1479 1928; x_wconf 85' lang='grc' dir='ltr'><strong>τὸν</strong></span> <span class='ocrx_word' id='word_1_228' title='bbox 1523 1874 1737 1938; x_wconf 81' lang='grc' dir='ltr'>Ἰακὼϐ,</span> <span class='ocrx_word' id='word_1_229' title='bbox 1769 1876 1917 1943; x_wconf 86' lang='grc' dir='ltr'>γενό-</span> 
     </span>
    </p>
   </div>
   <div class='ocr_carea' id='block_1_35' title="bbox 2018 1874 3604 1950">
    <p class='ocr_par' dir='ltr' id='par_1_35' title="bbox 2099 1874 3604 1945">
     <span class='ocr_line' id='line_1_35' title="bbox 2099 1874 3604 1945; baseline 0 -15"><span class='ocrx_word' id='word_1_230' title='bbox 2099 1877 2258 1941; x_wconf 84' lang='lat' dir='ltr'><strong>lbid.,</strong></span> <span class='ocrx_word' id='word_1_231' title='bbox 2293 1879 2391 1931; x_wconf 85' lang='lat' dir='ltr'><strong>lin.</strong></span> <span class='ocrx_word' id='word_1_232' title='bbox 2428 1876 2518 1930; x_wconf 82' lang='lat' dir='ltr'><strong>4i.</strong></span> <span class='ocrx_word' id='word_1_233' title='bbox 2564 1880 2627 1930; x_wconf 84' lang='lat' dir='ltr'><strong>Ol</strong></span> <span class='ocrx_word' id='word_1_234' title='bbox 2666 1877 2764 1929; x_wconf 79' lang='grc' dir='ltr'>καὶ</span> <span class='ocrx_word' id='word_1_235' title='bbox 2808 1875 3136 1945; x_wconf 85' lang='grc' dir='ltr'>Ἰδουμαῖοι.</span> <span class='ocrx_word' id='word_1_236' title='bbox 3167 1874 3461 1945; x_wconf 63' lang='lat' dir='ltr'><strong>Iosephus,</strong></span> <span class='ocrx_word' id='word_1_237' title='bbox 3493 1876 3604 1930; x_wconf 57' lang='lat' dir='ltr'><strong>Au.</strong></span> 
     </span>
    </p>
   </div>
   <div class='ocr_carea' id='block_1_36' title="bbox 349 1968 1920 2042">
    <p class='ocr_par' dir='ltr' id='par_1_36' title="bbox 349 1968 1920 2042">
     <span class='ocr_line' id='line_1_36' title="bbox 349 1968 1920 2042; baseline -0.003 -17"><span class='ocrx_word' id='word_1_238' title='bbox 349 1989 506 2042; x_wconf 86' lang='grc' dir='ltr'>μενον</span> <span class='ocrx_word' id='word_1_239' title='bbox 525 1970 660 2024; x_wconf 81' lang='grc' dir='ltr'>ὲτῶν</span> <span class='ocrx_word' id='word_1_240' title='bbox 679 1970 1045 2040; x_wconf 83' lang='grc' dir='ltr'>ἐϐδομήκοντα</span> <span class='ocrx_word' id='word_1_241' title='bbox 1071 1968 1251 2031; x_wconf 83' lang='grc' dir='ltr'>πέντε,</span> <span class='ocrx_word' id='word_1_242' title='bbox 1272 1970 1461 2037; x_wconf 85' lang='grc' dir='ltr'>φυγεῖν</span> <span class='ocrx_word' id='word_1_243' title='bbox 1483 1970 1563 2030; x_wconf 82' lang='grc' dir='ltr'><strong>είς</strong></span> <span class='ocrx_word' id='word_1_244' title='bbox 1586 1969 1808 2040; x_wconf 70' lang='grc' dir='ltr'>Χαρρὰν</span> <span class='ocrx_word' id='word_1_245' title='bbox 1824 1969 1920 2038; x_wconf 84' lang='grc' dir='ltr'>τῆς</span> 
     </span>
    </p>
   </div>
   <div class='ocr_carea' id='block_1_37' title="bbox 345 2056 1920 2132">
    <p class='ocr_par' dir='ltr' id='par_1_37' title="bbox 345 2056 1920 2132">
     <span class='ocr_line' id='line_1_37' title="bbox 345 2056 1920 2132; baseline -0.004 -16"><span class='ocrx_word' id='word_1_246' title='bbox 345 2062 788 2132; x_wconf 84' lang='grc' dir='ltr'>Μεσοποταμίας,</span> <span class='ocrx_word' id='word_1_247' title='bbox 819 2058 1188 2113; x_wconf 81' lang='grc' dir='ltr'>ἀποσταλέντα</span> <span class='ocrx_word' id='word_1_248' title='bbox 1218 2058 1322 2110; x_wconf 82' lang='grc' dir='ltr'>ὑπὸ</span> <span class='ocrx_word' id='word_1_249' title='bbox 1349 2057 1457 2110; x_wconf 77' lang='grc' dir='ltr'>τῶν</span> <span class='ocrx_word' id='word_1_250' title='bbox 1484 2057 1683 2126; x_wconf 82' lang='grc' dir='ltr'>γονέων</span> <span class='ocrx_word' id='word_1_251' title='bbox 1708 2057 1794 2110; x_wconf 81' lang='grc' dir='ltr'>διὰ</span> <span class='ocrx_word' id='word_1_252' title='bbox 1822 2056 1920 2127; x_wconf 78' lang='grc' dir='ltr'>τὴν</span> 
     </span>
    </p>
   </div>
   <div class='ocr_carea' id='block_1_38' title="bbox 347 2149 1922 2228">
    <p class='ocr_par' dir='ltr' id='par_1_38' title="bbox 347 2149 1922 2228">
     <span class='ocr_line' id='line_1_38' title="bbox 347 2149 1922 2228; baseline -0.006 -19"><span class='ocrx_word' id='word_1_253' title='bbox 347 2155 482 2228; x_wconf 81' lang='grc' dir='ltr'>πρὸς</span> <span class='ocrx_word' id='word_1_254' title='bbox 499 2155 588 2207; x_wconf 86' lang='grc' dir='ltr'><strong>τὸν</strong></span> <span class='ocrx_word' id='word_1_255' title='bbox 605 2151 829 2221; x_wconf 82' lang='grc' dir='ltr'>ἀδελφὸν</span> <span class='ocrx_word' id='word_1_256' title='bbox 845 2151 1079 2224; x_wconf 81' lang='grc' dir='ltr'>κρυφίαν</span> <span class='ocrx_word' id='word_1_257' title='bbox 1097 2150 1293 2220; x_wconf 79' lang='grc' dir='ltr'>ἔχθραν</span> <span class='ocrx_word' id='word_1_258' title='bbox 1321 2149 1512 2215; x_wconf 81' lang='grc' dir='ltr'>Ἠσαῦ,</span> <span class='ocrx_word' id='word_1_259' title='bbox 1529 2149 1616 2202; x_wconf 79' lang='grc' dir='ltr'><strong>διὰ</strong></span> <span class='ocrx_word' id='word_1_260' title='bbox 1630 2149 1692 2202; x_wconf 75' lang='grc' dir='ltr'>τὸ</span> <span class='ocrx_word' id='word_1_261' title='bbox 1707 2149 1922 2219; x_wconf 77' lang='grc' dir='ltr'>εὐλογῆ-</span> 
     </span>
    </p>
   </div>
   <div class='ocr_carea' id='block_1_39' title="bbox 348 2237 1921 2313">
    <p class='ocr_par' dir='ltr' id='par_1_39' title="bbox 348 2237 1921 2313">
     <span class='ocr_line' id='line_1_39' title="bbox 348 2237 1921 2313; baseline -0.004 -14"><span class='ocrx_word' id='word_1_262' title='bbox 348 2245 630 2299; x_wconf 83' lang='grc' dir='ltr'>σαιάὑτὸν</span> <span class='ocrx_word' id='word_1_263' title='bbox 657 2245 748 2298; x_wconf 85' lang='grc' dir='ltr'><strong>τὸν</strong></span> <span class='ocrx_word' id='word_1_264' title='bbox 780 2243 1008 2313; x_wconf 75' lang='grc' dir='ltr'>πατέρα,</span> <span class='ocrx_word' id='word_1_265' title='bbox 1036 2242 1294 2295; x_wconf 73' lang='grc' dir='ltr'>δοκοῦντα</span> <span class='ocrx_word' id='word_1_266' title='bbox 1324 2237 1460 2295; x_wconf 83' lang='grc' dir='ltr'>εἶναι</span> <span class='ocrx_word' id='word_1_267' title='bbox 1481 2241 1572 2294; x_wconf 77' lang='grc' dir='ltr'><strong>τὸν</strong></span> <span class='ocrx_word' id='word_1_268' title='bbox 1611 2241 1800 2307; x_wconf 79' lang='grc' dir='ltr'>Ἡσαῦ,</span> <span class='ocrx_word' id='word_1_269' title='bbox 1827 2240 1921 2294; x_wconf 79' lang='grc' dir='ltr'>καὶ</span> 
     </span>
    </p>
   </div>
   <div class='ocr_carea' id='block_1_40' title="bbox 346 2328 1921 2406">
    <p class='ocr_par' dir='ltr' id='par_1_40' title="bbox 346 2328 1921 2406">
     <span class='ocr_line' id='line_1_40' title="bbox 346 2328 1921 2406; baseline -0.004 -17"><span class='ocrx_word' id='word_1_270' title='bbox 346 2336 493 2398; x_wconf 83' lang='grc' dir='ltr'>ὅπως</span> <span class='ocrx_word' id='word_1_271' title='bbox 520 2333 660 2406; x_wconf 80' lang='grc' dir='ltr'>λάϐῃ</span> <span class='ocrx_word' id='word_1_272' title='bbox 687 2333 893 2387; x_wconf 74' lang='grc' dir='ltr'>ἐκεῖθεν</span> <span class='ocrx_word' id='word_1_273' title='bbox 923 2335 1174 2402; x_wconf 83' lang='grc' dir='ltr'>γυναῖκα.</span> <span class='ocrx_word' id='word_1_274' title='bbox 1213 2333 1555 2404; x_wconf 81' lang='grc' dir='ltr'>Ἀφορμῆσαι</span> <span class='ocrx_word' id='word_1_275' title='bbox 1591 2328 1682 2386; x_wconf 79' lang='grc' dir='ltr'><strong>οὖν</strong></span> <span class='ocrx_word' id='word_1_276' title='bbox 1730 2329 1921 2385; x_wconf 81' lang='grc' dir='ltr'>Ἰακὼϐ</span> 
     </span>
    </p>
   </div>
   <div class='ocr_carea' id='block_1_41' title="bbox 347 2422 1942 2504">
    <p class='ocr_par' dir='ltr' id='par_1_41' title="bbox 347 2422 1942 2504">
     <span class='ocr_line' id='line_1_41' title="bbox 347 2422 1942 2504; baseline -0.003 -24"><span class='ocrx_word' id='word_1_277' title='bbox 347 2425 676 2498; x_wconf 72' lang='grc' dir='ltr'>εἰς’Χαρῤὰν</span> <span class='ocrx_word' id='word_1_278' title='bbox 707 2427 804 2495; x_wconf 84' lang='grc' dir='ltr'>τῆς</span> <span class='ocrx_word' id='word_1_279' title='bbox 837 2423 1282 2493; x_wconf 75' lang='grc' dir='ltr'>Μεσοποταμίας,</span> <span class='ocrx_word' id='word_1_280' title='bbox 1311 2424 1402 2476; x_wconf 79' lang='grc' dir='ltr'><strong>τὸν</strong></span> <span class='ocrx_word' id='word_1_281' title='bbox 1439 2424 1536 2494; x_wconf 83' lang='grc' dir='ltr'><strong>μὲν</strong></span> <span class='ocrx_word' id='word_1_282' title='bbox 1574 2422 1784 2495; x_wconf 82' lang='grc' dir='ltr'>πατέρα</span> <span class='ocrx_word' id='word_1_283' title='bbox 1825 2439 1942 2504; x_wconf 9' lang='grc' dir='ltr'>κα-γ</span> 
     </span>
    </p>
   </div>
   <div class='ocr_carea' id='block_1_42' title="bbox 347 2515 1921 2586">
    <p class='ocr_par' dir='ltr' id='par_1_42' title="bbox 347 2515 1921 2586">
     <span class='ocr_line' id='line_1_42' title="bbox 347 2515 1921 2586; baseline -0.003 -15"><span class='ocrx_word' id='word_1_284' title='bbox 347 2519 641 2574; x_wconf 87' lang='grc' dir='ltr'>ταλιπόντα</span> <span class='ocrx_word' id='word_1_285' title='bbox 680 2517 864 2569; x_wconf 83' lang='grc' dir='ltr'>Ἰσαὰκ</span> <span class='ocrx_word' id='word_1_286' title='bbox 892 2516 1026 2570; x_wconf 83' lang='grc' dir='ltr'>ἐτῶν</span> <span class='ocrx_word' id='word_1_287' title='bbox 1052 2515 1244 2568; x_wconf 79' lang='grc' dir='ltr'>ἑκατὸν</span> <span class='ocrx_word' id='word_1_288' title='bbox 1271 2515 1560 2586; x_wconf 82' lang='grc' dir='ltr'>τριάκοντα</span> <span class='ocrx_word' id='word_1_289' title='bbox 1580 2515 1737 2580; x_wconf 76' lang='grc' dir='ltr'>ἑπτὰ,</span> <span class='ocrx_word' id='word_1_290' title='bbox 1762 2515 1921 2568; x_wconf 72' lang='grc' dir='ltr'>αὐτὸν</span> 
     </span>
    </p>
   </div>
   <div class='ocr_carea' id='block_1_43' title="bbox 347 2603 1921 2680">
    <p class='ocr_par' dir='ltr' id='par_1_43' title="bbox 347 2603 1921 2680">
     <span class='ocr_line' id='line_1_43' title="bbox 347 2603 1921 2680; baseline -0.002 -17"><span class='ocrx_word' id='word_1_291' title='bbox 347 2610 406 2664; x_wconf 82' lang='grc' dir='ltr'>δὲ</span> <span class='ocrx_word' id='word_1_292' title='bbox 442 2608 568 2662; x_wconf 76' lang='grc' dir='ltr'>ὅντα</span> <span class='ocrx_word' id='word_1_293' title='bbox 612 2608 749 2661; x_wconf 81' lang='grc' dir='ltr'>ἐτῶν</span> <span class='ocrx_word' id='word_1_294' title='bbox 787 2608 1155 2680; x_wconf 79' lang='grc' dir='ltr'>ἑϐδομήκοντα</span> <span class='ocrx_word' id='word_1_295' title='bbox 1203 2607 1360 2661; x_wconf 80' lang='grc' dir='ltr'>ἑπτά.</span> <span class='ocrx_word' id='word_1_296' title='bbox 1417 2607 1782 2678; x_wconf 67' lang='grc' dir='ltr'>Διατρίψαντα</span> <span class='ocrx_word' id='word_1_297' title='bbox 1828 2603 1921 2660; x_wconf 76' lang='grc' dir='ltr'><strong>οὖν</strong></span> 
     </span>
    </p>
   </div>
   <div class='ocr_carea' id='block_1_44' title="bbox 349 2695 1922 2770">
    <p class='ocr_par' dir='ltr' id='par_1_44' title="bbox 349 2695 1922 2770">
     <span class='ocr_line' id='line_1_44' title="bbox 349 2695 1922 2770; baseline -0.001 -18"><span class='ocrx_word' id='word_1_298' title='bbox 349 2699 511 2752; x_wconf 79' lang='grc' dir='ltr'>αὑτὸν</span> <span class='ocrx_word' id='word_1_299' title='bbox 550 2701 665 2752; x_wconf 75' lang='grc' dir='ltr'>ἐκεῖ</span> <span class='ocrx_word' id='word_1_300' title='bbox 698 2697 836 2751; x_wconf 80' lang='grc' dir='ltr'>ἑπτὰ</span> <span class='ocrx_word' id='word_1_301' title='bbox 869 2697 964 2768; x_wconf 79' lang='grc' dir='ltr'>ἔτη</span> <span class='ocrx_word' id='word_1_302' title='bbox 998 2695 1184 2750; x_wconf 83' lang='grc' dir='ltr'>Λάϐαν</span> <span class='ocrx_word' id='word_1_303' title='bbox 1209 2697 1305 2749; x_wconf 79' lang='grc' dir='ltr'><strong>τοῦ</strong></span> <span class='ocrx_word' id='word_1_304' title='bbox 1350 2695 1602 2770; x_wconf 79' lang='grc' dir='ltr'>μητρῴου</span> <span class='ocrx_word' id='word_1_305' title='bbox 1635 2696 1728 2749; x_wconf 79' lang='grc' dir='ltr'>δύο</span> <span class='ocrx_word' id='word_1_306' title='bbox 1756 2695 1922 2764; x_wconf 88' lang='grc' dir='ltr'>θυγα-</span> 
     </span>
    </p>
   </div>
   <div class='ocr_carea' id='block_1_45' title="bbox 349 2787 1923 2862">
    <p class='ocr_par' dir='ltr' id='par_1_45' title="bbox 349 2787 1923 2862">
     <span class='ocr_line' id='line_1_45' title="bbox 349 2787 1923 2862; baseline -0.001 -18"><span class='ocrx_word' id='word_1_307' title='bbox 349 2791 512 2862; x_wconf 87' lang='grc' dir='ltr'>τέρας</span> <span class='ocrx_word' id='word_1_308' title='bbox 540 2793 735 2861; x_wconf 83' lang='grc' dir='ltr'>γῆμαι,</span> <span class='ocrx_word' id='word_1_309' title='bbox 777 2788 940 2844; x_wconf 80' lang='grc' dir='ltr'>Λείαν</span> <span class='ocrx_word' id='word_1_310' title='bbox 983 2790 1076 2844; x_wconf 75' lang='grc' dir='ltr'><strong>καὶ</strong></span> <span class='ocrx_word' id='word_1_311' title='bbox 1128 2787 1348 2860; x_wconf 80' lang='grc' dir='ltr'>Ῥαχὴλ,</span> <span class='ocrx_word' id='word_1_312' title='bbox 1391 2788 1518 2841; x_wconf 74' lang='grc' dir='ltr'>ὄντα</span> <span class='ocrx_word' id='word_1_313' title='bbox 1556 2788 1694 2842; x_wconf 78' lang='grc' dir='ltr'>ἐτῶν</span> <span class='ocrx_word' id='word_1_314' title='bbox 1734 2789 1923 2861; x_wconf 81' lang='grc' dir='ltr'>ὁγδοή-</span> 
     </span>
    </p>
   </div>
   <div class='ocr_carea' id='block_1_46' title="bbox 348 2883 844 2952">
    <p class='ocr_par' dir='ltr' id='par_1_46' title="bbox 348 2883 844 2952">
     <span class='ocr_line' id='line_1_46' title="bbox 348 2883 844 2952; baseline -0.004 -16"><span class='ocrx_word' id='word_1_315' title='bbox 348 2898 513 2937; x_wconf 84' lang='grc' dir='ltr'>κοντα</span> <span class='ocrx_word' id='word_1_316' title='bbox 542 2883 844 2952; x_wconf 76' lang='grc' dir='ltr'>τεσσάρων.</span> 
     </span>
    </p>
   </div>
   <div class='ocr_carea' id='block_1_47' title="bbox 415 2972 1923 3046">
    <p class='ocr_par' dir='ltr' id='par_1_47' title="bbox 415 2972 1923 3046">
     <span class='ocr_line' id='line_1_47' title="bbox 415 2972 1923 3046; baseline -0.003 -16"><span class='ocrx_word' id='word_1_317' title='bbox 415 2975 575 3041; x_wconf 89' lang='lat' dir='ltr'><strong>lbid.,</strong></span> <span class='ocrx_word' id='word_1_318' title='bbox 599 2977 698 3030; x_wconf 92' lang='lat' dir='ltr'><strong>lin.</strong></span> <span class='ocrx_word' id='word_1_319' title='bbox 720 2975 810 3031; x_wconf 74' lang='grc'><strong>25.</strong></span> <span class='ocrx_word' id='word_1_320' title='bbox 850 2975 961 3044; x_wconf 81' lang='grc' dir='ltr'><strong>Τὰς</strong></span> <span class='ocrx_word' id='word_1_321' title='bbox 981 2975 1090 3030; x_wconf 87' lang='grc' dir='ltr'>δύο</span> <span class='ocrx_word' id='word_1_322' title='bbox 1113 2973 1454 3046; x_wconf 81' lang='grc' dir='ltr'>θυγατέρας.</span> <span class='ocrx_word' id='word_1_323' title='bbox 1487 2973 1722 3029; x_wconf 84' lang='lat' dir='ltr'><strong>Faustus</strong></span> <span class='ocrx_word' id='word_1_324' title='bbox 1749 2972 1923 3027; x_wconf 85' lang='lat' dir='ltr'><strong>Mani-</strong></span> 
     </span>
    </p>
   </div>
   <div class='ocr_carea' id='block_1_48' title="bbox 347 3067 1922 3141">
    <p class='ocr_par' dir='ltr' id='par_1_48' title="bbox 347 3067 1922 3141">
     <span class='ocr_line' id='line_1_48' title="bbox 347 3067 1922 3141; baseline -0.004 -15"><span class='ocrx_word' id='word_1_325' title='bbox 347 3070 532 3126; x_wconf 72' lang='lat' dir='ltr'><strong>chacus</strong></span> <span class='ocrx_word' id='word_1_326' title='bbox 563 3067 925 3141; x_wconf 82' lang='lat' dir='ltr'><strong>polygamiam</strong></span> <span class='ocrx_word' id='word_1_327' title='bbox 956 3069 1098 3123; x_wconf 86' lang='lat' dir='ltr'><strong>hanc</strong></span> <span class='ocrx_word' id='word_1_328' title='bbox 1127 3084 1226 3140; x_wconf 91' lang='lat' dir='ltr'><strong>pro</strong></span> <span class='ocrx_word' id='word_1_329' title='bbox 1249 3082 1447 3138; x_wconf 84' lang='lat' dir='ltr'><strong>magno</strong></span> <span class='ocrx_word' id='word_1_330' title='bbox 1471 3067 1700 3122; x_wconf 88' lang='lat' dir='ltr'><strong>crimine</strong></span> <span class='ocrx_word' id='word_1_331' title='bbox 1730 3073 1922 3122; x_wconf 89' lang='lat' dir='ltr'><strong>sancto</strong></span> 
     </span>
    </p>
   </div>
   <div class='ocr_carea' id='block_1_49' title="bbox 349 3160 1916 3233">
    <p class='ocr_par' dir='ltr' id='par_1_49' title="bbox 349 3160 1916 3233">
     <span class='ocr_line' id='line_1_49' title="bbox 349 3160 1916 3233; baseline -0.004 -15"><span class='ocrx_word' id='word_1_332' title='bbox 349 3164 672 3233; x_wconf 63' lang='lat' dir='ltr'><strong>patriarcha:</strong></span> <span class='ocrx_word' id='word_1_333' title='bbox 712 3161 882 3218; x_wconf 84' lang='lat' dir='ltr'><strong>Jacob</strong></span> <span class='ocrx_word' id='word_1_334' title='bbox 925 3162 1336 3233; x_wconf 84' lang='lat' dir='ltr'><strong>procacissimis</strong></span> <span class='ocrx_word' id='word_1_335' title='bbox 1375 3161 1558 3216; x_wconf 87' lang='lat' dir='ltr'><strong>verbis</strong></span> <span class='ocrx_word' id='word_1_336' title='bbox 1603 3160 1916 3230; x_wconf 87' lang='lat' dir='ltr'><strong>objectavit.</strong></span> 
     </span>
    </p>
   </div>
   <div class='ocr_carea' id='block_1_50' title="bbox 349 3225 1990 3323">
    <p class='ocr_par' dir='ltr' id='par_1_50' title="bbox 349 3225 1990 3323">
     <span class='ocr_line' id='line_1_50' title="bbox 349 3225 1990 3323; baseline -0.002 -15"><span class='ocrx_word' id='word_1_337' title='bbox 349 3225 488 3308; x_wconf 79' lang='lat' dir='ltr'><strong>Huic</strong></span> <span class='ocrx_word' id='word_1_338' title='bbox 529 3254 625 3308; x_wconf 90' lang='lat' dir='ltr'><strong>lib.</strong></span> <span class='ocrx_word' id='word_1_339' title='bbox 662 3270 801 3320; x_wconf 73' lang='lat' dir='ltr'><strong>XXII,</strong></span> <span class='ocrx_word' id='word_1_340' title='bbox 843 3225 964 3323; x_wconf 75' lang='lat' dir='ltr'><strong>cap.</strong></span> <span class='ocrx_word' id='word_1_341' title='bbox 1004 3253 1094 3317; x_wconf 89' lang='lat'><strong>47,</strong></span> <span class='ocrx_word' id='word_1_342' title='bbox 1135 3251 1429 3322; x_wconf 88' lang='lat' dir='ltr'><strong>respondet</strong></span> <span class='ocrx_word' id='word_1_343' title='bbox 1457 3225 1796 3320; x_wconf 81' lang='lat' dir='ltr'><strong>Augustinus</strong></span> <span class='ocrx_word' id='word_1_344' title='bbox 1828 3250 1920 3304; x_wconf 78' lang='lat' dir='ltr'><strong>Ja-</strong></span> <span class='ocrx_word' id='word_1_345' title='bbox 1947 3225 1990 3282; x_wconf 66' lang='grc' dir='ltr'><strong>θ</strong></span> 
     </span>
    </p>
   </div>
   <div class='ocr_carea' id='block_1_51' title="bbox 347 3343 1918 3412">
    <p class='ocr_par' dir='ltr' id='par_1_51' title="bbox 347 3343 1918 3412">
     <span class='ocr_line' id='line_1_51' title="bbox 347 3343 1918 3412; baseline -0.004 -9"><span class='ocrx_word' id='word_1_346' title='bbox 347 3349 544 3403; x_wconf 89' lang='lat' dir='ltr'><strong>cobum</strong></span> <span class='ocrx_word' id='word_1_347' title='bbox 591 3363 621 3400; x_wconf 90' lang='lat' dir='ltr'><strong>a</strong></span> <span class='ocrx_word' id='word_1_348' title='bbox 675 3348 949 3402; x_wconf 88' lang='lat' dir='ltr'><strong>calumnia</strong></span> <span class='ocrx_word' id='word_1_349' title='bbox 996 3346 1304 3402; x_wconf 86' lang='lat' dir='ltr'><strong>vindicans.</strong></span> <span class='ocrx_word' id='word_1_350' title='bbox 1357 3343 1583 3412; x_wconf 84' lang='lat' dir='ltr'><strong>Quando</strong></span> <span class='ocrx_word' id='word_1_351' title='bbox 1634 3361 1745 3398; x_wconf 85' lang='lat' dir='ltr'><strong>mos</strong></span> <span class='ocrx_word' id='word_1_352' title='bbox 1780 3353 1918 3410; x_wconf 89' lang='lat' dir='ltr'><strong>erat,</strong></span> 
     </span>
    </p>
   </div>
   <div class='ocr_carea' id='block_1_52' title="bbox 347 3435 1919 3506">
    <p class='ocr_par' dir='ltr' id='par_1_52' title="bbox 347 3435 1919 3506">
     <span class='ocr_line' id='line_1_52' title="bbox 347 3435 1919 3506; baseline -0.004 -14"><span class='ocrx_word' id='word_1_353' title='bbox 347 3439 543 3492; x_wconf 77' lang='lat' dir='ltr'><strong>crimen</strong></span> <span class='ocrx_word' id='word_1_354' title='bbox 573 3455 677 3492; x_wconf 92' lang='lat' dir='ltr'><strong>non</strong></span> <span class='ocrx_word' id='word_1_355' title='bbox 705 3447 818 3491; x_wconf 88' lang='lat' dir='ltr'><strong>erat</strong></span> <span class='ocrx_word' id='word_1_356' title='bbox 844 3454 861 3490; x_wconf 91' lang='lat'><strong><em>:</em></strong></span> <span class='ocrx_word' id='word_1_357' title='bbox 891 3448 940 3492; x_wconf 90' lang='lat' dir='ltr'><strong>et</strong></span> <span class='ocrx_word' id='word_1_358' title='bbox 970 3453 1106 3490; x_wconf 89' lang='lat' dir='ltr'><strong>nunc</strong></span> <span class='ocrx_word' id='word_1_359' title='bbox 1133 3447 1409 3506; x_wconf 81' lang='lat' dir='ltr'><strong>propterea</strong></span> <span class='ocrx_word' id='word_1_360' title='bbox 1443 3435 1638 3488; x_wconf 79' lang='lat' dir='ltr'><strong>crimen</strong></span> <span class='ocrx_word' id='word_1_361' title='bbox 1665 3444 1762 3499; x_wconf 87' lang='lat' dir='ltr'><strong>est,</strong></span> <span class='ocrx_word' id='word_1_362' title='bbox 1794 3435 1919 3504; x_wconf 92' lang='lat' dir='ltr'><strong>quia</strong></span> 
     </span>
    </p>
   </div>
   <div class='ocr_carea' id='block_1_53' title="bbox 346 3530 1915 3598">
    <p class='ocr_par' dir='ltr' id='par_1_53' title="bbox 346 3530 1915 3598">
     <span class='ocr_line' id='line_1_53' title="bbox 346 3530 1915 3598; baseline -0.004 -12"><span class='ocrx_word' id='word_1_363' title='bbox 346 3547 458 3586; x_wconf 84' lang='lat' dir='ltr'><strong>mos</strong></span> <span class='ocrx_word' id='word_1_364' title='bbox 487 3547 590 3585; x_wconf 91' lang='lat' dir='ltr'><strong>non</strong></span> <span class='ocrx_word' id='word_1_365' title='bbox 616 3540 714 3584; x_wconf 84' lang='lat' dir='ltr'><strong>est.</strong></span> <span class='ocrx_word' id='word_1_366' title='bbox 739 3530 863 3583; x_wconf 79' lang='lat' dir='ltr'><strong>Alia</strong></span> <span class='ocrx_word' id='word_1_367' title='bbox 883 3531 1020 3584; x_wconf 91' lang='lat' dir='ltr'><strong>enim</strong></span> <span class='ocrx_word' id='word_1_368' title='bbox 1045 3539 1167 3584; x_wconf 88' lang='lat' dir='ltr'><strong>sunt</strong></span> <span class='ocrx_word' id='word_1_369' title='bbox 1194 3537 1408 3598; x_wconf 85' lang='lat' dir='ltr'><strong>peccata</strong></span> <span class='ocrx_word' id='word_1_370' title='bbox 1438 3539 1625 3583; x_wconf 86' lang='lat' dir='ltr'><strong>contra</strong></span> <span class='ocrx_word' id='word_1_371' title='bbox 1646 3537 1915 3591; x_wconf 89' lang='lat' dir='ltr'><strong>naturam,</strong></span> 
     </span>
    </p>
   </div>
   <div class='ocr_carea' id='block_1_54' title="bbox 345 3619 1918 3688">
    <p class='ocr_par' dir='ltr' id='par_1_54' title="bbox 345 3619 1918 3688">
     <span class='ocr_line' id='line_1_54' title="bbox 345 3619 1918 3688; baseline -0.003 -14"><span class='ocrx_word' id='word_1_372' title='bbox 345 3620 458 3674; x_wconf 88' lang='lat' dir='ltr'><strong>alia</strong></span> <span class='ocrx_word' id='word_1_373' title='bbox 487 3629 674 3674; x_wconf 87' lang='lat' dir='ltr'><strong>contra</strong></span> <span class='ocrx_word' id='word_1_374' title='bbox 713 3635 906 3683; x_wconf 88' lang='lat' dir='ltr'><strong>mores,</strong></span> <span class='ocrx_word' id='word_1_375' title='bbox 957 3619 1069 3672; x_wconf 88' lang='lat' dir='ltr'><strong>alia</strong></span> <span class='ocrx_word' id='word_1_376' title='bbox 1115 3632 1300 3672; x_wconf 84' lang='lat' dir='ltr'><strong>contra</strong></span> <span class='ocrx_word' id='word_1_377' title='bbox 1323 3628 1602 3688; x_wconf 77' lang='lat' dir='ltr'><strong>prcecepta.</strong></span> <span class='ocrx_word' id='word_1_378' title='bbox 1637 3619 1768 3684; x_wconf 60' lang='lat' dir='ltr'><strong>Quae</strong></span> <span class='ocrx_word' id='word_1_379' title='bbox 1800 3635 1918 3671; x_wconf 87' lang='lat' dir='ltr'><strong>cum</strong></span> 
     </span>
    </p>
   </div>
   <div class='ocr_carea' id='block_1_55' title="bbox 344 3695 1916 3781">
    <p class='ocr_par' dir='ltr' id='par_1_55' title="bbox 344 3695 1916 3781">
     <span class='ocr_line' id='line_1_55' title="bbox 344 3695 1916 3781; baseline -0.003 -17"><span class='ocrx_word' id='word_1_380' title='bbox 344 3710 422 3764; x_wconf 86' lang='lat' dir='ltr'><strong>ita</strong></span> <span class='ocrx_word' id='word_1_381' title='bbox 442 3712 572 3776; x_wconf 86' lang='lat' dir='ltr'><strong>sint,</strong></span> <span class='ocrx_word' id='word_1_382' title='bbox 604 3712 727 3781; x_wconf 82' lang='lat' dir='ltr'><strong>quid</strong></span> <span class='ocrx_word' id='word_1_383' title='bbox 764 3695 970 3764; x_wconf 85' lang='lat' dir='ltr'><strong>tandem</strong></span> <span class='ocrx_word' id='word_1_384' title='bbox 1002 3709 1238 3763; x_wconf 75' lang='lat' dir='ltr'><strong>criminis</strong></span> <span class='ocrx_word' id='word_1_385' title='bbox 1276 3720 1374 3776; x_wconf 89' lang='lat' dir='ltr'><strong>est,</strong></span> <span class='ocrx_word' id='word_1_386' title='bbox 1407 3709 1546 3779; x_wconf 85' lang='lat' dir='ltr'><strong>quod</strong></span> <span class='ocrx_word' id='word_1_387' title='bbox 1587 3707 1650 3762; x_wconf 85' lang='lat' dir='ltr'><strong>de</strong></span> <span class='ocrx_word' id='word_1_388' title='bbox 1677 3706 1916 3777; x_wconf 89' lang='lat' dir='ltr'><strong>pluribus</strong></span> 
     </span>
    </p>
   </div>
   <div class='ocr_carea' id='block_1_56' title="bbox 343 3798 1918 3871">
    <p class='ocr_par' dir='ltr' id='par_1_56' title="bbox 343 3798 1918 3871">
     <span class='ocr_line' id='line_1_56' title="bbox 343 3798 1918 3871; baseline -0.001 -15"><span class='ocrx_word' id='word_1_389' title='bbox 343 3802 505 3856; x_wconf 90' lang='lat' dir='ltr'><strong>simul</strong></span> <span class='ocrx_word' id='word_1_390' title='bbox 542 3801 734 3855; x_wconf 80' lang='lat' dir='ltr'><strong>habitis</strong></span> <span class='ocrx_word' id='word_1_391' title='bbox 777 3802 1031 3855; x_wconf 70' lang='lat' dir='ltr'><strong>uxoribus</strong></span> <span class='ocrx_word' id='word_1_392' title='bbox 1073 3801 1319 3871; x_wconf 88' lang='lat' dir='ltr'><strong>objicitur</strong></span> <span class='ocrx_word' id='word_1_393' title='bbox 1342 3810 1523 3855; x_wconf 89' lang='lat' dir='ltr'><strong>sancto</strong></span> <span class='ocrx_word' id='word_1_394' title='bbox 1562 3801 1671 3854; x_wconf 79' lang='lat' dir='ltr'><strong>viro</strong></span> <span class='ocrx_word' id='word_1_395' title='bbox 1711 3798 1918 3854; x_wconf 83' lang='lat' dir='ltr'><strong>Jacob?</strong></span> 
     </span>
    </p>
   </div>
   <div class='ocr_carea' id='block_1_57' title="bbox 342 3889 1917 3960">
    <p class='ocr_par' dir='ltr' id='par_1_57' title="bbox 342 3889 1917 3960">
     <span class='ocr_line' id='line_1_57' title="bbox 342 3889 1917 3960; baseline -0.004 -12"><span class='ocrx_word' id='word_1_396' title='bbox 342 3895 390 3948; x_wconf 89' lang='lat' dir='ltr'><strong>si</strong></span> <span class='ocrx_word' id='word_1_397' title='bbox 414 3903 661 3947; x_wconf 89' lang='lat' dir='ltr'><strong>naturam</strong></span> <span class='ocrx_word' id='word_1_398' title='bbox 686 3893 961 3957; x_wconf 87' lang='lat' dir='ltr'><strong>consulas,</strong></span> <span class='ocrx_word' id='word_1_399' title='bbox 1000 3909 1102 3946; x_wconf 91' lang='lat' dir='ltr'><strong>non</strong></span> <span class='ocrx_word' id='word_1_400' title='bbox 1151 3892 1475 3956; x_wconf 72' lang='lat' dir='ltr'><strong>lasciuiendi,</strong></span> <span class='ocrx_word' id='word_1_401' title='bbox 1533 3891 1623 3946; x_wconf 83' lang='lat' dir='ltr'><strong>sed</strong></span> <span class='ocrx_word' id='word_1_402' title='bbox 1672 3889 1917 3960; x_wconf 76' lang='lat' dir='ltr'><strong>gignendi</strong></span> 
     </span>
    </p>
   </div>
   <div class='ocr_carea' id='block_1_58' title="bbox 342 3982 1917 4046">
    <p class='ocr_par' dir='ltr' id='par_1_58' title="bbox 342 3982 1917 4046">
     <span class='ocr_line' id='line_1_58' title="bbox 342 3982 1917 4046; baseline -0.002 -8"><span class='ocrx_word' id='word_1_403' title='bbox 342 4002 505 4040; x_wconf 89' lang='lat' dir='ltr'><strong>causa</strong></span> <span class='ocrx_word' id='word_1_404' title='bbox 535 3985 643 4038; x_wconf 80' lang='lat' dir='ltr'><strong>illis</strong></span> <span class='ocrx_word' id='word_1_405' title='bbox 680 3983 982 4038; x_wconf 85' lang='lat' dir='ltr'><strong>mulieribus</strong></span> <span class='ocrx_word' id='word_1_406' title='bbox 1013 3983 1280 4038; x_wconf 76' lang='lat' dir='ltr'><strong>utebatur.</strong></span> <span class='ocrx_word' id='word_1_407' title='bbox 1326 3982 1386 4038; x_wconf 89' lang='lat' dir='ltr'><strong>Si</strong></span> <span class='ocrx_word' id='word_1_408' title='bbox 1421 4000 1636 4046; x_wconf 90' lang='lat' dir='ltr'><strong>morem,</strong></span> <span class='ocrx_word' id='word_1_409' title='bbox 1669 3984 1764 4036; x_wconf 77' lang='lat' dir='ltr'><strong>illo</strong></span> <span class='ocrx_word' id='word_1_410' title='bbox 1788 3995 1917 4035; x_wconf 88' lang='lat' dir='ltr'><strong>tem-</strong></span> 
     </span>
    </p>
   </div>
   <div class='ocr_carea' id='block_1_59' title="bbox 341 4072 1916 4144">
    <p class='ocr_par' dir='ltr' id='par_1_59' title="bbox 341 4072 1916 4144">
     <span class='ocr_line' id='line_1_59' title="bbox 341 4072 1916 4144; baseline -0.003 -15"><span class='ocrx_word' id='word_1_411' title='bbox 341 4091 485 4144; x_wconf 86' lang='lat' dir='ltr'><strong>pore,</strong></span> <span class='ocrx_word' id='word_1_412' title='bbox 510 4084 664 4144; x_wconf 88' lang='lat' dir='ltr'><strong>atque</strong></span> <span class='ocrx_word' id='word_1_413' title='bbox 687 4075 739 4128; x_wconf 88' lang='lat' dir='ltr'><strong>in</strong></span> <span class='ocrx_word' id='word_1_414' title='bbox 769 4075 876 4127; x_wconf 86' lang='lat' dir='ltr'><strong>illis</strong></span> <span class='ocrx_word' id='word_1_415' title='bbox 903 4074 1054 4126; x_wconf 86' lang='lat' dir='ltr'><strong>terris</strong></span> <span class='ocrx_word' id='word_1_416' title='bbox 1091 4074 1186 4127; x_wconf 84' lang='lat' dir='ltr'><strong>Itoc</strong></span> <span class='ocrx_word' id='word_1_417' title='bbox 1224 4073 1588 4142; x_wconf 64' lang='lat' dir='ltr'><strong>[actitabatun</strong></span> <span class='ocrx_word' id='word_1_418' title='bbox 1631 4072 1691 4126; x_wconf 87' lang='lat' dir='ltr'><strong>Si</strong></span> <span class='ocrx_word' id='word_1_419' title='bbox 1722 4087 1916 4138; x_wconf 64' lang='lat' dir='ltr'><strong>praece-</strong></span> 
     </span>
    </p>
   </div>
   <div class='ocr_carea' id='block_1_60' title="bbox 339 4164 1913 4238">
    <p class='ocr_par' dir='ltr' id='par_1_60' title="bbox 339 4164 1913 4238">
     <span class='ocr_line' id='line_1_60' title="bbox 339 4164 1913 4238; baseline -0.003 -17"><span class='ocrx_word' id='word_1_420' title='bbox 339 4178 509 4238; x_wconf 87' lang='lat' dir='ltr'><strong>ptum,</strong></span> <span class='ocrx_word' id='word_1_421' title='bbox 542 4166 689 4220; x_wconf 87' lang='lat' dir='ltr'><strong>nulla</strong></span> <span class='ocrx_word' id='word_1_422' title='bbox 719 4167 826 4236; x_wconf 80' lang='lat' dir='ltr'><strong>lege</strong></span> <span class='ocrx_word' id='word_1_423' title='bbox 851 4165 1240 4234; x_wconf 80' lang='lat' dir='ltr'><strong>prohibebatur.</strong></span> <span class='ocrx_word' id='word_1_424' title='bbox 1278 4164 1434 4218; x_wconf 83' lang='lat' dir='ltr'><strong>Nunc</strong></span> <span class='ocrx_word' id='word_1_425' title='bbox 1457 4181 1572 4218; x_wconf 83' lang='lat' dir='ltr'><strong>vero</strong></span> <span class='ocrx_word' id='word_1_426' title='bbox 1601 4181 1695 4217; x_wconf 85' lang='lat' dir='ltr'><strong>cur</strong></span> <span class='ocrx_word' id='word_1_427' title='bbox 1719 4164 1913 4217; x_wconf 84' lang='lat' dir='ltr'><strong>crimen</strong></span> 
     </span>
    </p>
   </div>
   <div class='ocr_carea' id='block_1_61' title="bbox 339 4255 1915 4331">
    <p class='ocr_par' dir='ltr' id='par_1_61' title="bbox 339 4255 1915 4331">
     <span class='ocr_line' id='line_1_61' title="bbox 339 4255 1915 4331; baseline -0.003 -15"><span class='ocrx_word' id='word_1_428' title='bbox 339 4272 437 4321; x_wconf 85' lang='lat' dir='ltr'><strong>est,</strong></span> <span class='ocrx_word' id='word_1_429' title='bbox 467 4263 513 4314; x_wconf 88' lang='lat' dir='ltr'><strong>si</strong></span> <span class='ocrx_word' id='word_1_430' title='bbox 535 4261 650 4331; x_wconf 86' lang='lat' dir='ltr'><strong>quis</strong></span> <span class='ocrx_word' id='word_1_431' title='bbox 679 4260 773 4312; x_wconf 86' lang='lat' dir='ltr'><strong>hoc</strong></span> <span class='ocrx_word' id='word_1_432' title='bbox 803 4259 988 4328; x_wconf 73' lang='lat' dir='ltr'><strong>faciat,</strong></span> <span class='ocrx_word' id='word_1_433' title='bbox 1012 4259 1115 4311; x_wconf 88' lang='lat' dir='ltr'><strong>nisi</strong></span> <span class='ocrx_word' id='word_1_434' title='bbox 1136 4258 1260 4328; x_wconf 86' lang='lat' dir='ltr'><strong>quia</strong></span> <span class='ocrx_word' id='word_1_435' title='bbox 1285 4267 1332 4311; x_wconf 91' lang='lat' dir='ltr'><strong>et</strong></span> <span class='ocrx_word' id='word_1_436' title='bbox 1358 4257 1610 4322; x_wconf 87' lang='lat' dir='ltr'><strong>moribus,</strong></span> <span class='ocrx_word' id='word_1_437' title='bbox 1636 4265 1686 4310; x_wconf 92' lang='lat' dir='ltr'><strong>et</strong></span> <span class='ocrx_word' id='word_1_438' title='bbox 1717 4255 1915 4326; x_wconf 76' lang='lat' dir='ltr'><strong>legibus</strong></span> 
     </span>
    </p>
   </div>
   <div class='ocr_carea' id='block_1_62' title="bbox 339 4352 1914 4425">
    <p class='ocr_par' dir='ltr' id='par_1_62' title="bbox 339 4352 1914 4425">
     <span class='ocr_line' id='line_1_62' title="bbox 339 4352 1914 4425; baseline -0.003 -16"><span class='ocrx_word' id='word_1_439' title='bbox 339 4371 446 4409; x_wconf 87' lang='lat' dir='ltr'><strong>non</strong></span> <span class='ocrx_word' id='word_1_440' title='bbox 480 4355 637 4409; x_wconf 85' lang='lat' dir='ltr'><strong>licet?</strong></span> <span class='ocrx_word' id='word_1_441' title='bbox 675 4355 806 4420; x_wconf 75' lang='lat' dir='ltr'><strong>Quw</strong></span> <span class='ocrx_word' id='word_1_442' title='bbox 849 4354 953 4409; x_wconf 89' lang='lat' dir='ltr'><strong>duo</strong></span> <span class='ocrx_word' id='word_1_443' title='bbox 997 4355 1231 4425; x_wconf 86' lang='lat' dir='ltr'><strong>quisquis</strong></span> <span class='ocrx_word' id='word_1_444' title='bbox 1279 4354 1669 4420; x_wconf 89' lang='lat' dir='ltr'><strong>contempserit,</strong></span> <span class='ocrx_word' id='word_1_445' title='bbox 1703 4352 1914 4405; x_wconf 88' lang='lat' dir='ltr'><strong>etiamsi</strong></span> 
     </span>
    </p>
   </div>
   <div class='ocr_carea' id='block_1_63' title="bbox 342 4441 1909 4516">
    <p class='ocr_par' dir='ltr' id='par_1_63' title="bbox 342 4441 1909 4516">
     <span class='ocr_line' id='line_1_63' title="bbox 342 4441 1909 4516; baseline -0.001 -19"><span class='ocrx_word' id='word_1_446' title='bbox 342 4445 706 4499; x_wconf 86' lang='lat' dir='ltr'><strong>tantummodo</strong></span> <span class='ocrx_word' id='word_1_447' title='bbox 747 4462 910 4500; x_wconf 88' lang='lat' dir='ltr'><strong>causa</strong></span> <span class='ocrx_word' id='word_1_448' title='bbox 945 4444 1226 4516; x_wconf 85' lang='lat' dir='ltr'><strong>generandi</strong></span> <span class='ocrx_word' id='word_1_449' title='bbox 1258 4445 1339 4497; x_wconf 85' lang='lat' dir='ltr'><strong>uti</strong></span> <span class='ocrx_word' id='word_1_450' title='bbox 1367 4443 1532 4513; x_wconf 81' lang='lat' dir='ltr'><strong>possit</strong></span> <span class='ocrx_word' id='word_1_451' title='bbox 1561 4441 1800 4512; x_wconf 83' lang='lat' dir='ltr'><strong>pluribus</strong></span> <span class='ocrx_word' id='word_1_452' title='bbox 1835 4441 1909 4510; x_wconf 73' lang='lat' dir='ltr'><strong>fe-</strong></span> 
     </span>
    </p>
   </div>
   <div class='ocr_carea' id='block_1_64' title="bbox 2027 1965 3621 2036">
    <p class='ocr_par' dir='ltr' id='par_1_64' title="bbox 2027 1965 3621 2036">
     <span class='ocr_line' id='line_1_64' title="bbox 2027 1965 3621 2036; baseline 0.001 -19"><span class='ocrx_word' id='word_1_453' title='bbox 2027 1966 2118 2036; x_wconf 85' lang='lat' dir='ltr'><strong>tiq.</strong></span> <span class='ocrx_word' id='word_1_454' title='bbox 2201 1966 2296 2020; x_wconf 91' lang='lat' dir='ltr'><strong>lib.</strong></span> <span class='ocrx_word' id='word_1_455' title='bbox 2349 1981 2408 2028; x_wconf 88' lang='grc' dir='ltr'><strong>ιι,</strong></span> <span class='ocrx_word' id='word_1_456' title='bbox 2445 1981 2565 2033; x_wconf 90' lang='lat' dir='ltr'><strong>cap.</strong></span> <span class='ocrx_word' id='word_1_457' title='bbox 2617 1965 2668 2028; x_wconf 79' lang='lat' dir='ltr'><strong>l,</strong></span> <span class='ocrx_word' id='word_1_458' title='bbox 2722 1965 2837 2019; x_wconf 75' lang='lat' dir='ltr'><strong>lucc</strong></span> <span class='ocrx_word' id='word_1_459' title='bbox 2869 1966 3058 2019; x_wconf 86' lang='lat' dir='ltr'><strong>eadem</strong></span> <span class='ocrx_word' id='word_1_460' title='bbox 3097 1966 3168 2019; x_wconf 88' lang='lat' dir='ltr'><strong>ita</strong></span> <span class='ocrx_word' id='word_1_461' title='bbox 3201 1973 3426 2019; x_wconf 83' lang='lat' dir='ltr'><strong>narrat:</strong></span> <span class='ocrx_word' id='word_1_462' title='bbox 3463 1967 3621 2020; x_wconf 73' lang='grc' dir='ltr'><strong>Ἀλλ’⁴</strong></span> 
     </span>
    </p>
   </div>
   <div class='ocr_carea' id='block_1_65' title="bbox 2035 2057 3621 2130">
    <p class='ocr_par' dir='ltr' id='par_1_65' title="bbox 2035 2057 3621 2130">
     <span class='ocr_line' id='line_1_65' title="bbox 2035 2057 3621 2130; baseline -0.001 -20"><span class='ocrx_word' id='word_1_463' title='bbox 2035 2057 2202 2111; x_wconf 82' lang='grc' dir='ltr'>Ἠσαῦ</span> <span class='ocrx_word' id='word_1_464' title='bbox 2242 2057 2364 2128; x_wconf 79' lang='grc' dir='ltr'>μὲν,</span> <span class='ocrx_word' id='word_1_465' title='bbox 2391 2061 2489 2129; x_wconf 80' lang='grc' dir='ltr'>τῆς</span> <span class='ocrx_word' id='word_1_466' title='bbox 2529 2057 2845 2128; x_wconf 83' lang='grc' dir='ltr'>Χεϐρωνίας</span> <span class='ocrx_word' id='word_1_467' title='bbox 2879 2059 3288 2130; x_wconf 77' lang='grc' dir='ltr'>παραχωρήσας</span> <span class='ocrx_word' id='word_1_468' title='bbox 3332 2060 3410 2130; x_wconf 81' lang='grc' dir='ltr'>τῷ</span> <span class='ocrx_word' id='word_1_469' title='bbox 3445 2059 3621 2114; x_wconf 52' lang='lat' dir='ltr'><strong>asa).-.</strong></span> 
     </span>
    </p>
   </div>
   <div class='ocr_carea' id='block_1_66' title="bbox 2025 2148 3618 2224">
    <p class='ocr_par' dir='ltr' id='par_1_66' title="bbox 2025 2148 3618 2224">
     <span class='ocr_line' id='line_1_66' title="bbox 2025 2148 3618 2224; baseline -0.001 -21"><span class='ocrx_word' id='word_1_470' title='bbox 2025 2150 2128 2220; x_wconf 83' lang='grc' dir='ltr'>φῷ,</span> <span class='ocrx_word' id='word_1_471' title='bbox 2185 2153 2242 2204; x_wconf 81' lang='grc' dir='ltr'>ὲν</span> <span class='ocrx_word' id='word_1_472' title='bbox 2276 2150 2474 2222; x_wconf 77' lang='grc' dir='ltr'>Σαείρᾳ</span> <span class='ocrx_word' id='word_1_473' title='bbox 2519 2150 2756 2221; x_wconf 77' lang='grc' dir='ltr'>διητᾶτο,</span> <span class='ocrx_word' id='word_1_474' title='bbox 2809 2151 2901 2204; x_wconf 76' lang='grc' dir='ltr'><strong>καὶ</strong></span> <span class='ocrx_word' id='word_1_475' title='bbox 2938 2152 3036 2222; x_wconf 82' lang='grc' dir='ltr'><strong>τῆς</strong></span> <span class='ocrx_word' id='word_1_476' title='bbox 3082 2151 3384 2222; x_wconf 78' lang='grc' dir='ltr'>Ἰδουμαίας</span> <span class='ocrx_word' id='word_1_477' title='bbox 3433 2148 3618 2224; x_wconf 79' lang='grc' dir='ltr'>ἦλθεν.</span> 
     </span>
    </p>
   </div>
   <div class='ocr_carea' id='block_1_67' title="bbox 2024 2241 3601 2315">
    <p class='ocr_par' dir='ltr' id='par_1_67' title="bbox 2024 2241 3601 2315">
     <span class='ocr_line' id='line_1_67' title="bbox 2024 2241 3601 2315; baseline 0.004 -21"><span class='ocrx_word' id='word_1_478' title='bbox 2024 2241 2166 2294; x_wconf 76' lang='grc' dir='ltr'>οὕτω</span> <span class='ocrx_word' id='word_1_479' title='bbox 2202 2241 2437 2305; x_wconf 80' lang='grc' dir='ltr'>καλέσας</span> <span class='ocrx_word' id='word_1_480' title='bbox 2468 2243 2566 2312; x_wconf 84' lang='grc' dir='ltr'><strong>τὴν</strong></span> <span class='ocrx_word' id='word_1_481' title='bbox 2599 2242 2782 2314; x_wconf 80' lang='grc' dir='ltr'>χώραν</span> <span class='ocrx_word' id='word_1_482' title='bbox 2811 2242 2995 2295; x_wconf 79' lang='grc' dir='ltr'>αὑτοῦ.</span> <span class='ocrx_word' id='word_1_483' title='bbox 3036 2244 3285 2315; x_wconf 76' lang='grc' dir='ltr'>Ἄδωμος</span> <span class='ocrx_word' id='word_1_484' title='bbox 3313 2246 3356 2296; x_wconf 85' lang='grc' dir='ltr'>δ’</span> <span class='ocrx_word' id='word_1_485' title='bbox 3391 2247 3601 2300; x_wconf 78' lang='grc' dir='ltr'><strong>ἐπωνο-⁸</strong></span> 
     </span>
    </p>
   </div>
   <div class='ocr_carea' id='block_1_68' title="bbox 2027 2334 3599 2410">
    <p class='ocr_par' dir='ltr' id='par_1_68' title="bbox 2027 2334 3599 2410">
     <span class='ocr_line' id='line_1_68' title="bbox 2027 2334 3599 2410; baseline 0.004 -23"><span class='ocrx_word' id='word_1_486' title='bbox 2027 2334 2226 2405; x_wconf 74' lang='grc' dir='ltr'>μάζετο</span> <span class='ocrx_word' id='word_1_487' title='bbox 2264 2335 2402 2388; x_wconf 74' lang='grc' dir='ltr'>κατὰ</span> <span class='ocrx_word' id='word_1_488' title='bbox 2426 2334 2677 2406; x_wconf 83' lang='grc' dir='ltr'>τοιαύτην</span> <span class='ocrx_word' id='word_1_489' title='bbox 2703 2335 2882 2388; x_wconf 80' lang='grc' dir='ltr'>αἰτίαν</span> <span class='ocrx_word' id='word_1_490' title='bbox 2903 2336 3080 2406; x_wconf 86' lang='grc' dir='ltr'>τυχὼν</span> <span class='ocrx_word' id='word_1_491' title='bbox 3108 2338 3206 2407; x_wconf 85' lang='grc' dir='ltr'><strong>τῆς</strong></span> <span class='ocrx_word' id='word_1_492' title='bbox 3239 2337 3599 2410; x_wconf 75' lang='grc' dir='ltr'>ἐπικλήσεως.</span> 
     </span>
    </p>
   </div>
   <div class='ocr_carea' id='block_1_69' title="bbox 2036 2425 3604 2500">
    <p class='ocr_par' dir='ltr' id='par_1_69' title="bbox 2036 2425 3604 2500">
     <span class='ocr_line' id='line_1_69' title="bbox 2036 2425 3604 2500; baseline 0.003 -21"><span class='ocrx_word' id='word_1_493' title='bbox 2036 2426 2167 2479; x_wconf 74' lang='grc' dir='ltr'><strong>Ἀπὸ</strong></span> <span class='ocrx_word' id='word_1_494' title='bbox 2197 2425 2368 2498; x_wconf 84' lang='grc' dir='ltr'>θήρας</span> <span class='ocrx_word' id='word_1_495' title='bbox 2403 2426 2529 2478; x_wconf 81' lang='grc' dir='ltr'>ποτὲ</span> <span class='ocrx_word' id='word_1_496' title='bbox 2564 2427 2656 2480; x_wconf 75' lang='grc' dir='ltr'><strong>καὶ</strong></span> <span class='ocrx_word' id='word_1_497' title='bbox 2691 2426 2855 2480; x_wconf 87' lang='grc' dir='ltr'>πόνου</span> <span class='ocrx_word' id='word_1_498' title='bbox 2892 2427 2987 2480; x_wconf 77' lang='grc' dir='ltr'><strong>τοῦ</strong></span> <span class='ocrx_word' id='word_1_499' title='bbox 3025 2429 3153 2498; x_wconf 73' lang='grc' dir='ltr'>περὶ</span> <span class='ocrx_word' id='word_1_500' title='bbox 3181 2429 3240 2481; x_wconf 83' lang='grc' dir='ltr'><strong>τὸ</strong></span> <span class='ocrx_word' id='word_1_501' title='bbox 3278 2431 3604 2500; x_wconf 81' lang='grc' dir='ltr'>κυνηγέσιον</span> 
     </span>
    </p>
   </div>
   <div class='ocr_carea' id='block_1_70' title="bbox 2022 2517 3604 2591">
    <p class='ocr_par' dir='ltr' id='par_1_70' title="bbox 2022 2517 3604 2591">
     <span class='ocr_line' id='line_1_70' title="bbox 2022 2517 3604 2591; baseline 0.003 -21"><span class='ocrx_word' id='word_1_502' title='bbox 2022 2517 2302 2589; x_wconf 81' lang='grc' dir='ltr'>λιμώττων</span> <span class='ocrx_word' id='word_1_503' title='bbox 2335 2517 2657 2588; x_wconf 76' lang='grc' dir='ltr'>ἐπανῆλθεν,</span> <span class='ocrx_word' id='word_1_504' title='bbox 2699 2519 2779 2571; x_wconf 77' lang='grc' dir='ltr'><strong>ἔτι</strong></span> <span class='ocrx_word' id='word_1_505' title='bbox 2816 2522 2945 2583; x_wconf 89' lang='grc' dir='ltr'>παῖς</span> <span class='ocrx_word' id='word_1_506' title='bbox 2975 2518 3050 2572; x_wconf 84' lang='grc' dir='ltr'>ὣν</span> <span class='ocrx_word' id='word_1_507' title='bbox 3074 2519 3170 2590; x_wconf 72' lang='grc' dir='ltr'><strong>τὴν</strong></span> <span class='ocrx_word' id='word_1_508' title='bbox 3200 2521 3433 2591; x_wconf 72' lang='grc' dir='ltr'>ἡλικίαν.</span> <span class='ocrx_word' id='word_1_509' title='bbox 3452 2523 3604 2575; x_wconf 81' lang='grc' dir='ltr'>Ἐπι-</span> 
     </span>
    </p>
   </div>
   <div class='ocr_carea' id='block_1_71' title="bbox 2021 2607 3601 2686">
    <p class='ocr_par' dir='ltr' id='par_1_71' title="bbox 2021 2607 3601 2686">
     <span class='ocr_line' id='line_1_71' title="bbox 2021 2607 3601 2686; baseline 0.006 -26"><span class='ocrx_word' id='word_1_510' title='bbox 2021 2607 2200 2678; x_wconf 86' lang='grc' dir='ltr'>τυχὼν</span> <span class='ocrx_word' id='word_1_511' title='bbox 2236 2609 2292 2662; x_wconf 79' lang='grc' dir='ltr'>δὲ</span> <span class='ocrx_word' id='word_1_512' title='bbox 2337 2609 2584 2679; x_wconf 80' lang='grc' dir='ltr'>τάδελφῷ</span> <span class='ocrx_word' id='word_1_513' title='bbox 2628 2611 2809 2680; x_wconf 76' lang='grc' dir='ltr'>φακῆν</span> <span class='ocrx_word' id='word_1_514' title='bbox 2837 2613 3158 2666; x_wconf 84' lang='grc' dir='ltr'>ἐσκευακότι</span> <span class='ocrx_word' id='word_1_515' title='bbox 3207 2614 3343 2684; x_wconf 83' lang='grc' dir='ltr'>πρὸς</span> <span class='ocrx_word' id='word_1_516' title='bbox 3375 2614 3601 2686; x_wconf 81' lang='grc' dir='ltr'>ἄριστον</span> 
     </span>
    </p>
   </div>
   <div class='ocr_carea' id='block_1_72' title="bbox 2023 2699 3600 2776">
    <p class='ocr_par' dir='ltr' id='par_1_72' title="bbox 2023 2699 3600 2776">
     <span class='ocr_line' id='line_1_72' title="bbox 2023 2699 3600 2776; baseline 0.006 -24"><span class='ocrx_word' id='word_1_517' title='bbox 2023 2699 2172 2770; x_wconf 84' lang='grc' dir='ltr'>αὐτῷ</span> <span class='ocrx_word' id='word_1_518' title='bbox 2212 2699 2407 2771; x_wconf 83' lang='grc' dir='ltr'>ξανθὴν</span> <span class='ocrx_word' id='word_1_519' title='bbox 2452 2701 2654 2776; x_wconf 80' lang='grc' dir='ltr'>σφόδρα</span> <span class='ocrx_word' id='word_1_520' title='bbox 2703 2703 2801 2772; x_wconf 81' lang='grc' dir='ltr'><strong>τὴν</strong></span> <span class='ocrx_word' id='word_1_521' title='bbox 2845 2704 3036 2774; x_wconf 74' lang='grc' dir='ltr'>χρόαν,</span> <span class='ocrx_word' id='word_1_522' title='bbox 3066 2705 3161 2758; x_wconf 61' lang='grc' dir='ltr'>καὶ</span> <span class='ocrx_word' id='word_1_523' title='bbox 3203 2704 3300 2759; x_wconf 77' lang='grc' dir='ltr'>διὰ.</span> <span class='ocrx_word' id='word_1_524' title='bbox 3334 2707 3478 2760; x_wconf 81' lang='grc' dir='ltr'>τοῦτ’</span> <span class='ocrx_word' id='word_1_525' title='bbox 3518 2707 3600 2762; x_wconf 75' lang='grc' dir='ltr'>ἔτι</span> 
     </span>
    </p>
   </div>
   <div class='ocr_carea' id='block_1_73' title="bbox 2027 2793 3599 2873">
    <p class='ocr_par' dir='ltr' id='par_1_73' title="bbox 2027 2793 3599 2873">
     <span class='ocr_line' id='line_1_73' title="bbox 2027 2793 3599 2873; baseline 0.004 -26"><span class='ocrx_word' id='word_1_526' title='bbox 2027 2793 2225 2865; x_wconf 81' lang='grc' dir='ltr'>μᾶλλον</span> <span class='ocrx_word' id='word_1_527' title='bbox 2253 2793 2494 2866; x_wconf 76' lang='grc' dir='ltr'>ὀρεχθεὶς</span> <span class='ocrx_word' id='word_1_528' title='bbox 2519 2795 2670 2864; x_wconf 69' lang='grc' dir='ltr'>ἠξίου</span> <span class='ocrx_word' id='word_1_529' title='bbox 2698 2800 2997 2867; x_wconf 83' lang='grc' dir='ltr'>παρασχεῖν</span> <span class='ocrx_word' id='word_1_530' title='bbox 3032 2799 3182 2870; x_wconf 81' lang='grc' dir='ltr'>αὐτῷ</span> <span class='ocrx_word' id='word_1_531' title='bbox 3211 2799 3346 2869; x_wconf 77' lang='grc' dir='ltr'>πρὸς</span> <span class='ocrx_word' id='word_1_532' title='bbox 3369 2801 3599 2873; x_wconf 82' lang='grc' dir='ltr'>τροφήν.</span> 
     </span>
    </p>
   </div>
   <div class='ocr_carea' id='block_1_74' title="bbox 2035 2884 3623 2966">
    <p class='ocr_par' dir='ltr' id='par_1_74' title="bbox 2035 2884 3623 2966">
     <span class='ocr_line' id='line_1_74' title="bbox 2035 2884 3623 2966; baseline 0.006 -28"><span class='ocrx_word' id='word_1_533' title='bbox 2035 2885 2092 2938; x_wconf 91' lang='lat'><strong>&#39;0</strong></span> <span class='ocrx_word' id='word_1_534' title='bbox 2104 2884 2156 2937; x_wconf 84' lang='grc' dir='ltr'>δὲ</span> <span class='ocrx_word' id='word_1_535' title='bbox 2175 2885 2462 2940; x_wconf 76' lang='grc' dir='ltr'>ἀποδόσθαι</span> <span class='ocrx_word' id='word_1_536' title='bbox 2485 2887 2546 2939; x_wconf 83' lang='grc' dir='ltr'><strong>τὸ</strong></span> <span class='ocrx_word' id='word_1_537' title='bbox 2567 2889 2852 2958; x_wconf 78' lang='grc' dir='ltr'>πρεσϐεῖον</span> <span class='ocrx_word' id='word_1_538' title='bbox 2869 2889 3016 2960; x_wconf 70' lang='grc' dir='ltr'><strong>αὖτῷ</strong></span> <span class='ocrx_word' id='word_1_539' title='bbox 3031 2891 3124 2944; x_wconf 74' lang='grc' dir='ltr'><strong>τοῦ</strong></span> <span class='ocrx_word' id='word_1_540' title='bbox 3145 2895 3338 2961; x_wconf 79' lang='grc' dir='ltr'>φαγεῖν</span> <span class='ocrx_word' id='word_1_541' title='bbox 3356 2895 3623 2966; x_wconf 73' lang='grc' dir='ltr'>συνεργῷ</span> 
     </span>
    </p>
   </div>
   <div class='ocr_carea' id='block_1_75' title="bbox 2023 2976 3604 3054">
    <p class='ocr_par' dir='ltr' id='par_1_75' title="bbox 2023 2976 3604 3054">
     <span class='ocr_line' id='line_1_75' title="bbox 2023 2976 3604 3054; baseline 0.008 -26"><span class='ocrx_word' id='word_1_542' title='bbox 2023 2976 2367 3048; x_wconf 83' lang='grc' dir='ltr'>χρησάμενος</span> <span class='ocrx_word' id='word_1_543' title='bbox 2397 2981 2462 3050; x_wconf 83' lang='grc' dir='ltr'>τῇ</span> <span class='ocrx_word' id='word_1_544' title='bbox 2500 2980 2656 3052; x_wconf 81' lang='grc' dir='ltr'>πείνῃ</span> <span class='ocrx_word' id='word_1_545' title='bbox 2688 2981 2777 3034; x_wconf 83' lang='grc' dir='ltr'><strong>τὸν</strong></span> <span class='ocrx_word' id='word_1_546' title='bbox 2812 2982 3038 3051; x_wconf 78' lang='grc' dir='ltr'>ἀδελφὸν</span> <span class='ocrx_word' id='word_1_547' title='bbox 3069 2985 3367 3054; x_wconf 71' lang='grc' dir='ltr'>ἠνάγκασε.</span> <span class='ocrx_word' id='word_1_548' title='bbox 3400 2988 3604 3041; x_wconf 81' lang='grc' dir='ltr'>Κάκεῖ-</span> 
     </span>
    </p>
   </div>
   <div class='ocr_carea' id='block_1_76' title="bbox 2023 3069 3605 3152">
    <p class='ocr_par' dir='ltr' id='par_1_76' title="bbox 2023 3069 3605 3152">
     <span class='ocr_line' id='line_1_76' title="bbox 2023 3069 3605 3152; baseline 0.008 -31"><span class='ocrx_word' id='word_1_549' title='bbox 2023 3086 2130 3133; x_wconf 85' lang='grc' dir='ltr'>νος,</span> <span class='ocrx_word' id='word_1_550' title='bbox 2158 3069 2263 3123; x_wconf 73' lang='lat' dir='ltr'><strong>bno</strong></span> <span class='ocrx_word' id='word_1_551' title='bbox 2295 3069 2388 3122; x_wconf 78' lang='grc' dir='ltr'>τοῦ</span> <span class='ocrx_word' id='word_1_552' title='bbox 2417 3070 2580 3141; x_wconf 83' lang='grc' dir='ltr'>λιμοῦ</span> <span class='ocrx_word' id='word_1_553' title='bbox 2606 3073 2921 3144; x_wconf 73' lang='grc' dir='ltr'>προαχθεὶς,</span> <span class='ocrx_word' id='word_1_554' title='bbox 2949 3081 3269 3148; x_wconf 86' lang='grc' dir='ltr'>παραχωρεῖ</span> <span class='ocrx_word' id='word_1_555' title='bbox 3294 3078 3404 3132; x_wconf 77' lang='grc' dir='ltr'><strong>τῶν</strong></span> <span class='ocrx_word' id='word_1_556' title='bbox 3434 3096 3605 3152; x_wconf 79' lang='grc' dir='ltr'>πρεσ-</span> 
     </span>
    </p>
   </div>
   <div class='ocr_carea' id='block_1_77' title="bbox 2024 3157 3602 3237">
    <p class='ocr_par' dir='ltr' id='par_1_77' title="bbox 2024 3157 3602 3237">
     <span class='ocr_line' id='line_1_77' title="bbox 2024 3157 3602 3237; baseline 0.006 -28"><span class='ocrx_word' id='word_1_557' title='bbox 2024 3157 2185 3210; x_wconf 86' lang='grc' dir='ltr'>ϐείων</span> <span class='ocrx_word' id='word_1_558' title='bbox 2217 3158 2365 3229; x_wconf 84' lang='grc' dir='ltr'>αὐτῷ</span> <span class='ocrx_word' id='word_1_559' title='bbox 2413 3159 2530 3230; x_wconf 85' lang='grc' dir='ltr'>μεθ’</span> <span class='ocrx_word' id='word_1_560' title='bbox 2565 3161 2768 3232; x_wconf 81' lang='grc' dir='ltr'>ὅρκων.</span> <span class='ocrx_word' id='word_1_561' title='bbox 2815 3162 3004 3215; x_wconf 81' lang='grc' dir='ltr'>Ἔνθεν</span> <span class='ocrx_word' id='word_1_562' title='bbox 3044 3163 3132 3216; x_wconf 82' lang='grc' dir='ltr'>διὰ</span> <span class='ocrx_word' id='word_1_563' title='bbox 3163 3163 3267 3234; x_wconf 76' lang='grc' dir='ltr'><strong>τὴν</strong></span> <span class='ocrx_word' id='word_1_564' title='bbox 3303 3164 3602 3237; x_wconf 81' lang='grc' dir='ltr'>ξανθότητα</span> 
     </span>
    </p>
   </div>
   <div class='ocr_carea' id='block_1_78' title="bbox 2021 3250 3598 3326">
    <p class='ocr_par' dir='ltr' id='par_1_78' title="bbox 2021 3250 3598 3326">
     <span class='ocr_line' id='line_1_78' title="bbox 2021 3250 3598 3326; baseline 0.004 -22"><span class='ocrx_word' id='word_1_565' title='bbox 2021 3250 2114 3305; x_wconf 75' lang='grc' dir='ltr'>τοῦ</span> <span class='ocrx_word' id='word_1_566' title='bbox 2143 3250 2426 3322; x_wconf 84' lang='grc' dir='ltr'>βρώματος</span> <span class='ocrx_word' id='word_1_567' title='bbox 2461 3253 2564 3306; x_wconf 79' lang='grc' dir='ltr'><strong>ὑπὸ</strong></span> <span class='ocrx_word' id='word_1_568' title='bbox 2597 3255 2706 3306; x_wconf 83' lang='grc' dir='ltr'><strong>τῶν</strong></span> <span class='ocrx_word' id='word_1_569' title='bbox 2744 3255 3046 3324; x_wconf 67' lang='grc' dir='ltr'>ἡλικιωτῶν</span> <span class='ocrx_word' id='word_1_570' title='bbox 3077 3255 3326 3326; x_wconf 81' lang='grc' dir='ltr'>Ἀδωμος</span> <span class='ocrx_word' id='word_1_571' title='bbox 3355 3257 3598 3312; x_wconf 87' lang='grc' dir='ltr'>καλεῖται</span> 
     </span>
    </p>
   </div>
   <div class='ocr_carea' id='block_1_79' title="bbox 2021 3341 3601 3417">
    <p class='ocr_par' dir='ltr' id='par_1_79' title="bbox 2021 3341 3601 3417">
     <span class='ocr_line' id='line_1_79' title="bbox 2021 3341 3601 3417; baseline 0.004 -23"><span class='ocrx_word' id='word_1_572' title='bbox 2021 3341 2162 3394; x_wconf 74' lang='grc' dir='ltr'>κατὰ</span> <span class='ocrx_word' id='word_1_573' title='bbox 2215 3342 2429 3396; x_wconf 75' lang='grc' dir='ltr'>παιδιὰν</span> <span class='ocrx_word' id='word_1_574' title='bbox 2475 3343 2804 3414; x_wconf 74' lang='grc' dir='ltr'>ἐπικληθείς.</span> <span class='ocrx_word' id='word_1_575' title='bbox 2842 3345 3066 3415; x_wconf 76' lang='grc' dir='ltr'>Ἀδωμα</span> <span class='ocrx_word' id='word_1_576' title='bbox 3109 3346 3216 3417; x_wconf 88' lang='grc' dir='ltr'>γὰρ</span> <span class='ocrx_word' id='word_1_577' title='bbox 3259 3346 3496 3416; x_wconf 71' lang='grc' dir='ltr'>Ἑϐραῖοι</span> <span class='ocrx_word' id='word_1_578' title='bbox 3539 3349 3601 3401; x_wconf 79' lang='grc' dir='ltr'>τὸ</span> 
     </span>
    </p>
   </div>
   <div class='ocr_carea' id='block_1_80' title="bbox 2019 3432 3597 3512">
    <p class='ocr_par' dir='ltr' id='par_1_80' title="bbox 2019 3432 3597 3512">
     <span class='ocr_line' id='line_1_80' title="bbox 2019 3432 3597 3512; baseline 0.006 -28"><span class='ocrx_word' id='word_1_579' title='bbox 2019 3432 2248 3503; x_wconf 74' lang='grc' dir='ltr'>ἐρυθρὸν</span> <span class='ocrx_word' id='word_1_580' title='bbox 2291 3433 2533 3488; x_wconf 77' lang='grc' dir='ltr'>καλοῦσι.</span> <span class='ocrx_word' id='word_1_581' title='bbox 2567 3435 2676 3506; x_wconf 80' lang='grc' dir='ltr'>Τὴν</span> <span class='ocrx_word' id='word_1_582' title='bbox 2719 3437 2776 3489; x_wconf 85' lang='grc' dir='ltr'>δὲ</span> <span class='ocrx_word' id='word_1_583' title='bbox 2807 3434 2992 3508; x_wconf 83' lang='grc' dir='ltr'>χώραν</span> <span class='ocrx_word' id='word_1_584' title='bbox 3018 3436 3162 3490; x_wconf 70' lang='grc' dir='ltr'>οὕτω</span> <span class='ocrx_word' id='word_1_585' title='bbox 3217 3439 3597 3512; x_wconf 82' lang='grc' dir='ltr'>προσηγόρευ-</span> 
     </span>
    </p>
   </div>
   <div class='ocr_carea' id='block_1_81' title="bbox 2021 3521 3598 3600">
    <p class='ocr_par' dir='ltr' id='par_1_81' title="bbox 2021 3521 3598 3600">
     <span class='ocr_line' id='line_1_81' title="bbox 2021 3521 3598 3600; baseline 0.005 -26"><span class='ocrx_word' id='word_1_586' title='bbox 2021 3539 2130 3576; x_wconf 90' lang='grc' dir='ltr'>σεν.</span> <span class='ocrx_word' id='word_1_587' title='bbox 2168 3521 2425 3596; x_wconf 73' lang='grc' dir='ltr'>’Έλληνες</span> <span class='ocrx_word' id='word_1_588' title='bbox 2457 3525 2563 3598; x_wconf 76' lang='grc' dir='ltr'>γὰρ</span> <span class='ocrx_word' id='word_1_589' title='bbox 2603 3525 2770 3594; x_wconf 72' lang='grc' dir='ltr'>αὐτὴν</span> <span class='ocrx_word' id='word_1_590' title='bbox 2805 3527 2895 3578; x_wconf 76' lang='grc' dir='ltr'>ἐπὶ</span> <span class='ocrx_word' id='word_1_591' title='bbox 2928 3527 3250 3598; x_wconf 82' lang='grc' dir='ltr'>σεμνότερον</span> <span class='ocrx_word' id='word_1_592' title='bbox 3295 3528 3598 3600; x_wconf 81' lang='grc' dir='ltr'>Ἰδουμαίαν</span> 
     </span>
    </p>
   </div>
   <div class='ocr_carea' id='block_1_82' title="bbox 2017 3609 3597 3688">
    <p class='ocr_par' dir='ltr' id='par_1_82' title="bbox 2017 3609 3597 3688">
     <span class='ocr_line' id='line_1_82' title="bbox 2017 3609 3597 3688; baseline 0.008 -26"><span class='ocrx_word' id='word_1_593' title='bbox 2017 3609 2326 3680; x_wconf 83' lang='grc' dir='ltr'>ὠνόμασαν.</span> <span class='ocrx_word' id='word_1_594' title='bbox 2357 3613 2438 3668; x_wconf 82' lang='lat' dir='ltr'><strong>Ab</strong></span> <span class='ocrx_word' id='word_1_595' title='bbox 2465 3613 2605 3667; x_wconf 88' lang='lat' dir='ltr'><strong>Esau</strong></span> <span class='ocrx_word' id='word_1_596' title='bbox 2636 3615 2799 3684; x_wconf 83' lang='lat' dir='ltr'><strong>igitur</strong></span> <span class='ocrx_word' id='word_1_597' title='bbox 2831 3615 2929 3669; x_wconf 91' lang='lat' dir='ltr'><strong>toti</strong></span> <span class='ocrx_word' id='word_1_598' title='bbox 2954 3616 3101 3686; x_wconf 84' lang='lat' dir='ltr'><strong>genti</strong></span> <span class='ocrx_word' id='word_1_599' title='bbox 3139 3632 3335 3672; x_wconf 85' lang='lat' dir='ltr'><strong>nomen</strong></span> <span class='ocrx_word' id='word_1_600' title='bbox 3373 3618 3597 3688; x_wconf 86' lang='lat' dir='ltr'><strong>imposi-</strong></span> 
     </span>
    </p>
   </div>
   <div class='ocr_carea' id='block_1_83' title="bbox 2018 3703 3596 3780">
    <p class='ocr_par' dir='ltr' id='par_1_83' title="bbox 2018 3703 3596 3780">
     <span class='ocr_line' id='line_1_83' title="bbox 2018 3703 3596 3780; baseline 0.008 -26"><span class='ocrx_word' id='word_1_601' title='bbox 2018 3707 2155 3768; x_wconf 88' lang='lat' dir='ltr'><strong>tum,</strong></span> <span class='ocrx_word' id='word_1_602' title='bbox 2186 3720 2325 3774; x_wconf 87' lang='lat' dir='ltr'><strong>quos</strong></span> <span class='ocrx_word' id='word_1_603' title='bbox 2359 3703 2531 3760; x_wconf 71' lang='lat' dir='ltr'><strong>Graeci</strong></span> <span class='ocrx_word' id='word_1_604' title='bbox 2587 3707 2855 3762; x_wconf 58' lang='lat' dir='ltr'><strong>Idumaeos</strong></span> <span class='ocrx_word' id='word_1_605' title='bbox 2897 3709 3188 3777; x_wconf 86' lang='lat' dir='ltr'><strong>appellant.</strong></span> <span class='ocrx_word' id='word_1_606' title='bbox 3234 3708 3389 3762; x_wconf 79' lang='lat' dir='ltr'><strong>Errat</strong></span> <span class='ocrx_word' id='word_1_607' title='bbox 3429 3711 3596 3780; x_wconf 81' lang='lat' dir='ltr'><strong>igitur</strong></span> 
     </span>
    </p>
   </div>
   <div class='ocr_carea' id='block_1_84' title="bbox 2019 3791 3597 3868">
    <p class='ocr_par' dir='ltr' id='par_1_84' title="bbox 2019 3791 3597 3868">
     <span class='ocr_line' id='line_1_84' title="bbox 2019 3791 3597 3868; baseline 0.007 -22"><span class='ocrx_word' id='word_1_608' title='bbox 2019 3791 2238 3858; x_wconf 85' lang='lat' dir='ltr'><strong>Strabo,</strong></span> <span class='ocrx_word' id='word_1_609' title='bbox 2292 3795 2386 3849; x_wconf 90' lang='lat' dir='ltr'><strong>lib.</strong></span> <span class='ocrx_word' id='word_1_610' title='bbox 2420 3811 2530 3859; x_wconf 74' lang='lat' dir='ltr'><strong>im,</strong></span> <span class='ocrx_word' id='word_1_611' title='bbox 2573 3797 2662 3866; x_wconf 88' lang='lat' dir='ltr'><strong>qui</strong></span> <span class='ocrx_word' id='word_1_612' title='bbox 2712 3813 2808 3852; x_wconf 81' lang='lat' dir='ltr'><strong>eos</strong></span> <span class='ocrx_word' id='word_1_613' title='bbox 2852 3799 3063 3868; x_wconf 86' lang='lat' dir='ltr'><strong>origine</strong></span> <span class='ocrx_word' id='word_1_614' title='bbox 3107 3799 3436 3856; x_wconf 55' lang='lat' dir='ltr'><strong>Nabalhaios</strong></span> <span class='ocrx_word' id='word_1_615' title='bbox 3473 3818 3597 3857; x_wconf 82' lang='lat' dir='ltr'><strong>esse</strong></span> 
     </span>
    </p>
   </div>
   <div class='ocr_carea' id='block_1_85' title="bbox 2017 3884 3598 3959">
    <p class='ocr_par' dir='ltr' id='par_1_85' title="bbox 2017 3884 3598 3959">
     <span class='ocr_line' id='line_1_85' title="bbox 2017 3884 3598 3959; baseline 0.005 -21"><span class='ocrx_word' id='word_1_616' title='bbox 2017 3884 2319 3954; x_wconf 88' lang='lat' dir='ltr'><strong>allirmavit,</strong></span> <span class='ocrx_word' id='word_1_617' title='bbox 2372 3888 2744 3958; x_wconf 89' lang='lat' dir='ltr'><strong>seditioneque</strong></span> <span class='ocrx_word' id='word_1_618' title='bbox 2796 3889 2968 3958; x_wconf 84' lang='lat' dir='ltr'><strong>patria</strong></span> <span class='ocrx_word' id='word_1_619' title='bbox 3024 3892 3230 3959; x_wconf 79' lang='lat' dir='ltr'><strong>pulsos.</strong></span> <span class='ocrx_word' id='word_1_620' title='bbox 3277 3891 3438 3945; x_wconf 84' lang='lat' dir='ltr'><strong>Errat</strong></span> <span class='ocrx_word' id='word_1_621' title='bbox 3478 3890 3598 3946; x_wconf 84' lang='lat' dir='ltr'><strong>Ste-</strong></span> 
     </span>
    </p>
   </div>
   <div class='ocr_carea' id='block_1_86' title="bbox 2015 3979 3598 4053">
    <p class='ocr_par' dir='ltr' id='par_1_86' title="bbox 2015 3979 3598 4053">
     <span class='ocr_line' id='line_1_86' title="bbox 2015 3979 3598 4053; baseline 0.004 -21"><span class='ocrx_word' id='word_1_622' title='bbox 2015 3979 2229 4049; x_wconf 82' lang='lat' dir='ltr'><strong>phanus</strong></span> <span class='ocrx_word' id='word_1_623' title='bbox 2275 3981 2404 4052; x_wconf 80' lang='grc' dir='ltr'>περὶ</span> <span class='ocrx_word' id='word_1_624' title='bbox 2449 3981 2682 4046; x_wconf 78' lang='grc' dir='ltr'>πόλεων,</span> <span class='ocrx_word' id='word_1_625' title='bbox 2713 3997 2808 4038; x_wconf 88' lang='lat' dir='ltr'><strong>eos</strong></span> <span class='ocrx_word' id='word_1_626' title='bbox 2860 3998 2889 4036; x_wconf 92' lang='lat' dir='ltr'><strong>a</strong></span> <span class='ocrx_word' id='word_1_627' title='bbox 2926 3983 3034 4037; x_wconf 87' lang='lat' dir='ltr'><strong>lilio</strong></span> <span class='ocrx_word' id='word_1_628' title='bbox 3067 3984 3302 4053; x_wconf 83' lang='lat' dir='ltr'><strong>quodam</strong></span> <span class='ocrx_word' id='word_1_629' title='bbox 3355 3982 3598 4038; x_wconf 81' lang='lat' dir='ltr'><strong>Semira-</strong></span> 
     </span>
    </p>
   </div>
   <div class='ocr_carea' id='block_1_87' title="bbox 2017 4073 3594 4144">
    <p class='ocr_par' dir='ltr' id='par_1_87' title="bbox 2017 4073 3594 4144">
     <span class='ocr_line' id='line_1_87' title="bbox 2017 4073 3594 4144; baseline 0.004 -19"><span class='ocrx_word' id='word_1_630' title='bbox 2017 4073 2176 4127; x_wconf 91' lang='lat' dir='ltr'><strong>midis</strong></span> <span class='ocrx_word' id='word_1_631' title='bbox 2205 4081 2357 4127; x_wconf 90' lang='lat' dir='ltr'><strong>ortos</strong></span> <span class='ocrx_word' id='word_1_632' title='bbox 2394 4075 2662 4136; x_wconf 82' lang='lat' dir='ltr'><strong>scribens,</strong></span> <span class='ocrx_word' id='word_1_633' title='bbox 2696 4075 2838 4128; x_wconf 91' lang='lat' dir='ltr'><strong>sicut</strong></span> <span class='ocrx_word' id='word_1_634' title='bbox 2867 4076 2936 4128; x_wconf 87' lang='lat' dir='ltr'><strong>ab</strong></span> <span class='ocrx_word' id='word_1_635' title='bbox 2984 4075 3090 4129; x_wconf 85' lang='lat' dir='ltr'><strong>alio</strong></span> <span class='ocrx_word' id='word_1_636' title='bbox 3133 4074 3251 4144; x_wconf 82' lang='lat' dir='ltr'><strong>ejus</strong></span> <span class='ocrx_word' id='word_1_637' title='bbox 3301 4076 3409 4129; x_wconf 84' lang='lat' dir='ltr'><strong>lilio</strong></span> <span class='ocrx_word' id='word_1_638' title='bbox 3453 4075 3594 4131; x_wconf 80' lang='lat' dir='ltr'><strong>Judu</strong></span> 
     </span>
    </p>
   </div>
   <div class='ocr_carea' id='block_1_88' title="bbox 2012 4161 3592 4236">
    <p class='ocr_par' dir='ltr' id='par_1_88' title="bbox 2012 4161 3592 4236">
     <span class='ocr_line' id='line_1_88' title="bbox 2012 4161 3592 4236; baseline 0.004 -20"><span class='ocrx_word' id='word_1_639' title='bbox 2012 4161 2249 4220; x_wconf 69' lang='lat' dir='ltr'><strong>Iudaeos.</strong></span> <span class='ocrx_word' id='word_1_640' title='bbox 2287 4164 2575 4219; x_wconf 86' lang='lat' dir='ltr'><strong>Insauiunt</strong></span> <span class='ocrx_word' id='word_1_641' title='bbox 2624 4172 2678 4218; x_wconf 93' lang='lat' dir='ltr'><strong>et</strong></span> <span class='ocrx_word' id='word_1_642' title='bbox 2721 4164 2956 4218; x_wconf 74' lang='lat' dir='ltr'><strong>llabbiui</strong></span> <span class='ocrx_word' id='word_1_643' title='bbox 3013 4181 3136 4218; x_wconf 90' lang='lat' dir='ltr'><strong>cum</strong></span> <span class='ocrx_word' id='word_1_644' title='bbox 3188 4167 3462 4220; x_wconf 80' lang='lat' dir='ltr'><strong>Aheuezra</strong></span> <span class='ocrx_word' id='word_1_645' title='bbox 3497 4169 3592 4236; x_wconf 83' lang='lat' dir='ltr'><strong>qui</strong></span> 
     </span>
    </p>
   </div>
   <div class='ocr_carea' id='block_1_89' title="bbox 2017 4254 3596 4326">
    <p class='ocr_par' dir='ltr' id='par_1_89' title="bbox 2017 4254 3596 4326">
     <span class='ocr_line' id='line_1_89' title="bbox 2017 4254 3596 4326; baseline 0.004 -17"><span class='ocrx_word' id='word_1_646' title='bbox 2017 4255 2243 4311; x_wconf 81' lang='lat' dir='ltr'><strong>Romam</strong></span> <span class='ocrx_word' id='word_1_647' title='bbox 2275 4267 2472 4311; x_wconf 81' lang='lat' dir='ltr'><strong>vocant</strong></span> <span class='ocrx_word' id='word_1_648' title='bbox 2502 4256 2692 4322; x_wconf 84' lang='lat' dir='ltr'><strong>Edoni,</strong></span> <span class='ocrx_word' id='word_1_649' title='bbox 2719 4266 2770 4311; x_wconf 84' lang='lat' dir='ltr'><strong>et</strong></span> <span class='ocrx_word' id='word_1_650' title='bbox 2803 4256 3114 4326; x_wconf 75' lang='lat' dir='ltr'><strong>pontificem</strong></span> <span class='ocrx_word' id='word_1_651' title='bbox 3148 4254 3452 4312; x_wconf 77' lang='lat' dir='ltr'><strong>Romanum</strong></span> <span class='ocrx_word' id='word_1_652' title='bbox 3483 4274 3596 4315; x_wconf 86' lang='lat' dir='ltr'><strong>mo-</strong></span> 
     </span>
    </p>
   </div>
   <div class='ocr_carea' id='block_1_90' title="bbox 2013 4347 2835 4404">
    <p class='ocr_par' dir='ltr' id='par_1_90' title="bbox 2013 4347 2835 4404">
     <span class='ocr_line' id='line_1_90' title="bbox 2013 4347 2835 4404; baseline 0.002 -2"><span class='ocrx_word' id='word_1_653' title='bbox 2013 4349 2247 4404; x_wconf 86' lang='lat' dir='ltr'><strong>nachum</strong></span> <span class='ocrx_word' id='word_1_654' title='bbox 2281 4347 2616 4402; x_wconf 70' lang='lat' dir='ltr'><strong>Edommum.</strong></span> <span class='ocrx_word' id='word_1_655' title='bbox 2825 4395 2835 4404; x_wconf 88' lang='lat'><strong>.</strong></span> 
     </span>
    </p>
   </div>
   <div class='ocr_carea' id='block_1_91' title="bbox 2084 4438 3591 4510">
    <p class='ocr_par' dir='ltr' id='par_1_91' title="bbox 2084 4438 3591 4510">
     <span class='ocr_line' id='line_1_91' title="bbox 2084 4438 3591 4510; baseline 0.001 -16"><span class='ocrx_word' id='word_1_656' title='bbox 2084 4440 2246 4506; x_wconf 81' lang='lat' dir='ltr'><strong>ll)id.,</strong></span> <span class='ocrx_word' id='word_1_657' title='bbox 2287 4441 2382 4495; x_wconf 86' lang='lat' dir='ltr'><strong>lin.</strong></span> <span class='ocrx_word' id='word_1_658' title='bbox 2417 4441 2504 4494; x_wconf 90' lang='lat'><strong>44.</strong></span> <span class='ocrx_word' id='word_1_659' title='bbox 2540 4443 2836 4510; x_wconf 78' lang='grc' dir='ltr'>’Ὕστερον</span> <span class='ocrx_word' id='word_1_660' title='bbox 2878 4439 2946 4494; x_wconf 79' lang='grc' dir='ltr'>δὲ</span> <span class='ocrx_word' id='word_1_661' title='bbox 2993 4441 3186 4508; x_wconf 78' lang='grc' dir='ltr'>Σύροι.</span> <span class='ocrx_word' id='word_1_662' title='bbox 3237 4438 3448 4510; x_wconf 80' lang='lat' dir='ltr'><strong>Syriam</strong></span> <span class='ocrx_word' id='word_1_663' title='bbox 3501 4457 3591 4495; x_wconf 86' lang='lat' dir='ltr'><strong>re-</strong></span> 
     </span>
    </p>
   </div>
   <div class='ocr_carea' id='block_1_92' title="bbox 338 4531 3593 4627">
    <p class='ocr_par' dir='ltr' id='par_1_92' title="bbox 338 4531 3593 4627">
     <span class='ocr_line' id='line_1_92' title="bbox 338 4531 3593 4627; baseline -0.001 -38"><span class='ocrx_word' id='word_1_664' title='bbox 338 4535 520 4598; x_wconf 83' lang='lat' dir='ltr'><strong>minis,</strong></span> <span class='ocrx_word' id='word_1_665' title='bbox 559 4547 736 4604; x_wconf 84' lang='lat' dir='ltr'><strong>peccat</strong></span> <span class='ocrx_word' id='word_1_666' title='bbox 763 4547 936 4589; x_wconf 88' lang='lat' dir='ltr'><strong>tamen</strong></span> <span class='ocrx_word' id='word_1_667' title='bbox 992 4545 1042 4589; x_wconf 90' lang='lat' dir='ltr'><strong>et</strong></span> <span class='ocrx_word' id='word_1_668' title='bbox 1095 4537 1264 4602; x_wconf 82' lang='lat' dir='ltr'><strong>ipsam</strong></span> <span class='ocrx_word' id='word_1_669' title='bbox 1292 4535 1455 4588; x_wconf 82' lang='lat' dir='ltr'><strong>violat</strong></span> <span class='ocrx_word' id='word_1_670' title='bbox 1493 4533 1781 4592; x_wconf 80' lang='lat' dir='ltr'><strong>humanam</strong></span> <span class='ocrx_word' id='word_1_671' title='bbox 1818 4551 1908 4588; x_wconf 72' lang='grc' dir='ltr'>ιο·</span> <span class='ocrx_word' id='word_1_672' title='bbox 1941 4571 1985 4627; x_wconf 78' lang='lat' dir='ltr'><strong>D</strong></span> <span class='ocrx_word' id='word_1_673' title='bbox 2012 4532 2224 4602; x_wconf 82' lang='lat' dir='ltr'><strong>gionem</strong></span> <span class='ocrx_word' id='word_1_674' title='bbox 2267 4531 2665 4586; x_wconf 85' lang='lat' dir='ltr'><strong>nobilissimam</strong></span> <span class='ocrx_word' id='word_1_675' title='bbox 2697 4533 2838 4586; x_wconf 69' lang='lat' dir='ltr'><strong>Asiae</strong></span> <span class='ocrx_word' id='word_1_676' title='bbox 2882 4547 3006 4586; x_wconf 86' lang='lat' dir='ltr'><strong>cum</strong></span> <span class='ocrx_word' id='word_1_677' title='bbox 3041 4533 3265 4604; x_wconf 82' lang='lat' dir='ltr'><strong>Assyria</strong></span> <span class='ocrx_word' id='word_1_678' title='bbox 3315 4533 3383 4585; x_wconf 89' lang='lat' dir='ltr'><strong>ab</strong></span> <span class='ocrx_word' id='word_1_679' title='bbox 3413 4544 3593 4587; x_wconf 84' lang='lat' dir='ltr'><strong>aucto-</strong></span> 
     </span>
    </p>
   </div>
   <div class='ocr_carea' id='block_1_93' title="bbox 336 4626 1906 4694">
    <p class='ocr_par' dir='ltr' id='par_1_93' title="bbox 336 4626 1906 4694">
     <span class='ocr_line' id='line_1_93' title="bbox 336 4626 1906 4694; baseline 0 -14"><span class='ocrx_word' id='word_1_680' title='bbox 336 4630 611 4690; x_wconf 88' lang='lat' dir='ltr'><strong>cietatem,</strong></span> <span class='ocrx_word' id='word_1_681' title='bbox 675 4628 758 4680; x_wconf 91' lang='lat' dir='ltr'><strong>cui</strong></span> <span class='ocrx_word' id='word_1_682' title='bbox 805 4628 1097 4682; x_wconf 84' lang='lat' dir='ltr'><strong>necessaria</strong></span> <span class='ocrx_word' id='word_1_683' title='bbox 1139 4637 1218 4680; x_wconf 87' lang='lat' dir='ltr'><strong>est</strong></span> <span class='ocrx_word' id='word_1_684' title='bbox 1261 4627 1554 4694; x_wconf 84' lang='lat' dir='ltr'><strong>procreatio</strong></span> <span class='ocrx_word' id='word_1_685' title='bbox 1603 4626 1906 4680; x_wconf 86' lang='lat' dir='ltr'><strong>liberorum.</strong></span> 
     </span>
    </p>
   </div>
   <div class='ocr_carea' id='block_1_94' title="bbox 338 4715 1906 4780">
    <p class='ocr_par' dir='ltr' id='par_1_94' title="bbox 338 4715 1906 4780">
     <span class='ocr_line' id='line_1_94' title="bbox 338 4715 1906 4780; baseline -0.002 -8"><span class='ocrx_word' id='word_1_686' title='bbox 338 4718 436 4774; x_wconf 86' lang='lat' dir='ltr'><strong>His</strong></span> <span class='ocrx_word' id='word_1_687' title='bbox 467 4718 644 4772; x_wconf 88' lang='lat' dir='ltr'><strong>allluia</strong></span> <span class='ocrx_word' id='word_1_688' title='bbox 695 4718 888 4772; x_wconf 87' lang='lat' dir='ltr'><strong>scribit</strong></span> <span class='ocrx_word' id='word_1_689' title='bbox 927 4727 980 4772; x_wconf 87' lang='lat' dir='ltr'><strong>et</strong></span> <span class='ocrx_word' id='word_1_690' title='bbox 1022 4718 1112 4772; x_wconf 85' lang='lat' dir='ltr'><strong>lib.</strong></span> <span class='ocrx_word' id='word_1_691' title='bbox 1144 4733 1205 4772; x_wconf 89' lang='grc' dir='ltr'><strong>ιιι</strong></span> <span class='ocrx_word' id='word_1_692' title='bbox 1250 4717 1326 4772; x_wconf 86' lang='lat' dir='ltr'><strong>De</strong></span> <span class='ocrx_word' id='word_1_693' title='bbox 1367 4718 1540 4772; x_wconf 91' lang='lat' dir='ltr'><strong>doctr.</strong></span> <span class='ocrx_word' id='word_1_694' title='bbox 1575 4715 1906 4780; x_wconf 82' lang='lat' dir='ltr'><strong>Christiana,</strong></span> 
     </span>
    </p>
   </div>
   <div class='ocr_carea' id='block_1_95' title="bbox 339 4810 1910 4883">
    <p class='ocr_par' dir='ltr' id='par_1_95' title="bbox 339 4810 1910 4883">
     <span class='ocr_line' id='line_1_95' title="bbox 339 4810 1910 4883; baseline -0.001 -17"><span class='ocrx_word' id='word_1_695' title='bbox 339 4828 460 4883; x_wconf 89' lang='lat' dir='ltr'><strong>cap.</strong></span> <span class='ocrx_word' id='word_1_696' title='bbox 495 4812 584 4877; x_wconf 68' lang='grc' dir='ltr'><strong>ιε,</strong></span> <span class='ocrx_word' id='word_1_697' title='bbox 619 4812 762 4866; x_wconf 87' lang='lat' dir='ltr'><strong>idem</strong></span> <span class='ocrx_word' id='word_1_698' title='bbox 807 4812 1166 4882; x_wconf 83' lang='lat' dir='ltr'><strong>Augustinus,</strong></span> <span class='ocrx_word' id='word_1_699' title='bbox 1212 4821 1266 4866; x_wconf 90' lang='lat' dir='ltr'><strong>et</strong></span> <span class='ocrx_word' id='word_1_700' title='bbox 1314 4812 1677 4882; x_wconf 88' lang='lat' dir='ltr'><strong>Hieronymus</strong></span> <span class='ocrx_word' id='word_1_701' title='bbox 1717 4826 1805 4879; x_wconf 84' lang='lat' dir='ltr'><strong>ep.</strong></span> <span class='ocrx_word' id='word_1_702' title='bbox 1841 4810 1910 4864; x_wconf 82' lang='grc'><strong>85</strong></span> 
     </span>
    </p>
   </div>
   <div class='ocr_carea' id='block_1_96' title="bbox 339 4901 1837 4973">
    <p class='ocr_par' dir='ltr' id='par_1_96' title="bbox 339 4901 1837 4973">
     <span class='ocr_line' id='line_1_96' title="bbox 339 4901 1837 4973; baseline -0.002 -15"><span class='ocrx_word' id='word_1_703' title='bbox 339 4907 405 4960; x_wconf 88' lang='lat' dir='ltr'><strong>ad</strong></span> <span class='ocrx_word' id='word_1_704' title='bbox 435 4903 735 4968; x_wconf 87' lang='lat' dir='ltr'><strong>Oceanum,</strong></span> <span class='ocrx_word' id='word_1_705' title='bbox 763 4913 816 4958; x_wconf 90' lang='lat' dir='ltr'><strong>et</strong></span> <span class='ocrx_word' id='word_1_706' title='bbox 849 4901 1223 4959; x_wconf 83' lang='lat' dir='ltr'><strong>Tlieodoretus</strong></span> <span class='ocrx_word' id='word_1_707' title='bbox 1255 4913 1448 4973; x_wconf 65' lang='lat' dir='ltr'><strong>qumst.</strong></span> <span class='ocrx_word' id='word_1_708' title='bbox 1481 4904 1550 4958; x_wconf 82' lang='lat'><strong>84</strong></span> <span class='ocrx_word' id='word_1_709' title='bbox 1571 4906 1621 4956; x_wconf 87' lang='lat' dir='ltr'><strong>in</strong></span> <span class='ocrx_word' id='word_1_710' title='bbox 1651 4901 1837 4957; x_wconf 82' lang='lat' dir='ltr'><strong>Cenes.</strong></span> 
     </span>
    </p>
   </div>
   <div class='ocr_carea' id='block_1_97' title="bbox 408 4992 1901 5063">
    <p class='ocr_par' dir='ltr' id='par_1_97' title="bbox 408 4992 1901 5063">
     <span class='ocr_line' id='line_1_97' title="bbox 408 4992 1901 5063; baseline -0.001 -15"><span class='ocrx_word' id='word_1_711' title='bbox 408 4994 570 5059; x_wconf 88' lang='lat' dir='ltr'><strong>lbid.,</strong></span> <span class='ocrx_word' id='word_1_712' title='bbox 613 4994 710 5048; x_wconf 92' lang='lat' dir='ltr'><strong>lin.</strong></span> <span class='ocrx_word' id='word_1_713' title='bbox 733 4992 1215 5062; x_wconf 71' lang='grc' dir='ltr'>27.Ἐπεθύμησε</span> <span class='ocrx_word' id='word_1_714' title='bbox 1235 4993 1322 5049; x_wconf 84' lang='grc' dir='ltr'><strong>δέ.</strong></span> <span class='ocrx_word' id='word_1_715' title='bbox 1357 4993 1598 5049; x_wconf 89' lang='lat' dir='ltr'><strong>Thomas</strong></span> <span class='ocrx_word' id='word_1_716' title='bbox 1631 4995 1901 5063; x_wconf 75' lang='lat' dir='ltr'><strong>Anglicus</strong></span> 
     </span>
    </p>
   </div>
   <div class='ocr_carea' id='block_1_98' title="bbox 337 5084 1908 5154">
    <p class='ocr_par' dir='ltr' id='par_1_98' title="bbox 337 5084 1908 5154">
     <span class='ocr_line' id='line_1_98' title="bbox 337 5084 1908 5154; baseline 0.001 -15"><span class='ocrx_word' id='word_1_717' title='bbox 337 5084 394 5139; x_wconf 90' lang='lat' dir='ltr'><strong>in</strong></span> <span class='ocrx_word' id='word_1_718' title='bbox 426 5101 540 5154; x_wconf 87' lang='lat' dir='ltr'><strong>cap.</strong></span> <span class='ocrx_word' id='word_1_719' title='bbox 604 5103 770 5141; x_wconf 77' lang='lat' dir='ltr'><strong>mnu</strong></span> <span class='ocrx_word' id='word_1_720' title='bbox 817 5084 1000 5142; x_wconf 78' lang='lat' dir='ltr'><strong>Cenes.</strong></span> <span class='ocrx_word' id='word_1_721' title='bbox 1036 5086 1213 5142; x_wconf 89' lang='lat' dir='ltr'><strong>tribus</strong></span> <span class='ocrx_word' id='word_1_722' title='bbox 1258 5084 1434 5141; x_wconf 89' lang='lat' dir='ltr'><strong>modis</strong></span> <span class='ocrx_word' id='word_1_723' title='bbox 1461 5085 1694 5140; x_wconf 85' lang='lat' dir='ltr'><strong>diversis</strong></span> <span class='ocrx_word' id='word_1_724' title='bbox 1725 5086 1793 5138; x_wconf 88' lang='lat' dir='ltr'><strong>ab</strong></span> <span class='ocrx_word' id='word_1_725' title='bbox 1841 5101 1908 5140; x_wconf 90' lang='lat' dir='ltr'><strong>eo</strong></span> 
     </span>
    </p>
   </div>
   <div class='ocr_carea' id='block_1_99' title="bbox 339 5175 1906 5246">
    <p class='ocr_par' dir='ltr' id='par_1_99' title="bbox 339 5175 1906 5246">
     <span class='ocr_line' id='line_1_99' title="bbox 339 5175 1906 5246; baseline 0.003 -20"><span class='ocrx_word' id='word_1_726' title='bbox 339 5190 497 5242; x_wconf 90' lang='lat' dir='ltr'><strong>quem</strong></span> <span class='ocrx_word' id='word_1_727' title='bbox 530 5175 846 5232; x_wconf 86' lang='lat' dir='ltr'><strong>Eustathius</strong></span> <span class='ocrx_word' id='word_1_728' title='bbox 880 5176 1064 5239; x_wconf 87' lang='lat' dir='ltr'><strong>tradit,</strong></span> <span class='ocrx_word' id='word_1_729' title='bbox 1103 5184 1350 5246; x_wconf 86' lang='lat' dir='ltr'><strong>purgata</strong></span> <span class='ocrx_word' id='word_1_730' title='bbox 1387 5178 1519 5232; x_wconf 87' lang='lat' dir='ltr'><strong>vitio</strong></span> <span class='ocrx_word' id='word_1_731' title='bbox 1542 5192 1781 5232; x_wconf 86' lang='lat' dir='ltr'><strong>amorem</strong></span> <span class='ocrx_word' id='word_1_732' title='bbox 1811 5175 1906 5232; x_wconf 80' lang='lat' dir='ltr'><strong>Ja-</strong></span> 
     </span>
    </p>
   </div>
   <div class='ocr_carea' id='block_1_100' title="bbox 338 5267 1537 5340">
    <p class='ocr_par' dir='ltr' id='par_1_100' title="bbox 338 5267 1537 5340">
     <span class='ocr_line' id='line_1_100' title="bbox 338 5267 1537 5340; baseline 0.002 -20"><span class='ocrx_word' id='word_1_733' title='bbox 338 5267 461 5328; x_wconf 90' lang='lat' dir='ltr'><strong>cob,</strong></span> <span class='ocrx_word' id='word_1_734' title='bbox 497 5274 550 5321; x_wconf 86' lang='lat' dir='ltr'><strong>et</strong></span> <span class='ocrx_word' id='word_1_735' title='bbox 582 5267 962 5340; x_wconf 86' lang='lat' dir='ltr'><strong>inculpabilem</strong></span> <span class='ocrx_word' id='word_1_736' title='bbox 1001 5270 1198 5333; x_wconf 91' lang='lat' dir='ltr'><strong>reddit,</strong></span> <span class='ocrx_word' id='word_1_737' title='bbox 1230 5285 1368 5339; x_wconf 91' lang='lat' dir='ltr'><strong>quos</strong></span> <span class='ocrx_word' id='word_1_738' title='bbox 1395 5271 1537 5325; x_wconf 68' lang='lat' dir='ltr'><strong>vide.</strong></span> 
     </span>
    </p>
   </div>
   <div class='ocr_carea' id='block_1_101' title="bbox 408 5344 1908 5431">
    <p class='ocr_par' dir='ltr' id='par_1_101' title="bbox 408 5344 1908 5431">
     <span class='ocr_line' id='line_1_101' title="bbox 408 5344 1908 5431; baseline 0.005 -18"><span class='ocrx_word' id='word_1_739' title='bbox 408 5357 570 5422; x_wconf 81' lang='lat' dir='ltr'><strong>lbid.,</strong></span> <span class='ocrx_word' id='word_1_740' title='bbox 606 5360 701 5415; x_wconf 90' lang='lat' dir='ltr'><strong>lin.</strong></span> <span class='ocrx_word' id='word_1_741' title='bbox 737 5361 826 5415; x_wconf 79' lang='grc'><strong>51.</strong></span> <span class='ocrx_word' id='word_1_742' title='bbox 864 5344 1348 5427; x_wconf 66' lang='grc' dir='ltr'>Συναντήονασαν</span> <span class='ocrx_word' id='word_1_743' title='bbox 1374 5363 1717 5431; x_wconf 76' lang='grc' dir='ltr'>ἠσπάσατο.</span> <span class='ocrx_word' id='word_1_744' title='bbox 1752 5363 1908 5422; x_wconf 70' lang='lat' dir='ltr'><strong>Iose-</strong></span> 
     </span>
    </p>
   </div>
   <div class='ocr_carea' id='block_1_102' title="bbox 337 5450 1906 5524">
    <p class='ocr_par' dir='ltr' id='par_1_102' title="bbox 337 5450 1906 5524">
     <span class='ocr_line' id='line_1_102' title="bbox 337 5450 1906 5524; baseline 0.004 -21"><span class='ocrx_word' id='word_1_745' title='bbox 337 5450 502 5521; x_wconf 86' lang='lat' dir='ltr'><strong>phus,</strong></span> <span class='ocrx_word' id='word_1_746' title='bbox 558 5450 654 5504; x_wconf 89' lang='lat' dir='ltr'><strong>lib.</strong></span> <span class='ocrx_word' id='word_1_747' title='bbox 707 5468 745 5515; x_wconf 88' lang='grc' dir='ltr'><strong>ι,</strong></span> <span class='ocrx_word' id='word_1_748' title='bbox 777 5469 897 5524; x_wconf 88' lang='lat' dir='ltr'><strong>cap.</strong></span> <span class='ocrx_word' id='word_1_749' title='bbox 956 5455 1040 5518; x_wconf 86' lang='lat' dir='ltr'><strong>l9,</strong></span> <span class='ocrx_word' id='word_1_750' title='bbox 1077 5453 1170 5508; x_wconf 92' lang='lat' dir='ltr'><strong>ubi</strong></span> <span class='ocrx_word' id='word_1_751' title='bbox 1216 5455 1356 5508; x_wconf 85' lang='lat' dir='ltr'><strong>hanc</strong></span> <span class='ocrx_word' id='word_1_752' title='bbox 1391 5456 1556 5510; x_wconf 80' lang='lat' dir='ltr'><strong>refert</strong></span> <span class='ocrx_word' id='word_1_753' title='bbox 1588 5456 1906 5522; x_wconf 85' lang='lat' dir='ltr'><strong>historiam,</strong></span> 
     </span>
    </p>
   </div>
   <div class='ocr_carea' id='block_1_103' title="bbox 336 5542 1906 5618">
    <p class='ocr_par' dir='ltr' id='par_1_103' title="bbox 336 5542 1906 5618">
     <span class='ocr_line' id='line_1_103' title="bbox 336 5542 1906 5618; baseline 0.006 -23"><span class='ocrx_word' id='word_1_754' title='bbox 336 5542 706 5614; x_wconf 64' lang='lat' dir='ltr'><strong>amplexuslet</strong></span> <span class='ocrx_word' id='word_1_755' title='bbox 735 5545 840 5597; x_wconf 87' lang='lat' dir='ltr'><strong>alia</strong></span> <span class='ocrx_word' id='word_1_756' title='bbox 868 5561 990 5616; x_wconf 69' lang='lat' dir='ltr'><strong>quae</strong></span> <span class='ocrx_word' id='word_1_757' title='bbox 1018 5545 1302 5618; x_wconf 85' lang='lat' dir='ltr'><strong>Scriptura</strong></span> <span class='ocrx_word' id='word_1_758' title='bbox 1328 5556 1539 5611; x_wconf 86' lang='lat' dir='ltr'><strong>narrat,</strong></span> <span class='ocrx_word' id='word_1_759' title='bbox 1575 5564 1683 5604; x_wconf 88' lang='lat' dir='ltr'><strong>non</strong></span> <span class='ocrx_word' id='word_1_760' title='bbox 1713 5550 1906 5604; x_wconf 88' lang='lat' dir='ltr'><strong>tribuit</strong></span> 
     </span>
    </p>
   </div>
   <div class='ocr_carea' id='block_1_104' title="bbox 332 5633 1907 5713">
    <p class='ocr_par' dir='ltr' id='par_1_104' title="bbox 332 5633 1907 5713">
     <span class='ocr_line' id='line_1_104' title="bbox 332 5633 1907 5713; baseline 0.005 -25"><span class='ocrx_word' id='word_1_761' title='bbox 332 5634 539 5690; x_wconf 80' lang='lat' dir='ltr'><strong>Jacobo</strong></span> <span class='ocrx_word' id='word_1_762' title='bbox 583 5635 677 5690; x_wconf 84' lang='lat' dir='ltr'><strong>sed</strong></span> <span class='ocrx_word' id='word_1_763' title='bbox 731 5633 991 5703; x_wconf 84' lang='lat' dir='ltr'><strong>Racheli,</strong></span> <span class='ocrx_word' id='word_1_764' title='bbox 1039 5640 1104 5694; x_wconf 83' lang='lat' dir='ltr'><strong>&#39;H</strong></span> <span class='ocrx_word' id='word_1_765' title='bbox 1149 5641 1228 5706; x_wconf 78' lang='grc' dir='ltr'><strong>δὲ,</strong></span> <span class='ocrx_word' id='word_1_766' title='bbox 1281 5641 1386 5694; x_wconf 71' lang='grc' dir='ltr'>ὑπὸ</span> <span class='ocrx_word' id='word_1_767' title='bbox 1437 5641 1690 5713; x_wconf 83' lang='grc' dir='ltr'>μνήμης,</span> <span class='ocrx_word' id='word_1_768' title='bbox 1748 5645 1907 5696; x_wconf 77' lang='grc' dir='ltr'>ὁποῖα</span> 
     </span>
    </p>
   </div>
   <div class='ocr_carea' id='block_1_105' title="bbox 335 5727 1906 5804">
    <p class='ocr_par' dir='ltr' id='par_1_105' title="bbox 335 5727 1906 5804">
     <span class='ocr_line' id='line_1_105' title="bbox 335 5727 1906 5804; baseline 0.005 -26"><span class='ocrx_word' id='word_1_769' title='bbox 335 5727 480 5794; x_wconf 80' lang='grc' dir='ltr'>φιλεῖ</span> <span class='ocrx_word' id='word_1_770' title='bbox 516 5727 901 5798; x_wconf 86' lang='grc' dir='ltr'>συντυγχάνειν</span> <span class='ocrx_word' id='word_1_771' title='bbox 930 5733 1042 5794; x_wconf 87' lang='grc' dir='ltr'>τοῖς</span> <span class='ocrx_word' id='word_1_772' title='bbox 1088 5731 1248 5797; x_wconf 88' lang='grc' dir='ltr'>νέοις,</span> <span class='ocrx_word' id='word_1_773' title='bbox 1284 5732 1714 5804; x_wconf 77' lang='grc' dir='ltr'>προπεπυσμένη</span> <span class='ocrx_word' id='word_1_774' title='bbox 1756 5733 1906 5804; x_wconf 77' lang='grc' dir='ltr'>παρὰ</span> 
     </span>
    </p>
   </div>
   <div class='ocr_carea' id='block_1_106' title="bbox 337 5818 1907 5899">
    <p class='ocr_par' dir='ltr' id='par_1_106' title="bbox 337 5818 1907 5899">
     <span class='ocr_line' id='line_1_106' title="bbox 337 5818 1907 5899; baseline 0.006 -30"><span class='ocrx_word' id='word_1_775' title='bbox 337 5818 428 5872; x_wconf 77' lang='grc' dir='ltr'>τοῦ</span> <span class='ocrx_word' id='word_1_776' title='bbox 463 5821 665 5893; x_wconf 81' lang='grc' dir='ltr'>πατρὸς</span> <span class='ocrx_word' id='word_1_777' title='bbox 693 5821 761 5877; x_wconf 82' lang='grc' dir='ltr'>τὰ</span> <span class='ocrx_word' id='word_1_778' title='bbox 790 5823 917 5894; x_wconf 80' lang='grc' dir='ltr'>περὶ</span> <span class='ocrx_word' id='word_1_779' title='bbox 947 5823 1044 5896; x_wconf 81' lang='grc' dir='ltr'>τῆς</span> <span class='ocrx_word' id='word_1_780' title='bbox 1086 5821 1400 5898; x_wconf 79' lang='grc' dir='ltr'>Ῥεϐέκκας,</span> <span class='ocrx_word' id='word_1_781' title='bbox 1433 5825 1525 5880; x_wconf 66' lang='grc' dir='ltr'><strong>καὶ</strong></span> <span class='ocrx_word' id='word_1_782' title='bbox 1563 5827 1688 5892; x_wconf 62' lang='grc' dir='ltr'>τοὺς</span> <span class='ocrx_word' id='word_1_783' title='bbox 1731 5827 1907 5899; x_wconf 85' lang='grc' dir='ltr'>γονεῖς</span> 
     </span>
    </p>
   </div>
   <div class='ocr_carea' id='block_1_107' title="bbox 2014 4623 3591 4694">
    <p class='ocr_par' dir='ltr' id='par_1_107' title="bbox 2014 4623 3591 4694">
     <span class='ocr_line' id='line_1_107' title="bbox 2014 4623 3591 4694; baseline 0.003 -19"><span class='ocrx_word' id='word_1_784' title='bbox 2014 4623 2166 4677; x_wconf 90' lang='lat' dir='ltr'><strong>ribus</strong></span> <span class='ocrx_word' id='word_1_785' title='bbox 2204 4623 2461 4678; x_wconf 80' lang='lat' dir='ltr'><strong>confundi</strong></span> <span class='ocrx_word' id='word_1_786' title='bbox 2506 4639 2671 4694; x_wconf 90' lang='lat' dir='ltr'><strong>supra</strong></span> <span class='ocrx_word' id='word_1_787' title='bbox 2711 4626 3012 4679; x_wconf 83' lang='lat' dir='ltr'><strong>innuimus.</strong></span> <span class='ocrx_word' id='word_1_788' title='bbox 3060 4625 3135 4679; x_wconf 89' lang='lat' dir='ltr'><strong>De</strong></span> <span class='ocrx_word' id='word_1_789' title='bbox 3163 4640 3226 4679; x_wconf 83' lang='lat' dir='ltr'><strong>ea</strong></span> <span class='ocrx_word' id='word_1_790' title='bbox 3271 4625 3591 4679; x_wconf 82' lang='lat' dir='ltr'><strong>Ammianus</strong></span> 
     </span>
    </p>
   </div>
   <div class='ocr_carea' id='block_1_108' title="bbox 2012 4717 3586 4786">
    <p class='ocr_par' dir='ltr' id='par_1_108' title="bbox 2012 4717 3586 4786">
     <span class='ocr_line' id='line_1_108' title="bbox 2012 4717 3586 4786; baseline 0.001 -15"><span class='ocrx_word' id='word_1_791' title='bbox 2012 4717 2380 4780; x_wconf 84' lang='lat' dir='ltr'><strong>Marcellinus,</strong></span> <span class='ocrx_word' id='word_1_792' title='bbox 2417 4719 2512 4772; x_wconf 87' lang='lat' dir='ltr'><strong>lib.</strong></span> <span class='ocrx_word' id='word_1_793' title='bbox 2550 4735 2723 4774; x_wconf 81' lang='lat' dir='ltr'><strong>xxut:</strong></span> <span class='ocrx_word' id='word_1_794' title='bbox 2766 4717 2914 4772; x_wconf 85' lang='lat' dir='ltr'><strong>Citra</strong></span> <span class='ocrx_word' id='word_1_795' title='bbox 2968 4734 3147 4771; x_wconf 88' lang='lat' dir='ltr'><strong>amnes</strong></span> <span class='ocrx_word' id='word_1_796' title='bbox 3200 4719 3467 4786; x_wconf 84' lang='lat' dir='ltr'><strong>provincia</strong></span> <span class='ocrx_word' id='word_1_797' title='bbox 3511 4729 3586 4772; x_wconf 87' lang='lat' dir='ltr'><strong>est</strong></span> 
     </span>
    </p>
   </div>
   <div class='ocr_carea' id='block_1_109' title="bbox 2011 4809 3590 4879">
    <p class='ocr_par' dir='ltr' id='par_1_109' title="bbox 2011 4809 3590 4879">
     <span class='ocr_line' id='line_1_109' title="bbox 2011 4809 3590 4879; baseline -0.001 -15"><span class='ocrx_word' id='word_1_798' title='bbox 2011 4810 2201 4864; x_wconf 85' lang='lat' dir='ltr'><strong>nobilis</strong></span> <span class='ocrx_word' id='word_1_799' title='bbox 2251 4809 2490 4879; x_wconf 80' lang='lat' dir='ltr'><strong>Assyria,</strong></span> <span class='ocrx_word' id='word_1_800' title='bbox 2527 4812 2826 4864; x_wconf 83' lang='lat' dir='ltr'><strong>celebritate</strong></span> <span class='ocrx_word' id='word_1_801' title='bbox 2869 4821 2918 4864; x_wconf 86' lang='lat' dir='ltr'><strong>et</strong></span> <span class='ocrx_word' id='word_1_802' title='bbox 2958 4809 3337 4879; x_wconf 83' lang='lat' dir='ltr'><strong>magnitudine,</strong></span> <span class='ocrx_word' id='word_1_803' title='bbox 3391 4819 3502 4862; x_wconf 89' lang='lat' dir='ltr'><strong>tum</strong></span> <span class='ocrx_word' id='word_1_804' title='bbox 3539 4818 3590 4863; x_wconf 91' lang='lat' dir='ltr'><strong>et</strong></span> 
     </span>
    </p>
   </div>
   <div class='ocr_carea' id='block_1_110' title="bbox 2011 4902 3593 4972">
    <p class='ocr_par' dir='ltr' id='par_1_110' title="bbox 2011 4902 3593 4972">
     <span class='ocr_line' id='line_1_110' title="bbox 2011 4902 3593 4972; baseline -0.001 -17"><span class='ocrx_word' id='word_1_805' title='bbox 2011 4904 2327 4972; x_wconf 80' lang='lat' dir='ltr'><strong>multiformi</strong></span> <span class='ocrx_word' id='word_1_806' title='bbox 2371 4903 2665 4969; x_wconf 81' lang='lat' dir='ltr'><strong>feracitate,</strong></span> <span class='ocrx_word' id='word_1_807' title='bbox 2691 4903 3053 4972; x_wconf 81' lang='lat' dir='ltr'><strong>ditissimaquc</strong></span> <span class='ocrx_word' id='word_1_808' title='bbox 3093 4916 3183 4969; x_wconf 81' lang='lat' dir='ltr'><strong>per</strong></span> <span class='ocrx_word' id='word_1_809' title='bbox 3218 4902 3456 4970; x_wconf 84' lang='lat' dir='ltr'><strong>populos,</strong></span> <span class='ocrx_word' id='word_1_810' title='bbox 3493 4917 3593 4969; x_wconf 85' lang='lat' dir='ltr'><strong>pa-</strong></span> 
     </span>
    </p>
   </div>
   <div class='ocr_carea' id='block_1_111' title="bbox 2009 4993 3590 5065">
    <p class='ocr_par' dir='ltr' id='par_1_111' title="bbox 2009 4993 3590 5065">
     <span class='ocr_line' id='line_1_111' title="bbox 2009 4993 3590 5065; baseline -0.003 -16"><span class='ocrx_word' id='word_1_811' title='bbox 2009 5011 2200 5065; x_wconf 84' lang='lat' dir='ltr'><strong>gosque</strong></span> <span class='ocrx_word' id='word_1_812' title='bbox 2223 4994 2423 5064; x_wconf 81' lang='lat' dir='ltr'><strong>amplos</strong></span> <span class='ocrx_word' id='word_1_813' title='bbox 2456 4994 2678 5063; x_wconf 77' lang='lat' dir='ltr'><strong>diffusa,</strong></span> <span class='ocrx_word' id='word_1_814' title='bbox 2705 4993 2965 5065; x_wconf 85' lang='lat' dir='ltr'><strong>quondam</strong></span> <span class='ocrx_word' id='word_1_815' title='bbox 2995 5007 3042 5049; x_wconf 88' lang='lat' dir='ltr'><strong>et</strong></span> <span class='ocrx_word' id='word_1_816' title='bbox 3075 4997 3308 5064; x_wconf 90' lang='lat' dir='ltr'><strong>copiosa,</strong></span> <span class='ocrx_word' id='word_1_817' title='bbox 3331 4993 3400 5048; x_wconf 88' lang='lat' dir='ltr'><strong>ad</strong></span> <span class='ocrx_word' id='word_1_818' title='bbox 3424 5009 3590 5046; x_wconf 86' lang='lat' dir='ltr'><strong>unum</strong></span> 
     </span>
    </p>
   </div>
   <div class='ocr_carea' id='block_1_112' title="bbox 2011 5085 3585 5157">
    <p class='ocr_par' dir='ltr' id='par_1_112' title="bbox 2011 5085 3585 5157">
     <span class='ocr_line' id='line_1_112' title="bbox 2011 5085 3585 5157; baseline 0.001 -17"><span class='ocrx_word' id='word_1_819' title='bbox 2011 5087 2263 5142; x_wconf 83' lang='lat' dir='ltr'><strong>concessit</strong></span> <span class='ocrx_word' id='word_1_820' title='bbox 2287 5085 2614 5148; x_wconf 79' lang='lat' dir='ltr'><strong>vocabulum,</strong></span> <span class='ocrx_word' id='word_1_821' title='bbox 2648 5097 2696 5140; x_wconf 84' lang='lat' dir='ltr'><strong>et</strong></span> <span class='ocrx_word' id='word_1_822' title='bbox 2725 5104 2862 5142; x_wconf 89' lang='lat' dir='ltr'><strong>nunc</strong></span> <span class='ocrx_word' id='word_1_823' title='bbox 2881 5089 3050 5141; x_wconf 88' lang='lat' dir='ltr'><strong>omnis</strong></span> <span class='ocrx_word' id='word_1_824' title='bbox 3079 5089 3376 5157; x_wconf 87' lang='lat' dir='ltr'><strong>appellatur</strong></span> <span class='ocrx_word' id='word_1_825' title='bbox 3405 5086 3585 5156; x_wconf 81' lang='lat' dir='ltr'><strong>Syria.</strong></span> 
     </span>
    </p>
   </div>
   <div class='ocr_carea' id='block_1_113' title="bbox 2011 5178 3590 5249">
    <p class='ocr_par' dir='ltr' id='par_1_113' title="bbox 2011 5178 3590 5249">
     <span class='ocr_line' id='line_1_113' title="bbox 2011 5178 3590 5249; baseline 0 -16"><span class='ocrx_word' id='word_1_826' title='bbox 2011 5181 2176 5234; x_wconf 87' lang='lat' dir='ltr'><strong>Plura</strong></span> <span class='ocrx_word' id='word_1_827' title='bbox 2211 5178 2278 5233; x_wconf 91' lang='lat' dir='ltr'><strong>de</strong></span> <span class='ocrx_word' id='word_1_828' title='bbox 2304 5194 2376 5248; x_wconf 84' lang='lat' dir='ltr'><strong>_ea</strong></span> <span class='ocrx_word' id='word_1_829' title='bbox 2428 5179 2554 5234; x_wconf 90' lang='lat' dir='ltr'><strong>vide</strong></span> <span class='ocrx_word' id='word_1_830' title='bbox 2590 5181 2738 5249; x_wconf 88' lang='lat' dir='ltr'><strong>apud</strong></span> <span class='ocrx_word' id='word_1_831' title='bbox 2788 5179 3136 5235; x_wconf 85' lang='lat' dir='ltr'><strong>Eustathium</strong></span> <span class='ocrx_word' id='word_1_832' title='bbox 3192 5180 3490 5234; x_wconf 85' lang='lat' dir='ltr'><strong>Comment.</strong></span> <span class='ocrx_word' id='word_1_833' title='bbox 3534 5181 3590 5233; x_wconf 89' lang='lat' dir='ltr'><strong>in</strong></span> 
     </span>
    </p>
   </div>
   <div class='ocr_carea' id='block_1_114' title="bbox 2010 5269 3585 5341">
    <p class='ocr_par' dir='ltr' id='par_1_114' title="bbox 2010 5269 3585 5341">
     <span class='ocr_line' id='line_1_114' title="bbox 2010 5269 3585 5341; baseline -0.001 -17"><span class='ocrx_word' id='word_1_834' title='bbox 2010 5269 2324 5341; x_wconf 78' lang='lat' dir='ltr'><strong>Dionysium</strong></span> <span class='ocrx_word' id='word_1_835' title='bbox 2373 5269 2438 5324; x_wconf 83' lang='lat' dir='ltr'><strong>de</strong></span> <span class='ocrx_word' id='word_1_836' title='bbox 2492 5273 2599 5324; x_wconf 78' lang='lat' dir='ltr'><strong>situ</strong></span> <span class='ocrx_word' id='word_1_837' title='bbox 2637 5272 2798 5334; x_wconf 90' lang='lat' dir='ltr'><strong>orbis,</strong></span> <span class='ocrx_word' id='word_1_838' title='bbox 2834 5271 3203 5325; x_wconf 82' lang='lat' dir='ltr'><strong>Abrahamuin</strong></span> <span class='ocrx_word' id='word_1_839' title='bbox 3259 5269 3585 5334; x_wconf 83' lang='lat' dir='ltr'><strong>Hortelium,</strong></span> 
     </span>
    </p>
   </div>
   <div class='ocr_carea' id='block_1_115' title="bbox 2009 5365 2249 5419">
    <p class='ocr_par' dir='ltr' id='par_1_115' title="bbox 2009 5365 2249 5419">
     <span class='ocr_line' id='line_1_115' title="bbox 2009 5365 2249 5419; baseline -0.008 0"><span class='ocrx_word' id='word_1_840' title='bbox 2009 5373 2064 5419; x_wconf 88' lang='lat' dir='ltr'><strong>et</strong></span> <span class='ocrx_word' id='word_1_841' title='bbox 2091 5365 2249 5418; x_wconf 88' lang='lat' dir='ltr'><strong>alios.</strong></span> 
     </span>
    </p>
   </div>
   <div class='ocr_carea' id='block_1_116' title="bbox 2080 5453 3586 5525">
    <p class='ocr_par' dir='ltr' id='par_1_116' title="bbox 2080 5453 3586 5525">
     <span class='ocr_line' id='line_1_116' title="bbox 2080 5453 3586 5525; baseline -0.004 -13"><span class='ocrx_word' id='word_1_842' title='bbox 2080 5456 2242 5521; x_wconf 81' lang='lat' dir='ltr'><strong>Ibid.,</strong></span> <span class='ocrx_word' id='word_1_843' title='bbox 2271 5456 2372 5510; x_wconf 90' lang='lat' dir='ltr'><strong>lin.</strong></span> <span class='ocrx_word' id='word_1_844' title='bbox 2417 5455 2507 5511; x_wconf 79' lang='lat'><strong>46.</strong></span> <span class='ocrx_word' id='word_1_845' title='bbox 2545 5457 2600 5508; x_wconf 83' lang='lat'><em>&#39;0</em></span> <span class='ocrx_word' id='word_1_846' title='bbox 2644 5455 2717 5509; x_wconf 83' lang='grc' dir='ltr'>δὲ</span> <span class='ocrx_word' id='word_1_847' title='bbox 2757 5455 2948 5512; x_wconf 85' lang='grc' dir='ltr'><strong><em>Ἦσαῦ</em></strong></span> <span class='ocrx_word' id='word_1_848' title='bbox 2991 5455 3302 5525; x_wconf 75' lang='grc' dir='ltr'>γυναῖκας.</span> <span class='ocrx_word' id='word_1_849' title='bbox 3349 5453 3586 5520; x_wconf 83' lang='lat' dir='ltr'><strong>Delrius,</strong></span> 
     </span>
    </p>
   </div>
   <div class='ocr_carea' id='block_1_117' title="bbox 2009 5545 3590 5616">
    <p class='ocr_par' dir='ltr' id='par_1_117' title="bbox 2009 5545 3590 5616">
     <span class='ocr_line' id='line_1_117' title="bbox 2009 5545 3590 5616; baseline -0.001 -12"><span class='ocrx_word' id='word_1_850' title='bbox 2009 5555 2064 5604; x_wconf 92' lang='lat' dir='ltr'><strong>et</strong></span> <span class='ocrx_word' id='word_1_851' title='bbox 2092 5550 2183 5604; x_wconf 87' lang='lat' dir='ltr'><strong>alii</strong></span> <span class='ocrx_word' id='word_1_852' title='bbox 2211 5556 2492 5612; x_wconf 87' lang='lat' dir='ltr'><strong>notarunt,</strong></span> <span class='ocrx_word' id='word_1_853' title='bbox 2524 5545 2782 5601; x_wconf 69' lang='lat' dir='ltr'><strong>Hebraeos</strong></span> <span class='ocrx_word' id='word_1_854' title='bbox 2825 5547 3016 5601; x_wconf 89' lang='lat' dir='ltr'><strong>solitos</strong></span> <span class='ocrx_word' id='word_1_855' title='bbox 3063 5546 3263 5602; x_wconf 87' lang='lat' dir='ltr'><strong>habere</strong></span> <span class='ocrx_word' id='word_1_856' title='bbox 3291 5545 3448 5616; x_wconf 85' lang='lat' dir='ltr'><strong>plura</strong></span> <span class='ocrx_word' id='word_1_857' title='bbox 3490 5561 3590 5603; x_wconf 86' lang='lat' dir='ltr'><strong>no-</strong></span> 
     </span>
    </p>
   </div>
   <div class='ocr_carea' id='block_1_118' title="bbox 2010 5636 3588 5710">
    <p class='ocr_par' dir='ltr' id='par_1_118' title="bbox 2010 5636 3588 5710">
     <span class='ocr_line' id='line_1_118' title="bbox 2010 5636 3588 5710; baseline -0.001 -15"><span class='ocrx_word' id='word_1_858' title='bbox 2010 5641 2179 5704; x_wconf 89' lang='lat' dir='ltr'><strong>mina,</strong></span> <span class='ocrx_word' id='word_1_859' title='bbox 2221 5639 2455 5710; x_wconf 90' lang='lat' dir='ltr'><strong>indeque</strong></span> <span class='ocrx_word' id='word_1_860' title='bbox 2507 5653 2734 5708; x_wconf 81' lang='lat' dir='ltr'><strong>magnas</strong></span> <span class='ocrx_word' id='word_1_861' title='bbox 2784 5638 3040 5694; x_wconf 82' lang='lat' dir='ltr'><strong>tenebras</strong></span> <span class='ocrx_word' id='word_1_862' title='bbox 3091 5637 3224 5692; x_wconf 91' lang='lat' dir='ltr'><strong>oriri</strong></span> <span class='ocrx_word' id='word_1_863' title='bbox 3272 5641 3327 5692; x_wconf 88' lang='lat' dir='ltr'><strong>in</strong></span> <span class='ocrx_word' id='word_1_864' title='bbox 3378 5636 3588 5694; x_wconf 63' lang='lat' dir='ltr'><strong>Getiea-</strong></span> 
     </span>
    </p>
   </div>
   <div class='ocr_carea' id='block_1_119' title="bbox 1959 5729 3589 5810">
    <p class='ocr_par' dir='ltr' id='par_1_119' title="bbox 1959 5729 3589 5810">
     <span class='ocr_line' id='line_1_119' title="bbox 1959 5729 3589 5810; baseline -0.001 -23"><span class='ocrx_word' id='word_1_865' title='bbox 1959 5798 1966 5810; x_wconf 35' lang='grc' dir='ltr'><strong>ν</strong></span> <span class='ocrx_word' id='word_1_866' title='bbox 2010 5734 2191 5804; x_wconf 81' lang='lat' dir='ltr'><strong>logiis,</strong></span> <span class='ocrx_word' id='word_1_867' title='bbox 2241 5733 2369 5789; x_wconf 89' lang='lat' dir='ltr'><strong>dum</strong></span> <span class='ocrx_word' id='word_1_868' title='bbox 2417 5746 2531 5786; x_wconf 90' lang='lat' dir='ltr'><strong>uno</strong></span> <span class='ocrx_word' id='word_1_869' title='bbox 2579 5732 2701 5788; x_wconf 90' lang='lat' dir='ltr'><strong>loco</strong></span> <span class='ocrx_word' id='word_1_870' title='bbox 2746 5747 2940 5794; x_wconf 65' lang='lat' dir='ltr'><strong>unum,</strong></span> <span class='ocrx_word' id='word_1_871' title='bbox 2996 5730 3105 5785; x_wconf 91' lang='lat' dir='ltr'><strong>alio</strong></span> <span class='ocrx_word' id='word_1_872' title='bbox 3144 5729 3290 5786; x_wconf 88' lang='lat' dir='ltr'><strong>aliud</strong></span> <span class='ocrx_word' id='word_1_873' title='bbox 3339 5732 3589 5802; x_wconf 89' lang='lat' dir='ltr'><strong>ponitur,</strong></span> 
     </span>
    </p>
   </div>
   <div class='ocr_carea' id='block_1_120' title="bbox 2011 5824 3618 5914">
    <p class='ocr_par' dir='ltr' id='par_1_120' title="bbox 2011 5824 3618 5914">
     <span class='ocr_line' id='line_1_120' title="bbox 2011 5824 3618 5914; baseline -0.002 -33"><span class='ocrx_word' id='word_1_874' title='bbox 2011 5827 2158 5896; x_wconf 77' lang='lat' dir='ltr'><strong>quod</strong></span> <span class='ocrx_word' id='word_1_875' title='bbox 2189 5841 2296 5881; x_wconf 89' lang='lat' dir='ltr'><strong>non</strong></span> <span class='ocrx_word' id='word_1_876' title='bbox 2341 5824 2754 5883; x_wconf 84' lang='lat' dir='ltr'><strong>considerantes</strong></span> <span class='ocrx_word' id='word_1_877' title='bbox 2780 5825 3004 5899; x_wconf 88' lang='lat' dir='ltr'><strong>quidam</strong></span> <span class='ocrx_word' id='word_1_878' title='bbox 3037 5825 3333 5896; x_wconf 84' lang='lat' dir='ltr'><strong>desperant</strong></span> <span class='ocrx_word' id='word_1_879' title='bbox 3361 5824 3432 5887; x_wconf 79' lang='lat' dir='ltr'><strong>de</strong></span> <span class='ocrx_word' id='word_1_880' title='bbox 3452 5839 3618 5914; x_wconf 33' lang='lat' dir='ltr'><strong>.con-.</strong></span> 
     </span>
    </p>
   </div>
  </div>
