4100 6426
475 401 613 458 1031

1899 379 2146 440 LEONIS
2183 373 2462 433 ALLATII

3607 369 3747 426 1053

472 515 750 572 ciliatione
780 511 942 580 hujus
980 507 1224 579 Catalogi
1256 522 1380 562 cum
1416 505 1431 558 l
1476 506 1807 578 Paralipom.
1845 518 1884 557 ι.
1925 499 2060 566 Quae
2089 507 2136 565 Α
2162 509 2287 549 mus
2333 489 2552 562 epistol.-
2596 487 2702 542 126
2722 485 2790 580 ad
2837 481 3157 556 Evagrium,
3191 483 3574 580 ilippplytum,
3636 484 3750 539 Iro-

475 602 814 660 consuetudo
841 599 1006 655 etiam
1053 600 1108 654 in
1143 598 1470 653 mulieribus
1508 597 1766 651 obtinuit.
1801 593 2051 664 Sequen-

475 691 580 747 dus
615 691 779 762 igitur
827 688 1085 761 Cyrillus,
1134 699 1186 742 et
1235 687 1541 756 Procopius
1593 688 1687 756 qui
1734 687 2050 749 observant,

477 797 677 838 uxores
714 779 879 844 Esau,
929 787 984 834 et
1035 795 1224 834 earum
1265 787 1518 849 parentes
1570 779 1692 834 aliis
1741 777 2055 856 nominibus

475 873 533 928 in
570 873 768 929 Genesi
801 879 856 927 et
902 871 1339 940 Paralipomenis
1383 870 1708 939 nuncupari.
1745 868 1876 936 Quae
1910 869 2056 922 enim

475 965 568 1021 hic
594 964 800 1020 dicitur
826 965 942 1018 Ada
973 963 1081 1017 ﬁlia
1119 962 1271 1016 Elom
1302 962 1529 1025 lletluei,
1559 963 1669 1017 illic
1697 961 1919 1017 Juditha
1951 961 2057 1015 ﬁlia

476 1055 702 1118 Procri;
735 1063 790 1108 et
818 1068 941 1122 quin
973 1052 1080 1105 illic
1115 1051 1401 1106 Basemath
1439 1051 1546 1104 ﬁlia
1593 1049 1765 1116 Elom,
1793 1052 1896 1104 hoc
1938 1051 2058 1105 loco

477 1147 763 1205 Oolibama
817 1147 926 1202 ﬁlia
979 1149 1186 1213 Annae;
1218 1162 1339 1217 quae
1376 1147 1465 1200 hic
1516 1147 1802 1202 Bascmath
1835 1148 1942 1201 ﬁlia
1980 1149 2060 1202 ls-

479 1239 644 1304 mael,
672 1239 784 1292 illic
828 1236 1096 1291 Maheleth
1127 1238 1462 1290 nominatur.
1496 1236 1651 1302 Quod
1687 1237 1762 1292 ita
1791 1239 2061 1294 accidisse

477 1337 535 1385 οι
567 1329 620 1383 in
657 1338 808 1399 patre
830 1329 1036 1398 Moysis
1071 1327 1300 1382 inferius
1330 1329 1664 1383 notabimus.

550 1420 670 1476 Col.
711 1419 832 1483 765,
857 1419 955 1473 lin.
989 1419 1078 1473 54.
1108 1421 1210 1485 Eli:
1242 1420 1307 1473 τὸ
1334 1421 1512 1487 Σηεὶρ
1555 1419 1712 1488 ὄρος.
1749 1417 1867 1475 Non
1893 1421 2063 1477 armis

478 1507 671 1568 Jacobi
705 1520 948 1574 coactus,
983 1509 1079 1564 sed
1114 1511 1186 1564 ita
1234 1509 1344 1564 Deo
1389 1521 1686 1574 annuente,
1716 1523 1908 1581 sponte
1939 1530 2060 1577 sua,

482 1614 544 1659 ut
579 1605 748 1660 libera
795 1601 984 1658 Jacobi
1020 1606 1225 1673 posteri
1253 1606 1561 1659 Chananaea
1587 1606 1917 1674 potirentur.
1952 1606 2066 1660 Dis-

480 1701 726 1751 cesserat
774 1696 926 1765 prius
979 1697 1200 1767 quidem
1251 1697 1395 1752 Esau
1457 1699 1512 1752 in
1563 1697 1719 1763 Seir,
1804 1698 1900 1753 sed
1953 1715 2063 1754 non

481 1787 668 1842 animo
719 1787 878 1858 plane
927 1787 1218 1843 deserendi
1261 1788 1660 1852 Chananaeam,
1709 1803 1880 1859 quare
1935 1803 2061 1843 cum

2159 599 2358 648 meum,
2391 581 2688 636 Eusebium
2734 577 3156 639 Caesariensem,
3194 574 3490 631 Eusebium
3523 574 3749 631 Emese-

2160 691 2312 738 nttm,
2349 673 2769 744 Apollinarium,
2798 669 3166 724 Eustathium.
3199 669 3573 740 Hieronymus
3612 666 3753 722 Tra-

2160 766 2449 820 ditionibus
2489 763 2766 818 Hebraicis
2817 763 2878 815 in
2931 757 3144 824 Genes.,
3188 776 3311 830 cap.
3343 759 3436 822 22,
3467 773 3593 814 eum
3640 772 3749 812 non

2163 860 2231 915 de
2259 875 2455 929 genere
2488 857 2654 920 Esau,
2707 854 2801 910 sed
2833 855 2899 909 de
2951 855 3120 922 stirpe
3170 851 3388 906 Nat-hor
3430 858 3750 922 generatum

2163 953 2463 1015 existimat,
2504 966 2665 1020 quem
2715 951 2961 1017 sequitur
3021 945 3301 1014 Rupertus
3366 945 3461 998 lib.
3498 958 3551 996 γι
3583 944 3749 1002 (loni-

2165 1053 2400 1101 meutar.
2447 1047 2500 1095 in
2543 1039 2755 1104 Genes.,
2789 1037 3031 1092 Historia
3081 1034 3436 1097 Scltolastica,
3484 1049 3605 1104 cup.
3658 1031 3748 1098 58;

2165 1145 2220 1192 et
2252 1135 2537 1205 Philippus
2561 1135 2870 1204 presbyter,
2893 1132 2986 1201 qui
3023 1131 3184 1200 paulo
3209 1136 3328 1197 post
3361 1126 3748 1196 Hieronymum

2168 1228 2393 1297 scripsit
2429 1230 2482 1280 in
2517 1227 2661 1277 hunc
2704 1231 3051 1293 prophetam,-
3092 1219 3171 1274 sic
3223 1219 3339 1272 ait:
3373 1217 3514 1271 (Ilius
3556 1225 3605 1269 et
3639 1213 3750 1270 Bus

2169 1322 2272 1390 ﬁlii
2298 1321 2443 1389 fuere
2474 1317 2692 1371 Nacltor
2725 1316 2912 1386 fratris
2948 1313 3174 1368 Abrahae
3199 1311 3361 1381 juxta
3391 1310 3548 1381 [idem
3585 1307 3752 1362 Cone--

2169 1431 2283 1468 seos
2317 1414 2460 1473 libri,
2488 1412 2598 1464 nati
2629 1410 2692 1463 de
2716 1408 2923 1462 Melo/ta
2961 1423 3145 1462 sorore
3185 1406 3338 1460 Sarw
3363 1421 3381 1458 :
3402 1401 3648 1458 cietlibile
3677 1401 3752 1456 ei-

2170 1505 2282 1558 deri
2307 1523 2372 1574 po
2394 1516 2468 1558 est
2503 1514 2556 1556 ut
2593 1504 2646 1556 in
2674 1513 2813 1555 terra
2844 1517 2960 1571 qua;
2987 1516 3051 1554 ea:
3079 1509 3355 1568 parentum
3377 1497 3584 1550 nomine
3604 1495 3752 1548 dicta

2171 1610 2269 1661 est,
2297 1602 2375 1652 rtr
2406 1599 2494 1650 ille
2529 1605 2742 1648 sanctus
2773 1593 3083 1646 habitaverit
3112 1609 3129 1645 :
3161 1601 3207 1645 et
3253 1606 3365 1644 esse
3391 1589 3541 1642 illum
3575 1588 3749 1656 potius

2172 1690 2235 1744 de
2270 1706 2450 1760 genere
2483 1687 2716 1747 Nae/tor,
2750 1702 2853 1738 non
2881 1684 2944 1738 de
2989 1683 3132 1736 Esau
3167 1681 3366 1750 origine
3395 1689 3747 1745 procreatum,

2175 1783 2307 1837 sicut
2331 1781 2545 1850 quidam
2587 1778 2826 1845 opinione
2853 1776 3014 1828 dubia
3048 1777 3404 1844 suspicantur.
3439 1773 3534 1826 Illi
3567 1779 3746 1824 autem

481 1887 600 1934 tota
631 1879 832 1934 familia
866 1880 1124 1937 redierat.
1174 1879 1280 1935 Sed
1312 1891 1532 1951 propter
1560 1896 1784 1951 gregum
1814 1881 2059 1935 multitu-
2092 1870 2133 1926 Β
2164 1886 2267 1928 tres
2297 1890 2439 1943 reges
2470 1871 2533 1925 de
2569 1887 2750 1940 genere
2789 1871 3000 1937 fuerunt
3041 1867 3208 1922 Esau.
3273 1867 3335 1920 Et
3384 1864 3750 1935 Hieronymus

482 1969 666 2026 dinem
697 1978 752 2025 et
797 1973 1102 2042 angustiam
1148 1987 1478 2042 pascuorum
1525 1981 1731 2027 mutata
1761 1974 2055 2040 sententia,

481 2061 776 2117 revertitur
817 2076 885 2115 eo
945 2060 1090 2116 unde
1131 2068 1376 2116 venerat.
1420 2061 1550 2115 Vide
1592 2061 1820 2131 August.
1866 2069 2058 2129 quiest.

456 2152 610 2208 'il9.

553 2245 671 2300 Col.
707 2243 830 2308 768,
878 2243 976 2297 lin.
1009 2243 1064 2299 6.
1109 2243 1212 2297 Ἐν
1242 2236 1332 2308 οἷς
1360 2238 1440 2310 ἦν
1473 2239 1591 2295 καί.
1627 2239 1920 2312 Iosephus,
1949 2241 2064 2296 An-

485 2340 579 2408 tiq.
613 2338 706 2393 lib.
743 2351 779 2389 ll
807 2356 820 2390 :
851 2336 1160 2407 Ἀμάληκος
1185 2334 1295 2404 γὰρ
1325 2334 1476 2397 νόθος
1507 2330 1573 2406 ἦν
1607 2335 1888 2406 παλλακῆς
1919 2335 2066 2406 αὑτῷ

483 2424 724 2498 γεγονὼς
781 2424 1044 2496 Θαμνάης
1109 2425 1300 2495 ὄνομα.
1363 2419 1539 2478 Οὗτοι·
1583 2423 1910 2495 κατῴκησαν
1967 2426 2067 2496 τῆς

498 2517 804 2589 Ἰδουμαίας
855 2519 953 2590 τὴν
999 2518 1271 2571 Γοϐολῖτιν
1325 2516 1646 2589 λεγομένην,
1680 2520 1776 2571 καὶ
1820 2519 1918 2591 τὴν
1961 2519 2068 2572 ἀπὸ

499 2610 809 2683 Ἀμαλήκου
860 2609 1151 2682 κληθεῖσαν
1193 2609 1564 2680 Ἀμαληκῖτιν.
1607 2611 1786 2682 Πολλὴ
1827 2612 1935 2683 γὰρ
1973 2629 2067 2681 γε-

487 2705 691 2774 νομένη
723 2703 844 2757 τότε
876 2706 909 2774 ἡ
963 2701 1255 2774 Ἰδουμαία,
1284 2702 1404 2756 τότε
1439 2702 1616 2774 πάσης
1657 2704 1826 2774 αὐτῆς
1855 2705 2069 2758 ἀπέσω-

488 2792 584 2860 ζεν
613 2794 801 2868 ὄνομα,
836 2795 930 2850 καὶ
963 2797 1075 2858 τοίς
1128 2794 1318 2866 μέρεσι
1355 2795 1452 2858 τὰς
1493 2795 1602 2848 ἀπὸ
1631 2794 1740 2848 τῶν
1769 2797 2069 2867 οἰκητόρων

489 2887 862 2963 προσηγορίας
888 2885 1196 2954 διεφύλαξε.

562 2979 724 3046 lbid.,
765 2980 862 3033 lin.
901 2978 983 3032 l9.
1022 2980 1128 3044 “oc
1153 2973 1332 3046 εὗρεν
1371 2978 1442 3032 ἐν
1465 2977 1558 3047 τῇ.
1591 2975 1771 3032 Locus
1800 2978 1888 3034 hic
1920 2977 2069 3033 Scri-

491 3081 685 3143 pturae,
715 3070 780 3124 ad
825 3085 984 3140 quem
1028 3070 1268 3138 respexit
1297 3067 1640 3133 Eustathius,
1669 3072 1818 3125 varie
1845 3088 1874 3125 a
1898 3073 2068 3128 variis

491 3161 783 3232 accipitur,
816 3176 917 3216 nec
961 3161 1081 3230 ejus
1111 3162 1381 3216 sententia
1427 3161 1747 3217 difﬁcultate
1774 3164 1922 3220 vocis
1961 3165 2066 3220 Hc-

491 3252 694 3309 braicz
725 3253 913 3308 haberi
957 3259 1172 3323 potest;
1224 3254 1430 3309 relictis
1474 3263 1654 3310 tamen
1700 3255 1932 3310 aliorum
1981 3273 2071 3311 es-

491 3344 897 3416 plicationibus,
945 3360 1066 3414 quae
1115 3345 1280 3399 nimis
1333 3346 1594 3400 audacter
1645 3345 1966 3417 Eugnbinus
2019 3351 2074 3404 in

491 3437 863 3508 recognitione
891 3438 1248 3492 Peutateuchi
1280 3453 1448 3506 super
1480 3439 1626 3493 hunc
1671 3440 1849 3494 locum
1885 3442 2075 3506 tradit,

491 3529 922 3584 animadvertam
957 3546 972 3583 :
1009 3545 1133 3583 eum
1183 3537 1239 3584 et
1290 3531 1704 3602 Hieronymum,
1756 3540 1812 3587 et
1846 3530 2070 3603 Septua-

492 3617 639 3686 ginta
688 3615 1016 3686 lnterpretes
1067 3632 1098 3670 a
1148 3618 1378 3672 veritate
1436 3620 1705 3674 Hebraica
1757 3621 2078 3677 discordare

491 3709 744 3763 allirmat.
781 3707 941 3762 Putat
967 3709 1113 3764 enim
1141 3711 1456 3782 Hieronymi
1483 3718 1746 3782 tempore,
1775 3729 1874 3783 pro
1898 3712 2075 3768 Jemin

492 3800 640 3868 quod
692 3798 964 3869 signiﬁcat
1009 3801 1229 3862 multos,
1286 3803 1525 3864 codices,
1579 3803 1778 3872 quibus
1813 3815 1897 3860 est
1941 3821 2075 3862 usus

495 3890 883 3959 Hieronymus,
936 3891 1194 3948 habuisse
1243 3894 1328 3947 vel
1387 3893 1600 3962 Majim,
1655 3896 1707 3948 id
1754 3905 1836 3950 est
1880 3913 2071 3967 aquas,

494 3980 578 4034 vel
606 3973 808 4040 lamin,
845 3981 897 4034 id
927 3989 1010 4036 est
1045 3983 1238 4036 maria.
1271 3984 1384 4038 Cur
1427 3993 1606 4038 autem
1651 3988 1873 4041 verterit
1904 4005 2075 4058 aquas

493 4071 701 4126 calidas
737 4087 800 4126 ex
834 4073 1060 4127 Hebraeo
1089 4075 1230 4128 ratio
1265 4077 1413 4129 nulla
1454 4075 1605 4131 reddi
1639 4085 1836 4148 potest.
1872 4079 2075 4136 Deinde

492 4159 848 4228 reprehendit
896 4161 1254 4232 Septuaginta
1307 4166 1663 4235 interpretes,
1705 4169 1850 4237 quod
1885 4187 2071 4227 vocem

493 4249 774 4306 llebraeam
823 4252 1024 4320 Jemin,
1070 4257 1296 4325 perinde
1327 4259 1484 4326 quasi
1535 4270 1683 4315 esset
1716 4277 1914 4316 nomen
1956 4280 2078 4333 pro-

493 4344 671 4412 prium
697 4343 933 4413 alicujus
962 4345 1226 4409 hominis,
1261 4355 1320 4400 ut
1346 4355 1428 4400 est
1453 4344 1646 4414 Iacob,
1679 4357 1733 4404 et
1763 4351 1937 4415 Isaae,
1987 4353 2073 4407 hic

494 4433 840 4496 retinuerint,
866 4435 940 4487 ita
965 4435 1256 4491 reddentes
1279 4441 1424 4492 hunc
1455 4438 1631 4492 locum
1659 4436 1801 4494 :Iste
1828 4451 1906 4495 est
1930 4441 2069 4508 Ana,

2163 1967 2330 2021 tradit
2366 1965 2610 2035 Eliphaz,
2671 1980 2829 2034 quem
2860 1965 2972 2016 Atla
3005 1963 3210 2032 peperit
3238 1959 3401 2024 Esau,
3440 1957 3592 2011 illum
3628 1969 3752 2011 esse

2163 2059 2323 2128 cujus
2350 2059 2593 2113 meminit
2639 2057 2754 2125 ipse
2798 2053 2922 2118 Job,
2952 2055 3096 2124 quod
3137 2054 3182 2107 si
3214 2054 3286 2107 ita
3321 2063 3424 2118 est,
3460 2066 3584 2106 cum
3615 2065 3748 2120 pro-

2164 2149 2454 2219 nepotibus
2475 2147 2703 2201 Abrahae
2726 2143 2921 2199 Jobum
2951 2145 3151 2199 vixisse
3174 2159 3397 2198 necesse
3425 2150 3528 2196 est.
3553 2142 3736 2201 Philo.

2167 2239 2390 2303 Suidas,
2435 2251 2488 2294 et
2539 2239 2901 2309 Paraphrasis
2933 2238 3227 2292 Cbaldaica
3255 2251 3514 2307 generum
3557 2233 3752 2290 Jacobi

2167 2331 2376 2386 faciunt
2412 2348 2478 2386 ex
2504 2329 2639 2384 Dina
2673 2345 2864 2384 uxore.
2899 2329 3254 2399 Septuaginta
3288 2328 3498 2381 malunt
3526 2342 3648 2381 esse
3681 2340 3748 2380 ex

2168 2423 2404 2494 posteris
2431 2424 2680 2486 Abrahze,
2723 2431 2979 2492 quartum
3027 2420 3097 2474 ab
3150 2418 3314 2474 Esau.
3347 2417 3644 2488 Cajetanus
3688 2418 3747 2472 in

2169 2517 2403 2587 primum
2430 2525 2594 2586 caput
2621 2515 2723 2570 Job
2752 2515 2820 2570 de
2853 2515 3024 2584 stirpe
3053 2513 3172 2583 ejus
3209 2513 3343 2567 nihil
3377 2520 3586 2567 certum
3625 2525 3752 2567 esse

2170 2609 2385 2663 statuit.

2240 2697 2405 2761 Ibid,
2441 2696 2537 2751 lin.
2577 2694 2668 2750 54.
2695 2697 2761 2748 0i
2784 2691 2853 2747 δὲ
2891 2693 3006 2749 vlol
3049 2693 3263 2751 Ἰακώϐ.
3296 2692 3547 2750 Justinus
3577 2692 3752 2748 histo-

2169 2792 2320 2845 ricus
2355 2790 2450 2845 lib.
2485 2805 2672 2850 xxxvi,
2708 2788 2990 2842 historiam
3040 2784 3264 2857 Josephi
3328 2787 3566 2841 breviter
3595 2799 3755 2840 enar-

2170 2896 2299 2935 rans
2331 2879 2522 2934 scribit
2546 2897 2558 2933 :
2581 2877 2683 2934 Sed
2716 2876 2974 2932 Israelem
3003 2877 3132 2946 fetia:
3160 2878 3334 2932 decem
3362 2879 3595 2946 ﬁliorum
3629 2893 3751 2945 pra-

2171 2979 2349 3026 ucntus
2416 2969 2710 3040 majoribus
2781 2969 2892 3022 suis
2965 2969 3244 3023 clariorem
3301 2969 3444 3038 fecit.
3508 2966 3753 3038 Namque

2169 3065 2416 3134 populum
2444 3065 2496 3117 in
2527 3064 2702 3118 decem
2737 3079 2896 3132 regna
2927 3061 3154 3114 divisum
3188 3061 3411 3114 tradidit
3442 3061 3594 3128 ﬁliis,
3631 3076 3743 3113 om-

2130 3215 2138 3226 _
2175 3171 2362 3226 nosque
2391 3169 2454 3208 ea:
2479 3155 2686 3208 nomine
2721 3152 2900 3216 ludia,
2932 3152 3020 3220 qui
3049 3161 3164 3219 post
3193 3152 3501 3204 divisionem
3534 3167 3755 3204 recesse-

2181 3258 2286 3312 rat,
2319 3247 2537 3302 Judazos
2568 3246 2872 3315 appellavit;
2906 3244 3105 3312 colique
3149 3243 3263 3312 ejus
3292 3244 3597 3296 memoriam
3640 3259 3755 3295 om-

2179 3341 2330 3394 nibus
2351 3340 2534 3408 jussit.
2570 3338 2701 3408 Ejus
2740 3336 2912 3405 portio
2943 3335 3184 3389 omnibus
3221 3344 3535 3389 accesserat.
3587 3331 3756 3386 Mini-

2178 3451 2294 3488 mus
2329 3442 2484 3486 wtatc
2522 3433 2656 3484 inter
2688 3430 2880 3500 fratres
2907 3427 3103 3497 Joseplt
3137 3429 3280 3497 fuit:
3316 3429 3465 3496 cujus
3495 3428 3755 3481 excellens

2176 3527 2440 3596 ingenium
2485 3524 2635 3578 veriti
2669 3523 2886 3590 fratres,
2918 3523 3055 3576 clam
3097 3523 3436 3588 interceptum
3470 3520 3756 3589 peregrinis

2179 3617 2555 3671 mercatoribus
2608 3614 2969 3670 rendidernnt.
3007 3614 3051 3666 Α
3097 3615 3286 3684 quibus
3340 3614 3646 3680 deportatus
3698 3611 3758 3666 in

2179 3709 2506 3780 .‘Egyptum,
2554 3723 2673 3761 cum
2721 3708 2956 3777 magicas
3002 3706 3075 3759 ibi
3121 3714 3263 3759 artes
3317 3704 3502 3758 solerti
3547 3703 3759 3773 ingenio

2175 3803 2507 3871 percepisset,
2559 3801 2698 3854 brevi
2745 3801 2847 3870 ipsi
2895 3800 3002 3870 regi
3036 3799 3321 3870 percharus
3351 3796 3473 3865 fuit.
3524 3795 3668 3850 Nam
3706 3804 3758 3851 et

2175 3895 2538 3965 prodigiorum
2593 3895 2970 3964 sagacissimus
3006 3899 3142 3956 erat,
3195 3899 3245 3943 et
3289 3890 3613 3944 somniorum
3643 3890 3760 3959 pri-

2177 4001 2292 4037 mus
2321 3983 2722 4053 intelligentiam
2747 3983 3020 4042 condidit;
3051 3979 3282 4049 nihilque
3304 3980 3465 4032 divini
3483 3979 3625 4047 juris
3657 3979 3758 4032 Itu-

2168 4078 2420 4146 maniquc
2448 4080 2494 4130 ei
2523 4077 2843 4146 incognitum
2884 4074 3176 4134 videbatur,
3219 4082 3353 4135 etc.,
3396 4071 3492 4127 sed
3525 4071 3614 4126 hic
3657 4087 3757 4127 au-

2172 4180 2292 4243 ctor
2324 4171 2376 4223 in
2409 4171 2597 4239 paucis
2628 4169 2808 4223 verbis
2846 4166 3015 4219 multa
3044 4165 3304 4235 pec-cavit.
3340 4163 3584 4220 Fuerunt
3608 4166 3756 4220 enim

2173 4265 2267 4319 [lii
2306 4261 2474 4316 Jacub
2502 4260 2789 4314 duodecim
2838 4265 3034 4327 prieter
3063 4271 3224 4310 unam
3271 4256 3553 4313 feminam.
3599 4256 3758 4312 Min'o

2175 4369 2296 4407 mus
2332 4359 2496 4405 natus
2545 4357 2664 4404 erat
2711 4347 3017 4416 Bcnjamin,
3064 4362 3174 4402 non
3215 4345 3438 4418 Joseph.
3474 4345 3675 4417 Joseph
3722 4362 3756 4402 α

2174 4441 2399 4512 magicis
2425 4438 2638 4493 artibus
2669 4451 2968 4505 earumque
2996 4437 3176 4491 studio
3215 4438 3506 4507 plurimum
3545 4438 3756 4505 abfuit;

491 4525 584 4598 qui
611 4526 804 4582 inuenit
854 4524 1040 4582 lamin
1087 4529 1141 4583 in
1182 4528 1409 4593 deserto,
1431 4530 1642 4600 quando
1687 4533 1930 4601 pascebat
1976 4535 2044 4604 ju
2105 4555 2145 4608 ι)
2178 4533 2271 4587 sed
2310 4533 2546 4602 Spiritus
2580 4529 2754 4585 sancti
2812 4529 3075 4599 peculiari
3111 4531 3346 4600 quadam
3380 4533 3555 4601 gratia
3583 4529 3759 4586 dona-

493 4626 672 4672 mnta
701 4619 871 4688 patris
901 4620 1021 4686 sui;
1046 4636 1187 4691 quos
1214 4631 1437 4677 secutus
1461 4620 1772 4677 Eustathius
1798 4627 1936 4680 idem
1973 4626 2075 4680 hoc

493 4707 552 4762 in
585 4707 704 4762 loco
737 4711 998 4765 retinens.

565 4801 726 4867 lbid.,
776 4803 870 4857 lin.
917 4802 994 4856 ιϐ.
1030 4804 1170 4857 Μεθ’
1201 4803 1274 4857 ὃν
1319 4804 1530 4860 ’1ω6ιὶ6.
1557 4803 1732 4861 Jobab
1770 4807 1837 4862 de
1882 4823 1991 4877 quo
2019 4809 2078 4863 lit

494 4893 586 4951 hic
607 4895 832 4960 mentio,
863 4892 1063 4950 Jobum
1100 4895 1270 4950 fuisse
1304 4899 1460 4950 multi
1490 4897 1857 4965 tradiderunt,
1891 4916 2074 4970 quam-

494 4985 580 5044 vis
607 4986 920 5058 oppositum
950 4986 1220 5043 aﬂirment
1241 4986 1511 5059 Lyranus,
1541 4997 1595 5046 et
1625 4987 1895 5056 Oieaster,
1920 5007 2070 5047 eum-

492 5092 603 5148 que
639 5077 812 5133 fuisse
852 5093 960 5132 non
1014 5078 1185 5132 ﬁliutn
1236 5077 1402 5143 Esau,
1454 5087 1512 5133 ut
1563 5081 1749 5136 retulit
1787 5079 2073 5141 Aristmus.

491 5171 590 5242 qui
616 5167 930 5226 Judzorum
963 5170 1253 5226 historiam
1305 5173 1532 5244 scripsit
1583 5173 1728 5244 apud
1782 5172 2076 5228 Eusebium

491 5263 1021 5327 Casariensemdib.
1057 5280 1109 5318 Ix
1141 5264 1219 5318 De
1247 5269 1633 5335 pra-paratione
1665 5265 2074 5337 Erangel.,cap.

497 5352 715 5419 ultim.,
753 5353 848 5408 sed
881 5369 946 5410 ex
1001 5354 1172 5426 stirpe
1203 5361 1258 5411 et
1309 5358 1567 5427 progenie
1615 5356 1780 5420 Esau,
1828 5358 2078 5412 scribunt

494 5447 831 5502 Athanasius
885 5446 943 5503 ir.
989 5448 1240 5518 synopsl,
1273 5447 1707 5518 Cbrysostoaius
1749 5448 1896 5501 hom.
1925 5446 1962 5502 2
2003 5447 2078 5502 De

495 5540 717 5607 patient.
752 5537 879 5604 Job,
909 5541 1249 5611 Augustinus
1281 5541 1379 5596 lib.
1411 5557 1545 5596 xvttt
1581 5539 1656 5595 De
1705 5542 1918 5596 civitate
1959 5540 2077 5606 Dei,

497 5643 618 5700 cap.
653 5631 744 5686 47.
781 5632 926 5686 ldem
963 5635 1131 5689 sentit
1178 5641 1234 5689 et
1283 5633 1658 5689 Theodoretus
1687 5634 1977 5705 quaestion.
2011 5633 2081 5687 92

497 5719 556 5775 in
584 5719 714 5778 Gen.
743 5731 797 5778 et
825 5723 1124 5795 Gregorius
1153 5726 1389 5796 Magnus
1416 5727 1574 5780 initio
1621 5726 1994 5782 Commentar.
2026 5727 2082 5780 in

496 5808 621 5869 Job.
659 5811 754 5869 llis
786 5815 1034 5884 patribus
1063 5815 1223 5881 adde,
1260 5824 1314 5870 et
1334 5832 1472 5890 quos
1501 5829 1786 5873 enumerat
1813 5818 2081 5890 Hierony-

2180 4634 2266 4681 tus
2296 4624 2386 4677 illa
2421 4624 2603 4679 omnia
2638 4623 2955 4692 perfecerat.

2250 4713 2406 4776 lbid.,
2440 4713 2535 4766 lin.
2570 4713 2659 4765 '57.
2710 4709 2794 4777 Τῷ
2822 4709 3158 4781 Πενταςςρῇ.
3200 4709 3460 4781 Principi,
3495 4725 3592 4766 seu
3619 4726 3760 4781 prte-

2179 4807 2321 4860 fecto
2341 4819 2666 4874 coquorum.
2703 4801 2780 4856 lta
2815 4801 2972 4856 Philo
2994 4804 3087 4859 lib.
3115 4802 3190 4857 De
3215 4802 3457 4872 Joseph.;
3485 4800 3760 4874 Iosephus

2178 4898 2273 4953 lib.
2303 4912 2320 4952 ι
2348 4897 2688 4967 Ληιὶᾳιιίιαι.,
2719 4896 3042 4951 Ambrosius
3067 4895 3158 4951 lib.
3191 4895 3270 4950 De
3293 4895 3532 4965 Josep/t.,
3557 4905 3611 4952 et
3642 4897 3756 4952 alii.

2177 4990 2435 5047 Nonnulli
2465 5003 2651 5045 vocem
2700 4989 3024 5045 llebraicam
3061 4991 3370 5060 signiﬁcare
3407 4991 3758 5062 prepositum

2179 5084 2386 5139 militia:
2411 5080 2774 5138 tradiderunt.
2799 5082 2904 5136 Alii
2932 5089 3246 5154 utrumque.
3268 5084 3542 5148 Pererius,
3573 5098 3643 5139 ne
3659 5083 3760 5140 Sc-

2183 5175 2461 5248 ptuaginta
2491 5175 2822 5244 lnterpretes
2850 5174 2923 5228 ita
2952 5174 3240 5229 reddentes
3263 5190 3480 5230 errasse
3507 5177 3759 5232 videren-

2179 5276 2290 5333 tur,
2324 5266 2399 5319 ait
2431 5265 2829 5337 ἀρχιμάγειρον
2861 5266 3045 5320 omnia
3100 5266 3214 5320 haec
3263 5267 3592 5335 siguilicare.
3648 5267 3759 5323 Sed

2179 5375 2303 5414 cum
2361 5357 2696 5413 audiamus:
2729 5356 2920 5426 Dices,
2972 5357 3111 5429 Ergo
3171 5357 3515 5429 Septuaginta
3584 5359 3760 5415 lntero

2181 5459 2349 5518 prem
2403 5459 2651 5505 errarunt
2701 5451 2798 5504 hoc
2855 5451 2991 5512 loco,
3031 5452 3120 5522 qui
3179 5461 3442 5505 verterunt
3492 5454 3761 5507 archima-

2181 5544 2330 5612 giro,
2386 5541 2442 5596 id
2501 5551 2612 5609 est,
2684 5545 2910 5613 principi
2970 5545 3300 5613 equorum?
3365 5543 3587 5600 Minime
3615 5561 3756 5600 vero.

2186 5635 2329 5689 Nam
2387 5650 2487 5691 vos
2531 5635 2926 5707 archimagiros
2981 5638 3188 5707 proprie
3243 5638 3506 5708 signiﬁcat
3550 5639 3762 5710 princio

2185 5743 2308 5800 pem
2355 5727 2665 5784 occisorum
2714 5746 2729 5781 :
2773 5730 3155 5801 μαγειρεύειν,
3233 5731 3420 5801 quippe
3482 5731 3765 5799 interprete

2191 5819 2538 5891 Hieronymo,
2584 5819 2775 5880 Latins
2828 5831 2905 5877 est
2945 5823 3214 5880 occidere.
3278 5822 3382 5878 Sed
3434 5839 3617 5881 nomen
3667 5837 3760 5878 oc-
