4100 6414
423 341 563 398 ἰυΣῦ

1411 338 1478 392 IN
1520 337 1891 394 ECSTATHII
1925 338 2400 393 HEXAEMERON
2442 337 2677 394 NOTAE.

3549 339 3689 394 ιοδιι

419 459 653 510 cisorum
709 456 978 526 trifariam
1035 465 1204 526 potest
1257 455 1502 526 intelligi.
1561 455 1654 512 Vel
1700 461 1838 512 enim
1880 470 1993 512 sunt

2104 461 2340 527 γυναῖκα
2368 457 2505 529 ἔχων
2531 455 2617 509 διὰ
2637 456 2737 526 τὴν
2777 454 3009 510 εὔνοιαν.
3041 455 3240 512 Notum
3272 466 3357 514 est
3387 458 3528 514 inter
3565 475 3690 530 spa-

419 549 677 602 occisores
740 548 1011 604 hominum
1060 551 1115 603 in
1167 549 1336 614 bello,
1382 550 1563 622 quales
1611 561 1734 604 sunt
1788 552 2004 617 milites,

424 654 471 695 et
491 641 556 699 .in
587 642 723 694 hanc
760 644 1107 706 sententiam,
1153 641 1376 695 Latinus
1405 644 1655 710 interpres
1697 645 1846 697 vertit
1892 662 2009 699 ma-

421 735 588 804 gistro
624 734 890 798 militum;
927 735 1004 788 vel
1043 743 1166 788 sunt
1201 735 1457 790 occisores
1497 735 1765 790 hominum
1795 749 2008 806 propter

421 842 602 879 eorum
625 827 872 888 crimina,
901 836 1154 894 tanquam
1189 827 1411 898 publica:
1427 828 1654 897 justitite
1679 830 2002 897 administri,

421 927 770 981 exsecutores,
803 935 962 988 quam
997 921 1483 989 interpretationem
1528 923 1693 974 secuti
1734 932 1855 976 sunt
1897 921 2006 976 He-

421 1007 552 1060 brcvi
581 1017 630 1061 et
666 1008 820 1062 multi
858 1013 921 1063 de
957 1012 1155 1065 nostris
1189 1026 1351 1077 supra
1405 1013 1725 1076 memorati;
1774 1013 1850 1067 vel
1881 1025 2004 1068 sunt

422 1102 683 1155 occisores
723 1101 1042 1155 animalium
1073 1102 1142 1156 ad
1174 1103 1524 1170 coquendunt,
1553 1113 1602 1156 et
1627 1105 2002 1160 comedendum

422 1205 479 1249 ut
514 1205 637 1250 sunt
671 1195 826 1258 lanii,
866 1207 914 1250 et
942 1198 1095 1266 coqui
1122 1213 1140 1250 :
1167 1199 1252 1250 cui
1277 1201 1588 1267 expositioni
1642 1198 1818 1265 Philo,
1849 1197 2003 1253 loseo

422 1286 578 1360 phus,
614 1297 661 1341 et
693 1287 1006 1342 Ambrosius
1043 1291 1363 1345 institerunt.
1431 1292 1563 1346 Cum
1597 1293 1761 1362 igitur
1786 1308 1885 1345 voa:
1911 1308 2001 1345 ar-

431 1380 772 1450 chimagiros.
819 1397 922 1450 qua
971 1383 1053 1434 usi
1082 1392 1205 1435 sunt
1263 1381 1610 1454 Septuaginta
1659 1383 1997 1453 Interpretes,

428 1481 532 1525 tres
569 1474 701 1525 istas
729 1471 1146 1541 signiﬁcationes
1197 1483 1247 1527 et
1291 1476 1750 1546 interpretationes
1795 1477 1996 1545 capiat,

423 1563 710 1617 translatio
763 1563 1109 1636 Septuaginta
1149 1563 1506 1634 Interpretum
1543 1567 1754 1621 lectioni
1801 1578 1998 1622 nostra:

423 1654 629 1710 Latina:
659 1658 836 1726 aptari
865 1658 1288 1713 commodissime
1330 1669 1528 1728 potest;
1583 1663 1874 1730 prcesertim
1903 1679 2000 1715 au-

421 1756 524 1799 tem
558 1765 676 1800 cum
705 1758 920 1802 sanctus
961 1747 1316 1818 Hieronymus
1346 1751 1585 1819 aﬂirmet,
1615 1752 1995 1822 archimagiros

419 1855 512 1905 pro
543 1841 812 1909 magistris
844 1843 1104 1895 exercitus
1157 1843 1213 1895 in
1264 1843 1525 1912 plerisque
1581 1843 1712 1898 locis
1763 1845 1996 1898 divinam

419 1928 750 2000 Scripturam
780 1950 1210 1988 commemorare.
1243 1931 1348 1989 Sed
1375 1935 1600 1990 dubium
1628 1932 1806 1990 adhuc
1828 1953 1998 1992 rema-

420 2031 512 2075 net
542 2037 650 2076 non
695 2025 1183 2089 contemnendum,
1242 2026 1497 2096 princeps
1553 2027 1641 2082 hic
1693 2027 1996 2087 Pharaonis

417 2115 535 2170 sive
599 2115 890 2185 praefectus
951 2116 1261 2170 divinarum
1323 2119 1624 2173 litterarum
1680 2122 1996 2180 testimonio

417 2205 807 2261 dicituriuisse
839 2207 1148 2272 eunuchus,
1173 2215 1228 2263 et
1249 2224 1311 2262 ea
1344 2221 1426 2264 est
1445 2213 1751 2267 communis
1774 2212 1995 2268 Patrum

421 2295 627 2362 Opinio,
662 2295 755 2365 qui
787 2297 840 2350 id
876 2296 990 2352 ﬁeri
1023 2299 1218 2368 potuit,
1250 2309 1309 2353 ut
1340 2316 1564 2356 uxorem
1596 2302 1868 2369 habuerit,
1899 2321 1989 2360 cu-

415 2383 502 2455 ius
527 2384 668 2441 ﬁctis
689 2386 1168 2444 criminationibus
1193 2387 1468 2460 Josephus
1493 2393 1547 2445 in
1579 2407 1852 2450 carcerem
1880 2404 1997 2450 tru-

414 2479 582 2543 ditur,
619 2481 849 2550 vitaeque
885 2483 1119 2551 propria:
1159 2485 1466 2552 periculum
1501 2486 1666 2542 subit.
1698 2486 1874 2544 Taceo
1908 2489 1996 2543 hic

413 2566 765 2624 Hebraeorum
823 2588 1018 2642 nugas,
1067 2576 1160 2643 qui
1199 2570 1270 2629 'eo
1309 2575 1539 2631 inscitiae
1588 2595 1904 2649 pervenere,
1936 2589 1995 2636 ut

413 2665 662 2720 dicerent
724 2667 1027 2737 principem
1075 2668 1223 2724 hunc
1273 2671 1422 2725 nullo
1475 2672 1637 2727 modo
1680 2675 1992 2728 eunuchum

415 2757 605 2820 fuisse,
640 2759 735 2812 sed
761 2761 1029 2830 integrum
1053 2762 1310 2817 omnibus
1337 2765 1452 2820 suis
1480 2765 1739 2821 membris
1768 2783 1992 2822 uxorem

412 2848 655 2912 duxisse,
687 2866 813 2904 cum
844 2867 951 2922 qua
993 2851 1226 2908 feliciter
1263 2855 1616 2925 jucundeque
1673 2857 1838 2910 vitam
1891 2857 1996 2912 du-

412 2942 590 2996 cebat.
629 2940 826 2998 Verum
853 2945 1018 3014 empti
1043 2942 1266 3015 Iosephi
1298 2946 1495 3000 blanda
1521 2945 1855 3017 pulchraque
1884 2947 1994 3000 fur-

411 3048 500 3088 ma
529 3035 842 3106 pellectum,
876 3037 1065 3091 nescio
1097 3036 1228 3106 quid
1254 3041 1308 3090 in
1342 3039 1518 3106 ipsum
1549 3035 1844 3107 Josephum
1877 3047 1995 3093 ten-

413 3133 579 3189 tasse,
639 3127 869 3198 ideoque
912 3129 1065 3198 jusw
1109 3129 1200 3182 Dei
1241 3129 1448 3198 judicio
1492 3131 1544 3184 in
1603 3147 1816 3200 poenam
1859 3135 1991 3187 tanti

411 3218 638 3271 sceleris
671 3217 937 3272 membris
987 3217 1096 3271 illis
1137 3217 1295 3286 quasi
1343 3217 1653 3271 eunuchum
1688 3217 1859 3272 fuisse
1895 3219 1997 3272 im-

411 3310 677 3378 peditum,
725 3308 956 3378 ideoque
1005 3323 1034 3360 a
1090 3308 1376 3377 Scriptura
1424 3308 1738 3362 eunuchum
1787 3309 1992 3372 vocari,

408 3399 627 3454 etiamsi
673 3400 900 3454 haberet
940 3413 1190 3453 uxorem.
1257 3398 1491 3464 Quidam
1533 3394 1825 3464 dixerunt,
1875 3415 1998 3452 mu-

407 3491 596 3545 lierem
635 3491 781 3544 illam
814 3508 922 3545 non
953 3491 1122 3546 fuisse
1151 3506 1398 3554 uxorem,
1435 3490 1529 3545 sed
1567 3499 1776 3544 tantum
1809 3505 1994 3544 rerum

406 3583 831 3636 domesticarum
860 3598 1049 3636 curam
1092 3584 1348 3651 gessisse.
1391 3582 1645 3647 Quidam,
1684 3582 1784 3636 etsi
1819 3597 1994 3637 eunu-

405 3677 593 3740 chum,
667 3676 759 3730 illa
822 3684 1003 3730 tamen
1069 3675 1296 3729 muliere
1345 3685 1602 3744 tanquam
1656 3689 1824 3729 uxore
1862 3675 1994 3743 legi-

405 3771 540 3824 tima
589 3786 772 3825 usum.
833 3768 1158 3824 Theodorus
1205 3767 1408 3822 Catena
1463 3769 1516 3821 in
1559 3765 1835 3820 Genesim:
1867 3766 1992 3828 Πῶς

402 3861 658 3932 εὐνοῦχος
696 3860 770 3916 ὢν
798 3863 826 3914 6
850 3861 1248 3932 άρχιμάγειρος
1287 3862 1521 3929 γυναῖκα
1555 3854 1700 3928 εἷχε;
1741 3857 1992 3911 Μάλιστα

406 3955 505 4025 μὲν
540 3951 633 4008 οὖν
667 3956 761 4008 καὶ
805 3957 930 4019 τοὺς
975 3953 1266 4024 εὐνούχους
1293 3953 1543 4015 καὶτοὺς
1586 3950 1845 4022 ἐκτομίας
1887 3953 1990 4020 ὁμ-

399 4047 635 4118 ωνύμως
663 4046 918 4100 καλοῦσιν
937 4063 950 4076 ·
977 4045 1127 4099 οὐδὲν
1153 4045 1209 4097 δὲ
1237 4041 1304 4116 ἦν
1341 4044 1588 4107 ἀπεικὸς,
1618 4044 1712 4096 κα)⁸
1737 4041 1989 4112 εὐνοῦχον

397 4139 531 4193 ὄντα
559 4142 794 4208 γυναῖκα
828 4139 968 4209 ἔχειν
996 4141 1054 4191 ὲν
1083 4140 1148 4209 τῇ
1175 4137 1350 4209 οἰκείᾳ
1383 4136 1491 4189 τῶν
1514 4135 1661 4188 ἔνδον
1695 4134 1988 4205 ἐπιμελου-

397 4230 575 4302 μένην
608 4230 969 4300 πραγμάτων.
1024 4228 1296 4283 Diodorus
1334 4227 1534 4282 ibidem
1564 4243 1579 4277 :
1621 4226 1766 4290 Πῶς,
1801 4224 1988 4279 εὐνοῦ-

391 4337 497 4391 χον
525 4316 661 4373 εἶναι
696 4321 876 4391 φήσας
909 4320 1002 4373 τὸν
1025 4319 1331 4391 Πετεφρῆν,
1352 4321 1585 4388 γυναῖκα
1617 4317 1805 4371 τοῦτον
1833 4313 1987 4370 εἶπεν
2019 4310 2030 4321 ’

392 4413 578 4485 Exsul;
621 4407 789 4482 Οἶμαι
813 4412 994 4464 τοίνυν
1025 4410 1135 4480 ἐγὼ
1167 4411 1276 4464 τῶν
1303 4409 1398 4463 δύο
1426 4409 1486 4461 τὸ
1515 4409 1723 4480 ἕτερον,
1751 4407 1784 4478 ἦ
1812 4407 1900 4461 διὰ
1926 4406 1985 4461 τὸ

2109 549 2303 604 donem
2339 558 2392 604 et
2425 549 2736 603 eunuchum
2776 547 3109 616 discrimen;
3141 551 3428 606 eunuchus
3461 567 3605 606 ennn
3643 553 3690 609 is

2107 641 2334 704 dicitur,
2366 641 2458 711 qui
2489 639 2804 694 necessaria
2844 639 2911 694 ad
2945 643 3314 710 generandum
3347 651 3500 712 parte
3527 641 3692 697 diuti-

2105 738 2274 784 nutus
2302 738 2405 791 est,
2459 733 2573 785 sive
2623 728 2948 783 naturaliter
3001 729 3074 783 ita
3113 743 3413 801 prognatus
3443 733 3538 795 sit,
3574 735 3692 789 sive

2105 831 2232 876 ante
2255 821 2596 890 pubertatem
2630 822 2872 876 excisus.
2907 819 3089 890 Spado
3120 832 3223 886 est,
3255 827 3349 894 qui
3380 825 3690 880 valetudine

2105 912 2288 982 aliqua
2337 913 2539 968 vitiove
2578 913 2827 982 corporis
2863 914 3123 984 praeditus
3157 930 3418 984 generare
3451 931 3562 970 non
3588 930 3687 985 po-

2104 1014 2232 1060 test.
2283 1006 2517 1075 ldeoque
2579 1007 2850 1075 spadones
2900 1007 3150 1077 ad0ptari
3209 1019 3470 1080 possunt,
3533 1019 3686 1080 post-

2103 1099 2440 1169 humumque
2467 1099 2736 1153 haeredem
2765 1100 3027 1164 scribere,
3048 1102 3287 1155 eunuchi
3325 1102 3439 1157 sive
3459 1106 3686 1160 castrati

2101 1206 2208 1245 non
2237 1199 2468 1260 poswnt
2493 1208 2507 1257 ;
2539 1191 2593 1245 hi
2627 1207 2862 1262 namque
2889 1195 3113 1271 omnino
3135 1209 3399 1263 generare
3419 1211 3526 1249 non
3559 1212 3687 1267 pos-

2104 1292 2270 1350 sunt;
2307 1284 2383 1336 illi
2427 1283 2851 1354 impedimentis,
2895 1285 3095 1354 quibus
3141 1289 3423 1358 temporali
3479 1291 3687 1344 sterili-

2101 1383 2212 1429 tate
2239 1375 2512 1437 laborant,
2540 1376 2774 1440 liberati,
2808 1386 3056 1446 possunt.
3087 1377 3201 1433 Iloc
3238 1380 3291 1433 in
3314 1381 3491 1451 legum
3522 1398 3686 1453 syno-

2100 1467 2182 1536 psi
2211 1467 2277 1520 ad
2302 1466 2622 1522 Michaelem
2657 1468 2860 1521 Ducam
2888 1471 3092 1538 optime
3121 1472 3374 1526 versibus
3413 1476 3685 1543 expressit

2102 1559 2329 1615 Michael
2363 1558 2596 1624 Psellus,
2628 1575 2840 1627 eorum,
2871 1561 2999 1631 quia
3033 1561 3213 1618 adhuc
3246 1565 3422 1618 lucem
3462 1581 3572 1620 non
3601 1566 3686 1619 vi-

2099 1652 2315 1713 derunt,
2350 1654 2562 1722 capiant
2596 1653 2727 1707 mihi
2773 1653 2904 1706 fecit
2937 1654 3018 1708 vir
3054 1656 3379 1710 saeculorum
3419 1657 3702 1712 memoria-

2098 1746 2452 1816 diguissimus
2492 1744 2821 1801 Franciscus
2850 1745 3158 1803 Bartolinus
3192 1764 3206 1803 :

2102 1855 2411 1932 Eoroaxoc
2449 1857 2701 1932 σπάδων
2731 1859 2979 1914 δύναται
3011 1861 3296 1932 υιοθετεῖν
3323 1881 3423 1917 και
3465 1866 3685 1932 μόνονε

2108 1927 2285 2001 Τοῦτο
2315 1929 2423 1998 γὰρ
2454 1930 2850 2001 ἀπητόρευται
2878 1931 3253 2000 καστράτοις,
3279 1935 3374 1986 καὶ
3405 1927 3680 2001 θλιόίαις.

2113 1998 2174 2051 '0
2199 1997 2309 2067 γάρ
2338 2015 2427 2052 τοι
2466 1999 2718 2053 σπάδων
2755 2000 3003 2055 δύναται
3026 1997 3469 2072 ’παιδοποιῆσαι
3505 1997 3680 2076 τάχα.

2101 2113 2274 2168 Porro
2306 2115 2609 2184 spadonum
2665 2124 2718 2171 et
2768 2116 3145 2172 eunuchorum
3188 2119 3478 2187 appellatio
3509 2121 3680 2177 inter-

2101 2206 2229 2261 dum
2277 2209 2547 2276 generalis
2599 2216 2715 2271 est,
2765 2223 2872 2278 qua
2917 2223 3080 2263 omne
3123 2226 3295 2279 genus
3341 2211 3676 2269 eviratorum

2101 2299 2433 2352 continetur.
2454 2298 2636 2365 Quare
2655 2314 2941 2368 possemus
2962 2301 3163 2365 dicere,
3181 2302 3480 2372 principem
3507 2304 3674 2370 hunc.

2100 2387 2202 2442 etsi
2233 2399 2460 2442 vocatur
2479 2391 2785 2454 eunuchus,
2816 2390 3114 2460 Spadonem
3145 2393 3333 2456 fuisse,
3359 2403 3413 2447 et
3447 2409 3674 2449 uxorem

2101 2479 2325 2536 duxisse
2375 2489 2665 2551 antequam
2715 2497 2842 2551 pars
2876 2482 2967 2537 illa
3003 2485 3253 2554 corporis
3307 2485 3673 2554 funeraretur,

2101 2589 2224 2628 cum
2251 2590 2358 2644 qua
2391 2583 2579 2644 postea
2625 2574 2792 2628 vitam
2825 2577 3180 2647 transigebat.
3218 2576 3462 2634 Isidorus
3496 2579 3676 2651 Orig.,

2101 2663 2176 2717 lib
2223 2680 2278 2727 χ,
2330 2664 2491 2717 tradit
2530 2665 2907 2719 cuimchorum
2946 2667 3215 2736 quosdam
3252 2669 3420 2733 coire,
3469 2670 3567 2725 sed
3596 2679 3679 2725 ta-

2100 2769 2224 2808 men
2265 2753 2517 2807 virtutem
2569 2755 2624 2807 in
2673 2758 2881 2810 semine
2931 2757 3138 2812 nullam
3189 2775 3357 2814 esse:
3397 2758 3680 2831 Liquorem

2098 2848 2234 2898 enim
2261 2845 2449 2899 habent
2495 2855 2544 2900 et
2573 2848 2840 2912 emittunt,
2896 2849 2986 2903 sed
3021 2851 3089 2903 ad
3115 2853 3429 2922 gignendum
3468 2856 3680 2910 inanem

2100 2949 2254 3011 atque
2282 2939 2600 2994 invalidum.
2648 2939 2873 2996 Possem
2919 2942 3048 2998 item
3084 2946 3221 2999 alias
3247 2947 3413 3016 hujus
3442 2949 3684 3019 explica-

2099 3033 2280 3086 tiones
2310 3033 2523 3097 aﬂ‘erre,
2555 3049 2692 3104 quas
2731 3035 3018 3092 brevitatis
3042 3039 3216 3107 gratia
3241 3041 3454 3094 omitto.

2171 3123 2302 3178 Ibid.
2346 3122 2468 3176 Τῶν
2497 3125 2893 3194 ἀρχιμαγείρῳ
2919 3126 3146 3195 Φαραώ.
3192 3127 3497 3186 Pharaonis
3523 3147 3682 3186 voca-

2100 3215 2286 3268 bulum
2330 3230 2441 3267 non
2471 3215 2642 3270 fuisse
2675 3217 2978 3286 proprium,
3021 3219 3117 3273 sed
3161 3235 3454 3278 commune
3486 3238 3676 3292 regum

2097 3308 2341 3361 omnium
2363 3304 2872 3378 Egyptiorum,qui
2907 3324 3004 3378 pro
3027 3309 3288 3380 dignitate
3317 3314 3461 3384 regis
3489 3330 3556 3368 eo
3586 3331 3668 3369 no

2095 3401 2242 3455 mine
2281 3409 2538 3471 tanquam
2571 3401 2738 3471 regali
2780 3401 3095 3469 utebantur,
3131 3403 3590 3472 quemadmodum
3622 3415 3680 3460 et

2093 3495 2233 3564 apud
2258 3491 2534 3550 Romanos
2550 3493 2804 3565 Augusti,
2830 3493 3209 3563 imperatores,
3231 3496 3678 3555 traditEusebius

2093 3603 2160 3642 ex
2187 3588 2339 3642 libris
2369 3586 2708 3641 Manethonis
2728 3587 3026 3642 sacerdotis
3046 3587 3450 3658 Egyptiorum,
3475 3599 3531 3645 et
3553 3607 3676 3644 rur-

2093 3690 2212 3729 sum
2253 3694 2265 3729 :
2307 3675 2530 3746 Ἀνέστη
2581 3675 2637 3728 δὲ
2682 3677 2798 3747 μετ’
2839 3675 3039 3739 αὐτὸν,
3096 3677 3390 3734 Sesostrim
3440 3682 3676 3744 scilicet,

2092 3764 2181 3818 ἐπ’
2223 3764 2528 3833 Αἴγυτπτον
2576 3764 2806 3838 Φαραὼ,
2872 3767 2902 3819 ὁ
2951 3765 3048 3820 καὶ
3122 3768 3356 3840 Ναρεχὼ
3406 3772 3676 3845 καλούμε-

2092 3874 2201 3921 νος,
2237 3860 2516 3929 κρατήσας
2551 3857 2666 3929 ἔτη,
2699 3857 2776 3922 ὥς
2809 3876 2962 3928 φασι,
3003 3861 3360 3934 πεντήκοντα.
3407 3865 3502 3918 Ἐκ
3548 3866 3674 3922 τού-

2090 3966 2185 4003 του
2227 3952 2275 4005 οί
2305 3951 2414 4004 ἀπὸ
2452 3952 2546 4005 τοῦ
2581 3953 2773 4022 γένους
2818 3953 2983 4008 αὐτοῦ
3027 3955 3392 4028 καταγόμενοι
3437 3957 3674 4029 βασιλεῖς

2089 4042 2290 4114 Φαραὼ
2353 4045 2872 4117 προσαγορεύονται.
2949 4045 3012 4100 Et
3065 4047 3362 4105 Africanus
3421 4069 3436 4106 :
3484 4053 3648 4108 Ἐπαι

2089 4135 2334 4189 νεθεῖσαν
2395 4136 2485 4200 δὲ,
2557 4154 2783 4193 uxorem
2857 4137 3109 4193 videlicet
3187 4141 3453 4208 Abrahae,
3533 4146 3674 4214 ἠγά-

2088 4243 2214 4296 γετο
2237 4225 2452 4298 Φαραώ.
2489 4227 2644 4281 Οὕτω
2673 4227 2782 4299 γὰρ
2815 4230 3102 4296 Αἰγύπτιοι
3134 4231 3259 4294 τούς
3295 4231 3533 4301 βασιλεῖς
3563 4235 3660 4288 ὀνο

2092 4317 2352 4389 μάζουσιν
2368 4321 2780 4390 ἑρμηνεύουσιν.
2824 4319 3150 4391 Expressius
3179 4321 3540 4395 Hieronymus
3571 4327 3669 4380 lib.

2087 4418 2142 4458 Ix
2195 4403 2486 4459 Comment.
2543 4407 2600 4458 in
2650 4404 3030 4460 Ezechielem:
3087 4406 3349 4464 Ca’terum
3401 4409 3538 4463 illud
3592 4412 3671 4465 vel

397 4503 588 4559 εὖνουν
617 4503 870 4573 εὐνοῦχον
897 4503 1060 4557 αὐτὸν
1085 4502 1537 4576 καταχρηστικῶς
1564 4501 1980 4574 προσειρῆσθαι,

2095 4498 2316 4551 maxime
2363 4496 2734 4566 requirendum
2777 4508 2877 4559 est,
2923 4507 3102 4550 utrum
3150 4498 3260 4568 ipse
3308 4500 3380 4553 sit
3429 4498 3667 4566 Pharao,

396 4597 432 4670 ἦ
463 4597 558 4650 καὶ
585 4595 662 4667 τῷ
687 4595 800 4650 ὄντι
820 4595 929 4648 τῶν
957 4596 1160 4667 μορίων
1188 4595 1610 4668 ὲκτετμημένων
1639 4594 1781 4666 ἔχειν
1804 4595 1860 4647 ὲν
1884 4611 1984 4662 γα-

375 4677 574 4762 μετῆς
611 4689 764 4756 τάξει
792 4689 853 4742 τὸ
881 4688 1122 4757 γύναιον,
1164 4690 1192 4744 ὃ
1219 4690 1281 4760 δὴ
1317 4689 1408 4743 καὶ
1437 4690 1522 4758 ἐφ’
1553 4691 1585 4757 ἡ
1597 4689 1710 4758 μῶν
1743 4687 1986 4759 ἔγνωμεν

397 4781 507 4836 ὑπὸ
548 4779 758 4834 πολλῶν
800 4778 1060 4842 πολλάκις
1086 4779 1390 4850 γινόμενον.
1433 4777 1500 4831 Ει
1534 4775 1856 4844 βεηηαόίυε
1883 4796 1896 4832 :
1922 4777 1986 4831 Et

395 4872 654 4943 εὐνοῦχος
680 4873 708 4925 6
735 4870 1043 4942 Πετεφρῆς,
1069 4870 1186 4933 πῶς
1219 4871 1532 4941 εὑρίσκεται
1555 4872 1786 4938 γυναῖκα
1813 4868 1982 4939 ἔχωνς

410 4964 552 5019 Ἀλλ’
590 4969 620 5018 6
661 4964 760 5035 μὲν
794 4961 965 5034 Σύρος
988 4963 1090 5034 μιᾷ
1122 4960 1464 5033 προσηγορίᾳ
1502 4959 1594 5014 τόν
1626 4977 1686 5012 τε
1715 4961 1984 5014 σπάδοντα

397 5055 495 5109 καὶ
541 5055 634 5110 τὸν
691 5054 884 5109 πιστὸν
928 5053 1101 5125 ἄνδρα
1137 5053 1284 5123 λέγει
1341 5056 1454 5116 τοῖς
1497 5051 1804 5117 δεσπόταις,
1855 5053 1884 5106 6
1927 5051 1984 5104 δὲ

410 5149 660 5220 Ἑϐραῖος
699 5149 916 5222 άληθῶς
939 5147 1213 5218 εὐνοῦχον,
1263 5146 1357 5201 καὶ
1382 5145 1572 5200 τοῦτον
1610 5143 1718 5198 ἀπὸ
1748 5145 1848 5216 τῆς
1891 5144 1983 5196 πί-

401 5257 594 5308 στεως,
623 5243 814 5314 ἐπειδὴ
848 5241 994 5312 φιλεῖ
1015 5242 1074 5296 τὸ
1106 5240 1216 5294 τῶν
1257 5239 1526 5312 εὐνούχων
1559 5238 1714 5308 γένος
1748 5237 1982 5310 μάλιστα

398 5334 753 5410 πιστεύεσθαι
776 5335 845 5391 τὰ
863 5333 1164 5407 τιμιώτερα
1193 5331 1303 5386 τῶν
1333 5331 1655 5405 κτημάτων,
1689 5331 1783 5386 καὶ
1813 5328 1981 5400 αὐτὴν

393 5423 508 5479 τῶν
539 5425 802 5495 βασιλέων
829 5426 1124 5498 σωτηρίαν.
1153 5427 1262 5479 Καὶ
1294 5425 1354 5480 οὐ
1381 5423 1713 5495 θαυμαστὸν,
1749 5424 1882 5477 ὅπου
1915 5439 1979 5490 γε

407 5517 684 5589 Ἀϐραὰμ,
718 5519 812 5572 καὶ
840 5519 1046 5583 Ἰσαὰκ,
1076 5520 1169 5571 καὶ
1205 5516 1400 5572 Ἰακὼϐ
1432 5516 1658 5588 χριστοί.
1688 5503 1778 5587 Μὴ
1809 5515 1978 5569 ἅπτε-

393 5609 524 5666 σθαι
553 5611 663 5681 γάρ
691 5629 823 5683 φησι
844 5611 952 5666 τῶν
977 5610 1217 5684 χριστῶν
1251 5627 1374 5682 μου.
1402 5610 1631 5678 Λέγεται
1657 5609 1714 5663 δὲ
1742 5610 1836 5662 καὶ
1867 5609 1978 5662 Κύ-

395 5718 492 5774 ρος
521 5706 550 5757 6
583 5703 799 5776 Πέρσης
831 5704 1070 5775 χριστός.
1098 5703 1286 5767 Οὕτως
1324 5703 1432 5774 ἄρα
1461 5701 1556 5756 καὶ
1581 5702 1681 5774 τὴν
1712 5699 1807 5754 τοῦ
1834 5700 1974 5754 σπά-

387 5793 575 5860 δοντος
609 5798 638 5850 6
686 5795 1082 5868 ἀρχιμάγειρος
1120 5795 1494 5867 προσηγορίαν
1548 5794 1673 5865 ἔσχε
1712 5794 1805 5848 καὶ
1852 5793 1974 5847 τότε

717 5894 996 5955 Ρλτιιοι..
1038 5891 1160 5954 Gn.
1230 5891 1450 5957 XVIII.

2088 4589 2176 4660 qui
2213 4589 2268 4642 in
2301 4587 2510 4651 Exodo,
2547 4597 2596 4643 et
2630 4586 2802 4651 Isaia,
2839 4601 2887 4644 et
2928 4588 3163 4644 Ieremia
3201 4601 3251 4645 et
3288 4590 3584 4650 Ezechiele.
3617 4602 3671 4647 et

2088 4681 2143 4734 in
2171 4679 2408 4735 Canticis
2439 4680 2634 4734 cantic.
2678 4682 3004 4744 nominatur,
3035 4697 3103 4734 an
3135 4681 3276 4735 alius
3302 4692 3459 4752 atque
3493 4682 3669 4746 alius;

2087 4771 2293 4826 videtur
2326 4771 2453 4825 mihi
2485 4787 2588 4825 non
2619 4787 2731 4825 esse
2765 4787 2921 4835 unus.
2952 4769 3056 4828 Sed
3087 4771 3226 4841 apud
3263 4770 3549 4843 {Egyptios
3574 4773 3671 4828 hoc

2087 4861 2339 4916 vocabulo
2389 4861 2747 4918 demonstrari
2796 4864 2999 4934 regiam
3048 4864 3380 4935 dignitatem,
3429 4866 3570 4920 sicut
3616 4875 3670 4919 et

2087 4955 2227 5023 apud
2257 4953 2522 5010 Romanos
2551 4956 2790 5012 Cesares
2831 4968 2878 5011 et
2920 4959 3149 5028 Augusti
3189 4955 3525 5027 appellantur
3573 4977 3668 5014 eo-

2084 5063 2203 5101 rum
2231 5049 2572 5118 imperatores
2608 5066 2642 5102 a
2688 5051 2858 5117 primo
2907 5049 3042 5105 Caio
3089 5048 3324 5116 Caesare,
3371 5065 3422 5107 et
3466 5069 3500 5107 a
3548 5054 3666 5124 ﬁlio

2083 5141 2196 5208 ejus
2229 5137 2472 5208 adoptivo
2503 5137 2818 5204 Octaviano,
2839 5141 2930 5208 qui
2957 5150 3142 5210 postea
3171 5143 3440 5210 Augustus
3468 5152 3547 5196 est
3575 5160 3667 5197 no.

2084 5233 2352 5296 minatus;
2379 5231 2819 5303 quemadmodum
2847 5235 3009 5286 etiam
3035 5233 3174 5301 apud
3197 5231 3362 5304 Syros
3393 5236 3664 5299 Antiochi,

2084 5322 2226 5392 apud
2261 5322 2492 5379 Parthos
2514 5323 2810 5387 Arsacidw,
2847 5325 2986 5394 apud
3020 5323 3341 5396 Philistyam
3369 5328 3661 5392 Abimelec,

2079 5426 2128 5470 et
2157 5424 2274 5484 post
2296 5415 2661 5470 Alexandrum
2689 5417 2745 5471 in
2773 5415 3009 5489 JEgypto
3041 5434 3183 5489 reges
3207 5418 3519 5475 dicebantur
3543 5420 3668 5479 Pto-

2079 5509 2252 5563 lemaei
2281 5525 2444 5579 usque
2471 5509 2540 5562 ad
2568 5507 2928 5580 Cleopatram,
2958 5527 3062 5582 qua
3100 5513 3238 5566 victa
3275 5513 3418 5582 apud
3453 5515 3667 5570 Actium

2080 5601 2352 5673 ﬁgyptus
2392 5601 2634 5656 Romana
2659 5612 2736 5658 est
2767 5603 2912 5673 facta
2951 5606 3242 5674 provincia.
3273 5603 3414 5676 Ergo
3439 5607 3494 5660 in
3533 5622 3664 5676 pra:-

2079 5697 2371 5750 sentiarum
2415 5694 2666 5750 adversus
2704 5713 2868 5751 unum
2911 5699 3192 5768 quemlibet
3229 5715 3401 5771 regem
3438 5697 3664 5773 Αἴθρη)ιὶ

2079 5803 2252 5844 sermo
2297 5787 2362 5857 ﬁt
2405 5786 2640 5845 Domini.
2673 5790 3072 5862 Appellationis
3101 5792 3269 5864 hujus
3315 5803 3543 5851 causam
3587 5795 3668 5854 ita

3313 5888 3392 5949 33
