4100 6430
416 318 568 383 ι1035

1774 312 2020 367 LEONlS
2059 311 2336 366 ALLATiI

3551 316 3690 372 1056

425 430 948 507 expressitloannes
969 427 1370 497 Antiochenus,
1398 429 1454 483 in
1481 428 1849 497 Arclueologia
1871 444 1889 480 :
1909 429 2010 480 Φα-
2036 438 2083 491 Α
2115 427 2283 481 fuisse
2313 425 2455 480 idem
2485 432 2790 495 peccatum:
2835 419 2957 478 lota
2988 423 3106 481 hac
3127 425 3362 481 historia
3382 425 3451 481 de
3481 430 3692 498 nuptiis

429 528 544 603 ραώ
592 544 735 589 τινος
778 523 1040 595 βασιλέως
1085 521 1362 590 Αἰγύπτου
1411 523 1638 585 πολλοὺς
1681 521 1789 574 τῶν
1837 537 2007 592 προσ-

423 624 588 676 οίκων
620 616 1159 688 καταγωνισαμένου,
1188 617 1282 669 καὶ
1310 616 1436 678 τοὺς
1461 615 1785 688 λῃστρικοὺς
1809 613 2008 684 ἄνδρας

429 712 965 786 μεταρῤυθμίσαντος
996 710 1133 780 πρὸς
1166 708 1226 761 τὸ
1256 707 1659 778 φιλάνθρωπον,
1693 707 1788 759 καὶ
1817 708 1864 759 οί
1895 705 2007 757 λοι-

427 808 518 860 ποὶ
545 805 780 876 βασιλεῖς
810 802 1087 870 Αἰγύπτου
1117 801 1197 862 είς
1228 798 1394 869 τιμὴν
1427 797 1636 852 ἐκείνου
1657 797 1858 868 Φαραὼ
1882 798 2010 850 ἔκα-

427 896 632 950 λοῦντο.
651 893 790 948 Vide
816 893 944 946 item
972 887 1270 958 Josephum
1299 888 1394 942 lib.
1421 901 1554 940 xvnl
1589 888 2006 956 Antiquitatum,

427 989 518 1059 qui
546 987 714 1041 multa
743 985 810 1040 de
839 983 1060 1038 nomine
1085 979 1387 1035 Pharaonis
1411 979 1714 1041 adnotavit,
1755 978 2007 1047 quamvis

427 1077 750 1149 quibusdam
787 1077 1080 1143 incompta,
1115 1072 1380 1141 falsaque,
1405 1079 1458 1126 et
1485 1071 1609 1139 jure
1638 1072 1857 1131 merito,
1892 1070 2006 1124 visa

428 1170 558 1225 sint.
606 1169 712 1222 Alii
743 1167 998 1222 dixerunt
1027 1163 1343 1218 Pharaones
1383 1162 1562 1217 dictos
1596 1161 1753 1230 quasi
1802 1161 2006 1214 Pharo-

428 1276 550 1326 nes,
601 1274 631 1312 a
679 1258 858 1312 Pharo
906 1257 1083 1310 insula
1127 1270 1158 1309 e
1203 1255 1428 1323 regione
1482 1253 1825 1308 Alexandriae
1875 1254 2006 1308 olim

428 1352 734 1422 Carpathos
761 1351 926 1414 dicta,
951 1349 1043 1403 ubi
1069 1347 1315 1417 regnavit
1337 1346 1567 1401 Proteus
1590 1363 1603 1412 ;
1629 1345 1726 1402 sed
1751 1346 1866 1401 hac
1889 1346 2008 1416 Opi-

430 1447 522 1500 nio
551 1461 650 1500 sua
686 1443 946 1498 inanitate
978 1456 1076 1512 per
1110 1455 1169 1495 se
1201 1439 1332 1494 ruit.

497 1537 615 1593 Col.
635 1535 762 1597 768,
794 1534 890 1588 lin.
911 1534 1001 1587 4'5.
1033 1531 1301 1585 Γυναῖκα
1317 1532 1577 1600 ὀνόματι.
1591 1531 1829 1586 Thamar
1842 1529 2006 1585 ﬁliam

429 1628 600 1684 fuisse
638 1623 1039 1680 Melchisedech
1089 1623 1391 1680 sacerdotis
1426 1625 1676 1678 nonnulli
1722 1625 2008 1680 existima-

429 1729 576 1787 runt,
623 1719 767 1790 quod
812 1716 981 1772 Judas
1029 1717 1084 1771 in
1121 1717 1456 1772 scortatione
1489 1716 1909 1788 deprehensam,
1947 1731 2006 1777 ut

429 1813 656 1867 inferius
689 1809 934 1864 comburi
960 1809 1242 1877 jussisset,
1282 1823 1391 1863 non
1427 1808 1677 1877 lapidari.
1714 1807 1822 1866 Lex
1859 1814 2004 1867 enim

428 1905 528 1960 fuit
566 1903 710 1976 apud
744 1902 1022 1967 Hebraos,
1064 1917 1226 1972 quam
1263 1910 1451 1971 postea
1489 1900 1702 1972 Moyses
1729 1905 2001 1973 repetivit,

425 2005 486 2052 ut
532 1995 640 2052 lilia
682 1994 982 2050 sacerdotis
1023 2000 1260 2048 scortata
1308 1993 1740 2060 combureretur,
1794 2005 2005 2051 craterae

428 2090 821 2160 lapidarentur,
870 2085 1043 2141 Levit.
1094 2101 1166 2138 xx
1212 2093 1267 2140 et
1316 2101 1429 2140 ut.
1479 2081 1584 2140 Sed
1635 2085 1702 2140 de
1768 2085 2006 2141 Thamar

425 2183 651 2253 ejusque
716 2187 909 2251 gente,
981 2178 1294 2233 conditione
1353 2186 1406 2232 et
1458 2175 1704 2232 moribus
1750 2188 2006 2236 accurate

424 2273 599 2340 Philo,
623 2274 720 2328 lib.
756 2271 829 2325 De
859 2270 1173 2324 nobilitate:
1205 2268 1424 2340 Ταύτην
1453 2269 1729 2338 εὐγένειαν
1751 2270 1811 2323 οὐ
1847 2272 2004 2341 μόνον

424 2365 689 2435 Θεοφιλεῖς
718 2364 928 2433 ἄνδρες,
963 2362 1098 2416 ἀλλά
1131 2363 1227 2416 καὶ
1250 2364 1506 2430 γυναῖκες
1535 2361 1831 2432 ἐζήλωσαν,
1871 2364 2005 2416 ἀπο-

429 2460 697 2531 μαθοῦσαι
749 2459 845 2527 μὲν
892 2453 1130 2525 ἀμαθίαν
1177 2452 1274 2524 τὴν
1325 2451 1620 2522 σύντροφον
1667 2452 1795 2521 περὶ
1841 2453 2003 2523 τιμῆς

425 2553 533 2606 τῶν
573 2551 975 2622 χειροκμήτων,
1021 2543 1391 2599 παιδευθεῖσαι
1437 2543 1492 2596 δὲ
1544 2543 1672 2614 περὶ
1707 2543 2004 2614 μοναρχίας

426 2647 760 2716 ἐπιστήμην,
867 2641 1218 2712 μοναρχεῖται
1248 2639 1276 2691 ὁ
1311 2638 1534 2707 κόσμος.
1577 2635 1772 2708 Θάμαρ
1797 2632 1864 2706 ἦν
1896 2636 2004 2689 τῶν

425 2735 532 2790 ἀπὸ
563 2735 661 2804 τῆς
687 2730 1051 2801 Παλαιστίνης
1082 2727 1284 2798 Συρίας
1311 2727 1534 2794 γύναιον
1563 2727 1619 2779 ὲν
1645 2725 1822 2798 οἰκείᾳ
1854 2726 2002 2779 πόλει

423 2825 629 2898 τραφὲν
663 2822 930 2892 πολυθέῳ,
975 2818 1220 2890 γεμούσῃ
1257 2817 1483 2884 ξοάνων,
1525 2817 1619 2871 καί
1647 2817 2000 2886 ἀγαλμάτων,

424 2920 519 2976 καὶ
543 2918 776 2980 συνόλως
809 2912 1220 2985 ἀφιδρυμάτων.
1263 2910 1401 2963 ’Δλλ’
1438 2910 1623 2982 ἐπειδὴ
1650 2909 1902 2979 καθάπερ
1941 2909 2004 2962 ἐκ

428 3011 652 3072 σκότους
707 3007 897 3078 βαθέος
946 3003 1180 3074 ἐδυνήθη
1225 3001 1483 3073 βραχεῖαν
1530 3001 1700 3072 αὐγὴν
1747 3000 2002 3071 ἀληθείας

423 3103 617 3157 ἐνιδεῖν
651 3100 865 3169 θανάτῳ
903 3097 1172 3162 κινδύνου,
1215 3096 1351 3167 πρὸς
1379 3095 1659 3150 εὐσέϐειαν
1691 3095 2005 3167 ηὐτομόλη-
2031 3127 2072 3185 c

424 3212 536 3256 σεν,
575 3192 730 3260 ὀλίγα
760 3189 1094 3262 φροντίσασα
1125 3186 1220 3241 τοῦ
1251 3186 1370 3258 ζῇν,
1412 3189 1461 3239 εί
1503 3187 1576 3258 μὴ
1612 3187 1790 3258 μέλλοι
1824 3185 2000 3250 καλῶς

423 3287 541 3359 ζῇν.
580 3286 652 3338 Τὸ
692 3286 748 3338 δὲ
794 3283 972 3346 καλῶς
1005 3281 1266 3352 ἀνέφερεν
1301 3279 1387 3331 ἐπ’
1429 3279 1580 3332 οὐδὲν
1620 3279 1866 3350 ἕτερονῆ
1909 3281 2000 3332 ἐπὶ

421 3379 518 3449 τὴν
560 3374 855 3447 Θεραπείαν
894 3374 986 3426 καὶ
1025 3371 1235 3424 ίκεσίαν
1273 3367 1366 3421 τοῦ
1407 3367 1525 3432 ὲνδς
1573 3369 1769 3422 αἰτίου.
1807 3369 1998 3421 Καίτοι

419 3471 569 3526 δυσὶν
597 3468 845 3537 ἀδελφοῖς
873 3463 1202 3536 ἀμφοτέροις
1243 3463 1500 3533 πονηροῖς
1527 3464 1584 3514 ὲν
1623 3461 1776 3532 μέρει
1814 3478 1998 3531 γημα-

425 3561 580 3630 μένη,
615 3557 869 3630 κουριδίῳ
905 3555 1002 3626 μὲν
1035 3553 1110 3624 τῷ
1148 3551 1419 3624 προτέρῳ,
1447 3551 1525 3622 τῷ
1553 3551 1596 3604 δ’
1639 3551 1865 3624 ὕστερον
1905 3551 1998 3605 καὶ

420 3651 596 3720 ἔχοντι
638 3647 980 3709 ὲπιδικασίας
1016 3646 1186 3716 νόμῳ,
1234 3645 1428 3713 γενεὰν
1467 3644 1561 3697 τοῦ
1607 3644 1875 3715 προτέρου
1923 3645 1995 3714 μὴ

420 3741 830 3803 καταλιπόντος,
876 3737 989 3791 ἀλλ’
1037 3738 1206 3806 ὅμως,
1249 3735 1580 3806 ἀκηλίδωτον
1625 3735 1996 3803 διαφυλάξασα

419 3835 511 3891 τὸν
543 3832 743 3902 ἑαυτῆς
777 3831 911 3900 βίον,
944 3831 1130 3905 ἴσχυσε
1173 3830 1266 3882 καὶ
1297 3827 1684 3901 προσηκούσης
1715 3829 1826 3888 τοῖς
1863 3829 1998 3894 ἀγα-

420 3926 533 3988 θοῖς
556 3923 830 3994 εὐφημίας
861 3921 1152 3991 ὲπιλαχεῖν,
1180 3920 1274 3974 καὶ
1299 3923 1411 3982 τοῖς
1446 3917 1561 3988 μεθ’
1591 3917 1761 3988 αὐτὴν
1793 3917 1995 3970 ἆπασιν

420 4015 697 4086 εὐγενείας
723 4014 864 4086 ἀρχὴ
892 4013 1158 4083 γενέσθαι.
1198 4011 1339 4066 Ἀλλ’
1370 4009 1507 4079 αὐτη
1536 4010 1631 4080 μὲν
1653 4011 1698 4062 εἰ
1730 4009 1822 4062 καὶ
1852 4009 1996 4062 ἀλλό-

421 4108 606 4178 φυλος,
632 4108 744 4162 ἀλλ’
782 4102 874 4162 οῦν
907 4124 970 4176 γε
995 4105 1254 4179 ἐλευθέρα
1290 4105 1384 4158 καὶ
1416 4105 1474 4170 ἐξ
1509 4102 1806 4176 ἐλευθέρων
1841 4101 1990 4165 ἴσως,

419 4200 516 4253 καὶ
543 4202 641 4254 οὐκ
674 4201 923 4271 ἀσήμων.

489 4290 627 4346 lbid.
662 4294 772 4346 Kal
806 4291 904 4346 διὰ
936 4291 1249 4360 πονηρίαν.
1283 4289 1415 4355 Quae
1448 4288 1612 4344 fuerit
1645 4289 1761 4343 haec
1789 4290 1992 4343 malitia

418 4383 504 4439 vel
557 4384 818 4453 iniquitas
854 4380 983 4445 Her,
1013 4397 1190 4451 neque
1229 4381 1515 4450 Scriptura
1565 4381 1856 4450 expressit,
1893 4397 1991 4436 nec

419 4484 628 4530 certum
679 4475 881 4544 aliquid
929 4473 1095 4528 statui
1136 4479 1319 4542 potest
1358 4472 1428 4525 ob
1479 4472 1656 4526 varias
1706 4481 1990 4525 auctorum
2028 4489 2072 4544 ι)

418 4569 736 4625 sententias.
776 4568 1138 4638 Augustinus,
1172 4565 1265 4620 lib.
1314 4581 1427 4618 xm
1475 4575 1661 4618 contra
1709 4563 1994 4629 Faustum,

418 4677 539 4730 cap.
581 4659 671 4722 84,
709 4661 1001 4730 signiﬁcat,
1035 4669 1320 4728 peccatum
1351 4655 1472 4724 ejus
1505 4656 1674 4712 fuisse
1707 4657 1996 4713 crudelita-

418 4755 490 4809 tis
518 4761 573 4808 et
626 4752 868 4808 saevitiae.
917 4751 1026 4804 Alii
1058 4750 1468 4820 conjectarunt,
1503 4747 1676 4806 fuisse
1709 4757 1992 4820 peccatum

418 4853 610 4898 contra
634 4833 920 4908 naturam,
967 4842 1112 4914 quod
1156 4841 1498 4908 admittebat,
1546 4842 1778 4899 abutens
1827 4856 1998 4896 uxore

417 4948 568 4992 extra
601 4951 696 4990 vas
731 4936 1016 4992 muliebre.
1062 4933 1416 4990 Hebraeorum
1461 4935 1682 4991 traditio
1711 4942 1816 5000 est,
1851 4933 1996 4988 Tha-

418 5043 536 5082 mar
575 5027 743 5083 fuisse
772 5027 1196 5099 pulcherrimam
1225 5028 1503 5094 feminam,
1526 5043 1756 5099 eamque
1785 5027 1996 5097 perdite

417 5121 725 5175 adamatam
770 5135 894 5176 esse
945 5119 1012 5173 ab
1059 5118 1188 5174 ller.
1237 5118 1341 5185 Qui
1385 5136 1493 5192 quo
1531 5119 1740 5174 diutius
1788 5119 1993 5173 illibata

421 5213 540 5281 ejus
579 5213 983 5283 pulchritudine
1027 5211 1131 5266 frui
1164 5223 1370 5284 posset,
1401 5214 1582 5269 sciens
1616 5229 1712 5283 per
1749 5212 1996 5282 gravida-

423 5307 600 5361 tiones
630 5313 684 5362 et
723 5317 912 5376 partus
953 5304 1310 5362 deﬂorescere
1337 5305 1610 5368 decorem,
1638 5313 1693 5359 et
1735 5311 1993 5358 venusta-

421 5405 528 5452 tem
580 5399 930 5465 muliebrem,
978 5400 1032 5453 in
1081 5397 1484 5469 congrediendo
1538 5411 1664 5451 cum
1715 5395 1988 5464 Thamar,

415 5488 724 5547 cﬁuttdebat
753 5508 938 5548 semen
965 5500 1118 5547 extra
1145 5508 1239 5547 vas
1276 5492 1441 5556 illius,
1471 5507 1539 5545 ne
1567 5489 1838 5560 gravidari
1867 5503 1993 5558 pos-

417 5585 520 5632 set.
555 5577 704 5634 Hanc
731 5590 954 5636 secutus
979 5592 1063 5636 est
1091 5581 1405 5650 Cajetanus.
1434 5597 1533 5637 nec
1577 5580 1790 5648 videtur
1827 5581 1895 5633 ab
1925 5595 1990 5634 ca

417 5669 768 5726 abhorruisse
785 5670 1024 5728 Joannes
1045 5671 1366 5738 Cassianus,
1387 5671 1680 5728 collatione
1692 5672 1744 5737 8,
1759 5686 1879 5741 cap.
1900 5672 1985 5734 ll,

417 5762 481 5818 dc
509 5771 734 5832 peccato
758 5763 931 5819 Onam
955 5764 1121 5820 verba
1153 5764 1378 5832 faciens,
1413 5764 1706 5821 verisimile
1733 5764 1876 5820 enim
1903 5772 1987 5819 est

2113 520 2354 574 Thamar
2405 527 2460 573 et
2511 519 2847 573 scortatione
2889 515 3044 571 ludar
3086 519 3300 586 prolixe
3348 528 3606 576 narratur
3633 523 3690 578 in

2113 610 2442 664 Testamento
2469 607 2535 662 12
2561 607 3012 676 patriarcharum,
3039 623 3162 678 cap.
3194 609 3248 663 5.

2180 719 2344 784 Ibid.,
2391 720 2488 774 lin.
2539 720 2627 776 50.
2671 719 2948 789 Ἐξέχεεν
2990 719 3092 775 ἐπὶ
3146 720 3278 789 τῆς.
3324 722 3688 794 Augustinus,

2111 813 2206 868 lib.
2250 827 2366 866 xm
2413 823 2600 867 contra
2634 812 2921 878 Faustum,
2959 829 3081 883 cap.
3114 813 3204 880 84,
3238 816 3477 884 pejorem
3522 816 3690 873 fuisse

2111 904 2241 970 ller,
2271 921 2434 977 quam
2481 904 2693 972 Onam;
2736 906 2888 960 illum
2926 904 3102 961 fuisse
3145 907 3469 976 malignum,
3503 917 3556 962 et
3589 923 3691 963 sa:-

2111 1013 2261 1060 vum,
2286 1007 2339 1052 et
2359 1012 2616 1066 peccasse
2645 999 2932 1064 nocendo;
2961 997 3109 1051 hunc
3132 1013 3408 1068 peccasse,
3430 1000 3690 1067 prodesse

2109 1097 2164 1142 et
2205 1089 2400 1160 juvare
2430 1090 2685 1145 nolendo.
2734 1089 2958 1145 Pererio
2987 1091 3299 1159 oppositum
3348 1089 3688 1160 probabilius

2110 1179 2344 1248 videtur,
2369 1196 2492 1235 cum
2523 1180 2803 1251 Scriptura
2835 1180 2942 1235 Her
2967 1182 3199 1250 appellet
3222 1197 3478 1250 nequam,
3513 1179 3688 1236 Onam

2110 1288 2238 1328 vero
2267 1274 2670 1338 detestandum,
2705 1273 2850 1345 q'uod
2881 1289 2994 1328 rem
3043 1274 3418 1328 detestabilem
3462 1273 3684 1341 laceret,

2108 1369 2255 1438 quod
2305 1370 2574 1439 gravioris
2617 1367 2868 1423 criminis
2922 1375 3052 1420 nota
3109 1374 3214 1420 est.
3261 1365 3465 1421 Deinde
3511 1365 3686 1421 Onam

2106 1461 2355 1529 exemplo
2385 1461 2689 1529 punitionis
2723 1459 2978 1512 fraterna:
3012 1458 3184 1510 noluit
3208 1457 3550 1525 resipiscere,
3583 1472 3686 1512 nec

2107 1552 2404 1608 deterritus
2436 1551 2724 1616 abstinuit,
2755 1551 2838 1604 vel
2875 1564 2905 1602 a
2937 1549 3128 1614 simili,
3162 1553 3244 1603 vel
3271 1564 3300 1602 a
3333 1549 3525 1619 majori
3557 1566 3685 1621 pec-

2107 1653 2250 1699 cato.
2283 1643 2548 1698 Prteterea
2579 1643 2692 1697 ller
2720 1643 2965 1713 peccavit
2991 1641 3301 1696 inordinata
3327 1642 3550 1696 libidine
3588 1643 3686 1698 de-

2110 1735 2420 1790 lectationis
2458 1750 2722 1798 venereae,
2750 1731 2923 1788 Onam
2957 1734 3193 1802 maligna
3224 1732 3426 1787 invidia
3455 1734 3683 1788 fraterni

2113 1827 2261 1893 boni,
2325 1843 2394 1882 ne
2461 1826 2860 1896 primogenitus
2914 1840 3050 1880 suus
3097 1826 3478 1895 assignaretur
3524 1825 3684 1880 fratri

2105 1932 2226 1972 SUO.

2175 2048 2293 2103 Col.
2323 2047 2452 2112 769,
2489 2047 2587 2101 lin.
2635 2047 2722 2102 12.
2764 2048 2860 2115 Ὠς
2901 2047 2954 2101 δ’
2993 2049 3384 2118 ἀποστείλας.
3433 2050 3686 2107 Historias

2105 2142 2268 2212 hujus
2301 2143 2698 2213 perelegantcm
2744 2142 3060 2210 allegoriam
3099 2143 3270 2200 babes
3312 2147 3454 2216 apud
3499 2145 3684 2200 Philo-

2105 2250 2250 2298 nem,
2292 2234 2389 2289 lib.
2425 2234 2562 2301 Περὶ
2590 2232 2893 2303 φυγάδων,
2926 2250 3086 2304 quem
3113 2236 3257 2291 vide.

2173 2343 2332 2407 Ibid.,
2362 2344 2459 2398 lin.
2498 2344 2587 2398 '55.
2643 2341 2757 2412 Τῆς
2800 2344 3103 2414 ἀχράντου
3134 2351 3384 2418 Μαρίας.
3425 2349 3685 2408 Insulsis-

2105 2437 2227 2491 simi
2287 2436 2656 2491 Mahumetani
2712 2437 2937 2492 Mariam
2991 2443 3418 2511 sanctissimam,
3463 2455 3515 2500 et
3558 2462 3681 2516 quae

2104 2530 2381 2585 Christum
2427 2529 2594 2584 Deum
2634 2533 2865 2600 peperit,
2909 2549 3150 2588 sororem
3186 2534 3388 2607 Moysis
3431 2547 3483 2591 et
3516 2538 3686 2594 Aaro-

2105 2622 2192 2675 nis
2219 2621 2446 2675 faciunt.
2479 2619 2826 2692 Euthymius,
2864 2623 2918 2677 in
2955 2623 3213 2693 Panoplia
3237 2643 3255 2680 :
3287 2628 3397 2680 Kal.
3429 2630 3509 2682 ὅτι
3534 2629 3562 2680 ὁ
3583 2631 3685 2684 Λό-

2105 2733 2201 2784 γος
2229 2715 2324 2768 τοῦ
2371 2714 2528 2780 Θεοῦ,
2565 2716 2658 2768 καὶ
2697 2715 2758 2768 τὸ
2800 2716 3025 2787 Πνεῦμα
3067 2719 3252 2783 αὐτοῦ,
3300 2721 3492 2774 κτιστά
3534 2721 3682 2785 ὄντα,

2105 2806 2356 2877 εἰσῆλθεν
2390 2809 2470 2870 εἰς
2503 2807 2719 2878 Μαρίαν
2749 2806 2847 2878 τὴν
2893 2808 3125 2880 ἀδελφὴν
3167 2812 3409 2876 Μωσέως
3445 2813 3536 2865 καὶ
3557 2814 3684 2866 Ἀαο

2110 2897 2238 2970 ρὼν,
2289 2898 2384 2950 καὶ
2437 2897 2728 2968 ἐγέννησεν
2771 2898 2909 2969 αὐτη
2960 2900 3084 2969 δίχα
3132 2902 3442 2973 σπέρματος
3473 2902 3684 2974 Ἰησοῦν

2107 2991 2200 3044 τὸν
2251 2990 2506 3060 Χριστὸν,
2556 2992 2862 3062 προφήτην,
2919 2993 3014 3044 καὶ
3063 2993 3243 3047 δοῦλον
3296 2997 3553 3064 γεγονότα
3589 2997 3684 3050 τοῦ

2108 3079 2264 3134 Θεοῦ.
2322 3079 2389 3134 Et
2431 3081 2486 3134 in
2535 3081 2727 3136 ordine
2768 3083 2858 3151 qui
2913 3091 3160 3137 servatur
3203 3100 3366 3153 super
3412 3087 3478 3141 iis
3519 3089 3608 3156 qui
3651 3106 3684 3142 ιι

2108 3170 2398 3228 Saracenis
2436 3173 2504 3227 ad
2543 3174 2978 3234 Christianorum
3016 3175 3173 3229 fidem
3221 3191 3280 3230 se
3315 3187 3680 3237 convertunt:

2120 3263 2526 3333 ἈναΘεματίζω
2549 3265 2646 3336 τὴν
2675 3264 2769 3319 τοῦ
2806 3264 3049 3334 Μωάμεδ
3075 3265 3341 3338 φλυαρίαν
3367 3268 3466 3339 τὴν
3497 3269 3687 3336 λέγου-

2107 3374 2220 3416 σαν.
2253 3357 2392 3409 ὅτιὸ
2440 3356 2643 3426 Κύριος
2692 3355 2786 3410 καὶ
2828 3355 2960 3418 Θεὸς
3001 3357 3206 3425 Ἰησοῦς
3247 3361 3274 3412 ὁ
3306 3359 3537 3431 Χριστὸς
3575 3362 3686 3416 ἀπὸ

2104 3445 2322 3515 Μαρίας
2347 3446 2444 3516 τῆς
2489 3445 2723 3515 ἀδελφῆς
2755 3442 2848 3515 τοῦ
2891 3447 3136 3510 Μωσέως
3167 3447 3262 3501 καὶ
3300 3449 3506 3518 Ἀαρὼν
3536 3450 3688 3517 ἐγεν-

2105 3536 2240 3606 νήθη
2268 3535 2394 3589 ἀνευ
2431 3538 2638 3608 σπορᾶς
2677 3538 2741 3588 ὲκ
2778 3533 2872 3588 τοῦ
2919 3535 3092 3605 Λόγου
3138 3537 3232 3590 τοῦ
3279 3537 3413 3591 Θεοῦ
3465 3541 3556 3592 καὶ
3588 3537 3684 3596 τοῦ

2104 3627 2439 3698 Πνεύματος.
2492 3630 2627 3695 Quis
2678 3629 2822 3682 hanc
2887 3631 3272 3702 ἀνιστορησίαν
3326 3634 3675 3696 somniasset,

2102 3717 2208 3772 nisi
2257 3717 2545 3781 Moametb,
2575 3730 2626 3773 et
2657 3729 2810 3789 pater
2851 3720 2970 3788 ejus
2999 3720 3287 3775 diabolus?
3319 3721 3564 3792 Spatium
3594 3727 3677 3780 bis

2103 3809 2250 3863 mille
2289 3824 2557 3864 annorum
2596 3810 2738 3864 inter
2787 3811 3009 3864 Mariam
3058 3827 3304 3867 sororem
3355 3814 3574 3886 Moysis,
3622 3826 3678 3871 et

2103 3898 2324 3957 Mariam
2357 3918 2477 3972 quae
2502 3903 2783 3957 Christum
2818 3903 3043 3972 peperit,
3086 3903 3412 3960 intercessit.
3443 3907 3553 3962 Nec
3577 3909 3682 3962 mi-

2103 4010 2205 4048 nus
2236 3992 2719 4063 reprehendendus
2748 4005 2831 4048 est
2868 3994 3181 4051 Fridericus
3216 3994 3559 4069 Sylburgius,
3585 4003 3679 4070 qui

2100 4087 2246 4140 nolis
2274 4088 2328 4140 in
2362 4086 2712 4147 Saracenica,
2747 4085 2814 4140 de
2851 4087 3171 4141 adoratione
3209 4089 3506 4159 imaginum
3538 4093 3681 4149 male

2099 4178 2343 4232 sentiens
2371 4188 2530 4246 negat
2554 4177 2926 4230 adorationem
2952 4176 3134 4232 deberi
3161 4179 3329 4232 beatae
3361 4181 3542 4236 Maria?
3571 4184 3680 4238 vir-

2101 4269 2233 4338 gini,
2262 4268 2423 4337 idque
2455 4268 2591 4320 locis
2633 4266 2962 4336 quibusdam
2995 4269 3169 4322 sancti
3209 4269 3492 4340 Epiphanit
3535 4275 3679 4330 male

2101 4363 2169 4415 ab
2193 4363 2311 4432 ipso
2345 4359 2654 4414 intellectis.
2680 4356 2729 4411 ls
2760 4358 2902 4410 enim
2927 4358 3004 4412 uti
3035 4358 3366 4414 Calvinianzc
3395 4373 3555 4418 secta:
3581 4365 3679 4419 ad-

2101 4454 2279 4509 dictus
2309 4452 2542 4522 sparsim
2572 4450 2625 4502 in
2657 4449 2762 4502 illis
2798 4449 2945 4503 notis
2991 4451 3222 4505 latenter
3247 4460 3300 4506 ct
3331 4455 3557 4510 subdole
3583 4473 3679 4512 ve-

2101 4561 2301 4600 nenum
2333 4543 2585 4605 effundit,
2636 4541 2778 4596 sicut
2822 4551 2874 4595 et
2911 4545 3167 4612 superius
3213 4545 3281 4599 de
3328 4557 3678 4605 sacramento

2100 4637 2454 4691 Eucharistiae
2496 4643 2679 4705 egerat
2724 4644 2778 4690 et
2820 4635 2874 4688 in
2919 4635 3039 4704 ipso
3079 4635 3285 4691 lumine
3312 4639 3588 4706 caacutire,
3620 4650 3678 4697 et
3713 4669 3724 4680 -

2099 4729 2278 4799 palam
2325 4726 2597 4781 mendacii
2629 4742 2790 4796 posse
2844 4727 3098 4781 convinci
3151 4743 3262 4783 non
3310 4740 3567 4799 veretur;
3619 4743 3677 4790 at

2098 4823 2227 4876 dum
2254 4835 2464 4875 venena
2487 4829 2727 4891 spargat,
2759 4836 2880 4890 quae
2911 4820 3176 4881 inﬁciant.
3201 4837 3392 4892 parum
3422 4825 3497 4878 illi
3528 4841 3677 4883 cura:

2097 4923 2202 4976 est,
2235 4915 2279 4968 si
2309 4928 2463 4968 suam
2496 4913 2552 4966 in
2593 4913 2960 4984 scriptoribus
3001 4913 3368 4984 intelligendis
3399 4914 3673 4972 inscitiam

2098 5003 2409 5076 patefaciat.
2442 5002 2573 5059 Vide
2602 5005 2780 5074 ipsum
2817 5019 2876 5074 p.
2912 5003 3014 5057 l'56
3051 5012 3104 5059 et
3136 5004 3257 5059 158.
3299 5005 3454 5072 Quod
3483 5009 3530 5063 si
3563 5024 3672 5065 non

2095 5105 2179 5152 est
2207 5097 2494 5158 invertere,
2526 5103 2978 5163 transversosque
3002 5108 3160 5165 agere
3185 5093 3376 5150 Patres
3401 5105 3456 5150 et
3481 5113 3672 5152 eorum

2097 5190 2418 5251 sententias,
2451 5185 2581 5257 quid
2621 5187 2762 5242 erit?
2797 5185 2923 5240 Haac
2963 5185 3377 5250 ideoadnotavi
3412 5197 3468 5243 ut
3513 5199 3674 5246 notas

2097 5281 2217 5336 illas
2250 5288 2408 5335 caute
2437 5280 2610 5333 lector
2638 5285 2946 5349 percurrat.

2165 5390 2300 5444 lbid.
2347 5389 2460 5458 Τῆς
2497 5388 2821 5459 ἁχράντου.
2863 5388 2996 5455 Qua:
3035 5397 3149 5443 tota
3181 5391 3406 5459 pulchra
3440 5403 3544 5460 est,
3569 5410 3672 5451 nec

2094 5486 2258 5538 ullam
2286 5483 2521 5537 admittit
2554 5485 2777 5536 omnino
2806 5484 3096 5536 maculam.
3126 5481 3181 5534 In
3206 5499 3322 5536 eam
3357 5486 3590 5542 humiles
3617 5497 3670 5542 et

2093 5577 2294 5641 devoti,
2327 5577 2443 5631 hare
2471 5577 2721 5646 quamvis
2755 5575 3050 5646 incompta,
3082 5575 3274 5630 aﬂ‘cclu
3306 5586 3482 5631 tamen
3510 5579 3670 5647 plena

2093 5671 2413 5726 cecinimus.
2455 5669 2586 5734 Quae
2615 5669 2736 5732 tibi,
2763 5669 2958 5734 lector,
2995 5667 3374 5742 φιλοπαρθένῳ
3424 5686 3536 5727 non
3579 5670 3670 5729 in-

2093 5775 2242 5835 grata
2275 5763 2390 5819 fore
2422 5762 2819 5819 existimamus.
