4100 6444
406 344 545 400 Ιθόυ

1737 338 1985 395 LEONIS
2022 326 2297 393 ALLATll

3530 342 3671 397 1040

407 462 635 517 Mariam
680 459 855 530 stupri
901 468 956 515 et
994 458 1264 530 sacrilegii
1301 464 1591 513 accusatos
1642 473 1708 512 ex
1759 459 1976 513 decreto

2084 474 2194 529 ρων
2243 454 2515 510 ἐκώλυσεν
2571 457 2918 526 ἐντυγχάνειν
2976 457 3158 521 αὐτοῖς
3202 457 3391 530 ὥσπερ
3433 461 3499 531 τῇ
3548 460 3672 533 θείᾳ

405 558 747 615 sacerdotum
779 555 940 613 simul
981 555 1150 612 fuisse
1181 555 1404 610 adactos
1444 553 1512 608 ad
1544 550 1839 609 bibendum
1881 566 1983 621 po-

404 654 586 708 culum
616 630 1016 716 redargutionis
1041 664 1152 718 quo
1178 647 1391 719 Moyses
1413 644 1684 716 exlilorari
1711 643 1877 713 jussit
1909 643 1986 696 in-

405 746 713 800 nocentiam
755 742 970 798 femina!
997 741 1064 796 de
1097 740 1369 796 adulterio
1419 744 1706 810 suspectae.
1744 736 1983 807 Epipha-

402 839 528 893 nius
568 835 869 890 tnonachus
911 841 966 888 et
1017 834 1302 904 presbyter
1333 831 1518 886 libello
1560 830 1628 885 de
1671 829 1780 883 vita
1812 828 1982 882 beatae

403 930 585 986 Mariae
615 928 843 1000 virginis
867 926 1129 982 Jaeohum
1158 926 1304 978 hunc
1335 923 1469 977 dicit
1512 921 1681 976 fuisse
1708 918 1978 981 Judaeum,

399 1033 454 1081 et
479 1025 668 1079 iisdem
693 1036 817 1076 cum
840 1018 1063 1089 Virgine
1090 1015 1426 1086 temporibus
1455 1014 1659 1068 vixisse
1684 1032 1698 1065 :
1731 1012 1806 1066 ita
1835 1010 1980 1066 enim

399 1118 467 1173 de
497 1132 564 1173 eo
594 1113 945 1187 pronuntiat:
981 1109 1139 1163 Ἀλλά
1171 1109 1264 1162 καὶ
1296 1109 1345 1160 oi
1392 1106 1838 1177 ἐπιχειρήσαντες
1884 1102 1978 1157 καὶ

402 1208 543 1280 μέρη
598 1205 720 1260 τινά
759 1204 1003 1265 εἰπόντες
1042 1201 1141 1253 οὐκ
1182 1197 1642 1269 ὀρθοτομήσαντες
1686 1195 1825 1264 ἀμφ’
1851 1192 1978 1246 ἐαυιι

396 1304 508 1365 τοῖς
536 1298 790 1369 γεγόνασι
817 1295 1132 1364 κατήγοροι,
1159 1284 1261 1344 οἶοι
1284 1287 1539 1351 Ἰάκωϐος
1579 1285 1851 1357 Ἐϐραῖος,
1886 1285 1980 1339 καὶ

409 1388 814 1464 Ἀφροδισιανὸς
860 1386 1095 1457 Πέρσης,
1143 1383 1239 1435 καὶ
1275 1379 1424 1436 ἄλλοι
1444 1378 1611 1441 τινὲς,
1646 1377 1807 1449 μόνον
1852 1377 1980 1449 περὶ

394 1483 495 1552 τῆς
531 1481 795 1550 γενέσεως
830 1475 1003 1545 αὐτῆς
1047 1472 1329 1536 εἰπόντες,
1379 1469 1582 1533 εὐθέως
1642 1467 1977 1540 ἐσιώπησαν.

395 1572 531 1644 Περὶ
557 1571 614 1626 δὲ
651 1570 751 1640 τῆς
783 1568 1091 1638 κοιμήσεως
1135 1565 1306 1634 αὐτῆς
1347 1561 1598 1632 Ἰωάννης
1634 1562 1663 1613 6
1702 1559 1978 1613 Θεσσαλο-

395 1666 610 1729 νικεὺς,
661 1658 1090 1730 πολυθρύλλητον
1139 1654 1506 1727 ποιησάμενος
1552 1652 1708 1720 λόγον
1742 1690 1758 1716 ,
1819 1648 1980 1713 αὐτὸς

393 1756 584 1812 ἐαυτὸν
631 1752 945 1807 ἐπεσκίασε.
984 1749 1095 1803 Kal.
1146 1748 1333 1819 ἕτερος
1377 1744 1433 1799 δὲ
1492 1743 1773 1814 Ἰωάννης,
1817 1739 1979 1796 αὑτὸν

2084 547 2245 620 λοιπῇ
2284 548 2495 620 Γραφῇ.
2530 548 2641 602 Καὶ
2666 550 2827 621 ἡμεῖς
2857 549 2957 613 τὰς
2988 549 3420 621 περιγραφείσας
3444 551 3670 623 χρήσεις

2084 643 2223 714 ὑπὲρ
2251 642 2346 696 τοῦ
2387 643 2557 709 δεῖξαι
2590 642 2749 713 μόνον
2780 641 2878 709 τὴν
2910 642 3019 696 τῶν
3052 643 3372 714 ἐγρηγόρων
3415 643 3670 713 παράϐαο

2086 750 2189 797 σιν,
2222 734 2314 787 καὶ
2341 733 2441 804 τὴν
2484 732 2593 788 τῶν
2621 734 2893 804 γιγάντων
2942 734 3219 802 ἀσέϐειαν,
3264 736 3393 805 περὶ
3419 731 3484 808 ἧς
3519 736 3612 788 καὶ
3638 736 3669 786 ὁ

2084 829 2226 890 θεῖος
2252 828 2491 899 Μωῦσῆς
2524 829 2814 899 μέμνηται,
2847 828 2940 880 καὶ
2968 827 3049 879 ὃτι
3082 824 3148 878 δι’
3182 825 3377 889 αὐτοὺς
3403 827 3432 878 6
3473 841 3666 895 κοσμι-

2083 919 2176 983 κὸς
2217 918 2407 987 γέγονε
2449 918 2830 989 κατακλυσμὸς
2876 917 3247 989 παρεθέμεθα.
3301 916 3445 971 Bene
3478 918 3665 987 itaque

2084 1000 2263 1062 actum
2312 1022 2436 1062 cum
2488 1007 2590 1062 hoc
2621 1017 2869 1070 auctore,
2898 1022 3022 1060 cum
3056 1004 3378 1061 Eustathius
3417 1007 3661 1071 omissis,

2081 1108 2136 1156 et
2163 1101 2503 1156 detruncatis
2534 1100 2624 1163 iis,
2654 1115 2776 1170 quae
2810 1099 2995 1153 fucum
3027 1098 3209 1155 facere
3238 1112 3481 1169 possent,
3506 1100 3663 1155 utilia

2082 1200 2294 1246 tantum
2327 1191 2603 1263 decerpsit
2645 1193 2842 1247 devoto
2889 1191 3101 1254 lectori,
3148 1189 3498 1263 Virginisque
3541 1200 3661 1247 stu-

2083 1283 2240 1340 dioso
2270 1298 2378 1340 non
2410 1284 2785 1352 incommoda;
2815 1285 2947 1354 quin
2987 1284 3123 1337 tanti
3151 1282 3328 1338 Patris
3358 1287 3661 1341 auctoritas

2083 1375 2299 1445 pondus
2352 1376 2452 1439 illi,
2489 1384 2544 1431 et
2575 1377 2959 1431 auctoritatem
3007 1374 3180 1438 addit,
3216 1376 3489 1446 prmeipue
3531 1391 3658 1436 cum

2082 1466 2219 1520 nihil
2252 1467 2322 1522 sit
2355 1483 2422 1523 ex
2468 1467 2558 1531 iis,
2592 1483 2714 1537 qua:
2750 1468 2840 1521 hic
2885 1464 3219 1531 referuntur,
3253 1468 3400 1537 quod
3432 1469 3515 1522 vel
3550 1466 3656 1522 Ec.

2080 1557 2260 1612 clcsiaa
2291 1559 2374 1614 vel
2399 1559 2516 1629 ejus
2557 1559 2873 1613 auctoritati
2905 1560 3243 1614 contrarium
3296 1561 3387 1621 sit,
3432 1560 3543 1614 imo
3575 1570 3659 1617 te-

2081 1650 2356 1706 stimoniis
2402 1651 2672 1723 dictisque
2718 1653 2950 1718 aliorum
3000 1650 3225 1707 Patrum
3275 1660 3330 1708 et
3359 1653 3655 1710 historico-

2082 1756 2201 1796 rum
2226 1742 2407 1797 omnia
2458 1743 2567 1799 sint
2614 1750 3002 1798 consentanea.
3061 1740 3248 1811 quue
3308 1743 3565 1800 libentius
3598 1744 3656 1801 in

392 1849 639 1918 θεολόγον
667 1842 1003 1916 ἐπιχρώσας,
1036 1841 1157 1895 τότε
1188 1838 1417 1910 ψεύδους
1458 1834 1709 1906 ἔγκλημα
1740 1834 1825 1903 ἐφ’
1853 1835 1976 1886 ἐαυ-

2077 1832 2217 1886 hanc
2247 1833 2419 1887 ducor
2451 1836 2799 1898 sententiam,
2835 1847 2958 1887 cum
2992 1831 3203 1886 videam
3238 1847 3347 1887 non
3385 1832 3597 1888 laudari
3623 1849 3655 1889 a
3704 1886 3707 1889 γ

390 1943 479 1996 τὸν
532 1938 900 1995 ἐπεσπάσατο.
966 1932 1221 2005 Ἀνδρέας
1269 1931 1327 1985 δὲ
1369 1932 1397 1984 6
1443 1929 1503 1993 ἐξ
1556 1925 1972 2000 Ἰεροσολύμων,

390 2035 690 2097 ἐπίσκοπος
724 2032 971 2104 Κρήτης,
1016 2026 1174 2096 όλίγα
1216 2023 1339 2077 τινά
1382 2020 1571 2083 είπὼν,
1623 2020 1718 2073 καὶ
1761 2016 1978 2090 ὀρθοτο-

394 2128 576 2201 μήσας
602 2126 682 2187 εἰς
720 2121 997 2192 ἐγκωμίου
1016 2115 1172 2182 τάξιν
1191 2115 1288 2187 τὴν
1321 2115 1571 2185 διήγησιν
1606 2110 1852 2179 ἔστησεν.
1886 2106 1974 2174 Ει,

389 2218 670 2275 nonnullis
697 2213 996 2285 interiectis
1028 2229 1044 2266 :
1072 2208 1384 2270 Ἀθανάσιος
1408 2207 1465 2261 δὲ
1489 2208 1516 2260 6
1549 2203 1973 2275 Ἀλεξανδρείας,

391 2312 487 2367 καὶ
509 2310 661 2365 Λέων
685 2311 714 2363 6
761 2306 1003 2377 Ῥώμης,
1038 2302 1282 2365 εἰπόντες
1307 2300 1436 2371 περὶ
1457 2299 1646 2370 αὐτῆς,
1677 2298 1761 2350 ὅτι
1785 2294 1975 2349 ἐπιθυ-

394 2403 523 2475 μίαν
573 2400 766 2471 ἀνδρὸς
808 2396 1067 2468 ὴγνόησε,
1094 2394 1190 2448 καὶ
1239 2393 1295 2446 αἱ
1354 2390 1506 2459 ἅγιαι
1554 2389 1725 2440 πᾶσαι
1771 2384 1975 2438 σύνοδοι

389 2495 659 2570 ὀρθόδοξοι
710 2492 773 2545 τὸ
822 2487 953 2545 αὐτὸ
989 2483 1474 2559 ἐπιμαρτυροῦσιν.
1532 2475 1655 2534 Οἷον
1719 2477 1974 2543 Ἰάκωϐος

403 2591 672 2663 Ἐϐραῖος,
706 2586 826 2639 τότε
864 2581 1077 2653 παρὼν,
1111 2581 1207 2633 καὶ
1260 2577 1332 2631 τά
1372 2576 1499 2647 περὶ
1542 2574 1709 2645 αὐτὴν
1737 2570 1974 2644 γράψας,

390 2682 561 2750 λέγει,
592 2680 693 2744 ὅτι,
729 2676 817 2731 διὰ
839 2674 900 2728 τὸ
941 2671 1192 2743 γενέσθαι
1220 2669 1372 2736 ξένον
1400 2667 1493 2721 καὶ
1517 2664 1976 2736 παρηλλαγμένον

390 2774 535 2831 κατὰ
585 2772 762 2827 πάντα
809 2769 903 2823 τὸν
957 2766 1176 2820 τοκετὸν
1196 2802 1212 2828 ,
1264 2760 1667 2834 ψηλαφισθεῖσα
1728 2757 1833 2811 ὑπὸ
1876 2755 1978 2825 τῆς

394 2869 581 2942 μαίας,
631 2862 830 2936 εὑρέθη
874 2859 1165 2932 παρθένος,
1217 2856 1293 2919 ὡς
1340 2854 1447 2925 πρὸ
1496 2850 1590 2904 τοῦ
1638 2850 1838 2942 τόκουῖ
1883 2847 1976 2942 καὶ

402 2939 613 3015 Ῥουϐὶν
641 2956 700 3009 δὲ
728 2957 756 3009 6
787 2952 964 3024 ἱερεὺς
1019 2950 1178 3005 τοῦτο
1209 2944 1719 3017 ἐπεξεργασάμενος
1766 2939 1854 2994 διὰ
1879 2939 1979 3011 τῆς

389 3050 610 3121 Μαρίας
644 3043 1088 3117 ἐπληροφορήθη.
1128 3038 1405 3109 Quidquid
1460 3045 1643 3091 tamen
1695 3034 1787 3096 sit,
1841 3033 1978 3088 illud

2075 1925 2604 1989 nostroEustathio
2658 1934 2917 1997 tanquam
2976 1941 3115 1995 opus
3142 1923 3330 1980 Jacobi
3393 1928 3653 1997 aposmli,

2075 2016 2172 2074 sed
2206 2017 2432 2073 alterius
2461 2017 2770 2088 cujusdam,
2804 2016 2950 2087 quod
2981 2018 3286 2072 clarissime
3315 2018 3657 2088 signiﬁcatur

2075 2109 2354 2165 additione
2391 2110 2483 2163 illa
2538 2127 2644 2173 τις,
2689 2110 2944 2174 Ἰάκωϐός
2972 2126 3059 2172 τις
3082 2148 3099 2172 ,
3135 2108 3369 2165 Iacobus
3411 2111 3652 2181 quidam.

2074 2202 2230 2268 Quod
2255 2202 2302 2257 si
2330 2204 2698 2257 existimasset
2719 2216 2843 2257 esse
2870 2203 3122 2271 apostoli,
3157 2217 3435 2273 nunquam
3468 2203 3658 2259 siluis-

2075 2304 2188 2358 set;
2219 2302 2292 2359 et,
2321 2293 2465 2363 quod
2496 2309 2604 2348 non
2638 2301 2723 2349 est
2756 2293 2985 2349 minoris
3026 2294 3307 2358 momenti,
3356 2294 3659 2364 Gregorius

2078 2382 2362 2455 Nyssenus
2407 2385 2475 2440 de
2526 2385 2815 2443 nativitate
2856 2385 3092 2456 Virginis
3140 2394 3404 2452 tractans,
3448 2403 3516 2441 ex
3549 2386 3655 2442 hoc

2075 2478 2260 2533 libello
2288 2480 2461 2533 multa
2497 2488 2776 2534 mutuatus
2813 2495 2936 2536 esse
2964 2481 3179 2535 videtur
3204 2481 3371 2534 tacito
3407 2481 3656 2536 auctoris

2076 2570 2314 2636 nomine,
2345 2570 2449 2626 etsi
2489 2570 2633 2625 inter
2677 2572 2987 2642 apocrypha
3034 2573 3279 2641 rejiciat;
3318 2571 3439 2641 ejus
3491 2571 3652 2627 verba

2075 2665 2346 2721 habentur
2380 2664 2525 2736 apud
2558 2664 2879 2737 Symeonem
2910 2665 3332 2736 Metaphrastem
3364 2666 3440 2720 De
3457 2666 3655 2721 nativia

2077 2758 2204 2812 tam"
2226 2766 2275 2812 et
2331 2757 2638 2812 educatione
2687 2757 2851 2813 beata:
2902 2758 3093 2812 Maria:
3135 2758 3407 2826 Virginis:
3446 2758 3656 2813 Αὐτίκα

2075 2848 2205 2918 γοῦν
2261 2851 2289 2902 6
2343 2849 2485 2912 θεῖος
2535 2848 2832 2921 Γρηγόριος
2884 2852 2941 2904 ἐν
2992 2849 3070 2921 τῷ
3116 2850 3279 2921 λόγῳ,
3320 2850 3378 2915 ὃς
3431 2851 3511 2913 είς
3556 2849 3656 2922 τὴν

2075 2936 2313 3013 Χριστοῦ
2350 2942 2600 3013 γέννησιν
2633 2942 2782 3013 αὐτῷ
2813 2942 3113 3015 συνετάχθη
3150 2942 3328 2997 τοιάδε
3370 2942 3499 3014 περὶ
3525 2942 3655 2996 ταύ-

2075 3049 2175 3104 της
2202 3032 2558 3103 διαλαμϐάνει
2577 3049 2591 3063 °
2638 3033 2903 3096 Ἤκουσα,
2938 3032 3133 3101 λέγων,
3163 3031 3480 3103 ἀποκρύφου
3508 3030 3654 3095 τινὸς

394 3142 744 3200 verissimum
792 3146 897 3199 est,
947 3137 1213 3205 scriptum
1246 3133 1350 3187 hoc
1383 3144 1507 3186 esse
1555 3126 1868 3196 antiquum,
1918 3133 1973 3180 et

2081 3124 2319 3197 ἱστορίας
2334 3125 2557 3179 τοιαῦτα
2584 3123 3022 3197 παρατιθεμένης
3044 3124 3112 3178 τά
3129 3125 3256 3196 περὶ
3272 3124 3441 3194 αὐτῆς
3456 3123 3654 3195 διηγή-

393 3234 751 3293 circumcirca
816 3228 1189 3292 apostolorum
1254 3232 1500 3295 tempora
1569 3220 1964 3288 conscriptum.

391 3328 504 3386 Nec
529 3327 778 3389 dubium,
809 3323 865 3378 in
894 3323 1021 3384 hoc,
1045 3320 1189 3376 sicut
1216 3324 1270 3373 et
1299 3317 1355 3371 in
1385 3314 1574 3371 multis
1596 3313 1719 3368 aliis
1747 3311 1966 3374 accidit,

392 3426 462 3483 ab
506 3423 778 3479 haereticis
826 3418 998 3473 multa
1032 3415 1206 3471 fuisse
1256 3412 1462 3467 inserta
1506 3406 1817 3464 astruenda:
1849 3419 1973 3475 pro-

394 3517 527 3588 priae
584 3515 857 3569 haereseos
890 3523 1080 3573 causa,
1127 3503 1489 3572 veritatisque
1532 3499 1817 3553 catholicae
1874 3495 1969 3550 de-

391 3587 686 3666 struenda.
731 3603 969 3673 Ideoque
996 3600 1117 3669 ejus
1143 3597 1306 3653 lectio
1332 3610 1434 3650 nec
1462 3591 1718 3646 omnibus
1748 3587 1974 3658 permit-

394 3701 576 3765 tenda,
603 3708 657 3754 et
690 3697 1003 3768 quicunque
1043 3690 1291 3761 legerint,
1322 3693 1529 3742 attente
1570 3681 1704 3737 illud
1752 3694 1974 3749 percur-

394 3800 535 3856 rent,
569 3807 641 3845 ne
687 3803 809 3859 quae
853 3783 1095 3840 haeretici
1130 3779 1392 3844 absurda,
1424 3785 1478 3832 et
1527 3786 1717 3831 contra
1755 3770 1972 3825 divinas

395 3883 632 3939 Litteras
660 3879 823 3941 clam,
848 3875 1147 3943 doloseque
1169 3871 1550 3930 disseminant,
1581 3865 1687 3934 ipsi
1711 3871 1972 3931 tanquam

393 3987 524 4027 vera
554 3968 808 4025 hauriant
839 3974 893 4023 et
924 3966 1180 4037 genuina,
1213 3962 1282 4016 de
1327 3960 1529 4029 quibus
1560 3967 1720 4012 caute
1751 3953 1884 4009 satis
1919 3958 1973 4006 et

395 4063 662 4134 Georgius
701 4060 1021 4133 Syncellus:
1058 4056 1245 4110 Ταῦτα
1281 4053 1377 4125 μὲν
1424 4054 1490 4105 ἐκ
1518 4047 1611 4103 τοῦ
1644 4046 1860 4118 πρώτου
1895 4042 1978 4115 βιι

395 4152 546 4206 ϐλίου
589 4150 758 4221 Ἑνὼχ
784 4149 913 4221 περὶ
936 4147 1044 4202 τῶν
1071 4144 1409 4216 ἐγρηγόρων,
1433 4142 1482 4194 εί
1510 4140 1604 4194 καὶ
1641 4137 1715 4209 μὴ
1756 4135 1974 4199 τελείως

394 4245 502 4319 χρὴ
539 4245 826 4318 προσέχειν
852 4239 1212 4312 ἀποκρύφοις,
1248 4236 1480 4308 μάλιστα
1521 4232 1647 4294 τοὺς
1677 4228 1975 4284 ἁπλουστέ-

397 4318 544 4412 ρους,
575 4337 663 4391 διά
692 4354 753 4389 τε
787 4333 849 4388 τὸ
886 4333 1104 4405 κρυπτά
1143 4345 1266 4383 τινα
1294 4327 1390 4381 καὶ
1425 4323 1622 4396 ἀτριϐῆ
1654 4322 1752 4393 τῆς
1780 4318 1975 4412 ἐκκλη-

398 4410 681 4501 σιαστικῆς
705 4427 1052 4500 παραδόσεως
1083 4424 1244 4495 ἔχειν,
1292 4421 1385 4475 καὶ
1416 4418 1503 4472 διὰ
1528 4416 1589 4469 τὸ
1628 4410 1973 4466 νενοθεῦσθαι

2073 3232 2251 3290 ματαρ
2279 3217 2576 3288 Ἐπίσημος
2592 3214 2679 3288 ἦν.
2694 3227 2801 3274 etc.
2827 3217 2956 3284 Qua:
2979 3218 3212 3288 pessime
3231 3224 3298 3271 ιιι]
3315 3217 3549 3272 reddidit
3567 3216 3654 3273 itt-

2070 3318 2282 3381 terpres
2301 3310 2520 3367 :Audim‘
2538 3327 2810 3376 arcanam,
2834 3320 2882 3365 et
2898 3311 3154 3364 occultam
3176 3309 3456 3380 quamdam
3484 3309 3652 3364 histo-

2071 3404 2208 3456 riam
2226 3402 2357 3457 tales
2375 3401 2439 3455 de
2459 3418 2522 3457 ea
2542 3402 2844 3470 prodentem
2871 3404 3230 3466 narrationes,
3250 3417 3349 3455 uec
3366 3400 3508 3455 enim
3528 3399 3657 3453 ἀπό-

2070 3512 2278 3568 κρυφος
2338 3495 2393 3548 in
2442 3495 2720 3559 historiis,
2765 3509 2996 3556 arcana,
3051 3501 3107 3548 et
3159 3493 3374 3548 occulta
3420 3489 3651 3545 historia

2070 3596 2174 3643 est.
2207 3586 2343 3642 Puto
2378 3587 2523 3641 hunc
2564 3601 2687 3642 esse
2715 3584 2979 3640 Jacobum
3030 3585 3190 3655 cujus
3241 3583 3489 3639 meminit
3523 3579 3644 3636 Ori-

2071 3695 2239 3752 genes
2268 3680 2417 3733 hom.
2455 3678 2524 3732 15
2550 3679 2603 3732 in
2629 3676 2967 3732 Matt/imum.

2142 3769 2261 3823 Col.
2294 3768 2417 3829 772,
2448 3769 2546 3822 lin.
2597 3769 2685 3823 '51.
2723 3769 2819 3821 Ἐν
2856 3766 2985 3833 ταῖς
3006 3765 3248 3837 φυλαῖς.
3281 3765 3353 3821 De
3397 3767 3500 3821 hoc
3531 3765 3657 3821 vide

2072 3860 2336 3915 Joannem
2388 3859 2817 3924 Damascenum,
2867 3859 2945 3913 De
3003 3859 3109 3930 fide
3164 3858 3374 3915 orthod.
3427 3859 3523 3913 lib.
3577 3875 3654 3926 iv,

2075 3958 2239 4027 capit.
2276 3955 2377 4021 15;
2411 3955 2802 4027 Epiphanium,
2840 3955 3030 4010 haeres.
3062 3954 3151 4019 78,
3200 3953 3463 4009 adversus
3499 3951 3655 4007 Anti-

2075 4047 2555 4115 dicomarianitas;
2604 4054 2662 4102 et
2714 4046 2907 4100 haeres.
2968 4044 3037 4110 9,
3095 4028 3360 4100 adversus
3422 4042 3655 4116 Collyri-

2076 4139 2291 4194 dianos.

2145 4230 2308 4295 lbid.,
2332 4230 2432 4285 lin.
2449 4229 2538 4286 52.
2562 4227 2787 4298 Ἀνδρα
2817 4229 3138 4282 πλούσιον.
3167 4225 3414 4281 Joachim
3432 4222 3651 4281 Patrem

2082 4323 2324 4395 Virginis
2339 4332 2394 4378 et
2410 4322 2655 4385 divitem,
2681 4329 2736 4377 et
2756 4320 2961 4374 sobolis
2974 4326 3248 4388 expertem
3274 4320 3513 4372 maximo
3528 4332 3656 4373 cum

2078 4414 2268 4471 dolore
2288 4415 2356 4468 ad
2378 4412 2546 4468 Deum
2562 4412 2877 4482 confugisse
2897 4411 2969 4465 ita
2994 4418 3180 4464 narrat
3198 4408 3493 4478 Gregorius
3513 4407 3656 4479 Nys—

394 4523 534 4579 αὑτά
558 4497 665 4578 ὑπδ
700 4497 962 4576 Ἰουδαίων
980 4519 1072 4573 καὶ
1097 4512 1405 4587 αἱρετικῶν.
1438 4510 1584 4579 Πλὴν
1613 4505 1707 4560 καὶ
1734 4506 1763 4557 ὁ
1794 4503 1969 4576 μακά·
2002 4513 2045 4567 D
2074 4523 2259 4569 senus,
2274 4504 2521 4560 oratione
2535 4504 2614 4567 d.,
2631 4503 2928 4573 Ἐπίσημος
2942 4497 3010 4574 ἦν
3023 4503 3081 4555 ἐν
3095 4504 3160 4572 τῇ
3175 4500 3313 4554 κατὰ
3327 4501 3487 4571 νόμον
3500 4500 3655 4570 ἀκρι-

396 4634 513 4691 ριος
542 4613 756 4678 Παῦλος
802 4612 1043 4675 σπανίως
1075 4604 1347 4680 ἐχρήσατό
1378 4618 1519 4657 τισιν
1546 4594 1969 4691 ἐξᾼάποκρύιρων

394 4684 676 4781 χρήσεσιν,
690 4705 766 4769 ὡς
788 4705 916 4759 ὅταν
936 4702 1099 4773 φησιν
1123 4699 1180 4751 ἐν
1202 4698 1268 4767 τῇ
1288 4694 1422 4765 πρὸς
1442 4684 1972 4781 Κορινθίουςπρώτῃ

408 4778 694 4870 Ἰζπιστολῇ
711 4797 781 4852 τὰ
801 4817 820 4850 ι
842 4792 1149 4865 Ὀφθαλμὺς
1163 4790 1263 4843 οὐκ
1278 4783 1505 4851 εῐδε,καὶ
1519 4780 1613 4846 οὓς
1633 4779 1734 4834 οὐκ
1747 4778 1970 4870 ἤκουσε,

394 4894 490 4950 καὶ
514 4892 605 4947 ἐπὶ
632 4867 859 4963 καρδίαν
887 4882 1175 4959 ἀνθρώπου
1215 4879 1318 4934 οὐκ
1351 4874 1540 4946 ἀνέϐη,
1572 4894 1591 4927 ι
1628 4871 1723 4927 καὶ
1756 4868 1823 4963 τά
1847 4867 1974 4963 ἐξῆς

406 4985 562 5040 Ἠλία
609 4961 966 5053 ἀποκρύφων.
1008 4975 1120 5031 Καὶ
1152 4972 1312 5027 πάλιν
1341 4971 1399 5024 ἐν
1443 4970 1509 5039 τῇ
1544 4965 1681 5037 πρὸς
1728 4961 1974 5023 Γαλάτας

395 5080 459 5133 ἐκ
500 5077 599 5148 τῆς
638 5070 918 5135 Μωῦσέως
945 5064 1357 5136 ἀτωκαλύψεως·
1398 5079 1419 5114 ι
1455 5061 1592 5116 Οὔτε
1621 5058 1892 5131 περιτομή
1921 5056 1975 5109 τί

380 5172 543 5224 ἐστιν
566 5166 692 5222 οὗτε
723 5162 1079 5237 ἀκροϐυστία,
1110 5156 1251 5214 ἀλλά
1273 5154 1435 5227 καινὴ
1467 5153 1665 5217 κτίσις.
1714 5170 1733 5204 ι
1767 5151 1879 5204 Kal.
1919 5150 1978 5202 ἐν

397 5263 463 5334 τῇ
494 5260 631 5334 πρὸς
662 5257 941 5328 Ἐφεσίους
969 5257 1034 5308 ἐκ
1054 5252 1161 5306 τῶν
1204 5248 1463 5322 Ἰερεμίου
1505 5245 1814 5317 λεγομένων
1844 5243 1978 5296 ἀπο-

399 5348 643 5425 κρύφων,
684 5369 703 5402 ι
745 5347 1074 5420 Ἔγειραι,ό
1103 5341 1401 5409 καθεύδων,
1431 5341 1526 5395 καὶ
1557 5336 1765 5392 ἀνάστα
1797 5338 1862 5390 ἐκ
1892 5351 1981 5387 νε-

399 5443 567 5515 κρῶν,
600 5443 697 5497 καὶ
729 5439 1021 5510 ἐπιφαύσει
1049 5453 1132 5492 σοι
1151 5438 1181 5490 6
1206 5433 1458 5507 Χριστός.
1492 5451 1514 5484 ›
1551 5428 1737 5485 Ταῦτα
1765 5429 1821 5483 δὲ
1845 5429 1978 5498 ἡμῖν

401 5537 611 5610 εἴρηται
642 5536 704 5590 οὺ
739 5533 874 5607 πρὸς
923 5532 1102 5587 ἄδειαν
1152 5528 1261 5584 τῶν
1298 5523 1635 5597 βουλομένων
1668 5520 1980 5589 ἀδιαφόρως

402 5626 747 5698 ἐντυγχάνειν
766 5643 779 5657 ·
816 5625 889 5697 μὴ
933 5622 1174 5693 γένοιτοι
1220 5619 1412 5673 Πολλοὶ
1449 5616 1557 5688 γάρ
1585 5613 1895 5685 ἐϐλάϐησαν
1922 5613 1981 5666 ἐν

405 5721 568 5774 πᾶσιν
597 5719 777 5780 αὐτοῖς
810 5714 1184 5778 πιστεύοντεςο
1212 5713 1334 5767 ὅθεν
1364 5711 1458 5763 καὶ
1488 5711 1521 5779 ή
1565 5707 1696 5776 ἁγία
1719 5705 1813 5760 τοῦ
1842 5702 1979 5757 Θεοῦ

416 5808 731 5879 Ἐκκλησία,
777 5808 872 5860 καὶ
902 5809 930 5860 6
974 5805 1133 5874 χορὸς
1157 5803 1266 5857 τῶν
1293 5801 1568 5873 θεοφόρων
1602 5799 1761 5870 ήμῶν
1804 5797 1981 5850 Πατέ-

2073 4599 2158 4651 ϐεῖ
2170 4597 2435 4668 πολιτείᾳ,
2448 4595 2541 4649 καὶ
2556 4594 2829 4668 γνώριμος
2841 4596 2899 4648 ἐν
2910 4598 3021 4658 τοῖς
3036 4592 3340 4656 καλλίπαις
3351 4595 3379 4646 6
3389 4592 3485 4662 τῆς
3504 4591 3588 4643 Πα
3596 4607 3656 4661 ρ-

2075 4688 2228 4743 θένου
2255 4686 2459 4759 πατὴρ,
2488 4689 2655 4753 ἄπαις
2686 4688 2744 4742 δὲ
2789 4688 3073 4758 κατεγήρα
3104 4686 3195 4739 τὸν
3231 4684 3365 4757 βίον,
3402 4685 3483 4737 ὅτι
3506 4680 3659 4753 αὐτῷ

2074 4779 2213 4854 πρὸς
2241 4780 2584 4848 τεκνογονίαν
2637 4780 2737 4833 οὐκ
2770 4779 3087 4850 ἐπιτηδείως
3137 4773 3281 4848 εἶχεν
3315 4777 3349 4847 ἡ
3387 4774 3653 4837 σύνοικος.

2074 4868 2183 4927 Ἦν
2204 4872 2261 4926 δέ
2304 4889 2388 4937 τις
2414 4875 2478 4927 ἐκ
2501 4872 2595 4927 τοῦ
2627 4872 2793 4942 νόμου
2822 4872 2954 4943 τιμὴ
3002 4873 3123 4934 ταῖς
3164 4868 3453 4940 μητράσιν,
3491 4862 3559 4939 ἦς
3591 4865 3655 4918 οὗ

2080 4968 2328 5036 μετεῖχον
2354 4966 2403 5018 οἱ
2434 4964 2637 5034 ἀγονοι.
2655 4965 2921 5035 Μιμεῖται
2939 4962 3117 5016 τοίνυν
3143 4962 3236 5016 καὶ
3265 4961 3403 5030 αὑτὴ
3436 4957 3505 5012 τὰ
3529 4959 3656 5030 περὶ

2076 5057 2175 5127 τῆς
2206 5055 2411 5128 μητρὸς
2438 5054 2535 5110 τοῦ
2564 5055 2818 5127 Σαμουὴλ
2854 5055 3190 5126 διηγήματα,
3230 5053 3325 5106 καὶ
3364 5050 3514 5114 ἐντδς
3561 5048 3656 5102 τοῦ

2079 5149 2208 5203 ναοῦ
2248 5149 2419 5217 ἀγίων
2469 5149 2749 5220 γινομένη,
2799 5146 2984 5220 ἱκέτης
3020 5147 3230 5216 γίνεται
3262 5143 3359 5198 τοῦ
3400 5142 3536 5197 Θεοῦ
3584 5141 3662 5214 μὴ

2079 5240 2185 5306 ἔξω
2214 5243 2401 5295 πεσεῖν
2429 5242 2529 5311 τῆς
2563 5242 2627 5294 ἐκ
2654 5239 2760 5294 τῶν
2801 5240 2982 5309 νόμων
3031 5237 3302 5306 εὐλογίας,
3345 5235 3659 5309 ἐξαμαρτά-

2080 5351 2247 5389 νουσα
2278 5335 2408 5406 περὶ
2438 5334 2530 5388 τὸν
2561 5333 2727 5404 νόμον
2757 5333 2909 5386 οὐδέν
2928 5348 2941 5363 ·
2974 5328 3305 5401 γενέσθαιδέ
3338 5330 3521 5400 μήτηρ
3565 5329 3665 5383 καί

2081 5424 2387 5497 ἀφιερῶσαι
2417 5423 2536 5495 Θεῷ
2567 5425 2628 5478 τὺ
2654 5424 2990 5495 τικτόμενον.
3026 5420 3163 5476 Vide
3190 5418 3550 5489 Epiphanium
3581 5417 3662 5474 De

2082 5519 2336 5573 laudibus
2372 5518 2538 5571 beata:
2592 5517 2785 5571 Maria:
2834 5516 3107 5586 Virginis,
3161 5513 3433 5568 Andream
3479 5512 3662 5566 Caesa-

2084 5612 2345 5675 riensem,
2381 5610 2734 5675 Germanum,
2770 5617 2825 5662 et
2855 5609 3011 5663 alios.

2152 5702 2267 5757 Col.
2308 5702 2431 5763 775,
2475 5702 2571 5756 lin.
2610 5701 2696 5755 13.
2746 5702 2855 5755 Καὶ
2896 5698 3078 5768 γνοὺς
3112 5697 3227 5766 τὴν·
3252 5696 3526 5768 γυναῖκα.
3579 5691 3661 5748 Ex

2085 5795 2171 5851 his
2202 5794 2463 5850 refellitur
2500 5793 2994 5864 Collyridianorum
3042 5806 3216 5858 error,
3247 5790 3339 5861 qui
3374 5788 3463 5842 Dei
3497 5788 3662 5842 Geni-
