4100 6424
455 426 583 482 1041

1470 424 1538 479 ΙΝ
1579 423 1950 480 ΕυδΤΑτιιιι
2001 423 2476 480 HEXAEMERON
2514 421 2744 478 NOTAE.

3557 428 3698 484 1042

449 541 643 602 tricem
678 535 902 592 Mariam
931 537 1182 592 humanas
1212 545 1421 593 natura:
1469 553 1698 608 prorsus
1728 547 2024 608 expertem,
2055 546 2102 604 Α
2129 538 2204 592 lta
2226 537 2492 609 Origenes
2521 554 2679 607 super
2708 536 3044 604 Matthaaum,
3077 555 3198 611 cap.
3236 540 3336 606 i3;
3364 539 3702 611 Epiphanius

452 646 518 687 ac
553 630 752 684 divinze
782 637 996 682 tantum
1033 628 1356 698 participem
1401 628 1571 684 fuisse
1602 629 1875 694 dicebant,
1910 644 2033 682 cum

452 738 520 778 ex
553 721 656 776 hoc
686 720 1008 783 habeamus,
1041 717 1287 773 Joachim
1312 734 1439 773 cum
1462 720 1616 773 Anna
1657 720 2031 780 concubitum,

455 813 692 881 indeque
725 819 1037 881 generatam
1067 817 1123 863 et
1172 818 1350 864 ortam
1383 809 1675 880 Virginem.
1712 809 1872 864 Certe
1901 809 2038 863 illud

455 905 632 974 angeli
670 904 876 957 dictum
905 900 1150 957 Joachim
1182 903 1237 956 in
1268 903 1508 966 deserto,
1538 917 1673 955 uxor
1721 911 1814 955 tua
1859 917 2036 954 conce-

453 997 550 1066 pit,
582 1005 875 1064 antequam
919 991 1143 1047 domum
1190 995 1422 1056 veniret,
1454 994 1509 1046 in
1559 993 1873 1046 narratione
1930 993 2035 1046 ista

457 1103 564 1142 non
598 1088 816 1157 legitur,
856 1088 966 1141 imo
994 1086 1127 1141 satis
1165 1095 1352 1154 aperte
1397 1085 1703 1155 oppositum
1739 1084 2031 1154 colligitur.

457 1178 536 1234 Ex
570 1195 680 1250 quo
728 1178 1076 1233 manifestum
1124 1184 1208 1231 est
1251 1177 1319 1231 ab
1373 1177 1646 1232 haereticis
1692 1175 1890 1230 librum
1939 1173 2034 1228 de-

459 1281 742 1344 pravatum
773 1279 1016 1339 tempore
1054 1267 1365 1338 Epiphanii,
1409 1268 1502 1337 qui
1545 1266 1732 1322 forsan
1760 1262 2035 1320 Eustathii

456 1369 702 1432 tempore
728 1364 1082 1430 incorruptus
1107 1366 1162 1415 et
1189 1360 1426 1414 intactus
1450 1359 1629 1414 adhuc
1650 1357 1826 1414 fuerat
1857 1371 2035 1411 reser-

459 1463 640 1512 vatus.

531 1542 649 1599 Col.
671 1544 793 1606 775,
820 1544 915 1598 lin.
943 1542 1028 1597 H.
1064 1541 1170 1595 Καὶ
1200 1537 1486 1606 ὀνομάζει.
1519 1536 1816 1604 Gregorius
1830 1534 2034 1606 Nysse-

460 1652 568 1691 nus
586 1655 598 1688 :
617 1633 1004 1705 Δυναμωθεῖσα
1035 1633 1092 1685 δὲ
1125 1630 1399 1702 Πνεύματι
1435 1630 1562 1700 θείῳ
1590 1629 1724 1700 πρὸς
1751 1629 1850 1699 τὴν
1877 1629 2034 1699 χάριν

460 1727 526 1798 ἦν
573 1726 803 1796 ᾔτησεν,
857 1725 979 1776 ἐπεὶ
1028 1723 1213 1776 ἔτεκεν
1261 1720 1497 1784 παιδίον,
1543 1721 1823 1790 ὠνόμασεν
1866 1721 2033 1791 αὐτὴν

460 1818 715 1889 Μαριὰμ,
744 1818 818 1882 ὼς
849 1816 914 1871 ἂν
941 1815 1036 1868 καὶ
1061 1814 1146 1868 sta
1177 1815 1275 1885 τῆς
1309 1812 1622 1882 ἐπωνυμίας
1670 1811 1729 1864 τὸ
1758 1810 2030 1863 θεόσδοτον

459 1885 855 1983 διασημανθείη
907 1910 1006 1978 τῆς
1055 1909 1298 1978 χάριτος.
1367 1904 1775 1976 Ἀνδρυνθεῖσαν
1824 1903 1882 1957 δὲ
1935 1903 2034 1974 ἤδη
2067 1885 2108 1940 Β

458 2007 558 2077 τὴν
592 2005 779 2076 κόρην,
813 2004 886 2064 ὡς
921 2001 1117 2072 μηκέτι
1148 1999 1352 2053 δεῖσθαι
1382 1995 1738 2067 προσανέχειν
1768 1996 1835 2064 τῇ
1879 1993 2036 2066 θηλῇ,

459 2094 748 2150 ἀποδοῦναι
781 2091 858 2162 τῷ
896 2091 1034 2163 Θεῷ,
1067 2091 1159 2145 καὶ
1209 2088 1498 2162 πληρῶσαι
1548 2087 1648 2158 τὴν
1687 2084 2035 2154 ἐπαγγελίαν,

460 2185 556 2240 καὶ
589 2185 954 2256 προσαγαγεῖν
997 2181 1074 2252 τῷ
1120 2180 1243 2251 νεῴ.
1282 2180 1605 2251 Hippolytus
1652 2185 1859 2249 martyr
1895 2175 2037 2244 apud

461 2277 846 2346 Nicephorum,
881 2276 917 2328 l.
939 2289 999 2336 ιι,
1018 2289 1139 2342 cap.
1165 2273 1198 2326 ’5
1226 2291 1239 2326 :
1274 2272 1399 2326 Tres
1427 2272 1570 2339 fuere
1595 2286 1800 2325 sorores
1828 2268 2038 2323 Bethle-

461 2368 740 2430 hemiticaz,
776 2366 903 2435 ﬁlia:
936 2363 1123 2418 Matan
1155 2362 1471 2425 sacerdotis,
1503 2370 1552 2414 et
1582 2359 1774 2414 Maria:
1802 2359 2040 2428 conjugis

460 2459 595 2527 ejus,
652 2457 746 2512 sub
804 2455 1120 2523 Cleopatrae,
1166 2464 1215 2508 et
1281 2452 1565 2522 Casoparis
1626 2452 1806 2506 Persae
1857 2465 2034 2519 regno,

462 2560 582 2603 ante
614 2547 841 2605 Herodis
875 2547 1146 2616 Antipatri
1177 2547 1277 2605 ﬁlii
1310 2560 1544 2614 regnum.
1599 2542 1796 2597 Prima:
1822 2540 2034 2602 Mariae,

461 2639 701 2695 secunda:
765 2637 932 2700 Sabe,
989 2638 1156 2690 tertia:
1207 2637 1376 2690 Anna:
1425 2651 1612 2690 nomen
1664 2642 1778 2688 erat
1812 2648 1830 2686 :
1861 2633 2038 2694 nupsit

461 2734 634 2802 prima
665 2734 720 2787 in
763 2731 1062 2786 Bethlehem
1113 2728 1316 2793 Maria,
1346 2737 1394 2782 et
1422 2727 1616 2797 peperit
1643 2725 1908 2780 Salomem
1950 2720 2041 2774 ob-

462 2825 722 2880 stetricem
755 2839 774 2878 :
808 2822 984 2891 nupsit
1015 2837 1214 2892 quoque
1242 2819 1470 2874 secunda
1505 2817 1695 2871 ibidem
1736 2817 1791 2869 in
1827 2813 2038 2868 Bethle-

461 2917 576 2970 Item
617 2914 770 2976 Sobe,
802 2924 850 2968 et
899 2915 1075 2986 genuit
1129 2912 1426 2975 Elisabeth,
1463 2911 1639 2978 nupsit
1685 2917 1947 2976 postremo
1987 2913 2037 2958 et

464 3007 618 3060 tertia
657 3005 812 3059 Anna
868 3006 922 3058 in
974 3014 1118 3059 terra
1169 3001 1420 3068 Galila’a,
1453 3009 1502 3055 et
1527 2999 1747 3069 protulit
1804 2996 2038 3051 Mariam

462 3095 560 3151 Dei
598 3099 937 3166 genitricem,
989 3111 1055 3150 ea:
1095 3111 1198 3165 qua
1245 3094 1392 3148 nobis
1443 3102 1600 3146 natus
1645 3099 1722 3144 est
1768 3087 2032 3144 Christus.

461 3189 672 3255 Quibus
691 3188 884 3242 refellit
907 3187 1174 3241 Baronius
1200 3201 1386 3239 eorum
1415 3183 1738 3238 sententiam
1772 3182 1864 3252 qui
1885 3181 2039 3235 dixe-

465 3287 590 3336 runt
612 3277 669 3332 S.
694 3279 903 3332 Annam
931 3278 1092 3333 tertio
1106 3283 1350 3346 nuptam,
1371 3282 1424 3328 et
1454 3272 1700 3343 singulas
1721 3287 1786 3327 ex
1809 3270 2037 3340 singulis

462 3372 596 3425 viris
623 3371 880 3440 genuisse
913 3369 1072 3433 filias,
1100 3375 1156 3423 et
1181 3381 1372 3422 eorum
1400 3365 1493 3435 qui
1521 3363 1700 3419 conati
1726 3373 1852 3416 sunt
1886 3375 2038 3416 asse-

465 3478 604 3523 rere.
636 3477 702 3516 cx
731 3460 919 3515 eodem
962 3461 1082 3514 viro
1116 3457 1362 3513 Joachim
1410 3464 1520 3512 tres
1559 3455 1838 3526 peperisse
1876 3451 2034 3506 filias.

536 3550 694 3614 lbid.,
749 3549 846 3603 lin.
883 3548 970 3604 16.
1026 3547 1371 3616 Γενομένης
1417 3545 1486 3598 δὲ
1524 3543 1732 3612 αὐτῆς.
1793 3541 2033 3597 Evodius

464 3643 758 3712 episcopus
806 3640 1186 3694 Autiochenus
1217 3637 1361 3708 apud
1410 3635 1799 3703 Nicephorum,
1833 3634 1928 3689 lib.
1974 3647 2034 3697 ιι,

464 3749 564 3804 cap
625 3734 658 3788 5
684 3752 696 3788 :
727 3731 967 3787 Trimula
999 3748 1119 3791 cum
1158 3738 1290 3786 esset
1325 3730 1378 3783 in
1411 3728 1655 3796 tentptum
1687 3734 2035 3796 prwsentata,

464 3825 538 3877 ibi
581 3824 634 3877 iu
663 3822 874 3877 Sanctis
925 3831 1228 3877 sanctorum
1278 3819 1514 3873 traduxit
1571 3834 1736 3871 annos
1776 3816 2035 3883 undecim,

462 3913 648 3969 deinde
682 3932 800 3969 vero
849 3914 1184 3969 sacerdotum
1227 3911 1469 3966 manibus
1519 3909 1710 3978 Joseph
1757 3907 1824 3962 ad
1864 3917 2038 3961 custo-

461 4006 606 4059 diam
637 4017 714 4060 est
747 4005 968 4070 tradita,
1016 4004 1154 4075 apud
1186 4021 1336 4075 quem
1373 4019 1490 4056 cum
1524 4018 1724 4056 menses
1761 4000 2036 4069 peregisset

461 4106 709 4170 quatuor,
748 4097 811 4150 ab
844 4099 1026 4168 angelo
1053 4097 1230 4150 [tutum
1261 4093 1396 4149 illud
1428 4096 1623 4163 accepit
1658 4089 2038 4146 nuntium.Pe-

459 4193 592 4260 perit
615 4201 788 4246 autem
822 4191 969 4245 illius
1007 4189 1186 4244 mundi
1212 4189 1432 4253 Lucem,
1464 4202 1659 4241 annum
1691 4201 1845 4254 agens
1887 4183 2049 4254 quin-..

463 4282 739 4347 decimum,
772 4283 1017 4336 vicesima
1037 4283 1221 4352 quinta
1250 4281 1335 4334 die
1359 4280 1547 4334 mensis
1579 4277 1896 4332 Decembris.
1916 4274 2044 4334 Τι’ἰε

462 4375 664 4434 mulam
718 4373 826 4428 Deo
855 4375 1091 4427 oblatam
1119 4372 1397 4443 Virginem
1429 4379 1626 4441 praeter
1664 4367 2034 4432 Eustathium,

462 4474 516 4523 et
556 4464 843 4530 Evodium,
896 4465 1036 4520 idem
1087 4466 1329 4520 sentiunt
1375 4461 1671 4532 Gregorius
1729 4460 1806 4515 De
1835 4459 2038 4515 Christi

2137 631 2388 686 adversus
2433 631 3034 696 Autidicomarianitas;
3069 631 3340 691 Eusebius
3378 635 3472 689 lib.
3517 652 3556 690 lt
3599 634 3704 689 Ec-

2135 723 2258 776 cles.
2292 722 2506 786 histor.,
2531 737 2652 790 cap.
2684 720 3132 791 1;Nicopliorus,
3163 725 3255 778 lib.
3278 740 3338 790 ιι,
3371 740 3491 795 cap.
3526 725 3579 789 5,
3606 726 3698 780 ubi

2134 814 2296 869 etiam
2328 813 2495 867 refert
2530 813 2876 884 Hippolytum
2909 814 3152 882 ejusdem
3188 818 3472 871 sententia:
3510 825 3701 871 aucto-

2134 922 2279 972 rem;
2330 904 2628 975 Gregorius
2697 905 2996 976 Nyssenus.
3049 908 3125 962 De
3169 919 3446 964 resurrect.
3500 909 3702 964 Christi

2134 996 2414 1060 homil.2;
2459 995 2781 1067 Euthymius
2826 1000 2879 1050 in
2927 997 3170 1052 Matthazi
3219 1015 3336 1066 cap.
3373 1016 3487 1065 xu;
3521 999 3703 1054 OEcu-

2135 1089 2353 1144 menius
2383 1105 2540 1157 super
2572 1088 2666 1158 Ep.
2714 1091 2781 1144 ad
2817 1088 2936 1146 Gal.
2983 1107 3104 1162 cap.
3138 1108 3186 1160 1;
3218 1091 3517 1163 Theophyl.
3549 1110 3703 1155 super

2135 1179 2470 1244 Hatthwum,
2509 1196 2630 1249 cap.
2662 1196 2777 1244 xm,
2827 1191 2879 1237 ct
2917 1185 3110 1252 repetit
3139 1198 3189 1238 ιι.
3232 1200 3419 1250 xxvn;
3461 1183 3701 1241 llilarius

2134 1281 2409 1326 comment.
2429 1273 2482 1326 in
2514 1272 2731 1336 Matt/u,
2755 1289 2880 1328 can.
2918 1277 2967 1339 l;
2993 1276 3316 1332 Ambrosius
3342 1277 3398 1330 in
3427 1274 3598 1345 Epist.
3631 1276 3701 1330 ad

2136 1363 2314 1420 Galat.
2367 1380 2488 1434 cap.
2533 1380 2572 1429 ι,
2619 1374 2673 1420 et
2716 1365 3026 1435 Cajctanns,
3094 1367 3330 1423 ibidemJ
3376 1367 3698 1438 Oppositum

2136 1471 2356 1511 sensere
2403 1455 2764 1528 Hieronymus
2791 1457 3037 1513 adversus
3093 1459 3413 1524 Helvidium,
3441 1461 3703 1532 Augusti-

2134 1561 2273 1609 nus,
2328 1561 2493 1600 serm.
2547 1547 2614 1599 M
2665 1548 2717 1599 in
2752 1545 3049 1602 Nativitate
3083 1547 3329 1612 Domini,
3364 1549 3508 1604 Beda
3548 1565 3703 1618 super

2136 1654 2250 1706 cap.
2289 1654 2342 1691 vt
2383 1637 2576 1701 Marci,
2617 1643 2671 1692 et
2720 1639 2810 1692 alii
2858 1640 3189 1696 recentiores
3249 1642 3342 1711 qui
3404 1643 3702 1697 secundam

2136 1731 2460 1784 sententiam
2485 1770 2500 1794 ,
2531 1738 2790 1800 tanquam
2849 1733 3022 1803 magis
3058 1733 3391 1802 probabilem
3450 1741 3506 1789 et
3551 1749 3706 1790 rece-

2137 1831 2282 1891 ptam
2304 1822 2625 1878 defendunt.
2660 1822 2777 1878 Non
2815 1833 2900 1880 est
2931 1836 3108 1882 tamen
3163 1826 3373 1882 silenda
3422 1827 3705 1882 temeritas

2137 1920 2190 1968 et
2233 1914 2566 1983 impudentia
2615 1916 2672 1970 in
2720 1923 2942 1972 sanctos
2993 1916 3182 1974 Patres
3227 1916 3455 1973 Gerardi
3520 1916 3707 1975 Vossii

2137 2006 2292 2077 (quid
2320 2007 2465 2062 enim
2498 2007 2550 2061 id
2581 2006 2790 2064 facinus
2819 2007 3120 2064 libertatem
3145 2008 3562 2079 appellem),qui
3594 2008 3708 2080 pri-

2138 2115 2280 2154 mam
2313 2098 2671 2155 assertionem
2703 2114 2872 2154 ausus
2902 2099 2976 2153 sit
2998 2113 3218 2163 vocare,
3243 2114 3352 2153 non
3382 2100 3516 2154 satis
3547 2101 3697 2170 piam

2138 2208 2238 2247 nec
2269 2191 2646 2257 orthodoxam,
2680 2199 3073 2261 portentosam,
3119 2191 3700 2262 impudentiusculam,

2138 2295 2202 2337 ac
2231 2281 2412 2336 minus
2457 2287 2694 2345 cautam,
2747 2290 2910 2350 prout
2965 2281 3203 2335 humana
3256 2267 3530 2337 interdum
3600 2279 3707 2336 fert

2137 2371 2426 2443 fragilitas,
2458 2372 2603 2443 quod
2649 2373 3110 2442 praastantissimi,
3143 2388 3208 2428 ac
3249 2373 3554 2429 doctissimi
3591 2372 3698 2428 viri

2137 2463 2464 2533 quandoque
2492 2463 2812 2530 dormitant,
2841 2462 3013 2520 fuisse
3069 2464 3150 2520 sic
3195 2463 3420 2528 dictam,
3450 2465 3536 2519 vel
3563 2463 3705 2519 scri-

2136 2563 2305 2626 ptam.
2333 2555 2564 2626 Ideoque
2615 2571 2920 2612 sermonem
2964 2557 3020 2612 in
3061 2558 3547 2631 Annuntiationem
3579 2573 3708 2613 san-

2137 2647 2396 2703 ctissima:
2415 2647 2504 2703 Dei
2523 2648 2812 2704 Genitricis
2835 2649 3016 2704 Marha
3035 2649 3128 2720 qui
3149 2649 3338 2720 incipit
3371 2665 3386 2702 :
3417 2650 3587 2704 Πάλιν
3611 2666 3708 2722 χα-

2141 2739 2238 2808 ρᾶς
2279 2739 2589 2808 εὐαγγέλια,
2631 2741 2790 2795 πάλιν
2816 2740 3124 2812 ἐλευθερίας
3161 2742 3473 2812 μηνύματα,
3509 2743 3708 2813 saepius

2138 2831 2243 2885 sub
2269 2828 2498 2887 Joannis
2540 2831 2916 2902 Chrysostomi
2974 2833 3195 2888 nomine
3237 2834 3567 2904 evulgatum,
3593 2841 3649 2888 ct
3673 2846 3707 2888 ει

2138 2918 2497 2990 Lipomanno,
2525 2919 2726 2976 Davide
2764 2920 3095 2985 Hoeschclio,
3145 2928 3200 2978 et
3254 2923 3394 2988 aliis,
3428 2923 3544 2993 ipse
3577 2937 3708 2994 pro-

2138 3020 2257 3083 pter
2283 3014 2423 3068 hanc
2455 3013 2767 3084 Opinionem
2791 3014 2857 3070 de
2878 3013 3135 3086 Josepho,
3161 3021 3216 3070 et
3242 3031 3301 3070 re
3325 3017 3516 3070 uxoria
3534 3016 3707 3085 ipsius

2139 3111 2411 3159 anteacta
2468 3113 2726 3175 tanquam
2778 3106 3058 3176 indignam
3105 3106 3519 3177 Chrysostomo,
3567 3104 3705 3161 Gre-

2141 3197 2294 3264 gorio
2359 3195 2769 3267 Thaumaturgo
2835 3197 3080 3252 ascribit.
3140 3196 3460 3262 Considera,
3511 3198 3704 3262 lector,

2141 3296 2376 3343 mentem
2437 3288 2674 3345 hominis
2729 3305 2998 3358 aversam,
3043 3305 3376 3361 perversam.
3429 3291 3706 3345 Assertio-

2139 3394 2285 3443 nem,
2319 3393 2482 3449 quam
2512 3379 2729 3449 dignam
2759 3389 2945 3436 censet
2997 3389 3077 3434 tot
3125 3396 3190 3435 ac
3231 3382 3396 3438 tantis
3451 3381 3706 3439 Patribus

2138 3469 2342 3527 Graacis
2378 3479 2432 3527 et
2480 3471 2708 3540 Latinis,
2767 3474 3047 3544 indignam
3082 3482 3240 3529 vocat
3286 3473 3702 3546 Chrysostomo.

2141 3561 2198 3616 Si
2226 3563 2330 3618 hoc
2360 3579 2606 3619 asserere
2664 3580 2776 3620 non
2839 3573 2924 3620 est
2973 3565 3361 3633 orthodoxum,
3387 3569 3481 3622 sed
3510 3582 3704 3638 parum

2138 3655 2309 3725 pium,
2345 3664 2746 3726 portentosum,
2808 3657 3388 3726 impudentiusculum,
3421 3673 3485 3713 ac
3519 3659 3704 3715 minus

2138 3755 2358 3802 cautum
2413 3749 2468 3803 in
2525 3748 2936 3819 Chrysostomo,
2989 3750 3263 3820 quomodo
3307 3750 3478 3820 pium,
3517 3750 3705 3807 ortho-

2137 3838 2359 3903 doxum,
2397 3839 2659 3909 prudens,
2691 3851 2934 3906 cantum,
2977 3857 3040 3896 ac
3073 3841 3294 3896 minime
3327 3849 3705 3912 portentosum

2139 3929 2194 3982 in
2224 3929 2520 4002 Gregorio?
2541 3947 2660 4002 ego,
2693 3948 2760 3988 ne
2785 3933 2839 3987 in
2874 3941 2954 3989 tot
2987 3931 3180 3989 Patres
3202 3933 3434 4003 injurius
3472 3949 3591 3990 esse
3624 3935 3706 3990 vi-

2136 4020 2315 4084 derer,
2347 4023 2628 4078 redderem
2658 4022 2854 4080 Vossio
2909 4024 3074 4079 verba
3106 4039 3238 4092 sua;
3269 4025 3364 4081 sed
3414 4027 3581 4096 quid?
3629 4028 3704 4082 ita

2136 4129 2285 4168 nunc
2326 4129 2443 4169 mos
2484 4117 2658 4185 viget;
2689 4115 2762 4168 ita
2817 4131 2964 4171 nunc
3004 4117 3285 4171 servitium
3307 4125 3414 4181 est,
3459 4117 3706 4189 profecto

2136 4207 2332 4261 modus
2364 4207 2550 4261 haberi
2583 4223 2692 4260 non
2731 4215 2930 4277 potest.
3507 4269 3510 4271 Α

2206 4293 2366 4358 lbid.,
2397 4297 2495 4351 lin.
2519 4297 2611 4354 55.
2640 4298 2748 4358 Καὶ
2773 4300 2810 4350 ὀ.
2824 4297 3152 4365 ἀρχιερεύς.
3185 4295 3482 4368 Gregorius
3507 4297 3705 4370 Nysse-

2136 4407 2246 4446 nus
2260 4410 2280 4444 :~
2307 4391 2443 4454 Τοὺς
2464 4390 2703 4459 δέἱερεῖς
2727 4391 2862 4455 τέως
2891 4391 2988 4462 μὲν
3009 4391 3130 4444 καθ’
3158 4393 3447 4465 ὁμοιότητα
3477 4393 3571 4448 τοῦ
3603 4396 3706 4448 Σα-

2140 4482 2309 4554 μουὴλ
2333 4485 2388 4535 ἐν
2410 4485 2520 4544 τοῖς
2557 4483 2730 4550 ἁγίοις
2759 4483 3082 4554 ἀνατρέφειν
3103 4483 3199 4555 τὴν
3238 4485 3424 4538 παῖδα·
3456 4485 3708 4558 αὐξηθεί-

463 4556 755 4619 nativitate,
788 4554 1027 4610 Joannes
1079 4554 1448 4609 Damascenns
1475 4553 1551 4607 De
1583 4551 1687 4622 ﬁde
1715 4548 2030 4614 orthodoxa,

2138 4548 2239 4645 σης
2265 4548 2354 4637 ψδὲ,
2400 4548 2614 4646 βουλὴν-
2637 4548 2910 4644 ἀγαγεῖν(
2933 4548 3057 4628 ὄντι
3103 4548 3437 4648 ποιήσαντες»
3461 4578 3520 4632 τὸ
3539 4548 3707 4646 ⁷ἱερὸν

463 4649 628 4717 capit.
669 4648 754 4710 15,
788 4646 1036 4703 Andreas
1083 4646 1360 4702 Cretensis
1395 4660 1646 4701 sermone
1677 4644 1755 4697 De
1787 4643 2034 4712 Deipara,

462 4740 765 4796 Germanus
798 4753 1049 4794 sermone
1081 4737 1154 4792 De
1186 4735 1618 4799 Prwsentatione,
1647 4734 1912 4806 Georgius
1945 4734 2039 4789 Nic

463 4827 824 4884 comedicnsis
865 4827 940 4879 De
972 4825 1426 4890 Prtesentatione,
1471 4825 1751 4881 Ccdrenus
1800 4827 1856 4887 in
1883 4824 2040 4880 Com-

462 4920 648 4986 pendio
679 4917 932 4971 Historia:
960 4927 1012 4971 et
1040 4918 1152 4972 alii.
1183 4915 1592 4972 Observandum
1634 4924 1688 4972 et
1715 4917 1869 4979 illud,
1892 4917 2036 4973 heat.

468 5008 743 5081 Virginem
814 5025 877 5064 ex
939 5018 1128 5068 nostro
1197 5008 1483 5065 Eustathio
1537 5011 1705 5064 multo
1759 5009 2035 5079 juniorem

464 5102 738 5156 Christum
774 5101 1072 5172 peperisse,
1106 5117 1267 5173 quam
1297 5102 1529 5157 voluerit
1562 5100 1892 5157 Evodiusct
1921 5103 2035 5170 alii,

466 5187 532 5246 de
558 5193 758 5262 quibus
787 5193 874 5246 hic
911 5208 1070 5262 agere
1100 5209 1209 5248 non
1247 5201 1331 5248 est
1362 5197 1646 5264 praesentis
1669 5198 1893 5269 negotii.

535 5280 691 5344 lbid.,
721 5282 816 5336 lin.
847 5282 938 5339 22.
987 5283 1273 5337 Τοῦλαοῦ
1303 5286 1463 5350 τούς.
1499 5285 1769 5357 Iosephus
1797 5288 2036 5343 sanctis—

468 5372 622 5428 simae
644 5371 895 5444 Virginis
911 5391 1152 5445 sponsus
1172 5376 1492 5447 bigamusne
1511 5379 1693 5444 fuerit,
1725 5396 1794 5434 an
1817 5381 2034 5447 caelebs,

467 5465 693 5534 antiqua
723 5475 806 5521 est
837 5468 890 5522 in
927 5467 1176 5526 Ecclesia
1205 5471 1472 5525 catholica
1523 5474 1776 5542 quaestio,
1803 5475 1867 5528 ad
1895 5475 2038 5530 hanc

467 5570 643 5624 usque
688 5555 830 5610 diem
879 5560 1048 5615 variis
1101 5560 1158 5614 in
1205 5567 1495 5632 utramque
1554 5573 1765 5634 partem
1811 5563 2035 5620 Patrum

466 5646 798 5702 testimoniis
828 5649 1050 5719 agitata.
1084 5650 1331 5709 Celebris
1357 5654 1499 5724 apud
1521 5654 1760 5720 Graecos,
1794 5672 1896 5712 nec
1922 5673 2034 5712 non

467 5735 782 5794 Latinorum
806 5744 1101 5800 nonnullos
1131 5743 1233 5799 fuit
1277 5743 1463 5817 opinio
1507 5763 1630 5803 eum
1681 5748 1852 5805 fuisse
1883 5749 2034 5820 biga-

469 5844 634 5900 tnum,
672 5838 727 5888 et
756 5832 918 5890 aliam
967 5846 1092 5894 ante
1149 5835 1722 5910 Virginemhabuisse
1777 5857 2026 5900 uxorem.

2139 4668 2316 4721 ἐκεῖνο
2352 4665 2528 4736 σῶμα,
2576 4667 2676 4720 οὐκ
2721 4668 2786 4720 ἂν
2827 4669 2908 4728 είς
2937 4667 3026 4720 τὸν
3061 4668 3192 4721 Θεὸν
3225 4668 3598 4741 ἐξαμάρτοιεν.
3634 4669 3708 4722 Τὸ

2143 4757 2241 4829 μὲν
2273 4757 2382 4828 γὰρ
2416 4757 2708 4824 ὑποζεῦξαι
2736 4758 2814 4828 τῷ
2845 4758 2993 4829 νόμῳ
3021 4761 3120 4830 τῆς
3153 4759 3385 4828 φύσεως,
3417 4763 3509 4816 καὶ
3542 4779 3710 4816 καταο

2137 4848 2401 4902 ὼυλῶσαι
2427 4849 2597 4920 αὐτὴν
2627 4850 2714 4904 διὰ
2749 4849 2838 4903 τοῦ
2862 4850 3038 4920 γάμου
3067 4850 3146 4920 τῷ
3178 4853 3429 4923 ἀγομένῳ
3448 4852 3556 4906 τῶν
3587 4855 3710 4906 ἀτο-

2139 4941 2400 4994 πωτάτων
2437 4941 2631 4995 ἐδόκει.
2685 4942 2981 5013 Ὶεροσυλία
3020 4943 3128 5014 γὰρ
3167 4941 3422 5014 ἄντικρυς
3449 4945 3706 5017 ἐνομίσθη

2139 5030 2282 5083 θείου
2309 5029 2657 5101 ἀναθήματος
2676 5031 2960 5102 ἄνθρωπον
2982 5032 3231 5100 γενέσθαι
3251 5033 3459 5104 κύριον.
3490 5035 3708 5106 Ἐπειδὴ

2138 5119 2410 5190 κυριεύειν
2441 5123 2506 5172 ἐκ
2527 5120 2635 5173 τῶν
2661 5120 2838 5190 νόμων
2861 5123 2888 5174 ὁ
2910 5121 3048 5192 ἀνὴρ
3081 5121 3282 5192 ἐτάχθη
3308 5123 3407 5192 τῆς
3428 5124 3708 5192 γυναικός.

2137 5210 2210 5264 Τὸ
2238 5211 2294 5264 δὲ
2322 5213 2432 5275 τοῖς
2465 5211 2701 5283 ἱερεῦσιν
2726 5212 2876 5275 ἐντὸς
2896 5213 3003 5266 τῶν
3024 5214 3334 5286 ἀνακτόρων
3359 5216 3712 5287 συναναστρέ-

2138 5301 2332 5372 φεσθαι
2357 5307 2639 5372 γυναῖκας,
2673 5307 2766 5359 καὶ
2793 5307 2851 5358 ἐν
2873 5310 2985 5370 τοῖς
3017 5308 3191 5375 ἁγίοις
3223 5309 3450 5380 ὁρᾶσθαι
3471 5307 3592 5362 οὔτε
3620 5310 3708 5362 νό-

2139 5409 2304 5463 μιμον
2323 5389 2410 5463 ἦν,
2436 5394 2527 5447 καὶ
2549 5395 2663 5464 ἅμα
2683 5394 2758 5465 τῷ
2779 5397 3066 5467 πράγματι
3088 5397 3167 5468 τῷ
3184 5399 3380 5470 σεμνὸν
3400 5399 3460 5452 οὐ
3479 5400 3707 5470 προσῆν.

2137 5477 2554 5550 Βουλευομένοις
2595 5479 2649 5532 δὲ
2682 5482 2864 5544 αὐτοῖς
2903 5481 3257 5552 περὶτούτων
3292 5483 3473 5536 θεόθεν
3500 5483 3711 5552 γίνεται

2139 5568 2414 5640 συμϐουλὴ
2443 5569 2622 5624 δοῦναι
2656 5570 2753 5642 μὲν
2774 5571 2941 5644 αὐτὴν
2968 5572 3121 5644 ἀνδρὶ
3147 5573 3439 5643 μνηστείας
3463 5573 3706 5644 ὀνόματι·

2135 5658 2322 5714 τοῦτον
2353 5660 2409 5713 δὲ
2441 5661 2678 5716 τοιοῦτον
2702 5659 2860 5728 εἶναι,
2895 5657 3005 5717 οἷον
3030 5664 3165 5735 πρὸς
3192 5663 3436 5736 φυλακὴν
3459 5664 3558 5734 τῆς
3578 5679 3714 5736 παρ-

2137 5749 2317 5814 θενίας
2361 5752 2680 5824 ἐπιτηδείως
2724 5754 2888 5824 ἔχειν.
2940 5753 3154 5826 Εὑρέθη
3192 5755 3370 5809 τοίνυν
3406 5756 3435 5808 ὁ
3489 5753 3708 5826 Ἰωσὴφ,

2133 5835 2243 5895 οἷον
2281 5843 2530 5916 ἐπεζήτει
2570 5847 2598 5899 ὁ
2630 5844 2807 5914 λόγος,
2855 5849 2918 5901 ἐκ
2961 5846 3063 5918 τῆς
3106 5848 3273 5919 αὐτῆς
3320 5846 3492 5918 φυλῆς
3523 5863 3582 5899 τε
3619 5845 3709 5897 καὶ
