4100 6422
416 432 551 486 10-53

1739 416 1986 475 LEONIS
2019 414 2293 471 ALLATII

3517 416 3656 472 1044

411 543 647 614 πατριᾶς
666 544 731 613 τῇ
763 540 1039 613 Παρθένῳ,
1069 541 1164 593 καὶ
1195 539 1486 609 μνηστεὺει
1513 536 1654 591 κατὰ
1674 533 1980 606 συμϐουλὴν
2009 534 2058 591 Δ
2081 530 2552 603 δυναστευόμενος,
2569 532 2644 598 ὡς
2671 535 2729 587 ὲν
2749 537 2816 604 τῇ
2841 533 3069 604 δυνάμει
3095 532 3259 587 αὐτοῦ
3291 527 3430 589 εῖναι
3463 530 3656 604 καινὴν

407 634 519 687 τῶν
554 633 739 703 ἱερέων
769 629 945 701 ἑαυτῷ
971 629 1069 701 τὴν
1101 628 1284 686 παῖδα.
1326 630 1391 682 Ἦ
1429 629 1486 683 δὲ
1520 627 1783 698 συνάφεια
1823 626 1983 697 μέχρι

416 722 706 796 μνηστείας
754 718 843 794 ἦν.
895 722 1027 775 Τότε
1079 724 1512 795 μυπαγωγεῖται
1554 720 1703 792 παρὰ
1739 720 1832 773 τοῦ
1875 720 1982 773 Γα-

413 816 572 888 δριὴλ
601 817 633 887 ή
658 814 951 885 Παρθένος.
989 813 1108 868 Non
1139 815 1426 870 dissimilia
1458 814 1619 868 habet
1640 811 1981 882 Epiphanius

411 909 659 963 adversus
690 907 1276 971 Antidicomarianitas,
1308 913 1361 960 et
1392 906 1539 961 alibi.
1758 888 1762 895 ’

482 1002 729 1065 ου1.775,
751 1003 849 1057 lin.
870 1000 957 1055 55.
982 1000 1092 1053 Kal
1112 997 1475 1052 καταλιπών.
1490 996 1593 1050 Alii
1611 1011 1724 1050 rem
1751 996 1890 1050 hanc
1906 996 1981 1049 ita

410 1103 657 1147 narrant.
692 1091 1026 1160 Desponsata
1049 1087 1212 1158 Virgo
1244 1086 1561 1157 parentibus
1586 1086 1851 1148 redditur,
1881 1084 1978 1155 qui

408 1197 531 1236 eam
580 1181 800 1237 domum
847 1181 1127 1242 reducant,
1153 1187 1207 1234 et
1233 1194 1354 1248 quae
1400 1178 1466 1232 ad
1503 1177 1719 1232 futuras
1760 1178 1978 1246 nuptias

411 1281 542 1328 sunt
590 1274 901 1329 necessaria
948 1279 1270 1341 praeparent.
1317 1269 1479 1324 Erant
1522 1269 1796 1339 sponsalia
1827 1269 1980 1337 ejus-

411 1365 560 1419 modi
594 1364 737 1436 apud
770 1363 1045 1428 Hebraeos,
1092 1379 1199 1417 non
1237 1362 1466 1417 minoris
1507 1362 1763 1416 momenti
1811 1376 1976 1431 quam

410 1457 544 1525 ipsae
581 1457 804 1526 nuptiae,
838 1463 896 1509 ut
925 1462 1117 1509 auctor
1144 1461 1229 1509 est
1276 1452 1452 1520 Philo,
1481 1453 1525 1509 si
1555 1453 1772 1522 quidem
1804 1453 1857 1507 in
1887 1467 1977 1507 so-

409 1546 580 1600 lemni
639 1547 937 1599 amicorum
982 1552 1253 1599 conventu
1311 1543 1493 1596 mariti
1534 1543 1828 1611 uxorisque
1877 1556 1978 1596 uo-

409 1639 557 1692 mina
587 1637 967 1692 scribebantur
1008 1636 1061 1689 in
1095 1634 1316 1699 tabulis,
1342 1643 1397 1689 et
1426 1632 1473 1688 si
1503 1633 1634 1703 quid
1691 1648 1891 1703 sponsa
1921 1633 1974 1686 in

406 1731 569 1784 domo
590 1736 812 1801 paterna
862 1743 1090 1784 manens
1143 1727 1485 1798 deliquisset,
1515 1741 1669 1797 aeque
1701 1726 1975 1796 plecteba-

406 1830 515 1885 tur,
552 1835 616 1875 ac
648 1829 845 1893 nupta;
878 1829 937 1874 ut
972 1821 1240 1889 lapidibus
1277 1820 1622 1882 obrueretur,
1655 1818 1701 1872 si
1721 1817 1974 1873 adulterii

404 1928 497 1969 rea
514 1914 731 1968 iuventa
756 1920 919 1967 esset.
946 1911 1168 1966 Mariam
1208 1919 1389 1967 autem
1417 1911 1666 1965 nuntium
1694 1909 1760 1963 ab
1782 1909 1973 1979 angelo

403 2007 732 2077 suscepisse,
765 2005 896 2060 dum
945 2006 1122 2060 adhuc
1164 2014 1403 2059 maneret
1444 2005 1497 2058 in
1535 2003 1697 2057 domo
1727 2012 1971 2072 paterna.

475 2098 592 2153 Col.
622 2098 745 2164 776,
774 2097 870 2152 lin.
890 2098 943 2153 5.
977 2099 1078 2152 Ἐν
1100 2093 1192 2163 οἷς
1216 2098 1315 2152 καὶ
1340 2097 1465 2151 τόν.
1487 2095 1694 2151 Similia
1716 2096 1783 2150 de
1805 2110 1972 2150 causa

402 2191 556 2246 necis
585 2189 866 2244 Zacharias
894 2190 1151 2261 leguntur
1188 2189 1332 2261 apud
1383 2187 1605 2245 Petrum
1653 2188 1971 2259 episcopum

402 2281 831 2338 Alexandrinum
861 2289 917 2336 et
960 2290 1251 2353 martyrem
1288 2281 1345 2336 in
1375 2280 1495 2337 suis
1547 2279 1761 2350 Regulis
1809 2280 1974 2334 eccle-

402 2373 667 2436 siasticis,
708 2386 849 2442 quas
878 2371 1081 2442 recepit
1125 2378 1288 2442 atque
1324 2369 1573 2442 probavit
1614 2376 1767 2426 sexta
1814 2382 1971 2441 syno-

401 2466 528 2527 dus,
562 2479 683 2535 cap.
716 2464 769 2530 ι,
794 2462 937 2534 apud
966 2460 1313 2519 Theodorum
1345 2461 1746 2517 Balsamonem.

470 2555 636 2622 lbid.,
667 2555 764 2610 lin.
798 2556 885 2611 5|.
916 2558 1040 2611 Οὐκ
1068 2552 1253 2623 εἶδον,
1277 2557 1331 2609 ei
1350 2554 1437 2625 μὴ
1469 2553 1535 2608 τὸ
1569 2550 1650 2607 αῖ.
1684 2551 1973 2608 Τετιιιιιίιιη

404 2664 531 2713 nus,
564 2649 619 2703 in
652 2646 957 2716 Scorpiaco,
991 2662 1111 2719 cap.
1157 2647 1191 2704 8
1224 2667 1238 2703 :
1284 2645 1575 2702 Zacharias
1612 2647 1761 2700 intra
1802 2644 1975 2700 altare

402 2751 453 2794 et
488 2739 652 2794 cedem
692 2738 1014 2804 trucidatur,
1067 2754 1313 2809 perennes
1358 2737 1562 2792 cruoris
1609 2739 1693 2790 sui
1734 2737 1973 2790 maculas

404 2830 641 2887 silicibus
663 2831 943 2902 assignans
964 2848 987 2897 ;
1011 2838 1067 2886 et
1094 2831 1362 2885 Baronius
1395 2829 1610 2897 scribit,
1641 2844 1701 2884 se
1726 2829 1975 2899 aliquan-

405 2925 477 2980 do
511 2923 769 2979 incidisse
797 2926 853 2979 in
897 2923 1181 2994 antiquum
1226 2920 1466 2977 codicem
1500 2937 1666 2976 manu
1706 2921 1969 2991 scriptum

408 3015 647 3087 positum
690 3016 745 3070 in
779 3014 1106 3070 bibliotheca
1139 3013 1403 3068 Vaticana
1434 3012 1512 3068 De
1556 3013 1974 3083 peregrinatione

407 3109 478 3163 ad
526 3107 643 3162 loca
680 3115 866 3162 sancta
895 3124 916 3163 :
962 3107 1019 3162 in
1049 3121 1158 3178 quo
1188 3105 1378 3161 eadem
1429 3104 1497 3162 de
1541 3105 1817 3160 Zachariae
1846 3120 1974 3161 san-

403 3200 572 3274 guine
602 3200 875 3270 lapidibus
919 3199 1104 3270 templi
1154 3198 1428 3289 indelebili
1476 3205 1605 3252 nota
1653 3198 1970 3289 inhaerente,
1999 3229 2045 3289 α

405 3298 556 3347 osrta
596 3290 699 3347 [ide
728 3291 1048 3361 consignata
1087 3298 1265 3346 erant.
1300 3288 1643 3345 ltinerarium
1674 3291 1803 3344 item
1834 3287 1973 3343 Bur-

403 3383 733 3454 «tegalense:
768 3382 836 3437 In
875 3399 1139 3437 marmore
1168 3390 1290 3436 ante
1331 3398 1481 3435 aram
1508 3382 1815 3451 sanguinem
1853 3379 1976 3433 Za-

405 3473 624 3539 charias,
649 3472 724 3532 ibi
748 3473 896 3527 dicas
925 3473 1077 3527 hodie
1105 3472 1304 3542 fusum,
1335 3472 1497 3525 etiam
1541 3481 1727 3540 parent
1760 3471 1975 3541 vestigia

405 3563 660 3627 militum,
689 3563 779 3633 qui
806 3579 925 3618 eum
954 3563 1288 3617 trucidarunt
1312 3564 1366 3616 in
1402 3571 1564 3617 totam
1594 3578 1772 3616 aream
1800 3571 1977 3631 utpote

406 3657 464 3709 in
488 3671 608 3709 cera
625 3655 793 3724 ﬁxum
816 3670 947 3709 esse.
970 3653 1294 3726 Hippolytus
1324 3653 1615 3711 Thebanus
1639 3654 1694 3708 in
1719 3652 1975 3709 Chronico

406 3747 569 3803 aliter
591 3745 661 3802 de
682 3755 854 3802 morte
880 3745 1188 3813 Zachariae;
1221 3748 1295 3802 ait
1313 3749 1467 3803 enim
1479 3764 1625 3814 eum,
1651 3749 1779 3803 dum
1805 3750 1977 3804 sacris

407 3849 728 3909 operaretur
740 3839 807 3893 de
820 3854 970 3894 more
987 3840 1256 3910 lapidibus
1267 3841 1429 3910 jactis
1445 3842 1770 3895 trucidatum
1784 3841 1974 3906 fuisse,

408 3945 752 4002 corporaque
793 3940 1004 4001 raptato
1048 3934 1105 3987 in
1137 3932 1278 3988 valle
1307 3931 1571 4004 Josaphat
1600 3949 1925 4003 suspensum
1958 3949 1972 3984 :

422 4020 512 4075 Ἓν
546 4021 654 4091 γὰρ
680 4022 758 4094 τῷ
790 4022 1084 4095 ἱερατεύειν
1113 4023 1274 4078 αὑτὸν
1321 4024 1464 4080 κατὰ
1513 4025 1574 4078 τὸ
1617 4023 1805 4088 εἰωθὸς
1830 4023 1978 4094 αὐτῷ

408 4113 851 4185 Μθοσολήσαντες
887 4116 1068 4181 αὑτὸν,
1104 4117 1200 4171 καὶ
1238 4117 1679 4187 κροταφήσαντες
1722 4116 1978 4171 ἀπέκτει-

409 4221 536 4260 ναν·
568 4206 661 4259 καὶ
695 4206 960 4277 σύραντες
999 4207 1310 4278 ἐκρέμασαν
1334 4207 1496 4262 αὐτὸν
1522 4209 1601 4270 εἰς
1628 4207 1727 4279 τὴν
1757 4207 1979 4262 κοιλάδα

408 4294 502 4351 τοῦ
543 4294 828 4367 Ἰωσαφάτ.
860 4296 1226 4369 Hieronymus
1254 4299 1357 4354 hoc
1392 4286 1732 4369 simplicitati
1758 4299 1982 4356 creden-

407 4389 545 4445 tium
580 4389 761 4462 potius
782 4390 993 4453 tribuit.
1022 4404 1186 4459 quam
1227 4390 1441 4445 veritati
1481 4390 1724 4446 historiae
1753 4392 1807 4445 in
1835 4390 1981 4446 Hat-

408 4482 534 4538 threi
562 4498 698 4538 mu
726 4502 749 4538 ι
781 4481 1138 4551 Simpliciores
1168 4482 1362 4553 fratres
1399 4484 1538 4538 inter
1569 4485 1753 4539 ruinas
1779 4485 1976 4554 templi,

2083 624 2334 695 γέννησιν
2358 625 2422 695 δη
2431 627 2779 697 μιουργῆσαι,
2790 627 2910 697 ἥτις
2924 628 3024 699 τὴν
3039 626 3338 698 γενομένην
3364 625 3576 697 μητέρα
3590 624 3653 679 τὸ

2082 712 2219 769 εἶναι
2269 717 2533 789 παρθένον
2559 718 2658 771 οὐκ
2710 719 3093 789 ἀφαιρήσεται.
3143 717 3242 771 Διὰ
3276 717 3434 771 τοῦτο
3484 716 3654 788 αὐτὴν

2080 809 2179 860 οὐκ
2207 801 2467 880 ἀπέκρινε
2497 809 2576 879 τῷ
2604 807 2716 879 ναῷ
2752 809 2846 862 τοῦ
2878 808 3055 881 χώρου
3082 809 3189 862 τῶν
3215 808 3520 879 παρθένων.
3542 804 3675 885 *Ην

2079 898 2136 951 δὲ
2173 900 2201 953 ὁ
2232 901 2393 963 τόπος
2425 895 2576 964 οὗτος
2607 902 2669 955 τὸ
2706 901 2903 969 μεταξὺ
2946 901 3040 954 τοῦ
3069 900 3198 954 ναοῦ
3239 901 3334 954 καὶ
3359 899 3652 972 θυσιαστη⁸

2085 988 2199 1059 ρίου
2232 988 2522 1059 διάστημα.
2564 990 2777 1060 Ἐπειδὴ
2810 988 2903 1043 οὖν
2930 992 3124 1062 ἢκουον
3158 989 3381 1060 βασιλέα
3405 990 3503 1061 τῆς
3530 989 3654 1043 uti“

2083 1095 2218 1142 σειυς
2249 1081 2328 1143 εἰς
2343 1081 2589 1149 γέννησιν
2605 1081 2947 1153 ἀνθρωπίνην
2968 1081 3323 1152 οἰκονομικῶς
3344 1081 3649 1152 προελθεῖν,

2082 1169 2231 1239 φόϐῳ
2263 1170 2324 1223 τὸ
2366 1171 2438 1242 μὴ
2475 1171 2724 1240 γενέσθαι
2771 1173 2977 1242 βασιλεῖ
3010 1172 3329 1244 ὑποχείριοι,
3369 1173 3461 1227 τδν
3509 1192 3652 1244 μαρο

2077 1261 2342 1331 τυροῦντα
2371 1248 2543 1317 ταῦτα
2572 1266 2698 1337 περὶ
2727 1264 2819 1317 τοῦ
2853 1264 3011 1317 τόκου
3053 1264 3488 1337 διαχειρίζονται,
3513 1265 3651 1337 πρὸς

2079 1351 2228 1422 αὐτῷ
2275 1352 2642 1426 θυσιαστηρίῳ
2684 1356 2774 1409 τὸν
2819 1356 2969 1425 ἱερέα
3025 1357 3498 1426 ἱερουργήσαντες.
3546 1355 3652 1411 Ea-

2077 1440 2199 1495 dem
2243 1443 2407 1496 habet
2441 1441 2725 1511 Origenes,
2759 1445 2815 1498 in
2853 1443 3050 1499 Matth.
3093 1452 3255 1500 tract.
3308 1444 3401 1509 26,
3442 1445 3651 1516 Grego-

2075 1531 2193 1586 rius
2220 1529 2519 1601 Nyssenus,
2568 1530 2801 1587 Basilius
2845 1540 2899 1587 et
2931 1533 3043 1586 alii.
3073 1532 3139 1586 Et
3180 1533 3248 1589 de
3277 1549 3343 1588 eo
3384 1535 3640 1604 intelligit

2076 1622 2438 1694 Hieronymus
2451 1625 2507 1678 in
2522 1621 2718 1677 Matth.
2741 1638 2861 1694 cap.
2888 1640 3044 1689 :qu,
3067 1625 3188 1679 libr.
3215 1641 3269 1678 iv
3286 1644 3300 1679 :
3318 1625 3430 1678 Alii
3443 1623 3651 1680 Zachaq

2075 1715 2213 1768 riam
2243 1724 2445 1783 patrem
2485 1714 2709 1769 Joannis
2752 1716 2984 1785 intelligi
3013 1716 3195 1770 volunt
3219 1732 3283 1770 ex
3321 1716 3642 1786 quibusdam

2076 1805 2505 1876 Apocryphorum
2534 1806 2752 1861 somniis
2791 1806 3159 1877 approbantes,
3191 1808 3329 1878 quod
3375 1818 3650 1878 propterea

2078 1898 2284 1951 occisus
2326 1899 2417 1965 sit,
2445 1899 2572 1968 quia
2616 1896 2912 1954 Saluatoris
2939 1899 3305 1969 prtedicaeerit
3343 1901 3648 1955 adventum.

2082 1989 2196 2044 Hoc
2228 1991 2352 2061 quia
2378 1991 2443 2045 de
2472 1990 2766 2059 Scripturis
2793 2008 2896 2046 non
2941 1991 3093 2046 habet
3139 1994 3528 2049 auctoritatem.
3558 2009 3652 2048 ea-

2077 2079 2192 2133 dem
2240 2079 2499 2150 facilitate
2544 2080 2916 2145 contemnitur,
2955 2097 3061 2152 qua
3087 2082 3364 2147 probatur.
3410 2082 3652 2139 Consule

2078 2182 2340 2243 praeterea
2374 2172 2760 2245 Epiphanium,
2815 2173 2895 2228 De
2943 2174 3037 2228 uit.
3079 2183 3130 2228 et
3168 2173 3322 2228 inter.
3372 2172 3646 2243 Prophet.,

2078 2277 2199 2334 cap.
2237 2262 2329 2318 25.

2158 2375 2329 2442 lbid.,
2382 2379 2479 2432 lin.
2538 2377 2627 2435 50.
2678 2378 2986 2448 Διακρίνας
3027 2379 3318 2447 ὀνείρατα.
3376 2376 3647 2445 Justinus.

2081 2468 2285 2537 History.
2319 2469 2443 2523 libr.
2474 2485 2674 2525 xxxvn:
2709 2468 2962 2524 Minimus
2991 2478 3146 2524 aetate
3176 2470 3311 2524 inter
3333 2469 3525 2539 fratres
3549 2469 3651 2526 Ι.)-

2078 2560 2202 2630 seph
2248 2561 2393 2631 fuit:
2424 2561 2574 2629 cujus
2621 2562 2879 2616 excellens
2931 2562 3197 2631 ingenium
3231 2562 3383 2615 veriti
3433 2564 3649 2631 fratres,

2078 2652 2218 2707 clam
2267 2652 2613 2721 interceptum
2658 2653 2946 2722 peregrinis
2997 2650 3377 2706 mercatoribus
3410 2653 3652 2710 vendide-

2077 2754 2219 2799 runt.
2243 2743 2286 2798 Α
2318 2744 2502 2816 quibus
2525 2744 2828 2813 deportatus
2853 2754 2928 2799 est
2955 2745 3008 2798 in
3030 2743 3361 2815 Aigyptum;
3395 2761 3513 2798 cum
3536 2763 3655 2801 ma-

2075 2838 2220 2908 gicas
2259 2821 2506 2899 ibi'artes
2561 2837 2743 2892 solerti
2782 2838 2986 2908 ingenio
3023 2840 3352 2905 percepisset,
3380 2836 3519 2891 brevi
3547 2838 3651 2906 ipsi

2078 2929 2187 2999 regi
2229 2928 2510 2998 percharus
2543 2928 2660 2997 fuit.
2708 2926 2850 2983 Nam
2878 2940 2923 2982 et
2959 2929 3319 2998 prodigiorum
3362 2930 3651 2999 sagacissi-

2078 3037 2196 3074 mus
2226 3030 2362 3083 erat,
2388 3029 2437 3073 et
2466 3004 2785 3075 somniorum
2810 3022 3009 3091 primus
3043 3020 3443 3088 intelligentiam
3469 3020 3654 3076 condi-

2078 3112 2177 3174 dit,
2198 3111 2428 3182 nihilque
2454 3113 2619 3165 divini
2640 3111 2783 3181 juris
2815 3112 3126 3180 humanique
3153 3112 3199 3163 ei
3228 3111 3548 3180 incoqnitum
3573 3112 3651 3165 vi-

2078 3202 2342 3266 debatur;
2374 3203 2502 3259 adeo
2549 3212 2608 3258 ut
2659 3205 2817 3257 etiam
2859 3202 3190 3256 sterilitatem
3234 3220 3481 3273 agrorum
3529 3211 3651 3257 ante

2078 3294 2269 3347 multos
2300 3311 2464 3348 annos
2494 3294 2814 3371 providerit;
2842 3294 3158 3364 perissetque
3189 3296 3358 3347 omnis
3386 3293 3650 3364 Egyptus

2079 3384 2220 3455 fame
2249 3384 2353 3439 nisi
2376 3387 2577 3438 monitu
2626 3386 2738 3454 ejus
2769 3401 2858 3439 rex
2900 3384 3069 3449 edicto
3098 3386 3298 3439 servari
3325 3401 3417 3453 per
3457 3386 3651 3442 multos

2080 3493 2247 3530 annos
2290 3476 2464 3545 fruges
2494 3476 2744 3545 jussisset
2768 3497 2789 3539 ,-
2841 3485 3090 3544 tantaque
3135 3479 3487 3543 experimenta
3531 3477 3648 3546 ejus

2080 3567 2312 3635 fuerunt,
2344 3574 2400 3618 ut
2432 3582 2535 3619 non
2568 3565 2632 3619 ab
2665 3546 2893 3630 homine,
2917 3566 3007 3619 sed
3042 3583 3074 3619 a
3100 3566 3206 3620 Deo
3240 3583 3494 3636 responsa
3528 3567 3654 3622 dari

2081 3658 2396 3712 uiderentur.
2438 3656 2544 3711 Sed
2575 3656 2704 3724 quid
2754 3657 2904 3711 aliud
2952 3656 3021 3711 ab
3056 3656 3273 3712 homine
3301 3672 3329 3710 a
3363 3656 3466 3711 lide
3494 3658 3657 3713 Chri-

2082 3754 2259 3808 stiana
2296 3751 2473 3805 alit-no
2509 3749 2740 3819 ﬁdeique
2782 3750 2988 3804 lumine
3028 3749 3292 3804 destituto
3324 3758 3654 3818 exspectano

2082 3844 2211 3899 dum
2246 3848 2383 3909 erat,
2416 3856 2576 3911 quam
2608 3840 2853 3911 prodigia
2895 3840 3078 3895 divina
3122 3843 3344 3905 virtute,
3382 3841 3654 3910 impulsu

2082 3950 2189 4006 que
2216 3940 2434 4004 peracta
2461 3933 2513 3986 in
2540 3932 2804 3985 humanas
2824 3934 3239 4002 superstitiones
3264 3918 3656 4002 illusiouesque

2084 4026 2390 4080 daemonum
2436 4021 2681 4077 referre?
2720 4020 2942 4076 Fatetur
2977 4030 3158 4077 tamen
3190 4024 3306 4092 ipse
3347 4024 3653 4091 veritatem,

2084 4115 2328 4172 veritatis
2362 4114 2603 4184 ignarus.
2635 4110 2679 4166 Ο
2715 4111 2821 4165 vim
2857 4112 3106 4166 veritatis
3141 4113 3374 4167 rationis
3408 4113 3657 4169 humanm

2085 4207 2381 4273 asseclam!
2419 4207 2564 4267 quod
2597 4210 2717 4258 erat
2761 4201 2960 4257 divina:
2992 4203 3252 4271 potentiae
3285 4204 3478 4259 tribuit
3516 4205 3659 4270 invi-

2085 4306 2194 4352 tus.
2246 4295 2352 4350 Alii
2403 4294 2528 4348 aliis
2576 4291 2921 4347 somniorum
2961 4291 3444 4363 interpretationes
3486 4296 3657 4350 ascri-

2083 4389 2220 4444 bunt
2245 4406 2271 4461 ς.
2294 4385 2451 4451 Philo
2502 4384 2745 4457 Biblicus
2774 4383 3124 4451 Abrahamo;
3164 4383 3374 4440 Plinius
3426 4386 3519 4440 lib.
3554 4400 3656 4452 vu,

2086 4479 2449 4551 Amphitrioni
2484 4475 2832 4548 Deucalionis
2868 4475 3009 4541 lilio;
3040 4474 3294 4533 Clemens
3334 4478 3661 4534 Alexandri-

406 4586 457 4663 et
485 4576 709 4645 altaris,
734 4576 843 4630 sive
866 4576 920 4630 in
948 4585 1225 4644 portarum
1256 4576 1505 4641 exitibus,
1541 4578 1631 4648 qui
1657 4576 1854 4633 Siloam
1882 4578 1982 4631 du-
2009 4583 2061 4644 ι)
2086 4586 2193 4628 nus
2227 4569 2568 4663 Termissazis
2600 4568 2816 4663 populis
2844 4567 3041 4663 Lyciae.

408 4676 555 4734 eunt,
584 4668 746 4726 rubra
793 4682 929 4724 saxa
970 4676 1359 4732 monstrantes,
1408 4666 1687 4724 Zachariae
1731 4671 1985 4740 sanguine

407 4771 596 4831 putant
618 4778 731 4817 esse
755 4762 979 4831 polluta.
1022 4761 1153 4816 Non.
1184 4760 1589 4817 condemnamus
1621 4779 1872 4829 erronem,
1896 4764 1986 4834 qui

408 4854 474 4908 de
500 4853 620 4909 odio
649 4855 960 4909 Judteorum
987 4863 1036 4909 et
1061 4853 1185 4924 fidei
1207 4856 1398 4923 pietate
1423 4853 1708 4909 descendit.
1927 4848 1932 4853 ’

481 4945 641 5011 Ibid.,
671 4947 768 5001 lin.
817 4946 905 5001 58.
960 4947 1151 5013 ’Ἄλλη
1205 4945 1398 5012 δέτι(-
1448 4946 1702 5015 (ampla.
1747 4943 1984 5016 Cyrillus

408 5036 836 5101 Alexandrinus,
887 5034 1137 5090 adversus
1187 5036 1793 5106 Anthropomorphitas:
1820 5030 1987 5100 Οὗτος

410 5129 591 5186 τοίνυν
618 5131 646 5183 ό
662 5128 742 5199 τῷ
770 5127 1094 5201 προφητικῷ
1124 5128 1404 5200 Πνεύματι
1432 5129 1567 5200 πρὸς
1592 5127 1690 5200 τὴν
1711 5126 1819 5181 τῶν
1836 5144 1989 5200 ,κρυ-

414 5222 564 5276 πτῶν
572 5221 777 5291 γνῶσιν
789 5220 1131 5293 χειραγωγοῦ
1140 5206 1317 5291 μενος,
1338 5221 1398 5274 τὺ
1421 5221 1716 5292 μυστήριον
1729 5221 1831 5292 τῆς
1845 5238 1988 5292 παρ-

414 5311 594 5377 θενίας
624 5314 718 5366 ἐπὶ
745 5311 836 5367 τοῦ
871 5312 1108 5385 ἀφθόρου
1162 5313 1323 5366 τόκου
1358 5315 1719 5383 κατανοήσας,
1755 5315 1816 5367 οὺ
1860 5330 1991 5367 κατα

415 5403 599 5476 έκρινε
637 5403 717 5474 τῷ
753 5404 866 5474 ναῷ
908 5405 1002 5458 τοῦ
1039 5407 1153 5467 τοῖς
1198 5401 1491 5477 παρθένοις
1536 5392 1674 5458 κατὰ
1707 5405 1797 5457 τὸν
1828 5406 1989 5476 νόμον

415 5496 945 5567 ἀποκεκληρωμὲνου
977 5497 1145 5551 τόπου
1174 5495 1273 5567 τὴν
1298 5495 1575 5564 πάναγνον
1618 5496 1866 5568 μητέραο
1911 5496 1986 5549 δι·

416 5585 631 5639 δάσκων
664 5587 790 5650 τοὺς
830 5587 1134 5651 Ἰουδαίους,
1168 5588 1250 5640 ὅτι
1286 5588 1316 5640 ὁ
1344 5587 1453 5640 τῶν
1491 5586 1628 5640 ὅλων
1662 5587 1993 5660 δημιουργὸς

418 5676 515 5729 καὶ
546 5674 794 5745 βασιλεὺς
822 5677 1002 5748 πάσης
1036 5678 1266 5743 κτίσεως
1311 5678 1621 5752 ὑποχείριον
1670 5677 1780 5749 ἔχει
1815 5677 1993 5750 ἑαυτῷ

425 5762 562 5833 μετᾶ
609 5763 827 5818 πάντων
857 5764 957 5836 τὴν
981 5765 1328 5839 ἀνθρωπίνην
1356 5767 1539 5837 φύσιν,
1575 5768 1653 5839 τῷ
1685 5768 1799 5840 ίδίῳ
1831 5769 1991 5840 θελή-

426 5875 553 5941 ματι
587 5855 720 5931 πρὸς
771 5857 832 5909 τὸ
875 5856 1061 5911 δοκοῦν
1092 5857 1262 5926 ἄγων,
1315 5860 1415 5914 οὐκ
1453 5860 1613 5921 αὐτὸς
1643 5860 1746 5913 ὑπὸ
1792 5861 1992 5931 ταύτης

2157 4662 2276 4718 Col.
2324 4660 2460 4724 777,
2517 4660 2615 4714 lin.
2659 4652 2748 4714 '53.
2804 4660 3103 4728 Πρότερον
3148 4659 3430 4715 ἕκαστον.
3480 4660 3659 4717 Verba

2085 4763 2364 4827 postrema
2416 4750 2616 4823 Jacobi
2643 4751 2710 4805 ad
2757 4742 2899 4819 ﬁlios
2956 4752 3010 4806 in
3059 4752 3239 4806 vicina
3294 4759 3471 4807 morte
3511 4753 3660 4807 dicta

2084 4863 2221 4903 usus
2252 4845 2490 4899 obtinuit
2521 4852 2579 4898 ut
2622 4843 3033 4899 benedictiones
3074 4853 3423 4898 vocarentur.
3455 4842 3658 4898 Verum

2086 4937 2430 5002 Ambrosius,
2456 4938 2550 5001 lib.
2584 4935 2659 4990 De
2689 4935 2945 5007 benedict.
2969 4933 3288 5003 patriarch.,
3307 4945 3361 4989 et
3389 4932 3657 4996 Bullinus.

2085 5032 2184 5087 lib.
2224 5031 2468 5102 ejusdem
2504 5029 2684 5096 tituli;
2715 5038 2769 5084 et
2797 5018 3194 5091 Theodoretus,
3226 5035 3423 5097 quaest.
3456 5029 3556 5082 ult.
3602 5030 3662 5083 in

2089 5121 2301 5186 Genes.,
2346 5136 2454 5175 non
2486 5118 2902 5176 benedictiones
2932 5117 3079 5182 illas,
3097 5116 3191 5172 sed
3210 5117 3392 5188 potius
3424 5116 3662 5189 prophe-

2087 5215 2194 5271 tias
2228 5231 2337 5269 non
2368 5214 2489 5285 sine
2518 5212 2734 5283 ratione
2762 5210 3059 5280 appellant.

2165 5306 2327 5368 lbid.,
2356 5305 2453 5358 lin.
2488 5303 2590 5376 '55._
2614 5302 2727 5356 Καὶ
2755 5299 2870 5368 τὴν
2896 5300 3014 5370 μὲν
3052 5299 3356 5369 εὐλογίαν.
3396 5297 3665 5371 Hierony-

2090 5413 2232 5456 mus.
2261 5397 2551 5464 Qua’stion.
2570 5393 2844 5448 Hebraicis
2875 5393 2927 5446 in
2952 5389 3163 5457 Genes.,
3185 5390 3343 5445 verba
3366 5388 3553 5448 Jacobi
3589 5391 3663 5447 ita

2091 5491 2325 5561 explicat
2351 5505 2364 5540 :
2394 5488 2495 5549 Tu,
2520 5486 2790 5553 Ruben,es
2809 5487 3187 5557 primogenitus
3216 5486 3579 5555 meus,major
3608 5485 3665 5540 in

2095 5571 2294 5653 liberis,
2316 5591 2364 5635 et
2391 5580 2606 5636 sedebas
2627 5580 2794 5651 juxta
2839 5577 3077 5634 ordinem
3116 5578 3412 5643 nativitatis
3447 5587 3572 5643 tua),
3614 5587 3666 5632 et

2094 5675 2475 5747 hazreditatem,
2497 5688 2614 5743 quas
2639 5672 2998 5742 primogenilis
3015 5670 3138 5740 jure
3162 5668 3465 5736 debebatur,
3489 5685 3663 5731 sacer—

2094 5768 2298 5822 dotium
2323 5766 2520 5821 scilicet
2546 5774 2595 5819 et
2626 5752 2842 5835 regnum
2879 5763 3113 5831 accipere
3133 5760 3353 5825 debebas
3371 5801 3384 5816 .
3423 5760 3516 5815 hoc
3543 5761 3662 5829 qui-

2097 5861 2211 5915 dem
2249 5860 2301 5914 in
2340 5857 2603 5927 portando
2638 5872 2813 5923 onere,
2844 5866 2895 5912 et
2922 5854 3209 5925 pravalido
3237 5859 3421 5910 robor:
3449 5842 3663 5912 densen-
