4100 6414
434 445 571 504 1θῖ5

1469 437 1534 490 IN
1576 436 1943 492 EUSTATHII
1981 435 2452 490 HEXAEMERON
2491 435 2720 491 NOTAE.

3561 438 3697 494 1016

433 564 655 612 uratur.
696 553 907 616 Verum,
939 551 1064 621 quia
1096 549 1358 618 peccasti,
1423 559 1471 602 et
1515 549 1676 618 quasi
1703 565 1862 619 aqua,
1898 566 2014 619 qua:

2147 548 2412 618 Εϐραίους
2457 548 2768 619 διατεθῆναι
2800 547 2940 601 κατά
2979 548 3170 618 φθόνον
3203 549 3300 620 τῆς
3327 549 3693 618 εὐδαιμονίας,

435 649 645 702 vasculo
677 662 781 699 non
833 653 1058 708 tenetur,
1101 642 1386 710 voluptatis
1435 641 1634 709 e/fusus
1691 660 1744 697 es
1791 643 2003 710 impetu,

435 739 633 793 idcirco
655 737 904 807 pra’cipio
937 735 1052 799 tibi,
1091 743 1146 786 ut
1191 733 1330 786 ultro
1381 750 1482 785 non
1515 750 1714 802 pecces,
1747 735 1920 803 sisque
1956 735 2009 787 in

438 830 668 898 fratrum
705 844 918 880 numero
947 841 1151 893 pronam
1186 841 1250 877 ex
1285 835 1498 892 peccato
1538 828 1705 886 luens,
1733 825 1870 895 quod
1897 827 2007 889 pri-

439 921 690 990 mogeniti
735 920 971 973 ordinem
1021 917 1321 985 perdidisti.
1370 915 1564 972 Ruben
1616 919 1760 972 enim
1803 918 2012 973 dormi-

438 1020 591 1068 verat
641 1025 762 1063 cum
809 1007 936 1061 Bala
973 1023 1141 1062 uxore
1185 1007 1352 1076 patris
1403 1008 1509 1068 sui,
1572 1007 1801 1077 ideoque
1856 1009 2011 1062 multi

441 1105 800 1163 allirmarunt,
826 1108 948 1170 post
977 1099 1029 1152 id
1062 1108 1274 1168 tempus
1299 1099 1565 1152 Jacobum
1599 1115 1721 1152 cum
1750 1099 1873 1152 Bala
1900 1115 2012 1153 rem

442 1209 553 1250 non
585 1193 862 1246 habuisse.
897 1189 1194 1243 Historiam
1222 1196 1401 1242 tamen
1434 1187 1575 1240 hanc
1603 1189 1681 1240 uti
1729 1187 1930 1241 falsam
1961 1196 2015 1243 et

443 1287 512 1339 ab
552 1281 790 1338 Hebraeis
837 1281 1123 1336 conﬁctam
1168 1279 1370 1332 refellit
1414 1279 1761 1342 Ambrosius,
1799 1279 1894 1332 lib.
1943 1279 2018 1335 De

445 1374 695 1429 benedict.
743 1369 1074 1434 Patriarch.,
1109 1385 1229 1438 cap.
1265 1368 1300 1422 2
1329 1384 1340 1419 :
1376 1367 1574 1431 Judari,
1608 1368 1804 1438 inquit,
1832 1378 2017 1436 putant

445 1465 614 1520 Jacob
637 1465 838 1517 dixisse
867 1465 963 1516 hoc
986 1461 1055 1513 ad
1087 1460 1286 1522 Ruben,
1307 1463 1430 1530 quia
1457 1475 1574 1511 cum
1603 1459 1892 1512 concubina
1921 1474 2019 1511 sua

445 1554 585 1610 Bala
617 1551 986 1613 concubuerat,
1010 1557 1059 1602 et
1090 1549 1322 1615 patrium
1347 1547 1554 1599 tltorum
1587 1545 1853 1614 polluerat
1881 1560 1897 1607 ;
1931 1542 2019 1596 sed

447 1644 605 1715 facile
635 1642 968 1711 refelluntur.
998 1639 1113 1694 Hoc
1139 1640 1273 1693 enim
1299 1648 1411 1692 erat
1436 1645 1557 1690 ante
1585 1646 1822 1706 gestum;
1855 1633 2020 1688 Iacob

448 1747 624 1790 autem
654 1752 756 1788 non
801 1751 865 1788 ea
913 1749 1029 1804 qua:
1083 1744 1227 1802 gesta
1253 1741 1445 1793 erant,
1487 1727 1576 1782 sed
1638 1744 1756 1798 quae
1807 1737 2024 1781 ventura

447 1838 600 1884 erant
631 1829 684 1882 in
728 1827 1027 1882 novissimis
1059 1823 1241 1878 diebus
1286 1822 1555 1892 professus
1580 1829 1659 1874 est
1701 1837 1756 1875 se
1788 1836 1899 1874 esse
1939 1817 2024 1870 di-

449 1931 681 1976 cturum.

520 2013 638 2066 Col.
670 2012 795 2074 777,
825 2010 922 2064 lin.
953 2007 1044 2063 37.
1073 2006 1125 2058 '0
1157 2004 1225 2059 δὲ
1251 2003 1488 2070 Ῥουόὶμ
1514 2002 1809 2072 ἡττηθείς.
1836 1999 2025 2054 Ruben

452 2105 508 2158 in
527 2110 816 2173 paternum
840 2100 1042 2154 lectum
1061 2097 1253 2152 rabido
1284 2095 1518 2164 quodam
1540 2096 1725 2148 furore
1742 2092 2027 2154 insiliisse,

455 2196 687 2263 ideoque
738 2206 964 2260 regnum
1011 2200 1066 2244 et
1116 2187 1508 2250 sacerdotium,
1544 2185 1764 2240 tametsi
1828 2181 2029 2251 alioqui

457 2293 587 2339 natu
636 2285 853 2354 primus.
897 2288 1066 2343 esset,
1111 2295 1218 2334 non
1262 2278 1433 2333 fuisse
1486 2283 1878 2337 consecutum,
1935 2271 2031 2328 sed

458 2373 609 2437 Levi,
646 2375 716 2428 ob
755 2373 1124 2432 sanctitatem,
1167 2380 1217 2424 et
1249 2373 1530 2440 pietatem,
1579 2378 1634 2424 et
1673 2369 1802 2439 quia
1861 2366 2034 2421 divini

459 2466 684 2522 honoris
712 2479 880 2518 causa
907 2469 1266 2532 cognatorum
1303 2462 1570 2532 sanguine
1615 2476 1812 2514 manus
1843 2458 2035 2527 imple-

457 2559 651 2619 visset,
703 2554 1012 2610 sacerdotio
1040 2553 1326 2617 donatum,
1380 2561 1434 2607 et
1472 2551 1667 2607 ludam
1699 2560 1922 2621 pr0pter
1955 2551 2036 2603 in»

461 2658 674 2718 tegrum
722 2645 1012 2716 judicium,
1049 2651 1102 2697 et
1137 2649 1344 2696 rectam
1378 2642 1664 2696 scientiam
1711 2641 1915 2709 regiam
1949 2638 2035 2692 di-

459 2741 722 2812 gnitatem
773 2736 1084 2791 obtinuisse
1136 2735 1381 2788 insinuat
1442 2733 1684 2788 Isidorus
1733 2730 2034 2794 Pelusiota,

461 2832 562 2888 lib.
590 2847 651 2894 tt,
681 2831 843 2899 epist.
881 2828 974 2892 48,
997 2833 1050 2882 et
1087 2825 1370 2880 concludit
1396 2844 1409 2879 :
1441 2824 1658 2894 Ἐπειδὴ
1693 2821 1802 2893 γὰρ
1829 2821 2038 2886 πολλοὶ,

462 2925 531 2978 τὰ
561 2925 736 2977 οἰκεῖα
764 2923 1097 2993 κρύπτοντες
1130 2918 1602 2988 πλημμελήματα,
1627 2915 1846 2986 ἑτέρους
1873 2930 2040 2966 κατα-

461 3014 770 3078 δικάζουσιν
790 3030 804 3044 ο
836 3008 988 3076 οὗτος
1015 3012 1072 3064 δὲ
1101 3008 1294 3063 ἑαυτοῦ
1329 3009 1428 3080 μὲν
1458 3007 1898 3078 κατεψηφίσατο,
1939 3007 2040 3075 τὴν

461 3106 521 3160 δὲ
538 3103 934 3176 πεπορνεῦσθαι
958 3100 1302 3173 νομισθεῖσαν
1325 3098 1604 3168 ἀπήλλαξε
1626 3096 1726 3166 τῆς
1739 3096 2008 3168 τιμωρίας
2023 3113 2037 3125 ·

465 3194 556 3249 διὰ
587 3193 748 3248 τοῦτο
770 3193 999 3254 εἰκότως
1029 3191 1128 3260 τῆς
1159 3186 1437 3258 βασιλείας
1466 3185 1705 3255 ἠξιοῦτο.

534 3285 696 3348 lbid.,
732 3286 828 3338 lin.
865 3285 954 3337 55.
1009 3280 1508 3346 Τελευτήσαντος.
1547 3275 1841 3346 Iosephus,
1884 3275 2041 3329 Anti-

466 3378 628 3447 quit.,
656 3376 749 3430 lib.
789 3373 1120 3443 ιιιΤελευτᾷ
1150 3372 1206 3424 δὲ
1241 3371 1389 3441 βιοὺς
1433 3369 1527 3439 ἔτη
1560 3368 1629 3422 τὰ
1669 3367 1847 3421 πάντα
1879 3366 2048 3438 τριῶν

465 3466 655 3520 δέοντα
679 3465 1014 3536 πεντήκοντα
1045 3463 1137 3516 καὶ
1166 3461 1381 3523 ἑκατὸν,
1417 3459 1639 3531 μηδενὸς
1665 3458 1762 3529 μὲν
1791 3458 1898 3512 τῶν
1920 3475 2051 3528 προο

467 3558 641 3626 γόνων
682 3555 1017 3627 ἀποληφθεὶς
1050 3557 1135 3608 ἐπ’
1174 3553 1425 3624 εὐσεϐείᾳ
1455 3551 1550 3604 τοῦ
1595 3551 1752 3616 Θεοῦ,
1785 3549 1964 3621 τυχὼν
1995 3550 2052 3602 δὲ

469 3649 726 3720 ἀμοιϐῆς,
769 3646 837 3721 ἦς
867 3649 1070 3702 δίκαιον
1111 3643 1180 3718 ἦν
1219 3645 1492 3708 τοσούτοις
1536 3644 1739 3713 ἀγαθὸν
1771 3643 2050 3712 γεγονόται

484 3742 747 3813 Ἰώσηπος
793 3742 872 3808 δὲ,
929 3741 1382 3812 συγχωρήσαντος
1431 3737 1580 3808 αὐτῷ
1624 3736 1718 3789 τοῦ
1770 3736 2052 3807 βασιλέως,

471 3836 564 3890 τὸν
600 3835 695 3889 τοῦ
746 3836 953 3905 πατρὸς
993 3835 1186 3905 νεκρὸν
1224 3833 1308 3894 είς
1353 3829 1616 3901 Χεϐρῶνα
1644 3830 1899 3900 κομίσας,
1943 3831 2059 3891 ἐκεῖ

473 3928 672 3983 θάπτει
697 3927 1021 3990 πολυτελῶς.

545 4018 660 4074 Col.
692 4019 815 4083 780,
851 4019 945 4072 lin.
980 4019 1029 4072 l.
1062 4017 1173 4072 Kal
1212 4017 1251 4084 ἡ
1297 4016 1650 4085 τερέϐινθος.
1688 4012 1765 4067 De
1801 4011 1923 4082 ejus
1953 4011 2057 4066 mi.-

475 4112 728 4166 raculosa
797 4110 1053 4180 antiquit.
1114 4108 1417 4176 Josephus,
1482 4106 1558 4160 De
1615 4105 1748 4160 bello
1804 4103 2056 4166 Iudaico,

475 4200 573 4256 lib.
611 4217 664 4261 ν.
698 4199 978 4254 Δείκνυται
1015 4199 1072 4252 δὲ
1115 4200 1222 4252 ἀπὸ
1257 4198 1480 4251 σταδίων
1528 4197 1586 4263 ἓξ
1623 4194 1736 4248 τοῦ.
1758 4195 1948 4256 ἄστεος
1973 4210 2060 4246 τει-

481 4293 726 4366 ρέϐινθος
765 4293 1015 4363 μεγίστη,
1059 4291 1152 4343 καί
1182 4307 1313 4359 φασι
1349 4290 1410 4342 τὸ
1434 4289 1648 4358 δένδρον
1683 4285 1792 4339 ἀπὸ
1821 4285 1919 4354 τῆς
1945 4283 2062 4335 κτί-

479 4401 618 4447 σεως
648 4383 808 4454 μέχρι
829 4382 924 4434 νῦν
953 4381 1226 4451 διαμένειν
1246 4397 1259 4411 ·
1295 4379 1363 4434 de
1391 4393 1456 4432 ea
1489 4377 1777 4432 Africanus
1800 4391 1813 4430 :
1833 4368 2058 4433 Ἰακὼϐ,

480 4475 810 4548 ἀπαρεσθε“ις
850 4477 961 4538 τοῖς
999 4475 1105 4526 ὑπὸ
1155 4471 1381 4543 Συμεὼν
1434 4471 1544 4524 καῖέ
1571 4466 1701 4521 Λειίί⁹
1743 4464 2062 4537 πραχθεῖσιν

2123 641 2385 712 Ὀρῶντες
2423 640 2532 711 γὰρ
2563 639 2669 693 τῶν
2710 640 3056 711 Ἰσραηλιτῶν
3095 641 3248 708 γένος
3298 642 3565 711 ἀκμάζον,
3602 644 3696 696 καὶ

2109 733 2172 784 δι’
2204 733 2404 803 ἀρετὴν
2440 733 2532 786 καὶ
2577 733 2714 803 πρὸς
2754 731 2814 784 τὸ
2862 736 3041 784 πονεῖν
3073 734 3296 800 εὐφυΐαν
3337 733 3530 803 πλήθει
3561 751 3698 806 χρη-

2115 825 2299 893 μάτων
2329 825 2427 894 ἢδη
2465 823 2751 894 λαμπροὺς
2789 824 2912 876 καθ’
2956 823 3133 875 αὐτῶν
3164 823 3440 888 αὖξεσθαι,
3475 826 3699 887 τούτους

2112 915 2527 986 ὑπελάμϐανον·
2561 910 2634 968 ὧν
2672 917 2720 967 τ’
2753 910 2894 986 ἦσαν
2934 910 2991 967 εὖ
3034 914 3138 966 ὑπὸ
3183 916 3445 986 Ἰωσήπου
3473 934 3702 988 τετυχη-

2115 1009 2268 1070 κότες
2296 1007 2382 1060 διὰ
2411 1007 2603 1078 χρόνου
2637 1007 2812 1078 μῆκος
2841 1007 3012 1078 λήθην
3037 1006 3314 1069 λαϐόντες,
3338 1009 3431 1059 καὶ
3462 1009 3560 1078 τῆς
3599 1008 3701 1077 βαι

2117 1099 2319 1162 σιλείας
2362 1103 2442 1162 εἰς
2489 1098 2646 1152 ἄλλον
2689 1095 2836 1151 οἷκον
2887 1098 3327 1169 μετεληλυθυίας,
3389 1099 3577 1163 δεινῶς
3618 1104 3703 1153 ὲνο

2117 1191 2336 1260 ύϐριζον
2385 1192 2513 1253 τοὺς
2554 1189 3044 1260 Ἰσραηλίτας,καὶ
3100 1189 3473 1260 ταλαιπωρίας
3521 1191 3705 1254 αὐτοῖς

2117 1280 2365 1343 ποικίλας
2401 1280 2674 1332 ἐπενόουν.
2707 1278 2864 1332 Philo
2897 1280 2991 1334 lib.
3034 1281 3110 1334 De
3150 1282 3256 1334 vita
3302 1280 3504 1350 Moysis
3542 1297 3560 1335 :
3593 1283 3704 1352 Τῆς

2119 1371 2299 1442 χώρας
2332 1373 2360 1423 ὁ
2385 1371 2655 1441 βασιλεὺς,
2691 1374 2769 1434 είς
2791 1372 3238 1444 πολυανθρωπίαν
3266 1374 3590 1437 ἐπιδιδόντος
3618 1376 3706 1428 ἀεὶ

2126 1461 2220 1513 τοῦ
2251 1461 2455 1526 ἔθνους,
2483 1463 2664 1523 δείσας
2698 1461 2769 1533 μὴ
2812 1465 2860 1514 οἱ
2893 1463 3120 1525 ἔποικοι,
3159 1463 3376 1526 πλείους
3404 1465 3702 1535 γενόμενοι,

2127 1554 2472 1625 δυνατωτέρα
2513 1555 2656 1627 χειρὶ
2701 1559 2814 1618 τοῖς
2854 1556 3137 1626 αὐτόχθοσι
3181 1557 3307 1628 περὶ
3340 1558 3574 1627 κράτους
3610 1559 3708 1629 ἀρ-

2125 1647 2225 1715 χῆς
2260 1645 2610 1715 ἁμιλλῶνται,
2645 1647 2743 1718 τὴν
2775 1649 2926 1718 ἰσχὺν
2959 1647 3136 1701 αὐτῶν
3170 1649 3422 1719 ἀφαιρεῖν
3444 1649 3709 1713 ἐπινοίαις

2124 1737 2494 1808 ἀνοσιουργοῖς
2529 1739 2840 1808 ἐμηχανᾶτο
2861 1757 2874 1770 ·
2902 1739 2995 1791 καὶ
3022 1738 3230 1792 κελεύει
3261 1739 3371 1791 τῶν
3402 1740 3708 1810 γενομένων

2124 1827 2193 1880 τά
2235 1827 2332 1897 μὲν
2363 1828 2530 1898 θήλεα
2552 1830 2792 1900 τρέφειν,
2844 1829 2986 1900 (ἐπεὶ
3013 1832 3151 1900 γυνὴ
3178 1830 3264 1883 διὰ
3295 1829 3507 1898 φύσεως
3545 1830 3710 1884 ἀσθέ-

2126 1937 2273 1972 νειαν
2315 1920 2543 1992 ὀκνηρὸν
2586 1921 2665 1984 είς
2713 1921 2946 1991 πόλεμον
2969 1922 3008 1988 ο)
3047 1921 3116 1974 τά
3153 1921 3195 1974 δ’
3231 1923 3437 1992 ἄρρενα
3468 1923 3712 1993 διαφθεί-

2133 2029 2264 2082 ρειν,
2296 2012 2384 2065 ἶνα
2409 2013 2482 2082 μὴ
2513 2011 2718 2083 αὐξηθῇ
2761 2013 2902 2066 κατά
2948 2013 3147 2077 πόλεις.
3190 2015 3342 2067 Ἐπεὶ
3381 2016 3712 2088 εὐανδροῦσα

2127 2103 2355 2174 δύναμις
2395 2105 2701 2158 δυσάλωτον
2738 2105 2832 2157 καὶ
2870 2104 3292 2177 δυσκαθαίρετον
3339 2108 3708 2179 ἐπιτείχισμα.

2131 2194 2282 2250 Hanc
2333 2203 2512 2250 autem
2561 2199 2970 2267 oppressionem
3017 2197 3290 2254 Eusebius
3349 2200 3403 2254 in
3451 2199 3713 2254 Chronico

2130 2293 2285 2356 putat
2321 2287 2504 2342 statim
2557 2289 2794 2357 cepisse
2837 2304 2868 2342 a
2899 2296 3073 2343 morte
3115 2286 3343 2360 Ioseph,
3388 2299 3440 2343 et
3483 2290 3715 2346 durasse

2130 2390 2289 2429 cxuv
2314 2378 2508 2443 annis;
2548 2375 2758 2431 Hebraei
2802 2377 2854 2431 in
2879 2388 3052 2432 morte
3078 2377 3227 2442 Levi,
3259 2387 3313 2432 et
3337 2378 3567 2435 durasse
3587 2395 3712 2434 cxvt

2133 2472 2328 2532 annis;
2385 2466 2696 2524 Torniellus
2748 2468 2906 2522 initio
2937 2468 3089 2540 regni
3139 2469 3498 2540 Amenophis,
3535 2477 3588 2524 et
3617 2471 3717 2524 du-

2132 2573 2288 2613 rasse
2319 2573 2406 2612 cvr
2437 2559 2632 2625 annis;
2667 2558 2936 2614 Pererius
2959 2575 3077 2614 eam
3098 2558 3328 2614 durasse
3363 2575 3585 2614 Lxxxvn
3620 2575 3718 2614 au-

2136 2652 2222 2706 nis
2246 2667 2259 2716 ;
2291 2650 2577 2706 Cornelius
2604 2667 2633 2705 a
2657 2651 2860 2722 Lapide
2886 2654 2941 2706 in
2959 2653 3130 2721 primo
3159 2654 3331 2721 capite
3349 2651 3523 2708 Exod.
3555 2653 3719 2722 paulo

2138 2753 2262 2797 ante
2293 2744 2629 2798 nativitatem
2677 2744 2898 2816 Moysis,
2953 2755 3008 2799 ct
3050 2745 3278 2800 durasse
3311 2760 3397 2808 xc,
3447 2745 3568 2815 plus
3617 2747 3722 2799 mi-

2138 2847 2244 2887 nus
2312 2833 2493 2899 annis,
2556 2835 2766 2890 scilicet
2809 2836 2993 2890 decem
3056 2836 3217 2891 annis
3277 2844 3404 2890 ante
3455 2835 3718 2906 Moysom,

2140 2933 2196 2979 et
2243 2940 2385 2978 Lux
2449 2925 2632 2980 annis.
2664 2925 2880 2995 vivente
2932 2923 3153 2996 Moyse,
3204 2941 3328 2978 cum
3383 2941 3523 2980 Lux
3579 2941 3723 2983 anno

2142 3015 2267 3071 vitae
2317 3031 2429 3070 suae
2457 3014 2672 3091 Moyses
2705 3032 2770 3074 ex
2829 3031 2913 3082 ea,
2958 3025 3034 3071 et.
3063 3033 3127 3072 ex
3173 3016 3413 3088 Egypto
3466 3017 3724 3074 Hebraeos

2143 3108 2355 3163 eduxit.

2215 3196 2371 3262 Ibid.,
2405 3199 2500 3254 lin.
2529 3199 2615 3253 19.
2637 3193 2741 3266 Εἷς
2765 3199 2832 3253 δέ
2853 3217 2942 3265 τις
2960 3199 3079 3254 τῶν
3103 3199 3262 3267 παρ’.
3286 3199 3558 3270 Joscphus
3580 3199 3724 3255 idem

2149 3291 2334 3350 habet.
2371 3290 2510 3344 Sunt
2542 3291 2708 3345 etiam
2756 3290 2876 3344 aliae
2917 3299 3027 3345 tres
3070 3291 3300 3343 diversa:
3333 3305 3535 3354 causa,
3588 3305 3728 3359 quas

2150 3381 2314 3445 idem,
2348 3389 2402 3436 et
2439 3381 2594 3434 Philo
2627 3381 3002 3450 superioribus
3036 3380 3169 3434 locis
3211 3380 3472 3444 innuunt,
3506 3389 3729 3452 propter

2150 3491 2289 3546 quas
2342 3473 2585 3545 Egyptii
2625 3473 2934 3545 alnigebant
2982 3472 3223 3528 Judaeos.
3277 3472 3472 3536 Metus,
3525 3489 3592 3528 ne
3645 3473 3731 3528 in-

2150 3575 2380 3638 gruente
2415 3567 2558 3624 bello
2590 3581 2671 3625 se.
2691 3565 2987 3635 jungerent
3017 3563 3269 3619 hostibus
3307 3562 3727 3635 Egyptiorum;

2155 3659 2382 3723 invidia,
2429 3659 2556 3728 quia
2586 3657 2846 3713 videbant
2882 3657 3006 3713 illos
3055 3656 3243 3712 sobole
3271 3671 3587 3722 numerosa,
3615 3655 3734 3726 pul-

2154 3748 2307 3812 chra,
2343 3749 2592 3813 robusta,
2635 3747 2868 3818 aliisque
2913 3748 3082 3803 animi
3121 3749 3343 3803 dotibus
3387 3750 3730 3812 instructos;

2156 3838 2340 3894 odium
2376 3847 2703 3910 conceptum
2737 3855 2801 3894 ex
2827 3838 3145 3894 diversitate
3197 3835 3502 3908 religionis,
3534 3835 3736 3890 indolis

2157 3940 2206 3986 ει
2242 3946 2476 3985 morum.

2229 4022 2390 4088 lbid.,
2415 4022 2513 4075 lin.
2542 4020 2634 4076 20.
2665 4021 3069 4090 Προσημαίνει
3089 4019 3170 4087 τῷ
3191 4020 3416 4090 Φαραώ.
3443 4019 3738 4090 Cajetanus

2160 4122 2315 4183 putat
2339 4113 2510 4168 fuisse
2543 4113 2756 4182 origine
2789 4127 2896 4165 non
2926 4111 3266 4182 Egyptium,
3299 4114 3392 4166 sed
3426 4111 3737 4181 Assyrium.

2160 4206 2389 4272 Quidam
2414 4220 2537 4258 cum
2565 4203 2802 4257 Eusebio
2835 4203 3026 4257 dicunt
3053 4204 3222 4259 fuisse
3256 4202 3555 4274 Mephrem,
3578 4219 3738 4272 quem

2162 4293 2430 4348 Eusebius
2465 4301 2716 4362 quartum
2747 4307 2926 4361 regem
2972 4291 3101 4345 facit
3131 4307 3197 4346 ex
3232 4291 3481 4363 dynastis
3527 4292 3740 4346 decima

2162 4394 2375 4450 octava,
2415 4401 2534 4455 qua:
2577 4392 2662 4440 est
2706 4382 3104 4439 Politanorum.
3157 4383 3264 4438 Alii
3307 4391 3523 4455 putant,
3573 4382 3744 4438 fuisse

2165 4479 2503 4543 Ramessem,
2535 4492 2600 4531 ex
2626 4490 2693 4530 eo
2727 4475 2873 4546 quod
2899 4477 2967 4530 ab
3001 4492 3087 4541 eo,
3114 4485 3173 4531 ιιι
3199 4477 3434 4542 videtur,
3460 4483 3651 4530 vocata
3671 4475 3745 4531 sit

482 4571 541 4623 ὲν
571 4565 815 4636 Σικίμοις
844 4566 929 4618 διὰ
959 4565 1056 4635 τὴν
1083 4566 1180 4635 τῆς
1196 4565 1427 4634 ἀδελφῆς
1454 4560 1659 4633 φθοράν
1688 4561 1766 4621 εἰς
1791 4558 1917 4618 τοὺς
1939 4556 2043 4606 ἐπι⁴

2169 4571 2300 4626 urbs
2336 4569 2613 4636 Ramesse,
2648 4584 2812 4638 quam
2857 4567 2914 4623 in
2945 4569 3050 4623 hac
3087 4568 3378 4624 alllictione
3417 4569 3538 4638 ejus
3582 4566 3743 4636 jussu

483 4659 715 4732 χωρίους
748 4657 924 4727 θάψας
963 4660 1020 4710 ὲν
1053 4657 1297 4728 Σικίμοις
1326 4655 1421 4719 οὓς
1457 4655 1680 4724 ἐφέρετο
1713 4651 1866 4714 θεοὺς
1914 4646 2065 4717 παρὰ

482 4755 582 4824 τὴν
616 4751 818 4822 πέτραν
849 4749 954 4803 ὑπὸ
981 4750 1077 4820 τὴν
1119 4749 1428 4819 θαυμασίαν
1459 4745 1788 4817 τερέϐινθον,
1816 4743 1936 4812 ἥτις
1971 4739 2068 4810 μέ-

487 4861 576 4916 χρι
609 4842 703 4894 νῦν
742 4845 820 4905 είς
858 4841 1022 4912 τιμὴν
1059 4841 1169 4895 τῶν
1195 4839 1545 4912 πατριαρχῶν
1571 4838 1677 4890 ὑπὸ
1711 4835 1818 4888 τῶν
1850 4834 2071 4902 πλησιο-

486 4936 678 5009 χώρων
701 4937 945 5006 “nam,
981 4938 1214 5005 μετῆρεν
1243 4936 1322 4996 εἰς
1346 4931 1539 5002 Βεθήλ.
1565 4929 1779 4999 Ταύτης
1806 4925 1957 4996 παρὰ
1981 4924 2070 4977 τὸν

488 5031 732 5102 πρέμνον
775 5028 874 5096 τῆς
906 5027 1216 5099 τερεϐίνθου
1257 5025 1437 5096 βωμὸς
1475 5021 1564 5095 ἦν,
1597 5023 1679 5090 ἐφ’
1708 5021 1766 5073 ὃν
1791 5018 1890 5080 τὰς
1920 5020 2072 5069 ἐκτε-

489 5121 568 5172 va’
573 5138 636 5184 ας
671 5119 932 5190 ἀνέφερον
977 5121 1034 5172 ὲν
1061 5122 1182 5180 ταῖς
1215 5117 1554 5188 πανηγύρεσι
1589 5114 1688 5183 τῆς
1714 5112 1895 5182 χώρας
1936 5109 2071 5162 ἐνοι-

493 5229 596 5266 κοι.
640 5212 773 5278 Qtue
802 5213 992 5266 ultima
1037 5211 1204 5268 verba
1236 5213 1290 5265 in
1327 5210 1588 5264 Africano
1616 5211 1871 5272 corrupta
1901 5203 1976 5256 ita
2005 5217 2073 5256 ex

497 5304 782 5359 Eustathio
808 5306 1066 5359 restitue:
1087 5304 1276 5374 Βωμὸς
1298 5299 1386 5373 ἦν,
1416 5301 1498 5370 ἐφ’
1523 5301 1581 5354 ὃν
1605 5300 1674 5353 τά
1698 5315 1758 5350 τε
1780 5293 2076 5350 ὁλοκαυτώ-

499 5412 642 5467 ματα
671 5399 764 5450 καὶ
799 5399 897 5461 τὰς
927 5397 1238 5466 ἑκατόμϐας
1273 5396 1534 5467 ἀνέφερον
1581 5395 1640 5446 ὲν
1675 5393 1794 5453 ταῖς
1829 5386 2076 5457 πανηγύ-

501 5506 648 5561 ρεσιν
686 5492 734 5542 oi
772 5492 870 5561 τῆς
901 5490 1084 5563 χώρας
1112 5491 1330 5543 ἔνοικοι.

568 5581 730 5641 lbid.,
769 5583 864 5637 lin.
908 5584 975 5637 M
1029 5584 1339 5649 Ποικίλαις
1378 5596 1523 5650 συμ.
1567 5579 1858 5650 Iosephus,
1897 5582 2071 5652 Antia.

498 5670 593 5726 lib.
621 5687 658 5724 ιι
679 5691 691 5724 :
716 5673 1032 5739 Αίγυπτίοις
1061 5675 1352 5744 τρυφεροῖς
1384 5673 1479 5726 καὶ
1511 5670 1774 5744 ῥαθύμοις
1803 5667 1921 5725 οὖσι
1942 5671 2078 5741 πρὸς

500 5761 974 5829 πόνους,νκαὶῖτῶν
1004 5783 1062 5819 τε
1088 5766 1262 5821 ἄλλων
1293 5763 1496 5838 ἡδονῶν
1521 5766 1729 5836 ἥττοσι,
1759 5765 1852 5818 καὶ
1883 5764 1946 5836 δὴ
1985 5765 2078 5816 καὶ

503 5855 604 5927 τῆς
645 5855 800 5915 κατὰ,
831 5856 1231 5931 φιλοκέρδειαν,
1284 5857 1482 5929 συνέϐη
1533 5856 1721 5920 δεινῶς
1770 5857 1906 5928 πρὸς
1953 5856 2078 5919 τοὺς

2165 4663 2576 4718 ωύὶιίριιγετιιιιι
2633 4659 2868 4716 Hebraei.
2917 4657 3197 4716 Gerardus
3248 4658 3516 4716 Mercator
3563 4672 3744 4729 regem

2168 4757 2315 4810 hunc
2370 4766 2530 4810 vocat
2580 4753 3112 4818 Armesesmianum,
3157 4766 3319 4822 quem
3369 4750 3444 4804 ait
3489 4762 3748 4820 regnasse

2170 4864 2344 4903 annos
2372 4863 2519 4913 uri,
2553 4855 2606 4901 et
2627 4860 2857 4916 regnare
2887 4843 3120 4914 cmpisse
3151 4843 3391 4912 quinque
3416 4853 3588 4894 annos
3621 4846 3748 4894 ante

2170 4951 2350 4995 ortum
2377 4939 2602 5010 Moysis.
2631 4936 2940 4998 Torniellus
2965 4937 3041 4993 ait
3066 4933 3236 4989 fuisse
3253 4931 3630 5001 Amenopbim,
3652 4930 3745 5000 qui

2172 5034 2226 5087 in
2258 5031 2322 5086 18
2350 5031 2602 5102 dynastia
2635 5028 3024 5099 Rolytanorum
3058 5026 3328 5095 septimus
3366 5032 3482 5090 est;
3514 5031 3568 5078 et
3603 5021 3750 5077 hunc

2171 5123 2391 5194 quidam
2422 5123 2720 5191 opinantur
2746 5120 2914 5174 fuisse
2943 5117 3306 5182 Memnonem.

2243 5213 2405 5275 lbid.,
2447 5214 2546 5268 lin.
2587 5211 2676 5266 25.
2711 5213 2895 5282 Ἔργα
2941 5209 3058 5278 μὲν
3105 5207 3330 5273 αὐτοῖς.
3395 5205 3746 5261 Hebraeorum

2175 5307 2492 5360 servitutem
2531 5303 2783 5358 acerbam
2822 5302 3074 5372 pluribus
3101 5299 3366 5354 describit
3412 5295 3569 5351 Philo
3601 5296 3696 5352 lib.
3729 5309 3745 5347 ι

2176 5397 2252 5451 De
2281 5398 2388 5451 vita
2427 5395 2626 5466 Moysis
2651 5411 2670 5458 ;
2691 5393 2983 5462 Josephus,
3013 5392 3271 5460 Antiquit.
3305 5390 3399 5444 lib.
3434 5405 3493 5455 ιι,
3525 5405 3648 5459 cap.
3681 5387 3744 5454 5;

2176 5491 2495 5546 Ezechielus
2519 5486 2834 5558 Tragmdus-
2854 5485 2994 5554 apud
3022 5481 3429 5548 Eusebium,De
3460 5490 3746 5551 pra'parat.

2175 5581 2494 5650 evangelica,
2523 5580 2626 5633 lib.
2650 5595 2687 5632 ι.
2722 5577 2988 5639 Exnimio
3008 5578 3136 5630 item
3163 5575 3369 5638 labore,
3399 5582 3453 5628 et
3473 5581 3609 5627 aestu
3639 5573 3728 5641 plu

2181 5671 2303 5724 rimi
2356 5670 2815 5738 corripiebantur,
2857 5675 2912 5721 et
2959 5665 3336 5721 moriebantur
3380 5669 3565 5732 peste,
3607 5675 3748 5732 quos

2167 5763 2482 5832 insepultos
2530 5760 2890 5832 projiciebant
2920 5757 3179 5829 Egyptii.
3226 5755 3404 5826 Opera
3449 5761 3626 5809 autem
3679 5750 3750 5805 ab

2182 5855 2453 5928 A‘Igyptiis
2484 5853 2760 5926 imposita,
2793 5852 3028 5923 primum
3053 5850 3288 5906 formare
3320 5847 3492 5903 lutum
3525 5846 3578 5900 in
3609 5843 3746 5898 lateo
