4100 6412
380 412 401 464 1
412 407 516 463 M9

1360 403 1427 457 ΙΝ
1462 401 1835 459 ΕυΞΤΑΤΗῙΙ
1869 401 2348 464 HEXAEMERON
2380 407 2608 467 NOTE.

3483 412 3623 469 1050

380 529 727 593 historicum,
754 524 904 598 quod
936 526 1293 583 verisimilius
1325 527 1488 583 duco.
1527 526 1632 583 Sed
1664 526 1924 596 gentiliuu

2053 527 2111 581 δὲ
2157 532 2496 602 στρατηγοὺς
2528 532 2655 595 τούς
2706 532 3236 604 προκαθεδουμένους
3281 534 3383 605 τῆς
3416 534 3621 606 χώρας,

381 621 764 679 historicorum
797 617 1028 685 fabulas,
1053 626 1106 673 et
1131 629 1458 688 nugamenta
1481 634 1635 674 sacra
1665 617 1947 689 Scriptura

382 714 595 778 refellit,
633 714 820 783 reique
847 713 1133 767 veritatem
1166 712 1358 781 aperit.

431 804 677 869 Col.'i80,
699 803 792 858 lin.
811 802 881 857 44
894 802 1001 857 Καὶ
1019 800 1514 871 πολλάς-,Μογεθηι
1533 816 1820 855 mammam
1839 817 1945 857 non

379 904 679 961 erternam,
712 894 805 952 sed
839 894 1092 966 gentilem
1137 894 1424 951 admisisse
1444 893 1943 963 scriliitJosephus,

379 990 474 1045 lib.
509 1005 546 1044 It
582 988 992 1059 Antiquitatum,
1037 1003 1157 1057 cap.
1201 987 1255 1051 5,
1303 1003 1411 1041 non
1460 987 1745 1043 dissimilia
1785 987 1946 1042 habet

375 1081 720 1145 Ezecbiclus,
760 1079 936 1143 Philo,
968 1077 1218 1133 Clemens
1244 1077 1666 1132 Alexandrinus.

446 1172 606 1237 lbid.,
633 1172 732 1227 lin.
778 1171 867 1226 5|.
912 1168 1331 1240 Ἀνδρωθέντα.
1376 1169 1450 1224 De
1492 1170 1711 1224 nomine
1744 1167 1945 1240 Moysis

375 1265 662 1336 primaque
703 1262 824 1332 ejus
864 1263 1050 1317 radice
1093 1262 1166 1315 ita
1218 1261 1470 1317 Clemens
1501 1260 1941 1315 Alexandrinus:

375 1350 510 1410 Εἶτα
541 1355 747 1409 τίθεται
795 1354 872 1426 τῷ
918 1353 1114 1425 παιδίῳ
1156 1354 1326 1424 ὄνομα
1367 1354 1401 1425 ἡ
1448 1352 1656 1423 βασιλὶς
1706 1353 1943 1423 Μωῦσῆν

375 1447 611 1519 ἐτύμως,
649 1447 737 1501 διὰ
779 1447 841 1501 τὸ
881 1447 942 1513 ἐξ
986 1446 1173 1515 ὓδατος
1210 1445 1493 1500 ἀνελέσθαι
1525 1444 1675 1499 αὐτό.
1712 1445 1785 1498 Τὸ
1835 1445 1944 1517 γάρ

374 1541 518 1613 ὓδωρ
555 1541 674 1611 μῶῦ
711 1540 1066 1610 ὀνομάζουσιν
1116 1538 1422 1608 Αἰγύπτιοι,
1474 1539 1556 1601 είς
1588 1538 1616 1591 ὂ
1645 1538 1943 1592 ἐκτέθειται

369 1632 780 1703 τεθνηξόμενος.
798 1631 906 1686 Kal
925 1632 1137 1704 γάρτοι
1164 1630 1400 1700 Μωῦσῆν
1422 1630 1511 1683 τὸν
1530 1630 1943 1693 ἀποπνεύσαντα

368 1723 446 1796 τῷ
474 1723 629 1791 ὕδατι
668 1724 1179 1796 προσαγορεύουσιν,
1212 1722 1558 1779 Ezechielus:

510 1841 734 1908 ὀνομα
758 1840 826 1892 δὲ
852 1837 1076 1905 Μωσῆν
1098 1835 1375 1906 ὀνόμαζε.
1398 1836 1504 1908 τοῦ
1524 1836 1701 1908 χάριν

520 1906 734 1979 ’Υγρᾶς
758 1908 999 1963 ἀνεῖλεν
1015 1908 1306 1977 ποταμίας
1324 1908 1425 1961 ἀπ’
1453 1906 1656 1974 ᾐόνος.

363 1998 520 2054 Philo
558 1998 634 2063 De
664 2000 771 2059 vita
804 1997 1004 2068 Moysis
1040 2014 1059 2051 :
1096 1994 1227 2051 Εἶτα
1273 1997 1497 2051 δίδωσιν.
1533 1997 1703 2068 ὄνομα
1734 1996 1936 2067 θεμένη

362 2091 569 2160 Μωσῆν
617 2089 853 2160 ἐτύμως,
879 2089 967 2143 διὰ
995 2089 1058 2142 τὸ
1096 2090 1161 2143 ἐκ
1186 2089 1281 2143 τοῦ
1325 2089 1514 2152 ὕδατος
1543 2089 1703 2142 αὐτὸν
1750 2088 1933 2142 ἀνελέ-

364 2178 510 2233 σθαι.
541 2178 615 2232 Τὸ
651 2178 760 2250 γὰρ
792 2177 933 2249 ’ύδωρ
974 2178 1089 2249 μῶς
1128 2178 1480 2250 ὀνομάζουσιν
1507 2178 1811 2247 Αἰγύπτιοι.
1841 2176 1935 2233 Jo-

358 2270 585 2339 seplius,
635 2271 899 2340 Antiquit.
948 2271 1044 2325 lib.
1076 2285 1089 2323 I
1120 2288 1134 2325 :
1166 2270 1277 2325 Kal
1323 2269 1470 2340 αὐτῷ
1514 2269 1611 2341 τὴν
1650 2270 1933 2341 ἐπίκλησιν

357 2361 563 2434 ταύτην
604 2361 745 2416 κατά
786 2362 846 2415 τὸ
881 2362 1224 2433 συμϐεϐηκὸς
1263 2361 1421 2423 ἔθετο
1450 2364 1529 2432 εἰς
1556 2362 1647 2415 τὸν
1691 2362 1931 2432 ποταμὸν

358 2451 668 2522 ἐμπεσόντι.
696 2452 769 2505 Τὸ
791 2451 900 2523 γάρ
930 2451 1071 2524 ὕδωρ
1105 2450 1490 2523 μῶΑίγύπτιοι
1527 2450 1770 2516 καλοῦσι,
1795 2451 1932 2523 ὓσης

354 2542 414 2598 δὲ
448 2544 572 2607 τοὺς
602 2542 663 2607 ἐξ
688 2542 876 2606 ὕδατος
905 2543 1196 2608 σωθέντας.
1227 2543 1519 2606 Συνθέντες
1539 2539 1630 2596 οὖν
1658 2542 1717 2608 ἐξ
1753 2545 1930 2613 ἀμφο-

352 2632 529 2705 τέρων
549 2633 650 2704 τὴν
689 2633 1054 2706 προσηγορίαν
1085 2633 1234 2705 αὐτῷ
1270 2633 1474 2705 ταύτην
1502 2633 1760 2688 τίθενται.
1794 2632 1927 2689 Pro-

353 2725 570 2793 cOpius,
602 2722 883 2786 Babanus,
905 2732 960 2779 et
988 2724 1079 2778 alii
1107 2724 1349 2780 eamdem
1375 2724 1539 2793 hujus
1568 2724 1805 2779 nominis
1826 2724 1921 2777 im-

352 2816 644 2887 positionis
693 2817 960 2870 rationem
1020 2817 1265 2879 tradunt.
1308 2814 1597 2881 Cornelius
1648 2831 1678 2870 a
1724 2815 1926 2888 Lapide

351 2923 551 2964 nomen
588 2909 640 2961 id
673 2923 784 2977 non
820 2922 942 2965 esse
976 2905 1312 2979 Egyptium,
1347 2908 1441 2963 sed
1473 2906 1756 2962 Hebraeum
1778 2907 1923 2963 allir-e

351 3007 491 3069 mat,
540 3000 810 3069 aliamque
842 2999 1081 3055 nominis
1112 3014 1334 3055 causam
1379 2999 1555 3062 all‘ert,
1585 3015 1652 3054 ex
1697 2998 1925 3063 Hebraea

351 3107 634 3158 nominum
671 3092 879 3157 radice.

421 3183 587 3276 lbid.,
629 3183 727 3276 lin.
942 3181 1374 3276 Ἑκάλην-δέ.
1427 3182 1614 3276 _Aliter
1666 3183 1917 3276 Clemens
1951 3215 1994 3276 ο

344 3274 882 3339 Διειαηάτὶηιιειιίι).
916 3272 1153 3328 IStram.
1171 3273 1369 3344 εΔῆλον
1394 3268 1507 3338 οὖν,
1536 3275 1612 3336 ὡς
1638 3276 1694 3326 ἐν
1728 3274 1803 3339 τῷ
1826 3274 1925 3345 εμ-

346 3364 580 3438 προσθεν
596 3365 771 3437 χρόνῳ
785 3364 1172 3436 περιτμηθέντι
1182 3365 1260 3434 τῷ
1276 3364 1468 3434 παιδίῳ
1491 3367 1540 3418 oi
1556 3367 1730 3432 γονεῖς
1744 3364 1925 3419 ἔθεντο

344 3456 524 3527 δνομά
545 3474 597 3509 τι
620 3472 634 3487 ο
660 3455 901 3509 ἐκαλεῖτο
927 3454 985 3508 δὲ
1029 3455 1301 3525 Ἰωακείμ.
1329 3456 1496 3526 Ἔσχε
1533 3455 1589 3508 δὲ
1620 3455 1714 3510 καὶ
1742 3454 1921 3526 τρίτον

340 3548 515 3618 ὕνομα
536 3548 595 3600 ἐν
618 3545 829 3625 οὐρανῷ
864 3544 1002 3617 μετά
1032 3544 1132 3617 τὴν
1162 3543 1448 3615 ἀνάληψιν,
1465 3545 1540 3609 ὥς
1560 3561 1722 3625 φασιν
1739 3548 1788 3599 οἱ
1816 3544 1920 3617 μύ-

342 3653 489 3701 σται,
519 3637 742 3708 Μελχίς.
810 3621 815 3625 ’
1585 3621 1588 3625 ’

414 3729 575 3794 lbid.,
603 3730 698 3784 lin.
721 3727 812 3784 56.
843 3724 964 3783 Ἦν
978 3728 1048 3781 δὲ
1066 3727 1325 3796 ἀστεῖος.
1358 3727 1550 3783 Philo:
1583 3729 1792 3801 Εὐγενῆ
1827 3731 1923 3793 καὶ

338 3822 558 3875 ἀστεῖον
587 3818 838 3890 ὀφθῆναι.
870 3819 1213 3889 Τελειότερον
1248 3819 1303 3872 δὲ
1333 3818 1433 3889 τῆς
1465 3818 1677 3891 ἡλικίας
1716 3819 1917 3887 ἰδοῦσα,

336 3913 453 3968 κάκ
501 3912 603 3982 τῆς
648 3910 823 3981 ὅψεως
874 3911 954 3965 ἐτι
1006 3912 1204 3983 μᾶλλον
1245 3912 1284 3983 ἢ
1326 3911 1590 3985 πρότερον
1644 3912 1917 3978 σπάσασα,

333 4002 554 4064 εὐνοίας
585 4002 699 4069 υίὸν
726 4005 979 4069 ποιεῖται,
1011 4001 1080 4061 τὰ
1103 4002 1229 4074 περὶ
1256 4000 1346 4054 τὸν
1377 4001 1541 4069 ὄγκον
1565 4002 1664 4072 τῆς
1683 4000 1919 4071 γαστρὸς

331 4093 649 4166 τεχνάσασα
687 4095 971 4165 πρότερον,
1018 4094 1105 4148 ἵνα
1133 4094 1374 4163 γνήσιος,
1430 4091 1567 4148 ἀλλά
1602 4091 1676 4164 μὴ
1722 4091 1920 4146 ὑποϐο-

332 4185 556 4257 λιμαῖος
604 4184 854 4257 νομισθῇ.
883 4185 1068 4240 Πάντα
1102 4185 1158 4239 δὲ
1210 4185 1559 4257 ἐξευμαρίζει
1605 4184 1737 4249 Θεδς
1775 4183 1812 4239 ἃ
1851 4185 1917 4237 ἀν

332 4277 563 4350 θελήσῃ,
597 4278 692 4335 καὶ
720 4277 790 4331 τὰ
822 4277 1259 4349 δυσκατόρθωτα.
1292 4276 1425 4345 Ejus
1468 4277 1827 4347 proprietates
1863 4284 1919 4331 et

329 4372 666 4429 lineamenta
699 4369 774 4423 ita
804 4371 1072 4437 expressit
1103 4371 1411 4441 Artapanus
1435 4371 1576 4440 apud
1597 4369 1912 4437 Eusebium,

328 4463 410 4534 De
423 4462 814 4534 prwparatione
836 4461 929 4517 lib.
949 4476 1005 4515 ix
1024 4481 1037 4516 ε
1054 4462 1334 4531 Γεγονέναι
1348 4463 1405 4516 δέ
1423 4480 1555 4535 φησι
1568 4462 1659 4517 τὸν
1683 4462 1914 4517 Μὼῦσον

2047 618 2140 683 οὒς
2162 619 2225 690 δὴ
2252 620 2589 674 πλεονεκτεῖν
2618 621 2895 690 ἐπιφανῶς
2924 623 3061 676 κατὰ
3084 626 3180 687 τὰς
3207 623 3405 694 μάχας.
3429 622 3623 692 Λέγειν

2046 711 2101 765 δέ
2135 729 2297 782 φησιν
2342 712 2746 778 Ἠλιουπολίτας
2774 714 3025 782 γενέσθαι
3050 698 3139 769 τόν
3174 717 3406 787 πόλεμον
3433 716 3622 770 τοῦτον

2045 802 2138 874 ἐτη
2174 803 2323 858 δέκα.

2116 893 2276 961 lbid.,
2310 896 2406 952 lin.
2437 896 2528 952 55.
2560 897 2757 963 Ὅπως
2787 897 2976 952 αὑτὸν
3014 900 3369 970 στρατηγόν.
3390 899 3495 955 Per
3522 902 3620 956 ho-

2044 1002 2235 1044 norem
2267 1004 2297 1042 a
2331 1005 2393 1045 se
2426 991 2617 1059 procul
2648 991 2899 1061 ablegare
2926 1007 3088 1059 quem
3123 993 3248 1061 quis
3279 992 3616 1057 reformidat,

2045 1079 2297 1149 pluribus
2354 1081 2618 1150 exemplis
2674 1095 2863 1135 oumes
2900 1080 3150 1137 historici
3192 1083 3615 1152 conﬁrmarunt;

2044 1185 2278 1237 quorum
2310 1187 2565 1242 magnum
2608 1187 2895 1226 numerum
2932 1173 2984 1226 in
3014 1190 3184 1228 unum
3224 1176 3499 1245 congessit
3526 1175 3618 1229 Ja-

2045 1278 2150 1319 nus
2203 1262 2466 1318 Gruterus
2508 1264 2562 1318 in
2597 1263 2834 1322 secunda
2881 1273 3030 1333 parte
3070 1266 3424 1335 prolixiorum
3464 1282 3616 1321 com-

2044 1356 2437 1410 mentariorum
2489 1356 2543 1409 in
2576 1346 2748 1411 Taciti
2791 1358 3093 1426 insigniora
3136 1359 3254 1413 loca
3302 1360 3356 1413 in
3397 1359 3528 1414 illud
3561 1360 3615 1414 in

2044 1447 2139 1503 lib.
2182 1464 2236 1501 ιι
2277 1446 2608 1502 Annalium:
2638 1448 2863 1501 Amotiri
2907 1448 3148 1517 juvenem
3188 1450 3354 1518 specie
3403 1451 3616 1506 honoris

2044 1538 2254 1593 statuit.

2117 1629 2276 1696 lbid.,
2325 1629 2422 1684 lin.
2462 1627 2549 1683 66.
2592 1629 2888 1696 Κιϐωτοὺς
2940 1628 3224 1696 πλεκτὰς.
3269 1628 3461 1685 Totum
3511 1631 3617 1688 hoc

2044 1719 2244 1792 Moysis
2270 1727 2598 1790 stratagema
2629 1722 2705 1774 ita
2737 1729 2957 1776 enarrat
2986 1720 3290 1791 Iosephus:
3328 1722 3496 1776 Ἔνθα
3517 1724 3617 1794 τῆς

2044 1813 2207 1871 αὑτοῦ
2234 1813 2499 1876 συνέσεως
2529 1813 2846 1884 θαυμαστὴν
2875 1812 3131 1879 ἐπίδειξιν
3167 1813 3476 1883 ἐποιήσατο.
3503 1815 3617 1885 Τῆς

2044 1904 2153 1973 γὰρ
2190 1904 2291 1974 γῆς
2318 1903 2554 1973 χαλεπῆς
2589 1902 2754 1972 οὐσης
2780 1903 3057 1971 ὁδευθῆναι
3084 1902 3173 1957 διὰ
3213 1904 3415 1975 πλῆθος
3454 1906 3617 1976 ἐρπε-

2042 1994 2171 2059 τῶν,
2193 1994 2628 2065 (παμφορωτάτη
2650 1994 2758 2065 γάρ
2785 1996 2952 2059 ἐστιν,
2977 1993 3053 2057 ὡς
3075 1993 3253 2049 καὶτὰ
3287 1996 3414 2071 παρ’
3435 1995 3612 2060 ἄλλοις

2040 2084 2241 2149 τούτων
2264 2085 2364 2138 οὐκ
2394 2084 2522 2140 ὄντα
2556 2085 2689 2156 μόνη
2723 2084 2962 2156 τρέφειν,
2986 2085 3209 2156 δυνάμει
3232 2102 3290 2139 τε
3319 2086 3414 2139 καὶ
3445 2085 3615 2158 κακίᾳ

2039 2170 2117 2242 τῷ
2148 2174 2247 2243 τῆς
2287 2171 2461 2241 ὅψεως
2492 2171 2748 2245 ἀσυνήθει
2794 2173 3129 2245 διαφέροντα.
3171 2175 3304 2230 Τινά
3337 2175 3393 2229 δέ
3434 2176 3614 2232 αὐτῶν

2039 2266 2155 2321 ἐστι
2182 2264 2276 2318 καὶ
2318 2264 2559 2330 πετεινὰ,
2596 2265 2670 2329 ὡς
2697 2264 2927 2318 λαθόντα
2968 2266 3066 2336 μὲν
3107 2266 3216 2320 ἀπὸ
3247 2268 3349 2339 γῆς
3374 2286 3607 2342 κακουρ-

2037 2358 2174 2424 γεῖν,
2205 2356 2299 2409 καὶ
2351 2358 2425 2429 μὴ
2464 2356 2846 2429 προϊδομένους
2881 2356 3083 2411 ἀδικεῖν
3136 2358 3417 2431 ὑπερπετῆ
3467 2358 3610 2429 γινό-

2041 2464 2178 2519 μενα
2199 2448 2236 2520 ⁸)
2262 2452 2375 2504 νοεῖ
2404 2449 2541 2520 πρὸς
2573 2449 2870 2517 ἀσφάλειαν
2905 2450 2998 2503 καὶ
3026 2449 3234 2521 ἀϐλαϐῆ
3265 2451 3488 2521 πορείαν
3514 2450 3610 2505 τοῦ

2037 2541 2441 2612 στρατεύματος
2509 2543 2870 2614 στρατήγημα
2923 2542 3255 2614 θαυμαστόν.
3314 2543 3611 2614 Πλέγματα

2033 2633 2141 2704 γὰρ
2173 2634 2384 2705 ἐμφερῆ
2434 2633 2684 2698 κιϐωτοῖς
2728 2634 2792 2687 ἐκ
2829 2633 3012 2704 βίϐλου
3053 2634 3487 2698 κατασκευάσας,
3517 2635 3611 2690 καὶ⁴

2033 2725 2326 2797 πληρώσας
2367 2726 2560 2790 ἴϐεων,
2615 2725 2859 2796 ἐκόμιζε,
2908 2724 3319 2796 Πολεμιώτατον
3370 2724 3414 2779 δ’
3461 2725 3611 2780 ἐστὶν

2030 2817 2184 2885 ὕφεσι
2214 2816 2370 2871 τοῦτο
2401 2816 2462 2869 τὸ
2495 2814 2649 2881 ζῶον.
2679 2816 2942 2885 Φεύγουσί
2978 2832 3035 2867 τε
3064 2814 3172 2886 γὰρ
3214 2813 3608 2885 ἐπερχομένοις,

2030 2912 2125 2966 καὶ
2164 2910 2520 2980 ἀφιστάμενοι
2571 2909 2819 2979 καθάπερ
2860 2908 2950 2961 ὑπ’
2982 2908 3194 2977 ἐλάφων
3236 2907 3609 2979 ἁρπαζόμενοι

2028 3002 2439 3057 καταπίνονται.
2482 3002 2797 3074 Χειροήθεις
2824 3002 2871 3054 6‘
2902 3001 3038 3055 εἰσιν
3070 3002 3127 3053 αἱ
3162 2999 3319 3066 ῐϐεις,
3350 3000 3442 3053 καί
3469 2998 3609 3072 πρὸς

2028 3094 2189 3165 μόνον
2216 3093 2276 3147 τὸ
2302 3093 2409 3147 τῶν
2442 3094 2618 3163 δφεων
2642 3094 2796 3162 γένος
2832 3093 3031 3164 ἄγριοι.
3069 3090 3178 3143 Καὶ
3200 3090 3329 3161 περ)⁴
3364 3088 3461 3160 μὲν
3482 3086 3607 3142 τού-

2026 3200 2135 3237 των
2152 3184 2387 3255 παρίημι
2410 3184 2504 3238 νῦν
2522 3183 2783 3255 γράφειν,
2801 3183 2903 3236 οὐκ
2935 3179 3270 3251 ἀγνοούντων
3291 3181 3401 3232 τῶν
3418 3178 3608 3249 Ἐλλή-

2026 3292 2131 3329 νων
2159 3276 2258 3346 τῆς
2292 3275 2457 3338 ἴϐιδος
2491 3275 2551 3328 τὸ
2582 3270 2740 3336 εἶδος.
2778 3272 2864 3337 Ὠς
2889 3270 2981 3326 οὖν
3015 3274 3095 3335 εἰς
3118 3271 3217 3342 τὴν
3242 3272 3345 3340 γῆν
3384 3267 3610 3328 ἐνέϐαλε

2022 3369 2121 3439 τὴν
2155 3367 2506 3439 θηροτρόφον,
2551 3365 2771 3429 ταύταις
2821 3364 3136 3435 ἀπεμάχετο
3162 3362 3259 3434 τὴν
3290 3361 3398 3415 τῶν
3441 3362 3611 3432 ἐρπε-.

2022 3459 2130 3511 τῶν
2181 3458 2376 3526 φύσιν,
2437 3457 2668 3524 ἐπαφεὶς
2725 3455 2930 3518 αὐτοῖς,
2985 3455 3080 3511 καὶ
3131 3451 3604 3524 προπολεμούσαις

2023 3549 2319 3621 χρώμενος.
2363 3548 2563 3602 Τοῦτον
2592 3544 2683 3602 οὖν
2709 3547 2934 3610 ὁδεύσας
2959 3545 3049 3598 τὸν
3068 3544 3288 3615 τρόπον,
3319 3540 3439 3596 οὐδὲ
3471 3558 3611 3614 προ-ι

2025 3639 2255 3710 μαθοῦσι
2284 3641 2464 3712 παρῆν
2510 3642 2623 3704 τοῖς
2655 3637 2898 3709 Αἰθίοψι·
2943 3636 3039 3691 καὶ
3088 3633 3377 3706 συμϐαλὼν
3418 3633 3607 3701 αὐτοῖς

1992 3732 2215 3802 “κρατεῖ
2238 3733 2302 3802 τῇ
2332 3732 2499 3803 μάχῃ,
2528 3731 2623 3784 καὶ
2652 3728 2763 3783 τῶν
2805 3727 3034 3781 ἐλπίδων
3064 3725 3131 3789 ἃς
3160 3721 3305 3796 εἶχον
3342 3724 3434 3779 ἐπὶ
3474 3724 3601 3788 τοὺς

2018 3826 2348 3894 Αἰγυπτίους
2398 3827 2740 3897 ἀφαιρεῖται·
2776 3822 2875 3886 τάς
2905 3839 2965 3875 τε
3000 3821 3185 3884 πόλεις
3232 3819 3410 3873 αὐτῶν
3443 3816 3606 3889 ἐπῄει

2019 3915 2547 3986 καταστρεφόμενος,
2590 3914 2686 3968 καὶ
2737 3913 2895 3984 φόνος
2942 3912 3110 3977 πολὺς
3164 3912 3274 3965 τῶν
3323 3910 3602 3965 meum;

2019 4007 2336 4080 ἐπράττετο.
2370 4007 2481 4059 Καὶ
2522 4006 2620 4077 τῆς
2651 4004 2738 4059 διά
2767 4003 3005 4073 Μωῦσῆν
3051 4001 3356 4074 εὐπραγίας
3401 3998 3602 4068 γευσάο

2020 4116 2179 4171 μενον
2203 4099 2264 4152 τὺ
2280 4097 2388 4154 τῶν
2415 4097 2726 4167 Αἰγυπτίων
2754 4096 3071 4169 στράτευμα
3114 4095 3298 4147 πονεῖν
3336 4092 3436 4145 οὐκ
3472 4091 3601 4145 ἕκα-

2020 4205 2170 4258 μνεν,
2204 4189 2280 4253 ῶς
2300 4189 2427 4260 περὶ
2454 4186 2886 4259 ἀνδραποδισμοῦ
2915 4184 3007 4238 καὶ
3034 4182 3330 4246 παντελοῦς
3360 4182 3601 4238 ἀναστάει

2018 4297 2155 4347 σεως
2184 4279 2272 4333 τὸν
2297 4280 2545 4338 κίνδυνον
2580 4274 2718 4332 εἶναι
2748 4280 2860 4341 τοῖς
2890 4275 3157 4344 Αἰθίοψιν.
3190 4272 3434 4328 Meminit
3462 4274 3591 4328 item

2014 4370 2324 4441 Artapanus
2350 4389 2364 4425 :
2399 4371 2537 4434 Τοὺς
2564 4365 2657 4423 οὖν
2689 4368 2818 4439 περὶ
2846 4367 2937 4421 τὸν
2956 4365 3187 4421 Μὼῡσον
3224 4365 3310 4420 διὰ
3340 4364 3400 4418 τὸ
3432 4364 3596 4436 μέγε-

2016 4464 2106 4528 θος
2137 4465 2237 4532 τῆς
2272 4463 2530 4535 στρατιᾶς
2577 4460 2730 4515 πόλιν
2769 4463 2826 4514 ἐν
2871 4459 3045 4530 τούτῳ
3091 4460 3277 4513 κτίσαι
3307 4456 3385 4529 τῷ
3421 4457 3592 4527 τόπῳ,

330 4554 572 4628 μακρὸν,
621 4552 899 4623 πυρρακῆ,
953 4552 1158 4616 πολιὸν,
1212 4554 1485 4625 κομήτην,
1522 4552 1910 4624 ἀξιωματικόν.
1943 4548 1989 4604 D
2015 4557 2110 4611 καὶ
2135 4555 2234 4627 τὴν
2266 4553 2373 4606 ἶϐιν
2416 4554 2474 4606 ἐν
2505 4553 2642 4623 αὐτῇ
2677 4550 3031 4623 καθιερῶσαι,
3073 4548 3161 4603 διὰ
3206 4549 3268 4602 τὸ
3299 4547 3501 4617 ταύτην
3523 4545 3595 4603 τὰ

399 4645 528 4702 Col.
581 4642 704 4707 781,
740 4642 836 4699 lin.
882 4643 935 4697 1.
967 4640 1264 4713 Προσάγει
1299 4645 1518 4713 αὐτόν.Δ
1553 4643 1679 4699 Haec
1718 4643 1908 4701 eadem

326 4736 528 4792 iisdem
569 4733 684 4799 fere
718 4733 901 4788 verbis
932 4734 1183 4803 leguntur
1222 4734 1364 4804 apud
1406 4733 1908 4806 losepbum,.Anti.-

324 4830 464 4899 quit.
509 4825 603 4881 lib.
637 4839 678 4885 ι,
718 4840 840 4895 cap.
873 4825 930 4887 5.
961 4841 1122 4894 quem
1147 4826 1394 4883 consule.

397 4918 565 4990 Ibid.,
597 4917 693 4971 lin.
736 4916 831 4981 25,
869 4918 1145 4982 Αίθιόπες
1173 4914 1243 4969 δὲ
1285 4919 1359 4971 οἱ.
1412 4915 1487 4972 De
1529 4916 1632 4972 hac
1673 4916 1906 4972 Mosaica

324 5008 678 5078 expeditione
729 5005 997 5061 adversus
1031 5004 1321 5076 Ethiopas
1364 5013 1562 5075 prmter
1605 5005 1903 5077 Josephum

326 5100 405 5154 ita
434 5099 780 5171 Artapanus:
812 5098 922 5152 Kai
949 5114 1077 5151 ποτε
1112 5097 1221 5150 τῶν
1248 5096 1519 5152 Αἰθιόπων
1547 5099 1903 5171 ἐπιστρατευ-

326 5187 579 5258 σαμένων
604 5192 671 5260 τῇ
703 5186 983 5259 Αἰγύπτῳ,
1013 5187 1104 5240 τὸν
1126 5188 1435 5259 Χενεφρῆν,
1456 5188 1791 5243 ὑπολαϐόντα
1813 5191 1915 5247 εὑτ

324 5278 557 5352 ρηκέναι
584 5280 772 5352 καιρὸν
802 5278 1038 5345 εὔθετον,
1081 5277 1294 5351 πέμψαι
1322 5279 1414 5333 τὸν
1437 5278 1669 5334 Μώῦσον
1692 5281 1779 5334 ἐπ’
1809 5284 1901 5336 αὐ-

320 5373 452 5434 τοὺς
486 5372 788 5443 στρατηγὸν
820 5371 957 5443 μετά
981 5373 1291 5443 δυνάμεωςε
1311 5372 1383 5431 Τὸ
1402 5372 1459 5427 δὲ
1488 5373 1600 5430 τῶν
1622 5375 1911 5445 συγγενῶν.

317 5459 474 5533 αὐτῷ
505 5462 768 5533 συστῆσαι
790 5463 1012 5535 πλῆθος,
1037 5464 1376 5520 ὑπολαϐόντα
1401 5465 1597 5537 ῥᾳδίως
1633 5466 1792 5520 αὐτὸν
1811 5467 1914 5541 διὰ,

317 5554 420 5627 τὴν
461 5554 572 5608 τῶν
625 5556 967 5626 στρατιωτῶν
1014 5556 1300 5613 ἀσθένειαν
1346 5558 1450 5612 ὑπὸ
1473 5558 1585 5614 τῶν
1623 5558 1895 5631 πολεμίων

318 5646 796 5720 ἀναιρεθήσεσθαι.
831 5648 934 5703 Τὸν
975 5649 1034 5703 δὲ
1084 5649 1339 5715 Μώῦσον,
1393 5650 1616 5707 ἐλθόντα
1664 5653 1757 5706 ἐπὶ
1802 5653 1921 5708 τὸν-

331 5739 763 5811 Έρμουπολίτην
778 5739 1173 5812 ὀνομαζόμενον
1191 5742 1374 5815 νομὸν,
1400 5742 1591 5815 ἔχοντα
1616 5748 1743 5815 περὶ
1763 5744 1895 5800 δέκα

326 5829 591 5909 μυριάδας
628 5831 910 5904 γεωργῶν,
950 5833 1114 5889 αὑτοῦ
1149 5836 1636 5908 καταστρατεῦσαι.
1671 5836 1891 5908 Πέμψαι

2016 4647 2321 4718 βλάπτοντα
2345 4645 2473 4708 τοὺς
2498 4641 2818 4715 ἀνθρώπους
2850 4642 3089 4712 ἀναιρεῖν
3108 4658 3121 4671 ο
3156 4637 3600 4712 προσαγορεῦσαι

2010 4739 2068 4791 δὲ
2115 4738 2286 4809 αὐτὴν
2316 4734 2519 4807 Ἐρμοῦ
2559 4734 2743 4802 πόλινε
2774 4732 2914 4792 Hinc
2933 4733 3050 4799 avis
3081 4733 3196 4788 haec
3231 4746 3386 4787 sacra
3422 4730 3599 4802 :Egy-_

2009 4828 2160 4900 ptiis.
2188 4826 2517 4882 Herodotus.
2558 4824 2664 4880 Sed
2693 4824 2762 4879 de
2786 4823 2890 4878 bac
2917 4824 3178 4878 nonnulla
3208 4823 3481 4893 superius.

2081 4919 2240 4985 lbid.,
2276 4919 2372 4973 lin.
2402 4917 2492 4972 56.
2521 4913 2632 4971 Ἦν
2671 4916 2781 4987 γὰρ
2830 4915 3047 4970 αὐτῶν.
3091 4914 3285 4970 Omnia
3335 4913 3450 4968 haec
3490 4911 3589 4966 ba-

2005 5011 2204 5079 bentur
2231 5011 2409 5065 fusius
2433 5007 2576 5079 apud
2605 4990 2925 5076 Josephum,
2962 5006 3056 5076 qui
3093 5021 3194 5060 nec
3218 5004 3473 5059 Tharmis
3497 5020 3589 5060 req

2004 5104 2144 5175 gina:
2173 5102 2442 5175 perditum
2476 5116 2715 5159 amorem
2747 5101 2801 5154 in
2835 5099 3072 5171 Moysen]
3104 5098 3319 5153 silentio
3359 5107 3580 5166 praster-

2000 5195 2077 5259 it.,
2116 5209 2182 5248 ex
2213 5194 2412 5263 quibus
2458 5207 2559 5248 sua
2605 5192 2860 5246 videntur
2900 5189 3132 5245 mutuati
3169 5187 3343 5242 Graeci
3373 5187 3591 5242 fabulas

2002 5295 2150 5352 tores
2182 5301 2303 5357 qua;
2333 5284 2401 5340 de
2427 5285 2621 5356 Scylla
2643 5292 2701 5344 et
2718 5285 2842 5339 aliis
2866 5289 3115 5339 narrant.

2070 5378 2191 5438 Col.
2226 5377 2350 5441 184,
2381 5377 2478 5432 lin.
2510 5377 2599 5432 15.
2637 5376 2799 5430 Οὕτω
2830 5378 2941 5446 γὰρ
2971 5376 3111 5429 ὑπό.
3143 5372 3402 5440 Quanam
3438 5370 3584 5443 May.

1998 5484 2087 5526 ses
2123 5468 2345 5525 doceret
2375 5468 2658 5540 Aigyptios
2683 5467 2890 5524 iudicat
2919 5467 3139 5533 Strabo,
3160 5468 3255 5523 lib.
3288 5481 3379 5521 XVI
3406 5484 3418 5519 :
3450 5464 3591 5525 Non.

1998 5572 2136 5618 recte
2180 5563 2391 5630 sentire,
2425 5563 2516 5633 qui
2562 5560 2872 5627 bestiarum,
2928 5578 2990 5616 ac
3030 5577 3278 5631 pecorum
3318 5560 3576 5631 imagines

1998 5654 2109 5710 Deo
2155 5654 2468 5719 tribuerunt,
2502 5654 2724 5724 itemque
2766 5652 2947 5722 Afros,
2990 5662 3040 5708 et
3083 5652 3294 5724 ereos
3337 5654 3429 5723 qui
3467 5652 3582 5715 diis,

1998 5746 2267 5802 hominum
2312 5748 2541 5819 ﬁguram
2595 5746 2915 5816 aﬂiugereut.
2966 5743 3035 5800 Id
3082 5761 3202 5802 vero
3240 5745 3413 5801 solum
3460 5760 3584 5800 esse

1996 5836 2184 5904 Deum,
2206 5835 2345 5907 quod
2380 5854 2495 5903 nos,
2528 5845 2577 5891 et
2614 5845 2831 5902 terram,
2867 5851 2929 5889 ac
2962 5850 3106 5899 mare
3134 5835 3399 5899 continet;
3433 5832 3582 5911 quod,
