4100 6414
532 399 663 454 1051

1907 418 2152 477 LEONIS
2196 419 2469 478 ALLATII

3651 432 3792 489 1052

530 513 736 579 caelum,
765 525 814 570 et
841 519 1093 575 mundum
1113 532 1164 577 et
1191 537 1367 579 rerum
1399 529 1633 584 omnium
1660 543 1910 588 naturam
1935 539 2105 605 appel-

2216 554 2348 608 φησι
2376 537 2591 610 πρῶτον
2623 538 2783 609 σοφὸν
2807 539 3082 609 γενέσθαι,
3109 542 3204 597 καὶ
3229 546 3624 617 γραμματικὴν
3648 549 3794 620 πρῶ-

527 604 725 669 lamus,
772 609 923 678 cujus
955 613 1191 682 profecto
1224 618 1508 687 imaginem
1555 639 1705 676 nemo
1746 641 1889 678 same
1922 630 2108 683 mentis

527 696 757 764 alicujus
787 717 971 754 earum
1003 719 1203 769 rerum,
1237 724 1352 775 qua’
1386 726 1539 778 penes
1565 730 1660 767 nos
1703 726 1844 782 sunt,
1883 718 2110 774 similem

527 788 721 841 audeat
749 791 1001 862 efﬁngere.
1030 795 1263 852 Proinde
1283 802 1424 854 omni
1439 803 1845 860 simulacrorum
1863 810 2112 877 e/ﬁctione

526 883 828 951 repudiata,
859 888 1075 958 dignum
1106 893 1154 944 ei
1198 895 1470 964 templum,
1503 915 1563 950 ac
1604 899 1880 954 delubrum
1917 907 2113 958 consti-

526 976 800 1041 tuendum,
836 997 898 1032 ac
935 982 1046 1035 sine
1078 984 1258 1053 aliqua
1286 988 1458 1056 ﬁgura
1494 989 1785 1044 colendum.
1822 993 1926 1058 Qui
1946 1005 2111 1062 caste,

526 1083 588 1120 ac
607 1067 754 1136 juste
791 1072 987 1138 vivunt,
1023 1077 1097 1128 eis
1143 1076 1277 1129 bona
1307 1082 1512 1133 somnia
1539 1082 1719 1148 σθεν-τί
1745 1099 1763 1135 :
1794 1085 1975 1140 debere
2005 1089 2111 1140 ita-

524 1168 642 1221 que,
668 1166 716 1207 et
743 1172 839 1222 pro
869 1175 942 1222 se,
989 1169 1037 1213 et
1069 1177 1164 1229 pro
1198 1165 1322 1217 aliis
1353 1183 1441 1219 eos
1482 1167 1714 1224 dormire
1741 1172 1795 1225 in
1822 1176 2032 1243 templo,
2061 1185 2112 1231 et

528 1262 560 1297 a
587 1245 697 1300 Deo
730 1250 948 1304 subinde
983 1253 1186 1322 aliquid
1209 1255 1351 1321 boni,
1381 1267 1538 1328 atque
1569 1262 1756 1317 iudicii
1789 1277 2108 1336 exspectare.

527 1341 730 1392 cwteris
763 1341 896 1394 nihil
917 1346 1265 1410 sperandum.

596 1430 713 1485 Col.
748 1432 869 1498 784,
894 1435 988 1488 lin.
1029 1437 1116 1491 18.
1167 1438 1439 1510 Ἔτιμᾶτο
1475 1444 1544 1499 δὲ
1572 1449 1696 1503 καί.
1729 1450 1885 1503 Οὕτω
1905 1452 1969 1523 δὴ
1986 1453 2111 1518 τοὺς

527 1523 805 1588 Αίθίοπας,
839 1528 1044 1598 καίπερ
1073 1530 1232 1594 ὄντας
1258 1533 1567 1606 πολεμίους,
1597 1540 1921 1611 στέρξαιτδν
1950 1544 2112 1599 Μώῦ-

528 1631 640 1679 σον,
672 1614 810 1669 ὥστε
843 1621 937 1672 καὶ
972 1623 1071 1692 τὴν
1103 1627 1405 1698 περιτομὴν
1435 1629 1542 1683 τῶν
1573 1632 1788 1687 αἰδοίων
1816 1637 1946 1706 παρ’
1973 1638 2113 1690 ὲκεί-

523 1726 615 1762 νου
651 1711 863 1780 μαθεῖν.
897 1714 970 1766 Οὐ
1001 1715 1160 1785 μόνον
1189 1718 1246 1771 δὲ
1267 1720 1489 1784 τούτους
1520 1723 1653 1776 ἀλλὰ
1677 1727 1770 1779 καὶ
1801 1728 1926 1790 τοὺς
1951 1730 2114 1800 ἱερεῖς

524 1797 793 1864 ἅπαντας.
828 1799 1006 1857 Verba
1041 1814 1170 1859 sunt
1207 1811 1508 1880 Artapani;
1550 1813 1697 1869 hunc
1732 1817 2109 1874 circumcisio-

2213 645 2306 681 τον
2337 633 2448 692 τοῖς
2488 629 2759 694 Ἰουδαίοις
2800 631 3153 704 παραδοῦναι,
3198 635 3294 688 καὶ
3335 637 3485 709 παρὰ
3525 639 3791 697 Ἰουδαίων

2211 718 2456 782 Φοίνικας
2502 720 2869 790 παραλαϐεῖν·
2903 723 3168 794 Ἕλληνας
3201 725 3260 779 δὲ
3310 728 3461 798 παρὰ
3505 731 3814 789 Φοινίκιον.-

2213 805 2310 861 His
2343 824 2451 862 non
2482 812 2757 864 consentit
2787 811 3024 868 Joannes
3054 815 3428 874 Autiocbenus
3453 819 3506 872 in
3542 820 3792 878 Archazo-

2213 898 2354 969 logia
2379 913 2397 950 :
2432 901 2551 953 Ἔτι
2577 902 2682 954 τῶν
2702 903 2907 957 δώδεκα
2951 908 3302 978 πατριαρχῶν
3338 905 3405 980 ἦν
3445 911 3704 979 Ἡσίοδος,
3730 915 3789 979 δς

2211 989 2279 1042 τὰ
2320 990 2618 1061 Ἀσσυρίων
2655 992 2958 1064 γράμματα
2979 997 3060 1058 εἰς
3101 996 3324 1051 Ἐλλάδα
3363 999 3616 1068 γλῶσσαν
3662 1022 3784 1075 μετ-

2213 1079 2424 1133 έϐαλεν.
2462 1082 2598 1136 lllud
2634 1100 2784 1148 vero,
2807 1085 3020 1141 litteras
3043 1087 3278 1157 primum
3317 1105 3345 1143 a
3381 1090 3564 1163 Moyse
3585 1093 3788 1152 Judmis

2211 1173 2441 1227 traditas
2469 1189 2577 1228 non
2616 1177 2809 1245 probat
2840 1179 3198 1249 Augustinus,
3231 1182 3327 1237 lib.
3376 1200 3508 1238 xvm
3555 1186 3630 1241 De
3663 1189 3790 1242 ciui-

2213 1272 2322 1317 tate
2354 1263 2473 1332 Dei,
2504 1282 2625 1336 cap.
2651 1267 2754 1333 59;
2786 1280 2972 1324 censet
3011 1272 3176 1339 enim,
3202 1276 3658 1343 quemadmodum
3683 1280 3787 1334 lin-

2212 1373 2371 1428 guam
2407 1358 2480 1412 ita
2514 1367 2568 1414 et
2610 1360 2841 1427 litteras,
2871 1371 2995 1418 ante
3027 1363 3266 1435 Moysem
3299 1366 3485 1434 fuisse,
3514 1378 3568 1425 et
3595 1387 3660 1426 ex
3703 1373 3790 1430 bis

2211 1466 2334 1520 quae
2366 1453 2618 1521 superius
2649 1470 2715 1508 ex
2749 1453 2985 1526 Josepho
3008 1457 3085 1511 De
3115 1459 3362 1529 antiquit.
3393 1461 3487 1516 lib.
3531 1478 3570 1526 ι,
3603 1464 3792 1519 attuli—

2211 1559 2334 1598 mus
2363 1543 2430 1598 de
2449 1546 2740 1611 columnis,
2769 1549 2939 1603 altera
2969 1549 3201 1620 lapidea,
3249 1552 3416 1606 altera
3442 1554 3697 1621 lateritia,
3733 1557 3790 1612 in

2210 1633 2412 1702 quibus
2453 1643 2681 1704 nepotes
2725 1636 2852 1692 Seth
2903 1646 3029 1694 ante
3068 1639 3382 1696 illuvionem
3429 1643 3578 1699 illam
3622 1648 3790 1702 totius

2212 1721 2363 1776 orbis
2411 1723 2693 1777 scientiam
2725 1725 2910 1780 rerum
2962 1728 3269 1784 caelestium
3309 1733 3376 1786 ab
3425 1733 3558 1804 ipsis
3598 1735 3790 1791 inven-

2216 1819 2350 1875 tam,
2395 1812 2592 1870 litteris
2634 1815 2988 1886 insculptam,
3025 1821 3509 1894 consignatamque
3556 1828 3792 1896 relique-

523 1887 611 1945 nis
645 1893 864 1946 modum
915 1896 1052 1951 mire
1103 1900 1334 1969 amplexi
1376 1913 1526 1964 sum,
1564 1905 1639 1959 ita
1688 1914 1748 1960 υι
1799 1909 1961 1963 etiam
2019 1926 2110 1965 ac-
2141 1894 2182 1950 Β
2211 1909 2361 1965 runt,
2389 1904 2524 1959 satis
2563 1905 2925 1962 conﬁrmatur
2954 1908 3245 1981 Augustini
3287 1914 3493 1984 Opinio.
3531 1915 3623 1971 Sic
3661 1919 3789 1973 item

523 1991 686 2052 cepto
721 1983 1145 2042 Christianismo
1182 1995 1448 2062 prazputia
1484 1994 1551 2050 ad
1592 1997 1734 2052 hanc
1764 2015 1949 2069 usque.
1965 2001 2106 2060 diem

523 2085 730 2144 ponant
757 2097 770 2144 ;
804 2080 949 2148 quod
982 2097 1046 2136 ex
1079 2084 1304 2154 antiqua
1330 2087 1452 2155 ejus
1501 2090 1676 2158 gentis
1717 2093 2109 2149 consuetudine

522 2168 706 2224 facere
744 2171 895 2241 ipsos
934 2174 1053 2229 sine
1108 2174 1378 2241 Judaismi
1428 2183 1821 2250 superstitione
1878 2191 2111 2239 testatur

520 2259 792 2331 Iosephus
824 2264 1086 2336 Scaliger,
1113 2268 1209 2322 lib.
1241 2285 1317 2323 vn
1353 2270 1428 2325 De.
1460 2273 1664 2328 emend.
1695 2284 1871 2343 temp.,
1905 2293 1956 2346 p.
1981 2276 2106 2332 640.

523 2353 607 2408 An
645 2363 872 2425 propter
919 2358 1024 2413 hoc
1059 2368 1113 2415 et
1155 2375 1186 2414 a
1235 2364 1531 2433 gentilismi
1578 2368 1968 2437 superstitione
2008 2370 2110 2424 im-

523 2447 756 2500 munes?
789 2446 1052 2518 Scaliger.

593 2535 702 2590 Ibid
733 2577 750 2602 ,
782 2539 877 2593 lin.
911 2541 1001 2593 ‘22.
1030 2543 1151 2594 Ἔτι
1182 2542 1249 2595 δὲ
1283 2543 1381 2596 καί
1407 2543 1541 2612 τήν.
1577 2545 1710 2613 Qua:
1741 2547 1808 2603 de
1838 2548 2109 2606 divisione

523 2624 742 2697 Egypti
778 2627 1096 2686 Eustathius
1145 2632 1314 2704 Moysi
1365 2636 1561 2690 tribuit
1604 2639 1820 2692 videtur
1867 2641 2109 2696 tribuere

519 2717 756 2789 Josepbo
776 2721 1082 2779 Alexander
1099 2724 1411 2796 Polyhistor
1427 2744 1488 2782 ex
1516 2728 1794 2800 Artapanu
1817 2749 1829 2785 :
1858 2731 2110 2788 Ἐλθόντα

519 2810 575 2864 δὲ
612 2811 773 2864 αὐτὸν
806 2815 886 2877 είς
921 2816 1022 2886 τὴν
1064 2817 1359 2886 Αἴγυπτον,
1401 2821 1497 2872 καὶ
1534 2821 1864 2876 συσταθέντα
1903 2824 1980 2895 τῷ
2015 2825 2109 2894 βα-

520 2901 659 2956 σιλεῖ
700 2903 978 2976 διοικητὴν
1004 2908 1104 2978 τῆς
1153 2909 1282 2980 ὅλης
1315 2911 1569 2978 γενέσθαι
1600 2913 1803 2983 χώρας,
1843 2917 1936 2970 καὶ
1975 2917 2109 2988 πρό-

520 3010 679 3067 τερον
706 2997 957 3062 ἀτάκτως
979 3000 1086 3054 τῶν
1118 3002 1428 3070 Αἰγυπτίων
1455 3007 1901 3078 γεωμορούντων,
1937 3008 2023 3062 διὰ
2046 3009 2106 3062 τὸ

518 3088 620 3158 τὴν
654 3088 836 3160 χώραν
873 3090 1176 3164 ἀδιαίρετον
1202 3091 1359 3158 εἶναι,
1395 3099 1488 3149 καὶ
1518 3098 1626 3151 τῶν
1658 3099 1960 3153 ἐλασσόνων
2002 3099 2105 3153 ὑπὸ

517 3180 628 3235 τῶν
658 3185 986 3253 κρεισσόνων
1019 3186 1412 3259 ἀδικουμένων,
1443 3189 1632 3243 τοῦτον
1671 3191 1886 3262 πρῶτον
1922 3193 2019 3263 τήν
2043 3209 2102 3245 τε
2129 3229 2177 3295 c

519 3276 598 3295 --~.,
616 3294 620 3295 ν
654 3275 692 3295 9,
711 3277 749 3295 εκ
791 3279 813 3295 ν
966 3279 980 3295 \
1029 3279 1051 3294 υ
1214 3281 1238 3295 ιι
1431 3284 1442 3295 ι
1563 3283 1585 3295 Α
1773 3285 1784 3295 ι
1872 3283 1884 3295 ι
2049 3283 2065 3295 ς

517 3276 621 3346 γῆν
648 3275 862 3341 διελεῖν,
897 3279 988 3331 καὶ
1025 3279 1171 3350 ὅροις
1209 3281 1672 3354 διασημήνασθαι,
1699 3285 1795 3337 καὶ
1833 3283 1931 3354 τὴν
1980 3283 2105 3335 πολ-

515 3367 613 3440 λὴν
633 3371 1030 3443 χερσευομένην
1052 3375 1435 3445 γεωργήσιμον
1466 3375 1813 3441 ἀποτελέσαι,
1841 3378 1933 3429 καί
1953 3393 2108 3442 τινας

516 3461 626 3513 τῶν
657 3462 904 3533 ἁρουρῶν
941 3467 1054 3526 τοῖς
1096 3465 1333 3535 ἱερεῦσιν
1363 3467 1772 3539 ἀποκληρῶσαι.
1810 3468 2010 3522 Τοῦτον
2048 3469 2105 3522 δὲ

516 3549 611 3604 καὶ
647 3550 820 3622 μέτρα
852 3553 1052 3625 εὑρεῖν,
1086 3556 1179 3607 καὶ
1229 3557 1480 3626 μεγάλως
1521 3559 1685 3610 αὑτὸν
1732 3559 1836 3611 ὑπὸ
1868 3559 1978 3613 τῶν
2013 3561 2107 3613 Αί-

517 3643 757 3709 γυπτίων
810 3643 896 3696 διὰ
957 3644 1129 3697 ταῦτα
1175 3649 1547 3718 ἀγαπηθῆναι.
1604 3649 1784 3719 Γῆμαι
1831 3650 1887 3703 δὲ
1945 3651 2105 3704 αὐτὸν

527 3732 930 3786 Ἦλιουπολίτου
961 3736 1150 3806 ἱερέως
1195 3737 1412 3792 Ἀσενὲθ
1445 3739 1737 3812 θυγατέρα,
1764 3741 1820 3807 ἐξ
1842 3737 1909 3812 ἦς
1925 3743 2107 3812 γεννῆε

519 3839 610 3877 σαι
641 3824 856 3888 παῖδας.
880 3825 1242 3884 Prmiecturas
1283 3829 1502 3901 {Egypti
1533 3847 1560 3884 a
1598 3831 1830 3901 Memphi
1861 3833 1927 3886 ad
1963 3831 2105 3887 The-

515 3913 733 3969 baidem
773 3925 946 3986 nsque
996 3929 1248 3974 numerat
1292 3922 1724 3992 Agatharchides
1773 3923 1913 3992 apud
1961 3922 2105 3976 Pho-

515 4006 655 4060 tium
706 4007 760 4061 in
797 4009 964 4070 Bibl.,
1000 4010 1219 4077 Strabo,
1263 4013 1356 4068 lib.
1387 4029 1523 4078 xvn,
1567 4013 1862 4084 .‘Egyptum
1911 4015 2102 4070 scribit

513 4101 752 4170 primum
781 4101 1012 4158 divisam
1051 4105 1105 4158 in
1139 4106 1515 4176 praefecturas,
1549 4106 1878 4161 Tltebaciam
1917 4109 1968 4160 in
2010 4109 2104 4163 de-

515 4205 658 4256 cem,
693 4207 836 4257 eam,
867 4211 988 4264 qua:
1023 4195 1076 4248 in
1105 4196 1279 4261 Delta,
1313 4198 1368 4252 in
1406 4199 1542 4252 alias
1591 4199 1802 4260 decem,
1843 4196 2103 4252 Interme-

514 4281 660 4337 diam
693 4285 747 4339 in
779 4287 1040 4342 sedecim.
1073 4286 1174 4341 Tot
1214 4289 1360 4343 enim
1391 4299 1550 4343 erant
1595 4289 1908 4358 hujusmodi
1965 4303 2103 4359 prae-

514 4372 764 4440 fecturae,
794 4385 928 4445 quot
953 4377 1255 4449 labyrinthi
1296 4381 1456 4444 aulae,
1483 4395 1606 4449 qua:
1632 4381 1856 4437 circiter
1878 4381 2101 4451 triginta

511 4463 760 4519 fuerunt.
787 4462 1024 4520 Rursum
1054 4467 1412 4538 praefecturas
1451 4468 1656 4524 divisas
1681 4471 1734 4524 in
1762 4471 2098 4537 toparchias,

2211 1988 2551 2057 esplodenda
2584 2001 2668 2046 est
2706 1991 2955 2052 Philonis
3002 1999 3208 2067 opinio,
3259 2003 3370 2071 qui
3403 2004 3470 2057 ad
3514 2005 3786 2061 Abraham

2211 2078 2576 2135 inventionem
2613 2083 2916 2139 litterarum
2950 2085 3341 2145 Hebraicarum
3385 2093 3574 2150 refert.

2281 2170 2440 2241 lbid.,
2470 2174 2566 2230 lin.
2597 2176 2687 2230 55.
2712 2179 2874 2230 Μετὰ
2896 2177 2964 2231 δὲ
2985 2178 3099 2248 τὴν
3117 2183 3288 2239 κατά.
3314 2184 3543 2251 Quidam
3567 2191 3792 2247 tradurt

2211 2263 2449 2336 Moysem
2483 2273 2640 2336 parta
2676 2269 2908 2324 victoria
2943 2286 3069 2327 cum
3109 2276 3292 2331 redire
3323 2279 3488 2334 vellet
3529 2281 3583 2335 iu
3618 2281 3789 2355 Egy-

2209 2366 2384 2428 ptum,
2421 2374 2522 2414 nec
2567 2360 2870 2418 dimitteret
2913 2379 3039 2419 eum
3073 2364 3330 2434 Tharbis,
3367 2371 3568 2440 ipsum,
3606 2382 3664 2428 ut
3693 2378 3785 2445 qui

2209 2449 2575 2519 peritissimus
2616 2460 2761 2506 esset
2804 2461 3100 2519 astrorum,
3136 2457 3274 2512 duas
3313 2459 3579 2531 imagines
3641 2467 3788 2520 scul-

2209 2542 2384 2610 psisse
2420 2542 2474 2596 in
2501 2544 2729 2613 gemmis
2758 2545 2880 2614 ejus
2910 2547 3150 2612 virtutis,
3178 2564 3242 2603 ac
3272 2555 3580 2620 potestatis,
3614 2563 3674 2610 ut
3707 2558 3788 2611 al-

2209 2639 2324 2688 tera
2361 2636 2676 2689 memoriam
2705 2637 2940 2700 all'erret,
2965 2639 3134 2692 altera
3157 2639 3488 2699 oblivionem
3511 2687 3525 2711 ,
3554 2662 3790 2719 cumque

2207 2725 2431 2793 paribus
2481 2728 2697 2782 annulis
2744 2744 2837 2783 eas
2883 2729 3225 2797 inseruisset,
3285 2735 3516 2790 alterum
3571 2741 3797 2796 scilicet-

2207 2817 2482 2870 memoria:
2530 2818 2634 2871 sibi
2681 2833 3011 2886 reservasse,
3061 2823 3292 2878 alterum
3345 2827 3638 2886 oblivionis
3691 2833 3789 2888 de-

2207 2906 2352 2962 disse
2376 2906 2631 2972 Tharbis,
2657 2925 2817 2979 quem
2844 2911 2935 2964 illa
2960 2911 3192 2969 induens
3227 2932 3350 2971 mox
3385 2918 3588 2991 Moysis
3617 2925 3788 2978 oblita

2207 2996 2343 3062 fuit;
2385 2997 2575 3068 sicque
2628 3000 2718 3054 ille
2767 3001 2822 3054 in
2867 2999 3163 3073 Egyptum
3209 3007 3388 3063 redire
3433 3014 3628 3079 potuit.
3679 3012 3788 3069 Sed

2206 3104 2382 3158 nugae.
3258 3129 3261 3132 -

2278 3179 2436 3246 lbid.,
2471 3181 2567 3235 lin.
2593 3180 2679 3235 56.
2714 3183 2822 3237 Καὶ
2866 3188 2898 3238 ὀ
2933 3187 3256 3256 Χενεφρῆς.
3286 3189 3597 3260 Artapanus
3633 3212 3645 3247 :
3681 3194 3792 3250 Τὸ)

2207 3271 2263 3324 δὲ
2293 3274 2594 3344 Χενεφρῆν,
2632 3275 2883 3340 λυθέντος
2905 3277 2997 3331 τοῦ
3024 3280 3281 3350 πολέμου,
3316 3283 3458 3356 λόγῳ
3495 3286 3592 3356 μὲν
3624 3289 3791 3344 αὐτὸν

2208 3363 2606 3429 ἀποδέξασθαι,
2658 3366 2804 3438 ἔργῳ
2864 3369 2920 3421 δὲ
2969 3369 3355 3429 ἐπιϐουλεύειν.
3412 3376 3790 3448 Παρελόμενον

2207 3452 2337 3520 γοῦν
2370 3453 2534 3506 αὐτοῦ
2564 3455 2688 3517 τοὺς
2729 3454 2916 3524 ὄχλους
2961 3458 3086 3521 τοὺς
3140 3459 3239 3528 μὲν
3272 3461 3366 3513 ἐπὶ
3407 3461 3474 3514 τὰ
3519 3465 3642 3535 ὅρια
3684 3464 3788 3535 τῆς

2205 3543 2490 3607 Αἰθιοπίας
2525 3546 2737 3616 πέμψαι
2769 3548 3124 3620 προφυλακῆς
3154 3551 3334 3621 χάριν,
3379 3555 3503 3617 τοὺς
3533 3555 3590 3607 δὲ
3619 3573 3789 3627 προσ-

2205 3637 2364 3700 τάξαι
2396 3637 2486 3689 τὸν
2527 3639 2584 3689 ἐν
2610 3637 2731 3701 Διὸς
2764 3639 2913 3691 πόλει
2942 3640 3065 3694 ναὸν
3103 3641 3162 3705 ἐξ
3191 3644 3360 3713 ὀπτῆς
3401 3644 3621 3699 πλίνθου
3654 3663 3788 3702 κατ-

2207 3731 2608 3802 εσκευασμένον
2664 3732 2978 3804 καθαιρεῖν·
3043 3733 3229 3805 ἓτερον
3273 3735 3331 3790 δὲ
3374 3737 3569 3792 λίθινον
3618 3757 3788 3795 κατα-

2208 3823 2491 3885 σκευάσαι,
2534 3824 2593 3876 τὸ
2637 3822 2864 3894 πλησίον
2905 3824 3027 3895 ὅρος
3076 3824 3504 3898 λατομήσαντας·
3538 3830 3697 3897 τάξαι
3727 3833 3786 3887 δὲ

2205 3916 2298 3968 ἐπὶ
2325 3915 2424 3984 τῆς
2443 3916 2753 3987 οἰκοδομίας
2785 3919 3080 3990 ἐπιστάτην
3109 3923 3428 3994 Ναχέρωτα.

2277 4004 2436 4072 lbid.,
2475 4008 2572 4063 lin.
2606 4009 2697 4062 40.
2748 4012 2806 4062 Tt
2852 4010 2976 4075 τοῖς
3003 4011 3218 4078 ἀνθρώ.
3273 4015 3588 4082 Artapanus
3642 4017 3784 4086 apud

2206 4097 2490 4152 Eusebium
2513 4100 2652 4153 :Tov
2681 4101 2758 4166 δὲ,
2790 4100 3008 4153 ἐλθόντα
3030 4104 3165 4171 μετὰ
3185 4105 3416 4157 Μωΰσου
3439 4108 3515 4168 είς
3538 4107 3780 4179 Μέμφιν,

2205 4191 2472 4244 πυθέσθαι
2506 4192 2637 4262 παρ’
2663 4192 2850 4258 αὑτοῦ,
2881 4193 2932 4244 εί
2951 4209 3003 4244 τι
3029 4193 3155 4246 ἄλλο
3177 4194 3324 4247 ἐστὶν
3351 4195 3647 4266 εὔχρηστον
3671 4202 3784 4264 τοῖς

2204 4282 2529 4352 ἀνθρώποις.
2560 4282 2663 4336 Τὸν
2695 4283 2752 4335 δὲ
2785 4283 2950 4351 φάναι
2983 4284 3140 4352 γένος
3185 4285 3246 4337 τὸ
3295 4285 3452 4355 βοῶν,
3483 4287 3570 4340 διὰ
3597 4290 3656 4342 τὸ
3682 4290 3782 4362 τὴν

2201 4375 2306 4445 γῆν
2336 4375 2440 4428 ὑπὸ
2477 4374 2680 4428 τούτων
2723 4373 3005 4444 ἀροῦσθαι.
3048 4373 3151 4427 Τὸν
3188 4375 3246 4428 δὲ
3277 4376 3578 4448 Χενεφρῆν,
3613 4394 3783 4449 προσ.

2202 4467 2574 4539 αγορεύσαντα
2594 4465 2695 4520 ταῦ
2705 4484 2792 4538 ρον
2822 4468 3006 4530 Ἀπιν,
3035 4466 3286 4520 κελεῦσαι
3311 4468 3452 4539 ἱερὸν
3469 4468 3633 4521 αὑτοῦ
3656 4470 3782 4533 τοὺς

511 4555 828 4625 toparchias
869 4558 923 4612 in
949 4559 1085 4614 alias
1114 4561 1414 4630 portiones,
1447 4577 1678 4631 quarum
1711 4563 1951 4618 minimas
1970 4579 2098 4619 arva

2206 4561 2393 4630 ὗχλους
2421 4559 2869 4632 καθιδρύσασθαι,
2901 4561 2996 4613 καὶ
3021 4560 3091 4614 τὰ
3119 4559 3239 4624 ζῶα.
3271 4560 3341 4614 τὰ
3375 4562 3786 4633 καθιερωθέντα

512 4657 674 4703 erant
706 4655 760 4703 et
801 4647 1042 4720 Egyptii
1069 4651 1173 4705 bac
1203 4652 1478 4721 exquisita
1505 4653 1824 4723 minutaque
1857 4653 1941 4709 usi
1969 4665 2097 4710 sunt

513 4736 789 4795 divisione
842 4752 1066 4810 propter
1115 4743 1410 4798 continuas
1461 4743 1650 4797 ﬁnium
1708 4744 2095 4811 confusiones,

512 4844 736 4903 propter
789 4831 895 4886 Nili
933 4835 1294 4901 incrementa,
1327 4837 1421 4905 qui
1471 4843 1669 4892 auctus
1713 4835 1799 4891 bis
1844 4836 2096 4903 addebat,

513 4926 638 4982 aliis
685 4927 983 4993 adimebat,
1017 4929 1199 4981 omnia
1243 4944 1401 4983 versa
1445 4928 1586 4983 facie
1618 4943 1803 4984 rerum
1854 4943 2100 4984 commu-

511 5027 659 5084 tans,
705 5019 913 5089 ﬁguris,
951 5021 1231 5089 signisque
1264 5021 1498 5076 obrutis.
1529 5020 1603 5078 De
1632 5021 1719 5076 his
1756 5020 2098 5090 prazl’ecturis

509 5111 637 5166 vide
668 5109 992 5172 Diodorum,
1025 5109 1287 5176 Plinium,
1317 5121 1372 5166 et
1402 5113 1561 5166 alios.

582 5202 744 5266 lbid.,
774 5204 869 5256 lin.
901 5202 991 5256 29.
1026 5202 1263 5271 Πρῶτος
1297 5203 1406 5274 γὰρ
1431 5201 1629 5270 οὗτος.
1655 5203 1962 5259 Alexander
1991 5201 2098 5258 Po-

510 5294 745 5365 lyhistor
793 5295 935 5364 apud
967 5293 1300 5349 Eusebium:
1350 5296 1664 5366 Εὐπόλεμος
1709 5295 1766 5348 δέ
1818 5311 1950 5367 φησι
2005 5295 2096 5348 τὸν

509 5387 717 5456 Μωσῆν
751 5387 966 5457 πρῶτον
995 5387 1156 5456 σοφὸν
1175 5386 1448 5456 γενέσθαι,
1475 5386 1568 5439 καὶ
1591 5385 1893 5456 γράμματα
1921 5402 2097 5456 παρα-

510 5477 696 5532 δοῦναι
752 5483 864 5542 τοῖς
917 5480 1190 5544 Ἰουδαίοις
1232 5480 1481 5551 πρῶτονο
1533 5479 1684 5551 παρά
1733 5480 1789 5533 δὲ
1829 5477 2094 5531 Ἰουδαίων

511 5569 758 5633 Φοίνικας
804 5570 1159 5642 παραλαϐεῖν,
1199 5571 1467 5642 Ἕλληνας
1505 5570 1562 5622 δὲ
1613 5569 1766 5639 παρὰ
1811 5569 2090 5630 Φοινίκων,

513 5662 710 5732 νόμους
751 5681 811 5716 τε
855 5665 1070 5735 πρῶτον
1119 5665 1328 5736 γράψαι
1384 5665 1590 5735 Μωσῆν
1634 5665 1746 5726 τοῖς
1795 5661 2092 5724 Ἰουδαίοις.

514 5757 766 5812 Clemens
796 5758 1219 5828 Alexandrinus,
1248 5764 1341 5820 lib.
1370 5782 1384 5819 ι
1421 5765 1625 5821 Slrom.
1655 5757 2004 5828 εΕύπόλεμος
2035 5756 2093 5810 δὲ

515 5848 574 5908 ὲν
603 5847 680 5920 τῷ
709 5851 833 5903 moi.
858 5850 965 5904 τῶν
999 5855 1054 5906 ὲν
1078 5855 1143 5924 τῇ
1185 5855 1406 5909 Ἰουδςθί·
1442 5852 1705 5906 οοεσιλέων
1734 5849 1824 5903 τὸν
1851 5848 2092 5921 Μωῡσῆν

2202 4652 2307 4704 ὑπὸ
2351 4652 2445 4705 τοῦ
2490 4652 2726 4706 Μωΰσου
2770 4653 3011 4706 κελεύειν
3055 4655 3172 4707 ἐκεῖ
3218 4652 3480 4725 φέροντας
3529 4653 3778 4723 θάπτειν,

2200 4741 2605 4811 κατακρύπτειν
2638 4741 2806 4795 θέλων
2831 4741 2924 4795 τοῦ
2953 4743 3186 4797 Μωΰσου
3218 4745 3580 4815 ἐπινοήματα.

2269 4829 2430 4894 lbid.,
2456 4831 2554 4884 lin.
2583 4831 2672 4886 48.
2713 4832 2824 4885 Τὸν
2845 4831 2914 4885 δὲ
2938 4832 3144 4901 ὄχλον.
3183 4831 3260 4888 De
3298 4833 3403 4888 hoc
3430 4835 3594 4889 verba
3621 4837 3780 4892 Arta-

2199 4919 2328 4990 pani
2356 4935 2520 4990 supra
2555 4921 2862 4990 posuimus.

2267 5011 2432 5074 lbid.,
2463 5013 2557 5066 lin.
2584 5012 2672 5066 54.
2708 5009 3118 5078 Ἅποξενώσας
3141 5011 3227 5067 δέ.
3252 5011 3564 5081 Artapanus
3587 5013 3780 5068 :‘Am-

2198 5101 2548 5170 ξενωσάντων
2578 5103 2636 5158 δὲ
2677 5104 2838 5158 αὐτὸν
2881 5103 2988 5157 τῶν
3026 5103 3356 5172 Αἰγυπτίων,
3393 5105 3776 5175 .όρκομοτῆσαι

2195 5198 2324 5260 τοὺς
2363 5198 2551 5266 φίλους
2590 5196 2664 5267 μὴ
2699 5196 3008 5264 ἐξαγγεῖλαι
3056 5195 3136 5266 τῷ
3166 5196 3386 5266 Μωΰσῳ
3420 5197 3520 5268 τὴν
3555 5199 3778 5250 ἐπισυν-

2199 5290 2495 5362 ισταμένην
2530 5289 2676 5360 αὑτῷ
2730 5290 3041 5361 ἐπιϐουλὴν,
3096 5289 3190 5342 καί⁸
3239 5288 3604 5358 προϐαλέσθαι
3648 5290 3777 5354 τοὺς

2195 5384 2590 5454 ἀναιρήσοντας
2614 5383 2795 5435 αὐτόν.
2822 5382 3068 5451 Μηδενὺς
3094 5381 3138 5433 δ’
3168 5380 3601 5446 ὑπακούσαντος,
3632 5382 3774 5435 ὀνει-

2195 5475 2337 5528 δίσαι
2369 5474 2460 5528 τὸν
2487 5473 2772 5543 Χενεφρῆν
2799 5470 3146 5541 Χανενώθην,
3197 5472 3287 5525 τὸν
3333 5471 3566 5542 μάλιστα
3607 5488 3792 5545 προσ-,

2195 5567 2590 5639 αγορευόμενον
2631 5564 2722 5618 ὑπ’
2761 5564 2948 5618 αὐτοῦ.
2974 5563 3077 5616 Τὸν
3108 5563 3185 5629 δὲ,
3227 5563 3607 5632 ὀνειδισθέντα,
3641 5564 3785 5620 ὑπο--

2196 5658 2417 5730 σχέσθαι
2443 5659 2544 5728 τὴν
2573 5657 2836 5723 ἐπίθεσιν,
2870 5655 3104 5709 λαϐόντα
3135 5655 3345 5726 καιρόν.

2261 5749 2422 5818 lbid.,
2453 5751 2553 5807 lin.
2582 5749 2670 5807 59.
2709 5750 2845 5805 Τότε
2871 5748 2947 5818 δὴ
2972 5750 3069 5804 καὶ
3097 5749 3227 5818 τῆς.
3252 5748 3563 5819 Artapanus
3588 5746 3780 5802 ε-Ὑπὸ·

2193 5845 2249 5902 δὲ
2291 5844 2477 5900 τοῦτον
2514 5845 2604 5898 τὸν
2649 5842 2839 5914 καιρὸν
2886 5842 2982 5913 τῆς
3029 5842 3300 5914 Μέῤῥιδος
3347 5839 3774 5912 τελευτησάσης,
