4100 6410
327 409 466 466 1053

1270 414 1339 469 ΙΝ
1378 414 1744 471 EUSTATHII
1782 416 2254 478 HEXAEMERON
2291 422 2519 484 NOTAE.

3431 443 3566 499 1054

326 519 655 591 ὑποσχέσθαι
687 522 777 575 τὸν
801 522 1085 595 Χενεφρῆν
1113 524 1191 596 τῷ
1216 542 1277 579 τε
1310 528 1528 599 Μωΰσῳ
1555 529 1647 583 καὶ
1671 528 1751 599 τῷ
1779 531 1894 583 Χα-

2001 532 2183 600 phanti
2217 552 2236 590 :
2269 538 2419 607 cujus
2458 542 2779 597 naturaliter
2803 543 2963 611 dura,
2993 556 3043 603 et
3073 565 3260 620 aspera
3289 556 3441 624 pellis
3472 576 3568 614 no-

326 612 531 686 νενὼθῃ
557 614 618 666 τὸ
648 614 827 684 σῶμα,
867 614 1028 680 ὥστε,
1060 617 1482 688 διακομίσαντας
1508 622 1586 684 είς
1609 622 1733 684 τοὺς
1756 621 1894 692 ὑπὲρ

326 705 600 776 Αἴγυπτον
629 708 848 775 τόπους,
898 709 1084 779 θάψαι,
1138 710 1478 765 ὑπολαϐόντα
1521 712 1614 765 τὸν
1665 713 1894 767 Μώῦσον

327 796 434 852 ὑπὸ
467 798 561 852 τοῦ
593 798 845 853 Χανενὼθ
893 801 1365 873 ἀναιρεθήσεσθαι.
1412 804 1799 875 Πορευομένων
1839 804 1896 857 δὲ

327 892 529 956 αὐτῶν,
570 892 667 964 τὴν
700 893 989 964 ἐπιϐουλήν
1017 894 1095 965 τῷ
1127 896 1344 966 Μωΰσῳ
1392 895 1700 966 ἐξαγγεῖλαί
1750 914 1892 950 τινα.

328 984 432 1036 Τὸν
455 984 511 1038 δέ
545 985 883 1054 φυλάσσοντα
910 986 1071 1040 αὑτὸν
1100 987 1199 1057 τὴν
1231 988 1326 1057 μὲν
1354 989 1564 1060 Μέρῥιν
1595 988 1781 1058 θάψαι,
1805 989 1898 1043 τὸν

328 1076 387 1135 δὲ
423 1077 686 1148 ποταμὸν,
729 1078 823 1131 καὶ
857 1076 952 1148 τήν
979 1080 1036 1131 ἐν
1069 1079 1262 1149 ἐκείνῳ
1286 1080 1439 1132 πόλιν
1472 1081 1690 1152 Μερόην
1726 1098 1899 1153 προσ-

330 1169 646 1240 αγορεῦσαι.
672 1170 944 1240 Τιμᾶσθαι
977 1170 1033 1222 δὲ
1072 1169 1171 1242 τὴν
1205 1170 1414 1243 Μέρῤιν
1441 1172 1642 1242 ταύτην
1668 1172 1772 1225 ὑπὸ
1790 1173 1901 1226 τῶν

332 1261 612 1333 ἐγχωρίων
652 1261 752 1315 οὐκ
796 1262 1014 1316 ἔλαττον
1043 1262 1076 1333 ἢ
1105 1263 1204 1333 τήν
1232 1264 1388 1320 Ἶσιν.
1439 1263 1717 1330 Omnium,
1761 1279 1899 1334 quas

330 1351 486 1408 Nilus
532 1353 699 1407 ambit
742 1353 981 1407 maxima
1022 1361 1076 1409 et
1109 1355 1477 1424 pulcherrima
1508 1356 1710 1410 insula.
1747 1354 1899 1409 Multi

331 1444 716 1499 existimarunt
760 1444 904 1500 inter
949 1461 1088 1515 quos
1134 1444 1405 1515 Josephus
1441 1446 1538 1504 lib.
1571 1462 1608 1501 ιι
1636 1446 1898 1516 Antiquit.

329 1533 545 1590 Judaic.
593 1536 790 1594 nomen
838 1553 870 1591 a
922 1538 1101 1594 Meroe
1137 1538 1422 1611 Cambysis
1457 1554 1666 1600 sorore,
1705 1539 1809 1606 vel,
1841 1546 1902 1594 ut

331 1626 602 1685 Diodorus
631 1630 727 1695 ait,
760 1638 937 1687 matre
972 1632 1047 1686 ibi
1087 1642 1325 1697 mortua,
1355 1647 1478 1687 cum
1513 1631 1581 1695 ad
1612 1630 1901 1702 Ethiopas

328 1716 616 1787 ingressus
637 1729 806 1784 esset,
829 1720 1127 1787 habuisse;
1151 1720 1273 1790 ejus
1297 1721 1546 1776 meminit
1566 1719 1898 1777 Herodotus.

329 1804 407 1864 De
425 1821 489 1863 ea
515 1807 794 1875 Lucanus,
824 1810 920 1867 lib.
947 1827 982 1864 ι
1018 1827 1033 1864 :

468 1917 717 1992 {imbitur
750 1921 925 1992 nigris
942 1919 1117 1976 Meroe
1144 1921 1371 1992 fecunda
1399 1918 1597 1976 colonis

470 1987 621 2044 Lana
649 1987 822 2045 comis
842 1990 1046 2055 hebeni,
1079 1987 1184 2046 etc.

326 2076 454 2133 Fuit
495 2080 669 2150 regia,
714 2088 768 2136 et
817 2083 1135 2152 metropolis
1179 2082 1517 2155 IEthiopum.
1551 2084 1897 2150 Heliodorus,

326 2168 425 2222 lib.
443 2184 476 2222 ι
502 2169 599 2223 εἩ
618 2170 726 2239 γὰρ
748 2171 811 2241 δὴ
830 2172 1036 2243 Μερόη,
1070 2174 1401 2246 μητρόπολις
1429 2170 1563 2229 οὖσα
1582 2176 1693 2229 τῶν
1718 2177 1900 2230 Αἰθιό⁴

328 2274 468 2325 πων,
495 2259 565 2312 τὰ
598 2260 697 2330 μὲν
718 2260 853 2315 ἄλλα
877 2263 993 2315 ἐστὶ
1022 2264 1184 2332 νῆσος
1221 2265 1619 2336 τριγωνίξουσα
1640 2270 1901 2339 ποταμοῖς

328 2348 407 2421 τῷ
439 2367 500 2403 τε
538 2351 717 2422 Νείλῳ
754 2354 849 2407 καὶ
891 2353 970 2424 τῷ
1021 2354 1344 2426 Ἀσταϐόρα,
1386 2358 1480 2410 καὶ
1513 2356 1593 2428 τῷ
1634 2358 1901 2430 Ἀσασόϐᾳ

327 2442 749 2513 περιῤῥεομένη,
792 2443 886 2497 τοῦ
928 2445 1027 2514 μὲν
1074 2447 1215 2500 κατὰ
1252 2448 1498 2520 κορυφὴν
1540 2448 1902 2519 ἐμπίπτοντος

325 2530 420 2584 τοῦ
457 2531 674 2596 Νείλου,
716 2533 810 2586 καὶ
843 2535 979 2607 πρὸς
1014 2535 1251 2608 ἑκάτερα
1279 2539 1617 2609 σχιζομένου,
1651 2540 1758 2593 τῶν
1783 2541 1901 2596 ἐτέ-

326 2641 436 2695 ρων
479 2624 535 2678 δέ
585 2625 729 2680 δυοῖν
760 2626 902 2681 κατὰ
932 2627 1170 2699 πλευρὰν
1200 2631 1463 2702 ἑκατέραν
1496 2632 1724 2704 θατέρου
1754 2650 1899 2704 παρ-

324 2715 684 2785 αμειϐόντων,
730 2719 825 2771 καὶ
858 2715 1014 2783 αὖθις
1042 2719 1291 2790 ἀλλήλοις
1322 2721 1759 2792 συμπιπτόντων,
1807 2721 1902 2776 καὶ

324 2811 408 2873 είς
445 2809 543 2865 ἕνα
572 2811 667 2865 τὸν
702 2811 896 2866 Νεῖλον
922 2813 983 2867 τό
1012 2830 1073 2867 τε
1095 2814 1275 2886 ῥεῦμα
1306 2814 1367 2867 τό
1395 2832 1454 2868 τε
1481 2814 1652 2886 ὄνομα
1676 2816 1904 2869 exme-

331 2903 532 2974 μένων.

395 2995 514 3050 Col.
538 2995 664 3060 785,
694 2997 792 3053 lin.
835 2998 889 3053 8.
927 3000 1121 3066 Αὐτὸς
1159 2997 1228 3052 δὲ
1273 3000 1343 3053 ἐκ
1377 2998 1512 3069 μέν.
1558 2997 1899 3069 Artapanus:

337 3085 588 3157 Ἀαρῶνα
629 3088 686 3143 δὲ
719 3089 809 3142 τὸν
846 3089 941 3143 τοῦ
972 3090 1208 3144 Μωθσου
1248 3089 1496 3158 ἀδελφὸν,
1540 3089 1613 3143 τὰ
1649 3091 1777 3160 περὶ¹
1804 3089 1904 3160 τὴν

324 3177 618 3250 ἐπιϐουλὴν
665 3180 978 3249 ἐπιγνόντα,
1015 3180 1414 3252 συμϐουλεῦσαι
1444 3179 1520 3250 τῷ
1559 3179 1771 3251 ἀδελφῷ
1801 3198 1901 3250 φυ-
1927 3205 1970 3263 C

324 3271 444 3337 γεῖν
467 3272 547 3334 είς
576 3271 675 3341 τὴν
712 3272 989 3342 Ἀραϐίαν.
1025 3273 1130 3326 Τὸν
1167 3271 1245 3335 δὲ,
1279 3272 1591 3335 πεισθέντα,
1618 3272 1724 3324 ἀπὸ
1750 3272 1903 3343 Μέμ-

327 3377 472 3432 φεως
508 3363 600 3415 τὸν
636 3364 826 3417 Νεῖλον
869 3363 1287 3428 διαπλεύσαντα,
1337 3363 1775 3418 ἀπαλλάσσεσθαι
1822 3366 1902 3428 είς

323 3449 428 3521 τὴν
476 3451 756 3523 Ἀραϐίαν.
803 3453 907 3506 Τὸν
950 3453 1007 3507 δὲ
1050 3452 1398 3526 Χανεθὼθην,
1454 3453 1754 3524 πυθόμενον
1807 3451 1901 3505 τοῦ

326 3542 565 3596 Μωΰσου
616 3544 716 3614 τὴν
769 3544 967 3616 φυγὴν,
1028 3544 1326 3617 ἐνεδρεύειν
1386 3545 1462 3610 ὡς
1517 3546 1898 3618 ἀναιρήσοντα.

341 3629 542 3685 Ἰδόντα
580 3630 636 3685 δὲ
679 3633 990 3704 ἐρχόμενον,
1033 3634 1343 3689 σπάσασθαι
1373 3636 1473 3706 τὴν
1510 3636 1785 3708 μάχαιραν
1814 3638 1902 3690 ἐπ’

324 3718 513 3774 αὐτόν.
567 3720 669 3773 Τὸν
714 3721 771 3775 δέ
815 3720 1068 3788 Μώῦσον,
1110 3724 1659 3794 προκατασχήσαντα,
1701 3724 1801 3795 τήν
1841 3742 1901 3778 τε

324 3813 488 3883 χεῖρα
530 3815 824 3883 κατασχεῖν
856 3814 1043 3878 αὑτοῦ,
1094 3814 1186 3867 καὶ
1232 3814 1576 3886 σπασάμενον
1618 3816 1679 3868 τὸ
1729 3815 1900 3885 ξίφος,

323 3901 585 3970 φονεῦσαι
610 3904 699 3957 τὸν
726 3903 1070 3975 Χανεθώθην.
1096 3905 1416 3977 Διεκδράναι
1440 3906 1497 3959 δὲ
1521 3909 1600 3971 είς
1622 3906 1719 3981 τὴν
1752 3908 1905 3979 Ἀραο

324 3992 453 4049 ϐίαν
475 3995 569 4049 καὶ
607 3996 918 4067 Ῥαγουήλῳ
939 3996 1015 4067 τῷ
1037 3996 1143 4049 τῶν
1164 3997 1345 4052 τόπων
1367 3997 1585 4070 ἄρχοντι
1612 3999 1899 4070 συμϐιοῦν,

324 4083 560 4141 λαϐόντα
592 4087 690 4159 τήν
722 4089 931 4143 ἐκείνου
961 4087 1258 4159 θυγατέρα.

392 4178 558 4239 lbld..
591 4179 687 4234 lin.
711 4181 802 4237 25.
836 4180 1072 4248 Πρῶτος
1097 4180 1207 4250 γάρ
1231 4193 1375 4239 παν.
1396 4180 1706 4250 Artapanus
1734 4181 1903 4236 ε’Υπὸ

322 4265 386 4319 δέ
412 4268 505 4322 τὸν
533 4269 918 4341 αὐτὺνςχρόνον
958 4270 1053 4323 καὶ
1090 4270 1373 4341 Χενεφρῆν
1406 4270 1621 4341 πρῶτον
1651 4270 1904 4324 ἁπάντων

321 4363 632 4435 ἀνθρώπων
659 4365 1118 4434 ἐλεφαντιάσαντα
1150 4367 1496 4439 μεταλλάξαι.
1532 4368 1717 4440 Τούτῳ
1745 4370 1803 4423 δὲ
1825 4369 1905 4441 τῷ

321 4454 497 4510 πάθει
544 4461 860 4529 περιπεσεῖν
903 4458 992 4513 διὰ
1029 4459 1091 4512 τὸ
1129 4459 1221 4513 τοῦ
1268 4460 1554 4525 Ἰουδαίους
1598 4461 1903 4533 προστάξαι

1998 642 2115 680 men
2141 629 2319 683 morbo
2341 632 2396 684 in
2426 631 2726 689 hominibus
2754 636 2896 690 dedit
2923 653 2942 694 :
2975 641 3098 709 quia
3130 648 3362 714 corporis
3387 665 3569 719 super-

1997 718 2169 785 ﬁciem
2211 720 2437 773 similem
2470 722 2601 790 facit
2648 725 3043 793 elephantorum
3085 732 3195 785 cuti
3236 751 3255 787 :
3303 737 3407 792 sive
3443 718 3568 808 quia

1997 809 2176 878 ingens
2203 812 2383 878 passio
2412 821 2509 878 est,
2536 814 2671 867 sicut
2696 816 2898 871 animal
2925 819 3118 889 ipsum,
3150 840 3214 876 ea:
3243 841 3343 894 quo
3366 827 3571 884 deriua-

2000 908 2111 953 tum
2149 902 2294 956 ducit
2338 920 2549 959 nomen.
2593 906 2808 972 Celsus,
2861 909 2956 964 lib.
3009 927 3092 975 tu,
3141 928 3260 984 cap.
3296 916 3387 983 25,
3432 934 3569 989 pene

1999 990 2244 1061 ignotum
2286 994 2342 1047 in
2386 993 2541 1048 ltalia
2584 998 2859 1065 morbum,
2892 1001 2987 1065 ait,
3029 1002 3082 1055 in
3122 1005 3443 1073 quibusdam
3479 1026 3569 1065 re-

2000 1082 2254 1152 gionibus
2306 1082 2835 1154 frequentissimum.
2887 1089 3193 1158 Lucretius,
3248 1096 3344 1151 lib.
3394 1113 3449 1151 γι
3494 1098 3571 1153 De

1999 1190 2194 1229 rerum.
2252 1187 2457 1242 natur.,
2510 1180 2680 1234 solam
2737 1179 3032 1253 Egyptum
3095 1187 3407 1255 molestare,
3469 1207 3571 1247 nec

2000 1267 2162 1321 aliam
2193 1268 2471 1338 regionem
2503 1287 2733 1341 usquam
2762 1291 2775 1327 :

2037 1357 2135 1436 Est
2160 1359 2382 1436 elephas
2398 1361 2636 1436 morbus,
2669 1365 2766 1436 qui
2787 1374 3000 1434 propter
3026 1367 3251 1436 ﬂumina
3285 1370 3404 1426 Nili

2038 1427 2286 1500 Gignitur
2308 1429 2540 1501 Egypto
2569 1434 2624 1486 in
2653 1427 2845 1501 media,
2869 1427 3036 1506 neque
3052 1448 3306 1506 prwterea
3325 1459 3568 1513 usquam.

2001 1521 2231 1589 Plinius,
2268 1523 2362 1579 lib.
2396 1540 2544 1590 xxxx,
2576 1541 2697 1597 cap.
2726 1528 2777 1591 1,
2813 1530 3002 1584 scribit
3041 1531 3263 1603 {Egypli
3300 1539 3574 1605 peculiare

2002 1615 2107 1670 hoc
2136 1618 2361 1684 malum,
2394 1620 2447 1673 in
2482 1620 2633 1674 italia
2659 1635 2876 1691 quoque
2908 1631 3196 1693 vagatum;
3229 1626 3369 1681 vide.

2073 1704 2234 1771 lbid.,
2270 1709 2369 1766 lin.
2403 1708 2494 1764 36.
2537 1710 2667 1764 Ἐπὶ
2702 1710 2851 1780 γοῦν
2870 1710 2945 1780 τῇ
2971 1715 3235 1783 τοιαύτῃ.
3263 1714 3573 1787 Artapanus

2003 1797 2146 1867 apud
2172 1797 2484 1858 Eusebium.
2524 1799 2775 1856 Clemens
2812 1802 3213 1861 Alexandrinus
3242 1822 3310 1861 ex
3341 1808 3530 1864 eodem
3555 1826 3567 1861 :

1925 1866 1975 1927 Β
2014 1866 2349 1960 Ἀρτάπανος
2372 1890 2503 1960 γοῦν
2523 1894 2582 1946 ἐν
2607 1892 2686 1963 τῷ
2720 1894 2848 1964 περὶ
2887 1894 3153 1950 Ἰουδαίων
3184 1899 3575 1971 συγγράμματι

2002 1980 2204 2052 ἱστορεῖ
2230 1982 2684 2037 κατακλεισθέντα
2737 1986 2818 2048 είς
2871 1985 3119 2058 φυλακὴν
3172 1990 3413 2043 Μωῦσέα
3469 1991 3575 2045 ὑπὸ

1999 2073 2323 2145 Νεχεφρέως
2352 2076 2446 2129 τοῦ
2472 2076 2784 2146 Αἰγυπτίων
2825 2078 3109 2149 βασιλέως,
3142 2083 3233 2134 ἐπὶ
3264 2082 3344 2153 τῷ
3376 2100 3576 2155 παραι-

1999 2164 2208 2218 τεῖσθαι
2254 2164 2514 2221 τὸν·λαὺν
2556 2166 2616 2232 ἐξ
2653 2167 2928 2236 Αἰγύπτου
2974 2170 3329 2242 ἀπολυθῆναι,
3360 2172 3576 2246 νύκτωρ

2000 2257 2335 2327 ἀνοιχθέντος
2368 2258 2461 2312 τοῦ
2483 2260 2854 2332 δεσμωτηρίου
2881 2262 3019 2315 κατὰ
3047 2260 3297 2334 βούλησιν
3323 2265 3416 2318 τοῦ
3439 2263 3575 2319 Θεοῦ

2001 2348 2305 2416 ἐξελθόντα,
2337 2351 2431 2403 καὶ
2458 2353 2537 2415 είς
2564 2352 2630 2405 τά
2653 2352 2896 2422 βασίλεια
2916 2353 3252 2425 παρελθόντα
3288 2357 3576 2428 ἐπιστῆναι

2001 2443 2329 2513 κοιμωμένῳ
2355 2442 2433 2514 τῷ
2467 2443 2692 2514 βασιλεῖ,
2725 2447 2819 2499 καὶ
2846 2445 3116 2517 ἐξεγεῖραι
3151 2448 3331 2502 αὐτόν.
3369 2449 3471 2502 Τὸν
3495 2449 3574 2505 δὲ.

2002 2533 2423 2601 καταπλαγέντα
2453 2534 2530 2605 τῷ
2563 2536 2829 2604 γεγονότι,
2872 2537 3125 2590 κελεῦσαι
3157 2537 3235 2609 τῷ
3271 2540 3479 2611 Μωῦσῇ
3516 2540 3578 2594 τὸ

2001 2622 2096 2677 τοῦ
2141 2624 2456 2696 πέμψαντος
2506 2629 2679 2680 εἰπεῖν
2727 2627 2897 2698 ὄνομα
2943 2628 3099 2682 Θεοῦ.
3154 2630 3263 2683 Καὶ
3306 2631 3397 2684 τὸν
3455 2631 3574 2703 μὲν,

2003 2716 2397 2787 προσκύψαντα
2431 2717 2565 2788 πρὸς
2588 2718 2648 2770 τὸ
2677 2714 2790 2782 οὖς,
2817 2721 3009 2772 εἰπεῖν’
3051 2721 3360 2775 ἀκούσαντα
3400 2722 3456 2776 δὲ
3486 2722 3578 2777 τὸν

2006 2808 2232 2879 βασιλέα
2275 2808 2488 2879 ἄφωνον
2533 2814 2739 2865 πεσεῖν·
2784 2811 3214 2883 διακρατηθέντα
3245 2813 3303 2869 δέ
3339 2815 3444 2869 ὑπὸ
3481 2814 3577 2870 τοῦ

2003 2900 2283 2964 Μωῡσέως
2312 2901 2472 2954 πάλιν
2500 2901 2816 2959 ἀναϐιῶναι.
2852 2903 2907 2959 Id
2933 2904 3074 2959 idem
3105 2913 3159 2958 et
3185 2904 3391 2962 Graecis
3424 2906 3581 2964 fabu-

2003 2994 2180 3048 larum
2234 2994 2536 3049 involucris
2587 2996 2859 3063 innotuit,
2911 2997 2971 3051 ὐ
3019 2997 3346 3070 Ἐνδυμλων,
3405 3002 3582 3071 inquit

2004 3082 2245 3138 Joannes
2275 3084 2654 3140 Antiochenus
2680 3086 2735 3141 in
2760 3086 3149 3158 Archwologia,
3175 3088 3261 3142 διὰ
3304 3090 3584 3161 μυστικῶν

2005 3176 2178 3246 εὐχῶν
2211 3176 2321 3230 άπὸ
2349 3177 2448 3247 τῆς
2478 3178 2707 3250 σελήνης
2735 3178 2987 3233 ἐϐούλετο
3015 3180 3206 3250 μαθεῖν
3233 3181 3296 3234 τὸ
3323 3183 3416 3235 τοῦ
3445 3182 3581 3237 Θεοῦ

2002 3267 2195 3339 ὄνομα,
2225 3269 2321 3322 καὶ
2348 3269 2413 3322 δι’
2447 3269 2653 3339 ὀνείρου
2688 3269 2875 3339 μαθὼν
2906 3271 3199 3340 ἁπέψυξεν.
3238 3273 3297 3325 '0
3328 3272 3385 3326 δὲ
3411 3273 3585 3343 μῦθός

2003 3375 2167 3428 φησιν
2197 3359 2358 3412 αὑτὸν
2396 3359 2499 3412 ὑπὸ
2534 3360 2633 3431 τῆς
2662 3360 2898 3431 Σελήνης
2926 3361 3215 3430 φιλεῖσθαι.
3246 3360 3453 3417 Nomen
3481 3362 3579 3420 Dei

2004 3450 2149 3516 Ioth,
2185 3452 2269 3511 Ite,
2301 3468 2423 3515 uau,
2465 3452 2546 3515 he,
2582 3452 2727 3521 quod
2771 3453 2982 3522 antiqui
3022 3454 3279 3510 dixerunt
3316 3455 3578 3527 ἄρρητον,

2003 3538 2404 3609 ἁνεκφὼνητον,
2458 3540 2771 3595 ἱηθίΐοὺὶὶου
2798 3541 2883 3595 An
2923 3543 3070 3612 quod
3100 3542 3253 3598 eﬂ'ari
3290 3544 3425 3598 illud
3468 3562 3580 3602 non

2002 3640 2247 3702 possent,
2293 3646 2362 3685 an
2402 3632 2548 3702 quod
2588 3632 2851 3703 religione
2880 3635 3116 3705 quadam
3152 3634 3221 3690 ab
3259 3650 3325 3691 eo
3363 3635 3579 3692 ell‘ando

2003 3725 2360 3791 abstinerent,
2412 3726 2466 3781 id
2509 3726 2672 3797 prisci
2707 3743 2896 3783 omnes
2942 3729 3265 3798 interpretes
3293 3729 3581 3802 diligenter

2004 3822 2312 3880 servarunt,
2349 3831 2447 3885 pro
2475 3832 2541 3870 eo
2565 3816 2711 3871 aliud
2741 3819 2977 3889 legentes
3004 3827 3058 3873 et
3080 3818 3254 3874 Graeci
3277 3822 3408 3876 olim
3432 3822 3580 3892 quod

2005 3910 2266 3980 scriptum
2319 3916 2436 3964 erat
2486 3908 2770 3966 Hebraicis
2820 3910 3233 3969 characteribus
3288 3912 3443 3980 Ioth,
3495 3916 3578 3978 he,

2003 4015 2125 4061 van,
2165 3998 2246 4062 Ιιε,
2280 4008 2421 4063 mm,
2463 4008 2686 4071 pr0pter
2726 4001 3134 4059 similitudinem
3166 4004 3413 4075 legebant
3450 4009 3578 4075 pipi,

2003 4091 2147 4161 quod
2196 4097 2378 4145 tamen
2429 4107 2535 4155 non
2565 4093 2758 4161 probat
2791 4093 3159 4166 Hieronymus
3190 4097 3410 4167 epistol.
3447 4098 3574 4153 156:

2005 4174 2211 4228 Nomen
2241 4178 2753 4248 τετραγρὲμματον,
2785 4181 2922 4250 quod
2951 4182 3353 4253 ἅνεκφώνητον,
3384 4185 3440 4239 id
3477 4198 3577 4257 est,

2004 4267 2267 4338 ine/fabile
2292 4278 2603 4337 putaverunt
2639 4270 2777 4340 quod
2816 4272 2896 4327 his
2926 4271 3118 4328 litteris
3145 4275 3417 4341 scribitur,
3454 4277 3575 4344 Iod,

2004 4357 2087 4423 Ite,
2117 4375 2239 4426 uau,
2268 4359 2330 4415 Ite
2358 4377 2376 4414 :
2402 4361 2541 4432 quod
2581 4362 2797 4432 quidam
2841 4381 2946 4420 non
2975 4367 3327 4439 intelligentes
3357 4382 3579 4441 propter

1975 4449 2375 4507 ‘elementorum
2404 4454 2829 4522 similitudinem,
2862 4473 2979 4511 cum
3008 4461 3064 4513 in
3093 4456 3292 4516 Graecis
3320 4461 3473 4518 libris
3495 4480 3582 4520 re-

323 4547 571 4612 σινδόνας
602 4550 1018 4620 άμφιόννυσθαι,
1051 4553 1212 4624 ἐρεᾶν
1242 4553 1288 4607 δ’
1317 4553 1520 4625 ἐσθῆτα
1548 4555 1622 4626 μὴ
1655 4555 1901 4627 ἀμπέχε-

2002 4546 2249 4613 pererint,
2303 4545 2413 4615 pipi
2471 4545 2637 4617 legere
2683 4560 3080 4607 consueverunt.
3138 4551 3338 4609 Verum
3365 4557 3583 4615 cumdo

322 4636 478 4702 σθαι,
527 4639 676 4703 ὅπως
715 4640 869 4705 ὅντες
903 4642 1162 4714 ἐπίσημοι
1194 4642 1531 4708 κολάζωνται
1579 4647 1672 4700 ὑπ’
1712 4646 1901 4703 αὐτοῦ.

321 4727 404 4786 Eo
436 4731 655 4795 morbo,
681 4740 740 4785 ut
761 4732 929 4788 refert
956 4734 1242 4791 Cornelius
1275 4735 1489 4801 Celsus,
1521 4747 1575 4793 et
1598 4738 1712 4802 alii,
1737 4747 1904 4793 totum

320 4836 514 4892 corpus
550 4823 775 4892 aﬂicitur
800 4824 878 4877 ita
915 4832 973 4877 ut
1014 4840 1137 4879 ossa
1163 4842 1363 4896 quoque
1405 4829 1586 4882 uitiari
1628 4828 1898 4895 dicantur,

321 4926 534 4968 summa
554 4930 680 4983 pars
715 4917 949 4982 corporis
980 4916 1191 4971 crebras
1218 4917 1457 4972 maculas
1487 4918 1795 4989 crebrosque
1819 4930 1903 4973 tu-

324 5014 496 5058 mores
524 5004 699 5060 habet.
728 5004 908 5059 Rubor
937 5005 1125 5059 Itarum
1152 5006 1416 5074 paulatim
1444 5007 1501 5060 in
1534 5017 1712 5061 atrum
1745 5009 1904 5063 cola-—

326 5104 439 5144 rem
464 5097 803 5162 convertitur,
830 5112 1038 5150 summa
1070 5099 1204 5152 cutis
1226 5099 1562 5169 ianualiter
1589 5116 1794 5165 crassa,
1827 5110 1904 5154 te-

326 5182 472 5248 nuis,
495 5185 652 5249 dura,
683 5186 960 5257 mollisque
984 5189 1138 5258 quasi
1170 5189 1406 5260 squamis
1431 5189 1746 5259 quibusdam
1775 5206 1905 5248 emax

324 5281 593 5337 speratur,
621 5291 810 5345 corpus
839 5279 1166 5346 emacrescit,
1201 5295 1281 5342 os,
1310 5295 1473 5346 sum,
1505 5281 1658 5350 pedes
1674 5282 1901 5338 intumos

320 5372 502 5428 scunt,
537 5371 644 5420 etc.
679 5365 744 5434 ρ.
778 5367 1022 5425 Serenus
1055 5367 1474 5425 Sammonicus:

395 5470 499 5560 Est
529 5476 735 5560 elephas
757 5482 977 5560 morbus
997 5483 1177 5560 tristis
1190 5499 1397 5560 quoque
1425 5484 1633 5560 nomine
1655 5485 1838 5560 dirus,‘

396 5542 525 5623 {Van
550 5548 723 5623 solum
747 5559 965 5623 turpans
989 5542 1226 5607 infandis
1250 5542 1345 5607 ora
1365 5554 1601 5623 papillis,

396 5613 504 5670 Sed
533 5620 636 5673 cito
666 5613 1001 5690 praecipitans
1029 5622 1238 5693 funesto
1260 5613 1376 5694 fata
1404 5613 1615 5680 veneno.

325 5717 594 5796 lsidorus,
636 5731 734 5788 lib.
767 5747 844 5799 Iv,
883 5748 1004 5806 cap.
1049 5736 1104 5801 8,
1152 5737 1392 5794 nominis
1425 5753 1645 5795 causam
1670 5739 1849 5796 reddit
1879 5757 1895 5795 :

328 5807 721 5883 Elephantiasis
769 5825 983 5881 morbus
1044 5828 1241 5883 dicitur
1288 5844 1351 5885 es;
1396 5829 1743 5885 similitudine
1788 5830 1898 5886 els-

2009 4636 2232 4691 nomine
2267 4635 2529 4693 ineffabili
2576 4652 2759 4693 sermo
2819 4640 2910 4704 sit,
2947 4641 3253 4697 conandum
3303 4651 3387 4700 est
3417 4647 3581 4701 etiam

2008 4727 2168 4783 nobis
2202 4728 2249 4783 si
2286 4728 2418 4798 quid
2464 4728 2729 4785 habemus
2760 4744 2859 4799 pro
2887 4728 3090 4785 Irenaeo
3109 4773 3123 4798 ,
3155 4732 3250 4788 lib.
3282 4750 3299 4788 ι
3330 4736 3580 4791 adversus

2008 4821 2197 4876 lueres.
2231 4837 2353 4890 cap.
2388 4821 2476 4885 l2,
2511 4823 2585 4876 ita
2615 4823 2758 4877 enim
2788 4823 2955 4878 habet
2984 4842 2997 4878 :
3033 4824 3212 4895 Hujus
3250 4837 3425 4881 autem
3447 4845 3582 4899 qua-

2011 4911 2321 4965 ternationis
2351 4911 2628 4964 universus
2657 4918 2903 4965 numerus
2943 4921 3021 4967 est
3066 4913 3364 4967 litterarum
3397 4915 3581 4984 viginti

2007 5009 2234 5072 quatuor
2262 5016 2280 5054 :
2311 5000 2547 5072 ἄρρητός
2587 5001 2724 5054 enim
2753 5007 2961 5055 'nomen
3007 5001 3212 5056 litteras
3256 5002 3409 5057 habet
3440 5005 3494 5057 in
3524 5021 3580 5059 se

2006 5106 2221 5166 septem,
2269 5097 2394 5166 σιγή
2442 5096 2686 5165 quinque,
2720 5095 2903 5165 πατήρ
2934 5096 3176 5165 quinque,
3222 5094 3448 5166 ἀλήθεια
3498 5110 3581 5149 se-

2005 5200 2163 5260 ptem,
2189 5203 2303 5259 quw
2325 5187 2616 5255 composita
2650 5187 2705 5239 in
2731 5202 2786 5240 se
2819 5186 2898 5240 bis
2928 5188 3172 5257 quinque,
3198 5195 3248 5240 et
3281 5186 3360 5239 bis
3386 5196 3579 5242 septem

2005 5297 2136 5336 xxw
2181 5295 2457 5335 numerum
2502 5276 2950 5346 adimpleverunt;
3006 5278 3223 5331 videtur
3268 5277 3410 5332 enim
3462 5277 3579 5333 falli

2005 5375 2263 5436 lrenaeus,
2315 5379 2411 5426 aut
2458 5385 2657 5425 nomen
2712 5370 2846 5425 illud
2891 5370 3015 5441 σιγή
3050 5383 3159 5424 una
3198 5369 3381 5424 littera
3416 5370 3580 5426 debet

2006 5467 2128 5523 ﬁeri
2163 5467 2396 5527 auctior,
2429 5479 2460 5519 a
2486 5463 2686 5534 quibus
2721 5477 2831 5517 non
2872 5462 3201 5517 dissentiunt
3236 5461 3421 5517 Graeca
3444 5461 3577 5532 Epi-

2004 5557 2212 5628 phanii.
2253 5555 2485 5623 Quidam
2521 5555 2748 5619 harent,
2791 5569 2896 5610 nec
2937 5553 3124 5608 vident
3178 5554 3310 5624 quid
3362 5554 3432 5608 de
3472 5554 3578 5610 illo

2005 5648 2132 5717 σιγή
2163 5646 2401 5714 faciant;
2432 5645 2684 5700 dubitant
2711 5659 2779 5700 an
2813 5643 3095 5700 addendus
3127 5644 3393 5703 articulus
3421 5651 3482 5697 ut
3502 5643 3580 5700 sit

2005 5737 2039 5808 ή
2078 5736 2225 5808 σιγή,
2265 5751 2336 5790 an
2385 5736 2567 5807 potius
2605 5738 2762 5807 σιγῇν
2788 5750 2989 5791 nomen
3017 5750 3084 5791 ex
3112 5734 3345 5801 inﬁnito;
3379 5743 3440 5790 ut
3469 5733 3581 5794 illis

2007 5845 2117 5887 non
2148 5828 2441 5895 satistacit,
2490 5829 2564 5885 ita
2610 5844 2711 5886 nec
2754 5828 2920 5899 mihi;
2976 5829 3242 5886 articulus
3280 5842 3310 5883 a
3355 5828 3583 5886 nomine
