4100 6448
364 393 501 448 105⁸1

1345 392 1414 447 IN
1443 385 1820 448 EUSTATHII
1852 386 2329 448 IIEXAEMERON
2371 390 2604 447 NOTAE.

3501 401 3522 456 1
3534 402 3643 458 058

359 511 427 566 iis
446 508 539 580 qui
567 524 599 564 e
621 508 843 581 regione
869 508 973 565 sub
1000 507 1210 563 brumae
1230 508 1442 565 circulo
1462 509 1689 580 degunt,
1711 510 1922 566 hiemen

2021 570 2024 580 ⁵
2054 525 2148 572 τος
2205 508 2460 578 μέγιστον
2490 505 2725 579 ὤρυξαν·
2767 505 3006 578 ὖπιγμος
3034 509 3143 579 γάρ
3196 509 3346 563 ἐστιν
3395 513 3422 564 6
3452 513 3639 577 τόπος.

355 616 500 664 esse,
538 615 568 654 a
602 601 804 672 quibus
828 610 941 654 tum
969 601 1257 656 exundans
1286 616 1428 670 aqua
1457 603 1796 671 prorumpit;
1823 616 1945 671 quas

355 690 457 747 fuit
506 692 671 746 etiam
716 691 904 761 opinio
939 690 1242 757 Plutarchi,
1284 692 1380 747 lib.
1417 692 1556 759 Περὶ
1592 691 1810 757 Ἴσιδος
1844 692 1944 745 καὶ

368 783 669 855 ’οσΙριδος⁴
699 784 839 838 hanc
868 784 1009 840 forte
1054 786 1366 855 opinionem
1400 784 1665 840 Martialis
1690 800 1815 839 cum
1848 786 1947 839 ha-

354 877 513 933 beret
564 877 620 931 in
666 878 872 940 animo,
917 877 1047 932 dum
1100 878 1216 932 hac
1272 878 1560 940 scriberet,
1607 878 1946 947 nuncupavit

352 967 534 1024 Nilum
573 970 936 1037 imbriferum,
971 986 1080 1025 non
1115 971 1263 1041 quod
1299 971 1421 1024 loco
1449 969 1708 1024 imbrium
1737 976 1791 1023 et
1818 971 1943 1038 plu-

353 1062 575 1116 viarum
607 1063 699 1124 sit.
742 1064 837 1119 sed
875 1063 1022 1134 quod
1053 1064 1272 1129 imbres,
1305 1071 1359 1118 et
1391 1063 1603 1132 pluvias
1638 1063 1838 1132 quibus
1866 1063 1945 1117 in-

354 1155 614 1209 tumescit
643 1154 1052 1225 eil'nnditurque
1077 1163 1231 1209 extra
1264 1156 1435 1226 ripas.
1470 1163 1525 1207 et
1550 1155 1803 1210 eluvione
1831 1163 1948 1209 tan-

351 1259 516 1314 quam
543 1246 680 1298 mari
702 1245 941 1315 quodam
968 1243 1265 1316 Egyptum
1293 1246 1549 1315 Oper-iens
1580 1244 1814 1299 adventu
1843 1259 1945 1299 suo

353 1333 639 1400 fecundat,
690 1336 850 1392 ferat.
892 1336 968 1392 De
1001 1335 1107 1391 Nili
1143 1348 1323 1391 autem
1359 1337 1723 1399 incremento,
1769 1346 1824 1391 et
1851 1336 1947 1393 dc-

350 1432 656 1489 creinento,
688 1436 741 1481 et
769 1427 892 1495 ejus
923 1428 1108 1480 causis
1137 1426 1469 1480 Plutarchus
1493 1427 1560 1481 de
1584 1427 1801 1496 placitis
1829 1426 1944 1498 phi-

351 1513 710 1585 losophorum
742 1515 837 1569 lib.
868 1531 940 1575 IV.
966 1531 1089 1585 cap.
1126 1516 1187 1580 i;
1222 1514 1494 1569 Diodorus
1528 1512 1769 1579 Siculus,
1798 1515 1891 1569 lib.
1925 1522 1943 1561 ι
1983 1573 1993 1580 _

349 1603 604 1661 Biblioth.
629 1607 751 1660 hist.
776 1623 795 1671 ;
817 1607 1105 1672 Aristides,
1146 1608 1385 1659 oratione
1415 1605 1771 1676 zEgyptiaca;
1797 1606 1947 1660 Stra-

352 1697 446 1762 bo,
471 1699 566 1753 lih.
585 1714 695 1753 xvu
719 1696 1317 1769 ;Joanneinphiliws
1334 1700 1388 1751 in
1407 1697 1551 1766 Epit.
1573 1698 1818 1769 Dionys.;
1849 1697 1944 1753 He-

349 1790 623 1854 liodorus,
669 1790 914 1861 ΑΞιΙιίορ.
956 1792 1052 1847 lib.
1099 1806 1173 1858 u;
1218 1789 1601 1845 Tlieodoretus
1637 1790 1712 1844 De
1764 1799 1939 1843 curat.

2047 598 2232 652 Ταῦτα
2266 598 2323 651 δὲ
2354 599 2531 651 πάντα
2587 599 2852 670 ἐποίησαν
2888 598 3203 665 ἐλπίζοντες
3257 600 3395 671 μετὰ
3421 603 3521 674 τὴν
3549 607 3641 660 ἐνο

2044 690 2238 744 τεῦθεν
2268 692 2447 744 ἐκεῖσε
2473 690 2656 759 ἄφιξιν
2684 694 2741 744 ἐν
2766 690 2940 763 τούτῳ
2961 692 3037 763 τῷ
3060 694 3375 765 παραδείσῳ
3399 699 3639 769 τρυφᾷν.

2046 784 2112 839 Ει
2136 785 2364 840 inferius
2390 804 2404 839 :
2444 785 2669 853 Ἔλεγεν
2696 784 2753 837 δέ
2787 787 2815 838 6
2847 785 3021 854 ἅγιος,
3050 787 3151 850 ὃτι,
3183 786 3501 856 ἐγγίσαντός
3532 807 3638 859 μου

2049 879 2208 951 μόνον
2236 879 2315 951 τῷ
2360 879 2706 951 κηποταφίῳ,
2735 880 2829 934 ἀπ’
2861 880 3027 934 αὑτοῦ
3072 881 3294 953 ἐξῆλθον
3329 885 3408 947 είς
3445 886 3639 939 συνάν-

2043 971 2202 1040 τησίν
2229 989 2329 1041 μου
2344 971 2714 1042 ἐϐδομήκοντα
2725 971 2976 1043 δαίμονες
3001 974 3238 1044 παντοίῳ
3257 975 3335 1045 τῷ
3365 981 3626 1047 σχήματι,

2044 1063 2091 1114 οἱ
2108 1062 2205 1132 μὲν
2225 1060 2474 1131 βοῶντες,
2502 1062 2615 1115 οίδέ
2630 1061 2925 1132 πηδῶντες,
2940 1065 2989 1117 οί
3005 1063 3061 1117 δὲ
3083 1064 3219 1135 μετὰ
3247 1066 3484 1136 μεγάλου
3513 1068 3639 1140 βρυ-

2043 1152 2187 1222 γμοῠ
2216 1152 2503 1224 τρύζοντες
2539 1158 2661 1207 κατ’
2689 1152 2824 1225 ἐμοῦ
2856 1155 2984 1216 τοὺς
3010 1156 3226 1222 ὀδόντας
3245 1175 3258 1189 ’
3289 1158 3467 1231 ἕτεροι
3483 1160 3539 1214 δε
3558 1161 3636 1228 ὼς

2046 1243 2283 1315 κόρακες
2312 1246 2739 1317 πτερυσσόμενοι
2765 1246 3003 1317 ἐτόλμων
3027 1249 3168 1302 κατὰ
3188 1250 3285 1321 τῆς
3324 1251 3499 1320 ὄψεώς
3528 1271 3630 1323 μου

2044 1332 2312 1402 λέγοντες.
2352 1335 2417 1390 Et
2465 1339 2743 1393 nonnullis
2807 1341 3109 1410 interjectis
3145 1362 3159 1395 :
3196 1343 3467 1398 Εἰσελθὼν
3512 1343 3628 1409 οὖν,

2047 1427 2234 1497 φησὶν,
2262 1427 2575 1500 ἐθεασάμην
2615 1429 2685 1482 τὰ
2713 1431 2909 1496 πάντα,
2944 1434 3002 1486 ἐν
3050 1428 3133 1490 οἷς
3162 1427 3320 1507 εὗρον
3347 1438 3439 1491 καὶ
3470 1438 3631 1493 κάδον

2044 1517 2281 1588 χαλκοῦν
2313 1519 2502 1574 ἁλύσει
2545 1521 2741 1593 σιδηρᾷ
2779 1526 3128 1596 κρεμάμενον
3164 1528 3306 1581 κατὰ
3336 1529 3429 1582 τοῦ
3465 1532 3632 1603 φρέα-

2043 1626 2136 1673 τος
2167 1610 2352 1664 λοιπὸν
2374 1612 2454 1683 τῷ
2491 1613 2668 1685 χρόνῳ
2694 1614 3059 1681 άναλωθέντα,
3090 1619 3184 1671 καὶ
3218 1620 3430 1691 καρπὸν
3465 1623 3630 1693 ῥοιῶν

2042 1697 2144 1754 ούκ
2175 1702 2412 1772 ἐχουσῶν
2437 1703 2581 1757 ἔνδον
2607 1705 2783 1760 οὐδέν·
2803 1707 3064 1778 ἐξήραντο
3085 1708 3194 1781 γὰρ
3221 1710 3325 1764 ὑπὸ
3340 1710 3434 1764 τοῦ
3456 1711 3628 1781 ἡλίου.

2115 1788 2276 1855 Ibid,
2310 1793 2406 1846 lin.
2449 1795 2541 1847 ‘23.
2576 1796 2687 1848 Καὶ
2726 1795 3005 1863 πένθους.
3038 1799 3348 1867 Artnpanus
3378 1818 3390 1853 :
3435 1800 3630 1855 Τελευ-

349 1880 520 1938 erc.
542 1884 826 1953 uﬂ'ectuum
845 1884 882 1937 l.
903 1900 954 1937 tv
974 1899 988 1949 ;
1008 1882 1208 1937 Herod.
1249 1882 1286 1935 l.
1316 1898 1378 1947 1|;
1398 1880 1839 1952 Theophylactus
1859 1880 1922 1935 Si

2043 1884 2190 1935 ταῖον
2222 1882 2503 1946 τοιαύταις
2533 1889 2839 1958 συμφοραῖς
2880 1888 3245 1959 περιπεσόντα
3271 1889 3363 1944 τὸν
3405 1889 3628 1961 βασιλέα

342 1986 615 2039 mocatus,
639 1974 781 2029 Hist.
802 1975 894 2030 lib.
915 1989 1011 2041 vn,
1030 1990 1151 2044 cap.
1174 1973 1262 2037 l7,
1281 1974 1375 2044 qui
1395 1974 1578 2027 omnia
1601 1988 1700 2028 sua
1721 1973 1939 2044 scripsit

342 2065 458 2123 fere
477 2067 757 2134 αὑτολεξεὶ
785 2083 849 2122 ex
870 2067 1106 2122 Diodoro
1125 2065 1314 2121 Siculo
1331 2067 1475 2121 bono
1493 2067 1585 2120 illo
1612 2069 1730 2121 viro
1752 2083 1818 2122 ne
1839 2083 1938 2122 no-

340 2159 551 2214 minato
573 2160 821 2228 quidem;
851 2157 1079 2219 Seneca.
1107 2157 1346 2214 Joannes
1372 2158 1502 2222 Leo,
1526 2169 1580 2215 et
1603 2161 1790 2229 plures
1816 2159 1932 2214 alii.

395 2249 642 2305 (301.788.
663 2251 758 2305 lin.
787 2251 869 2305 ll).
887 2251 940 2302 Ὀ
959 2251 1106 2321 γοῦν
1121 2250 1347 2320 Φαραώ.
1365 2250 1677 2321 Artapanus
1695 2268 1708 2303 :
1729 2248 1931 2305 Τούτου

336 2341 397 2395 δὲ
422 2342 738 2413 γενομένου,
757 2340 847 2395 τὸν
880 2341 1104 2412 βασιλέα
1124 2343 1250 2406 τοὺς
1267 2343 1411 2414 ὑπὲρ
1437 2343 1659 2413 Μέμφιν
1679 2341 1928 2409 καλέσαι,

337 2433 434 2488 καὶ
452 2434 616 2503 φάναι
632 2434 829 2497 αὐτοὺς
847 2435 1187 2505 ἀναιρήσειν,
1205 2435 1300 2488 καὶ
1312 2433 1381 2489 τὰ
1404 2436 1522 2509 ίερὰ
1534 2435 1928 2506 κατασκάψειν,

335 2526 438 2581 ἐὰν
465 2528 540 2599 μὴ
572 2529 667 2582 καὶ
695 2527 849 2581 αὐτοὶ
877 2530 1384 2599 τερατουργήσωσι.
1424 2528 1564 2592 Τοὺς
1595 2528 1652 2581 δὲ
1682 2530 1803 2582 τότε
1838 2528 1929 2583 διά

332 2635 501 2672 τινων
536 2619 834 2690 μαγγάνων
851 2619 946 2674 καὶ
967 2619 1234 2673 ἐπαοιδῶν
1264 2620 1535 2691 δράκοντα
1564 2621 1808 2692 ποιῆσαι,
1830 2621 1926 2675 καὶ

332 2709 429 2763 τὸν
468 2711 711 2782 ποταμὸν
742 2711 1112 2782 μεταχρῶσαι.
1142 2712 1247 2765 Τὸν
1269 2712 1326 2764 δὲ
1356 2712 1602 2782 βασιλέα,
1657 2731 1926 2785 φρονιμα-

330 2803 591 2858 τισθέντα
627 2803 718 2857 ἐπὶ
735 2804 812 2875 τῷ
837 2805 1108 2874 γεγονότι,
1136 2804 1286 2879 πάσῃ
1311 2806 1552 2877 τιμωρίᾳ
1577 2807 1671 2859 καὶ
1703 2806 1943 2860 κολάσεις

331 2897 677 2960 καταικίζειν
710 2898 836 2961 τοὺς
868 2898 1175 2962 Ἰουδαίους.
1226 2898 1330 2952 Τὸν
1362 2898 1420 2952 δέ
1450 2899 1701 2963 Μὼῡσον,
1745 2898 1920 2953 ταῦτα

329 2988 570 3060 ὁρῶντα,
595 2987 732 3044 ἄλλα
758 3006 819 3042 τε
843 2993 1045 3061 σημεῖα
1073 2990 1317 3061 ποιῆσαι,
1353 2990 1448 3044 καὶ
1480 2990 1798 3054 πατάξαντα
1819 2990 1918 3060 τὴν

327 3076 438 3150 γῆν
466 3080 532 3149 τῇ
566 3077 766 3150 ῥάϐδῳ,
787 3076 925 3143 ζῶόν
946 3097 999 3133 τι
1025 3079 1228 3150 πτηνὸν
1254 3082 1485 3142 ἀνεῖναι,
1512 3079 1540 3132 6
1568 3080 1916 3151 λυμήνασθαι

326 3171 461 3236 τοὺς
495 3171 851 3240 Αἰγυπτίους,
883 3172 1059 3226 πάντα
1085 3189 1145 3225 τε
1175 3171 1540 3242 ἐξελκωθῆναι
1568 3172 1638 3225 τά
1665 3172 1913 3242 σώματα.
1945 3218 1982 3242 μ

325 3263 455 3318 Τῶν
492 3263 549 3317 δὲ
582 3263 781 3335 ίατρῶν
825 3265 900 3335 μὴ
949 3263 1261 3335 δυναμένων
1307 3264 1488 3317 ἰᾶσθαι
1521 3263 1649 3327 τοὺς
1680 3264 1916 3334 κάμνον-

324 3371 452 3419 τας,
487 3352 630 3407 οὓτω
662 3353 823 3407 πάλιν
846 3353 1082 3417 ἀνέσεως
1110 3356 1293 3424 τυχεῖν
1312 3355 1437 3418 τοὺς
1467 3352 1772 3418 Ἰουδαίους.
1809 3354 1918 3407 llo-

326 3460 453 3499 rum
495 3443 842 3498 sacerdotum
886 3443 1163 3514 principes
1219 3443 1371 3499 fuere
1402 3442 1608 3499 Janncs
1643 3452 1698 3499 et
1747 3442 1919 3496 Mam-

324 3538 450 3597 bre.
479 3535 520 3589 ll
550 3535 882 3599 Timoth.ur,
912 3535 981 3591 de
1012 3551 1242 3606 quorum
1275 3538 1529 3606 sepulcro
1560 3539 1696 3591 mira
1728 3545 1916 3591 narrat

322 3626 608 3681 Palladius
640 3626 692 3680 in
727 3625 971 3679 Historia
1003 3624 1271 3679 Lausiuca
1303 3626 1357 3680 in
1406 3620 1645 3680 Macario
1672 3626 1912 3680 Alexan-

322 3719 511 3781 drino,
540 3718 610 3773 ab
635 3734 700 3773 eo
723 3718 836 3773 visa
862 3725 917 3772 et
949 3727 1226 3786 comperta
1251 3734 1266 3785 ;
1301 3718 1511 3772 scilicet
1543 3718 1788 3787 sepultos
1816 3732 1913 3772 eos

329 3828 461 3870 esse
492 3813 545 3866 in
583 3812 780 3878 hortis,
808 3811 861 3864 in
902 3810 1104 3880 quibus
1136 3810 1237 3878 ipsi
1281 3807 1411 3864 dum
1443 3810 1708 3872 viverent,
1734 3809 1913 3863 omnis

321 3904 546 3972 generis
598 3903 823 3957 arbores
874 3903 1275 3972 plantaverant,
1322 3912 1604 3971 sperantes
1656 3900 1793 3966 fore,
1852 3911 1912 3955 ut

320 4006 451 4067 post
480 4002 710 4050 mortem
732 3994 786 4048 in
821 3995 913 4048 illo
939 3993 1094 4063 quasi
1127 3991 1386 4047 Paraiiso
1418 3993 1628 4047 deliciis
1662 3992 1912 4048 frueren-

320 4099 436 4146 tur.
476 4088 575 4142 Hic
605 4095 784 4142 autem
820 4087 973 4143 locus
1012 4089 1299 4142 tenebatur
1341 4100 1371 4140 a
1399 4086 1760 4150 daemonibus,
1815 4085 1908 4156 qui

317 4181 555 4255 proinde
594 4179 893 4233 Macarium
944 4192 1069 4232 eum
1122 4175 1517 4246 ingredientem
1568 4177 1905 4241 invaserunt,

264 4296 277 4301 -
317 4277 416 4331 sed
450 4274 522 4329 ab
547 4287 612 4327 eo
641 4272 800 4341 signo
830 4269 1013 4325 crucis
1068 4268 1237 4338 fugati
1272 4276 1422 4322 sunt.
1479 4265 1751 4322 Macarius
1780 4282 1909 4320 vero

317 4366 540 4436 singula
571 4364 814 4418 lustrans
853 4362 1059 4416 invenit
1109 4360 1346 4415 fructum
1382 4361 1649 4413 malorum
1679 4360 1906 4429 punico-

315 4473 463 4520 rum,
484 4469 611 4523 quae
633 4453 765 4506 nihil
791 4456 940 4506 intus
970 4451 1278 4517 habebant;
1306 4459 1465 4504 erant
1492 4450 1635 4504 enim
1669 4449 1906 4503 arefacta

2040 1974 2167 2037 τοὺς
2200 1974 2484 2038 Ἰουδαίους
2515 1975 2950 2040 ἀπολῦσαι.Τοὺς
2977 1978 3031 2031 δὲ
3062 1980 3447 2050 χρησαμένους
3473 1982 3625 2055 παρὰ

2036 2065 2147 2118 τῶν
2174 2067 2485 2134 Αἰγυπτίων
2520 2067 2692 2121 πολλὰ
2733 2069 2830 2139 μὲν
2859 2070 3183 2142 ἐκπώματα,
3218 2073 3318 2126 οὐκ
3360 2073 3538 2144 ὀλίγον
3566 2075 3623 2131 δὲ

2040 2158 2355 2229 ἱματισμὸν,
2375 2158 2539 2231 ἄλλην
2555 2176 2611 2213 τε
2640 2161 2940 2231 παμπληθῆ
2968 2163 3161 2231 γάζαν,
3180 2164 3473 2230 διαϐάντας
3494 2168 3622 2231 τοὺς

2034 2251 2176 2304 κατὰ
2221 2250 2319 2322 τὴν
2352 2251 2609 2323 Ἀραϐίαν
2643 2257 2943 2324 ποταμοὺς,
2983 2256 3078 2308 καὶ
3118 2255 3409 2321 διαϐάντας
3435 2259 3621 2314 ίκανὸν

2031 2341 2215 2408 τόπον,
2247 2344 2339 2397 ἐπὶ
2369 2344 2467 2415 τὴν
2492 2344 2756 2418 Ἐρυθρὰν
2792 2344 3069 2417 τριταίους
3114 2349 3284 2404 ἐλθεῖν
3319 2350 3617 2408 θάλασσαν.

2104 2434 2263 2498 lbid.,
2298 2434 2395 2487 lin.
2423 2435 2512 2491 55.
2570 2435 2794 2504 Μηδεὶς
2822 2432 2875 2489 δ’
2900 2438 3202 2509 ὑπολάϐῃ.
3251 2438 3361 2495 Res
3395 2443 3507 2497 hac
3538 2447 3618 2497 al-

2030 2524 2227 2578 tiorem
2265 2526 2497 2594 requirit
2531 2527 2864 2597 indaginem,
2910 2545 3083 2601 quare
3125 2532 3214 2587 hic
3260 2534 3418 2602 plura
3448 2534 3618 2588 addu—

2028 2630 2152 2670 cere
2181 2616 2535 2685 supersedeo.
2570 2616 2706 2673 Vide
2729 2621 3103 2689 expositiones
3150 2639 3289 2692 quas
3317 2623 3468 2678 alleit
3493 2622 3619 2679 Ori-

2026 2723 2193 2778 genes
2219 2708 2285 2761 ad
2320 2709 2464 2763 hunc
2513 2711 2692 2764 locum
2721 2715 2777 2765 in
2806 2711 3133 2776 Pliilocalia,
3187 2717 3355 2785 capit.
3398 2718 3612 2772 ultimo.

2096 2797 2256 2863 lbid.,
2293 2799 2389 2852 lin.
2423 2799 2512 2854 57.
2557 2799 2737 2855 Ἀλλὰ
2787 2802 3140 2871 γινωσκέτω.
3186 2803 3341 2870 Quod
3379 2821 3443 2861 ea
3493 2824 3615 2877 qua:

2023 2887 2091 2943 de
2114 2888 2225 2944 Deo
2250 2889 2512 2945 dicuntur
2535 2892 2589 2945 in
2620 2890 2904 2962 Scriptura
2936 2894 3141 2948 absona
3169 2912 3414 2967 congruo
3444 2914 3610 2954 sensu

2021 2981 2129 3038 dici
2163 2984 2499 3039 censendum
2533 2983 2626 3047 sit,
2671 2986 2777 3040 late
2812 2986 3006 3057 probat
3036 2986 3300 3057 Origenes
3328 2990 3611 3047 homil.l9

2020 3075 2074 3128 in
2118 3075 2250 3129 illud
2282 3073 2553 3141 Jereniiac',
2580 3074 2840 3145 Decepisti
2860 3095 2960 3137 me.
2986 3078 3229 3143 Domine,
3261 3090 3311 3136 et
3363 3084 3608 3153 deceptus

2019 3182 2159 3229 sum,
2194 3183 2358 3238 quam
2393 3184 2498 3222 una
2545 3184 2670 3222 cum
2703 3170 2826 3225 aliis
2882 3185 2911 3225 a
2946 3172 3105 3227 nobis
3159 3171 3385 3231 Latinas
3434 3176 3609 3232 factas

2022 3258 2194 3312 edidit
2237 3257 2467 3315 Michael
2496 3257 2802 3315 Ghislerius
2837 3263 2953 3316 suis
3003 3263 3060 3317 in
3112 3262 3398 3319 latentium
3440 3266 3608 3322 Com-

2020 3350 2335 3404 mentariis.

2086 3365 2280 3403 ειιιιιιιι
2322 3392 2335 3404 .

2086 3438 2202 3492 Col.
2235 3365 2361 3501 7859,
2395 3439 2490 3495 lin.
2518 3439 2571 3494 8.
2593 3442 2658 3493 Oi
2687 3439 2775 3504 δὲ,
2813 3439 3233 3509 διαιρεθείσης.
3253 3444 3562 3515 Artapanus
3587 3464 3599 3500 :

2027 3528 2439 3595 Ἥλιουπολίτας
2461 3531 2518 3585 δὲ
2555 3531 2732 3601 λέγειν
2763 3531 3225 3605 ἐπικαταδραμεῖν
3257 3535 3348 3589 τὸν
3377 3535 3603 3607 βασιλέα

2017 3620 2155 3692 μετὰ
2192 3620 2395 3693 πολλῆς
2433 3622 2714 3693 δυνάμεως
2754 3622 2869 3694 ἅμα
2898 3624 2993 3676 καὶ
3024 3626 3138 3687 τοῖς
3173 3623 3602 3697 καθιερωμένοις

2016 3712 2197 3780 ζώοις,
2225 3713 2314 3766 διὰ
2344 3714 2406 3767 τὸ
2456 3713 2554 3785 τὴν
2604 3713 2838 3787 ὕπαρξιν
2871 3717 2996 3780 τοὺς
3036 3716 3323 3780 Ἰουδαίους
3369 3719 3476 3772 τῶν
3501 3720 3599 3773 Aio

2013 3806 2264 3876 γυπτίων
2298 3807 2679 3879 χρησαμένους
2706 3807 3058 3881 διακομίζειν.
3084 3809 3174 3881 Τῷ
3202 3812 3419 3884 Μωῢσῳ
3451 3811 3600 3866 θείαν

2011 3899 2196 3972 φωνὴν
2215 3900 2467 3968 γενέσθαι
2502 3900 2739 3966 πατάξαι
2763 3903 2861 3974 τὴν
2888 3902 3160 3957 θάλασσαν
3185 3907 3250 3975 τῇ
3276 3904 3478 3977 ῥάϐδῳ.
3495 3905 3599 3960 Τὸν

2010 3990 2066 4044 δὲ
2086 3990 2320 4045 Μώὓσον
2340 3992 2647 4047 ἀκούσαντα
2677 3993 2945 4063 ἐπιθίγειν
2964 3997 3031 4066 τῇ
3058 3994 3237 4066 ῥάϐδῳ
3261 3995 3356 4049 τοῦ
3384 3995 3596 4060 ὓδατος,

2009 4085 2104 4137 καὶ
2132 4083 2276 4137 οὕτω
2305 4085 2366 4138 τὺ
2385 4086 2481 4155 μὲν
2511 4086 2660 4156 νᾶμα
2696 4085 3002 4155 διαστῆναι,
3035 4087 3133 4159 τὴν
3163 4089 3219 4141 δὲ
3247 4086 3476 4157 δύναμιν
3507 4088 3596 4142 διά

2009 4175 2181 4248 ξηρᾶς
2212 4175 2331 4231 ὁδοῦ
2377 4177 2724 4249 πορεύεσθαι.
2787 4178 3175 4247 Συνεμϐάντων
3219 4179 3276 4231 δὲ
3333 4179 3442 4232 τῶν
3496 4182 3593 4232 Al-

2006 4268 2251 4338 γυπτίων
2282 4269 2376 4320 καὶ
2403 4269 2730 4334 διωκόντων,
2759 4270 2893 4341 φησὶ
2920 4270 3031 4340 πῦρ
3069 4271 3251 4331 αὐτοῖς
3267 4274 3332 4322 ἐκ
3358 4268 3466 4323 τῶν
3493 4271 3592 4341 ἐμ-

2008 4359 2243 4429 προσθεν
2275 4360 2573 4431 ἐκλάμψαι,
2598 4362 2698 4432 τὴν
2730 4361 2788 4413 δὲ
2827 4359 3100 4415 θάλασσαν
3137 4361 3298 4415 πάλιν
3347 4361 3444 4433 τὴν
3475 4363 3595 4416 ὁδὸν

2007 4449 2321 4505 ἐπικλύσαι.
2380 4453 2519 4514 Τοὺς
2576 4451 2634 4505 δὲ
2687 4452 3013 4519 Αἰγυπτίους
3055 4451 3159 4505 ὑπό
3192 4469 3250 4505 τε
3288 4451 3381 4505 τοῦ
3422 4454 3589 4525 πυρὰ,

313 4565 344 4602 a
387 4547 532 4607 Sole,
582 4545 814 4614 plurima
869 4544 995 4597 item
1037 4557 1203 4596 aurea
1251 4542 1526 4596 donaria:
1564 4540 1905 4612 Ἐπεθύμησέ

2021 4544 2104 4596 καὶ
2145 4543 2246 4614 τῆς
2276 4543 2657 4615 πλημμυρίδος
2692 4544 2901 4607 πάντας
2927 4542 3317 4616 διαφθαρῆναι.
3345 4543 3589 4599 Gentiles

308 4659 444 4697 ποτε
478 4632 642 4701 οὗτος
689 4639 717 4690 6
750 4636 936 4699 αὐτὸς,
974 4635 1050 4699 ὡς
1094 4636 1256 4699 αὐτὸς
1299 4637 1431 4706 ἡμῖν
1476 4636 1791 4707 διηγήσατο,
1825 4636 1904 4696 εἰς

308 4737 373 4792 τδ
407 4730 757 4805 κηποτάφιον
797 4728 1059 4804 εἰσελθεῖν
1102 4728 1196 4781 τοῦ
1258 4726 1460 4782 Ἰαννοῦ
1495 4728 1588 4780 καὶ
1650 4724 1903 4798 Ἰαμϐροῦ

312 4829 426 4884 τῶν
460 4828 656 4898 μάγων
685 4823 795 4877 τῶν
824 4822 917 4875 ἐπὶ¹
944 4820 1038 4874 τοῦ
1061 4817 1262 4890 Φαραὼ
1290 4819 1450 4891 χάριν
1479 4818 1716 4889 ἱστορίας
1747 4817 1780 4888 ἢ
1809 4816 1903 4869 καὶ

320 4914 610 4986 συντυχίας
641 4910 750 4964 τῶν
796 4912 972 4963 ἐκεῖσε
1014 4907 1304 4979 δαιμόνων.
1337 4904 1584 4975 Ἐλέγετο
1612 4904 1721 4977 γὰρ
1750 4923 1901 4975 παμ-

319 5006 551 5068 πόλλους
591 5005 687 5058 καὶ
724 5001 993 5074 χαλεποὺς
1029 4996 1522 5069 άποκεκληρῶσθαι
1569 4997 1698 5071 παρ’
1724 4995 1901 5049 αὐτῶν

321 5097 545 5151 ἐκείνων
555 5094 633 5167 τῷ
646 5094 798 5163 τόπῳ
811 5091 1004 5161 ἐκείνῳ
1014 5087 1271 5159 δαίμονας
1282 5090 1348 5141 δι’
1364 5089 1466 5141 ύπε
1475 5086 1667 5159 ρϐολὴν
1683 5086 1784 5156 τῆς
1793 5087 1904 5139 ἀτί-

325 5204 427 5258 μου
444 5188 637 5259 τέχνης
655 5181 1032 5240 αὑτῶν.Τοῦτο
1047 5181 1103 5233 δὲ
1125 5180 1185 5234 τὸ
1201 5198 1271 5252 κη
1279 5181 1538 5249 ποτάφιον
1553 5178 1743 5248 γέγονε
1768 5178 1897 5249 παρ’

325 5276 488 5334 αὑτοῦ
506 5277 600 5330 τοῦ
616 5275 817 5331 Ἰαννοῦ
837 5275 931 5328 καὶ
959 5271 1215 5344 Ἰαμϐροῦ
1241 5270 1350 5325 τῶν
1379 5268 1641 5338 ἀδελφῶν,
1656 5268 1722 5322 δι’
1741 5269 1900 5339 ὑπερ-

321 5369 484 5441 ϐολὴν
513 5368 612 5440 τῆς
650 5369 891 5440 μαγικῆς
930 5366 1125 5437 τέχνης
1164 5364 1235 5417 τὰ
1274 5362 1464 5437 πρῶτα
1506 5362 1736 5433 ἐχόντων
1776 5360 1897 5414 κατ’

319 5464 525 5516 ἐκεῖνον
541 5460 736 5533 καιροῦ
754 5459 905 5533 παρὰ
924 5459 1001 5531 τῷ
1020 5458 1238 5533 Φαραὼ,
1254 5457 1454 5528 πολλὴν
1465 5473 1631 5528 κεκτη
1640 5454 1793 5526 μένοι
1810 5455 1900 5508 δυ-

318 5571 478 5612 ναστε
487 5553 571 5606 ίαν
589 5553 687 5624 τὴν
705 5553 764 5607 ἐν
788 5552 1047 5623 Αἰγύπτῳ
1058 5549 1206 5621 ἐν’τῷ
1225 5553 1323 5620 τῆς
1348 5548 1494 5619 ζωῆς
1508 5547 1684 5601 αὐτῶν
1697 5547 1893 5618 χρόνῳ.

329 5646 425 5698 Ἐκ
438 5643 783 5717 τετραπέδων
796 5643 958 5697 λίθων
976 5642 1194 5696 ἔκτισαν
1209 5640 1270 5694 τὸ
1287 5639 1448 5711 ἔργον
1464 5641 1657 5701 ἐκεῖνο,
1673 5639 1730 5690 ἐν
1746 5635 1895 5708 αὐτῷ

324 5734 510 5806 μνῆμα
541 5734 921 5803 πεποιηκότες,
962 5733 1057 5785 καὶ
1098 5731 1301 5804 χρυσὸν
1331 5729 1500 5785 πολὺν
1541 5730 1890 5801 ἀποθέμενοι.

332 5823 666 5897 Ἒφύτευσαν
684 5822 775 5880 οὖν
799 5827 892 5879 καὶ
923 5825 1113 5895 δένδρα
1143 5827 1390 5891 παντοῖα,
1438 5827 1529 5880 καὶ
1560 5825 1737 5896 φρέαρ
1767 5824 1891 5877 ὓδαο

2008 4635 2155 4688 hunc
2210 4635 2503 4688 transitum
2543 4634 2890 4689 Hebraeorum
2938 4635 3086 4690 sicco
3118 4634 3255 4704 pede
3309 4651 3406 4704 per
3439 4650 3591 4691 Inare

2005 4725 2314 4794 ascripsere
2343 4740 2453 4779 non
2489 4726 2774 4791 miraculo,
2807 4724 2902 4780 sed
2939 4726 3360 4795 reciprocationi
3396 4727 3585 4780 maris.

2006 4816 2149 4871 Idem
2187 4816 2450 4871 dixerunt
2504 4815 2797 4887 Memphite
2835 4818 3025 4872 eodem
3071 4821 3350 4888 Artapano
3410 4827 3583 4876 teslc:

2002 4909 2113 4961 Kal
2133 4909 2424 4980 Μεμφίτας
2452 4909 2549 4981 μὲν
2577 4908 2754 4977 λέγειν
2796 4908 3057 4980 ἔμπειρον
3081 4910 3209 4963 ὅντα
3236 4911 3327 4964 τὶν
3355 4909 3587 4966 Μὼὓσον

2000 5000 2103 5070 τῆς
2136 4999 2340 5072 χώρας,
2364 5000 2461 5071 τὴν
2489 5002 2742 5073 ἄμπωτιν
2769 5001 3111 5073 τηρήσαντα,
3162 5000 3251 5055 διὰ
3280 5000 3450 5073 ξηρᾶς
3484 5004 3585 5074 τῆς

2002 5091 2278 5165 θαλάσσης
2309 5092 2371 5146 τὸ
2399 5092 2605 5163 πλῆθος
2625 5093 2955 5166 περαιῶσαι.
2990 5092 3142 5149 Hanc
3158 5095 3439 5165 gentilium
3464 5096 3583 5165 opi-

2002 5183 2220 5237 nionem
2261 5184 2448 5238 multis
2484 5183 2684 5238 refellit
2720 5184 2990 5240 Diodorus
3024 5184 3229 5239 Catena
3256 5184 3311 5238 in
3346 5183 3528 5241 Cenes.
3559 5202 3579 5239 :

2014 5275 2229 5347 Ἐπειδὴ
2274 5276 2393 5347 ῐχνη
2429 5274 2526 5330 τοῦ
2558 5275 2681 5329 τότε
2709 5275 3074 5346 γεγενημένου
3105 5275 3379 5346 θαύματος
3411 5277 3580 5329 είσέτι

2000 5368 2095 5421 καὶ
2135 5366 2230 5421 νῦν
2267 5367 2539 5421 δείκνυται
2566 5367 2664 5438 τῆς
2710 5366 2975 5438 Ἐρυθρᾶς
3010 5367 3451 5438 ἀμπωτιζούσης,
3483 5370 3578 5422 καὶ

1999 5459 2102 5530 τῆς
2122 5460 2482 5532 ύπηργμένης
2504 5461 2654 5531 παρὰ
2672 5457 2765 5512 τοῦ
2780 5458 2915 5512 Θεοῦ
2940 5459 3147 5533 δωρεᾶς
3168 5463 3280 5524 τοῖς
3306 5459 3580 5530 Ἑϐραίοις

1999 5550 2306 5622 ἀνάμνησιν
2357 5549 2721 5623 παρεχούσης.
2740 5549 2997 5621 Ἕλληνες
3038 5551 3099 5603 τὸ
3125 5550 3406 5623 γινόμενον
3440 5551 3576 5623 πρό-

1998 5660 2163 5713 φασιν
2194 5642 2559 5714 λαμϐάνουσιν
2595 5640 2877 5706 εὐσεϐείας
2910 5644 2966 5695 ἐν
3002 5641 3212 5696 πλείοσι
3233 5642 3330 5712 τῆς
3374 5642 3577 5696 θαλάσ-

1999 5750 2098 5806 σης
2130 5735 2315 5798 τόποις
2345 5732 2652 5797 δεικνύντες
2681 5734 3096 5805 άμπωτισμοὺς,
3135 5732 3348 5803 φύσεως
3392 5732 3577 5804 ἔργον,

1998 5828 2059 5879 οὐ
2105 5826 2248 5880 θείου
2277 5826 2575 5897 θαύματος.
2615 5825 2802 5896 Ἡμεῖς
2842 5826 3288 5897 συγχωρήσαντες
3317 5826 3499 5890 αὐτοξ
3544 5822 3579 5876 ὂ
