4100 6422
488 335 625 389 1059

1814 321 2061 379 LEONIS
2098 320 2376 375 ALLATII

3592 320 3732 377 £060

490 453 768 525 βούλονται
802 456 959 518 νοεῖν,
990 452 1085 506 καὶ
1121 452 1220 519 τῆς
1264 449 1476 520 φύσεως
1522 444 1660 501 εἶναι
1686 447 1778 500 τὸν
1808 447 2057 517 ἀμπωτι-

2180 457 2281 495 :um
2306 446 2410 497 hoc
2439 442 2766 498 miraculum
2799 450 3046 512 tempore
3065 439 3359 496 Theodosii
3387 441 3737 513 imperatoris

493 545 630 618 σμὺν
656 544 796 599 κατὰ
820 546 945 608 τοὺς
977 543 1193 608 τόπους,
1242 544 1299 595 ὲν
1337 536 1418 604 οἷς
1459 539 1738 593 ἀπώλοντο
1768 537 1865 608 μὲν
1890 538 1942 589 οἱ
1972 536 2062 589 Ai-

489 637 728 709 γύπτιοι,
768 635 1104 708 διεσώθησαν
1136 636 1194 690 δὲ
1229 636 1277 686 oi
1306 634 1565 705 Ἑϐραῖοι,
1618 629 1915 701 πυθώμεθα
1965 628 2063 681 αὑ-

488 728 597 783 τῶν
630 729 681 781 εἴ
706 746 808 782 που
837 728 936 798 τῆς
967 727 1239 797 θαλάσσης
1274 722 1637 795 ἁμπωτισμδς
1685 721 1846 792 μέσον
1873 719 2061 789 τέμνει

489 822 585 876 καὶ
616 821 837 883 κόλπον,
875 822 968 874 καὶ
1012 818 1199 872 τοῦτον
1246 814 1613 886 σχοινοτενῶς,
1646 813 1784 866 ὥστε
1824 810 2063 881 γυμνοῦν

485 911 577 965 τὸν
601 912 976 982 κρυπτόμενον
1008 910 1191 971 αὐτοῖς
1219 909 1403 970 τόπον,
1442 906 1536 958 καὶ
1578 905 1751 956 ποιεῖν
1784 902 1902 955 ὁδὸν
1936 898 2067 954 πλα-

485 1004 657 1066 τεῖαν,
686 1000 885 1072 μᾶλλον
905 1000 960 1055 δὲ
985 999 1135 1062 ὁδοὺς
1154 997 1387 1060 εὐθείας,
1416 997 1550 1066 ὅπερ
1573 993 1700 1057 τοῦς
1726 987 2066 1065 Ἰσραηλίτας

496 1088 740 1160 παρέσχε
778 1081 910 1152 Θεὸς
953 1089 1094 1141 κατὰ
1144 1087 1234 1139 τὸν
1278 1084 1384 1138 Δὰδ
1419 1084 1668 1152 λέγοντα·
1712 1099 1731 1133 ι
1770 1080 1861 1151 Τῷ
1906 1096 2068 1134 κατα-

487 1178 716 1231 διελόντι
746 1178 845 1249 τὴν
881 1170 1144 1249 Ἐρυθρὰν
1164 1176 1434 1229 θάλασσαν
1464 1175 1545 1236 είς
1571 1171 1863 1244 διαιρέσεις
1883 1191 1897 1204 ·
1919 1191 1938 1222 ι
1972 1172 2068 1226 καὶ

489 1263 572 1334 είς
608 1270 668 1323 τὸ
695 1266 975 1325 θαλάττιον
1004 1259 1182 1341 ⁴ὕδωρ,
1222 1266 1435 1338 σχισθὲν
1480 1267 1544 1319 ἐκ
1573 1265 1761 1330 δεξιῶν
1798 1282 1857 1319 τε
1883 1267 1974 1318 καὶ
2009 1265 2068 1332 ἐξ

490 1362 804 1433 εὐωνύμων,
841 1356 1000 1430 φύσιν
1028 1360 1138 1431 ἔχει
1171 1361 1363 1429 στῆναι
1401 1357 1555 1428 δίκην
1586 1357 1780 1427 τειχῶν
1807 1356 2066 1428 ἀρῤαγὲς,

491 1452 626 1525 ὅπερ
650 1452 742 1506 ἐπὶ
764 1452 868 1506 τῶν
903 1452 1248 1523 Ἰσραηλιτῶν
1267 1450 1489 1518 γέγονεν
1511 1448 1614 1515 6δῷ
1634 1452 1745 1512 τοῖς
1766 1447 2070 1512 θαλαττίοις

490 1544 676 1608 τόποις
727 1545 1042 1615 χρωμένων.
1099 1544 1162 1597 Εἰ
1199 1546 1255 1598 δὲ
1289 1547 1565 1598 ἀπιστεῖεν
1613 1545 1694 1596 ὅτι
1732 1542 1906 1596 ταῦτά
1939 1550 2070 1594 ποτε

492 1633 705 1701 γέγονε,
723 1631 810 1687 διὰ
830 1634 883 1687 τί
913 1634 1007 1705 μὴ,
1033 1629 1124 1705 τῆς
1148 1634 1289 1689 κατὰ
1310 1635 1475 1707 μέρος
1492 1633 1799 1702 ἀντιλογίας
1819 1632 2068 1701 ἀφέντες,

2160 532 2363 588 imitari
2392 532 2661 589 volentem
2699 535 2885 589 multis
2914 531 3155 589 Hebraeis
3177 533 3388 589 excidio
3416 532 3607 601 fuisse,
3634 532 3737 589 So-

2162 632 2363 689 crates,
2394 626 2485 679 lib.
2517 641 2593 680 vn
2628 625 2800 690 Hist.,
2827 641 2946 695 cap.
2978 626 3068 680 '58.

2231 718 2344 771 Col.
2373 714 2499 783 789,
2525 718 2622 772 lin.
2651 718 2737 772 19.
2772 716 2880 771 Καὶ
2902 721 2934 771 ὀ
2960 713 3344 787 Ῥαγουῆλος.
3376 714 3452 770 De
3465 713 3733 787 Raguelo,

2163 816 2216 863 et
2244 809 2363 877 ejus
2390 809 2708 878 parentibus
2739 810 2892 877 plura
2923 808 3192 864 Eusebius
3244 808 3323 861 De
3348 810 3736 876 praeparatione

2164 913 2368 968 evang.,
2390 898 2483 951 lib.
2509 913 2586 962 Ix,
2627 908 2692 953 ex
2718 898 3002 953 Ezechielo
3025 909 3078 954 et
3106 898 3397 963 Demetrio,
3426 900 3516 969 qui
3546 899 3739 956 Jotbor

2167 997 2221 1041 et
2259 986 2561 1057 Raguelum
2591 989 2840 1044 diversos
2885 988 3036 1056 facit,
3091 990 3256 1044 tradit
3284 991 3428 1045 enim
3460 992 3739 1049 Abraham

2166 1085 2234 1133 ex
2263 1079 2499 1133 Cetbura
2527 1080 2782 1150 genuisse
2808 1080 3003 1149 JeXan,
3020 1097 3088 1137 ex
3108 1097 3217 1152 quo
3238 1091 3400 1138 natus
3420 1088 3504 1140 est
3531 1084 3739 1155 Dadan,

2169 1181 2201 1221 a
2227 1184 2336 1239 quo
2367 1167 2646 1238 Raguelus
2688 1180 2840 1239 pater
2867 1167 3048 1233 Jetho,
3101 1170 3260 1239 Cujus
3306 1169 3471 1224 tiliam
3527 1170 3744 1244 Moyses

2170 1261 2379 1329 accepit
2412 1275 2656 1314 uxorem.
2684 1259 2914 1323 Hebraei,
2947 1259 3195 1331 Lyranus
3223 1267 3278 1315 et
3306 1261 3601 1319 Abulensis
3630 1271 3741 1319 tra-

2171 1346 2329 1411 dunt,
2359 1349 2659 1420 Raguelum
2689 1351 2857 1406 fuisse
2891 1351 3356 1419 qttadrinomium.
3386 1351 3571 1409 Primo
3596 1355 3742 1409 enim

2170 1441 2470 1495 vocabatur
2517 1441 2740 1513 Raguel,
2776 1442 2953 1509 Exod.
2982 1458 3020 1496 ιι
3053 1450 3107 1496 et
3159 1459 3241 1507 ιιι,
3295 1443 3506 1512 Jethro,
3556 1444 3611 1500 id
3660 1455 3744 1503 est

2170 1532 2403 1597 Addens,
2442 1533 2556 1603 ipse
2588 1534 2732 1588 enim
2763 1535 2971 1589 addidit
3003 1546 3171 1589 unum
3200 1542 3358 1605 caput
3382 1534 3527 1607 Legi,
3563 1536 3632 1593 de
3655 1553 3751 1593 or-

2172 1624 2452 1681 dinatione
2502 1627 2686 1697 pepuli
2730 1644 2825 1697 per
2861 1628 3135 1691 tribunos,
3181 1630 3555 1690 centuriones,
3580 1631 3746 1700 quin-

492 1724 623 1779 αὐτὸ
649 1725 808 1779 τοῦτο
849 1704 1073 1796 ζητοῦσι
1107 1724 1242 1797 πρὸς
1266 1704 1413 1797 ἡμᾶς
1463 1726 1770 1797 διδασκάλῳ
1802 1724 2073 1796 χρώμενοι

2180 1733 2453 1787 quagenos
2481 1727 2534 1773 et
2556 1704 3005 1784 decanos,l?xod.
3050 1737 3205 1775 xvm.
3230 1716 3469 1775 Vocatur
3506 1722 3746 1788 Cineeus,

491 1819 563 1889 τῇ
603 1782 873 1888 ἀληθείᾳ.-
902 1782 1118 1871 Μᾶλλον
1151 1782 1356 1889 ,δὲψτῖήν
1385 1782 1641 1889 ἀλήθειαν
1686 1782 1753 1870 ἐπί
1798 1782 2074 1871 τῶνθπο-

2404 1825 2477 1863 tv.
2510 1806 2751 1864 Tandem
2785 1782 3013 1865 vocatur
3066 1810 3277 1876 Hobab,
3316 1813 3369 1866 id
3400 1821 3486 1868 est
3522 1782 3746 1883 Amans,

497 1910 864 1980 δεικνυμένων
896 1910 1236 1981 πραγμάτων
1272 1909 1664 1980 διδασκόμενοι.
1694 1910 1956 1979 Ἐγχωρεῖ
1974 1908 2073 1978 τὴν

508 1998 778 2070 Ἐρυθρὰν
815 1999 1173 2069 ἀμπωτίζειν,
1210 1999 1285 2070 πὴ
1321 2000 1417 2070 μὲν
1449 2001 1858 2069 ἐπιτρέχουσαν,
1915 1998 1989 2070 πὴ
2018 1996 2073 2052 δὲ

495 2090 918 2163 ἀναχωροῦσαν;
956 2088 1092 2161 ἶΑλλ’
1120 2093 1211 2145 ἐπὶ
1236 2091 1343 2145 τῶν
1375 2084 1845 2163 Ἰσραηλιτῶν⁶οὺκ
1866 2087 1933 2162 ἦν
1963 2093 2071 2162 ἁμ-

496 2183 798 2252 πωτισμός.
855 2178 979 2246 Πῶς
1028 2182 1136 2254 γὰρ
1183 2181 1243 2235 τὸ
1296 2182 1578 2253 σχισθῆναι
1631 2182 1731 2253 τὴν
1772 2180 2070 2244 θάλασσαν,

496 2273 591 2327 καὶ
644 2274 885 2345 παγῆναι
935 2276 1015 2337 εἰς
1067 2265 1259 2344 τειχῶν
1321 2273 1510 2327 στάσιν
1569 2274 1654 2343 εἵη
1703 2273 1767 2326 ἂν
1821 2274 2072 2344 ἁμπωτι-

499 2364 670 2435 σμός;
729 2362 1000 2435 Josephus
1056 2360 1290 2428 dubitat,
1338 2379 1407 2417 an
1467 2363 1664 2419 divisio
1732 2367 1845 2419 haec
1913 2365 2076 2419 fuerit

498 2457 849 2522 mirarulosa,
891 2458 973 2511 vel
1019 2458 1305 2513 naturalis.
1355 2455 1499 2511 Nam
1553 2470 1601 2511 et
1638 2456 1928 2511 Alexandri
1966 2474 2074 2510 ma-

499 2545 589 2617 gni
615 2547 796 2611 ductu,
831 2547 1029 2618 inquit,
1061 2564 1204 2602 mare
1239 2543 1640 2618 Pamphylicum
1667 2550 1843 2611 cessit,
1880 2558 1929 2601 et
1973 2551 2073 2603 iter

501 2639 730 2707 aperuit,
770 2655 887 2692 cum
926 2637 1064 2693 Deus
1100 2640 1211 2708 ejus
1242 2656 1397 2708 opera
1431 2641 1498 2692 ad
1531 2640 1903 2694 destruendum
1945 2640 2070 2696 Per-

499 2745 687 2782 sarum
732 2730 1013 2799 imperium
1069 2733 1148 2784 uti
1198 2728 1527 2787 decrevisset.
1591 2731 1803 2788 Hebraei
1853 2742 2072 2803 negant,

501 2835 637 2877 suos
676 2822 913 2890 majores
942 2830 1117 2878 totum
1151 2839 1300 2879 mare
1329 2823 1575 2879 Rubrum
1607 2833 1874 2891 tranasse,
1905 2828 2020 2882 sive
2045 2843 2072 2881 a

499 2916 684 2972 littore
718 2915 975 2987 Egyptio
1006 2918 1058 2971 in
1091 2918 1244 2972 littus
1276 2918 1590 2982 Arabicum,
1622 2920 1714 2974 sed
1749 2920 1891 2989 quod
1912 2937 2075 2992 gran-

502 3005 627 3061 dius
661 3015 767 3067 est,
805 3014 866 3059 ut
921 3007 1089 3062 refert
1122 3001 1527 3072 Genebrardus,
1588 3010 1936 3075 miraculum,
2005 3013 2069 3068 ad

2174 1900 2302 1968 quia
2347 1899 2535 1953 dilexit
2575 1902 2744 1971 legem
2791 1902 2907 1969 Dei,
2936 1911 2990 1958 et
3023 1906 3090 1958 ad
3120 1902 3460 1960 Judaismum
3501 1914 3587 1961 est
3615 1922 3749 1963 con-

2174 2006 2387 2055 versus,
2411 1998 2470 2045 ut
2488 1990 2663 2047 Exod.
2701 2010 2846 2048 xvm.
2885 1995 2990 2048 Alii
3022 1996 3360 2064 probabilius
3394 2004 3605 2067 putant,
3637 1999 3749 2058 lio-

2172 2083 2281 2138 bab
2330 2100 2441 2139 non
2484 2101 2607 2142 esse
2646 2086 2973 2159 Raguelum,
3026 2086 3254 2160 Ragueli
3303 2090 3493 2151 lilium.
3538 2093 3606 2149 de
3639 2108 3751 2165 quo

2173 2173 2395 2230 Numer.
2413 2193 2469 2231 κ.

2245 2269 2407 2335 lbid.,
2457 2270 2553 2325 lin.
2605 2271 2695 2326 20.
2728 2266 3146 2344 Ἐπαγόμενος.
3206 2276 3419 2349 Moyses
3467 2280 3634 2345 enim,
3689 2289 3752 2337 ut

2173 2357 2531 2430 Epiphanius,
2564 2361 2759 2418 haeres.
2799 2363 2887 2426 78,
2931 2365 3117 2429 tradit,
3148 2358 3753 2440 postquam‘prOpbeta

2172 2468 2374 2508 munus
2408 2456 2669 2524 Suscepit,
2702 2456 2889 2511 uxoris
2929 2457 3122 2510 notitia
3151 2458 3436 2522 abstinuit,
3488 2469 3547 2514 ut
3579 2478 3751 2532 purus

2174 2551 2282 2596 tam
2315 2552 2517 2598 sanctis
2545 2543 2812 2598 functioni
2846 2553 3095 2611 vacaret;
3131 2548 3275 2615 quod
3316 2549 3538 2602 totidem
3571 2554 3753 2606 verbis

2174 2646 2234 2688 se
2281 2640 2468 2704 postea
2498 2635 2770 2705 reperisse
2800 2635 2858 2689 in
2894 2634 3296 2690 Traditionibus
3322 2636 3561 2695 Hebreis
3586 2642 3756 2697 tradit

2174 2722 2579 2778 Genebrardus.

2244 2814 2402 2880 lbid.,
2433 2817 2530 2869 lin.
2559 2815 2647 2871 30.
2665 2816 2718 2868 Ὁ
2738 2816 3001 2886 Μωῦσῆς
3017 2818 3753 2889 ἐτελεύτησε.Αιηὶ)ι·οεῑιιε,

2175 2907 2271 2962 llb.
2299 2923 2313 2961 ι
2342 2907 2415 2961 De
2439 2906 2571 2962 Cain
2599 2917 2647 2962 et
2675 2908 2826 2976 Abel,
2858 2925 2909 2963 c.
2932 2910 2987 2974 2,
3018 2913 3212 2965 asserit
3252 2912 3489 2985 Moysem
3510 2916 3754 2972 nondum

2174 3011 2449 3057 mortuum
2478 3018 2621 3070 esse,
2659 3004 2751 3058 sed
2780 3004 3107 3059 translatum
3133 3007 3201 3061 ad
3233 3009 3511 3064 meliorem
3545 3011 3710 3063 vitam
3736 3027 3754 3076 ;

503 3099 644 3153 idem
696 3099 871 3166 littus,
931 3100 1095 3156 ducto
1151 3101 1293 3154 intra
1330 3117 1477 3156 mare
1529 3102 1691 3173 longo
1737 3106 1992 3170 circuitu,
2021 3114 2075 3161 et

2180 3101 2233 3147 et
2262 3108 2385 3147 cum
2426 3094 2688 3162 scriptum
2718 3102 2823 3159 est,
2855 3110 2978 3149 eum
3013 3108 3136 3151 esse
3177 3104 3475 3161 mortuum,
3524 3096 3758 3168 intelligi

503 3190 661 3261 quasi
699 3193 1064 3255 semicirculo,
1097 3194 1241 3248 unde
1269 3194 1502 3264 ingressi
1543 3194 1757 3250 fuerant
1788 3200 2080 3254 revertisse

502 3283 756 3354 probant.
816 3282 954 3349 Quia
998 3285 1276 3340 haarebant
1324 3286 1401 3345 (in
1452 3282 1668 3342 deserto
1732 3288 1906 3343 Etban
1956 3298 2081 3346 ante

503 3373 820 3434 transitum,
862 3374 1059 3429 deinde
1101 3382 1225 3444 post
1272 3376 1564 3432 transitum
1600 3379 1655 3432 in
1687 3379 1874 3433 eodem
1907 3396 1966 3434 se
1994 3396 2084 3435 re-

503 3464 759 3534 periunt;
789 3463 882 3519 ubi
919 3480 1015 3535 per
1049 3474 1161 3520 tres
1185 3464 1304 3522 dies
1330 3467 1509 3537 vagati
1553 3479 1734 3524 castra
1763 3479 1972 3539 ponunt
2026 3471 2082 3524 in

504 3551 678 3618 Mara,
701 3554 1001 3611 Exodnm.
1026 3557 1229 3613 Deinde
1250 3574 1401 3614 mare
1431 3554 1676 3614 Rubrum
1708 3560 1899 3615 dividit
1916 3559 2084 3632 Egy-

506 3652 656 3717 ptum
689 3648 758 3700 ab
793 3646 1016 3711 Arabia,
1047 3664 1155 3703 non
1180 3665 1209 3703 a
1239 3657 1387 3705 terra
1419 3658 1629 3706 sancta.
1685 3650 1799 3706 lmo
1821 3667 1948 3707 vero
1973 3669 2082 3708 non

505 3735 607 3788 fuit
647 3751 872 3791 necesse
910 3745 968 3790 ut
1018 3738 1434 3806 ingrederentur
1485 3756 1655 3803 mare,
1686 3741 1793 3796 nisi
1844 3749 1903 3794 ut
1953 3743 2083 3797 sub-

507 3835 849 3896 mergeretur
874 3824 1109 3882 Pharao.
1141 3828 1411 3900 Josephus
1445 3842 1496 3886 et
1523 3832 1697 3886 nostri
1731 3832 1798 3887 de
1820 3834 2002 3887 littore
2026 3833 2084 3887 in

507 3914 684 3971 littus.
734 3916 862 3982 Alii,
925 3933 1064 3987 quos
1117 3921 1684 3993 sequitur.0rigenes
1735 3922 1922 3978 bomil.
1957 3926 1990 3980 5
2032 3926 2085 3979 in

507 4004 772 4070 Emadum,
808 4007 1189 4066 Genebrardus
1224 4013 1278 4065 in
1310 4013 1716 4082 psalm.cxxxv,
1749 4011 2087 4085 Epiphanius

507 4097 702 4153 hrrres.
724 4100 811 4168 64,
843 4100 1133 4169 allirmant,
1166 4119 1318 4161 mare
1361 4103 1607 4162 Rubrum
1650 4105 1820 4163 fuisse
1851 4108 2084 4163 divisum

506 4188 564 4244 in
596 4190 880 4247 duodecim
914 4196 1210 4261 sectiones,
1237 4198 1308 4250 ita
1342 4198 1460 4267 pari
1492 4214 1681 4269 gressu
1716 4216 1813 4270 per
1845 4201 1977 4255 illud
2005 4202 2087 4255 in-

506 4281 760 4337 cederent
823 4284 1110 4342 duodecim
1174 4289 1384 4357 tribus,
1461 4290 1713 4361 quaslibet
1781 4293 1923 4348 enim
1989 4308 2086 4348 sua

507 4374 751 4429 sectione
777 4374 1089 4434 incedebat.
1128 4376 1287 4435 Philo
1315 4393 1518 4445 tamen,
1546 4380 1946 4449 Theodoretus,
1976 4384 2087 4439 Eu-

2182 3201 2293 3242 nnn
2325 3184 2392 3239 de
2421 3185 2641 3239 interitu
2671 3187 2763 3256 qui
2821 3185 2878 3238 lit
2917 3202 3012 3256 per
3064 3188 3462 3259 separationem
3491 3188 3686 3243 animae
3725 3204 3759 3243 a

2185 3291 2437 3348 corpore,
2471 3275 2566 3331 sed
2601 3277 2668 3332 de
2696 3278 3057 3334 translatione
3092 3279 3158 3333 ad
3197 3278 3409 3334 felicem
3452 3285 3508 3334 et
3537 3278 3757 3334 beatam

2183 3368 2370 3422 vitam.
2410 3366 2491 3421 llli
2543 3368 2845 3423 assentitur
2871 3368 3109 3425 Hilarius
3144 3368 3507 3425 Pictaviensis
3534 3370 3586 3423 in
3615 3370 3762 3425 Mat-

2187 3460 2402 3524 thwum,
2433 3473 2556 3515 can.
2587 3459 2679 3514 20.
2712 3459 2857 3515 ldem
2884 3477 2951 3516 ex
2992 3462 3388 3516 recentioribus
3428 3461 3595 3517 tradit
3629 3463 3762 3517 Am-

2186 3551 2404 3606 brosius
2423 3550 2754 3608 Catherinus
2782 3553 2838 3607 in
2858 3553 2988 3607 illud
3010 3549 3101 3617 lll,
3119 3551 3190 3607 24
3208 3551 3406 3609 Cenes.
3434 3573 3446 3608 :
3470 3552 3762 3609 Collocavit

2186 3655 2307 3696 ante
2356 3643 2666 3712 paradisum
2723 3644 3007 3713 voluptatis
3069 3646 3336 3701 cherubin.
3403 3645 3469 3700 Et
3523 3648 3577 3702 in
3626 3646 3761 3702 illud

2185 3732 2317 3788 Gen.
2335 3744 2389 3799 n,
2413 3733 2445 3787 8
2466 3733 2836 3790 :Plautaverat
2861 3735 3118 3791 Dominus
3137 3737 3444 3807 paradisum
3465 3737 3632 3794 Eden.
3661 3739 3765 3797 He-

2191 3826 2349 3892 braei,
2405 3842 2529 3881 eum
2578 3828 2907 3883 translatum
2953 3833 3137 3884 viVum
3186 3833 3525 3895 existimant,
3590 3846 3764 3902 quare

2187 3916 2346 3970 Philo
2390 3921 2700 3987 sepulcrum
2750 3920 2873 3988 ejus
2922 3936 3033 3975 non
3064 3923 3299 3977 inveniri
3352 3924 3545 3979 scribit
3591 3923 3765 3995 εΠερὶ

2188 4002 2263 4063 ὧν
2299 4010 2671 4082 ἱερουργοῦσιν
2697 4012 2864 4065 ’Δσελ
2894 4031 2954 4066 τε
2978 4014 3073 4068 xal.
3103 4015 3242 4068 Κάῖν
3274 4014 3466 4085 δίδωμί
3496 4031 3577 4077 σε,
3604 4016 3761 4086 φησι,

2188 4101 2318 4154 Θεὸν
2344 4101 2561 4174 Φαραώ.
2598 4102 2731 4167 Θεὸς
2775 4104 2831 4157 δὲ
2860 4104 3094 4173 ἔλλειψιν
3131 4103 3163 4173 ἢ
3217 4104 3505 4175 πρόσθεσιν
3541 4105 3639 4158 οὐκ
3672 4105 3767 4157 ἀν-

2189 4193 2369 4265 έχεται
2388 4193 2620 4265 πλήρης,
2635 4196 2729 4247 καὶ
2759 4196 3029 4257 ἰσαίτατος
3048 4194 3123 4247 ὢν
3139 4194 3337 4265 ἐαυτῷ.
3357 4197 3495 4267 Παρ’
3509 4197 3538 4249 ὃ
3558 4197 3652 4250 καὶ
3667 4195 3766 4266 τὴν

2188 4285 2363 4355 ταφὴν
2386 4284 2603 4353 λέγεται
2646 4284 2778 4355 μηδὲ
2823 4280 2902 4348 εἷς
2929 4284 3123 4338 ειδέναι
3156 4285 3367 4339 τούτου.
3417 4287 3513 4351 Τίς
3555 4286 3664 4359 γὰρ
3698 4288 3768 4342 ἂν

2190 4373 2397 4443 γένοιτο
2427 4374 2609 4438 ἱκανὸς
2636 4375 2733 4446 τὴν
2759 4374 2893 4445 πρὸς
2919 4374 2988 4427 τὰ
3010 4375 3139 4429 ὄντα
3168 4377 3566 4446 μετανάστασιν
3591 4378 3768 4449 ψυχῆς

506 4462 749 4534 thymius
771 4465 824 4517 in
858 4467 1050 4535 psalm.
1084 4482 1260 4522 cxxxv
1292 4471 1510 4524 unicam
1533 4480 1745 4525 tantum
1772 4473 1943 4530 fuisse
1974 4484 2077 4529 tra-

2190 4467 2399 4529 τελείας
2421 4467 2751 4537 κατανοῆσαι
2778 4484 2793 4531 ;
2823 4465 2966 4521 Idem
2990 4471 3188 4537 repetit
3213 4470 3267 4523 in
3300 4470 3404 4524 line
3436 4470 3530 4525 lib.
3564 4469 3640 4525 De
3660 4472 3769 4525 vita

508 4552 665 4608 dunt.
694 4553 784 4610 Sic
813 4557 975 4610 etiam
1007 4557 1358 4615 Hebraeorum
1390 4563 1481 4616 illa
1509 4564 1731 4619 traditio
1748 4573 1852 4629 est,
1882 4568 2082 4622 tribum

507 4641 670 4707 Iuda,
699 4645 1059 4718 ejusdemque
1087 4650 1280 4705 ducem
1305 4653 1633 4721 Aminadab,
1673 4658 1886 4714 cateris
1913 4662 2084 4731 trepi-

509 4737 790 4806 dantibus,
846 4741 1082 4811 primum
1133 4743 1441 4815 ingressum
1473 4764 1594 4805 esse
1646 4764 1819 4816 mare,
1851 4739 2087 4824 ideoque

513 4829 717 4883 tribum
747 4828 887 4884 Juda
904 4832 1159 4902 deinceps
1194 4833 1365 4890 fuisse
1393 4836 1648 4906 primam,
1680 4848 1734 4894 et
1761 4840 1955 4895 ducem
1986 4842 2087 4896 ali-

513 4935 693 4984 arum,
713 4924 1069 4994 meritamque
1083 4942 1205 4981 esse
1232 4943 1482 4997 regnum,
1506 4938 1560 4985 et
1591 4930 1697 4985 huc
1728 4932 1895 4987 alludi
1922 4933 2086 4991 Cant.

509 5014 665 5081 Vt,“
703 5016 928 5069 :Anima
951 5032 1065 5071 mea
1083 5019 1413 5074 conturbavit
1442 5038 1522 5076 me
1547 5034 1758 5093 propter
1795 5026 2085 5097 quadrigas

511 5106 832 5172 Aminadab;
860 5115 914 5163 et
939 5106 1092 5164 Osca:
1126 5126 1202 5173 ιι,
1237 5112 1303 5166 l2
1335 5132 1349 5168 :
1391 5111 1565 5169 Judas
1608 5125 1783 5170 autem
1818 5118 2086 5174 descendit

513 5197 661 5252 testis
695 5214 814 5252 cum
846 5199 976 5265 Deo,
1013 5209 1062 5254 et
1102 5219 1221 5255 cum
1255 5205 1453 5260 sanctis
1481 5205 1674 5275 ﬁdelis.
1718 5208 2087 5280 Hieronymus

512 5290 862 5347 traditionem
909 5293 1051 5348 hanc
1090 5294 1327 5351 fabulam
1374 5306 1555 5356 vocat.
1612 5298 1788 5371 llujus
1820 5303 2088 5359 transitus

512 5384 769 5455 vestigia,
808 5392 864 5439 et
911 5392 1120 5442 tractus
1176 5404 1439 5445 curruum
1486 5400 1842 5465 rotarumque
1877 5397 2087 5451 orbitas

515 5492 757 5539 manere,
812 5481 1166 5551 repararique
1217 5491 1330 5537 tum
1364 5500 1417 5538 in
1459 5485 1655 5549 littore,
1694 5494 1811 5541 tum
1863 5486 1919 5541 in
1969 5489 2089 5558 ipso

515 5569 651 5623 mari
704 5567 891 5624 Rubro
934 5574 1100 5627 tradit
1129 5573 1376 5639 Orosius,
1419 5578 1513 5633 lib.
1565 5595 1618 5643 ι,
1645 5595 1766 5649 cap.
1801 5580 1900 5647 ll);
1947 5581 2089 5637 idem

516 5656 757 5712 insinuat
806 5658 1075 5719 Diodorus
1114 5665 1169 5719 in
1194 5666 1414 5722 Catena.
1455 5666 1588 5724 Illud
1623 5671 1749 5725 item
1800 5670 2090 5727 ridiculum

515 5755 620 5815 cst,
672 5747 1144 5822 pseudo-Moysom
1183 5758 1473 5825 quemdam
1512 5757 1852 5829 Cretensem,
1893 5761 2091 5820 Mosai-

2188 4556 2391 4627 Moysis
2412 4598 2425 4619 ,
2452 4568 2505 4611 et
2534 4559 2691 4612 rabbi
2721 4557 2943 4613 Samuel
2987 4559 3399 4616 Marrochianus
3427 4563 3524 4617 lib.
3559 4563 3634 4617 De
3669 4563 3770 4617 ad-

2186 4661 2339 4704 ventu
2382 4648 2614 4714 Messim,
2650 4666 2809 4720 quem
2837 4650 3008 4706 Judaei
3050 4663 3253 4708 temere
3283 4662 3624 4725 exspectant,
3653 4656 3771 4711 haec

2187 4742 2349 4795 habet
2378 4756 2496 4812 cap.
2526 4741 2591 4796 12
2627 4761 2640 4796 :
2678 4741 2747 4796 De
2773 4741 2955 4814 Moyse
2979 4744 3138 4797 etiam
3167 4761 3269 4798 non
3284 4756 3361 4799 est
3394 4744 3769 4812 dubitandum,

2186 4834 2310 4904 quin
2332 4835 2399 4888 sit
2440 4835 2496 4887 in
2534 4834 2662 4889 caelo
2694 4835 2750 4889 in
2795 4852 3011 4905 corpore
3047 4846 3096 4889 et
3125 4841 3322 4900 anima,
3365 4847 3421 4891 ut
3460 4837 3591 4892 dicit
3631 4839 3772 4894 Deu-

2190 4934 2287 4979 ter.
2317 4941 2502 4992 xxxw,
2527 4926 2560 4980 6
2587 4943 2599 4978 :
2639 4945 2658 4978 ι
2684 4926 2835 4981 Dixit
2853 4927 2993 4982 Deus
3021 4929 3089 4981 ad
3129 4928 3364 4999 Moysem
3402 4945 3420 4981 :
3452 4931 3686 4986 Ascende
3713 4933 3774 4986 in

2189 5029 2416 5072 montem
2440 5030 2611 5083 nocte,
2632 5027 2683 5074 et
2707 5037 2908 5075 morere
2929 5019 3020 5085 ibi,
3038 5030 3088 5075 et
3111 5022 3345 5077 ascendit
3367 5022 3419 5075 in
3437 5033 3686 5088 montem,
3717 5034 3771 5079 et

2188 5119 2426 5164 mortuus
2448 5119 2523 5165 est
2540 5110 2611 5164 ibi
2637 5127 2654 5175 ;
2677 5122 2727 5165 et
2754 5112 2968 5166 nescivit
2981 5112 3135 5166 homo
3157 5115 3453 5184 sepulcrum
3472 5115 3586 5183 ejus
3608 5130 3774 5186 usque

2188 5203 2243 5255 in
2275 5201 2584 5257 hodiernum
2618 5203 2777 5256 diem.
2808 5222 2827 5254 ›
2860 5202 2925 5256 Et
2959 5204 3086 5273 quid
3112 5205 3404 5275 signiﬁcat,
3434 5206 3573 5276 quod
3594 5206 3777 5274 sepul-

2186 5308 2336 5347 crum
2357 5293 2470 5362 ejus
2497 5301 2574 5346 est
2598 5293 2833 5363 ignotum
2851 5295 2904 5347 in
2928 5302 3091 5357 terra,
3117 5308 3233 5348 cum
3257 5296 3366 5362 ipse
3387 5295 3487 5364 fuit
3519 5295 3777 5364 propheta

2189 5384 2383 5455 major,
2426 5396 2476 5441 et
2506 5387 2741 5440 sanctior
2770 5387 2916 5453 aliis,
2958 5388 3063 5441 nisi
3102 5387 3240 5452 quod
3268 5387 3408 5442 Deus
3438 5389 3777 5444 resuscitavit

2189 5495 2328 5544 eum,
2357 5488 2407 5531 et
2448 5480 2735 5547 assumpsit
2772 5496 2891 5534 eum
2932 5481 2983 5534 in
3029 5497 3264 5549 corpore,
3312 5490 3362 5535 et
3406 5483 3609 5547 anima,
3634 5483 3779 5536 sicut

2192 5571 2327 5624 alios
2345 5571 2521 5639 justas
2554 5564 2858 5640 assumpsit,
2890 5582 2938 5626 et
2967 5572 3185 5627 elevavit
3207 5573 3275 5626 ad
3303 5573 3474 5627 locum
3495 5574 3585 5627 ubi
3611 5577 3778 5630 sunt!
3832 5563 3849 5577 ’

2262 5662 2424 5730 lbid.,
2476 5664 2573 5720 lin.
2607 5665 2697 5719 '52.
2754 5666 2863 5721 Καὶ
2899 5665 3098 5736 ἐξάγει
3142 5668 3269 5721 τόν.
3324 5668 3635 5738 Artapanus
3669 5663 3780 5720 He-

2194 5760 2369 5816 bratos
2405 5777 2500 5832 per
2532 5762 2755 5834 triginta
2787 5779 2960 5819 annos
3005 5763 3059 5819 in
3098 5764 3314 5822 deserto
3343 5770 3569 5835 vagatus
3605 5762 3780 5818 fuisse
