4100 6450
361 360 493 418 1061
1387 353 1453 409 ΙΝ
1492 355 1864 411 EUSTATHII
1896 356 1922 410 ll

2023 354 2369 410 LAEMERON
2409 353 2642 412 NOTAE.
3495 359 3634 413 1069.

361 472 550 528 scribit
583 490 596 528 :
628 471 766 534 Τοὺς
801 470 860 524 δὲ
898 469 1204 534 Ἰουδαίους,
1262 469 1626 539 διαφυγόντας
1691 473 1784 529 τὸν
1834 475 1922 527 κίν

2050 487 2302 543 superior
2322 472 2587 538 substitit,
2606 480 2660 528 et
2685 472 2969 537 intumuit,
2988 474 3211 530 assidue
3231 477 3390 546 aquis
3411 476 3635 532 afﬂuen‘

359 564 534 628 δυνον,
574 562 869 634 τριάκοντα
901 560 997 632 ἐτη
1044 560 1102 612 ἐν
1130 562 1196 630 τῇ
1249 560 1442 631 ἐρήμῳ
1473 560 1773 632 διατρῖψαι,
1823 561 1922 633 βρέ·

2049 564 2230 632 tibus;
2261 579 2386 619 cum
2412 579 2544 619 vero
2570 565 2903 620 transissent
2928 564 3137 621 Hebraei
3163 582 3273 620 non
3301 568 3508 632 subito,
3535 570 3632 624 sed

358 672 544 727 χοντος
569 657 751 716 αὐτοῖς
771 653 864 706 τοῦ
894 651 1030 705 Θεοῦ
1061 653 1290 723 κρίμνον
1324 654 1510 723 ὅμοιον
1545 652 1750 724 ὲλύμῳ,
1805 653 1922 723 χιόν

2048 655 2253 712 sensim
2303 655 2597 720 detumuit,
2637 663 2692 711 et
2745 655 2991 738 deﬂuxit,
3037 673 3106 712 ne
3152 673 3300 727 ripas
3323 669 3376 712 et
3405 675 3634 733 campos

358 749 742 819 παραπλήσιον
773 745 872 817 τὴν
906 747 1094 816 χρόαν.

428 839 546 892 Col.
569 839 692 902 789,
722 838 797 891 lin
845 837 935 892 54.
959 839 1023 891 οι
1051 838 1162 908 γὰρ
1178 837 1375 906 χάριν.
1396 838 1694 909 Antiquum
1720 855 1946 910 peregre

359 929 634 1001 proﬁciscn
691 929 976 999 religionis
1033 944 1164 1000 ergo
1224 932 1471 985 meminit
1543 939 1596 986 et
1651 931 1945 1002 Gregorius

359 1023 640 1095 Nyssenus
683 1023 762 1078 De
798 1024 921 1078 Vita
947 1022 1008 1079 S.
1037 1022 1296 1079 Macrine:
1340 1026 1559 1096 virginis
1583 1042 1601 1080 :
1625 1027 1849 1092 Πάντως
1886 1029 1942 1080 δὲ

358 1116 460 1169 οὐκ
499 1117 836 1186 ἀμνημονεῖς
883 1115 983 1186 τῆς
1022 1115 1338 1186 συντυχίας,
1390 1117 1480 1170 ὅτε
1532 1118 1653 1172 κατ’
1680 1118 1843 1190 εὐχὴν
1885 1121 1944 1174 ἐν

367 1205 783 1278 Ἱεροσολύμοις,
834 1207 1121 1277 ὲπιφοιτᾷν
1169 1207 1399 1278 μέλλων,
1430 1203 1582 1277 ὲφ’ᾦ
1627 1209 1698 1262 τά
1743 1213 1943 1280 σημεῖα

355 1296 457 1367 τῆς
485 1297 576 1350 τοῦ
600 1297 806 1368 Κυρίου
846 1296 935 1350 διὰ
968 1298 1171 1368 σαρκὸς
1205 1297 1498 1369 ἐπιδημίας
1525 1301 1582 1353 ὲν
1607 1302 1719 1364 τοῖς
1749 1300 1941 1364 τύποις

359 1387 488 1442 ἰδεῖν
529 1387 861 1459 συνέδραμόν
894 1404 975 1440 σοι
1006 1387 1150 1441 κατὰ
1175 1387 1274 1459 τὴν
1311 1389 1587 1460 Ἀντιόχου
1616 1389 1792 1443 πόλιν.

425 1476 586 1542 Ibid.,
617 1479 713 1533 lin.
748 1478 835 1534 57.
875 1477 947 1530 Τό
974 1494 1037 1530 τε
1068 1478 1312 1532 Σιναῖον
1341 1478 1498 1546 ὄρος.
1536 1479 1612 1534 De
1641 1488 1828 1535 monte
1860 1479 1941 1535 Si-

355 1570 467 1634 nai,
514 1571 742 1640 ejusque
787 1570 924 1626 locis
960 1571 1135 1625 sacris
1191 1571 1350 1640 plura
1394 1569 1592 1626 Petrus
1635 1569 1935 1635 Bellonius,

359 1660 793 1718 Observationum
817 1663 912 1716 lib.
951 1677 1004 1726 n,
1023 1677 1144 1731 cap.
1179 1661 1248 1716 62
1273 1669 1327 1716 et
1359 1678 1499 1733 seq.,
1526 1664 1595 1718 de
1626 1679 1738 1734 quo
1766 1666 1937 1718 multa

356 1769 525 1810 sacra!
545 1755 1004 1825 litterteﬁnsignis
1031 1754 1122 1809 ille
1146 1755 1364 1824 quidem
1388 1761 1443 1809 et
1478 1753 1572 1809 Dei
1598 1770 1722 1808 cum
1753 1755 1936 1826 Moyse

2046 747 2336 814 obrueret;
2388 749 2572 813 tertio,
2612 747 2668 802 in
2711 749 2851 802 mari
2891 749 3166 804 submersi
3198 759 3326 804 sunt
3358 750 3624 822 AEgyptii,

2047 838 2230 893 nullus
2260 853 2387 892 vero
2413 854 2629 894 mersus
2663 846 2748 894 est
2783 840 2839 893 in
2867 837 3139 906 Jordane;
3166 850 3383 908 quarto,
3412 843 3464 896 in
3493 843 3630 897 mari

2045 928 2190 986 Deus
2219 931 2447 985 immisit
2482 940 2724 998 ventum,
2759 931 2826 986 ad
2866 931 3094 985 fundum
3123 931 3376 986 limosum
3410 934 3629 989 siccan-

2044 1022 2193 1087 dum,
2219 1024 2272 1078 id
2299 1040 2429 1079 vero
2452 1040 2562 1079 non
2593 1022 2722 1078 fecit
2753 1023 2809 1078 in
2840 1022 3101 1090 Jordane,
3126 1023 3256 1094 quia
3287 1025 3408 1095 ejus
3439 1027 3628 1082 alveus

2044 1125 2129 1170 est
2163 1130 2392 1185 parvus,
2420 1125 2474 1172 et
2509 1131 2797 1171 arenosus.

2112 1205 2272 1275 lbid.,
2327 1209 2424 1263 lin.
2483 1207 2534 1263 7.
2599 1209 2729 1262 Ἐπὶ
2755 1209 2872 1277 τὴν
2905 1208 3148 1278 Ἰεριχώ.
3179 1207 3450 1280 Iosephus
3471 1209 3628 1266 Anti-

2040 1299 2171 1367 quit.
2206 1298 2300 1351 lib.
2342 1313 2416 1364 Iv,
2457 1314 2579 1368 cap.
2607 1300 2640 1355 5
2667 1319 2680 1354 :
2716 1300 2878 1362 Πόλις
2899 1299 2954 1352 δέ
2982 1301 3128 1352 ἐστιν
3155 1300 3424 1371 εὐδαίμων
3466 1301 3627 1373 αῦτη,

2042 1388 2288 1457 φοίνικάς
2331 1407 2391 1443 τε
2424 1391 2608 1462 φέρειν
2665 1390 2865 1462 ἀγαθὴ,
2897 1391 2990 1443 καὶ
3024 1390 3300 1462 βάλσαμον
3328 1391 3627 1464 νεμομένη.

2040 1479 2295 1550 Ejusdem
2354 1483 2768 1554 top0graphiam
2824 1483 2993 1538 babes
3051 1483 3196 1552 apud
3243 1490 3492 1539 eumdem
3550 1485 3627 1540 De

2040 1573 2172 1628 bello
2193 1573 2324 1629 Jud.
2357 1576 2393 1629 l.
2417 1592 2469 1639 γ,
2502 1591 2555 1632 c.
2594 1575 2698 1638 26;
2729 1574 3037 1630 Brocardus
3088 1577 3390 1630 monachus
3438 1577 3491 1630 in
3526 1575 3625 1631 De-

2039 1664 2320 1733 scriptione
2369 1663 2542 1719 Terra:
2568 1673 2768 1720 sancta:
2803 1682 2822 1719 :
2857 1665 2992 1720 Item
3029 1682 3060 1718 a
3087 1663 3310 1736 Calgala
3348 1682 3438 1734 per
3465 1684 3623 1723 unam

2039 1755 2240 1810 leucam
2266 1767 2452 1811 contra
2484 1759 2736 1813 orientem
2769 1768 2844 1812 est
2875 1760 2981 1812 sita
3010 1757 3245 1822 Iericho,
3276 1761 3460 1814 civitas
3495 1763 3624 1814 olim

353 1845 664 1918 colloquiis,
697 1857 744 1902 et
766 1847 900 1903 locis
931 1847 1034 1917 piis
1084 1848 1372 1917 sacrisque
1403 1846 1474 1901 ad
1507 1847 1654 1902 hunc
1675 1847 1818 1902 diem
1840 1847 1938 1902 llo-
1968 1817 2009 1876 Β
2040 1847 2272 1917 famosa,
2326 1867 2464 1904 nunc
2518 1858 2695 1905 autem
2725 1849 2880 1905 habet
2909 1860 3024 1906 octo
3064 1850 3276 1920 domos,
3308 1853 3394 1905 vix
3434 1869 3622 1908 nomen

354 1938 627 2002 rentibus,
667 1953 771 1993 nec
797 1953 909 1993 non
938 1939 1137 1994 nobilis
1167 1939 1307 1993 diva:
1337 1938 1646 1993 Catherime
1683 1955 1932 2010 corpore,

352 2035 408 2084 et
441 2029 674 2083 aliorum
701 2037 1016 2084 sanctorum
1052 2029 1270 2086 duobus
1323 2030 1706 2086 cacuminibus
1741 2030 1935 2087 divisis

351 2125 591 2193 assurgit
625 2123 800 2202 solido
825 2138 982 2187 saxo,
1006 2131 1060 2178 et
1087 2125 1366 2179 variorum
1389 2126 1635 2178 colorum
1666 2125 1932 2195 granulis,

351 2230 475 2288 quae
517 2216 763 2271 diversas
804 2215 1008 2286 ﬁguras
1041 2214 1283 2270 eﬂieiunt
1329 2214 1612 2280 distincto,
1665 2218 1935 2271 excelsior

352 2323 481 2378 pars
523 2322 724 2362 nomen
781 2307 954 2376 Sinai,
990 2307 1305 2378 depressior
1355 2306 1536 2363 lloreb
1567 2316 1820 2378 occupat.
1872 2305 1933 2362 ln

352 2398 535 2454 Horeb
566 2399 739 2471 Moysi
779 2400 864 2454 lex
895 2400 1043 2467 data,
1080 2400 1136 2454 in
1167 2414 1280 2470 quo
1317 2407 1372 2455 et
1403 2401 1584 2456 adhuc
1613 2401 1667 2454 in
1696 2415 1934 2456 marmo-

351 2503 446 2544 reo
477 2489 653 2557 lapide
703 2487 904 2560 Moysis
945 2488 1146 2559 elligies
1193 2490 1530 2558 conspicitur
1555 2491 1622 2542 ad
1666 2493 1929 2545 amussim

349 2578 640 2649 impressa.
680 2580 732 2633 ln
768 2579 898 2633 Sina
929 2595 1129 2649 corpus
1171 2589 1376 2635 sanctae
1408 2580 1719 2636 Catherinae
1742 2581 1810 2635 ab
1834 2597 1932 2636 an-

347 2672 485 2742 gelis
513 2671 858 2740 deportatum
887 2679 991 2736 est,
1024 2672 1166 2741 quod
1199 2687 1494 2743 progressu
1525 2673 1784 2741 temporis
1812 2687 1931 2726 mo-

345 2763 510 2818 nachi
538 2762 740 2817 montis
771 2763 971 2816 accolas
999 2763 1055 2816 in
1084 2765 1248 2816 imam
1280 2773 1489 2831 partem
1516 2763 1716 2817 montis
1750 2761 1930 2818 Horeb

346 2855 707 2926 deportarunt
758 2865 817 2910 ut
845 2863 1023 2910 tutum
1081 2856 1151 2909 ab
1191 2855 1446 2910 hostibus
1492 2863 1924 2910 conservarent:

343 2949 522 3003 multa
550 2957 678 3005 sunt
715 2949 770 3002 in
803 2949 906 3003 hoc
952 2942 1521 3004 monte'admirabilia
1562 2947 1655 3001 illa
1685 2949 1925 3018 quidem,

345 3041 694 3111 maximaque
732 3056 838 3094 non
881 3041 1103 3112 indigna
1147 3039 1643 3095 animadversione.
1687 3039 1812 3095 Haec
1851 3041 1928 3096 le-

343 3142 466 3188 ctor
506 3135 604 3187 tibi
659 3134 1004 3188 communico
1065 3140 1193 3203 typo
1237 3134 1462 3198 montis.
1512 3147 1674 3202 quem
1731 3134 1860 3186 om“
1894 3147 1924 3185 ³
1952 3171 1994 3227 C
2028 3120 2195 3227 dif”

341 3227 632 3280 monachis
670 3225 796 3280 inde
832 3225 1062 3280 Romam
1095 3223 1438 3278 venientibus
1466 3226 1673 3293 accepi,
1705 3231 1760 3278 et
1788 3224 1923 3277 alio-

341 3333 466 3372 rum
508 3316 844 3379 testimonio,
891 3317 984 3385 qui
1024 3317 1143 3371 loca
1174 3317 1264 3368 illa
1307 3316 1630 3380 inviserunt,
1680 3319 1923 3388 apprime

343 3407 489 3470 fido;
539 3409 656 3461 loca
695 3407 1151 3477 quemadmodum
1198 3408 1283 3462 bis
1324 3409 1660 3478 temporibus
1708 3425 1921 3463 nuncu-

340 3508 543 3567 pantur
577 3496 631 3550 in
670 3498 818 3552 calce
850 3496 1098 3567 eXpnsui.

415 3585 580 3648 lbid.,
614 3585 709 3640 lin.
745 3586 834 3641 57.
882 3587 1026 3653 Hap’
1053 3577 1102 3650 ᾧ
1139 3583 1657 3656 τὰς’νομοθεσίας.
1684 3585 1918 3643 Crassus

339 3693 500 3733 error
554 3678 846 3732 Alexandri
901 3677 1283 3748 Polyhistoris,
1333 3679 1426 3746 qui
1477 3679 1572 3741 ait,
1617 3681 1760 3749 apud
1813 3679 1919 3734 lle-

339 3768 520 3824 braeos
558 3769 841 3823 mulierem
880 3767 1170 3837 quamdam
1216 3766 1381 3838 μωσὼ
1419 3766 1610 3831 fuisse,
1645 3784 1766 3837 quae
1798 3785 1915 3824 eam

340 3860 514 3928 legem
556 3857 796 3927 scripsit,
834 3871 941 3926 qua
989 3853 1164 3910 Judaei
1215 3864 1465 3920 utuntur,
1505 3856 1610 3911 hoc
1661 3853 1745 3912 est
1806 3857 1958 3932 Mo-_

339 3951 543 4005 saicam
571 3949 737 4018 legem
768 3945 1082 4001 Judaeorum
1122 3960 1233 3999 non
1263 3960 1294 3998 a
1315 3944 1519 4015 Moyse,
1543 3960 1701 4013 quem
1736 3946 1916 4000 nullus

337 4041 422 4095 sel
454 4040 522 4095 de
552 4039 708 4109 plebe
745 4039 1024 4100 minimus,
1077 4038 1168 4108 qui
1205 4036 1424 4107 quidem
1463 4035 1679 4091 Judaeos
1710 4047 1914 4101 nosset,

337 4134 596 4203 ignorare
627 4133 822 4201 potuit,
856 4133 952 4188 sed
983 4133 1052 4188 ab
1093 4131 1197 4185 hac
1231 4130 1462 4184 muliere
1490 4129 1690 4184 dictam
1722 4129 1912 4185 fuisse.

405 4223 570 4290 lbid.,
609 4225 706 4281 lin.
747 4225 840 4282 40.
887 4225 1190 4294 Ζητητέον
1226 4223 1295 4277 δὲ
1330 4225 1384 4277 οἱ
1411 4222 1464 4278 ἐ.
1495 4220 1659 4276 Plura
1709 4222 1777 4277 de
1813 4223 1915 4278 bac

333 4317 734 4380 controversia,
783 4325 838 4373 et
892 4334 1158 4372 annorum
1215 4316 1608 4387 supputatione
1655 4315 1915 4370 eruditis-

331 4411 472 4466 sime
523 4410 714 4464 scribit
759 4409 1015 4464 Pererius
1056 4411 1111 4463 in
1148 4427 1265 4480 cap.
1326 4426 1396 4465 xv
1460 4407 1640 4462 Cenes.
1695 4407 1748 4461 in
1807 4423 1912 4478 qua

2039 1941 2180 1996 villa:
2218 1942 2433 1997 sortita.

2107 2031 2271 2097 lbid.,
2302 2034 2400 2088 lin.
2438 2035 2523 2089 14.
2569 2033 2680 2088 Καὶ
2707 2033 2876 2088 πᾶσα
2918 2032 2999 2099 τῷ
3047 2034 3262 2102 Κυρίῳ.
3319 2031 3617 2104 Iosephus.

2035 2125 2214 2196 Antiq.
2253 2126 2348 2180 lib.
2377 2142 2432 2190 ν,
2468 2141 2589 2196 cap.
2623 2128 2648 2180 1
2685 2127 2984 2197 ι”Απειρον
3010 2126 3067 2178 δέ
3107 2143 3160 2179 τι
3191 2126 3393 2197 πλῆθος
3428 2129 3490 2180 ἐκ
3519 2127 3620 2194 τῆς

2033 2213 2286 2278 ἁλώσεως
2312 2214 2722 2288 συναθροίζεται
2761 2215 3001 2288 ἀργύρου
3044 2234 3103 2270 τε
3135 2217 3230 2270 καὶ
3262 2216 3485 2288 χρυσοῦ,
3524 2218 3620 2270 καὶ

2033 2305 2257 2375 προσέτι
2290 2306 2512 2374 χαλκοῦ,
2560 2306 2786 2378 μηδενὸς
2820 2307 3165 2378 παραϐάντος
3202 2307 3271 2362 τὰ
3319 2308 3619 2379 δεδογμένα

2035 2394 2157 2466 μηδ’
2216 2396 2296 2458 εἰς
2339 2396 2470 2450 ἰδίαν
2517 2397 2782 2466 ὠφέλειαν
2823 2399 2961 2453 αὐτὰ
3008 2399 3474 2470 διαπερσαμένων.
3508 2401 3618 2453 Καὶ

2030 2486 2206 2540 ταῦτα
2242 2488 2338 2556 μὲν
2373 2487 2581 2559 Ἰησοῦς
2612 2493 2725 2553 τοῖς
2759 2490 2992 2563 ἱερεῦσιν
3038 2493 3117 2553 είς
3152 2493 3280 2554 τοὺς
3306 2489 3615 2562 θησαυροὺς

2031 2578 2366 2648 παραδίδωσι
2396 2580 2748 2634 καταθέσθαι.

2098 2667 2261 2734 lbid.,
2298 2671 2395 2724 lin.
2431 2671 2516 2725 15.
2557 2672 2676 2740 Τὴν
2703 2674 2883 2726 πόλιν
2915 2675 3078 2727 (Mat.
3117 2672 3258 2730 Fuse
3287 2673 3399 2728 haec
3431 2673 3614 2727 omnia

2028 2761 2380 2830 prosequitur
2405 2759 2700 2832 Joseplms,
2728 2765 2927 2832 Antiq.,
2962 2764 3081 2817 loco
3114 2765 3168 2817 d.

2098 2849 2260 2915 lbid.,
2282 2849 2486 2906 lin.21.
2511 2855 2574 2905 Ol
2603 2852 2670 2905 δὲ
2703 2851 3303 2909 Γαϐαωνῖται.Εοὰρω
3333 2854 3495 2909 habet
3515 2853 3610 2908 Jo-

2031 2942 2260 3010 sepbus,
2291 2943 2462 2998 latius
2495 2950 2674 2998 tamen
2707 2960 2768 2998 ea
2798 2953 3007 2999 narrat.

2097 3031 2258 3100 lbid.,
2288 3034 2384 3090 lin.
2410 3035 2500 3091 40.
2522 3037 2847 3106 Ὀργισθεὶς
2873 3036 2961 3092 δέ.
2989 3035 3189 3091 Eadem
3202 3035 3472 3109 Iosephus
3491 3038 3612 3093 loco

2095 3211 2260 3279 Ibid.,
2280 3215 2380 3269 lin.
2402 3215 2491 3271 52.
2521 3216 2733 3271 Ἵναδὲ
2749 3217 2976 3272 τέλεον.
3001 3217 3303 3288 Iosephus:
3325 3219 3493 3272 Ἔνθα
3518 3222 3610 3272 καὶ

2021 3303 2122 3374 τὴν
2153 3305 2246 3358 τοῦ
2281 3307 2415 3360 Θεοῦ
2435 3309 2757 3379 συνεργείαν
2787 3309 3008 3380 ἔμαθεν,
3032 3311 3402 3381 ὲπιμήναντος
3431 3311 3604 3364 αὑτοῦ

2024 3396 2270 3468 βρονταῖς
2298 3415 2354 3451 τε
2385 3400 2479 3452 καὶ
2506 3400 2790 3469 κεραυνῶν
2823 3403 3036 3470 ἀφέσει,
3063 3403 3154 3454 καὶ
3177 3403 3419 3473 χαλάζης
3441 3421 3609 3455 καται

2023 3489 2161 3560 φορᾷ
2184 3488 2424 3559 μείζονος
2447 3491 2548 3560 τῆς
2576 3491 2987 3562 συνήθους.Ἔτι
3011 3509 3075 3560 γε
3104 3494 3208 3564 μὴν
3240 3495 3333 3546 καὶ
3353 3496 3450 3565 τὴν
3473 3497 3607 3565 ἡμέ-

2023 3597 2120 3650 ραν
2146 3579 2443 3651 αὐξηθῆναι
2473 3581 2654 3647 πλέον,
2677 3583 2824 3636 ὠσὰν
2861 3581 2933 3655 μὴ
2956 3584 3332 3639 καταλαϐοῦσα
3359 3586 3455 3654 νὺξ
3486 3588 3605 3639 ἐπι-

2021 3674 2167 3742 σχεῖν
2199 3671 2296 3742 τὴν
2325 3673 2434 3726 τῶν
2460 3673 2725 3746 Ἑϐραίων
2757 3676 3067 3748 προθυμίαν
3093 3679 3405 3734 συνέπεσεν.
3443 3679 3603 3731 Ὥστε

2019 3765 2113 3816 καὶ
2145 3763 2408 3835 λαμϐάνει
2453 3766 2553 3819 οῦκ
2585 3765 2841 3836 βασιλέας
2885 3768 3090 3838 Ἰησοῦς
3121 3768 3179 3822 ἓν
3225 3787 3330 3822 τινι
3362 3787 3600 3841 κρυπτο-

2021 3854 2213 3924 μένους
2245 3855 2496 3926 σπηλαίῳ
2521 3855 2663 3910 κατὰ
2691 3857 2965 3928 Μακχιδὰ,
2990 3858 3084 3912 καὶ
3121 3857 3337 3924 κολάζει
3374 3859 3600 3924 πάντας.

2020 3946 2141 3998 Ὅτι
2182 3947 2239 3999 δὲ
2268 3946 2329 3998 τὸ
2362 3948 2534 4018 μῆκος
2572 3947 2672 4016 τῆς
2713 3948 2928 4018 ἡμέρας
2968 3948 3209 4002 ἐπέδωκε
3241 3950 3360 4002 τότε
3387 3951 3482 4002 καὶ.
3507 3952 3601 4002 τοῦ

2019 4038 2286 4109 συνήθους
2327 4039 2621 4092 ἐπλεόνασε
2655 4038 2907 4109 δηλοῦται
2948 4039 3036 4093 διὰ
3083 4039 3192 4094 τῶν
3229 4040 3600 4113 ἀνακειμένων

2017 4129 2074 4183 ὲν
2093 4128 2172 4198 τῷ
2201 4129 2331 4200 ἱερῷ
2369 4130 2734 4200 γραμμάτων.

2087 4221 2246 4286 lbid.,
2304 4222 2397 4275 lin.
2428 4222 2515 4276 54.
2553 4221 2794 4288 Στήσας
2833 4221 2939 4275 τὸν
2971 4222 3167 4290 ἣλιον.
3199 4221 3441 4279 Joannes
3483 4223 3595 4279 Ke-

2015 4313 2199 4383 plerus
2233 4314 2287 4367 in
2323 4312 2728 4367 introductione
2756 4313 2824 4367 ad
2859 4328 3015 4368 suam
3055 4314 3451 4369 Astronomiam
3496 4333 3592 4370 no-

2014 4422 2151 4469 vam,
2176 4413 2233 4458 ut
2272 4407 2527 4474 probaret
2569 4411 2772 4459 terram
2802 4406 3028 4470 moveri,
3050 4407 3218 4461 solem
3240 4415 3407 4471 stare,
3440 4407 3592 4471 dicit,

333 4503 576 4570 reliquas
621 4501 853 4554 aliorum
897 4502 1195 4554 sententias
1234 4498 1600 4554 examinando
1631 4499 1709 4551 uti
1746 4499 1911 4554 falsas
1946 4512 1988 4566 D
2015 4498 2258 4567 quotidie
2290 4513 2389 4552 nos
2417 4497 2587 4551 multa
2623 4497 2770 4566 loqui
2801 4512 2923 4551 cum
2953 4499 3234 4552 oculorum
3262 4513 3449 4563 sensu,
3474 4516 3595 4569 quie

328 4603 384 4648 et
434 4593 505 4648 ad
552 4590 922 4645 dilﬁcultatem
963 4592 1069 4646 loci
1113 4591 1260 4646 illius
1310 4590 1688 4661 explicandam
1723 4605 1914 4662 parum

329 4689 559 4744 idoneas
599 4687 816 4752 refellit,
861 4697 916 4742 et
963 4689 1106 4743 hanc
1135 4688 1312 4744 nostri
1345 4689 1590 4744 auctoris
1620 4688 1698 4743 uti
1741 4689 1915 4759 legiti-

329 4783 546 4844 timam,
594 4795 889 4849 veramque
933 4778 1198 4842 defendit,
1245 4780 1440 4835 solidis
1492 4780 1818 4840 rationibus,
1861 4788 1914 4834 et

329 4881 650 4927 sanctorum
704 4869 924 4924 Patrum
976 4871 1400 4925 auctoritatibus
1456 4870 1726 4926 adductis.
1776 4867 1912 4923 Vide

328 4964 492 5017 etiam
525 4961 957 5031 Genebrardum,
988 4969 1042 5017 et
1078 4961 1316 5016 Delrium
1359 4963 1416 5015 in
1444 4979 1560 5032 cap.
1595 4977 1668 5014 xv
1722 4959 1903 5014 Genes.

395 5054 514 5108 Col.
548 5054 669 5118 792,
713 5055 812 5108 lin.
861 5053 914 5108 5.
963 5053 1066 5106 Διὰ
1093 5053 1199 5106 τοῦ
1221 5051 1546 5121 Ἰορδάνου.
1577 5051 1904 5106 Divisionem

332 5149 501 5199 maris
531 5145 704 5200 Rubri
743 5154 979 5216 quatuor
1015 5145 1324 5199 rationibus
1347 5142 1666 5199 dissimilem
1704 5157 1734 5196 a
1763 5142 1906 5196 divi-

334 5231 490 5286 sione
537 5234 638 5289 hac
677 5249 945 5305 aquarum
1000 5231 1256 5288 Jordanis
1307 5232 1478 5286 tradit
1535 5229 1824 5285 Cornelius
1874 5245 1904 5283 a

333 5320 535 5392 I.apide
564 5325 618 5379 in
645 5340 738 5380 xw
767 5342 884 5396 cap.
913 5323 1086 5381 Exod.
1109 5323 1331 5377 :Primo
1362 5323 1416 5376 in
1436 5337 1501 5376 eo
1523 5320 1668 5392 quod
1705 5320 1904 5376 divisio

331 5414 501 5469 maris
546 5415 689 5470 facta
731 5427 815 5472 est
848 5433 945 5488 per
980 5416 1217 5488 Moysem
1263 5413 1646 5468 extendentem
1682 5413 1736 5465 in
1770 5412 1902 5465 illud

330 5521 486 5562 suam
541 5509 783 5577 virgam;
817 5509 1014 5563 divisio
1059 5522 1188 5562 vero
1215 5505 1475 5562 Jordanis
1519 5504 1659 5558 facta
1693 5513 1776 5559 est
1807 5520 1902 5574 per

273 5575 290 5594 ⁸
329 5601 674 5668 praesentiam
721 5614 861 5655 arcae
900 5599 1151 5666 Domini;
1186 5597 1452 5660 secundo,
1484 5597 1540 5650 in
1591 5595 1728 5649 mari
1761 5595 1900 5649 divi-

329 5706 402 5746 εει»
435 5707 587 5762 aquae
611 5691 868 5762 utrinque
892 5692 1049 5762 quasi
1078 5689 1219 5746 muri
1261 5689 1658 5754 constiterunt;
1704 5687 1758 5740 in
1783 5685 1900 5741 Jor-

326 5783 465 5840 dane
506 5801 635 5842 vero
673 5783 899 5840 inferior
923 5799 1051 5855 pars
1091 5782 1314 5839 deﬂuxit
1338 5783 1391 5836 in
1419 5796 1570 5837 mare
1600 5779 1895 5847 Mortuum,

2017 4598 2168 4643 certo
2196 4589 2402 4645 scimus
2432 4589 2592 4644 aliter
2625 4603 2684 4644 se
2714 4588 2914 4644 habere
2944 4607 2959 4654 ;
2991 4597 3044 4645 et
3074 4590 3218 4645 hunc
3263 4590 3484 4644 modum
3513 4591 3592 4643 ln-

2016 4681 2217 4750 quendi
2254 4681 2419 4736 etiam
2451 4695 2572 4735 esse
2598 4679 2838 4744 Christo,
2866 4686 2920 4734 et
2945 4679 3143 4735 divinae
3171 4681 3469 4750 Scriptura:
3510 4682 3594 4735 fa-

2013 4773 2312 4839 miliarem;
2345 4772 2646 4841 loquuntur
2678 4773 2822 4826 enim
2848 4786 2972 4826 cum
3000 4771 3316 4827 hominibus
3351 4772 3592 4826 humano

2013 4863 2198 4931 modo,
2228 4873 2287 4919 ut
2313 4865 2381 4918 ab
2406 4863 2723 4917 hominibus
2751 4862 3147 4932 percipiantur,
3183 4871 3238 4919 et
3262 4871 3488 4918 utuntur
3523 4865 3591 4917 iis

2014 4971 2135 5026 qua:
2163 4964 2290 5011 sunt
2321 4954 2463 5025 apud
2491 4955 2738 5009 homines
2767 4954 2824 5008 in
2852 4953 3128 5019 confesso,
3159 4954 3225 5009 ad
3259 4954 3587 5010 insinuanda

2013 5048 2118 5101 alia
2175 5046 2494 5102 sublimiora
2536 5055 2590 5101 et
2621 5046 2827 5110 divina,
2859 5053 2914 5099 et
2946 5046 3212 5116 exemplis
3233 5061 3400 5102 sacra:
3440 5045 3592 5101 Scri-

2010 5143 2184 5205 plura:
2217 5137 2596 5191 demonstrare
2643 5144 2911 5202 conatur;
2940 5137 3082 5193 inter
3131 5152 3195 5192 ea
3251 5137 3326 5191 ita
3356 5139 3589 5208 explicat

2008 5229 2157 5282 hunc
2201 5228 2404 5291 locum,
2432 5237 2492 5281 ut
2515 5227 2698 5297 potius
2729 5228 3067 5283 contrarium
3091 5243 3214 5284 esse
3239 5229 3475 5298 quisque
3499 5228 3585 5283 in-
3605 5235 3622 5256 ’

2007 5321 2247 5390 telligat;
2288 5320 2565 5375 concludit
2601 5320 2749 5375 enim
2783 5329 2915 5374 tunc
2947 5328 3150 5374 terram
3188 5322 3428 5384 stetisse,
3464 5337 3584 5394 qua.

2005 5412 2229 5481 perenni
2259 5421 2409 5466 motu
2451 5412 2790 5476 movebatur,
2824 5428 2933 5466 non
2976 5413 3104 5466 item
3163 5413 3356 5467 solem.
3405 5411 3582 5469 Verba

2003 5504 2122 5572 ejus
2155 5512 2280 5559 sunt
2307 5523 2320 5557 :
2358 5501 2540 5557 Facile
2574 5513 2746 5557 autem
2773 5503 2910 5558 Deus
2950 5520 3014 5558 ea:
3043 5503 3208 5558 Iosue
3255 5504 3583 5574 verbis,qui:£

2004 5597 2048 5650 is
2085 5597 2254 5656 vellet,
2294 5596 2556 5648 intellexit
2591 5611 2609 5648 :
2635 5597 2982 5665 praestititque
3023 5597 3238 5650 inhibito
3284 5605 3427 5650 motu
3473 5606 3581 5650 ter-

2002 5705 2098 5751 ras,
2133 5699 2187 5741 ut
2226 5689 2308 5742 illi
2334 5698 2478 5744 stare
2503 5688 2764 5762 videretur
2787 5690 2888 5743 sol.
2923 5688 3204 5743 Petilianis
3231 5689 3363 5742 enim
3399 5686 3583 5741 Josuaz

2003 5795 2212 5834 summa
2264 5779 2362 5835 huc
2391 5779 2615 5847 redibat,
2647 5790 2704 5833 ut
2758 5765 2879 5836 hoc.
2909 5783 2983 5836 sic
3036 5781 3140 5836 sibi
3183 5779 3347 5835 videri
3381 5790 3580 5849 posset,
