4100 6436
538 370 676 425 1063

1859 358 2106 414 LEONIS
2146 356 2425 413 ALLATll

3653 343 3787 401 «Ιοω

531 484 788 557 guidquid
816 483 1028 536 interim
1060 493 1232 548 esset;
1260 483 1449 552 quippe
1480 480 1575 533 hoc
1615 477 1779 532 videri
1804 490 2018 539 vanum,
2060 482 2111 529 et
2139 489 2188 542 Α
2214 472 2303 526 ubi
2372 468 2678 557 prodigiosa
2738 464 3054 557 Adargartis
3116 459 3394 557 [emendat
3448 455 3789 557 Ra-mires‘ius

534 579 743 631 irritum
768 591 869 628 non
897 574 1022 644 fuit,
1063 573 1153 629 sed
1184 574 1525 644 conjunctum
1558 586 1675 625 cum
1697 567 1881 637 effectu
1907 576 2105 636 aptata.

536 668 679 721 Dura
712 682 844 722 sane
893 666 1205 720 divinarum
1232 666 1539 719 litterarum
1589 661 1879 731 expositio,
1915 666 1969 712 et
1996 657 2110 711 dis-

534 767 708 826 torta;
761 759 1015 829 quamvis
1071 760 1219 813 enim
1285 758 1570 819 sciamus,
1630 753 1931 823 saepissime
1994 764 2109 812 eas,
2163 787 2165 790 ‹

536 865 689 905 more
718 851 998 904 hominum
1030 851 1200 903 multa
1233 848 1502 919 proferre.
1530 860 1653 917 qua:
1698 842 1855 897 aliter
1885 855 2009 895 esse
2054 853 2113 893 re

539 950 687 998 certa
737 942 1125 1011 comperimus,
1179 950 1359 994 tamen
1394 936 1665 993 sententia
1706 947 1921 1003 semper
1958 932 2112 985 firma

539 1038 835 1109 figurarum
877 1053 941 1090 ac
973 1036 1311 1090 schematum
1338 1022 1526 1086 modos
1551 1029 1900 1100 exponimus,
1925 1026 2113 1093 sicque

539 1130 705 1185 rebus
731 1144 854 1184 esse
886 1125 1280 1183 conformatam
1302 1119 1785 1193 deprehendimus,
1814 1127 1869 1170 at
1892 1117 1947 1169 in
1979 1130 2114 1168 con-

539 1223 768 1277 trarium
797 1234 1017 1276 sensum
1050 1219 1373 1286 detorquere
1395 1214 1517 1285 quis
1545 1227 1691 1266 same
1715 1209 1915 1265 mentis
1940 1202 2111 1261 ande-

536 1313 653 1369 bit?
686 1312 775 1367 Sol
807 1320 935 1375 stat,
973 1310 1024 1364 id
1052 1314 1156 1370 est,
1181 1316 1327 1361 terra
1356 1311 1484 1370 stat,
1519 1304 1643 1374 quis
1686 1301 1741 1356 id
1763 1299 1982 1355 credet?
2012 1297 2113 1352 Sa-

534 1406 765 1463 nissima
790 1418 1005 1472 semper
1034 1408 1348 1456 sanctorum
1386 1395 1610 1450 Patrum
1642 1393 1930 1463 expositio,
1948 1404 2111 1460 quam

537 1499 682 1554 sicut
724 1502 778 1548 et
829 1494 885 1546 in
935 1494 1061 1559 hoc,
1088 1490 1161 1545 ita
1183 1495 1237 1544 et
1273 1488 1329 1540 in
1360 1486 1484 1540 aliis
1517 1498 1732 1541 summa
1762 1480 2113 1537 veneratione

537 1585 939 1655 amplectimur.

605 1677 723 1733 Col.
750 1677 874 1738 794,
912 1676 1008 1729 lin.
1040 1674 1091 1729 7.
1132 1671 1323 1740 Ἀσὼρ
1353 1668 1420 1725 δὲ
1454 1672 1488 1724 ὁ
1510 1669 1616 1734 βα.
1637 1665 1713 1721 De
1739 1665 1825 1721 his
1854 1664 2112 1719 omnibus

533 1766 657 1821 vide
680 1765 976 1834 Josephum
1021 1764 1168 1817 dicto
1201 1762 1322 1817 loco
1349 1776 1363 1827 ;
1394 1759 1461 1813 de
1491 1757 1762 1813 divisione
1787 1763 1945 1810 terrae
1970 1753 2113 1807 Cha-

2214 553 2526 629 Adargatis]
2561 554 2762 608 (ἐπιθείς
2801 564 2977 606 autem
3009 550 3233 605 Derceta
3262 548 3408 601 dicta
3435 547 3647 600 ralitur.
3687 543 3790 600 Sa-

2213 656 2438 716 natque,
2465 651 2526 697 ut
2583 644 2701 712 ipse
2756 640 3055 702 existimat,
3085 639 3266 691 locum
3294 634 3441 690 Petri
3472 632 3662 687 Criniti
3695 631 3788 685 lib.

2213 751 2305 790 xrv
2368 732 2445 787 De
2516 730 2738 784 honesta
2783 729 2995 796 discip.,
3046 740 3165 795 cap.
3210 724 3280 787 8,
3358 720 3637 792 Syriarum
3692 718 3794 772 dea

2212 825 2523 898 Adagartis,
2572 819 2835 876 mutando
2879 820 2936 873 in
2985 815 3293 886 Adargatis.
3341 813 3475 879 Quae
3521 808 3794 865 correctio

2213 918 2464 991 quamvis
2519 922 2700 979 acuta,
2746 912 2911 967 nimis
2956 927 3089 967 sane
3134 908 3521 980 superstitiosa
3549 903 3789 959 videtur.

2216 1009 2307 1065 Sic
2353 1010 2498 1064 enim
2527 1015 2708 1063 textus
2742 1019 2933 1061 omnes
2977 1003 3327 1074 antiquorum
3378 1006 3566 1053 essent
3609 997 3789 1051 inver-

2213 1103 2385 1168 tendi,
2426 1108 2487 1157 ut
2542 1115 2712 1155 unum
2766 1098 2854 1153 vel
2893 1097 3126 1151 alterum
3174 1093 3616 1156 emendaremus,
3665 1102 3794 1142 cum

2213 1199 2398 1246 tamen
2430 1190 2581 1244 nulla
2608 1187 2916 1244 necessitas
2970 1194 3184 1255 urgeat.
3236 1182 3437 1237 Demus
3468 1180 3613 1236 enim
3651 1176 3794 1247 apud

2215 1282 2403 1355 Syrios
2432 1281 2721 1350 Adardaga
2751 1278 2860 1333 dici
2885 1278 3110 1347 piscem,
3144 1275 3339 1329 ideone
3362 1280 3418 1327 et
3456 1273 3596 1326 hanc
3633 1271 3794 1326 (leam

2211 1375 2288 1429 ita
2333 1379 2704 1443 nuncupatam
2754 1368 3174 1431 afﬁrmabimus,
3209 1364 3359 1419 nulla
3400 1363 3600 1425 littera,
3642 1359 3792 1414 nulla

2213 1466 2420 1538 syllaba
2474 1462 2801 1532 immutata?
2852 1459 2958 1515 Sed
3002 1465 3122 1514 esto
3163 1457 3272 1523 ita;
3314 1454 3506 1511 ideune
3551 1461 3606 1508 et
3648 1450 3793 1523 apud

2212 1552 2450 1620 Graecos,
2488 1553 2604 1608 sive
2633 1553 2799 1607 etiam
2830 1548 3109 1604 Romanos
3139 1550 3291 1618 ipsos
3319 1547 3395 1599 ita
3428 1544 3629 1600 debere
3665 1558 3793 1614 pra-

2213 1647 2458 1702 nuntiari
2499 1643 2847 1701 evincemur?
2894 1641 3071 1697 Verba
3114 1640 3253 1695 dura
3288 1654 3353 1693 ac
3392 1653 3587 1709 aspera
3620 1636 3795 1692 emol-

2212 1738 2354 1792 liunt
2388 1734 2583 1801 Graeci,
2618 1728 2983 1804 Romanique,
3015 1738 3071 1786 et
3120 1730 3406 1785 barbarica
3453 1728 3546 1783 illa
3589 1728 3645 1782 in
3673 1741 3792 1781 me-

534 1872 677 1911 naan
702 1818 960 1910 distincte
991 1854 1174 1908 omnia
1221 1818 1475 1921 leguntur
1508 1850 1563 1902 in
1594 1847 1769 1903 sacris
1812 1845 2051 1900 Litteris.
2130 1853 2173 1907 Β
2198 1832 2391 1887 “orem
2432 1829 2641 1899 ΐτιιεεηι
2698 1828 2989 1921 τθάυοιιξξεν
3048 1822 3633 1921 ροιίιίοῆίὺιιείιυθνιιιξ
3682 1818 3791 1890 il)Si

606 1946 877 2009 lbid.,llin.
897 1944 984 1999 45.
1017 1942 1096 2011 Τῇ
1112 1940 1420 2010 Ἀστάρτῃ.
1441 1936 2111 2002 Astarte,vetustisstmum

536 2037 708 2109 Syria:
762 2050 968 2090 numen
1022 2033 1194 2088 fuisse
1234 2028 1803 2092 notatTertullianus,
1837 2026 2110 2097 Apalaget.

533 2147 656 2203 cap.
680 2129 771 2195 24,
811 2126 1098 2198 Unicuique
1145 2126 1307 2180 etiam
1359 2122 1643 2193 provinciae
1672 2132 1720 2175 et
1754 2120 1956 2174 civitati
1984 2135 2112 2173 suus

534 2228 663 2279 deus
709 2232 812 2287 est,
860 2230 918 2274 ut
965 2218 1139 2290 Syria:
1183 2220 1446 2272 Astartes.
1474 2213 1857 2270 Artemidorus
1891 2211 2115 2269 Oueiro-

535 2319 659 2373 erit.
711 2316 810 2370 lib.
853 2330 891 2380 ι,
925 2328 1025 2383 cap
1088 2312 1145 2376 9,
1189 2309 1402 2381 ’ἰχθύας
1452 2308 1651 2371 πάντες
1698 2305 1934 2360 ἐσθίουσι
1975 2304 2112 2377 πλὴν

533 2408 605 2464 Σύ
616 2426 722 2482 ρων
753 2407 916 2460 τινῶν
938 2405 1047 2459 τῶν
1091 2403 1187 2475 τὴν
1218 2403 1520 2473 Ἀστάρτην
1541 2399 1869 2470 σεϐομένων.
1888 2398 2115 2454 Constat

538 2512 603 2553 ex
629 2498 943 2564 Plutarcho_
975 2493 1143 2566 Syros
1187 2492 1398 2565 Syriam
1431 2491 1588 2546 deam
1638 2489 1899 2553 coluisse,
1954 2489 2114 2557 cujus

537 2589 645 2645 filia
700 2605 824 2644 cum
871 2589 985 2643 haec
1028 2587 1359 2649 crederetur,
1393 2585 1530 2640 nihil
1564 2584 1762 2638 mirum
1798 2583 1967 2654 Syros
1995 2597 2114 2637 eam

537 2681 792 2736 coluisse.
863 2678 1213 2734 thnicibus
1266 2685 1322 2733 et
1370 2677 1611 2732 Sidoniis
1675 2676 1767 2731 alii
1845 2675 2114 2729 tribuunt.

536 2774 772 2828 Achilles
806 2771 997 2826 Tatius
1025 2771 1181 2824 initio
1206 2769 1302 2824 lib.
1333 2786 1347 2823 l
1390 2787 1404 2823 :
1438 2768 1701 2822 Ἐνταῦθα
1728 2784 1878 2838 ηκων
1900 2767 1964 2819 ὲκ
1992 2766 2119 2819 πολ-

535 2865 623 2920 λοῦ
662 2862 949 2936 χειμῶνος,
983 2861 1291 2933 Σώστρατε,
1330 2859 1483 2912 ἔθυον
1510 2859 1729 2931 ἐμαυτῷ
1762 2862 1826 2930 τῇ
1853 2859 1963 2913 τῶν
1993 2861 2117 2912 Φοι-

536 2956 717 3011 νίκων·
760 2953 1014 3008 καλοῦσιν
1060 2952 1230 3024 αὐτὴν
1270 2952 1569 3023 Ἀστάρτην
1601 2953 1650 3005 οἱ
1685 2949 1944 3007 Σιδώνιοι.
1993 2949 2118 3004 Sui--

535 3046 634 3101 das
668 3065 681 3100 :
716 3044 984 3115 Ἀστάρτη
1022 3045 1055 3112 ἡ
1083 3042 1215 3114 παρ’
1237 3041 1490 3111 Ἕλλησιν
1523 3040 1810 3113 Ἀφροδίτη
1827 3040 2114 3111 λεγομένη,

535 3134 658 3199 θεὸς
692 3134 979 3187 Σιδωνίων.
1005 3131 1243 3187 Joannes
1271 3131 1583 3201 Xiphilinus
1614 3132 1862 3186 oratione
1893 3130 1967 3184 De
1989 3131 2117 3184 ada-

2214 1921 2558 1993 palitissimis
2606 1926 2736 1975 sunt
2787 1918 3072 1981 moribus,
3134 1914 3477 1971 vestimentis
3533 1912 3795 1975 induunt,

2214 2023 2440 2069 accentu
2492 2012 2724 2075 scilicet,
2784 2023 2944 2074 sono,
2994 2008 3461 2079 pronuntiatione,
3518 2002 3793 2058 numeris.

2214 2104 2356 2172 Quid
2405 2105 2605 2159 mirum
2657 2103 2705 2158 si
2740 2100 3009 2173 Syrorum
3057 2098 3367 2168 Adardaga,
3401 2097 3455 2151 in
3489 2095 3795 2166 Atargatim

2215 2197 2433 2264 abierit,
2472 2195 2773 2267 praesertim
2830 2195 2905 2249 ita
2949 2192 3223 2248 scribente
3255 2189 3431 2245 Plinio
3462 2190 3580 2244 loco
3620 2189 3795 2255 dicto,

2215 2296 2270 2346 et
2300 2296 2428 2344 ante
2471 2304 2595 2343 eum
2628 2286 2900 2342 Strabone
2949 2285 3046 2340 lib.
3082 2300 3194 2347 ιιι,
3216 2299 3291 2339 ex
3332 2296 3442 2352 quo
3472 2296 3572 2337 sua
3607 2280 3801 2336 habuit

2214 2381 2424 2437 Plinius
2444 2401 2456 2435 :
2476 2380 2825 2452 Ὑπέρκειται
2857 2379 2914 2433 δὲ
2943 2378 3036 2432 τοῦ
3065 2375 3309 2448 ποταμοῦ
3346 2375 3588 2446 σχοίνους
3609 2374 3800 2427 τέττα-

2220 2492 2318 2547 ρας
2352 2473 2602 2545 διέχουσα
2624 2474 2656 2543 ἠ
2679 2470 2966 2542 Βαμϐύκη,
2989 2471 3055 2541 ἣν
3091 2470 3184 2523 καὶ
3209 2469 3492 2531 Ἔδεσσαν,
3524 2467 3618 2520 καὶ
3645 2466 3800 2536 ἱερὰν

2216 2564 2371 2617 πόλιν
2423 2561 2700 2625 καλοῦσιν,
2746 2563 2805 2615 ὲν
2926 2559 3127 2631 τιμῶσι
3167 2558 3258 2612 τὸν
3285 2559 3482 2630 Συρίαν
3534 2556 3653 2611 θεὸν
3696 2554 3800 2628 τὴν

2229 2654 2570 2726 Ἀταργάτιν,
2600 2669 2700 2707 nec
2724 2651 2982 2708 dissimili
3016 2654 3230 2707 ratione
3263 2666 3462 2705 nomen
3487 2651 3650 2704 etiam
3690 2648 3801 2719 ipsi

2216 2761 2285 2802 ex
2316 2746 2540 2818 Syriaco
2573 2744 2900 2812 deflectunt;
2936 2760 3003 2800 ex
3031 2743 3320 2814 Adardaga
3361 2757 3597 2812 namque
3631 2742 3800 2795 Atar-

2216 2839 2381 2909 gatim
2411 2837 2641 2901 faciunt,
2678 2837 2889 2892 meliori
2919 2852 3057 2893 sono
3095 2848 3258 2907 atque
3294 2835 3640 2890 formatione.
3683 2831 3804 2889 Nec

2218 2931 2325 2985 alia
2379 2931 2593 2985 ratione
2646 2930 2911 2995 voluisse,
2944 2931 3029 2985 vel
3061 2931 3305 3001 potuisse
3338 2929 3581 2983 scribere
3619 2926 3806 2982 Crini-

2218 3032 2358 3091 tum,
2406 3030 2461 3081 et
2518 3025 2678 3089 alios,
2712 3025 2805 3094 qni
2837 3026 2893 3079 in
2926 3024 3018 3079 illo
3050 3025 3231 3094 capite
3276 3023 3589 3087 laudantur,
3613 3023 3698 3076 vel
3731 3037 3807 3079 ex

2220 3132 2286 3172 eo
2334 3116 2457 3171 solo
2510 3116 2861 3172 manifestum
2916 3123 3021 3178 est,
3056 3115 3202 3185 quod
3255 3114 3546 3169 Strabonis
3591 3114 3802 3177 larum,

535 3228 740 3278 ratione
765 3224 977 3285 crucis,
1028 3220 1134 3276 Καὶ
1183 3221 1638 3292 προσκυνήσασαν
1680 3223 1746 3291 τῇ
1808 3220 2108 3294 Ἀστάρτῃ,

2217 3223 2377 3279 quem
2404 3222 2571 3278 supra
2601 3209 2947 3278 scripsimus,
2971 3208 3100 3262 dum
3130 3206 3220 3259 illa
3243 3206 3568 3270 scriberent,
3591 3203 3807 3260 habue-

533 3316 628 3370 καὶ
654 3315 732 3386 τῷ
756 3313 980 3384 Χαμὼς,
1013 3313 1041 3367 ὃ
1080 3313 1196 3366 ἐστι
1226 3311 1493 3365 Σιδωνίων
1526 3311 1819 3382 βδέλυγμα.
1847 3311 2110 3382 Augusti-

532 3424 638 3463 nus
692 3407 906 3467 asserit,
946 3405 1129 3475 lingua
1173 3402 1401 3466 Punica,
1431 3417 1550 3473 quae
1578 3418 1645 3457 ex
1686 3402 1911 3457 Hebraea
1960 3412 2109 3468 nata,

532 3498 797 3553 Junonetr.
841 3497 958 3552 sine
982 3496 1321 3551 dubitatione
1345 3496 1527 3549 vocari
1558 3495 1853 3559 Astartem,
1882 3495 1977 3550 lib.
2011 3509 2109 3558 vn,

531 3596 726 3661 qu.est.
756 3588 844 3642 16.
870 3587 1050 3641 Multae
1078 3584 1321 3642 Junones
1357 3586 1659 3653 veteribus,
1680 3585 1823 3640 sicut
1852 3595 1905 3641 et
1927 3583 2111 3649 Joves,

532 3688 588 3737 et
616 3679 872 3745 Veneres,
914 3680 1039 3733 inde
1072 3677 1297 3742 factum,
1335 3686 1397 3731 ut
1446 3685 1641 3747 quarta
1699 3676 1883 3732 Venus
1906 3693 1933 3731 a
1961 3676 2113 3748 Syris

533 3774 772 3838 Astarte,
801 3787 897 3826 seu
936 3771 1190 3824 Astareth
1218 3768 1388 3843 Syriae
1416 3781 1470 3825 et
1494 3768 1623 3841 Tyri
1660 3771 1767 3824 filia
1803 3779 2111 3833 vocaretur,

534 3875 674 3922 teste
702 3864 964 3918 Cicerone
997 3864 1091 3916 lib.
1115 3878 1173 3917 ιιι
1207 3862 1282 3916 De
1301 3875 1412 3916 nat.
1437 3863 1583 3917 deor.
1622 3862 1970 3928 Quibusdam
1997 3862 2113 3917 hare

536 3957 710 4023 Luna,
741 3972 835 4011 seu
860 3955 1029 4009 Diana
1053 3956 1277 4010 credita.
1306 3955 1445 4009 Sunt
1469 3957 1561 4026 qui
1595 3966 1788 4027 putant
1820 3972 1937 4010 eam
1969 3972 2110 4021 esse,

534 4061 656 4117 quae
702 4046 756 4100 in
805 4046 979 4101 sacris
1011 4045 1235 4100 Litteris
1264 4052 1315 4100 et
1361 4048 1633 4115 praecipue
1663 4045 1916 4100 JUtllCllm
1958 4063 2013 4111 ι,
2057 4047 2111 4111 6,

533 4138 793 4193 Astaroth
824 4138 1046 4203 dicitur,
1083 4144 1137 4192 et
1175 4137 1269 4191 ubi
1308 4135 1375 4190 1V
1409 4135 1539 4207 Reg.
1566 4154 1698 4191 χχιιι
1722 4178 1737 4200 ,
1766 4138 1831 4191 l5
1873 4138 2109 4208 legitur:

538 4228 671 4296 Qua:
703 4228 1057 4297 (etliﬁcauerat
1086 4225 1337 4282 Salomon
1364 4242 1455 4279 rea:
1477 4227 1652 4281 Israel
1678 4226 1935 4282 Astaratlt
1970 4228 2114 4284 idolo

537 4318 903 4383 Sidaniorum,
942 4319 1297 4390 Septuaginta
1334 4318 1648 4379 vertunt,6v
1672 4319 1986 4391 ᾠκοδόμησε
2012 4321 2117 4373 Σα-

535 4410 714 4481 λομὼν
747 4410 996 4481 βασιλεὺς
1033 4409 1245 4482 Ἰσραὴλ
1286 4408 1353 4481 τῇ
1398 4411 1687 4483 Ἀστάρτῃ,
1718 4411 1798 4465 sic
1828 4412 1971 4465 enim
2015 4427 2114 4481 pu-

2213 3301 2323 3354 rint
2346 3314 2456 3369 prae
2480 3300 2690 3367 oculis;
2718 3300 2791 3354 ibi
2820 3300 2963 3355 enim
2978 3298 3253 3368 Atargatis
3271 3297 3485 3368 legitur.
3503 3296 3582 3350 En
3606 3296 3803 3366 singu-

2212 3392 2327 3447 lare
2350 3392 2418 3447 de
2444 3392 2550 3447 hac
2576 3393 2877 3446 mutatione
2897 3390 3184 3447 Strabonis
3204 3391 3574 3445 testimonium
3610 3391 3664 3443 in
3692 3390 3803 3445 fine

2213 3482 2342 3538 dicti
2374 3483 2525 3547 libri,
2557 3484 2622 3536 Ai
2646 3482 2703 3535 δὲ
2722 3483 2830 3536 τῶν
2846 3483 3123 3554 ὀνομάτων
3152 3481 3547 3555 μεταπτώσεις,
3570 3482 3663 3536 καὶ
3696 3483 3805 3553 μά-

2211 3574 2369 3628 λιστα
2383 3574 2491 3628 τῶν
2517 3575 2864 3647 βαρϐαρικῶν
2900 3576 3112 3640 πολλαὶ,
3140 3575 3391 3646 καθάπερ
3406 3575 3498 3627 τὸν
3521 3576 3805 3647 Δαριήκην

2211 3668 2435 3739 Δαρεῖον
2462 3667 2750 3734 ἐκάλεσαν,
2777 3667 2875 3738 τὴν
2897 3668 2954 3721 δὲ
2982 3655 3241 3741 Πὰρζιλιν
3257 3667 3590 3740 Παρυσάτιν,
3609 3667 3807 3739 Ἀταρ-

2213 3757 2386 3828 γατὴν
2407 3756 2464 3809 δὲ
2493 3758 2636 3828 (lego
2671 3757 3019 3829 Ἀταργάτιν,
3048 3760 3134 3813 vel
3182 3757 3530 3829 Ἀτεργάτιν,
3556 3765 3615 3811 ιιι
3634 3771 3803 3825 supe-

2212 3847 2329 3901 rius
2382 3848 2499 3916 ipse
2544 3849 2863 3919 scripserat,
2913 3850 3019 3907 nisi
3068 3852 3206 3906 velis
3263 3850 3633 3921 Ἀταργάτην)
3693 3850 3801 3920 τὴν

2225 3937 2485 4009 Ἀθάραν,
2508 3937 2759 4010 Δερκετὼ
2785 3939 2842 3993 δὲ
2869 3941 3038 4011 αὐτὴν
3074 3941 3321 4010 Κτησίας
3353 3939 3524 3993 καλεῖ.
3548 3940 3802 3995 Astartes

2213 4028 2342 4082 item
2383 4028 2683 4084 meminere
2734 4028 3011 4093 Elianus,
3056 4028 3250 4085 Cicero
3294 4029 3370 4083 De
3418 4039 3598 4083 natur.
3622 4028 3798 4095 ἄρον..

2215 4116 2584 4175 Tertullianus
2642 4120 2696 4174 in
2745 4120 2963 4191 Apatog.
2997 4135 3117 4190 cap.
3161 4119 3254 4181 24,
3284 4118 3557 4190 Iosephus
3606 4128 3799 4174 contra

2214 4209 2522 4278 Appianem,
2541 4209 2808 4266 Eusebius
2834 4211 2911 4266 De
2948 4214 3334 4283 prmparatiane
3375 4212 3606 4282 evangel.
3635 4212 3729 4265 lib.
3755 4225 3797 4278 ι,

2214 4317 2337 4369 cap.
2389 4300 2444 4355 2.
2517 4300 2855 4371 Epiphanius
2904 4318 2972 4356 ex
3023 4302 3253 4357 aliorum
3304 4302 3563 4371 Opinione
3613 4303 3800 4373 prodit

2216 4403 2424 4462 patrem
2454 4391 2850 4446 Melchisedech
2889 4392 3096 4447 dictum
3141 4392 3312 4448 fuisse
3341 4392 3648 4458 Heraclam,
3679 4408 3801 4448 ma-

535 4509 651 4556 tant
685 4501 992 4571 legendum,
1027 4516 1133 4553 non
1167 4500 1419 4572 Ἀσάλτῃ.
1450 4500 1574 4565 Ει,1
1601 4501 1730 4571 Reg.
1754 4518 1906 4564 χχχι,
1928 4501 2113 4557 10:Et

2218 4494 2353 4539 trem
2378 4497 2506 4537 vero
2544 4484 2826 4537 Astaroth.

532 4601 817 4661 posuerunt
865 4607 1017 4644 arma
1062 4592 1175 4653 eius
1214 4594 1267 4644 in
1309 4595 1496 4660 teupla
1528 4593 1837 4647 Astbaroth.
1875 4593 2101 4665 Septua-

534 4683 707 4752 ginta,
733 4682 843 4734 Kal.
876 4681 1145 4753 ἀνέθηκαν
1170 4680 1237 4734 τὰ
1261 4681 1428 4753 σκεύη
1455 4682 1619 4736 αὐτοῦ
1660 4686 1740 4746 εἰς
1774 4684 1836 4736 τὸ
1883 4686 2112 4759 Ἀσταρ-

536 4771 818 4836 τεῖον,ἰιι)ἰ
854 4769 1036 4824 Schol.
1070 4773 1149 4834 ah;
1177 4771 1236 4823 τὸ
1271 4770 1415 4842 ἱερὸν
1441 4772 1540 4841 τῆς
1581 4772 1898 4844 Ἀστάρτης.
1948 4773 2118 4829 Sonat

536 4861 857 4917 Pluenicum
913 4863 1097 4932 lingua
1149 4860 1360 4933 Greges,
1401 4863 1563 4933 μῆλα,
1593 4872 1645 4918 et
1684 4865 1827 4934 apud
1860 4864 2117 4922 Hebraeos

537 4954 724 5009 eadem
757 4968 887 5007 voce
915 4951 1293 5022 proferuntur,
1318 4952 1529 5023 Greges,
1553 4963 1608 5038 et
1634 4958 1922 5021 Astaratlt;
1948 4974 2117 5029 quare

536 5041 708 5097 David
746 5040 949 5105 Kimhi,
1004 5049 1058 5095 et
1101 5041 1347 5098 Marinus
1400 5043 1696 5100 Brixianus
1761 5049 2117 5116 suspicantur

536 5135 742 5191 idolum
783 5133 954 5188 fuisse
989 5132 1161 5198 ﬂatura
1197 5135 1338 5197 avis,
1374 5136 1448 5188 ita
1488 5135 1762 5191 referente
1789 5136 1999 5195 Joanne
2028 5140 2118 5194 Pi-

535 5224 675 5279 neda
706 5224 798 5279 lib.
821 5222 993 5279 vnDe
1010 5224 1161 5279 rebus
1195 5223 1421 5288 Salam.,
1451 5241 1502 5280 c.
1527 5227 1617 5292 11,
1640 5243 1791 5283 num.
1826 5230 1881 5288 2.
1911 5230 2115 5289 Graecis

536 5315 760 5370 Derceta
812 5315 920 5370 dici
969 5316 1185 5379 volunt,
1238 5331 1373 5372 voce
1408 5318 1666 5373 nimirum
1700 5320 1909 5377 detorta
1945 5340 1973 5378 a
2015 5325 2116 5397 Sy-

536 5408 686 5461 riaca
740 5406 1055 5477 Adardaga,
1110 5423 1217 5479 qua
1292 5409 1368 5462 illi
1447 5410 1648 5479 piscem
1702 5413 2111 5481 signiﬁcabant.

536 5496 719 5563 Quare
764 5497 1092 5554 Laurentius
1139 5498 1477 5556 Ramiresius
1524 5503 1579 5556 in
1638 5503 2111 5576 Pentecontarcho,

537 5604 658 5656 cap.
687 5590 778 5653 2|,
816 5593 1041 5662 corrigit
1079 5591 1438 5653 Macrobium.
1478 5594 1573 5648 lib.
1601 5612 1640 5661 ι,
1677 5611 1797 5666 cap.
1832 5601 1922 5666 2|,
1959 5604 2113 5671 Apud

537 5695 664 5748 quos
697 5679 908 5735 Veneris
943 5682 1256 5747 Architidis,
1285 5695 1334 5739 et
1359 5684 1558 5740 Adonis
1594 5692 1844 5755 maxime,
1878 5701 1985 5747 etc.
2034 5697 2108 5749 Ex

537 5766 698 5823 Plinii
725 5769 821 5823 lib.
848 5784 904 5824 γι
943 5769 1076 5827 Nat.
1109 5770 1260 5840 Irish,
1294 5790 1344 5831 c.
1386 5777 1478 5846 ‘2'},
1522 5777 1695 5848 Syriis
1730 5799 1850 5837 aera
1888 5783 2106 5857 Magog,

2289 4574 2449 4641 lbid.,
2509 4576 2609 4629 lin.
2657 4575 2749 4629 45.
2807 4576 2904 4644 Ὠς
2954 4577 3053 4631 ἐπὶ
3090 4579 3503 4633 πολύκατα.ῐιι
3536 4578 3698 4634 malis
3739 4589 3798 4635 et

2219 4667 2623 4722 calamitatibus
2664 4667 2732 4722 ad
2773 4666 2940 4722 Deum
2984 4670 3347 4739 caelestesque
3395 4670 3582 4724 auxilii
3625 4684 3797 4724 causa

2219 4758 2588 4828 confugimus,
2621 4759 2834 4830 hocque
2862 4760 3106 4817 solemne
3127 4769 3212 4819 est
3234 4762 3513 4817 omnibus.
3531 4760 3799 4834 Virgilius

2218 4850 2434 4906 lEneid.
2459 4853 2554 4909 lib.
2584 4868 2638 4910 ιε

2220 4962 2434 5037 {nterea
2463 4963 2532 5037 (ιᾴ
2565 4969 2814 5036 templum
2849 4985 2951 5022 non
2987 4983 3149 5037 aequa:
3178 4965 3427 5021 Palladis
3471 4965 3620 5022 ibant

2219 5033 2470 5107 Qrinibus
2502 5033 2705 5091 Iliades
2731 5039 2927 5107 passis,
2967 5033 3275 5107 peplumque
3304 5037 3563 5107 ferebant,

2218 5102 2538 5173 Suppliciter
2575 5102 2776 5176 tristes,
2806 5118 2856 5163 et
2892 5102 3061 5163 tunsa:
3090 5102 3313 5177 pectora
3334 5108 3549 5176 palmis.

2216 5194 2285 5248 Et
2313 5196 2389 5249 lib
2438 5211 2476 5249 It
2509 5215 2522 5250 :

2218 5284 2332 5361 {Vae
2361 5303 2467 5361 non
2494 5287 2563 5340 ad
2594 5290 2865 5358 templum,
2891 5306 3227 5361 summasque
3259 5290 3329 5344 ad
3370 5289 3618 5345 Palladis
3646 5305 3799 5345 arces

2217 5354 2531 5432 Subreltitur
2560 5354 2753 5432 magna
2784 5371 3011 5415 matrum
3046 5354 3227 5432 regina
3256 5370 3468 5432 caterua

2214 5424 2370 5502 Qana
2399 5428 2590 5502 ferens,
2619 5424 2883 5502 juxtaque
2915 5448 3086 5487 comes
3103 5424 3338 5486 'Lavim'a
3381 5431 3524 5502 virgo

2216 5493 2405 5550 Causa
2427 5498 2558 5551 mali
2586 5493 2743 5555 tanti.

2217 5607 2510 5666 Sallustius
2558 5610 2611 5665 in
2646 5610 2925 5682 Canjnrat.
2950 5612 3203 5669 Catilina:
3233 5631 3251 5668 :
3284 5616 3369 5668 Ad
3398 5615 3494 5670 hac
3523 5615 3787 5673 mulieres.

2212 5698 2399 5769 quibus
2433 5717 2526 5769 pro
2563 5704 2922 5772 magnitudine
2956 5706 3077 5760 belli
3127 5707 3285 5760 timor
3328 5708 3576 5761 insolitus
3620 5706 3792 5760 inces-

2214 5802 2376 5858 serat,
2403 5794 2668 5863 afﬂictare
2696 5816 2826 5866 sese,
2856 5817 3041 5854 manus
3072 5802 3328 5870 supplices
3361 5801 3430 5855 ad
3456 5802 3641 5857 caelum
3675 5811 3758 5855 ten
3784 5834 3791 5841 -
