4100 6474
494 349 623 403 106Ἱ

1689 347 1826 402 TITI
1867 345 2298 402 BOSTRENSIS
2335 345 2642 403 EPISCOPI

3600 356 3736 416 4068

488 479 542 525 et
570 485 811 525 errorem
843 467 1160 524 idololatriae
1183 466 1448 523 recoleret
1476 482 1539 522 ac
1560 478 1868 528 renovaret.
1895 488 1913 521 δ
1939 477 2049 524 etc.
2080 475 2128 531 Α
2152 485 2279 525 nam
2327 478 2381 527 et
2422 484 2545 524 cum
2586 466 2739 522 Novo
2784 466 3135 524 Testamento
3198 485 3501 544 congruere
3548 471 3733 538 docet,

563 561 645 617 ΙΙΙ.
715 560 883 615 Porro
944 560 999 614 in
1061 569 1294 630 quatuor
1342 560 1515 615 libros
1570 560 1869 630 dispescuit
1919 575 2057 630 Opus

489 667 649 706 suum
677 650 985 708 Bostrensis
1012 650 1261 717 antistes,
1291 665 1430 719 quos
1473 650 1633 718 fortes
1665 651 1904 721 appellat
1932 650 2060 706 Hie-

481 751 749 814 ronymus
777 740 877 813 (α),
903 750 957 798 et
984 742 1179 813 legisse
1225 742 1439 797 videtur
1470 741 1809 813 Epiphanius
1841 742 1918 814 (b)
1965 742 2058 812 qui

491 835 763 890 scribebat
792 849 938 889 anno
968 834 1072 888 576
1092 874 1106 900 ,
1156 839 1215 887 ut
1256 833 1489 888 advertit
1546 832 1932 888 Tillemontius
1964 831 2055 902 (c).

490 928 595 982 Eos
643 928 771 982 item
822 932 1087 980 memorat
1142 923 1285 995 apud
1337 923 1587 979 Photium
1631 923 1707 994 (ά)
1754 921 2060 993 Stephanus

489 1018 735 1073 Gobarus
765 1016 1008 1070 tritheita
1033 1055 1048 1079 ,
1094 1016 1187 1085 qui
1241 1020 1295 1069 et
1351 1014 1613 1068 nonnulla
1656 1014 1783 1071 inde
1819 1015 2056 1085 profert;

489 1120 702 1161 necnon
736 1104 1089 1160 Heraclianus
1134 1102 1594 1160 Chalcedonensis
1632 1104 1951 1176 episcopus,
2003 1113 2062 1159 ut

488 1210 681 1254 auctor
708 1210 793 1254 est
832 1199 974 1253 idem
1006 1197 1231 1252 Pliotius
1266 1196 1355 1267 (θ).
1404 1194 1609 1251 Verum
1666 1212 1775 1251 non
1827 1205 1911 1252 est
1972 1198 2059 1252 hic

488 1293 624 1347 illud
681 1291 1074 1353 omittendum,
1127 1288 1270 1354 quod
1324 1288 1549 1342 adnotat
1600 1288 1901 1360 Basnagius
1948 1289 2057 1359 (f):

488 1385 635 1439 hunc
666 1383 920 1437 nimirum
940 1381 1225 1450 praesulem
1243 1379 1769 1446 Chalcedonensem,
1790 1381 1885 1452 qui
1912 1381 2061 1437 circa

485 1487 730 1546 tempora
757 1473 1036 1527 Anastasii
1077 1471 1428 1545 imperatoris
1456 1473 1723 1528 claruisse
1759 1471 1935 1527 fertur
1961 1473 2058 1543 (g),

482 1575 540 1621 et
569 1567 727 1636 cujus
759 1566 1021 1619 doctrinae
1049 1564 1248 1635 placita
1275 1574 1463 1620 sancto
1491 1563 1728 1619 Maximo
1755 1564 1901 1618 haud
1936 1579 2060 1633 pro-

486 1660 609 1711 bata
644 1657 815 1711 fuisse
846 1656 1212 1726 comperimus
1244 1655 1342 1727 (It),
1372 1655 1554 1710 Titum
1588 1654 1935 1710 Bostrensem
1975 1670 2061 1709 re-

485 1751 768 1820 darguere,
800 1749 945 1818 quod
980 1748 1229 1803 scribens
1257 1748 1518 1803 adversus
1571 1744 1783 1800 Addam
1831 1760 1927 1801 seu
1963 1760 2060 1815 po-

485 1841 591 1896 tius
630 1838 892 1903 Buddam,
924 1854 983 1894 se
1031 1837 1357 1893 Manichaeos
1408 1837 1655 1893 refellere
1701 1836 2050 1894 existimarit.
2084 1827 2127 1881 Β

485 1932 675 2002 l'niqua
729 1930 888 2000 plane
937 1944 1190 1984 censura.
1243 1926 1350 1983 Fac
1394 1929 1579 1992 enim,
1625 1925 1867 1981 Buddam
1925 1934 2048 1981 ante

483 2024 662 2092 ipsum
683 2020 951 2075 Manetem
987 2019 1255 2073 hmreseos
1280 2017 1627 2073 Manichaicae
1653 2016 1929 2073 exstitisse
1951 2031 2048 2069 au-

484 2123 714 2179 ctorem,
738 2123 834 2168 aut
862 2112 908 2169 si
955 2112 1150 2179 mavis,
1180 2126 1351 2166 unum
1387 2126 1451 2166 ex
1483 2109 1770 2165 duodecim
1800 2106 2044 2178 ejusdem

486 2203 711 2258 Manetis
746 2201 1028 2271 discipulis
1058 2199 1247 2262 fuisse,
1283 2209 1341 2253 ut
1369 2216 1435 2254 ex
1474 2198 1638 2255 Petro
1663 2198 1850 2253 Siculo
1893 2200 1960 2268 (i)
1993 2205 2047 2252 et

475 2296 676 2350 Photio
727 2295 791 2364 (j)
838 2294 1162 2350 erudimur:
1198 2309 1323 2348 cum
1359 2305 1538 2349 tamen
1574 2292 1826 2363 discipuli
1859 2307 2048 2346 erran-

480 2397 592 2442 tem
618 2386 872 2442 assectati
909 2385 1260 2457 magistrum,
1329 2385 1381 2439 in
1436 2385 1725 2454 prmeipuis
1778 2382 2047 2451 capitibus

474 2478 827 2541 conveniant,
854 2476 1097 2547 adquue
1140 2475 1325 2531 Manes
1373 2492 1482 2529 non
1535 2490 1693 2530 secus
1733 2489 1796 2529 ac
1829 2473 2046 2529 Buddas

479 2569 760 2633 docuerit;
797 2583 904 2622 non
953 2577 1071 2623 erat
1116 2569 1393 2623 enimvero
1422 2583 1521 2622 cur
1550 2566 1707 2622 Titus
1734 2581 1800 2622 eo
1829 2567 2047 2622 nomine

471 2660 965 2730 reprehenderetur
993 2701 1008 2727 ,
1071 2661 1164 2731 qui
1223 2660 1351 2715 dum
1399 2658 1641 2714 Buddam
1689 2659 2044 2730 perstrinxit,

477 2751 743 2807 Manetem
777 2768 992 2823 quoque
1045 2752 1221 2822 ipsum
1252 2752 1482 2823 ejusque
1515 2760 1810 2809 sectatores
1853 2752 2047 2808 confu~

474 2853 621 2900 tasse
648 2845 773 2915 jure
803 2846 1006 2915 optimo
1031 2845 1391 2899 existimatur.

546 2932 636 2987 ιν.
675 2934 758 2989 Ad
801 2934 1097 2990 editionem
1145 2932 1291 3004 quod
1340 2934 1535 2990 attinet
1580 2933 1687 2988 Titi
1737 2933 2046 2991 Bostrensis

456 3026 657 3101 .opcris
692 3026 943 3081 adversus
977 3026 1319 3092 Manichwos,
1354 3026 1521 3082 libros
1545 3033 1657 3082 tres
1686 3029 1894 3098 priores
1922 3041 2045 3081 cum

476 3118 702 3185 integris
732 3117 991 3171 librorum
1025 3124 1261 3186 quatuor
1293 3118 1650 3187 argumentis,
1685 3118 1895 3187 primus
1926 3117 2039 3173 edi-

474 3208 555 3261 dit
588 3223 653 3262 ex
685 3208 936 3263 versione
975 3205 1255 3262 Francisci
1284 3206 1541 3261 Turriani
1575 3206 1845 3263 Henricus
1873 3205 2039 3262 Cani-

473 3301 592 3353 sius
631 3298 704 3369 (k)
745 3316 757 3352 :
791 3296 976 3352 Graeca
1015 3314 1147 3352 vero
1179 3296 1418 3354 Jacobus
1452 3297 1755 3369 Basnagius
1790 3299 1853 3371 (ι)
1877 3338 1891 3363 ,
1942 3299 2037 3369 qui

472 3407 534 3445 ea
563 3406 629 3445 ex
648 3389 985 3445 bibliothecae
1011 3388 1375 3445 llolsteniana:
1399 3388 1827 3463 Hamburgensis
1850 3391 2037 3447 codice

472 3484 767 3556 descripta,
813 3483 1008 3538 Joanni
1054 3480 1333 3537 Friderico
1387 3477 1702 3539 Wincklero
1742 3483 1910 3540 refert
1940 3499 2035 3539 ac-

469 3583 666 3645 cepta:
713 3592 821 3646 quo
865 3576 1085 3647 quidem
1129 3575 1185 3629 in
1223 3577 1412 3631 codice
1447 3575 1590 3631 haud
1623 3576 1779 3647 plura
1816 3584 2035 3632 exstare

467 3665 741 3729 novim‘us,
776 3681 937 3735 quam
969 3682 1089 3736 quae
1118 3668 1279 3723 vertit
1314 3666 1563 3723 laudatus
1589 3666 1898 3724 Turrianus
1925 3684 1939 3734 ;
1976 3677 2035 3722 ut

454 3766 756 3826 propterea
790 3759 1057 3829 interpres
1085 3760 1169 3815 vel
1198 3775 1263 3815 eo
1290 3760 1408 3830 ipso
1448 3762 1773 3831 exemplari,
1816 3761 1905 3816 vel
1955 3760 2034 3816 ei-

470 3848 592 3903 dem
626 3849 790 3904 simili
826 3866 958 3906 usus
986 3851 1155 3908 fuisse
1184 3853 1451 3909 videatur.
1479 3853 1718 3920 Quartus
1758 3868 1925 3923 porro
1968 3853 2034 3907 li-

470 3940 567 3994 ber
593 3948 738 3997 totus
775 3942 1074 3998 intercidit.
1126 3943 1278 4001 Hanc
1310 3954 1488 4000 autem
1531 3943 1784 4015 Basnagii
1835 3944 2032 4000 editio—

470 4048 593 4087 nem
619 4033 798 4091 minus
829 4045 1081 4091 accurate
1110 4035 1280 4092 fuisse
1314 4037 1651 4100 adornatam,
1685 4035 1880 4091 merito
1906 4052 2034 4091 cen-

469 4127 580 4182 suit
627 4126 820 4183 Petrus
844 4124 1252 4201 ~Wessclingius
1291 4128 1357 4185 V.
1406 4131 1467 4184 C.
1511 4131 1595 4205 bis
1643 4130 1825 4185 verbis
1863 4127 1957 4201 (m)
2002 4147 2027 4182 κε

473 4238 492 4269 ι
538 4217 731 4274 lnserti
760 4228 907 4280 sunt.
940 4223 1145 4292 inquit,
1187 4221 1497 4277 Canisianis
1542 4220 1874 4275 Lectionibus
1918 4219 2029 4275 Titi

467 4310 796 4379 Bostrensis,
847 4314 948 4368 viri
986 4315 1057 4383 pii
1092 4324 1146 4370 et
1166 4317 1379 4386 egregie
1407 4315 1553 4371 dOCti
1573 4354 1588 4380 ,
1618 4315 1674 4368 in
1703 4311 2026 4367 Manichwos

466 4403 656 4473 scripti
689 4404 845 4470 libri;
879 4405 1004 4469 sed,
1044 4407 1190 4475 quod
1225 4408 1492 4473 dolemus,
1542 4406 1707 4462 laceri
1751 4415 1804 4461 et
1833 4405 2027 4476 spissis

2158 575 2283 616 esse
2334 561 2589 624 alienam,
2646 558 2948 630 referrique
3007 573 3259 632 Oportere
3318 562 3385 617 ad
3425 579 3546 618 eam
3610 564 3734 619 libri

2159 651 2319 721 primi
2358 659 2591 720 partem,
2632 663 2739 719 qua
2780 649 2889 704 duo
2933 650 3174 719 ingenita
3213 650 3508 722 principia,
3564 653 3736 711 duas—

2160 757 2266 813 que
2299 741 2533 802 radices,
2567 740 2764 794 bonam
2796 739 3046 806 alteram,
3080 741 3307 795 alteram
3338 744 3556 809 malam,
3590 744 3737 799 unde

2161 832 2343 889 omnia
2383 832 2525 886 bona
2554 831 2803 902 malaque
2835 831 3156 901 prodierint,
3192 843 3488 905 Oppugnat,
3526 836 3736 891 obiter-

2159 939 2266 995 que
2297 924 2570 979 hominem
2604 922 2698 977 Dei
2731 923 2919 993 optimi
2952 926 3175 979 maximi
3218 941 3342 982 esse
3373 941 3513 997 Opus
3546 937 3735 984 osten—

2160 1016 2259 1070 dit.
2317 1016 2456 1071 Addi
2488 1016 2652 1070 etiam
2690 1024 2746 1072 et
2786 1015 3079 1072 editionem
3119 1019 3489 1074 condecorare
3517 1021 3735 1090 potuis-

2160 1117 2283 1167 sent
2331 1109 2631 1182 fragmenta
2659 1125 2723 1165 ex
2767 1109 2871 1163 hoc
2915 1108 3023 1163 Titi
3061 1126 3226 1180 opere
3262 1126 3294 1165 a
3324 1109 3528 1168 Graecis
3571 1112 3732 1169 nobis

2160 1210 2374 1258 servata
2411 1221 2424 1258 :
2455 1201 2761 1271 cujusmodi
2796 1209 2922 1256 sunt
2965 1202 3019 1255 in
3051 1202 3242 1272 primis
3278 1218 3341 1258 ea
3376 1219 3495 1274 quae
3522 1207 3733 1261 exscri-

2160 1295 2297 1366 psit-
2329 1303 2521 1350 auctor
2576 1294 2967 1348 Parallelorum
3026 1312 3334 1362 sacrorum,
3388 1312 3508 1367 qua:
3571 1301 3731 1370 vulgo

2158 1382 2355 1439 Joanni
2380 1384 2710 1453 Damasceno
2733 1387 3068 1450 tribuuntur,
3122 1398 3175 1442 et
3225 1405 3256 1443 e
3290 1387 3732 1459 Rupel'ucaldino

2159 1478 2349 1532 codice
2384 1478 2603 1549 vulgata
2637 1486 2765 1533 sunt
2810 1493 2840 1531 a
2874 1477 2933 1531 D.
2968 1478 3229 1535 Michaele
3262 1480 3523 1551 Lequien.
3560 1524 3574 1537 .
3614 1524 3629 1538 .
3656 1522 3673 1538 .
3708 1521 3724 1537 .

2160 1568 2295 1625 Esse
2341 1577 2522 1625 autem
2553 1571 2606 1624 in
2640 1569 2919 1627 Parallelis
2958 1572 3203 1640 quaadam
3230 1573 3570 1630 emendatius
3598 1591 3727 1646 per-

2160 1662 2383 1732 scripta,
2435 1678 2543 1715 non
2572 1668 2655 1716 est
2684 1669 2742 1716 ut
2776 1678 3022 1718 moneam
3048 1682 3062 1719 :
3092 1664 3205 1733 ipsa
3236 1665 3478 1719 locorum
3506 1667 3729 1722 collatio

2160 1768 2273 1807 rem
2300 1752 2685 1819 manifestabit,
2730 1771 2755 1805 ι’
2785 1762 2891 1810 etc.

2227 1879 2291 1937 V.
2334 1881 2462 1935 Viro
2491 1881 2653 1937 docto
2683 1883 2926 1937 monenti
2953 1899 3159 1940 morem
3192 1888 3482 1957 gessimus.
3514 1886 3581 1942 Et
3612 1891 3728 1960 pri-

2147 1988 2295 2027 mum
2336 1974 2551 2043 quidem
2580 1975 2766 2029 omnia
2793 1979 3184 2047 exscripsimus
3221 1995 3342 2049 qua:
3386 1981 3440 2034 in
3479 1980 3727 2036 Parallc-

2151 2065 2217 2118 lis
2251 2062 2704 2134 Rupefucaldinis
2746 2077 3063 2136 occurrunt,
3119 2070 3187 2124 ad
3220 2079 3426 2126 textum
3460 2072 3568 2127 Titi
3620 2073 3728 2127 Bn-

2150 2157 2381 2212 strensis
2424 2154 2674 2211 adversus
2709 2156 3032 2213 Manio/two:
3068 2160 3374 2231 evulgatum
3415 2163 3526 2217 sive
3558 2165 3727 2219 casti-

2149 2247 2383 2318 gandum
2416 2248 2531 2303 sive
2569 2250 2962 2319 supplendum‘;
2990 2267 3161 2322 eaque
3186 2253 3253 2307 ad
3285 2255 3487 2309 calcem
3528 2256 3725 2325 rejeci-

2149 2358 2272 2397 mus
2308 2361 2319 2395 :
2359 2356 2468 2412 quo
2496 2343 2710 2398 scilicet
2737 2345 2970 2414 quisque
3003 2346 3247 2400 locorum
3296 2346 3585 2403 collatione
3633 2349 3724 2403 in-

2150 2434 2361 2499 stituta,
2381 2433 2449 2489 de
2465 2434 2758 2490 lectionum
2783 2437 3011 2490 veritate
3035 2436 3303 2505 judicium
3331 2438 3489 2493 ferat.
3513 2436 3727 2493 Deinde

2149 2526 2366 2581 notulas
2407 2526 2577 2580 textui
2623 2526 2978 2596 subjecimus,
3023 2526 3221 2596 quibus
3259 2533 3377 2583 tum
3421 2526 3726 2583 Par-allelu—

2149 2629 2266 2667 rum
2315 2614 2435 2667 loca
2488 2614 2821 2682 indicantur,
2870 2624 2982 2670 tum
3018 2618 3181 2671 etiam
3222 2617 3357 2672 locis
3388 2619 3594 2672 vexatis
3626 2628 3724 2671 aut

2147 2705 2423 2776 corruptis
2467 2706 2559 2760 lux
2594 2706 2914 2770 atl‘unditur,
2956 2718 3049 2762 aut
3072 2709 3357 2779 integritas
3384 2710 3718 2765 restituitur.

2148 2794 2206 2850 ln
2255 2796 2396 2851 idem
2452 2805 2715 2867 praeterea
2758 2798 3049 2853 consilium
3093 2799 3357 2853 nonnulla
3416 2815 3605 2855 sumus
3648 2815 3724 2856 ex

2060 2901 2071 2907 '
2147 2884 2342 2943 Photio
2370 2888 2620 2942 mutuati.
2670 2887 2756 2942 Ad
2796 2888 2911 2943 haec
2941 2897 3180 2959 quatuor
3208 2889 3474 2945 librorum
3513 2892 3722 2962 integri

2147 2980 2329 3049 operis
2372 2974 2481 3033 Titi
2517 2988 2839 3050 argumenta
2882 2978 3245 3034 subdidimus.
3279 2980 3519 3052 Denique
3548 2983 3721 3036 trium

2149 3070 2502 3138 superstitum
2550 3069 2811 3123 librorum
2851 3069 3106 3123 lemmata
3151 3072 3564 3137 contexuimus,
3595 3073 3722 3143 qui-

2070 3161 2119 3222 C
2151 3161 2252 3215 bus
2284 3167 2611 3230 conspectus
2636 3160 2803 3215 totius
2833 3160 3015 3231 operis
3050 3161 3358 3217 exhibetur.

2211 3293 2298 3353 Vl.
2341 3294 2438 3352 His
2482 3310 2648 3367 porro
2700 3294 2881 3349 addita
2916 3300 3000 3350 est
3045 3293 3232 3351 Oratio
3259 3297 3313 3351 in
3352 3295 3546 3352 Ramos
3579 3300 3716 3365 pal-

2140 3402 2368 3452 marum,
2421 3402 2543 3458 quae
2589 3386 2693 3443 sub
2725 3386 2834 3441 Titi
2868 3384 3181 3444 Bostrensis
3211 3390 3430 3443 nomine
3472 3389 3719 3445 circum-

2136 3477 2328 3535 fertur.
2385 3479 2490 3545 Qui
2535 3494 2603 3535 ex
2646 3479 2838 3534 codice
2885 3480 3036 3550 regio
3066 3494 3185 3535 eam
3237 3479 3407 3536 edidit
3442 3480 3718 3538 Combeti-

2137 3570 2253 3625 sius
2285 3568 2361 3641 (η)
2392 3609 2406 3634 ,
2445 3569 2660 3625 dubitat
2695 3570 2816 3640 ejus
2846 3585 2915 3626 ne
2950 3571 3022 3626 sit
3048 3571 3116 3627 de
3142 3587 3252 3643 quo
3280 3572 3370 3627 hic
3405 3588 3606 3639 sermo,
3638 3590 3716 3632 an

2136 3678 2266 3717 vero
2301 3663 2526 3719 alterius
2563 3662 2823 3733 junioris.
2870 3664 3031 3734 cujus
3077 3661 3458 3721 Commentarii
3505 3668 3561 3722 in
3596 3667 3714 3722 Lu-

2134 3770 2252 3807 cam
2302 3770 2427 3809 esse
2469 3753 2743 3812 feruntur.
2793 3755 3064 3811 Nimirum
3101 3756 3240 3813 duos
3278 3757 3370 3812 ille
3405 3757 3559 3815 Titos
3601 3759 3716 3814 Bo-

2134 3856 2445 3901 strenorum
2489 3846 2778 3917 episcopos
2812 3854 3154 3903 commentus
3190 3858 3316 3915 est;
3363 3864 3487 3903 cum
3520 3858 3713 3906 tamen

2133 3945 2345 3993 veteres
2375 3953 2544 3991 unum
2583 3946 2794 3993 tantum
2824 3946 3142 4010 agnoscant.
3167 3940 3310 3995 Alibi
3352 3949 3534 3997 autem
3560 3942 3710 3998 idem

2132 4027 2309 4084 editor
2341 4029 2476 4084 nihil
2514 4037 2699 4086 vetare
2723 4030 2800 4084 ait
2836 4032 2907 4102 (ο
2932 4030 2974 4104 ),
3005 4032 3084 4087 uti
3112 4047 3217 4087 nec
3245 4033 3452 4104 aliquid
3481 4049 3706 4104 cogere,

2133 4123 2266 4191 quin
2304 4122 2419 4177 lucc
2449 4122 2567 4193 ipsa
2607 4123 2785 4177 oratio
2808 4125 3011 4179 seniori
3043 4124 3221 4182 detur.
3254 4123 3537 4197 Simulque
3569 4128 3711 4182 sub-

2132 4215 2210 4269 dit
2251 4234 2263 4268 :
2319 4234 2337 4267 ι
2383 4214 2774 4287 Cujuscunque
2817 4230 2947 4271 vero
2985 4216 3077 4279 sit,
3109 4230 3247 4287 opus
3285 4224 3370 4272 est
3402 4218 3704 4285 eruditum,

2118 4307 2362 4379 egregiis
2405 4307 2665 4364 refertum
2710 4309 2908 4372 sensis,
2950 4322 3013 4362 ac
3056 4307 3324 4379 dogmatis
3357 4321 3703 4379 accuratum,

2128 4405 2190 4451 ut
2241 4399 2474 4469 quisque
2508 4399 2793 4471 theologus
2825 4400 2942 4469 ipsa
2978 4399 3161 4455 statim
3198 4400 3430 4458 lectione
3471 4404 3702 4460 videbit.

464 4494 697 4549 maculis
728 4496 1018 4565 deturpa‘ti.
1047 4494 1229 4553 Facile
1254 4498 1449 4555 fuisset
1489 4498 1558 4553 ad
1595 4497 2030 4553 animadverten-
2060 4487 2307 4545 D'LOCOS
2348 4488 2650 4561 ὃοτίριιιιδω
2676 4492 2816 4547 δοίιθ
2844 4491 3134 4547 admOdum
3162 4494 3385 4563 exponit
3422 4510 3488 4550 30
3518 4496 3708 4566 appli-

444 4586 615 4649 -dum,
656 4587 819 4641 modo
841 4589 958 4643 viro
988 4589 1153 4643 docto
1183 4590 1271 4644 cui
1303 4589 1490 4645 Graeca
1525 4589 1806 4655 debemus,
1838 4590 2031 4646 libuis-

464 4684 568 4742 set,
606 4677 867 4733 intextam
920 4687 1163 4734 extremo
1211 4681 1353 4737 libro
1395 4682 1557 4736 tertio
1607 4682 2029 4752 disputationem

461 4764 529 4820 de
562 4765 799 4821 hominis
829 4770 1123 4829 creatione,
1155 4783 1318 4838 quam
1342 4768 1454 4824 Titi
1480 4772 1777 4828 adversarii
1810 4771 2027 4827 diabolo

438 4866 738 4929 v-acceptam
778 4860 1039 4926 ferebant,
1088 4862 1162 4916 ab
1188 4877 1254 4918 eo
1288 4864 1407 4931 loco
1444 4880 1554 4935 quo
1583 4865 1754 4936 legem
1781 4880 1903 4922 esse
1930 4866 2028 4922 bo-

528 5033 964 5113 (9)11ieron._De
991 5041 1090 5093 vir.
1123 5040 1346 5106 lllustr.,
1372 5054 1493 5113 cap.
1527 5043 1648 5097 102.

525 5105 599 5192 (b)
625 5105 820 5192 Epiph.
855 5109 983 5192 irier.
1003 5124 1175 5192 -vat,_
1195 5127 1317 5192 cap.
1349 5113 1438 5192 2L.

524 5176 603 5253 (ej
639 5176 863 5253 'ﬁl‘illem;
878 5177 1040 5253 diem.
1069 5183 1196 5253 sccl.
1225 5176 1357 5237 tom.
1393 5181 1502 5246 VII,
1536 5199 1658 5253 pag.
1689 5183 1815 5239 585.

437 5244 794 5371 vnégljoghot.
826 5248 960 5304 Bibl.
993 5251 1115 5305 cod.
1162 5265 1400 5320 ccxxxn,
1432 5244 1553 5325 pag:
1584 5244 1687 5309 894
1729 5270 1845 5325 seq.
1886 5257 2017 5312 edit.

522 5388 592 5527 (ej
633 5387 710 5441 Id.
748 5389 880 5445 ibid.
911 5390 1032 5444 cod.
1069 5405 1267 5453 LXXXV,
1294 5407 1419 5462 pag.
1445 5391 1572 5447 205.

522 5457 575 5525 (μ
633 5456 859 5527 Basnag.
914 5463 979 5515 ad
1033 5460 1183 5515 Thes.
1238 5462 1427 5518 Canis.
1476 5473 1572 5517 ton

415 5520 421 5529 ἱ
458 5522 479 5538 ἢ
522 5456 590 5527 (ᾖ)
633 5456 859 5530 Basnag.
914 5463 979 5515 ad
1033 5460 1183 5515 Thes.
1238 5456 1427 5518 Canis.
1476 5473 1608 5517 tom.
1644 5462 1701 5529 l,
1752 5482 1873 5538 pag.
1910 5469 2012 5536 57,

450 5522 483 5596 ἕ
633 5595 867 5675 Dequien
898 5599 1012 5675 ‘Or.
1044 5598 1395 5675 Chris’t_‘tom.
1436 5605 1475 5665 I,
1497 5620 1615 5675 pag.
1637 5606 1767 5663 '(302.

520 5666 600 5733 (lt)
642 5665 855 5723 Maxim.
890 5668 1028 5741 Opp.
1066 5680 1197 5729 tom.
1229 5672 1295 5742 ll,
1338 5690 1461 5745 pag.

2132 4589 2241 4645 cat,
2286 4589 2346 4635 ut
2380 4582 2515 4636 nihil
2543 4582 2844 4638 desiderari
2886 4584 3155 4641 videatur.
3190 4603 3210 4636 ι
3249 4583 3355 4640 Sed
3401 4586 3516 4641 haec
3561 4589 3704 4644 satis

2130 4672 2200 4727 de
2242 4670 2368 4726 Tito
2414 4672 2717 4730 Bostrensi.
2763 4673 3032 4731 Caeterum
3082 4675 3151 4731 de
3192 4673 3599 4731 Commentariis
3640 4680 3703 4732 in

2126 4761 2328 4817 Lucam
2365 4764 2487 4835 ejus
2539 4768 2761 4822 nomine
2808 4766 3123 4838 inscriptis,
3184 4781 3288 4823 nos
3329 4768 3465 4823 alias
3490 4783 3705 4840 oppor-

2116 4856 2317 4913 rtunius

2197 5031 2262 5108 (5)
2288 5018 2581 5108 retu-sie.
2626 5033 2771 5108 Hist.
2821 5035 3057 5093 Manich.
3086 5080 3101 5102 ,
3131 5054 3255 5108 pag.
3286 5040 3374 5093 50.

2198 5103 2272 5182 (λλ
2303 5104 2615 5182 P_hot._lib_.
2673 5121 2690 5159 ι
2730 5106 2914 5182 Conl_r.
2971 5103 3245 5182 Manicbf,
3291 5108 3318 5179 §
3387 5124 3497 5171 xw.
3544 5114 3697 5182 apud

2125 5163 2291 5248 won.
2314 5174 2654 5248 :lnecd._Gr.
2693 5183 2823 5231 tom.
2854 5176 2899 5243 l,
2943 5178 3197 5248 pag.

2195 5240 2267 5320 tif»)
2300 5242 2493 5320 ﬁanis.
2526 5244 2669 5320 Left.
2721 5240 3050 5320 antiqatom'.
3089 5246 3133 5298 V
3157 5289 3175 5320 ,_
3199 5262 3356 5317 pagg.
3388 5248 3457 5320 56
3496 5265 3654 5320 seqq.

2194 5310 2539 5392 (lj‘Blsnagz
2587 5315 2738 5392 Tltes‘.
2774 5310 2958 5392 Canis.
2993 5328 3126 5372 tom.
3160 5310 3216 5378 Ιξ
3247 5310 3403 5392 Ρῖᾖιε.
3435 5319 3505 5373 59
3530 5310 3689 5392 seqq.

2193 5383 2287 5449 (ιη)
2326 5381 2564 5440 Ἣεεέοι.
2594 5385 2827 5439 Probab.
2848 5388 2939 5441 lib.
2977 5393 3111 5458 sing.
3144 5381 3267 5457 cap'.
3290 5381 3380 5452 20',
3398 5404 3556 5460 pagg.
3584 5381 3694 5447 {6'6

2119 5464 2276 5609 “($12).
2303 5520 2555 5609 Eombef.
2586 5525 2738 5579 Auct.
2772 5543 2893 5609 nov.
2928 5524 3135 5609 tomb],
3173 5543 3293 5609 pag.
3467 5558 3494 5569 -
3516 5528 3641 5584 659.

2192 5543 2268 5585 tu)
2309 5543 2555 5579 UUHIDCI.
2586 5543 2738 5579 ﬂuet.
2772 5543 2890 5581 nov.
2928 5543 3059 5580 tom.
3095 5543 3135 5587 ι,
3173 5543 3236 5596 pa
3282 5573 3293 5582 .
3335 5543 3439 5582 ϋοό
3467 5543 3641 5584 -υθτ,

2191 5590 2381 5665 (o)_l_d.
2434 5594 2489 5649 in
2511 5611 2721 5651 recens.
2773 5605 2920 5651 auct.
2959 5596 3026 5650 ad
3068 5604 3202 5653 tom.
3243 5543 3273 5651 ᾗ
3314 5597 3454 5654 Bibl.
3496 5614 3686 5665 coma.

2117 5673 2242 5732 pag.
2274 5661 2363 5717 d9.
