4100 6426
393 389 531 448 I069

1470 391 1838 455 ADVERSUS
1876 393 2302 455 MANICHIEOS
2342 398 2469 454 LIB.
2510 391 2553 456 ἰ.

3516 397 3659 454 N70

407 530 3638 559 ww

729 687 1120 838 TITI
1200 682 2376 841 BOSTRENSIS
2438 686 3307 843 EPISCOPI

633 960 1011 1075 LIBRI
1152 958 2340 1077 TRESADVERSUS
2469 962 3396 1095 MANICH/EOS.

1246 1197 1645 1244 INTERPRETB
1690 1178 2140 1247 FRANCISCO
2177 1181 2591 1248 TURRIANO
2627 1186 2690 1246 S.
2735 1184 2794 1248 Ι.

1558 1460 1917 1554 LIBER
1992 1460 2478 1555 PRIMUD.

1594 1723 1724 1779 CAP.
1764 1723 1804 1779 Ι.
1842 1724 2004 1799 Origo
2042 1720 2447 1785 Hanichwismi.

464 1859 605 1898 ιιαυυ
637 1842 734 1914 μὲν
765 1836 844 1904 οἷς
876 1832 1065 1910 γέγονε
1111 1838 1201 1894 διὰ
1241 1840 1476 1911 σπουδῆς
1509 1842 1618 1898 τῶν
1655 1845 1713 1898 ἐν
1752 1845 1964 1919 ἀνθρώ-

2138 1848 2350 1915 Quibus
2380 1844 2623 1901 studium
2653 1851 2737 1899 est
2768 1852 2966 1899 cansas
2998 1853 3188 1899 eorum
3234 1858 3356 1913 quae
3400 1838 3651 1900 homines

392 1953 516 1999 ποις
543 1933 1006 2006 ἁμαρτανομένων
1038 1931 1137 1996 τὰς
1173 1932 1349 1997 αἰτίας
1382 1932 1586 1998 ἐξελεῖν
1631 1935 1789 2004 Θεοῦ,
1829 1939 1972 2003 ὅσιός

392 2046 453 2082 τε
486 2030 579 2082 καὶ
616 2027 820 2097 ἀληθὴς
866 2026 1059 2095 γέγονε
1109 2025 1254 2079 κατά
1298 2025 1457 2079 τοῦτο
1503 2025 1614 2080 τῶν
1656 2028 1911 2085 τοιούτων
1944 2034 1974 2085 ὁ

393 2120 596 2183 σκοπός
615 2136 629 2149 ·
658 2118 771 2187 εἴγε
820 2118 894 2188 μὴ
921 2117 1274 2188 διαφυγόντες
1319 2119 1380 2172 τὸ
1413 2122 1662 2191 προνοεῖν
1711 2121 1818 2176 τῶν
1850 2124 1971 2178 καθ’

391 2212 541 2283 ἡμᾶς
571 2212 662 2265 τὸν
703 2210 856 2276 Θεὸν,
897 2210 1137 2279 εὐλόγως
1180 2212 1275 2265 καὶ
1322 2211 1628 2285 φιλαλήθως
1667 2214 1972 2286 ἀνθρώποις

389 2305 666 2375 ἀνέθηκαν
713 2304 782 2358 τά
826 2304 975 2374 σφῶν
1022 2303 1201 2358 αὐτῶν
1249 2306 1655 2377 ἁμαρτήματα·
1704 2309 1973 2378 ὲπείτοιγε

386 2398 591 2469 μικρὸν
631 2398 813 2452 ἰᾶσθαί
845 2416 897 2450 τι
949 2397 1321 2468 βουληθέντες,
1359 2398 1566 2470 μείζονι
1612 2403 1705 2454 καὶ
1753 2402 1974 2474 χαλεπῷ

391 2492 660 2562 νοσήματι
695 2492 795 2561 τῆς
826 2491 1079 2555 ἀσεϐείας
1111 2491 1458 2561 περιέπεσον,
1490 2495 1570 2556 είς
1613 2494 1842 2566 ἄρνησιν
1874 2494 1973 2563 τῆς

390 2585 452 2637 ὲν
485 2584 651 2637 παντὶ
681 2582 1011 2654 φαινομένης
1037 2581 1130 2636 τοῦ
1164 2582 1299 2637 Θεοῦ
1334 2585 1592 2655 προνοίας
1619 2586 1970 2656 ἐμπεσόντες.

404 2675 463 2727 '0
517 2675 576 2729 δὲ
613 2674 803 2746 μανεὶς
845 2676 910 2728 ὲκ
953 2674 1242 2746 βαρϐάρων
1282 2677 1377 2731 καὶ
1418 2677 1516 2746 τῆς
1562 2678 1760 2747 μανίας
1804 2678 1975 2749 αὐτῆς

383 2765 698 2838 ἐπώνυμος,
727 2765 807 2819 ἔτι
835 2766 970 2836 πρὸς
994 2767 1247 2822 ἀσέϐειαν
1272 2767 1668 2841 βλαϐερωτέρῳ
1697 2769 1973 2841 φαρμάκῳ

393 2860 771 2931 κατεχρήσατο
793 2876 807 2890 ·
864 2858 1060 2922 κακίας
1110 2859 1219 2931 γάρ
1268 2860 1508 2915 ἀναίτιον
1560 2862 1838 2926 ἀποδεῖξαι
1883 2859 1974 2914 τὸν

389 2948 527 3004 Θεὸν
577 2948 880 3019 βουληθεὶς,
917 2950 1113 3003 κακίαν
1161 2949 1368 3023 προῖὼν
1419 2953 1748 3022 ἀντέστησεν
1793 2952 1969 3024 αὐτῷ·

392 3044 711 3115 ἀγέννητον,
729 3043 804 3106 ῶς
819 3060 1003 3114 φησιν,
1034 3045 1333 3114 ἀγεννήτῳ,
1358 3044 1536 3108 ζῶσαν
1559 3044 1745 3111 ζῶντι,
1765 3046 1851 3099 ἀεὶ
1877 3046 1975 3117 μιν

372 3137 833 3209 ιὲπανισταμένην
866 3138 960 3190 καὶ
994 3137 1327 3208 μαχομένην,
1360 3138 1454 3190 καὶ
1502 3136 1697 3191 οὔποτε
1744 3139 1817 3208 μὴ
1852 3139 1975 3210 οὐχὶ

2072 1946 2301 2010 peccant
2324 1977 2338 2000 ,
2371 1951 2402 1989 a
2434 1936 2543 1991 Deo
2573 1949 2883 1999 removere,
2918 1934 3072 1988 aiunt
3100 1943 3351 1990 sanctum
3383 1944 3436 1990 et
3462 1951 3650 1991 verum

2074 2048 2196 2089 esse
2225 2031 2394 2086 Deum
2424 2050 2437 2085 :
2474 2031 2580 2084 huc
2613 2020 2863 2099 spectant
2890 2030 3031 2083 tales
3053 2067 3068 2092 ,
3097 2036 3151 2082 et
3181 2027 3287 2082 hoc
3329 2027 3410 2084 eis
3452 2044 3653 2100 propo-

2075 2125 2240 2179 situm
2266 2130 2353 2180 est
2384 2123 2549 2177 tueri.
2580 2122 2716 2175 Cum
2757 2122 2903 2175 enim
2948 2135 3057 2174 non
3102 2128 3307 2191 negant
3353 2135 3655 2191 procurare

2074 2213 2245 2270 Deum
2271 2229 2361 2269 res
2387 2221 2609 2269 nostras
2627 2254 2642 2279 ,
2667 2220 2814 2267 recte
2841 2227 2905 2265 ac
2932 2227 3059 2266 vere
3086 2212 3400 2269 hominibus
3429 2223 3654 2284 pcccala

2074 2321 2265 2362 eorum
2295 2306 2622 2378 assignant;
2649 2303 2869 2375 |alioqui
2909 2320 3102 2374 parum
3146 2305 3277 2375 quid
3321 2321 3519 2362 sanare
3561 2307 3653 2375 qui

2076 2400 2400 2463 voluerunt,
2436 2398 2489 2452 in
2521 2398 2827 2469 graviorem
2858 2405 2914 2452 et
2957 2395 3316 2453 diﬂiciliurem
3358 2399 3655 2469 impietatis

2075 2491 2449 2562 mgritudinem
2483 2489 2830 2555 inciderunt,
2864 2487 2957 2544 Dei
2987 2490 3419 2560 providentiam.
3451 2508 3572 2562 quae
3598 2493 3656 2546 in

2076 2584 2432 2641 universitate
2458 2599 2642 2639 rerum
2671 2583 2940 2645 cernitur,
2990 2593 3275 2654 negantes.
3322 2584 3654 2641 Manichacus

2075 2691 2238 2742 vero,
2263 2676 2358 2747 qui
2390 2690 2421 2729 a
2446 2675 2701 2731 barbarie
2729 2685 2784 2730 et
2814 2674 2997 2730 furore
3019 2691 3217 2731 nomen
3246 2676 3434 2743 ducit,
3460 2693 3657 2734 nocen-

2075 2769 2215 2824 tiore
2238 2768 2419 2823 adhuc
2444 2774 2638 2821 contra
2669 2766 3003 2837 impietatem
3029 2767 3272 2824 remedio
3294 2766 3502 2825 abusus
3533 2777 3658 2825 est:

2076 2877 2201 2916 cum
2243 2861 2386 2915 enim
2426 2864 2808 2915 demonstrare
2847 2861 3113 2917 voluisset
3158 2876 3267 2917 non
3314 2878 3438 2918 esse
3485 2861 3657 2919 Deum

2077 2961 2353 3007 auctorem
2387 2951 2546 3016 mali,
2578 2952 2783 3006 malum
2813 2952 2864 3007 ei
2894 2954 3187 3023 opposuit,
3223 2954 3526 3026 ingenitum
3549 2995 3563 3019 ,
3599 2966 3661 3010 ut

2076 3046 2182 3111 ait,
2215 3046 2458 3115 ingenito
2472 3080 2491 3110 -,
2524 3045 2708 3099 vivum
2735 3046 2860 3101 vivo
2879 3086 2896 3105 .
2926 3061 3144 3117 semper
3175 3049 3453 3106 obsistens
3482 3064 3547 3104 ac
3572 3066 3660 3104 re-

2076 3153 2359 3207 pugnans,
2389 3145 2443 3192 et
2483 3152 2763 3207 nunquam
2809 3152 2917 3193 non
2955 3140 3237 3209 negotium
3283 3148 3338 3196 et
3379 3141 3660 3198 molestias

390 3230 697 3301 πράγματα
745 3228 1088 3300 παρέχουσαν
1130 3227 1309 3299 αὐτῷ·
1354 3226 1704 3298 ἀναιρεθῆναι
1736 3227 1794 3281 δὲ
1835 3229 1972 3299 πρὸς

2075 3230 2320 3286 inferens
2346 3249 2361 3297 ;
2392 3229 2649 3300 quodque
2680 3229 2749 3283 ab
2776 3245 2843 3284 eo
2884 3230 3133 3286 funditus
3172 3232 3446 3303 exstingui
3478 3240 3532 3287 et
3574 3234 3660 3287 in-

389 3320 556 3374 αύτοῦ
585 3318 864 3382 παντελῶς
891 3319 966 3390 μὴ
987 3318 1313 3390 δυναμένην,
1335 3320 1410 3383 ὠς
1434 3319 1603 3374 ἀΐδιόν
1627 3336 1687 3373 τε
1711 3321 1805 3373 καὶ
1835 3338 1973 3392 συμ-

389 3410 833 3481 πεπληρωμένην
863 3410 963 3481 τὴν
1006 3411 1193 3464 οὐσίαν
1243 3411 1337 3464 καὶ
1365 3407 1682 3483 ’ἀγένητονο
1727 3413 1825 3468 καὶ
1869 3432 1975 3469 κα-

380 3503 572 3568 πνὸν,
600 3503 675 3567 ῶς
709 3520 860 3573 φασι,
901 3505 1155 3573 φεύγων,
1188 3503 1575 3575 ἐμπέπτωκεν
1609 3508 1696 3572 εὶς
1734 3507 1798 3560 τὸ
1827 3508 1968 3577 πῦρ.
1998 3564 2009 3573 ,

389 3596 514 3650 Ἵνα
541 3596 648 3668 γὰρ
693 3598 767 3668 μὴ
799 3597 908 3650 τῶν
937 3599 1065 3668 παρ’
1100 3598 1251 3669 ἡμῖν,
1280 3596 1356 3660 ὡς
1392 3598 1583 3665 οἴεται,
1630 3598 1814 3653 κακῶν
1865 3602 1969 3653 ὑπ-

383 3688 536 3760 έχειν
571 3690 701 3762 δοκῇ
734 3689 835 3755 τὰς
859 3690 1036 3755 αἰτίας
1058 3690 1254 3754 ὀΘεὸς,
1276 3691 1440 3755 αὐτὸς
1467 3708 1531 3760 γε
1560 3691 1688 3764 ὅλης
1713 3693 1854 3757 τινὸς
1877 3694 1972 3747 καὶ

385 3780 686 3853 ὁλοκλήρου
721 3783 851 3853 παρ’
890 3781 1037 3853 αὑτῷ
1061 3782 1258 3846 κακίας
1295 3782 1722 3854 παραπολαύειν.
1758 3786 1823 3838 Τί
1860 3786 1970 3857 γὰρ

360 3902 363 3907 -
385 3874 440 3925 εἰ
473 3872 843 3945 μακροθύμως
869 3873 962 3927 καὶ
987 3873 1189 3942 σοφῶς,
1214 3873 1289 3937 ῶς
1315 3889 1467 3943 φησι,
1501 3874 1967 3947 μεταχειρίζεταις

384 3963 506 4019 ἀλλ’
532 3965 681 4035 ὅμως
700 3964 802 4018 οὐκ
826 3964 1169 4036 ἀπολέμητος
1200 3965 1267 4019 ἂν
1294 3967 1379 4036 εἴη
1413 3966 1554 4021 κατά
1568 3984 1631 4035 γε
1659 3967 1758 4038 τὴν
1786 3967 1969 4022 τοιαύ-

378 4068 491 4128 ’την
527 4057 781 4110 ὑπόθεσιν
800 4072 813 4085 ·
842 4050 902 4111 οῦ
934 4056 985 4110 τί
1008 4056 1074 4112 ἀν
1103 4056 1313 4126 γένοιτο
1349 4057 1457 4110 τῶν
1490 4064 1813 4129 πρεπόντων
1841 4060 1972 4133 περὶ

376 4146 528 4201 Θεοῦ
549 4147 822 4219 λογισμῶν
847 4147 1267 4221 ἀλλοτριώτερον
1285 4166 1298 4213 ;

2080 3322 2245 3377 terire
2276 3329 2546 3389 nequeat,
2575 3328 2762 3387 utpote
2789 3328 2993 3375 aeterna
3020 3332 3075 3376 et
3096 3324 3367 3391 completa
3398 3324 3659 3380 substan—

2079 3415 2154 3467 tia
2174 3453 2189 3480 ,
2220 3424 2479 3483 tanquam
2508 3411 2751 3483 ingenita
2782 3431 2793 3466 :
2828 3412 2909 3466 sic
2931 3412 3134 3482 fugiens
3180 3412 3385 3476 fumum
3409 3453 3423 3477 .
3475 3422 3533 3467 ut
3572 3422 3661 3471 est

2076 3505 2134 3559 in
2165 3505 2488 3568 Proverbia,
2523 3506 2578 3558 in
2610 3520 2782 3575 ignem
2824 3504 3031 3560 incidit.
3064 3504 3273 3581 Etenim
3318 3521 3389 3560 ne
3412 3506 3658 3562 videatur

2074 3598 2253 3663 Deus,
2300 3605 2360 3651 ut
2398 3596 2734 3651 Manichacus
2778 3597 3090 3659 existimat,
3137 3607 3455 3652 nostrorum
3486 3600 3659 3655 malo-

2076 3705 2196 3746 rum
2218 3705 2342 3747 esse
2367 3689 2423 3744 in
2452 3704 2621 3744 causa
2645 3728 2660 3751 ,
2688 3704 2753 3744 ex
2782 3694 2899 3744 toto
2923 3688 3160 3757 quodam
3191 3696 3247 3744 et
3276 3691 3486 3762 integro
3512 3693 3657 3745 malo

2078 3784 2222 3855 apud
2253 3798 2313 3838 se
2341 3782 2578 3836 fructum
2607 3781 2761 3852 lingit
2785 3781 3087 3851 percipere.
3118 3781 3262 3847 Quid
3289 3784 3470 3849 enim,
3493 3784 3539 3839 si
3567 3798 3659 3839 res

2078 3883 2279 3931 tractat
2306 3875 2450 3932 Deus
2471 3915 2486 3937 ,
2519 3883 2578 3928 ut
2606 3874 2938 3929 Manicbaaus
2980 3874 3090 3938 ait,
3138 3875 3438 3931 toleranter
3481 3884 3536 3931 et
3568 3892 3658 3930 sa-

2077 3968 2332 4038 pienter?
2362 3978 2416 4021 at
2448 3984 2759 4036 nunquam.
2785 3966 3047 4036 opinione
3080 3966 3274 4035 hujus,
3307 3969 3447 4023 bello
3472 3979 3527 4023 et
3557 3986 3657 4039 pu-

2078 4075 2184 4130 gna
2224 4059 2476 4115 carebit:
2510 4075 2621 4129 quo
2661 4058 2795 4128 quid
2838 4066 3014 4129 potest
3042 4059 3110 4113 de
3134 4058 3245 4113 Deo
3280 4060 3424 4129 quod
3472 4060 3656 4117 minus

2079 4165 2202 4204 eum
2236 4149 2462 4214 deceat,
2495 4150 2727 4221 cogitari
2754 4149 2776 4201 ?

1525 4266 1652 4321 CAP.
1698 4266 1761 4320 li.
1791 4266 2190 4322 Catholicorum
2217 4266 2496 4319 sententia.

452 4354 586 4413 Ὅτι
633 4359 731 4429 μὲν
775 4358 884 4430 γὰρ
923 4358 1148 4423 εὐσεϐὲς
1178 4358 1285 4411 τῶν
1327 4359 1479 4428 παρά
1522 4357 1829 4431 ἀνθρώποις
1854 4358 1996 4414 ἄδι-ι

2140 4355 2298 4424 Quod
2333 4358 2483 4427 pium
2516 4357 2737 4427 quidem
2765 4358 2838 4411 sit
2867 4356 3011 4428 apud
3044 4357 3295 4413 homines
3316 4396 3332 4421 ,
3364 4357 3495 4413 totis
3521 4359 3654 4413 viri-

376 4450 653 4524 ’πημάτων
685 4450 924 4505 ἀναίτιον
969 4451 1130 4505 παντὶ
1159 4449 1336 4504 σθένει
1374 4451 1465 4503 τὸν
1505 4450 1636 4505 Θεὸν
1668 4450 1968 4521 ὁμολογεῖν,

380 4540 609 4614 πρῶτος
634 4539 955 4611 πρεσϐεύειν
977 4540 1278 4596 ἐσπούδακε
1302 4541 1403 4611 τῆς
1423 4541 1717 4613 καθολικῆς
1752 4541 1975 4612 Ἐκκλη-

380 4636 512 4699 σίας
541 4634 570 4686 ὁ
596 4632 753 4700 λόγος
771 4648 784 4664 ·
806 4631 1135 4705 ζητουμένου
1155 4634 1231 4699 δὲ,
1258 4636 1379 4689 τίνα
1402 4636 1602 4707 τρόπον
1622 4635 1975 4708 πλημμελοῦ-

382 4745 492 4802 μεν
531 4727 715 4797 ἡμεῖς,
740 4723 835 4777 τοῦ
868 4725 1002 4779 Θεοῦ
1036 4726 1113 4797 μὴ
1149 4726 1494 4797 βουλομένου,
1520 4729 1582 4781 οὐ
1626 4730 1757 4799 περὶ
1788 4727 1973 4800 μειζό-

378 4836 496 4876 νων
542 4815 958 4887 κατηγοροῦμεν
1000 4816 1157 4882 Θεοῦ,
1207 4819 1335 4889 περ)⁸
1383 4819 1742 4890 μικροτέρων,
1784 4818 1975 4895 ῶσπερ

380 4913 617 4972 ἐκεῖνος,
636 4906 1023 4975 ἀπολογεῖσθαι
1055 4907 1365 4979 βουλόμενοι
1383 4908 1478 4979 (1).

472 4997 611 5053 Ἀλλ’
645 4996 813 5068 αὐτὴν
835 4997 933 5068 τῆς
956 4996 1211 5069 ἀληθείας
1233 4998 1333 5066 τὴν
1354 4997 1492 5063 ὁδὸν,
1523 4997 1588 5051 ἐκ
1602 5014 1660 5051 τε
1675 4997 1782 5050 τῶν
1803 4997 1974 5067 ἀγίων

382 5090 626 5165 Γραφῶν
666 5090 761 5145 καὶ⁹
800 5088 907 5144 τῶν
952 5087 1147 5142 κοινῶν
1193 5088 1410 5142 ἐννοιῶν
1444 5087 1678 5159 ἔχοντες,
1717 5088 1973 5158 ἀσφαλῶς

382 5181 645 5250 ὀδεύομεν
667 5181 765 5252 (I‘)
787 5180 923 5252 πρὸς
940 5179 1036 5251 τὴν
1051 5179 1304 5250 τοιαύτην
1328 5179 1575 5252 ζήτησιν,
1597 5179 1675 5251 τῷ
1698 5196 1762 5249 γε
1789 5180 1973 5242 αὐτοῖς

386 5269 701 5341 φιλαλήθως
724 5270 1153 5342 προσεγκαλεῖν,
1190 5269 1387 5341 εὐσεϐῆ
1436 5271 1536 5341 τὴν
1579 5269 1853 5335 ἀπόδειξιν
1873 5269 1972 5341 τὴν

384 5360 538 5431 ὑπὲρ
574 5359 708 5414 Θεοῦ
751 5361 1064 5433 ποιούμενοι
1088 5378 1103 5393 ’
1155 5362 1215 5415 οὺ
1257 5362 1365 5433 γὰρ
1413 5362 1501 5416 ἵνα
1546 5360 1624 5434 τῷ
1672 5361 1817 5433 λόγῳ
1859 5361 1974 5415 δια-

381 5448 705 5523 φεύγωμεν,
729 5442 803 5503 ὧν
831 5453 908 5515 εἰς
934 5449 1192 5522 ἀλλήλους
1222 5449 1649 5522 πλημμελοῦμεν
1679 5450 1748 5505 τὰ
1777 5451 1974 5523 ἐγκλή-

382 5558 564 5616 ματα,
630 5542 901 5613 προσῆκεν
954 5546 1033 5607 εἰς
1088 5543 1218 5597 Θεὸν
1270 5543 1507 5609 ἀσεϐεῖν,
1564 5545 1972 5615 πραττομένους

381 5636 522 5707 παρ’
553 5631 718 5686 αὑτοῦ
750 5634 819 5687 τὰ
858 5637 1073 5690 πάντων
1103 5635 1538 5710 ὑϐριστικώτερα
1576 5639 1671 5692 καὶ
1706 5637 1971 5711 μηδαμῶς

378 5728 518 5783 ὅντα

458 5837 539 5912 (l)
569 5835 750 5910 Vulg.,
779 5840 1130 5914 Βουλόμενος.
1171 5845 1327 5901 Eutr.

2073 4449 2178 4506 bus
2208 4450 2453 4504 conﬁteri
2473 4490 2487 4514 ,
2523 4449 2688 4504 Deum
2718 4465 2825 4503 non
2857 4465 2980 4505 esse
3010 4449 3336 4520 injuriarum
3364 4458 3417 4506 et
3445 4451 3654 4507 maleﬁ-

2070 4542 2285 4598 ciorum
2316 4551 2598 4596 auctorem
2621 4585 2635 4606 ,
2669 4542 2847 4611 prima
2879 4542 3133 4598 doctrina
3164 4542 3425 4600 Ecclesiae
3465 4546 3655 4602 catho-

2071 4634 2193 4690 lica!
2238 4633 2454 4690 studuit
2483 4634 2751 4704 proﬁteri.
2785 4634 2923 4691 Cum
2956 4645 3140 4691 autem
3173 4638 3472 4707 quaerimus
3513 4655 3653 4708 quo-

2072 4725 2238 4782 modo
2282 4742 2385 4783 nos
2424 4742 2714 4797 peccemus
2755 4729 2976 4785 nolente
3017 4728 3165 4796 Deo,
3217 4737 3277 4784 ut
3327 4745 3653 4801 peccemus,

2072 4815 2140 4871 de
2172 4817 2521 4887 gravioribus
2551 4833 2657 4871 non
2690 4817 2859 4873 Deum
2889 4835 3235 4886 accusamus,
3268 4838 3395 4879 cum
3427 4839 3456 4878 a
3485 4823 3655 4879 levio—

2073 4908 2226 4963 ribus
2250 4924 2374 4963 eum
2392 4946 2408 4972 ,
2441 4910 2587 4963 sicut
2615 4910 2739 4973 ille,
2770 4911 3066 4969 defendere
3092 4916 3366 4972 volumus.

2146 4999 2203 5054 Si
2231 5001 2325 5070 qui
2352 5000 2497 5053 viam
2530 5001 2778 5058 veritatis
2806 5019 2873 5059 ex
2904 5008 3114 5061 sanctis
3158 5005 3461 5079 Scripturis
3501 5017 3556 5064 et
3585 5025 3653 5065 ex

2073 5091 2455 5147 communibus
2486 5092 2807 5150 notionibus
2836 5096 3109 5167 cognitam
3138 5098 3426 5162 habemus,
3451 5116 3650 5171 perga-

2072 5197 2196 5237 mus
2227 5180 2379 5236 ﬁrme
2407 5181 2476 5236 ad
2507 5183 2669 5238 talem
2700 5187 3083 5254 quaestionem,
3118 5189 3259 5258 piam
3304 5199 3654 5260 argumenta—

2076 5275 2277 5330 tionem
2325 5288 2426 5345 pro
2473 5273 2584 5328 Deo
2633 5276 3064 5344 concludentes,
3116 5294 3218 5335 nos
3267 5281 3419 5351 ipsos
3468 5280 3652 5337 studio

2073 5364 2328 5421 veritatis
2358 5366 2674 5422 accusando
2704 5385 2718 5422 :
2750 5384 2862 5423 non
2888 5372 3034 5425 enim
3067 5379 3126 5426 ut
3150 5373 3316 5428 verbo
3340 5377 3652 5429 accusatio-

2072 5473 2197 5513 nem
2226 5471 2416 5513 eorum
2439 5496 2455 5522 ,
2486 5473 2609 5528 qua:
2639 5458 2694 5513 in
2724 5475 2826 5516 nos
2857 5462 2999 5517 inter
3042 5479 3145 5520 nos
3187 5480 3514 5535 peccamus.
3554 5466 3652 5522 dc-

2072 5552 2372 5616 clinemus,
2400 5550 2629 5608 decebat
2652 5553 2710 5607 in
2740 5555 2907 5611 Deum
2940 5557 3141 5627 impios
3165 5572 3290 5615 esse
3309 5597 3324 5625 ,
3356 5568 3648 5630 poscentes

2074 5641 2142 5695 ab
2180 5656 2247 5695 eo
2287 5657 2409 5711 quae
2450 5653 2580 5698 sunt
2606 5646 3092 5703 contumeliosiora
3119 5651 3409 5720 omnibus,
3442 5659 3497 5708 et
3525 5668 3649 5723 quas

1999 5712 2041 5764 θ
2070 5748 2414 5803 nequaquam
2441 5744 2585 5793 sunt.

2144 5849 2240 5920 (l1)
2275 5848 2456 5919 Forte,
2496 5852 2782 5924 ὀδεύωμεν.
2820 5854 2972 5915 Eot’t.
