  <div class='ocr_page' id='page_1' title='image "/cluster/home/n/w/nwhite01/storage/ocr_20150623/18/coo.31924054872985/549.png"; bbox 0 0 4100 6460; ppageno 0'>
   <div class='ocr_carea' id='block_1_1' title="bbox 458 388 589 448">
    <p class='ocr_par' dir='ltr' id='par_1_1' title="bbox 458 388 589 448">
     <span class='ocr_line' id='line_1_1' title="bbox 458 388 589 448; baseline -0.008 0"><span class='ocrx_word' id='word_1_1' title='bbox 458 388 589 448; x_wconf 60' lang='grc'><strong>103⁷1</strong></span> 
     </span>
    </p>
   </div>
   <div class='ocr_carea' id='block_1_2' title="bbox 1582 332 2531 441">
    <p class='ocr_par' dir='ltr' id='par_1_2' title="bbox 1582 332 2531 441">
     <span class='ocr_line' id='line_1_2' title="bbox 1582 332 2531 441; baseline 0.001 -3"><span class='ocrx_word' id='word_1_2' title='bbox 1582 385 1719 439; x_wconf 86' lang='lat' dir='ltr'><strong>TlTl</strong></span> <span class='ocrx_word' id='word_1_3' title='bbox 1753 382 2184 439; x_wconf 81' lang='lat' dir='ltr'><strong>BOSTRENSIS</strong></span> <span class='ocrx_word' id='word_1_4' title='bbox 2221 332 2531 441; x_wconf 55' lang='lat' dir='ltr'><strong>Ei’lSCOPl</strong></span> 
     </span>
    </p>
   </div>
   <div class='ocr_carea' id='block_1_3' title="bbox 3566 390 3706 446">
    <p class='ocr_par' dir='ltr' id='par_1_3' title="bbox 3566 390 3706 446">
     <span class='ocr_line' id='line_1_3' title="bbox 3566 390 3706 446; baseline -0.014 -2"><span class='ocrx_word' id='word_1_5' title='bbox 3566 390 3706 446; x_wconf 74' lang='grc'>1072</span> 
     </span>
    </p>
   </div>
   <div class='ocr_carea' id='block_1_4' title="bbox 525 499 2048 576">
    <p class='ocr_par' dir='ltr' id='par_1_4' title="bbox 525 500 2031 574">
     <span class='ocr_line' id='line_1_4' title="bbox 525 500 2031 574; baseline -0.005 -12"><span class='ocrx_word' id='word_1_6' title='bbox 525 504 795 562; x_wconf 61' lang='lat' dir='ltr'><strong>Praeterea</strong></span> <span class='ocrx_word' id='word_1_7' title='bbox 824 504 919 574; x_wconf 99' lang='lat' dir='ltr'><strong>qui</strong></span> <span class='ocrx_word' id='word_1_8' title='bbox 953 503 1333 558; x_wconf 76' lang='lat' dir='ltr'><strong>existimamus</strong></span> <span class='ocrx_word' id='word_1_9' title='bbox 1355 509 1584 572; x_wconf 90' lang='lat' dir='ltr'><strong>peccata</strong></span> <span class='ocrx_word' id='word_1_10' title='bbox 1610 502 1753 571; x_wconf 88' lang='lat' dir='ltr'><strong>apud</strong></span> <span class='ocrx_word' id='word_1_11' title='bbox 1783 500 2031 556; x_wconf 87' lang='lat' dir='ltr'><strong>homines</strong></span> 
     </span>
    </p>
   </div>
   <div class='ocr_carea' id='block_1_5' title="bbox 2148 499 3710 576">
    <p class='ocr_par' dir='ltr' id='par_1_5' title="bbox 2202 499 3710 576">
     <span class='ocr_line' id='line_1_5' title="bbox 2202 499 3710 576; baseline 0.002 -21"><span class='ocrx_word' id='word_1_12' title='bbox 2202 500 2346 571; x_wconf 82' lang='grc' dir='ltr'>Πρὸς</span> <span class='ocrx_word' id='word_1_13' title='bbox 2373 500 2431 554; x_wconf 86' lang='grc' dir='ltr'>δὲ</span> <span class='ocrx_word' id='word_1_14' title='bbox 2464 499 2671 564; x_wconf 81' lang='grc' dir='ltr'><strong>τούτοις</strong></span> <span class='ocrx_word' id='word_1_15' title='bbox 2701 500 2893 572; x_wconf 78' lang='grc' dir='ltr'>ίάσιμα</span> <span class='ocrx_word' id='word_1_16' title='bbox 2924 502 2991 557; x_wconf 83' lang='grc' dir='ltr'><strong>τά</strong></span> <span class='ocrx_word' id='word_1_17' title='bbox 3018 503 3168 575; x_wconf 87' lang='grc' dir='ltr'><strong>παρά</strong></span> <span class='ocrx_word' id='word_1_18' title='bbox 3199 503 3505 575; x_wconf 85' lang='grc' dir='ltr'>ἀνθρώποις</span> <span class='ocrx_word' id='word_1_19' title='bbox 3528 506 3710 576; x_wconf 85' lang='grc' dir='ltr'>ἁμαρ-</span> 
     </span>
    </p>
   </div>
   <div class='ocr_carea' id='block_1_6' title="bbox 462 591 2031 665">
    <p class='ocr_par' dir='ltr' id='par_1_6' title="bbox 462 591 2031 665">
     <span class='ocr_line' id='line_1_6' title="bbox 462 591 2031 665; baseline -0.007 -10"><span class='ocrx_word' id='word_1_20' title='bbox 462 598 725 655; x_wconf 82' lang='lat' dir='ltr'><strong>sanabilia</strong></span> <span class='ocrx_word' id='word_1_21' title='bbox 754 611 877 652; x_wconf 88' lang='lat' dir='ltr'><strong>esse</strong></span> <span class='ocrx_word' id='word_1_22' title='bbox 896 635 912 660; x_wconf 91' lang='lat'><strong>,</strong></span> <span class='ocrx_word' id='word_1_23' title='bbox 945 603 1135 665; x_wconf 92' lang='lat' dir='ltr'><strong>utpote</strong></span> <span class='ocrx_word' id='word_1_24' title='bbox 1164 608 1284 664; x_wconf 72' lang='lat' dir='ltr'><strong>qua:</strong></span> <span class='ocrx_word' id='word_1_25' title='bbox 1312 610 1422 648; x_wconf 90' lang='lat' dir='ltr'><strong>non</strong></span> <span class='ocrx_word' id='word_1_26' title='bbox 1448 608 1478 646; x_wconf 87' lang='lat' dir='ltr'><strong>a</strong></span> <span class='ocrx_word' id='word_1_27' title='bbox 1504 594 1773 664; x_wconf 89' lang='lat' dir='ltr'><strong>principio</strong></span> <span class='ocrx_word' id='word_1_28' title='bbox 1797 591 2031 662; x_wconf 90' lang='lat' dir='ltr'><strong>quodam</strong></span> 
     </span>
    </p>
   </div>
   <div class='ocr_carea' id='block_1_7' title="bbox 463 682 2034 749">
    <p class='ocr_par' dir='ltr' id='par_1_7' title="bbox 463 682 2034 749">
     <span class='ocr_line' id='line_1_7' title="bbox 463 682 2034 749; baseline -0.004 -6"><span class='ocrx_word' id='word_1_29' title='bbox 463 696 653 743; x_wconf 88' lang='lat' dir='ltr'><strong>contra</strong></span> <span class='ocrx_word' id='word_1_30' title='bbox 686 701 779 742; x_wconf 86' lang='lat' dir='ltr'><strong>eos</strong></span> <span class='ocrx_word' id='word_1_31' title='bbox 807 685 1063 749; x_wconf 72' lang='lat' dir='ltr'><strong>efﬂuant,</strong></span> <span class='ocrx_word' id='word_1_32' title='bbox 1095 684 1192 740; x_wconf 88' lang='lat' dir='ltr'><strong>sed</strong></span> <span class='ocrx_word' id='word_1_33' title='bbox 1238 684 1347 739; x_wconf 92' lang='lat' dir='ltr'><strong>alio</strong></span> <span class='ocrx_word' id='word_1_34' title='bbox 1399 685 1563 739; x_wconf 88' lang='lat' dir='ltr'><strong>modo</strong></span> <span class='ocrx_word' id='word_1_35' title='bbox 1610 698 1641 737; x_wconf 90' lang='lat' dir='ltr'><strong>a</strong></span> <span class='ocrx_word' id='word_1_36' title='bbox 1691 684 1852 739; x_wconf 90' lang='lat' dir='ltr'><strong>nobis</strong></span> <span class='ocrx_word' id='word_1_37' title='bbox 1901 682 2034 737; x_wconf 83' lang='lat' dir='ltr'><strong>ﬁant</strong></span> 
     </span>
    </p>
   </div>
   <div class='ocr_carea' id='block_1_8' title="bbox 465 775 2031 851">
    <p class='ocr_par' dir='ltr' id='par_1_8' title="bbox 465 775 2031 851">
     <span class='ocr_line' id='line_1_8' title="bbox 465 775 2031 851; baseline -0.004 -16"><span class='ocrx_word' id='word_1_38' title='bbox 465 783 665 851; x_wconf 79' lang='lat' dir='ltr'><strong>(quem</strong></span> <span class='ocrx_word' id='word_1_39' title='bbox 709 778 1009 849; x_wconf 75' lang='lat' dir='ltr'><strong>disputatio</strong></span> <span class='ocrx_word' id='word_1_40' title='bbox 1049 792 1149 832; x_wconf 89' lang='lat' dir='ltr'><strong>suo</strong></span> <span class='ocrx_word' id='word_1_41' title='bbox 1196 785 1438 847; x_wconf 89' lang='lat' dir='ltr'><strong>tempore</strong></span> <span class='ocrx_word' id='word_1_42' title='bbox 1483 775 1879 846; x_wconf 72' lang='lat' dir='ltr'><strong>explanabit),</strong></span> <span class='ocrx_word' id='word_1_43' title='bbox 1925 790 2031 830; x_wconf 92' lang='lat' dir='ltr'><strong>non</strong></span> 
     </span>
    </p>
   </div>
   <div class='ocr_carea' id='block_1_9' title="bbox 464 868 2033 939">
    <p class='ocr_par' dir='ltr' id='par_1_9' title="bbox 464 868 2033 939">
     <span class='ocr_line' id='line_1_9' title="bbox 464 868 2033 939; baseline -0.003 -13"><span class='ocrx_word' id='word_1_44' title='bbox 464 872 639 927; x_wconf 80' lang='lat' dir='ltr'><strong>solum</strong></span> <span class='ocrx_word' id='word_1_45' title='bbox 675 886 785 926; x_wconf 91' lang='lat' dir='ltr'><strong>non</strong></span> <span class='ocrx_word' id='word_1_46' title='bbox 829 887 1021 926; x_wconf 91' lang='lat' dir='ltr'><strong>sumus</strong></span> <span class='ocrx_word' id='word_1_47' title='bbox 1064 870 1121 923; x_wconf 93' lang='lat' dir='ltr'><strong>in</strong></span> <span class='ocrx_word' id='word_1_48' title='bbox 1165 868 1337 924; x_wconf 88' lang='lat' dir='ltr'><strong>Deum</strong></span> <span class='ocrx_word' id='word_1_49' title='bbox 1384 869 1568 939; x_wconf 86' lang='lat' dir='ltr'><strong>impii,</strong></span> <span class='ocrx_word' id='word_1_50' title='bbox 1610 884 1721 923; x_wconf 91' lang='lat' dir='ltr'><strong>non</strong></span> <span class='ocrx_word' id='word_1_51' title='bbox 1760 868 2033 922; x_wconf 79' lang='lat' dir='ltr'><strong>audentes</strong></span> 
     </span>
    </p>
   </div>
   <div class='ocr_carea' id='block_1_10' title="bbox 464 959 2034 1035">
    <p class='ocr_par' dir='ltr' id='par_1_10' title="bbox 464 959 2034 1035">
     <span class='ocr_line' id='line_1_10' title="bbox 464 959 2034 1035; baseline -0.005 -14"><span class='ocrx_word' id='word_1_52' title='bbox 464 967 838 1035; x_wconf 87' lang='lat' dir='ltr'><strong>conjecturam</strong></span> <span class='ocrx_word' id='word_1_53' title='bbox 871 963 1081 1028; x_wconf 81' lang='lat' dir='ltr'><strong>facere,</strong></span> <span class='ocrx_word' id='word_1_54' title='bbox 1110 977 1220 1016; x_wconf 91' lang='lat' dir='ltr'><strong>non</strong></span> <span class='ocrx_word' id='word_1_55' title='bbox 1250 975 1413 1031; x_wconf 87' lang='lat' dir='ltr'><strong>posse</strong></span> <span class='ocrx_word' id='word_1_56' title='bbox 1442 959 1610 1014; x_wconf 91' lang='lat' dir='ltr'><strong>Deum</strong></span> <span class='ocrx_word' id='word_1_57' title='bbox 1641 969 1866 1031; x_wconf 82' lang='lat' dir='ltr'><strong>propter</strong></span> <span class='ocrx_word' id='word_1_58' title='bbox 1895 959 2034 1015; x_wconf 83' lang='lat' dir='ltr'><strong>dilli-</strong></span> 
     </span>
    </p>
   </div>
   <div class='ocr_carea' id='block_1_11' title="bbox 466 1051 2035 1123">
    <p class='ocr_par' dir='ltr' id='par_1_11' title="bbox 466 1051 2035 1123">
     <span class='ocr_line' id='line_1_11' title="bbox 466 1051 2035 1123; baseline -0.005 -10"><span class='ocrx_word' id='word_1_59' title='bbox 466 1060 725 1113; x_wconf 83' lang='lat' dir='ltr'><strong>cultatem</strong></span> <span class='ocrx_word' id='word_1_60' title='bbox 754 1055 1013 1111; x_wconf 88' lang='lat' dir='ltr'><strong>resistere</strong></span> <span class='ocrx_word' id='word_1_61' title='bbox 1037 1054 1167 1108; x_wconf 89' lang='lat' dir='ltr'><strong>vitio</strong></span> <span class='ocrx_word' id='word_1_62' title='bbox 1197 1052 1340 1123; x_wconf 92' lang='lat' dir='ltr'><strong>quod</strong></span> <span class='ocrx_word' id='word_1_63' title='bbox 1370 1052 1420 1106; x_wconf 92' lang='lat' dir='ltr'><strong>ei</strong></span> <span class='ocrx_word' id='word_1_64' title='bbox 1448 1066 1555 1106; x_wconf 91' lang='lat' dir='ltr'><strong>non</strong></span> <span class='ocrx_word' id='word_1_65' title='bbox 1580 1051 1761 1115; x_wconf 83' lang='lat' dir='ltr'><strong>inest,</strong></span> <span class='ocrx_word' id='word_1_66' title='bbox 1794 1052 1889 1111; x_wconf 88' lang='lat' dir='ltr'><strong>sed</strong></span> <span class='ocrx_word' id='word_1_67' title='bbox 1914 1065 2035 1122; x_wconf 72' lang='lat' dir='ltr'><strong>qua:</strong></span> 
     </span>
    </p>
   </div>
   <div class='ocr_carea' id='block_1_12' title="bbox 466 1143 2031 1216">
    <p class='ocr_par' dir='ltr' id='par_1_12' title="bbox 466 1143 2031 1216">
     <span class='ocr_line' id='line_1_12' title="bbox 466 1143 2031 1216; baseline -0.005 -12"><span class='ocrx_word' id='word_1_68' title='bbox 466 1170 499 1204; x_wconf 76' lang='grc' dir='ltr'><strong>ιι</strong></span> <span class='ocrx_word' id='word_1_69' title='bbox 546 1149 707 1206; x_wconf 87' lang='lat' dir='ltr'><strong>nobis</strong></span> <span class='ocrx_word' id='word_1_70' title='bbox 762 1148 957 1203; x_wconf 86' lang='lat' dir='ltr'><strong>vitiose</strong></span> <span class='ocrx_word' id='word_1_71' title='bbox 1003 1154 1259 1216; x_wconf 85' lang='lat' dir='ltr'><strong>aguntur,</strong></span> <span class='ocrx_word' id='word_1_72' title='bbox 1306 1144 1535 1198; x_wconf 87' lang='lat' dir='ltr'><strong>nitimur</strong></span> <span class='ocrx_word' id='word_1_73' title='bbox 1565 1144 1620 1197; x_wconf 93' lang='lat' dir='ltr'><strong>in</strong></span> <span class='ocrx_word' id='word_1_74' title='bbox 1659 1143 1740 1199; x_wconf 91' lang='lat' dir='ltr'><strong>eis</strong></span> <span class='ocrx_word' id='word_1_75' title='bbox 1773 1158 2031 1210; x_wconf 86' lang='lat' dir='ltr'><strong>cessare;</strong></span> 
     </span>
    </p>
   </div>
   <div class='ocr_carea' id='block_1_13' title="bbox 469 1234 2034 1309">
    <p class='ocr_par' dir='ltr' id='par_1_13' title="bbox 469 1234 2034 1309">
     <span class='ocr_line' id='line_1_13' title="bbox 469 1234 2034 1309; baseline -0.006 -13"><span class='ocrx_word' id='word_1_76' title='bbox 469 1256 595 1296; x_wconf 92' lang='lat' dir='ltr'><strong>cum</strong></span> <span class='ocrx_word' id='word_1_77' title='bbox 616 1240 684 1294; x_wconf 89' lang='lat' dir='ltr'><strong>iis</strong></span> <span class='ocrx_word' id='word_1_78' title='bbox 713 1239 805 1309; x_wconf 88' lang='lat' dir='ltr'><strong>qui</strong></span> <span class='ocrx_word' id='word_1_79' title='bbox 834 1239 1151 1299; x_wconf 88' lang='lat' dir='ltr'><strong>advertunt,</strong></span> <span class='ocrx_word' id='word_1_80' title='bbox 1179 1234 1622 1291; x_wconf 84' lang='lat' dir='ltr'><strong>demonstramus</strong></span> <span class='ocrx_word' id='word_1_81' title='bbox 1640 1273 1654 1296; x_wconf 83' lang='lat'><strong>,</strong></span> <span class='ocrx_word' id='word_1_82' title='bbox 1679 1249 1799 1304; x_wconf 67' lang='lat' dir='ltr'><strong>qua:</strong></span> <span class='ocrx_word' id='word_1_83' title='bbox 1822 1249 1850 1288; x_wconf 92' lang='lat' dir='ltr'><strong>a</strong></span> <span class='ocrx_word' id='word_1_84' title='bbox 1872 1234 2034 1289; x_wconf 87' lang='lat' dir='ltr'><strong>nobis</strong></span> 
     </span>
    </p>
   </div>
   <div class='ocr_carea' id='block_1_14' title="bbox 464 1326 2034 1404">
    <p class='ocr_par' dir='ltr' id='par_1_14' title="bbox 464 1326 2034 1404">
     <span class='ocr_line' id='line_1_14' title="bbox 464 1326 2034 1404; baseline -0.003 -17"><span class='ocrx_word' id='word_1_85' title='bbox 464 1330 800 1404; x_wconf 84' lang='lat' dir='ltr'><strong>principium</strong></span> <span class='ocrx_word' id='word_1_86' title='bbox 846 1331 1085 1395; x_wconf 87' lang='lat' dir='ltr'><strong>ducunt,</strong></span> <span class='ocrx_word' id='word_1_87' title='bbox 1130 1335 1188 1382; x_wconf 95' lang='lat' dir='ltr'><strong>ut</strong></span> <span class='ocrx_word' id='word_1_88' title='bbox 1222 1326 1388 1393; x_wconf 83' lang='lat' dir='ltr'><strong>ﬁant,</strong></span> <span class='ocrx_word' id='word_1_89' title='bbox 1433 1341 1531 1397; x_wconf 88' lang='lat' dir='ltr'><strong>per</strong></span> <span class='ocrx_word' id='word_1_90' title='bbox 1574 1341 1675 1381; x_wconf 90' lang='lat' dir='ltr'><strong>nos</strong></span> <span class='ocrx_word' id='word_1_91' title='bbox 1723 1326 1920 1391; x_wconf 89' lang='lat' dir='ltr'><strong>etiam,</strong></span> <span class='ocrx_word' id='word_1_92' title='bbox 1964 1342 2034 1382; x_wconf 91' lang='lat' dir='ltr'><strong>ne</strong></span> 
     </span>
    </p>
   </div>
   <div class='ocr_carea' id='block_1_15' title="bbox 470 1419 2033 1489">
    <p class='ocr_par' dir='ltr' id='par_1_15' title="bbox 470 1419 2033 1489">
     <span class='ocr_line' id='line_1_15' title="bbox 470 1419 2033 1489; baseline -0.003 -12"><span class='ocrx_word' id='word_1_93' title='bbox 470 1423 629 1486; x_wconf 85' lang='lat' dir='ltr'><strong>ﬁant,</strong></span> <span class='ocrx_word' id='word_1_94' title='bbox 661 1422 821 1477; x_wconf 83' lang='lat' dir='ltr'><strong>linem</strong></span> <span class='ocrx_word' id='word_1_95' title='bbox 848 1419 1099 1488; x_wconf 89' lang='lat' dir='ltr'><strong>assequi,</strong></span> <span class='ocrx_word' id='word_1_96' title='bbox 1130 1420 1346 1473; x_wconf 86' lang='lat' dir='ltr'><strong>tametsi</strong></span> <span class='ocrx_word' id='word_1_97' title='bbox 1369 1432 1475 1471; x_wconf 89' lang='lat' dir='ltr'><strong>non</strong></span> <span class='ocrx_word' id='word_1_98' title='bbox 1500 1419 1641 1489; x_wconf 90' lang='lat' dir='ltr'><strong>apud</strong></span> <span class='ocrx_word' id='word_1_99' title='bbox 1666 1433 1856 1473; x_wconf 89' lang='lat' dir='ltr'><strong>omnes</strong></span> <span class='ocrx_word' id='word_1_100' title='bbox 1880 1438 1896 1487; x_wconf 90' lang='lat'><strong>;</strong></span> <span class='ocrx_word' id='word_1_101' title='bbox 1925 1434 2033 1473; x_wconf 93' lang='lat' dir='ltr'><strong>non</strong></span> 
     </span>
    </p>
   </div>
   <div class='ocr_carea' id='block_1_16' title="bbox 470 1510 2035 1584">
    <p class='ocr_par' dir='ltr' id='par_1_16' title="bbox 470 1510 2035 1584">
     <span class='ocr_line' id='line_1_16' title="bbox 470 1510 2035 1584; baseline -0.001 -15"><span class='ocrx_word' id='word_1_102' title='bbox 470 1516 615 1569; x_wconf 91' lang='lat' dir='ltr'><strong>enim</strong></span> <span class='ocrx_word' id='word_1_103' title='bbox 646 1514 752 1568; x_wconf 91' lang='lat' dir='ltr'><strong>hoc</strong></span> <span class='ocrx_word' id='word_1_104' title='bbox 781 1512 1033 1584; x_wconf 77' lang='lat' dir='ltr'><strong>generale</strong></span> <span class='ocrx_word' id='word_1_105' title='bbox 1061 1511 1118 1566; x_wconf 91' lang='lat' dir='ltr'><strong>in</strong></span> <span class='ocrx_word' id='word_1_106' title='bbox 1147 1510 1380 1582; x_wconf 77' lang='lat' dir='ltr'><strong>singulis</strong></span> <span class='ocrx_word' id='word_1_107' title='bbox 1408 1519 1493 1566; x_wconf 90' lang='lat' dir='ltr'><strong>est</strong></span> <span class='ocrx_word' id='word_1_108' title='bbox 1513 1551 1528 1575; x_wconf 93' lang='lat'><strong>,</strong></span> <span class='ocrx_word' id='word_1_109' title='bbox 1564 1511 1657 1565; x_wconf 91' lang='lat' dir='ltr'><strong>sed</strong></span> <span class='ocrx_word' id='word_1_110' title='bbox 1707 1511 1761 1564; x_wconf 91' lang='lat' dir='ltr'><strong>in</strong></span> <span class='ocrx_word' id='word_1_111' title='bbox 1805 1512 2035 1582; x_wconf 79' lang='lat' dir='ltr'><strong>singulis</strong></span> 
     </span>
    </p>
   </div>
   <div class='ocr_carea' id='block_1_17' title="bbox 470 1602 2033 1674">
    <p class='ocr_par' dir='ltr' id='par_1_17' title="bbox 470 1602 2033 1674">
     <span class='ocr_line' id='line_1_17' title="bbox 470 1602 2033 1674; baseline -0.003 -13"><span class='ocrx_word' id='word_1_112' title='bbox 470 1620 658 1660; x_wconf 90' lang='lat' dir='ltr'><strong>eorum</strong></span> <span class='ocrx_word' id='word_1_113' title='bbox 685 1604 779 1674; x_wconf 90' lang='lat' dir='ltr'><strong>qui</strong></span> <span class='ocrx_word' id='word_1_114' title='bbox 809 1602 1050 1659; x_wconf 90' lang='lat' dir='ltr'><strong>studium</strong></span> <span class='ocrx_word' id='word_1_115' title='bbox 1094 1602 1460 1656; x_wconf 88' lang='lat' dir='ltr'><strong>adhibuerunt</strong></span> <span class='ocrx_word' id='word_1_116' title='bbox 1502 1602 1809 1671; x_wconf 90' lang='lat' dir='ltr'><strong>(judicium</strong></span> <span class='ocrx_word' id='word_1_117' title='bbox 1856 1613 2033 1657; x_wconf 89' lang='lat' dir='ltr'><strong>tamen</strong></span> 
     </span>
    </p>
   </div>
   <div class='ocr_carea' id='block_1_18' title="bbox 473 1694 2036 1766">
    <p class='ocr_par' dir='ltr' id='par_1_18' title="bbox 473 1694 2036 1766">
     <span class='ocr_line' id='line_1_18' title="bbox 473 1694 2036 1766; baseline -0.001 -16"><span class='ocrx_word' id='word_1_118' title='bbox 473 1697 712 1751; x_wconf 85' lang='lat' dir='ltr'><strong>universi</strong></span> <span class='ocrx_word' id='word_1_119' title='bbox 738 1702 823 1751; x_wconf 91' lang='lat' dir='ltr'><strong>est</strong></span> <span class='ocrx_word' id='word_1_120' title='bbox 846 1736 860 1760; x_wconf 87' lang='lat'><strong>,</strong></span> <span class='ocrx_word' id='word_1_121' title='bbox 896 1709 1059 1766; x_wconf 87' lang='lat' dir='ltr'><strong>posse</strong></span> <span class='ocrx_word' id='word_1_122' title='bbox 1084 1709 1209 1749; x_wconf 88' lang='lat' dir='ltr'><strong>esse</strong></span> <span class='ocrx_word' id='word_1_123' title='bbox 1240 1694 1294 1748; x_wconf 93' lang='lat' dir='ltr'><strong>in</strong></span> <span class='ocrx_word' id='word_1_124' title='bbox 1326 1694 1618 1765; x_wconf 85' lang='lat' dir='ltr'><strong>singulis).</strong></span> <span class='ocrx_word' id='word_1_125' title='bbox 1644 1694 2036 1749; x_wconf 81' lang='lat' dir='ltr'><strong>Verumtamen</strong></span> 
     </span>
    </p>
   </div>
   <div class='ocr_carea' id='block_1_19' title="bbox 459 1787 2036 1860">
    <p class='ocr_par' dir='ltr' id='par_1_19' title="bbox 459 1787 2036 1860">
     <span class='ocr_line' id='line_1_19' title="bbox 459 1787 2036 1860; baseline 0 -18"><span class='ocrx_word' id='word_1_126' title='bbox 459 1790 564 1860; x_wconf 87' lang='lat' dir='ltr'><strong>-qni</strong></span> <span class='ocrx_word' id='word_1_127' title='bbox 591 1788 822 1843; x_wconf 88' lang='lat' dir='ltr'><strong>barbare</strong></span> <span class='ocrx_word' id='word_1_128' title='bbox 864 1802 990 1842; x_wconf 90' lang='lat' dir='ltr'><strong>cum</strong></span> <span class='ocrx_word' id='word_1_129' title='bbox 1037 1787 1369 1858; x_wconf 88' lang='lat' dir='ltr'><strong>impietatem</strong></span> <span class='ocrx_word' id='word_1_130' title='bbox 1416 1787 1778 1858; x_wconf 72' lang='lat' dir='ltr'><strong>echgitavit,</strong></span> <span class='ocrx_word' id='word_1_131' title='bbox 1829 1787 2036 1858; x_wconf 84' lang='lat' dir='ltr'><strong>ﬁngens</strong></span> 
     </span>
    </p>
   </div>
   <div class='ocr_carea' id='block_1_20' title="bbox 472 1877 2038 1950">
    <p class='ocr_par' dir='ltr' id='par_1_20' title="bbox 472 1877 2038 1950">
     <span class='ocr_line' id='line_1_20' title="bbox 472 1877 2038 1950; baseline 0 -17"><span class='ocrx_word' id='word_1_132' title='bbox 472 1881 678 1934; x_wconf 87' lang='lat' dir='ltr'><strong>malum</strong></span> <span class='ocrx_word' id='word_1_133' title='bbox 713 1879 834 1933; x_wconf 87' lang='lat' dir='ltr'><strong>sine</strong></span> <span class='ocrx_word' id='word_1_134' title='bbox 864 1878 1137 1948; x_wconf 87' lang='lat' dir='ltr'><strong>principio</strong></span> <span class='ocrx_word' id='word_1_135' title='bbox 1157 1918 1171 1941; x_wconf 95' lang='lat'><strong>,</strong></span> <span class='ocrx_word' id='word_1_136' title='bbox 1201 1886 1391 1932; x_wconf 91' lang='lat' dir='ltr'><strong>contra</strong></span> <span class='ocrx_word' id='word_1_137' title='bbox 1417 1877 1584 1933; x_wconf 84' lang='lat' dir='ltr'><strong>Deum</strong></span> <span class='ocrx_word' id='word_1_138' title='bbox 1612 1895 1739 1933; x_wconf 83' lang='lat' dir='ltr'><strong>vere</strong></span> <span class='ocrx_word' id='word_1_139' title='bbox 1766 1880 2038 1950; x_wconf 86' lang='lat' dir='ltr'><strong>principio</strong></span> 
     </span>
    </p>
   </div>
   <div class='ocr_carea' id='block_1_21' title="bbox 473 1970 2038 2041">
    <p class='ocr_par' dir='ltr' id='par_1_21' title="bbox 473 1970 2038 2041">
     <span class='ocr_line' id='line_1_21' title="bbox 473 1970 2038 2041; baseline -0.001 -15"><span class='ocrx_word' id='word_1_140' title='bbox 473 1979 752 2027; x_wconf 82' lang='lat' dir='ltr'><strong>carentem</strong></span> <span class='ocrx_word' id='word_1_141' title='bbox 772 2012 787 2037; x_wconf 93' lang='lat'><strong>,</strong></span> <span class='ocrx_word' id='word_1_142' title='bbox 820 1984 884 2024; x_wconf 89' lang='lat' dir='ltr'><strong>ac</strong></span> <span class='ocrx_word' id='word_1_143' title='bbox 915 1971 1092 2024; x_wconf 90' lang='lat' dir='ltr'><strong>solum</strong></span> <span class='ocrx_word' id='word_1_144' title='bbox 1112 2010 1127 2033; x_wconf 93' lang='lat'><strong>,</strong></span> <span class='ocrx_word' id='word_1_145' title='bbox 1158 1977 1212 2025; x_wconf 92' lang='lat' dir='ltr'><strong>et</strong></span> <span class='ocrx_word' id='word_1_146' title='bbox 1245 1970 1348 2025; x_wconf 92' lang='lat' dir='ltr'><strong>hoc</strong></span> <span class='ocrx_word' id='word_1_147' title='bbox 1379 1971 1678 2025; x_wconf 90' lang='lat' dir='ltr'><strong>secundum</strong></span> <span class='ocrx_word' id='word_1_148' title='bbox 1710 1971 2038 2041; x_wconf 85' lang='lat' dir='ltr'><strong>principium</strong></span> 
     </span>
    </p>
   </div>
   <div class='ocr_carea' id='block_1_22' title="bbox 475 2062 2040 2127">
    <p class='ocr_par' dir='ltr' id='par_1_22' title="bbox 475 2062 2040 2127">
     <span class='ocr_line' id='line_1_22' title="bbox 475 2062 2040 2127; baseline -0.003 -7"><span class='ocrx_word' id='word_1_149' title='bbox 475 2066 667 2120; x_wconf 88' lang='lat' dir='ltr'><strong>insane</strong></span> <span class='ocrx_word' id='word_1_150' title='bbox 696 2064 1068 2127; x_wconf 91' lang='lat' dir='ltr'><strong>constituens,</strong></span> <span class='ocrx_word' id='word_1_151' title='bbox 1102 2077 1210 2116; x_wconf 91' lang='lat' dir='ltr'><strong>non</strong></span> <span class='ocrx_word' id='word_1_152' title='bbox 1256 2063 1432 2117; x_wconf 92' lang='lat' dir='ltr'><strong>solum</strong></span> <span class='ocrx_word' id='word_1_153' title='bbox 1479 2062 1681 2116; x_wconf 90' lang='lat' dir='ltr'><strong>malum</strong></span> <span class='ocrx_word' id='word_1_154' title='bbox 1725 2062 1956 2117; x_wconf 83' lang='lat' dir='ltr'><strong>collocat</strong></span> <span class='ocrx_word' id='word_1_155' title='bbox 1987 2064 2040 2116; x_wconf 93' lang='lat' dir='ltr'><strong>in</strong></span> 
     </span>
    </p>
   </div>
   <div class='ocr_carea' id='block_1_23' title="bbox 475 2151 2041 2225">
    <p class='ocr_par' dir='ltr' id='par_1_23' title="bbox 475 2151 2041 2225">
     <span class='ocr_line' id='line_1_23' title="bbox 475 2151 2041 2225; baseline -0.003 -14"><span class='ocrx_word' id='word_1_156' title='bbox 475 2154 667 2211; x_wconf 89' lang='lat' dir='ltr'><strong>ordine</strong></span> <span class='ocrx_word' id='word_1_157' title='bbox 709 2154 904 2225; x_wconf 61' lang='lat' dir='ltr'><strong>aquali</strong></span> <span class='ocrx_word' id='word_1_158' title='bbox 953 2151 1097 2218; x_wconf 91' lang='lat' dir='ltr'><strong>Deo,</strong></span> <span class='ocrx_word' id='word_1_159' title='bbox 1141 2162 1397 2222; x_wconf 86' lang='lat' dir='ltr'><strong>tanquam</strong></span> <span class='ocrx_word' id='word_1_160' title='bbox 1444 2154 1548 2208; x_wconf 86' lang='lat' dir='ltr'><strong>hoc</strong></span> <span class='ocrx_word' id='word_1_161' title='bbox 1579 2153 1849 2209; x_wconf 89' lang='lat' dir='ltr'><strong>honorare</strong></span> <span class='ocrx_word' id='word_1_162' title='bbox 1876 2155 2041 2218; x_wconf 89' lang='lat' dir='ltr'><strong>velit,</strong></span> 
     </span>
    </p>
   </div>
   <div class='ocr_carea' id='block_1_24' title="bbox 476 2242 2043 2317">
    <p class='ocr_par' dir='ltr' id='par_1_24' title="bbox 476 2242 2043 2317">
     <span class='ocr_line' id='line_1_24' title="bbox 476 2242 2043 2317; baseline -0.001 -16"><span class='ocrx_word' id='word_1_163' title='bbox 476 2244 620 2317; x_wconf 91' lang='lat' dir='ltr'><strong>quod</strong></span> <span class='ocrx_word' id='word_1_164' title='bbox 649 2244 859 2301; x_wconf 86' lang='lat' dir='ltr'><strong>scilicet</strong></span> <span class='ocrx_word' id='word_1_165' title='bbox 887 2242 1045 2309; x_wconf 85' lang='lat' dir='ltr'><strong>odit;</strong></span> <span class='ocrx_word' id='word_1_166' title='bbox 1077 2243 1171 2299; x_wconf 90' lang='lat' dir='ltr'><strong>sed</strong></span> <span class='ocrx_word' id='word_1_167' title='bbox 1219 2244 1382 2308; x_wconf 91' lang='lat' dir='ltr'><strong>mala,</strong></span> <span class='ocrx_word' id='word_1_168' title='bbox 1426 2259 1546 2315; x_wconf 73' lang='lat' dir='ltr'><strong>quae</strong></span> <span class='ocrx_word' id='word_1_169' title='bbox 1593 2261 1661 2300; x_wconf 81' lang='lat' dir='ltr'><strong>ex</strong></span> <span class='ocrx_word' id='word_1_170' title='bbox 1711 2244 1855 2299; x_wconf 91' lang='lat' dir='ltr'><strong>malo</strong></span> <span class='ocrx_word' id='word_1_171' title='bbox 1897 2245 2043 2315; x_wconf 92' lang='lat' dir='ltr'><strong>quod</strong></span> 
     </span>
    </p>
   </div>
   <div class='ocr_carea' id='block_1_25' title="bbox 475 2334 2047 2409">
    <p class='ocr_par' dir='ltr' id='par_1_25' title="bbox 475 2334 2047 2409">
     <span class='ocr_line' id='line_1_25' title="bbox 475 2334 2047 2409; baseline -0.003 -18"><span class='ocrx_word' id='word_1_172' title='bbox 475 2335 747 2409; x_wconf 76' lang='lat' dir='ltr'><strong>principio</strong></span> <span class='ocrx_word' id='word_1_173' title='bbox 776 2343 961 2401; x_wconf 86' lang='lat' dir='ltr'><strong>caret,</strong></span> <span class='ocrx_word' id='word_1_174' title='bbox 996 2334 1324 2389; x_wconf 84' lang='lat' dir='ltr'><strong>insanabilia</strong></span> <span class='ocrx_word' id='word_1_175' title='bbox 1358 2336 1575 2405; x_wconf 88' lang='lat' dir='ltr'><strong>penitus</strong></span> <span class='ocrx_word' id='word_1_176' title='bbox 1606 2350 1761 2398; x_wconf 85' lang='lat' dir='ltr'><strong>esse,</strong></span> <span class='ocrx_word' id='word_1_177' title='bbox 1795 2349 1919 2390; x_wconf 90' lang='lat' dir='ltr'><strong>cum</strong></span> <span class='ocrx_word' id='word_1_178' title='bbox 1954 2350 2047 2388; x_wconf 83' lang='lat' dir='ltr'><strong>ne-</strong></span> 
     </span>
    </p>
   </div>
   <div class='ocr_carea' id='block_1_26' title="bbox 477 2421 2046 2496">
    <p class='ocr_par' dir='ltr' id='par_1_26' title="bbox 477 2421 2046 2496">
     <span class='ocr_line' id='line_1_26' title="bbox 477 2421 2046 2496; baseline -0.001 -16"><span class='ocrx_word' id='word_1_179' title='bbox 477 2424 719 2481; x_wconf 90' lang='lat' dir='ltr'><strong>cessario</strong></span> <span class='ocrx_word' id='word_1_180' title='bbox 746 2422 980 2479; x_wconf 78' lang='lat' dir='ltr'><strong>afﬁrmat</strong></span> <span class='ocrx_word' id='word_1_181' title='bbox 997 2464 1012 2488; x_wconf 93' lang='lat'><strong>,</strong></span> <span class='ocrx_word' id='word_1_182' title='bbox 1043 2421 1172 2478; x_wconf 78' lang='lat' dir='ltr'><strong>facit</strong></span> <span class='ocrx_word' id='word_1_183' title='bbox 1197 2423 1461 2481; x_wconf 90' lang='lat' dir='ltr'><strong>insidiose</strong></span> <span class='ocrx_word' id='word_1_184' title='bbox 1482 2466 1495 2489; x_wconf 86' lang='lat'><strong>,</strong></span> <span class='ocrx_word' id='word_1_185' title='bbox 1526 2431 1585 2480; x_wconf 92' lang='lat' dir='ltr'><strong>ut</strong></span> <span class='ocrx_word' id='word_1_186' title='bbox 1608 2426 1926 2481; x_wconf 81' lang='lat' dir='ltr'><strong>existiment</strong></span> <span class='ocrx_word' id='word_1_187' title='bbox 1952 2427 2046 2496; x_wconf 88' lang='lat' dir='ltr'><strong>qui</strong></span> 
     </span>
    </p>
   </div>
   <div class='ocr_carea' id='block_1_27' title="bbox 477 2515 2047 2589">
    <p class='ocr_par' dir='ltr' id='par_1_27' title="bbox 477 2515 2047 2589">
     <span class='ocr_line' id='line_1_27' title="bbox 477 2515 2047 2589; baseline -0.001 -13"><span class='ocrx_word' id='word_1_188' title='bbox 477 2522 526 2576; x_wconf 91' lang='lat' dir='ltr'><strong>ei</strong></span> <span class='ocrx_word' id='word_1_189' title='bbox 570 2520 837 2584; x_wconf 85' lang='lat' dir='ltr'><strong>credunt,</strong></span> <span class='ocrx_word' id='word_1_190' title='bbox 881 2515 1205 2589; x_wconf 85' lang='lat' dir='ltr'><strong>injustitiam</strong></span> <span class='ocrx_word' id='word_1_191' title='bbox 1248 2533 1355 2571; x_wconf 92' lang='lat' dir='ltr'><strong>non</strong></span> <span class='ocrx_word' id='word_1_192' title='bbox 1399 2532 1561 2588; x_wconf 88' lang='lat' dir='ltr'><strong>posse</strong></span> <span class='ocrx_word' id='word_1_193' title='bbox 1604 2519 1746 2588; x_wconf 90' lang='lat' dir='ltr'><strong>apud</strong></span> <span class='ocrx_word' id='word_1_194' title='bbox 1792 2518 2047 2574; x_wconf 88' lang='lat' dir='ltr'><strong>homines</strong></span> 
     </span>
    </p>
   </div>
   <div class='ocr_carea' id='block_1_28' title="bbox 479 2606 2048 2680">
    <p class='ocr_par' dir='ltr' id='par_1_28' title="bbox 479 2606 2048 2680">
     <span class='ocr_line' id='line_1_28' title="bbox 479 2606 2048 2680; baseline -0.003 -14"><span class='ocrx_word' id='word_1_195' title='bbox 479 2609 701 2680; x_wconf 90' lang='lat' dir='ltr'><strong>corrigi.</strong></span> <span class='ocrx_word' id='word_1_196' title='bbox 725 2608 801 2662; x_wconf 88' lang='lat' dir='ltr'><strong>Ita</strong></span> <span class='ocrx_word' id='word_1_197' title='bbox 824 2615 883 2663; x_wconf 94' lang='lat' dir='ltr'><strong>ut</strong></span> <span class='ocrx_word' id='word_1_198' title='bbox 912 2608 1206 2677; x_wconf 76' lang='lat' dir='ltr'><strong>anticipata</strong></span> <span class='ocrx_word' id='word_1_199' title='bbox 1236 2606 1514 2676; x_wconf 87' lang='lat' dir='ltr'><strong>voluptate</strong></span> <span class='ocrx_word' id='word_1_200' title='bbox 1540 2617 1885 2677; x_wconf 83' lang='lat' dir='ltr'><strong>peccatorum</strong></span> <span class='ocrx_word' id='word_1_201' title='bbox 1907 2647 1922 2671; x_wconf 88' lang='lat'><strong>,</strong></span> <span class='ocrx_word' id='word_1_202' title='bbox 1947 2623 2048 2677; x_wconf 91' lang='lat' dir='ltr'><strong>pro</strong></span> 
     </span>
    </p>
   </div>
   <div class='ocr_carea' id='block_1_29' title="bbox 481 2698 2048 2770">
    <p class='ocr_par' dir='ltr' id='par_1_29' title="bbox 481 2698 2048 2770">
     <span class='ocr_line' id='line_1_29' title="bbox 481 2698 2048 2770; baseline -0.002 -14"><span class='ocrx_word' id='word_1_203' title='bbox 481 2701 838 2757; x_wconf 85' lang='lat' dir='ltr'><strong>conversione</strong></span> <span class='ocrx_word' id='word_1_204' title='bbox 870 2699 1179 2770; x_wconf 89' lang='lat' dir='ltr'><strong>desperatio</strong></span> <span class='ocrx_word' id='word_1_205' title='bbox 1208 2698 1542 2767; x_wconf 87' lang='lat' dir='ltr'><strong>objiciatur;</strong></span> <span class='ocrx_word' id='word_1_206' title='bbox 1575 2698 1732 2767; x_wconf 86' lang='lat' dir='ltr'><strong>quasi</strong></span> <span class='ocrx_word' id='word_1_207' title='bbox 1779 2699 1895 2754; x_wconf 80' lang='lat' dir='ltr'><strong>ﬁeri</strong></span> <span class='ocrx_word' id='word_1_208' title='bbox 1938 2715 2048 2753; x_wconf 92' lang='lat' dir='ltr'><strong>non</strong></span> 
     </span>
    </p>
   </div>
   <div class='ocr_carea' id='block_1_30' title="bbox 480 2790 2051 2863">
    <p class='ocr_par' dir='ltr' id='par_1_30' title="bbox 480 2790 2051 2863">
     <span class='ocr_line' id='line_1_30' title="bbox 480 2790 2051 2863; baseline -0.002 -15"><span class='ocrx_word' id='word_1_209' title='bbox 480 2796 689 2862; x_wconf 81' lang='lat' dir='ltr'><strong>possit,</strong></span> <span class='ocrx_word' id='word_1_210' title='bbox 721 2799 782 2848; x_wconf 90' lang='lat' dir='ltr'><strong>ut</strong></span> <span class='ocrx_word' id='word_1_211' title='bbox 809 2793 1045 2863; x_wconf 88' lang='lat' dir='ltr'><strong>impetus</strong></span> <span class='ocrx_word' id='word_1_212' title='bbox 1071 2790 1188 2845; x_wconf 81' lang='lat' dir='ltr'><strong>vitii</strong></span> <span class='ocrx_word' id='word_1_213' title='bbox 1215 2791 1359 2861; x_wconf 83' lang='lat' dir='ltr'><strong>quod</strong></span> <span class='ocrx_word' id='word_1_214' title='bbox 1392 2792 1662 2861; x_wconf 85' lang='lat' dir='ltr'><strong>principio</strong></span> <span class='ocrx_word' id='word_1_215' title='bbox 1687 2802 1867 2858; x_wconf 88' lang='lat' dir='ltr'><strong>caret,</strong></span> <span class='ocrx_word' id='word_1_216' title='bbox 1896 2806 2051 2847; x_wconf 88' lang='lat' dir='ltr'><strong>coer-</strong></span> 
     </span>
    </p>
   </div>
   <div class='ocr_carea' id='block_1_31' title="bbox 482 2886 2048 2957">
    <p class='ocr_par' dir='ltr' id='par_1_31' title="bbox 482 2886 2048 2957">
     <span class='ocr_line' id='line_1_31' title="bbox 482 2886 2048 2957; baseline -0.001 -15"><span class='ocrx_word' id='word_1_217' title='bbox 482 2898 688 2943; x_wconf 90' lang='lat' dir='ltr'><strong>ceatnr.</strong></span> <span class='ocrx_word' id='word_1_218' title='bbox 720 2886 1088 2957; x_wconf 66' lang='lat' dir='ltr'><strong>Praeterquam</strong></span> <span class='ocrx_word' id='word_1_219' title='bbox 1117 2886 1162 2940; x_wconf 92' lang='lat' dir='ltr'><strong>si</strong></span> <span class='ocrx_word' id='word_1_220' title='bbox 1185 2886 1310 2956; x_wconf 90' lang='lat' dir='ltr'><strong>quis</strong></span> <span class='ocrx_word' id='word_1_221' title='bbox 1330 2886 1628 2955; x_wconf 90' lang='lat' dir='ltr'><strong>cupiditate</strong></span> <span class='ocrx_word' id='word_1_222' title='bbox 1652 2886 1838 2955; x_wconf 69' lang='lat' dir='ltr'><strong>gloriae</strong></span> <span class='ocrx_word' id='word_1_223' title='bbox 1858 2926 1873 2951; x_wconf 96' lang='lat'><strong>,</strong></span> <span class='ocrx_word' id='word_1_224' title='bbox 1902 2888 2048 2957; x_wconf 90' lang='lat' dir='ltr'><strong>quod</strong></span> 
     </span>
    </p>
   </div>
   <div class='ocr_carea' id='block_1_32' title="bbox 482 2975 2052 3048">
    <p class='ocr_par' dir='ltr' id='par_1_32' title="bbox 482 2975 2052 3048">
     <span class='ocr_line' id='line_1_32' title="bbox 482 2975 2052 3048; baseline -0.002 -17"><span class='ocrx_word' id='word_1_225' title='bbox 482 2979 608 3048; x_wconf 85' lang='lat' dir='ltr'><strong>plus</strong></span> <span class='ocrx_word' id='word_1_226' title='bbox 646 2977 813 3041; x_wconf 86' lang='lat' dir='ltr'><strong>boni,</strong></span> <span class='ocrx_word' id='word_1_227' title='bbox 864 2984 924 3030; x_wconf 91' lang='lat' dir='ltr'><strong>ut</strong></span> <span class='ocrx_word' id='word_1_228' title='bbox 966 2976 1057 3030; x_wconf 88' lang='lat' dir='ltr'><strong>isti</strong></span> <span class='ocrx_word' id='word_1_229' title='bbox 1100 2975 1340 3045; x_wconf 85' lang='lat' dir='ltr'><strong>lingunt,</strong></span> <span class='ocrx_word' id='word_1_230' title='bbox 1387 2975 1585 3030; x_wconf 81' lang='lat' dir='ltr'><strong>habere</strong></span> <span class='ocrx_word' id='word_1_231' title='bbox 1627 2975 1897 3038; x_wconf 84' lang='lat' dir='ltr'><strong>videatur,</strong></span> <span class='ocrx_word' id='word_1_232' title='bbox 1933 2983 2052 3031; x_wconf 89' lang='lat' dir='ltr'><strong>stu-</strong></span> 
     </span>
    </p>
   </div>
   <div class='ocr_carea' id='block_1_33' title="bbox 484 3066 2048 3137">
    <p class='ocr_par' dir='ltr' id='par_1_33' title="bbox 484 3066 2048 3137">
     <span class='ocr_line' id='line_1_33' title="bbox 484 3066 2048 3137; baseline -0.002 -14"><span class='ocrx_word' id='word_1_233' title='bbox 484 3069 636 3123; x_wconf 90' lang='lat' dir='ltr'><strong>dium</strong></span> <span class='ocrx_word' id='word_1_234' title='bbox 669 3068 957 3131; x_wconf 88' lang='lat' dir='ltr'><strong>adhibeat,</strong></span> <span class='ocrx_word' id='word_1_235' title='bbox 984 3075 1045 3121; x_wconf 93' lang='lat' dir='ltr'><strong>ut</strong></span> <span class='ocrx_word' id='word_1_236' title='bbox 1065 3107 1078 3129; x_wconf 88' lang='lat'><strong>,</strong></span> <span class='ocrx_word' id='word_1_237' title='bbox 1105 3066 1283 3136; x_wconf 87' lang='lat' dir='ltr'><strong>quoad</strong></span> <span class='ocrx_word' id='word_1_238' title='bbox 1313 3067 1428 3119; x_wconf 79' lang='lat' dir='ltr'><strong>ﬁeri</strong></span> <span class='ocrx_word' id='word_1_239' title='bbox 1457 3074 1670 3135; x_wconf 92' lang='lat' dir='ltr'><strong>potest,</strong></span> <span class='ocrx_word' id='word_1_240' title='bbox 1699 3083 1805 3121; x_wconf 91' lang='lat' dir='ltr'><strong>non</strong></span> <span class='ocrx_word' id='word_1_241' title='bbox 1831 3074 2048 3137; x_wconf 89' lang='lat' dir='ltr'><strong>peccet,</strong></span> 
     </span>
    </p>
   </div>
   <div class='ocr_carea' id='block_1_34' title="bbox 488 3156 2053 3228">
    <p class='ocr_par' dir='ltr' id='par_1_34' title="bbox 488 3156 2053 3228">
     <span class='ocr_line' id='line_1_34' title="bbox 488 3156 2053 3228; baseline -0.001 -15"><span class='ocrx_word' id='word_1_242' title='bbox 488 3167 547 3213; x_wconf 92' lang='lat' dir='ltr'><strong>ut</strong></span> <span class='ocrx_word' id='word_1_243' title='bbox 581 3159 929 3213; x_wconf 75' lang='lat' dir='ltr'><strong>manifestum</strong></span> <span class='ocrx_word' id='word_1_244' title='bbox 962 3156 1157 3223; x_wconf 81' lang='lat' dir='ltr'><strong>faciat,</strong></span> <span class='ocrx_word' id='word_1_245' title='bbox 1188 3172 1299 3211; x_wconf 92' lang='lat' dir='ltr'><strong>non</strong></span> <span class='ocrx_word' id='word_1_246' title='bbox 1331 3157 1551 3212; x_wconf 88' lang='lat' dir='ltr'><strong>aliunde</strong></span> <span class='ocrx_word' id='word_1_247' title='bbox 1582 3173 1748 3227; x_wconf 89' lang='lat' dir='ltr'><strong>quam</strong></span> <span class='ocrx_word' id='word_1_248' title='bbox 1777 3172 1807 3211; x_wconf 93' lang='lat' dir='ltr'><strong>a</strong></span> <span class='ocrx_word' id='word_1_249' title='bbox 1837 3173 1897 3214; x_wconf 91' lang='lat' dir='ltr'><strong>se</strong></span> <span class='ocrx_word' id='word_1_250' title='bbox 1925 3171 2053 3228; x_wconf 79' lang='lat' dir='ltr'><strong>pec-</strong></span> 
     </span>
    </p>
   </div>
   <div class='ocr_carea' id='block_1_35' title="bbox 2134 595 3707 668">
    <p class='ocr_par' dir='ltr' id='par_1_35' title="bbox 2134 595 3707 668">
     <span class='ocr_line' id='line_1_35' title="bbox 2134 595 3707 668; baseline 0.001 -18"><span class='ocrx_word' id='word_1_251' title='bbox 2134 597 2353 668; x_wconf 83' lang='grc' dir='ltr'>τὴματα</span> <span class='ocrx_word' id='word_1_252' title='bbox 2396 596 2726 667; x_wconf 79' lang='grc' dir='ltr'>νομίζοντες,</span> <span class='ocrx_word' id='word_1_253' title='bbox 2764 596 2857 649; x_wconf 83' lang='grc' dir='ltr'><strong>ἀτε</strong></span> <span class='ocrx_word' id='word_1_254' title='bbox 2890 596 2953 667; x_wconf 87' lang='grc' dir='ltr'>δὴ</span> <span class='ocrx_word' id='word_1_255' title='bbox 2986 597 3060 668; x_wconf 80' lang='grc' dir='ltr'>μὴ</span> <span class='ocrx_word' id='word_1_256' title='bbox 3095 596 3171 659; x_wconf 83' lang='grc' dir='ltr'>ὡς</span> <span class='ocrx_word' id='word_1_257' title='bbox 3198 595 3306 649; x_wconf 87' lang='grc' dir='ltr'><strong>ἀπό</strong></span> <span class='ocrx_word' id='word_1_258' title='bbox 3344 613 3489 660; x_wconf 84' lang='grc' dir='ltr'>τινος</span> <span class='ocrx_word' id='word_1_259' title='bbox 3531 596 3707 667; x_wconf 82' lang='grc' dir='ltr'>ἀρχῆς</span> 
     </span>
    </p>
   </div>
   <div class='ocr_carea' id='block_1_36' title="bbox 2134 686 3707 761">
    <p class='ocr_par' dir='ltr' id='par_1_36' title="bbox 2134 686 3707 761">
     <span class='ocr_line' id='line_1_36' title="bbox 2134 686 3707 761; baseline -0.002 -19"><span class='ocrx_word' id='word_1_260' title='bbox 2134 688 2255 742; x_wconf 85' lang='grc' dir='ltr'>καθ’</span> <span class='ocrx_word' id='word_1_261' title='bbox 2300 686 2459 759; x_wconf 76' lang='grc' dir='ltr'>ἡμῶν</span> <span class='ocrx_word' id='word_1_262' title='bbox 2501 687 2691 758; x_wconf 76' lang='grc' dir='ltr'>ῥέοντα</span> <span class='ocrx_word' id='word_1_263' title='bbox 2715 730 2730 753; x_wconf 87' lang='grc'><strong>,</strong></span> <span class='ocrx_word' id='word_1_264' title='bbox 2778 687 2890 741; x_wconf 84' lang='grc' dir='ltr'>ἀλλ’</span> <span class='ocrx_word' id='word_1_265' title='bbox 2930 688 3117 761; x_wconf 74' lang='grc' dir='ltr'>ἕτερον</span> <span class='ocrx_word' id='word_1_266' title='bbox 3158 703 3276 740; x_wconf 92' lang='grc' dir='ltr'>τινα</span> <span class='ocrx_word' id='word_1_267' title='bbox 3324 688 3524 760; x_wconf 88' lang='grc' dir='ltr'>τρόπον</span> <span class='ocrx_word' id='word_1_268' title='bbox 3568 686 3707 758; x_wconf 83' lang='grc' dir='ltr'>πρὸς</span> 
     </span>
    </p>
   </div>
   <div class='ocr_carea' id='block_1_37' title="bbox 2134 777 3707 852">
    <p class='ocr_par' dir='ltr' id='par_1_37' title="bbox 2134 777 3707 852">
     <span class='ocr_line' id='line_1_37' title="bbox 2134 777 3707 852; baseline 0.001 -20"><span class='ocrx_word' id='word_1_269' title='bbox 2134 779 2290 850; x_wconf 80' lang='grc' dir='ltr'>ἡμῶν</span> <span class='ocrx_word' id='word_1_270' title='bbox 2333 778 2677 851; x_wconf 85' lang='grc' dir='ltr'>πραττόμενα</span> <span class='ocrx_word' id='word_1_271' title='bbox 2712 779 2789 849; x_wconf 79' lang='grc' dir='ltr'><strong>(ὃν</strong></span> <span class='ocrx_word' id='word_1_272' title='bbox 2831 780 2860 831; x_wconf 86' lang='grc' dir='ltr'>ὁ</span> <span class='ocrx_word' id='word_1_273' title='bbox 2900 780 3056 848; x_wconf 85' lang='grc' dir='ltr'>λόγος</span> <span class='ocrx_word' id='word_1_274' title='bbox 3098 778 3282 848; x_wconf 74' lang='grc' dir='ltr'>σαφῶς</span> <span class='ocrx_word' id='word_1_275' title='bbox 3331 777 3474 832; x_wconf 86' lang='grc' dir='ltr'><strong>κατά</strong></span> <span class='ocrx_word' id='word_1_276' title='bbox 3516 777 3707 852; x_wconf 79' lang='grc' dir='ltr'>καιρὸν</span> 
     </span>
    </p>
   </div>
   <div class='ocr_carea' id='block_1_38' title="bbox 2140 869 3708 942">
    <p class='ocr_par' dir='ltr' id='par_1_38' title="bbox 2140 869 3708 942">
     <span class='ocr_line' id='line_1_38' title="bbox 2140 869 3708 942; baseline 0 -18"><span class='ocrx_word' id='word_1_277' title='bbox 2140 869 2513 942; x_wconf 81' lang='grc' dir='ltr'><strong>ἑρμηνεύσει),</strong></span> <span class='ocrx_word' id='word_1_278' title='bbox 2556 872 2616 924; x_wconf 82' lang='grc' dir='ltr'>οὐ</span> <span class='ocrx_word' id='word_1_279' title='bbox 2647 872 2805 942; x_wconf 88' lang='grc' dir='ltr'>μόνον</span> <span class='ocrx_word' id='word_1_280' title='bbox 2846 873 2925 936; x_wconf 86' lang='grc' dir='ltr'><strong>είς</strong></span> <span class='ocrx_word' id='word_1_281' title='bbox 2958 872 3089 924; x_wconf 83' lang='grc' dir='ltr'>Θεὸν</span> <span class='ocrx_word' id='word_1_282' title='bbox 3130 872 3229 925; x_wconf 80' lang='grc' dir='ltr'>οὐκ</span> <span class='ocrx_word' id='word_1_283' title='bbox 3264 870 3588 941; x_wconf 86' lang='grc' dir='ltr'>ἀσεϐοῦμεν,</span> <span class='ocrx_word' id='word_1_284' title='bbox 3631 869 3708 942; x_wconf 74' lang='grc' dir='ltr'>μὴ</span> 
     </span>
    </p>
   </div>
   <div class='ocr_carea' id='block_1_39' title="bbox 2133 958 3706 1032">
    <p class='ocr_par' dir='ltr' id='par_1_39' title="bbox 2133 958 3706 1032">
     <span class='ocr_line' id='line_1_39' title="bbox 2133 958 3706 1032; baseline 0.001 -20"><span class='ocrx_word' id='word_1_285' title='bbox 2133 959 2437 1030; x_wconf 82' lang='grc' dir='ltr'><strong>τολμῶντες</strong></span> <span class='ocrx_word' id='word_1_286' title='bbox 2486 959 2650 1014; x_wconf 78' lang='grc' dir='ltr'>αὑτοῦ</span> <span class='ocrx_word' id='word_1_287' title='bbox 2689 960 3182 1031; x_wconf 74' lang='grc' dir='ltr'><strong>καταστοχάζεσθαι</strong></span> <span class='ocrx_word' id='word_1_288' title='bbox 3224 958 3463 1032; x_wconf 80' lang='grc' dir='ltr'>χαλεπὴν</span> <span class='ocrx_word' id='word_1_289' title='bbox 3511 958 3706 1013; x_wconf 87' lang='grc' dir='ltr'>ἀδυνα-</span> 
     </span>
    </p>
   </div>
   <div class='ocr_carea' id='block_1_40' title="bbox 2139 1043 3709 1123">
    <p class='ocr_par' dir='ltr' id='par_1_40' title="bbox 2139 1043 3709 1123">
     <span class='ocr_line' id='line_1_40' title="bbox 2139 1043 3709 1123; baseline -0.001 -19"><span class='ocrx_word' id='word_1_290' title='bbox 2139 1051 2287 1121; x_wconf 91' lang='grc' dir='ltr'>μίαν,</span> <span class='ocrx_word' id='word_1_291' title='bbox 2320 1049 2413 1104; x_wconf 87' lang='grc' dir='ltr'><strong>τοῦ</strong></span> <span class='ocrx_word' id='word_1_292' title='bbox 2443 1050 2771 1105; x_wconf 90' lang='grc' dir='ltr'>ἀνθεστάναι</span> <span class='ocrx_word' id='word_1_293' title='bbox 2816 1052 2984 1123; x_wconf 80' lang='grc' dir='ltr'><strong>κακίᾳ</strong></span> <span class='ocrx_word' id='word_1_294' title='bbox 3021 1054 3085 1122; x_wconf 84' lang='grc' dir='ltr'><strong>τῇ</strong></span> <span class='ocrx_word' id='word_1_295' title='bbox 3128 1052 3201 1122; x_wconf 83' lang='grc' dir='ltr'>μὴ</span> <span class='ocrx_word' id='word_1_296' title='bbox 3245 1050 3401 1121; x_wconf 70' lang='grc' dir='ltr'>οὔσῃ,</span> <span class='ocrx_word' id='word_1_297' title='bbox 3436 1043 3572 1103; x_wconf 84' lang='grc' dir='ltr'><strong>άλλά</strong></span> <span class='ocrx_word' id='word_1_298' title='bbox 3616 1049 3709 1103; x_wconf 77' lang='grc' dir='ltr'><strong>καὶ</strong></span> 
     </span>
    </p>
   </div>
   <div class='ocr_carea' id='block_1_41' title="bbox 2136 1141 3711 1215">
    <p class='ocr_par' dir='ltr' id='par_1_41' title="bbox 2136 1141 3711 1215">
     <span class='ocr_line' id='line_1_41' title="bbox 2136 1141 3711 1215; baseline -0.001 -20"><span class='ocrx_word' id='word_1_299' title='bbox 2136 1142 2203 1195; x_wconf 72' lang='grc' dir='ltr'><strong>τὰ</strong></span> <span class='ocrx_word' id='word_1_300' title='bbox 2224 1143 2570 1215; x_wconf 89' lang='grc' dir='ltr'>πραττόμενα</span> <span class='ocrx_word' id='word_1_301' title='bbox 2595 1143 2730 1215; x_wconf 72' lang='grc' dir='ltr'>πρὸς</span> <span class='ocrx_word' id='word_1_302' title='bbox 2756 1143 2911 1215; x_wconf 83' lang='grc' dir='ltr'>ἡμῶν</span> <span class='ocrx_word' id='word_1_303' title='bbox 2938 1143 3134 1207; x_wconf 85' lang='grc' dir='ltr'>κακίας</span> <span class='ocrx_word' id='word_1_304' title='bbox 3156 1143 3341 1213; x_wconf 82' lang='grc' dir='ltr'>τρόπῳ</span> <span class='ocrx_word' id='word_1_305' title='bbox 3369 1141 3562 1195; x_wconf 80' lang='grc' dir='ltr'>παύειν</span> <span class='ocrx_word' id='word_1_306' title='bbox 3588 1142 3711 1195; x_wconf 90' lang='grc' dir='ltr'>ἐπι-</span> 
     </span>
    </p>
   </div>
   <div class='ocr_carea' id='block_1_42' title="bbox 2136 1232 3713 1308">
    <p class='ocr_par' dir='ltr' id='par_1_42' title="bbox 2136 1232 3713 1308">
     <span class='ocr_line' id='line_1_42' title="bbox 2136 1232 3713 1308; baseline -0.001 -21"><span class='ocrx_word' id='word_1_307' title='bbox 2136 1235 2423 1308; x_wconf 84' lang='grc' dir='ltr'>χειροῦμεν</span> <span class='ocrx_word' id='word_1_308' title='bbox 2449 1278 2463 1304; x_wconf 89' lang='grc'><strong>,</strong></span> <span class='ocrx_word' id='word_1_309' title='bbox 2503 1236 2579 1307; x_wconf 83' lang='grc' dir='ltr'>τῷ</span> <span class='ocrx_word' id='word_1_310' title='bbox 2628 1254 2678 1306; x_wconf 75' lang='grc' dir='ltr'>(ε</span> <span class='ocrx_word' id='word_1_311' title='bbox 2714 1235 2901 1306; x_wconf 81' lang='grc' dir='ltr'>σαφῶς</span> <span class='ocrx_word' id='word_1_312' title='bbox 2946 1238 3057 1298; x_wconf 88' lang='grc' dir='ltr'>τοῖς</span> <span class='ocrx_word' id='word_1_313' title='bbox 3105 1234 3463 1306; x_wconf 84' lang='grc' dir='ltr'><strong>προσέχουσιν</strong></span> <span class='ocrx_word' id='word_1_314' title='bbox 3496 1232 3713 1287; x_wconf 83' lang='grc' dir='ltr'>ἀποδει-</span> 
     </span>
    </p>
   </div>
   <div class='ocr_carea' id='block_1_43' title="bbox 2136 1327 3710 1404">
    <p class='ocr_par' dir='ltr' id='par_1_43' title="bbox 2136 1327 3710 1404">
     <span class='ocr_line' id='line_1_43' title="bbox 2136 1327 3710 1404; baseline -0.004 -17"><span class='ocrx_word' id='word_1_315' title='bbox 2136 1333 2347 1399; x_wconf 88' lang='grc' dir='ltr'>κνῦναι,</span> <span class='ocrx_word' id='word_1_316' title='bbox 2378 1332 2453 1398; x_wconf 81' lang='grc' dir='ltr'>ὡς</span> <span class='ocrx_word' id='word_1_317' title='bbox 2498 1333 2565 1387; x_wconf 87' lang='grc' dir='ltr'><strong>τά</strong></span> <span class='ocrx_word' id='word_1_318' title='bbox 2600 1334 2736 1404; x_wconf 78' lang='grc' dir='ltr'>πρὸς</span> <span class='ocrx_word' id='word_1_319' title='bbox 2785 1332 2943 1403; x_wconf 80' lang='grc' dir='ltr'>ἡμῶν</span> <span class='ocrx_word' id='word_1_320' title='bbox 2980 1330 3236 1402; x_wconf 78' lang='grc' dir='ltr'>ἀλήθειαν</span> <span class='ocrx_word' id='word_1_321' title='bbox 3282 1330 3473 1400; x_wconf 79' lang='grc' dir='ltr'>ἔχοντα</span> <span class='ocrx_word' id='word_1_322' title='bbox 3501 1327 3593 1381; x_wconf 87' lang='grc' dir='ltr'>τοῦ</span> <span class='ocrx_word' id='word_1_323' title='bbox 3622 1328 3710 1397; x_wconf 88' lang='grc' dir='ltr'>γί-</span> 
     </span>
    </p>
   </div>
   <div class='ocr_carea' id='block_1_44' title="bbox 2134 1418 3712 1496">
    <p class='ocr_par' dir='ltr' id='par_1_44' title="bbox 2134 1418 3712 1496">
     <span class='ocr_line' id='line_1_44' title="bbox 2134 1418 3712 1496; baseline -0.005 -18"><span class='ocrx_word' id='word_1_324' title='bbox 2134 1426 2357 1495; x_wconf 88' lang='grc' dir='ltr'>γνεσθαι</span> <span class='ocrx_word' id='word_1_325' title='bbox 2394 1425 2493 1496; x_wconf 86' lang='grc' dir='ltr'><strong>τὴν</strong></span> <span class='ocrx_word' id='word_1_326' title='bbox 2526 1425 2721 1496; x_wconf 81' lang='grc' dir='ltr'>ἀρχὴν,</span> <span class='ocrx_word' id='word_1_327' title='bbox 2769 1422 3013 1495; x_wconf 55' lang='lat' dir='ltr'><strong>arma»;</strong></span> <span class='ocrx_word' id='word_1_328' title='bbox 3043 1421 3109 1476; x_wconf 83' lang='grc' dir='ltr'>ἂν</span> <span class='ocrx_word' id='word_1_329' title='bbox 3159 1421 3253 1475; x_wconf 76' lang='grc' dir='ltr'><strong>καὶ</strong></span> <span class='ocrx_word' id='word_1_330' title='bbox 3296 1420 3447 1484; x_wconf 85' lang='grc' dir='ltr'><strong>τέλος</strong></span> <span class='ocrx_word' id='word_1_331' title='bbox 3495 1418 3588 1472; x_wconf 87' lang='grc' dir='ltr'><strong>τοῦ</strong></span> <span class='ocrx_word' id='word_1_332' title='bbox 3636 1419 3712 1489; x_wconf 83' lang='grc' dir='ltr'>μὴ</span> 
     </span>
    </p>
   </div>
   <div class='ocr_carea' id='block_1_45' title="bbox 2135 1512 3714 1587">
    <p class='ocr_par' dir='ltr' id='par_1_45' title="bbox 2135 1512 3714 1587">
     <span class='ocr_line' id='line_1_45' title="bbox 2135 1512 3714 1587; baseline -0.003 -19"><span class='ocrx_word' id='word_1_333' title='bbox 2135 1517 2416 1585; x_wconf 84' lang='grc' dir='ltr'>γίγνεσθαι</span> <span class='ocrx_word' id='word_1_334' title='bbox 2445 1515 2623 1579; x_wconf 90' lang='grc' dir='ltr'>λάϐοι,</span> <span class='ocrx_word' id='word_1_335' title='bbox 2655 1517 2703 1569; x_wconf 86' lang='grc' dir='ltr'><strong>εί</strong></span> <span class='ocrx_word' id='word_1_336' title='bbox 2737 1516 2831 1569; x_wconf 73' lang='grc' dir='ltr'>καὶ</span> <span class='ocrx_word' id='word_1_337' title='bbox 2867 1516 2940 1587; x_wconf 83' lang='grc' dir='ltr'><strong>μὴ</strong></span> <span class='ocrx_word' id='word_1_338' title='bbox 2987 1514 3136 1586; x_wconf 82' lang='grc' dir='ltr'>παρὰ</span> <span class='ocrx_word' id='word_1_339' title='bbox 3165 1516 3329 1568; x_wconf 81' lang='grc' dir='ltr'>πᾶσιν</span> <span class='ocrx_word' id='word_1_340' title='bbox 3350 1531 3364 1544; x_wconf 74' lang='grc' dir='ltr'><strong><em>ο</em></strong></span> <span class='ocrx_word' id='word_1_341' title='bbox 3392 1514 3452 1565; x_wconf 81' lang='grc' dir='ltr'><strong>ού</strong></span> <span class='ocrx_word' id='word_1_342' title='bbox 3494 1512 3603 1583; x_wconf 86' lang='grc' dir='ltr'>γὰρ</span> <span class='ocrx_word' id='word_1_343' title='bbox 3626 1513 3714 1580; x_wconf 79' lang='grc' dir='ltr'><strong>ἐφ’</strong></span> 
     </span>
    </p>
   </div>
   <div class='ocr_carea' id='block_1_46' title="bbox 2137 1606 3716 1679">
    <p class='ocr_par' dir='ltr' id='par_1_46' title="bbox 2137 1606 3716 1679">
     <span class='ocr_line' id='line_1_46' title="bbox 2137 1606 3716 1679; baseline -0.005 -15"><span class='ocrx_word' id='word_1_344' title='bbox 2137 1609 2350 1679; x_wconf 78' lang='grc' dir='ltr'><strong>ἑκάστῳ</strong></span> <span class='ocrx_word' id='word_1_345' title='bbox 2377 1609 2436 1662; x_wconf 81' lang='grc' dir='ltr'><strong>τὸ</strong></span> <span class='ocrx_word' id='word_1_346' title='bbox 2458 1609 2706 1671; x_wconf 88' lang='grc' dir='ltr'>καθόλου,</span> <span class='ocrx_word' id='word_1_347' title='bbox 2738 1608 2874 1662; x_wconf 82' lang='grc' dir='ltr'>ἀλλά</span> <span class='ocrx_word' id='word_1_348' title='bbox 2896 1624 2959 1676; x_wconf 90' lang='grc' dir='ltr'><strong>γε</strong></span> <span class='ocrx_word' id='word_1_349' title='bbox 2991 1608 3119 1678; x_wconf 81' lang='grc' dir='ltr'>παρ’</span> <span class='ocrx_word' id='word_1_350' title='bbox 3148 1606 3362 1677; x_wconf 80' lang='grc' dir='ltr'>ἑκάστῳ</span> <span class='ocrx_word' id='word_1_351' title='bbox 3388 1607 3493 1658; x_wconf 89' lang='grc' dir='ltr'><strong>τῶν</strong></span> <span class='ocrx_word' id='word_1_352' title='bbox 3522 1607 3716 1658; x_wconf 63' lang='grc' dir='ltr'>ἐσπονι</span> 
     </span>
    </p>
   </div>
   <div class='ocr_carea' id='block_1_47' title="bbox 2135 1696 3717 1773">
    <p class='ocr_par' dir='ltr' id='par_1_47' title="bbox 2135 1696 3717 1773">
     <span class='ocr_line' id='line_1_47' title="bbox 2135 1696 3717 1773; baseline -0.004 -17"><span class='ocrx_word' id='word_1_353' title='bbox 2135 1702 2375 1756; x_wconf 84' lang='grc' dir='ltr'>δακότων</span> <span class='ocrx_word' id='word_1_354' title='bbox 2417 1702 2632 1773; x_wconf 86' lang='grc' dir='ltr'>(δεῖγμα</span> <span class='ocrx_word' id='word_1_355' title='bbox 2681 1701 2864 1771; x_wconf 86' lang='grc' dir='ltr'>μέντοι</span> <span class='ocrx_word' id='word_1_356' title='bbox 2912 1698 3006 1752; x_wconf 90' lang='grc' dir='ltr'><strong>τοῦ</strong></span> <span class='ocrx_word' id='word_1_357' title='bbox 3051 1698 3301 1762; x_wconf 76' lang='grc' dir='ltr'><strong>καθόλου,</strong></span> <span class='ocrx_word' id='word_1_358' title='bbox 3355 1697 3415 1751; x_wconf 86' lang='grc' dir='ltr'><strong>τὸ</strong></span> <span class='ocrx_word' id='word_1_359' title='bbox 3464 1696 3548 1765; x_wconf 74' lang='grc' dir='ltr'><strong>ἐφ’</strong></span> <span class='ocrx_word' id='word_1_360' title='bbox 3589 1698 3717 1750; x_wconf 79' lang='grc' dir='ltr'>ἐκά-</span> 
     </span>
    </p>
   </div>
   <div class='ocr_carea' id='block_1_48' title="bbox 2140 1784 3718 1860">
    <p class='ocr_par' dir='ltr' id='par_1_48' title="bbox 2140 1784 3718 1860">
     <span class='ocr_line' id='line_1_48' title="bbox 2140 1784 3718 1860; baseline -0.004 -16"><span class='ocrx_word' id='word_1_361' title='bbox 2140 1808 2266 1844; x_wconf 82' lang='grc' dir='ltr'>στον</span> <span class='ocrx_word' id='word_1_362' title='bbox 2315 1789 2704 1860; x_wconf 86' lang='grc' dir='ltr'>ἐνδεχόμενον).</span> <span class='ocrx_word' id='word_1_363' title='bbox 2757 1789 2816 1842; x_wconf 80' lang='grc'><strong>’0</strong></span> <span class='ocrx_word' id='word_1_364' title='bbox 2852 1787 3033 1859; x_wconf 82' lang='grc' dir='ltr'>μέντοι</span> <span class='ocrx_word' id='word_1_365' title='bbox 3079 1786 3418 1858; x_wconf 81' lang='grc' dir='ltr'>βαρϐαρικὴν</span> <span class='ocrx_word' id='word_1_366' title='bbox 3463 1784 3718 1839; x_wconf 85' lang='grc' dir='ltr'>ἀσέϐειαν</span> 
     </span>
    </p>
   </div>
   <div class='ocr_carea' id='block_1_49' title="bbox 2071 1860 3720 1951">
    <p class='ocr_par' dir='ltr' id='par_1_49' title="bbox 2071 1860 3720 1951">
     <span class='ocr_line' id='line_1_49' title="bbox 2071 1860 3720 1951; baseline -0.004 -18"><span class='ocrx_word' id='word_1_367' title='bbox 2071 1860 2112 1919; x_wconf 69' lang='grc' dir='ltr'>Β</span> <span class='ocrx_word' id='word_1_368' title='bbox 2136 1881 2453 1951; x_wconf 83' lang='grc' dir='ltr'>ἐπινοήσας,</span> <span class='ocrx_word' id='word_1_369' title='bbox 2489 1880 2723 1951; x_wconf 78' lang='grc' dir='ltr'>ἄναρχον</span> <span class='ocrx_word' id='word_1_370' title='bbox 2768 1878 2967 1932; x_wconf 83' lang='grc' dir='ltr'>κακίαν</span> <span class='ocrx_word' id='word_1_371' title='bbox 3018 1876 3158 1929; x_wconf 86' lang='grc' dir='ltr'>κατὰ</span> <span class='ocrx_word' id='word_1_372' title='bbox 3204 1874 3295 1928; x_wconf 89' lang='grc' dir='ltr'><strong>τοῦ</strong></span> <span class='ocrx_word' id='word_1_373' title='bbox 3337 1874 3474 1928; x_wconf 90' lang='grc' dir='ltr'>Θεοῦ</span> <span class='ocrx_word' id='word_1_374' title='bbox 3505 1873 3720 1946; x_wconf 80' lang='grc' dir='ltr'>ἀληθῶς</span> 
     </span>
    </p>
   </div>
   <div class='ocr_carea' id='block_1_50' title="bbox 2140 1966 3718 2044">
    <p class='ocr_par' dir='ltr' id='par_1_50' title="bbox 2140 1966 3718 2044">
     <span class='ocr_line' id='line_1_50' title="bbox 2140 1966 3718 2044; baseline -0.005 -18"><span class='ocrx_word' id='word_1_375' title='bbox 2140 1973 2375 2044; x_wconf 87' lang='grc' dir='ltr'>ἀνάρχου</span> <span class='ocrx_word' id='word_1_376' title='bbox 2399 1972 2491 2026; x_wconf 72' lang='grc' dir='ltr'><strong>καὶ</strong></span> <span class='ocrx_word' id='word_1_377' title='bbox 2522 1972 2680 2043; x_wconf 86' lang='grc' dir='ltr'>μόνου</span> <span class='ocrx_word' id='word_1_378' title='bbox 2713 1968 3078 2040; x_wconf 81' lang='grc' dir='ltr'>πλασάμενος,</span> <span class='ocrx_word' id='word_1_379' title='bbox 3112 1967 3208 2022; x_wconf 73' lang='grc' dir='ltr'>καὶ</span> <span class='ocrx_word' id='word_1_380' title='bbox 3238 1966 3495 2039; x_wconf 83' lang='grc' dir='ltr'>δευτέραν</span> <span class='ocrx_word' id='word_1_381' title='bbox 3540 1966 3718 2037; x_wconf 80' lang='grc' dir='ltr'>ἀρχὴν</span> 
     </span>
    </p>
   </div>
   <div class='ocr_carea' id='block_1_51' title="bbox 2140 2056 3720 2137">
    <p class='ocr_par' dir='ltr' id='par_1_51' title="bbox 2140 2056 3720 2137">
     <span class='ocr_line' id='line_1_51' title="bbox 2140 2056 3720 2137; baseline -0.005 -18"><span class='ocrx_word' id='word_1_382' title='bbox 2140 2066 2344 2137; x_wconf 86' lang='grc' dir='ltr'>ταύτην</span> <span class='ocrx_word' id='word_1_383' title='bbox 2389 2063 2629 2136; x_wconf 83' lang='grc' dir='ltr'>μανικῶς</span> <span class='ocrx_word' id='word_1_384' title='bbox 2672 2063 3018 2133; x_wconf 82' lang='grc' dir='ltr'>ὁρισάμενος,</span> <span class='ocrx_word' id='word_1_385' title='bbox 3052 2062 3112 2114; x_wconf 86' lang='grc' dir='ltr'>οὐ</span> <span class='ocrx_word' id='word_1_386' title='bbox 3150 2060 3309 2132; x_wconf 90' lang='grc' dir='ltr'>μόνον</span> <span class='ocrx_word' id='word_1_387' title='bbox 3350 2061 3407 2113; x_wconf 90' lang='grc' dir='ltr'><strong>ἐν</strong></span> <span class='ocrx_word' id='word_1_388' title='bbox 3452 2059 3545 2133; x_wconf 80' lang='grc' dir='ltr'><strong>ῐσῃ</strong></span> <span class='ocrx_word' id='word_1_389' title='bbox 3567 2056 3720 2122; x_wconf 81' lang='grc' dir='ltr'>τάξει</span> 
     </span>
    </p>
   </div>
   <div class='ocr_carea' id='block_1_52' title="bbox 2141 2149 3723 2227">
    <p class='ocr_par' dir='ltr' id='par_1_52' title="bbox 2141 2149 3723 2227">
     <span class='ocr_line' id='line_1_52' title="bbox 2141 2149 3723 2227; baseline -0.004 -17"><span class='ocrx_word' id='word_1_390' title='bbox 2141 2156 2323 2227; x_wconf 85' lang='grc' dir='ltr'>τίθησι</span> <span class='ocrx_word' id='word_1_391' title='bbox 2355 2156 2553 2221; x_wconf 79' lang='grc' dir='ltr'>κακίαν</span> <span class='ocrx_word' id='word_1_392' title='bbox 2599 2154 2740 2224; x_wconf 84' lang='grc' dir='ltr'>Θεῷ,</span> <span class='ocrx_word' id='word_1_393' title='bbox 2784 2153 2971 2224; x_wconf 88' lang='grc' dir='ltr'>ὥσπερ</span> <span class='ocrx_word' id='word_1_394' title='bbox 3000 2152 3229 2223; x_wconf 78' lang='grc' dir='ltr'>τιμῆσαι</span> <span class='ocrx_word' id='word_1_395' title='bbox 3260 2152 3462 2223; x_wconf 85' lang='grc' dir='ltr'>ταύτην</span> <span class='ocrx_word' id='word_1_396' title='bbox 3506 2153 3535 2205; x_wconf 83' lang='grc' dir='ltr'><strong>ὁ</strong></span> <span class='ocrx_word' id='word_1_397' title='bbox 3558 2149 3723 2221; x_wconf 79' lang='grc' dir='ltr'>δῆθεν</span> 
     </span>
    </p>
   </div>
   <div class='ocr_carea' id='block_1_53' title="bbox 2148 2241 3723 2321">
    <p class='ocr_par' dir='ltr' id='par_1_53' title="bbox 2148 2241 3723 2321">
     <span class='ocr_line' id='line_1_53' title="bbox 2148 2241 3723 2321; baseline -0.006 -19"><span class='ocrx_word' id='word_1_398' title='bbox 2148 2249 2320 2321; x_wconf 82' lang='grc' dir='ltr'>μισῶν</span> <span class='ocrx_word' id='word_1_399' title='bbox 2368 2246 2747 2319; x_wconf 84' lang='grc' dir='ltr'>προελόμενος,</span> <span class='ocrx_word' id='word_1_400' title='bbox 2791 2245 2927 2299; x_wconf 85' lang='grc' dir='ltr'><strong>ἀλλά</strong></span> <span class='ocrx_word' id='word_1_401' title='bbox 2965 2246 3058 2299; x_wconf 74' lang='grc' dir='ltr'>καὶ</span> <span class='ocrx_word' id='word_1_402' title='bbox 3101 2246 3297 2299; x_wconf 91' lang='grc' dir='ltr'>ἀνίατα</span> <span class='ocrx_word' id='word_1_403' title='bbox 3331 2245 3503 2315; x_wconf 82' lang='grc' dir='ltr'>πάντη</span> <span class='ocrx_word' id='word_1_404' title='bbox 3545 2241 3613 2295; x_wconf 79' lang='grc' dir='ltr'>τὰ</span> <span class='ocrx_word' id='word_1_405' title='bbox 3656 2244 3723 2294; x_wconf 90' lang='grc' dir='ltr'><strong>ἐκ</strong></span> 
     </span>
    </p>
   </div>
   <div class='ocr_carea' id='block_1_54' title="bbox 2143 2330 3725 2414">
    <p class='ocr_par' dir='ltr' id='par_1_54' title="bbox 2143 2330 3725 2414">
     <span class='ocr_line' id='line_1_54' title="bbox 2143 2330 3725 2414; baseline -0.007 -20"><span class='ocrx_word' id='word_1_406' title='bbox 2143 2343 2243 2414; x_wconf 82' lang='grc' dir='ltr'>τῆς</span> <span class='ocrx_word' id='word_1_407' title='bbox 2274 2341 2511 2412; x_wconf 80' lang='grc' dir='ltr'>άνάρχου</span> <span class='ocrx_word' id='word_1_408' title='bbox 2538 2340 2729 2412; x_wconf 74' lang='grc' dir='ltr'>ῥέοντα</span> <span class='ocrx_word' id='word_1_409' title='bbox 2754 2339 2900 2392; x_wconf 89' lang='grc' dir='ltr'><strong>κακά</strong></span> <span class='ocrx_word' id='word_1_410' title='bbox 2926 2338 3233 2405; x_wconf 88' lang='grc' dir='ltr'>ἐπάναγκες</span> <span class='ocrx_word' id='word_1_411' title='bbox 3255 2334 3501 2403; x_wconf 77' lang='grc' dir='ltr'>φάσκων,</span> <span class='ocrx_word' id='word_1_412' title='bbox 3525 2330 3725 2403; x_wconf 85' lang='grc' dir='ltr'>ἀδιώρ-</span> 
     </span>
    </p>
   </div>
   <div class='ocr_carea' id='block_1_55' title="bbox 2144 2426 3724 2504">
    <p class='ocr_par' dir='ltr' id='par_1_55' title="bbox 2144 2426 3724 2504">
     <span class='ocr_line' id='line_1_55' title="bbox 2144 2426 3724 2504; baseline -0.006 -17"><span class='ocrx_word' id='word_1_413' title='bbox 2144 2433 2315 2487; x_wconf 85' lang='grc' dir='ltr'>θωτον</span> <span class='ocrx_word' id='word_1_414' title='bbox 2364 2432 2515 2504; x_wconf 84' lang='grc' dir='ltr'><strong>παρά</strong></span> <span class='ocrx_word' id='word_1_415' title='bbox 2549 2429 2856 2503; x_wconf 85' lang='grc' dir='ltr'>ἀνθρώποις</span> <span class='ocrx_word' id='word_1_416' title='bbox 2899 2431 2996 2500; x_wconf 79' lang='grc' dir='ltr'>τὴν</span> <span class='ocrx_word' id='word_1_417' title='bbox 3030 2429 3244 2482; x_wconf 85' lang='grc' dir='ltr'>ἀδικίαν</span> <span class='ocrx_word' id='word_1_418' title='bbox 3274 2426 3573 2489; x_wconf 84' lang='grc' dir='ltr'>ἐπιϐούλως</span> <span class='ocrx_word' id='word_1_419' title='bbox 3612 2426 3724 2478; x_wconf 71' lang='lat' dir='ltr'><strong>ola-</strong></span> 
     </span>
    </p>
   </div>
   <div class='ocr_carea' id='block_1_56' title="bbox 2149 2513 3725 2593">
    <p class='ocr_par' dir='ltr' id='par_1_56' title="bbox 2149 2513 3725 2593">
     <span class='ocr_line' id='line_1_56' title="bbox 2149 2513 3725 2593; baseline -0.008 -15"><span class='ocrx_word' id='word_1_420' title='bbox 2149 2524 2272 2578; x_wconf 86' lang='grc' dir='ltr'>σθαι</span> <span class='ocrx_word' id='word_1_421' title='bbox 2307 2527 2451 2577; x_wconf 85' lang='grc' dir='ltr'>ποιεῖ</span> <span class='ocrx_word' id='word_1_422' title='bbox 2494 2524 2620 2586; x_wconf 66' lang='grc' dir='ltr'>τοὺς</span> <span class='ocrx_word' id='word_1_423' title='bbox 2658 2520 3011 2593; x_wconf 76' lang='grc' dir='ltr'>πειθομένους</span> <span class='ocrx_word' id='word_1_424' title='bbox 3049 2518 3197 2589; x_wconf 82' lang='grc' dir='ltr'>αύτῷ</span> <span class='ocrx_word' id='word_1_425' title='bbox 3219 2534 3233 2549; x_wconf 80' lang='grc'><em>’</em></span> <span class='ocrx_word' id='word_1_426' title='bbox 3270 2517 3409 2571; x_wconf 81' lang='grc' dir='ltr'>ὥστε</span> <span class='ocrx_word' id='word_1_427' title='bbox 3456 2513 3725 2587; x_wconf 74' lang='grc' dir='ltr'>προλήψει</span> 
     </span>
    </p>
   </div>
   <div class='ocr_carea' id='block_1_57' title="bbox 2146 2604 3724 2686">
    <p class='ocr_par' dir='ltr' id='par_1_57' title="bbox 2146 2604 3724 2686">
     <span class='ocr_line' id='line_1_57' title="bbox 2146 2604 3724 2686; baseline -0.006 -18"><span class='ocrx_word' id='word_1_428' title='bbox 2146 2615 2246 2686; x_wconf 82' lang='grc' dir='ltr'>τῆς</span> <span class='ocrx_word' id='word_1_429' title='bbox 2271 2614 2379 2667; x_wconf 88' lang='grc' dir='ltr'><strong>τῶν</strong></span> <span class='ocrx_word' id='word_1_430' title='bbox 2403 2615 2623 2684; x_wconf 85' lang='grc' dir='ltr'>ἀμαρτη</span> <span class='ocrx_word' id='word_1_431' title='bbox 2633 2612 2815 2683; x_wconf 88' lang='grc' dir='ltr'>μάτων</span> <span class='ocrx_word' id='word_1_432' title='bbox 2845 2610 3035 2681; x_wconf 74' lang='grc' dir='ltr'>ἡδονῆς</span> <span class='ocrx_word' id='word_1_433' title='bbox 3060 2607 3455 2680; x_wconf 85' lang='grc' dir='ltr'>προϐάλλεσθαι</span> <span class='ocrx_word' id='word_1_434' title='bbox 3480 2606 3599 2659; x_wconf 85' lang='grc' dir='ltr'>ἀντὶ</span> <span class='ocrx_word' id='word_1_435' title='bbox 3624 2604 3724 2675; x_wconf 80' lang='grc' dir='ltr'>τῆς</span> 
     </span>
    </p>
   </div>
   <div class='ocr_carea' id='block_1_58' title="bbox 2149 2697 3723 2778">
    <p class='ocr_par' dir='ltr' id='par_1_58' title="bbox 2149 2697 3723 2778">
     <span class='ocr_line' id='line_1_58' title="bbox 2149 2697 3723 2778; baseline -0.008 -18"><span class='ocrx_word' id='word_1_436' title='bbox 2149 2706 2484 2778; x_wconf 76' lang='grc' dir='ltr'>ἐπιστροφῆς</span> <span class='ocrx_word' id='word_1_437' title='bbox 2516 2705 2613 2777; x_wconf 79' lang='grc' dir='ltr'>τὴν</span> <span class='ocrx_word' id='word_1_438' title='bbox 2655 2703 3041 2774; x_wconf 75' lang='grc' dir='ltr'>ἀπαγόρευσιν.</span> <span class='ocrx_word' id='word_1_439' title='bbox 3074 2702 3147 2765; x_wconf 80' lang='grc' dir='ltr'>ὡς</span> <span class='ocrx_word' id='word_1_440' title='bbox 3188 2699 3445 2753; x_wconf 88' lang='grc' dir='ltr'>ἀδύνατον</span> <span class='ocrx_word' id='word_1_441' title='bbox 3487 2697 3723 2770; x_wconf 87' lang='grc' dir='ltr'>ἀνάρχου</span> 
     </span>
    </p>
   </div>
   <div class='ocr_carea' id='block_1_59' title="bbox 2149 2788 3726 2868">
    <p class='ocr_par' dir='ltr' id='par_1_59' title="bbox 2149 2788 3726 2868">
     <span class='ocr_line' id='line_1_59' title="bbox 2149 2788 3726 2868; baseline -0.009 -15"><span class='ocrx_word' id='word_1_442' title='bbox 2149 2800 2343 2863; x_wconf 77' lang='grc' dir='ltr'>κακίας</span> <span class='ocrx_word' id='word_1_443' title='bbox 2386 2801 2629 2868; x_wconf 84' lang='grc' dir='ltr'>ἐπισχεῖν</span> <span class='ocrx_word' id='word_1_444' title='bbox 2670 2796 2768 2867; x_wconf 75' lang='grc' dir='ltr'>τὴν</span> <span class='ocrx_word' id='word_1_445' title='bbox 2811 2795 3010 2865; x_wconf 80' lang='grc' dir='ltr'>φοράν·</span> <span class='ocrx_word' id='word_1_446' title='bbox 3047 2793 3185 2864; x_wconf 76' lang='grc' dir='ltr'>πλὴν</span> <span class='ocrx_word' id='word_1_447' title='bbox 3228 2794 3276 2844; x_wconf 86' lang='grc' dir='ltr'><strong>εί</strong></span> <span class='ocrx_word' id='word_1_448' title='bbox 3314 2792 3386 2861; x_wconf 82' lang='grc' dir='ltr'>μή</span> <span class='ocrx_word' id='word_1_449' title='bbox 3418 2806 3504 2853; x_wconf 90' lang='grc' dir='ltr'><strong>τις</strong></span> <span class='ocrx_word' id='word_1_450' title='bbox 3533 2788 3726 2841; x_wconf 88' lang='grc' dir='ltr'>ἐπιθυ-</span> 
     </span>
    </p>
   </div>
   <div class='ocr_carea' id='block_1_60' title="bbox 2154 2879 3724 2962">
    <p class='ocr_par' dir='ltr' id='par_1_60' title="bbox 2154 2879 3724 2962">
     <span class='ocr_line' id='line_1_60' title="bbox 2154 2879 3724 2962; baseline -0.008 -19"><span class='ocrx_word' id='word_1_451' title='bbox 2154 2891 2252 2962; x_wconf 82' lang='grc' dir='ltr'><strong>μίᾳ</strong></span> <span class='ocrx_word' id='word_1_452' title='bbox 2278 2890 2436 2960; x_wconf 79' lang='grc' dir='ltr'>δόξης</span> <span class='ocrx_word' id='word_1_453' title='bbox 2477 2888 2570 2940; x_wconf 88' lang='grc' dir='ltr'>τοῦ</span> <span class='ocrx_word' id='word_1_454' title='bbox 2603 2888 2779 2941; x_wconf 85' lang='grc' dir='ltr'>δοκεῖν</span> <span class='ocrx_word' id='word_1_455' title='bbox 2811 2888 2872 2939; x_wconf 84' lang='grc' dir='ltr'><strong>τὸ</strong></span> <span class='ocrx_word' id='word_1_456' title='bbox 2913 2886 3074 2939; x_wconf 80' lang='grc' dir='ltr'>πλέον</span> <span class='ocrx_word' id='word_1_457' title='bbox 3107 2886 3171 2936; x_wconf 86' lang='grc' dir='ltr'><strong>ἐκ</strong></span> <span class='ocrx_word' id='word_1_458' title='bbox 3198 2881 3289 2935; x_wconf 80' lang='grc' dir='ltr'><strong>τοῦ</strong></span> <span class='ocrx_word' id='word_1_459' title='bbox 3322 2879 3526 2950; x_wconf 77' lang='grc' dir='ltr'>ἀγαθοῦ</span> <span class='ocrx_word' id='word_1_460' title='bbox 3557 2879 3724 2948; x_wconf 79' lang='grc' dir='ltr'>ἔχειν,</span> 
     </span>
    </p>
   </div>
   <div class='ocr_carea' id='block_1_61' title="bbox 2149 2971 3727 3051">
    <p class='ocr_par' dir='ltr' id='par_1_61' title="bbox 2149 2971 3727 3051">
     <span class='ocr_line' id='line_1_61' title="bbox 2149 2971 3727 3051; baseline -0.008 -17"><span class='ocrx_word' id='word_1_461' title='bbox 2149 2981 2225 3046; x_wconf 81' lang='grc' dir='ltr'>ὡς</span> <span class='ocrx_word' id='word_1_462' title='bbox 2269 2980 2334 3051; x_wconf 82' lang='grc' dir='ltr'>δὴ</span> <span class='ocrx_word' id='word_1_463' title='bbox 2391 2978 2761 3051; x_wconf 81' lang='grc' dir='ltr'>μυθολογοῦσι,</span> <span class='ocrx_word' id='word_1_464' title='bbox 2816 2978 3119 3040; x_wconf 83' lang='grc' dir='ltr'>σπουδάσας</span> <span class='ocrx_word' id='word_1_465' title='bbox 3167 2975 3285 3047; x_wconf 77' lang='grc' dir='ltr'>μὲν,</span> <span class='ocrx_word' id='word_1_466' title='bbox 3331 2971 3727 3044; x_wconf 79' lang='grc' dir='ltr'>κατορθώσειεν</span> 
     </span>
    </p>
   </div>
   <div class='ocr_carea' id='block_1_62' title="bbox 2151 3062 3727 3143">
    <p class='ocr_par' dir='ltr' id='par_1_62' title="bbox 2151 3062 3727 3143">
     <span class='ocr_line' id='line_1_62' title="bbox 2151 3062 3727 3143; baseline -0.009 -15"><span class='ocrx_word' id='word_1_467' title='bbox 2151 3074 2227 3137; x_wconf 83' lang='grc' dir='ltr'>ὡς</span> <span class='ocrx_word' id='word_1_468' title='bbox 2260 3069 2370 3127; x_wconf 78' lang='grc' dir='ltr'>οἶόν</span> <span class='ocrx_word' id='word_1_469' title='bbox 2414 3089 2477 3125; x_wconf 91' lang='grc' dir='ltr'><strong>τε</strong></span> <span class='ocrx_word' id='word_1_470' title='bbox 2519 3073 2580 3125; x_wconf 84' lang='grc' dir='ltr'><strong>τὸ</strong></span> <span class='ocrx_word' id='word_1_471' title='bbox 2622 3073 2695 3143; x_wconf 81' lang='grc' dir='ltr'>μὴ</span> <span class='ocrx_word' id='word_1_472' title='bbox 2738 3071 3090 3143; x_wconf 82' lang='grc' dir='ltr'>ἁμαρτάνειν,</span> <span class='ocrx_word' id='word_1_473' title='bbox 3128 3068 3205 3131; x_wconf 86' lang='grc' dir='ltr'>ὼς</span> <span class='ocrx_word' id='word_1_474' title='bbox 3248 3065 3473 3120; x_wconf 78' lang='grc' dir='ltr'>αὐτόθεν</span> <span class='ocrx_word' id='word_1_475' title='bbox 3500 3062 3727 3134; x_wconf 81' lang='grc' dir='ltr'>ποιῆσαι</span> 
     </span>
    </p>
   </div>
   <div class='ocr_carea' id='block_1_63' title="bbox 2150 3155 3727 3236">
    <p class='ocr_par' dir='ltr' id='par_1_63' title="bbox 2150 3155 3727 3236">
     <span class='ocr_line' id='line_1_63' title="bbox 2150 3155 3727 3236; baseline -0.008 -17"><span class='ocrx_word' id='word_1_476' title='bbox 2150 3166 2328 3236; x_wconf 85' lang='grc' dir='ltr'>δῆλον,</span> <span class='ocrx_word' id='word_1_477' title='bbox 2374 3165 2450 3228; x_wconf 84' lang='grc' dir='ltr'>ὡς</span> <span class='ocrx_word' id='word_1_478' title='bbox 2469 3165 2567 3235; x_wconf 84' lang='grc' dir='ltr'>οὐχ</span> <span class='ocrx_word' id='word_1_479' title='bbox 2600 3163 2884 3235; x_wconf 77' lang='grc' dir='ltr'>ἑτέρωθεν,</span> <span class='ocrx_word' id='word_1_480' title='bbox 2915 3161 3050 3216; x_wconf 90' lang='grc' dir='ltr'><strong>ἀλλά</strong></span> <span class='ocrx_word' id='word_1_481' title='bbox 3078 3162 3207 3232; x_wconf 80' lang='grc' dir='ltr'>παρ’</span> <span class='ocrx_word' id='word_1_482' title='bbox 3242 3158 3405 3212; x_wconf 83' lang='grc' dir='ltr'>αὑτοῦ</span> <span class='ocrx_word' id='word_1_483' title='bbox 3436 3155 3727 3227; x_wconf 77' lang='grc' dir='ltr'>ἐπλημμέ-</span> 
     </span>
    </p>
   </div>
   <div class='ocr_carea' id='block_1_64' title="bbox 470 3248 2048 3330">
    <p class='ocr_par' dir='ltr' id='par_1_64' title="bbox 470 3248 2048 3321">
     <span class='ocr_line' id='line_1_64' title="bbox 470 3248 2048 3321; baseline 0.001 -16"><span class='ocrx_word' id='word_1_484' title='bbox 470 3258 666 3306; x_wconf 67' lang='grc' dir='ltr'>ὀοιυω</span> <span class='ocrx_word' id='word_1_485' title='bbox 698 3250 993 3320; x_wconf 81' lang='lat' dir='ltr'><strong>proﬁcisci.</strong></span> <span class='ocrx_word' id='word_1_486' title='bbox 1026 3248 1443 3304; x_wconf 79' lang='lat' dir='ltr'><strong>Existimabitur</strong></span> <span class='ocrx_word' id='word_1_487' title='bbox 1485 3257 1665 3305; x_wconf 83' lang='lat' dir='ltr'><strong>tamen</strong></span> <span class='ocrx_word' id='word_1_488' title='bbox 1715 3250 1854 3321; x_wconf 86' lang='lat' dir='ltr'><strong>apud</strong></span> <span class='ocrx_word' id='word_1_489' title='bbox 1902 3252 2048 3321; x_wconf 86' lang='lat' dir='ltr'><strong>ipsos</strong></span> 
     </span>
    </p>
   </div>
   <div class='ocr_carea' id='block_1_65' title="bbox 2148 3248 3727 3330">
    <p class='ocr_par' dir='ltr' id='par_1_65' title="bbox 2151 3250 3727 3330">
     <span class='ocr_line' id='line_1_65' title="bbox 2151 3250 3727 3330; baseline -0.006 -18"><span class='ocrx_word' id='word_1_490' title='bbox 2151 3259 2265 3312; x_wconf 75' lang='grc' dir='ltr'>λειο</span> <span class='ocrx_word' id='word_1_491' title='bbox 2316 3259 2466 3330; x_wconf 83' lang='grc' dir='ltr'>ὅμως</span> <span class='ocrx_word' id='word_1_492' title='bbox 2512 3258 2557 3311; x_wconf 83' lang='grc' dir='ltr'>δ’</span> <span class='ocrx_word' id='word_1_493' title='bbox 2600 3255 2968 3326; x_wconf 87' lang='grc' dir='ltr'>ἀπενέγκηταί</span> <span class='ocrx_word' id='word_1_494' title='bbox 3000 3271 3120 3307; x_wconf 90' lang='grc' dir='ltr'>τινα</span> <span class='ocrx_word' id='word_1_495' title='bbox 3154 3252 3311 3318; x_wconf 78' lang='grc' dir='ltr'>δόξαν</span> <span class='ocrx_word' id='word_1_496' title='bbox 3346 3252 3474 3321; x_wconf 84' lang='grc' dir='ltr'>παρ’</span> <span class='ocrx_word' id='word_1_497' title='bbox 3513 3250 3727 3313; x_wconf 78' lang='grc' dir='ltr'>αὐτοῖς,</span> 
     </span>
    </p>
   </div>
   <div class='ocr_carea' id='block_1_66' title="bbox 484 3340 2051 3411">
    <p class='ocr_par' dir='ltr' id='par_1_66' title="bbox 484 3340 2051 3411">
     <span class='ocr_line' id='line_1_66' title="bbox 484 3340 2051 3411; baseline 0 -16"><span class='ocrx_word' id='word_1_498' title='bbox 484 3341 676 3396; x_wconf 79' lang='lat' dir='ltr'><strong>melior</strong></span> <span class='ocrx_word' id='word_1_499' title='bbox 704 3356 827 3397; x_wconf 88' lang='lat' dir='ltr'><strong>esse</strong></span> <span class='ocrx_word' id='word_1_500' title='bbox 858 3348 1080 3410; x_wconf 83' lang='lat' dir='ltr'><strong>prepter</strong></span> <span class='ocrx_word' id='word_1_501' title='bbox 1108 3340 1487 3394; x_wconf 89' lang='lat' dir='ltr'><strong>admistionem</strong></span> <span class='ocrx_word' id='word_1_502' title='bbox 1519 3347 1728 3395; x_wconf 66' lang='lat' dir='ltr'><strong>naturae</strong></span> <span class='ocrx_word' id='word_1_503' title='bbox 1747 3379 1763 3403; x_wconf 91' lang='lat'><strong>,</strong></span> <span class='ocrx_word' id='word_1_504' title='bbox 1807 3341 1899 3411; x_wconf 93' lang='lat' dir='ltr'><strong>qui</strong></span> <span class='ocrx_word' id='word_1_505' title='bbox 1939 3356 2051 3395; x_wconf 92' lang='lat' dir='ltr'><strong>non</strong></span> 
     </span>
    </p>
   </div>
   <div class='ocr_carea' id='block_1_67' title="bbox 485 3431 2051 3501">
    <p class='ocr_par' dir='ltr' id='par_1_67' title="bbox 485 3431 2051 3501">
     <span class='ocr_line' id='line_1_67' title="bbox 485 3431 2051 3501; baseline -0.001 -12"><span class='ocrx_word' id='word_1_506' title='bbox 485 3442 680 3489; x_wconf 87' lang='lat' dir='ltr'><strong>natura</strong></span> <span class='ocrx_word' id='word_1_507' title='bbox 701 3473 715 3497; x_wconf 90' lang='lat'><strong>,</strong></span> <span class='ocrx_word' id='word_1_508' title='bbox 748 3433 841 3488; x_wconf 91' lang='lat' dir='ltr'><strong>sed</strong></span> <span class='ocrx_word' id='word_1_509' title='bbox 870 3433 1056 3487; x_wconf 88' lang='lat' dir='ltr'><strong>labore</strong></span> <span class='ocrx_word' id='word_1_510' title='bbox 1084 3440 1138 3487; x_wconf 89' lang='lat' dir='ltr'><strong>et</strong></span> <span class='ocrx_word' id='word_1_511' title='bbox 1163 3431 1364 3487; x_wconf 90' lang='lat' dir='ltr'><strong>sudore</strong></span> <span class='ocrx_word' id='word_1_512' title='bbox 1395 3447 1529 3487; x_wconf 91' lang='lat' dir='ltr'><strong>usus</strong></span> <span class='ocrx_word' id='word_1_513' title='bbox 1557 3439 1677 3499; x_wconf 91' lang='lat' dir='ltr'><strong>est,</strong></span> <span class='ocrx_word' id='word_1_514' title='bbox 1708 3432 1800 3501; x_wconf 92' lang='lat' dir='ltr'><strong>qui</strong></span> <span class='ocrx_word' id='word_1_515' title='bbox 1830 3433 2051 3500; x_wconf 89' lang='lat' dir='ltr'><strong>quidem</strong></span> 
     </span>
    </p>
   </div>
   <div class='ocr_carea' id='block_1_68' title="bbox 486 3523 2055 3597">
    <p class='ocr_par' dir='ltr' id='par_1_68' title="bbox 486 3523 2055 3597">
     <span class='ocr_line' id='line_1_68' title="bbox 486 3523 2055 3597; baseline -0.001 -17"><span class='ocrx_word' id='word_1_516' title='bbox 486 3526 695 3597; x_wconf 88' lang='lat' dir='ltr'><strong>putabit</strong></span> <span class='ocrx_word' id='word_1_517' title='bbox 724 3541 785 3581; x_wconf 91' lang='lat' dir='ltr'><strong>se</strong></span> <span class='ocrx_word' id='word_1_518' title='bbox 813 3524 1060 3587; x_wconf 78' lang='lat' dir='ltr'><strong>laudari,</strong></span> <span class='ocrx_word' id='word_1_519' title='bbox 1093 3539 1216 3578; x_wconf 91' lang='lat' dir='ltr'><strong>cum</strong></span> <span class='ocrx_word' id='word_1_520' title='bbox 1249 3524 1450 3593; x_wconf 87' lang='lat' dir='ltr'><strong>alioqui</strong></span> <span class='ocrx_word' id='word_1_521' title='bbox 1498 3538 1623 3577; x_wconf 80' lang='lat' dir='ltr'><strong>vera</strong></span> <span class='ocrx_word' id='word_1_522' title='bbox 1670 3523 1829 3578; x_wconf 90' lang='lat' dir='ltr'><strong>laude</strong></span> <span class='ocrx_word' id='word_1_523' title='bbox 1875 3525 2055 3594; x_wconf 86' lang='lat' dir='ltr'><strong>prive-</strong></span> 
     </span>
    </p>
   </div>
   <div class='ocr_carea' id='block_1_69' title="bbox 488 3616 2058 3686">
    <p class='ocr_par' dir='ltr' id='par_1_69' title="bbox 488 3616 2058 3686">
     <span class='ocr_line' id='line_1_69' title="bbox 488 3616 2058 3686; baseline -0.001 -13"><span class='ocrx_word' id='word_1_524' title='bbox 488 3632 598 3677; x_wconf 87' lang='lat' dir='ltr'><strong>tur.</strong></span> <span class='ocrx_word' id='word_1_525' title='bbox 630 3619 827 3674; x_wconf 81' lang='lat' dir='ltr'><strong>Veram</strong></span> <span class='ocrx_word' id='word_1_526' title='bbox 857 3619 1003 3673; x_wconf 91' lang='lat' dir='ltr'><strong>enim</strong></span> <span class='ocrx_word' id='word_1_527' title='bbox 1032 3617 1257 3686; x_wconf 87' lang='lat' dir='ltr'><strong>gloriam</strong></span> <span class='ocrx_word' id='word_1_528' title='bbox 1292 3631 1359 3671; x_wconf 83' lang='lat' dir='ltr'><strong>ex</strong></span> <span class='ocrx_word' id='word_1_529' title='bbox 1403 3616 1590 3670; x_wconf 87' lang='lat' dir='ltr'><strong>labore</strong></span> <span class='ocrx_word' id='word_1_530' title='bbox 1628 3630 1692 3669; x_wconf 86' lang='lat' dir='ltr'><strong>ac</strong></span> <span class='ocrx_word' id='word_1_531' title='bbox 1730 3616 1918 3671; x_wconf 80' lang='lat' dir='ltr'><strong>studio</strong></span> <span class='ocrx_word' id='word_1_532' title='bbox 1948 3617 2058 3673; x_wconf 75' lang='lat' dir='ltr'><strong>vir-</strong></span> 
     </span>
    </p>
   </div>
   <div class='ocr_carea' id='block_1_70' title="bbox 489 3707 2055 3781">
    <p class='ocr_par' dir='ltr' id='par_1_70' title="bbox 489 3707 2055 3781">
     <span class='ocr_line' id='line_1_70' title="bbox 489 3707 2055 3781; baseline -0.003 -15"><span class='ocrx_word' id='word_1_533' title='bbox 489 3713 624 3767; x_wconf 88' lang='lat' dir='ltr'><strong>tutis</strong></span> <span class='ocrx_word' id='word_1_534' title='bbox 664 3710 1099 3781; x_wconf 85' lang='lat' dir='ltr'><strong>proliciscentem</strong></span> <span class='ocrx_word' id='word_1_535' title='bbox 1138 3707 1474 3776; x_wconf 85' lang='lat' dir='ltr'><strong>relinquens,</strong></span> <span class='ocrx_word' id='word_1_536' title='bbox 1521 3707 1570 3762; x_wconf 85' lang='lat' dir='ltr'><strong>si</strong></span> <span class='ocrx_word' id='word_1_537' title='bbox 1604 3709 1822 3777; x_wconf 90' lang='lat' dir='ltr'><strong>quidem</strong></span> <span class='ocrx_word' id='word_1_538' title='bbox 1868 3708 2055 3778; x_wconf 88' lang='lat' dir='ltr'><strong>pietati</strong></span> 
     </span>
    </p>
   </div>
   <div class='ocr_carea' id='block_1_71' title="bbox 488 3798 2053 3874">
    <p class='ocr_par' dir='ltr' id='par_1_71' title="bbox 488 3798 2053 3874">
     <span class='ocr_line' id='line_1_71' title="bbox 488 3798 2053 3874; baseline -0.004 -15"><span class='ocrx_word' id='word_1_539' title='bbox 488 3818 616 3874; x_wconf 92' lang='lat' dir='ltr'><strong>erga</strong></span> <span class='ocrx_word' id='word_1_540' title='bbox 645 3800 811 3856; x_wconf 89' lang='lat' dir='ltr'><strong>Deum</strong></span> <span class='ocrx_word' id='word_1_541' title='bbox 837 3798 1126 3861; x_wconf 88' lang='lat' dir='ltr'><strong>studebat,</strong></span> <span class='ocrx_word' id='word_1_542' title='bbox 1155 3799 1538 3852; x_wconf 86' lang='lat' dir='ltr'><strong>necessitatem</strong></span> <span class='ocrx_word' id='word_1_543' title='bbox 1570 3808 1778 3854; x_wconf 74' lang='lat' dir='ltr'><strong>natum</strong></span> <span class='ocrx_word' id='word_1_544' title='bbox 1805 3800 2053 3870; x_wconf 88' lang='lat' dir='ltr'><strong>rapinam</strong></span> 
     </span>
    </p>
   </div>
   <div class='ocr_carea' id='block_1_72' title="bbox 491 3890 2059 3962">
    <p class='ocr_par' dir='ltr' id='par_1_72' title="bbox 491 3890 2059 3962">
     <span class='ocr_line' id='line_1_72' title="bbox 491 3890 2059 3962; baseline -0.001 -15"><span class='ocrx_word' id='word_1_545' title='bbox 491 3909 613 3949; x_wconf 83' lang='lat' dir='ltr'><strong>esse</strong></span> <span class='ocrx_word' id='word_1_546' title='bbox 643 3892 781 3948; x_wconf 81' lang='lat' dir='ltr'><strong>falso</strong></span> <span class='ocrx_word' id='word_1_547' title='bbox 806 3892 993 3956; x_wconf 89' lang='lat' dir='ltr'><strong>ducit,</strong></span> <span class='ocrx_word' id='word_1_548' title='bbox 1024 3890 1118 3959; x_wconf 87' lang='lat' dir='ltr'><strong>qui</strong></span> <span class='ocrx_word' id='word_1_549' title='bbox 1148 3890 1437 3944; x_wconf 89' lang='lat' dir='ltr'><strong>utilitatem</strong></span> <span class='ocrx_word' id='word_1_550' title='bbox 1464 3890 1746 3947; x_wconf 65' lang='lat' dir='ltr'><strong>industria:</strong></span> <span class='ocrx_word' id='word_1_551' title='bbox 1770 3892 1839 3946; x_wconf 90' lang='lat' dir='ltr'><strong>ad</strong></span> <span class='ocrx_word' id='word_1_552' title='bbox 1866 3893 2059 3962; x_wconf 85' lang='lat' dir='ltr'><strong>impie-</strong></span> 
     </span>
    </p>
   </div>
   <div class='ocr_carea' id='block_1_73' title="bbox 492 3981 2059 4053">
    <p class='ocr_par' dir='ltr' id='par_1_73' title="bbox 492 3981 2059 4053">
     <span class='ocr_line' id='line_1_73' title="bbox 492 3981 2059 4053; baseline 0 -16"><span class='ocrx_word' id='word_1_553' title='bbox 492 3992 665 4039; x_wconf 88' lang='lat' dir='ltr'><strong>tatem</strong></span> <span class='ocrx_word' id='word_1_554' title='bbox 698 3983 753 4038; x_wconf 89' lang='lat' dir='ltr'><strong>in</strong></span> <span class='ocrx_word' id='word_1_555' title='bbox 783 3982 950 4037; x_wconf 89' lang='lat' dir='ltr'><strong>Deum</strong></span> <span class='ocrx_word' id='word_1_556' title='bbox 983 3981 1204 4034; x_wconf 89' lang='lat' dir='ltr'><strong>adhibet</strong></span> <span class='ocrx_word' id='word_1_557' title='bbox 1230 3997 1244 4047; x_wconf 91' lang='lat'><strong>;</strong></span> <span class='ocrx_word' id='word_1_558' title='bbox 1278 3988 1340 4033; x_wconf 92' lang='lat' dir='ltr'><strong>ut</strong></span> <span class='ocrx_word' id='word_1_559' title='bbox 1373 3996 1474 4034; x_wconf 91' lang='lat' dir='ltr'><strong>nec</strong></span> <span class='ocrx_word' id='word_1_560' title='bbox 1504 3984 1721 4036; x_wconf 88' lang='lat' dir='ltr'><strong>animus</strong></span> <span class='ocrx_word' id='word_1_561' title='bbox 1750 3982 1976 4053; x_wconf 76' lang='lat' dir='ltr'><strong>ignavia:</strong></span> <span class='ocrx_word' id='word_1_562' title='bbox 2005 3993 2059 4037; x_wconf 90' lang='lat' dir='ltr'><strong>et</strong></span> 
     </span>
    </p>
   </div>
   <div class='ocr_carea' id='block_1_74' title="bbox 492 4069 2057 4144">
    <p class='ocr_par' dir='ltr' id='par_1_74' title="bbox 492 4069 2057 4144">
     <span class='ocr_line' id='line_1_74' title="bbox 492 4069 2057 4144; baseline -0.001 -15"><span class='ocrx_word' id='word_1_563' title='bbox 492 4074 704 4129; x_wconf 66' lang='lat' dir='ltr'><strong>inertia:</strong></span> <span class='ocrx_word' id='word_1_564' title='bbox 731 4072 979 4137; x_wconf 88' lang='lat' dir='ltr'><strong>deditus,</strong></span> <span class='ocrx_word' id='word_1_565' title='bbox 1008 4085 1131 4124; x_wconf 91' lang='lat' dir='ltr'><strong>cum</strong></span> <span class='ocrx_word' id='word_1_566' title='bbox 1164 4069 1306 4124; x_wconf 90' lang='lat' dir='ltr'><strong>male</strong></span> <span class='ocrx_word' id='word_1_567' title='bbox 1334 4071 1479 4140; x_wconf 87' lang='lat' dir='ltr'><strong>agit,</strong></span> <span class='ocrx_word' id='word_1_568' title='bbox 1512 4080 1804 4144; x_wconf 84' lang='lat' dir='ltr'><strong>pungatur,</strong></span> <span class='ocrx_word' id='word_1_569' title='bbox 1848 4073 1893 4128; x_wconf 81' lang='lat' dir='ltr'><strong>si</strong></span> <span class='ocrx_word' id='word_1_570' title='bbox 1931 4074 2057 4143; x_wconf 85' lang='lat' dir='ltr'><strong>qui-</strong></span> 
     </span>
    </p>
   </div>
   <div class='ocr_carea' id='block_1_75' title="bbox 493 4162 2055 4231">
    <p class='ocr_par' dir='ltr' id='par_1_75' title="bbox 493 4162 2055 4231">
     <span class='ocr_line' id='line_1_75' title="bbox 493 4162 2055 4231; baseline 0 -11"><span class='ocrx_word' id='word_1_571' title='bbox 493 4166 618 4220; x_wconf 88' lang='lat' dir='ltr'><strong>dem</strong></span> <span class='ocrx_word' id='word_1_572' title='bbox 673 4163 831 4220; x_wconf 90' lang='lat' dir='ltr'><strong>alteri</strong></span> <span class='ocrx_word' id='word_1_573' title='bbox 884 4163 1101 4217; x_wconf 86' lang='lat' dir='ltr'><strong>cuidam</strong></span> <span class='ocrx_word' id='word_1_574' title='bbox 1163 4162 1435 4231; x_wconf 90' lang='lat' dir='ltr'><strong>principio</strong></span> <span class='ocrx_word' id='word_1_575' title='bbox 1489 4164 1733 4219; x_wconf 89' lang='lat' dir='ltr'><strong>actiones</strong></span> <span class='ocrx_word' id='word_1_576' title='bbox 1788 4165 2055 4220; x_wconf 87' lang='lat' dir='ltr'><strong>ascribit:</strong></span> 
     </span>
    </p>
   </div>
   <div class='ocr_carea' id='block_1_76' title="bbox 497 4252 2056 4327">
    <p class='ocr_par' dir='ltr' id='par_1_76' title="bbox 497 4252 2056 4327">
     <span class='ocr_line' id='line_1_76' title="bbox 497 4252 2056 4327; baseline 0 -16"><span class='ocrx_word' id='word_1_577' title='bbox 497 4270 670 4327; x_wconf 89' lang='lat' dir='ltr'><strong>neque</strong></span> <span class='ocrx_word' id='word_1_578' title='bbox 716 4256 809 4326; x_wconf 91' lang='lat' dir='ltr'><strong>qui</strong></span> <span class='ocrx_word' id='word_1_579' title='bbox 860 4254 1040 4310; x_wconf 89' lang='lat' dir='ltr'><strong>studio</strong></span> <span class='ocrx_word' id='word_1_580' title='bbox 1084 4252 1278 4317; x_wconf 92' lang='lat' dir='ltr'><strong>utitur,</strong></span> <span class='ocrx_word' id='word_1_581' title='bbox 1324 4253 1487 4309; x_wconf 91' lang='lat' dir='ltr'><strong>laude</strong></span> <span class='ocrx_word' id='word_1_582' title='bbox 1527 4255 1726 4326; x_wconf 90' lang='lat' dir='ltr'><strong>dignus</strong></span> <span class='ocrx_word' id='word_1_583' title='bbox 1769 4256 2056 4322; x_wconf 78' lang='lat' dir='ltr'><strong>habeatur,</strong></span> 
     </span>
    </p>
   </div>
   <div class='ocr_carea' id='block_1_77' title="bbox 494 4339 2061 4419">
    <p class='ocr_par' dir='ltr' id='par_1_77' title="bbox 494 4339 2061 4419">
     <span class='ocr_line' id='line_1_77' title="bbox 494 4339 2061 4419; baseline 0 -18"><span class='ocrx_word' id='word_1_584' title='bbox 494 4351 693 4419; x_wconf 84' lang='lat' dir='ltr'><strong>quippe</strong></span> <span class='ocrx_word' id='word_1_585' title='bbox 731 4348 822 4418; x_wconf 90' lang='lat' dir='ltr'><strong>qui</strong></span> <span class='ocrx_word' id='word_1_586' title='bbox 864 4347 920 4400; x_wconf 91' lang='lat' dir='ltr'><strong>in</strong></span> <span class='ocrx_word' id='word_1_587' title='bbox 962 4339 1017 4400; x_wconf 86' lang='lat' dir='ltr'><strong>id</strong></span> <span class='ocrx_word' id='word_1_588' title='bbox 1060 4345 1388 4414; x_wconf 85' lang='lat' dir='ltr'><strong>cogitatione</strong></span> <span class='ocrx_word' id='word_1_589' title='bbox 1429 4345 1743 4415; x_wconf 88' lang='lat' dir='ltr'><strong>incumbat,</strong></span> <span class='ocrx_word' id='word_1_590' title='bbox 1794 4349 1937 4418; x_wconf 93' lang='lat' dir='ltr'><strong>quod</strong></span> <span class='ocrx_word' id='word_1_591' title='bbox 1976 4357 2061 4403; x_wconf 88' lang='lat' dir='ltr'><strong>est</strong></span> 
     </span>
    </p>
   </div>
   <div class='ocr_carea' id='block_1_78' title="bbox 493 4433 2061 4507">
    <p class='ocr_par' dir='ltr' id='par_1_78' title="bbox 493 4433 2061 4507">
     <span class='ocr_line' id='line_1_78' title="bbox 493 4433 2061 4507; baseline -0.001 -14"><span class='ocrx_word' id='word_1_592' title='bbox 493 4438 737 4493; x_wconf 90' lang='lat' dir='ltr'><strong>omnium</strong></span> <span class='ocrx_word' id='word_1_593' title='bbox 772 4435 1177 4490; x_wconf 88' lang='lat' dir='ltr'><strong>atrocissimum</strong></span> <span class='ocrx_word' id='word_1_594' title='bbox 1198 4472 1213 4496; x_wconf 87' lang='lat'><strong>,</strong></span> <span class='ocrx_word' id='word_1_595' title='bbox 1249 4433 1464 4490; x_wconf 89' lang='lat' dir='ltr'><strong>institui</strong></span> <span class='ocrx_word' id='word_1_596' title='bbox 1499 4436 1713 4491; x_wconf 90' lang='lat' dir='ltr'><strong>scilicet</strong></span> <span class='ocrx_word' id='word_1_597' title='bbox 1746 4435 1813 4489; x_wconf 89' lang='lat' dir='ltr'><strong>ad</strong></span> <span class='ocrx_word' id='word_1_598' title='bbox 1868 4438 2061 4507; x_wconf 86' lang='lat' dir='ltr'><strong>impie-</strong></span> 
     </span>
    </p>
   </div>
   <div class='ocr_carea' id='block_1_79' title="bbox 484 4525 1173 4587">
    <p class='ocr_par' dir='ltr' id='par_1_79' title="bbox 484 4525 1173 4587">
     <span class='ocr_line' id='line_1_79' title="bbox 484 4525 1173 4587; baseline -0.004 -3"><span class='ocrx_word' id='word_1_599' title='bbox 484 4538 662 4585; x_wconf 80' lang='lat' dir='ltr'><strong>tatem</strong></span> <span class='ocrx_word' id='word_1_600' title='bbox 691 4528 951 4587; x_wconf 86' lang='lat' dir='ltr'><strong>adversus</strong></span> <span class='ocrx_word' id='word_1_601' title='bbox 982 4525 1173 4581; x_wconf 85' lang='lat' dir='ltr'><strong>Deum.</strong></span> 
     </span>
    </p>
   </div>
   <div class='ocr_carea' id='block_1_80' title="bbox 2154 3338 3726 3421">
    <p class='ocr_par' dir='ltr' id='par_1_80' title="bbox 2154 3338 3726 3421">
     <span class='ocr_line' id='line_1_80' title="bbox 2154 3338 3726 3421; baseline -0.008 -18"><span class='ocrx_word' id='word_1_602' title='bbox 2154 3351 2230 3414; x_wconf 83' lang='grc' dir='ltr'><strong>ὡς</strong></span> <span class='ocrx_word' id='word_1_603' title='bbox 2260 3350 2358 3421; x_wconf 82' lang='grc' dir='ltr'>τὴν</span> <span class='ocrx_word' id='word_1_604' title='bbox 2384 3351 2582 3421; x_wconf 76' lang='grc' dir='ltr'>κρᾶσιν</span> <span class='ocrx_word' id='word_1_605' title='bbox 2612 3350 2695 3420; x_wconf 85' lang='grc' dir='ltr'><strong>εῐη</strong></span> <span class='ocrx_word' id='word_1_606' title='bbox 2730 3347 2951 3419; x_wconf 82' lang='grc' dir='ltr'>βελτίων</span> <span class='ocrx_word' id='word_1_607' title='bbox 2974 3345 3075 3416; x_wconf 81' lang='grc' dir='ltr'>τῆς</span> <span class='ocrx_word' id='word_1_608' title='bbox 3102 3343 3335 3413; x_wconf 81' lang='grc' dir='ltr'>φύσεως,</span> <span class='ocrx_word' id='word_1_609' title='bbox 3369 3344 3397 3395; x_wconf 88' lang='grc' dir='ltr'>ὁ</span> <span class='ocrx_word' id='word_1_610' title='bbox 3435 3340 3508 3411; x_wconf 79' lang='grc' dir='ltr'>μὴ</span> <span class='ocrx_word' id='word_1_611' title='bbox 3541 3338 3726 3408; x_wconf 76' lang='grc' dir='ltr'>φύσει,</span> 
     </span>
    </p>
   </div>
   <div class='ocr_carea' id='block_1_81' title="bbox 2156 3432 3733 3513">
    <p class='ocr_par' dir='ltr' id='par_1_81' title="bbox 2156 3432 3733 3513">
     <span class='ocr_line' id='line_1_81' title="bbox 2156 3432 3733 3513; baseline -0.008 -17"><span class='ocrx_word' id='word_1_612' title='bbox 2156 3443 2304 3513; x_wconf 84' lang='grc' dir='ltr'>πόνῳ</span> <span class='ocrx_word' id='word_1_613' title='bbox 2349 3441 2405 3494; x_wconf 79' lang='grc' dir='ltr'>δὲ</span> <span class='ocrx_word' id='word_1_614' title='bbox 2449 3441 2543 3495; x_wconf 66' lang='grc' dir='ltr'><strong>κοιλ⁸</strong></span> <span class='ocrx_word' id='word_1_615' title='bbox 2590 3440 2775 3512; x_wconf 77' lang='grc' dir='ltr'>ἱδρῶτι</span> <span class='ocrx_word' id='word_1_616' title='bbox 2814 3437 3093 3511; x_wconf 86' lang='grc' dir='ltr'>χρώμενος</span> <span class='ocrx_word' id='word_1_617' title='bbox 3117 3454 3129 3465; x_wconf 91' lang='grc'><strong>·</strong></span> <span class='ocrx_word' id='word_1_618' title='bbox 3178 3435 3238 3499; x_wconf 78' lang='grc' dir='ltr'><strong>ὃς</strong></span> <span class='ocrx_word' id='word_1_619' title='bbox 3268 3434 3332 3505; x_wconf 83' lang='grc' dir='ltr'>δὴ</span> <span class='ocrx_word' id='word_1_620' title='bbox 3365 3432 3460 3488; x_wconf 78' lang='grc' dir='ltr'><strong>καὶ</strong></span> <span class='ocrx_word' id='word_1_621' title='bbox 3490 3433 3733 3485; x_wconf 66' lang='grc' dir='ltr'>ἐπαινεῖ.</span> 
     </span>
    </p>
   </div>
   <div class='ocr_carea' id='block_1_82' title="bbox 2158 3522 3731 3601">
    <p class='ocr_par' dir='ltr' id='par_1_82' title="bbox 2158 3522 3731 3601">
     <span class='ocr_line' id='line_1_82' title="bbox 2158 3522 3731 3601; baseline -0.008 -14"><span class='ocrx_word' id='word_1_622' title='bbox 2158 3534 2283 3589; x_wconf 89' lang='grc' dir='ltr'>σθαι</span> <span class='ocrx_word' id='word_1_623' title='bbox 2310 3532 2459 3587; x_wconf 76' lang='grc' dir='ltr'>οἴοιτ’</span> <span class='ocrx_word' id='word_1_624' title='bbox 2487 3532 2573 3597; x_wconf 82' lang='grc' dir='ltr'>ἂν,</span> <span class='ocrx_word' id='word_1_625' title='bbox 2598 3530 2692 3584; x_wconf 88' lang='grc' dir='ltr'><strong>τοῦ</strong></span> <span class='ocrx_word' id='word_1_626' title='bbox 2712 3529 2943 3601; x_wconf 80' lang='grc' dir='ltr'>ἀληθοῦς</span> <span class='ocrx_word' id='word_1_627' title='bbox 2965 3528 3187 3583; x_wconf 85' lang='grc' dir='ltr'>ἐπαίνου</span> <span class='ocrx_word' id='word_1_628' title='bbox 3218 3522 3596 3598; x_wconf 84' lang='grc' dir='ltr'>στερούμενος.</span> <span class='ocrx_word' id='word_1_629' title='bbox 3615 3522 3731 3594; x_wconf 81' lang='grc' dir='ltr'><strong>Τὴν</strong></span> 
     </span>
    </p>
   </div>
   <div class='ocr_carea' id='block_1_83' title="bbox 2156 3612 3732 3696">
    <p class='ocr_par' dir='ltr' id='par_1_83' title="bbox 2156 3612 3732 3696">
     <span class='ocr_line' id='line_1_83' title="bbox 2156 3612 3732 3696; baseline -0.01 -18"><span class='ocrx_word' id='word_1_630' title='bbox 2156 3625 2264 3696; x_wconf 90' lang='grc' dir='ltr'><strong>γάρ</strong></span> <span class='ocrx_word' id='word_1_631' title='bbox 2298 3622 2540 3687; x_wconf 81' lang='grc' dir='ltr'>εὐδοξίαν</span> <span class='ocrx_word' id='word_1_632' title='bbox 2569 3620 2664 3674; x_wconf 88' lang='grc' dir='ltr'><strong>τοῦ</strong></span> <span class='ocrx_word' id='word_1_633' title='bbox 2710 3619 2873 3674; x_wconf 84' lang='grc' dir='ltr'>πόνου</span> <span class='ocrx_word' id='word_1_634' title='bbox 2909 3619 3007 3690; x_wconf 80' lang='grc' dir='ltr'><strong>τῆς</strong></span> <span class='ocrx_word' id='word_1_635' title='bbox 3049 3618 3268 3689; x_wconf 84' lang='grc' dir='ltr'>ἀρετῆς,</span> <span class='ocrx_word' id='word_1_636' title='bbox 3309 3615 3423 3683; x_wconf 79' lang='grc' dir='ltr'>είγε</span> <span class='ocrx_word' id='word_1_637' title='bbox 3456 3612 3556 3682; x_wconf 81' lang='grc' dir='ltr'><strong>τῆς</strong></span> <span class='ocrx_word' id='word_1_638' title='bbox 3576 3612 3732 3665; x_wconf 80' lang='grc' dir='ltr'>εὐσε-</span> 
     </span>
    </p>
   </div>
   <div class='ocr_carea' id='block_1_84' title="bbox 2158 3704 3732 3784">
    <p class='ocr_par' dir='ltr' id='par_1_84' title="bbox 2158 3704 3732 3784">
     <span class='ocr_line' id='line_1_84' title="bbox 2158 3704 3732 3784; baseline -0.009 -16"><span class='ocrx_word' id='word_1_639' title='bbox 2158 3715 2309 3778; x_wconf 87' lang='grc' dir='ltr'>ϐείας</span> <span class='ocrx_word' id='word_1_640' title='bbox 2338 3714 2435 3784; x_wconf 81' lang='grc' dir='ltr'>τῆς</span> <span class='ocrx_word' id='word_1_641' title='bbox 2459 3712 2593 3784; x_wconf 84' lang='grc' dir='ltr'>πρὸς</span> <span class='ocrx_word' id='word_1_642' title='bbox 2609 3708 2740 3764; x_wconf 84' lang='grc' dir='ltr'>Θεδν</span> <span class='ocrx_word' id='word_1_643' title='bbox 2760 3710 2972 3780; x_wconf 75' lang='grc' dir='ltr'>ἠνύετο,</span> <span class='ocrx_word' id='word_1_644' title='bbox 2990 3706 3436 3777; x_wconf 89' lang='grc' dir='ltr'>καταλιμπάνων,</span> <span class='ocrx_word' id='word_1_645' title='bbox 3459 3704 3732 3774; x_wconf 75' lang='grc' dir='ltr'>ἅρπαγμα</span> 
     </span>
    </p>
   </div>
   <div class='ocr_carea' id='block_1_85' title="bbox 2157 3795 3734 3877">
    <p class='ocr_par' dir='ltr' id='par_1_85' title="bbox 2157 3795 3734 3877">
     <span class='ocr_line' id='line_1_85' title="bbox 2157 3795 3734 3877; baseline -0.009 -17"><span class='ocrx_word' id='word_1_646' title='bbox 2157 3804 2364 3877; x_wconf 80' lang='grc' dir='ltr'>ψευδῶς</span> <span class='ocrx_word' id='word_1_647' title='bbox 2392 3805 2452 3857; x_wconf 83' lang='grc' dir='ltr'>τὸ</span> <span class='ocrx_word' id='word_1_648' title='bbox 2480 3805 2775 3873; x_wconf 82' lang='grc' dir='ltr'>ἀναγκαῖον</span> <span class='ocrx_word' id='word_1_649' title='bbox 2806 3801 2903 3871; x_wconf 87' lang='grc' dir='ltr'>τῆς</span> <span class='ocrx_word' id='word_1_650' title='bbox 2945 3798 3158 3869; x_wconf 83' lang='grc' dir='ltr'>φύσεως</span> <span class='ocrx_word' id='word_1_651' title='bbox 3185 3799 3419 3868; x_wconf 79' lang='grc' dir='ltr'>ἡγεῖται,</span> <span class='ocrx_word' id='word_1_652' title='bbox 3452 3795 3514 3850; x_wconf 85' lang='grc' dir='ltr'><strong>τὸ</strong></span> <span class='ocrx_word' id='word_1_653' title='bbox 3538 3797 3734 3866; x_wconf 79' lang='grc' dir='ltr'>χρήσι-</span> 
     </span>
    </p>
   </div>
   <div class='ocr_carea' id='block_1_86' title="bbox 2163 3886 3731 3969">
    <p class='ocr_par' dir='ltr' id='par_1_86' title="bbox 2163 3886 3731 3969">
     <span class='ocr_line' id='line_1_86' title="bbox 2163 3886 3731 3969; baseline -0.007 -19"><span class='ocrx_word' id='word_1_654' title='bbox 2163 3915 2260 3969; x_wconf 87' lang='grc' dir='ltr'><strong>μον</strong></span> <span class='ocrx_word' id='word_1_655' title='bbox 2285 3897 2387 3967; x_wconf 76' lang='grc' dir='ltr'>τῆς</span> <span class='ocrx_word' id='word_1_656' title='bbox 2409 3894 2718 3965; x_wconf 79' lang='grc' dir='ltr'>φιλοπονίας</span> <span class='ocrx_word' id='word_1_657' title='bbox 2747 3893 2882 3963; x_wconf 80' lang='grc' dir='ltr'>πρὸς</span> <span class='ocrx_word' id='word_1_658' title='bbox 2906 3892 3158 3945; x_wconf 83' lang='grc' dir='ltr'>ἀσέϐειαν</span> <span class='ocrx_word' id='word_1_659' title='bbox 3187 3889 3328 3942; x_wconf 81' lang='grc' dir='ltr'>κατὰ</span> <span class='ocrx_word' id='word_1_660' title='bbox 3359 3886 3497 3942; x_wconf 90' lang='grc' dir='ltr'>Θεοῦ</span> <span class='ocrx_word' id='word_1_661' title='bbox 3532 3905 3731 3959; x_wconf 84' lang='grc' dir='ltr'>μετερ-</span> 
     </span>
    </p>
   </div>
   <div class='ocr_carea' id='block_1_87' title="bbox 2159 3979 3734 4061">
    <p class='ocr_par' dir='ltr' id='par_1_87' title="bbox 2159 3979 3734 4061">
     <span class='ocr_line' id='line_1_87' title="bbox 2159 3979 3734 4061; baseline -0.007 -19"><span class='ocrx_word' id='word_1_662' title='bbox 2159 3991 2409 4061; x_wconf 87' lang='grc' dir='ltr'>χόμενος·</span> <span class='ocrx_word' id='word_1_663' title='bbox 2435 3988 2511 4051; x_wconf 85' lang='grc' dir='ltr'><strong>ὼς</strong></span> <span class='ocrx_word' id='word_1_664' title='bbox 2538 3988 2673 4058; x_wconf 88' lang='grc' dir='ltr'>μήτε</span> <span class='ocrx_word' id='word_1_665' title='bbox 2715 3985 2803 4038; x_wconf 81' lang='grc' dir='ltr'><strong>τὸν</strong></span> <span class='ocrx_word' id='word_1_666' title='bbox 2858 3983 3107 4057; x_wconf 66' lang='grc' dir='ltr'>ῥᾳστώνῃ</span> <span class='ocrx_word' id='word_1_667' title='bbox 3137 3984 3528 4055; x_wconf 84' lang='grc' dir='ltr'>προσκείμενον</span> <span class='ocrx_word' id='word_1_668' title='bbox 3561 3979 3734 4051; x_wconf 76' lang='grc' dir='ltr'>πλήτ-</span> 
     </span>
    </p>
   </div>
   <div class='ocr_carea' id='block_1_88' title="bbox 2159 4071 3730 4145">
    <p class='ocr_par' dir='ltr' id='par_1_88' title="bbox 2159 4071 3730 4145">
     <span class='ocr_line' id='line_1_88' title="bbox 2159 4071 3730 4145; baseline -0.001 -15"><span class='ocrx_word' id='word_1_669' title='bbox 2159 4076 2346 4130; x_wconf 90' lang='grc' dir='ltr'>τεσθαι</span> <span class='ocrx_word' id='word_1_670' title='bbox 2389 4076 2481 4129; x_wconf 75' lang='grc' dir='ltr'>τὸν</span> <span class='ocrx_word' id='word_1_671' title='bbox 2516 4075 2638 4128; x_wconf 91' lang='grc' dir='ltr'>νοῦν</span> <span class='ocrx_word' id='word_1_672' title='bbox 2667 4071 3141 4145; x_wconf 85' lang='grc' dir='ltr'>κακοπραγοῦντα,</span> <span class='ocrx_word' id='word_1_673' title='bbox 3179 4072 3293 4139; x_wconf 77' lang='grc' dir='ltr'>εἴγε</span> <span class='ocrx_word' id='word_1_674' title='bbox 3327 4072 3463 4145; x_wconf 80' lang='grc' dir='ltr'>ἄλλῃ</span> <span class='ocrx_word' id='word_1_675' title='bbox 3488 4074 3554 4143; x_wconf 85' lang='grc' dir='ltr'>τῇ</span> <span class='ocrx_word' id='word_1_676' title='bbox 3581 4072 3730 4143; x_wconf 72' lang='grc' dir='ltr'>ἀρχῇ</span> 
     </span>
    </p>
   </div>
   <div class='ocr_carea' id='block_1_89' title="bbox 2160 4161 3734 4237">
    <p class='ocr_par' dir='ltr' id='par_1_89' title="bbox 2160 4161 3734 4237">
     <span class='ocr_line' id='line_1_89' title="bbox 2160 4161 3734 4237; baseline -0.005 -15"><span class='ocrx_word' id='word_1_677' title='bbox 2160 4170 2423 4237; x_wconf 76' lang='grc' dir='ltr'>λογίζοιτο</span> <span class='ocrx_word' id='word_1_678' title='bbox 2460 4168 2526 4221; x_wconf 88' lang='grc' dir='ltr'><strong>τά</strong></span> <span class='ocrx_word' id='word_1_679' title='bbox 2565 4165 2929 4237; x_wconf 87' lang='grc' dir='ltr'>πραττόμενα,</span> <span class='ocrx_word' id='word_1_680' title='bbox 2972 4164 3108 4236; x_wconf 89' lang='grc' dir='ltr'>μήτε</span> <span class='ocrx_word' id='word_1_681' title='bbox 3135 4163 3226 4216; x_wconf 81' lang='grc' dir='ltr'><strong>τὸν</strong></span> <span class='ocrx_word' id='word_1_682' title='bbox 3270 4162 3469 4234; x_wconf 84' lang='grc' dir='ltr'>σπουδῇ</span> <span class='ocrx_word' id='word_1_683' title='bbox 3514 4161 3734 4233; x_wconf 75' lang='grc' dir='ltr'>χρώμε-</span> 
     </span>
    </p>
   </div>
   <div class='ocr_carea' id='block_1_90' title="bbox 2162 4253 3735 4328">
    <p class='ocr_par' dir='ltr' id='par_1_90' title="bbox 2162 4253 3735 4328">
     <span class='ocr_line' id='line_1_90' title="bbox 2162 4253 3735 4328; baseline -0.006 -13"><span class='ocrx_word' id='word_1_684' title='bbox 2162 4278 2250 4315; x_wconf 90' lang='grc' dir='ltr'><strong>νον</strong></span> <span class='ocrx_word' id='word_1_685' title='bbox 2282 4260 2430 4325; x_wconf 82' lang='grc' dir='ltr'>ἀξιον</span> <span class='ocrx_word' id='word_1_686' title='bbox 2464 4257 2601 4314; x_wconf 80' lang='grc' dir='ltr'>εἶναι</span> <span class='ocrx_word' id='word_1_687' title='bbox 2648 4257 3051 4328; x_wconf 76' lang='grc' dir='ltr'>θαυμάζεσθαι,</span> <span class='ocrx_word' id='word_1_688' title='bbox 3111 4255 3284 4309; x_wconf 88' lang='grc' dir='ltr'>καίτοι</span> <span class='ocrx_word' id='word_1_689' title='bbox 3337 4253 3578 4325; x_wconf 83' lang='grc' dir='ltr'>λογισμῷ</span> <span class='ocrx_word' id='word_1_690' title='bbox 3628 4269 3735 4306; x_wconf 86' lang='grc' dir='ltr'><strong>πο-</strong></span> 
     </span>
    </p>
   </div>
   <div class='ocr_carea' id='block_1_91' title="bbox 2160 4344 3735 4423">
    <p class='ocr_par' dir='ltr' id='par_1_91' title="bbox 2160 4344 3735 4423">
     <span class='ocr_line' id='line_1_91' title="bbox 2160 4344 3735 4423; baseline -0.006 -17"><span class='ocrx_word' id='word_1_691' title='bbox 2160 4352 2356 4407; x_wconf 85' lang='grc' dir='ltr'>νοῦντα</span> <span class='ocrx_word' id='word_1_692' title='bbox 2383 4351 2517 4423; x_wconf 84' lang='grc' dir='ltr'>πρὸς</span> <span class='ocrx_word' id='word_1_693' title='bbox 2547 4351 2609 4403; x_wconf 83' lang='grc' dir='ltr'>τὸ</span> <span class='ocrx_word' id='word_1_694' title='bbox 2632 4349 2741 4403; x_wconf 89' lang='grc' dir='ltr'><strong>τῶν</strong></span> <span class='ocrx_word' id='word_1_695' title='bbox 2776 4348 2989 4403; x_wconf 86' lang='grc' dir='ltr'>πάντων</span> <span class='ocrx_word' id='word_1_696' title='bbox 3013 4346 3411 4418; x_wconf 84' lang='grc' dir='ltr'>χαλεπώτατον,</span> <span class='ocrx_word' id='word_1_697' title='bbox 3442 4344 3577 4419; x_wconf 85' lang='grc' dir='ltr'>πρὸς</span> <span class='ocrx_word' id='word_1_698' title='bbox 3604 4344 3735 4398; x_wconf 84' lang='grc' dir='ltr'>ἀσέ-</span> 
     </span>
    </p>
   </div>
   <div class='ocr_carea' id='block_1_92' title="bbox 2160 4438 3178 4510">
    <p class='ocr_par' dir='ltr' id='par_1_92' title="bbox 2160 4438 3178 4510">
     <span class='ocr_line' id='line_1_92' title="bbox 2160 4438 3178 4510; baseline -0.004 -15"><span class='ocrx_word' id='word_1_699' title='bbox 2160 4442 2315 4497; x_wconf 86' lang='grc' dir='ltr'>ϐειαν</span> <span class='ocrx_word' id='word_1_700' title='bbox 2345 4441 2487 4496; x_wconf 90' lang='grc' dir='ltr'><strong>κατά</strong></span> <span class='ocrx_word' id='word_1_701' title='bbox 2512 4438 2646 4495; x_wconf 88' lang='grc' dir='ltr'>Θεοῦ</span> <span class='ocrx_word' id='word_1_702' title='bbox 2676 4438 3178 4510; x_wconf 81' lang='grc' dir='ltr'>παιδαγωγηθῆναι.</span> 
     </span>
    </p>
   </div>
   <div class='ocr_carea' id='block_1_93' title="bbox 1398 4637 2799 4712">
    <p class='ocr_par' dir='ltr' id='par_1_93' title="bbox 1398 4637 2799 4712">
     <span class='ocr_line' id='line_1_93' title="bbox 1398 4637 2799 4712; baseline 0.001 -17"><span class='ocrx_word' id='word_1_703' title='bbox 1398 4639 1534 4696; x_wconf 67' lang='lat' dir='ltr'><strong>Car.</strong></span> <span class='ocrx_word' id='word_1_704' title='bbox 1575 4638 1664 4695; x_wconf 83' lang='grc' dir='ltr'>ιιι.</span> <span class='ocrx_word' id='word_1_705' title='bbox 1700 4637 1835 4695; x_wconf 73' lang='lat' dir='ltr'><strong>Mali</strong></span> <span class='ocrx_word' id='word_1_706' title='bbox 1869 4642 2105 4712; x_wconf 76' lang='lat' dir='ltr'><strong>deﬁnitio</strong></span> <span class='ocrx_word' id='word_1_707' title='bbox 2144 4645 2429 4699; x_wconf 75' lang='lat' dir='ltr'><strong>secundum</strong></span> <span class='ocrx_word' id='word_1_708' title='bbox 2460 4643 2799 4698; x_wconf 66' lang='lat' dir='ltr'><strong>Manicheam.</strong></span> 
     </span>
    </p>
   </div>
   <div class='ocr_carea' id='block_1_94' title="bbox 564 4756 2048 4834">
    <p class='ocr_par' dir='ltr' id='par_1_94' title="bbox 564 4757 2048 4816">
     <span class='ocr_line' id='line_1_94' title="bbox 564 4757 2048 4816; baseline -0.001 0"><span class='ocrx_word' id='word_1_709' title='bbox 564 4760 701 4816; x_wconf 88' lang='lat' dir='ltr'><strong>Cum</strong></span> <span class='ocrx_word' id='word_1_710' title='bbox 731 4775 860 4815; x_wconf 87' lang='lat' dir='ltr'><strong>vero</strong></span> <span class='ocrx_word' id='word_1_711' title='bbox 888 4757 1170 4813; x_wconf 68' lang='lat' dir='ltr'><strong>Manichaai</strong></span> <span class='ocrx_word' id='word_1_712' title='bbox 1199 4757 1467 4812; x_wconf 89' lang='lat' dir='ltr'><strong>rationem</strong></span> <span class='ocrx_word' id='word_1_713' title='bbox 1494 4757 1788 4813; x_wconf 85' lang='lat' dir='ltr'><strong>creationis</strong></span> <span class='ocrx_word' id='word_1_714' title='bbox 1813 4760 1998 4814; x_wconf 90' lang='lat' dir='ltr'><strong>mundi</strong></span> <span class='ocrx_word' id='word_1_715' title='bbox 2026 4776 2048 4813; x_wconf 86' lang='lat' dir='ltr'><strong>a</strong></span> 
     </span>
    </p>
   </div>
   <div class='ocr_carea' id='block_1_95' title="bbox 2148 4756 3738 4834">
    <p class='ocr_par' dir='ltr' id='par_1_95' title="bbox 2229 4756 3738 4834">
     <span class='ocr_line' id='line_1_95' title="bbox 2229 4756 3738 4834; baseline 0.002 -21"><span class='ocrx_word' id='word_1_716' title='bbox 2229 4761 2321 4832; x_wconf 81' lang='grc' dir='ltr'><strong>Μὴ</strong></span> <span class='ocrx_word' id='word_1_717' title='bbox 2359 4761 2627 4824; x_wconf 83' lang='grc' dir='ltr'>συνιέντες</span> <span class='ocrx_word' id='word_1_718' title='bbox 2658 4761 2715 4813; x_wconf 84' lang='grc' dir='ltr'>δὲ</span> <span class='ocrx_word' id='word_1_719' title='bbox 2752 4762 2800 4814; x_wconf 83' lang='lat' dir='ltr'><strong>oi</strong></span> <span class='ocrx_word' id='word_1_720' title='bbox 2843 4761 2935 4814; x_wconf 89' lang='grc' dir='ltr'>ἀπ’</span> <span class='ocrx_word' id='word_1_721' title='bbox 2975 4756 3184 4814; x_wconf 83' lang='grc' dir='ltr'>ἐκείνου</span> <span class='ocrx_word' id='word_1_722' title='bbox 3218 4759 3317 4831; x_wconf 82' lang='grc' dir='ltr'><strong>τῆς</strong></span> <span class='ocrx_word' id='word_1_723' title='bbox 3340 4759 3434 4813; x_wconf 88' lang='grc' dir='ltr'><strong>τοῦ</strong></span> <span class='ocrx_word' id='word_1_724' title='bbox 3475 4760 3611 4815; x_wconf 79' lang='grc' dir='ltr'>Θεοῦ</span> <span class='ocrx_word' id='word_1_725' title='bbox 3634 4758 3738 4834; x_wconf 84' lang='grc' dir='ltr'>δη-</span> 
     </span>
    </p>
   </div>
   <div class='ocr_carea' id='block_1_96' title="bbox 494 4850 2065 4922">
    <p class='ocr_par' dir='ltr' id='par_1_96' title="bbox 494 4850 2065 4922">
     <span class='ocr_line' id='line_1_96' title="bbox 494 4850 2065 4922; baseline -0.001 -14"><span class='ocrx_word' id='word_1_726' title='bbox 494 4854 606 4910; x_wconf 88' lang='lat' dir='ltr'><strong>Deo</strong></span> <span class='ocrx_word' id='word_1_727' title='bbox 634 4852 765 4909; x_wconf 87' lang='lat' dir='ltr'><strong>facti</strong></span> <span class='ocrx_word' id='word_1_728' title='bbox 796 4869 904 4907; x_wconf 90' lang='lat' dir='ltr'><strong>non</strong></span> <span class='ocrx_word' id='word_1_729' title='bbox 935 4852 1330 4922; x_wconf 87' lang='lat' dir='ltr'><strong>intelligerent,</strong></span> <span class='ocrx_word' id='word_1_730' title='bbox 1360 4864 1471 4904; x_wconf 93' lang='lat' dir='ltr'><strong>non</strong></span> <span class='ocrx_word' id='word_1_731' title='bbox 1495 4850 1668 4905; x_wconf 88' lang='lat' dir='ltr'><strong>solum</strong></span> <span class='ocrx_word' id='word_1_732' title='bbox 1700 4852 1943 4907; x_wconf 89' lang='lat' dir='ltr'><strong>actiones</strong></span> <span class='ocrx_word' id='word_1_733' title='bbox 1970 4852 2065 4907; x_wconf 86' lang='lat' dir='ltr'><strong>ho-</strong></span> 
     </span>
    </p>
   </div>
   <div class='ocr_carea' id='block_1_97' title="bbox 495 4944 2062 5006">
    <p class='ocr_par' dir='ltr' id='par_1_97' title="bbox 495 4944 2062 5006">
     <span class='ocr_line' id='line_1_97' title="bbox 495 4944 2062 5006; baseline -0.001 -7"><span class='ocrx_word' id='word_1_734' title='bbox 495 4947 702 4999; x_wconf 91' lang='lat' dir='ltr'><strong>minum</strong></span> <span class='ocrx_word' id='word_1_735' title='bbox 752 4959 782 4999; x_wconf 89' lang='lat' dir='ltr'><strong>a</strong></span> <span class='ocrx_word' id='word_1_736' title='bbox 830 4944 1044 4997; x_wconf 89' lang='lat' dir='ltr'><strong>ratione</strong></span> <span class='ocrx_word' id='word_1_737' title='bbox 1099 4956 1321 4997; x_wconf 84' lang='lat' dir='ltr'><strong>aversas</strong></span> <span class='ocrx_word' id='word_1_738' title='bbox 1368 4944 1740 5006; x_wconf 75' lang='lat' dir='ltr'><strong>excutientes,</strong></span> <span class='ocrx_word' id='word_1_739' title='bbox 1790 4957 1856 4998; x_wconf 89' lang='lat' dir='ltr'><strong>eo</strong></span> <span class='ocrx_word' id='word_1_740' title='bbox 1899 4944 2062 4998; x_wconf 87' lang='lat' dir='ltr'><strong>modo</strong></span> 
     </span>
    </p>
   </div>
   <div class='ocr_carea' id='block_1_98' title="bbox 482 5032 2063 5104">
    <p class='ocr_par' dir='ltr' id='par_1_98' title="bbox 482 5032 2063 5104">
     <span class='ocr_line' id='line_1_98' title="bbox 482 5032 2063 5104; baseline 0.002 -17"><span class='ocrx_word' id='word_1_741' title='bbox 482 5048 656 5104; x_wconf 74' lang='lat' dir='ltr'><strong>quem</strong></span> <span class='ocrx_word' id='word_1_742' title='bbox 716 5032 994 5097; x_wconf 81' lang='lat' dir='ltr'><strong>diximus,</strong></span> <span class='ocrx_word' id='word_1_743' title='bbox 1045 5034 1181 5101; x_wconf 87' lang='lat' dir='ltr'><strong>lapsi</strong></span> <span class='ocrx_word' id='word_1_744' title='bbox 1232 5039 1399 5097; x_wconf 91' lang='lat' dir='ltr'><strong>sunt,</strong></span> <span class='ocrx_word' id='word_1_745' title='bbox 1446 5032 1541 5087; x_wconf 84' lang='lat' dir='ltr'><strong>sed</strong></span> <span class='ocrx_word' id='word_1_746' title='bbox 1580 5033 1748 5086; x_wconf 89' lang='lat' dir='ltr'><strong>etiam</strong></span> <span class='ocrx_word' id='word_1_747' title='bbox 1799 5035 2063 5101; x_wconf 88' lang='lat' dir='ltr'><strong>plurimas</strong></span> 
     </span>
    </p>
   </div>
   <div class='ocr_carea' id='block_1_99' title="bbox 490 5123 2061 5191">
    <p class='ocr_par' dir='ltr' id='par_1_99' title="bbox 490 5123 2061 5191">
     <span class='ocr_line' id='line_1_99' title="bbox 490 5123 2061 5191; baseline -0.001 -11"><span class='ocrx_word' id='word_1_748' title='bbox 490 5137 779 5180; x_wconf 87' lang='lat' dir='ltr'><strong>creaturas</strong></span> <span class='ocrx_word' id='word_1_749' title='bbox 802 5165 817 5191; x_wconf 90' lang='lat'><strong>,</strong></span> <span class='ocrx_word' id='word_1_750' title='bbox 850 5125 960 5179; x_wconf 91' lang='lat' dir='ltr'><strong>imo</strong></span> <span class='ocrx_word' id='word_1_751' title='bbox 994 5123 1106 5178; x_wconf 84' lang='lat' dir='ltr'><strong>fere</strong></span> <span class='ocrx_word' id='word_1_752' title='bbox 1134 5123 1313 5177; x_wconf 84' lang='lat' dir='ltr'><strong>omnia</strong></span> <span class='ocrx_word' id='word_1_753' title='bbox 1356 5124 1411 5177; x_wconf 92' lang='lat' dir='ltr'><strong>in</strong></span> <span class='ocrx_word' id='word_1_754' title='bbox 1450 5123 1655 5178; x_wconf 89' lang='lat' dir='ltr'><strong>crimen</strong></span> <span class='ocrx_word' id='word_1_755' title='bbox 1694 5135 2061 5191; x_wconf 82' lang='lat' dir='ltr'><strong>vocaverunt,</strong></span> 
     </span>
    </p>
   </div>
   <div class='ocr_carea' id='block_1_100' title="bbox 484 5216 2057 5288">
    <p class='ocr_par' dir='ltr' id='par_1_100' title="bbox 484 5216 2057 5288">
     <span class='ocr_line' id='line_1_100' title="bbox 484 5216 2057 5288; baseline -0.001 -17"><span class='ocrx_word' id='word_1_756' title='bbox 484 5233 615 5288; x_wconf 68' lang='lat' dir='ltr'><strong>qua:</strong></span> <span class='ocrx_word' id='word_1_757' title='bbox 642 5217 846 5271; x_wconf 88' lang='lat' dir='ltr'><strong>nullam</strong></span> <span class='ocrx_word' id='word_1_758' title='bbox 878 5225 1056 5270; x_wconf 89' lang='lat' dir='ltr'><strong>tamen</strong></span> <span class='ocrx_word' id='word_1_759' title='bbox 1086 5216 1540 5285; x_wconf 84' lang='lat' dir='ltr'><strong>vituperationem</strong></span> <span class='ocrx_word' id='word_1_760' title='bbox 1571 5216 2057 5283; x_wconf 66' lang='lat' dir='ltr'><strong>vereadmittunt;</strong></span> 
     </span>
    </p>
   </div>
   <div class='ocr_carea' id='block_1_101' title="bbox 494 5303 2057 5374">
    <p class='ocr_par' dir='ltr' id='par_1_101' title="bbox 494 5303 2057 5374">
     <span class='ocr_line' id='line_1_101' title="bbox 494 5303 2057 5374; baseline 0.002 -17"><span class='ocrx_word' id='word_1_761' title='bbox 494 5306 637 5358; x_wconf 87' lang='lat' dir='ltr'><strong>mala</strong></span> <span class='ocrx_word' id='word_1_762' title='bbox 664 5311 843 5358; x_wconf 88' lang='lat' dir='ltr'><strong>autem</strong></span> <span class='ocrx_word' id='word_1_763' title='bbox 866 5304 983 5358; x_wconf 71' lang='lat' dir='ltr'><strong>haec</strong></span> <span class='ocrx_word' id='word_1_764' title='bbox 1002 5304 1438 5372; x_wconf 89' lang='lat' dir='ltr'><strong>appellaverunt,</strong></span> <span class='ocrx_word' id='word_1_765' title='bbox 1470 5303 1524 5357; x_wconf 92' lang='lat' dir='ltr'><strong>in</strong></span> <span class='ocrx_word' id='word_1_766' title='bbox 1551 5304 1673 5359; x_wconf 88' lang='lat' dir='ltr'><strong>aliis</strong></span> <span class='ocrx_word' id='word_1_767' title='bbox 1701 5303 1919 5374; x_wconf 87' lang='lat' dir='ltr'><strong>quidem</strong></span> <span class='ocrx_word' id='word_1_768' title='bbox 1951 5306 2057 5360; x_wconf 86' lang='lat' dir='ltr'><strong>mi-</strong></span> 
     </span>
    </p>
   </div>
   <div class='ocr_carea' id='block_1_102' title="bbox 488 5397 2063 5463">
    <p class='ocr_par' dir='ltr' id='par_1_102' title="bbox 488 5397 2063 5463">
     <span class='ocr_line' id='line_1_102' title="bbox 488 5397 2063 5463; baseline 0.003 -12"><span class='ocrx_word' id='word_1_769' title='bbox 488 5397 728 5451; x_wconf 82' lang='lat' dir='ltr'><strong>stionem</strong></span> <span class='ocrx_word' id='word_1_770' title='bbox 758 5397 1198 5462; x_wconf 86' lang='lat' dir='ltr'><strong>contrariorum,</strong></span> <span class='ocrx_word' id='word_1_771' title='bbox 1245 5397 1376 5452; x_wconf 88' lang='lat' dir='ltr'><strong>boni</strong></span> <span class='ocrx_word' id='word_1_772' title='bbox 1422 5397 1633 5451; x_wconf 84' lang='lat' dir='ltr'><strong>scilicet</strong></span> <span class='ocrx_word' id='word_1_773' title='bbox 1681 5409 1735 5453; x_wconf 89' lang='lat' dir='ltr'><strong>et</strong></span> <span class='ocrx_word' id='word_1_774' title='bbox 1784 5399 1952 5463; x_wconf 86' lang='lat' dir='ltr'><strong>mali,</strong></span> <span class='ocrx_word' id='word_1_775' title='bbox 2003 5410 2063 5455; x_wconf 80' lang='lat' dir='ltr'><strong>ut</strong></span> 
     </span>
    </p>
   </div>
   <div class='ocr_carea' id='block_1_103' title="bbox 488 5486 2063 5555">
    <p class='ocr_par' dir='ltr' id='par_1_103' title="bbox 488 5486 2063 5555">
     <span class='ocr_line' id='line_1_103' title="bbox 488 5486 2063 5555; baseline 0.003 -16"><span class='ocrx_word' id='word_1_776' title='bbox 488 5486 810 5555; x_wconf 79' lang='lat' dir='ltr'><strong>ioquuntur,</strong></span> <span class='ocrx_word' id='word_1_777' title='bbox 845 5488 1211 5552; x_wconf 87' lang='lat' dir='ltr'><strong>mentientes;</strong></span> <span class='ocrx_word' id='word_1_778' title='bbox 1244 5486 1300 5541; x_wconf 92' lang='lat' dir='ltr'><strong>in</strong></span> <span class='ocrx_word' id='word_1_779' title='bbox 1344 5487 1466 5543; x_wconf 88' lang='lat' dir='ltr'><strong>aliis</strong></span> <span class='ocrx_word' id='word_1_780' title='bbox 1512 5503 1641 5543; x_wconf 87' lang='lat' dir='ltr'><strong>vero</strong></span> <span class='ocrx_word' id='word_1_781' title='bbox 1688 5489 1887 5542; x_wconf 89' lang='lat' dir='ltr'><strong>malum</strong></span> <span class='ocrx_word' id='word_1_782' title='bbox 1929 5491 2063 5545; x_wconf 82' lang='lat' dir='ltr'><strong>sim-</strong></span> 
     </span>
    </p>
   </div>
   <div class='ocr_carea' id='block_1_104' title="bbox 493 5578 2062 5651">
    <p class='ocr_par' dir='ltr' id='par_1_104' title="bbox 493 5578 2062 5651">
     <span class='ocr_line' id='line_1_104' title="bbox 493 5578 2062 5651; baseline 0.003 -20"><span class='ocrx_word' id='word_1_783' title='bbox 493 5580 615 5646; x_wconf 70' lang='lat' dir='ltr'><strong>ple:</strong></span> <span class='ocrx_word' id='word_1_784' title='bbox 647 5589 703 5633; x_wconf 92' lang='lat' dir='ltr'><strong>et</strong></span> <span class='ocrx_word' id='word_1_785' title='bbox 730 5581 896 5633; x_wconf 88' lang='lat' dir='ltr'><strong>unius</strong></span> <span class='ocrx_word' id='word_1_786' title='bbox 930 5580 1117 5633; x_wconf 64' lang='lat' dir='ltr'><strong>formai</strong></span> <span class='ocrx_word' id='word_1_787' title='bbox 1148 5578 1607 5649; x_wconf 86' lang='lat' dir='ltr'><strong>reprehendentes</strong></span> <span class='ocrx_word' id='word_1_788' title='bbox 1636 5597 1652 5634; x_wconf 85' lang='lat'><strong>:</strong></span> <span class='ocrx_word' id='word_1_789' title='bbox 1696 5590 1755 5636; x_wconf 86' lang='lat' dir='ltr'><strong>et</strong></span> <span class='ocrx_word' id='word_1_790' title='bbox 1797 5591 2062 5651; x_wconf 83' lang='lat' dir='ltr'><strong>quantum</strong></span> 
     </span>
    </p>
   </div>
   <div class='ocr_carea' id='block_1_105' title="bbox 495 5669 2053 5741">
    <p class='ocr_par' dir='ltr' id='par_1_105' title="bbox 495 5669 2053 5741">
     <span class='ocr_line' id='line_1_105' title="bbox 495 5669 2053 5741; baseline 0.005 -21"><span class='ocrx_word' id='word_1_791' title='bbox 495 5669 548 5721; x_wconf 89' lang='lat' dir='ltr'><strong>in</strong></span> <span class='ocrx_word' id='word_1_792' title='bbox 575 5670 709 5736; x_wconf 87' lang='lat' dir='ltr'><strong>ipsis</strong></span> <span class='ocrx_word' id='word_1_793' title='bbox 738 5670 873 5734; x_wconf 83' lang='lat' dir='ltr'><strong>fuit,</strong></span> <span class='ocrx_word' id='word_1_794' title='bbox 901 5672 1085 5724; x_wconf 85' lang='lat' dir='ltr'><strong>omnia</strong></span> <span class='ocrx_word' id='word_1_795' title='bbox 1112 5670 1496 5735; x_wconf 81' lang='lat' dir='ltr'><strong>confuderunt,</strong></span> <span class='ocrx_word' id='word_1_796' title='bbox 1526 5673 1860 5741; x_wconf 88' lang='lat' dir='ltr'><strong>appellantes</strong></span> <span class='ocrx_word' id='word_1_797' title='bbox 1890 5675 2053 5739; x_wconf 90' lang='lat' dir='ltr'><strong>mala,</strong></span> 
     </span>
    </p>
   </div>
   <div class='ocr_carea' id='block_1_106' title="bbox 497 5762 2053 5837">
    <p class='ocr_par' dir='ltr' id='par_1_106' title="bbox 497 5762 2053 5837">
     <span class='ocr_line' id='line_1_106' title="bbox 497 5762 2053 5837; baseline 0.006 -24"><span class='ocrx_word' id='word_1_798' title='bbox 497 5777 616 5831; x_wconf 74' lang='lat' dir='ltr'><strong>qua:</strong></span> <span class='ocrx_word' id='word_1_799' title='bbox 644 5762 862 5817; x_wconf 89' lang='lat' dir='ltr'><strong>minime</strong></span> <span class='ocrx_word' id='word_1_800' title='bbox 890 5764 1030 5817; x_wconf 81' lang='lat' dir='ltr'><strong>mala</strong></span> <span class='ocrx_word' id='word_1_801' title='bbox 1061 5770 1205 5819; x_wconf 81' lang='lat' dir='ltr'><strong>sunt.</strong></span> <span class='ocrx_word' id='word_1_802' title='bbox 1243 5762 1300 5818; x_wconf 91' lang='lat' dir='ltr'><strong>Si</strong></span> <span class='ocrx_word' id='word_1_803' title='bbox 1333 5765 1477 5820; x_wconf 89' lang='lat' dir='ltr'><strong>enim</strong></span> <span class='ocrx_word' id='word_1_804' title='bbox 1505 5765 1833 5833; x_wconf 84' lang='lat' dir='ltr'><strong>injustitiam</strong></span> <span class='ocrx_word' id='word_1_805' title='bbox 1863 5767 1918 5822; x_wconf 92' lang='lat' dir='ltr'><strong>in</strong></span> <span class='ocrx_word' id='word_1_806' title='bbox 1946 5782 2053 5837; x_wconf 88' lang='lat' dir='ltr'><strong>qua</strong></span> 
     </span>
    </p>
   </div>
   <div class='ocr_carea' id='block_1_107' title="bbox 2163 4851 3737 4924">
    <p class='ocr_par' dir='ltr' id='par_1_107' title="bbox 2163 4851 3737 4924">
     <span class='ocr_line' id='line_1_107' title="bbox 2163 4851 3737 4924; baseline 0.002 -20"><span class='ocrx_word' id='word_1_807' title='bbox 2163 4853 2447 4924; x_wconf 89' lang='grc' dir='ltr'>μιουργίας</span> <span class='ocrx_word' id='word_1_808' title='bbox 2491 4853 2582 4906; x_wconf 83' lang='grc' dir='ltr'><strong>τὸν</strong></span> <span class='ocrx_word' id='word_1_809' title='bbox 2627 4854 2802 4923; x_wconf 88' lang='grc' dir='ltr'>λόγον,</span> <span class='ocrx_word' id='word_1_810' title='bbox 2832 4853 2892 4905; x_wconf 82' lang='grc' dir='ltr'><strong>ού</strong></span> <span class='ocrx_word' id='word_1_811' title='bbox 2926 4853 3085 4923; x_wconf 88' lang='grc' dir='ltr'>μόνον</span> <span class='ocrx_word' id='word_1_812' title='bbox 3127 4851 3235 4905; x_wconf 90' lang='grc' dir='ltr'><strong>τῶν</strong></span> <span class='ocrx_word' id='word_1_813' title='bbox 3282 4851 3584 4923; x_wconf 85' lang='grc' dir='ltr'>ἀνθρώπων</span> <span class='ocrx_word' id='word_1_814' title='bbox 3629 4855 3737 4919; x_wconf 75' lang='grc' dir='ltr'>τὰς</span> 
     </span>
    </p>
   </div>
   <div class='ocr_carea' id='block_1_108' title="bbox 2164 4944 3742 5019">
    <p class='ocr_par' dir='ltr' id='par_1_108' title="bbox 2164 4944 3742 5019">
     <span class='ocr_line' id='line_1_108' title="bbox 2164 4944 3742 5019; baseline 0 -20"><span class='ocrx_word' id='word_1_815' title='bbox 2164 4946 2502 5019; x_wconf 85' lang='grc' dir='ltr'>παραλόγους</span> <span class='ocrx_word' id='word_1_816' title='bbox 2531 4947 2754 5019; x_wconf 72' lang='grc' dir='ltr'>πράξεις</span> <span class='ocrx_word' id='word_1_817' title='bbox 2777 4947 3148 5010; x_wconf 81' lang='grc' dir='ltr'>ἐξετάσαντες,</span> <span class='ocrx_word' id='word_1_818' title='bbox 3171 4944 3267 4999; x_wconf 83' lang='grc' dir='ltr'>τὸν</span> <span class='ocrx_word' id='word_1_819' title='bbox 3303 4947 3421 5016; x_wconf 84' lang='grc' dir='ltr'>είρη</span> <span class='ocrx_word' id='word_1_820' title='bbox 3430 4945 3592 5016; x_wconf 82' lang='grc' dir='ltr'>μένον</span> <span class='ocrx_word' id='word_1_821' title='bbox 3615 4949 3742 5018; x_wconf 88' lang='grc' dir='ltr'>τρό-</span> 
     </span>
    </p>
   </div>
   <div class='ocr_carea' id='block_1_109' title="bbox 2163 5036 3739 5110">
    <p class='ocr_par' dir='ltr' id='par_1_109' title="bbox 2163 5036 3739 5110">
     <span class='ocr_line' id='line_1_109' title="bbox 2163 5036 3739 5110; baseline 0.003 -20"><span class='ocrx_word' id='word_1_822' title='bbox 2163 5056 2263 5090; x_wconf 90' lang='grc' dir='ltr'><strong>πον</strong></span> <span class='ocrx_word' id='word_1_823' title='bbox 2293 5037 2624 5106; x_wconf 84' lang='grc' dir='ltr'>ἐσφάλησαν,</span> <span class='ocrx_word' id='word_1_824' title='bbox 2660 5037 2794 5091; x_wconf 83' lang='grc' dir='ltr'><strong>ἀλλά</strong></span> <span class='ocrx_word' id='word_1_825' title='bbox 2822 5039 2916 5090; x_wconf 66' lang='grc' dir='ltr'>καὶ</span> <span class='ocrx_word' id='word_1_826' title='bbox 2940 5037 3164 5090; x_wconf 84' lang='grc' dir='ltr'>πλείστα</span> <span class='ocrx_word' id='word_1_827' title='bbox 3187 5036 3295 5090; x_wconf 85' lang='grc' dir='ltr'><strong>τῶν</strong></span> <span class='ocrx_word' id='word_1_828' title='bbox 3317 5036 3739 5110; x_wconf 83' lang='grc' dir='ltr'>δημιουργημά-</span> 
     </span>
    </p>
   </div>
   <div class='ocr_carea' id='block_1_110' title="bbox 2162 5128 3741 5201">
    <p class='ocr_par' dir='ltr' id='par_1_110' title="bbox 2162 5128 3741 5201">
     <span class='ocr_line' id='line_1_110' title="bbox 2162 5128 3741 5201; baseline 0.001 -19"><span class='ocrx_word' id='word_1_829' title='bbox 2162 5147 2270 5183; x_wconf 85' lang='grc' dir='ltr'><strong>των</strong></span> <span class='ocrx_word' id='word_1_830' title='bbox 2288 5147 2305 5161; x_wconf 76' lang='grc' dir='ltr'><strong>ο</strong></span> <span class='ocrx_word' id='word_1_831' title='bbox 2341 5131 2537 5200; x_wconf 83' lang='grc' dir='ltr'>μᾶλλον</span> <span class='ocrx_word' id='word_1_832' title='bbox 2572 5131 2665 5183; x_wconf 81' lang='grc' dir='ltr'><strong>καί</strong></span> <span class='ocrx_word' id='word_1_833' title='bbox 2711 5129 2893 5201; x_wconf 68' lang='grc' dir='ltr'>σχεδὸν</span> <span class='ocrx_word' id='word_1_834' title='bbox 2926 5130 3158 5195; x_wconf 72' lang='grc' dir='ltr'>ἅπαντα,</span> <span class='ocrx_word' id='word_1_835' title='bbox 3184 5128 3349 5199; x_wconf 75' lang='grc' dir='ltr'>ψόγον</span> <span class='ocrx_word' id='word_1_836' title='bbox 3375 5129 3566 5184; x_wconf 76' lang='grc' dir='ltr'>οὐδένα</span> <span class='ocrx_word' id='word_1_837' title='bbox 3592 5130 3741 5184; x_wconf 88' lang='grc' dir='ltr'><strong>κατά</strong></span> 
     </span>
    </p>
   </div>
   <div class='ocr_carea' id='block_1_111' title="bbox 2166 5220 3743 5294">
    <p class='ocr_par' dir='ltr' id='par_1_111' title="bbox 2166 5220 3743 5294">
     <span class='ocr_line' id='line_1_111' title="bbox 2166 5220 3743 5294; baseline 0 -18"><span class='ocrx_word' id='word_1_838' title='bbox 2166 5223 2228 5276; x_wconf 78' lang='grc' dir='ltr'>τὸ</span> <span class='ocrx_word' id='word_1_839' title='bbox 2275 5224 2471 5294; x_wconf 80' lang='grc' dir='ltr'>ἀληθὲς</span> <span class='ocrx_word' id='word_1_840' title='bbox 2516 5223 2894 5292; x_wconf 83' lang='grc' dir='ltr'>ἐπιδεχόμενα,</span> <span class='ocrx_word' id='word_1_841' title='bbox 2929 5222 3171 5276; x_wconf 84' lang='grc' dir='ltr'>διέϐαλον</span> <span class='ocrx_word' id='word_1_842' title='bbox 3196 5238 3210 5251; x_wconf 91' lang='grc'><strong>·</strong></span> <span class='ocrx_word' id='word_1_843' title='bbox 3259 5220 3407 5275; x_wconf 84' lang='grc' dir='ltr'>κακὰ</span> <span class='ocrx_word' id='word_1_844' title='bbox 3452 5221 3511 5275; x_wconf 70' lang='grc' dir='ltr'><strong>δέ</strong></span> <span class='ocrx_word' id='word_1_845' title='bbox 3563 5221 3743 5276; x_wconf 86' lang='grc' dir='ltr'>ταῦτα</span> 
     </span>
    </p>
   </div>
   <div class='ocr_carea' id='block_1_112' title="bbox 2168 5313 3745 5387">
    <p class='ocr_par' dir='ltr' id='par_1_112' title="bbox 2168 5313 3745 5387">
     <span class='ocr_line' id='line_1_112' title="bbox 2168 5313 3745 5387; baseline -0.001 -18"><span class='ocrx_word' id='word_1_846' title='bbox 2168 5317 2486 5387; x_wconf 79' lang='grc' dir='ltr'>προσεῖπον,</span> <span class='ocrx_word' id='word_1_847' title='bbox 2513 5314 2620 5368; x_wconf 87' lang='grc' dir='ltr'><strong>τῶν</strong></span> <span class='ocrx_word' id='word_1_848' title='bbox 2664 5314 2761 5386; x_wconf 80' lang='grc' dir='ltr'>μὲν</span> <span class='ocrx_word' id='word_1_849' title='bbox 2788 5316 2984 5386; x_wconf 80' lang='grc' dir='ltr'>κρᾶσιν</span> <span class='ocrx_word' id='word_1_850' title='bbox 3029 5315 3137 5368; x_wconf 91' lang='grc' dir='ltr'><strong>τῶν</strong></span> <span class='ocrx_word' id='word_1_851' title='bbox 3161 5313 3438 5377; x_wconf 87' lang='grc' dir='ltr'>ἐναντίων,</span> <span class='ocrx_word' id='word_1_852' title='bbox 3478 5313 3553 5378; x_wconf 78' lang='grc' dir='ltr'><strong>ῶς</strong></span> <span class='ocrx_word' id='word_1_853' title='bbox 3579 5331 3745 5384; x_wconf 79' lang='grc' dir='ltr'>φασι,</span> 
     </span>
    </p>
   </div>
   <div class='ocr_carea' id='block_1_113' title="bbox 2167 5404 3746 5477">
    <p class='ocr_par' dir='ltr' id='par_1_113' title="bbox 2167 5404 3746 5477">
     <span class='ocr_line' id='line_1_113' title="bbox 2167 5404 3746 5477; baseline -0.001 -18"><span class='ocrx_word' id='word_1_854' title='bbox 2167 5406 2336 5460; x_wconf 85' lang='grc' dir='ltr'>κακοῦ</span> <span class='ocrx_word' id='word_1_855' title='bbox 2367 5422 2427 5460; x_wconf 86' lang='grc' dir='ltr'><strong>τε</strong></span> <span class='ocrx_word' id='word_1_856' title='bbox 2469 5408 2564 5459; x_wconf 78' lang='grc' dir='ltr'>καὶ</span> <span class='ocrx_word' id='word_1_857' title='bbox 2603 5404 2806 5474; x_wconf 89' lang='grc' dir='ltr'>ἀγαθοῦ</span> <span class='ocrx_word' id='word_1_858' title='bbox 2849 5406 3341 5477; x_wconf 77' lang='grc' dir='ltr'>καταψευσάμενοι,</span> <span class='ocrx_word' id='word_1_859' title='bbox 3380 5405 3489 5461; x_wconf 85' lang='grc' dir='ltr'><strong>τῶν</strong></span> <span class='ocrx_word' id='word_1_860' title='bbox 3529 5405 3586 5459; x_wconf 75' lang='grc' dir='ltr'><strong>δέ</strong></span> <span class='ocrx_word' id='word_1_861' title='bbox 3637 5423 3746 5476; x_wconf 79' lang='grc' dir='ltr'><strong>μο-</strong></span> 
     </span>
    </p>
   </div>
   <div class='ocr_carea' id='block_1_114' title="bbox 2166 5496 3747 5569">
    <p class='ocr_par' dir='ltr' id='par_1_114' title="bbox 2166 5496 3747 5569">
     <span class='ocr_line' id='line_1_114' title="bbox 2166 5496 3747 5569; baseline -0.001 -18"><span class='ocrx_word' id='word_1_862' title='bbox 2166 5496 2343 5569; x_wconf 84' lang='grc' dir='ltr'>νοειδῆ</span> <span class='ocrx_word' id='word_1_863' title='bbox 2378 5498 2575 5552; x_wconf 89' lang='grc' dir='ltr'>κακίαν</span> <span class='ocrx_word' id='word_1_864' title='bbox 2620 5498 2988 5562; x_wconf 82' lang='grc' dir='ltr'>κατειπόντες,</span> <span class='ocrx_word' id='word_1_865' title='bbox 3037 5499 3131 5552; x_wconf 77' lang='grc' dir='ltr'>καὶ</span> <span class='ocrx_word' id='word_1_866' title='bbox 3181 5498 3437 5569; x_wconf 79' lang='grc' dir='ltr'>συνέχεαν</span> <span class='ocrx_word' id='word_1_867' title='bbox 3480 5497 3605 5567; x_wconf 87' lang='grc' dir='ltr'>τόγε</span> <span class='ocrx_word' id='word_1_868' title='bbox 3648 5498 3747 5551; x_wconf 79' lang='grc' dir='ltr'>ἐπ’</span> 
     </span>
    </p>
   </div>
   <div class='ocr_carea' id='block_1_115' title="bbox 2168 5586 3753 5660">
    <p class='ocr_par' dir='ltr' id='par_1_115' title="bbox 2168 5586 3753 5660">
     <span class='ocr_line' id='line_1_115' title="bbox 2168 5586 3753 5660; baseline -0.001 -19"><span class='ocrx_word' id='word_1_869' title='bbox 2168 5590 2352 5651; x_wconf 80' lang='grc' dir='ltr'>αὐτοῖς</span> <span class='ocrx_word' id='word_1_870' title='bbox 2377 5587 2444 5641; x_wconf 87' lang='grc' dir='ltr'><strong>τά</strong></span> <span class='ocrx_word' id='word_1_871' title='bbox 2464 5589 2660 5650; x_wconf 88' lang='grc' dir='ltr'>πάντα,</span> <span class='ocrx_word' id='word_1_872' title='bbox 2688 5588 2832 5641; x_wconf 85' lang='grc' dir='ltr'>κακὰ</span> <span class='ocrx_word' id='word_1_873' title='bbox 2857 5586 2925 5640; x_wconf 88' lang='grc' dir='ltr'><strong>τά</strong></span> <span class='ocrx_word' id='word_1_874' title='bbox 2955 5587 3219 5660; x_wconf 85' lang='grc' dir='ltr'>μηδαμῶς</span> <span class='ocrx_word' id='word_1_875' title='bbox 3242 5587 3388 5641; x_wconf 90' lang='grc' dir='ltr'><strong>κακά</strong></span> <span class='ocrx_word' id='word_1_876' title='bbox 3420 5586 3753 5658; x_wconf 83' lang='grc' dir='ltr'>προσειπόν-</span> 
     </span>
    </p>
   </div>
   <div class='ocr_carea' id='block_1_116' title="bbox 2162 5677 3754 5751">
    <p class='ocr_par' dir='ltr' id='par_1_116' title="bbox 2162 5677 3754 5751">
     <span class='ocr_line' id='line_1_116' title="bbox 2162 5677 3754 5751; baseline 0.001 -20"><span class='ocrx_word' id='word_1_877' title='bbox 2162 5696 2273 5742; x_wconf 89' lang='grc' dir='ltr'>τες.</span> <span class='ocrx_word' id='word_1_878' title='bbox 2308 5680 2371 5732; x_wconf 83' lang='grc' dir='ltr'><strong>Εῑ</strong></span> <span class='ocrx_word' id='word_1_879' title='bbox 2402 5679 2498 5750; x_wconf 80' lang='grc' dir='ltr'><strong>μὲν</strong></span> <span class='ocrx_word' id='word_1_880' title='bbox 2530 5677 2637 5749; x_wconf 82' lang='grc' dir='ltr'>γὰρ</span> <span class='ocrx_word' id='word_1_881' title='bbox 2664 5677 2761 5749; x_wconf 83' lang='grc' dir='ltr'><strong>τὴν</strong></span> <span class='ocrx_word' id='word_1_882' title='bbox 2791 5680 2941 5751; x_wconf 86' lang='grc' dir='ltr'><strong>παρά</strong></span> <span class='ocrx_word' id='word_1_883' title='bbox 2969 5678 3277 5750; x_wconf 84' lang='grc' dir='ltr'>ἀνθρώποις</span> <span class='ocrx_word' id='word_1_884' title='bbox 3316 5678 3529 5733; x_wconf 82' lang='grc' dir='ltr'>ἀδικίαν</span> <span class='ocrx_word' id='word_1_885' title='bbox 3570 5677 3754 5750; x_wconf 82' lang='grc' dir='ltr'>μόνην</span> 
     </span>
    </p>
   </div>
   <div class='ocr_carea' id='block_1_117' title="bbox 2163 5762 3754 5840">
    <p class='ocr_par' dir='ltr' id='par_1_117' title="bbox 2163 5762 3754 5840">
     <span class='ocr_line' id='line_1_117' title="bbox 2163 5762 3754 5840; baseline 0.004 -21"><span class='ocrx_word' id='word_1_886' title='bbox 2163 5762 2328 5821; x_wconf 76' lang='grc' dir='ltr'>οὖσαν</span> <span class='ocrx_word' id='word_1_887' title='bbox 2370 5766 2579 5821; x_wconf 87' lang='grc' dir='ltr'>ἀδικίαν</span> <span class='ocrx_word' id='word_1_888' title='bbox 2622 5767 2864 5823; x_wconf 81' lang='grc' dir='ltr'>διέϐαλον</span> <span class='ocrx_word' id='word_1_889' title='bbox 2906 5772 2985 5833; x_wconf 85' lang='grc' dir='ltr'><strong>είς</strong></span> <span class='ocrx_word' id='word_1_890' title='bbox 3028 5770 3247 5834; x_wconf 87' lang='grc' dir='ltr'>κακίαν,</span> <span class='ocrx_word' id='word_1_891' title='bbox 3296 5769 3464 5840; x_wconf 79' lang='grc' dir='ltr'>ἐχρῆν</span> <span class='ocrx_word' id='word_1_892' title='bbox 3506 5769 3604 5840; x_wconf 76' lang='grc' dir='ltr'>μὲν</span> <span class='ocrx_word' id='word_1_893' title='bbox 3644 5772 3754 5825; x_wconf 77' lang='grc' dir='ltr'><strong>καὶ</strong></span> 
     </span>
    </p>
   </div>
  </div>
