4100 6414
410 398 545 456 ιθῖδ

1475 392 1845 449 ADVERSUS
1880 387 2303 447 MANICHEOS
2340 388 2466 442 LIB.
2512 387 2551 442 Ι.

3512 387 3652 441 Ιθῖι

408 508 580 570 οὕτως
607 503 1001 597 ἀσφαλίζεσθαι
1028 506 1076 559 τ’
1107 504 1279 575 ὄνομα
1308 504 1403 560 καὶ
1427 505 1526 576 τὴν
1552 506 1678 576 περὶ
1708 505 1877 574 αὐτῆς
1902 503 1988 556 δό-

2090 500 2338 555 bomines
2366 506 2526 561 sunt,
2557 511 2677 567 quae
2706 497 2824 552 sola
2853 505 2937 552 est
2979 496 3249 566 iniustitia
3273 537 3288 561 ,
3327 510 3654 555 accusarem

408 602 526 668 ξαν,
556 599 632 662 ὡς
650 595 998 668 ὑπαρχούσης
1018 598 1113 650 καὶ
1147 597 1221 669 μὴ
1242 597 1612 667 ὑπαρχούσης,
1638 596 1694 649 ἐν
1715 614 1773 650 τε
1800 597 1873 667 (2)
1904 595 1981 666 τῷ

410 691 769 763 πράττεσθαι,
813 692 905 745 καὶ
954 690 1030 761 μὴ
1066 689 1435 758 πράττεσθαι·
1476 690 1675 760 ἥκιστα
1710 689 1767 742 δὲ
1808 690 1983 759 ἀρχὴν

412 784 721 851 ἐπεισάγειν
767 781 937 851 αὐτὴν
964 779 1136 851 ικατά
1190 779 1358 833 Θεοῦ⁹
1415 780 1565 850 ὅμως
1610 780 1653 833 δ’
1697 779 1762 833 ἂν
1799 779 1983 841 αὐτοῖς

411 873 846 947 εὐπερίγραπτον
890 868 958 943 ἦν
983 872 1045 925 τὸ
1086 872 1324 943 σφάλμα.
1366 873 1502 926 Νυνὶ
1537 872 1595 925 δέ
1630 870 1812 941 σχεδὸν
1844 871 1985 923 ἃπα-

413 985 514 1023 σαν
558 967 659 1038 τὴν
706 965 1067 1037 δημιουργίαν
1119 966 1470 1028 κακίσαντες,
1529 963 1831 1035 ὑπέρογκον
1885 962 1991 1033 τὴν.

417 1056 762 1129 βλασφημίαν
795 1054 933 1108 κατά
963 1053 1099 1107 Θεοῦ
1132 1054 1477 1123 πεποίηνται,
1510 1054 1604 1107 καὶ
1645 1055 1982 1123 παράγουσιν

414 1149 489 1212 ὡς
513 1148 915 1218 ὁμολογούμενα
946 1146 1022 1213 τῷ
1059 1146 1201 1217 λόγῳ
1244 1148 1337 1201 καὶ
1379 1147 1554 1201 πάντα
1589 1146 1656 1200 τὰ
1689 1146 1851 1218 θηρία
1888 1147 1983 1200 καὶ

416 1238 485 1293 τὰ
505 1238 772 1301 κνώδαλα,
798 1238 896 1290 οὐκ
932 1238 1165 1307 οἰόμενοι
1193 1238 1390 1309 χρῆναι
1413 1238 1548 1309 πρὸς
1576 1236 1778 1306 ἀγαθοῦ
1810 1238 1982 1291 ταῦτα

419 1329 762 1401 γεγενῆσθαι,
818 1330 917 1383 οὐκ
963 1329 1210 1401 ἄχρηστα
1259 1329 1440 1399 μόνον,
1488 1329 1564 1392 ὼς
1626 1329 1982 1399 ὑπειλήφασιν

418 1421 566 1487 ὄντα,
593 1419 729 1474 ἀλλά
756 1421 849 1474 καὶ⁸
870 1419 987 1473 λίαν
1011 1419 1314 1492 ἀνθρώποις
1344 1418 1744 1490 βλαϐερώτατοι·
1774 1422 1983 1474 καίτοι-ι

418 1530 481 1582 γε
509 1512 785 1583 δειχθῆναι
812 1512 1107 1581 δυνάμενα,
1138 1511 1214 1574 ὡς
1246 1510 1443 1581 μᾶλλον
1469 1510 1860 1582 ὠφελιμώτερα
1890 1514 1984 1566 καὶ

418 1602 808 1674 χρησιμώτερα
852 1601 1139 1672 τυγχάνει,
1178 1600 1322 1671 ἥπερ
1357 1598 1426 1652 τὰ
1466 1599 1633 1663 ὅντως
1682 1599 1985 1671 ἀνθρώποις

417 1693 711 1746 λυσιτελεῖν
749 1691 1005 1746 δοκοῦντα
1029 1709 1043 1723 ο
1086 1692 1177 1745 καὶ
1211 1690 1379 1745 πολλὰ
1411 1690 1508 1761 μὲν
1538 1691 1632 1744 καὶ
1663 1691 1824 1762 ἕτερα
1865 1709 1987 1745 συν-

417 1783 656 1853 είρουσιν
686 1782 766 1845 είς
794 1780 1044 1853 διαὸολὴν
1076 1779 1183 1835 τῶν
1211 1780 1398 1844 όντων,
1432 1780 1525 1833 καὶ
1563 1779 1662 1849 τῆς
1700 1780 1808 1834 τῶν
1848 1781 1984 1835 ὅλων

414 1873 749 1945 διοικήσεως.

2086 600 2344 660 tanquam
2373 591 2574 644 malum
2603 605 2619 654 ;
2646 590 2727 642 sic
2748 588 2911 642 etiam
2934 589 3219 657 oportebat
3237 604 3433 644 nomen
3456 598 3509 644 et
3536 591 3655 661 opi-

2084 684 2302 739 nionem
2330 682 2399 739 de
2421 696 2485 737 ea
2514 682 2748 745 munire,
2779 686 3036 749 tanquam
3065 696 3185 749 quae
3212 692 3388 748 esset,
3412 682 3541 736 dum
3569 690 3654 739 est

2084 778 2262 843 actio;
2294 783 2388 831 aut
2409 787 2517 829 non
2543 783 2718 835 esset,
2746 770 2874 825 dum
2897 785 3008 826 non
3036 779 3121 826 est
3144 771 3311 827 actio:
3336 788 3444 827 nou
3472 781 3651 829 autem

2080 870 2374 941 oportebat
2442 867 2793 922 introducere
2851 864 3183 934 principium
3230 866 3408 935 ipsum
3462 875 3653 921 contra

2083 962 2253 1019 Deum
2284 983 2297 1017 :
2329 962 2523 1017 fuisset
2552 967 2732 1014 tamen
2768 971 2955 1012 eorum
2985 972 3142 1012 error
3179 957 3381 1012 aﬂ‘atim
3418 959 3655 1014 cireum-

2084 1054 2328 1124 scriptns
2351 1062 2404 1107 et
2430 1051 2775 1109 terminatus.
2805 1047 2961 1104 Nunc
2989 1060 3167 1104 autem
3193 1064 3315 1105 cum
3342 1049 3453 1105 fere
3473 1051 3654 1107 omnia

2083 1160 2205 1214 quae
2231 1144 2494 1199 fabricata
2517 1149 2677 1204 sunt,
2704 1142 2846 1194 mala
2871 1154 2992 1196 esse
3014 1141 3197 1195 dicant
3224 1180 3238 1205 ,
3266 1141 3655 1209 blasphemiam

2085 1236 2140 1291 in
2170 1236 2338 1291 Deum
2368 1235 2423 1288 in
2451 1233 2720 1288 inﬁnitum
2749 1242 3053 1295 auxerunt,
3096 1242 3149 1287 et
3192 1232 3501 1302 producunt
3538 1242 3657 1287 tan-

2084 1346 2246 1401 quam
2293 1337 2441 1384 certa
2481 1336 2535 1383 et
2576 1327 2786 1381 ratione
2827 1339 2891 1380 ac
2929 1325 3139 1395 judicio
3170 1325 3397 1395 probata
3421 1366 3437 1390 ,
3467 1340 3657 1380 omnes

2086 1422 2292 1478 bestias
2322 1430 2375 1475 et
2405 1419 2579 1483 feras,
2613 1432 2725 1473 non
2753 1425 3010 1488 putantes
3053 1424 3309 1486 oportere
3349 1414 3491 1471 facta
3537 1430 3658 1473 esse

2085 1514 2199 1569 inec
2230 1528 2261 1567 a
2289 1513 2469 1575 bono,
2501 1526 2611 1566 non
2643 1511 2817 1567 solum
2860 1524 3051 1565 eorum
3098 1508 3354 1578 opinione
3399 1507 3614 1562 inutilia
3638 1548 3654 1570 ,

2092 1605 2188 1661 sed
2216 1603 2531 1659 hominibus
2562 1603 2975 1658 nocentissima.
3000 1599 3262 1666 Quamvis
3292 1599 3657 1655 demonstrari

2085 1695 2298 1766 possint
2324 1693 2545 1748 utiliora
2572 1698 2628 1748 et
2655 1690 3037 1748 commodiora.
3063 1705 3186 1745 esse
3226 1704 3389 1760 quam
3433 1704 3496 1745 ea
3536 1705 3658 1761 quae

2085 1801 2213 1840 vere
2238 1783 2551 1838 hominibus
2574 1782 2881 1838 conducere
2906 1782 3195 1836 videantur
3220 1798 3234 1844 ;
3265 1794 3329 1835 ac
3350 1782 3524 1836 multa
3545 1784 3659 1852 qui-

2010 1876 2052 1931 B
2082 1883 2201 1931 dem
2233 1876 2335 1930 alia
2366 1883 2697 1931 connectunt
2726 1873 2793 1929 ad
2826 1873 3231 1928 accusationem
3264 1887 3445 1928 rerum
3475 1881 3529 1927 et
3556 1889 3655 1944 gu-

2088 1964 2429 2020 bernationis
2461 1965 2726 2020 universi.

1573 2071 1703 2126 CAP.
1750 2072 1838 2130 IV.
1882 2073 2161 2133 Methodus
2193 2078 2520 2147 disputandi.

499 2167 557 2221 ’0
593 2166 652 2219 δέ
702 2166 859 2236 λόγος
909 2165 1059 2219 οὐδὲν
1103 2164 1488 2219 ἀναπόδεικτον
1520 2165 1627 2218 τῶν
1666 2183 1727 2218 τε
1766 2169 1990 2239 εἰρημέ-

415 2274 523 2311 νων
569 2257 663 2311 καὶ
711 2256 1093 2329 ῥηθησομένων
1134 2257 1449 2311 καταλιπεῖν
1498 2256 1849 2328 πειράσεταισ
1898 2258 1999 2313 δύο.

418 2349 525 2422 γὰρ
557 2350 811 2405 ἐναντίων
841 2349 1053 2419 φύσεων
1095 2352 1292 2422 κρᾶσιν
1334 2351 1392 2403 ἐν
1423 2350 1535 2412 τοῖς
1575 2345 1694 2402 οὖσι
1729 2350 1994 2418 φανταζόο

421 2459 591 2514 μενοι,
613 2441 923 2511 διανέμουσι
964 2439 1186 2504 ταύταις
1226 2440 1296 2494 τά
1345 2440 1473 2494 ὄντα
1519 2440 1659 2495 κατά
1699 2441 1760 2495 τὸ
1805 2441 1992 2497 δοκοῦν

419 2534 622 2596 αὐτοῖς.
659 2533 850 2595 Πόθεν,
878 2533 1144 2601 λέγοντες,
1174 2532 1245 2587 τὰ
1271 2532 1436 2597 κακὰ,
1453 2535 1503 2586 εί
1532 2534 1605 2606 μὴ
1632 2534 1694 2588 ἐκ
1720 2552 1864 2597 τινος
1888 2536 1987 2606 ἀρ-

418 2624 519 2695 χῆς
546 2624 639 2678 καὶ
668 2623 842 2678 ταῦτα
867 2623 1151 2695 τυγχάνει;
1179 2625 1241 2676 Ei
1272 2623 1327 2678 δέ
1353 2642 1435 2688 τις
1466 2626 1779 2698 ἐρωτήσειε’
1818 2627 1981 2693 Heia;

420 2716 722 2787 συνείρουσι
758 2715 827 2769 τά
866 2717 974 2770 τῶν
1024 2717 1323 2791 ἀνθρώπων
1366 2719 1736 2790 ἁμαρτήματα
1783 2721 1876 2773 καλ⁵
1918 2720 1988 2773 τὰ

415 2807 509 2860 τοῦ
534 2806 668 2862 θεοῦ
702 2808 1175 2881 δημιουργήματα,
1195 2810 1289 2864 καὶ
1316 2810 1486 2881 αὐτὴν
1508 2810 1635 2881 ὅλην
1669 2812 1767 2882 τὴν
1792 2810 1989 2864 πάνσο-

417 2917 517 2969 φον
547 2901 855 2971 οἰκονομίαν
888 2903 1198 2967 κακίζουσιν
1219 2920 1232 2933 ’
1273 2903 1349 2967 ὡς
1392 2902 1445 2954 εί
1474 2920 1559 2966 τις
1595 2902 1784 2969 δείξειε
1819 2903 1994 2957 πάντα

419 2989 597 3053 καλῶς
633 2992 727 3045 καὶ
767 2991 1075 3061 ἀναγκαίως
1114 2992 1392 3062 γεγονέναι
1440 2994 1534 3047 καὶ
1575 2994 1873 3064 γίγνεσθαι,
1914 2996 1992 3049 οῖ-

417 3099 568 3152 χεται
598 3083 781 3146 αὐτοῖς
808 3082 867 3148 ἐξ
891 3083 1133 3156 ἀνάγκης
1176 3084 1204 3137 ὁ
1246 3084 1372 3157 περὶ
1410 3086 1509 3155 τῆς
1544 3086 1790 3151 ἐναντίας
1819 3088 1993 3159 ἀρχῆς

417 3171 592 3241 λόγος.
625 3173 716 3245 Μὴ
741 3173 848 3246 γὰρ
874 3175 1163 3239 συνιέντες,
1197 3176 1343 3239 ὅπως
1380 3175 1490 3251 ἔχει
1518 3175 1585 3230 τά
1629 3177 1798 3242 κάτω,
1828 3176 1993 3231 ἐπλά-

419 3280 579 3317 σαντο
612 3266 739 3335 περὶ
769 3264 836 3318 τά
872 3264 1016 3319 ἄνοι’
1056 3266 1190 3337 μηδέ
1212 3264 1615 3330 ¹καταλαϐόντες
1640 3267 1760 3321 τίνα
1791 3267 1990 3338 τρόπον

416 3353 682 3407 διάκειται
710 3354 776 3409 τὰ
803 3353 1077 3426 ὁρώμενα,
1103 3356 1547 3428 ἐσυκοφάντησαν
1579 3356 1640 3409 τὺ
1680 3355 1754 3428 μὴ
1783 3355 1995 3429 ὁρώμε-

417 3461 542 3499 νον’
592 3446 687 3499 καὶ
733 3437 934 3516 γνῶναι
982 3446 1381 3512 σπουδάσαντες
1430 3447 1517 3501 διὰ
1557 3447 1617 3500 τὸ
1663 3448 1739 3520 μὴ
1770 3447 1991 3515 γνῶναι,

417 3537 612 3611 ἀγνοίᾳ
646 3535 849 3609 μείζονι
887 3539 1212 3610 περιέπεσον
1238 3555 1252 3570 ·
1297 3539 1372 3605 ὡς
1414 3538 1522 3610 γὰρ
1564 3540 1621 3591 ἐν
1673 3539 1853 3592 σκότει
1894 3534 2006 3611 τὴν.

418 3631 688 3703 περὶτῶν
740 3631 1076 3702 φαινομένων
1134 3614 1687 3703 ἐννοιανζητοῦντες,
1732 3632 1792 3685 οὐ
1836 3632 1994 3703 μόνον

416 3721 515 3792 οὐχ
547 3715 723 3794 εὗρον,
752 3723 779 3776 ὃ
801 3722 981 3795 ζητεῖν
1006 3722 1243 3788 ἐδόκουν,
1275 3722 1410 3778 ἀλλὰ
1444 3723 1537 3778 καὶ
1574 3723 1752 3795 μεῖζον
1785 3725 1993 3787 ἑαυτοῖς

417 3812 478 3865 τὸ
512 3813 699 3878 σκότος
722 3814 821 3886 τῆς
849 3815 1067 3883 ἀγνοίας
1096 3817 1476 3888 πεποιήκασιν.
1507 3818 1697 3887 Ἡμεῖς
1731 3817 1807 3884 δὲ,
1844 3816 1994 3888 πρῶο

417 3921 509 3959 τον
558 3905 685 3976 περὶ
710 3905 817 3959 τῶν
867 3905 959 3959 δύο
1008 3905 1262 3960 ἐναντίων
1315 3907 1497 3981 ἀρχῶν
1538 3908 1605 3972 ἀς
1653 3908 1994 3962 ὑποτίθενται

416 3996 780 4062 διαλαϐόντες,
812 3997 981 4061 οὓτως
1010 3997 1213 4068 ἥξομεν
1252 4000 1387 4069 πρὸς
1428 4000 1525 4071 τὴν
1555 3999 1692 4071 ὑπὲρ
1724 3999 1830 4054 τῶν
1861 4000 1995 4053 ὅλων

416 4087 708 4153 ἀπόδειξιν,
738 4087 813 4149 ὡς
833 4086 1011 4140 καλῶν
1038 4089 1132 4140 καὶ
1171 4087 1480 4155 ἀναγκαίων
1506 4088 1672 4142 ὄντων
1713 4088 1986 4152 ἁπάντων,

417 4181 512 4235 καὶ
537 4180 778 4245 ἐκείνων,
796 4180 870 4243 ὡς
904 4179 1188 4252 προλαϐὼν
1220 4180 1374 4251 ἔφην,
1403 4181 1633 4251 μάλιστα
1659 4180 1779 4234 καθ’
1810 4175 1991 4252 ὧνπερ

414 4270 677 4341 πλείστην
718 4271 1062 4344 καταδρομὴν
1095 4273 1394 4337 ποιοῦνται,
1437 4276 1511 4339 ὡς
1552 4274 1995 4346 ὁμολογουμένων

411 4362 636 4417 κακῶν·
673 4362 752 4416 ἐτι
781 4364 838 4418 δὲ
889 4366 983 4418 καὶ
1029 4364 1128 4435 τῆς
1184 4365 1291 4417 τῶν
1341 4366 1475 4420 ὅλων
1516 4366 1849 4437 διοικήσεως,
1901 4366 1996 4419 καὶ

306 4493 315 4500 -
408 4455 487 4509 δι’
525 4451 600 4510 ὦν
651 4457 875 4527 πικρίαν
920 4457 1088 4528 αὐτῆς
1128 4457 1455 4528 ἀγνωμόνως
1507 4456 1991 4530 καταψηφίζονται,

2166 2170 2392 2227 Dabitur
2426 2184 2555 2224 vero
2582 2183 2765 2239 opera,
2804 2176 2863 2222 ut
2898 2166 3035 2222 nihil
3072 2175 3184 2221 tam
3211 2181 3402 2222 eorum
3424 2180 3544 2237 qua:
3573 2165 3658 2220 di-

2095 2273 2203 2329 cta,
2241 2279 2404 2334 quam
2443 2277 2563 2333 quae
2596 2261 2828 2317 dicenda
2884 2268 3013 2314 sunt
3040 2297 3055 2322 ,
3096 2257 3397 2328 disputatio
3428 2272 3537 2311 non
3572 2271 3660 2310 ra-

2095 2354 2244 2409 tione
2290 2354 2607 2407 conclusum
2661 2351 2970 2419 relinquat:
3007 2346 3216 2417 ﬁngunt
3254 2347 3399 2401 enim
3445 2344 3654 2416 cogita-

2093 2446 2240 2500 tione
2287 2443 2518 2499 duarum
2565 2452 2886 2499 naturarum
2919 2441 3317 2495 contrariarum
3376 2436 3661 2491 admistio-

2094 2552 2240 2603 nem,
2264 2545 2318 2593 et
2339 2536 2447 2599 bis,
2477 2542 2537 2590 ut
2564 2535 2643 2591 eis
2675 2536 2907 2603 videtur,
2939 2551 3029 2591 res
3077 2546 3267 2588 omnes
3298 2529 3656 2585 distribuunt.

2092 2627 2397 2694 Undenam,
2422 2629 2694 2699 inquiunt,
2731 2628 2908 2691 mala,
2955 2628 3000 2682 si
3049 2626 3163 2681 haec
3215 2639 3322 2678 non
3370 2638 3437 2678 ex
3480 2621 3660 2692 aliquo

2093 2720 2361 2791 principio
2390 2721 2550 2777 sunt?
2597 2718 2664 2774 'Si
2707 2720 2831 2790 quis
2869 2733 2997 2773 vero
3043 2723 3426 2787 percontetur,
3478 2713 3660 2784 qualia

2094 2820 2317 2883 peccata
2348 2812 2403 2866 in
2452 2811 2703 2866 homines
2748 2808 3051 2864 confertis?
3094 2807 3443 2876 Quaecunque
3488 2797 3660 2859 fabri-

2094 2911 2250 2959 catus
2276 2912 2359 2959 est
2389 2903 2551 2965 Deus,
2583 2911 2637 2957 et
2680 2909 2846 2956 totam
2877 2901 3053 2971 ipsam
3080 2914 3264 2955 rerum
3318 2895 3662 2967 sapientissi-

2095 3011 2239 3050 mam
2302 2995 2752 3066 compositionem
2816 3008 2881 3049 ac
2941 2991 3389 3064 gubernationem
3446 2989 3661 3057 vitupe-

2091 3097 2253 3144 rant:
2292 3097 2349 3143 ut
2391 3088 2502 3157 jam
2565 3088 2612 3143 si
2648 3086 2772 3157 quis
2817 3084 3157 3141 demonstret
3202 3082 3384 3139 omnia
3438 3080 3578 3135 bene
3610 3086 3663 3133 et

2094 3181 2408 3237 necessario
2440 3179 2582 3234 facta
2606 3193 2729 3235 esse
2761 3185 2814 3231 et
2849 3176 2964 3231 ﬁeri
2989 3215 3004 3241 ,
3057 3189 3281 3231 necesse
3326 3180 3415 3229 est
3448 3172 3663 3227 excidat

2093 3274 2172 3328 eis
2197 3281 2252 3327 et
2273 3271 2451 3326 avolet
2473 3269 2612 3324 ratio
2643 3267 2904 3323 contrarii
2951 3265 3230 3337 principii.
3253 3265 3389 3320 Cum
3419 3263 3564 3318 enim
3599 3276 3662 3315 ea

2091 3378 2214 3434 quae
2265 3361 2407 3417 infra
2451 3371 2598 3424 sunt.
2646 3375 2756 3413 non
2792 3357 3212 3421 intellexissent,
3239 3354 3513 3428 quomodo
3567 3354 3663 3407 ba-

2093 3459 2258 3514 beant
2284 3456 2350 3513 de
2379 3456 2446 3511 iis
2470 3469 2589 3525 quae
2610 3461 2739 3509 sunt
2767 3466 2954 3523 supra,
2980 3458 3108 3507 sunt
3139 3448 3455 3512 commenti.
3486 3462 3665 3518 neque

2095 3549 2469 3620 percepissent
2496 3546 2767 3618 quomodo
2798 3561 2862 3602 ea
2906 3560 3027 3616 quae
3056 3542 3305 3599 videntur
3329 3582 3344 3609 ,
3398 3540 3663 3611 disposita

2094 3641 2225 3705 sint,
2250 3640 2303 3697 id
2333 3640 2479 3711 quod
2509 3654 2619 3694 non
2642 3638 2873 3702 videtur,
2902 3634 3222 3693 calumniati
3253 3640 3422 3701 sunt;
3456 3641 3511 3690 et
3536 3649 3661 3687 cum

2093 3731 2314 3788 studere
2333 3730 2670 3795 viderentur,
2694 3736 2753 3784 ut
2776 3734 3201 3799 cognoscerent,
3254 3723 3383 3795 quia
3430 3738 3541 3778 non
3573 3738 3666 3778 co-

2092 3829 2426 3897 gnoverunt,
2484 3822 2537 3880 in
2584 3822 2844 3895 majorem
2904 3817 3274 3893 ignorantiam
3315 3815 3663 3874 inciderunt:

2093 3918 2294 3973 etenim
2317 3910 2485 3973 veluti
2516 3917 2572 3971 in
2596 3916 2835 3972 tenebris
2867 3919 3192 3986 quaererent,
3219 3926 3340 3981 quae
3368 3910 3434 3965 de
3457 3910 3523 3965 iis
3548 3924 3667 3979 quae

2095 4016 2380 4078 apparent,
2408 4006 2757 4078 ignorabant,
2803 4020 2914 4060 non
2950 4003 3127 4060 solum
3158 4016 3269 4056 non
3301 4001 3663 4061 invenerunt,

2096 4099 2242 4171 quod
2275 4114 2522 4170 quaerere
2575 4098 2942 4162 videbantur;
3006 4093 3137 4165 quin
3198 4092 3381 4163 potius
3429 4089 3666 4158 majores

2096 4192 2419 4263 ignorantiae
2452 4191 2702 4247 tenebras
2749 4188 2853 4244 sibi
2885 4186 3216 4243 oli‘uderunt.
3265 4182 3376 4239 Nos
3403 4198 3532 4238 vero
3562 4182 3668 4254 pri-

2097 4297 2190 4337 mo
2216 4282 2283 4337 de
2313 4281 2528 4336 duobus
2578 4278 2864 4351 principiis
2904 4274 3228 4338 contrariis,
3265 4288 3387 4344 quae
3436 4280 3665 4342 ponunt,

2096 4374 2449 4440 disserentes,
2491 4373 2558 4428 ad
2605 4372 3012 4428 conclusionem
3070 4366 3556 4440 argumentationis
3601 4365 3669 4419 de

2100 4465 2355 4520 universo
2383 4466 2705 4520 veniemus:
2742 4475 2864 4519 esse
2908 4462 3117 4518 scilicet
3146 4460 3289 4514 bona
3327 4465 3381 4512 et
3415 4471 3669 4512 necessa-

406 4547 487 4602 ’τὰ
538 4548 934 4619 ἀναγκαιότερα
980 4548 1393 4619 οίκονομοῦσης,
1449 4550 1509 4603 οὐ
1569 4550 1674 4621 μὴν
1719 4548 1854 4603 ἀλλά
1898 4550 1989 4602 καὶ

2096 4556 2177 4610 ria
2208 4556 2411 4620 omnia,
2440 4564 2495 4612 et
2530 4555 2622 4609 illa
2653 4555 2909 4615 maxime,
2939 4561 2999 4607 ut
3026 4551 3279 4622 superius
3310 4549 3444 4613 dixi,
3470 4547 3525 4601 in
3548 4562 3668 4618 qua:

415 4638 548 4710 περὶ
578 4637 685 4692 τῶν
718 4637 868 4709 παρά
895 4640 1200 4711 ἀνθρώποις
1245 4641 1615 4712 ἀδικημάτων,
1651 4641 1727 4704 ὡς
1761 4640 1881 4694 οὐδὲ
1907 4641 1989 4694 διὰ

2099 4650 2395 4703 maximum
2425 4649 2684 4720 impetum
2716 4655 2769 4702 et
2790 4648 3074 4702 incursum
3102 4643 3332 4708 faciunt,
3362 4639 3520 4712 quasi
3550 4653 3668 4693 om-

415 4729 590 4785 ταῦτα
626 4730 868 4802 προσῆκε
916 4731 1112 4796 κακίας
1150 4732 1323 4803 ἀρχὴν
1374 4731 1511 4785 κατά
1559 4730 1694 4785 Θεοῦ
1732 4731 1989 4801 φαντάζε-

2096 4742 2247 4795 nium
2282 4756 2545 4796 concessu
2579 4739 2719 4794 mala
2753 4738 2890 4805 sint;
2921 4746 3178 4806 przeterea
3215 4735 3377 4788 etiam
3424 4728 3666 4784 omnium

420 4821 574 4875 σθαι·
609 4821 949 4893 δειχθήσεται
980 4822 1087 4895 γὰρ
1118 4823 1193 4886 ὡς
1222 4824 1317 4877 καὶ
1364 4822 1536 4878 ταῦτα
1576 4823 1671 4878 τοῦ
1705 4827 1989 4896 πεποιηκό-

2097 4847 2279 4886 rerum
2315 4832 2788 4903 gubernationem,
2824 4840 2987 4898 atque
3027 4829 3119 4885 illa
3158 4826 3214 4879 in
3237 4823 3437 4894 quibus
3461 4817 3671 4875 severi-

416 4930 509 4978 τος
548 4913 695 4984 ἡμᾶς
735 4913 985 4984 ἐμφαίνει
1032 4916 1131 4986 τὴν
1179 4913 1519 4986 ἀγαθότηταο
1566 4918 1656 4969 καὶ
1704 4915 1826 4970 οὔτε
1855 4919 1989 4972 κατὰ

2099 4929 2265 4976 tatem
2301 4921 2687 4991 providentiae,
2743 4935 2891 4990 qua.
2951 4934 3071 4990 quae
3123 4915 3297 4987 magis
3358 4908 3668 4968 necessaria

420 5003 672 5076 βούλησιν
718 5004 882 5057 αὐτοῦ
933 5004 1065 5075 πρὸς
1112 5002 1409 5075 ἀνθρώπων
1453 5006 1715 5074 γίγνεται,
1762 5004 1883 5058 οὔτε
1929 5005 1989 5058 ἐκ

2100 5019 2250 5074 sunt,
2286 5022 2670 5081 procurantur,
2704 5011 3049 5081 improbant;
3090 5016 3143 5063 et
3188 5021 3294 5061 non
3327 5003 3502 5058 solum
3527 5000 3664 5063 haec,

415 5110 563 5159 τινος
593 5096 771 5161 αἰτίας
808 5096 1035 5168 ηάρχῆς
1067 5095 1189 5150 καθ’
1226 5097 1383 5168 ἡμῶν
1414 5098 1655 5169 φέρεται.

2098 5102 2193 5159 sed
2210 5102 2276 5159 de
2295 5104 2361 5158 iis
2382 5103 2544 5158 etiam
2558 5097 2678 5173 qua:
2699 5103 2839 5174 apud
2876 5102 3124 5179 homines
3151 5097 3352 5168 injuste
3382 5093 3539 5157 ﬁunt,
3572 5107 3668 5146 nc-

422 5202 529 5254 que
554 5198 787 5274 propter
805 5191 914 5244 hate
943 5190 1265 5260 principium
1291 5192 1416 5244 mali
1449 5198 1637 5246 contra
1668 5190 1835 5247 Deum
1875 5201 2127 5262 oportere
2165 5198 2403 5268 cogitare
2431 5216 2443 5252 :
2479 5197 2799 5252 docebimus
2825 5197 2970 5251 enim
3021 5195 3135 5249 haec
3164 5193 3324 5247 etiam
3367 5188 3665 5245 bonitatem

425 5276 519 5333 Dei
558 5282 782 5352 quinos
814 5281 971 5349 fecit,
1008 5282 1317 5349 declarare;
1368 5295 1420 5338 et
1454 5298 1629 5354 neque
1658 5284 1727 5339 ab
1752 5284 2063 5342 hominibus
2104 5289 2216 5344 ﬁeri
2244 5290 2542 5346 secundum
2594 5290 2929 5344 voluntatem
2970 5287 3103 5351 Dei,
3149 5299 3248 5340 nec
3281 5299 3349 5339 ex
3398 5278 3667 5353 principio

422 5373 682 5444 quopiam
711 5377 991 5431 contrario
1019 5378 1073 5430 in
1106 5391 1207 5429 nos
1234 5374 1385 5431 ferri.

1512 5467 1641 5523 Car.
1682 5466 1745 5521 V.
1780 5470 1859 5523 An
1891 5469 1993 5522 duo
2032 5470 2287 5538 principia
2322 5468 2581 5536 opposita.

493 5585 791 5653 Τοιγαροῦν
833 5587 1017 5641 λοιπδν
1069 5591 1160 5642 ἐπὶ
1206 5589 1302 5660 τὴν
1353 5588 1523 5661 ἀρχὴν
1567 5588 1665 5658 τῆς
1719 5566 1993 5660 μυθώδους

416 5675 675 5745 ἀσεϐείας
711 5676 886 5730 αὐτῶν
928 5679 1189 5751 ἔλθωμεν,
1241 5680 1612 5748 ἐξετάζοντες,
1662 5684 1709 5734 εί
1762 5684 1996 5755 παροιδέ-

497 5788 571 5860 (2)
598 5786 764 5855 Editi,
795 5789 934 5845 εὖτε.
972 5792 1130 5846 Eutr.

2171 5589 2340 5661 Igitur
2389 5586 2766 5660 aggrediamur
2798 5585 3055 5654 deinceps
3093 5583 3159 5636 ad
3204 5580 3527 5652 principium
3565 5580 3670 5635 im-

2102 5680 2318 5752 pietatis
2349 5680 2565 5736 illorum
2584 5679 2966 5735 commentitiae
2987 5718 3001 5744 ,
3057 5676 3398 5746 inquirentes
3421 5714 3435 5738 ,
3488 5678 3669 5729 utrum
