4100 6418
461 384 598 440 1075

1596 383 1737 439 TITI
1779 385 2213 444 BOSTRENSIS
2246 388 2559 445 EPISCOPI

3580 384 3602 439 Ι
3615 386 3719 442 076

459 503 713 561 notiones
744 501 1019 557 naturales
1048 504 1159 559 duo
1207 505 1486 573 contraria
1527 506 1800 577 principia
1853 524 2037 564 rerum

2148 528 2332 582 χονται
2381 512 2512 579 γοῦν
2553 510 2609 564 αἱ
2641 508 2783 564 κατὰ
2814 509 2973 580 φύσιν
3001 507 3198 563 ἔννοιαι
3220 505 3313 560 δύο
3342 507 3441 577 (‘2‘)
3474 507 3719 570 ἐναντίας

459 596 784 650 admittant:
817 594 863 649 si
916 597 1062 649 enim
1108 611 1177 651 ne
1225 598 1627 652 consentientia
1669 600 1889 668 quidem
1945 602 2044 656 ad-

457 688 703 752 mittunt,
733 688 907 741 multo
942 687 1126 743 minus
1175 692 1499 758 pugnantia.
1557 690 1819 745 Scribens
1871 691 2041 761 igitur

457 778 547 833 ille
580 778 700 849 ipso:
730 779 920 837 furens
948 781 1281 837 Manichacus
1308 823 1322 847 ,
1377 783 1578 853 ubique
1619 782 1809 853 incipit
1836 801 1848 836 :
1908 782 2041 836 Erat

454 868 599 925 Deus
656 886 708 927 at
742 876 1004 941 materia,
1060 875 1269 939 lumen,
1317 886 1366 930 et
1414 875 1668 937 tenebrae,
1728 874 1921 929 bonum
1988 885 2040 929 et

453 964 676 1027 malum,
702 967 757 1019 in
797 969 1040 1023 omnibus
1094 985 1295 1023 summe
1339 969 1649 1028 contraria:
1691 979 1749 1022 ut
1793 969 1846 1022 in
1886 969 2036 1024 nulla

453 1068 513 1106 re
543 1055 773 1109 alterum
799 1071 923 1110 eum
959 1059 1131 1132 altero
1161 1058 1602 1113 communionem
1634 1067 1687 1110 et
1714 1058 2035 1113 societatem

453 1143 701 1208 haberet,
734 1149 896 1202 ambo
928 1149 1169 1219 ingenita
1209 1159 1264 1205 et
1297 1151 1569 1205 viventia:
1607 1150 1772 1220 igitur
1799 1158 1892 1203 aut
1919 1152 2034 1206 dis-

446 1239 680 1309 juugent
713 1256 811 1304 se;
843 1249 936 1294 aut
962 1243 1007 1296 si
1042 1242 1244 1297 fuerint
1271 1242 1464 1303 simul,
1510 1242 1684 1295 amica
1719 1249 1772 1296 et
1824 1257 2033 1311 nequa-

450 1343 615 1397 quam
666 1331 940 1385 contraria
994 1348 1118 1389 esse
1169 1335 1473 1404 apparebit.
1530 1337 1598 1389 At
1647 1345 1797 1406 patet
1847 1338 2031 1392 dicere

448 1436 597 1482 eum,
635 1422 882 1490 sejuncta
919 1438 1040 1478 esse
1080 1424 1214 1480 haec.
1253 1423 1424 1496 igitur
1452 1434 1750 1498 utrumque
1781 1444 1906 1482 cum
1951 1430 2030 1482 al-

450 1520 569 1563 tero
602 1511 812 1566 ﬁnitum
841 1520 894 1567 et
919 1513 1272 1569 terminatum
1298 1516 1404 1570 erit
1438 1517 1742 1573 secundum
1768 1520 2030 1573 substan-

448 1601 601 1658 tiam.
632 1610 687 1655 et
719 1610 977 1657 neutrum
1025 1604 1561 1678 incircumscriptum
1619 1618 1673 1663 et
1709 1609 1980 1664 inﬁnitum
2011 1630 2024 1664 :

446 1691 902 1750 circumscribere
955 1703 1136 1752 autem
1200 1696 1370 1752 Deum
1424 1702 1723 1756 secundum
1773 1703 2029 1758 substan-

447 1782 618 1843 tiam.
661 1791 715 1838 et
749 1800 856 1839 nou
890 1802 1057 1843 nosse
1113 1797 1167 1843 et
1217 1789 1462 1845 conﬁteri
1519 1792 1790 1848 inﬁnitum
1859 1810 2023 1860 esse,

2145 602 2321 672 ἀρχὰς
2367 601 2475 653 τῶν
2515 601 2716 653 ὄντων·
2756 602 2804 652 εί
2837 600 2946 671 γὰρ
2989 598 3122 669 μηδὲ
3182 596 3576 667 συμφωνούσας
3635 596 3719 651 δέ-

2145 695 2314 756 ξαιντ’
2333 693 2409 762 (5)
2428 692 2519 753 ἂν,
2535 688 2570 763 ἦ
2589 692 2689 745 πού
2709 708 2771 760 γε
2796 690 3122 762 μαχομένας.
3143 689 3373 760 Γράφων
3389 687 3564 741 τοίνυν
3580 689 3720 740 ἐκεῖ·

2140 800 2230 845 νος
2251 782 2432 846 αὐτὸς,
2462 783 2491 835 ὁ
2516 780 2872 850 χαλεπώτατα
2908 781 3118 850 μανεὶς,
3156 777 3382 847 ἄρχεται
3411 776 3713 846 πανταχοῦ·

2139 869 2253 927 Ἦν
2283 874 2446 938 Θεὸς,
2502 872 2602 925 καὶ
2648 872 2766 938 ὕλη
2792 888 2805 901 ο
2865 869 3009 940 φῶς,
3042 870 3138 923 καὶ
3182 870 3428 933 σκότος’
3469 868 3714 937 ἀγαθὸν,

2138 966 2236 1020 καὶ
2292 966 2513 1019 κακόν·
2563 965 2635 1019 ἐν
2688 964 2812 1031 τοῖς
2858 962 3048 1019 πᾶσιν
3082 962 3275 1031 ἄκρως
3317 963 3593 1025 ἐναντία,
3640 964 3717 1027 ὡς

2136 1055 2281 1110 κατὰ
2317 1055 2483 1127 μηδὲν
2519 1055 2887 1107 ἐπικοινωνεῖν
2923 1050 3148 1123 θάτερον
3175 1050 3405 1122 θατέρῳ,
3448 1049 3719 1121 ἀγέννητά

2134 1165 2194 1200 τε
2227 1149 2318 1201 καὶ
2340 1148 2517 1212 ζῶντα
2544 1146 2737 1216 άμφω·
2781 1143 2976 1198 οὐκοῦν
3002 1142 3035 1213 ἢ
3063 1142 3285 1215 χωρίσει
3321 1159 3385 1211 γε
3412 1140 3584 1195 ταῦτα
3620 1141 3715 1195 ἀπ’

2135 1238 2411 1311 ἀλλήλων,
2458 1238 2490 1309 ἢ
2541 1239 2637 1291 σὺν
2683 1236 2930 1306 ἀλλήλοις
2974 1234 3104 1288 ὅντα
3157 1233 3285 1303 φίλα
3328 1234 3422 1287 καὶ
3465 1233 3716 1303 οὐδαμῶς

2133 1330 2354 1384 ἐναντία
2387 1330 2706 1400 φανήσεται.
2753 1327 2910 1381 Ἀλλά
2931 1326 3107 1397 δῆλον,
3125 1328 3206 1381 ὅτι
3230 1327 3398 1397 χωρὶς
3426 1325 3521 1379 ἀπ’
3548 1325 3716 1396 ἀλλή-

2134 1421 2243 1475 λων
2282 1422 2377 1475 καὶ
2425 1421 2587 1484 αὐτὸς
2629 1418 2801 1473 ταῦτα
2844 1419 2981 1473 εἶναί
3030 1436 3224 1489 φησιν’
3253 1419 3341 1490 ἄρ’
3375 1414 3468 1472 οὖν
3503 1434 3715 1489 συμπε-

2131 1514 2473 1585 περασμένον
2500 1514 2760 1583 ἑκάτερον
2794 1510 3005 1583 θατέρῳ
3043 1511 3139 1582 τὴν
3173 1511 3359 1564 οὐσίαν
3402 1510 3582 1575 ἐσται,
3614 1521 3716 1564 και

2129 1607 2414 1677 οὐδέτερον
2444 1605 2859 1675 ἀπεριόριστον·
2910 1603 3240 1676 περιορίξειν
3284 1603 3340 1658 δὲ
3381 1605 3498 1658 κατ’
3524 1604 3713 1657 οὐσίαν

2130 1699 2224 1751 τὸν
2254 1699 2407 1762 Θεὸν,
2456 1699 2548 1751 καὶ
2594 1698 2667 1770 μὴ
2717 1699 3020 1767 ἀπέραντον
3057 1695 3251 1750 εἰδέναι
3293 1712 3353 1748 τε
3401 1697 3495 1750 καὶ⁹
3526 1697 3717 1766 ὁμολο-

2131 1792 2269 1857 γεῖν,
2304 1790 2421 1853 πῶς
2452 1791 2513 1842 οὐ
2544 1789 2662 1843 λίαν
2690 1789 2919 1854 ἀσεθέςς
2954 1788 3116 1841 ὁπότε
3143 1789 3204 1840 οὐ
3264 1788 3421 1857 μόνον
3465 1789 3711 1861 περιορί-

445 1876 721 1944 quomodo
750 1893 859 1932 non
893 1886 978 1935 est
1020 1879 1315 1935 admodum
1357 1882 1621 1953 impium?
1674 1884 2031 1957 Quandoqui-

2135 1882 2321 1946 ζεσθαι
2374 1880 2513 1946 δόξει
2560 1879 2658 1951 τὴν
2703 1879 2890 1932 οὐσίαν
2928 1880 3021 1932 καὶ
3074 1877 3526 1949 περιγράφεσθαι,
3576 1878 3714 1932 ἀλλά

444 1967 568 2022 (ἰείη
606 1984 712 2023 non
746 1971 921 2025 solum
947 1973 1331 2028 circumscribi
1372 1982 1426 2031 et
1456 1978 1739 2031 terminari
1773 1978 2001 2033 substan

442 2060 517 2112 tia
553 2059 641 2114 Dei
675 2062 967 2129 videbitur,
1007 2064 1101 2119 sed
1136 2080 1163 2117 a
1197 2066 1361 2129 malo.
1392 2074 1451 2120 ut
1486 2067 1579 2121 ille
1611 2069 1706 2129 ait,
1736 2068 1841 2124 hoc
1884 2070 2030 2125 acci-

444 2166 591 2217 pere.
625 2149 782 2218 Quod
812 2155 1029 2224 quidem
1062 2166 1215 2212 extra
1250 2174 1576 2215 communes
1607 2161 1862 2217 notiones
1902 2171 2024 2228 est,

442 2251 563 2303 qua
586 2239 751 2293 menti
784 2252 1102 2312 suggerunt,
1138 2254 1197 2300 ut
1232 2262 1355 2300 eum
1388 2248 1590 2319 ubique
1627 2264 1749 2304 esse
1791 2261 2024 2317 noscat,

440 2336 495 2379 et
525 2337 720 2384 natura
753 2331 1296 2404 iuoomprebensum.

2135 1974 2227 2027 καὶ
2276 1971 2413 2043 πρὸς
2444 1972 2542 2041 τῆς
2582 1970 2802 2033 κακίας,
2849 1969 2923 2032 ὡς
2968 1968 3173 2031 ἐκεῖνός
3219 1984 3370 2037 φησι,
3408 1967 3566 2021 τοῦτο
3603 1968 3708 2021 πά-

2125 2081 2300 2135 σχειν.
2320 2064 2499 2133 Ὅπερ
2527 2061 2738 2132 πρῶτον
2780 2059 2878 2130 μὲν
2923 2059 3032 2112 τῶν
3071 2059 3261 2111 κοινῶν
3289 2058 3506 2113 ἐννοιῶν
3531 2058 3710 2122 ἐκτὸς,

2124 2156 2336 2219 αἵτινες
2366 2152 2757 2208 ὑποϐάλλουσιν
2789 2153 2951 2207 αὐτὸν
3003 2152 3289 2222 γινώσκειν
3325 2146 3465 2205 εἷναί
3491 2167 3549 2204 τε
3578 2167 3713 2205 παν-

2130 2247 2322 2318 ταχοῦ,
2354 2247 2449 2300 καὶ
2476 2245 2846 2317 ἀπερίληπτον
2873 2245 3136 2316 ὑπάρχειν
3161 2243 3259 2315 τὴν
3286 2243 3468 2312 φύσιν.

1323 2459 1451 2515 Car.
1497 2460 1589 2518 Vi.
1619 2461 1759 2518 Deus
1781 2465 2071 2519 secundum
2101 2463 2301 2532 piacita
2333 2458 2671 2514 Hanichaica
2696 2459 2899 2528 ﬁnitus.

515 2541 782 2601 Praeterea
810 2549 995 2613 etiam,
1030 2553 1076 2607 si
1110 2552 1224 2606 haec
1248 2556 1560 2610 necessario
1587 2570 1616 2610 a
1640 2572 1699 2611 se
1727 2557 2018 2624 dissident,

440 2651 547 2691 nou
579 2639 756 2692 solum
784 2638 951 2706 Deus,
982 2643 1238 2713 opinione
1261 2645 1409 2701 illius
1443 2646 1656 2714 insana,
1675 2659 1884 2703 naturae
1912 2649 2021 2703 cir—

438 2721 787 2812 cuiuscripta‘.
830 2749 954 2789 esse
1007 2736 1320 2802 videbitur,
1377 2739 1474 2794 sed
1529 2740 1583 2794 in
1636 2740 1851 2810 privato
1897 2741 2021 2797 ioco

437 2837 580 2887 esse,
612 2830 666 2878 et
695 2825 935 2881 residere
964 2843 1132 2899 prope
1162 2830 1525 2885 contrarium.
1562 2831 1694 2899 Qum
1715 2832 1863 2888 enim
1899 2849 1930 2887 a
1960 2849 2020 2889 se

438 2920 629 2968 mutuo
653 2922 934 2979 arcentur,
968 2918 1210 2989 propriis
1247 2929 1302 2975 et
1339 2921 1569 2990 privatis
1616 2922 1752 2979 locis
1781 2923 2019 2978 circum-

438 3005 709 3060 scribunt.
736 3005 1075 3064 Excutienda
1098 3010 1263 3081 igitur
1283 3020 1413 3066 sunt
1445 3013 1583 3078 haec,
1617 3016 1663 3069 si
1695 3015 1863 3070 ambo
1887 3030 2019 3070 con-

438 3098 608 3153 traria
652 3106 914 3171 tanquam
974 3103 1214 3174 ingenita
1264 3106 1576 3176 antiquiora
1629 3107 1764 3163 locis
1816 3116 2015 3173 erant,

2202 2556 2321 2607 Ἐτι
2363 2554 2460 2623 μὲν
2490 2554 2538 2605 εἰ
2586 2550 2757 2605 ταῦτα
2793 2550 3073 2621 διέστηκεν
3113 2547 3708 2622 ἁναγκαίωςὲλλήλων,

2126 2649 2186 2701 οὐ
2218 2648 2379 2717 μόνον
2418 2643 2555 2697 Θεοῦ
2607 2644 2749 2698 κατὰ
2785 2642 2883 2715 τὴν
2927 2644 3135 2697 ἐκείνου
3180 2642 3375 2713 μανίαν
3423 2642 3563 2708 δόξει
3612 2645 3711 2716 τὴν

2127 2740 2288 2809 φύσιν
2322 2734 2750 2808 περιορίζετθαι,
2783 2733 2919 2788 ἀλλά
2954 2736 3048 2788 καὶ
3091 2735 3149 2788 ἐν
3186 2734 3301 2805 ἰδίῳ
3335 2734 3485 2806 τόπῳ
3511 2739 3712 2810 τυγχά-

2129 2852 2259 2896 νειν,
2295 2831 2387 2885 καὶ
2435 2829 2763 2899 καταμένειν
2807 2825 3201 2899 παραπλησίως
3239 2825 3317 2898 τῷ
3346 2829 3589 2900 ἐναντίῳ.
3630 2829 3711 2884 Τά

2128 2926 2236 2996 γὰρ
2279 2925 2369 2977 ὑπ’
2414 2921 2658 2993 ἀλλήλων
2711 2920 3024 2991 εἰργόμενα,
3071 2921 3257 2984 τόποις
3316 2919 3465 2985 ἰδίοις
3509 2922 3710 2995 δηλαδὴ

2128 3016 2546 3088 περιγράφεται.
2578 3015 2764 3066 Ἔστιν
2790 3008 2881 3066 οῦν
2912 3011 3247 3077 ἐξεταστέον,
3277 3015 3325 3067 εί
3355 3013 3453 3085 μὲν
3480 3013 3713 3085 πρεσϐῦ-

2126 3130 2259 3184 τερα
2288 3110 2395 3164 τῶν
2427 3109 2608 3163 τόπων
2650 3109 2816 3179 ἄμφω
2861 3104 2932 3158 τά
2979 3105 3195 3159 ἐναντία
3233 3103 3308 3167 ὡς
3354 3103 3613 3175 ἀγένητα,
3640 3100 3710 3175 ἦν

436 3188 733 3259 aliquando
771 3206 966 3249 rursus
999 3194 1154 3265 prius
1185 3205 1346 3251 erant
1373 3199 1740 3253 communiter
1767 3214 1796 3252 a
1841 3215 2021 3270 pugna

2125 3206 2211 3259 ὅτε
2240 3203 2401 3257 πάλιν
2435 3200 2697 3274 πρότερον
2735 3198 2992 3270 ἐτύγχανε
3027 3199 3177 3268 κοινῇ
3205 3197 3305 3267 τῆς
3339 3197 3708 3267 ἐναντιότητος

436 3279 580 3334 inter
632 3293 693 3335 se
739 3280 929 3337 libera.
995 3281 1092 3339 Sin
1151 3299 1282 3340 vero
1339 3286 1636 3355 disiunctio
1700 3288 2020 3344 substantia:

432 3371 723 3443 utriusque
770 3374 932 3430 simul
961 3391 1028 3432 ex
1060 3379 1366 3434 aeternitate
1417 3378 1539 3444 fuit,
1574 3381 1855 3451 antiquior
1899 3389 2018 3437 erat

431 3464 589 3520 locus
623 3467 950 3524 substantiae
974 3469 1283 3543 utriusque,
1318 3473 1401 3529 vel
1441 3472 1603 3528 simul
1630 3489 1754 3529 cum
1789 3474 1900 3529 illis
1929 3474 2018 3529 in-

430 3557 670 3625 genitus.
707 3557 764 3611 Si
792 3566 978 3615 autem
1019 3562 1319 3634 antiquior,
1343 3571 1405 3619 ut
1441 3565 1553 3634 jam
1591 3566 1755 3621 ambo
1801 3566 2020 3623 videan-

429 3654 524 3700 tur
552 3649 842 3719 utriusque
872 3652 978 3705 loci
1006 3654 1357 3725 pmpagines,
1393 3671 1505 3710 non
1533 3663 1662 3713 sunt
1702 3657 1818 3713 hinc
1848 3654 2020 3730 'inge—

429 3739 569 3801 uita,
589 3755 691 3795 nec
712 3750 915 3800 αξιοι-ηε
941 3763 955 3798 :
990 3744 1136 3813 quod
1162 3746 1382 3815 quidem
1419 3749 1557 3803 locis
1589 3765 1656 3804 ex
1682 3749 1883 3819 quibus
1904 3750 2019 3806 haec

431 3831 783 3894 exstiterunt,
820 3834 1094 3889 videbitur
1128 3838 1330 3894 inesse.
1377 3836 1434 3893 Si
1476 3855 1607 3895 vero
1632 3841 1789 3905 lous
1839 3850 1923 3897 est
1952 3842 2022 3897 si-

431 3921 547 3976 mul
577 3937 705 3977 cum
737 3923 847 3981 illis
888 3926 1162 3997 ingenitus
1184 3969 1198 3990 ,
1233 3939 1396 3985 erant
1444 3932 1599 4002 plura
1635 3933 1873 4005 ingenita
1896 3976 1910 3998 ,
1963 3945 2017 3991 et

432 4028 541 4067 non
571 4013 683 4083 jam
743 4017 854 4071 duo
884 4038 895 4072 :
952 4035 1178 4079 necesse
1221 4023 1367 4077 enim
1399 4032 1504 4089 est,
1540 4034 1599 4079 ut
1631 4027 1735 4081 alia
1784 4030 1895 4083 sint
1922 4028 2015 4083 illa

429 4104 551 4159 ioca
581 4116 777 4176 printer
806 4108 917 4164 haec
946 4125 1069 4180 qua:
1097 4111 1150 4165 in
1195 4111 1306 4168 illis
1349 4124 1499 4179 sunt,
1536 4119 1656 4171 sine
1685 4118 1885 4187 quibus
1915 4134 2015 4175 nec

428 4212 552 4254 esse
581 4208 833 4270 possunt.
1680 4194 1683 4199 ’

2125 3295 2543 3369 ἀπηλλαγμένα.
2581 3294 2643 3346 Ei
2671 3287 2733 3345 δέ
2770 3291 3035 3354 συναῒδιος
3074 3289 3335 3361 ἐκατέρου
3378 3290 3477 3360 τῆς
3522 3289 3711 3354 οὐσίας

2122 3386 2491 3458 όχωρισμὺς,
2538 3382 2963 3456 προγενέστερος
3012 3381 3270 3451 ἐκατέρου
3317 3381 3418 3451 τῆς
3459 3381 3646 3445 οὐσίας
3679 3384 3710 3435 ὁ

2120 3479 2303 3542 τόπος,
2339 3478 2372 3549 ἦ
2406 3477 2814 3545 συναγέννητος.
2871 3473 3008 3526 Ἀλλ’
3059 3474 3106 3526 εί
3135 3473 3232 3544 μὲν
3264 3472 3704 3545 προγενέστερος,

2121 3571 2198 3635 ὡς
2223 3569 2485 3639 ἐκατέρου
2530 3568 2693 3622 τόπου
2727 3567 3013 3639 βλάστημα
3044 3566 3218 3619 δοκεῖν
3250 3560 3391 3619 εἶναι
3424 3566 3704 3637 ἑκάτερον,

2120 3661 2234 3715 οὔτ’
2265 3661 2536 3732 ἀγέννητα
2565 3659 2756 3724 ταῦτα,
2789 3658 2913 3712 οὔτε
2956 3658 3127 3712 ἀΐδια·
3157 3659 3294 3730 ὅπερ
3319 3657 3584 3729 ὑπάρχειν
3618 3658 3706 3712 δό-

2123 3752 2202 3818 ξει
2246 3756 2357 3817 τοῖς
2406 3753 2590 3815 τόποις
2653 3751 2713 3816 ἐξ
2760 3745 2836 3805 ὧν
2883 3750 3087 3805 ταῦτα·
3129 3751 3178 3803 εἰ
3233 3751 3290 3804 δὲ
3347 3750 3708 3823 συναγένητος

2120 3845 2295 3911 ἐσται,
2326 3844 2515 3910 πλείω,
2544 3846 2638 3899 καὶ
2662 3846 2845 3900 οὐκέτι
2869 3845 2962 3898 δύο
2989 3847 3056 3900 τά
3082 3845 3336 3915 ἀγένητα·
3361 3845 3571 3913 ἀνάγκη
3596 3844 3706 3915 γὰρ

2121 3936 2285 4008 ἐτερα
2341 3937 2629 4006 τυγχάνειν
2683 3939 2866 3990 ἐκεῖνα
2918 3936 3069 4006 παρὰ
3120 3934 3313 3997 ταῦτα,
3364 3935 3421 3988 ἐν
3466 3930 3546 3998 οἷς
3586 3937 3703 3987 ἐστι

2122 4027 2312 4093 ταῦτα,
2346 4020 2422 4081 ὧν
2456 4026 2584 4082 ἄνευ
2615 4028 2736 4082 οὐδὲ
2768 4022 2903 4083 εἷναμ⁴
2938 4026 3239 4098 δυνήσεται.

1298 4297 1429 4354 CAP.
1462 4297 1574 4355 VII.
1606 4298 1852 4370 Spatium
1882 4304 2021 4359 inter
2047 4303 2152 4359 duo
2192 4303 2458 4373 principia
2496 4302 2761 4373 quodnam
2787 4304 2813 4357 ει

498 4386 579 4451 Ad
608 4386 721 4441 hac
752 4388 1085 4455 poscendum
1115 4397 1200 4446 est
1238 4393 1307 4445 ab
1353 4392 1909 4463 istisintermedium,
1952 4407 2007 4453 et

2185 4401 2329 4473 Πρὸς
2364 4400 2422 4454 δὲ
2446 4400 2659 4464 τούτοις
2693 4400 2785 4452 καὶ
2830 4397 3079 4468 μεθόριον
3107 4394 3431 4467 ἀμφοτέρων
3464 4395 3701 4466 ἀπαιτηο

424 4479 676 4549 utrisque
734 4478 1114 4549 intcrjectum,
1173 4483 1319 4553 quod
1367 4487 1597 4541 alterius
1644 4502 1767 4541 cum
1834 4490 2007 4544 altero

2123 4492 2253 4556 τέον,
2293 4492 2527 4563 διεῖργον
2557 4491 2651 4545 καὶ
2684 4488 2980 4543 διακωλῦον
3022 4488 3269 4559 ἐκατέρῳ
3299 4487 3398 4558 τὴν
3431 4486 3565 4558 πρὸς
3604 4486 3701 4540 θά-

425 4571 874 4627 communitatem
901 4581 1084 4628 arceat
1110 4583 1164 4629 et
1189 4576 1496 4645 prohibeat,
1527 4594 1595 4633 ne
1617 4577 1818 4634 ﬁnibus
1866 4580 2007 4636 inter

424 4676 487 4718 se
518 4662 826 4729 commista,
858 4678 1053 4721 rursus
1093 4666 1358 4720 rationem
1406 4682 1470 4721 ac
1506 4676 1758 4723 naturam
1789 4681 2005 4724 contra-

422 4753 632 4808 riorum
667 4753 878 4812 tollant.
926 4756 1067 4823 Quid
1095 4757 1263 4829 igitur
1296 4759 1403 4813 erit
1455 4758 1623 4826 istud,
1661 4762 1807 4831 quod
1843 4763 2003 4819 ambo

422 4844 515 4900 illa
538 4845 904 4911 disterminet,
936 4856 992 4903 et
1039 4849 1399 4921 iutersepiat?
1454 4867 1593 4922 opus
1646 4854 1789 4909 enim
1842 4855 2004 4912 habet

420 4935 566 5009 apud
589 4936 725 4992 istos
745 4936 1032 5007 cujusdam
1063 4940 1208 4994 tertii
1249 4949 1617 4996 commentum
1652 4942 1868 4999 fabulae.
1917 4945 1999 4999 An

420 5027 617 5082 dicturi
644 5034 773 5084 sunt
798 5028 978 5091 nobis,
1005 5044 1130 5085 esse
1157 5045 1374 5085 murum
1413 5033 1825 5088 adamantinum
1844 5076 1858 5099 ,
1907 5044 2003 5090 aut

418 5119 565 5175 aliud
587 5118 716 5189 quid
748 5119 1022 5175 delirum?
1052 5118 1350 5191 Cujusnam
1373 5125 1870 5195 veroprovidentia
1898 5126 2002 5181 hoc

418 5211 685 5283 quidquid
715 5213 809 5279 sit,
843 5213 1203 5283 iuterseptum
1247 5229 1371 5270 esse
1409 5215 1637 5271 dicent?
1669 5217 2000 5288 utricunque

418 5304 561 5357 enim
604 5305 1007 5359 contrariorum
1053 5305 1158 5359 hoc
1194 5306 1479 5377 assignare
1512 5308 1684 5361 velint
1733 5319 1993 5381 tanquam

417 5405 601 5466 postea
655 5397 1002 5463 immissum,
1053 5413 1163 5454 non
1222 5400 1496 5469 reperient
1547 5400 1749 5454 exitum
1796 5403 1849 5457 in
1892 5403 1996 5458 hac

417 5479 608 5556 causa,
639 5506 815 5560 neque
870 5507 930 5547 se
968 5491 1096 5548 hinc
1135 5491 1449 5563 expedient.
1505 5490 1780 5547 Revocata
1844 5496 1991 5550 enim

489 5645 590 5711 ιε’)
620 5647 758 5720 Δύο.
792 5647 851 5720 in
877 5648 999 5720 cod.
1038 5655 1292 5720 ms._erat
1312 5649 1415 5711 διό,
1438 5648 1590 5704 nullo
1615 5650 1772 5720 plane
1798 5665 1999 5716 scusu;

417 5714 650 5789 ideoque
683 5718 812 5771 illud
841 5719 1102 5789 omiserat
1126 5716 1464 5785 Turrianus;
1494 5714 1840 5789 reposuimus
1870 5714 1997 5788 ὃύοέ

417 5786 528 5847 duo
561 5786 759 5863 quippe
792 5788 1046 5841 tuebatur
1083 5789 1352 5863 principia
1388 5786 1589 5845 Manes.
1624 5790 1784 5845 BASN.

2109 4598 2269 4652 τερον
2311 4581 2614 4645 κοινωνίαν,
2654 4582 2741 4633 ἴνα
2791 4580 2885 4651 μὴ,
2925 4578 3011 4632 διὰ
3056 4577 3162 4631 τῶν
3211 4576 3496 4648 τερμάτων
3542 4572 3697 4640 αὖθις

2109 4673 2360 4743 ἀλλήλοις
2403 4672 2872 4743 καταμιγνύμενα,
2920 4671 3010 4725 τὸν
3052 4671 3152 4742 τῆς
3180 4670 3552 4738 ἐναντιότητος
3582 4668 3698 4721 δια-

2110 4765 2309 4839 φθείρῃ
2346 4765 2524 4834 λόγον.
2576 4765 2641 4819 Τί
2695 4766 2871 4818 τοίνυν
2911 4764 3063 4817 ἔσται
3106 4762 3165 4815 τὸ
3217 4761 3543 4833 διαφράττον
3601 4760 3697 4813 καὶ

2108 4857 2343 4929 διεῖργον
2372 4858 2536 4927 ἄμφω
2560 4875 2575 4923 ;
2618 4857 2798 4929 τρίτου
2834 4856 2942 4927 γάρ
2965 4871 3109 4919 τινος
3148 4854 3268 4907 κατ’
3292 4853 3481 4905 οὐσίαν
3507 4851 3694 4922 χρείαν

2105 4947 2215 5017 ἔχει
2268 4949 2399 5020 παρ’
2442 4949 2624 5012 αὐτοῖς
2672 4948 2771 5017 τῆς
2820 4945 3142 5015 μυθολογίας
3183 4943 3244 4997 τὸ
3300 4938 3695 5012 πλάσμα.¹Ἀρ’

2101 5035 2196 5094 οὖν
2223 5040 2283 5092 τὸ
2310 5039 2666 5111 ἀδαμάντινον
2712 5040 2888 5107 τεῖχος
2916 5036 3129 5104 ἐροῦσιν
3158 5038 3307 5107 ἡμῖν.
3339 5036 3372 5105 ἦ
3412 5053 3462 5087 τι
3484 5034 3689 5103 ἕτερον,

2102 5130 2507 5201 παραπαίοντες
2538 5145 2551 5192 ;
2591 5126 2668 5199 Τῇ
2706 5128 2848 5191 τίνος
2878 5126 2935 5179 δὲ
2968 5125 3194 5197 προνοίᾳ
3224 5123 3369 5177 τοῦθ’
3395 5125 3423 5176 ὃ
3445 5139 3572 5175 ποτε
3590 5121 3691 5191 (3‘)

2103 5220 2333 5289 φήσουσι
2370 5218 2801 5291 παρεγκεῖσθαις
2844 5216 3119 5289 Ὀποτέρῳ
3149 5216 3259 5288 γὰρ
3295 5215 3403 5268 τῶν
3435 5213 3694 5269 ἐναντίων

2106 5310 2414 5381 βουληθεῖεν
2442 5310 2720 5365 ἀναθεῖναι
2746 5310 2920 5374 τοῦτο,
2953 5309 3029 5373 ὡς
3051 5307 3278 5379 ὕστερόν
3321 5322 3451 5359 ποτε
3478 5322 3694 5376 παρεμ-

2102 5404 2318 5475 ϐληθὲν,
2355 5404 2560 5476 ἄπορος
2583 5404 2770 5467 αὐτοῖς
2797 5405 2828 5473 ἡ
2867 5402 3121 5464 ὑπόθεσις
3146 5399 3519 5471 εὑρεθήσεται.
3544 5397 3693 5468 Πρὸς

2102 5497 2211 5567 γὰρ
2240 5498 2299 5550 τὸ
2332 5496 2686 5569 ἀρχαιότερον
2731 5494 2939 5558 ἀναϐὰς
2975 5496 3004 5546 ό
3049 5494 3204 5561 λόγος
3244 5488 3398 5555 αὖθις
3446 5491 3693 5561 φωράσει

2185 5653 2260 5725 (5)
2284 5652 2467 5725 Vulg”
2489 5652 2738 5718 δόξαιντ’.
2769 5652 2927 5706 Eutr.

2178 5715 2277 5795 (5³)
2309 5715 2493 5789 Forte,
2525 5715 2682 5778 τοῦτό
2716 5741 2866 5787 ποτε,
2894 5723 2975 5778 vel
3013 5719 3179 5786 τοῦθ’,
3209 5721 3236 5772 ὃ
3270 5719 3322 5773 τί
3348 5735 3499 5775 ποτε.
3529 5715 3690 5775 Eun.
