4100 6460
454 438 478 493 1
489 439 591 494 077

1508 429 1879 488 ADVERSUS
1913 429 2335 488 MANICHA‘ZOS
2373 429 2501 484 LIB.
2544 428 2587 485 l.

3555 424 3687 481 i078

452 556 522 609 τὰ
549 551 764 608 ἐναντία
795 551 1039 622 ἀλλήλων
1082 550 1380 622 ἀχώριστα,
1406 550 1482 613 ὡς
1513 549 1762 620 οὐδαμῶς
1790 549 2027 606 ἐναντία.

2134 546 2480 603 ascendendo
2513 545 2581 600 ad
2616 542 2896 614 antiquius
2940 541 3238 612 disputatio
3276 554 3470 599 rursus
3500 540 3692 609 depre—

454 650 517 702 Εί
538 647 595 701 δὲ
616 645 906 717 μηδετέρου
926 644 1151 715 προνοίᾳ
1169 645 1229 696 τὸ
1246 644 1511 715 μεθόριον,
1526 644 1554 699 ὃ
1573 641 1839 713 δηλοῦσιν,
1858 644 2026 714 ὑπάρ-

456 739 541 805 ξαι
569 739 850 809 φήσουσιν,
869 736 1052 807 ἕτερον
1072 735 1361 806 ἀγέννητον
1381 734 1758 803 ἐπεισάγοντες
1775 735 1834 799 ἐξ
1858 735 2024 804 ἀνάγ-

456 847 556 901 κης
596 825 946 899 ὁμολογοῦσι,
1001 826 1295 900 μηδετέρου
1342 826 1450 880 τῶν
1497 826 1750 880 ἐναντίων
1802 827 1901 898 τῆς
1938 828 2027 880 οὒ-

457 923 579 985 σίας
630 920 886 990 μετέχον,
934 920 1022 972 ἵνα
1067 918 1146 989 τῷ
1207 919 1381 990 πάντη
1436 918 1770 973 διαλλάττειν
1819 917 2027 992 χωρίζῃ

455 1012 626 1066 ταῦτα
648 1028 662 1042 ·
701 1008 795 1065 κάι
816 1009 1198 1083 εὑρεθήσονται
1223 1009 1376 1082 ὄχλον
1401 1011 1705 1081 ἀγεννήτων
1733 1010 2025 1081 τιθέμενοι,

454 1102 549 1158 δύο
576 1102 648 1174 φή
657 1118 845 1165 σαντες
878 1096 1031 1156 εἶναι.

530 1394 612 1448 Τά
638 1394 896 1465 ἀγένητα,
935 1390 995 1446 :0
1026 1392 1207 1464 μέντοι
1234 1391 1467 1462 διεῖργον
1494 1390 1586 1445 καὶ
1622 1389 1888 1462 μεθόριον,
1920 1389 2030 1442 εἴτε

457 1487 524 1559 δὴ
555 1489 750 1557 τεῖχος,
778 1485 885 1538 εἴτε
919 1485 989 1555 γῆ
1020 1484 1220 1548 ἄοικος,
1251 1482 1362 1536 εἴτε
1399 1483 1491 1537 καὶ
1524 1482 1660 1555 ὅπερ
1686 1481 1753 1536 ἂν
1790 1466 1988 1539 θέλοιεν
2013 1498 2027 1514 ’

460 1577 563 1632 ποῦ
593 1578 690 1649 μὲν
722 1573 810 1648 ἆρ’
839 1576 948 1647 ἔχει
999 1575 1097 1648 τὴν
1140 1575 1321 1647 ἕδραν,
1369 1574 1474 1628 7:06
1520 1574 1579 1627 δὲ
1608 1575 1706 1646 τὴν
1750 1575 2028 1648 κορυφήν;

473 1672 633 1725 Ἀλλά
672 1671 853 1741 δῆλον,
875 1669 948 1733 ὡς
998 1668 1148 1722 κάτω
1192 1669 1290 1740 μὲν
1339 1667 1436 1739 τὴν
1466 1667 1654 1739 ἕδραν·
1694 1666 1796 1720 ποῦ
1834 1666 1897 1741 δὴ
1939 1668 2033 1720 καὶ

460 1765 665 1830 πόσονς
699 1766 845 1817 ΙἈνω
870 1763 926 1817 δὲ
973 1763 1070 1833 τὴν
1108 1761 1383 1833 κορυφήν·
1414 1760 1518 1814 ποῦ
1566 1762 1662 1813 καὶ
1701 1759 1792 1814 ἐπὶ
1826 1759 1989 1813 πόσον
2016 1777 2032 1825 ;

2127 634 2347 696 ὴεηειεί
2367 637 2642 694 contraria
2674 638 2819 691 inter
2865 650 2924 690 se
2953 642 3224 703 separata,
3256 642 3513 701 tanquam
3540 631 3691 686 nullo

2125 731 2288 786 modo
2312 729 2603 785 contraria.
2641 726 2736 782 Sin
2784 740 2915 781 vero
2956 725 3203 781 neutrius
3234 722 3575 794 providentia
3609 721 3694 776 in-

2126 833 2441 894 terseptum,
2464 823 2608 894 quod
2641 820 2943 884 declarant,
2986 834 3107 875 esse
3146 818 3408 882 dixerint,
3440 829 3694 871 necessa-

2126 917 2210 971 rio
2239 916 2478 973 fatentur
2502 914 2851 970 introducere
2879 927 2938 967 se
2970 911 3171 981 aliquid
3197 912 3515 986 ingenitum,
3547 905 3693 978 quod

2126 1009 2379 1064 neutrius
2413 1006 2773 1063 substantiam
2825 1004 3148 1076 participet,
3200 1009 3262 1056 ut
3294 1001 3515 1056 omnino
3559 998 3694 1053 diri—

2124 1101 2327 1158 mendo
2362 1107 2578 1171 separet
2615 1099 2762 1164 hac;
2795 1109 2959 1168 atque
2988 1097 3065 1151 ita
3098 1096 3210 1159 fiet,
3248 1103 3305 1148 ut
3355 1093 3695 1163 reperiantur

2127 1192 2346 1247 turbam
2374 1190 2737 1264 ingenitorum
2774 1205 3004 1261 ponere,
3042 1189 3134 1259 qui
3160 1188 3269 1243 duo
3298 1186 3538 1259 ingenita
3572 1200 3695 1241 esse

2128 1286 2401 1341 dixerunt.

2200 1398 2453 1454 Attamen
2483 1397 2589 1453 hoc
2624 1397 2768 1467 quod
2815 1396 3194 1459 disterminat,
3232 1402 3286 1449 et
3339 1394 3695 1461 interseptum

2129 1500 2230 1555 est,
2266 1491 2379 1545 sive
2398 1505 2590 1545 murus
2618 1497 2736 1554 est,
2784 1489 2899 1545 sive
2930 1497 3075 1544 terra
3110 1488 3228 1543 sine
3256 1485 3542 1550 domibus,
3582 1482 3697 1539 sive

2131 1584 2276 1638 aliud
2326 1582 2605 1654 quodlibet
2646 1601 2660 1637 :
2721 1581 2961 1652 nunquid
3017 1580 3212 1635 alicubi
3266 1577 3484 1648 quidem
3536 1576 3699 1630 habet

2131 1677 2327 1740 basim,
2350 1674 2550 1730 alicubi
2580 1689 2713 1730 vero
2747 1674 3002 1731 culmen?
3028 1672 3193 1743 Atqui
3220 1671 3564 1742 perspicuum
3590 1675 3696 1731 est,

2130 1768 2271 1822 infra
2305 1767 2523 1839 quidem
2558 1767 2757 1822 habere
2798 1766 2968 1821 basim
2997 1784 3010 1819 :
3048 1764 3140 1821 sed
3172 1764 3286 1826 ubi,
3324 1748 3384 1818 et
3404 1762 3699 1832 quantam?

459 1858 534 1909 T0
576 1856 682 1927 γὰρ
728 1855 839 1909 ἀνω
893 1855 984 1907 καί¹
1021 1853 1170 1907 κάτω
1216 1851 1577 1924 δημιουργίας
1621 1850 1878 1923 ὀνόματα,
1926 1850 2031 1921 πρὸ

2136 1858 2312 1930 Supra
2346 1875 2477 1915 vero
2507 1858 2744 1924 culmen,
2774 1858 2865 1913 sed
2898 1857 3030 1922 ubi,
3090 1866 3144 1911 et
3173 1855 3469 1926 quantum?
3522 1852 3697 1923 Supra

458 1948 853 2020 δημιουργίας·
880 1946 960 1999 δεῖ
989 1945 1171 2017 μέντοι
1212 1946 1305 1998 καὶ
1347 1944 1638 2015 βαθύτερον
1678 1944 1770 2001 καὶ
1828 1943 2029 2013 ὑψηλό-

458 2057 615 2113 τερον
638 2037 856 2095 εἶναιτὸ
892 2038 1137 2110 μεθόριον
1162 2036 1263 2106 τῆς
1287 2036 1393 2090 τῶν
1425 2036 1801 2107 χωριζομένων
1823 2035 2027 2098 οὐσίας’

459 2133 547 2186 ἵνα
594 2132 668 2203 μὴ
710 2131 954 2186 κάτωθεν
1000 2129 1033 2200 ἥ
1077 2129 1281 2183 ἄνωθεν
1327 2128 1595 2198 ὲλλεῖψαν,
1638 2128 1870 2206 πάροδον
1920 2131 2033 2192 τοῖς

461 2223 720 2285 ἐναντίοις
745 2221 1000 2293 παράσχῃ
1042 2221 1177 2292 πρὸς
1209 2219 1431 2291 ἄλληλα.
1460 2221 1522 2275 El
1542 2219 1598 2273 δὲ
1632 2222 1758 2291 σκιᾷ
1781 2221 1874 2274 καὶ
1900 2219 2032 2291 ἡλίῳ

461 2314 858 2384 παραϐάλλοιεν
890 2313 918 2366 ὃ
943 2312 1165 2367 καλοῦσι
1209 2310 1475 2382 μεθόριον,
1506 2311 1777 2382 οἰήσονται
1810 2311 1928 2382 μὲν,
1958 2311 2034 2373 ὼς

460 2406 613 2460 οὐδὲν
645 2407 983 2460 ἐπικοινωνεῖ
1026 2403 1102 2475 τῷ
1138 2402 1272 2475 ἡλίῳ
1314 2406 1347 2473 ἡ
1386 2402 1536 2465 σκιά,
1570 2401 2033 2473 διελεγχθήσονται

460 2498 517 2557 δὲ
562 2498 811 2571 χαλεπῶς
856 2498 993 2569 πρὸς
1037 2495 1131 2550 :06
1180 2494 1456 2559 Μάνεντος
1501 2495 1871 2566 ἠπατημένοι·
1907 2494 2036 2547 σκιά

460 2591 570 2669 γάρ
604 2591 754 2663 ἡλίου
801 2588 1052 2661 κοινωνίᾳ
1094 2590 1188 2644 καὶ
1230 2588 1296 2642 δι’
1357 2587 1476 2641 ὅλου
1525 2585 1799 2658 παρουσίᾳ
1839 2585 2033 2655 γένοιτ’

462 2683 548 2746 ἂν,
582 2682 747 2752 όγκου
779 2682 924 2746 τινὸς
948 2682 1228 2752 ἀνέχοντος
1256 2683 1312 2734 ἐν
1346 2678 1495 2753 μέσῳ
1525 2678 1619 2737 καὶ
1649 2677 1784 2748 πρὸς
1813 2676 2034 2746 θάτερον

464 2777 629 2848 μέρος
651 2776 819 2847 αὐτὴν
849 2775 1307 2848 παραπέμποντος
1326 2788 1339 2801 ·
1385 2771 1481 2824 καὶ
1524 2769 1650 2822 σκιὰ
1677 2769 1762 2838 εἴη
1789 2766 1854 2821 ἂν
1884 2767 2034 2821 οὐδὲν

460 2870 666 2942 ἕτερον,
700 2869 734 2941 ἢ
764 2869 1059 2940 τεκμήριον
1083 2866 1279 2937 φωτὸς,
1311 2864 1402 2918 διά
1430 2879 1575 2925 τινος
1604 2858 2034 2933 παρεγκειμένου

462 2959 711 3030 σώματος
742 2957 1165 3031 ὲμποδιζομένου
1184 2974 1198 2988 ο
1227 2956 1348 3010 ἐπεί
1375 2973 1456 3009 τοι
1481 2955 1656 3025 φωτὸς
1685 2956 1741 3007 έν
1774 2955 1928 3007 νυκτὶ
1961 2954 2035 3027 μὴ

460 3051 747 3126 παρόντος,
801 3049 909 3103 οὐδ’
945 3047 1011 3102 ἂν
1061 3045 1190 3102 σκιά
1239 3046 1439 3119 μερικὴ
1488 3048 1714 3115 γένοιτο.
1758 3048 1878 3119 'A9‘
1919 3044 2034 3113 οὖν,

458 3144 565 3214 ὅπη
599 3140 744 3206 σκιά,
789 3143 906 3195 ἐκεῖ
959 3139 1111 3210 φῶς’
1161 3137 1230 3192 τὰ
1273 3137 1381 3208 γάρ
1428 3138 1684 3191 ἐπέκεινα
1719 3138 1820 3209 τῆς
1853 3142 2031 3206 σκιᾶς,

2130 1953 2272 2007 enim
2301 1959 2354 2005 et
2380 1949 2521 2005 infra
2549 1950 2769 2004 nomina
2794 1949 3171 2005 fabricationis
3202 1946 3422 2011 mundi,
3463 1954 3588 2001 ante
3617 1945 3696 1998 la-

2131 2043 2484 2099 bricationem
2522 2051 2651 2098 sunt
2680 2042 2826 2115 apud
2873 2045 3008 2098 istos
3041 2061 3054 2096 :
3100 2040 3248 2111 atqui
3277 2045 3490 2109 oportet
3532 2038 3695 2093 etiam

2132 2134 2487 2205 interseptum
2512 2133 2843 2205 profundius
2872 2139 2924 2188 et
2957 2132 3120 2187 altius
3150 2146 3272 2187 esse
3300 2144 3461 2200 quam
3486 2142 3550 2184 ea
3577 2142 3699 2197 quae

2132 2225 2623 2294 disterminantur;
2650 2241 2718 2282 ne
2749 2226 2794 2282 si
2845 2224 2975 2296 quid
3025 2240 3090 2278 ex
3129 2230 3281 2294 parte
3315 2220 3557 2277 inferiori
3605 2227 3698 2271 aut

2133 2320 2417 2389 superiore
2455 2317 2701 2384 deﬁciat,
2753 2316 2957 2372 aditum
3008 2315 3296 2372 contrariis
3333 2312 3596 2384 praebeat,
3637 2318 3699 2364 ut

2134 2412 2297 2467 simul
2319 2411 2450 2467 sint.
2485 2409 2541 2464 Si
2566 2421 2746 2467 autem
2775 2424 2898 2464 cum
2929 2408 3123 2463 umbra
3159 2415 3213 2462 et
3245 2408 3356 2460 sole
3382 2411 3700 2474 comparent

2134 2503 2288 2567 illud,
2303 2502 2447 2575 quod
2461 2502 2812 2572 interseptum
2826 2509 3039 2565 vocant,
3056 2499 3321 2571 putabunt
3333 2495 3548 2567 quidem
3566 2494 3700 2548 nihil

2134 2597 2333 2652 habere
2363 2610 2653 2651 commune
2693 2595 2938 2649 umbram
2986 2607 3109 2647 cum
3160 2591 3310 2657 sole;
3344 2588 3699 2645 convincetur

2132 2697 2340 2752 tamen,
2401 2688 2660 2758 deceptos
2690 2702 2814 2743 esse
2873 2700 2967 2741 eos
3016 2685 3247 2755 turpiter
3288 2698 3319 2736 a
3357 2681 3697 2736 Mauichaeo:

2135 2781 2327 2836 umbra
2357 2782 2501 2837 enim
2548 2780 2935 2836 communione
2979 2779 3113 2836 solis
3149 2786 3203 2832 et
3253 2776 3541 2847 praesentia
3584 2773 3697 2829 fieri

2136 2872 2273 2928 solet
2301 2872 2441 2928 mole
2468 2870 2703 2942 quadam
2746 2872 3087 2941 interposita,
3110 2884 3231 2940 quas
3259 2866 3702 2923 communionem

2134 2974 2189 3023 et
2217 2966 2561 3038 praesentiam
2596 2965 2728 3021 solis
2776 2965 2843 3020 ad
2896 2966 3119 3019 alteram
3172 2971 3383 3033 partem
3417 2959 3704 3014 transmit-

2136 3059 2234 3123 tit;
2267 3056 2511 3127 nihilque
2558 3055 2706 3111 aliud
2743 3055 2937 3110 umbra
2976 3062 3081 3110 est.
3106 3069 3269 3124 quam
3327 3051 3589 3106 indicium
3620 3050 3704 3103 lu-

2135 3149 2301 3206 minis
2338 3164 2571 3218 corpore
2593 3149 2848 3219 quopiam
2888 3134 3177 3216 interjectb
3207 3142 3448 3214 impediti
3477 3162 3490 3197 :
3544 3149 3705 3213 nocte

461 3235 601 3304 φωτὶ
641 3233 1085 3303 καταλάμπεταιο
1130 3228 1270 3301 πλὴν
1301 3231 1350 3282 εί
1380 3231 1453 3300 μή
1480 3247 1545 3298 γε
1570 3230 1633 3283 :0
1663 3228 1885 3294 σκιάζον
1911 3231 2037 3302 ὕψει

2139 3242 2307 3303 enim,
2341 3255 2465 3295 cum
2497 3255 2608 3295 non
2633 3239 2787 3294 adest
2822 3240 3024 3305 lumen,
3056 3252 3155 3293 nec
3188 3251 3314 3306 pars
3347 3237 3553 3289 umbra:
3582 3249 3705 3288 esse

458 3328 521 3381 :0
550 3327 781 3396 φωτίζον
813 3322 1129 3396 παμπληθεῖ
1152 3368 1155 3377 .
1181 3320 1530 3392 ὑπερϐαίνειο
1579 3322 1683 3376 κᾶν
1727 3321 1801 3393 μὴ
1844 3324 1906 3377 τὸ
1947 3340 2039 3392 γε-

459 3420 728 3474 λοιότατον
766 3419 943 3487 τεῖχος
986 3415 1064 3487 τῷ
1114 3414 1408 3487 παραλόγῳ
1449 3413 1611 3486 τεθῇ,
1652 3415 1767 3485 φῶς
1798 3417 1854 3470 ἐν
1900 3417 2039 3486 φωτὶ

459 3510 785 3582 διαιτωμένη
808 3509 1105 3580 φανήσεται
1133 3509 1168 3579 ἡ
1212 3506 1401 3561 κακία.
1436 3505 1557 3570 Πῶς
1592 3507 1702 3579 γὰρ
1734 3507 1799 3562 ἂν
1830 3508 2037 3577 γένοιτο

464 3605 609 3670 σκιὰ,
638 3603 731 3658 τοῦ
751 3602 927 3672 φωτὸς
965 3602 1030 3655 δι’
1053 3601 1177 3655 ὅλου
1213 3598 1356 3654 κατὰ
1382 3598 1483 3669 τῆς
1514 3598 1647 3671 ὕλης
1680 3600 1850 3664 ὄντος,
1882 3602 1930 3653 εἰ
1962 3603 2036 3673 μή

460 3718 513 3753 τι
549 3700 607 3752 ὲν
649 3697 799 3771 μέσῳ
828 3714 890 3762 γε
928 3695 1130 3767 ἀνέχοι,
1174 3693 1269 3747 καὶ
1311 3692 1597 3747 ἀποκλεῖον
1627 3693 1696 3746 δι’
1728 3693 1849 3747 ὅλου
1896 3696 2040 3748 ποιοῖ

462 3790 671 3861 αὐτήνς
736 3782 798 3842 οὗ
852 3787 925 3858 μὴ
980 3788 1057 3857 (4)
1112 3782 1547 3855 παρεγκειμένου
1573 3823 1587 3847 ,
1650 3785 1744 3837 καὶ
1789 3783 2039 3838 πλεῖστον

460 3882 584 3934 ὅσον
610 3881 909 3951 ἀνέχοντος,
934 3877 1111 3932 κοινὸν
1151 3875 1335 3939 ἀῖδίως
1373 3874 1524 3928 ἔσται
1553 3875 1647 3928 καὶ
1669 3878 1737 3947 τῇ
1786 3876 1953 3947 κακίᾳ
1978 3877 2039 3930 :0

461 3988 599 4043 φως.

2138 3334 2337 3395 potest.
2371 3325 2472 3381 Ubi
2503 3327 2667 3396 igitur
2694 3326 2887 3381 umbra
2920 3336 3024 3388 est,
3052 3324 3127 3379 ibi
3159 3326 3377 3389 lumen;
3409 3338 3531 3392 qua:
3556 3322 3704 3377 enim

2139 3418 2278 3471 ultra
2310 3417 2560 3471 umbram
2603 3413 2752 3484 sunt,
2784 3418 2985 3472 lumine
3015 3417 3307 3480 collucent,
3342 3423 3706 3484 praterquam

2138 3525 2265 3565 eum
2297 3510 2349 3565 id
2375 3510 2518 3581 quod
2549 3510 2794 3564 umbram
2849 3509 3014 3574 facit,
3068 3509 3237 3563 multa
3268 3508 3555 3562 altitudine
3614 3522 3707 3562 su-

2139 3608 2294 3670 perat
2320 3601 2388 3655 id.
2403 3601 2549 3670 quod
2580 3601 2893 3667 illuminat;
2925 3609 2979 3657 et
3008 3600 3209 3654 malum
3257 3601 3311 3655 in
3352 3599 3557 3655 lumine
3601 3598 3704 3653 ba-

2136 3691 2319 3751 hitans
2348 3692 2530 3748 lumen
2561 3708 2683 3749 esse
2707 3694 3009 3764 apparebit,
3041 3693 3148 3748 nisi
3206 3706 3419 3746 murum
3471 3690 3706 3745 maxime

2137 3785 2695 3855 ridiculumpositum
2728 3787 2946 3842 habent.
3000 3786 3287 3853 Quomodo
3314 3786 3459 3840 enim
3512 3783 3706 3838 umbra

2136 3892 2259 3933 esse
2296 3881 2498 3948 poterit
2546 3879 2750 3934 lumine
2801 3880 3081 3934 materiam
3132 3895 3199 3933 ex
3225 3877 3372 3932 omni
3404 3884 3560 3947 parte
3588 3876 3705 3931 eol-
3738 3941 3752 3957 .

2138 3969 2429 4036 lustrante,
2463 3970 2570 4026 nisi
2606 3971 2736 4041 quid
2782 3972 2836 4025 in
2878 3971 3054 4027 medio
3096 3970 3403 4040 prohibeat,
3437 3981 3491 4025 et
3522 3970 3707 4024 lumen

458 4065 685 4120 omnino
761 4065 829 4118 ab
873 4079 938 4119 ea
1003 4063 1299 4120 excludens
1343 4064 1599 4118 umbram
1649 4059 1880 4117 efﬁciat?
1927 4059 1986 4114 ln
2027 4061 2232 4118 lumine
2292 4080 2403 4119 non
2449 4064 2720 4120 videbitur
2767 4066 3016 4135 posuisse
3059 4079 3156 4134 pro
3236 4050 3405 4121 muro'
3443 4062 3706 4129 ridiculo;

457 4160 607 4231 quod
645 4161 1028 4231 interpositum
1061 4159 1247 4216 sinon
1309 4160 1403 4222 sit,
1457 4166 1513 4212 et
1567 4172 1730 4228 quam
1765 4155 2001 4210 maxime
2060 4156 2444 4224 disterminet,
2504 4168 2761 4230 perpetua
2824 4160 2928 4215 erit
2976 4158 3342 4214 communitas
3395 4153 3540 4212 malo
3583 4171 3707 4212 cum

456 4255 686 4313 lumine.

531 4371 695 4439 Αὖθις
738 4376 799 4434 :0
846 4375 1213 4448 μεσημϐρινὸν
1257 4378 1418 4449 μέρος
1460 4379 1526 4448 τῇ
1577 4376 1743 4450 κακίᾳ
1785 4378 2034 4443 διδόντες,

452 4469 534 4531 ὡς
565 4467 698 4540 ὖναρ
721 4469 820 4539 τῆς
848 4468 1206 4538 δημιουργίας
1253 4467 1643 4540 διαγράφουσι·
1679 4468 1782 4523 ποῦ
1831 4469 1939 4541 γὰρ
1969 4466 2037 4541 ἦν

451 4652 614 4717 ἄλλος
647 4652 806 4706 ἄλλου
840 4652 937 4722 τῆς
974 4651 1332 4723 δημιουργίας
1353 4655 1453 4708 οὐκ
1484 4653 1549 4707 ἂν
1571 4655 1780 4722 γένοιτο
1799 4673 1811 4683 ⁸
1847 4657 1908 4710 τὸ
1933 4657 2041 4729 γὰρ

452 4742 734 4814 εὐώνυμον
756 4742 951 4812 ὁρῶντι
980 4742 1115 4812 7:90;
1150 4739 1321 4804 δύσιν,
1348 4743 1517 4810 δεξιὸν
1545 4739 1697 4808 αὖθις
1730 4745 2037 4817 εὑρίσκεται

453 4837 593 4909 πρὸς
642 4832 906 4895 ἀνατολάς
960 4832 1140 4885 ἰδόντι.
1184 4831 1343 4885 Ἀλλά
1402 4833 1639 4909 πλείστη
1676 4835 1836 4906 μὲνὴ
1883 4835 2037 4889 τοῦδε

451 4906 548 4985 τόῦ
585 4925 917 4999 βαρϐαρικοῦ
943 4924 1210 4996 δόγματος
1238 4925 1438 4978 ἀτοπία
1458 4942 1469 4955 ·
1502 4925 1594 4978 δύο
1624 4906 1731 4998 γὰρ
1766 4926 1902 4992 ὅλως
1934 4929 2038 5000 ἀρ⁴

454 5022 569 5095 χαὶ,
599 5019 715 5085 πῶς
744 5019 811 5074 ἂν
848 5015 978 5083 εἷεν,
1004 5017 1038 5089 ἢ
1073 5016 1322 5089 κληθεῖεν
1351 5018 1544 5090 ἀρχαί;
1582 5018 1722 5091 ἀρχὴ
1749 5019 1857 5091 γάρ
1886 5022 2036 5073 ἐστιν

452 5115 489 5183 ἦ
508 5131 568 5167 τε
594 5111 702 5166 τῶν
729 5111 864 5165 ὅλων
887 5109 1233 5182 πρεσϐυτέρα
1270 5110 1363 5163 καὶ
1393 5110 1499 5164 τῶν
1523 5110 1773 5164 ἁπάντων
1806 5111 2033 5182 κρατοῦ-

455 5219 556 5256 σα’
591 5197 665 5258 ὧν
698 5204 975 5275 οὐδέτερον
1006 5204 1296 5275 ὑπάρξειεν
1327 5203 1393 5257 ἂν
1422 5202 1705 5275 οὐδετέρῳ.
1754 5203 2031 5276 Σύγχρονα

457 5292 565 5363 γὰρ
620 5295 785 5365 ἄμφω
827 5295 920 5348 καί⁷
956 5294 1342 5365 συναγέννητα,
1382 5293 1511 5348 ὄντα
1545 5292 1636 5348 τὸν
1691 5292 1786 5347 τοῦ
1838 5313 2032 5366 προτε-

461 5386 637 5454 ρεύειν
662 5387 909 5458 ἀλλήλοις
943 5386 1242 5458 διαφθείρει
1271 5386 1446 5455 λόγον.
1490 5385 1648 5440 Ἀλλά
1676 5387 1768 5440 καί
1802 5387 1900 5457 τῆς
1929 5387 2030 5460 ἀρ-

456 5478 615 5546 χικῆς
664 5475 904 5542 ἐξουσίας
950 5478 1010 5530 οὐ
1067 5476 1226 5548 μόνον
1281 5477 1523 5547 ἀλλήλων
1575 5478 1650 5541 ὡς
1703 5478 1917 5532 ἐναντία
1968 5497 2030 5548 γε

453 5567 627 5625 ταῦτα
679 5567 1008 5640 ἐξῃρημένα,
1055 5568 1190 5621 ἀλλά
1234 5569 1327 5622 καὶ
1371 5568 1526 5637 φύσει
1571 5568 1887 5641 μαχόμενα,
1913 5569 2031 5631 πῶς

456 5659 523 5713 ἂν
547 5660 687 5732 ἔχειν
716 5661 888 5715 διόλου
920 5662 978 5715 :0
1014 5662 1199 5734 ἄρχειν
1233 5662 1552 5734 νομισθείη;
1586 5664 1646 5715 Εἰ
1688 5664 1866 5717 τοίνυν
1901 5663 2032 5734 μηδ-

2216 4377 2470 4440 Rursus,
2514 4373 2869 4433 meridianam
2904 4377 3114 4446 partem
3165 4373 3308 4426 malo
3365 4371 3667 4428 tribuentes
3692 4412 3706 4437 ,

2110 4460 2113 4463 λ
2145 4469 2417 4526 somnium
2455 4466 2676 4522 fabricae
2709 4465 3070 4521 describunt:
3105 4463 3202 4518 ubi
3242 4463 3387 4519 enim
3421 4470 3540 4518 erat
3589 4478 3708 4519 me-

455 4559 777 4654 as‘mpsﬂza
823 4560 930 4654 πρὸ
974 4557 1353 4654 μεσημϐρίας
1396 4560 1742 4654 Ἀτιμότερος
1781 4561 1837 4615 δὲ
1876 4564 2039 4627 τόπος
2071 4600 2115 4654 D

2143 4564 2310 4620 ridies
2340 4570 2466 4617 ante
2500 4560 2821 4615 meridiem?
2869 4558 3047 4615 Locus
3084 4565 3262 4614 autem
3302 4557 3357 4612 in
3403 4557 3590 4611 mundi
3629 4555 3712 4610 fa-

2143 4656 2294 4710 brica
2324 4653 2464 4708 alius
2494 4653 2601 4708 alio
2628 4652 3006 4707 inhonoratior
3030 4666 3139 4707 non
3170 4658 3349 4721 potest
3376 4663 3495 4705 esse
3520 4665 3535 4704 :
3564 4649 3709 4719 quod

2144 4748 2291 4802 enim
2323 4745 2391 4800 ad
2429 4746 2616 4802 laevam
2646 4744 2816 4805 estin
2842 4758 3098 4799 occasum
3141 4742 3448 4814 aspicienti,
3475 4742 3540 4797 ad
3571 4742 3709 4796 dex-

2138 4845 2282 4894 tram
2315 4854 2511 4896 rursus
2531 4848 2614 4895 est
2639 4836 2926 4907 aspicienti
2968 4836 3025 4889 in
3067 4834 3356 4891 orientem.
3387 4832 3586 4888 Verum
3615 4832 3712 4888 ab-

2141 4931 2527 4993 surdissimum
2555 4938 2637 4984 est
2672 4930 2776 4982 hoc
2806 4928 3152 4982 barbaricum
3183 4926 3411 4997 dogma;
3435 4924 3543 4980 duo
3564 4925 3708 4980 enim

2140 5035 2367 5093 prorsus
2404 5017 2669 5094 principia
2702 5014 2975 5087 quomodo
3009 5013 3276 5085 principia
3307 5014 3416 5069 sint
3441 5053 3455 5079 ,
3488 5022 3582 5065 aut
3615 5025 3711 5085 ap-

2138 5110 2448 5184 pellentur?
2477 5109 2745 5181 siquidem
2779 5109 3109 5179 principium
3143 5114 3248 5171 est,
3281 5104 3425 5175 quod
3456 5102 3712 5158 omnibus

2137 5211 2221 5259 est
2243 5201 2543 5272 antiquius,
2573 5209 2626 5255 et
2651 5201 2895 5254 omnium
2947 5205 3092 5253 tenet
3130 5196 3495 5267 principatum
3527 5203 3583 5250 et
3608 5194 3712 5247 im-

2136 5296 2389 5372 perium;
2432 5308 2666 5365 quorum
2720 5303 2973 5348 neutrum
3008 5292 3063 5345 in
3094 5297 3289 5346 neutro
3323 5289 3554 5345 duorum
3588 5302 3712 5342 esse

2139 5396 2338 5461 potest.
2373 5387 2510 5444 Esse
2550 5389 2695 5443 enim
2729 5387 2892 5442 ambo
2942 5385 3185 5455 ejusdem
3222 5384 3486 5461 temporis
3519 5388 3573 5437 et
3617 5396 3715 5435 co-

2136 5490 2321 5554 gnata,
2353 5481 2617 5536 rationem
2647 5494 2836 5535 eorum
2882 5480 3025 5534 inter
3057 5493 3115 5535 se
3142 5476 3486 5548 principatus
3520 5483 3572 5528 et
3615 5488 3713 5529 ex-

2140 5570 2406 5627 cellentia:
2432 5570 2592 5625 tollit.
2630 5568 2743 5623 lmo
2771 5583 2892 5638 qua:
2932 5582 3043 5626 non
3097 5566 3272 5622 solum
3327 5579 3355 5616 a
3404 5562 3710 5633 principatu

2142 5661 2432 5733 potestatis
2473 5665 2615 5718 inter
2663 5677 2722 5717 se
2754 5661 2922 5717 libera
2958 5666 3121 5725 sunt,
3173 5664 3359 5728 utpote
3386 5653 3712 5717 contraria.

528 5841 606 5910 (4)
637 5838 719 5900 05
741 5841 846 5913 μή.
881 5842 1075 5899 Deesse
1107 5845 1193 5900 hic
1245 5846 1444 5916 aliquid
1500 5845 1711 5901 videtur
1747 5862 1809 5901 ex
1856 5846 2167 5915 interprete.
