4100 6434
442 426 583 484 1079
1604 428 1744 485 τιτι
1780 428 2009 485 BOSTR

2113 429 2213 486 διε
2242 430 2545 487 EPISCOPI
3539 418 3692 485 ιιοεο

441 545 536 599 sed
591 552 783 598 natura
840 549 1112 614 pugnant;
1165 543 1441 615 quomodo
1496 545 1724 617 cogitari
1780 555 2011 618 possunt

2113 552 2283 622 ετέρῳ
2330 548 2534 602 τούτων
2587 547 2907 611 διασώζεται
2959 546 3058 618 τῆς
3102 545 3275 617 ἀρχῆς
3305 548 3334 600 ό
3370 536 3543 613 λόγος,
3579 547 3694 608 πῶς

440 631 641 689 habere
670 630 895 689 omnino
914 635 1281 706 principatum
1297 636 1322 688 ἲ
1353 636 1561 703 Quodsi
1584 640 1724 693 ratio
1741 641 2011 709 principa-

2120 642 2185 695 ἂν
2212 642 2377 712 ἀρχαὶ
2409 639 2657 712 κληθεῖεν.

439 731 532 776 tus
564 730 817 777 neutrum
879 724 1076 779 horum
1127 725 1404 782 incolume
1460 738 1680 793 servat,
1737 731 2014 790 quomodo

438 813 609 880 princi
616 813 705 883 pia
743 816 1085 869 vocabuntur
1107 815 1131 868 ?

1376 930 1506 987 Car.
1554 932 1688 988 Vili.
1726 934 1881 990 Ratio
1915 936 2020 992 duo
2043 935 2306 1006 principia
2333 950 2435 988 non
2461 933 2715 989 admittit.

509 1048 796 1114 Quomodo
839 1051 1083 1104 rationes
1124 1051 1403 1105 naturales
1441 1050 1752 1118 admittent,
1803 1061 1862 1107 ut
1904 1054 2011 1110 sint

2187 1052 2311 1117 Πῶς
2348 1054 2392 1106 δ’
2441 1051 2507 1106 ἂν
2532 1053 2579 1103 οἱ
2646 1048 2863 1118 φυσικοὶ
2908 1048 3158 1119 λογισμοὶ
3204 1047 3587 1120 παραδέξαιντ⁹
3624 1047 3691 1102 ἂν

437 1142 549 1197 duo
584 1143 886 1197 secundum
934 1126 1302 1198 substantiam
1347 1145 1649 1211 contraria,
1698 1146 1793 1199 ubi
1837 1145 2011 1215 primo

2116 1144 2381 1216 ὑπάρχειν
2435 1144 2651 1197 ἐναντία
2675 1143 2768 1197 δύο
2812 1143 2929 1196 κατ’
2975 1140 3182 1205 οὐσίαν,
3217 1142 3350 1194 ὃπου
3378 1157 3442 1209 γε
3476 1140 3690 1212 πρῶτον

436 1234 659 1304 quidem
697 1248 898 1287 nomen
928 1234 1250 1289 substantiae
1283 1248 1574 1290 commune
1602 1243 1687 1291 est
1721 1236 2011 1307 utrisque?

2118 1237 2218 1309 μὲν
2250 1236 2312 1289 τὸ
2352 1236 2453 1306 τῆς
2478 1235 2665 1298 οὐσίας
2718 1234 3052 1305 ἀμφοτέροις
3078 1233 3247 1303 ὄνομα
3293 1232 3500 1296 κοινόν;
3541 1231 3690 1285 Καθὸ

364 1309 372 1327 ’
436 1325 681 1379 Primum
709 1325 897 1396 igitur,
930 1335 1205 1396 quatenus
1235 1339 1528 1398 utrumque
1565 1328 1875 1384 substantia
1904 1337 2010 1396 est,

2113 1325 2294 1377 τοίνυν
2324 1324 2536 1396 πρῶτον
2560 1325 2822 1395 ἑκάτερον
2845 1323 3026 1382 οὐσία.
3062 1322 3238 1392 δῆλον,
3258 1323 3332 1385 ὡς
3362 1321 3688 1393 ὁμονοοῦντα

437 1417 794 1485 perspicuum
838 1425 942 1480 cst,
991 1419 1288 1473 convenire
1315 1419 1462 1473 inter
1507 1435 1588 1482 se,
1645 1426 1700 1475 et
1745 1436 1855 1475 non
1889 1435 2011 1478 esse

2115 1417 2212 1471 καὶ
2242 1418 2341 1471 οὐκ
2369 1418 2616 1471 ἐναντίω
2641 1416 2831 1470 ἔπειτα
2867 1414 2983 1481 ζῶα
3009 1415 3200 1486 ἄμφω·
3234 1415 3368 1486 πρὸς
3401 1414 3459 1467 δὲ
3483 1414 3689 1478 τούτοις

436 1506 735 1560 contraria.
787 1505 991 1561 Deinde
1038 1509 1197 1563 ambo
1243 1518 1372 1562 sunt
1418 1508 1699 1572 animalia,
1748 1520 2011 1581 praeterea

2115 1510 2311 1579 ἐπίσης
2338 1508 2624 1580 άγέννητα.
2661 1501 2759 1562 Ὧν
2788 1509 2845 1562 δὲ
2875 1507 2946 1561 τὰ
2979 1506 3117 1561 αὐτὰ
3140 1508 3398 1577 ὀνόματα,
3433 1508 3525 1561 καὶ
3552 1507 3688 1579 αὐτὴ

436 1597 720 1666 aequaliter
744 1597 1006 1667 ingenita.
1036 1598 1279 1666 Quorum
1310 1607 1492 1653 autem
1524 1600 1713 1656 eadem
1757 1614 1886 1657 sunt
1912 1618 2011 1657 no—

2118 1600 2431 1672 ὑπογραφὴ,
2470 1599 2674 1653 τούτων
2719 1598 2837 1661 πῶς
2863 1600 2895 1669 ἡ
2925 1598 3083 1651 οὐσία
3119 1598 3399 1669 μαχομένη
3422 1599 3515 1651 καὶ
3539 1601 3690 1653 ἐναν-

434 1690 609 1752 mina,
649 1695 704 1744 et
731 1690 921 1746 eadem
960 1690 1279 1761 descriptio,
1320 1692 1514 1745 horum
1544 1693 1848 1748 substantia
1877 1710 2011 1764 quo-

2115 1694 2241 1758 τία;
2282 1693 2526 1760 καίτοιγε
2555 1693 2623 1744 τὰ
2655 1691 2895 1762 ὀνόματα
2926 1691 3034 1743 τῶν
3082 1690 3417 1763 πραγμάτων
3442 1692 3560 1743 ἐστὶ
3589 1709 3687 1764 ση-

434 1779 600 1834 modo
625 1782 903 1835 contraria
937 1790 1031 1836 aut
1066 1797 1316 1854 pugnans
1340 1798 1464 1837 esse
1488 1785 1703 1854 potest?
1733 1782 2011 1856 Siquidem

2122 1786 2379 1858 μαντικά’
2408 1785 2702 1856 κατηγορεῖ
2720 1784 2829 1855 γὰρ
2850 1782 3080 1836 ἑκάστου
3106 1782 3165 1834 τὸ
3190 1781 3244 1835 τί
3266 1785 3411 1835 ἐστιν
3435 1781 3683 1847 ἕκαστον,

437 1873 659 1925 nomina
712 1888 803 1928 res
850 1874 1163 1944 signiﬁcant
1192 1875 1433 1930 :dicitur
1479 1878 1626 1932 enim
1660 1876 1730 1932 de
1769 1892 2011 1947 unoquo-

2116 1878 2193 1941 ὡς
2245 1878 2511 1947 ἐνδέχεται
2531 1894 2543 1905 ·
2576 1876 2912 1947 γνωρίζομεν
2957 1876 3155 1938 τοίνυν,
3212 1876 3287 1939 ὼς
3318 1874 3546 1945 δύναμις
3576 1877 3690 1939 τοῖς

437 1978 543 2033 que
568 1962 713 2030 quod
754 1964 1181 2035 unumquodque
1206 1973 1313 2030 est,
1350 1973 1410 2020 ut
1441 1982 1565 2023 esse
1594 1973 1796 2036 potest.
1829 1964 2011 2036 Itaque

2113 1971 2341 2042 ὀνόμασι
2365 1969 2435 2023 τὰ.
2477 1968 2793 2040 πράγματα.
2833 1969 2955 2040 Ἆρ’
2989 1963 3081 2022 οὖν
3113 1967 3370 2039 ἑκάτερον
3402 1966 3509 2021 τῶν
3538 1966 3690 2039 παρὰ

437 2052 826 2121 cognoscimus
878 2053 986 2107 vim
1039 2053 1324 2108 nominum
1368 2069 1491 2110 esse
1543 2070 1655 2110 res.
1711 2053 2011 2124 Utrumque

2113 2062 2191 2133 τῷ
2222 2062 2458 2116 Μάνεντι
2484 2061 2851 2132 νομιζομένων
2880 2061 3137 2115 ἐναντίων
3162 2059 3317 2114 οὐσία
3338 2058 3487 2124 ζῶσά
3505 2076 3563 2112 τε
3593 2058 3687 2114 καὶ

437 2144 607 2215 igitur
625 2160 816 2200 eorum
855 2161 977 2216 qua:
1002 2145 1338 2201 Manichazus
1366 2147 1644 2201 contraria
1676 2155 1850 2217 putat,
1886 2147 2011 2203 sub-

2115 2155 2406 2225 ἀγέννητος
2435 2154 2759 2225 ὀνομάζεται
2780 2170 2793 2183 ⁸
2818 2152 3059 2223 εὔδηλον,
3094 2153 3169 2216 ὡς
3188 2154 3253 2205 ἐκ
3275 2150 3563 2222 βαρὸάρων
3589 2150 3687 2221 τὴν

438 2235 645 2291 stantia
671 2237 859 2291 vivens
889 2244 942 2291 et
975 2236 1215 2307 ingenita
1262 2238 1608 2304 nominatur;
1641 2236 2011 2291 manifestum-

2114 2248 2288 2321 ἀρχὴν
2330 2248 2431 2319 τῆς
2488 2246 2743 2318 τοιαύτης
2796 2246 3066 2318 λαϐούσης
3113 2244 3340 2315 πλάνης,
3368 2242 3687 2314 διέφθαρται

435 2343 543 2398 que
575 2335 680 2391 est,
710 2343 836 2383 cum
864 2329 987 2383 talis
1013 2342 1168 2383 error
1196 2328 1523 2399 principium
1551 2329 1716 2383 ducat
1746 2346 1776 2383 a
1818 2329 2017 2383 barba-

437 2421 535 2483 ris.
567 2436 690 2477 esse
715 2421 879 2474 etiam
914 2419 1054 2491 apud
1086 2436 1182 2476 eos
1209 2422 1480 2475 sublatam
1508 2423 1879 2476 communium
1914 2437 2014 2474 no-

436 2509 651 2566 tionum
714 2512 1163 2567 consecutionem
1198 2531 1213 2568 :
1243 2512 1457 2583 integra
1504 2513 1650 2568 enim
1707 2520 1871 2582 atque
1924 2528 2010 2567 ea-

436 2602 561 2656 dem
606 2609 693 2657 est
727 2603 1016 2673 utriusque
1053 2618 1117 2657 ex
1158 2618 1313 2673 aquo
1362 2604 1680 2673 descriptio,
1734 2620 1854 2675 quae
1900 2617 2010 2658 non

437 2693 599 2747 modo
622 2708 837 2749 omnem
871 2696 1273 2750 contrariorum
1315 2698 1683 2766 suspicionem
1715 2697 1886 2767 ejicit,
1920 2695 2016 2751 sed

436 2799 616 2855 neque
644 2784 1010 2842 differentiam
1053 2789 1218 2842 ullam
1251 2790 1305 2842 in
1337 2790 1405 2843 iis
1437 2805 1556 2860 quae
1579 2789 1865 2843 nominant
1895 2804 2019 2844 esse

436 2877 724 2945 permittit.

2120 2339 2249 2413 παρ’
2277 2340 2460 2402 αὐτοῖς
2495 2336 2604 2390 τῶν
2634 2337 2828 2391 κοινῶν
2884 2335 3101 2390 ἐννοιῶν
3133 2337 3166 2407 ἠ
3211 2333 3498 2388 ἀκολουθία
3517 2350 3530 2363 ·
3574 2331 3692 2386 όλόο

2118 2431 2315 2501 κληρος
2368 2427 2477 2499 γὰρ
2508 2428 2605 2482 καὶ
2653 2428 2686 2497 ἠ
2729 2426 2866 2496 αὐτὴ
2908 2425 3102 2495 ἐπίσης
3146 2424 3399 2494 τυγχάνει
3428 2421 3690 2493 ἑκατέρω

2115 2518 2429 2591 ὑπογραφὴ,
2458 2518 2517 2571 οὐ
2551 2516 2709 2588 μόνον
2738 2516 3106 2584 ἐναντιότητος
3135 2516 3311 2568 πᾶσαν
3339 2512 3573 2581 ὑποψίαν
3603 2511 3689 2575 ἐξ·

2114 2611 2391 2682 ορίζουσα,
2454 2609 2715 2665 ἀλλὀὐτε
2760 2607 3020 2678 διαφοράν
3075 2623 3195 2660 τινα
3240 2602 3597 2677 συγχωροῦσα
3629 2602 3690 2656 ἐν

2116 2707 2235 2768 τοῖς
2264 2702 2682 2775 ὀνομαζομένοις
2706 2699 2999 2772 ὑπάρχειν.

1045 3000 1175 3055 Car.
1214 3000 1304 3055 IX.
1350 3000 1749 3073 Principioram
1773 3003 2057 3073 qualitates
2078 3004 2380 3057 contrariae.
2424 3001 2487 3055 In
2517 3000 2622 3055 Deo
2650 2999 2798 3054 nulla
2825 2997 3079 3069 qualitas.

510 3107 679 3164 Aiunt
718 3119 899 3167 autem
938 3111 1225 3169 Manichaei
1269 3116 1495 3171 assecla
1531 3116 1636 3171 hoc
1658 3115 1880 3187 quidem
1919 3117 2015 3171 bo-

2185 3117 2323 3170 Φασὶ
2348 3115 2405 3167 δὲ
2426 3115 2486 3168 τὸ
2510 3114 2607 3184 μὲν
2628 3110 2852 3180 ἀγαθὸν,
2881 3110 2942 3164 τὺ
2975 3109 3032 3162 δὲ
3062 3106 3251 3172 κακόν,
3270 3104 3371 3166 τὰς
3402 3102 3692 3173 ποιότητας

439 3217 596 3265 num,
638 3202 774 3259 illud
821 3220 950 3260 vero
999 3207 1556 3280 malum;qualitates
1592 3207 1850 3288 videlicet
1887 3218 2011 3266 ante

2116 3209 2279 3262 οἱονεὶ
2304 3206 2412 3279 πρὸ
2439 3206 2539 3276 τῆς
2559 3203 2746 3265 οὐσίας
2777 3199 3232 3271 ἐκλαμϐάνοντες,
3266 3197 3317 3249 οἱ
3347 3193 3425 3265 τῷ
3454 3192 3689 3248 Μάνεντι

440 3293 810 3351 substantiam
843 3296 1215 3371 intelligentes
1242 3320 1256 3356 :
1280 3301 1564 3357 nominata
1589 3302 1735 3356 enim
1757 3302 2012 3359 similiter

440 3387 497 3442 in
538 3395 772 3461 utroque
800 3392 1110 3447 substantia
1143 3391 1294 3462 (sunt
1323 3394 1470 3448 enim
1502 3393 1664 3449 ambo
1703 3393 2009 3450 substantia

438 3479 627 3536 vivens
675 3488 732 3537 et
783 3482 1052 3556 ingenita)
1118 3499 1524 3556 supervacanea
1582 3493 1703 3552 est;
1754 3486 2019 3558 deinceps

440 3581 570 3627 sunt
591 3573 759 3629 veluti
789 3576 1089 3645 qualitates
1121 3577 1414 3633 contraria:
1438 3595 1452 3631 :
1477 3577 1582 3632 etsi
1607 3578 1752 3632 enim
1780 3592 1892 3632 non
1917 3579 2013 3635 de-

439 3671 528 3719 cet
555 3666 841 3723 nominare
870 3669 926 3722 in
963 3667 1076 3725 Deo
1102 3669 1446 3740 qualitatem.
1488 3685 1611 3725 esse
1645 3680 1825 3726 tamen
1859 3671 2016 3742 prius

439 3755 841 3824 quodammodo
895 3765 981 3814 est
1035 3760 1388 3829 cogitatione,
1437 3777 1602 3833 quam
1657 3763 1819 3817 talem
1857 3777 2009 3829 esse;

441 3846 752 3901 substantia
792 3857 975 3904 autem
1028 3850 1391 3921 signiﬁcatur,
1453 3868 1578 3908 cum
1636 3854 1838 3909 dieitur
1883 3855 2014 3910 sub-

442 3939 643 3993 stantia
686 3939 876 4031 vivens
909 3950 965 3997 et
1008 3942 1272 4014 ingenita.
1320 3944 1693 4016 Praeterquam
1739 3948 1784 4003 si
1826 3948 2013 4003 dicant

439 4032 663 4102 propria
684 4033 933 4091 accidere
968 4037 1235 4093 ambobus
1271 4039 1571 4107 contraria,
1605 4040 1750 4110 quod
1780 4049 1864 4096 est
1888 4056 2013 4095 om-

440 4124 594 4178 nium
637 4126 1047 4193 stultissimum,
1103 4130 1347 4201 ingenito
1391 4131 1536 4186 enim
1586 4131 1723 4187 nihil
1778 4133 2006 4199 accidit;

440 4214 528 4268 cui
550 4215 695 4270 enim
732 4233 842 4272 non
875 4219 1089 4274 accidat
1117 4236 1262 4286 esse,
1295 4221 1423 4276 huic
1463 4238 1641 4294 neque
1678 4225 1862 4281 taliter
1890 4240 2012 4280 esse

439 4299 718 4355 acciderit.
750 4302 905 4369 Quod
940 4320 1052 4359 non
1080 4313 1185 4374 est,
1210 4322 1319 4362 non
1349 4308 1570 4363 accidit.

508 4390 813 4458 Qualitates
850 4394 1017 4466 igitur
1059 4399 1367 4457 contrarias
1406 4399 1536 4454 licet
1567 4401 1620 4453 in
1663 4401 1829 4457 rebus
1859 4401 2008 4455 inve—

436 4484 578 4551 nire,
608 4484 948 4543 substantias
981 4505 1112 4544 vero
1141 4506 1485 4561 nequaquam
1517 4511 1530 4545 :
1571 4491 1752 4545 album
1779 4492 1924 4547 enim
1958 4501 2010 4547 et

434 4577 654 4647 nigrum
681 4580 955 4635 contraria
981 4592 1128 4647 sunt,
1152 4592 1444 4655 utrumque
1475 4584 1529 4637 in
1562 4600 1789 4655 corpore
1818 4585 2007 4640 eadem

433 4668 777 4737 substantia;
818 4682 945 4728 sunt
976 4683 1155 4729 autem
1197 4675 1327 4729 talia
1369 4678 1567 4745 partim
1617 4677 1890 4731 contraria
1925 4677 2012 4732 in-

434 4770 519 4818 ter
542 4778 623 4828 se,
656 4763 854 4835 partim
884 4781 994 4822 non
1024 4767 1325 4824 contraria.
1360 4766 1598 4821 Primum
1623 4783 1859 4838 namque
1881 4769 2009 4824 sub-

412 4863 520 4908 *ιρι
563 4871 733 4910 unum
774 4872 945 4927 genus
999 4865 1163 4926 sunt;
1203 4867 1436 4929 utraque
1485 4859 1632 4915 enim
1669 4868 1799 4915 sunt
1834 4862 2005 4916 color.

432 4947 643 5005 Deinde
681 4949 786 5005 etsi
820 4951 1102 5005 contraria
1144 4965 1270 5005 esse
1317 4950 1593 5015 videntur,
1629 4958 1811 5006 tamen
1851 4966 2010 5023 aspe-

433 5048 584 5095 ctum
607 5041 759 5096 varie
778 5041 1072 5107 delectant,
1107 5050 1361 5096 neutrum
1395 5042 1538 5097 enim
1570 5043 1788 5098 illorum
1824 5043 2012 5097 immo-

432 5132 716 5188 deratione
743 5133 891 5187 hunc
921 5131 1167 5187 offendit.
1194 5133 1308 5187 lmo
1336 5133 1499 5189 etiam
1531 5135 1706 5189 virtus
1732 5143 1789 5189 et
1818 5133 2007 5187 vitium

436 5224 492 5277 in
517 5224 739 5291 anima;
775 5233 939 5296 atque
973 5224 1089 5278 haec
1109 5223 1329 5295 quidem
1363 5225 1661 5291 contraria,
1698 5240 1805 5280 non
1831 5225 2008 5279 solum

435 5317 491 5371 iu
522 5317 711 5373 eadem
747 5317 1080 5378 substantia,
1130 5315 1228 5372 sed
1258 5317 1314 5371 in
1346 5332 1457 5372 uno
1491 5332 1689 5388 genere
1722 5315 2012 5370 nominan-

438 5416 560 5461 tur:
595 5418 888 5479 utrumque
921 5409 1067 5465 enim
1100 5416 1185 5465 est
1214 5409 1456 5466 habitus.
1485 5424 1605 5478 quae
1630 5415 1891 5477 tanquam
1923 5422 2010 5462 ac-

437 5498 670 5556 cidentia
720 5502 908 5557 insunt
952 5503 1006 5556 in
1049 5504 1229 5557 anima
1273 5517 1301 5554 a
1336 5518 1443 5573 qua
1500 5503 1693 5557 abesse
1740 5507 2011 5570 possunt;

437 5592 616 5646 anima
649 5592 703 5647 in
731 5608 839 5663 qua
882 5596 996 5649 baac
1038 5605 1186 5657 sunt,
1224 5595 1358 5650 alias
1397 5595 1555 5649 aliter
1577 5578 1785 5649 affecta.
1816 5601 1869 5647 et
1897 5591 2009 5648 dis-

2120 3300 2499 3373 συντρέχοντες
2521 3314 2536 3329 ·
2575 3296 2677 3366 τῆς
2714 3294 2822 3367 γὰρ
2858 3292 3045 3357 οὐσίας
3086 3290 3287 3362 ὁμοίως
3312 3289 3399 3357 ἐφ’
3431 3286 3700 3359 ἐκατέρου⁴

2116 3389 2521 3461 ὀνομαζομένης
2579 3385 2770 3458 (οὐσία
2817 3382 2928 3454 γὰρ
2974 3379 3126 3446 ζῶσά
3153 3396 3214 3432 τε
3270 3378 3364 3433 καὶ
3399 3377 3690 3447 ἁγέννητος

2117 3480 2339 3552 ἄμφω),
2362 3477 2589 3550 περιττὴ
2624 3475 2806 3530 λοιπὸν
2836 3474 2935 3545 τῆς
2960 3472 3120 3526 οἱονεὶ
3150 3467 3429 3540 ποιότητος
3461 3468 3495 3538 ἠ
3541 3466 3692 3520 ἐναν-

2117 3570 2447 3642 τιότης(4⁶)·
2469 3570 2519 3624 εἰ
2547 3568 2657 3640 γὰρ
2678 3566 2772 3621 καὶ
2802 3566 2876 3637 μὴ
2906 3563 3136 3637 ἁρμόζει
3168 3563 3261 3615 ἐπὶ
3278 3558 3412 3614 Θεοῦ
3434 3558 3693 3628 ποιότητα

2117 3663 2420 3735 ὀνομάζειν,
2471 3659 2609 3714 ἀλλά
2632 3675 2697 3727 γε
2733 3659 2801 3730 τῇ
2847 3657 3026 3728 ἐννοίᾳ
3075 3654 3274 3725 τρόπον
3308 3652 3430 3705 τινὰ
3464 3650 3524 3704 τὸ
3552 3644 3691 3703 εἶναι

2117 3756 2212 3811 τοῦ
2234 3753 2433 3808 τοιόνδε
2464 3748 2608 3807 εἶναι·
2643 3749 2990 3821 προκτερεύει⁸
3012 3747 3074 3800 τὸ
3114 3746 3170 3799 δὲ
3196 3741 3331 3799 εἶναι
3369 3742 3691 3813 σημαίνεται

2116 3846 2217 3916 τῷ,
2275 3844 2435 3898 οὐσία
2478 3841 2629 3907 ζῶσά
2683 3857 2742 3893 τε
2805 3840 2898 3893 καὶ
2955 3837 3268 3908 ἀγέννητος.
3325 3833 3472 3905 Πλὴν
3521 3834 3571 3886 εί
3615 3831 3689 3902 μὴ

2119 3939 2224 3993 ῖδια
2264 3939 2421 4006 φαῖεν
2462 3933 2829 4005 ἐπιπμὸῆναι
2860 3931 2930 3984 τὰ
2962 3930 3176 3984 ἐναντία
3218 3928 3523 4000 ἑκατέροις,
3556 3926 3692 3997 ὅπερ

2117 4033 2234 4087 ἐστὶ
2307 4030 2525 4085 πάντων
2585 4025 2939 4097 ἀνοητότερον
2969 4040 2985 4056 ·
3043 4022 3320 4093 ἀγεννήτῳ
3372 4018 3478 4091 γὰρ
3539 4016 3689 4069 οὐδὲν

2117 4122 2530 4195 ἐπισυμὸαίνει·
2599 4113 2644 4189 ᾧ
2706 4118 2816 4191 γὰρ
2880 4117 2941 4170 τὸ
3013 4111 3151 4169 εἶναι
3219 4113 3293 4186 μὴ
3362 4109 3684 4180 ἐπισυνέϐη,

2115 4216 2290 4286 τούτῳ
2338 4215 2458 4268 οὐδὲ
2496 4213 2555 4268 τὸ
2608 4210 2832 4265 τοιῶσδε
2870 4203 3027 4263 εἶναι.
3088 4210 3154 4260 Ὀ
3191 4207 3265 4277 μὴ
3299 4205 3404 4276 εἴη,
3438 4202 3537 4256 οὐκ
3572 4202 3691 4254 ἐπι-

2119 4326 2182 4362 συ
2190 4308 2431 4379 μϐαίνει,
2790 4292 2793 4297 ’

2186 4399 2490 4471 Ποιοηεήτων
2521 4399 2619 4470 μὲν
2644 4392 2737 4450 οὖν
2766 4392 3115 4466 ἐναντιότητα
3136 4392 3283 4443 ἐστιν
3314 4389 3372 4441 ἐν
3399 4389 3511 4450 τοῖς
3539 4380 3688 4438 οὖσιν

2116 4493 2317 4563 εὑρεῖν,
2343 4490 2527 4554 οὐσίας
2569 4490 2626 4543 δὲ
2675 4485 2945 4559 οὐδαμοῦ’
2988 4484 3179 4539 λευκὸν
3195 4472 3314 4553 ⁸γὰρ
3351 4479 3487 4550 πρὸς
3523 4476 3690 4548 μέλαν

2043 4549 2090 4607 D
2115 4549 2373 4646 ἐναντίως
2402 4549 2545 4653 ἔχει·
2596 4549 2855 4653 ἑκάτερον
2888 4578 2944 4632 δέ
2984 4580 3042 4631 ἐν
3077 4549 3294 4648 σώματι
3316 4549 3575 4644 τῇίαύτοῦ
3609 4568 3685 4635 (5)

2112 4676 2308 4746 οὐσίᾳ·
2377 4674 2491 4745 ἔχει
2552 4674 2734 4745 μέντοι
2796 4672 2957 4734 αὐτὰ,
3012 4668 3088 4741 πὴ
3136 4668 3235 4740 μέν
3270 4665 3527 4727 ἐναντίως
3552 4661 3688 4735 πρὸς

2113 4769 2337 4840 ἄλληλα,
2377 4767 2454 4838 πὴ
2480 4766 2537 4819 δὲ
2569 4766 2668 4819 οὐκ
2709 4765 2987 4828 ἐναντίως.
3032 4762 3253 4833 Πρῶτον
3301 4758 3399 4828 μὲν
3442 4755 3551 4828 γὰρ
3596 4753 3686 4822 ὑφ’

2115 4860 2172 4913 ἓν
2217 4858 2370 4928 γένος
2429 4858 2568 4921 ἐστὶ,
2596 4856 2793 4928 χρῶμα
2814 4855 2922 4926 γὰρ
2969 4852 3232 4923 ἑκάτεραο
3268 4850 3479 4912 ἔπειτα,
3511 4849 3560 4900 εί
3594 4847 3688 4900 καὶ

2115 4952 2333 5007 ἐναντία
2364 4946 2503 5005 εἶναι
2529 4949 2694 5013 δοκεῖ,
2734 4948 2870 5002 ἀλλά
2898 4965 2962 5017 γε
2993 4949 3059 5018 τῇ
3092 4946 3213 5016 ὄψει
3238 4942 3498 5006 ποικίλως
3527 4956 3687 5013 προσ-

2112 5045 2234 5115 άγει
2265 5045 2364 5115 τὴν
2387 5042 2685 5097 ἀπόλαυσιν
2709 5060 2721 5072 ·
2748 5040 3028 5111 οὐδέτερον
3054 5039 3163 5109 γὰρ
3202 5038 3385 5091 αὐτοῖν
3410 5037 3475 5106 τῇ
3511 5034 3688 5103 ἀσυμ-

2116 5137 2313 5208 μετρίᾳ
2357 5135 2515 5189 λυπεῖ
2570 5134 2808 5204 ταύτην·
2837 5131 2969 5186 ἀλλὰ
3015 5131 3108 5184 καὶ
3142 5130 3243 5201 ἤδη
3286 5127 3453 5199 ἀρετή
3490 5141 3551 5177 τε
3594 5123 3689 5176 καὶ

2113 5228 2278 5284 κακία
2304 5230 2361 5281 ἐν
2393 5228 2561 5299 ψυχῇ,
2591 5228 2667 5291 ὡς
2695 5226 2912 5281 ἐναντία
2954 5224 3051 5296 μέν
3084 5222 3179 5277 καὶ
3211 5218 3404 5278 ταῦτα.
3432 5217 3493 5269 οὐ
3527 5216 3685 5287 μόνον

2113 5321 2169 5375 δὲ
2201 5322 2257 5373 ἐν
2277 5322 2342 5390 τῇ
2368 5321 2504 5390 αὐτῇ
2523 5319 2701 5389 οὐσίᾳ,
2737 5317 2873 5371 ἀλλὰ
2914 5318 3007 5372 καὶ
3045 5317 3102 5369 ἐν
3129 5315 3208 5369 ἐνὶ
3240 5312 3386 5382 γένει
3414 5325 3677 5381 προσαγοε

2119 5412 2331 5483 ρεύεται
2352 5426 2365 5439 ⁸
2397 5410 2509 5475 ’ἐξις
2550 5410 2659 5481 γὰρ
2714 5410 2951 5481 ἑκάτερα
2973 5449 2986 5470 ,
3014 5407 3169 5461 ἅτινα
3206 5404 3301 5458 καὶ
3332 5401 3406 5464 ὡς
3447 5402 3684 5469 ἐπισυμ-

2115 5501 2366 5554 6αίνοντα
2405 5499 2549 5570 ψυχῇ
2589 5499 2915 5568 ἐνυπάρχειο
2972 5497 3091 5550 ὅθεν
3125 5495 3219 5546 καὶ
3259 5487 3686 5559 ἀποσυμϐαίνειν

2112 5591 2380 5662 ἐνδέχεται
2412 5590 2528 5661 τῆς,
2551 5592 2608 5642 ἐν
2710 5591 2822 5642 ἐστι
2838 5586 3026 5649 ταῦτα,
3062 5585 3247 5641 ἄλλοτε
3286 5581 3459 5643 ἄλλως
3487 5578 3687 5631 διακειο

512 5744 1036 5820 (ἐξ)--Περιττὴ...ῗή
1062 5751 1262 5820 eram.
1291 5749 1597 5820 Basnagius
1628 5749 1708 5806 sic
1744 5749 1958 5805 reddit:
1988 5746 2011 5803 ἓ

2113 5765 2386 5804 erracanea
2412 5758 2488 5803 est
2511 5748 2886 5810 contrarietas,
2906 5760 3021 5815 qua:
3047 5743 3176 5813 ipsis
3200 5743 3330 5796 inest
3346 5748 3403 5793 ut
3428 5733 3685 5806 qualitas.

507 5813 585 5885 (Ei)
613 5815 795 5880 Forte,
836 5820 901 5887 τῇ
931 5813 1088 5888 αὐτῇ.
1130 5818 1286 5874 Em'r.
