4100 6490
434 442 564 500 ὓο81

1513 449 1884 506 ADVERSUS
1923 447 2344 507 MAMCHASOS
2374 449 2500 505 LIB.
2543 451 2586 505 Ι.

2155 218 2176 253 \

3539 450 3676 509 1032

434 570 632 641 μένης·
665 568 741 634 ὡς
781 564 921 625 εἶναι
973 571 1150 643 δῆλον,
1185 572 1260 636 ὡς
1308 574 1337 627 6
1376 572 1474 644 μὲν
1518 575 1649 646 περὶ
1684 575 1783 646 τῆς
1810 575 1994 639 οὐσίας

2100 575 2278 646 posita
2314 594 2327 628 :
2372 582 2436 629 ut
2460 575 2695 644 liqueat,
2729 574 2876 630 aliud
2908 590 3031 630 esse
3069 575 3137 630 de
3164 574 3473 632 substantia
3502 575 3677 646 loqui,

429 660 585 731 λόγος
633 660 956 733 ἀφώρισται,
989 664 1019 715 6
1045 664 1102 717 δὲ
1150 665 1276 735 περὶ
1312 664 1420 717 τῶν
1466 666 1638 737 ταύτῃ
1671 665 1995 736 ὲπισυμϐαι-

429 752 625 805 νόντων
652 752 839 825 ἕτερος
870 756 1147 825 τυγχάνει.

500 844 692 898 Καίτοι
732 845 795 898 τὸ
834 846 939 918 μὲν
974 847 1165 902 λευκόν
1201 865 1262 902 τε
1290 850 1384 903 καὶ
1419 850 1584 921 μέλαν
1621 849 1768 903 ἔστιν
1790 850 1875 902 ὅτε
1904 849 1999 902 καὶ

428 937 504 999 ὡς
531 935 808 1008 ἀχώριστα
853 940 1149 1012 ἐνυπάρχει
1175 943 1286 1004 τοῖς
1336 943 1393 1021 ὲν
1426 936 1508 1006 οἷς
1538 945 1687 995 ἐστι’
1716 942 1810 996 καὶ
1850 942 2000 1012 ὅμως

427 1029 603 1092 οὐδεὶς
647 1029 864 1084 πώποτε
904 1033 1012 1087 ἀπὸ
1048 1032 1251 1087 τούτων
1279 1032 1559 1105 ὠνόμακεν
1588 1036 1791 1101 ἐκεῖνα,
1832 1036 1889 1088 ἐν
1920 1027 2002 1096 οἷς

428 1118 543 1170 im
604 1118 805 1173 ταῦτα’
846 1121 1019 1185 οὐδεὶς
1076 1122 1205 1192 γάρ,
1259 1122 1496 1194 θελήσας
1545 1123 1685 1193 γάλα
1723 1124 1998 1195 σημῆναι,

428 1210 548 1280 οὐχὶ
575 1212 772 1282 μᾶλλον
806 1214 911 1285 πρὸ
940 1213 1034 1268 τοῦ
1060 1216 1201 1269 κατά
1226 1214 1320 1270 τοῦ
1351 1216 1523 1279 είδους
1549 1217 1648 1287 τῆς
1681 1216 1866 1280 οὐσίας
1888 1216 2003 1269 ὀνό-

434 1318 599 1372 ματος
627 1304 877 1373 κειμένου
917 1306 1293 1377 κατεχρήσατο
1325 1306 1386 1359 τὸ
1411 1307 1511 1376 τῆς
1536 1305 1879 1376 λευκότητος,
1915 1307 2002 1361 ἵνα

431 1392 506 1462 μὴ
534 1391 647 1446 ἀνθ’
678 1395 797 1456 ἑνὸς
854 1394 1023 1449 πολλά
1071 1396 1357 1468 σημαίνειν
1396 1396 1544 1469 δόξῃ,
1573 1392 1655 1461 οἷς
1680 1399 1999 1469 πρόσεστιν·

428 1484 565 1537 ἀλλά
594 1484 697 1556 μὴν
718 1488 813 1539 καὶ
845 1487 1057 1557 κόρακα
1082 1488 1143 1541 οὐ
1169 1488 1248 1559 τῷ
1268 1488 1454 1560 μέλανι
1483 1489 1839 1561 σημαίνομεν,
1869 1489 2004 1544 ἀλλὰ

426 1573 505 1645 τῷ
526 1574 617 1627 τοῦ
662 1575 801 1640 ζώου
844 1578 1054 1631 καὶτοῦ
1094 1579 1263 1643 εἴδους
1310 1580 1554 1650 ὀνόματι.
1586 1575 1754 1635 Αὖται
1784 1583 1881 1651 μὲν
1910 1578 2013 1635 οὖν

425 1666 521 1719 καὶ
575 1666 825 1722 τοιαῦται
878 1668 1171 1741 ἀχώριστοι
1225 1671 1538 1742 ποιότητεςο
1591 1672 1760 1743 ἀρετὴ
1816 1673 1873 1725 δὲ
1911 1674 2004 1727 καῖ

425 1759 591 1812 κακία
612 1761 668 1812 ἐν
688 1759 830 1832 ψυχῇ
849 1762 955 1815 τῶν
977 1762 1371 1834 ὲπισυμϐαινου
1381 1764 1488 1816 σῶν
1499 1764 1800 1834 ποιοτήτων
1822 1764 1959 1816 είσίν
1985 1779 2007 1795 '-

424 1851 501 1915 ώς
538 1852 737 1923 μᾶλλον
770 1855 1068 1925 προσήκειν
1103 1854 1366 1925 μηδαμῶς
1394 1854 1501 1907 ἀπὸ
1551 1853 1754 1906 τούτων
1787 1853 1883 1925 τὴν
1910 1854 2001 1907 οὐ-

2108 668 2254 721 aliud
2280 667 2347 722 de
2369 669 2440 723 iis
2470 683 2591 738 qua:
2631 667 2953 723 substantia:
2985 668 3258 722 accidunt.

2174 842 2336 913 Atqui
2369 844 2427 898 ﬁt
2454 845 2771 915 aliquando,
2812 853 2872 900 ut
2902 846 3084 900 album
3119 847 3336 917 quidem
3369 856 3425 904 et
3456 848 3679 920 nigrum

2105 931 2301 987 abesse
2337 947 2447 987 non
2487 934 2702 1004 possint
2732 934 2801 989 ab
2840 935 2908 990 iis
2940 936 2993 988 in
3024 936 3224 1006 quibus
3265 937 3484 1004 insunt;
3515 954 3677 995 nemo

2104 1033 2288 1079 tamen
2330 1025 2402 1081 ab
2429 1025 2516 1080 his
2543 1042 2785 1097 unquam
2818 1028 2911 1083 illa
2940 1028 2995 1083 in
3028 1030 3229 1099 quibus
3262 1028 3376 1083 haec
3396 1038 3544 1096 sunt,
3574 1047 3675 1086 no-

2107 1117 2337 1171 minavit
2369 1136 2381 1171 :
2413 1118 2600 1172 nullus
2643 1119 2787 1173 enim
2835 1133 2960 1173 cum
2987 1121 3160 1174 voluit
3202 1120 3508 1192 signiﬁcare
3553 1122 3672 1190 lac,

2108 1209 2296 1278 potius
2326 1210 2547 1264 nomine
2586 1210 2694 1264 albi
2731 1210 3055 1277 ahususjest
3086 1226 3248 1282 quam
3284 1227 3416 1267 usus
3458 1214 3679 1269 nomine

2103 1301 2428 1357 substantiae
2459 1302 2716 1372 imposito
2745 1302 2976 1372 speciei;
3023 1317 3090 1356 ne
3124 1318 3224 1372 pro
3268 1318 3378 1357 uno
3407 1304 3572 1358 multa
3600 1305 3680 1359 si-

2102 1390 2363 1461 gniﬁcare
2410 1390 2682 1455 videatur,
2707 1393 2908 1462 quibus
2945 1393 3087 1446 inest
3126 1392 3284 1447 albus
3329 1393 3480 1447 color
3507 1412 3521 1447 :
3545 1394 3679 1463 quin

2106 1482 2271 1535 etiam
2314 1495 2542 1535 corvum
2583 1496 2692 1535 non
2730 1480 3075 1535 declaramus
3116 1482 3338 1536 nomine
3374 1482 3539 1553 nigri,
3581 1482 3679 1538 sed

2103 1566 2327 1620 nomine
2360 1566 2477 1621 avis
2524 1575 2578 1622 et
2625 1568 2848 1636 speciei.
2899 1566 2992 1621 Hae
3033 1568 3199 1639 igitur
3252 1576 3307 1623 et
3364 1570 3680 1639 huiusmodi

2104 1655 2402 1724 qualitates
2454 1657 2848 1727 inscparabiles
2881 1668 3012 1713 sunt
3035 1676 3050 1713 :
3073 1660 3249 1713 virtus
3299 1667 3479 1715 autem
3517 1670 3572 1717 et
3605 1663 3690 1716 vi-

2102 1747 2237 1801 tium
2273 1748 2327 1802 in
2358 1749 2541 1802 anima
2571 1764 2636 1805 ex
2677 1751 3033 1823 qualitatibus
3055 1767 3176 1822 quae
3208 1752 3484 1815 accidunt,
3515 1763 3677 1822 sunt;

2107 1846 2166 1891 ut
2197 1839 2376 1910 magis
2403 1842 2717 1906 conveniat,
2757 1851 2817 1896 ut
2846 1843 3068 1897 minime
3093 1843 3341 1899 videatur
3369 1845 3678 1900 substantia

426 1938 547 1993 σίαν
584 1940 692 1993 δεῖν
732 1941 826 1994 τοῦ
855 1941 1142 2013 ἀνθρώπου
1177 1942 1617 2015 κατηγορεῖσθαι,
1646 1943 1755 1997 δεῖν
1787 1944 1846 1997 δὲ
1878 1944 1994 1997 ταΰ-

2106 1930 2344 1987 bominis
2375 1932 2443 1987 ab
2472 1933 2559 1987 his
2592 1934 2894 2000 nominari;
2944 1934 3037 1990 sed
3091 1944 3346 2006 oportere
3384 1936 3525 1990 hanc
3550 1952 3680 2007 pro-

422 2046 523 2101 την
560 2031 704 2096 ίδίως
730 2033 1115 2103 σημαίνεσθαι.
1148 2035 1333 2098 Οὐδεὶς
1360 2034 1490 2103 γοῦν
1519 2034 1600 2099 τὸ,
1640 2035 1692 2088 τί
1736 2037 1883 2089 ἐστιν
1906 2035 1999 2089 ἄν·

425 2119 663 2192 θρωπος,
714 2124 778 2175 ὲκ
816 2123 913 2191 τῆς
955 2124 1181 2195 ἐνούσης
1222 2124 1299 2195 τῷ
1330 2142 1436 2177 τινι
1473 2127 1674 2190 κακίας
1705 2127 1996 2197 ἐσήμανεν,

422 2211 558 2264 ἀλλά
590 2213 802 2283 πρῶτον
825 2215 921 2282 τῆς
943 2215 1131 2277 οὐσίας
1177 2215 1237 2268 τὸ
1259 2211 1395 2279 εἶδος
1427 2216 1624 2279 εἰπὼν,
1648 2212 1766 2271 εἶτα
1791 2218 1886 2271 καὶ
1913 2219 1994 2282 τὸ,

421 2302 526 2365 τίς,
554 2302 884 2372 προσειπὼν,
915 2303 1139 2375 ὕστερον
1164 2308 1459 2376 κατηγορεί
1479 2307 1578 2378 τὴν
1600 2307 1880 2378 ποιότητα.

494 2394 799 2465 Ποιοτήτων
840 2395 938 2465 μὲν
995 2390 1107 2458 οὖν,
1148 2396 1178 2450 δ
1206 2396 1493 2467 προλαϐὼν
1522 2394 1696 2464 εἷπον,
1732 2398 1880 2470 εὖροι
1915 2418 1998 2464 τις

421 2485 488 2538 ἂν
517 2486 574 2539 ὲν
603 2487 718 2548 τοῖς
756 2485 1154 2556 ὐποδεὸηκόσιν
1191 2488 1541 2561 ἐναντιότητα
1570 2489 1678 2542 τῶν
1703 2490 1803 2561 μὲν
1828 2508 1997 2562 χωριο

423 2575 584 2637 στῶν,
607 2576 715 2629 τῶν
738 2577 793 2630 δὲ
839 2579 933 2630 καὶ
970 2579 1288 2649 ἀχωρίστων
1318 2597 1331 2609 ·
1368 2580 1460 2633 ἐπὶ
1481 2580 1537 2634 δὲ
1566 2580 1658 2633 τοῦ
1689 2581 1823 2635 Θεοῦ
1849 2584 1999 2637 πᾶσα

423 2666 520 2737 μὲν
546 2667 764 2737 ποιότης
788 2667 1128 2738 exsectum,
1165 2669 1346 2741 ἐπειδή
1373 2686 1436 2738 γε
1458 2669 1606 2722 οὐδὲν
1624 2664 1701 2723 ὧν
1731 2671 1996 2737 καλεῖται,

417 2758 503 2811 Era
515 2776 605 2830 ρον
634 2759 762 2830 παρ’
796 2761 957 2813 αὐτόν
978 2776 989 2787 ·
1014 2760 1219 2825 ἁπλοῦς
1252 2761 1361 2833 γὰρ
1381 2763 1477 2815 καὶ
1496 2761 1788 2826 ἀσύνθετός
1815 2765 1962 2816 ἐστιν
1981 2781 1996 2796 ο

417 2851 566 2921 ὅμως
608 2851 666 2904 δὲ
714 2855 780 2924 τῇ
808 2852 1056 2924 ὲννοίᾳ,δ
1095 2853 1456 2924 προλαϐόντες
1503 2853 1750 2924 εἴπομεν,
1806 2870 2001 2925 προτε-

421 2942 566 3015 ρεύει
589 2944 648 2997 τὺ
677 2942 812 2998 εἶναι
848 2944 942 2999 τοῦ
971 2945 1168 2999 τοιόνδε
1201 2942 1361 3000 εἶναι.

2092 2026 2211 2096 prie
2253 2028 2584 2097 signiﬁcare.
2615 2027 2785 2084 Nemo
2807 2029 2973 2095 igitur
3005 2030 3136 2101 quid
3165 2038 3250 2085 est
3282 2031 3466 2094 homo,
3500 2048 3567 2086 ex
3592 2032 3678 2086 vi-

2095 2119 2173 2173 tio
2218 2119 2363 2190 quod
2414 2122 2575 2176 alicui
2631 2123 2814 2186 inest,
2877 2123 3300 2192 significaverit;
3359 2125 3454 2180 sed
3499 2127 3687 2196 primo-

2095 2211 2335 2281 speciem
2367 2212 2691 2267 substantiae
2717 2212 2941 2278 dixerit,
2974 2212 3174 2268 deinde
3199 2214 3325 2283 quis
3363 2214 3438 2268 sit
3464 2215 3675 2285 adjicit,

2095 2311 2282 2375 postea
2319 2304 2642 2374 qualitatem
2676 2304 2728 2358 in
2765 2319 2830 2357 eo
2858 2305 3012 2359 dicit.

2168 2397 2473 2462 Qualitates
2512 2397 2681 2466 igitur
2727 2396 3041 2460 contrariae,
3081 2399 3225 2452 sicut
3263 2406 3389 2453 ante
3433 2398 3569 2463 dixi,
3616 2400 3674 2455 in

2095 2488 2165 2543 iis
2197 2503 2320 2557 quae
2352 2488 2628 2553 accidunt,
2662 2488 2887 2559 reperiri
2937 2498 3170 2559 possunt
3213 2490 3411 2559 partim
3453 2491 3673 2561 quidem

2096 2580 2455 2650 separabiles,
2489 2581 2682 2651 partim
2707 2597 2837 2635 vero
2877 2597 2983 2635 non
3016 2584 3106 2636 :in
3142 2582 3253 2637 Deo
3278 2590 3462 2639 autem
3494 2586 3676 2641 omnis

2095 2670 2337 2739 qualitas
2356 2669 2530 2738 ejecta
2556 2678 2674 2738 est;
2705 2670 3155 2741 quandoquidem
3181 2671 3317 2725 nihil
3341 2687 3532 2727 eorum
3555 2687 3687 2743 qua

2096 2758 2165 2813 de
2206 2774 2271 2814 eo
2300 2759 2584 2825 dicuntur,
2629 2759 2779 2815 aliud
2830 2768 2912 2816 est
2945 2767 3145 2831 praeter
3182 2761 3400 2831 ipsum;
3443 2763 3676 2833 simplex

2099 2852 2245 2906 enim
2296 2862 2381 2908 est
2421 2862 2477 2909 et
2506 2853 2924 2923 compositionis
2963 2855 3552 2926 expers:cogitatione
3598 2865 3687 2909 tam

2102 2959 2245 3008 men,
2277 2953 2339 2997 ut
2370 2944 2629 3016 superius
2659 2944 2867 2999 dictum
2898 2952 3005 3005 est.
3041 2946 3196 3017 prius
3230 2955 3316 3002 est
3347 2961 3473 3003 esse
3509 2962 3674 3018 quam

2098 3033 2259 3087 talem
2285 3048 2431 3090 esse.

1277 3120 1406 3175 ΩΑΡ.
1447 3120 1514 3176 Χ,
1556 3120 1675 3175 Duo
1710 3123 1949 3193 ingenita
1970 3136 2073 3176 non
2104 3132 2325 3191 possunt
2350 3140 2462 3178 esse
2491 3126 2764 3178 contraria

484 3237 574 3290 Διό
612 3254 810 3309 φαμεν,
863 3238 1243 3301 ἀναλαϐόντες,

413 3327 553 3386 εἶναι
586 3331 823 3394 ἐναντία,
869 3330 1025 3384 οὐσία
1051 3329 1202 3396 ζῶσά
1243 3347 1302 3383 τε
1344 3329 1438 3382 καὶ
1464 3329 1757 3401 ἀγέννητος
1785 3330 1867 3399 (οὐ
1886 3329 1996 3400 γὰρ

411 3422 796 3496 ἀρνηθεῖεν)’ἢ
828 3422 994 3497 ἀμφω
1019 3419 1218 3490 ἀγαθὰ,
1239 3419 1325 3474 ἵνα
1359 3419 1557 3491 μᾶλλον
1582 3420 1719 3490 πρὸς
1740 3418 1801 3471 τὸ
1823 3418 1996 3488 εὐφη-

415 3538 515 3592 μον
538 3519 774 3583 εὐσεϐῶς
805 3518 893 3572 διὰ
917 3518 975 3571 τὸ
1006 3516 1172 3581 ὅντως
1214 3514 1274 3569 ὃν
1302 3513 1506 3581 ἀγαθὸν
1538 3517 1632 3567 καὶ
1662 3511 1997 3577 τούναντίον,

410 3612 604 3681 ἔφασιν
620 3612 739 3682 (5⁸).
753 3610 975 3681 ἕλκηται
989 3609 1049 3662 τὸ
1070 3608 1329 3680 μηδαμῶς
1347 3606 1406 3661 ὃν
1419 3606 1500 3678 (οὐ
1518 3607 1625 3679 γάρ
1640 3604 1991 3677 ἀντιστρέφο-

415 3705 563 3777 μεν),
588 3704 622 3773 ἢ
652 3703 820 3775 ἄμφω
844 3702 1021 3757 κακά·
1048 3702 1108 3755 τὸ
1138 3703 1246 3772 γὰρ
1285 3701 1577 3772 ἀγέννητον
1607 3698 1823 3761 πάντως
1852 3699 1991 3766 ἀγα-

411 3798 522 3852 06v.
547 3795 753 3851 Αὐτίκα
780 3797 880 3867 ἀγέ
892 3815 1078 3869 ννητος
1099 3796 1134 3849 6
1156 3795 1287 3858 Θεὸς
1320 3794 1603 3863 ὑπάρχων,
1635 3787 1743 3862 ἆρα
1768 3790 1900 3843 αὐτὸ
1930 3790 1993 3844 τὸ

412 3891 490 3963 μὴ
522 3890 844 3963 γεννηθῆναι
887 3889 963 3951 ὡς
1003 3889 1171 3942 κακὸν
1220 3887 1366 3958 ἐχει;
1415 3883 1700 3955 Οὐδαμῶς,
1743 3882 1878 3937 ’ἀλλ’
1916 3882 1992 3947 ὡς

408 3981 614 4051 ἀγαθὸν
642 3979 864 4051 δηλαδή.
918 3978 1014 4042 Τίς
1047 3973 1138 4031 οὖν
1168 3978 1201 4047 ἡ
1241 3975 1641 4045 ἀποκλήρωσις,
1672 3973 1816 4043 τοῦτ’
1859 3973 1991 4026 αὐτὸ

406 4073 642 4146 πρᾶγμά
672 4089 729 4125 τε
787 4074 878 4125 καὶ
927 4070 1116 4139 ὄνομα,
1150 4067 1301 4141 παρά
1338 4067 1437 4139 μὲν
1463 4065 1539 4137 τῷ
1581 4065 1699 4136 Θεῷ
1731 4064 1894 4119 καλόν
1929 4083 1989 4118 τε

405 4166 504 4221 καὶ
543 4164 746 4231 ἀγαθὸν
796 4159 955 4225 εἶναι,
993 4162 1143 4236 παρὰ
1171 4162 1227 4214 δὲ
1250 4163 1316 4231 τῇ
1369 4160 1559 4231 κακίᾳ,
1584 4159 1658 4222 ὥς
1694 4176 1847 4228 φασι,
1869 4165 1990 4211 τού-

403 4259 619 4313 ναντίον
652 4250 855 4322 κακόν,
880 4256 1075 4318 Γενεᾶς
1110 4255 1207 4324 μὲν
1233 4253 1340 4326 γὰρ
1363 4251 1612 4324 εὑρεθείη
1637 4251 1701 4304 ἂν
1735 4250 1984 4321 διαφορὰ,

403 4350 639 4420 διαφορά
684 4348 865 4419 μέντοι
910 4348 1003 4401 καὶ
1041 4347 1139 4400 οὐκ
1197 4343 1891 4414 ἐναντιότηςοάγεννησίας
1930 4342 1986 4395 δὲ

400 4442 566 4496 ποίαν
582 4457 664 4503 τις
684 4439 748 4492 ἂν
766 4438 1203 4511 εὖροιδιαφορὲιν,
1225 4434 1261 4507 ἦ
1284 4436 1385 4490 πού
1402 4452 1464 4504 γε
1483 4435 1850 4505 ἐναντιότητος
1869 4433 1987 4487 Διό-

399 4550 513 4604 περ
536 4531 883 4586 παντάπασιν
913 4530 1193 4595 ἀδύνατον,
1215 4529 1507 4599 ἀγέννητον
1529 4527 1806 4597 ἀγεννήτῳ
1835 4527 1986 4577 ὲναν-

1285 3238 1381 3301 ὡς,
1413 3240 1462 3290 εί
1503 3238 1737 3311 ἑκάτερα
1766 3238 1802 3292 ἃ
1830 3254 1994 3309 φησιν

2169 3239 2532 3311 Quamobrem
2571 3257 2764 3296 rursus
2809 3241 3068 3307 dicimus,
3123 3243 3168 3298 si
3209 3252 3441 3319 utraque.
3483 3259 3681 3300 eorum:

2095 3345 2217 3401 quae
2246 3329 2577 3386 Manichacus
2601 3333 2880 3387 contraria
2914 3349 3039 3389 esse
3080 3333 3232 3396 dicit,
3260 3336 3575 3390 substantia
3593 3337 3677 3390 vi-

2093 3438 2229 3479 vens
2275 3433 2329 3478 et
2381 3425 2622 3495 ingenita
2660 3433 2826 3491 sunt;
2876 3441 2989 3480 non
3029 3426 3177 3480 enim
3234 3428 3534 3496 negabunt,
3588 3426 3682 3483 vel

2094 3514 2266 3568 ambo.
2289 3512 2432 3569 bona
2465 3523 2523 3569 ut
2554 3515 2729 3586 magis
2753 3516 2820 3570 ad
2850 3516 2904 3570 id
2930 3516 3075 3587 quod
3106 3518 3244 3572 bene
3269 3520 3464 3589 pieque
3488 3528 3680 3585 sonat,

2095 3613 2315 3675 propter
2349 3620 2474 3659 vere
2499 3604 2729 3667 bonum,
2765 3605 2944 3675 ipsum
2974 3607 3336 3673 contrarium,
3382 3606 3528 3678 quod
3569 3609 3679 3662 mi-

2093 3694 2240 3749 nime
2264 3701 2369 3759 est,
2410 3695 2697 3763 trahatur;
2736 3711 2844 3750 non
2871 3697 3015 3750 enim
3046 3697 3312 3765 dicemus,
3342 3699 3427 3754 vel
3452 3711 3668 3764 contra,

2091 3786 2137 3841 si
2172 3787 2336 3841 ambo
2382 3788 2522 3841 mala
2549 3805 2562 3841 :
2592 3782 2749 3857 quod
2783 3788 2931 3843 enim
2962 3789 3261 3862 ingenitum
3296 3798 3401 3856 est,
3444 3792 3681 3847 omnino

2092 3876 2298 3930 bonum
2348 3884 2454 3933 est.
2500 3876 2779 3933 Continuo
2831 3881 2998 3951 igitur
3042 3879 3186 3937 Deus
3234 3897 3360 3936 cum
3392 3883 3677 3954 ingenitus

2090 3968 2185 4031 sit,
2227 3983 2574 4040 nequaquam
2627 3970 2791 4025 habet
2842 3971 3165 4042 hocipsum
3218 3989 3327 4028 non
3364 3974 3664 4045 ingenitum

2089 4073 2214 4113 esse
2254 4066 2512 4130 tanquam
2558 4061 2786 4126 malum,
2821 4062 2917 4117 sed
2951 4071 3211 4132 tanquam
3260 4064 3460 4118 bonum
3495 4074 3673 4122 certe-

2091 4153 2224 4218 Quae
2243 4152 2410 4224 igitur
2435 4154 2653 4209 sortitio
2684 4155 2788 4210 ista
2814 4157 3058 4211 eamdem
3092 4172 3204 4212 rem
3228 4167 3283 4212 et
3303 4175 3499 4214 nomen
3522 4162 3667 4231 apud

2092 4243 2262 4299 Deum
2285 4246 2504 4315 quidem
2526 4247 2812 4317 pulchram
2838 4256 2893 4303 et
2911 4250 3112 4304 bonam
3136 4265 3258 4305 esse
3283 4269 3298 4317 ;
3323 4259 3512 4306 contra
3536 4261 3673 4309 vero

2090 4338 2286 4391 malam
2332 4338 2476 4408 apud
2507 4340 2735 4402 malum,
2786 4348 2847 4393 ut
2898 4340 2986 4395 isti
3019 4343 3206 4396 aiunt?
3235 4343 3287 4396 in
3317 4346 3679 4411 generatione

2089 4429 2309 4498 quidem
2361 4431 2596 4485 inveniri
2647 4439 2811 4501 queat
2856 4432 3184 4497 differentia,
3239 4433 3541 4489 diﬂ‘erentia
3581 4445 3666 4490 ta-

2088 4536 2235 4584 men,
2273 4529 2327 4576 et
2360 4538 2469 4577 non
2521 4524 2883 4580 contrarium.
2918 4524 2977 4579 In
3018 4541 3084 4580 eo
3117 4541 3245 4581 vero
3279 4527 3423 4597 quod
3459 4535 3544 4582 est
3576 4528 3665 4581 in-

401 4620 518 4674 τίον
570 4614 736 4670 εἶναι·
791 4619 839 4670 εί
887 4617 995 4688 γάρ
1027 4634 1079 4669 τι
1111 4617 1217 4688 εἴη,
1248 4616 1397 4669 οὐδὲν
1427 4615 1537 4669 τῶν
1574 4615 1753 4669 αὐτῶν
1779 4613 1982 4683 ὀφείλει

2094 4612 2329 4681 genitum
2369 4627 2513 4673 esse,
2564 4614 2693 4683 quid
2728 4623 2906 4685 potest
2954 4629 3078 4670 esse
3128 4615 3407 4681 differens,
3460 4614 3671 4670 nedum

402 4712 527 4768 οὐτε
588 4706 746 4774 εἶναι,
790 4692 912 4762 οὐτε
946 4707 1444 4781 προσαγορεύεσθαι
1489 4706 1568 4779 τῷ
1605 4706 1853 4777 ἐναντίῳ,
1893 4706 1982 4760 ἵνα

401 4798 822 4876 ἀκοινώνητονῇ
856 4804 967 4864 τοῖς
1001 4802 1133 4854 πᾶσι
1158 4801 1293 4872 πρὸς
1324 4800 1386 4853 τὸ
1420 4800 1680 4854 ἐναντίον.

2090 4705 2469 4760 contrarium?
2496 4706 2861 4772 Quamobrem
2901 4707 3124 4761 omnino
3152 4705 3267 4762 ﬁeri
3309 4722 3415 4761 non
3459 4715 3666 4778 potest,

2088 4801 2149 4849 ut
2181 4796 2484 4866 ingenitum
2508 4798 2753 4870 ingenito
2783 4799 3118 4854 contrarium
3151 4799 3253 4866 sit;
3280 4801 3324 4854 si
3355 4798 3483 4870 quid
3514 4797 3669 4854 cnim

388 4892 496 4959 sit,
573 4894 782 4950 nullum
833 4908 1020 4949 eorum
1069 4893 1229 4947 debet
1294 4908 1395 4948 nec
1468 4908 1592 4948 esse
1647 4906 1747 4946 nec
1794 4888 2054 4960 appellari
2095 4890 2457 4954 contrarium,
2507 4898 2568 4945 ut
2608 4893 2663 4946 in
2710 4891 2975 4947 omnibus.
3008 4891 3178 4948 rebus
3222 4893 3369 4947 nulla
3418 4893 3489 4947 sit
3534 4907 3665 4946 cum

401 4987 684 5044 contrario
715 4984 1082 5040 communitas
1112 5000 1177 5039 at:
1212 4985 1468 5039 societas.

470 5082 532 5135 Εἰ
558 5081 667 5154 γὰρ
705 5081 778 5153 μὴ
829 5079 913 5151 εἴη
953 5079 1130 5151 πάντη
1157 5079 1416 5144 ἐναντίον,
1442 5078 1575 5134 καθὸ
1606 5081 1974 5144 ἐπικοινωνεῖ,

402 5172 503 5225 οὐκ
542 5172 816 5229 ὲναντίονο
882 5172 1125 5226 ἐναντίον
1167 5172 1351 5244 μέντοι
1394 5173 1454 5225 τὸ
1489 5172 1563 5243 μὴ
1602 5171 1660 5225 ὃν
1703 5171 1979 5242 τῷςδντιι

405 5265 541 5335 τάχα
565 5266 621 5319 δὲ
640 5266 760 5321 οὐδὲ
791 5264 950 5320 τοῦτο
990 5266 1089 5337 (6)’
1125 5268 1187 5319 οὐ
1220 5264 1330 5338 γὰρ
1357 5266 1701 5336 διαμάχεται.
1737 5265 1810 5319 T6
1832 5265 1889 5318 δὲ
1917 5264 1978 5318 ὃν

403 5356 480 5426 τῷ
526 5356 638 5411 ὄντι
688 5360 787 5412 οὐκ
846 5358 1106 5412 ἐναντίον.
1142 5357 1206 5411 El
1231 5356 1290 5411 δὲ
1318 5358 1378 5411 τὸ
1410 5357 1469 5411 ὃν
1514 5356 1592 5427 τῷ
1616 5356 1728 5410 ὄντι
1762 5358 1977 5421 πάντως

399 5445 680 5516 ὁμόλογον,
706 5447 764 5503 ἓν
797 5450 858 5503 τὸ
892 5450 983 5504 καὶ
1002 5449 1159 5521 μόνον
1191 5447 1403 5518 ἀληθῶς
1433 5447 1492 5501 ὃν
1512 5486 1526 5511 ,
1561 5450 1673 5511 τοῖς
1705 5449 1837 5500 πᾶσι
1881 5446 1976 5501 τοῦ

401 5536 537 5595 εἶναι
556 5541 740 5612 ἄρχον.

475 5825 573 5971 ἱῦἿ
601 5828 784 5895 Forte,
815 5833 843 5885 ὃ
873 5850 1057 5902 φασιν.
1088 5832 1245 5890 Εωτ.

497 5898 549 5969 6)
590 5900 747 5971 τάχα
783 5901 871 5969 δὲ,
906 5923 957 5958 κ.
1006 5922 1056 5957 τ.
1095 5904 1143 5957 λ.
1181 5908 1245 5961 Su

497 5898 549 5969 6)
590 5900 747 5971 τάχα
783 5898 957 5969 δὲ,’κ.
1006 5922 1056 5957 τ.
1095 5904 1143 5957 λ.
1181 5908 1314 5961 Sunt
1349 5907 1486 5961 enim
1533 5909 1583 5962 in
1638 5907 1740 5962 Deo
1789 5907 1969 5972 simul,

2157 5068 2213 5124 Si
2251 5070 2394 5124 enim
2424 5084 2533 5123 non
2567 5069 2640 5124 sit
2668 5071 2894 5126 omnino
2922 5073 3280 5136 contrarium,
3304 5081 3574 5144 quatenus
3606 5079 3663 5132 ei

2090 5165 2460 5219 communitas
2493 5177 2618 5215 cum
2663 5163 2835 5219 altero
2878 5172 2984 5229 est,
3017 5181 3125 5219 non
3162 5177 3245 5220 est
3277 5169 3611 5224 contrarium
3641 5191 3659 5225 :

2086 5255 2362 5309 contraria
2411 5264 2594 5309 tamen
2636 5264 2764 5310 sunt
2797 5271 2919 5311 esse
2968 5264 3022 5311 et
3060 5274 3171 5311 non
3206 5274 3349 5314 esse.
3399 5259 3665 5317 Fortasse

2087 5361 2215 5399 vero
2244 5359 2349 5401 nec
2391 5344 2506 5399 haec
2554 5345 2835 5399 contraria
2874 5356 3025 5412 sunt,
3056 5362 3166 5402 non
3213 5350 3356 5404 enim
3390 5362 3657 5420 pugnant.

2088 5435 2247 5503 Quod
2270 5451 2401 5492 vero
2427 5444 2529 5500 est,
2574 5451 2683 5491 non
2716 5446 2802 5491 est
2826 5439 3165 5492 contrarium
3201 5439 3250 5494 ci
3286 5441 3433 5511 quod
3468 5450 3573 5497 est.
3598 5441 3657 5496 Si

2084 5537 2267 5585 autem
2309 5529 2584 5600 quomodo
2612 5537 2698 5584 est
2731 5531 2947 5599 penitus
2975 5545 3097 5584 cum
3128 5546 3194 5585 eo
3223 5533 3369 5601 quod
3408 5541 3493 5589 est
3522 5551 3668 5589 εστι-μ

2087 5622 2250 5687 venit,
2285 5636 2452 5676 unum
2477 5630 2531 5676 et
2563 5622 2763 5686 solum,
2798 5622 2942 5694 quod
2974 5638 3100 5678 vcre
3131 5632 3236 5690 est,
3268 5626 3524 5682 omnibus
3549 5630 3659 5685 crit

2085 5716 2412 5786 principium
2453 5723 2509 5769 ut
2544 5718 2673 5772 sint.

2084 5856 2101 5886 ί
2144 5842 2234 5907 qui
2261 5850 2412 5893 vocat
2441 5856 2502 5893 ea
2522 5856 2638 5908 qua:
2660 5856 2760 5893 non
2788 5849 2930 5905 sunt,
2962 5849 3211 5900 tanquam
3233 5857 3295 5894 ea
3317 5857 3434 5909 qua:
3461 5849 3601 5905 sunt,
3626 5859 3654 5889 ν

2086 5910 2229 5963 sicut
2262 5910 2561 5982 Apostolus
2597 5912 2673 5965 ait
2706 5909 2881 5981 (Rom.
2922 5928 2994 5977 iv,
3022 5910 3131 5983 17).
3167 5912 3439 5969 Ολειειυε.
