4100 6474
408 424 558 490 ίαὲῗ)

1568 427 1703 485 TITI
1742 425 2180 485 BOSTRENSIS
2217 427 2531 484 EPISCOPI‘

3537 418 3672 494 rogi

765 568 894 624 CAP.
935 568 1026 623 XI.
1073 568 1310 624 Nomina
1343 568 1613 624 contraria
1644 569 1849 624 duobus
1875 566 2150 637 principiis
2183 565 2384 626 danda.
2414 569 2758 625 Perturbatio
2784 572 2839 626 in
2872 574 3022 628 rebus
3046 581 3123 627 est
3152 572 3327 627 ordb.‘

489 690 654 749 Aiunt
704 702 968 763 praeterea
1001 695 1167 749 etiam
1204 696 1308 765 ipsi
1351 706 1603 765 oportere
1642 696 1827 750 omnia
1868 707 1991 764 qua:

2163 695 2301 748 Φασὶ
2334 694 2389 747 δὲ
2431 694 2525 748 καὶ
2567 694 2722 748 αὐτοὶ
2770 693 2967 765 χρῆναι
3004 692 3182 746 πάντα
3220 689 3291 743 τὰ
3344 689 3562 743 ἐναντία
3596 688 3679 761 τῷ

417 795 547 842 sunt
577 785 687 842 Deo
715 788 994 840 contraria
1017 789 1291 857 appellare
1321 789 1610 845 materiam
1639 808 1652 843 :
1685 788 1838 843 verbi
1868 804 1994 859 gra-

417 882 517 944 tia,
548 880 593 932 si
631 878 800 932 Deum
832 880 1171 947 appellemus
1213 878 1420 937 lumen.
1456 880 1793 934 contrarium
1830 894 1993 933 voce-

420 986 545 1025 mus
594 971 879 1031 tenebras;
923 970 969 1025 si
1014 970 1241 1035 bonum,
1280 970 1415 1025 illud
1452 971 1677 1025 malum.
1721 969 1778 1024 Si
1812 977 1997 1025 tamen

421 1062 826 1133 appellaremus
872 1059 1041 1113 Deum
1089 1061 1262 1130 ipsam
1310 1060 1456 1114 illam
1508 1062 1813 1125 veritatem,
1849 1069 1998 1132 patet

420 1153 729 1209 vocandum
770 1169 894 1209 esse
928 1154 1264 1207 contrarium
1312 1153 1680 1207 mendacium.
1710 1152 1863 1219 Quod
1902 1169 1999 1208 au-

421 1259 535 1306 tem
575 1262 702 1303 vere
733 1256 838 1308 est,
874 1255 933 1301 ut
956 1247 1163 1316 opinati
1213 1255 1365 1308 sunt,
1393 1245 1669 1316 quomodo
1708 1248 1814 1301 erit
1848 1261 2000 1301 men-

421 1340 682 1396 dacium?
716 1340 861 1409 quod
890 1340 1035 1392 enim
1064 1347 1169 1400 est.
1202 1339 1248 1393 si
1289 1338 1506 1392 dicatur
1529 1354 1640 1392 non
1673 1354 1816 1402 esse,
1850 1355 1998 1394 men-

424 1431 642 1486 dacium
669 1429 855 1485 fuerit.
898 1428 1055 1495 Quod
1101 1443 1232 1483 vero
1279 1443 1406 1483 vere
1443 1437 1550 1489 est.
1595 1430 1743 1499 quod
1786 1431 1916 1485 facit
1942 1438 2002 1486 ut

424 1535 611 1574 verum
647 1520 718 1575 sit
752 1533 875 1574 esse
915 1518 1143 1588 aliquid,
1187 1535 1465 1588 nunquam
1499 1522 1603 1575 erit
1633 1522 1998 1576 mendacium.

425 1610 481 1665 Si
513 1612 654 1667 enim
686 1611 834 1665 dicat
874 1627 1018 1672 esse,
1065 1627 1252 1666 verum
1280 1611 1451 1679 dicit;
1478 1614 1524 1668 si
1558 1629 1687 1669 vero
1718 1629 1829 1669 non
1856 1615 2003 1670 dicat

420 1721 560 1765 esse,
602 1712 661 1756 ut
692 1720 802 1758 non
825 1705 973 1759 dicat
1004 1720 1216 1767 verum,
1248 1720 1426 1775 neque
1464 1705 1608 1762 dicet
1638 1724 1747 1761 non
1771 1723 1914 1771 esse,
1945 1715 2003 1762 ut

419 1798 739 1853 mentiatur.
779 1796 935 1863 Quod
972 1797 1018 1851 si
1048 1796 1196 1852 dicat
1224 1813 1336 1853 non
1367 1814 1522 1864 esse,
1555 1800 1778 1855 notione
1806 1801 2005 1856 menti-

420 1897 544 1953 tur;
571 1905 674 1944 non
699 1896 785 1944 est
805 1890 972 1960 igitur
997 1889 1176 1959 ipsum
1204 1890 1572 1955 mendacium,
1590 1908 1716 1948 vere
1734 1894 1880 1949 enim
1896 1901 2001 1950 est.

492 1980 696 2037 Deinde
743 1980 790 2036 si
833 1991 1034 2035 vocant
1088 1980 1183 2035 isti
1236 1981 1440 2037 bonum
1500 1984 2002 2050 immortalitatem,

419 2073 622 2127 malum
665 2073 937 2128 vocabunt
971 2073 1254 2128 interitum
1302 2089 1317 2123 :
1364 2083 1421 2127 at
1457 2075 1617 2144 cujus
1658 2076 1765 2131 erit
1808 2078 2003 2133 interi-

420 2173 532 2229 tus,
582 2165 700 2235 ipse
744 2166 1049 2221 interitus?
1100 2167 1230 2221 boni
1271 2166 1418 2220 enim
1469 2183 1576 2222 non
1627 2169 1878 2239 poterit:
1918 2170 2005 2225 sin

420 2257 528 2311 erit
560 2258 645 2313 sui
682 2257 855 2327 ipsius
886 2258 1165 2324 interitus,
1217 2258 1407 2314 multis
1435 2260 1651 2317 saeculis
1686 2276 1714 2314 a
1745 2276 1804 2317 sc
1836 2262 2010 2318 inter-

422 2347 542 2409 ivit,
572 2354 625 2402 et
650 2345 854 2403 frustra
878 2363 941 2402 ac
964 2364 1101 2404 vane
1115 2364 1239 2405 eum
1271 2364 1391 2406 esse
1420 2352 1751 2422 cogitatione
1770 2354 2005 2426 lingunt.

422 2438 711 2505 Quomodo
746 2448 926 2495 autem
976 2442 1082 2497 erit
1117 2442 1415 2500 interitus?
1452 2445 1599 2502 aliud
1634 2461 1872 2519 namque
1904 2451 2010 2505 tol-

423 2531 489 2585 lit
518 2531 796 2598 interitus,
828 2548 937 2587 non
966 2533 1207 2605 seipsum
1234 2553 1249 2601 ;
1278 2536 1364 2592 sin
1387 2553 1516 2592 vero
1540 2541 1804 2611 seipsum,
1833 2559 2012 2614 neque

427 2622 702 2693 principio
740 2624 1046 2681 subsistere
1097 2627 1274 2697 potuit
1309 2644 1322 2680 :
1357 2629 1630 2686 videbitur
1657 2634 1804 2689 enim
1837 2637 2012 2706 magis

427 2730 489 2772 se
530 2715 649 2787 ipse
688 2717 1004 2773 interimere
1037 2735 1202 2790 quam
1246 2737 1370 2779 esse
1401 2742 1416 2791 ;
1450 2724 1706 2782 interitus
1732 2728 1877 2781 enim
1910 2728 2014 2781 im-

426 2808 676 2865 mortalis
704 2825 816 2864 non
860 2819 1041 2879 potest
1072 2815 1377 2870 secundum
1405 2831 1729 2874 communes
1758 2821 2014 2876 notiones

426 2901 685 2971 cogitari.
718 2899 874 2967 Quod
901 2911 1083 2956 autem
1116 2912 1202 2959 est
1232 2904 1564 2976 ingenitum,
1594 2913 1910 2967 necessario
1932 2920 2016 2968 est

2034 2036 2081 2096 Β

2093 787 2213 858 Θεῷ
2246 787 2345 859 τὴν
2380 786 2510 859 ὓλην
2542 783 3073 858 προσαγορεύεσθαι⁹
3100 779 3232 848 οἷον,
3275 783 3369 837 ἐὰν
3421 782 3646 854 καλῶμε
3666 802 3680 824 α

2094 881 2187 933 τὸν
2224 879 2356 933 Θεὸν
2408 879 2541 948 φῶς,
2587 878 2647 931 τὸ
2698 877 2938 931 ἐναντίον
2981 876 3202 939 σκότος·
3233 875 3327 929 ἐὰν
3355 875 3411 928 δὲ
3450 874 3679 942 ἀγαθὸν,

2097 977 2274 1029 ἐκεῖνο
2331 972 2530 1026 κακόν
2572 971 2667 1025 ἐὰν
2709 971 2889 1042 μέντοι
2933 968 3254 1039 καλέσωμεν
3285 969 3374 1021 τὸν
3419 967 3550 1020 Θεὸν
3577 969 3679 1020 αὑ-

2096 1066 2439 1138 τοαλήθειαν,
2467 1064 2708 1136 δηλονότι
2730 1062 2790 1117 τὸ
2817 1061 3058 1116 ἐναντίον
3087 1061 3281 1133 ψεῦδος
3314 1059 3641 1131 κεκλήσεται
3661 1073 3679 1090 ⁸

2096 1161 2159 1215 τὸ
2189 1160 2246 1213 δὲ
2274 1158 2488 1230 ἀληθῶς
2515 1157 2594 1223 ὃν,
2621 1158 2696 1220 ὡς
2722 1155 3071 1226 ὑπειλήφασι,
3109 1152 3225 1216 πῶς
3255 1153 3320 1212 ἂν
3346 1152 3432 1223 εἴη
3451 1151 3685 1220 ψεῦδος;

2098 1255 2161 1308 τὸ
2198 1254 2297 1325 μὲν
2319 1254 2427 1326 γάρ
2458 1252 2532 1323 μὴ
2561 1250 2641 1315 ὂν,
2672 1251 2721 1303 εί
2748 1249 2958 1318 λέγοιτο
3011 1244 3171 1309 εἶναι,
3206 1246 3401 1317 ψεῦδος
3447 1246 3635 1318 ἂν.εῐη
3662 1262 3676 1274 ·

2099 1348 2160 1401 τὸ
2182 1347 2239 1400 δὲ
2294 1346 2374 1408 ὃν,
2422 1345 2516 1398 καὶ
2553 1341 2769 1415 ἀληθῶς
2805 1341 2886 1406 ὃν,
2932 1340 3080 1411 αὐτῷ
3113 1340 3190 1410 τῷ
3224 1334 3365 1392 εἶναι
3391 1336 3680 1410 ἀληθεῦον,

2101 1441 2201 1495 οὐκ
2229 1439 2295 1494 ἂν
2317 1440 2401 1510 εἴη
2431 1435 2622 1507 ψεῦδος
2641 1453 2654 1465 ·
2679 1437 2727 1488 εί
2758 1435 2867 1505 γὰρ
2898 1430 3037 1488 εἶναι
3077 1432 3354 1501 λέγειτις,
3386 1429 3679 1502 ἀληθεύει.’

2102 1534 2230 1588 εἰδὲ
2262 1531 2336 1602 μὴ
2357 1531 2523 1599 λέγει,
2549 1530 2630 1582 ὅτι
2652 1528 2819 1592 ἔστιν,
2856 1528 2944 1580 ἵνα
2978 1525 3051 1597 μὴ
3088 1523 3381 1597 ἀληθεύσει,
3414 1521 3528 1577 ἀλλ’
3557 1521 3682 1575 οὐδὲ

2102 1622 2182 1675 ὃτι
2204 1621 2302 1674 οὐκ
2323 1620 2467 1673 ἔστιν
2496 1618 2638 1672 εἴποι
2664 1618 2749 1680 ἂν,
2786 1617 2872 1669 ἶνα
2898 1614 3186 1686 ψεύσηταν
3207 1614 3308 1668 κᾶν
3334 1614 3470 1667 εἴπω
3598 1612 3680 1679 δὲ,

2103 1715 2184 1768 ὅτι
2205 1713 2306 1766 οὐκ
2329 1712 2462 1773 ἔστι,
2497 1712 2563 1780 τῇ
2603 1708 2814 1778 ἐπινοίᾳ
2845 1706 3118 1777 ψεύδεται.
3146 1703 3354 1760 Οὐκοῦν
3381 1705 3513 1759 αὐτὸ
3544 1703 3681 1774 ψεῦ-

2103 1807 2192 1870 δος
2212 1822 2224 1836 ;
2247 1805 2305 1859 ὃν
2328 1805 2437 1876 γάρ
2460 1806 2609 1858 ἐστιν
2629 1801 2846 1874 ἀληθῶς

2181 1990 2414 2044 Ἔπειτα
2469 1986 2518 2039 εί
2585 1983 2799 2037 καλοῖεν
2868 1979 3102 2050 τάγαθὸν
3160 1974 3497 2048 ἀφθαρσίαν,
3554 1971 3689 2043 φθο-

2111 2085 2210 2158 ρὰν
2265 2081 2591 2153 ὀνομάσουσι
2656 2077 2717 2130 τὸ
2764 2074 2956 2130 κακὸν.
3010 2072 3165 2135 Τίνος
3194 2070 3239 2124 δ’
3267 2068 3333 2123 ἂν
3364 2066 3449 2139 εἴη
3510 2064 3689 2138 φθορά

2106 2186 2139 2253 ἡ
2166 2178 2368 2250 φθορά;
2403 2174 2496 2229 τοῦ
2536 2174 2633 2245 μὲν
2651 2171 2759 2242 γὰρ
2788 2166 2992 2238 ἀγαθοῦ
3026 2164 3281 2219 ἀδύνατον
3299 2179 3315 2193 ο
3345 2162 3394 2214 εί
3419 2161 3462 2214 δ’
3488 2159 3689 2230 ἑαυτῆς

2108 2276 2192 2347 εἴη
2220 2271 2416 2344 φθορὰ,
2446 2271 2502 2321 ὲν
2537 2266 2749 2328 πολλοῖς
2775 2266 2887 2327 τοῖς
2918 2260 3079 2316 αίῶσι
3104 2257 3426 2347 διέφθαρκεν
3464 2253 3685 2347 εαυτήνο

2109 2344 2202 2424 καλ.
2239 2366 2413 2438 μάτην
2459 2360 2628 2430 αὐτὴν
2665 2353 2803 2411 εἷναι
2858 2352 3220 2424 φαντάζονται
3246 2392 3258 2402 .
3286 2346 3412 2411 Πῶς
3438 2344 3686 2438 δξᾶνγετη

2111 2437 2320 2531 φθορά;
2362 2453 2577 2513 πάντως
2609 2449 2685 2521 (7)
2724 2448 2831 2520 γὰρ
2873 2444 3056 2513 ἕτερον
3084 2460 3138 2495 τι
3166 2440 3397 2531 φθείρει,
3431 2437 3539 2531 οὐχᾲ
3565 2437 3693 2531 ἑαυ-

2109 2527 2236 2623 τήνί
2269 2550 2317 2602 εί
2340 2547 2396 2600 δὲ
2434 2543 2655 2612 ἑαυτὴν,
2681 2539 2786 2593 οὐδ’
2820 2538 2886 2592 ἂν
2911 2535 3008 2606 τὴν
3036 2534 3211 2606 ἀρχὴν
3240 2530 3446 2623 ὑπέστη
3466 2546 3480 2560 ·
3518 2527 3691 2623 ὀφθὴῗ

2115 2617 2263 2696 σεται
2291 2638 2400 2708 γάρ
2429 2632 2626 2703 ἑαυτὴν
2658 2629 2951 2701 φθείρουσα
2986 2625 3185 2696 μᾶλλον
3222 2623 3257 2694 ἢ
3300 2617 3464 2675 οὖσα·
3518 2618 3693 2690 φθορά

2112 2735 2221 2807 γὰρ
2269 2731 2545 2802 ἄφθαρτος
2605 2723 2883 2781 ἀδύνατον,
2915 2718 3057 2771 κατά
3111 2732 3175 2784 γε
3200 2714 3321 2807 ,τὰς
3361 2709 3696 2807 κοινάςὲπιτ

2115 2798 2263 2888 νοίας
2295 2798 2664 2888 ἐπινοηθῆναι.
2703 2811 3012 2881 Ἀφθαρτον
3050 2807 3106 2860 δὲ
3141 2806 3354 2866 πάντως
3381 2802 3441 2854 τὸ
3463 2798 3694 2868 ἀγέννη-

2115 2935 2206 2971 τον
2243 2915 2337 2967 mi.
2370 2911 2558 2971 ἀΐδιον,
2600 2907 2721 2960 ὅθεν
2765 2903 2860 2957 καὶ
2893 2900 3188 2954 ἀθάνατονδ
3239 2893 3426 2949 ἐπάνω
3464 2893 3573 2963 γὰρ
3599 2888 3695 2947 τοῦ

429 2992 499 3045 ab
538 2991 764 3047 interitu
814 2992 1051 3048 liberum
1096 3005 1150 3051 et
1191 3006 1481 3062 aeternum,
1519 3000 1664 3056 unde
1704 3012 1757 3057 et
1800 3003 2012 3060 immor-

2118 3008 2396 3079 ἀφθάρτου
2426 3003 2486 3058 τὸ
2518 3001 2799 3071 ἀγένητον.
2835 2997 2900 3050 ΕΞ
2928 2994 2985 3047 δὲ
3005 2992 3066 3045 τὸ
3099 2990 3172 3063 μὴ
3197 2987 3448 3079 γενέσθαι
3477 2982 3697 3079 πώποτε

429 3085 539 3139 tale
580 3100 592 3135 :
628 3100 793 3155 supra
834 3088 1065 3143 mortale
1094 3091 1241 3144 enim
1277 3098 1362 3146 est
1393 3093 1540 3162 quod
1575 3093 1877 3165 ingenitum
1910 3107 2014 3153 est.

430 3175 492 3231 Si
537 3185 718 3232 autem
770 3177 875 3232 hoc
924 3179 1087 3268 habet
1140 3182 1398 3248 materia,
1438 3193 1498 3239 ut
1542 3202 1827 3258 nunquam
1873 3189 2017 3245 facta

432 3269 619 3331 fuerit,
659 3271 806 3339 quod
856 3273 1035 3341 majus
1073 3285 1157 3329 est
1192 3292 1207 3340 ;
1253 3276 1533 3345 quomodo
1582 3294 1694 3334 non
1729 3280 1835 3336 hoc
1866 3282 2015 3352 quod

2119 3076 2355 3175 ὑπάργει
2387 3101 2456 3169 τῇ
2488 3095 2588 3167 ὕλῃ
2618 3094 2800 3166 μεῖζον
2831 3089 2913 3157 ὃν,
2950 3087 3067 3150 πῶς
3096 3084 3217 3155 οὐχὶ
3250 3078 3440 3175 καὶ-τὺ
3475 3076 3697 3175 έλαττον

2119 3164 2691 3268 αὺτῇΠπροσυπάρξει,
2723 3184 2785 3237 τὸ
2817 3182 2892 3254 μὴ
2925 3178 3226 3268 φθαρῆναις
3254 3175 3317 3228 Εἰ
3342 3164 3698 3268 semesa:

2123 3258 2275 3361 ρετάι
2301 3258 2376 3349 ὧς
2411 3258 2601 3344 ἀΐδιος,
2631 3277 2739 3330 οὐδ’
2772 3273 2837 3329 ἂν
2869 3271 3071 3341 εαυτῆς
3100 3266 3339 3340 ὑπάρχει
3368 3258 3563 3332 φθορὰ,
3603 3258 3705 3311 καὶ

431 3358 612 3414 minus
653 3365 758 3425 est,
794 3375 903 3415 non
936 3363 985 3417 ei
1018 3361 1184 3431 inest,
1229 3381 1515 3436 nunquam
1571 3368 1784 3424 scilicet
1827 3372 2012 3432 interi-

2116 3358 2215 3438 οὐκ
2241 3379 2306 3434 ἂν
2338 3376 2426 3445 εἴη
2454 3373 2611 3428 οὐσία
2638 3368 2863 3440 φθορᾶς.

430 3466 545 3514 tum
591 3458 843 3531 cepisse?
877 3457 934 3513 Si
982 3463 1165 3513 autem
1210 3473 1323 3512 non
1362 3460 1508 3530 capit
1551 3461 1835 3519 interitum
1883 3478 2010 3545 tanq

2116 3494 2146 3531 n
2205 3483 2434 3530 aeterna.
2500 3477 2681 3535 neque
2733 3459 2820 3517 sui
2852 3454 3027 3528 ipsius
3056 3460 3144 3510 est
3173 3452 3451 3515 interitus,
3481 3453 3536 3504 et
3590 3459 3701 3499 non

430 3552 535 3607 erit
559 3552 869 3609 substantia
905 3551 1080 3621 ipsius
1105 3550 1384 3608 interitus.

504 3643 611 3700 Sed
656 3643 752 3714 qui
791 3660 857 3698 ex
905 3643 1090 3698 schola
1134 3642 1419 3699 Manichaai
1466 3645 1696 3715 profecti
1737 3663 1884 3715 sunt,
1911 3654 2015 3708 hu-

431 3737 674 3808 iusmodi
742 3734 1147 3804 disputationes
1188 3751 1311 3789 cum
1377 3738 1628 3797 audiunt.
1700 3743 1875 3808 unde,
1923 3747 2015 3800 in—

434 3829 664 3899 quiunt,
699 3843 764 3883 ea
796 3825 1007 3881 ordinis
1044 3827 1387 3896 perturbatio
1429 3845 1551 3899 quae
1599 3831 1651 3885 in
1690 3835 1855 3890 rebus
1896 3852 2016 3893 cer-

436 3918 625 3976 nitur?
669 3917 740 3972 At
784 3933 928 3987 saepe
980 3918 1187 3972 dictum
1234 3925 1338 3985 est,
1385 3930 1606 3991 propter
1650 3924 2014 3994 ignorantiam

438 4009 638 4063 divina:
681 4008 1098 4077 gubernationis
1146 4019 1201 4062 ct
1255 4014 1532 4079 quomodo
1584 4028 1675 4069 res
1734 4015 2018 4087 dispositae

439 4102 586 4167 sint,
624 4100 814 4155 falsam
851 4110 905 4155 et
954 4100 1176 4170 impiam
1224 4102 1592 4173 cognitionem
1643 4107 1747 4162 sibi
1794 4125 2018 4181 compa-

370 4242 375 4245 .
438 4209 631 4260 resse,
688 4200 916 4263 prepter
967 4191 1240 4247 inscitiam
1305 4210 1494 4250 eorum
1552 4214 1674 4267 qua:
1731 4202 1873 4257 scire
1914 4204 2018 4258 sibi

438 4285 790 4349 videbantur,
836 4300 956 4355 quae
996 4285 1173 4356 pejus,
1211 4302 1373 4356 quam
1417 4288 1460 4342 si
1497 4289 1865 4360 ignorassent,
1913 4296 2023 4351 sci--

438 4387 676 4445 verunt;
720 4388 775 4433 et
814 4377 960 4448 quod
989 4377 1175 4432 verius
1211 4387 1316 4446 est,
1353 4379 1582 4445 amisso,
1617 4385 1762 4453 quod
1813 4401 2025 4455 qurere-

440 4472 603 4535 bant,
635 4471 792 4542 prius
828 4484 994 4541 quam
1033 4480 1340 4540 quaererent
1378 4491 1391 4527 :
1425 4471 1726 4543 disputatio
1761 4493 1891 4531 vero
1917 4494 2022 4531 no-

2224 3649 2367 3700 Οταν
2413 3640 2594 3713 μέντοι
2644 3633 2898 3690 τοιούτων
2944 3629 3187 3685 ἀκούωσι
3230 3628 3402 3697 λόγων
3432 3627 3481 3679 οἱ
3514 3627 3578 3679 ὲκ
3609 3626 3706 3681 τοῦ

2121 3738 2400 3798 Μάνεντος
2445 3729 2776 3803 ὁρμώμενοι,
2812 3723 3164 3796 ἀποροῦντες,
3197 3720 3367 3775 Πόθεν
3397 3715 3510 3783 οὗν,
3549 3719 3704 3789 φασὶ,

2122 3830 2191 3885 τὰ
2221 3827 2401 3889 κακὰς
2451 3822 2615 3876 πόθεν
2640 3820 2717 3884 δὲ,
2751 3817 3020 3886 λέγουσιν,
3046 3817 3081 3886 ἡ
3116 3816 3175 3867 ὲν
3224 3816 3332 3878 τοῖς
3386 3812 3707 3884 πράγμασιν

2125 3916 2501 3993 ἐμφαινομένη
2542 3910 2767 3977 ἀταξία;
2815 3908 2974 3961 Ἀλλὰ
3015 3906 3272 3969 πολλάκις
3321 3906 3419 3978 μὲν
3471 3904 3706 3975 εἴρηται,

2125 4015 2207 4067 ὅτι
2242 4012 2310 4065 δι’
2338 4012 2561 4079 ἄγνοιαν
2594 4005 2692 4076 τῆς
2741 4000 2850 4055 τῶν
2900 3999 3243 4073 πραγμάτων
3289 3998 3581 4061 διαθέσεως
3614 3996 3709 4050 καὶ

2125 4109 2223 4179 τῆς
2272 4102 2423 4167 θείας
2468 4102 2807 4170 διοικήσεως,
2848 4095 3049 4165 γνῶσιν
3077 4092 3424 4163 ὲσφαλμένην
3452 4090 3547 4143 καὶ
3578 4087 3710 4179 βλά-

2130 4171 2347 4269 σφημον
2403 4193 2615 4254 ἑαυτοῖς
2671 4183 3193 4260 ἐπραγματεύσαντο
3241 4182 3308 4235 δι’
3354 4180 3574 4249 ἄγνοιαν
3631 4171 3711 4232 ὧν

2129 4291 2335 4360 γνῶναι
2367 4285 2550 4352 ἔδοξαν
2569 4302 2581 4312 ·
2612 4278 2648 4335 ὃ.
2675 4283 2856 4353 χεῖρον
2886 4278 3150 4346 ἔγνωσαν,
3180 4278 3213 4346 ἢ
3253 4273 3512 4345 ἠγνόουνο
3542 4271 3637 4326 καὶ
3682 4271 3712 4323 ὃ
3812 4348 3813 4353 γ

2130 4384 2377 4454 ἐζήτουν.
2414 4376 2782 4446 ἀληθέστερον
2815 4370 3176 4432 ἀπολέσαντες
3215 4367 3248 4439 ἢ
3288 4366 3417 4437 πρὶν
3445 4364 3708 4436 ζητῆσαι·

2129 4477 2158 4528 ὁ
2194 4474 2253 4529 δὲ
2281 4472 2438 4541 λόγος
2471 4467 2610 4523 κατὰ
2643 4466 2832 4537 καιρὸν
2866 4465 2963 4535 μὲν
3005 4463 3098 4517 καὶ
3127 4461 3224 4533 τὴν
3257 4460 3388 4531 παρ’
3417 4458 3599 4519 αὐτοῖς
3626 4471 3712 4509 νο-

442 4572 556 4618 stra
582 4579 705 4617 cum
738 4569 955 4632 tempus
991 4562 1118 4625 erit,
1144 4578 1307 4631 quam
1336 4572 1530 4633 putant
1554 4567 2012 4635 perturbationem

2134 4565 2432 4637 μιζομένην
2479 4560 2589 4614 τῶν
2639 4558 2979 4631 πραγμάτων
3036 4554 3282 4620 ἀταξίαν,
3311 4549 3563 4617 εὐταξίαν
3611 4548 3713 4618 τὴν

2142 4661 2153 4665 -
2292 4657 2302 4665 .
2428 4655 2461 4665 Α
2530 4648 2555 4659 ~
2718 4652 2728 4665 ι
2983 4649 2996 4665 9
3085 4646 3191 4665 a,vr
3261 4663 3272 4665 _
3316 4644 3400 4665 ___.l
3454 4642 3520 4665 ,ΔΑ
3555 4640 3680 4665 π--.ι

442 4654 654 4709 ordinis
722 4668 945 4720 rerum,
1013 4654 1218 4708 bonum
1306 4654 1553 4710 ordinem
1627 4672 1750 4712 esse
1814 4674 1845 4713 a
1915 4658 2012 4715 Dec

2131 4657 2390 4713 ἀνωτάτω
2424 4648 2557 4708 Θεοῦ
2589 4652 2942 4723 παρέχοντος,
2972 4646 3273 4714 ἀποδείξει·
3314 4644 3406 4698 καὶ
3451 4642 3521 4696 τά
3555 4640 3713 4709 λεγό-

444 4745 713 4801 altissimo
770 4744 1209 4815 proﬁciscentem
1232 4782 1246 4808 ,
1303 4743 1556 4799 conficiet
1598 4755 1653 4800 et
1690 4749 1979 4804 concludet
2014 4766 2028 4813 ;

2134 4767 2271 4822 μενα
2310 4749 2447 4819 πρὸς
2491 4744 2670 4800 αὐτῶν
2703 4743 2850 4800 κακά
2880 4741 2949 4795 τά
2981 4740 3080 4813 μὲν
3111 4739 3187 4803 ὡς
3229 4736 3575 4810 πραττόμενα
3619 4731 3716 4804 9.6.—

442 4845 501 4893 et
540 4853 661 4908 qua:
712 4837 812 4908 ipsi
864 4837 1058 4893 dicunt
1107 4836 1274 4901 mala,
1307 4837 1413 4891 alia
1455 4836 1678 4907 quidem
1711 4839 1765 4894 in
1815 4840 2012 4896 actioni

2132 4859 2240 4896 νονο
2274 4840 2342 4895 τὰ
2368 4840 2425 4895 δὲ
2463 4840 2583 4893 κατ’
2611 4838 2799 4891 οὐσίαν
2849 4833 3050 4908 ἥκιστά
3086 4849 3149 4901 γε
3176 4833 3327 4896 ὄντα,
3360 4827 3506 4882 κακὰ
3530 4825 3714 4892 δείξει.

447 4938 657 4984 tantum
702 4928 902 4998 posita,
943 4928 1052 4982 alia
1100 4942 1231 4983 vero
1280 4928 1585 4984 secundum
1635 4931 2027 4996 substantiam,

447 5020 673 5077 minime
705 5021 848 5076 mala
866 5036 1001 5075 esse
1029 5019 1273 5074 docebit.

1347 5115 1476 5171 Car.
1520 5116 1633 5170 XII.
1674 5118 1750 5174 De
1794 5122 2024 5178 materia
2064 5117 2193 5189 quid
2236 5117 2470 5171 sentiant
2501 5112 2806 5168 Manicha'i.

522 5241 671 5304 Erat,
718 5240 894 5311 inquit
931 5238 1287 5303 Manichzeus,
1340 5249 1576 5310 tempus.
1623 5257 1747 5294 ctum
1796 5243 2023 5297 materia

450 5338 571 5394 sine
610 5335 803 5392 ordine
848 5333 1170 5400 ferebatur;
1213 5340 1268 5388 et
1310 5334 1625 5401 generabat,
1657 5342 1711 5388 et
1743 5334 2027 5389 crescebat

526 5470 637 5545 (6⁸)⁴
654 5475 846 5550 Forte,
869 5477 1030 5550 sirm.
1045 5475 1180 5530 Em'r

527 5542 613 5612 (7i
635 5546 768 5614 Πῶς
796 5546 848 5599 δ’
877 5546 955 5604 ἂν
971 5542 1070 5615 εἴη
1105 5544 1329 5615 φθῳὰς
1362 5544 1536 5615 πάντ.
1569 5542 1749 5615 Locus
1777 5543 2026 5615 mutilus.

458 5613 828 5673 restituendus
867 5613 1453 5689 proind'e‘egiisquze
1501 5614 1662 5689 habet
1717 5613 2029 5689 Stephanus

453 5689 727 5751 Gobarus,
757 5692 848 5754 qui
868 5683 996 5741 ’ἤειδε
1025 5688 1141 5755 ipsa
1169 5686 1274 5739 Titi
1307 5683 1617 5738 Bostrensis
1641 5687 1804 5740 verba
1838 5684 2033 5737 recitat

458 5758 602 5839 apud
638 5757 1171 5839 ιξιιοιίυηιηίξίῡιξριίι.
1198 5757 1320 5839 cod.
1354 5769 1597 5839 cessarit,
1633 5755 1913 5839 pag..89é,
1940 5756 2029 5837 ubi

445 5824 542 5883 sic
575 5828 802 5889 legimus
828 5846 839 5878 :
879 5827 999 5891 Πῶς
1035 5828 1080 5879 δ’
1109 5826 1173 5879 ἂν
1202 5827 1283 5892 εἴη
1326 5824 1500 5895 φθορὰ
1529 5825 1727 5895 εαυτῆς
1756 5826 1789 5895 ἡ
1820 5825 1993 5895 φθορά
2017 5840 2030 5878 :

384 5912 399 5931 '
463 5900 580 5968 Quo
602 5906 774 5952 autem
799 5897 951 5950 modo
969 5896 1237 5964 corruptio
1255 5895 1410 5963 fuerit
1430 5894 1511 5946 sui
1537 5894 1703 5948 “sius
1729 5894 2034 5962 cerruplio"

2202 5234 2314 5292 Ἦν
2339 5237 2449 5309 γάρ
2485 5252 2638 5297 ποτε,
2662 5234 2847 5305 φησιν,
2882 5232 2972 5285 ὅτε
2998 5233 3031 5302 ἡ
3067 5230 3166 5300 ὕλη
3194 5229 3420 5297 ἡτάκτει
3444 5226 3538 5279 καὶ
3560 5226 3714 5295 ἐγένα

2135 5349 2222 5396 να,
2261 5330 2355 5383 καὶ
2387 5328 2670 5400 ηὐξάνετο,
2696 5326 2789 5379 καὶ
2824 5322 3047 5378 διετέλει
3075 5320 3276 5383 πολλάς
3304 5318 3718 5389 προϐαλλομένη

2141 5471 2261 5525 Mox
2289 5486 2353 5522 ex
2383 5468 2571 5523 eodem
2601 5463 2983 5535 Str-pltanosic
3012 5459 3296 5535 legendum
3334 5455 3474 5535 apud
3502 5455 3715 5535 Titum:

2137 5540 2346 5613 Φθορὰν
2380 5538 2489 5613 γὰρ
2520 5528 2796 5613 ἄφθαρτον
2838 5528 3098 5613 ἀδύνατον
3130 5532 3271 5613 κατά
3308 5546 3371 5596 γε
3397 5528 3510 5613 τὰς-
3534 5528 3719 5613 κοινάς

2140 5599 2347 5674 ἐννοίας
2379 5599 2730 5677 ἑπὶνοηθῆναί
2763 5622 2911 5659 ποτε.
2947 5601 3098 5656 Fieri
3121 5602 3392 5677 enim_non
3425 5608 3613 5666 potest,
3638 5599 3721 5677 i_n-_

2141 5669 2965 5750 corrup'tibilem'corrnptiortent
3017 5674 3283 5750 communi
3326 5685 3483 5750 sensit
3527 5669 3719 5735 percipi

2143 5741 2650 5820 aliquandoposse.
2690 5741 2811 5820 llaec
2855 5747 3120 5820 debemus
3160 5741 3524 5820 Wesselingio
3562 5754 3617 5791 ν.
3667 5757 3716 5792 c.

2144 5813 2245 5876 lib:
2272 5824 2407 5891 sing.
2446 5813 2716 5873 Probabil.
2746 5832 2866 5888 cap.
2898 5814 2990 5879 '20,
3027 5830 3149 5886 pag.
3182 5813 3302 5869 163.
