4100 6476
401 377 539 454 tofis

1471 395 1844 458 ADVERSUS
1883 397 2310 456 umet-mos
2342 400 2468 459 LIB.

3514 411 3535 464 i
3549 412 3653 469 086

397 508 652 578 δυνάμεις
671 522 684 537 ·
722 506 1016 576 αὐξηθεῖσα
1061 508 1238 562 τοίνυν
1263 508 1518 577 ἀνήγετο,
1543 510 1642 563 οὐκ
1684 510 1856 567 εἰδυῖα
1887 510 1982 564 τοῦ

2090 529 2151 568 ac
2209 516 2409 570 multas
2459 522 2759 586 potestates
2819 518 3198 590 producebat;
3263 528 3424 576 aucta
3490 525 3656 595 igitur

397 598 602 668 ἀγαθοῦ
634 600 734 670 τὴν
768 599 1023 671 ὓπαρξιν.
1052 601 1137 663 Ὠς
1170 600 1226 653 δὲ
1249 601 1340 652 ἐπὶ
1366 600 1526 653 πλέον
1555 601 1847 671 ἀναχθεῖσαι
1869 596 1978 654 εἶδε

396 696 496 766 τὴν
529 693 633 763 γῆν
658 710 717 745 τε
752 694 846 746 καὶ
882 693 942 746 τὸ
967 692 1081 760 φῶς
1104 692 1200 745 τοῦ
1226 692 1456 760 ἀγαθοῦ,
1488 692 1741 763 ἐπιϐῆναι
1764 694 1876 755 τοῖς
1903 693 1978 764 μὴ

401 789 552 850 ἰδίοις
576 788 862 859 ἐπιχειρεῖ
881 789 908 840 ό
937 786 993 839 δὲ
1018 786 1221 855 ἀγαθὸς
1232 785 1459 855 δύναμιν
1489 785 1805 838 ἀποστέλλει
1827 786 1973 852 τινὰ,

399 874 432 951 ᾖ
467 879 560 931 καὶ
608 878 779 949 ὄνομα
820 877 880 930 τὸ
927 878 1082 945 δόξαν
1119 877 1267 948 αὐτῷ
1311 876 1605 948 ἐπιτίθησι,
1643 877 1980 947 φυλάξουσαν

401 971 501 1041 μὲν
544 969 703 1040 δῆθεν
731 972 857 1033 τοὺς
895 971 1074 1043 ὄρους,
1102 969 1167 1023 τὸ
1195 969 1239 1022 δ’
1272 969 1470 1040 ἀληθὲς
1496 969 1684 1042 δέλεαρ
1719 971 1981 1043 ἐσομένην

401 1063 484 1125 εἰς
514 1061 768 1116 ἀκούσιον
790 1065 855 1133 τῇ
882 1061 985 1134 ῦλῃ
1004 1062 1383 1133 σωφρονισμόν
1408 1080 1422 1092 ⁸
1453 1062 1482 1114 δ
1523 1062 1587 1133 δὴ
1633 1064 1726 1116 καὶ
1766 1063 1979 1132 γέγονε.

399 1152 720 1223 Θεασαμένη
779 1154 888 1224 γὰρ
936 1155 969 1226 ἡ
1019 1152 1116 1223 ὕλη
1171 1153 1268 1224 τὴν
1306 1155 1701 1208 ἀποσταλεῖσαν
1752 1155 1982 1226 δύναμιν

403 1244 798 1315 προσεκίσσησε
818 1246 937 1314 μὲν,
949 1245 1024 1309 ὡς
1038 1246 1094 1298 δὲ
1109 1245 1205 1317 (7')
1220 1230 1527 1318 ἐρασθεῖσα·
1547 1249 1692 1321 ὁρμὴ
1706 1248 1760 1300 δὲ
1779 1247 1982 1301 πλείονι

402 1333 641 1387 λαϐοῦσα
684 1334 888 1407 ταύτην
941 1337 1200 1389 κατέπιεο
1239 1339 1334 1392 καὶ
1391 1338 1545 1411 ἐδέθη
1594 1342 1791 1412 τρόπον
1840 1341 1981 1405 τινὰ,

403 1426 591 1497 ὥσπερ
619 1426 824 1499 θηρίον.
857 1428 1171 1501 Κέχρηνται
1205 1431 1312 1502 γὰρ
1342 1433 1435 1486 καὶ
1471 1433 1604 1502 τῷδε
1623 1432 1700 1504 τῷ
1729 1433 1981 1501 ὑποδείγ-

406 1535 555 1588 ματι,
605 1518 680 1580 ὡς
739 1519 805 1572 δι’
856 1520 1070 1591 ἐπῳδῆς
1107 1521 1207 1591 τῆς
1261 1524 1658 1595 ἀποσταλείσης
1702 1524 1985 1595 δυνάμεως

404 1611 715 1681 ἐκοιμίσθη.
753 1611 947 1679 Γέγονε
997 1612 1173 1665 τοίνυν
1220 1613 1364 1683 μίξις
1410 1617 1502 1669 καὶ
1549 1618 1746 1686 κρᾶσις
1772 1616 1981 1678 τοῦτον,

403 1701 559 1773 φησὶ,
595 1701 684 1755 τὸν
714 1705 912 1773 τρόπον
942 1705 1041 1774 τῆς
1071 1721 1130 1761 τε
1167 1706 1570 1777 καταποθείσης
1590 1707 1871 1777 δυνάμεως
1891 1707 1983 1761 τοῦ

405 1791 612 1861 ἀγαθοῦ
676 1795 769 1847 καὶ
816 1794 914 1865 τῆς
968 1796 1343 1868 καταπιούσης
1389 1796 1550 1869 ῦληςο
1597 1798 1693 1852 καὶ
1726 1798 1899 1862 οὕτως
1926 1797 1985 1866 ἐξ

404 1885 604 1955 ἀμφοῖν
634 1885 1044 1957 ἐδημιουργήθη
1078 1887 1198 1940 τόδε
1233 1890 1361 1945 πᾶν.
1394 1889 1499 1942 ὑπό
1528 1889 1621 1945 τοῦ
1655 1890 1860 1959 ἀγαθοῦ
1892 1891 1986 1962 δη-
2017 1873 2059 1926 Β

404 1973 561 2047 λαδή·
613 1977 674 2029 ού
701 1977 810 2048 γὰρ
845 1977 910 2030 ἀν
946 1978 1277 2049 προύνόησεν
1317 1981 1349 2049 ή
1396 1981 1562 2034 κακία
1591 1981 1797 2053 κόσμου
1836 1983 1986 2050 γενέσ-

408 2084 565 2131 σεως.
598 2068 876 2123 Ἐντεῦθεν
907 2069 963 2127 δέ
997 2088 1126 2139 φασι
1158 2071 1225 2124 τά
1256 2073 1356 2142 μὲν
1386 2073 1590 2140 ἀγαθὰ,
1628 2073 1694 2127 τὰ
1720 2074 1778 2127 δὲ
1815 2078 1982 2140 κακὰ,

405 2160 504 2229 τῆς
531 2161 781 2231 κράσεως
813 2162 1028 2233 ἐκείνης
1071 2164 1165 2217 καὶ
1197 2164 1299 2235 τῆς
1328 2166 1546 2219 συνόδου
1580 2168 1692 2220 τοῖν
1728 2167 1872 2221 δυοῖν
1899 2167 1986 2222 διὰ

406 2253 504 2322 τῆς
536 2253 908 2325 ἐναντιότητος
947 2255 1056 2308 τῶν
1097 2256 1222 2328 τῇδε
1268 2259 1605 2329 πραγμάτων
1655 2260 1987 2332 ἐμφαινομέ-

408 2361 525 2415 νης.

2083 607 2416 661 evehebatur
2466 608 2720 664 nesciens
2758 610 3116 665 substantiam
3165 611 3314 667 boni.
3357 613 3653 687 Postquam

2082 714 2215 751 vero
2256 699 2432 768 magis
2471 705 2656 753 evecta
2684 702 2835 755 novit
2859 711 3056 759 terram
3091 713 3145 761 et
3174 708 3355 763 lumen
3388 709 3536 771 boni,
3570 711 3657 764 ni-

2085 791 2299 845 tebatur
2346 792 2644 847 ascendere
2682 793 2750 847 ad
2783 810 2845 849 ea
2879 811 3001 866 qua:
3042 812 3149 852 non
3184 806 3339 854 erant
3383 803 3602 872 propria
3634 821 3650 857 :

2083 881 2269 938 Bonus
2304 897 2436 938 vero
2483 891 2806 954 potestatem
2853 887 3144 956 quamdam
3181 891 3367 956 mittit,
3418 895 3505 948 cui
3549 909 3652 947 no-

2082 989 2208 1029 men
2245 974 2389 1044 quod
2422 975 2472 1029 ei
2501 975 2675 1031 visum
2700 987 2807 1043 est,
2837 978 3088 1050 imponit,
3120 983 3515 1039 custodituram
3544 986 3659 1042 sci-

2086 1067 2213 1122 licet
2235 1067 2575 1138 praescripta,
2601 1084 2662 1122 re
2696 1080 2879 1124 autem
2906 1085 3035 1126 vera
3070 1070 3309 1126 futuram
3338 1075 3443 1145 ipsi
3483 1084 3656 1133 mate-

2090 1161 2187 1215 riae
2220 1160 2532 1216 illecebram
2569 1168 2622 1216 et
2670 1160 3087 1217 invitamentum
3128 1163 3193 1219 ad
3225 1165 3652 1225 moderationem

2084 1249 2210 1319 ejus
2261 1262 2292 1302 a
2340 1249 2623 1303 voluntate
2672 1248 2925 1303 alienam.
2979 1249 3131 1316 Quod
3182 1251 3400 1321 quidem
3452 1252 3657 1306 factum

2084 1350 2169 1397 est
2208 1357 2220 1392 :
2255 1356 2380 1396 cum
2423 1341 2569 1395 enim
2616 1340 2847 1397 vidisset
2893 1344 3118 1397 materia
3163 1352 3488 1414 potestatem
3523 1344 3659 1401 mis-

2087 1448 2205 1488 sam
2245 1435 2403 1505 quasi
2449 1433 2729 1499 adamans,
2773 1436 3086 1505 concupivit
3129 1436 3347 1505 quidem
3386 1452 3526 1504 eam,
3559 1436 3659 1494 sed

2087 1526 2398 1581 ardentiore
2427 1526 2666 1596 appetitu
2701 1526 3024 1594 prebensam
3072 1527 3377 1591 absorbuit,
3420 1539 3474 1584 et
3516 1544 3656 1600 quo-

2087 1611 2211 1665 dam
2246 1613 2409 1667 modo
2468 1621 2726 1682 tanquam
2780 1613 2958 1668 bellua
2999 1615 3162 1685 ligata
3194 1623 3299 1671 est.
3351 1615 3446 1672 Usi
3476 1624 3657 1674 autem

2088 1713 2216 1758 sunt
2261 1703 2367 1759 hoc
2424 1706 2711 1775 exemplo,
2757 1714 3015 1775 tanquam
3075 1708 3328 1763 cantione
3371 1709 3663 1778 potestatis

2089 1796 2270 1848 missa:
2296 1794 2531 1864 sopitam
2563 1811 2707 1851 esse.
2739 1795 2905 1851 Facta
2943 1797 3112 1868 igitur
3135 1806 3240 1864 est,
3268 1799 3444 1866 aiunt,
3471 1799 3657 1854 mistio

2090 1892 2145 1941 et
2174 1886 2495 1956 temperatio
2532 1886 2600 1941 ad
2640 1888 2788 1943 hunc
2822 1889 3042 1943 modum
3069 1907 3083 1955 ;
3116 1890 3481 1961 absorptaque
3500 1900 3656 1960 pote-

2088 1984 2228 2032 state
2259 1978 2409 2043 boni,
2454 1986 2508 2034 et
2559 1978 2787 2032 materia
2837 1979 3164 2036 absorbente
3201 1982 3279 2036 sic
3320 1997 3387 2036 ex
3428 1988 3659 2052 utraque

2088 2067 2417 2123 fabricatum
2458 2083 2582 2124 esse
2632 2070 2972 2137 universum,
3003 2086 3033 2124 a
3070 2070 3212 2126 bono
3256 2072 3512 2134 scilicet;
3546 2089 3657 2128 non

2088 2159 2235 2217 enim
2287 2160 2493 2215 malum
2541 2161 2778 2230 providit
2829 2169 3009 2215 ortum
3056 2163 3269 2218 mundi.
3316 2162 3456 2218 Hinc
3504 2164 3661 2218 aiunt

2090 2254 2198 2308 alia
2229 2254 2448 2325 quidem
2492 2253 2636 2310 bona
2680 2270 2838 2320 esse,
2884 2255 2990 2309 alia
3017 2271 3148 2311 vero
3185 2257 3346 2322 mala,
3391 2255 3535 2311 facta
3562 2258 3662 2311 mio

2092 2346 2274 2402 stione
2309 2346 2401 2400 illa
2426 2353 2481 2400 et
2506 2344 2738 2399 duorum
2763 2347 2907 2400 coitu
2943 2361 3039 2416 per
3057 2347 3166 2401 vim
3203 2348 3532 2402 contrariam
3571 2365 3662 2403 re-

2086 2454 2232 2502 rum,
2257 2452 2378 2507 quae
2397 2437 2489 2492 hic
2518 2445 2664 2494 sunt.

794 2530 924 2584 Car.
960 2530 1097 2584 Xill.
1134 2533 1326 2586 Anima
1359 2550 1391 2585 ιι
1419 2532 1551 2586 bono
1589 2534 1869 2603 principio,
1903 2550 1936 2587 a
1973 2531 2113 2587 malo
2142 2540 2317 2585 autem
2343 2546 2552 2598 corpus,
2585 2529 2867 2585 secundum
2909 2528 3250 2585 Munia/imos.

508 2622 763 2693 Ορίζεται
794 2623 851 2675 δὲ
876 2622 1051 2695 ψυχὴν
1081 2625 1178 2695 μὲν
1220 2625 1436 2679 ἃπασαν
1471 2622 1608 2680 εἶναι
1639 2628 1739 2698 τῆς
1767 2627 1983 2698 μερίδος

406 2712 502 2766 τοῦ
534 2714 758 2782 ἀγαθοῦ.
794 2715 953 2786 σῶμα
988 2717 1044 2770 δὲ
1081 2718 1173 2771 καὶ
1206 2717 1304 2787 τὴν
1348 2718 1545 2790 σάρκα,
1581 2720 1680 2790 τῆς
1723 2718 1876 2790 ὕλης,
1907 2718 1983 2789 πὴ

409 2807 510 2876 μὲν
547 2807 879 2877 κατέχουσαν
903 2808 979 2872 ὡς
1012 2811 1070 2862 ἐν
1097 2810 1289 2883 εἱρκτῇ
1310 2810 1409 2883 τὴν
1440 2810 1639 2881 ψυχὴν,
1672 2810 1747 2883 πὴ
1771 2811 1829 2864 δὲ
1851 2828 1984 2864 κατ-

405 2896 674 2965 εχομένην
714 2896 789 2960 ὡς
832 2896 1018 2969 θηρίον
1056 2900 1190 2970 πρὸς
1214 2900 1313 2970 τῆς
1344 2901 1579 2972 ἐπῳδῆς.
1610 2900 1765 2955 Οὕτω
1794 2902 1890 2972 μὲν
1922 2899 1986 2972 δὴ

408 2989 771 3060 σοφισάμενος
811 2990 910 3062 τὴν
952 2989 1084 3062 ὓλην
1124 2993 1154 3045 ὁ
1186 2993 1390 3062 ἀγαθὸς
1447 2995 1674 3066 κόσμου,
1710 2995 1863 3066 φησὶ,
1895 2995 1986 3064 γέ-

405 3099 532 3152 γονε
563 3082 921 3154 δημιουργόςει
959 3083 1060 3137 οὑκ
1103 3084 1472 3156 ἀντιποιηθείς
1514 3104 1577 3155 γε
1612 3086 1704 3139 τοῦ
1727 3086 1987 3159 δημιουρ·
2012 3109 2056 3169 c

403 3173 575 3244 γῆσαι
625 3173 787 3226 αὐτὸν
828 3173 1163 3243 (ἀνθίσταται
1196 3175 1305 3247 γὰρ
1346 3176 1539 3248 αὐτῷ),
1576 3177 1711 3232 ἀλλά
1755 3177 1842 3231 διὰ
1888 3179 1985 3248 τὴν

404 3265 779 3319 ἐπανάστασιν
808 3265 909 3336 τῆς
936 3266 1156 3330 κακίας,
1195 3268 1261 3337 ἣν
1316 3270 1660 3340 σωφρονῆσαι
1704 3269 1948 3340 διενοήθη
1969 3287 1982 3299 ·

403 3358 470 3411 οὐ
517 3357 700 3428 μέντοι
747 3356 939 3426 γέγονε
975 3356 1198 3411 δυνατὸν
1235 3357 1437 3422 ἐξελεῖν
1486 3360 1584 3430 τῆς
1640 3361 1839 3425 κακίας
1878 3360 1986 3414 τῶν

405 3449 750 3520 φαινομένων
793 3448 1134 3521 πραγμάτων
1176 3450 1267 3503 τὸν
1312 3451 1409 3514 ίὺν,
1435 3451 1663 3505 ’ἐπεσθαι
1704 3450 1762 3504 δὲ
1802 3450 1986 3505 τοῦτον

403 3540 756 3612 δεικνύμενον
799 3545 863 3596 ἐκ
895 3543 995 3613 τῆς
1031 3543 1256 3606 ἀταξίας
1298 3543 1390 3597 καὶ
1420 3543 1540 3613 τῆς,
1565 3542 1640 3605 ὼς
1666 3542 1983 3614 ὑπείληφεν,

406 3634 727 3705 ἀνισότητος
751 3633 860 3688 τῶν
892 3636 1012 3689 καθ’
1031 3638 1200 3707 ἡμᾶς,
1230 3636 1419 3689 τοῦτον
1449 3636 1547 3707 μὲν
1573 3634 1840 3698 πλουτεῖν,
1863 3633 1986 3688 τοῦ·

404 3742 503 3778 τον
553 3726 611 3779 δέ
648 3726 925 3780 πένεσθαι·
967 3728 1061 3781 καὶ
1088 3730 1179 3782 τὸν
1216 3728 1313 3799 μὲν
1358 3726 1610 3793 εὐδοξεῖν.
1644 3727 1736 3781 τὸν
1766 3727 1824 3781 δὲ
1865 3727 1987 3783 ἀδο-

407 3817 523 3882 ξεῖν
542 3833 555 3846 ⁸
587 3818 685 3872 καὶ
714 3819 818 3872 ὅσα
841 3819 1086 3874 τοιαῦτα.
1117 3820 1190 3873 Τό
1223 3837 1282 3881 τε
1310 3819 1373 3891 δὴ
1401 3817 1832 3889 σπουδαζόμενον
1871 3823 1987 3874 ἐστι

407 3910 490 3983 τῷ
520 3911 710 3982 ἀγαθῷ
742 3912 841 3984 τὴν
882 3911 1060 3983 ψυχὴν
1102 3910 1463 3983 ἐλευθερῶσαι
1501 3911 1599 3981 τῆς
1630 3911 1860 3976 κακίας*
1896 3912 1990 3965 καὶ⁹

407 4005 614 4076 ταύτην
664 4004 927 4075 ἀντλῆσαι
961 4006 1162 4077 τρόπον
1189 4005 1313 4060 τινὰ
1340 4006 1403 4057 ἐκ
1422 4004 1519 4075 τῆς
1547 4002 1675 4074 ὕλης
1694 4020 1708 4033 ’
1745 4002 1902 4057 τοῦτο
1932 4003 1988 4057 δέ

406 4096 693 4166 γίγνεσθαι
721 4094 810 4148 διὰ
840 4095 941 4166 τῆς
970 4096 1197 4168 σελήνης
1225 4094 1593 4165 αὐξανομένης
1607 4111 1663 4146 τε
1686 4095 1780 4146 καὶ
1804 4110 1988 4164 μειου-

411 4189 604 4260 μένης,
631 4189 706 4252 ὡς
736 4189 869 4259 δρᾷν
903 4187 1164 4258 δοκοῦμεν
1198 4190 1360 4259 ἡμεῖς
1379 4205 1391 4218 ·
1421 4188 1483 4241 τὸ
1507 4187 1615 4256 γὰρ
1637 4187 1853 4258 ἀληθὲς,
1888 4205 1991 4258 φη-

410 4282 521 4343 σὶν,
554 4279 743 4349 ὑδρίας
774 4279 977 4349 τρόπον
1010 4278 1147 4345 αὐτὴ
1195 4278 1544 4350 πληρουμένη
1564 4318 1579 4341 ,
1628 4279 1692 4331 ἐκ
1729 4277 1826 4347 τῆς
1862 4294 1991 4331 κατα-

407 4355 683 4442 εχομένης
709 4370 898 4433 οὐσίας
926 4373 1006 4433 είς
1033 4369 1096 4423 τὸ
1126 4370 1385 4441 ὁμογενὲς
1408 4368 1609 4437 ἀγαθόν
1631 4368 1910 4423 κενοῦται·
1939 4370 1988 4421 εί

408 4463 525 4531 γὰρ
554 4461 647 4514 καὶ
672 4459 747 4530 μὴ
789 4461 1000 4524 τούτοις
1034 4477 1098 4529 γε
1123 4463 1235 4525 τοῖς
1263 4462 1521 4533 ῥήμασιν,
1553 4459 1690 4517 ἀλλά
1722 4476 1785 4529 γε
1815 4460 1985 4515 ταῦτα
2018 4484 2062 4540 ι)

411 4551 663 4624 βούλεται
687 4551 886 4618 λέγειν,
907 4552 1050 4623 ειπερ
1072 4552 1571 4625 εὐσχημονέστερον
1591 4551 1732 4607 πάνυ
1758 4568 1820 4620 γε
1849 4552 1987 4623 πρὸς

410 4640 572 4713 ἡμῶν
620 4642 863 4711 εἴρηται⁹
917 4640 1169 4695 πλεῖστον
1221 4640 1330 4713 γὰρ
1388 4642 1512 4695 ὅσον
1564 4643 1690 4714 παρ’
1743 4642 1890 4713 αύτῷ
1927 4644 1986 4705 τὸ

410 4732 699 4788 ἀλλόκοτον
728 4733 787 4795 ἐν
814 4735 880 4802 τῇ
916 4732 1160 4805 διηγήσει
1186 4734 1364 4791 καὶτὸ
1392 4734 1673 4791 ἀπίθανον.

2161 2623 2411 2678 Decernit
2439 2628 2620 2677 autem
2666 2638 2880 2678 omnem
2914 2622 3133 2692 quidem
3172 2624 3407 2678 animam
3439 2639 3561 2680 esse
3591 2641 3657 2677 ex

2090 2726 2243 2788 parte
2269 2716 2397 2770 boni
2438 2732 2452 2781 ;
2483 2729 2684 2785 corpus
2710 2729 2842 2769 vero
2875 2721 2929 2769 et
2955 2729 3175 2769 carnem
3210 2730 3273 2769 ex
3304 2723 3459 2785 parte
3481 2725 3659 2771 mate-

2091 2804 2188 2861 ria:
2230 2823 2243 2858 :
2279 2810 2334 2859 et
2370 2804 2481 2872 jam
2515 2802 2735 2872 quidem
2771 2818 2973 2874 corpus
3011 2803 3248 2858 animam
3293 2812 3554 2875 tanquam
3600 2806 3660 2860 in

2091 2912 2314 2952 carcere
2359 2896 2645 2962 detinere;
2685 2896 2798 2964 jam
2827 2911 2957 2952 vero
3004 2896 3241 2951 animam
3274 2897 3505 2955 detineri
3538 2908 3661 2953 tau-

2093 3004 2255 3058 quam
2280 2987 2515 3042 belluam
2545 3003 2575 3041 a
2603 2987 2877 3042 cautione.
2908 2985 2998 3041 Sic
3025 2987 3199 3042 bonus
3224 3003 3346 3042 cum
3376 2991 3659 3044 materiam

2092 3077 2419 3146 decepisset,
2459 3075 2671 3140 mundi,
2721 3076 2919 3146 inquit,
2970 3074 3151 3130 factus
3187 3083 3272 3132 est
3317 3076 3658 3134 fabricator:

2087 3182 2201 3223 non
2252 3168 2473 3238 quidem
2528 3165 2674 3238 quod
2730 3168 2909 3237 ipsum
2959 3165 3217 3222 fabricari
3269 3168 3657 3231 desiderasset,

2086 3261 2297 3317 resistit
2337 3258 2482 3314 enim
2529 3260 2600 3319 ei.
2647 3258 2742 3313 sed
2798 3267 3019 3329 propter
3070 3259 3392 3314 seditionem
3434 3276 3467 3315 a
3517 3263 3665 3316 malo.

2086 3350 2403 3413 excitatam,
2421 3352 2593 3416 quam‘
2609 3349 2884 3419 corrigere
2903 3359 2958 3403 et
2982 3349 3249 3404 moderari
3282 3352 3614 3421 cogitaverat
3641 3370 3662 3417 ;

2086 3458 2200 3498 non
2245 3450 2427 3497 tamen
2477 3441 2593 3497 ﬁeri
2630 3441 2899 3510 potuisse,
2930 3447 2989 3494 ut
3021 3456 3287 3496 venenum
3338 3444 3468 3497 mali
3511 3445 3659 3513 quod

2086 3543 2173 3591 est
2222 3534 2280 3588 in
2330 3533 2494 3589 rebus
2539 3546 2678 3602 quas
2713 3531 2983 3598 videmus,
3038 3534 3461 3599 extraheretur;
3502 3535 3658 3605 sequi

2087 3642 2219 3683 vero
2241 3626 2369 3688 hoc,
2401 3632 2462 3680 ut
2493 3624 2699 3695 opinati
2728 3630 2878 3685 sunt,
2912 3637 2980 3678 ex
3005 3623 3415 3693 perturbatione
3447 3625 3663 3680 ordinis

2088 3727 2142 3774 et
2184 3734 2253 3773 ex
2304 3716 2673 3787 inaequalitate
2720 3729 2902 3770 rerum
2938 3721 3250 3771 nostrarum
3305 3723 3468 3787 atque
3512 3717 3658 3771 hunc

2088 3809 2310 3882 quidem
2351 3809 2573 3864 divitem
2613 3821 2756 3872 esse,
2791 3806 2945 3861 illum
2980 3822 3107 3863 vero
3134 3822 3431 3878 pauperem
3459 3825 3475 3877 ;
3508 3808 3655 3864 hunc

2089 3902 2413 3974 gloriosum,
2470 3901 2627 3956 illum
2681 3900 3070 3955 inhonoratum
3127 3909 3181 3955 et
3232 3899 3542 3971 inglorium,
3604 3911 3666 3956 et,

2088 4009 2431 4067 quaecunque
2484 3994 2612 4049 talia
2667 3998 2812 4048 sunt.
2875 3990 3126 4047 Studiqu
3185 4006 3315 4047 vero
3357 3993 3483 4049 boni
3537 4009 3660 4049 essc

2089 4089 2320 4144 liberare
2350 4087 2587 4142 animam
2623 4101 2652 4138 a
2689 4085 2853 4151 malo,
2884 4093 2937 4140 et
2958 4084 3099 4139 hanc
3128 4084 3363 4154 quodam
3400 4085 3563 4139 modo
3590 4100 3663 4145 ex.

2089 4181 2313 4235 materia
2343 4177 2636 4234 exhaurire
2693 4194 2707 4230 :
2768 4176 2873 4231 hoc
2942 4184 3125 4231 autem
3171 4175 3289 4230 ﬁeri
3328 4189 3425 4243 per
3472 4176 3656 4230 lunam

2090 4279 2425 4325 crescentem
2468 4276 2522 4323 et
2569 4267 3003 4327 decrescentem,
3053 4272 3113 4318 ut
3147 4279 3249 4318 nos
3280 4263 3471 4319 videre
3507 4265 3660 4320 vide--

2090 4377 2214 4416 mur
2245 4377 2258 4412 :
2294 4375 2354 4416 re
2386 4374 2513 4415 vera
2544 4358 2713 4422 enim,
2746 4356 2944 4427 inquit,
2977 4356 3095 4426 ipsa
3125 4356 3179 4409 in
3210 4355 3427 4411 modum
3455 4356 3660 4427 hydria:

2091 4453 2308 4524 impleta
2329 4495 2344 4515 ,
2379 4468 2446 4507 ex
2485 4450 2789 4507 substantia
2823 4446 3004 4502 infusa
3038 4448 3094 4502 in
3127 4448 3333 4503 bonum
3366 4457 3659 4520 cognatum

2092 4546 2406 4602 exinanitur
2448 4558 2463 4597 :
2500 4544 2602 4599 etsi
2633 4542 2778 4598 enim
2825 4540 2933 4596 nan
2980 4541 3066 4596 his
3100 4541 3302 4605 verbis,
3335 4540 3451 4597 haec
3477 4548 3659 4595 tamen

2091 4642 2206 4694 vult
2260 4639 2464 4700 dicere,
2516 4652 2639 4707 quae
2692 4636 2863 4690 multo
2915 4635 3202 4692 honestius
3250 4650 3281 4689 a
3313 4634 3471 4692 nobis
3509 4634 3659 4688 dicta

2095 4739 2225 4789 sunt
2250 4751 2265 4795 ;
2294 4731 2589 4801 plurimum
2623 4728 2770 4784 enim
2814 4728 3037 4784 absurdi
3070 4736 3124 4783 et
3154 4727 3473 4783 incredibile
3495 4734 3580 4782 est
3605 4726 3660 4780 in

2094 4824 2214 4894 ejus
2236 4822 2567 4879 narratione.

1306 4918 1438 4975 Car.
1480 4917 1617 4972 XIV.
1658 4919 1737 4974 De
1761 4929 1904 4975 terra
1932 4929 1982 4974 et
2012 4917 2270 4974 imbribus
2297 4918 2528 4973 Manetis
2566 4919 2759 4987 opinio.

490 5015 630 5067 Ὀσα
681 5011 780 5082 μὲν
823 5006 916 5065 οὖν
964 5011 1128 5083 ἕτερα
1171 5012 1342 5084 γραὸς
1390 5012 1546 5083 δίκην
1590 5013 1877 5084 μυθολογεῖ
1904 5012 1998 5069 καὶ

420 5106 640 5177 γράφει,
670 5108 737 5176 τῇ
760 5104 947 5176 Σύρων
997 5107 1146 5175 φωνῇ
1182 5103 1482 5176 χρώμενος,
1526 5099 1674 5168 ὅπως
1721 5104 1818 5173 μὲν
1860 5107 1893 5174 ἡ
1923 5104 1997 5175 γῆ

423 5196 764 5265 βαστάζεται,
799 5197 890 5251 τὸν
914 5197 1195 5268 ποιητικὸν
1227 5197 1300 5269 μὴ
1329 5195 1611 5266 διαφυγὼν
1648 5195 1998 5266 μῦθονοδπως

421 5286 477 5338 δὲ
526 5288 869 5342 συνίστανται
914 5290 962 5341 οἱ
1015 5288 1233 5360 ὄμϐροι,
1261 5289 1337 5352 ὼς
1370 5288 1592 5360 ίδρῶτές
1616 5291 1722 5342 εἰσι
1756 5288 1864 5342 τῶν
1897 5291 1998 5359 ἀρ-

422 5378 623 5448 χόντων
649 5380 749 5450 τῆς
779 5380 911 5452 ὕλης
930 5398 943 5410 ·
976 5381 1148 5434 ταῦτα
1187 5382 1281 5434 καὶ
1314 5380 1385 5434 τὰ
1417 5380 1659 5443 τοιαῦτα,
1690 5379 1797 5434 τῶν
1829 5379 1995 5434 αὐτοῦ

423 5468 811 5541 παλαισμάτων
837 5472 1366 5545 παρεμπορεύματα,
1384 5473 1635 5546 περιττὸν
1664 5473 1729 5528 ἂν
1755 5474 1839 5546 εἴη
1868 5489 2000 5546 προ-

425 5562 609 5635 φέρειν
642 5565 721 5627 είς
771 5564 1011 5636 ἔλεγχον.
1063 5566 1182 5636 Χρὴ
1220 5565 1276 5619 δὲ
1306 5564 1343 5631 ἀ
1385 5566 1512 5634 περὶ
1557 5565 1786 5619 ἑκάστου
1817 5582 1998 5637 παρα-

423 5655 598 5709 παίων
621 5655 842 5726 γράφει,
877 5656 1165 5729 γνώρισμα
1192 5660 1306 5721 τοῖς
1347 5659 1532 5720 πᾶσιν,
1576 5656 1779 5727 ἥκιστά
1810 5673 1871 5724 γε
1902 5657 1998 5710 ἀν-

423 5745 640 5816 έχεσθαι
664 5746 798 5818 πρὺς
819 5748 1122 5819 ἀπέραντον
1141 5750 1404 5821 φλυαρίαν
1428 5748 1519 5803 τὸν
1536 5748 1691 5818 λόγον
1720 5750 1997 5804 ἐκτείνειν·

493 5837 590 5911 (7‘)
624 5840 763 5913 Lege
784 5837 868 5913 δή.
898 5839 1056 5897 Enn.

2170 5011 2523 5082 Qumcunque
2572 5011 2740 5080 igitur
2777 5011 2883 5065 alia
2920 5010 3138 5065 aniliter
3188 5015 3243 5064 et
3290 5004 3662 5063 commentitie
3711 4997 3717 5003 ’

2095 5103 2343 5174 loquitur
2370 5111 2428 5158 et
2468 5102 2682 5164 scribit,
2732 5116 2985 5157 sermone
3028 5101 3255 5174 Syriaco
3299 5105 3480 5159 utens.
3528 5110 3662 5166 quo-

2095 5195 2259 5252 modo
2310 5202 2457 5250 terra
2525 5194 2865 5261 sustinetur,
2923 5210 3030 5249 non
3089 5191 3339 5248 devitans
3394 5187 3660 5259 poeticam

2095 5286 2337 5343 fabulam
2372 5304 2389 5353 ;
2431 5285 2708 5357 quomodo
2755 5286 2963 5341 imbres
2995 5286 3152 5347 ﬁunt,
3188 5290 3243 5338 et
3275 5282 3505 5337 sudores
3539 5294 3666 5335 esse

2095 5380 2429 5453 principium
2485 5379 2724 5434 materiae
2774 5398 2787 5432 ε
2840 5379 2954 5433 hac
2988 5385 3043 5431 et
3084 5377 3188 5431 alia
3238 5372 3507 5444 ejusmodi
3544 5387 3665 5441 qua!

2095 5480 2295 5543 praeter
2338 5471 2615 5541 negotium
2666 5472 2752 5524 sui
2803 5469 3119 5523 certaminis
3150 5476 3368 5521 tractat.
3405 5479 3665 5533 supervao

2096 5582 2261 5621 cuum
2285 5573 2434 5622 esset
2464 5564 2532 5620 ad
2561 5562 2958 5620 confutandam
2980 5562 3249 5633 proferre.
3286 5558 3509 5631 Oportet
3544 5571 3667 5626 qua

2098 5656 2166 5711 de
2204 5657 2436 5727 singulis
2477 5654 2649 5711 delire
2688 5654 2901 5718 scribit,
2938 5669 3058 5723 quae
3082 5652 3336 5707 omnibus
3365 5657 3487 5704 nota
3513 5654 3662 5711 sunt,

2099 5766 2206 5805 non
2243 5751 2352 5820 pati
2385 5758 2446 5805 ut
2474 5750 2675 5805 librum
2706 5748 2934 5805 inﬁnitis
2969 5747 3127 5819 nugis
3160 5746 3387 5801 dilatent
3417 5761 3431 5810 ;
3466 5741 3666 5814 quippe
