4100 6484
420 468 561 526 1087

1546 454 1689 510 TITI
1726 448 2153 509 BOS’I’RENSIS
2190 444 2495 502 EPISCOPI

3515 439 3671 495 {088‘

420 598 543 638 cum
575 578 711 637 satis
738 577 812 635 sit
842 574 1126 632 confutata
1156 573 1337 644 capite
1366 571 1598 628 insaniae
1627 571 1747 641 ejus
1776 569 1987 637 reliqua

2101 581 2166 627 ως
2207 560 2407 634 ἀρκοῦν
2453 560 2584 614 αὐτὸ
2645 558 2706 611 τὸ
2769 557 3061 627 κεφάλαιον
3114 554 3420 626 αὑτοῦιτῆς
3445 532 3659 625 ’ἀλόγου

421 680 770 729 contemnere
818 689 831 725 :
866 680 921 725 et
958 668 1003 724 si
1036 682 1147 721 non
1185 665 1546 737 contingeret,
1580 673 1633 717 ul
1671 658 1990 717 necessario

422 764 535 818 haec
564 776 732 817 causa
785 772 1091 815 sermonem
1119 755 1185 811 de
1219 753 1564 809 Providentia
1598 750 1988 819 complectere-

424 863 533 919 tur,
575 867 690 925 quo
736 851 1115 906 demonstrare
1151 851 1366 915 Oportet
1392 842 1578 897 omnia
1608 856 1728 895 esse
1755 840 1891 893 bene
1922 850 1988 891 ac

424 947 607 1001 divine
636 944 911 1008 ordinata,
941 948 995 997 et
1025 938 1351 995 ineﬁ‘abilem
1384 934 1477 989 Dei
1498 932 1820 1003 sapientiam
1850 944 1992 1000 pra:-

424 1039 642 1106 dicare;
675 1036 963 1093 ridiculum
1004 1037 1150 1087 esset
1181 1030 1265 1084 vel
1302 1028 1476 1097 aliqua
1510 1025 1698 1079 saltem
1744 1020 1991 1076 confuta-

425 1130 592 1194 tione,
629 1144 748 1199 qua:
778 1125 1053 1197 proposita
1084 1129 1230 1184 sunt,
1263 1120 1423 1188 digna
1456 1132 1578 1173 esse
1611 1123 1841 1186 putare;
1872 1126 1991 1181 qua:

427 1221 645 1291 quidem
683 1228 833 1275 extra
881 1229 1196 1271 communes
1226 1213 1473 1266 notiones
1510 1212 1767 1276 congesta
1801 1208 1992 1273 sponte

429 1325 528 1369 sua
564 1312 707 1383 apud
735 1326 828 1366 eos
866 1307 955 1379 qui
993 1312 1224 1360 mentem
1257 1303 1866 1369 habentcoarguuntur.

2094 655 2291 726 μανίας
2320 651 2693 719 διελέγξαντας
2739 650 2845 703 τῶν
2880 648 3052 703 ἄλλων
3083 650 3457 719 καταφρονεῖν·
3490 649 3585 703 καὶ
3609 649 3661 701 εί

2094 747 2168 818 μή
2196 763 2261 814 γε
2286 745 2375 797 τὸν
2409 744 2535 815 περὶ
2566 742 2825 814 Προνοίας
2859 741 3014 810 λόγον
3053 740 3331 794 συνέϐαινε
3367 740 3523 812 τήνδε
3561 741 3663 812 τὴν

2093 836 2346 891 ὑπόθεσιν
2384 834 2693 903 ἀναγκαίως
2741 833 3183 906 περιλαμϐάνειν,
3204 832 3274 885 δι’
3307 827 3367 887 οὗ
3395 834 3662 903 προσήκει

2093 928 2284 995 δεῖξαι,
2322 928 2398 992 ὡς
2447 928 2659 982 ἅπαντα
2701 922 2759 980 εὖ
2806 944 2865 979 τε
2908 926 3003 980 καὶ
3041 925 3201 990 θείως
3225 926 3530 996 τεταγμένα
3561 926 3663 996 τὴν

2096 1020 2331 1091 ἄρρητον
2355 1017 2448 1074 τοῦ
2476 1018 2609 1072 Θεοῦ
2646 1018 2834 1088 σοφίαν
2861 1018 3119 1090 κηρύττει
3139 1035 3153 1048 ο
3187 1017 3355 1087 γέλως
3387 1017 3451 1072 ἀν
3479 1014 3544 1090 ἦν
3569 1019 3663 1071 ἀν-

2093 1112 2394 1184 τιρρήσεως
2440 1108 2570 1179 γοῦν
2612 1126 2755 1172 τινος
2796 1108 2978 1176 ἀξιοῦν
3008 1109 3077 1162 τά
3107 1109 3465 1181 προτεθέντα,
3493 1109 3662 1180 ἀπερ,

2095 1200 2249 1265 ἐκτὸς
2271 1202 2379 1254 τῶν
2418 1202 2609 1255 κοινῶν
2641 1200 2856 1255 ἐννοιῶν
2904 1202 3396 1273 συμπεφορημένα,
3427 1201 3666 1272 αὐτόμα-

2096 1309 2188 1345 τον
2219 1292 2332 1363 ἔχει
2363 1292 2513 1364 παρά
2545 1309 2607 1360 γε
2638 1295 2748 1355 τοῖς
2781 1293 3032 1364 ἐχέφροσι
3059 1292 3149 1345 τὸν
3175 1294 3393 1365 ἔλεγχον

907 1419 1039 1476 CAP.
1079 1416 1195 1472 XV.
1261 1415 1531 1471 Sententia
1558 1412 1622 1467 de
1649 1410 1872 1466 materia
1895 1405 2178 1475 refutatur.
2206 1405 2291 1459 An
2319 1405 2486 1461 Satan
2514 1410 2583 1461 sit
2608 1407 2834 1463 deterior
2869 1427 3025 1480 quam
3054 1410 3174 1478 fuit.

504 1542 652 1598 Satis
679 1546 856 1594 autem
890 1546 1032 1600 erat,
1064 1543 1351 1605 postquam
1384 1546 1495 1586 non
1539 1530 1722 1584 minus
1758 1526 1991 1581 demon-

434 1642 666 1691 stratum
705 1639 790 1685 est
823 1642 1163 1698 nequaquam
1207 1626 1318 1680 duo
1364 1622 1631 1693 principia
1673 1633 1818 1680 esse,
1853 1630 1994 1685 prte-

2101 1608 2395 1679 ὑπάρξαιεν
2422 1613 2587 1683 ἀρχαὶ
2616 1614 2728 1677 δύο,
2756 1616 2850 1668 καὶ
2872 1616 3103 1686 μάλιστα
3129 1620 3384 1687 ἐναντίαι,
3403 1621 3500 1692 ήδη
3534 1624 3662 1697 περί

433 1721 619 1778 sertim
676 1718 972 1779 contraria,
1027 1716 1096 1770 de
1148 1714 1365 1768 homine
1411 1710 1522 1781 jam
1569 1716 1624 1764 et
1670 1708 1737 1763 de
1787 1706 1999 1775 reliqua

2101 1717 2156 1754 τε
2190 1702 2473 1775 ἀνθρώπου
2504 1707 2596 1758 καὶ
2628 1707 2724 1777 τῆς
2755 1707 2919 1779 ἄλλης
2962 1709 3319 1782 δημιουργίας
3353 1713 3623 1768 διαλαϐεῖν
3642 1732 3658 1746 ο

433 1811 643 1866 fabrica
702 1808 976 1864 disserere
1030 1822 1043 1857 :
1100 1791 1235 1859 nihil
1292 1811 1473 1857 tamen
1528 1799 1801 1871 prohibet,
1848 1796 1994 1866 quin

2101 1794 2241 1863 ὅμως
2273 1795 2329 1848 δὲ
2359 1796 2421 1848 τὸ
2452 1796 2656 1850 κωλῦον
2683 1799 2831 1852 οὐδὲν
2864 1800 2957 1853 καὶ
2984 1801 3093 1853 τῶν
3132 1803 3498 1874 προτεθέντων
3533 1806 3664 1862 ἰδεῖν

432 1900 862 1962 consideremus,
889 1897 1161 1967 quomodo
1188 1894 1463 1966 proposita
1484 1890 1820 1946 incredibilia
1843 1895 1991 1943 sunt.

2101 1883 2160 1936 τὸ
2184 1885 2462 1942 ἀπίθανον.
2496 1889 2746 1942 Ἠτάκτει
2777 1890 2904 1961 γὰρ,
2932 1892 3111 1961 φησὶν,
3135 1894 3166 1962 ἡ
3196 1892 3292 1964 ῦλη
3320 1895 3471 1948 ποτέ.
3496 1897 3661 1952 Ποίαν

435 1990 753 2051 Ferebatur,
798 1987 999 2057 inquit,
1054 1984 1350 2055 aliquando
1400 1981 1629 2036 materia
1684 1978 1997 2050 perturbato

2101 1975 2355 2043 ἀταξίανς
2398 1974 2508 2050 ἆρά
2543 1997 2605 2048 γε
2650 1980 2771 2035 καθ’
2815 1981 3011 2054 ἑαυτὴν
3056 1979 3273 2055 οὖσα.ἢ
3316 1986 3458 2040 κατά
3482 2004 3659 2053 τινος;

434 2082 648 2137 ordine.
679 2078 798 2146 Qua
826 2078 1038 2133 ordinis
1064 2073 1506 2147 perturbatione?
1533 2087 1601 2127 an
1636 2086 1820 2125 secum
1841 2066 1998 2124 sola?

2101 2068 2279 2123 ἀδικία
2319 2070 2429 2142 γὰρ
2467 2072 2670 2137 ἀπασα,
2715 2073 2913 2143 ἑαυτῆς
2962 2079 3061 2130 οὐκ
3102 2077 3169 2131 ἂν
3208 2079 3418 2146 γένοιτο
3458 2080 3679 2145 ἀδικίαλ

434 2187 506 2226 an
553 2178 744 2227 contra
790 2167 1065 2239 aliquem?
1098 2166 1277 2221 omnis
1304 2164 1449 2220 enim
1479 2162 1742 2232 injustitia
1776 2175 1884 2215 non
1913 2165 2000 2214 est

2101 2159 2265 2215 δεῖται
2294 2161 2349 2215 δέ
2375 2163 2561 2233 ἑτέρου
2602 2164 2768 2229 τινὸς,
2801 2166 2922 2219 καθ’
2956 2163 3017 2222 οὗ
3048 2169 3242 2237 γένοιτ’
3265 2170 3350 2227 ἀν.
3384 2172 3447 2224 Ἡ
3484 2173 3663 2227 τοίνυν

2172 1525 2368 1596 Ἤρκει
2395 1526 2475 1584 δὲ.
2506 1527 2604 1579 οὐκ
2633 1526 2848 1581 ἔλαττον
2885 1528 3180 1593 δείξαντας,
3211 1530 3286 1594 ὡς
3313 1531 3559 1602 οὐδαμῶς
3596 1532 3664 1586 ἀν

436 2262 525 2317 sui
570 2261 885 2330 injustitia;
942 2258 1038 2315 sed
1095 2258 1267 2312 altero
1308 2255 1535 2325 indiget,
1584 2254 1640 2308 in
1683 2267 1842 2322 quem
1886 2251 1996 2304 ﬁat.

434 2353 535 2407 Cui
560 2353 728 2423 igitur
752 2366 866 2406 non
896 2356 1015 2406 erat
1043 2347 1405 2404 communitas
1425 2361 1548 2400 cum
1580 2345 1725 2411 alio;
1755 2343 1809 2396 in
1837 2356 1998 2413 quem

440 2442 754 2513 perturbato
799 2440 990 2497 ordine
1038 2438 1356 2495 ferebatur?
1382 2444 1477 2492 aut
1506 2451 1627 2506 quae
1658 2434 1803 2489 ratio
1825 2434 2009 2503 ipsius

439 2531 900 2604 perturbationis?

511 2623 819 2680 Generabat
841 2620 1060 2693 quidem
1091 2621 1325 2691 primum
1351 2618 1593 2690 nequitia
1627 2615 2001 2688 progrediens,

437 2724 493 2770 et
544 2715 827 2771 crescebat
878 2733 890 2768 :
945 2714 1112 2785 igitur
1166 2713 1407 2784 ingenita
1451 2710 1766 2782 generabat,
1802 2718 1856 2763 et
1891 2722 2001 2762 non

438 2806 544 2861 erit
588 2807 743 2863 locus
787 2805 1024 2867 dicendi,
1071 2811 1331 2859 aeternam
1380 2801 1583 2872 aliquid
1613 2799 1738 2855 novi
1763 2798 1941 2853 moliri
1983 2814 1997 2851 :

439 2906 534 2955 aut
594 2899 738 2956 enim
795 2906 990 2952 natura
1047 2896 1322 2960 molietur,
1374 2903 1535 2963 atque
1583 2894 1657 2947 ita
1722 2907 1999 2961 nunquam

442 2988 734 3044 intermisit
776 3003 960 3041 rerum
1003 3000 1266 3039 novarum
1311 2983 1643 3039 molitionem
1693 3001 1705 3036 :
1751 2982 1798 3037 si
1841 2981 2002 3035 modo

442 3079 717 3148 appellare
782 3085 999 3148 oportet
1063 3090 1329 3130 novarum
1387 3090 1568 3130 rerum
1626 3073 1996 3136 molitionem,

444 3178 637 3226 contra
679 3184 842 3240 quam
880 3168 1153 3239 negotium
1202 3183 1231 3220 a
1272 3166 1382 3221 Deo
1425 3173 1734 3235 susceptum
1778 3164 2003 3219 minime

443 3256 770 3326 principium
794 3255 1058 3324 temporis
1084 3253 1277 3308 haheat
1302 3271 1317 3320 ;
1348 3262 1440 3306 aut
1473 3252 1519 3308 si
1551 3252 1653 3306 hoc
1674 3250 2007 3321 cogitatione

446 3355 607 3402 utens
649 3345 797 3409 facit,
850 3346 1111 3399 rationem
1164 3343 1327 3398 habet
1367 3352 1422 3399 et
1461 3342 1828 3413 cognitionem
1879 3359 1893 3395 :
1950 3346 2006 3395 et

442 3452 633 3494 eversa
685 3446 769 3492 est
810 3450 975 3491 causa
1028 3435 1285 3507 nequitiae
1325 3434 1533 3489 ratione
1572 3432 1829 3488 carentis.
1878 3431 2007 3487 Sive

443 3529 612 3600 igitur
667 3527 1087 3582 ratiocinatione
1140 3534 1337 3589 utens,
1396 3524 1511 3581 sive
1574 3532 1723 3578 motu
1772 3523 2007 3578 rationis

443 3627 665 3691 experte
714 3620 1034 3676 seditionem
1081 3619 1270 3679 movit,
1322 3630 1444 3687 quae
1494 3615 1634 3671 ratio
1670 3615 1893 3686 patitur,
1947 3622 2007 3669 ut

443 3711 673 3766 inﬁnitis
709 3710 923 3765 saeculis
967 3708 1192 3764 dimissa
1222 3708 1294 3763 sit
1324 3706 1639 3775 hujusmodi
1683 3706 2007 3762 seditionem

444 3800 702 3857 movere?
727 3815 792 3855 ex
821 3815 933 3869 quo
960 3798 1104 3853 enim
1138 3797 1269 3853 dicit
1310 3796 1609 3853 cohibitam
1647 3804 1702 3852 et
1741 3804 2006 3852 retentam

444 3907 587 3958 esse,
614 3900 872 3962 punctum
913 3892 1170 3961 temporis
1200 3890 1421 3945 ﬂuxisse
1452 3889 1771 3959 reperietur,
1804 3888 1849 3944 si
1882 3902 2007 3942 cum

446 3982 676 4038 inﬁnitis
705 3981 918 4038 saeculis
948 3979 1238 4050 praeteritis
1269 3986 1635 4048 comparetur.
1669 3975 1823 4042 Quod
1863 3976 2006 4030 enim

448 4071 639 4142 incipit
665 4080 720 4128 et
748 4071 1024 4136 terminat,
1059 4070 1271 4125 ﬁnitum
1294 4077 1378 4125 est
1404 4086 1419 4135 ;
1449 4069 1540 4139 qui
1575 4074 1754 4122 autem
1781 4076 1909 4123 sunt
1941 4084 2008 4121 ex

447 4173 562 4218 tuto
596 4163 792 4218 inﬁniti
817 4164 1003 4219 aeterni
1039 4171 1168 4219 sunt
1195 4170 1249 4217 et
1271 4161 1516 4232 ingeniti.

517 4256 806 4322 Praeterea,
849 4258 895 4312 si
926 4255 1341 4311 ratiocinatione
1389 4262 1548 4309 utens
1585 4252 1651 4308 ad
1687 4251 2006 4308 seditionem

447 4350 880 4421 depravabatur;
916 4348 1189 4420 quomodo
1240 4362 1349 4404 non
1401 4349 1586 4418 potius
1625 4345 1903 4417 aggressio
1931 4344 2008 4399 rei

449 4458 571 4512 qua:
606 4442 723 4497 ﬁeri
760 4456 869 4497 non
913 4450 1147 4512 poterat,
1188 4442 1494 4509 interrupta
1535 4446 1589 4494 et
1631 4437 1868 4494 rescissa
1895 4434 2011 4491 est?

449 4542 707 4604 tauquam
733 4548 841 4588 non
863 4542 1047 4603 posset
1068 4539 1259 4588 contra
1286 4531 1606 4600 sapientiam
1631 4528 1890 4583 invictam
1923 4527 2008 4580 in-

449 4627 755 4681 cursionem
780 4625 994 4681 facere?
1026 4625 1168 4680 unde
1198 4624 1396 4678 factum
1424 4630 1528 4685 est,
1549 4628 1606 4675 ut
1643 4627 1913 4682 caverent,
1943 4632 2010 4672 nc

449 4717 500 4771 ei
540 4717 806 4772 rationem
849 4723 905 4771 et
947 4715 1310 4787 cognitionem
1344 4711 1687 4774 tribuerent,
1737 4717 1797 4764 ut
1830 4710 2009 4763 locum

449 4808 675 4864 haberet
722 4816 1091 4864 commentum
1132 4805 1419 4863 seditionis
1454 4812 1644 4859 contra
1692 4801 1856 4858 Deum
1900 4821 1912 4856 :
1957 4810 2011 4856 et

452 4903 761 4957 necessario
809 4903 878 4957 ab
929 4902 1237 4973 ignorantia
1288 4909 1342 4956 et
1402 4906 1597 4954 natura
1639 4913 1746 4952 non
1784 4896 2007 4951 ratioci-

451 5002 617 5050 nante
669 5002 866 5060 tracta,
929 5010 1040 5049 non
1097 4994 1435 5065 exspectabit
1502 4991 1711 5046 inﬁnita
1786 4989 2006 5050 saecula,

451 5082 580 5139 dum
641 5100 701 5140 se
749 5091 925 5139 armat
981 5092 1038 5140 ct
1089 5100 1148 5139 se
1192 5086 1432 5139 exercitu
1485 5083 1646 5154 sopit,
1702 5088 1762 5136 ut
1808 5079 1900 5134 ﬁat
1943 5078 2009 5133 ad

452 5175 732 5231 audaciam
802 5177 1119 5246 promptior.
1195 5174 1252 5229 Si
1312 5177 1455 5230 enim
1521 5174 1793 5244 c0piosior
1852 5171 2010 5226 ﬁebat

451 5267 520 5323 iis
557 5283 696 5338 quos
737 5267 1030 5338 generabat
1056 5307 1072 5330 ,
1114 5282 1455 5338 nequaquam
1493 5276 1671 5321 tamen
1715 5265 2009 5335 appetitum

452 5365 663 5411 natura:
719 5358 972 5429 augebat,
1039 5371 1214 5427 neque
1276 5370 1456 5413 motus
1526 5356 1794 5411 naturalis
1849 5352 2011 5424 quid-

453 5463 616 5517 quam
668 5451 935 5519 appetitus
988 5449 1333 5527 assumebat,
1387 5463 1563 5518 neque
1615 5445 1904 5501 accidisset
1959 5444 2007 5498 ei

456 5540 690 5611 primum
737 5540 956 5610 quidem
998 5556 1312 5614 augescere,
1349 5551 1511 5612 atque
1564 5541 1638 5594 ita
1688 5539 2008 5595 seditionem

456 5645 672 5687 movere
697 5647 712 5697 ;
744 5632 847 5686 hoc
873 5633 1016 5687 enim
1041 5642 1248 5688 naturae
1275 5635 1482 5688 ratione
1522 5632 1722 5688 utentis
1761 5638 1862 5697 est,
1890 5643 2008 5700 qua:

454 5735 519 5775 ex
540 5722 816 5790 proposito
841 5724 1085 5794 nequiter
1113 5725 1240 5795 agit.

529 5812 601 5883 (υς)
633 5811 812 5879 Forte,
839 5815 1069 5881 ἐδέξατο.
1104 5815 1259 5871 Enn.

2090 2252 2268 2323 ἑτέρῳ
2299 2255 2405 2308 τινὶ
2439 2255 2512 2326 μὴ
2544 2257 2986 2312 ὲπικοινωνοῦσα.
3009 2262 3148 2315 κατὰ
3173 2262 3315 2326 τίνος
3334 2264 3592 2332 manu;
3624 2266 3669 2336 ἢ

2096 2345 2181 2408 τίς
2208 2346 2235 2397 ὁ
2262 2345 2417 2414 λόγος
2442 2347 2542 2417 τῆς
2565 2348 2789 2416 ἀταξίας
2814 2351 3011 2421 αὐτῆς;

2183 2620 2404 2688 Ἐγέννα
2463 2623 2559 2691 μὲν
2625 2624 2837 2694 πρῶτον
2900 2626 3161 2698 προϊοῦσα
3235 2626 3329 2680 καὶ
3380 2626 3677 2697 ηὐξάνετο,⁸

2101 2708 2264 2777 φησίν
2283 2727 2295 2738 ·
2327 2710 2519 2764 οὐκοῦν
2552 2711 2735 2777 ἀϊδίως
2767 2713 2990 2784 ἢάΐδιος
3027 2717 3270 2784 ὲγένννα,
3297 2722 3329 2789 ἡ
3366 2718 3664 2788 ἀγέννητος

2100 2800 2310 2867 ἐγέννα,
2345 2802 2439 2855 καὶ
2475 2802 2654 2874 χώραν
2698 2807 2795 2875 οὐχ
2828 2807 2935 2873 ἓξει
2979 2808 3039 2860 τὸ
3087 2814 3424 2881 καινοτομεῖν
3463 2830 3515 2866 τι
3563 2814 3665 2881 τὴν

2100 2888 2287 2944 ἀΐδιονο
2325 2891 2356 2961 ἢ
2402 2892 2509 2962 γάρ
2547 2892 2703 2962 φύσει
2728 2899 3128 2967 καινοτομήσει,
3157 2901 3250 2953 καὶ
3280 2901 3530 2955 οὐδέποτε
3562 2903 3665 2972 τῆς

2101 2982 2442 3052 καινοτομίας
2486 2986 2787 3040 ἐπέπαυτο·
2818 2990 2867 3041 εί
2910 2988 2972 3057 δὴ
3011 2989 3167 3043 τοῦτο
3207 2994 3551 3063 καινοτομίαν
3582 2994 3671 3046 δεῖ

2102 3072 2301 3136 καλεῖν,
2333 3074 2409 3136 ὡς
2442 3076 2705 3147 μηδαμῶς
2748 3080 3001 3151 χρονικὴν
3036 3083 3209 3153 ἀρχὴν
3241 3083 3383 3153 ἔχειν
3406 3085 3504 3154 τὴν
3543 3086 3664 3138 κατ’

2100 3165 2270 3235 αὐτῆς
2309 3166 2402 3219 τοῦ
2434 3168 2638 3236 ἀγαθοῦ
2691 3172 3092 3243 μεταχείρησιν,
3145 3175 3187 3245 ἢ
3217 3174 3460 3247 λογισμῷ
3505 3176 3679 3231 τοῦτο.

2100 3257 2412 3328 πράττουσα
2439 3258 2593 3328 λόγον
2618 3259 2736 3331 ἔχει
2763 3264 2855 3316 καὶ
2883 3263 3081 3331 γνῶσιν
3101 3282 3129 3297 ο·
3145 3264 3239 3320 καὶ
3264 3267 3665 3338 ἀνατέτραπται

2099 3347 2200 3417 τῆς
2240 3347 2434 3417 ἀλόγου
2481 3351 2677 3416 κακίας
2718 3355 2750 3425 ἡ
2787 3356 3059 3420 ὑπόθεσις.
3087 3356 3211 3410 Εἴτε
3260 3354 3352 3412 οὖν
3396 3358 3661 3431 λογισμῷ,

2101 3442 2209 3496 εἴτε
2241 3444 2335 3497 καὶ
2365 3443 2630 3517 ἀλογίστῳ
2654 3449 2794 3520 φορᾷ
2818 3450 3159 3514 ἐπανίστατο,
3192 3450 3276 3515 τίς
3300 3452 3329 3503 ὁ
3353 3451 3509 3519 λόγος
3541 3451 3666 3514 τοὺς

2104 3533 2436 3604 ἀπεράντους
2459 3535 2660 3600 αἰῶνας
2686 3539 2888 3609 ταύτην
2908 3543 3159 3611 παρεῖναι
3195 3542 3329 3612 πρὸς
3357 3542 3457 3614 τὴν
3479 3542 3667 3596 τοιαύ-

2103 3639 2202 3693 την
2229 3623 2627 3691 ἐπανάστασινς
2658 3628 2750 3696 ἀφ’
2770 3622 2831 3681 οὗ
2861 3630 2965 3701 γὰρ
2989 3630 3354 3700 κατεσχῆσθαί
3376 3647 3538 3702 φησιν
3564 3632 3665 3685 αὑ-

2103 3714 2201 3787 τὴν
2260 3716 2361 3781 ἕως
2406 3716 2522 3783 νῦν,
2569 3722 2768 3791 στιγμῇ
2803 3720 2992 3791 χρόνου
3016 3720 3208 3789 γένοιτ’
3237 3721 3322 3785 ἀν,
3348 3724 3399 3775 εἰ
3424 3722 3664 3794 παραϐά-

2104 3806 2246 3860 λοιτο
2286 3812 2397 3872 τοῖς
2441 3810 2796 3881 προλαϐοῦσιν
2831 3815 3078 3885 ἀπείροις
3110 3813 3299 3867 αἰῶσι·
3330 3815 3390 3867 τὸ
3434 3815 3530 3885 μὲν
3560 3813 3665 3884 γὰρ

2104 3895 2269 3967 ἄρχον
2297 3899 2389 3952 καὶ
2415 3900 2651 3954 τελειοῦν
2686 3901 3041 3974 πεπέρασται·
3090 3906 3143 3957 οἱ
3165 3903 3223 3956 δέ
3254 3903 3532 3968 παντελῶς
3558 3905 3665 3959 ἀπ-

2108 3989 2323 4060 έραντοι
2352 3992 2512 4048 ἀΐδιοι
2541 4012 2597 4048 τε
2618 3998 2712 4049 καὶ
2740 3996 3040 4067 ἀγέννητοι.

2183 4275 2412 4329 Ἔπειτα
2432 4277 2480 4328 si
2494 4274 2736 4346 λογισμῷ
2764 4275 3056 4331 ἐκακύνετο
3074 4277 3210 4349 πρὸς
3230 4260 3339 4349 ⁹τὴν
3366 4280 3668 4334 ἐπανάστα-

2112 4380 2217 4429 σιν,
2235 4364 2351 4429 πῶς
2378 4366 2499 4436 οὐχὶ
2531 4366 2625 4418 καὶ
2668 4364 2908 4437 λογισμῷ
2938 4366 3161 4437 διεκόπη
3197 4368 3258 4421 τὸ
3288 4369 3545 4424 ἀδύνατον
3567 4373 3668 4443 τῆς

2038 4484 2082 4540 D
2111 4460 2536 4532 ἐπιχειρήσεως;
2561 4460 2635 4523 ὡς
2659 4460 2756 4531 οὐχ
2771 4453 2880 4512 οἷόν
2903 4476 2963 4512 τε
2987 4459 3046 4513 ὃν
3070 4461 3387 4533 ἐπιδραμεῖν
3419 4464 3668 4536 ἀηττήτῳ

2114 4555 2306 4624 σοφίᾳς
2333 4552 2456 4606 ὅθεν
2482 4551 2786 4621 πεφεύγασι
2811 4552 3229 4623 προσομολογεῖν
3252 4554 3387 4625 αὐτῇ
3413 4555 3668 4627 λογισμόν

2110 4663 2169 4699 τε
2209 4647 2304 4709 καὶ
2334 4644 2552 4713 γνῶσιν,
2584 4643 2659 4707 ὡς
2688 4644 2754 4696 ἂν
2781 4642 2963 4716 χώραν
2992 4644 3104 4716 ἔχοι
3132 4646 3232 4717 τῆς
3254 4647 3671 4711 ἐπαναστάσεως

2109 4737 2209 4807 τῆς
2260 4735 2399 4789 κατὰ
2453 4735 2587 4789 Θεοῦ
2635 4737 2697 4790 τὸ
2746 4736 3000 4807 πλάσμαο
3056 4738 3151 4791 καὶ
3201 4738 3507 4807 ἐπάναγκες
3564 4739 3669 4792 ὑπὸ

2111 4826 2332 4895 ἀγνοίας
2365 4826 2458 4879 καὶ
2485 4826 2765 4895 ἀλογίστου
2801 4829 3011 4897 φύσεως
3040 4828 3300 4901 ἑλκομένη
3331 4830 3432 4883 οὐκ
3461 4829 3670 4894 ἐκδέξε-

2110 4936 2198 4972 ται
2221 4917 2477 4990 ἀπείρους
2510 4920 2605 4973 καὶ
2628 4921 2804 4974 ἀποπε
2814 4920 3034 4992 ράντους
3072 4921 3271 4986 αἰῶνας
3292 4921 3488 4994 ἑαυτὴν
3512 4922 3668 4976 ὁπλί-

2111 5012 2274 5078 ζουσα
2310 5012 2405 5066 καὶ
2442 5011 2663 5083 δυνάμει
2695 5012 3112 5085 περιϐάλλουσα,
3142 5015 3217 5077 ὼς
3246 5012 3494 5083 γενέσθαι
3534 5013 3669 5084 πρὸς

2109 5106 2208 5177 τὴν
2267 5105 2469 5177 τόλμαν
2517 5107 2955 5178 προχειροτέραν.
2990 5107 3052 5160 Ei
3091 5106 3199 5177 γάρ
3238 5106 3300 5175 δὴ
3349 5106 3442 5159 καὶ
3470 5106 3670 5160 πλείων

2109 5198 2352 5267 ἐγίγνετο
2379 5192 2460 5260 οἷς
2490 5198 2702 5266 ἐγέννα,
2742 5197 2855 5253 ἀλλ’
2891 5196 3011 5251 οὔτε
3040 5214 3102 5266 γε
3133 5198 3231 5267 τὴν
3256 5196 3430 5268 ὁρμὴν
3455 5196 3552 5268 τῆς
3576 5196 3673 5267 φύν

2112 5309 2248 5356 σεως
2267 5292 2546 5363 ηὐξάνετο,
2569 5291 2687 5345 οὐδὲ
2714 5289 3122 5362 προσελάμϐανε
3142 5306 3193 5342 τι
3212 5290 3414 5360 ταύτης
3431 5290 3493 5343 τὸ
3511 5308 3671 5353 φυσι-
3718 5356 3721 5365 ν

2111 5385 2205 5438 κὸν
2233 5385 2353 5455 κίνη
2362 5402 2455 5456 μα’
2475 5385 2581 5438 οὐδ’
2599 5384 2665 5437 ἀν
2686 5383 2920 5449 ἐδείξατο
2933 5382 3008 5453 (8)
3028 5381 3242 5453 πρῶτόν
3261 5397 3323 5449 γε
3345 5380 3669 5452 αὐξηθῆναι,

2110 5476 2206 5531 καὶ
2246 5476 2419 5541 οὕτως
2459 5477 2843 5546 ἐπαναστῆναι·
2871 5475 3027 5531 τοῦτο
3052 5474 3160 5545 γάρ
3186 5472 3407 5544 λογικῆς
3456 5472 3672 5543 φύσεως

2111 5567 2362 5639 προθέσει
2383 5567 2834 5638 πονηρευομένης.
