4100 6484
427 398 567 455 1089

1483 392 1848 455 ΜΠΕΒΞΠΞ
1892 392 2316 454 MANICH/EOS
2348 393 2480 455 LIB.
2518 396 2563 455 1.

3550 404 3687 464 10:30

498 512 622 575 Πῶς
644 511 699 564 δέ
716 513 821 565 καῖὶ
843 510 1072 583 αὔξησις
1092 512 1192 582 τῆς
1223 511 1421 575 κακίας
1447 514 1642 581 γένοιτ’
1678 515 1743 568 ἂν
1770 514 1804 585 ἦ
1831 532 1985 587 προσ-

2174 514 2459 580 Quomode
2492 525 2673 571 autem
2709 518 2894 590 augeri
2926 526 3141 589 poterat
3186 519 3433 591 nequitia
3465 519 3540 592 (id
3571 531 3682 588 est,

426 606 568 676 ῦήκῃ
608 605 714 661 τῶν
749 605 1067 676 προϐολιῖης
1110 607 1174 659 Ei
1217 605 1325 676 γὰρ
1360 600 1440 669 οἷς
1492 607 1655 678 γεννᾷ
1696 606 1999 661 τελειοῦται

422 694 505 757 είς
542 696 762 761 κακίαν,
782 697 976 766 ἀτελὴς
1005 692 1073 768 ἦν
1108 698 1141 767 ὴ
1172 697 1359 763 κακία,
1387 698 1482 752 καὶ¹
1518 700 1618 753 οὐκ
1640 695 1708 771 ἦν
1742 704 1801 754 ἐν
1828 701 2001 773 ἀκρόο

421 799 546 854 τητι
576 786 774 850 κακίας
795 803 809 817 ο
841 788 889 839 εί
934 787 991 840 δέ
1019 787 1203 840 τελεία
1236 789 1330 841 καὶ
1366 790 1531 860 ἄκρα,
1567 791 1709 844 κατά
1734 791 1826 845 τὸν
1870 792 1998 845 ἴδιον

423 874 601 945 λόγον,
631 877 865 951 ἑκάτερα
898 880 1177 945 τάναντία,
1219 880 1472 952 οὐδαμῶς
1492 882 1817 948 αὐξάνεσθαι
1857 883 1999 949 δόξει

419 971 456 1039 ἡ
490 969 657 1024 κακία
700 969 788 1023 διὰ
815 970 922 1024 τῶν
967 971 1418 1043 προὸολῶν,.ούδέ
1462 973 1878 1046 θαρσαλεωτέρα
1904 995 1997 1046 γε-

422 1064 665 1133 νήσεται,
692 1064 883 1136 λογικὴ
914 1065 988 1135 μὴ
1013 1061 1319 1131 οὖσα,νούδέ
1350 1066 1488 1137 πρὸς
1516 1067 1838 1139 ἐπικουρίαν
1866 1069 1994 1122 ἐαυ-

420 1155 520 1225 τής
565 1157 978 1228 παραλήψεταιυ
1031 1156 1169 1222 δόξει
1213 1159 1320 1232 γάρ
1376 1160 1482 1231 πρὸ
1529 1161 1627 1231 τῆς
1675 1160 1989 1225 τεκνώσεως

413 1249 619 1319 ἀτελὴς
657 1250 933 1318 γεγονέναι
979 1249 1038 1304 οὐ
1085 1252 1244 1323 μόνον
1298 1252 1434 1324 πρὸς
1471 1253 1669 1307 κακίαν
1711 1254 1745 1323 ή
1785 1254 1985 1317 κακία,

414 1339 555 1393 ἀλλὰ
601 1342 694 1393 καὶ
741 1341 877 1413 πρὸς
933 1343 1084 1413 ἰσχὺν
1130 1343 1223 1396 καὶ
1268 1342 1458 1415 ῥώμην
1537 1344 1674 1415 ὅπερ
1715 1342 1993 1413 ἀλλότριον

417 1435 737 1506 ἀγεννήτου.

2108 608 2364 679 Satanas)
2390 608 2721 664 "accessione
2770 611 3014 667 sobolis?
3055 613 3106 669 si
3138 613 3282 668 cnim
3326 614 3394 668 iis
3428 628 3566 684 quos
3601 616 3686 686 gi—

2106 699 2327 769 gnebat,
2358 700 2424 754 ad
2454 702 2752 772 nequitiam
2776 704 3077 772 perﬁcitur,
3101 704 3418 775 imperfecta
3440 714 3560 761 erat
3583 723 3683 763 ne-

2105 791 2298 862 quitia,
2333 800 2387 848 c't
2416 807 2522 847 non
2555 802 2675 847 erat
2716 793 2770 846 in
2802 810 3016 848 summo
3039 802 3094 849 et
3119 793 3338 865 fastigio
3379 797 3678 866 nequitiae:

2105 884 2193 940 sin
2224 900 2353 941 vero
2389 893 2508 940 erat
2539 884 2785 955 perfecta
2829 895 2884 940 et
2934 900 3147 940 summa
3173 888 3471 942 secundum
3511 888 3684 942 ratio-

2102 990 2226 1031 nem
2258 977 2556 1048 propriam,
2588 991 2785 1032 rursus
2816 976 3040 1033 minime
3070 977 3343 1032 videbitur
3371 980 3556 1049 augeri
3591 995 3682 1033 ne-

2099 1068 2271 1137 quitia
2308 1084 2406 1139 per
2449 1069 2893 1139 propagationem
2932 1076 3336 1140 generatorum,
3378 1087 3552 1141 neque
3588 1071 3681 1127 [iet

2095 1158 2356 1215 audacior
2370 1168 2420 1215 et
2438 1161 2824 1231 praetidentior,
2850 1176 2972 1216 cum
2987 1177 3096 1216 non
3118 1162 3190 1217 sit
3215 1164 3487 1235 particeps
3508 1166 3681 1221 ratio-

2092 1252 2216 1319 nis;
2267 1268 2367 1308 nec
2403 1252 2471 1306 ad
2503 1254 2762 1308 auxilium
2796 1269 2955 1309 suum
2986 1255 3263 1311 adhibebit
3284 1271 3423 1327 quos
3454 1259 3675 1328 genuit;

2098 1344 2303 1415 alioqui
2342 1345 2611 1401 videbitur
2657 1354 2945 1417 antequam
2975 1358 3321 1417 procrearet,
3358 1350 3677 1420 imperfecta

2103 1434 2274 1492 fuisse
2321 1453 2431 1493 non
2484 1439 2661 1493 solum
2704 1438 2946 1509 nequitia
2987 1439 3056 1497 ad
3097 1441 3419 1510 nequitiam,
3468 1440 3564 1497 sed
3605 1441 3675 1497 ad

2099 1528 2243 1584 vires
2283 1537 2335 1583 et
2361 1530 2564 1597 robur;
2595 1530 2740 1600 quod
2767 1530 3004 1586 alienum
3034 1539 3122 1589 est
3150 1534 3220 1591 ab
3261 1533 3525 1604 ingenito.

1081 1636 1211 1692 Car.
1253 1635 1393 1692 XVI.
1426 1636 1628 1693 Seditio
1667 1640 1803 1692 inter
1828 1647 1982 1694 natos
2014 1639 2148 1693 mali
2185 1640 2451 1708 principii.
2486 1639 2762 1706 Quomodo
2788 1639 2998 1696 sedata.

487 1729 591 1782 Τὸν
629 1728 684 1781 δὲ
731 1728 929 1800 τρόπον
979 1729 1079 1799 τῆς
1131 1731 1552 1794 ἐπαναστάσεως
1598 1729 1987 1801 εἰσηγούμενος

2165 1729 2478 1802 Explanans
2505 1739 2687 1787 autem
2718 1732 2939 1789 modum
2971 1731 3258 1788 seditionis
3288 1733 3453 1804 hujus
3489 1734 3668 1801 facta,

416 1820 640 1892 ταύτης,
687 1822 851 1892 φησίν
871 1838 886 1853 ο
921 1823 1193 1875 Ἤλαυνον
1218 1824 1311 1876 καὶ
1338 1822 1628 1893 κατήσθιον
1656 1826 1704 1877 οἱ
1729 1822 1789 1887 ἐξ
1821 1824 1985 1895 αὐτῆς

2090 1822 2215 1889 Qui,
2261 1823 2460 1894 inquit,
2508 1839 2575 1879 ex
2616 1838 2679 1878 ea
2721 1825 2833 1878 nati
2870 1831 3029 1887 sunt,
3079 1840 3139 1881 se
3185 1834 3375 1882 mutuo
3421 1827 3671 1884 insectati

412 1913 691 1985 ἀλλήλοις,
722 1915 870 1968 δεινά
899 1917 993 1968 καὶ
1020 1915 1231 1986 χαλεπά
1252 1915 1581 1980 διατιθέντες
1599 1934 1611 1947 ·
1645 1919 1739 1971 καὶ
1772 1919 1833 1970 ού
1860 1918 1991 1988 πρό-

414 2022 576 2078 τερον
598 2006 906 2060 ἐπαύσαντο
938 2007 1186 2078 ἀλλήλοις
1210 2008 1648 2079 ἐπανιστάμενοι,
1685 2009 1822 2081 αὐτῇ
1846 2008 1989 2073 λέξει

418 2099 573 2170 φησὶ,
607 2101 800 2171 μέχρις
842 2094 902 2154 οὗ
933 2099 994 2153 τὸ
1036 2099 1151 2170 φῶς
1187 2100 1285 2170 ὀψέ
1330 2118 1460 2154 ποτε
1494 2100 1817 2172 ἐφώρασαν·
1862 2102 1990 2156 διω-

410 2191 637 2261 κόμενοι
661 2189 770 2262 γὰρ
817 2191 910 2244 ἀπ’
942 2191 1216 2263 ἀλλήλων,
1253 2191 1572 2261 ἀγνοοῦντες
1605 2193 1723 2263 μὲν,
1751 2193 1902 2264 ὅμως
1931 2193 1990 2247 δέ

416 2281 782 2353 τετολμήκασι
811 2282 905 2337 καὶ
938 2282 1098 2355 μᾶχρι
1117 2282 1211 2336 τοῦ
1247 2284 1425 2353 φωτὸς
1456 2283 1778 2354 ἀναχθῆναι.
1798 2285 1910 2337 Καὶ
1936 2284 1989 2337 τί

414 2373 478 2445 δὴ
507 2373 710 2427 τούτων
747 2371 1152 2446 ἀπιθανώτερον
1181 2373 1214 2445 ἢ
1240 2373 1672 2445 μυθωδέστερονς
1709 2366 1835 2438 rei};
1861 2374 1988 2446 μίαν

405 2467 516 2535 ,μὲν
562 2465 1032 2538 ἐπιγραφομένους
1066 2465 1309 2537 μητέρα,
1344 2467 1633 2537 συγγενείᾳ
1675 2465 1732 2518 δέ
1774 2465 1988 2535 φύσεως

414 2558 747 2628 ήνωμένους,
774 2556 1023 2628 ἀλλήλοις
1051 2557 1375 2628 ἐπιφύεσθαι
1404 2559 1603 2629 μάτην,
1625 2559 1717 2610 καὶ
1746 2557 1987 2629 ἀλλήλων

412 2648 481 2702 τά
505 2649 640 2720 μέλη
670 2648 999 2713 κατεσθίειν,
1017 2651 1109 2702 καὶ
1134 2649 1398 2721 μηδέποτε
1424 2650 1609 2721 λήγειν
1631 2649 1789 2703 τοῦτο
1817 2650 1987 2722 δρῶν-

408 2757 544 2805 ντας;
585 2742 760 2813 Ὅπερ
788 2743 835 2794 εἰ
863 2741 956 2794 καὶ
979 2740 1178 2813 ἀληθὲς
1214 2737 1303 2813 ἦν,
1339 2741 1545 2812 βέλτιον
1564 2738 1632 2811 ἦν
1664 2742 1861 2804 αὐτοὺς
1895 2742 1985 2810 ὑφ’

411 2834 621 2888 ἑαυτῶν
645 2834 1065 2889 ἀναλίσκεσθαιο
1092 2836 1186 2888 καὶ
1229 2835 1405 2905 μάτην
1426 2836 1455 2888 ὁ
1499 2836 1725 2906 ἀνόητος
1757 2834 1985 2901 ἀταξίαν

408 2927 569 2981 καλεῖ
592 2927 652 2980 τὸ
674 2927 950 2999 συμφέρον
971 2945 984 2958 ’
1015 2926 1219 2998 ταύτης
1244 2927 1354 2998 γὰρ
1387 2926 1617 2998 μάλιστα
1654 2927 1753 2997 τῆς
1786 2927 1984 2989 κακίας

397 3018 653 3091 ὑρίζεται
678 3018 775 3090 τὴν
804 3019 909 3091 πρὸ
939 3019 1141 3090 κόσμου
1176 3018 1433 3084 ἀταξίαν·
1465 3018 1528 3088 ήν
1559 3017 1750 3089 ὥσπερ
1784 3016 1985 3070 λυπού-

414 3128 574 3181 μενος
600 3111 698 3180 τῆς
724 3111 852 3182 ’ύλης
882 3110 1053 3175 οὕτως
1081 3111 1354 3181 ὀνομάζει,
1381 3111 1463 3164 ὄτι
1494 3110 1568 3181 μὴ
1598 3112 1981 3181 προσηκόντως

404 3204 501 3272 ὑφ’
522 3203 722 3273 ἐαυτῆς
750 3204 1099 3275 ἀνηλίσκετοο
1135 3204 1228 3256 καὶ
1248 3203 1437 3275 ὥσπερ
1462 3220 1547 3265 τις
1580 3201 1729 3270 φίλος
1754 3200 1978 3272 ταύτης,

400 3295 691 3366 ἀδημονῶν
728 3296 811 3364 ἐφ’
848 3291 927 3359 οἷς
962 3295 1162 3365 ἑαυτὴν
1191 3294 1585 3357 κατέϐλαπτεν,
1627 3292 1852 3357 ἀταξίαν
1886 3310 1984 3346 κα·-

407 3387 521 3440 λεῖ·
548 3387 584 3441 ἃ
610 3388 993 3458 συμφερόντως
1022 3385 1140 3439 καθ’
1162 3385 1359 3456 ἑαυτῆς
1382 3384 1510 3454 ἕδρα
1528 3405 1542 3415 υ
1577 3383 1695 3437 δέον
1727 3382 1982 3447 εὐταξίαν

405 3479 506 3550 τήν
537 3478 795 3532 ἀνωτάτω
812 3478 1133 3541 καλέσαι,τὸ
1160 3477 1474 3549 φθείρεσθαι
1497 3493 1560 3546 γε
1590 3476 1679 3545 ὑφ’
1696 3474 1891 3529 ἐαυτοῦ
1921 3476 1982 3528 τὸ

406 3570 595 3625 κακόν.
615 3571 673 3623 '0
703 3571 779 3624 δέ.
810 3572 1124 3635 Ἠτάκτουν,
1142 3572 1294 3641 φησι,
1320 3570 1414 3624 καὶ
1436 3569 1654 3641 ὴδίκουν
1684 3568 1947 3641 ἀλλήλους
1966 3585 1980 3600 '

406 3660 471 3713 τὸ
503 3661 618 3730 φῶς
637 3660 695 3714 δέ
736 3660 932 3724 ἰδόντες
961 3660 1289 3715 ἐπαύσαντο.

2094 1925 2220 1970 sunt
2258 1924 2313 1971 et
2352 1916 2775 1980 devoraverunt,
2815 1915 2951 1970 dura
2984 1923 3040 1971 et
3095 1916 3282 1987 gravia
3338 1919 3529 1987 passi;
3573 1934 3670 1973 nc-

2090 2022 2197 2076 que
2249 2006 2401 2076 prius
2463 2005 2796 2062 destiterunt
2846 2008 2902 2061 in
2948 2023 3008 2063 se
3054 2008 3205 2078 ipsos
3251 2009 3457 2064 moveri
3502 2025 3669 2080 quam

2091 2100 2275 2155 lumen
2313 2113 2438 2153 sero
2466 2099 2686 2153 tandem
2727 2097 3014 2166 viderent;
3057 2100 3145 2155 his
3180 2101 3327 2155 enim
3350 2101 3533 2157 verbis
3561 2103 3670 2157 uti-

2091 2196 2216 2257 tur;
2266 2204 2296 2242 a
2332 2205 2391 2245 se
2434 2191 2580 2245 enim
2627 2190 2731 2261 ipsi
2776 2192 3034 2262 exagitati
3081 2208 3207 2247 cum
3243 2193 3443 2265 alioqui
3494 2196 3672 2251 nesci-

2088 2292 2231 2347 rent,
2257 2284 2328 2336 ita
2364 2290 2546 2338 tamen
2575 2285 2691 2339 ausi
2721 2293 2849 2341 sunt
2880 2301 3051 2355 usque
3079 2286 3146 2339 ad
3171 2285 3350 2341 lumen
3382 2288 3666 2344 accedere.

2088 2372 2294 2444 Ecquid
2342 2373 2427 2428 bis
2472 2373 2850 2430 incredibilius
2896 2383 2952 2430 et
3003 2375 3179 2445 magis
3224 2377 3666 2433 commentitium

2085 2479 2181 2519 eos
2212 2465 2304 2534 qui
2336 2479 2498 2518 unam
2539 2472 2766 2521 matrem
2802 2466 2908 2522 sibi
2953 2468 3236 2522 ascribunt
3263 2476 3319 2524 et
3361 2468 3664 2532 vindicant,

2087 2564 2141 2610 et
2174 2558 2502 2625 cognatione
2548 2566 2756 2612 natura:
2778 2557 2955 2628 juncti
2992 2569 3141 2623 sunt,
3174 2560 3230 2614 in
3270 2575 3330 2617 se
3361 2561 3511 2632 ipsos
3550 2561 3668 2616 l‘ru-

2087 2655 2201 2702 stra
2232 2647 2511 2712 invadere,
2570 2659 2624 2704 et
2660 2650 2905 2707 vicissim
2947 2652 3195 2707 membra
3225 2668 3325 2709 sua
3374 2653 3666 2721 devorare,

2086 2750 2140 2793 et
2178 2755 2460 2810 nunquam
2506 2740 2560 2795 in
2603 2743 2706 2797 hac
2743 2758 2802 2797 re
2853 2745 3108 2799 cessare?
3140 2743 3297 2811 Quod
3345 2745 3566 2815 quidem
3617 2747 3667 2801 si

2085 2846 2275 2886 verum
2323 2839 2461 2897 erat,
2519 2833 2816 2903 praestabat
2857 2835 3005 2904 ipsos
3036 2851 3064 2889 a
3104 2851 3163 2891 se
3201 2836 3337 2906 ipsis
3371 2838 3617 2892 consumi
3648 2858 3662 2893 :

2085 2931 2139 2978 et
2187 2923 2421 2979 inaniter
2453 2924 2678 2981 demens
2727 2925 3122 2997 (Manichacus)
3177 2928 3426 2993 ἀταξίαν,
3476 2929 3529 2984 id
3558 2940 3665 2993 est,

2084 3016 2552 3086 perturbationem
2579 3018 2795 3094 ordinis
2827 3028 2987 3073 vocat
3017 3020 3070 3073 in
3094 3035 3179 3082 eo,
3206 3021 3350 3090 quod
3374 3021 3507 3076 utile
3537 3031 3621 3077 est
3649 3046 3663 3077 :

2089 3107 2216 3162 huic
2238 3108 2384 3163 enim
2419 3108 2678 3180 nequitiae
2705 3110 2931 3165 ascribit
2953 3117 3006 3163 et
3028 3110 3272 3181 assignat
3300 3113 3670 3181 perturbatio-

2085 3213 2212 3254 nem
2260 3199 2471 3252 ordinis
2519 3209 2645 3254 ante
2684 3202 2981 3268 mundum;
3026 3216 3187 3272 quam
3223 3202 3303 3257 sic
3330 3212 3509 3268 vocat,
3543 3210 3668 3258 tan-

2087 3307 2252 3361 quam
2284 3293 2487 3357 doleat,
2533 3300 2588 3347 et
2618 3307 2678 3347 se
2730 3293 2991 3349 misereat
3035 3294 3308 3358 materiae,
3357 3295 3503 3365 quod
3553 3311 3665 3351 non

2088 3384 2241 3454 prius
2268 3399 2295 3436 a
2329 3400 2387 3439 se
2439 3384 2557 3454 ipsa
2588 3383 2799 3439 utiliter
2831 3392 2885 3439 et
2917 3384 3308 3440 convenienter
3336 3398 3663 3457 consumpta

2085 3482 2267 3538 esset;
2298 3480 2352 3529 et
2375 3484 2630 3544 tanquam
2658 3473 2877 3543 quidam
2901 3474 3110 3528 amicus
3139 3473 3300 3543 hujus
3329 3488 3565 3530 moerens
3596 3489 3664 3531 ac

2088 3566 2324 3638 graviter
2351 3566 2562 3632 dolens,
2590 3564 2736 3637 quod
2762 3564 2867 3620 sibi
2897 3566 3199 3629 nocuisset,
3228 3581 3348 3635 quae
3376 3572 3567 3620 contra
3603 3581 3665 3623 se

2089 3660 2298 3714 utiliter
2331 3658 2478 3723 fecit,
2510 3660 2567 3715 in
2609 3659 2678 3713 iis
2719 3658 3182 3728 perturbationem
3228 3658 3435 3715 ordinis
3477 3668 3659 3725 vocat,

398 3767 534 3806 cum
558 3752 778 3807 deberet
802 3754 981 3823 potius
1005 3754 1452 3824 compositionem
1476 3753 1687 3809 ordinis
1744 3751 2261 3808 excellentissimam
2310 3767 2525 3818 vocare,
2592 3752 2819 3806 interire
2874 3750 3085 3806 scilicet
3121 3752 3322 3807 malum
3388 3768 3419 3806 a
3455 3752 3659 3823 seipso.

409 3844 504 3899 Ille
532 3853 712 3898 autem
740 3844 835 3907 ait,
885 3844 942 3898 ln
989 3845 1300 3914 perturbato
1353 3845 1544 3900 ordine
1612 3852 1791 3910 erant,
1825 3856 1881 3901 et
1908 3845 2015 3900 sibi
2052 3844 2196 3899 inter
2243 3859 2303 3899 se
2334 3844 2644 3911 nocebant;
2689 3843 2804 3898 viso
2841 3850 3021 3898 autem
3054 3844 3261 3899 lumine
3321 3844 3658 3901 desiverunt.

478 3939 686 3994 Οὐκοῦν
721 3940 1078 3995 ἐπεϐούλευσε
1116 3940 1193 4012 τῷ
1233 3941 1565 4013 συμφέροντι
1589 3942 1651 3994 τὸ
1684 3941 1822 4012 φῶς,
1861 3940 1977 4011 εῐγε

405 4034 534 4096 τοὺς
563 4034 767 4096 κακοὺς
801 4031 1045 4103 ἀλλήλων
1071 4031 1358 4104 ἐρρύσατο,
1392 4034 1487 4086 καὶ
1526 4032 1715 4104 ὥσπερ
1756 4032 1977 4104 φάρμα-

405 4141 505 4178 κον
528 4123 732 4196 ’ἰατροῦ
782 4124 1116 4195 εὐηργέτησε
1162 4124 1287 4188 τοὺς
1333 4123 1640 4187 νοσοῦντας.
1672 4125 1787 4177 Οὐκ
1824 4119 1892 4194 ἦν
1921 4124 1979 4177 δέ

400 4215 546 4288 πρὸς
592 4215 797 4286 ἀγαθοῦ
827 4215 1113 4286 φείσασθαι
1143 4214 1234 4268 τοῦ
1263 4215 1456 4279 κακοῦ,
1500 4217 1579 4278 εἰς
1614 4216 1675 4268 τὸ
1705 4215 1978 4287 διαμένειν

401 4309 503 4363 καὶ
531 4306 834 4373 σώζεσθαι,
883 4309 977 4361 καὶ
1013 4306 1086 4379 μὴ
1113 4308 1202 4376 ὑφ’
1239 4302 1435 4361 ἐαυτοῦ
1470 4306 1881 4363 ἀναλίσκεσθαι.
1917 4309 1980 4362 Εἰ

396 4401 516 4473 γὰρ
554 4402 642 4470 ὑφ’
665 4401 861 4454 ἐαυτοῦ
894 4399 1238 4454 δαπανᾶσθαι
1257 4400 1417 4454 τοῦτο
1451 4399 1796 4465 διεκώλυσεν,
1827 4401 1976 4455 ἀντι-

2154 3937 2324 4010 lgitur
2384 3940 2698 3995 insidiatum
2740 3945 2825 3994 est
2867 3938 3048 3992 lumen
3079 3938 3320 4006 utilitati,
3370 3937 3416 3994 si
3442 3938 3662 4008 quidem

2084 4032 2259 4086 malos
2298 4047 2329 4085 a
2365 4039 2554 4085 mutua
2591 4030 2738 4086 caede
2782 4029 3050 4091 liberavit.
3097 4041 3149 4085 et
3191 4040 3450 4100 tanquam
3482 4030 3660 4085 medi-

2085 4125 2209 4178 cina
2254 4122 2450 4179 medici
2501 4122 2704 4194 profuit
2744 4123 2981 4194 aegrotis.
3030 4120 3098 4174 At
3146 4136 3254 4176 non
3305 4120 3662 4176 conveniebat

2087 4218 2253 4284 bono,
2296 4226 2353 4272 ut
2385 4224 2630 4287 parceret
2672 4216 2835 4280 malo,
2883 4223 2937 4271 et
2971 4215 3172 4271 sineret
3213 4229 3528 4283 permanere
3569 4214 3657 4268 iu-

2087 4311 2322 4377 colume,
2351 4321 2402 4364 et
2432 4324 2540 4363 non
2574 4308 2777 4363 sineret
2800 4322 2831 4360 a
2863 4323 2922 4362 se
2951 4308 3068 4378 ipso
3096 4304 3366 4361 consumi.
3402 4303 3457 4359 Si
3488 4304 3657 4368 enim,

2085 4415 2155 4456 ne
2205 4416 2236 4454 a
2277 4416 2337 4456 se
2386 4406 2826 4463 consumeretur,
2862 4398 2964 4452 hoc
3003 4396 3305 4467 prohibuit,
3344 4396 3461 4466 ipse
3496 4396 3658 4466 plane

398 4491 727 4568 κρυςσαύτὸς
752 4492 1071 4564 διετήρησεν
1097 4491 1228 4546 αὐτό
1249 4508 1264 4522 ο
1299 4493 1394 4546 καὶ
1422 4491 1506 4564 εἴη
1534 4491 1599 4545 ἂν
1621 4491 1980 4564 ἀληθέστερον

2090 4492 2323 4548 servavit
2353 4493 2552 4563 ipsum,
2583 4498 2837 4562 essetque
2858 4491 3036 4545 verior
3063 4486 3277 4556 ἀταξία,
3304 4488 3354 4543 id
3379 4497 3483 4553 est,
3509 4488 3660 4544 aber-

404 4591 567 4646 τοῦτο
600 4588 817 4655 ἀταξία,
850 4589 878 4641 ὃ
912 4604 1044 4657 φησι
1075 4586 1172 4657 τήν
1205 4584 1432 4651 ἀταξίαν
1470 4583 1830 4638 πεπαυκέναι.
1852 4584 1979 4637 Ὅτε

406 4683 589 4738 τοίνυν
619 4682 754 4752 αὐτῇ
784 4680 924 4744 λέξει
955 4680 1117 4749 φησὶν
1138 4680 1171 4748 ή
1207 4678 1336 4746 παρ’
1371 4678 1552 4740 αὐτοῖς
1586 4674 1767 4747 βίϐλος
1786 4690 1800 4703 °
1835 4676 1980 4747 Πρὸς

408 4775 673 4846 ἀλλήλους
701 4771 1102 4836 στασιάζοντες.
1150 4771 1492 4825 ἐπεπόλασαν
1522 4771 1617 4825 καὶ
1662 4769 1823 4843 μέχρι
1868 4768 1977 4823 τῶν

413 4868 699 4942 μεθορίων,
732 4866 912 4920 καὶτὸ
934 4863 1049 4935 φῶς
1075 4860 1237 4925 εἶδον,
1270 4863 1450 4934 θέαμά
1483 4881 1537 4916 τι
1570 4862 1856 4918 κάλλιστον
1882 4863 1979 4916 καὶ

410 4962 850 5034 εὐπρεπέστατον
874 4977 887 4990 ·
924 4959 1064 5021 τότε,
1114 4956 1220 5011 ὑπὸ
1260 4957 1361 5028 τῆς
1406 4959 1463 5010 ἐν
1485 4957 1668 5019 αὐτοῖς
1714 4956 1979 5026 κινήσεως

412 5055 812 5119 ἐνθουσιῶντες,
840 5052 982 5106 κατά
1027 5049 1122 5104 τοῦ
1149 5051 1325 5120 φωτὸς
1370 5047 1778 5109 ἐϐουλεύσαντο,
1820 5047 1871 5099 τί
1914 5047 1977 5119 δὴ

415 5149 735 5218 ποιήσαντες
765 5146 1010 5201 δύναιντο
1035 5144 1101 5199 ἂν
1131 5145 1328 5208 αὐτοὺς
1350 5141 1426 5213 τῷ
1465 5141 1735 5213 κρείττονι
1777 5155 1979 5207 συγκε-

419 5240 604 5310 ράσαι;
632 5240 802 5295 Τοῦτο
824 5240 882 5294 δέ
922 5237 1242 5308 λογίσασθαι
1286 5237 1385 5307 οὐχ
1428 5229 1529 5289 οἶοί
1568 5251 1628 5287 τε
1652 5228 1814 5305 ἦσαν,
1862 5231 1979 5284 ἀλλ’

417 5333 674 5405 ἐπιθυμίᾳ
701 5335 795 5389 τοῦ
850 5331 1158 5405 κρείττονος
1209 5332 1339 5385 ῐδιον
1386 5330 1611 5401 θήραμα
1660 5326 1982 5397 νομίσαντες

412 5427 592 5491 αὐτοῖς
620 5427 859 5493 ἔσεσθαι,
900 5425 1086 5480 πολλοὶ
1117 5423 1269 5487 ὄντες
1312 5420 1833 5493 ἐπεστρατεύσαντο.

2088 4586 2225 4639 ratio
2257 4600 2288 4638 a
2325 4584 2470 4639 bono
2514 4584 2705 4638 ordine
2749 4582 2854 4636 hoc
2887 4581 3030 4653 quod
3073 4582 3170 4641 ait,
3220 4581 3486 4637 sublatam
3535 4596 3659 4636 esse

2086 4675 2548 4746 perturbationem
2577 4674 2806 4729 ordinis.
2850 4671 2941 4728 Sic
2972 4673 3138 4744 igitur
3176 4681 3261 4728 est
3302 4672 3358 4725 in
3394 4671 3534 4727 libro
3560 4672 3655 4744 qui

2086 4767 2229 4838 apud
2271 4767 2420 4838 ipsos
2449 4766 2625 4821 fertur
2652 4785 2665 4821 :
2695 4764 2963 4821 seditione
2994 4763 3139 4820 inter
3185 4765 3334 4833 ipsos
3363 4772 3504 4829 orta,
3537 4780 3659 4833 pro-

2085 4858 2303 4914 dierunt
2350 4873 2526 4928 usque
2573 4856 2643 4911 ad
2683 4855 3013 4922 conﬁnium,
3064 4863 3119 4911 et
3148 4856 3399 4910 viderunt
3448 4854 3653 4920 lumen,

2085 4951 2456 5020 spectaculum
2509 4949 2784 5021 quoddam
2837 4947 3267 5019 pulcherrimum
3312 4955 3367 5002 et
3415 4948 3657 5003 maxime

2085 5043 2345 5098 decorum
2382 5060 2395 5096 :
2438 5049 2567 5094 tunc
2598 5040 2962 5095 commotione
3000 5054 3098 5093 sua
3144 5038 3199 5093 in
3242 5038 3509 5092 insaniam
3549 5038 3655 5092 acti

2087 5134 2536 5191 consultaverunt
2562 5133 2630 5188 de
2654 5133 2858 5188 lumine
2887 5132 3017 5203 quid
3059 5129 3368 5186 faciendum
3398 5139 3564 5195 esset,
3596 5138 3657 5207 ut

2089 5243 2148 5283 se
2174 5243 2298 5281 cum
2336 5240 2401 5281 eo
2438 5224 2588 5298 quod
2626 5224 2977 5294 praestantius
3017 5233 3135 5279 erat
3180 5222 3492 5277 miscerent.
3543 5220 3658 5276 Hoc

2089 5328 2270 5375 autem
2306 5320 2546 5390 cogitare
2594 5333 2701 5372 non
2734 5325 3010 5388 poterant,
3069 5315 3164 5371 sed
3208 5331 3319 5385 prae
3361 5315 3659 5387 cupiditate

2086 5410 2330 5467 melioris
2362 5409 2607 5466 arbitrati
2643 5407 2881 5464 futuram
2926 5422 3050 5464 esse
3078 5407 3355 5478 propriam
3393 5406 3657 5478 praedam,

2085 5518 2209 5557 cum
2248 5501 2402 5556 multi
2429 5508 2635 5565 essent,
2669 5500 2968 5555 exercitum
3010 5497 3309 5553 instruunt.

1424 5627 1554 5682 CAP.
1591 5623 1753 5678 XVII.
1786 5620 2117 5677 Desiderium
2141 5619 2369 5675 hominis
2405 5624 2616 5673 bonum.

481 5725 746 5780 Λανθάνει
776 5725 834 5779 δέ
861 5729 974 5791 τοῖς
1010 5724 1110 5797 τῆς
1130 5725 1330 5790 κακίας
1354 5724 1488 5787 υἱοῖς
1513 5722 1582 5777 τὰ
1608 5720 1826 5775 πάντων
1846 5717 1980 5772 κάλ-

416 5813 566 5874 λιστα
615 5820 1037 5893 προμαρτυρίῖη.
1090 5820 1151 5874 Εἰ
1182 5818 1290 5890 γὰρ
1336 5817 1396 5872 τὸ
1435 5815 1718 5871 κάλλιστον
1763 5811 1855 5866 καὶ
1891 5809 1976 5863 εύ-

2157 5715 2513 5779 Μοιιίοιιωιιε,
2555 5727 2677 5784 qua:
2721 5718 2851 5767 sunt
2895 5709 3142 5765 omnium
3184 5707 3552 5781 pulcherrima
3603 5713 3658 5762 ct

2088 5809 2407 5879 bellissima,
2460 5807 2585 5867 (iliis
2629 5804 2886 5878 nequitia
2921 5802 3235 5861 testimonio
3274 5817 3375 5861 suo
3406 5799 3658 5877 nesciens
