4100 6416
501 360 629 415 1091

1632 352 1771 409 TITI
1808 348 2235 409 BOSTRENSIS
2274 349 2583 406 EPlSlIUPI

3611 352 3751 410 £092

498 473 709 529 tribuit.
739 470 948 527 Etenim
982 471 1028 527 si
1060 470 1206 541 quod
1234 480 1319 526 est
1346 470 1779 541 pulcherrimum
1814 478 1870 525 et
1896 469 2067 524 maxi-

2177 468 2553 538 πρεπέστατον
2607 467 2885 539 ἐρασμίως
2951 464 3122 534 εἶδον,
3174 469 3266 522 καὶ
3317 467 3750 539 ἐπιθυμήσαντες

499 582 588 624 me
616 567 855 622 omnium
902 566 1184 630 decorum,
1227 570 1478 617 amanter
1510 562 1787 628 viderunt,
1824 573 1879 616 et
1911 561 2071 631 cupi-

496 660 666 716 ditate
710 658 918 714 incensi
968 657 1243 729 propriam
1287 656 1522 725 prmdam
1564 670 1687 711 esse
1728 655 2074 711 existimave-

496 756 647 815 runt,
687 750 853 820 liquet
911 758 1058 803 recte
1107 748 1367 803 sensisse.
1414 746 1595 813 Quare
1639 746 1930 803 consilium
1979 761 2073 801 ca-

494 842 675 912 piunt,
696 842 787 912 qui
819 856 928 895 non
965 848 1093 895 sunt
1126 841 1351 895 rationis
1374 841 1687 910 participes,
1711 840 1984 911 quomodo
2014 855 2074 895 se

495 934 758 1003 ipsicum
794 933 996 988 lumine
1028 933 1338 999 misceant;
1388 939 1442 987 ct
1491 932 1819 1002 relinquitur
1844 972 1860 995 ,
1901 940 1961 986 ut
1988 931 2072 985 in-

492 1026 641 1080 vidia
687 1036 852 1091 esset,
902 1039 1011 1079 non
1054 1026 1367 1094 permittere
1427 1023 1549 1078 istis
1590 1022 1696 1076 frui
1741 1022 1928 1077 bono:
1963 1036 2070 1075 non

493 1118 642 1175 enim
683 1127 803 1173 erat
831 1132 1012 1173 sermo
1042 1115 1324 1171 Manichazi
1366 1124 1649 1171 constans.
1682 1115 1743 1170 Si
1774 1117 1917 1172 enim
1946 1130 2075 1169 con-

491 1220 584 1265 tra
608 1226 668 1266 se
701 1210 1067 1273 insaniebant,
1095 1209 1378 1278 oportebat
1398 1208 1617 1278 quidem
1646 1208 1920 1263 dimittere
1951 1222 2069 1273 eos,

496 1307 560 1354 ut
592 1315 624 1353 a
664 1314 725 1354 se
764 1298 900 1369 ipsis
932 1298 1242 1353 interirent.
1295 1296 1355 1352 Si
1384 1297 1660 1354 desiderio
1693 1298 1915 1353 luminis
1944 1306 2070 1352 tan-

490 1403 664 1459 quam
704 1388 978 1459 elegantes
1006 1387 1351 1453 tenebantur,
1401 1388 1693 1444 honestum
1737 1390 1902 1445 etiam
1950 1397 2072 1445 erat

494 1480 580 1536 eis
607 1478 927 1543 concedere,
952 1488 1014 1533 ut
1043 1477 1380 1535 fruerentur.
1410 1479 1679 1535 Decorum
1705 1481 1853 1536 enim
1883 1488 1938 1535 et
1957 1482 2073 1534 la'u-

495 1570 677 1627 dabile
709 1570 933 1625 omnino
979 1577 1064 1624 est
1098 1570 1398 1624 secundum
1446 1581 1698 1625 naturam
1741 1571 2072 1626 desiderium

495 1663 647 1728 boni,
686 1678 796 1734 quo
825 1661 932 1716 frui
965 1677 1077 1717 non
1099 1669 1412 1731 potuerunt,
1447 1661 1590 1717 sicut
1619 1662 1695 1716 ait
1718 1662 1812 1732 qui
1842 1662 2071 1733 dogma-

492 1765 550 1810 ta
575 1753 859 1809 Manicbaai
888 1753 1142 1824 scripsit;
1175 1768 1300 1807 cum
1332 1753 1531 1823 alioqui
1560 1754 1953 1818 desiderarent,
1978 1770 2075 1824 po-

2175 558 2396 631 θήραμα
2434 558 2565 611 ἴδιον
2607 560 2862 631 ἐνόμισαν
2913 560 3081 623 αὐτὸ,
3115 559 3306 629 δῆλον,
3360 559 3436 621 ὼς
3486 556 3636 629 ὀρθοί
3683 574 3750 625 γε

2173 647 2313 723 ἦσαν
2339 654 2437 725 τὴν
2459 652 2744 723 ὑπόληψιν.
2785 654 2949 707 ’Ὥστε
2996 655 3092 707 καὶ
3130 652 3471 723 βουλεύονται
3509 654 3557 705 οἱ
3588 651 3751 720 λόγου

2177 743 2253 815 μὴ
2300 744 2644 814 μετέχοντες,
2693 747 2842 809 ὅπως
2885 746 2950 799 ἂν
2995 747 3221 809 ἑαυτοὺς
3268 745 3622 817 ἐγκεράσαιεν
3670 744 3752 815 τῷ

2175 833 2342 903 φωτί·
2378 836 2474 886 καὶ
2527 833 2722 903 φθόνου
2759 836 2944 890 λοιπὸν
2995 832 3063 907 ἦν
3103 839 3164 890 τὸ
3197 837 3271 908 μὴ
3300 840 3510 891 ἀνεῖναι
3539 834 3750 899 τούτοις

2171 929 2265 983 τοῦ
2311 928 2518 998 ἀγαθοῦ
2563 930 2661 1001 τὴν
2712 932 3007 985 ἀπόλαυσιν
3030 950 3043 963 ·
3086 934 3183 1004 οὐχ
3234 934 3433 1003 ἔστηκε
3497 933 3603 1005 γὰρ
3654 931 3750 986 τοῦ

2172 1022 2446 1085 Μάνεντος
2462 1022 2491 1073 ό
2508 1021 2684 1089 λόγος.
2698 1025 2761 1077 Εἰ
2787 1025 2895 1095 γὰρ
2915 1026 3034 1079 κατ’
3060 1026 3307 1098 ἀλλήλων
3321 1029 3624 1098 ἐμαίνοντο,
3657 1032 3752 1084 καὶ

2172 1113 2280 1166 ἔδει
2302 1131 2365 1183 γε
2393 1114 2591 1178 αὐτοὺς
2624 1116 2944 1170 καταλιπεῖν
2971 1119 3063 1171 ὑπ’
3100 1118 3347 1191 ἀλλήλων
3393 1120 3745 1191 φθείρεσθαν

2171 1208 2221 1259 εί
2253 1205 2310 1259 δέ
2364 1207 2718 1278 ἐπεθύμησαν
2743 1210 2818 1273 ὡς
2856 1212 3058 1265 ἀστεῖοι
3082 1211 3175 1265 τοῦ
3204 1214 3400 1282 φωτὸς,
3435 1215 3529 1267 καὶ
3579 1232 3750 1286 προσ-

2171 1301 2306 1372 ἧκον
2346 1297 2414 1373 ἦν
2459 1304 2643 1367 αὐτοῖς
2692 1304 2984 1376 ἐπιτρέψαι
3026 1306 3216 1360 τούτου
3267 1307 3364 1379 τὴν
3412 1308 3743 1361 ἀπόλαυσιν·

2172 1393 2363 1447 ἀστεία
2406 1394 2516 1467 γὰρ
2546 1396 2638 1448 καὶ
2672 1397 2929 1469 ἐπαινετὴ
2971 1398 3112 1452 κατά
3138 1396 3299 1468 φύσιν
3332 1399 3548 1462 πάντως
3587 1402 3622 1471 ἡ
3652 1400 3745 1453 τοῦ

2172 1487 2378 1549 ἀγαθοῦ
2404 1489 2687 1559 ἐπιθυμία,
2713 1486 2883 1562 οὗπερ
2911 1492 3207 1545 ἀπολαύειν
3234 1493 3332 1563 μὲν
3362 1492 3437 1564 μὴ
3461 1493 3742 1563 ⁴ἠδύναντο.

2172 1578 2248 1643 ῶς
2287 1596 2349 1647 γε
2381 1580 2411 1632 ό
2443 1580 2508 1633 τά
2542 1580 2635 1633 τοῦ
2683 1581 2961 1645 Μάνεντος
3015 1583 3347 1655 συγγράφων
3396 1584 3558 1655 φησὶν
3582 1625 3596 1647 ,
3628 1586 3748 1640 ἐπι-

2173 1670 2489 1741 θυμοῦντες,
2515 1671 2849 1744 διαφθείρειν
2877 1675 2936 1727 δέ
2973 1676 3072 1746 οὐχ
3110 1670 3211 1729 οἷοί
3241 1694 3299 1730 τε
3324 1672 3464 1747 ἦσαν
3491 1692 3504 1706 ·
3537 1677 3746 1731 τοιοῦτο

2173 1761 2281 1833 γάρ
2320 1762 2539 1826 πάντως
2565 1762 2626 1816 τὸ
2653 1764 2876 1832 ἀγαθὸν,
2911 1760 3023 1819 οἷον
3051 1768 3188 1837 μήτε
3208 1767 3571 1833 δαπανᾶσθαι,
3605 1769 3745 1839 μήτε

494 1859 716 1903 tuerunt
737 1856 919 1903 tamen
950 1861 1010 1902 se
1036 1848 1306 1902 conficere
1335 1857 1389 1900 et
1419 1848 1702 1902 destruere
1735 1867 1748 1901 :
1784 1848 1891 1902 tale
1922 1848 2067 1902 enim

2172 1854 2346 1917 ἄλλως
2382 1854 2828 1911 ἐπιϐουλεύεσθαι
2873 1859 3008 1931 πρὸς
3038 1859 3146 1912 τῶν
3182 1860 3512 1932 μετεχόντων
3557 1837 3741 1915 αύτοῦ.

492 1942 711 2013 penitus
739 1948 822 1995 est
851 1940 1078 2003 bonum,
1114 1949 1171 1993 ut
1194 1954 1370 2009 neque
1389 1940 1637 1993 consumi
1667 1940 1861 2009 possit.
1893 1954 2071 2008 neque

495 2033 707 2103 possint
727 2031 958 2087 insidias
984 2031 1033 2086 ei
1066 2045 1287 2100 ponere,
1324 2032 1416 2099 qui
1447 2031 1566 2098 ejus
1593 2030 1887 2100 participes
1916 2039 2065 2085 sunt.

493 2125 778 2192 Quomodo
824 2132 1004 2179 autem
1034 2137 1224 2177 omnes
1265 2122 1428 2177 simul
1469 2124 1522 2175 in
1561 2122 1807 2175 militiam
1840 2120 2064 2191 profecti

493 2224 643 2278 sunt,
685 2214 779 2285 qui
822 2228 933 2268 non
963 2219 1358 2284 cognoverant,
1407 2211 1532 2281 quis
1570 2211 1848 2266 resisteret
1875 2217 1930 2263 et
1966 2209 2064 2263 ad-

491 2306 844 2363 versaretur?
874 2303 968 2360 Sic
992 2305 1142 2360 enim
1171 2312 1255 2359 est
1298 2304 1351 2358 in
1382 2304 1547 2366 libro,
1577 2303 1724 2358 unde
1752 2303 1859 2358 ista
1899 2301 2070 2355 Mani-

491 2399 629 2454 cbaei
654 2398 1030 2469 apposuimus,
1059 2396 1205 2467 quod
1239 2411 1416 2466 neque
1445 2395 1613 2449 Deum
1653 2395 1709 2449 in
1740 2394 1944 2449 lumine
1972 2395 2070 2447 ha-

495 2493 671 2546 bitare
714 2491 983 2552 sciebant,
1023 2505 1199 2559 neque
1226 2503 1286 2543 se
1320 2502 1560 2558 unquam
1593 2487 1814 2555 impune
1837 2487 2071 2550 laturos,

497 2586 542 2637 si
575 2586 628 2638 in
663 2582 757 2639 Dei
784 2582 1122 2636 domicilium
1150 2580 1409 2635 invadere
1437 2580 1726 2635 auderent.

2188 1946 2658 2017 Ἐπεστράτευσαν
2687 1948 2744 2001 δὲ
2791 1949 2927 2019 όμοῦ
2968 1950 3170 2015 πάντες
3214 1952 3334 2004 τίνα
3383 1952 3581 2022 τρόπον
3603 1990 3620 2016 ,
3669 1951 3746 2022 μὴ

2172 2039 2372 2101 εἰδότες
2393 2038 2483 2091 τὸν
2507 2040 2933 2111 ἀνθιστάμενον;
2962 2045 3098 2113 Φησὶ
3120 2044 3228 2115 γὰρ
3253 2044 3381 2097 αὐτὸ
3406 2044 3467 2097 τὸ
3486 2046 3744 2115 γράμμα,

2171 2129 2262 2197 ἀφ’
2294 2123 2354 2182 οῦ
2381 2127 2449 2181 τὰ
2477 2129 2630 2201 παρά
2664 2132 2758 2184 τοῦ
2776 2133 3050 2197 Μάνεντος
3082 2135 3492 2206 παρεθήκαμεν,
3524 2136 3599 2199 ὼς
3634 2136 3745 2189 οὐδ’

2164 2222 2391 2286 ὅτιθεὸς
2416 2225 2473 2276 ἐν
2500 2224 2641 2292 φωτὶ
2668 2225 2887 2297 διῃτᾶτο
2922 2230 3238 2296 ἐγίνωσκον,
3271 2229 3379 2282 οὐδ’
3406 2230 3510 2293 ὅτι,
3544 2230 3747 2300 τολμή-

2166 2322 2358 2379 σαντες
2382 2312 2523 2368 κατά
2553 2315 2647 2370 τοῦ
2686 2320 3000 2390 οἰκητηρίοι
3044 2320 3137 2373 τοῦ
3166 2319 3299 2373 Θεοῦ
3321 2359 3335 2383 ,
3371 2322 3472 2374 οὑκ
3519 2319 3744 2391 ἔμελλον

2167 2410 2336 2466 ἀθῶοί
2362 2429 2491 2466 ποτε
2515 2411 2912 2482 ἀπαλλαγῆναι.

1414 2691 1542 2747 CAP.
1584 2690 1768 2746 XVIII.
1807 2690 2122 2762 Ignorantia
2149 2687 2488 2744 Ham’chaica
2511 2689 2832 2759 exagitatur.

568 2813 627 2867 Si
654 2811 820 2884 igitur
849 2826 957 2865 non
1001 2817 1371 2881 cognOVerunt
1427 2809 1761 2863 contrarium
1795 2808 1937 2878 quod
1967 2807 2064 2863 ob-

491 2907 673 2960 stabat
713 2905 815 2971 eis,
857 2903 1095 2957 alienum
1144 2909 1229 2957 est
1271 2914 1497 2971 prorsus
1525 2914 1555 2953 a
1593 2902 1805 2955 ratione
1833 2901 2066 2956 educere

491 2996 800 3053 exercitum
849 3002 1042 3049 contra
1078 3008 1174 3049 eos
1233 3008 1264 3046 a
1286 2992 1508 3063 lquibus
1537 3006 1599 3048 se
1636 2992 1825 3062 repelli
1856 2993 2067 3048 nescie—

495 3089 659 3143 bant:
684 3103 783 3159 par
806 3087 950 3142 enim
982 3097 1099 3143 erat
1122 3085 1324 3141 armari
1352 3100 1468 3153 eos,
1503 3094 1561 3141 ut
1600 3085 1753 3141 aiunt
1782 3085 1906 3157 ipsi,
1941 3085 2065 3156 igne

490 3186 548 3232 et
598 3179 859 3242 tenebris,
913 3179 960 3234 si
1009 3177 1388 3249 praevidissent
1418 3193 1476 3234 se
1507 3177 1575 3232 ab
1630 3177 1821 3233 alienis
1869 3177 2064 3232 arceri.

497 3267 605 3324 Sed
651 3271 781 3340 quia
819 3270 1041 3324 omnino
1084 3269 1429 3339 ignorabant,
1487 3284 1597 3323 non
1628 3268 1801 3323 solum
1834 3284 1941 3322 non
1985 3277 2069 3323 est

489 3360 775 3424 credibile,
808 3363 903 3415 sed
937 3362 1099 3429 plane
1133 3360 1233 3414 sibi
1280 3374 1610 3431 repugnans,
1646 3372 1979 3414 armaturam
2015 3367 2070 3412 et

488 3455 789 3509 exercitum
835 3454 1167 3517 describere,
1219 3470 1343 3507 eum
1389 3454 1570 3508 nullus
1613 3453 1830 3521 penitus
1878 3469 2071 3522 exspe-

494 3554 742 3602 ctaretur
792 3545 858 3599 ad
927 3544 1292 3601 resistendum
1362 3544 1671 3599 adfuturus.
1715 3542 1833 3598 Non
1887 3546 2068 3598 minus

486 3635 824 3689 contrarium
852 3644 934 3689 est
956 3635 1156 3698 dicere,
1173 3640 1287 3688 tum
1311 3634 1660 3704 cupiditatem
1698 3634 1919 3690 luminis
1945 3634 2068 3689 illos

491 3725 773 3791 habuisse,
805 3737 916 3779 tum
941 3735 1204 3796 apparatu
1245 3726 1440 3780 bellico
1469 3741 1601 3781 usos
1636 3742 1758 3781 esse
1784 3726 2063 3781 conﬁteri:

490 3819 659 3873 armis
704 3819 849 3873 enim
885 3819 1093 3873 bellicis
1147 3819 1327 3874 omnis
1354 3818 1531 3874 hostis
1565 3830 1757 3873 contra
1811 3820 2069 3873 adversa-

490 3911 632 3965 rium
678 3925 738 3965 se
774 3910 904 3980 tegit
945 3919 998 3966 et
1032 3913 1233 3976 munit;
1263 3928 1370 3965 non
1409 3922 1597 3965 contra
1626 3913 1702 3974 id,
1739 3910 1886 3981 quod
1918 3912 2069 3982 cupit

487 4016 610 4058 esse
638 4003 919 4072 praemium
961 4003 1296 4057 certaminis.
1334 4002 1392 4056 Si
1427 4018 1557 4072 ergo
1587 4017 1694 4056 non
1733 4011 1850 4057 erat
1877 4004 2069 4057 adver-

488 4095 706 4159 sarius,
758 4105 1029 4165 quatenus
1068 4096 1173 4165 ipsi
1224 4096 1586 4166 ignorabant,
1642 4096 1917 4166 quomodo
1956 4112 2067 4151 non

489 4196 617 4243 sunt
644 4188 938 4252 contraria,
964 4204 1165 4256 cupere
1193 4199 1248 4243 et
1276 4189 1634 4259 bel'igerare?
1663 4187 1945 4254 Quomodo
1976 4206 2069 4243 au-

489 4293 595 4338 tem
626 4282 760 4336 illud
785 4285 947 4336 etiam
977 4298 1083 4336 non
1108 4290 1192 4337 est
1243 4298 1571 4353 magnopere
1598 4297 1931 4353 repugnans,
1972 4297 2067 4337 eos

485 4373 583 4443 qui
615 4372 671 4427 in
701 4373 771 4428 iis
814 4388 934 4442 qua:
982 4373 1282 4428 secundum
1312 4381 1568 4428 naturam
1604 4382 1735 4428 sunt
1781 4389 2064 4443 nunquam

2239 2808 2303 2861 Et
2339 2807 2519 2861 τοίνυν
2555 2807 2629 2877 μὴ
2658 2806 2855 2878 ⁴ᾔδεσαν
2889 2805 2950 2859 τὸ
2991 2805 3198 2859 κωλῦον
3248 2800 3510 2871 ἐναντίον,
3550 2806 3744 2874 ἄλογον

2172 2899 2345 2969 πάντη
2380 2898 2440 2951 τὸ
2477 2898 2909 2969 ἐπιστρατεύειν,
2943 2898 3027 2967 ἐφ’
3059 2894 3140 2962 οἷς
3170 2901 3270 2952 οὐκ
3296 2899 3491 2970 ᾔδεσαν
3534 2899 3742 2953 κωλυό-

2174 3006 2359 3061 μενοι·
2392 2988 2707 3053 ὁπλίζεσθαι
2739 2988 2849 3061 γὰρ
2889 2988 3034 3051 είκδς
3065 2984 3133 3060 ἦν
3189 2989 3419 3053 αὐτοὺς,
3452 2989 3527 3052 ῶς
3572 3005 3739 3059 φησι,

2173 3081 2307 3154 πυρὶ
2341 3081 2434 3135 καὶ
2469 3081 2665 3153 σκότῳ,
2688 3082 2736 3134 εί
2758 3080 3061 3152 προῄδεσαν
3095 3084 3203 3133 τῶν
3234 3082 3529 3154 ἀλλοτρίων
3562 3082 3744 3152 εἰργό-

2174 3190 2345 3244 μενοι.
2394 3174 2547 3227 Ἐπεὶ
2586 3174 2643 3227 δὲ
2689 3173 2965 3237 παντελῶς
3007 3176 3265 3244 ἠγνόουν,
3315 3175 3416 3230 οὐκ
3474 3174 3742 3230 ἀπιθάνου

2173 3264 2352 3335 μόνον,
2388 3265 2523 3318 ἀλλά
2552 3266 2646 3317 καὶ
2674 3264 2858 3335 σαφῶς
2894 3267 3201 3337 μαχομένου
3227 3266 3406 3335 λόγου,
3442 3268 3651 3320 ὅπλισιν
3679 3285 3744 3320 τε

2171 3360 2264 3411 καὶ
2304 3358 2562 3430 στρατιάν
2615 3359 2953 3428 διαγράφειν,
3000 3360 3143 3412 κατά
3196 3361 3420 3431 μηδενὸς
3464 3361 3744 3425 παντελῶς

2169 3448 2540 3504 ἐναντιοῦσθαι
2575 3450 3045 3522 προσδοκωμένου.
3075 3454 3185 3521 Ούχ
3213 3447 3374 3523 ἦττον
3413 3452 3468 3504 δέ
3499 3455 3742 3506 ἐναντίον

2169 3543 2262 3594 καὶ
2292 3542 2354 3593 τὸ
2386 3541 2461 3612 πὴ
2514 3541 2612 3612 μὲν
2643 3540 2937 3612 ἐπιθυμίαν
2972 3542 3106 3614 πρὸς
3150 3543 3208 3595 τὸ
3239 3543 3355 3611 φῶς
3384 3543 3744 3612 ἐκείνοις.γε-

2168 3631 2355 3685 νέσθαι
2393 3632 2590 3699 λέγειν,
2616 3629 2690 3701 πὴ
2726 3631 2783 3683 δέ
2827 3633 3147 3702 παρασκευῇ
3190 3632 3456 3702 πολεμικῇ
3491 3635 3608 3684 κατ’
3644 3632 3745 3684 αύ-

2167 3724 2261 3778 τοῦ
2291 3724 2588 3795 κεχρῆσθαι
2619 3724 2843 3787 τούτους
2866 3725 3146 3793 ὁμολογεῖν
3165 3740 3180 3757 σ
3202 3724 3366 3778 ὅπλον
3386 3724 3496 3796 γὰρ
3520 3725 3744 3788 πάντως

2169 3817 2462 3888 πολεμικὸν
2489 3816 2627 3870 κατὰ
2650 3816 2743 3869 τοῦ
2778 3816 3166 3887 ἀνθισταμένου
3197 3816 3554 3888 προϐάλλεται
3583 3816 3746 3869 πολέ-

2171 3928 2291 3982 μιος
2320 3910 2484 3975 ἅπας,
2528 3911 2589 3963 οὐ
2628 3908 2749 3964 καθ’
2776 3902 2837 3962 οὗ
2874 3909 2988 3980 ἔχει
3022 3908 3121 3980 τὴν
3166 3908 3460 3979 ἐπιθυμίαν
3480 3908 3740 3962 ἐπάθλου.

2167 4005 2230 4059 El
2268 4005 2445 4057 τοίνυν
2479 4003 2551 4075 μὴ
2572 4000 2639 4075 ἦν
2680 4003 2819 4057 κατὰ
2845 4004 2943 4075 τὴν
2980 4003 3156 4056 αὐτῶν
3189 4003 3408 4071 ἄγνοιαν
3432 4005 3461 4055 ό
3486 4002 3745 4057 ἀνθιστάο

2172 4113 2351 4167 μενος,
2375 4096 2490 4160 πῶς
2522 4097 2620 4149 οὐκ
2651 4095 2888 4150 ἐναντίον
2920 4095 2982 4147 τὸ
3022 4094 3308 4166 ἐπιθυμεῖν
3335 4094 3415 4165 τῷ
3441 4095 3696 4165 πολεμεῖν
3723 4111 3740 4160 ;

2167 4186 2292 4250 Πῶς
2319 4187 2374 4239 δέ
2404 4187 2523 4257 οὐχὶ
2558 4186 2678 4240 λίαν
2712 4187 2932 4239 κάκεῖνο
2976 4175 3303 4257 μαχόμενον,
3332 4186 3446 4255 είγε
3479 4189 3529 4239 οί
3576 4186 3746 4257 μηδέ-

2166 4293 2297 4330 ποτε
2332 4278 2792 4348 συμφωνήσαντες
2844 4278 2903 4329 ἐν
2934 4279 3046 4340 τοῖς
3090 4277 3233 4331 κατά
3274 4278 3436 4348 φύσιν
3487 4279 3743 4349 ἀλλήλοις

2168 4368 2491 4434 συνέπνεον;
2530 4368 2696 4439 Ὀμοῦ
2727 4369 2854 4440 γὰρ,
2885 4370 3040 4439 φησὶ,
3080 4371 3222 4424 κατά
3247 4371 3341 4424 τοῦ
3380 4372 3557 4442 φωτὸς
3582 4372 3742 4423 ἐϐου-

486 4460 791 4517 concordes
820 4461 1058 4526 fuerunt,
1109 4462 1253 4516 inter
1297 4477 1356 4517 se
1399 4462 1465 4515 ad
1501 4462 1812 4517 bellandum
1847 4464 2067 4533 conspi-

2170 4457 2447 4515 λεύσαντο.
2487 4462 2548 4513 Ol
2588 4460 2695 4531 γὰρ
2727 4460 2795 4513 τὰ
2831 4459 3072 4532 ἀλλήλων
3105 4462 3238 4534 μέλη
3270 4464 3610 4534 τρεφόμενοι,
3645 4467 3746 4518 καὶ

490 4553 679 4607 rasse‘!
713 4550 909 4617 Simul,
953 4553 1161 4622 inquit,
1189 4562 1381 4606 contra
1419 4553 1602 4606 lumen
1633 4553 1924 4606 consilium
1975 4569 2066 4609 ce-

488 4650 707 4713 perunt.
762 4641 863 4708 Qui
905 4642 1051 4697 enim
1094 4640 1355 4697 membris
1396 4641 1515 4697 suis
1546 4641 1688 4695 inter
1734 4658 1793 4697 se
1820 4642 2064 4698 vicissim

488 4734 871 4802 pascebantur,
904 4743 958 4789 et
982 4747 1196 4802 semper
1226 4732 1374 4786 nulla
1390 4741 1632 4803 unquam
1661 4732 2065 4789 intermissione

2174 4551 2440 4623 μηδέποτε
2460 4552 2562 4622 τῆς
2590 4555 2709 4605 κατ’
2733 4553 2974 4625 ἀλλήλων
3002 4556 3199 4627 μανίας
3225 4556 3584 4627 παυσάμενοι,
3622 4557 3746 4622 πῶς

2169 4644 2229 4696 ἐν
2263 4646 2377 4706 τοῖς
2424 4643 2574 4713 παρά
2628 4643 2788 4711 φύσιν
2824 4647 2902 4709 είς
2933 4646 3226 4717 ἐπιθυμίαν
3268 4648 3383 4717 ἅμα
3429 4648 3525 4701 καὶ
3569 4649 3744 4720 ὀργὴν

2169 4732 2313 4788 κατά
2344 4733 2437 4786 τοῦ
2470 4734 2777 4805 κρείττονος
2813 4737 3235 4810 συνεφώνησανς

488 4824 634 4879 facta
665 4832 855 4879 contra
896 4840 955 4880 se
994 4825 1361 4889 insaniebant,
1416 4825 1689 4894 quomodo
1724 4825 1778 4879 in
1824 4827 1891 4881 iis
1934 4842 2056 4896 quae
2092 4836 2290 4895 praeter
2321 4836 2571 4881 naturam
2612 4837 2764 4893 sunt,
2802 4829 2869 4883 ad
2903 4831 3206 4887 habendam
3268 4832 3621 4903 cupiditatem
3685 4844 3746 4891 et

486 4915 554 4971 ad
587 4916 1006 4971 commotionem
1052 4916 1145 4970 ir:e
1187 4925 1377 4971 c0ntra
1429 4916 1597 4972 Deum
1623 4919 1926 4973 concordes
1976 4919 2201 4973 fuerunt

559 5009 617 5064 Si
647 5025 775 5065 vero
816 5009 958 5079 juvit
985 5017 1264 5079 spectasse
1312 5010 1517 5077 lumen,
1554 5027 1738 5067 nonne
1770 5013 2058 5081 oportebat

485 5101 614 5157 duci
641 5117 738 5158 eos
767 5117 796 5155 a
838 5101 948 5158 Deo
990 5102 1058 5157 ad
1107 5102 1399 5171 perfectam
1430 5113 1640 5159 natura:
1672 5106 2055 5168 mutationem,

485 5194 727 5249 adhibita
782 5195 889 5251 illis
939 5195 1220 5251 curatione
1270 5196 1337 5249 ad
1377 5195 1667 5251 fruendum
1717 5197 1835 5266 ipso
1892 5197 2057 5260 bono,

486 5286 592 5341 boc
630 5295 745 5348 est,
795 5286 904 5341 Deo
959 5287 1233 5358 perfecte?
1275 5288 1557 5355 Quomodo
1593 5289 1732 5358 juvit
1777 5296 2060 5358 spectacu-

486 5377 598 5432 Ium
625 5378 847 5434 luminis
876 5378 976 5434 visi
1006 5379 1276 5449 profectos
1307 5381 1370 5435 ad
1406 5380 1713 5436 bellandum
1739 5396 1863 5435 cum
1904 5394 2063 5434 excr-

484 5469 637 5536 citu;
673 5470 870 5538 quibus
901 5469 1001 5525 hoc
1038 5471 1216 5541 ipsum
1264 5473 1444 5527 lumen
1483 5488 1590 5526 non
1641 5472 1887 5540 permisit
1926 5485 2057 5524 con-

487 5568 570 5611 tra
624 5559 833 5629 seipsos
865 5559 1102 5617 furorem
1156 5562 1392 5631 amplius
1430 5577 1707 5626 exercere,
1741 5571 1798 5617 ut
1838 5561 2057 5632 quidem

486 5662 742 5703 exercere
785 5652 1106 5721 oportebat;
1155 5663 1348 5709 contra
1388 5669 1447 5709 se
1474 5670 1604 5710 vero
1652 5655 1829 5724 ipsum
1862 5663 2058 5725 praeter

485 5750 650 5806 quam
691 5741 991 5807 oportebat,
1046 5745 1327 5811 permisit?
1380 5743 1580 5800 Verum
1619 5746 1671 5799 in
1720 5745 1806 5801 bis
1835 5746 2054 5814 quidem

2239 5013 2298 5066 Ei
2332 5013 2387 5066 δὲ
2427 5013 2635 5085 ὤνησεν
2678 5017 2875 5079 αὐτοὺς
2909 5018 2942 5087 ἡ
2998 5016 3096 5071 θέα
3132 5017 3222 5071 τοῦ
3258 5019 3453 5089 φωτὸς,
3486 5020 3604 5084 πῶς
3642 5023 3746 5076 οὐκ

2165 5105 2271 5159 ἔδει
2297 5122 2360 5174 γε
2385 5108 2520 5177 πρὸς
2544 5106 2748 5174 ἀγαθοῦ
2777 5108 2911 5179 πρὸς
2926 5109 3136 5162 τελείαν
3171 5110 3367 5174 αὐτοὺς
3395 5112 3493 5182 τῆς
3525 5111 3745 5180 φύσεως

2171 5198 2466 5269 μεταϐολὴν
2501 5198 2947 5270 ξεναγωγηθῆναι
2965 5205 3031 5272 τῇ
3066 5203 3331 5273 ἐπιτροπῇ
3367 5203 3466 5273 τῆς
3494 5203 3747 5267 ἐντελοῦς

2166 5289 2257 5342 τοῦ
2296 5292 2602 5361 κρείττονος
2647 5291 3030 5367 ἀπολαύσεωςς
3084 5293 3209 5357 Πῶς
3237 5295 3294 5347 δέ
3339 5294 3545 5367 ὤνησεν
3579 5297 3612 5367 ἡ
3642 5295 3747 5349 θέα

2164 5379 2258 5432 τοῦ
2293 5381 2552 5449 φανέντος
2577 5382 2752 5450 φωτὸς
2783 5382 3289 5452 στρατευσαμένους
3313 5425 3326 5445 ,
3364 5380 3445 5449 οἷς
3484 5386 3582 5457 τὴν
3633 5403 3746 5456 μα-

2165 5470 2280 5523 νίαν
2305 5472 2487 5525 οὐκέτι
2514 5474 2635 5525 κατ’
2666 5472 2909 5543 ἀλλήλων
2926 5473 3151 5537 δεόντως
3175 5476 3414 5545 ἐνεργεῖν
3436 5477 3593 5531 τοῦτο
3620 5493 3746 5532 συν-

2164 5563 2443 5636 εχώρησε,
2490 5564 2612 5618 καθ’
2660 5565 2852 5619 ἑαυτοῦ
2890 5565 2947 5619 δὲ
2993 5566 3142 5638 παρὰ
3200 5569 3260 5621 τὸ
3306 5568 3426 5624 δέον
3475 5570 3739 5643 ἔτρεψενς

2176 5656 2333 5709 Ἀλλὰ
2367 5657 2500 5708 πολὺ
2540 5658 2638 5727 μὲν
2672 5659 2730 5709 ἐν
2753 5656 2962 5721 τούτοις
2992 5660 3101 5721 τοῖς
3134 5657 3411 5730 πλάσμασι
3450 5661 3511 5714 τὸ
3553 5662 3741 5733 ληρῶο

2161 5747 2249 5811 δες
2271 5767 2282 5779 ·
2319 5748 2493 5803 ταῦτα
2527 5749 2581 5802 δέ
2614 5751 2706 5803 καὶ
2734 5750 2905 5814 ἄλλως
2946 5751 3304 5824 ἀσύγγνωστα
3335 5752 3591 5826 δειχθείη,
3625 5754 3741 5826 Γῆν
