4100 6470
393 347 536 406 1095

1494 345 1864 403 ADVERSUS
1898 344 2323 404 MANICHASOS
2363 348 2490 403 LIB.
2539 350 2577 405 1.

3510 352 3646 408 1094

388 461 502 531 γάρ
549 458 874 530 ὀνομάζουσι
910 459 1004 517 τοῦ
1037 459 1275 529 ἀγαθοῦ·
1319 462 1476 513 ποίαν
1515 461 1572 514 δὲ
1606 461 1809 531 ταύτην
1852 462 1957 531 πρὸ

2061 465 2386 518 commentis
2448 463 2678 517 multum
2732 463 3073 521 deliramenti
3132 477 3249 529 est,
3314 483 3436 536 qua:
3487 462 3647 521 aliter

391 552 492 622 τῆς
529 550 925 623 δημιουργίας;
983 551 1358 623 Προλαμϐάνει
1389 552 1453 623 δὴ
1493 555 1623 624 παρ’
1667 553 1852 615 αὐτοῖς
1891 552 1961 604 τά

390 641 628 712 ὀνόματα
677 642 783 697 τῶν
836 642 1177 714 πραγμάτων
1225 642 1324 713 τὴν
1390 642 1630 711 γένεσιν·
1673 642 1802 714 πρὶν
1853 641 1959 713 γάρ

389 732 722 804 ὁμολογῆσαι
776 734 868 788 τὸν
920 734 1053 787 Θεὸν
1106 734 1463 804 πεποιηκέναι
1486 775 1504 801 ,
1557 733 1705 802 λέγει
1761 728 1899 787 εἶναι
1932 733 1961 786 ὁ

390 824 752 895 χαλεπώτατα
779 828 968 898 μανεὶς
991 827 1051 881 τὸ
1078 828 1303 899 μηδέπω
1320 826 1707 899 γεγενημένον.
1731 826 1809 897 Γῆ
1829 826 1958 897 γάρ,

394 919 444 970 εί
480 920 577 989 μὲν
609 920 847 988 ἐγένετο,
876 915 943 991 ἦν
963 937 976 950 ·
1007 920 1054 973 εἰ
1085 920 1140 972 δὲ
1173 919 1249 991 μὴ
1276 919 1540 991 γενομένη
1573 918 1803 990 ὑπῆρχε,
1832 934 1959 971 συν-

391 1011 654 1083 αγένητος
679 1007 747 1082 ἦν
770 1011 848 1082 τῷ
873 1011 1011 1082 Θεῷ.
1041 1012 1148 1083 Γῆς
1180 1011 1236 1065 δὲ
1258 1012 1378 1065 τίνα
1398 1010 1587 1084 χρείαν
1615 1009 1728 1080 ἔχει
1757 1012 1785 1063 ὁ
1804 1009 1956 1073 Θεὸς,

392 1106 463 1175 γῇ
491 1104 566 1175 μὴ
589 1105 924 1176 κεχρημένος
944 1121 959 1170 ;
989 1104 1378 1173 Ἀναλογίστως
1398 1104 1500 1176 γῆν
1519 1101 1655 1156 Θεοῦ
1679 1101 1955 1173 ὀνομάζει,

394 1197 519 1267 πρὶν
546 1197 747 1267 ταύτην
780 1200 955 1252 εἰπεῖν
997 1198 1312 1266 γεγονέναι·
1341 1196 1459 1251 οὐδὲ
1491 1195 1600 1265 γὰρ
1648 1190 1756 1249 οἷόν
1785 1209 1845 1248 τε
1890 1191 1958 1267 ἦν

393 1290 498 1361 πρὸ
526 1291 882 1363 δημιουργίας
916 1290 1253 1362 μαρτυρῆσαι
1284 1288 1456 1362 ταύτῃ
1489 1289 1551 1341 τὸ
1580 1286 1850 1357 γενέσθαι.

2068 555 2231 610 etiam
2262 555 2662 615 convincimus,
2722 569 2831 608 non
2876 569 3038 625 posse
3067 560 3366 612 condonari
3403 577 3415 612 :
3462 558 3644 611 nomi-

2066 654 2200 701 nant
2226 648 2371 702 enim
2406 654 2607 701 terram
2636 646 2764 701 boni
2800 646 2821 718 (
2846 646 2900 701 id
2923 656 3024 715 est,
3060 648 3151 705 Dei
3180 668 3195 717 ;
3220 650 3236 719 )
3267 650 3481 720 qualem
3514 664 3646 703 vero

2066 746 2271 794 terram
2316 746 2439 793 ante
2486 737 2676 792 mundi
2728 740 3101 795 creationem?
3150 740 3307 812 Apud
3340 755 3437 796 eos
3494 739 3647 795 scili-

2066 837 2155 886 cet
2197 837 2379 885 ortum
2420 844 2605 884 rerum
2639 829 2940 898 anticipant
2981 833 3202 885 nomina
3236 852 3250 887 :
3285 833 3441 903 prius
3492 832 3640 887 enim

2063 937 2229 992 quam
2262 921 2536 976 fateantur
2577 934 2793 977 creasse
2822 920 2990 977 Deum
3018 923 3302 989 mundum,
3349 924 3425 978 ait
3453 923 3644 977 absur-

2013 1059 2017 1064 .
2062 1015 2323 1071 dissimus
2376 1013 2740 1078 Manichacus,
2790 1030 2913 1070 esse
2974 1015 3121 1086 quod
3150 1015 3640 1087 nondum_factum

2062 1113 2201 1159 erat.
2250 1102 2423 1158 Terra
2466 1119 2724 1173 namque,
2758 1105 2817 1159 si
2860 1105 3081 1175 quidem
3132 1105 3330 1171 fuerat,
3362 1116 3479 1162 erat
3509 1127 3523 1161 :
3554 1106 3642 1161 sin

2066 1211 2194 1251 vero
2223 1211 2331 1250 non
2366 1202 2486 1249 erat
2514 1193 2677 1258 facta,
2709 1205 2829 1251 erat
2854 1198 3016 1252 simul
3066 1212 3192 1253 cum
3235 1197 3347 1254 Deo
3377 1198 3638 1269 ingenita.

2065 1286 2203 1352 Quid
2236 1299 2365 1340 vero
2395 1300 2530 1353 opus
2560 1293 2678 1340 erat
2710 1285 2820 1341 Deo
2846 1294 2992 1341 terra
3015 1328 3030 1351 ,
3064 1303 3172 1358 qua
3201 1303 3312 1342 non
3341 1286 3443 1343 fuit
3468 1290 3641 1344 usus?

394 1380 502 1435 Sed
553 1383 642 1436 llic
684 1384 1005 1452 insipienter
1048 1391 1251 1436 terram
1292 1381 1383 1437 Dei
1432 1391 1611 1446 vocat,
1661 1389 1954 1451 antequam
1993 1380 2141 1435 dicat
2173 1379 2372 1434 factam
2409 1394 2530 1434 esse
2568 1398 2582 1433 :
2619 1394 2720 1435 nec
2782 1381 2929 1435 enim
2980 1392 3109 1439 ante
3163 1384 3497 1439 creationem
3544 1396 3642 1454 po-

391 1480 533 1528 terat
559 1474 934 1529 testimonium
962 1475 1069 1529 dici
1103 1476 1169 1529 de
1200 1482 1345 1529 terra
1377 1473 1544 1528 facta.

1177 1588 1307 1643 CAP.
1351 1586 1493 1641 XlX.
1527 1586 1733 1641 Malum
1764 1583 2081 1657 principium
2113 1578 2285 1633 videre
2311 1578 2487 1632 lumen
2530 1595 2635 1633 non
2674 1580 2863 1648 potuit.

464 1707 694 1761 Ἔπειτα
741 1706 876 1760 Θεοῦ
928 1706 1026 1777 μὲν
1073 1704 1188 1759 ἔστι
1236 1703 1352 1776 φῶς
1390 1704 1644 1776 αἰσθητὸν
1692 1703 1955 1775 δημιούρ-

2134 1695 2338 1751 Deinde
2391 1709 2423 1748 a
2467 1695 2579 1749 Deo
2626 1694 2844 1765 quidem
2903 1703 3147 1750 creatum
3210 1709 3294 1754 est
3350 1700 3531 1759 lumen
3579 1705 3636 1762 in

387 1816 562 1871 γημα,
608 1800 769 1863 αὐτὸς
805 1798 863 1851 δὲ
900 1797 1015 1867 φῶς
1050 1798 1116 1853 ἂν
1149 1798 1234 1868 εἴη
1275 1797 1484 1868 νοητὸν,
1514 1796 1615 1849 οὐκ
1658 1794 1954 1864 αἱσθητόν;

2054 1796 2339 1857 aspectum
2382 1785 2621 1853 cadens;
2673 1786 2790 1855 ipse
2810 1794 2990 1841 autem
3027 1786 3169 1844 Deus
3211 1793 3393 1847 lumen
3423 1803 3508 1849 est
3547 1797 3635 1851 in-

386 1888 539 1946 Είδεν
568 1888 660 1947 οὖν
682 1894 715 1964 ἡ
739 1892 927 1955 κακία,
962 1890 1117 1962 φησὶ,
1145 1890 1205 1942 τὸ
1238 1888 1354 1959 φῶς
1377 1887 1472 1942 τοῦ
1505 1885 1730 1956 ἀγαθοῦ.
1762 1887 1826 1940 El
1855 1886 1953 1957 μὲν

383 1985 445 2039 τὸ
477 1983 731 2055 αἰσθητὸν
785 1985 920 2052 φῶς,
953 1981 1108 2035 οὔπω
1160 1981 1385 2051 κόσμος,
1429 1978 1554 2032 οὔτε
1599 1978 1814 2048 γένεσις
1869 1978 1955 2030 κό-

385 2094 523 2147 σμου
551 2092 564 2106 ·
621 2074 738 2139 πῶς
766 2070 873 2127 εἶδε
914 2073 974 2127 τὸ
1002 2072 1226 2144 μηδέπω
1272 2070 1671 2142 γεγενημένον;
1715 2068 1809 2122 τοῦ
1847 2069 1954 2140 γὰρ

384 2166 721 2239 κεχρημένου
759 2167 921 2238 μήπω
953 2165 1309 2235 τυγχάνοντος
1345 2162 1656 2234 ἀνθρώπου,
1687 2160 1793 2215 τίνι
1823 2162 1957 2233 χρή-

385 2275 541 2329 σιμον
582 2254 649 2329 ἦν
688 2257 749 2315 τὸ
787 2255 937 2326 φῶς;
986 2256 1220 2327 συγγενῆ
1261 2254 1368 2327 γάρ
1416 2253 1495 2325 τῷ
1537 2255 1861 2326 κεχρημένῳ
1886 2253 1956 2307 τὰ

378 2350 629 2421 χρήσιμα
648 2366 661 2379 ·
689 2348 750 2402 οὐ
778 2347 886 2420 γάρ
913 2347 978 2419 δὴ
1010 2345 1128 2417 Θεῷ
1156 2347 1424 2419 χρήσιμον
1454 2341 1522 2417 ἦν
1546 2345 1957 2417 ἀπηλλαγμένῳ

380 2443 562 2513 πάσης
586 2440 849 2513 αἰσθητῆς
883 2440 1192 2510 μετουσίας.
1236 2439 1300 2492 Et
1348 2439 1407 2492 δὲ
1455 2438 1618 2492 αὐτὸν
1673 2439 1762 2493 τὸν
1796 2438 1952 2503 Θεὸν,

379 2533 550 2605 ὅσπερ
583 2534 700 2587 ἐστὶ
731 2532 916 2604 νοερὸν
950 2530 1085 2600 φῶς,
1130 2532 1349 2594 πάντως
1392 2530 1699 2602 ὁμοιώματι
1742 2529 1957 2600 φύσεως

377 2620 484 2677 εἶδε
516 2625 577 2678 τὸ
610 2626 813 2697 ὅμοιον.
857 2625 1096 2694 Ἀνάγκη
1119 2622 1295 2677 τοίνυν
1338 2621 1593 2694 αἰσθητὸν
1641 2622 1755 2691 φῶς
1788 2623 1956 2696 αὐτὴν

378 2716 714 2790 ἑωρακέναι·
758 2717 1015 2789 αἰσθητὸν
1043 2716 1100 2770 δὲ
1130 2715 1236 2786 πρὸ
1279 2714 1389 2767 τῶν
1419 2713 1713 2786 αἰσθητῶν,
1749 2714 1842 2769 τοῦ
1886 2714 1959 2769 τί-

374 2826 467 2874 νος
503 2809 663 2882 χάριν
709 2810 942 2883 ὑπῆρχε.
986 2807 1111 2872 Πῶς
1142 2807 1200 2861 δὲ
1244 2807 1392 2879 ὅμως
1430 2806 1619 2869 σκότος
1662 2807 1766 2878 ὁρᾷ
1804 2806 1953 2876 φῶς;

375 2902 441 2957 El
478 2903 585 2975 γὰρ
628 2901 888 2957 ἐθεάσατο
926 2900 1063 2971 φῶς,
1108 2898 1209 2953 οὐκ
1247 2897 1315 2953 ἂν
1358 2897 1446 2969 εἴη
1490 2897 1710 2962 σκότος·
1756 2897 1957 2971 πολλὴν

374 2994 485 3067 γάρ
508 2996 620 3067 ἔχει
651 2995 747 3067 τὴν
776 2993 1058 3050 κοινωνίαν
1080 2994 1114 3064 ἠ
1146 2991 1399 3063 αἴσθησις
1429 2991 1566 3063 πρὸς
1591 2992 1652 3045 τὸ
1678 2991 1954 3062 αίσθητόν.

372 3086 580 3158 Φυσικὴ
608 3085 715 3158 γὰρ
748 3088 782 3158 η
812 3084 1035 3157 ἐπιϐολὴ
1058 3083 1126 3137 δι’
1144 3083 1440 3154 ὁμοιότητα
1479 3084 1579 3155 τῆς
1606 3082 1782 3153 ὄψεως
1818 3084 1957 3156 πρὸς

2055 1878 2335 1950 telligibile
2368 1893 2476 1933 non
2507 1877 2785 1935 sensibile.
2818 1876 2967 1931 Vidit
2990 1878 3174 1950 igitur,
3203 1881 3400 1953 inquit,
3448 1890 3637 1959 nequi-

2052 1971 2129 2023 tia
2162 1969 2346 2023 lumen
2379 1969 2580 2023 summi
2612 1969 2760 2023 boni.
2800 1967 2855 2023 Si
2881 1971 3089 2037 lumen,
3141 1974 3286 2043 quod
3312 1974 3370 2029 in
3409 1992 3633 2034 sensum

2054 2059 2220 2123 cadit,
2247 2060 2490 2114 nondum
2514 2070 2632 2115 erat
2661 2062 2919 2126 mundus.
2951 2078 3054 2119 nec
3079 2073 3234 2122 ortus
3256 2070 3468 2132 mundi.
3494 2086 3633 2141 quo-

2055 2152 2219 2208 modo
2250 2152 2418 2222 igitur
2446 2152 2581 2207 vidit
2617 2154 2766 2223 quod
2801 2155 3047 2211 nondum
3089 2157 3293 2213 factum
3331 2164 3490 2216 erat?
3540 2167 3631 2221 cui

2055 2244 2201 2298 enim
2244 2244 2441 2299 fuisset
2486 2245 2631 2312 usui,
2672 2245 2914 2301 nondum
2969 2247 3186 2305 homine
3231 2253 3326 2321 qui
3360 2262 3633 2322 uteretur,

2056 2334 2276 2390 creato?
2310 2336 2463 2391 utilia
2495 2337 2639 2393 enim
2672 2339 2848 2393 utenti
2878 2350 3107 2411 cognata
3144 2352 3273 2398 sunt
3298 2365 3313 2402 :
3342 2361 3450 2402 non
3484 2350 3634 2404 enim

2056 2427 2170 2484 Deo
2202 2429 2304 2500 qui
2333 2429 2400 2483 ab
2441 2430 2588 2484 omni
2627 2432 3044 2503 participatione
3084 2436 3274 2492 sensili
3328 2438 3467 2494 liber
3505 2450 3590 2497 est
3614 2481 3630 2504 ,

2057 2522 2189 2577 utile
2204 2528 2342 2577 erat.
2373 2521 2429 2576 Si
2461 2532 2641 2578 autem
2695 2524 2873 2594 ipsum
2910 2522 3100 2591 Deum,
3139 2528 3288 2598 quod
3320 2539 3407 2586 est
3449 2530 3633 2587 lumen

2059 2614 2422 2685 intelligibile,
2453 2617 2678 2670 omnino
2717 2615 2853 2671 vidit
2897 2617 3261 2676 similitudine
3306 2630 3518 2678 natura:
3556 2627 3601 2679 si

2056 2707 2212 2772 mile;
2245 2722 2473 2765 necesse
2510 2707 2677 2778 igitur
2715 2717 2835 2764 erat
2878 2716 2939 2764 ut
2974 2710 3092 2780 ipsa
3134 2711 3316 2768 lumen
3368 2716 3635 2771 sensibile

2057 2797 2322 2865 vidisset;
2381 2799 2642 2854 sensibile
2683 2809 2867 2857 autem
2917 2818 3180 2873 quorsum
3233 2804 3449 2870 fuisset,
3486 2807 3632 2861 etin

2056 2905 2220 2962 quem
2259 2905 2422 2945 usum
2454 2899 2583 2946 ante
2635 2893 2916 2949 sensibilia
2969 2897 3192 2951 creata?
3240 2897 3456 2970 Alioqui
3494 2916 3633 2971 (μοι

2046 2982 2220 3037 modo
2239 2982 2479 3039 tenebras
2499 2983 2684 3038 vident
2706 2984 2932 3041 lumen?
2982 2985 3041 3041 Si
3086 2987 3232 3043 enim
3266 2989 3513 3046 viderunt
3549 2993 3634 3048 lu-

2061 3088 2205 3139 men,
2237 3074 2489 3131 diabolus
2513 3091 2621 3131 non
2647 3085 2765 3132 erat
2787 3078 3063 3147 tenebrae;
3094 3095 3344 3152 magnam
3376 3084 3519 3138 enim
3548 3102 3637 3140 so-

372 3177 435 3230 τὺ
468 3178 789 3248 φαινόμενον
808 3194 821 3207 ·
857 3176 1053 3230 αὐτίκα
1077 3175 1451 3246 άναμάσσεται
1486 3175 1603 3245 ἅμα
1628 3174 1819 3228 τούτου
1859 3175 1950 3229 τὸν

2051 3166 2305 3220 cietatem
2328 3167 2851 3237 etconjunctionem
2882 3171 3046 3227 habet
3087 3189 3283 3230 sensus
3323 3192 3448 3231 cum
3500 3193 3631 3233 sen-

373 3269 695 3341 χαρακτῆρα
719 3269 807 3323 διὰ
847 3269 943 3340 τὴν
970 3268 1191 3339 ἔννομον
1231 3267 1330 3337 τῆς
1369 3265 1584 3336 φύσεως
1623 3267 1908 3321 κοινωνίαν
1930 3284 1944 3296 ·

326 3398 329 3399 ν
375 3361 533 3432 σῶμα
561 3362 660 3433 μὲν
699 3361 808 3431 γὰρ
850 3360 1012 3431 σῶμα
1042 3361 1174 3432 ὁρᾷ·
1207 3360 1389 3431 ὅμοιον
1427 3358 1483 3411 δὲ
1510 3357 1587 3428 τῷ
1614 3357 1787 3429 ὁμοίῳ
1830 3359 1951 3427 ἐπι-

248 3462 257 3469 '
375 3451 583 3514 ϐάλλει,
619 3452 715 3505 καὶ
742 3452 842 3504 οὐκ
879 3451 1055 3504 ἔνεστι
1096 3450 1159 3503 τὸ
1202 3454 1449 3523 κρεῖττον
1488 3450 1584 3504 καὶ
1610 3448 1946 3521 ἀναϐεϐηκὺς

370 3546 438 3614 τῇ
474 3542 656 3613 φύσει,
690 3542 930 3610 καίτοιγε
970 3542 1071 3595 οὐκ
1102 3543 1359 3606 ἐναντίως
1393 3540 1515 3613 ἔχον
1553 3540 1675 3613 (8‘),
1706 3539 1842 3612 πλὴν
1865 3541 1945 3593 ὅτι

370 3649 437 3703 γε
486 3633 773 3706 ἀσώματον
819 3634 898 3706 τῷ
946 3633 1334 3705 ὑποϐεϐηκότι,
1389 3633 1485 3688 ἅτε
1536 3632 1602 3705 δὴ
1652 3631 1948 3703 σωματικῷ

372 3725 594 3789 πάντως
622 3727 721 3797 οὐχ
740 3727 932 3798 ὁρατόν
950 3743 964 3757 ·
997 3727 1104 3798 ἄρα
1126 3743 1190 3795 γε
1218 3726 1280 3780 τὸ
1305 3727 1547 3780 ἐναντίον
1577 3724 1658 3797 τῷ
1698 3726 1943 3796 ἐναντίῳ,

369 3815 488 3885 είγε
514 3818 681 3883 ἐστὶν,
706 3818 938 3888 ἀόρατον
957 3834 971 3849 ·
1014 3818 1208 3872 οὐκοῦν
1247 3819 1482 3889 συγγενί
1520 3817 1617 3873 καὶ
1662 3816 1810 3889 φίλα,
1853 3819 1946 3871 καὶ

368 3906 619 3978 οὐδαμῶς
647 3909 884 3963 ἐναντία.

2056 3256 2221 3313 sibili.
2245 3256 2523 3315 Naturalis
2564 3260 2711 3315 enim
2753 3263 3037 3332 conjectus
3075 3266 3362 3321 oculorum
3408 3278 3634 3341 propter

2053 3349 2473 3404 similitudinem
2504 3358 2761 3422 aspectus
2789 3368 2914 3408 cum
2940 3370 3001 3409 re
3031 3369 3153 3424 quae
3180 3356 3415 3422 videtur,
3444 3362 3627 3414 statim

2053 3441 2311 3512 exprimit
2343 3441 2573 3513 ﬁguram
2625 3443 2748 3513 ejus
2789 3452 3012 3517 propter
3065 3447 3363 3518 legitimam
3420 3459 3630 3507 natura:

2053 3538 2532 3603 communionem;
2584 3553 2788 3607 corpus
2817 3540 2960 3594 enim
2994 3554 3196 3609 corpus
3226 3541 3388 3597 videt.
3439 3542 3629 3599 Simile

2053 3629 2110 3683 in
2146 3629 2325 3683 simile
2354 3629 2589 3683 intendit
2616 3630 2820 3697 aciem;
2853 3647 3031 3702 neque
3063 3642 3295 3702 possunt
3338 3635 3485 3690 oculi
3524 3652 3626 3690 na-

2053 3729 2188 3774 turae
2226 3718 2506 3774 inferioris
2535 3719 2681 3788 quod
2711 3728 2907 3775 natura
2948 3724 3297 3791 praestantius
3353 3731 3409 3780 et
3440 3726 3625 3782 excel-

2050 3813 2253 3870 lentius
2286 3819 2373 3869 est
2398 3811 2602 3880 videre,
2656 3812 2857 3869 nedum
2894 3816 3040 3887 quod
3077 3825 3285 3872 natura:
3335 3819 3626 3873 contrariae

2047 3914 2151 3963 cst.
2168 3906 2227 3961 Si
2253 3915 2458 3970 autem,
2479 3905 2624 3976 quod
2638 3914 2721 3963 est
2742 3916 2951 3963 natura:
2981 3909 3405 3979 excellentioris,
3423 3912 3625 3982 quippe

368 4015 496 4056 cum
524 4018 633 4058 non
669 4003 741 4059 sit
761 4003 1117 4070 contrarium,
1155 4010 1511 4074 praeterquam
1573 4003 1982 4074 incorporeum,
2022 4002 2091 4057 ab
2122 4000 2386 4057 inferiore
2416 4007 2607 4071 utpote
2638 4015 2906 4071 corporeo
2935 4001 3161 4057 omnino
3197 4017 3307 4058 non
3332 4011 3512 4074 potest
3540 4003 3623 4058 vi-

367 4092 521 4161 deri;
555 4109 688 4149 sane
731 4095 1066 4151 contrarium
1116 4111 1147 4150 a
1195 4096 1499 4161 contrario,
1530 4095 1578 4152 si
1632 4095 1796 4152 modo
1842 4105 1948 4160 est,
1989 4094 2165 4149 videri
2232 4108 2342 4148 non
2399 4101 2601 4165 potest.
2649 4091 2791 4148 Sunt
2837 4092 3002 4165 igitur
3075 4094 3180 4149 ista
3233 4109 3355 4166 quae
3413 4095 3624 4151 scilicet

362 4196 432 4237 se
481 4182 687 4249 vident,
736 4194 969 4254 cognata
1028 4194 1082 4239 et
1121 4184 1295 4239 amica
1334 4193 1389 4239 et
1434 4199 1783 4256 nequaquam
1826 4185 2126 4241 contraria.

752 4296 881 4354 CAP.
924 4296 1039 4354 XX.
1081 4296 1313 4365 Materia
1340 4315 1406 4355 ex
1434 4298 1646 4356 Hanete
1676 4300 1953 4356 ascendere
1988 4307 2232 4354 conatur.
2259 4296 2504 4354 Materiae
2530 4315 2680 4353 amor
2698 4313 2824 4371 erga
2855 4299 3084 4355 sobolem
3110 4300 3231 4357 Dei.

451 4414 611 4468 Ἀλλά
654 4414 857 4486 πλῆρες
904 4415 1125 4488 ὀλέθρου
1174 4416 1449 4490 βαρϐάρου
1490 4418 1552 4473 τὸ
1584 4418 1809 4490 πλάσμα
1838 4418 1933 4490 (9)·
1968 4421 1971 4475 ξ

2113 4415 2220 4472 Sed
2255 4416 2475 4487 plenum
2512 4422 2598 4473 est
2633 4425 3005 4472 commentum
3042 4417 3280 4474 barbara
3326 4421 3568 4490 pernicie
3599 4443 3613 4476 :

368 4507 502 4578 φησὶ
533 4509 660 4576 γάρ·
696 4507 772 4559 Οὐ
810 4507 968 4577 μόνον
996 4503 1132 4561 εἶδεν
1165 4510 1197 4581 ἡ
1231 4507 1351 4579 ῦλη,
1388 4509 1523 4564 ἀλλά
1555 4509 1651 4563 καὶ
1682 4498 1939 4581 ἐπιϐῆναι

367 4595 698 4659 ἐϐουλεύετο,
739 4595 927 4669 ὥσπερ
970 4599 1090 4654 τινά
1132 4601 1364 4674 σπουδὴν
1411 4601 1692 4672 τιθέμενος
1737 4601 1940 4674 ταύτην

366 4689 445 4751 είς
472 4687 744 4752 ἀπόδειξιν
776 4687 877 4758 τῆς
917 4690 1052 4760 πρὸς
1085 4691 1144 4744 τὸ
1173 4693 1287 4762 φῶς
1320 4694 1636 4759 κοινωνίας·
1671 4693 1811 4766 τάχα
1846 4695 1941 4748 καὶ

367 4779 712 4851 μετέγνωσαν
739 4780 787 4832 οἱ
821 4777 881 4843 ἐξ
913 4780 1102 4851 αὐτῆς,
1140 4782 1220 4837 ὅτι
1245 4784 1304 4837 ἐν
1330 4783 1585 4849 ἀπλέτοις
1620 4785 1782 4839 αίῶσι
1828 4789 1940 4850 τοῖς

366 4868 727 4940 προλαϐοῦσιν
764 4872 1048 4944 ἀπείρατοι
1091 4875 1428 4944 ἐγεγόνεισαν
1468 4876 1563 4930 τοῦ
1600 4877 1795 4947 φωτός.
1828 4878 1940 4931 Καὶ

364 4964 487 5018 τίνα
515 4963 713 5036 τρόπον
744 4965 933 5029 σκότος
967 4970 1336 5037 μεταποιεῖται
1378 4968 1584 5038 (pm-cog;
1612 4968 1645 5041 ἢ
1672 4968 1816 5034 τινος
1843 4969 1940 5041 χά-

368 5072 452 5126 ριν
483 5054 730 5109 ἐπελθεῖν
770 5055 944 5128 τούτῳ
991 5073 1055 5127 γε
1099 5055 1380 5129 βούλεται;
1425 5057 1571 5132 τΑρά
1621 5078 1685 5130 γε
1725 5061 1814 5117 ἵνα
1839 5061 1938 5134 τὴν

366 5147 524 5214 φύσιν
553 5147 943 5219 μεταϐάληται,
980 5152 1075 5202 καὶ
1102 5150 1326 5222 γένηται
1367 5149 1519 5219 φῶς;
1559 5151 1592 5223 ἢ
1624 5152 1712 5205 ῐνα
1753 5152 1938 5226 γράφῃ

367 5234 465 5306 (9“)
496 5239 634 5307 φωτὶ
664 5239 909 5293 ἐναντίαν
950 5240 1050 5311 τῆς
1080 5240 1294 5308 φύσεως
1320 5240 1557 5314 τροφήν;
1600 5242 1739 5296 Ἀλλ’
1775 5244 1938 5312 ἀγνο-

364 5325 520 5393 οὖσα,
548 5330 799 5402 ἐπιϐῆναι
825 5331 1003 5403 ηθελε·
1025 5331 1221 5395 καίτοι,
1256 5333 1305 5384 εί
1331 5333 1428 5402 μὲν
1456 5333 1616 5401 ἔγνω,
1646 5333 1800 5403 λόγον
1823 5328 1938 5405 εἶχε

363 5419 425 5472 τὸ
456 5422 886 5495 μταποιηθῆναι
907 5441 921 5457 ·
951 5419 1116 5478 οὖσαν
1150 5424 1206 5478 δὲ
1238 5421 1397 5493 φόσει
1432 5425 1756 5481 κακίανκαὶ
1784 5428 1940 5495 ἀγνο-

436 5553 536 5625 (8⁶)
574 5555 779 5624 Ἕχον.
831 5555 960 5612 Post
1001 5558 1142 5614 hanc
1193 5574 1380 5614 vocem
1425 5559 1619 5616 deesse
1668 5559 1723 5613 in
1777 5567 1937 5614 textu

364 5625 632 5680 nonnulla
667 5625 944 5683 videntur.

439 5696 514 5765 (9)
552 5691 742 5759 Ἀλλὰ
764 5694 868 5750 πλ.
901 5715 954 5750 κ.
973 5715 1022 5751 τ.
1042 5694 1091 5751 λ.
1112 5696 1268 5752 Hunc
1293 5697 1471 5752 locum
1499 5699 1574 5752 ita
1606 5694 1782 5753 reddit
1804 5701 1937 5754 Bas-

368 5768 594 5839 nagius:
621 5765 849 5820 Barbari
878 5769 1181 5837 ﬁgmentum
1201 5770 1430 5839 pernicie
1462 5771 1669 5837 plenum
1687 5777 1784 5825 est.
1806 5768 1931 5824 Bar-

2042 4506 2118 4559 ait
2149 4506 2318 4571 enim,
2368 4519 2477 4561 non
2524 4507 2701 4562 solum
2743 4505 2881 4561 vidit
2943 4508 3192 4573 materia,
3238 4509 3334 4565 sed
3380 4510 3618 4567 decrevit

2040 4598 2333 4654 ascendere
2367 4606 2626 4669 tanquam
2657 4598 2903 4653 studium
2944 4598 3219 4670 quoddam
3259 4600 3526 4658 adhibens
3549 4604 3616 4656 ad

2039 4689 2530 4748 demonstrandum
2558 4690 2763 4747 habere
2799 4707 2859 4747 se
2876 4693 3314 4750 communionem
3348 4701 3402 4750 et
3444 4696 3618 4751 socie-

2038 4790 2206 4840 tatem
2238 4799 2362 4839 cum
2395 4784 2637 4840 lumine:
2674 4783 2908 4842 fortasse
2954 4801 3050 4841 eos
3093 4786 3187 4857 qui
3234 4802 3298 4843 ex
3343 4786 3462 4857 ipsa
3502 4788 3615 4841 nati

2039 4882 2188 4938 sunt,
2234 4874 2512 4945 paenituit,
2535 4875 2680 4945 quod
2725 4875 2956 4932 infinitis
2992 4878 3207 4933 sacculis
3239 4878 3615 4946 snperioribus

2037 4982 2148 5021 non
2196 4964 2432 5021 fuissent
2475 4966 2684 5036 experti
2723 4966 2905 5021 lumen
2939 4982 2953 5022 :
2983 4974 3038 5023 et
3073 4968 3347 5039 quomodo
3381 4971 3616 5024 tenebrae

2039 5056 2356 5113 adsciscunt
2392 5064 2446 5112 et
2477 5057 2756 5113 vindicant
2805 5059 2907 5115 sibi
2940 5059 3167 5116 lumen?
3198 5069 3290 5115 aut
3326 5076 3610 5132 quorsum,

2037 5158 2093 5205 et
2122 5149 2177 5204 in
2211 5164 2371 5220 quem
2398 5164 2559 5205 usum
2591 5151 2782 5206 volunt
2824 5152 3062 5208 tenebrae
3104 5153 3363 5208 invadere
3392 5152 3613 5207 lumen?

2040 5257 2109 5296 an
2136 5248 2193 5296 ut
2240 5249 2490 5297 naturam
2526 5251 2737 5298 mutent
2764 5252 2818 5301 et
2858 5245 3164 5301 efﬁciantur
3193 5246 3420 5301 lumen?
3447 5260 3515 5299 an
3551 5254 3611 5298 ut

2038 5333 2359 5387 nutriantur
2386 5332 2616 5400 lumine,
2646 5335 2909 5390 alimento
2954 5344 3165 5390 naturae
3199 5335 3480 5390 contrario
3502 5337 3612 5392 ?At

2040 5424 2300 5496 ignorans
2338 5424 2514 5479 voluit
2553 5425 2869 5481 ascendere.
2906 5423 3119 5480 Etenim
3155 5426 3201 5481 si
3239 5427 3608 5502 cognovisset,

2038 5557 2205 5682 llrarus
2248 5558 2393 5613 enim
2428 5557 2541 5625 ille,
2574 5558 2773 5628 inquit,
2808 5560 2902 5630 qui
2929 5560 3053 5614 talia
3102 5559 3274 5626 finxit,
3305 5569 3390 5616 est
3422 5559 3608 5618 Manes

2083 5643 2228 5682 ersa.

2083 5643 2320 5772 εἶδξλιι
2336 5698 2543 5772 ἵναᾲῃο.
2564 5697 2647 5772 An
2672 5705 2730 5752 ut
2753 5699 3025 5772 imprimat
3059 5702 3371 5758 alimentum
3398 5707 3607 5761 natura:

2037 5768 2177 5824 lucis
2207 5769 2587 5826 contrarium?
2616 5768 2774 5826 ’.λεια
2832 5768 2847 5772 ’
3037 5774 3044 5781 ”
