4100 6412
537 355 557 406 l
571 348 674 407 095

531 464 675 519 ratio
699 469 976 516 constaret
1007 476 1106 516 cur
1157 463 1356 515 mutari
1388 461 1654 516 voluisset
1701 483 1711 516 :

529 567 656 606 cum
691 563 883 606 natura
919 558 988 606 sit
1012 552 1256 620 nequitia
1288 562 1341 605 et
1360 553 1639 623 ignorans,
1669 554 1876 624 integra
1906 554 2119 608 eversio

531 625 695 700 totius
715 645 793 699 rei
824 653 876 699 et
911 660 1092 700 causa:
1115 653 1323 699 estnon
1357 644 1589 713 fuget-ea
1623 646 1922 698 contrario.

599 735 755 801 Quod
801 743 981 790 autem
1029 736 1204 805 magis
1249 751 1276 787 a
1324 736 1536 788 ralione
1581 749 1834 787 aversum
1891 742 1996 790 est.
2039 737 2117 786 ait

532 829 759 883 missam
797 829 969 884 fuisse
993 844 1022 882 a
1050 829 1196 882 bono
1233 836 1577 898 potestatem,
1625 844 1736 880 non
1773 826 1886 894 jam
1933 828 2113 880 lumen

531 921 810 983 sensibile,
848 921 942 975 sed
975 919 1366 974 velutdiceret.
1401 919 1644 972 sobolem
1675 917 1786 972 Dei.
1812 916 1963 970 lianc
1988 932 2114 968 cum

522 1011 760 1066 vidisset
791 1011 1040 1073 materia,
1066 1010 1381 1079 concupivit
1403 1009 1619 1078 quidem
1640 1017 1898 1078 tanquam
1924 1024 2115 1062 amans

530 1123 688 1172 eam;
728 1108 989 1177 impetum
1023 1122 1153 1162 vero
1193 1107 1246 1158 in
1271 1121 1392 1160 eam
1437 1104 1565 1159 fecit
1606 1115 1658 1160 et
1699 1105 2007 1166 absorbuit,
2061 1112 2114 1159 et

533 1201 651 1253 suis
679 1199 1049 1268 potestatibus
1075 1198 1393 1261 distribuit;
1430 1212 1536 1266 qua
1558 1197 1643 1250 via
1681 1198 1797 1250 lieri
1830 1212 1937 1251 non
1972 1205 2118 1266 pote-

532 1296 638 1350 rat,
672 1296 729 1342 ut
751 1288 957 1343 videret
990 1288 1216 1343 missum
1237 1303 1304 1342 ex
1336 1295 1531 1341 natura
1553 1287 1714 1351 boni;
1751 1287 1871 1349 hoc,
1915 1287 2112 1353 inquit,

519 1377 784 1433 -eli‘ectum
846 1385 951 1442 est,
1001 1383 1062 1430 ut
1109 1377 1405 1431 absorbere
1456 1385 1641 1446 posset
1685 1377 1938 1430 missum.
1986 1374 2116 1430 Utar

532 1470 679 1524 enim
726 1469 904 1523 adhuc
935 1469 1170 1539 amplius
1200 1468 1388 1523 eodem
1418 1469 1607 1529 verbo,
1656 1469 1916 1538 quoniam
1950 1469 1994 1521 si
2033 1469 2115 1520 vel

533 1562 710 1616 solum
764 1561 916 1622 vidit,
971 1561 1208 1630 quodex
1251 1562 1558 1615 substantia
1603 1560 1694 1616 Dei
1749 1569 2110 1632 propagatum

531 1661 670 1716 erat,
705 1667 814 1707 non
845 1662 927 1707 est
956 1669 1094 1722 opus
1117 1653 1223 1705 alio
1247 1653 1503 1722 qu0piam
1544 1653 1710 1707 verbo
1753 1653 1817 1707 ad
1864 1663 2108 1709 everten-

530 1743 660 1796 dum
681 1752 1071 1796 commentum.
1095 1739 1236 1796 Vidit
1271 1743 1415 1796 enim
1455 1743 1684 1796 omnino
1734 1751 1992 1813 tanquam
2037 1744 2114 1798 si-

1697 345 1834 417 ΤΠΊ
1875 345 2305 402 BOSTRENSIS
2343 340 2654 398 EPISCOP'l

1752 478 1898 517 nunc
1936 474 2117 518 autem
2148 469 2196 524 Α
2221 461 2406 523 οῦσαν,
2432 459 2710 529 ἀνατροπὴ
2741 455 3008 527 παντελὴς
3033 457 3132 524 τῆς
3158 453 3468 516 ὑποθέσεως
3500 451 3561 505 τὸ
3598 452 3672 522 μὴ
3700 451 3798 505 καὶ

3661 336 3798 392 1096

2221 555 2413 622 φυγεῖν
2435 551 2495 604 τὸ
2518 550 2775 603 ἐναντίον.

2289 733 2362 785 Τὸ
2383 733 2440 786 δὲ
2468 731 2532 802 δὴ
2557 729 2738 802 μεῖζον
2758 731 2836 794 είς
2866 729 3107 796 ἀλογίαν,
3143 726 3540 780 ἀποσταλεῖσαν
3571 725 3799 794 δύναμιν

2216 827 2310 880 τοῦ
2339 827 2564 895 ἀγαθοῦ,
2597 825 2780 878 οὐκέτι
2823 825 2936 894 φῶς
2966 823 3220 894 αἰσθητόν
3241 839 3253 851 ·
3291 820 3404 874 ἀλλ’
3443 821 3518 883 ὡς
3548 821 3610 874 ἂν
3639 821 3795 887 φαίη,

2218 917 2486 989 προϐολὴν
2531 915 2625 969 τοῦ
2660 914 2794 968 Θεοῦ
2846 913 3177 984 θεασαμένη,
3235 913 3542 982 προσκισσᾷ
3593 910 3691 980 μὲν
3723 909 3800 972 ὡς

2217 1007 2418 1080 ἐρῶσα,
2444 1008 2591 1079 ὁρμᾷ
2621 1005 2674 1058 δὲ
2716 1005 2806 1058 καὶ
2851 1004 3156 1066 καταπίνει,
3188 1003 3280 1072 καὶ
3307 1004 3423 1063 ταῖς
3455 1000 3610 1062 ἰδίαις
3641 999 3798 1052 δυνά-

2219 1117 2346 1169 μεσι
2368 1098 2609 1168 διανέμει
2635 1114 2648 1126 ο
2743 1097 2798 1149 δὲ
2827 1097 2920 1148 καὶ
2947 1094 3244 1148 θεάσασθαι
3275 1094 3335 1146 τὸ
3367 1095 3431 1145 ἐκ
3455 1093 3553 1163 τῆς
3581 1090 3795 1160 φύσεως

2214 1191 2309 1246 τοῦ
2358 1189 2562 1260 ἀγαθοῦ
2606 1188 2853 1261 πεμφθὲν
2906 1187 3164 1241 ἀδύνατον
3211 1183 3301 1257 ἦν.
3345 1183 3518 1257 ταύτῃ
3575 1183 3796 1236 δυνατόν

2218 1301 2348 1354 φησι
2395 1282 2698 1352 γεγονέναι,
2753 1280 2847 1333 καὶ
2898 1281 3184 1331 καταπιεῖν
3241 1277 3418 1330 τοῦτο.
3461 1276 3584 1328 Ἐπὶ
3635 1275 3796 1328 πλέον

2217 1379 2325 1448 γὰρ
2355 1377 2431 1448 τῷ
2470 1376 2618 1446 αὐτῷ
2651 1378 2923 1448 χρήσομαι
2950 1373 3112 1443 λόγῳ,
3145 1373 3240 1436 ὡς,
3274 1372 3320 1423 εί
3357 1372 3449 1423 καὶ
3484 1371 3642 1440 μόνον
3688 1365 3793 1420 εἶδε

2215 1471 2278 1522 τὸ
2301 1473 2364 1524 ὲκ
2385 1469 2483 1539 τῆς
2507 1470 2691 1529 οὐσίας
2722 1466 2812 1519 τοῦ
2843 1465 2977 1518 Θεοῦ
3005 1464 3273 1538 προϐεϐλη
3284 1463 3460 1533 μένον,
3497 1461 3682 1532 έτέρου
3711 1477 3793 1512 τι-

2218 1561 2306 1624 νὸς
2324 1561 2420 1613 οὐκ
2436 1561 2500 1614 ἂν
2517 1558 2744 1630 δεόμεθα
2763 1559 2873 1629 (I0)
2891 1558 3048 1627 λόγου
3066 1556 3200 1627 πρὸς
3221 1555 3527 1625 ἀνατροπὴν
3547 1552 3638 1606 τοῦ
3660 1551 3794 1605 πλά-

2220 1668 2455 1722 σματος·
2496 1646 2602 1704 εἶδε
2639 1649 2746 1722 γὰρ
2792 1651 3028 1713 πάντως,
3081 1648 3158 1712 ὼς
3196 1647 3356 1717 ὁμοία
3385 1647 3444 1699 τὸ
3473 1646 3674 1716 ὅμοιον.
3722 1643 3795 1697 Τὸ

2219 1745 2326 1815 γὰρ
2358 1745 2533 1814 πάντη
2562 1743 2703 1795 κατά
2744 1741 2906 1810 φύσιν
2933 1741 3174 1793 ἐναντίον
3215 1740 3307 1792 καὶ
3343 1738 3477 1808 πρὸς
3508 1737 3683 1808 ἄκραν
3706 1738 3797 1789 ἑν-

530 1833 677 1888 milis
702 1834 897 1889 simile.
935 1834 1092 1899 Quod
1114 1833 1260 1888 enim
1290 1843 1374 1888 est
1418 1833 1634 1903 penitus
1678 1835 1978 1888 secundum
2015 1850 2110 1888 na-

2221 1837 2506 1905 αντιότητα
2540 1833 2872 1904 κεχωρηκὺς,
2905 1831 3014 1884 οὐτ’
3047 1830 3112 1884 ἂν
3156 1831 3253 1882 ἴδοι
3299 1831 3358 1882 τὸ
3389 1829 3653 1888 ἐναντίον,
3682 1825 3793 1880 οὐτ’

530 1932 708 1978 turam
725 1925 1082 1990 contrarium,
1117 1934 1172 1978 et
1215 1939 1426 1978 summe
1448 1925 1808 1981 contrarium.
1833 1940 2112 1994 nunquam

529 2013 717 2070 videre
737 2015 936 2085 poterit
957 2015 1314 2079 contrarium,
1339 2029 1440 2068 nec
1475 2016 1948 2086 pr0pinquabitei,
1984 2017 2114 2086 quia

530 2107 580 2164 si
611 2107 693 2161 vel
723 2108 908 2162 solum
949 2107 1148 2172 videat,
1173 2107 1312 2161 ratio
1337 2108 1595 2161 contrarii
1617 2123 1852 2177 prorsus
1885 2110 2109 2163 tollitur.

2223 1929 2289 1981 ἂν
2341 1925 2751 1996 προσεγγίσειεν
2797 1922 2978 1994 αὐτῷ’
3031 1922 3219 1990 ἐπειδὴ
3278 1919 3648 1991 διαφθείρεται
3695 1918 3794 1987 τῆς

2221 2017 2590 2087 ἐναντιότητος
2617 2018 2645 2068 ὁ
2677 2016 2832 2082 λόγος
2866 2012 3164 2076 παντελῶς,
3196 2015 3246 2064 εἰ
3275 2012 3365 2064 καὶ
3401 2011 3558 2081 μόνον
3599 2009 3718 2061 ἴδοι.

1747 2221 1879 2276 CAP.
1921 2219 2063 2274 XXI.
2099 2221 2240 2277 Deus
2271 2217 2572 2273 invisibilis.

601 2309 714 2367 Hoc
745 2321 924 2366 autem
959 2310 1110 2366 addit
1161 2312 1373 2366 caeteris
1415 2327 1537 2382 qua:
1584 2312 1740 2377 dixit,
1796 2313 2109 2377 absurdius,

527 2414 583 2459 ct
621 2420 806 2460 secum
841 2403 1190 2460 vehementer
1204 2419 1452 2474 pugnans
1480 2423 1494 2471 ;
1518 2420 1586 2458 ne
1617 2420 1754 2474 opus
1770 2405 1864 2468 sit,
1889 2413 1948 2458 ut
1968 2405 2111 2460 alius

529 2508 722 2552 contra
747 2511 871 2550 eum
899 2495 1063 2549 dicat.
1092 2495 1307 2549 Amavit
1334 2496 1503 2558 enim,
1539 2496 1737 2566 inquit,
1787 2504 2111 2566 potestatem

529 2590 677 2644 illam
701 2589 872 2642 visam
905 2595 1163 2658 tanquam
1183 2587 1351 2642 oblita
1378 2589 1597 2659 penitus
1621 2599 1827 2643 natura:
1847 2589 2108 2658 proprize:

529 2692 640 2732 non
664 2677 754 2730 illa
783 2675 1002 2747 quidem
1032 2677 1203 2731 oblita
1246 2685 1351 2740 est,
1383 2694 1504 2747 qua:
1527 2667 1656 2732 'non
1703 2686 1822 2732 erat
1867 2697 1880 2732 :
1915 2677 2011 2733 sed
2055 2679 2111 2733 hi

525 2779 658 2826 sunt
723 2786 950 2825 suorum
1013 2778 1452 2823 commentorum
1511 2771 1896 2833 immemores;
1961 2769 2112 2822 aiunt

527 2863 702 2924 enim,
731 2865 1052 2931 priusquam
1088 2861 1204 2914 haac
1240 2861 1565 2916 seditionem
1586 2868 1848 2922 moveret,
1878 2876 1984 2915 non
2017 2863 2112 2914 ba-

2288 2309 2458 2364 Τοῦτο
2495 2308 2551 2362 δὲ
2593 2305 2913 2377 προστίθησι
2946 2303 3056 2358 τῶν
3089 2303 3400 2374 εἰρημένων
3447 2300 3794 2372 ἀτοπώτερον

2219 2400 2454 2474 ἰσχυρῶς
2480 2399 2657 2469 ἑαυτῷ
2699 2398 3005 2470 μαχόμενος
3027 2413 3044 2429 ο
3076 2396 3160 2449 ἵνα
3195 2395 3382 2466 μηδείς
3415 2395 3599 2466 ἔτερος
3629 2393 3793 2466 δεηθῇ

2217 2497 2355 2568 πρὸς
2375 2493 2538 2548 αὐτὸν
2570 2494 2762 2546 εἰπεῖν.
2791 2490 2928 2560 Φησὶ
2953 2490 3089 2561 γάρ’
3127 2487 3368 2560 Ἠράσθη
3405 2486 3504 2556 τῆς
3533 2487 3796 2556 φανείσης

2216 2590 2517 2660 δυνάμεως,
2554 2585 2740 2656 ὥσπερ
2785 2582 3135 2652 ὲπιλησθείσα
3181 2580 3457 2644 παντελῶς
3509 2579 3609 2650 τῆς
3660 2580 3795 2642 ἰδίας

2217 2680 2430 2748 φύσεως
2455 2695 2467 2707 ·
2496 2678 2558 2730 οὐ
2593 2676 2692 2745 μὲν
2731 2674 2794 2745 δὴ
2837 2674 3018 2743 ἐκείνη
3047 2690 3111 2740 γε
3141 2674 3174 2742 ἡ
3206 2672 3280 2742 μὴ
3308 2669 3461 2735 οὖσα,
3503 2671 3618 2725 ἀλλ’
3651 2667 3796 2724 οὐτοί

2216 2790 2279 2840 γε
2321 2771 2428 2824 τῶν
2473 2769 2615 2822 ἰδίων
2647 2767 2979 2836 πλασμάτων
3002 2783 3015 2795 ο
3048 2767 3096 2817 εί
3129 2765 3235 2837 γὰρ
3266 2766 3393 2836 πρὶν
3424 2765 3794 2834 ἐπαναστῆναι

2216 2864 2419 2934 ταύτην
2447 2861 2580 2930 φασὶ
2619 2859 2819 2927 γνῶσιν
2859 2857 2954 2910 τοῦ
2987 2857 3194 2924 ἀγαθοῦ
3233 2860 3305 2928 μὴ
3353 2857 3663 2927 ἐσχηκέναι,
3708 2857 3796 2911 ἵνα

531 2954 720 3008 buisse
748 2953 1119 3023 cognitionem
1152 2951 1320 3017 boni;
1362 2967 1430 3006 ne
1456 2953 1771 3023 cognitione
1827 2953 1955 3007 boni
2010 2968 2108 3004 na-

2214 2956 2286 3027 μὴ
2320 2953 2669 3025 σεμνὼσωσιν
2699 2948 2904 3018 ἀγαθοῦ
2940 2950 3136 3017 γνώσει
3186 2950 3283 3020 τὴν
3330 2951 3456 3020 παρ’
3492 2948 3657 3002 αὐτοῦ
3693 2948 3798 3019 φύ-

533 3055 715 3098 turam
744 3045 810 3099 ab
849 3045 970 3113 ipso
1019 3051 1334 3098 accusatam
1385 3054 1599 3099 ornent.
1644 3042 1834 3100 Nonne
1873 3046 2110 3100 amentia

529 3145 639 3200 est,
669 3143 862 3206 putare
883 3149 1000 3188 eam
1033 3151 1154 3206 quae
1182 3135 1237 3188 in
1266 3151 1325 3190 se
1367 3150 1477 3189 non
1535 3133 1697 3190 habet
1729 3134 1868 3189 unde
1911 3150 2116 3205 cogno-

530 3236 651 3283 scat
673 3241 797 3282 esse
833 3229 1057 3293 bonum,
1092 3227 1336 3298 potuisse
1360 3227 1567 3291 videre,
1622 3234 1678 3281 et
1705 3235 1998 3296 postquam
2029 3226 2112 3279 vi—

528 3316 630 3379 dit,
655 3315 1038 3371 desiderasse?
1061 3317 1220 3386 longe
1246 3316 1391 3370 enim
1423 3315 1601 3386 majus
1630 3324 1714 3371 est
1746 3316 2112 3371 substantiam

528 3415 752 3478 aspectu
781 3409 987 3469 videre,
1021 3423 1184 3478 quam
1215 3423 1552 3479 cognoscere
1575 3425 1717 3464 esse.
1741 3408 1984 3464 Primum
2003 3426 2113 3464 non

523 3502 707 3556 solum
740 3516 862 3566 nos,
895 3502 992 3556 sed
1027 3508 1327 3570 potestates
1372 3501 1630 3570 angelica
1670 3502 2111 3567 excellentiores,

535 3609 661 3650 esse
704 3593 926 3663 quidem
977 3594 1181 3647 bonum
1228 3593 1634 3663 cognoscimus,
1691 3607 1756 3646 ac
1800 3595 2115 3665 cognitione

525 3686 647 3740 sola
679 3685 746 3739 ad
769 3686 1026 3754 pietatem
1055 3685 1108 3737 in
1134 3683 1302 3740 Deum
1329 3685 1527 3738 alimur
1555 3703 1570 3749 ;
1593 3693 1746 3740 tanto
1779 3701 1910 3741 vero
1931 3690 2114 3741 excel-

533 3778 734 3832 ‘entius
756 3777 956 3847 angeli,
990 3789 1196 3847 quanto
1229 3787 1425 3832 natura
1472 3786 1603 3832 sunt
1645 3779 2108 3834 excellentiores:

529 3866 715 3921 videre
737 3875 919 3920 autem
949 3869 1313 3922 substantiam
1334 3867 1426 3922 Dei
1458 3882 1637 3938 neque
1666 3869 1846 3931 nobis,
1871 3885 1971 3924 nec
2005 3871 2112 3925 illis

528 3955 694 4010 licet:
725 3955 993 4026 siquidem
1017 3972 1118 4012 nos
1147 3957 1390 4027 quandiu
1427 3973 1630 4028 corpus
1667 3957 1969 4012 secundum
2013 3974 2113 4012 na-

529 4057 707 4099 turam
733 4046 911 4100 induti
943 4062 1156 4114 sumus,
1182 4064 1285 4104 nec
1317 4049 1541 4119 angelos
1570 4048 1720 4118 ipsos
1765 4049 1950 4104 videre
1985 4065 2110 4119 pos-

524 4149 743 4190 sumus.

601 4225 948 4282 Manifestum
971 4229 1118 4284 enim
1157 4236 1242 4284 est
1271 4237 1324 4282 et
1351 4245 1385 4299 p
1409 4244 1508 4283 ane
1537 4244 1885 4296 concessum,
1917 4233 2009 4302 qui
2035 4231 2112 4284 vi-

2219 3065 2301 3100 σιν
2326 3046 2753 3117 διαϐεϐλημένην
2775 3062 2788 3074 ⁸
2825 3043 2942 3108 πῶς
2978 3044 3076 3096 οὐκ
3105 3042 3298 3110 ἄλογον
3340 3043 3438 3113 τὴν
3469 3043 3542 3114 μὴ
3566 3043 3795 3112 ἔχουσαν

2217 3143 2274 3192 ἐν
2321 3142 2457 3211 αὐτῇ
2503 3140 2562 3192 τὸ
2613 3139 2832 3200 εἰδέναι,
2868 3139 2949 3190 ὅτι
2995 3136 3111 3188 ἔστι
3155 3136 3410 3204 τάγαθὸν,
3453 3136 3657 3208 ταύτην
3701 3139 3796 3190 καὶ

2220 3233 2345 3286 ἰδεῖν
2365 3232 2677 3303 δυνηθῆναι,
2705 3232 2798 3286 καὶ
2833 3230 3177 3300 θεασαμένην
3203 3229 3574 3300 ὲπιθυμῆσαι;
3610 3231 3796 3299 μεῖζον

2216 3323 2325 3394 γὰρ
2363 3322 2709 3394 ἁσυγκρίτως
2749 3320 2843 3374 τοῦ
2877 3320 3100 3388 γνῶναι,
3132 3321 3214 3372 ὅτι
3253 3318 3368 3372 ἔστι
3405 3321 3466 3372 τὸ
3496 3320 3793 3374 θεάσασθαι

2214 3416 2333 3485 ὄψει
2363 3417 2458 3486 τὴν
2481 3415 2689 3468 οὐσίαν.
2737 3414 2947 3467 Αὐτίκα
2988 3415 3086 3484 οὐχ
3127 3416 3289 3483 ἡμεῖς
3321 3413 3502 3482 μόνον,
3541 3413 3676 3466 ἀλλά
3701 3417 3796 3468 καὶ

2214 3508 2321 3559 τῶν
2342 3506 2588 3574 ἀγγέλων
2615 3507 2670 3558 αἱ
2707 3505 3096 3574 ἀναϐεϐηκυῖαι
3133 3505 3409 3574 δυνάμεις,
3443 3505 3525 3558 ὅτι
3557 3505 3656 3574 μὲν
3678 3504 3793 3558 ἔστι

2212 3598 2468 3666 τάγαθὸν,
2503 3595 2862 3666 γινώσκομεν,
2899 3599 2963 3666 τῇ
2995 3595 3192 3664 γνώσει
3232 3595 3325 3647 καὶ⁵
3371 3595 3506 3668 μόνῃ
3534 3595 3669 3665 πρὸς
3692 3597 3793 3667 τὴν

2212 3689 2494 3742 εὐσέϐειαν
2537 3686 2878 3758 τρεφόμενοι,
2917 3686 3161 3754 ἀγγέλων
3208 3685 3406 3756 δηλαδὴ
3459 3685 3795 3756 ἁναὸεὸηκόο

2211 3801 2320 3836 των
2347 3781 2490 3835 κατὰ
2515 3781 2613 3853 τὴν
2654 3781 2876 3850 γνῶσιν,
2919 3780 3044 3831 ὅσον
3074 3779 3167 3831 καὶ
3203 3778 3344 3832 κατὰ
3385 3777 3543 3846 φύσιν
3563 3796 3576 3807 ο
3606 3777 3700 3831 τοῦ
3733 3778 3795 3831 δὲ

2211 3874 2342 3932 Θεὸν
2377 3874 2497 3928 κατ’
2521 3873 2709 3927 οὐσίαν
2732 3872 2880 3932 ἰδεῖν,
2906 3869 3016 3922 οὗθ’
3044 3872 3174 3940 ἡμῖν
3207 3869 3318 3922 οὗθ’
3348 3871 3579 3932 ἐκείνοις
3605 3869 3788 3940 μετόν

2209 3968 2344 4020 ὅπου
2372 3968 2502 4037 ἡμῖν
2530 3967 2638 4020 οὐδ’
2676 3966 2938 4034 ἀγγέλους
2971 3964 3186 4027 αὐτοὺς,
3221 3966 3278 4016 ὲν
3303 3965 3412 4034 ὅσῳ
3443 3963 3503 4016 τὸ
3524 3964 3666 4018 κατὰ
3689 3963 3794 4033 cpti-

2213 4079 2296 4114 σιν
2321 4059 2681 4133 περικείμεθα
2711 4057 2890 4126 σῶμα,
2927 4055 3151 4108 δυνατὸν
3180 4055 3326 4109 ἰδεῖν.

2283 4237 2451 4309 Δῆλον
2483 4237 2592 4308 γὰρ
2625 4238 2720 4291 καὶ
2748 4238 2932 4306 σαφῶς
2958 4234 3403 4306 ὁμολογούμενον,
3433 4233 3507 4298 ὡς
3535 4234 3563 4285 ὁ
3588 4233 3644 4285 τὶ
3675 4231 3793 4302 βλέ-

526 4317 620 4374 det
655 4319 835 4374 simile
857 4320 964 4375 sibi
994 4321 1198 4375 videre.
1248 4321 1305 4375 Si
1332 4321 1455 4390 quis
1495 4337 1624 4377 vero
1655 4323 1930 4379 existimet
1956 4323 2108 4377 futile

2214 4349 2350 4395 πων,
2375 4332 2559 4402 ὅμοιον
2583 4330 2759 4402 ἑαυτῷ
2798 4329 2877 4392 ὃν,
2903 4328 3061 4381 τοῦτο
3095 4327 3299 4398 βλέπει.
3327 4328 3389 4380 El
3415 4327 3470 4380 δέ
3508 4343 3592 4390 τις
3623 4326 3791 4379 ἀπαι-

533 4425 654 4466 esse
684 4411 828 4480 quod
874 4411 1150 4479 dicimus;
1202 4412 1454 4469 videmus
1492 4415 1638 4467 enim
1683 4416 1875 4478 solem,
1923 4415 2106 4468 lunam

523 4510 587 4556 et
614 4501 824 4565 stellas,
863 4510 1124 4571 pra-terea
1158 4503 1299 4570 apud
1337 4518 1439 4556 nos
1485 4502 1715 4573 lapides,
1765 4519 1980 4567 aurum,
2018 4521 2108 4557 ar-

522 4603 775 4665 gentum,
825 4592 1070 4670 denique.
1107 4608 1256 4647 mare
1306 4595 1482 4662 ipsum
1522 4602 1577 4649 et
1606 4595 1788 4648 omnia
1831 4596 2104 4657 animalia,

527 4699 592 4739 ac
641 4686 792 4740 nullo
829 4693 988 4754 pacto
1026 4685 1112 4742 bis
1157 4686 1367 4742 similes
1408 4702 1634 4751 sumus;
1695 4687 1940 4742 advertat
1983 4690 2105 4754 iste,

523 4777 670 4848 quod
703 4777 808 4832 etsi
831 4792 1019 4832 eorum
1042 4794 1162 4848 qua:
1195 4780 1658 4842 enumeravimus,
1702 4779 1932 4834 diversa:
1978 4797 2107 4850 spe--

521 4871 640 4925 cies
664 4869 810 4935 sint;
878 4877 932 4922 at
997 4870 1192 4924 borum
1259 4871 1506 4923 omnium
1565 4887 1738 4941 genus
1791 4888 2106 4941 supremum

521 4977 728 5032 corpus
760 4969 864 5016 est.
915 4961 1236 5016 Substantia
1273 4978 1509 5034 namque
1546 4965 1744 5034 partim
1800 4965 2108 5035 inaspecta-

524 5055 652 5110 bilis
687 5066 790 5118 est,
852 5064 913 5109 ut
961 5055 1315 5124 incorporea;
1364 5057 1561 5126 partim
1621 5059 1998 5128 aspectabills,
2049 5070 2108 5114 ut

520 5160 748 5215 corpus.
777 5143 962 5198 Prima
1012 5144 1173 5215 igitur
1207 5147 1428 5216 partitio
1474 5146 1658 5200 omnia
1697 5149 1810 5202 liaac
1843 5156 2105 5217 tanquam

522 5253 696 5307 genus
721 5246 940 5308 separat
981 5245 1036 5291 et
1082 5237 1390 5308 distinguit.
1444 5239 1624 5304 Quare
1657 5255 1859 5310 corpus
1901 5256 2104 5310 corpus

524 5329 714 5396 videt;
752 5338 805 5384 et
832 5345 1104 5402 quatenus
1125 5348 1348 5402 corpus,
1387 5335 1566 5389 simile
1594 5341 1648 5390 et
1693 5343 1985 5404 cognatum
2022 5343 2106 5389 est

522 5421 714 5478 videns
747 5423 888 5488 viso,
929 5426 1179 5494 quamvis
1227 5426 1332 5480 sint
1380 5425 1612 5481 diversae
1659 5426 1853 5480 borum
1891 5429 2104 5495 species

523 5522 745 5582 propter
771 5516 1090 5572 varietatem
1120 5526 1174 5574 et
1197 5527 1453 5572 ornatum
1489 5518 1759 5573 universi.

593 5603 902 5662 Ridiculum
931 5610 1078 5664 enim
1106 5617 1273 5675 esset,
1305 5611 1350 5664 si
1383 5609 1512 5681 quia
1539 5609 1640 5666 llos
1669 5611 2101 5682 pulcherrimum

594 5718 708 5790 (10)
737 5719 897 5777 Forte
924 5721 1175 5793 δεοίμεθα
1209 5723 1294 5780 vel
1323 5723 1491 5795 δεώμ.
1527 5724 1685 5780 Ευιτ.

2210 4425 2411 4489 δεύτως
2453 4424 2664 4494 οἰηθείη
2709 4423 2907 4495 σαθρὸν
2935 4422 3075 4474 εἶναι
3123 4421 3184 4474 τὸ
3231 4419 3396 4493 ῥηθὲν
3426 4418 3792 4490 (ὲμδλέπομεν

2210 4518 2317 4592 γάρ
2346 4518 2494 4588 ἥλιον
2519 4518 2614 4570 καὶ
2647 4516 2875 4586 σελήνην
2901 4515 2993 4568 καὶ
3013 4514 3266 4586 ἀστέρας,
3292 4513 3371 4566 ἔτι
3403 4512 3509 4583 μὴν
3534 4512 3621 4580 ὑφ’
3646 4512 3792 4582 ἡμᾶς

2209 4611 2407 4673 λίθους,
2439 4609 2636 4681 χρυσόν
2673 4626 2732 4661 τε
2767 4609 2860 4661 καὶ
2899 4606 3156 4679 ἄργυρον,
3191 4608 3286 4659 καὶ
3323 4605 3555 4667 συνόλως
3590 4606 3688 4676 τήν
3729 4621 3792 4656 τε

2212 4700 2487 4754 θάλασσαν
2518 4702 2610 4753 καὶ
2641 4701 2708 4753 τὰ
2743 4700 2858 4765 ζῶα
2899 4700 3210 4769 σύμπαντα,
3245 4698 3339 4750 καὶ
3367 4698 3428 4750 οὐ
3459 4697 3630 4767 δήπου
3663 4695 3792 4748 τού-

2207 4810 2319 4856 τσις
2353 4792 2524 4862 ὅμοιοί
2558 4791 2766 4862 ἐσμεν),
2809 4791 3145 4862 μανθανέτω,
3190 4789 3284 4852 ὡς,
3325 4789 3372 4840 εἰ
3421 4788 3512 4841 καὶ
3563 4787 3795 4858 διάφορα

2208 4883 2275 4936 τὰ
2305 4881 2420 4952 εἴδη
2453 4881 2561 4934 τῶν
2587 4880 3105 4952 κατηριθμημένων,
3138 4878 3274 4931 ἀλλά
3297 4894 3358 4945 γε
3391 4876 3594 4930 τούτων
3623 4877 3796 4928 ἀπάν-

2207 4990 2315 5025 των
2344 4971 2679 5042 ἀναὸεδηκὸς
2704 4972 2859 5039 γένος
2886 4971 2945 5022 τὸ
2987 4969 3143 5040 σῶμα
3169 4985 3183 4998 ⁸
3228 4969 3326 5038 τῆς
3360 4967 3469 5037 γάρ
3509 4966 3695 5028 οὐσίας
3735 4968 3796 5018 τὸ

2210 5066 2307 5134 μὲν
2342 5064 2593 5136 ἀόρατον,
2633 5064 2707 5126 ὡς
2737 5062 3051 5133 ἀσώματον,
3085 5062 3146 5114 τὸ
3176 5061 3230 5115 δὲ
3270 5061 3486 5134 ὁρατὸν,
3510 5061 3585 5125 ὡς
3610 5060 3794 5131 σῶμα.

2219 5157 2282 5210 Ἦ
2319 5157 2498 5210 τοίνυν
2559 5155 2747 5228 πρώτη
2795 5156 2935 5227 τομὴ
2989 5155 3166 5208 πάντα
3215 5155 3386 5207 ταῦτα
3433 5156 3508 5217 ὡς
3543 5154 3609 5208 ἂν
3638 5153 3796 5222 γένος

2206 5248 2488 5321 ἀφορίζει·
2549 5249 2705 5320 σῶμα
2741 5249 2939 5313 τοίνυν,
2998 5247 3157 5319 σῶμα
3216 5248 3439 5318 βλέπει·
3503 5248 3598 5300 καὶ
3658 5246 3796 5299 καθὸ

2208 5342 2386 5414 σῶμα,
2416 5342 2598 5412 ὅμοιον
2633 5342 2727 5395 καὶ
2757 5342 3017 5410 συγγενὲς
3039 5341 3098 5394 τὸ
3131 5340 3272 5410 ὀρῶν
3314 5339 3391 5409 τῷ
3431 5339 3714 5411 ὁρωμένῳ,
3745 5340 3794 5390 εἰ

2205 5430 2299 5482 καὶ
2334 5429 2564 5502 διάφορα
2596 5431 2801 5484 τούτων
2843 5430 2911 5483 τὰ
2943 5429 3058 5500 εἴδη
3084 5429 3172 5483 διὰ
3201 5429 3262 5482 τὸ
3297 5430 3536 5483 ποικίλον
3570 5430 3665 5484 καὶ
3700 5428 3795 5480 κό-

2207 5539 2365 5592 σμιον
2398 5522 2476 5592 τῷ
2506 5525 2688 5578 παντί.

2291 5613 2442 5666 Ἐπεί
2462 5632 2542 5668 τοι
2567 5615 2740 5684 γέλως
2770 5615 2835 5669 ἂν
2866 5615 2951 5686 εἴη
2978 5615 3180 5687 χρυσοῦ
3211 5634 3271 5670 τε
3298 5616 3360 5670 τὸ
3381 5613 3561 5680 ἄνθος,
3598 5616 3789 5680 suum;
