4100 6442
396 380 418 434 I
429 378 534 435 097

1487 358 1861 419 ADVERSUS
1896 351 2322 411 MANICHAEOS
2357 351 2484 406 LIB.
2531 348 2566 403 I.

3519 346 3534 398 I
3550 343 3657 400 093

394 513 458 565 γε
495 494 779 549 κάλλιστον
804 493 869 563 τῇ
896 490 1016 561 δψει
1043 489 1309 558 φαίνεται,
1346 505 1437 541 και
1459 485 1687 555 αἱθάλης
1719 483 1781 536 τὸ
1806 483 1967 535 ἀναν-

2092 484 2353 548 ιερεειιιιιι
2389 474 2575 537 habet,
2605 477 2661 526 et
2696 471 2764 526 ab
2793 485 2930 526 auro
2959 468 3164 535 diﬂ‘ert,
3186 476 3242 526 et
3279 467 3425 539 quod
3458 477 3540 521 est
3562 465 3659 518 Ila»

395 586 505 651 θὲς,
545 583 619 655 μὴ
651 582 931 654 ἑκάτερον,
976 581 1113 651 ὅπερ
1155 580 1251 632 καὶ
1298 578 1464 641 ὅντως
1509 576 1647 641 ἐστι,
1684 573 1963 629 καλεῖσθαι

394 676 630 752 χρῶμα·
684 675 881 747 χρῶμα
943 673 1072 744 γὰρ,
1122 672 1169 724 εί
1213 671 1306 723 καὶ
1350 669 1626 740 διάφορον,
1673 665 1967 737 ἑκάτερον⁹

360 757 375 775 ’
393 770 517 840 ὄψις
547 768 655 841 γὰρ
684 769 717 838 ὴ
749 766 888 838 αὐτὴ
926 765 1127 836 ὁμοίως
1161 763 1406 836 ἐκατέρῳ
1433 763 1697 816 κοινωνεῖ.
1730 759 1887 814 Οὕτω
1909 758 1973 831 δὴ

394 864 571 916 πάντα
599 860 668 914 τὰ
711 858 938 929 σώματα
977 856 1169 929 όρατά,
1207 858 1255 909 εί
1285 857 1379 910 καὶ
1422 855 1653 925 διάφορα
1690 853 1769 924 τῷ
1819 852 1971 917 εῖδει,

397 957 594 1024 φάσκει
622 954 747 1024 μέν’
780 954 827 1006 εί
858 952 916 1005 δέ
939 951 1166 1022 σώματα
1187 949 1454 1020 σωμάτων
1482 947 1733 1019 κρείττω,
1763 945 1826 999 τὸ
1867 963 1970 999 κω-

2071 570 2252 627 ridum
2274 565 2455 623 ὤθει-ι
2483 581 2513 619 a
2546 564 2728 629 viridi,
2762 578 2876 617 non
2919 569 3153 632 uterque
3197 568 3509 622 vocaretur,
3562 555 3657 627 qui

2080 662 2137 717 in
2166 675 2226 716 re
2253 667 2359 723 est,
2399 657 2554 712 color
2590 674 2604 711 :
2644 654 2797 710 color
2825 652 2974 708 enim
3023 659 3107 707 est
3143 658 3395 721 uterque,
3440 646 3660 702 tametsi

2050 752 2336 808 ’diversus
2369 768 2382 804 :
2410 749 2553 804 idem
2577 747 2724 803 enim
2771 751 3028 816 aspectus
3071 759 3195 800 cum
3249 751 3482 812 utroque
3526 754 3662 794 con-

2076 848 2424 919 junctionem
2459 853 2514 901 et
2537 843 2857 900 societatem
2881 840 3067 897 habet.
3106 838 3198 895 Sic
3225 839 3407 894 omnia
3428 850 3660 907 corpora

2082 948 2211 997 sunt
2240 937 2612 1009 aspectabilia.
2639 936 2768 990 licet
2794 932 3110 989 diﬂ‘erentes
3126 933 3237 987 sint
3269 931 3499 1002 species.
3527 928 3662 984 Esse

397 1014 522 1098 λῦον
567 1014 742 1108 οὐδὲν,
806 1043 947 1115 πλήν
1007 1014 1073 1110 ,ε
1126 1014 1355 1111 σώματα
1407 1014 1623 1093 πάντα·
1675 1037 1797 1090 ὅθεν
1850 1034 1972 1088 οὐδὲ

2092 1032 2257 1080 intem
2304 1036 2535 1092 corpora
2578 1020 2684 1076 alia
2715 1020 2840 1076 aliis
2871 1018 3275 1090 prazstantiora,
3310 1016 3442 1071 nihil
3471 1014 3660 1087 prohi-

391 1134 773 1206 ’προσκυνητὸν
832 1134 1065 1204 μάλιστα
1121 1130 1199 1201 τῷ
1249 1129 1444 1200 ὁρῶντι
1493 1128 1553 1181 τὸ
1619 1126 1835 1196 ὁρατὸν,
1897 1122 1974 1185 ὡς

398 1224 949 1297 καταλαμϐανόμενον
981 1223 1115 1292 πρὸς
1153 1221 1336 1275 αὐτοῦ.

2078 1116 2190 1180 bet,
2223 1115 2357 1185 quin
2403 1114 2588 1169 omnia
2619 1126 2854 1183 corpora
2901 1111 3015 1168 sint
3054 1110 3369 1183 spectabilia
3399 1128 3412 1162 :
3443 1123 3510 1164 ex
3554 1122 3663 1177 quo

2078 1207 2158 1272 tit,
2194 1214 2254 1262 ut
2286 1221 2396 1261 non
2430 1205 2502 1262 sit
2531 1204 2676 1274 quod
2711 1204 2815 1260 sub
2840 1210 3122 1275 aspectum
3163 1201 3310 1256 cadit
3339 1198 3576 1271 maxime
3608 1204 3664 1251 et

2077 1298 2373 1370 praecipue,
2420 1294 2760 1352 adorandum
2796 1295 2864 1350 ab
2895 1311 2962 1351 eo
2982 1295 3076 1365 qui
3111 1291 3248 1348 illud
3305 1290 3501 1356 cernit,
3542 1295 3665 1344 tan-

2078 1404 2244 1462 quam
2267 1389 2337 1444 ab
2366 1389 2486 1460 ipso
2513 1387 2991 1458 comprehensum.

1103 1500 1233 1556 CAP.
1275 1498 1438 1554 XXII.
1479 1498 1711 1554 Materia
1743 1498 1906 1553 Deum
1929 1515 2034 1553 non
2070 1498 2219 1554 vidit.
2250 1496 2430 1569 Neque
2456 1499 2630 1553 lumen
2652 1497 2946 1553 absorbuit.

470 1619 535 1674 EI
565 1618 746 1673 τοίνυν
789 1612 896 1672 εἶδε
935 1615 996 1670 τὸ
1022 1618 1086 1670 ἐκ
1130 1615 1229 1686 τῆς
1269 1615 1460 1679 οὐσίας
1505 1617 1538 1686 ἡ
1570 1615 1670 1687 ὕλη
1698 1614 1792 1669 τοῦ
1825 1614 1981 1676 Θεοῦ,
2030 1640 2039 1650 -

403 1710 694 1781 συγγενείᾳ
720 1709 949 1782 πλείστῃ
980 1724 1039 1760 τε
1083 1708 1177 1761 καὶ
1223 1706 1504 1777 ὁμοιότητι
1539 1706 1675 1776 πρὸς
1717 1706 1816 1775 τὴν
1858 1705 1985 1758 θέαν

2165 1612 2224 1668 Si
2247 1615 2411 1686 igitur
2443 1613 2673 1669 matcria
2712 1612 2868 1677 vidit,
2907 1611 3053 1683 quod
3108 1627 3174 1667 ex
3230 1612 3536 1667 substantia
3571 1611 3667 1668 Dei

2092 1715 2234 1771 erat,
2263 1705 2591 1776 cognatione
2624 1718 2820 1775 magna
2864 1711 2919 1758 et
2965 1702 3324 1758 similitudine
3371 1702 3556 1768 ducta,
3596 1703 3669 1759 ad

399 1799 553 1875 ἦλθε,
581 1802 675 1855 καὶ¹
699 1801 848 1854 οὐδὲν
877 1800 1037 1853 πλέον
1064 1799 1233 1870 ἐχρῆν
1258 1798 1394 1870 πρὸς
1422 1798 1512 1851 τὸν
1536 1796 1836 1852 ἀσύστατον
1862 1814 1984 1850 του-

2092 1798 2462 1871 spectaculum
2505 1797 2693 1863 venit,
2738 1811 2842 1851 nec
2872 1796 3109 1866 amplius
3148 1810 3288 1866 opus
3330 1804 3450 1851 erat
3488 1797 3671 1853 dicere

400 1894 516 1948 τονὶ
545 1892 713 1964 μῦθον
747 1894 919 1945 εἰπεῖν
943 1907 957 1921 ’
992 1894 1041 1944 εί
1072 1891 1128 1945 δὲ
1174 1892 1266 1944 καὶ
1299 1889 1614 1961 ἐπεθύμησε
1655 1888 1750 1942 τοῦ
1782 1890 1978 1953 φανέν-

400 2003 512 2049 τος,
547 1986 607 2038 τὸ
656 1985 873 2038 πάντων
915 1983 1134 2054 ἄριστον
1182 1983 1317 2055 αὐτῇ
1370 1980 1893 2055 προσεμαρτύρησεν
1950 1982 1980 2034 ὁ

402 2079 657 2149 ἀνόητος·
701 2077 777 2140 ὡς
820 2077 1024 2130 ’κακίαν
1085 2077 1182 2148 μὲν
1215 2076 1386 2147 ὄνομα
1429 2074 1730 2129 τεθεικέναι
1783 2073 1979 2138 δοκεῖν,

402 2167 590 2221 οὐσίαν
617 2166 673 2219 δὲ
715 2165 923 2237 ἀγαθὴν
967 2165 1456 2237 προσομολογῆσαι.
1495 2164 1559 2217 Τί
1590 2163 1698 2236 γὰρ
1731 2165 1811 2228 είς
1842 2164 1982 2217 ἀπό-

402 2255 567 2326 δειξιν
617 2257 1019 2327 καλοκαγαθίας
1064 2258 1248 2329 μεῖζον
1296 2256 1389 2311 τοῦ
1430 2256 1762 2328 ἐπιθυμῆσαι
1810 2258 1984 2325 τάγα-

404 2350 538 2416 θοῦ;
580 2351 643 2403 EI
689 2349 746 2402 δέ
788 2367 922 2421 φησι
967 2350 1062 2402 καὶ
1100 2347 1417 2414 ἐπελάϐετο,
1459 2349 1554 2401 καὶ
1598 2347 1876 2414 κατέπιεν,
1909 2346 1986 2408 ὡς

404 2445 663 2514 ἐγκύμων
713 2442 963 2512 γενέσθαι
1011 2442 1108 2512 τῆς
1157 2441 1404 2504 ἐναντίας
1447 2439 1542 2493 τοῦ
1593 2437 1728 2492 Θεοῦ
1776 2438 1984 2502 οὐσίας,

406 2536 503 2588 καὶ
533 2537 652 2598 ταῖς
696 2534 856 2597 ἰδίαις
906 2533 1165 2603 δυνάμεσι
1209 2532 1510 2602 διένειμεν⁹·
1556 2530 1601 2585 ὣ
1644 2535 1743 2603 τῆς
1792 2530 1986 2601 ἀλόγου

410 2626 639 2699 μανίαςί
684 2627 784 2680 οὐκ
833 2621 938 2680 εἶδε
984 2626 1163 2697 μόνον,
1199 2624 1334 2678 ἀλλὰ
1375 2624 1467 2679 καὶ
1505 2623 1852 2697 ἐπεθύμησε-
1893 2624 1988 2677 καὶ

404 2718 506 2772 οὐκ
550 2717 863 2790 ἐπεθύμησε
911 2716 1091 2788 μόνον,
1138 2716 1273 2770 ἀλλὰ
1325 2716 1420 2769 καὶ
1468 2714 1692 2769 κατέπιε
1716 2730 1731 2744 ’
1781 2716 1877 2768 καὶ
1926 2714 1989 2768 οὐ

410 2808 635 2862 κατέπιε
674 2808 854 2879 μόνον,
895 2806 1031 2860 ἀλλὰ
1072 2806 1169 2860 καὶ
1198 2805 1438 2875 κατέχει.
1470 2802 1657 2857 Ταῦτα
1690 2804 1868 2859 πάντα
1896 2819 1993 2857 σα-

410 2899 526 2970 φῶς
554 2899 615 2952 οὐ
649 2899 746 2971 τὴν
785 2898 1137 2970 ἐναντιότητα
1177 2897 1277 2968 τῆς
1322 2896 1536 2966 φύσεως
1572 2892 1765 2967 ὁρίζει,
1815 2894 1991 2965 ἄκραν

409 2992 469 3046 δέ
504 2993 599 3046 καὶ
623 2992 722 3064 τὴν
746 2991 1007 3046 ἀνωτάτω
1048 2987 1365 3057 συγγένειαν
1389 2987 1591 3058 ἀμφοῖν
1615 2985 1886 3055 ὁμολογεῖ.

482 3258 608 3311 Ehe
664 3256 775 3327 γὰρ
831 3253 1237 3325 ἀγανακτοῦσα,
1288 3254 1427 3325 ὅπερ
1480 3252 1745 3325 λογισμοῦ
1794 3253 1997 3325 δεῖγμα

408 3350 689 3419 τυγχάνει,
722 3347 831 3401 εἴτε
889 3348 983 3401 καὶ
1036 3346 1382 3418 ἐπιθυμοῦσα
1428 3347 1659 3401 κατέπιε
1704 3346 1765 3399 τὸ
1805 3346 1992 3416 φανὲν,

412 3443 626 3514 φύσεως
656 3441 915 3512 ἄντικρυς
950 3440 1204 3495 κοινωνία
1245 3439 1416 3495 ταῦτα
1443 3440 1640 3508 γένοιτ’
1666 3440 1763 3495 ἄν·
1799 3440 1848 3492 εἰ
1886 3438 1994 3510 γὰρ

411 3536 596 3604 ἄκρως
629 3533 870 3604 ὑπῆρχεν
903 3533 1142 3597 ἐναντία,
1187 3532 1452 3603 συνῆλθεν
1494 3530 1745 3602 οὐδαμῶς
1774 3531 1839 3585 ἂν
1869 3531 1998 3585 ἐκά-

413 3641 568 3697 τερα.
603 3624 679 3679 Οὐ
724 3624 931 3677 συνεῖδε
963 3623 1019 3677 δέ
1058 3623 1195 3692 πρὸς
1221 3626 1335 3687 τοῖς
1365 3623 1542 3687 ἄλλοις
1572 3622 1845 3695 βάρϐαρος
1877 3622 1999 3676 οὐδὲ

413 3714 592 3780 τοῦτο,
617 3716 699 3768 ὅτι
723 3718 755 3785 ἡ
789 3713 1157 3767 ἀποσταλεῖσα
1186 3713 1340 3785 παρά
1380 3715 1474 3767 τοῦ
1501 3713 1637 3768 Θεοῦ
1665 3715 1917 3785 δύναμις,
1949 3714 1998 3767 εἰ

419 3807 518 3878 μὲν
546 3806 833 3878 ἀσώματος
871 3801 961 3877 ἦν,
1011 3805 1185 3877 τομὴν
1231 3805 1484 3877 οὐδεμίαν
1517 3804 1849 3878 παρεδέξατο
1901 3806 1994 3861 ἄν·

416 3899 494 3963 ὡς
528 3899 792 3970 μηδαμῶς
836 3896 1314 3967 καταδιαιρεθῆναι
1362 3895 1622 3950 δύνασθαι
1651 3896 1773 3951 κατ’
1812 3895 2001 3950 οὐσίαν

416 3993 498 4056 είς
535 3990 635 4055 τὰς
678 3990 929 4054 ἐναντίας
970 3989 1244 4060 δυνάμεις,
1279 3989 1416 4060 μήτε
1460 3988 1567 4059 μὴν
1591 3988 1996 4059 καταποθῆναι’

416 4083 480 4137 τὸ
509 4084 618 4156 γὰρ
652 4082 943 4154 ἀσώματον
965 4083 1086 4136 τίνα
1116 4082 1183 4136 ἂν
1212 4080 1547 4151 καταποθείη
1566 4080 1801 4152 τρόπον;
1843 4080 1907 4133 Εἰ
1944 4078 2001 4132 δὲ

421 4176 730 4249 σωματικὴ,
764 4178 870 4230 πᾶν
906 4175 1063 4247 σῶμα
1090 4174 1564 4245 κατατεμνόμενον
1605 4173 1699 4225 καὶ
1730 4188 2005 4243 κατακερ-

424 4270 783 4341 ματιςόμενον
816 4270 1121 4341 ἀναιρεῖται
1143 4268 1342 4341 τρόπον
1379 4267 1520 4330 τινὰ,
1560 4267 1652 4320 καὶ
1681 4266 1780 4338 ζῇν
1821 4265 2005 4319 οὐκέτι

420 4364 644 4418 δύναται
673 4362 772 4435 τὴν
821 4362 956 4416 ἰδίαν
994 4361 1161 4431 ζωήν.
1203 4359 1501 4432 Τοιγαροῦν
1547 4359 1581 4432 ἢ
1620 4360 1910 4431 ἀσώματος
1937 4353 2004 4429 ἦν

422 4457 457 4527 ἠ
488 4455 860 4509 ἀποσταλεῖσα
895 4453 1044 4524 παρά
1077 4453 1170 4508 τοῦ
1202 4453 1407 4523 ἀγαθοῦ
1443 4452 1692 4524 δύναμις,
1730 4451 1825 4504 καὶ
1845 4449 2005 4503 οὐδα-

425 4547 542 4617 μῶς
581 4544 705 4599 οὐτε
750 4546 1045 4617 κατεπόθη,
1090 4545 1213 4600 οὐτε
1257 4547 1336 4611 είς
1366 4544 1592 4608 πολλοὺς
1632 4543 1879 4617 διῃρέθη,
1908 4542 2003 4596 καὶ

421 4637 717 4702 πέπαυται,
742 4636 837 4689 καὶ
871 4636 1015 4690 οῦτω
1043 4637 1317 4700 παντελῶς
1347 4638 1374 4689 ὁ
1411 4635 1577 4708 μῦθος
1600 4652 1614 4667 ·
1647 4635 1679 4707 ἢ
1712 4633 1998 4705 σωματική

421 4745 505 4791 τις
525 4728 788 4797 ἐτύγχανε
815 4727 908 4780 καὶ
937 4724 1203 4799 ἀνῄρηται
1230 4730 1429 4800 πάντη,
1466 4729 1560 4782 καὶ
1592 4728 1836 4782 ἀπόλωλε
1863 4724 2001 4800 πρὸς

421 4820 522 4889 τῆς
568 4819 786 4883 κακίας,
837 4819 975 4890 ὅπερ
1012 4820 1128 4872 ἐστὶ
1179 4812 1556 4891 χαλεπῶτερον
1599 4823 1679 4885 εἰς
1718 4819 1874 4893 ὓϐριν
1904 4818 2000 4873 τοῦ

423 4910 660 4979 ἀγαθοῦ·
713 4909 912 4981 μᾶλλον
955 4910 1011 4963 δὲ
1044 4911 1404 4983 ίσχυρώτερον
1442 4916 1521 4976 είς
1561 4911 1867 4983 ἀνασκευὴν
1903 4909 1999 4964 τοῦ

428 4998 600 5071 μύθου
624 5017 638 5032 ·
671 5000 831 5071 σῶμα
858 5000 967 5072 γὰρ
988 5002 1109 5056 καθ’
1143 5001 1304 5055 ἑαυτὸ
1334 5001 1601 5073 διαιρεθὲν
1624 5004 1716 5055 καὶ
1745 5001 2002 5074 διασκορ-

427 5089 636 5154 πισθὲν,
663 5091 806 5163 (νοῦς
828 5091 936 5163 γὰρ
958 5093 1018 5145 οὐ
1045 5092 1376 5165 διαιρεῖται),
1394 5092 1551 5147 ποίαν
1570 5092 1683 5164 ἔχει
1700 5093 1799 5165 τὴν
1828 5096 2000 5164 ίσχύν,

427 5176 567 5235 ῶστε
591 5183 912 5238 ὑποτάττειν
938 5182 1038 5255 τὴν
1059 5184 1277 5249 κακίαν,
1308 5184 1369 5237 τὸ
1398 5184 1666 5256 τοσαύτην
1701 5202 1759 5253 γε
1798 5185 2003 5256 βλάϐην

429 5273 523 5325 καὶ
553 5273 709 5345 ὕϐριν
740 5279 821 5343 είς
845 5278 944 5350 τὴν
986 5278 1121 5331 ίδίαν
1167 5277 1327 5346 φύσιν
1353 5278 1667 5349 ὑπομεῖναν,
1708 5280 1783 5341 ὡς
1816 5279 2006 5348 ἠφανί-

433 5362 554 5417 σθαι
583 5368 676 5419 καὶ
704 5369 1038 5425 ἀπολωλέναι
1078 5369 1254 5424 δοκεῖν
1279 5387 1294 5437 ;
1323 5368 1480 5423 τοῦτο
1518 5369 1628 5442 γὰρ
1661 5370 1792 5423 ἴδιον
1829 5371 2008 5441 σώμα-

426 5467 521 5519 τος
559 5459 1051 5531 κατα-τεμνομένου.

2079 1899 2273 1947 contra
2306 1890 2448 1947 hanc
2482 1888 2745 1954 fabulam,
2777 1903 2897 1959 quae
2934 1888 3237 1943 consistere
3282 1904 3391 1942 non
3439 1897 3616 1960 potest
3651 1907 3665 1943 :

2086 1985 2133 2041 si
2162 1998 2291 2039 vero
2312 1983 2477 2037 etiam
2508 1979 2844 2036 desideravit
2866 1979 3011 2050 quod
3041 1980 3198 2043 vidit,
3233 1980 3301 2035 de
3342 1996 3401 2036 re
3419 1981 3670 2038 omnium

2080 2074 2286 2145 optima
2316 2072 2694 2128 testimonium
2725 2070 2804 2125 illi
2824 2070 3106 2142 perhibuit
3149 2072 3312 2126 homo
3342 2073 3580 2141 stultus;
3611 2080 3672 2135 ut

2080 2162 2333 2218 videatur
2372 2176 2570 2216 nomen
2629 2159 2850 2230 quidem
2903 2159 3168 2230 nequitiae
3219 2161 3551 2233 imposuisse
3594 2164 3667 2229 ei,

2083 2254 2454 2311 substantiam
2515 2267 2648 2310 vero
2694 2253 2894 2308 bonam
2957 2269 3079 2310 esse
3130 2254 3306 2311 eidem
3361 2263 3675 2316 attestatus;

2087 2347 2230 2415 Quid
2262 2348 2408 2402 enim
2436 2348 2615 2417 majus
2639 2361 2760 2402 esse
2780 2354 2994 2417 poterat
3028 2346 3096 2401 ad
3123 2349 3471 2419 probandum
3513 2351 3673 2406 boni-

2083 2448 2275 2506 tatem,
2296 2456 2459 2511 quam
2505 2439 2849 2496 desiderasse
2883 2439 3120 2494 bonum?
3142 2438 3295 2507 Quod
3319 2450 3498 2497 autem
3539 2443 3674 2499 dicit

2087 2530 2516 2603 apprehendisse
2567 2543 2622 2587 et
2682 2531 3059 2598 absorbuisse,
3113 2539 3175 2586 ut
3235 2533 3541 2590 substantia
3578 2534 3674 2591 Dei

2089 2623 2370 2678 contraria
2402 2630 2664 2694 tanquam
2707 2622 2916 2679 semine
2951 2622 3103 2680 ﬁeret
3130 2625 3376 2695 gravida,
3412 2637 3467 2682 et
3488 2624 3677 2681 distri-

2091 2718 2276 2773 buisse
2306 2715 2422 2773 suis
2452 2716 2816 2788 potestatibus
2853 2737 2866 2772 :
2908 2732 2942 2772 ο
2980 2716 3219 2773 furorem
3259 2718 3522 2774 amentis!
3566 2734 3678 2775 non

2092 2808 2269 2863 solum
2302 2807 2460 2873 vidit,
2497 2807 2592 2864 sed
2631 2806 3005 2877 desideravit;
3047 2816 3102 2864 et
3136 2823 3245 2863 non
3280 2816 3493 2865 tantum
3524 2809 3676 2867 desi-

2093 2898 2332 2968 deravit,
2383 2900 2477 2956 sed
2523 2900 2843 2966 absorbuit;
2898 2910 2953 2956 et
3002 2916 3114 2957 non
3158 2902 3334 2958 solum
3371 2902 3678 2969 absorbuit,

2094 2991 2190 3046 sed
2218 2991 2382 3047 etiam
2410 2991 2657 3048 retinuit.
2695 2990 2821 3047 Ηεεε
2843 2993 3026 3047 omnia
3055 2994 3341 3065 perspicue
3397 3011 3508 3050 non
3546 3011 3683 3052 con-

2094 3082 2322 3137 trariam
2351 3091 2605 3137 naturam
2641 3082 2937 3150 deﬁniunt,
2975 3083 3071 3141 sed
3103 3085 3288 3154 potius
3312 3098 3581 3141 summam
3627 3094 3683 3143 et

2015 3144 2062 3206 θ
2095 3169 2419 3226 altissimam
2452 3172 2818 3244 cognitionem
2853 3174 3141 3244 utriusque
3171 3176 3505 3233 concedunt.

2171 3259 2296 3317 Sive
2318 3262 2464 3317 enim
2496 3277 2854 3327 succensens,
2872 3264 3018 3334 quod
3053 3265 3273 3335 quidem
3300 3268 3680 3324 ratiocinatio-

2095 3346 2186 3403 nis
2219 3348 2491 3403 indicium
2525 3357 2633 3413 est,
2681 3350 2796 3406 sive
2847 3351 3168 3409 desiderans
3214 3355 3495 3413 absorbuit
3532 3359 3683 3429 quod

2096 3440 2258 3506 vidit,
2312 3441 2427 3495 haec
2456 3441 2618 3512 plane
2662 3443 2730 3497 ad
2765 3448 3210 3502 communitatem
3254 3455 3465 3505 naturae
3511 3437 3682 3522 perii;

2097 3540 2282 3587 neant.
2314 3530 2373 3586 Si
2401 3531 2544 3587 enim
2577 3547 2790 3588 summe
2838 3536 3113 3590 contraria
3157 3535 3419 3606 fuissent,
3472 3555 3683 3611 nequa-

2098 3637 2262 3692 quam
2286 3631 2522 3694 utraque
2553 3625 2813 3680 coissent.
2834 3625 2904 3680 Ut
2925 3626 3033 3681 alia
3062 3629 3330 3699 omittam,
3369 3646 3546 3703 neque
3577 3632 3682 3690 hoc

2100 3715 2368 3772 barbarus
2399 3715 2653 3781 advertit,
2687 3718 2834 3788 quod
2875 3725 3120 3791 potestas
3158 3737 3189 3776 a
3220 3719 3332 3778 Deo
3363 3723 3554 3792 missa,
3601 3724 3682 3780 si-

2100 3807 2319 3878 quidem
2353 3808 2674 3879 incorporea
2719 3821 2858 3877 erat,
2891 3812 3095 3867 nullam
3115 3814 3480 3885 {partitionem
3528 3831 3684 3873 rece-

2102 3899 2294 3969 pisset,
2317 3906 2378 3953 ut
2408 3900 2561 3954 nullo
2590 3900 2752 3956 modo
2787 3911 2973 3972 posset
3018 3902 3188 3959 dividi
3216 3906 3519 3961 secundum
3553 3907 3684 3964 sub-

2104 3990 2362 4044 stantiam
2396 3990 2452 4044 in
2480 3993 2791 4049 contrarias
2822 4003 3140 4064 potestates,
3180 4011 3245 4052 ac
3273 3999 3449 4053 multo
3497 4000 3683 4055 minus

2104 4081 2386 4136 absorberi
2415 4101 2427 4136 :
2452 4082 2599 4153 quod
2625 4085 2771 4139 enim
2799 4100 2995 4157 expers
3016 4089 3266 4158 corporis
3291 4098 3398 4158 est,
3444 4107 3683 4162 quonam

2105 4173 2268 4228 modo
2312 4174 2709 4232 absorbeatur?
2754 4176 2809 4232 Si
2861 4195 2992 4234 vero
3034 4195 3300 4252 corporea
3333 4194 3473 4251 erat,
3521 4200 3684 4241 omne

2105 4280 2306 4336 corpus
2328 4274 2537 4322 sectum
2573 4279 2628 4349 et
2655 4270 2711 4323 in
2737 4269 2917 4325 frusta
2948 4271 3205 4341 partitum
3246 4275 3482 4344 quodam
3520 4276 3684 4331 modo

2108 4359 2247 4429 perit
2275 4365 2331 4414 et
2356 4374 2466 4414 non
2497 4368 2679 4431 potest
2711 4361 2876 4415 vitam
2928 4377 3084 4417 suam
3124 4364 3329 4420 vivere.
3380 4364 3550 4436 Igitur
3597 4370 3685 4423 vel

2036 4450 2433 4544 Dincorporea
2490 4457 2608 4505 erat
2661 4459 2906 4521 potestas
2946 4467 2976 4506 a
3023 4452 3168 4508 bono
3217 4453 3413 4519 missa,
3438 4462 3493 4511 et
3532 4457 3684 4510 nullo

2110 4541 2274 4595 modo
2302 4543 2560 4613 absorpta
2585 4551 2689 4608 cst,
2724 4558 2824 4598 nec
2857 4543 2912 4599 in
2946 4544 3149 4600 multos
3169 4543 3346 4602 divisa
3376 4555 3480 4612 est,
3517 4553 3686 4617 atque

2110 4633 2184 4687 ita
2219 4649 2287 4689 ex
2318 4641 2434 4689 toto
2481 4635 2662 4690 fabula
2697 4635 2911 4690 sublata
2944 4644 3030 4693 est
3063 4656 3077 4692 :
3119 4637 3205 4692 vel
3239 4652 3501 4709 corporea
3538 4655 3685 4710 quae-

2108 4725 2233 4780 dam
2270 4734 2513 4796 potestas
2552 4735 2692 4794 erat,
2724 4736 2778 4784 et
2817 4744 2847 4783 a
2880 4729 3124 4801 nequitia
3163 4729 3342 4787 deleta
3382 4738 3467 4786 est
3523 4738 3577 4785 et
3609 4733 3689 4785 in-

2108 4818 2326 4872 teritum
2357 4820 2542 4889 cepit;
2573 4818 2719 4891 quod
2745 4828 2829 4876 est
2870 4820 2937 4875 ad
2966 4821 3353 4876 contumeliam
3385 4820 3479 4876 Dei
3508 4821 3683 4876 scele-

2106 4909 2302 4973 ratius,
2325 4910 2457 4979 quin
2486 4912 2668 4981 potius
2698 4910 2767 4965 ad
2784 4911 3122 4966 eversionem
3147 4911 3344 4967 fabulae
3370 4912 3640 4968 valentius
3668 4930 3681 4966 :

2107 5013 2308 5068 corpus
2331 5000 2478 5054 enim
2508 5017 2604 5071 per
2624 5016 2685 5057 se
2706 5000 2938 5055 divisum
2963 5011 3017 5057 et
3036 5002 3359 5073 dissipatum
3376 5017 3441 5056 ac
3468 5002 3685 5072 disper-

2106 5106 2227 5146 sum
2257 5091 2433 5161 (mens
2460 5094 2603 5149 enim
2622 5108 2730 5148 non
2754 5093 3057 5166 dividitur),
3085 5112 3224 5166 quas
3250 5096 3394 5152 vires
3424 5096 3584 5151 habet
3616 5093 3687 5149 ad

2109 5183 2466 5253 subigendam
2495 5185 2817 5255 nequitiam,
2845 5187 2988 5256 quod
3032 5194 3243 5241 tantum
3295 5186 3681 5257 detrimentum

2108 5284 2163 5330 et
2194 5276 2584 5330 contumeliam
2639 5277 2693 5331 in
2741 5287 2994 5333 naturam
3037 5280 3314 5350 propriam
3354 5281 3586 5351 accepit,
3626 5287 3688 5334 ut

2110 5366 2364 5422 videatur
2390 5369 2630 5423 deletum
2660 5385 2785 5427 esse
2813 5379 2866 5427 et
2904 5370 3211 5427 interiisse?
3242 5372 3346 5428 hoc
3377 5372 3522 5428 enim
3562 5386 3689 5429 cor-

2111 5460 2444 5530 poris_divisi
2472 5462 2752 5533 proprium
2786 5474 2889 5522 est.

974 5574 1105 5631 Car.
1148 5573 1336 5629 XXIII.
1382 5574 1518 5629 Deus
1545 5572 2087 5629 substantiam'suam
2121 5590 2223 5628 non
2254 5575 2422 5632 misit.
2449 5572 2637 5631 Manes
2676 5577 2729 5630 in
2764 5575 2927 5632 Deum
2957 5578 3158 5648 furens.

504 5684 574 5739 Τὸ
610 5684 669 5738 δὲ
705 5684 769 5756 δὴ
815 5686 1293 5760 παραλογώτερον,
1352 5690 1399 5742 εἰ
1442 5687 1674 5759 θελήσας
1723 5686 1858 5750 Θεὸς
1907 5687 2010 5757 γῆν

428 5775 705 5844 ἐξελέσθαι
751 5776 850 5846 τῆς
889 5780 1105 5843 κακίας,
1150 5779 1212 5833 τὸ
1254 5782 1327 5865 ἐκ
1352 5780 1449 5852 τῆς
1479 5779 1629 5865 ἰδίας
1664 5779 1878 5851 φύσεως
1916 5795 2012 5866 γυτ

591 5873 864 5938 Puncta
897 5874 1015 5937 Gtt.
1049 5874 1255 5937 XVIII
1298 5865 1302 5869 “

2191 5684 2346 5753 Quod
2381 5697 2562 5744 autem
2590 5689 2864 5747 amentius
2899 5697 3002 5759 est,
3032 5690 3078 5749 si
3102 5705 3226 5747 cum
3257 5689 3521 5749 voluisset
3546 5689 3688 5747 Deus

2128 5785 2327 5837 terram
2353 5780 2565 5851 eripere
2597 5782 2878 5855 nequitiae,
2918 5798 2987 5840 ex
3021 5793 3215 5841 natura
3246 5783 3469 5856 propria
3507 5781 3690 5841 emisit

3334 5877 3415 5940 35
