4100 6462
452 357 589 420 1099

1572 354 1709 417 ἸΊἸῚ
1741 357 2177 419 BDSTRENSIS
2215 356 2524 417 EPISCOPI

3536 369 3677 426 ιιοο

449 477 583 535 illud
613 475 816 532 nudum
861 471 927 529 ad
980 474 1366 531 contumeliam
1415 484 1468 531 et
1496 475 1775 530 interitum
1830 473 1994 544 ipsius

2109 474 2236 544 μνὸν
2266 474 2577 543 προσήκατο
2591 472 2669 534 είς
2690 470 2846 542 ὓϐριν
2866 471 3123 544 χαλεπὴν,
3156 473 3248 527 καὶ
3262 473 3553 547 διαφθοράν
3577 480 3680 532 αύ-

440 567 779 631 substantiae,
819 571 898 620 tot
946 565 1163 621 saeculis
1216 580 1496 622 sessurum
1531 571 1587 619 et
1631 563 2002 617 habitaturum

441 662 604 718 simul
644 675 767 715 cum
808 659 1072 730 nequitia,
1104 666 1159 714 et
1186 659 1461 729 particeps
1489 655 1610 728 ejus
1637 654 1903 721 futurum,
1940 671 2004 710 ac

439 768 564 809 cum
589 769 650 808 ea
679 751 884 825 pariter
907 758 1277 821 peccaturum.
1302 746 1458 815 Quod
1484 745 1701 819 quidem
1728 747 1811 800 vel
1841 761 2001 799 unam

440 848 630 902 horam
659 852 754 899 aut
776 852 1035 915 punctum
1066 841 1329 912 temporis
1361 837 1724 894 substantiam
1756 837 1849 892 Dei
1876 851 1999 906 pas-

438 956 557 997 sam
608 954 752 1004 esse,
802 948 863 991 ut
903 936 1160 1007 nequitia:
1209 933 1455 1002 subjecta
1499 938 1669 995 esset,
1705 938 1760 985 et
1797 933 2004 999 pariter

437 1048 563 1087 cum
617 1045 682 1086 ea
730 1028 1071 1098 deliquisset,
1131 1040 1346 1081 omnem
1405 1023 1696 1078 amentiam
1755 1029 1998 1092 superat.

437 1125 653 1193 Quanto
702 1123 896 1179 melius
945 1128 1060 1177 erat
1093 1118 1351 1173 traditam
1400 1131 1524 1171 esse
1563 1122 1789 1178 terram,
1839 1128 1999 1183 quam

436 1215 800 1273 substantiam
834 1213 923 1269 Dei
955 1210 1404 1282 comprehensam
1430 1206 1588 1262 esse?
1630 1204 1688 1259 Si
1713 1205 1860 1260 enim
1889 1218 1999 1257 non

435 1305 636 1360 fuisset
670 1302 889 1359 ferenda
922 1300 1164 1354 incursio
1191 1298 1246 1351 in
1276 1304 1501 1358 terram,
1541 1300 1602 1348 ut
1642 1292 1873 1346 materia
1909 1306 1999 1345 or-

438 1396 621 1450 dinem
672 1392 1053 1464 perturbaret,
1115 1395 1319 1458 quanto
1365 1386 1548 1439 minus
1607 1381 1826 1439 ferenda
1883 1390 2000 1436 erat

439 1492 587 1538 tanta
638 1482 898 1547 servitus,
930 1489 984 1534 et
1029 1487 1238 1533 naturae
1264 1475 1461 1530 divina:
1510 1472 1802 1542 subjectio,
1837 1471 1999 1540 idque

437 1592 549 1632 non
577 1574 645 1629 ad
678 1572 1062 1629 brevissimum
1092 1578 1329 1639 tempus,
1365 1566 1464 1624 sed
1495 1566 1564 1620 ad
1597 1565 1917 1621 universum
1944 1571 2000 1618 et

434 1668 760 1722 immensum
807 1661 1105 1719 saeculum?
1158 1668 1217 1714 ut
1264 1674 1439 1729 neque
1484 1655 1726 1728 nequitia
1772 1668 2001 1727 peccare

433 1758 742 1820 desisteret,
792 1762 846 1811 et
880 1754 1024 1810 Deus
1057 1768 1201 1807 cum~
1238 1768 1299 1806 ea
1324 1766 1422 1820 per
1459 1755 1782 1820 potestatem
1826 1762 1893 1802 ex
1939 1760 1999 1802 se

433 1848 667 1920 genitam
699 1855 970 1918 peccaret.

505 1938 661 1996 Unde
689 1952 1033 2008 consequens
1062 1942 1168 1999 est,
1201 1949 1380 2004 neque
1410 1935 1574 1987 deum
1601 1930 1841 1986 voluisse
1872 1929 1998 1983 mit-

432 2038 548 2086 tere
584 2029 840 2100 nequitiaa
875 2044 943 2084 ex
988 2026 1295 2083 substantia
1342 2038 1441 2080 sua
1474 2024 1712 2095 genitum
1771 2022 1834 2076 ad
1868 2037 1994 2091 pec-

433 2121 666 2178 candum
694 2137 818 2176 cum
839 2135 903 2176 ea
932 2138 947 2174 :
981 2133 1082 2174 nee
1108 2117 1241 2172 illud
1264 2116 1491 2172 missum
1524 2113 1803 2169 inductum
1827 2110 1998 2168 fuisse

432 2221 487 2270 et
514 2213 940 2282 obtemperasse,
972 2218 1033 2263 ut
1058 2207 1127 2262 ad
1153 2215 1364 2260 tantum
1394 2204 1597 2259 malum
1622 2209 1677 2257 et
1705 2201 1847 2257 luem
1871 2215 1997 2271 pro-

432 2306 810 2370 ﬁcisceretur;
846 2312 908 2357 ut
943 2301 1263 2372 impleretur
1289 2297 1498 2353 scilicet
1520 2296 1668 2351 omni
1706 2293 1997 2366 iniquitate

431 2409 486 2456 et
515 2398 805 2468 iniustitia,
839 2394 1004 2450 simul
1030 2400 1084 2448 et
1117 2391 1417 2462 impietate,
1450 2387 1619 2459 idque
1650 2402 1752 2458 pro
1778 2394 1995 2442 terrena

431 2487 753 2544 liberatione
780 2492 941 2541 terrae
970 2498 1076 2537 non
1102 2482 1213 2552 jam
1252 2490 1382 2535 tunc
1423 2485 1617 2549 captaa,
1652 2476 1747 2532 sed
1780 2477 1997 2546 capien-

431 2580 536 2644 ἀπ,
568 2589 826 2648 tanquam
868 2589 974 2628 non
1007 2572 1274 2643 potuisset
1303 2569 1448 2625 Deus
1481 2569 1639 2624 aliter
1669 2568 1797 2622 huic
1834 2574 1995 2623 terrae

431 2685 687 2744 pra'esse.
743 2667 878 2722 Vide
928 2679 1093 2737 quam
1150 2664 1309 2734 plane
1361 2660 1637 2716 inﬁrmum
1698 2660 1995 2715 mentiatur

435 2765 606 2820 Deum
635 2759 967 2817 Manichacus
998 2757 1053 2811 in
1086 2753 1254 2810 Deum
1280 2752 1487 2819 furens,
1516 2762 1774 2821 tanquam
1801 2749 1992 2805 defen-

431 2870 524 2911 sor
551 2853 960 2926 possessionum
998 2846 1231 2919 alicujus
1257 2846 1470 2918 pupilli,
1495 2853 1548 2900 et
1579 2845 1738 2915 cujus
1766 2844 1995 2899 inﬁrmi-

430 2954 598 3003 tatem
638 2943 1011 3001 necessarium
1050 2948 1134 2997 est
1166 2937 1436 3002 conﬁteri,
1464 2946 1522 2992 ut
1554 2948 1738 3009 partes
1775 2936 1989 3008 patroni

429 3038 670 3110 impleat.
705 3035 777 3092 Ut
807 3035 952 3092 enim
985 3040 1177 3089 contra
1212 3029 1511 3086 defendens
1554 3028 1854 3099 nequitiam
1897 3043 1993 3083 ne-

430 3143 702 3202 quaquam
734 3143 831 3197 per
871 3141 930 3182 se
966 3123 1378 3184 consistentem,
1427 3121 1609 3176 omnia
1640 3119 1858 3191 quidem
1908 3118 1989 3173 fe-

431 3222 575 3279 cisse
604 3226 797 3276 contra
832 3216 999 3274 Deum
1024 3220 1233 3279 narrat,
1267 3212 1615 3276 seditionem,
1645 3212 1906 3281 impetum
1937 3211 1992 3265 in

422 3327 521 3370 res
553 3311 694 3382 ejus,
727 3316 1024 3381 pestremo,
1053 3304 1199 3377 quod
1233 3313 1317 3360 est
1357 3303 1601 3357 omnium
1634 3300 1995 3373 ﬂagitiosissi-

430 3419 602 3469 mum,
653 3401 957 3459 obtinuisse
1006 3397 1156 3455 omni
1193 3396 1396 3453 saeculo
1435 3396 1801 3451 substantiam
1851 3393 1992 3464 ejus,

416 3508 660 3566 deamque
694 3492 748 3546 in
788 3490 1026 3546 inﬁnitas
1058 3497 1239 3561 partes
1267 3487 1544 3549 divisisse,
1583 3483 1904 3556 pra't‘ocare,
1940 3491 1995 3538 et

431 3588 488 3643 in
540 3602 599 3643 se
638 3588 756 3656 ipsa
806 3582 1126 3653 reprimere,
1178 3580 1487 3650 habereque
1523 3593 1642 3633 eam
1682 3577 1886 3633 sociam
1937 3576 1992 3631 in

430 3677 579 3733 omni
603 3690 768 3747 prava
794 3674 1008 3728 actione
1035 3677 1090 3726 et
1132 3669 1579 3739 intemperantia;
1616 3666 1780 3721 Deum
1812 3674 1993 3721 autem

431 3785 545 3825 non
572 3768 816 3839 potuisse
843 3766 1025 3821 locum
1056 3777 1214 3819 suum
1240 3763 1351 3817 ullo
1379 3761 1487 3815 alio
1514 3759 1676 3815 modo
1706 3774 1884 3829 neque
1906 3774 1994 3814 va-

431 3862 607 3918 lenter
634 3859 865 3930 eripere,
890 3873 1066 3928 neque
1088 3857 1279 3912 saltem
1303 3867 1495 3909 vacare
1518 3866 1548 3906 a
1570 3859 1816 3922 peccato,
1846 3851 1991 3921 quod

428 3959 680 4008 naturam
719 3951 839 4022 ejus
861 3949 1112 4006 decebat.

499 4129 628 4196 Quae
671 4127 814 4183 enim
848 4125 902 4181 id
933 4123 1077 4194 quod
1123 4138 1185 4178 ex
1221 4124 1342 4193 ipso
1395 4120 1694 4177 secundum
1731 4121 1990 4175 substan-

427 4221 557 4273 tiam
615 4219 854 4288 genitum
907 4223 1011 4277 est,
1065 4218 1268 4283 pariter
1316 4227 1438 4267 cum
1500 4210 1725 4265 materia
1773 4217 1986 4278 peccat,

426 4311 587 4382 plane
627 4308 685 4362 in
725 4322 847 4362 eum
877 4304 968 4375 qui
1000 4301 1209 4374 genuit,
1252 4300 1579 4356 redundant.
1634 4296 1724 4353 Sic
1769 4297 1988 4352 demum

424 4413 641 4455 omnem
674 4396 969 4466 potentiam
1004 4394 1058 4446 in
1086 4392 1254 4446 Deum
1285 4389 1598 4446 testimonio
1643 4402 1746 4444 suo
1797 4387 1989 4442 tribuit

2102 565 2202 635 τῆς
2234 581 2298 634 γε
2315 564 2417 635 τῆς
2432 564 2636 629 οὐσίας,
2654 564 2901 617 τοσοῦτον
2926 563 3098 619 αίῶνα
3117 564 3478 636 καθεζόμενον
3510 569 3681 639 κακίᾳ

2105 657 2436 727 συνοικῆσον,
2476 657 2569 710 καὶ
2605 655 2825 726 μεθέξον
2881 656 3071 725 αὐτῆς,
3129 657 3227 710 καὶ
3263 659 3678 729 συναμαρτῆσον

2046 752 2051 755 ’
2103 749 2238 819 αὐτῇ
2257 767 2271 779 ·
2300 748 2435 819 ὅπερ
2459 748 2586 819 μίαν
2611 748 2739 815 γοῦν
2773 747 2919 819 ῶραν
2944 748 2976 819 ἢ
3002 748 3192 820 χρόνου
3224 751 3458 820 στιγμὴν
3488 751 3680 805 παθεῖν
3732 750 3745 764 ⁸

2100 839 2199 910 τὴν
2243 840 2432 894 οὐσίαν
2476 840 2569 893 τοῦ
2619 838 2784 903 Θεοῦ,
2828 839 2902 903 ὡς
2947 840 3278 911 ὑποταγῆναι
3342 841 3528 913 κακίᾳ⁹
3585 846 3677 896 καὶ

2099 930 2269 1001 ταύτῃ
2292 923 2726 1004 συναμαρτῆσαι,
2749 931 2842 984 καὶ
2874 931 3086 985 πάντων
3111 931 3446 1003 ἀλογώτερον
3472 933 3537 986 ἂν
3566 934 3675 1004 εἴη.

2101 1022 2213 1076 Καὶ
2242 1022 2391 1093 πόσῳ
2440 1022 2504 1093 δὴ
2539 1023 2744 1093 βέλτιον
2782 1018 2852 1093 ἦν
2902 1025 3006 1094 γῆν
3050 1023 3440 1094 παραδοθῆναι,
3474 1025 3567 1078 καὶ
3599 1027 3674 1095 μὴ

2098 1115 2199 1187 τὴν
2248 1115 2434 1167 ούσίαν
2481 1113 2575 1168 τοῦ
2621 1113 2757 1168 Θεοῦ
2810 1115 3255 1186 καταληφθῆναι;
3307 1116 3369 1169 Et
3422 1116 3530 1186 γὰρ
3576 1118 3677 1171 οὐκ

2101 1206 2298 1279 ἀνεκτὴ
2337 1207 2472 1279 πρὸς
2503 1206 2728 1272 ἀταξίαν
2773 1208 2873 1278 τῆς
2914 1208 3046 1279 ῦλης
3090 1209 3289 1280 ήκατά
3329 1211 3432 1281 γῆς
3465 1210 3673 1279 ἔφοδος,

2100 1298 2250 1368 πόσῳ
2285 1298 2482 1369 μᾶλλον
2518 1299 2790 1370 ἀφόρητος
2835 1302 2868 1371 ἡ
2905 1300 3137 1370 τοσαύτη
3171 1300 3385 1356 δουλεία
3418 1303 3511 1356 καὶ
3543 1303 3675 1356 ὑπο-

2098 1389 2239 1460 ταγὴ
2263 1389 2361 1459 τῆς
2386 1389 2478 1443 τοῦ
2502 1389 2637 1443 Θεοῦ
2665 1390 2897 1460 φύσεως,
2929 1392 3025 1444 καὶ
3054 1394 3112 1446 ού
3149 1394 3283 1465 πρὸς
3307 1396 3367 1448 τὸ
3399 1395 3674 1468 βραχύτα-

2097 1498 2208 1546 τον,
2238 1481 2375 1536 ἀλλά
2400 1483 2535 1555 πρὸς
2560 1483 2679 1537 ὅλον
2709 1484 2801 1537 καὶ
2826 1485 3054 1541 ἄπλετον
3084 1487 3293 1551 αἰῶνα;
3325 1487 3401 1551 ὡς
3444 1488 3541 1557 τὴν
3574 1489 3675 1559 μὲν

2099 1572 2293 1650 κακίαν
2323 1574 2456 1645 (10⁸)
2483 1574 2576 1628 τοῦ
2632 1576 2895 1648 ἁμαρτεῖν
2931 1577 3006 1649 μὴ
3039 1578 3382 1647 πεπαῦσθαι,
3437 1580 3569 1635 Θεὸν
3614 1581 3675 1636 δὲ

2100 1665 2531 1736 συναμαρτάνειν
2558 1667 2718 1732 αὐτῆ,
2754 1667 2843 1722 διὰ
2872 1669 2971 1740 τῆς
3013 1668 3072 1735 ἐξ
3098 1669 3260 1724 αὑτοῦ
3295 1670 3672 1744 προϐεϐλημέ-

2100 1772 2197 1828 νης
2228 1755 2518 1827 δυνάμεως.
2718 1753 2721 1755 ’

2170 1929 2330 1984 Ὅθεν
2376 1933 2541 1996 εἰκὸς,
2572 1933 2692 1987 οὐδὲ
2728 1934 2858 1988 Θεὸν
2901 1936 3038 2008 πρὸς
3079 1939 3142 1993 τὸ
3181 1939 3671 2014 συνεξαμαρτάνειν

2095 2020 2346 2093 ἐθελῆσαι
2380 2024 2591 2095 πέμψαι
2627 2029 2693 2097 τῇ
2727 2029 2894 2101 κακίᾳ
2930 2032 2990 2083 τὸ
3040 2033 3104 2086 ἐκ
3150 2034 3250 2104 τῆς
3282 2036 3470 2100 οὐσίας
3502 2038 3669 2092 αὑτοῦ

2096 2113 2556 2187 προϐεϐλημένον,
2614 2117 2727 2172 οὔτ’
2767 2122 2943 2175 ἐκεῖνο
2983 2126 3276 2196 πεισθῆναί
3323 2145 3404 2193 τε,
3440 2129 3535 2183 καὶ
3569 2131 3673 2183 ὐπ-

2095 2202 2319 2258 ακοῦσαι
2347 2205 2480 2276 πρὸς
2503 2207 2749 2262 τοσοῦτον
2784 2209 3001 2283 ὄλεθρον
3037 2215 3347 2286 ἀφικέσθαι,
3394 2218 3532 2273 ὥστε
3562 2222 3670 2275 πά-

2096 2310 2196 2366 σης
2222 2295 2451 2366 ἀνομίας
2476 2314 2537 2350 τε
2570 2300 2663 2352 καὶ
2691 2300 2922 2366 ἀδικίας,
2953 2303 3067 2375 ἀμα
3105 2307 3198 2359 καί¹
3224 2308 3540 2375 δυσσεϐείας
3571 2315 3670 2383 ἐμ-

2094 2385 2398 2457 πλησθῆναι
2443 2389 2582 2460 ὐπὲρ
2634 2389 2726 2443 τοῦ
2774 2394 2983 2464 γηῖνου,
3032 2397 3129 2468 τὴν
3179 2399 3278 2470 ἤδη
3334 2399 3666 2472 ληφθεῖσαν,

2094 2476 2228 2531 ἀλλά
2243 2477 2352 2566 τὴν
2369 2479 2875 2552 καταλαμϐάνεσθαι
2897 2486 3192 2557 μέλλουσαν
3219 2491 3666 2566 ὲλευθερωθῆναι.

2092 2567 2166 2632 ὡς
2185 2569 2282 2641 οὐχ
2308 2564 2419 2624 οἶόν
2441 2589 2501 2624 τε
2532 2572 2591 2625 ὃν
2617 2575 2815 2647 ἑτέρως
2846 2578 3046 2650 ταύτης
3075 2580 3166 2634 τὸν
3191 2581 3321 2635 Θεὸν
3345 2564 3666 2657 προστῆναι.

2096 2659 2237 2731 Ὅρα
2262 2661 2392 2732 ὅσην
2416 2663 2712 2735 ἀδυναμίαν
2765 2669 3155 2739 καταψεύδεται
3195 2673 3287 2726 τοῦ
3315 2674 3449 2728 Θεοῦ
3484 2677 3670 2747 σαφῶς

2093 2753 2121 2805 ό
2151 2751 2290 2805 κατά
2322 2753 2415 2806 τοῦ
2448 2753 2582 2808 Θεοῦ
2621 2759 2809 2827 μανείς
2828 2777 2841 2790 ο
2878 2759 3067 2834 ὥσπερ
3110 2764 3404 2835 κτημάτων
3430 2769 3669 2839 ὀρφανοῦ

2095 2862 2235 2908 τινος
2256 2846 2671 2917 προϊστάμενος,
2694 2845 2754 2905 οὗ
2782 2853 2877 2923 τὴν
2901 2853 3179 2908 ἀσθένειαν
3208 2857 3513 2928 ἐπάναγκες
3542 2864 3670 2933 ὁμο-

2094 2934 2340 3008 λογῆσαι,
2368 2939 2452 2992 ἵνα
2486 2940 2554 2994 τά
2598 2942 2695 3012 τῆς
2730 2944 3052 3016 συνηγορίας
3096 2946 3388 3021 πληρωθῇο
3438 2951 3515 3016 ὡς
3558 2953 3670 3027 γὰρ

2094 3029 2421 3094 τούναντίον,
2455 3030 2554 3103 τὴν
2600 3032 2849 3105 οὐδαμῶς
2894 3037 3258 3107 ύφεστηκυῖαν
3305 3042 3500 3097 κακίαν
3537 3062 3669 3116 πρε-

2098 3118 2326 3185 σϐεύων,
2377 3121 2557 3175 πάντα
2610 3124 2709 3195 μὲν
2760 3126 2928 3198 αὐτὴν
2985 3129 3123 3183 κατά
3159 3130 3293 3185 Θεοῦ
3327 3132 3666 3205 δεδρακέναι,

2095 3208 2243 3276 λέγει
2284 3211 2686 3283 ἐπαναστῆναι,
2737 3215 2989 3286 ἐπιϐῆναι
3030 3221 3142 3282 τοῖς
3192 3220 3356 3275 αὐτοῦ
3406 3223 3663 3295 θελῆσαιο

2094 3297 2264 3364 τέλος,
2322 3300 2383 3353 τὸ
2426 3302 2642 3356 πάντων
2680 3303 2820 3358 κατά
2858 3305 2991 3359 Θεοῦ
3029 3310 3421 3382 χαλεπώτερον,
3450 3314 3550 3385 τῆς
3584 3317 3671 3370 οὐ·

2095 3389 2215 3453 σίας
2240 3390 2405 3444 αὐτοῦ
2440 3393 2681 3465 ἐγκρατῆ
2720 3394 3007 3467 σύμπαντα
3043 3400 3134 3453 τὸν
3177 3403 3346 3457 αἰῶνα
3392 3407 3665 3475 γενέσθαι,

2092 3483 2186 3534 καὶ
2213 3488 2538 3555 κατατεμεῖν
2565 3486 2787 3559 ταύτην,
2816 3489 2891 3553 ὡς
2918 3491 3017 3545 οὐκ
3044 3492 3332 3564 ἐνδέχεται,
3358 3499 3435 3561 είς
3463 3497 3667 3572 ἀπειρα

2090 3573 2372 3644 τμήματα,
2408 3576 2727 3646 ἀποπνίγειν
2779 3596 2839 3632 τε
2890 3581 2985 3634 καὶ
3028 3584 3336 3639 ἀποθλίϐειν
3378 3589 3436 3641 ἐν
3472 3589 3664 3663 ἑαυτῇ,

2092 3665 2186 3718 καὶ
2216 3666 2553 3738 συμμέτοχον
2604 3669 2801 3742 ἑαυτῆς
2847 3672 2905 3724 ὲν
2958 3673 3106 3748 πάσῃ
3165 3679 3511 3752 κακοπραγίᾳ
3569 3685 3668 3737 καὶΙ

2091 3756 2355 3830 ἀκολασίᾳ
2400 3758 2569 3831 ἔχειν·
2617 3760 2749 3815 Θεὸν
2797 3762 2852 3816 δὲ
2896 3764 2970 3836 μὴ
3015 3764 3304 3839 δυνηθῆναι
3379 3772 3517 3842 μήτε
3573 3773 3668 3826 τὸν

2091 3850 2223 3904 ῖδιον
2266 3851 2430 3905 τόπον
2478 3851 2662 3925 ἕτερόν
2700 3873 2819 3908 τινα
2862 3857 3062 3929 τρόπον
3112 3860 3451 3935 δραστηρίως
3489 3864 3669 3931 ἐξελέε-

2093 3939 2239 4005 σθαι,
2272 3941 2410 4012 μήτε
2442 3941 2502 3995 τὸ
2536 3945 2913 4017 ἀναμάρτητον
2953 3947 3082 4016 γοῦν
3131 3950 3313 4022 ἐαυτῷ
3346 3953 3667 4023 πρεπόντως

2089 4032 2155 4102 τῇ
2198 4030 2354 4100 φύσει
2387 4032 2642 4103 τηρῆσαι.

2166 4122 2230 4175 "A
2266 4122 2375 4194 γὰρ
2422 4123 2482 4176 τὸ
2525 4123 2584 4188 ἐξ
2626 4124 2789 4178 αὑτοῦ
2845 4126 3281 4201 προϐεϐλημένον
3318 4134 3437 4186 κατ’
3476 4134 3665 4189 οὐσίαν

2089 4213 2155 4284 τῇ
2189 4211 2287 4285 ὖλῃ
2318 4214 2620 4278 συναδικεῖ,
2667 4216 2923 4289 ἄντικρυς
2957 4222 3035 4283 είς
3064 4221 3223 4274 αὑτὸν
3263 4224 3547 4296 ἀνατρέχει
3569 4226 3663 4280 τὸν

2090 4302 2548 4373 προϐεϐλημένον.
2607 4302 2761 4358 Οῦτω
2800 4306 2863 4377 δὴ
2914 4309 3093 4363 πᾶσαν
3143 4310 3458 4365 δυναστείαν
3520 4316 3665 4369 κατά

2090 4393 2224 4447 Θεοῦ
2251 4397 2316 4466 τῇ
2357 4396 2522 4467 κακίᾳ
2570 4400 3024 4472 προσμαρτυρῶν,
3063 4402 3192 4458 Θεὸν
3239 4404 3294 4457 δὲ
3337 4406 3404 4459 τὰ
3447 4407 3664 4462 πάντων

422 4492 707 4562 nequitiac;
755 4488 923 4543 Deum
956 4500 1087 4540 vero
1130 4484 1262 4538 dicit
1304 4496 1527 4553 passum
1573 4495 1695 4537 esse
1738 4478 1984 4534 omnium

2094 4485 2361 4556 ἀνήκεστα
2394 4488 2525 4555 πρὸς
2564 4487 2730 4560 αὐτῆς
2767 4491 3089 4546 πεπονθέναι
3110 4494 3277 4564 λέγει,
3312 4499 3403 4550 καὶ
3449 4499 3663 4570 τολμῶν

420 4581 716 4638 durissima
742 4596 756 4634 :
780 4587 835 4635 et
862 4577 1024 4633 audet
1046 4576 1398 4644 subiungere,
1429 4571 1575 4641 quod
1609 4579 1854 4641 potestas
1888 4568 1984 4624 Dei

423 4674 593 4730 missa
622 4671 819 4743 supivit
848 4669 1132 4725 materiam
1158 4675 1417 4734 tanquam
1444 4663 1681 4717 belluam
1706 4661 1983 4724 cautione,

424 4775 534 4816 non
580 4762 755 4816 solum
785 4772 997 4815 suntme
1038 4755 1334 4820 contraria,
1383 4767 1635 4808 sermone
1684 4752 1832 4806 omni
1867 4767 1987 4823 pro-

423 4853 702 4910 babilitate
731 4858 955 4907 carente
988 4849 1247 4913 miscens,
1280 4853 1335 4901 et
1360 4861 1480 4917 qua:
1504 4845 1653 4899 nullo
1674 4853 1835 4916 pacto
1863 4857 1987 4899 csse

419 4953 674 5017 possunt,
700 4943 999 5001 secundum
1014 4950 1263 4996 naturam
1277 4945 1584 4993 commento
1605 4952 1704 4993 suo
1726 4938 1773 4990 la
1782 4938 1984 5007 rgiens,

413 5037 518 5093 sed
552 5043 742 5091 contra
776 5047 938 5105 quam
971 5032 1087 5086 vult
1115 5031 1202 5084 hic
1230 5031 1392 5085 etiam
1421 5029 1715 5085 conﬁciens
1748 5039 1803 5084 et
1848 5044 1984 5083 con-

2092 4578 2305 4644 ἐπάγει,
2337 4577 2417 4630 ὅτι
2445 4577 2507 4648 δὴ
2534 4581 2900 4653 κατεκοίμησε
2940 4583 3036 4656 τὴν
3065 4585 3196 4658 ὓλην
3225 4590 3258 4657 ἡ
3296 4590 3664 4646 ἀποσταλεῖσα

2092 4666 2185 4720 τοῦ
2229 4667 2361 4720 Θεοῦ
2413 4668 2657 4740 δύναμις,
2694 4671 2770 4735 ὡς
2810 4673 2869 4726 τὸ
2916 4674 3100 4748 θηρίον
3147 4680 3349 4751 ἐπῳδῇ,
3395 4683 3455 4735 οὑ
3501 4684 3662 4755 μόνον

2092 4758 2371 4823 ἀπιθάνως
2395 4760 2461 4813 τὰ
2487 4762 2668 4833 ἄκρως
2694 4765 2909 4818 ἐναντία
2942 4767 3018 4838 τῷ
3050 4768 3191 4839 λόγῳ
3218 4771 3442 4841 κιρνῶν,
3475 4774 3568 4826 καὶ
3593 4776 3661 4827 τά

2096 4851 2358 4922 μηδαμῶς
2387 4852 2525 4906 κατὰ
2565 4852 2724 4923 φύσιν
2761 4856 3079 4929 ἐνδεχόμενα
3113 4859 3191 4931 τῷ
3232 4861 3345 4931 ίδίῳ
3382 4862 3660 4935 πλάσματι

2092 4943 2465 5014 χαριζόμενος,
2510 4944 2643 4999 ἀλλὰ
2690 4947 2781 5000 καὶ
2829 4951 3130 5005 τούναντίον
3190 4953 3222 5024 ἢ
3266 4953 3532 5025 βούλεται,
3568 4957 3664 5010 καὶ

2092 5031 2323 5085 ἐνταῦθα
2348 5035 2793 5100 κατασκευάζων
2831 5036 2888 5103 ἐξ
2924 5039 3122 5111 ἀμφοῖν
3169 5043 3268 5113 μὲν
3304 5044 3414 5116 γάρ
3453 5045 3664 5099 τούτοιν

421 5124 687 5181 eludens:
714 5139 779 5179 ex
814 5122 1057 5192 utrisque
1089 5121 1233 5175 enim
1273 5121 1350 5173 ait
1381 5119 1524 5173 hunc
1553 5117 1721 5174 Deum
1756 5118 1983 5173 univer-

2094 5125 2226 5195 φησὶ
2255 5124 2383 5178 Θεὸν
2409 5125 2807 5198 δημιουργῆσαι
2830 5130 2947 5182 τόδε
2970 5132 3030 5184 τὸ
3055 5135 3190 5187 πᾶν*
3238 5134 3333 5187 τοῦ
3370 5135 3427 5189 δὲ
3461 5136 3667 5208 ἀνθρὼ-

421 5233 545 5276 sum
586 5218 690 5272 hoc
735 5216 1059 5270 fabricatum
1107 5227 1249 5268 esse.
1305 5211 1515 5283 Corpus
1565 5227 1696 5268 vero
1744 5212 1982 5268 hominis

2094 5231 2193 5267 που
2221 5210 2354 5268 εἶναι
2382 5215 2478 5285 μὲν
2508 5216 2567 5268 τὸ
2597 5215 2757 5287 σῶμα
2779 5218 2876 5287 τῆς
2900 5219 3124 5284 κακίας·
3152 5216 3290 5275 εἶναι
3330 5223 3388 5276 δὲ
3428 5222 3527 5293 τὴν
3560 5224 3666 5293 ψυ-

414 5325 543 5366 esse
576 5308 793 5380 quidem
817 5305 1099 5378 nequitia};
1135 5305 1373 5359 animam
1401 5319 1531 5358 vero
1562 5302 1678 5366 Dei,
1713 5302 1827 5358 sive
1861 5317 1986 5357 cum

2094 5304 2186 5376 χὴν
2217 5304 2312 5357 τοῦ
2351 5306 2576 5373 ἀγαθοῦ,
2611 5309 2718 5361 εἴτε
2753 5310 3018 5382 μονοειδῆ,
3049 5313 3156 5365 εῖτε
3203 5315 3567 5385 συγκειμένην
3598 5314 3664 5371 ἐκ

421 5404 534 5458 sint
578 5404 740 5457 unius
790 5400 997 5466 formae,
1062 5402 1177 5455 sive
1232 5412 1357 5453 cum
1405 5396 1518 5467 jam
1572 5411 1640 5452 ex
1689 5397 1984 5450 contrariis

2094 5395 2191 5449 τῶν
2222 5397 2477 5452 ἐναντίων
2497 5418 2509 5431 ’
2552 5400 2646 5455 καὶ
2671 5402 2860 5476 ταύτῃ,
2894 5402 2968 5467 ὡς
2995 5403 3250 5476 ἑκάτερον
3278 5407 3470 5477 μικρὸν
3504 5405 3663 5460 ὓστε-

421 5495 757 5567 composita;
784 5508 1017 5564 quorum
1063 5499 1341 5553 neutrum,
1387 5496 1448 5543 ut
1480 5488 1642 5559 paulo
1672 5498 1791 5559 post
1823 5488 1990 5543 doce-

2094 5507 2177 5571 ρον
2214 5490 2478 5561 δείξομεν,
2514 5492 2771 5547 σύστασιν
2808 5494 2927 5548 οὐδὲ
2957 5495 3084 5567 μίαν
3114 5494 3252 5566 ἔχον.
3285 5494 3450 5568 Σῶμα
3480 5497 3663 5568 μέντοι

420 5584 637 5652 bimus,
680 5585 981 5642 consistere
1031 5578 1230 5652 poteSt.
1298 5581 1519 5651 Corpus
1577 5587 1759 5634 tamen
1806 5580 1981 5635 solum

2094 5581 2205 5634 καθ’
2240 5583 2398 5636 ἑαυτὸ
2424 5585 2575 5640 οὐδὲν
2614 5586 2723 5640 τῶν
2764 5587 2949 5641 κακῶν
2982 5587 3090 5641 οὐδ’
3116 5589 3340 5657 ἐπινοεῖ,
3369 5588 3491 5643 οὔτε
3524 5588 3659 5663 δρᾷκ

400 5812 405 5818 η
486 5738 624 5818 410⁸)
661 5738 911 5800 Κακίαν.
955 5736 1256 5827 Neauitiam
1296 5746 1454 5794 vocat
1498 5728 1716 5809 semper
1770 5738 1994 5795 Satanat

2094 5748 2280 5799 ιιιοιοτ.
2318 5740 2490 5798 Tuan.
