4100 6414
404 391 532 447 1161

1461 387 1831 447 Αονεῐιευε
1869 387 2292 446 ΜειΝιοιιΑεοε
2329 389 2458 447 LiB.
2490 348 2540 444 ἰ.

3525 388 3663 443 1102

396 504 522 560 οὔτε
548 504 655 576 γὰρ
696 504 931 574 φονεύει,
958 503 1083 558 οὔτε
1113 503 1374 576 μοιχεύει,
1410 504 1533 559 οὔτε
1556 506 1824 579 λῃστεύει,
1855 508 1978 563 οὔτε

2094 524 2146 563 ιο
2178 524 2274 580 per
2306 524 2368 565 se
2417 508 2556 564 nihil
2596 508 2729 564 mali
2777 523 2955 580 neque
2995 507 3223 580 cogitat.
3272 522 3452 579 neque
3491 507 3661 575 facit;

398 593 529 649 ἄλλο
571 611 625 648 τι
657 595 765 650 τῶν
790 593 1143 667 ἀδικημάτων
1175 595 1489 667 ἐργάζεται,
1519 596 1696 669 ψυχῆς
1727 598 1875 670 αὐτῷ
1904 599 1980 671 μὴ

400 687 706 764 παρούσης.

2089 617 2197 656 non
2222 601 2369 657 enim
2403 601 2629 664 occidit,
2661 616 2839 672 neque
2877 601 3240 668 adulteratur,
3275 615 3454 672 neque
3487 599 3662 655 latro-

2085 695 2324 759 cinatur,
2369 710 2473 750 nec
2521 694 2686 749 aliam
2713 694 2976 765 injuriam
3008 692 3159 761 facit,
3207 710 3334 751 cum
3367 707 3478 749 non
3511 692 3667 748 adest

2085 800 2289 841 anima.

1417 892 1550 947 CAP.
1594 891 1782 949 XXIV.
1815 891 2005 948 Μίδιὶο
2040 900 2235 953 animm
2267 915 2388 953 cum
2423 916 2662 970 corpore.

476 1008 667 1063 Καίτοι
698 1005 900 1060 τούτων
935 1006 1030 1060 καὶ
1069 1003 1178 1058 τῶν
1206 1004 1460 1058 τοιούτων
1500 1005 1687 1059 ἕνεκεν
1713 1008 1991 1079 ἐπινενόη-

401 1110 495 1155 ται
535 1100 612 1171 τῷ
640 1100 876 1154 Μάνεντι
923 1099 1019 1170 τῆς
1065 1097 1314 1159 ἐναντίας
1350 1097 1524 1169 ἀρχῆς
1575 1098 1609 1168 ἡ
1657 1098 1986 1163 ὑπόστασις,

2153 1012 2321 1082 Atqui
2372 1012 2444 1067 ob
2485 1013 2626 1068 hanc
2675 1028 2901 1070 causam
2946 1014 3282 1085 excogitavit
3330 1011 3664 1069 Manicha’us

2086 1102 2422 1174 hypostasim
2465 1106 2721 1176 principii
2770 1108 3036 1163 contrarii
3071 1113 3126 1163 et
3175 1107 3487 1162 mistionem
3531 1121 3666 1161 con-

407 1195 504 1249 καὶ
532 1193 637 1247 τῶν
665 1192 917 1246 ἐναντίων
958 1192 992 1263 ἡ
1037 1192 1252 1261 κρᾶσις.
1302 1190 1377 1253 ὡς
1420 1189 1487 1242 ἂν
1527 1190 1588 1243 τὸ
1614 1191 1784 1245 αἴτιον
1812 1193 1990 1246 αὐτῶν

2094 1198 2405 1262 trariorum,
2442 1207 2503 1251 ut
2538 1213 2705 1254 causa
2748 1200 3017 1254 malorum
3064 1200 3422 1270 reperiretur.
3473 1196 3580 1253 Sed
3616 1199 3666 1255 si

404 1285 677 1358 εὑρεθείη.
730 1285 793 1338 Εἰ
839 1283 896 1337 δὲ
944 1284 977 1354 ἡ
1022 1284 1216 1355 κρᾶσις
1259 1281 1359 1352 τῆς
1403 1282 1582 1352 ψυχῆς
1632 1282 1727 1337 τοῦ
1785 1284 1989 1353 ἀγαθοῦ

408 1370 544 1450 πρὸς
577 1369 640 1430 τὸ
674 1376 831 1447 σῶμα
867 1375 961 1429 τοῦ
1004 1374 1197 1439 κακοῦ,
1242 1374 1350 1428 τῶν
1398 1374 1751 1446 ἀδικημάτων
1783 1375 1993 1448 ἀνθρώ-

407 1492 529 1538 ποις
589 1473 828 1545 παρέσχε
883 1473 983 1536 τάς
1038 1470 1324 1542 ἀφορμὰς,
1376 1471 1498 1525 καθ’
1550 1471 1711 1524 ἐαυτδ
1764 1471 1872 1545 γάρ
1929 1472 1990 1525 οὐ

407 1564 719 1635 πλημμελεί
763 1562 920 1632 σῶμα
943 1577 959 1593 ο
992 1561 1199 1632 βέλτιον
1245 1557 1312 1633 ἦν
1352 1560 1426 1633 μὴ
1481 1561 1855 1634 ωγκραθῆναι
1894 1564 1993 1635 τὴν

408 1657 798 1728 πεπλασμένην
831 1655 924 1708 τοῦ
961 1653 1166 1723 ἀγαθοῦ
1205 1654 1436 1725 δύναμιν
1480 1657 1543 1726 τῇ
1588 1654 1661 1726 μὴ
1709 1654 1845 1729 οὔσῃ
1896 1672 1995 1710 κα-

405 1747 530 1824 κίᾳ·
569 1751 630 1804 οὐ
663 1750 770 1821 γὰρ
803 1749 867 1803 ἂν
901 1748 1007 1801 τῶν
1055 1747 1196 1801 κατά
1224 1745 1543 1819 ἀνθρώπους
1577 1748 1994 1819 ἁμαρτημάτων

2090 1287 2348 1343 admistio
2387 1290 2606 1353 anima},
2646 1302 2766 1360 quae
2805 1290 2895 1346 Dei
2927 1298 3034 1356 est,
3071 1306 3197 1346 cum
3230 1306 3489 1363 corpore,
3522 1290 3667 1361 quod

2091 1381 2316 1446 diaboli,
2349 1398 2544 1439 causas
2581 1393 2636 1438 et
2672 1385 2970 1454 primordia
3008 1386 3335 1456 iniuriarum
3384 1399 3449 1439 ac
3475 1398 3671 1455 pecca-

2090 1483 2267 1529 torum
2294 1476 2609 1531 hominibus
2639 1478 2889 1547 praebuit,
2921 1492 3018 1547 per
3047 1494 3107 1534 se
3135 1485 3316 1534 autem
3352 1492 3463 1533 non
3494 1476 3673 1532 delin-

2089 1567 2209 1639 quit
2252 1580 2493 1638 corpus:
2524 1569 2722 1624 melius
2764 1579 2905 1632 erat,
2939 1578 2996 1623 ut
3029 1570 3210 1624 anima
3262 1585 3294 1624 a
3324 1568 3435 1624 Deo
3482 1575 3670 1625 creata

2088 1672 2197 1712 non
2235 1657 2634 1714 admisceretur
2676 1659 2938 1723 nequitiae
2988 1676 3098 1714 non
3147 1661 3384 1715 exstanti
3417 1660 3667 1714 :nullum

2090 1751 2236 1805 enim
2264 1767 2331 1806 ex
2356 1754 2598 1822 peccatis
2629 1768 2751 1823 quae
2785 1754 3034 1808 homines
3061 1753 3435 1817 committunt,
3467 1752 3523 1807 in
3554 1752 3669 1806 vita

402 1844 556 1898 οὐδὲν
585 1841 948 1904 ἐπολιτεύετο,
984 1840 1090 1893 οὐδ’
1124 1838 1188 1893 ἂν
1218 1840 1460 1910 ὑπῆρχεν
1497 1841 1654 1903 ὅλως.
1691 1841 1849 1904 Ποῖος
1880 1840 1988 1913 γάρ

2094 1850 2412 1899 cerneretur
2451 1860 2630 1914 neque
2675 1847 2893 1917 penitus
2922 1855 3103 1925 esset.
3131 1845 3288 1912 Quod
3337 1845 3483 1900 enim
3522 1851 3669 1900 esset

403 1932 474 2008 ἦν
507 1938 535 1990 ὀ
570 1936 748 2005 φόνος,
776 1932 870 1987 τοῦ
903 1933 1261 2003 φονευομένου
1309 1933 1384 2003 μὴ
1426 1931 1599 1996 ὄντος,
1635 1933 1748 2001 εἴγε
1789 1932 1865 2004 μὴ
1902 1932 1989 1986 διὰ

402 2027 504 2097 τῆς
532 2027 642 2080 τῶν
679 2020 935 2079 ἐναντίων
989 2025 1259 2094 κράσεως,
1314 2022 1455 2077 κατὰ
1505 2023 1597 2076 τὸν
1649 2024 1988 2092 γελοιότατον

403 2116 581 2186 λόγον,
635 2109 878 2184 ἐγεγόνει
929 2108 1173 2183 κόσμο;;
1222 2112 1351 2165 ποία
1403 2111 1447 2165 δ’
1499 2111 1566 2166 ἂν
1614 2112 1844 2183 μοιχεία,
1870 2112 1986 2166 ’τοῦ

410 2206 664 2277 σώματος
698 2204 772 2276 μὴ
800 2205 970 2268 ὄντος,
1003 2204 1137 2275 μήτε
1169 2203 1290 2257 καθ’
1323 2203 1484 2257 ἐαυτὸ
1516 2202 1647 2272 γοῦν
1673 2202 1991 2274 ἐπιθυμοῦν⁴

401 2316 514 2364 τος,
551 2301 599 2353 εἰ
639 2299 713 2371 μὴ
744 2298 891 2371 ψυχὴ
944 2300 977 2370 ἡ
1028 2297 1118 2351 τοῦ
1167 2297 1374 2366 ἀγαθοῦ
1407 2297 1802 2369 κατεπέμφθης
1846 2297 1990 2351 δυοῖν

405 2392 515 2464 γὰρ
559 2392 806 2464 θάτερον·
856 2392 890 2464 ἢ
933 2390 1025 2444 τοῦ
1070 2390 1274 2459 ἀγαθοῦ
1317 2390 1596 2463 οἰκονομίᾳ
1622 2389 1728 2462 χρὴ
1761 2391 1989 2460 φάσκειν

408 2484 680 2539 συνελθεῖν
731 2483 1009 2545 τάναντία,
1069 2484 1155 2536 ἵνα
1197 2483 1421 2554 γένηται
1471 2481 1546 2546 ὡς
1602 2482 1739 2554 πρὸς
1783 2482 1988 2552 ἀγαθοῦ

401 2576 630 2648 κόσμος,
655 2572 750 2629 καλ⁹
777 2574 913 2638 ὅλως
943 2574 1102 2637 αὐτὸς
1139 2573 1311 2639 αἴτιος
1336 2574 1402 2628 ἂν
1441 2573 1528 2644 εῐη
1555 2572 1665 2627 τῶν
1694 2575 1752 2629 ἐν
1780 2573 1990 2646 ἀνθρὼ-

403 2684 528 2737 ποις
558 2669 765 2733 κακῶν,
794 2670 906 2737 είγε
928 2668 1069 2722 ἐκὼν
1096 2670 1164 2739 τῇ
1192 2666 1360 2739 κακία
1404 2666 1817 2738 προσεχρήσατο
1848 2665 1991 2722 κατά

403 2762 515 2817 τῶν
545 2763 954 2833 γενησομένων·
1004 2760 1037 2829 ἢ
1083 2759 1308 2830 ἐϐιάσθη
1352 2757 1489 2830 πρὸς
1514 2760 1614 2829 τῆς
1646 2760 1860 2823 κακίας,
1900 2760 1993 2813 καὶ

404 2854 508 2924 ήδη
540 2852 608 2906 τά
641 2852 933 2924 νικητήρια
981 2836 1121 2906 κατά
1165 2851 1257 2906 τοῦ
1308 2850 1513 2919 ἀγαθοῦ
1552 2852 1917 2923 ἀπενήνεκται
1957 2852 1990 2922 ἠ

407 2946 576 3003 κακία

2096 1933 2445 1987 homicidium
2484 1936 2700 1991 nemine
2726 1936 2950 1991 occiso?
2983 1935 3038 1989 Si
3071 1951 3168 2005 per
3193 1936 3507 1991 mistionem
3534 1949 3671 1989 con-

2094 2026 2410 2089 trariorum,
2441 2034 2500 2079 ut
2546 2035 2631 2082 est
2665 2029 2717 2082 in
2744 2028 2845 2082 hac
2867 2027 3052 2083 fabula
3087 2028 3342 2093 ridicula,
3380 2042 3491 2082 non
3528 2027 3670 2080 fu’s-

2094 2126 2177 2172 set
2221 2116 2399 2173 factus
2453 2119 2733 2175 mundus:
2768 2120 2914 2191 quod
2964 2120 3290 2175 adulterium
3351 2127 3499 2175 esset
3558 2132 3670 2174 non

2095 2216 2348 2265 exstante
2377 2226 2631 2280 corpore,
2658 2227 2836 2282 neque
2866 2227 2963 2282 per
2988 2224 3046 2267 se
3077 2212 3526 2282 concupiscente,
3560 2210 3670 2265 nisi

2097 2299 2278 2352 anima
2308 2313 2428 2368 qua:
2454 2298 2549 2353 Dei
2574 2309 2680 2364 cst,
2708 2300 2878 2356 missa
2907 2308 3053 2356 esset
3080 2302 3134 2355 in
3170 2302 3404 2371 corpus?
3435 2301 3668 2356 alterum

2095 2392 2240 2445 enim
2290 2407 2355 2445 ex
2398 2390 2615 2446 duobus
2656 2393 3020 2464 relinquitur:
3057 2401 3150 2448 aut
3187 2394 3478 2449 dicendum
3523 2408 3669 2457 esse,

2095 2483 2493 2554 gubernatione
2531 2483 2622 2540 Dei
2649 2486 2876 2556 provida
2904 2489 3084 2542 coisse
3129 2488 3427 2553 contraria,
3464 2493 3524 2540 ut
3555 2492 3673 2539 tan-

2095 2589 2261 2646 quam
2311 2590 2342 2630 a
2392 2576 2539 2632 bono
2574 2577 2683 2633 Deo
2713 2578 2867 2634 ﬁeret
2920 2579 3181 2644 mundus,
3232 2589 3396 2649 atque
3438 2578 3514 2633 ita
3553 2578 3675 2650 ipse

2094 2669 2320 2724 omnino
2365 2671 2634 2725 malorum
2672 2671 2727 2726 in
2778 2673 3092 2729 hominibus
3137 2679 3331 2727 auctor
3381 2678 3553 2735 esset,
3598 2670 3675 2725 si-

2098 2762 2319 2833 quidem
2359 2764 2550 2820 volens
2593 2777 2729 2820 usus
2782 2773 2867 2820 est
2910 2766 3152 2835 nequitia
3200 2771 3393 2820 contra
3443 2778 3540 2819 eos
3577 2761 3674 2834 qui

2099 2854 2270 2910 futuri
2294 2863 2513 2921 essent;
2568 2863 2664 2911 aut
2693 2858 2746 2911 vi
2783 2866 3033 2911 coactum
3070 2872 3192 2913 esse
3235 2872 3265 2911 a
3309 2856 3581 2927 nequitia,
3619 2861 3677 2909 et

2093 2946 2207 3016 jam
2259 2948 2559 3016 nequitiam
2603 2948 2894 3005 victoriam
2916 2948 3146 3029 devicto
3176 2949 3287 3005 Deo
3336 2956 3674 3020 reportasse.

407 3061 542 3117 Cn.
585 3059 751 3115 XXV.
795 3055 1030 3113 Materia
1071 3065 1193 3110 ante
1233 3055 1552 3111 creationem
1591 3056 1737 3110 mala
1777 3057 1955 3179 facere:
1992 3072 2095 3179 nfin
2128 3056 2320 3126 potuit.
2364 3057 2436 3113 De
2480 3057 2664 3113 mundi
2701 3060 2968 3114 creatione
3010 3058 3246 3116 absurda
3291 3052 3521 3117 Hanetis
3557 3075 3678 3115 sen-

1959 3142 2020 3179 en
2070 3145 2122 3179 a.

1959 3142 2122 3181 emta.

483 3248 641 3309 Ποίος
672 3243 782 3313 γὰρ
827 3237 915 3314 ἦν,
953 3234 1107 3304 αὖθις
1138 3221 1301 3307 λέγω,
1333 3257 1511 3310 φονος,
1545 3241 1594 3293 εί
1628 3241 1764 3311 μήτε
1793 3239 1992 3312 ἄνθρω.

2173 3239 2280 3296 Sed
2328 3240 2508 3296 dicam
2552 3241 2774 3306 iterum,
2824 3227 2987 3313 tﬁi‘ale
3037 3242 3392 3300 homicidium
3439 3252 3579 3311 erat,
3630 3247 3678 3303 si

411 3355 512 3402 πος
538 3332 627 3408 ἦν,
654 3338 793 3407 μήτε
827 3331 997 3400 ξίφος,
1030 3332 1169 3401 μήτε
1197 3330 1326 3384 ἄλλο
1355 3347 1407 3383 τι
1437 3330 1545 3383 τῶν
1571 3331 1805 3399 φονικῶν
1836 3332 1998 3402 ἐργα-

407 3425 589 3490 λείων,
621 3426 670 3477 εί
720 3421 794 3494 μὴ
838 3420 926 3474 διὰ
962 3421 1060 3492 τῆς
1112 3420 1328 3474 συνόδου
1379 3420 1488 3473 τῶν
1533 3419 1787 3474 ἐναντίων
1837 3433 1998 3473 κατε-

412 3516 687 3588 σκευάσθη
716 3518 745 3570 ό
771 3514 1011 3584 κόσμος;
1055 3512 1119 3565 Ἦ
1148 3511 1257 3584 γὰρ
1288 3511 1386 3583 ὕλη
1415 3511 1538 3565 καθ’
1565 3511 1786 3583 ἑαυτὴν,
1817 3514 1864 3564 εί
1904 3511 1998 3566 καὶ

412 3607 550 3680 πρὸς
582 3604 845 3676 ἀλλήλους
890 3604 938 3654 οἱ
986 3598 1046 3665 ἐξ
1090 3601 1263 3671 αὐτῆς
1315 3599 1658 3665 ἐστασίαζον,
1700 3602 1858 3670 φόνον
1900 3601 1997 3671 μὲν

409 3702 510 3756 οὐκ
533 3699 671 3771 ⁴ᾔδει,
701 3698 764 3751 οὐ
812 3695 919 3769 γάρ
965 3691 1077 3766 εἶχε
1128 3693 1343 3765 θνητὸν,
1373 3694 1433 3747 ὃν
1471 3694 1718 3764 φονεύει·
1754 3694 1998 3766 μοιχείαν

408 3793 616 3865 ἠγνόει,
664 3792 725 3845 οὐ
761 3790 869 3860 γὰρ
900 3789 1293 3860 κατεγγυήσεις
1326 3787 1519 3857 γάμων
1550 3789 1676 3859 παρ’
1697 3788 1833 3859 αὐτῇ
1867 3789 1997 3840 ἐπο-

410 3879 701 3934 λιτεύοντο·
726 3880 787 3932 οὐ
823 3878 928 3949 μὴν
957 3877 1065 3931 οὐδ’
1096 3878 1536 3945 ἐσυκοφαντεῖτο,
1567 3877 1689 3930 οὐδὲ
1719 3877 1828 3950 γὰρ
1860 3877 1997 3942 ὅλως

410 3973 474 4028 τὸ
515 3973 719 4045 κρίνειν
770 3967 934 4043 εῖχεν,
978 3970 1170 4039 ἄλογος
1191 3965 1357 4023 οὖσαο
1399 3966 1762 4041 φιλαργυρίας
1794 3970 1850 4022 δὲ
1888 3968 1997 4023 τῶν

412 4065 598 4121 κακῶν
627 4065 727 4136 τῆς
758 4063 913 4136 ῥίζης
950 4064 1045 4118 καὶ
1075 4062 1397 4133 φιλοδοξίας,
1429 4062 1547 4117 οὐδὲ
1594 4064 1698 4127 ἕως
1726 4080 1997 4136 προσηγο-

414 4153 537 4228 ρίας
571 4154 877 4225 ἐμέμνητοο
906 4154 940 4224 ἡ
976 4153 1086 4224 γὰρ
1112 4152 1454 4225 φυλαργυρία
1480 4152 1632 4225 παρὰ
1666 4153 1994 4226 ἀνθρώποις,

410 4247 500 4303 διὰ
522 4247 620 4320 τὴν
646 4247 856 4319 χρείαν,
881 4242 948 4319 ἧς
976 4245 1317 4317 ἡλευθέρωτό
1360 4263 1425 4314 γε
1471 4245 1683 4317 ἐκείνη·
1717 4247 1811 4299 καὶ
1841 4248 1874 4315 ἡ
1908 4264 1998 4317 φι-

411 4339 620 4406 λοδοξία
656 4338 919 4411 λογισμοῦ
967 4337 1158 4403 πάθος,
1198 4333 1266 4412 ἦς
1307 4338 1367 4392 οὐ
1404 4341 1673 4409 μετεῖχεν,
1712 4338 1997 4407 ἀλόγιστος

410 4427 564 4487 οὖσαο
590 4430 1003 4503 γαστριμαργία
1039 4447 1096 4485 τε
1132 4432 1225 4484 καὶ
1262 4431 1507 4501 πορνεία,
1552 4430 1648 4484 καὶ
1669 4431 1996 4503 ἀρῤενοφθο-

414 4525 506 4598 ρία
546 4525 677 4596 παρ’
708 4524 842 4594 αὐτῇ
878 4521 1064 4596 χώραν
1095 4523 1197 4577 οὐκ
1224 4518 1336 4594 εἶχε
1359 4539 1373 4553 ·
1410 4523 1506 4576 καὶ
1547 4523 1781 4587 συνόλως
1815 4524 1993 4578 πάντα

2098 3347 2277 3402 neque
2307 3332 2471 3388 homo
2502 3341 2644 3402 erat,
2693 3349 2868 3405 neque
2900 3335 3136 3407 gladius,
3169 3352 3272 3392 nec
3313 3338 3460 3393 aliud
3502 3355 3679 3411 genus

2101 3422 2192 3477 teli
2221 3430 2316 3477 aut
2342 3423 2695 3480 instrumenti
2730 3425 2799 3480 ad
2844 3425 3228 3495 occidendum,
3273 3429 3381 3484 nisi
3410 3445 3508 3500 per
3541 3445 3680 3487 con-

2096 3511 2437 3585 iunctionem
2468 3516 2872 3572 contrariorum
2898 3517 3196 3575 aediﬁcatus
3228 3530 3376 3576 esset
3400 3522 3678 3579 mundus?

2100 3602 2326 3663 Materia
2356 3607 2503 3664 enim
2534 3625 2631 3681 per
2657 3625 2717 3666 se
2736 3624 2801 3665 ac
2817 3607 2954 3677 sola,
2988 3626 3299 3683 quanquam
3323 3615 3436 3669 nati
3458 3631 3521 3671 ex
3559 3617 3678 3687 ipsa

2100 3696 2425 3768 seditionem
2464 3699 2524 3754 in
2575 3699 2790 3771 seipsos
2828 3701 3140 3767 movebant,
3168 3702 3523 3760 homicidium
3556 3708 3682 3776 qui-

2098 3788 2221 3847 dem
2255 3790 2575 3863 ignorabat;
2608 3807 2716 3847 non
2744 3793 2889 3848 enim
2922 3794 3156 3849 habebat
3179 3797 3490 3863 mortalem,
3513 3814 3679 3868 quem

2098 3884 2406 3951 occideret;
2456 3880 2784 3941 adulterium
2831 3886 3138 3953 nesciebat,
3172 3889 3301 3959 quia
3346 3890 3681 3959 sponsiones

2099 3976 2419 4046 nuptiarum
2466 3975 2611 4047 apud
2661 3990 2781 4031 eam
2826 3992 2938 4032 non
2972 3980 3376 4035 versabantur:
3408 3997 3511 4039 nec
3560 3991 3681 4038 erat

2097 4065 2397 4130 calumnia,
2428 4066 2656 4121 omnino
2685 4067 2832 4123 enim
2853 4068 3103 4138 judicare
3126 4085 3236 4125 non
3267 4080 3499 4142 poterat,
3531 4083 3680 4132 esset

2097 4170 2233 4233 cum
2268 4157 2499 4213 rationis
2546 4172 2762 4229 expers.
2800 4156 3087 4230 Cupiditas
3123 4167 3303 4216 autem
3337 4162 3675 4233 divitiarum,

2097 4264 2219 4320 quae
2251 4257 2335 4305 est
2370 4250 2614 4304 omnium
2647 4251 2919 4305 malorum
2954 4251 3133 4316 radix,
3176 4267 3246 4308 ne
3287 4256 3681 4316 nominabatur

2097 4342 2355 4413 quidem;
2390 4341 2665 4412 cupiditas
2711 4341 2857 4396 enim
2890 4341 3206 4396 divitiarum
3238 4343 3382 4414 apud
3428 4346 3677 4406 homines

2096 4443 2182 4493 est
2221 4442 2444 4506 propter
2490 4451 2649 4491 usum
2684 4443 2740 4491 et
2785 4437 3196 4505 necessitatem,
3231 4452 3339 4508 qua
3386 4449 3506 4496 erat
3540 4443 3679 4499 libe-

2098 4533 2217 4579 rata
2265 4525 2517 4580 materia.
2560 4526 2800 4581 Ambitio
2831 4542 2941 4582 non
2984 4529 3346 4599 participabat
3386 4535 3678 4603 perturba-

408 4618 479 4672 τὰ
517 4616 665 4672 κακά
704 4615 741 4672 ἀ
787 4614 937 4686 παρά
970 4614 1276 4689 ἀνθρώποις
1312 4614 1698 4685 ἀναφαίνεται,
1745 4615 1992 4687 οὐδαμῶς

2101 4618 2301 4674 tionem
2333 4620 2592 4685 rationis,
2628 4622 2758 4693 quia
2786 4631 2905 4677 erat
2933 4623 2989 4678 in
3028 4627 3257 4681 materia
3295 4630 3543 4685 vacuitas
3586 4646 3678 4686 ra-

410 4705 556 4781 εἷχεν
582 4710 615 4779 ἠ
643 4706 745 4776 ὕλη
769 4705 875 4777 πρὸ
905 4705 1132 4776 κόσμου.

2100 4712 2267 4768 tionis
2306 4714 2487 4784 :gulae
2516 4730 2582 4769 ac
2632 4717 2837 4773 ventris
2865 4717 3082 4783 vitium,
3135 4729 3190 4775 et
3233 4718 3544 4787 fornicatio,
3607 4739 3673 4780 ac

412 4801 784 4855 masculorum
816 4797 1147 4853 concubitus
1177 4797 1320 4868 apud
1350 4812 1470 4852 eam
1500 4798 1684 4855 locum
1727 4814 1839 4855 non
1876 4800 2193 4858 habebant:
2259 4813 2314 4860 et
2360 4815 2419 4861 ut
2489 4811 2804 4864 summatim
2847 4810 3048 4876 dicam,
3097 4813 3283 4868 omnia
3346 4815 3489 4870 mala
3555 4830 3676 4887 qua

411 4889 555 4962 apud
586 4889 837 4945 homines
868 4887 1139 4951 feruntur,
1187 4894 1314 4942 ante
1347 4887 1611 4943 mundum
1658 4889 1990 4946 aediﬁcatum
2030 4894 2258 4949 minime
2288 4895 2526 4951 habebat
2565 4898 2818 4953 materia.

484 4988 646 5042 Ὥστε
682 4986 783 5041 οὐκ
826 4985 1055 5056 ἐπεδείὶη
1075 4987 1142 5057 τῇ
1174 4984 1492 5055 συγκράσει,
1519 4984 1657 5039 ἀλλά
1686 4985 1997 5042 τούναντίον

414 5079 555 5136 κατά
575 5079 672 5152 τὴν
700 5078 927 5150 ἀνόητον
957 5076 1126 5150 αὐτὴν
1158 5076 1434 5140 ὑπόθεσιν,
1464 5076 1653 5151 ὥσπερ
1694 5077 1858 5143 ῐππος
1902 5097 1999 5133 πε-

415 5172 526 5226 δίου
560 5173 858 5245 λαϐομένη,
887 5170 1087 5226 διαθέει
1120 5171 1257 5245 πρὸς
1298 5171 1397 5242 τὴν
1431 5171 1645 5226 ἀδικίαν
1674 5170 1784 5224 τῶν
1812 5171 1998 5228 κακῶν

417 5265 714 5336 φερομένηο
744 5263 781 5320 ἃ
804 5264 912 5336 γὰρ
937 5263 1198 5336 μηδαμῶς
1220 5263 1434 5337 ὑπῆρχε
1462 5262 1569 5335 πρὸ
1596 5262 1802 5335 κόσμου
1828 5264 1994 5331 κακὰ,

415 5353 608 5416 ταῦτα.
635 5357 726 5425 ἀφ’
751 5349 814 5409 οὗ
843 5356 1069 5427 κόσμος,
1103 5355 1163 5408 ἐν
1190 5354 1380 5426 κόσμῳ
1405 5353 1838 5425 ἐμπολιτεύεται.
1871 5355 1991 5409 Κᾶν

413 5446 522 5519 γὰρ
548 5446 666 5520 θείη
689 5466 772 5513 τις
807 5448 948 5503 κατά
989 5447 1079 5503 τὸν
1120 5447 1328 5502 ἐκείνου
1370 5446 1549 5517 λόγον,
1574 5448 1863 5502 στασιάσαι
1896 5449 1992 5503 καὶ

418 5539 656 5615 μανῆναι
678 5539 798 5593 κατ’
818 5540 1060 5612 ἀλλήλων
1078 5541 1204 5604 τοὺς
1223 5539 1322 5611 τῆς
1345 5538 1495 5608 ὕλης,
1521 5541 1615 5594 καὶ
1640 5540 1811 5612 μυρία
1828 5540 1991 5614 ἀλλή-

413 5631 539 5697 λους
561 5629 823 5687 διαθεῖναι
835 5632 1002 5697 κακὰ,
1025 5632 1123 5686 καὶ
1151 5630 1292 5687 κατά
1307 5630 1401 5686 τοῦ
1430 5631 1605 5702 φωτὸς
1631 5632 1990 5704 στρατεῦσαι*

410 5725 474 5779 οὔ
510 5725 694 5795 μέντοι
731 5723 826 5778 τὸν
869 5724 1169 5794 κατάλογον
1210 5723 1321 5779 τῶν
1364 5723 1860 5796 κατηριθμημένων
1891 5726 1989 5780 ἀν-

410 5816 700 5889 θρωπίνων
744 5817 929 5871 κακῶν
969 5818 1197 5883 ἐκείνοις
1245 5816 1483 5890 ὑπάρξαι
1522 5816 1985 5891 φαντασθήσεται’

2168 4991 2354 5060 Itaque
2389 5008 2498 5049 non
2543 4994 2647 5049 fuit
2694 4995 2858 5066 ligata
2905 4998 3309 5066 commistione,
3346 5003 3441 5059 sed
3492 5005 3674 5076 potius

2095 5091 2291 5138 contra
2341 5084 2736 5140 convenienter
2783 5087 2960 5143 eidem
3014 5105 3197 5146 causa;
3251 5095 3475 5163 amenti,
3529 5098 3674 5155 sicut

2094 5191 2269 5248 equus
2299 5191 2550 5247 campum
2584 5186 2802 5244 nactus,
2842 5196 3011 5238 cursu
3039 5183 3213 5238 fertur
3235 5186 3302 5240 ad
3339 5186 3671 5258 iniustitiam

2095 5269 2363 5324 malorum
2402 5269 2685 5325 hominum
2713 5291 2727 5326 :
2755 5287 2875 5343 quae
2925 5275 3071 5330 enim
3104 5286 3264 5332 erant
3310 5288 3439 5337 ante
3479 5284 3673 5340 mundi

2097 5357 2512 5415 fabricationem
2543 5361 2709 5428 mala,
2743 5379 2812 5419 ex
2842 5380 2953 5435 quo
2990 5366 3228 5423 mundus
3251 5378 3355 5436 est,
3385 5371 3440 5426 in
3468 5375 3673 5432 mundo

2096 5461 2408 5507 versantur.
2443 5451 2706 5518 Quamvis
2755 5456 2901 5511 enim
2944 5472 3235 5528 ponamus,
3288 5473 3346 5517 ut
3376 5464 3467 5518 ille
3513 5465 3668 5532 dicit,

2095 5551 2257 5598 natos
2298 5558 2365 5599 ex
2410 5545 2639 5600 materia
2670 5545 2868 5604 fecisse
2914 5549 3261 5619 seditionem,
3300 5561 3354 5608 et
3385 5553 3571 5611 furore
3612 5558 3669 5613 in

2094 5630 2308 5700 seipsos
2338 5630 2507 5688 fuisse
2536 5635 2794 5705 percitos,
2848 5645 2903 5693 et
2952 5639 3182 5697 intinitis
3212 5644 3372 5699 malis
3405 5661 3463 5701 se
3503 5647 3666 5705 vicis-

2093 5722 2199 5779 sim
2228 5722 2502 5792 aﬂ‘ecisse,
2523 5733 2578 5782 et
2607 5735 2800 5783 contra
2830 5731 3018 5788 lumen
3044 5736 3345 5792 exercitum
3371 5738 3665 5803 eduxisse;

2092 5832 2204 5873 non
2251 5825 2435 5876 tamen
2466 5819 2660 5880 bibens
2700 5838 2765 5880 ea
2799 5826 2942 5885 mala
2973 5843 3095 5901 qua:
3129 5829 3186 5887 in
3234 5830 3456 5889 homine
3488 5848 3670 5891 nume-
