4100 6428
447 400 584 460 “05

1579 401 1718 456 TITI
1754 398 2183 458 BOSTRENSIS
2222 402 2532 460 EPISCOPI

3561 399 3698 452 1104

445 519 709 579 ravimus,
735 531 858 573 cum
887 516 995 571 illis
1032 516 1201 573 fuisse
1222 517 1554 589 cogitatione
1590 519 1856 589 ﬁngetur;
1888 519 1999 588 qui:

2118 519 2302 590 ἐπειδή
2342 537 2406 588 γε
2444 518 2565 573 οὐδὲ
2601 518 2871 589 ἐνεδέχετο
2915 516 2985 570 τά
3020 512 3332 586 ἀνθρώπινα
3373 510 3518 565 κακά
3569 513 3697 581 πρὶν

444 625 553 665 non
594 617 843 680 pmerant
891 609 1126 664 humana
1158 610 1299 663 mala
1346 612 1433 680 agi
1479 612 1798 680 priusquam
1849 613 2011 667 homo

443 708 587 757 esset
620 719 632 753 :
657 710 711 755 et
743 700 835 754 ubi
865 715 990 755 esse
1020 708 1201 770 potest
1230 701 1323 771 qui
1354 702 1524 768 dicat,
1561 702 1704 772 quod
1730 704 1891 774 ligata
1916 719 2011 757 ne-

442 790 613 858 quitia
646 790 854 843 frenata
882 800 984 856 est,
1010 806 1129 859 qua:
1156 806 1333 861 neque
1357 792 1624 846 malorum
1650 793 2008 848 humanorum

399 884 796 945 “neminerat;
846 889 1138 951 postquam
1177 896 1307 937 vero
1337 881 1505 953 ligata
1547 890 1652 949 est,
1690 884 1757 938 de
1795 884 1880 939 his
1926 899 2012 939 ac-

439 983 660 1026 ('usatur

509 1065 652 1134 Quid
690 1075 872 1121 autem
912 1069 1145 1123 nocebat
1187 1068 1332 1123 bono
1376 1068 1490 1122 sola
1537 1081 1722 1123 secum
1762 1065 2006 1122 ordinem

439 1159 770 1226 perturbans
791 1200 805 1223 ,
831 1170 884 1215 et
912 1175 1021 1215 non
1052 1161 1260 1215 habens
1295 1161 1382 1213 cui
1417 1160 1885 1230 perturbationem
1919 1175 2009 1212 or-

438 1247 585 1303 dinis
636 1248 903 1303 inferret?
933 1257 1179 1304 evertere
1221 1250 1367 1303 enim
1408 1249 1611 1304 bonum
1656 1248 1805 1301 nullo
1848 1259 2007 1319 pacto

438 1347 670 1409 poterat.
739 1339 794 1394 Si
854 1352 1032 1396 autem
1095 1341 1371 1396 nitebatur
1442 1338 1702 1395 invadere
1770 1340 1826 1394 in
1887 1342 2007 1395 loca

436 1434 653 1494 aliena,
701 1433 858 1486 aliter
900 1433 1165 1502 impetum
1211 1433 1332 1502 ejus
1383 1441 1654 1486 amentem
1709 1434 2007 1502 reprimere

435 1523 719 1592 oportebat
752 1541 765 1577 :
797 1539 916 1592 qua:
955 1524 1098 1577 enim
1136 1523 1289 1595 prius
1318 1539 1428 1577 non
1465 1525 1726 1590 nocebat,
1757 1527 2004 1582 ordinem

435 1622 626 1667 contra
674 1629 734 1669 se
772 1617 1121 1685 perturbans,
1160 1631 1309 1671 nunc
1353 1615 1573 1685 quidem
1612 1616 1826 1671 videtur
1857 1619 2003 1672 aliud

434 1704 565 1773 quid
607 1707 996 1775 assumpsisse,
1044 1707 1098 1759 in
1148 1708 1295 1777 quod
1341 1715 1599 1777 tanquam
1633 1708 1686 1761 in
1740 1708 2005 1764 familiare

432 1805 487 1848 et
515 1795 866 1863 conjunctum
898 1798 1362 1867 perturbationem
1393 1799 1603 1853 ordinis
1635 1801 2001 1854 nocentiorem

2119 612 2400 683 ἄνθρωπον
2420 609 2671 678 γενέσθαι
2690 607 3024 680 πράττεσθαι
3044 622 3057 635 ·
3077 607 3171 659 καὶ
3192 605 3296 658 ποῦ
3329 604 3392 657 ἂν
3420 607 3449 656 ό
3474 604 3698 673 φάσκων

2118 704 2226 775 εἴη,
2252 705 2327 767 ὡς
2355 701 2727 774 ἐσωφρονίσθη
2767 700 3057 771 πεδηθεῖσα
3082 700 3115 770 ὴ
3148 698 3337 761 κακία,
3367 698 3565 775 ή-πρὶν
3598 698 3698 768 μὲν

2120 773 2412 869 πεδηθῆναι
2452 773 2560 849 τῶν
2591 795 2732 849 κατά
2767 786 3112 870 ἀνθρῴπουςί
3131 791 3316 844 κακῶν
3344 773 3463 843 οὐδὲ
3491 807 3697 861 μεμνη-

2120 868 2278 961 μένη,
2334 891 2471 960 μετά
2510 889 2567 943 δὲ
2605 888 2667 941 τὸ
2708 868 3002 958 πεδηθῆναι
3043 868 3135 938 ἐπ’).
3171 884 3381 948 τούτοις
3420 882 3697 937 διαϐαλλο-

2163 981 2255 1044 ένη
2279 1000 2291 1044 ;

2192 1000 2218 1032 ν
2279 1000 2291 1044 ;

2121 998 2255 1121 “ET?
2282 1070 2389 1140 γὰρ
2420 1068 2651 1120 ἔϐλαπτε
2681 1067 2938 1137 τάγαθὸν,
2974 1065 3095 1120 καθ’
3131 1065 3328 1135 ἑαυτὴν
3358 1063 3691 1131 ἀτακτοῦσα,

2115 1162 2210 1213 καὶ
2274 1161 2349 1231 μὴ
2397 1161 2591 1230 ἔχουσα
2633 1154 2677 1227 ᾧ
2715 1160 2813 1231 τὴν
2846 1159 3070 1224 ἀταξίαν
3110 1157 3541 1229 προστρίψηταις
3572 1157 3695 1229 τρέ-

2112 1253 2211 1323 ψαι
2243 1253 2341 1324 μὲν
2378 1252 2486 1325 γὰρ
2509 1251 2745 1321 τάγαθὸν
2782 1251 3031 1321 οὐδαμῶς
3062 1251 3149 1304 οἵα
3180 1267 3239 1303 τε
3262 1245 3331 1321 ἦν
3355 1265 3368 1277 ⁸
3408 1250 3457 1302 εί
3489 1249 3546 1301 δὲ
3572 1251 3693 1302 ἐπι-

2113 1346 2315 1400 ϐαίνειν
2344 1347 2617 1417 ἐπεχείρει
2643 1348 2754 1408 τοῖς
2790 1345 2863 1416 μὴ
2895 1344 3042 1407 ἰδίοις
3067 1344 3270 1406 τόποις,
3304 1341 3502 1413 ἑτέρως
3523 1343 3693 1413 αὐτὴν

2111 1438 2279 1510 ἐχρῆν
2325 1437 2634 1491 ἀναστεῖλαι
2676 1436 2775 1507 τῆς
2828 1435 3023 1504 ἀλόγου
3064 1435 3237 1505 φορᾶς
3263 1450 3275 1463 ·
3327 1435 3362 1504 ἡ
3414 1434 3521 1506 γὰρ
3567 1434 3691 1488 καθ’

2110 1531 2309 1601 ἑαυτῆς
2335 1530 2596 1602 πρότερον
2629 1527 2842 1599 ἀϐλαϐῆ
2888 1526 2985 1599 τὴν
3024 1526 3248 1590 ἀταξίαν
3283 1526 3688 1597 ἐνδεικνυμένη,

2109 1624 2204 1676 νῦν
2248 1641 2311 1693 γε
2359 1623 2504 1676 δοκεῖ
2555 1620 2975 1694 προσειληφέναι
3008 1636 3064 1672 τι
3095 1617 3303 1690 ἕτερον,
3353 1617 3476 1671 καθ’
3512 1614 3573 1673 οὗ
3613 1618 3689 1683 ὡς

2112 1715 2356 1778 συνόντος
2392 1714 2488 1786 τὴν
2531 1713 2756 1777 ἀταξίαν
2799 1711 3211 1783 βλαϐερωτέραν
3257 1709 3548 1776 ἐνδείξεται
3592 1695 3706 1763 ad;

2108 1807 2265 1860 τίκα·
2300 1809 2393 1861 καὶ
2426 1807 2699 1878 ἄνθρωποι
2738 1805 2860 1858 καθ’
2888 1804 3114 1867 ἑαυτοὺς
3160 1802 3457 1872 κακοῦργοι
3489 1801 3686 1872 βουλή-

433 1886 647 1942 etliciet.
692 1887 967 1944 Continuo
1014 1888 1295 1957 dicemus,
1345 1889 1492 1960 quod
1540 1891 1705 1944 etiam
1759 1890 1999 1945 homines

2111 1915 2291 1951 σονται
2333 1897 2429 1967 μέν
2473 1914 2526 1948 τι
2563 1896 2732 1949 κακὸν
2776 1894 2929 1966 δρᾷν,
2978 1894 3052 1966 μὴ
3104 1893 3318 1964 ἔχοντες
3365 1893 3422 1947 δὲ
3456 1893 3578 1946 καθ’
3623 1884 3685 1946 οὗ

433 1992 531 2046 per
565 1978 778 2046 seipsos
834 1979 1087 2046 maleﬁci,
1145 1980 1326 2034 volent
1375 1979 1590 2049 quidem
1628 1981 1831 2051 aliquid
1875 1982 1999 2033 mali

435 2068 668 2136 facere;
720 2084 829 2124 non
884 2069 1147 2126 habentes
1198 2080 1377 2125 autem
1436 2072 1490 2125 in
1551 2088 1710 2141 quem
1768 2072 2001 2137 faciant,

431 2162 595 2216 otiosi
650 2162 1041 2232 reperiantur;
1101 2178 1163 2218 se
1219 2178 1350 2218 vero
1409 2162 1510 2234 ipsi
1555 2164 1816 2219 benevole
1857 2164 2004 2234 aspi-

432 2254 581 2308 ciant
635 2254 705 2308 ob
757 2253 1108 2310 concordiam
1172 2253 1241 2308 ad
1298 2254 1623 2309 maleﬁcium
1697 2275 1710 2310 :
1774 2256 2002 2331 materia

433 2355 610 2402 autem
648 2362 823 2416 neque
852 2348 1088 2412 volebat,
1111 2363 1218 2402 non
1248 2348 1391 2403 enim
1428 2348 1717 2402 consilium
1752 2349 1999 2418 capiebat

432 2453 557 2493 cum
601 2447 749 2493 esset
790 2453 987 2508 expers
1031 2439 1262 2493 ratio'iis
1298 2456 1312 2506 ;
1364 2453 1539 2509 neque
1586 2446 1819 2508 poterat,
1867 2455 1994 2493 cum

431 2538 580 2587 esset
621 2535 735 2586 sola
770 2538 817 2585 et
854 2546 950 2602 per
990 2546 1069 2586 se.
1106 2529 1272 2602 Igitur
1310 2548 1430 2601 qua:
1463 2546 1493 2585 a
1523 2530 1820 2586 Maniclueo
1847 2546 2004 2586 voca-

434 2637 523 2681 tur
565 2626 813 2691 materia,
868 2624 1080 2681 videtur
1136 2627 1438 2696 sumpsisse
1486 2625 1601 2681 fere
1646 2642 1676 2681 a
1725 2628 1867 2681 bono
1907 2642 2003 2697 per

432 2718 671 2773 animam
718 2719 985 2773 veriorem
1036 2718 1321 2773 materiam
1372 2718 1439 2772 ad
1486 2718 1859 2790 operationem
1909 2734 2003 2773 ne-

430 2812 637 2882 quitim,
684 2827 847 2881 quam
893 2810 1221 2877 nesciebat;
1270 2810 1633 2865 accusabatur
1680 2811 1823 2865 enim
1871 2819 1999 2865 ante

431 2903 619 2958 mundi
681 2903 947 2958 fabricam
996 2903 1064 2958 de
1120 2903 1531 2973 perturbatione
1581 2904 1791 2960 ordinis
1841 2906 2000 2960 nobis

2104 1990 2378 2060 δράσαιεν,
2436 1989 2597 2060 ἀργοὶ
2641 1988 2707 2040 ἂν
2751 1986 3153 2057 ἀποδειχθεῖενθ
3214 1985 3477 2057 ἀλλήλους
3526 1984 3570 2037 δ’
3619 1984 3687 2038 ἂν

2106 2082 2264 2143 ἴδοιεν
2305 2080 2561 2144 εὐνοϊκῶς
2611 2080 2900 2151 συμφωνίᾳ
2930 2082 2995 2150 τῇ
3038 2079 3164 2151 περὶ
3193 2080 3255 2131 τὸ
3302 2078 3491 2133 κακόν.
3535 2077 3597 2129 Ἦ
3628 2076 3687 2131 δὲ

2104 2174 2203 2244 ὕλη
2251 2173 2375 2226 οὔτε
2430 2172 2725 2243 ἠϐούλετο·
2775 2173 2896 2225 οὐδὲ
2953 2170 3061 2243 γάρ
3122 2170 3435 2224 ἐϐουλεύετο
3494 2169 3685 2237 ἄλογος

2101 2261 2256 2329 οὖσα,
2286 2263 2411 2317 οὔτε
2439 2262 2681 2329 ἐδύνατο,
2724 2262 2859 2333 μόνη
2894 2263 2989 2316 καὶ
3011 2261 3134 2316 καθ’
3163 2262 3357 2332 ἑαυτὴν
3379 2256 3534 2315 οὖσα.
3562 2262 3685 2332 Ἆρ’

2100 2352 2193 2409 οὖν
2226 2357 2259 2427 ἡ
2293 2354 2602 2426 καλουμένη
2653 2353 2804 2425 παρά
2842 2352 2934 2406 τοῦ
2985 2353 3259 2415 Μάνεντος
3310 2351 3406 2421 ὕλη
3448 2350 3536 2404 διὰ
3584 2349 3685 2415 τῆς

2099 2448 2278 2519 ψυχῆς
2327 2446 2458 2518 ὓλην
2501 2445 2871 2516 ἀληθεστέραν
2920 2444 3055 2516 πρὸς
3097 2442 3192 2496 τοῦ
3241 2441 3445 2510 ἀγαθοῦ
3504 2442 3685 2495 κινδυ-

2101 2538 2277 2592 νεύειν
2311 2538 2732 2610 προσειληφέναι
2759 2538 2907 2590 δοκεῖ
2940 2537 3022 2599 εἰς
3048 2536 3326 2607 ἐνέργειαν
3360 2535 3577 2598 κακίας,
3615 2533 3684 2604 ἦν

2102 2632 2315 2702 ἡγνόει’
2346 2630 2651 2683 ἐνεκαλεῖτο
2682 2629 2792 2702 γὰρ
2824 2628 2929 2701 πρὸ
2962 2627 3168 2698 κόσμου
3210 2625 3458 2692 ἀταξίαν,
3492 2626 3683 2696 ἄδηλον

2104 2726 2235 2796 ἡμῖν
2259 2724 2353 2777 καὶ
2378 2722 2453 2795 μὴ
2476 2716 2827 2793 φαινομένηνῖ
2859 2720 3069 2791 Ἐμαθε
3091 2720 3147 2774 δέ
3173 2721 3413 2793 ἐνεργεῖν
3432 2719 3568 2790 δῆλα
3587 2718 3684 2773 καὶ

2106 2813 2405 2884 φαινόμενα
2437 2812 2583 2865 κακά
2602 2828 2615 2841 ·
2643 2810 2936 2880 διύπνησεν
2963 2812 3073 2883 ἄρα
3101 2811 3164 2863 τὸ
3198 2810 3379 2881 θηρίον
3410 2810 3443 2881 ἡ
3478 2808 3681 2881 ἐπῳδὴ.

2105 2905 2200 2958 καὶ
2226 2902 2474 2975 οὐδαμῶς
2501 2903 2620 2957 κατ’
2645 2904 2849 2956 ἐκεῖνον
2875 2902 3167 2977 ἐκοίμησεν

434 2997 636 3065 ignota,
688 3001 743 3048 et
783 2994 1006 3048 minime
1043 3003 1359 3063 apparente.
1401 2991 1601 3048 Didicit
1666 3001 1846 3048 autem
1897 2992 2111 3063 operari
2183 2991 2470 3047 manifesta
2540 2991 2715 3056 mala,
2760 2997 2814 3045 et
2881 3004 3002 3060 qua:
3034 2996 3386 3045 cernuntur:
3424 2986 3684 3042 excitavit

431 3105 560 3157 ergo
599 3087 832 3143 belluam
862 3088 1066 3151 cantio,
1091 3094 1145 3142 ct
1168 3103 1509 3158 nequaquam
1548 3089 1768 3159 s0pivit,
1806 3096 1863 3142 ut
1892 3090 2000 3159 jille
2036 3090 2186 3144 dicit.

504 3180 561 3234 Si
588 3188 769 3235 autem
802 3179 936 3234 dicit
965 3180 1207 3235 noluisse
1249 3178 1419 3234 Deum
1460 3188 1520 3235 ut
1552 3180 1704 3236 ﬁeret
1734 3181 1994 3245 mundus,

2170 3182 2233 3234 Εί
2260 3180 2316 3233 δέ
2346 3179 2515 3248 λέγοι,
2545 3178 2660 3232 Οὐκ
2693 3176 2882 3248 ἢθελεν
2921 3179 2950 3231 ό
2990 3175 3121 3240 Θεὸς
3158 3173 3412 3245 γενέσθαι
3453 3174 3679 3245 κόσμον,

433 3273 904 3344 percunctandum
954 3281 1071 3339 est,
1126 3272 1251 3343 quis
1304 3280 1445 3341 erat,
1496 3274 1590 3344 qui
1649 3274 1862 3329 voluit?
1924 3291 1994 3329 an

432 3363 667 3426 malitia,
700 3378 821 3433 quae
864 3377 973 3417 non
1012 3363 1247 3418 habebat
1289 3364 1692 3434 cognitionem?
1736 3363 1872 3431 Quis
1912 3374 1997 3420 est

432 3456 528 3526 qui
555 3471 623 3511 ex
654 3456 904 3527 utrisque
940 3456 1068 3511 fecit
1096 3473 1217 3527 quae
1251 3458 1418 3513 sunt?
1455 3458 1702 3528 nunquid
1738 3458 1999 3512 materia?

428 3566 537 3606 non
580 3559 726 3606 esset
766 3550 821 3604 in
860 3548 1220 3604 admiratione
1257 3549 1378 3619 ejus
1412 3550 1678 3618 operatio.
1718 3546 1822 3602 Sed
1857 3564 1999 3602 nuu-

428 3642 561 3714 quid
602 3658 713 3697 non
758 3642 931 3696 voluit
976 3640 1141 3705 Deus,
1177 3648 1400 3697 coactus
1444 3650 1622 3695 tamen
1671 3640 1791 3695 est?
1832 3638 1889 3693 Si
1922 3640 1996 3693 ita

426 3740 598 3799 esset,
649 3732 822 3803 magis
868 3730 1149 3799 subjectus
1197 3730 1391 3786 fuisset
1432 3745 1594 3800 quam
1647 3730 1993 3799 subjecisset,

429 3833 593 3896 atque
640 3836 1104 3892 supervacaneum
1134 3831 1279 3878 esset
1307 3823 1459 3876 illum
1501 3821 1755 3876 admirari
1790 3823 2002 3893 sapien-

431 3918 558 3970 tiam
616 3913 711 3968 Dei
769 3912 821 3968 vi
880 3920 1143 3976 coactam,
1198 3921 1252 3969 et
1305 3913 1562 3967 damnum
1620 3927 1847 3975 eorum,
1904 3913 1999 3983 qui

430 4007 600 4061 futuri
651 4014 852 4073 erant;
903 4022 1024 4077 quze
1066 4006 1209 4061 enim
1253 4005 1404 4060 nullo
1445 4005 1608 4059 modo
1656 4006 1797 4059 mala
1842 4012 2001 4059 erant

426 4106 556 4152 ante
603 4096 1052 4165 conjunctionem
1110 4084 1544 4160 contrariorum,
1582 4109 1759 4163 neque
1804 4095 1995 4149 saltem

425 4191 875 4256 nominabantur,
910 4189 1024 4244 haec
1049 4199 1174 4260 post
1215 4196 1395 4242 ortum
1435 4187 1623 4241 mundi
1670 4186 1993 4242 floruerunt.

2097 3274 2420 3344 ἐρωτητέον,
2457 3271 2564 3324 Καὶ
2590 3256 2678 3333 ’τίς
2724 3265 2792 3340 ἦν
2834 3272 2863 3323 ὁ
2896 3268 3250 3339 βουλόμενος;
3286 3263 3395 3339 ἆρα
3425 3269 3457 3337 ή
3491 3268 3679 3330 κακία,

2099 3366 2132 3436 ἡ
2171 3364 2243 3435 μὴ
2269 3364 2540 3433 ἐγνωκυῖα
2564 3378 2578 3427 ;
2615 3362 2711 3424 Τίς
2736 3361 2792 3415 δέ
2815 3364 2962 3415 ἐστιν
2987 3362 3014 3413 ὁ
3045 3360 3461 3423 κατασκευάσας
3490 3359 3550 3424 ἐξ
3580 3360 3681 3430 ἀμ-

2106 3458 2225 3527 φοῖν
2262 3456 2330 3510 τὰ
2370 3456 2530 3520 ὄντας
2577 3454 2610 3525 ἢ
2650 3452 2750 3523 ὕλη
2780 3469 2794 3519 ;
2822 3453 2921 3507 οὐκ
2967 3448 3059 3506 οὖν
3092 3452 3368 3523 θαυμασία
3404 3452 3504 3522 τὴν
3531 3451 3683 3520 ἐνέρ-

2104 3566 2258 3617 γειαν
2284 3546 2416 3618 (Η).
2459 3545 2592 3598 Ἀλλ’
2635 3543 2745 3617 ἄρα
2780 3545 2912 3609 Θεὸς
2937 3545 3036 3598 οὐκ
3074 3543 3233 3615 ἤθελε
3281 3544 3402 3614 μὲν,
3439 3544 3681 3614 ἠναγκά-

2102 3639 2225 3705 ζετο
2267 3639 2358 3701 δές
2390 3638 2490 3690 ούκ
2514 3632 2606 3690 οὖν
2648 3636 2892 3707 ὑπετάγη
2941 3635 3140 3706 μᾶλλον
3183 3635 3216 3707 ἢ
3256 3634 3526 3701 ὑπέταξε;
3570 3634 3683 3689 Καὶ

2103 3729 2352 3803 περιττὸν
2401 3729 2621 3782 κάκεῖνο
2667 3725 2986 3798 θαυμάζειν,
3043 3725 3283 3795 τάγαθοῦ
3333 3725 3434 3796 τὴν
3486 3724 3683 3795 σοφίαν

2103 3823 2417 3896 βιασθεῖσαν
2447 3823 2528 3884 εἰς
2558 3820 2658 3891 τὴν
2689 3819 2893 3890 βλάϐην
2920 3819 3028 3873 τῶν
3067 3818 3478 3889 γενησομένων
3507 3816 3544 3872 ἃ
3570 3816 3681 3889 γὰρ

2100 3915 2348 3986 οὐδαμῶς
2372 3910 2439 3985 ἦν
2466 3912 2613 3967 κακά
2642 3912 2771 3983 πρὶν
2810 3913 3078 3966 συνελθεῖν
3111 3912 3390 3975 τάναντία,
3419 3908 3542 3963 οὔτε
3571 3909 3681 3980 μὴν

2100 4006 2267 4076 ὄνομα
2298 4005 2427 4076 γοῦν
2468 4006 2646 4061 αὐτῶν
2684 4004 3045 4069 ἐπολιτεύετο,
3080 4002 3253 4057 ταῦτα
3289 4001 3427 4073 μετὰ
3469 4000 3679 4072 κόσμου

2100 4098 2315 4151 γένεσιν
2354 4096 2613 4169 ἧνθησαν.

530 4309 660 4365 CAP.
699 4305 889 4361 XXVI.
935 4306 1074 4361 Deus
1101 4314 1285 4360 auctor
1308 4305 1505 4374 peccati
1531 4306 1816 4359 secundum
1847 4302 2080 4359 Martem.
2123 4304 2424 4360 Mistionem
2461 4305 2653 4359 anima:
2686 4320 2806 4358 cum
2838 4304 3063 4357 materia
3090 4301 3276 4358 Manes
3311 4303 3567 4358 admittit.

493 4425 574 4479 An
626 4438 736 4478 non
790 4429 873 4476 est
927 4420 1229 4474 absurdum
1277 4417 1478 4481 dicere,
1533 4418 1773 4473 voluisse
1823 4417 1994 4471 Deum

2172 4419 2281 4473 Καὶ
2337 4419 2455 4482 πῶς
2506 4418 2604 4471 οὐκ
2646 4418 2843 4472 ἄτοπον
2903 4417 3150 4485 φάσκειν,
3209 4417 3530 4488 βουλόμενον
3584 4415 3678 4472 τὸν

425 4511 890 4584 perturbationem
948 4507 1197 4570 ordinis,
1250 4522 1374 4577 quae
1416 4506 1578 4562 nobis
1625 4492 1990 4562 demonstrari

424 4621 534 4660 non
565 4610 766 4674 potest,
796 4616 826 4655 a
854 4602 1079 4655 materia
1116 4599 1329 4664 tollere,
1361 4607 1417 4653 et
1455 4599 1688 4653 actionis
1725 4601 1993 4654 malorum

423 4708 546 4767 quae
593 4695 842 4749 videmus
899 4698 952 4747 et
1010 4693 1063 4745 in
1117 4691 1434 4746 hominibus
1492 4698 1788 4760 apparent,
1844 4691 1992 4745 omni

423 4788 619 4844 ordine
660 4792 717 4841 et
754 4783 968 4838 ratione
1005 4782 1247 4836 carentis
1297 4788 1576 4836 auctorem
1620 4780 1832 4845 fuisse?
1874 4781 1996 4837 Per-

424 4879 789 4934 turbationem
854 4889 1089 4945 namque
1153 4874 1364 4929 ordinis
1424 4872 1493 4929 de
1541 4888 1649 4944 qua
1708 4874 1993 4928 materiam

424 4970 752 5034 damnabat,
798 4967 966 5023 verbo
1012 4967 1188 5023 solum
1228 4964 1474 5036 proferre
1519 4966 1714 5035 potuit.
1757 4981 1866 5019 non
1914 4974 1997 5018 ta-

348 5048 365 5129 ἱ
421 5081 548 5121 men
600 5062 762 5119 rebus
811 5060 946 5131 ipsis
997 5069 1052 5115 et
1091 5059 1351 5129 operibus
1386 5056 1766 5112 demonstrare
1803 5075 1816 5112 :
1854 5057 1995 5112 mala

356 5147 372 5217 ξ
422 5162 627 5217 autem,
663 5167 731 5207 ex
775 5151 1030 5206 mistione
1076 5149 1181 5205 ista
1210 5148 1614 5202 contrariorum
1655 5147 1911 5210 conﬁcta,
1940 5154 1995 5201 et

345 5242 357 5291 f-
420 5260 544 5314 quae
607 5243 723 5299 ﬁeri
791 5258 902 5298 non
963 5243 1173 5314 potuit,
1228 5241 1404 5295 oculis
1476 5254 1708 5295 cernens
1762 5240 1992 5293 insanus

422 5334 618 5402 homo,
679 5332 1030 5389 dissimulare
1070 5347 1135 5387 ea
1194 5346 1305 5387 non
1362 5339 1562 5401 potest.
1619 5330 1802 5398 Quare
1860 5330 1990 5385 dum

421 5426 621 5482 docere
664 5425 812 5489 vult,
850 5440 961 5480 non
1007 5439 1131 5480 esse
1168 5422 1339 5479 Deum
1383 5431 1666 5479 auctorem
1709 5424 1991 5494 iniustitia:

2097 4511 2229 4565 Θεὸν
2275 4511 2500 4576 ἀταξίαν
2548 4509 2645 4581 τὴν
2686 4511 2816 4580 ἡμῖν
2863 4527 2927 4577 γε
2974 4510 3357 4564 ἀναπόδεικτον
3397 4509 3499 4579 τῆς
3544 4508 3677 4579 ὕλης

2101 4603 2329 4665 παῦσαι,
2363 4601 2587 4665 ἀταξίας
2629 4601 3102 4672 ἀποδεικνυμένων
3131 4602 3316 4656 κακῶν
3358 4602 3452 4655 καὶ
3486 4617 3675 4671 φαινο-

2103 4694 2278 4765 μένων
2308 4692 2616 4765 ἁνθρώποις
2648 4694 2933 4765 παραίτιον
2975 4693 3260 4763 γενέσθαι;
3291 4693 3401 4764 Τὴν
3434 4693 3532 4764 μὲν
3564 4691 3677 4762 γὰρ

2101 4785 2359 4851 ἀταξίαν,
2409 4787 2474 4855 ἢν
2526 4784 2925 4855 κατεψηφίζετο
2978 4788 3078 4856 τῆς
3129 4786 3260 4858 ὕλης
3313 4786 3456 4857 λόγῳ
3513 4787 3676 4858 μόνον

2102 4879 2390 4949 παράγειν,
2423 4879 2483 4931 οὐ
2533 4879 2639 4949 μὴν
2666 4880 2758 4932 καί
2799 4879 2967 4943 δεῖξαι
3012 4882 3123 4943 τοῖς
3153 4878 3334 4950 ἔργοις
3357 4877 3671 4950 δεδύνηται·

2100 4968 2170 5022 τὰ
2195 4968 2251 5022 δὲ
2291 4968 2438 5022 κακά
2470 4967 2541 5021 τὰ
2577 4968 2683 5021 ἀπὸ
2710 4969 2805 5039 τῆς
2844 4966 3118 5038 μυθώδους
3146 4967 3241 5021 καὶ
3277 4966 3351 5039 μὴ
3388 4966 3675 5036 ἐνδεχομέ-

2100 5079 2197 5131 νης
2221 5061 2328 5114 τῶν
2357 5061 2613 5115 ἐναντίων
2645 5060 2916 5132 κράσεως,
2945 5059 3239 5131 ὀφθαλμοῖς
3265 5059 3406 5132 ὁρῶν
3443 5060 3473 5112 ὁ
3513 5046 3677 5128 ἀνόη-

2096 5170 2209 5220 τος,
2248 5153 2309 5206 οὐ
2335 5152 2683 5206 καταδύεται.
2710 5152 2869 5204 Ὥστε
2906 5150 3225 5223 βουλόμενος
3247 5150 3338 5205 τὸν
3363 5149 3497 5204 Θεὸν
3521 5149 3678 5202 ἀναίσ-

2096 5261 2208 5297 τιον
2241 5243 2338 5315 τῆς
2376 5243 2515 5298 κατὰ
2546 5242 2864 5315 ἀνθρώπους
2915 5242 3126 5308 ἀδικίας
3154 5243 3451 5314 ἀποφῆναι,
3484 5239 3675 5295 αἰτιώ-

2096 5352 2256 5390 τατον
2289 5334 2466 5389 αὐτῶν
2506 5336 2762 5407 ἄντικρυς
2811 5334 3066 5406 ὁμολογεῖ
3111 5336 3274 5391 πλέον
3306 5335 3341 5407 ἢ
3368 5334 3530 5389 τοῦτο
3575 5332 3674 5387 καὶ

2099 5428 2260 5499 μόνον
2291 5427 2642 5495 ἐσπούδαζεν.

420 5517 694 5587 humanae,
722 5519 955 5576 maxime
986 5535 1108 5576 esse
1130 5519 1290 5592 plane
1314 5517 1628 5583 conﬁtetur,
1659 5519 1770 5573 imo
1817 5519 2033 5589 plenius
2070 5536 2235 5592 quam
2262 5523 2308 5578 si
2331 5522 2433 5578 hoc
2461 5523 2639 5579 solum
2666 5521 2936 5579 studeret.

905 5729 1080 5793 θαυμ.
1118 5721 1256 5789 Quia
1316 5722 1385 5778 ab
1428 5720 1613 5793 aliquo
1665 5720 1811 5793 quod
1864 5721 1989 5778 sine
2026 5726 2339 5799 cognitione
2364 5734 2416 5785 et
2444 5731 2657 5786 ratione
2695 5728 2775 5796 ﬁt,
2807 5743 2918 5786 non
2958 5735 3042 5787 est
3078 5726 3401 5788 admirabile
3452 5727 3512 5787 in
3574 5738 3677 5818 θος

422 5807 455 5849 a
469 5795 591 5863 quo
618 5801 692 5850 ﬁt.
725 5795 901 5850 'l‘unn.
