4100 6454
364 456 502 512 “05

1424 455 1793 513 ADVERSUS
1832 454 2257 514 MANICHEOS
2293 455 2420 510 LIB.
2464 457 2503 512 l.

3480 458 3618 512 “0’3

425 571 562 643 Φέρε
587 572 652 644 δὴ
674 570 744 625 τὰ
771 571 1118 643 πραττόμενα
1154 570 1301 624 κακά
1319 570 1455 642 πρὸς
1479 570 1576 624 ἀνθ
1586 570 1781 640 ρώπων
1811 590 1933 628 κατ-

2117 579 2228 643 Age
2261 572 2397 643 jam,
2455 571 2869 627 consideremus
2921 558 3232 644 mala’quae
3276 571 3346 626 ab
3386 571 3619 627 homini-

366 665 579 735 ίδωμεν,
621 664 728 717 τίνι
767 664 1014 735 προσῆκε
1062 661 1402 733 φιλαλήθως·
1454 665 1794 736 ἐπιχειρήσει
1843 666 1941 736 μὲν

361 755 470 829 γὰρ
515 754 643 818 ἴσως
680 756 775 809 καὶ⁵
821 756 922 826 τῆς
963 755 1141 827 ψυχῆς
1180 758 1375 826 κρᾶσιν
1401 755 1796 827 εἰσηγήσασθαι
1834 757 1941 810 τῶν

360 848 438 912 ὼς
462 847 758 918 ὑπείληφεν
785 848 1071 902 ἐναντίωψ
1091 850 1201 904 εἴτε
1223 849 1279 903 δὲ
1308 848 1445 919 αὐτὴ
1471 847 1747 919 μονοειδὴς
1774 847 1943 919 ὑπάρ-

359 957 443 1011 χει
475 941 541 993 ὲκ
582 938 821 1007 τάγαθοῦ
870 940 1001 1012 παρ’
1033 941 1203 1014 αὐτῷ,
1236 942 1344 995 εἴτε
1384 942 1476 994 καὶ
1527 941 1591 993 ἐκ
1640 939 1941 1002 συνθέσεως

359 1031 469 1084 τῶν
514 1034 769 1087 ἐναντίων
803 1035 866 1086 ἐκ
915 1034 1016 1105 τῆς
1063 1034 1279 1107 μερίδος
1320 1032 1626 1087 τούναντίου
1672 1032 1765 1085 τοῦ
1806 1032 1940 1099 ἁγα-

361 1120 479 1186 θοῦ,
516 1123 711 1194 ῥᾳδίως
735 1124 1211 1196 ἀποδειχθήσεται,
1238 1125 1378 1179 κατά
1403 1123 1504 1195 τὴν
1537 1123 1708 1193 ὰσεὸἧ
1734 1122 1939 1192 ταύτην

360 1213 629 1279 ὑπόθεσιν,
667 1216 735 1269 τά
759 1216 903 1270 κακὰ
944 1217 1223 1288 γινόμενα.
1260 1218 1412 1270 Ἔστι
1460 1216 1559 1287 μὲν
1590 1211 1684 1270 οὖν
1716 1214 1941 1284 ἀσώμα-

359 1321 452 1367 τος
480 1307 513 1375 ἠ
554 1305 717 1377 ψυχὴ,
751 1308 844 1361 καὶ
875 1308 1139 1378 μηδαμῶς
1167 1308 1414 1363 σύνθεσιν
1447 1309 1567 1361 κατ’
1606 1306 1812 1367 οὐσίαν,
1849 1306 1939 1358 καὶ

363 1396 598 1468 μάλιστα
630 1400 887 1454 ἐναντίων
911 1400 1282 1474 ἀποδεχομένη
1308 1423 1318 1434 -
1353 1403 1403 1455 οί
1440 1402 1545 1472 γὰρ
1576 1401 1639 1453 ἐκ
1666 1398 1938 1469 διαφόρων

248 1548 258 1556 ,
362 1491 665 1545 συντιθέναι
693 1492 941 1560 δόξαντες
984 1494 1153 1565 αὐτὴν
1216 1496 1274 1547 οὐ
1308 1494 1406 1565 τὴν
1451 1494 1641 1547 οὐσίαν
1686 1490 1938 1559 ποικίλην

359 1583 456 1637 καὶ
501 1585 639 1656 πρὸς
684 1585 885 1657 ἑαυτὴν
930 1587 1329 1659 διαφερομένην
1372 1588 1756 1658 εἰσηγήσαντο,
1803 1582 1937 1636 ἀλλά

357 1672 458 1735 τὰς
501 1673 782 1744 ἐνεργείας
821 1675 994 1746 αὐτῆς
1025 1677 1090 1729 ἐκ
1133 1675 1242 1728 τῶν
1271 1674 1563 1746 ὁρωμένων
1590 1669 1935 1742 ὑπέγραψαν,

2044 663 2147 719 bus
2201 662 2368 729 ﬁunt,
2414 663 2483 718 ad
2528 678 2691 733 quem
2744 678 2870 718 vere
2918 664 3208 734 pertinent.
3261 663 3622 736 Aggredietur

2043 756 2280 812 fortasse
2328 755 2681 811 introducere
2719 755 3034 811 mistionem
3084 757 3280 812 animae
3317 773 3441 811 cum
3488 772 3620 810 con-

2042 851 2227 906 trariis
2267 865 2429 921 quam
2482 848 2797 919 suspicatus
2836 857 2940 903 est.
2986 846 3114 903 Sive
3158 849 3275 919 ipsa
3317 850 3497 903 anima
3547 850 3621 903 sit

2044 942 2360 1012 μονοειδής,
2398 941 2451 996 id
2504 948 2607 1005 est,
2667 939 2932 1011 simplicis
2981 951 3036 995 et
3092 940 3254 995 unius
3309 939 3498 996 formae
3550 955 3619 994 ex

2040 1032 2185 1086 bono
2239 1031 2382 1101 apud
2426 1031 2632 1101 ipsum,
2687 1030 2801 1085 sive
2843 1044 2909 1084 ex
2954 1028 3352 1098 compositione
3398 1037 3618 1082 contra-

2042 1106 2246 1174 riorum
2277 1136 2344 1175 ex
2373 1127 2528 1190 parte
2570 1120 2691 1189 ejus
2735 1118 2882 1190 quod
2922 1126 3007 1174 est
3048 1119 3195 1173 bono
3237 1117 3615 1183 contrarium;

2042 1208 2203 1264 facile
2265 1208 2567 1264 secundum
2625 1209 2731 1264 hoc
2810 1209 3036 1279 impium
3092 1207 3508 1263 fundamentum
3564 1215 3619 1261 et

2043 1301 2374 1372 principium
2425 1301 2956 1357 demonstrabuntur
2994 1301 3138 1355 mala
3173 1317 3295 1372 quae
3335 1301 3488 1354 ﬁunt.
3522 1299 3619 1355 Est

2042 1394 2208 1465 igitur
2262 1395 2444 1449 anima
2501 1410 2700 1465 expers
2747 1393 3031 1464 corporis,
3081 1408 3204 1462 qua:
3257 1392 3411 1447 nullo
3457 1402 3617 1462 pacto

2040 1486 2491 1556 compositionem
2533 1486 2830 1542 secundum
2886 1486 3270 1550 substantiam,
3313 1486 3615 1556 praesertim

2041 1578 2485 1644 contrariorum,
2548 1577 2763 1648 recipit.
2823 1577 2927 1644 Qui
2972 1576 3117 1631 enim
3155 1574 3258 1630 visi
3314 1583 3443 1631 sunt
3494 1590 3614 1629 eam

2042 1684 2395 1739 componere,
2432 1684 2543 1724 non
2576 1669 2944 1724 substantiam
2976 1667 3184 1721 variam
3216 1676 3271 1722 et
3305 1681 3335 1720 a
3369 1682 3429 1721 se
3462 1665 3616 1720 diﬁ‘e-

2040 1771 2247 1816 rentem
2295 1762 2744 1827 introduxerunt,
2786 1763 2882 1819 sed
2917 1763 3266 1834 operationes
3292 1761 3513 1830 ejus.ex
3546 1760 3615 1814 iis

2043 1868 2165 1922 qua:
2210 1854 2486 1918 videntur,
2542 1854 2989 1924 descripserunt,
3044 1869 3170 1908 cum
3222 1868 3330 1908 non
3390 1858 3616 1923 possent

1964 1923 2006 1979 Β
2038 1950 2324 1997 exstruere
2361 1958 2523 1997 unam
2561 1944 2865 2014 simplicem
2896 1943 3270 1999 deﬁnitionem
3318 1958 3426 2013 qua
3465 1957 3616 1999 cem-

2039 2032 2492 2101 prehenderetur.

357 1764 455 1817 ἕνα
486 1764 641 1833 λόγον
674 1765 880 1820 ἁπλοῦν
910 1768 1005 1821 καὶ
1054 1762 1448 1840 περιληπτικόν
1491 1766 1662 1837 αὐτῆς
1707 1764 1938 1834 ποιήσα-

357 1856 481 1912 σθαι
516 1857 591 1929 μὴ
614 1858 947 1929 δυνηθέντες.

810 2165 942 2223 CAP.
980 2164 1192 2222 XXVII.
1235 2139 1381 2221 δίηὶιε
1404 2164 1650 2235 procedat
1686 2165 1878 2221 animo:
1906 2177 2194 2236 peccatum.
2224 2167 2381 2225 Ratio
2409 2178 2597 2239 pra'est
2620 2170 2760 2225 vitiis
2790 2179 2839 2224 et
2872 2168 3173 2224 virtutibus.

429 2286 490 2340 Et
517 2284 622 2357 γὰρ
657 2285 750 2338 καὶ
778 2288 898 2349 ταῖς
936 2285 1212 2358 διαφόροις
1247 2284 1526 2355 ποιότησιν
1569 2282 1632 2347 ἃς
1675 2284 1928 2354 ἐπεδέχε-

2107 2288 2225 2346 Etsi
2273 2292 2417 2346 enim
2468 2290 2636 2346 variis
2677 2285 3035 2359 qualitatibus
3085 2295 3227 2353 quas
3271 2279 3407 2334 alias
3457 2277 3615 2333 aliter

355 2396 447 2432 ται
505 2377 693 2432 ἄλλοτε
738 2377 932 2441 ἄλλως,
983 2377 1299 2450 διαφέρεται
1346 2376 1481 2447 πρὸς
1527 2375 1746 2446 ἑαυτὴν,
1791 2376 1933 2445 ὅμως

2038 2381 2252 2450 recipit,
2288 2395 2319 2435 a
2359 2397 2418 2436 se
2439 2380 2618 2436 diﬁert
2650 2396 2665 2447 ;
2697 2386 2878 2432 tamen
2916 2371 3215 2430 secundum
3250 2367 3613 2424 substantiam

356 2472 475 2523 κατ’
517 2468 704 2523 οὐσίαν
749 2468 908 2540 ἔργον
951 2468 1270 2539 ὑπάρχουσα
1304 2467 1399 2520 τοῦ
1428 2466 1585 2530 Θεοῦ,
1628 2466 1933 2538 ἀμετάϐλη-

2047 2486 2159 2542 ιιιεε
2191 2488 2329 2542 opus
2368 2472 2463 2527 Dei
2511 2478 2616 2535 est,
2659 2466 3016 2525 immutabilis
3043 2477 3151 2530 est,
3202 2473 3258 2517 et
3303 2475 3414 2516 non
3464 2473 3617 2513 com-

354 2558 447 2621 τός
475 2557 535 2610 τέ
564 2559 700 2623 ἐστι,
739 2558 831 2610 καὶ
858 2557 958 2610 οὐκ
997 2557 1062 2611 ἐκ
1101 2556 1371 2628 διαφόρων
1416 2555 1733 2625 σύγκειται·
1772 2557 1933 2623 ,ἐναν-

2042 2565 2264 2633 ponitur
2302 2579 2372 2618 ex
2412 2562 2688 2630 diversis;
2726 2575 2756 2614 a
2795 2555 3095 2615 contrariis
3122 2561 3305 2607 tamen
3343 2548 3617 2605 mistioni—

355 2649 486 2703 τίων
518 2648 699 2720 μέντοι
745 2649 994 2720 κράσεων
1028 2647 1283 2702 τοσοῦτον
1328 2648 1659 2719 ἀφέστηκεν,
1692 2646 1814 2700 ὅσον
1848 2647 1933 2700 καὶ

2040 2654 2145 2710 bus
2196 2662 2409 2709 tantum
2467 2655 2645 2718 abest,
2697 2663 2758 2707 ut
2805 2652 2925 2721 ipsa
2980 2664 3079 2720 per
3133 2661 3192 2703 se
3242 2657 3445 2715 corpus
3493 2654 3618 2695 esse

355 2740 448 2796 τοῦ
472 2742 593 2795 καθ’
629 2741 824 2813 ἑαυτὴν
866 2741 1025 2813 σῶμα
1057 2737 1196 2796 εἶναι
1240 2741 1436 2795 δοκεῖν.
1470 2740 1662 2811 Θῶμεν
1695 2741 1751 2794 δὲ
1797 2741 1933 2795 κατά

2040 2746 2313 2802 videatur.
2366 2745 2645 2801 Ponamus
2704 2744 2892 2814 igitur,
2953 2747 3015 2797 ut
3074 2739 3167 2794 ille
3225 2736 3509 2798 mentitur,
3569 2731 3619 2787 si

355 2834 453 2906 τὴν
482 2835 687 2889 ἐκείνου
719 2835 1090 2904 ψευδολογίαν,
1133 2835 1249 2904 είγε
1283 2835 1377 2888 καὶ
1407 2834 1562 2887 τοῦτο
1593 2832 1770 2903 λέγειν
1807 2834 1933 2885 ἐπι-

2036 2839 2259 2910 quidem
2301 2839 2407 2895 hoc
2445 2838 2631 2894 dicere
2665 2836 3034 2908 aggrediatur,
3081 2847 3206 2888 esse
3244 2830 3459 2887 scilicet
3497 2827 3618 2880 ani-

354 2926 584 2998 χειροίη,
609 2928 685 2991 ὡς
711 2928 803 2981 καὶ
829 2928 863 2998 ἡ
890 2926 1037 2999 ψυχὴ
1071 2926 1165 2980 τοῦ
1200 2925 1489 2999 ἀνθρώπου
1515 2926 1845 2996 συνέστηκεν
1874 2922 1933 2989 ἐξ

2036 2948 2180 2987 mam
2206 2932 2445 2987 hominis
2475 2930 2832 3000 compositam
2863 2943 2931 2983 ex
2962 2927 3107 2981 bono
3143 2930 3198 2979 et
3237 2921 3402 2987 malo,
3428 2934 3614 2974 nonne

352 3015 561 3086 ἀγαθοῦ
601 3018 694 3072 καὶ
743 3019 915 3073 κακοῦ
940 3036 955 3050 ο
1000 3019 1121 3090 οὐχὶ
1162 3019 1224 3072 τὸ
1276 3018 1377 3089 μὲν
1421 3018 1727 3087 λογιστικὸν
1765 3017 1933 3088 αὐτῆς

2034 3023 2182 3094 quod
2230 3024 2285 3079 in
2327 3038 2393 3078 ea
2439 3030 2525 3079 est
2562 3022 2838 3094 particeps
2869 3018 3122 3082 rationis,
3154 3015 3410 3088 opinione
3452 3011 3614 3068 istius

330 3104 476 3162 ’κατ’
513 3111 719 3164 ἐκεῖνον
759 3108 1048 3164 ἀναθετέον
1080 3109 1159 3181 τῷ
1202 3109 1413 3180 ἀγαθῷ,
1452 3110 1514 3163 τὸ
1559 3109 1603 3163 δ’
1649 3109 1933 3179 ἀλόγιστον

2035 3118 2448 3175 attribuendum
2486 3125 2571 3174 est
2619 3117 2762 3172 bono
2786 3155 2800 3179 ,
2833 3115 2887 3171 id
2927 3123 3033 3178 est,
3084 3111 3239 3179 Deo;
3293 3108 3441 3181 quod
3484 3122 3616 3163 vero

353 3201 439 3270 εἴη
467 3204 533 3273 τῇ
565 3203 763 3276 κακίᾳ;
793 3204 973 3276 δῆλον,
999 3203 1075 3266 ὡς
1102 3202 1255 3256 οὐδὲν
1277 3200 1344 3255 ἂν
1371 3201 1558 3273 ἕτερον
1597 3203 1771 3254 εἰπεῖν
1797 3200 1929 3271 ἔχοι.

2039 3213 2251 3266 ratione
2287 3217 2458 3274 caret,
2502 3206 2795 3279 nequitiae?
2843 3206 3036 3274 liquet,
3083 3202 3222 3258 nihil
3265 3200 3412 3255 aliud
3452 3212 3616 3270 posse

352 3293 462 3365 Τῆς
494 3294 672 3349 τοίνυν
704 3296 997 3366 ἐπιθυμίας
1021 3294 1348 3365 κινουμένης
1393 3293 1679 3365 σφαλερῶς
1717 3292 1828 3347 εἴτε
1864 3295 1930 3347 ἐκ

2040 3302 2248 3361 dicere.
2311 3300 2562 3356 Excitata
2619 3314 2751 3370 ergo
2816 3295 3072 3367 (lubrica)
3142 3294 3444 3364 cupiditate
3498 3290 3616 3347 sive

355 3385 516 3454 μόνου
543 3383 637 3438 τοῦ
666 3384 933 3456 σώματος,
960 3385 1068 3438 εἴτε
1113 3385 1205 3439 καὶ
1246 3383 1435 3438 ἐκςτοῦ
1460 3386 1834 3455 προσήκοντος
1858 3386 1925 3455 τῇ

352 3476 518 3547 κακίᾳ
546 3477 740 3549 μέρους
765 3476 866 3546 τῆς
905 3476 1101 3547 ψυχῆς,
1142 3472 1231 3548 ἆρ’
1278 3475 1583 3547 αὐτόματος
1626 3474 1927 3548 πρόεισινή

352 3567 550 3637 πρᾶξις
570 3585 585 3634 ;
609 3568 741 3639 Οὐχὶ
779 3568 838 3621 δὲ
873 3568 1062 3638 φθάνει
1094 3569 1192 3639 μὲν
1222 3568 1280 3620 ἐν
1313 3566 1584 3639 ἀνθρώπῳ
1615 3566 1809 3637 σκέψις
1838 3567 1932 3620 καὶ

354 3658 539 3730 βουλὴ,
576 3659 763 3712 ἔπειτα
801 3661 998 3732 κρίσις,
1028 3661 1121 3713 καὶ
1160 3659 1369 3731 αἵρεσις
1397 3660 1496 3730 τῆς
1517 3658 1789 3728 πράξεως,
1836 3658 1931 3711 καὶ

350 3748 522 3813 οὕτως
560 3753 639 3815 είς
682 3751 900 3825 ἔργονὴ
942 3752 1203 3823 ἐπιθυμία
1247 3750 1931 3824 προφέρεται;Ἔγκλημα

350 3841 408 3895 δὲ
436 3844 634 3908 κακίας
662 3846 726 3897 ἐκ
747 3845 845 3915 τῆς
876 3844 1148 3916 πράξεως,
1171 3845 1274 3898 οὐκ
1308 3847 1373 3899 ἐκ
1394 3845 1494 3915 τῆς
1528 3844 1824 3915 ἐπιθυμίας
1848 3846 1932 3914 γί-

350 3950 539 4002 γνεται
563 3951 576 3964 ·
610 3935 709 3999 ὡς,
754 3937 804 3988 εί
847 3936 1058 4007 μένειεν
1094 3937 1187 3989 ἐπὶ
1223 3935 1407 4007 χώρας
1444 3935 1802 4008 ήένθύμησις
1833 3938 1932 4008 τῆς

351 4025 647 4098 ἐπιθυμίας
670 4029 751 4092 εἰς
774 4027 932 4099 ἔργον
958 4031 1024 4099 τῇ
1054 4028 1262 4101 αἱρέσει
1287 4027 1382 4083 τοῦ
1411 4028 1673 4100 λογισμοῦ
1706 4028 1779 4099 μὴ
1807 4046 1932 4100 προ-

353 4119 527 4185 ιοῦσα,
557 4120 771 4191 πρῶτον
798 4122 896 4192 μὲν
925 4123 993 4176 ἂν
1020 4121 1325 4193 ἁρπασθείη
1353 4121 1565 4186 θᾶττον,
1591 4120 1945 4192 ἐξαπτομέντγ

350 4227 410 4264 τε
437 4211 554 4282 ἃμα
583 4212 678 4265 καὶ
708 4211 1041 4285 σϐεννυμένη
1059 4227 1072 4241 ⁸
1097 4212 1284 4265 ἔπειτα
1310 4211 1563 4283 οὐδαμῶς
1588 4211 1655 4266 ἂν
1679 4211 1931 4283 ἔγκλημα

334 4301 654 4373 νομισθείη,
689 4303 750 4354 ού
785 4304 945 4373 μόνον
976 4303 1175 4369 κοινὸν,
1205 4303 1320 4357 ἀλλ’
1351 4303 1473 4357 οὐδὲ
1501 4302 1643 4356 κατὰ
1672 4303 1735 4356 τὸ
1761 4303 1932 4375 ἀκρον

350 4390 452 4462 τῆς
475 4393 676 4462 ἀρετῆς
708 4395 756 4446 εί
789 4393 1045 4464 κρίνοιτο.

421 4482 672 4535 Φαίνεται
696 4482 875 4537 τοίνυν
903 4482 980 4552 τῷ
1004 4483 1205 4555 λογικῷ
1224 4484 1323 4555 τῆς
1339 4482 1518 4555 ψυχῆς
1541 4484 1774 4553 εὐλόγως
1801 4484 1929 4537 ἀνα-

2035 3411 2102 3450 ex
2147 3409 2400 3465 corpore,
2441 3395 2556 3448 sive
2599 3407 2667 3447 ει
2715 3406 2778 3448 ea
2827 3396 2983 3462 parte
3023 3386 3223 3442 animae
3251 3400 3373 3456 quae
3412 3384 3480 3439 ad
3516 3399 3613 3439 ne-

2034 3487 2266 3557 quitiam
2310 3485 2566 3555 pertinet,
2607 3498 2675 3539 an
2719 3482 2947 3537 fortuito
2987 3479 3135 3534 actio
3166 3476 3386 3549 prodit?
3417 3474 3614 3530 Nonne

2033 3579 2408 3651 antegreditur
2440 3578 2495 3632 in
2526 3576 2746 3633 homine
2782 3571 3152 3630 consideratio
3195 3579 3252 3627 et
3292 3567 3608 3634 consilium,

2032 3669 2230 3727 deinde
2271 3669 2540 3741 judicium
2582 3675 2638 3724 et
2677 3666 2873 3723 electio
2902 3662 3159 3727 actionis,
3198 3671 3363 3731 atque
3396 3660 3471 3714 ita
3507 3658 3608 3715 de-

2034 3762 2296 3817 siderium
2325 3763 2390 3815 ad
2424 3761 2676 3817 eﬂ‘ectum
2702 3756 3056 3831 perducitur?
3080 3754 3304 3811 Crimen
3339 3766 3470 3807 vero
3508 3763 3608 3805 ne-

2033 3852 2222 3924 quitiae
2258 3868 2326 3909 ex
2367 3852 2605 3917 actione,
2646 3865 2757 3907 non
2801 3865 2870 3905 ex
2909 3846 3183 3905 desiderio
3207 3841 3514 3904 conﬂatur;
3547 3847 3607 3895 ut

2034 3945 2083 4000 si
2127 3950 2345 4000 maneat
2389 3945 2444 3998 in
2485 3944 2607 3998 loco
2651 3941 2911 4013 cogitatio
2951 3938 3212 3995 desiderii
3250 3952 3361 3992 non
3390 3948 3615 4006 progre-

2034 4037 2190 4093 diens
2233 4038 2302 4093 ad
2334 4053 2474 4108 opus
2512 4052 2611 4108 per
2646 4036 2969 4092 electionem
3002 4031 3176 4103 partis
3208 4026 3608 4092 ratiocinantis,

2032 4128 2271 4200 primum
2302 4127 2521 4198 quidem
2553 4128 2666 4182 cito
2706 4131 2885 4195 potest
2918 4122 3172 4177 desinere
3212 4120 3498 4175 incensum
3535 4116 3613 4171 si-

2037 4222 2147 4276 mul
2188 4227 2246 4276 et
2290 4220 2622 4275 exstinctum
2661 4237 2675 4273 :
2708 4216 2907 4272 deinde
2952 4225 3298 4283 nequaquam
3334 4208 3613 4266 existima-

2032 4314 2183 4368 bitur
2228 4313 2461 4375 crimen,
2499 4327 2610 4366 non
2656 4310 2835 4365 solum
2876 4319 3190 4366 commune,
3225 4302 3322 4358 sed
3353 4315 3530 4371 neque
3559 4299 3607 4354 si

2027 4403 2307 4474 iudicetur
2340 4401 2641 4458 secundum
2677 4413 2952 4455 summum
2981 4394 3220 4452 virtutis.

2104 4494 2343 4564 Apparet
2429 4493 2595 4564 igitur
2652 4497 2878 4562 peccata
2935 4488 3328 4544 convenienter
3383 4480 3605 4547 rationi,

351 4573 610 4645 τιθέμενα
639 4573 709 4627 τά
742 4575 1129 4646 ἁμαρτήματα,
1160 4577 1254 4629 καὶ
1280 4575 1407 4629 οὔτε
1438 4575 1517 4648 τῷ
1548 4576 1778 4648 σώματι,
1807 4573 1929 4629 οὕτε

2034 4585 2175 4656 parti
2224 4585 2421 4639 anima:
2473 4583 2705 4639 rationis
2746 4581 2998 4653 participi
3047 4579 3326 4650 assignata
3381 4589 3505 4632 esse
3553 4581 3610 4628 et

351 4665 498 4737 ἄλλῳ
532 4667 689 4738 μέρει
721 4668 831 4720 τινὶ
862 4666 1066 4737 ταύτης
1090 4682 1105 4697 ·
1151 4668 1228 4732 ὡς
1259 4669 1351 4723 τὸν
1392 4670 1491 4741 μὲν
1523 4670 1805 4739 ἀλόγιστον
1833 4687 1931 4724 κα-

351 4759 478 4814 κίαν
508 4757 853 4830 ἀπηλλάχθαι
883 4757 985 4829 τῆς
1023 4758 1202 4823 αἰτίας
1247 4759 1357 4814 τῶν
1398 4764 1530 4833 παρ’
1558 4763 1690 4833 ἡμῖν
1721 4763 1928 4829 κακῶν,

350 4853 447 4908 ἀτε
483 4852 619 4923 μηδὲ
653 4851 1025 4922 ὑπάρχουσαν,
1059 4852 1391 4907 κινδυνεύειν
1415 4852 1472 4906 δὲ
1498 4853 1636 4907 κατὰ
1670 4853 1760 4906 τὸν
1788 4855 1931 4907 ἐκεί-

348 4962 442 4998 νου
476 4944 633 5012 λόγον
662 4946 727 4996 ἐκ
759 4943 857 5013 τῆς
906 4942 1122 5014 μερίδος
1161 4944 1398 5013 τάγαθοῦ
1442 4943 1615 4998 ταῦτα
1661 4945 1933 5016 προφέρε-

353 5036 516 5089 σθαι·
543 5036 600 5089 εἴ
636 5052 700 5104 γε
731 5034 805 5106 μὴ
847 5035 1018 5106 ἑτέρῳ
1047 5035 1394 5106 χρησαίμεθα
1441 5034 1728 5105 φιλαλήθει
1762 5034 1925 5105 λόγῳ.

352 5128 416 5181 Et
469 5129 564 5199 μὲν
613 5128 743 5200 γὰρ,
789 5130 863 5201 μὴ
903 5127 1335 5196 διαγινώσκουσα
1384 5130 1483 5199 τὴν
1520 5128 1779 5199 ποιότητα
1830 5129 1929 5199 τῆς

352 5217 662 5287 ἐπιθυμίας,
689 5220 782 5275 ἐπὶ
807 5218 904 5290 τὴν
930 5217 1127 5291 πρᾶξιν
1149 5218 1446 5287 ἀλογίστως
1475 5217 1672 5289 ἐχώρει
1702 5219 1735 5288 ἡ
1760 5217 1926 5288 ψυχὴν

351 5310 730 5383 διισχυρίσαιτ’
762 5312 830 5367 ἀν
871 5328 976 5375 τις,
1021 5311 1097 5376 ὡς
1143 5313 1208 5364 ἐκ
1252 5311 1345 5364 τοῦ
1394 5312 1681 5380 ἀλογίστου
1732 5310 1929 5381 μέρους

353 5402 581 5474 φέρεται
620 5404 688 5458 τὰ
723 5406 1045 5478 παραλόγως
1087 5404 1469 5475 πραττόμενα·
1503 5406 1553 5457 εἰ
1585 5404 1643 5458 δὲ
1672 5405 1929 5468 πολλάκις

350 5496 515 5561 αὐτὸς
538 5497 567 5548 ὁ
592 5496 848 5569 λογισμὸς
874 5500 950 5568 πὴ
984 5499 1366 5571 μὲνιαίρεῖται,
1396 5498 1471 5561 ὡς
1504 5499 1929 5553 ὑποκατακλινό-

355 5608 515 5663 μενος
566 5590 709 5644 ἐκὼν
758 5593 945 5664 ἀγωγῇ
996 5593 1197 5664 φαύλῃ,
1248 5593 1348 5664 τὴν
1393 5592 1710 5663 ἐπιθυμίαν,
1747 5594 1822 5663 πὴ
1872 5593 1928 5647 δὲ

352 5685 699 5752 παραιτεῖται
744 5684 924 5747 πάλιν,
961 5685 1089 5737 ὃταν
1133 5685 1296 5755 φόϐος
1329 5685 1490 5739 αὐτὸν
1518 5685 1766 5739 ὁστισοῦν
1794 5685 1926 5738 ἀνα-

353 5772 555 5844 στείλῃ,
592 5774 624 5845 ἦ
668 5774 929 5845 ἐπιθυμία
974 5777 1101 5844 γοῦν
1136 5778 1336 5847 ἀρετῆς
1385 5776 1749 5847 ἀνθελκούσης
1792 5776 1926 5847 πρὸς

353 5859 549 5936 ἑαυτήν
575 5881 589 5896 ⁸
644 5864 822 5935 δῆλον,
871 5860 944 5932 ὡς
1003 5870 1030 5921 ὁ
1082 5868 1334 5939 λογισμός
1384 5871 1529 5924 ἐστιν
1578 5872 1605 5924 ὁ
1662 5870 1817 5941 μόνος
1850 5872 1927 5924 οἰ-

2034 4676 2293 4745 ascripta,
2325 4684 2380 4730 et
2420 4690 2530 4729 non
2574 4674 2814 4744 corpori,
2855 4686 2955 4727 nec
3006 4670 3099 4726 ulli
3129 4670 3221 4724 alii
3255 4666 3400 4739 parti
3445 4665 3611 4735 hujus

2034 4769 2249 4823 animae.
2282 4766 2356 4823 Ut
2387 4766 2633 4837 nequitia
2671 4763 2896 4836 quidem
2938 4760 3375 4819 ratiocinationis
3412 4771 3610 4828 expers

2033 4862 2260 4916 liberata
2297 4862 2370 4915 sit
2411 4874 2443 4913 a
2483 4859 2645 4928 culpa
2677 4868 2842 4928 atque
2882 4855 3236 4912 accusatione
3270 4866 3459 4908 eorum
3489 4864 3608 4903 ma-

2031 4954 2210 5007 lorum
2256 4968 2377 5023 quae
2411 4950 2556 5021 apud
2608 4965 2711 5005 nos
2747 4960 2910 5012 sunt,
2945 4947 3149 5018 quippe
3179 4961 3303 5000 cum
3341 4959 3444 4999 nec
3489 4942 3607 5011 ipsa

2031 5051 2231 5108 exstet,
2272 5044 2673 5112 videanturque
2711 5042 2827 5097 haec
2866 5041 3170 5097 secundum
3200 5049 3505 5095 sermonem
3541 5034 3609 5088 il-

2032 5137 2160 5202 lius,
2185 5151 2252 5191 ex
2284 5144 2437 5205 parte
2481 5133 2574 5188 Dei
2610 5134 2878 5204 depromi,
2917 5134 3043 5188 licet
3078 5132 3229 5187 nulla
3257 5130 3363 5184 alia
3397 5127 3610 5182 ratione

2032 5244 2162 5286 vera
2213 5236 2511 5283 uteremur.
2567 5226 2624 5281 Si
2687 5226 2833 5282 enim
2899 5227 3084 5280 anima
3128 5240 3236 5279 non
3286 5222 3607 5278 discernens

2032 5322 2353 5392 qualitatem
2387 5319 2726 5391 cupiditatis,
2758 5318 2824 5372 ad
2852 5318 3122 5372 actionem
3154 5316 3273 5370 sine
3295 5314 3405 5368 ulla
3438 5311 3609 5365 ratio-

2031 5415 2306 5470 cinatione
2350 5412 2705 5484 procederet:
2750 5409 3021 5464 aﬁirmare
3062 5409 3188 5478 quis
3232 5413 3437 5477 posset,
3487 5421 3611 5475 quas

2033 5506 2439 5563 inconsiderate
2485 5519 2550 5558 ac
2597 5514 2793 5574 praeter
2831 5502 3095 5555 rationem
3142 5500 3299 5561 ﬁunt,
3334 5514 3398 5553 ex
3458 5505 3611 5567 parte

2031 5597 2261 5652 rationis
2305 5602 2528 5664 experte
2559 5595 2828 5665 depromi.
2861 5592 2955 5647 Sin
2999 5600 3181 5646 autem
3234 5605 3610 5660 saepenumero

2032 5689 2173 5742 ratio
2217 5687 2335 5756 ipsa
2376 5686 2488 5753 jam
2534 5686 2686 5757 eligit
2726 5684 3101 5755 cupiditatem,
3143 5693 3401 5751 tanquam
3445 5695 3610 5749 prava

2033 5780 2378 5834 institutione
2457 5777 2594 5832 ﬂexa
2650 5777 2863 5841 libens,
2911 5778 3022 5845 jam
3077 5789 3267 5829 rursus
3318 5771 3562 5842 repudiat
3594 5811 3609 5833 .

2031 5886 2159 5927 cum
2206 5870 2405 5940 aliquis
2446 5879 2625 5928 metus
2666 5886 2785 5928 eam
2831 5871 3101 5935 refrenat,
3141 5876 3233 5925 aut
3277 5864 3629 5925 desideriuzn‘
