4100 6436
401 430 536 489 “09

1494 434 1868 494 ADVERSUS
1910 434 2332 493 MANICHEOS
2372 434 2500 490 LIB.
2542 433 2584 488 Ι.

3518 427 3652 482 Illo

396 535 488 600 atrii.
530 546 827 618 καρτερίαν
869 542 1336 619 ἐπιδεικνύμενος·
1386 547 1629 623 εὔδηλον,
1672 552 1749 616 ὡς
1781 555 1840 607 οὑ
1884 555 1974 610 διά

2083 563 2218 620 tans,
2251 554 2421 623 liquet
2454 567 2564 605 non
2599 563 2721 604 esse
2751 556 2973 618 propter
3003 560 3144 616 opus
3179 543 3530 603 laudandum.
3560 541 3654 596 sed

394 639 456 691 τὸ
483 637 645 710 ἔργον
671 639 736 693 ἂν
759 640 985 704 εἰκότως
1013 641 1345 714 έπαινεθείη,
1380 643 1470 697 διὰ
1493 643 1550 699 δὲ
1585 645 1677 699 τὸν
1713 646 1837 700 νοῦν
1861 648 1970 700 τῶν

398 732 788 804 πραττομένων
835 733 1084 807 ψεχθείη.
1131 735 1204 787 Οὐ
1245 734 1351 806 μὴν
1395 735 1508 790 ἀλλ’
1562 738 1614 790 εί
1665 755 1750 802 τις
1788 739 1972 807 ἕτερος

399 825 727 895 σωφρονοίη,
749 825 842 878 καὶ
864 826 972 879 τῶν
993 843 1057 895 γε
1086 827 1344 882 πλειόνων
1369 829 1669 901 ὲπιθυμιῶν
1695 831 1971 902 ἀπέχοιτο,

397 917 458 969 ού
517 915 670 986 πόθῳ
728 917 828 988 τῆς
879 917 1121 988 ἀρετῆς,
1173 919 1346 989 φειδοῖ
1377 919 1434 973 δὲ
1491 922 1817 992 χρημάτων·
1873 924 1974 976 οὐκ

397 1007 637 1080 εὔδηλον,
670 1010 745 1073 ὼς
766 1011 794 1062 6
821 1010 1061 1074 τοιοῦτος
1081 1011 1169 1064 διὰ
1195 1012 1364 1077 πάθος
1392 1013 1579 1068 παθῶν
1605 1015 1805 1087 ἑτέρων
1839 1033 1975 1086 κρα-

397 1103 500 1163 τεῖ,
527 1101 696 1171 αὐτὴν
722 1101 784 1172 δὴ
813 1101 911 1172 τὴν
943 1102 1085 1155 κατά
1109 1105 1170 1156 τὸ
1195 1105 1513 1175 φαινόμενον
1533 1106 1831 1179 καρτερίαν
1853 1107 1974 1161 ἀντὶ

398 1193 595 1256 κακίας
621 1191 697 1263 τῷ
721 1193 906 1263 σκοπῷ
936 1194 1365 1266 μετερχόμενος;

468 1363 530 1417 Εἰ
549 1365 730 1418 τοίνυν
755 1364 1014 1430 πολλάκις
1037 1366 1128 1422 καὶ
1153 1367 1221 1421 τὰ
1243 1368 1574 1440 νομιζόμενα
1590 1370 1737 1424 κακὰ
1765 1373 1828 1442 τῇ
1857 1372 1973 1425 δια-

396 1456 514 1527 νοίᾳ
529 1456 622 1508 τοῦ
642 1457 971 1528 πράττοντος
1000 1458 1181 1527 ἀγαθὰ
1199 1460 1575 1530 ἀναφαίνεται,
1654 1463 1785 1534 μηδὲ
1805 1464 1970 1532 κακὰ,

399 1549 492 1600 καὶ
509 1549 818 1602 τούναντίον
839 1549 908 1602 τὰ
927 1550 1020 1602 ἐπὶ
1035 1551 1095 1603 τὸ
1118 1550 1326 1621 βέλτιον
1342 1553 1721 1625 ὑπειλημμένα
1737 1555 1812 1619 ὡς
1829 1556 1975 1609 κακά

396 1637 728 1707 διελέγχεται
755 1643 818 1711 τῇ
848 1641 1056 1712 αἱρέσει
1084 1645 1178 1696 καὶ
1212 1643 1290 1713 τῷ
1329 1644 1516 1716 σκοπῷ
1541 1645 1636 1698 τοῦ
1668 1647 1970 1716 μετιόντος·

397 1729 481 1792 τίς
511 1730 576 1784 ἂν
611 1729 690 1784 ἔτι
719 1731 904 1786 λοιπὸν
931 1734 1234 1804 ἀντιλέγειν
1267 1736 1402 1806 ἔχοι,
1427 1737 1502 1801 ὡς
1534 1737 1633 1808 οὐχ
1662 1741 1717 1790 αἱ
1749 1739 1976 1809 πράξεις

397 1821 472 1884 ὡς
512 1823 606 1876 ἐπὶ
632 1824 764 1877 πολὺ
797 1825 951 1897 παρά
977 1843 1039 1895 γε
1065 1830 1129 1898 τῇ
1157 1827 1385 1900 ἀληθείᾳ
1425 1828 1830 1900 δοκιμάζονται,
1863 1831 1891 1882 6
1919 1829 1976 1882 δὲ

395 1911 520 1978 νοῦς
546 1917 662 1968 ἐστι
690 1916 798 1970 τῶν
828 1919 1215 1989 πραττομένων
1247 1922 1275 1974 ὁ
1302 1919 1757 1992 βασανιζόμενος;

467 2093 602 2145 Ποῖα
621 2093 798 2146 τοίνυν
825 2094 962 2168 ἔργα
986 2099 1058 2174 τῇ,
1074 2097 1242 2170 κακίᾳ
1271 2097 1632 2169 λογιούμεθα;
1667 2098 1732 2152 τὰ
1759 2097 1976 2152 δοκοῦν.

396 2202 465 2238 τα
493 2182 629 2241 εἶναι
663 2189 828 2252 κακὰ,
861 2190 1004 2261 άπερ
1033 2193 1179 2246 ἐστὶν
1211 2193 1411 2262 ἀγαθὰ,
1427 2194 1514 2247 ὅτε
1543 2194 1746 2265 ἀρετῆς
1773 2193 1978 2264 διανοίᾳ

398 2278 730 2348 πράττεταις
764 2284 898 2336 Ποῖα
935 2283 990 2336 δὲ
1021 2284 1098 2354 τῷ
1123 2285 1312 2357 ἀγαθῷ
1342 2285 1718 2357 ἀναθήσομεν;
1751 2284 1821 2337 τὰ
1847 2301 1974 2353 φαιο

397 2369 596 2440 νόμενα
625 2373 824 2440 ἀγαθὰ,
863 2372 1006 2445 ἅπερ
1046 2374 1288 2447 λογισμῷ
1318 2375 1462 2430 κακά
1498 2377 1738 2444 γίνεται;
1767 2374 1976 2428 Οὐκοῦν

397 2462 688 2533 ἀποτόμως
719 2465 973 2536 οὐδέτερα
999 2467 1287 2538 οὐδετέρῳ·
1311 2467 1469 2537 μόνον
1499 2467 1556 2520 δὲ
1580 2466 1642 2520 τὸ
1668 2465 1974 2535 λογιστικὸν

397 2554 493 2605 καὶ
523 2555 996 2625 ἡγεμονικώτατον
1032 2557 1125 2610 τοῦ
1157 2557 1248 2611 νοῦ
1281 2559 1374 2611 τοῦ
1403 2558 1732 2630 πράττοντος
1770 2558 1977 2629 διακρι-

398 2643 616 2714 νοῦμεν,
653 2646 880 2718 πότερον
911 2648 1085 2720 ὀρθῶς
1135 2649 1398 2721 μετῆλθεν
1438 2652 1471 2723 ἢ
1520 2651 1594 2722 μὴ
1637 2651 1698 2704 τὸ
1740 2650 1978 2722 πραττόο

398 2753 558 2806 μενον
577 2755 589 2767 ·
621 2738 680 2790 τὸ
703 2739 758 2792 δὲ
785 2741 1257 2812 ἡγεμονικώτατον
1286 2744 1387 2813 τῆς
1415 2743 1509 2796 τοῦ
1546 2742 1834 2815 ἀνθρώπου
1864 2743 1978 2796 δια-

396 2830 569 2894 νοίας,
589 2833 670 2885 ὅτι
693 2835 1007 2889 παντάπασι
1039 2840 1282 2909 προσῆκε
1313 2837 1452 2891 κατὰ
1476 2838 1567 2891 τὸν
1593 2836 1800 2892 ἐκείνου
1821 2836 1977 2906 λόγον

394 2924 474 2994 τῷ
503 2924 730 2994 βελτίονι
759 2927 916 3000 μέρει
937 2929 1036 3000 τῆς
1061 2930 1257 3001 ψυχῆς,
1277 2931 1381 2985 κᾶν
1415 2931 1676 3003 μυριάκις
1703 2931 1978 3002 μαίνοιντο

394 3021 443 3070 οἱ
476 3021 541 3072 ἐκ
567 3019 661 3072 τοῦ
691 3022 987 3088 Μάνεντος,
1018 3025 1116 3077 οὐκ
1149 3024 1215 3078 ἂν
1246 3025 1548 3097 ἀρνηθεῖεν.

471 3107 689 3165 Ἀδικον
718 3110 1004 3183 τοιγαροῦν
1036 3112 1314 3175 παντελῶς
1338 3113 1518 3184 κρίσιν
1547 3112 1688 3166 κατὰ
1717 3114 1817 3185 τῆς
1844 3117 1975 3186 παρ’

394 3197 561 3253 αὐτοῦ
593 3202 966 3272 πεποιημένης
997 3201 1128 3273 ὕλης
1162 3203 1474 3272 ἐξενήνοχεν
1521 3204 1548 3255 6
1578 3202 1790 3272 Μάνης,
1827 3205 1976 3257 ἀντι-

395 3292 568 3355 θεὶςᾶ
606 3294 868 3364 μηδαμῶς
902 3297 1038 3365 αὐτῇ
1077 3295 1372 3366 προσῆκεν,
1411 3297 1526 3364 εἴγε
1562 3296 1654 3348 καὶ
1682 3295 1977 3366 ἐτύγχανεν

392 3377 530 3438 οὖσα
583 3385 691 3436 τῶν
769 3386 919 3456 παρά
991 3386 1299 3458 ἀνθρώποις
1353 3387 1741 3458 πραττομένων
1791 3387 1977 3442 αἰτία·

394 3476 705 3530 τούναντίον
731 3477 784 3530 δὲ
813 3478 1012 3548 μᾶλλον
1033 3480 1131 3548 τῆς
1152 3478 1245 3532 τοῦ
1269 3478 1473 3547 ἀγαθοῦ
1502 3478 1716 3550 μερίδος
1743 3479 1978 3548 εὐλόγως

393 3565 464 3620 ἂν
493 3569 808 3640 νομισθείη,
843 3570 955 3638 εἴγε
1003 3571 1258 3634 ἐναντίως
1307 3569 1399 3624 δύο
1437 3570 1580 3634 τινές
1632 3572 1768 3625 εἰσιν
1814 3571 1978 3642 ἀρχαὶ

397 3658 542 3712 κατὰ
565 3660 662 3731 τὴν
689 3662 897 3715 ἐκείνου
925 3661 1143 3731 μανίαν.

2079 656 2302 718 propter
2327 652 2564 700 mentem
2597 656 2759 712 quam
2787 640 2840 694 in
2870 641 2939 694 iis
2962 655 3082 708 quae
3117 637 3247 692 fecit
3293 635 3483 690 habuit
3514 636 3651 686 vitu-

2074 737 2398 809 perandum.
2446 733 2756 801 Quinetiam
2806 732 2849 786 si
2894 731 3019 800 quis
3050 730 3191 783 alius
3221 740 3531 790 temperans
3562 723 3654 783 sit,

2073 845 2128 887 et
2171 847 2200 884 a
2249 829 2438 884 multis
2468 825 2864 890 cupiditatibus
2927 822 3198 877 abstineat
3230 835 3338 873 non
3381 815 3655 871 desiderio

2073 923 2315 988 virtutis,
2349 921 2445 977 sed
2475 927 2536 974 ut
2572 916 2813 988 pecuniae
2842 926 3052 984 parcat.
3105 927 3285 966 annon
3317 911 3450 967 satis
3479 907 3656 963 mani-

2075 1015 2274 1070 festum
2311 1021 2395 1068 est
2436 1013 2585 1066 hunc
2613 1009 2706 1080 qui
2748 1008 2826 1064 sic
2867 1013 2971 1069 est,
2999 1005 3284 1059 atl‘eetione
3339 1001 3654 1058 aﬂectiones

2075 1107 2210 1160 alias
2239 1105 2457 1160 vincere
2480 1143 2493 1166 ,
2546 1104 2718 1172 ipsam
2747 1114 2902 1154 vero
2939 1096 3282 1153 tolerantiam
3337 1093 3514 1164 specie
3560 1107 3655 1146 ex-

2075 1200 2349 1254 trinsecus
2386 1203 2683 1266 apparente
2713 1208 2811 1263 pro
2843 1191 3085 1261 nequitia
3134 1189 3318 1243 animo
3363 1193 3417 1240 et
3453 1199 3654 1254 propo-

2021 1295 2031 1302 ’
2075 1292 2182 1347 sito
2214 1288 2528 1360 suscipere?

2147 1383 2202 1438 Si
2235 1383 2399 1454 igitur
2431 1397 2574 1451 saepe
2597 1395 2718 1449 quae
2749 1393 2913 1448 prava
2941 1376 3347 1438 existimantur,
3379 1390 3443 1429 ex
3475 1371 3656 1426 animo

2077 1475 2329 1531 facientis
2358 1475 2589 1528 honesta
2620 1486 2742 1526 esse
2774 1468 3181 1540 apparent;.vel
3203 1481 3325 1538 quae
3351 1479 3457 1519 non
3490 1478 3655 1534 prava

2075 1567 2482 1626 existimantur,
2517 1564 2612 1620 sed
2665 1571 2860 1618 contra
2895 1563 3080 1633 potius
3133 1560 3360 1614 honesta
3413 1565 3468 1611 et
3514 1556 3656 1609 bona
3717 1633 3719 1636 γ

2078 1666 2359 1730 putantur,
2404 1658 2691 1712 voluntate
2721 1662 2774 1710 et
2807 1653 3091 1725 proposito
3128 1649 3485 1721 suscipientis
3519 1662 3656 1701 con-

2076 1751 2372 1805 vincuntur
2404 1748 2681 1819 nequitiae,
2715 1747 2841 1818 quis
2884 1746 2996 1817 jam
3029 1751 3208 1816 potest
3240 1739 3614 1798 contradicere
3640 1778 3654 1801 ,

2077 1857 2142 1896 ex
2175 1857 2366 1913 magna
2403 1847 2556 1912 parte
2585 1841 2831 1895 actiones
2877 1853 2985 1894 non
3041 1836 3184 1908 apud
3238 1835 3518 1891 veritatem
3570 1847 3660 1886 ex-

2078 1934 2314 2003 plorari;
2346 1944 2579 1988 mentem
2604 1946 2732 1988 vero
2775 1946 2919 1996 esse,
2956 1946 3077 2001 quae
3125 1930 3180 1983 in
3220 1928 3288 1984 iis
3317 1942 3438 1998 quae
3483 1939 3657 1996 agun-

2079 2032 2187 2085 tu-r,
2215 2025 2524 2079 excutitur?

2146 2105 2278 2172 Quae
2301 2106 2464 2177 igitur
2493 2120 2660 2175 opera
2685 2105 3026 2161 ascrihemus
3052 2101 3342 2172 nequitia?
3359 2099 3523 2154 illane
3538 2112 3664 2168 quae

2076 2198 2328 2252 videntur
2353 2199 2513 2262 mala,
2542 2213 2663 2267 quas
2694 2198 2914 2268 quidem
2947 2204 3075 2251 sunt
3103 2195 3268 2256 bona,
3317 2191 3538 2262 quando
3563 2206 3658 2244 ra-

2077 2294 2224 2346 tione
2256 2291 2472 2363 virtutis
2519 2291 2690 2345 ﬁunt?
2746 2292 2877 2357 Quae
2931 2305 3059 2345 vero
3110 2288 3445 2342 asciscemus
3478 2281 3663 2338 bono?

2077 2400 2146 2438 an
2196 2400 2318 2454 quae
2361 2392 2628 2453 apparent
2673 2385 2813 2438 bona
2842 2398 2985 2448 esse,
3019 2397 3140 2453 quae
3185 2379 3403 2450 quidem
3448 2376 3661 2429 ratione

2077 2470 2220 2525 mala
2242 2471 2425 2524 lium?
2453 2471 2625 2541 Igitur
2643 2479 2835 2525 neutra
2860 2471 3038 2526 neutri
3065 2466 3408 2524 solummodo
3432 2483 3444 2518 :
3481 2464 3659 2518 solum

2076 2563 2368 2625 rationem,
2407 2569 2460 2616 et
2508 2563 2652 2634 quod
2685 2563 2740 2616 in
2782 2573 2962 2617 mente
2994 2561 3263 2615 actionem
3297 2553 3651 2626 suscipiontis

2079 2653 2410 2723 praecipuum
2431 2661 2536 2718 est,
2568 2653 3015 2722 dijudicabimus,
3050 2659 3232 2705 utrum
3281 2659 3428 2703 recte
3472 2660 3662 2702 susce-

2078 2746 2179 2816 pit,
2211 2761 2278 2798 an
2308 2761 2488 2801 secus.
2515 2745 2671 2812 Quod
2701 2757 2878 2801 autem
2907 2744 3142 2799 maxime
3188 2741 3482 2814 principale
3510 2753 3663 2792 men-

2076 2840 2146 2896 tis
2178 2839 2414 2894 hominis
2441 2847 2546 2902 est,
2573 2841 2845 2909 pertinere
2883 2839 2950 2893 ad
2979 2837 3256 2892 meliorem
3309 2841 3516 2905 partem
3551 2833 3667 2887 ani-

2077 2945 2213 2992 mae,
2247 2937 2308 2983 ut
2337 2930 2426 2984 ille
2469 2929 2675 2997 tradit,
2727 2929 2853 2984 licet
2909 2928 3120 2984 inﬁnite
3173 2927 3451 2983 insaniant
3486 2923 3662 2979 Mani-

2076 3021 2238 3085 chzei,
2273 3037 2380 3077 non
2409 3029 2642 3092 possunt
2678 3037 2895 3092 negare.

2150 3113 2400 3180 Iniquum
2432 3113 2597 3182 igitur
2637 3111 2904 3182 judicium
2939 3109 3309 3182 pronuntiavit
3335 3107 3666 3163 Manichacus

2075 3211 2268 3258 contra
2300 3204 2582 3259 materiam
2617 3219 2650 3258 a
2694 3219 2753 3260 se
2807 3203 3034 3270 factam,
3088 3203 3375 3272 assignans
3427 3198 3504 3254 illi
3545 3214 3667 3268 quae

2082 3297 2234 3351 nullo
2263 3306 2422 3366 pacto
2455 3299 2504 3353 ei
2555 3298 2994 3362 conveniebant,
3039 3299 3087 3353 si
3137 3312 3326 3352 eorum
3373 3310 3494 3366 quae
3521 3294 3666 3365 apud

2088 3389 2338 3444 homines
2369 3389 2538 3454 ﬁunt,
2593 3404 2761 3444 causa
2796 3397 2932 3444 erat.
2990 3389 3103 3445 Imo
3154 3395 3345 3444 contra
3380 3386 3562 3458 potius
3595 3385 3665 3439 ad

2091 3489 2300 3553 partem
2335 3481 2460 3536 boni
2499 3483 2889 3537 convenienter
2933 3482 3126 3536 rationi
3164 3481 3441 3552 pertinere
3472 3477 3666 3534 existi-

2084 3583 2399 3639 marentur,
2469 3575 2516 3629 si
2579 3574 2688 3630 duo
2758 3573 3006 3645 quaedam
3063 3573 3334 3646 principia
3390 3568 3666 3628 Contraria

2083 3674 2232 3728 sunt,
2263 3675 2320 3720 ut
2353 3666 2441 3721 ille
2477 3666 2672 3722 insane
2705 3666 2891 3721 tradit.

566 3794 696 3850 CAP.
735 3794 927 3850 XXIX.
967 3796 1049 3849 Αη
1079 3804 1390 3865 potestatem
1422 3794 1726 3864 absorptam
1763 3796 1956 3850 iterum
1997 3799 2183 3863 recepit
2221 3797 2376 3855 Deus.
2416 3798 2646 3855 Manetis
2679 3798 3014 3892 blqsphemia:
3037 3799 3290 3853 adversus
3313 3795 3502 3854 Deum.

471 3913 801 3978 Σπουδάζειν
853 3914 909 3967 δέ
941 3931 1071 3985 φησι
1106 3915 1195 3968 τὸν
1241 3915 1374 3968 Θεὸν
1422 3915 1522 3984 τὴν
1577 3914 1980 3969 καταποθεῖσαν

394 4006 647 4077 δύναμιν,
673 4009 738 4076 ἣν
763 4007 918 4060 καλεῖ
935 4005 1112 4078 ψυχὴν
1140 4007 1414 4072 ἁπάντων,
1434 4003 1590 4071 αὖθις
1623 4008 1761 4076 πρὸς
1792 4007 1982 4066 ἑαυτὸν

394 4095 758 4162 ἀναδέξασθαι
784 4116 797 4130 ο
822 4099 908 4150 ἵνα
933 4098 1008 4170 μὴ
1037 4098 1096 4151 τὸ
1113 4098 1306 4151 ἑαυτοῦ
1339 4099 1659 4169 ἀπεράντως
1689 4099 1776 4157 ἀεὶ
1810 4116 1979 4170 προσ-

392 4190 680 4261 δεδεμένον
713 4193 779 4261 τῇ
815 4190 937 4261 ὕλῃ,
966 4190 1059 4244 καὶ
1085 4191 1496 4262 τιμωρούμενον
1528 4190 1768 4267 διατελῇ.
1800 4191 1864 4243 Τί
1889 4185 1984 4244 οῦν

392 4285 500 4354 τὴν
531 4283 705 4354 ἀρχὴν
740 4282 1079 4354 παρεϐάλετο
1119 4281 1305 4341 τοῦτο.
1337 4282 1476 4336 ὥστε
1518 4282 1771 4338 τοσοῦτον
1813 4284 1984 4338 αἰῶνα

399 4375 533 4447 μηδ’
555 4373 888 4428 ἀναπνεῦσαι
914 4375 1228 4446 δυνηθῆναι,
1253 4376 1347 4428 καὶ
1376 4376 1538 4431 πλέον
1562 4377 1752 4434 παθεῖν
1784 4375 1984 4447 μᾶλλον

393 4469 431 4540 ἢ
465 4468 697 4538 δρᾶσαις
732 4468 796 4520 Et
831 4469 926 4537 μὲν
953 4467 1062 4538 γὰρ
1095 4471 1369 4540 περιεῖχεν
1391 4471 1420 4523 6
1447 4469 1636 4540 μῦθος,
1659 4471 1734 4534 ὡς
1762 4470 1852 4524 τοῦ
1884 4470 1983 4542 μὲν

2155 3915 2295 3972 Dicit
2329 3927 2592 3988 praeterea
2643 3917 2922 3975 studuisse
2971 3916 3177 3980 Deum,
3234 3922 3295 3972 ut
3343 3918 3668 3986 potestatem

2085 4009 2397 4080 absorptam
2423 4051 2436 4075 ,
2481 4027 2644 4082 quam
2676 4021 2836 4067 vocat
2887 4011 3125 4065 animam
3157 4009 3398 4062 onmium
3421 4047 3437 4071 ,
3471 4021 3669 4061 rursus

2086 4100 2153 4154 ad
2189 4116 2248 4155 se
2283 4101 2584 4172 reciperet;
2613 4117 2681 4157 ne
2713 4103 2858 4174 quod
2898 4110 3016 4158 erat
3048 4118 3111 4157 ex
3149 4102 3289 4171 ipso,
3316 4101 3559 4156 materia;
3589 4102 3669 4156 al-

2086 4189 2332 4260 ligatum,
2379 4202 2433 4246 et
2468 4192 2523 4245 in
2561 4192 2830 4262 supplicio
2869 4207 3084 4261 semper
3117 4191 3234 4247 sine
3265 4187 3376 4242 ullo
3407 4185 3511 4241 fine
3542 4200 3670 4255 per-

2090 4291 2352 4338 maneret.
2387 4283 2526 4350 Quid
2564 4285 2728 4355 igitur
2759 4285 3030 4355 principio
3072 4283 3176 4337 hoc
3212 4279 3585 4353 protrahebat,
3611 4284 3671 4332 ut

2088 4383 2170 4429 tot
2207 4375 2422 4431 saeculis
2449 4392 2627 4446 neque
2654 4377 2929 4447 reSpirare
2953 4382 3157 4446 posset,
3184 4383 3236 4430 et
3264 4373 3437 4444 magis
3466 4378 3672 4442 patere-

2089 4475 2180 4521 tur
2213 4483 2377 4540 quam
2409 4469 2628 4539 ageret?
2663 4467 2718 4522 Si
2771 4469 2917 4523 enim
2951 4469 3006 4522 in
3054 4467 3236 4522 fabula
3264 4473 3454 4528 esset,
3498 4463 3667 4518 Deum

394 4556 540 4615 Θεοῦ
579 4557 743 4628 μηδὲν
784 4556 1130 4630 ὑϐρισθέντος
1164 4560 1240 4621 είς
1278 4560 1378 4631 τὴν
1422 4559 1555 4614 ίδίαν
1588 4561 1806 4624 οὐσίαν,
1847 4562 1980 4632 μήτε

2089 4559 2310 4630 quidem
2346 4560 2548 4613 nullam
2578 4561 2968 4614 contumeliam
3011 4561 3066 4613 in
3103 4557 3465 4614 substantiam
3514 4571 3668 4609 suam

399 4648 550 4708 κατὰ
575 4648 709 4735 Ws".
733 4649 792 4701 τδ
824 4647 1161 4720 βραχύτατον
1193 4651 1539 4722 ὲνσχεθέντος
1571 4653 1691 4707 λίαν
1723 4653 1987 4724 ἀπρεπῶς

393 4744 469 4812 τῇ
529 4738 630 4810 ὕλῃ
655 4778 670 4802 ,
716 4738 831 4792 ἀλλ’
878 4740 1063 4810 ἐτέρου
1114 4740 1176 4814 δή
1224 4759 1367 4806 τινος
1411 4743 1843 4816 ἀλλοτριωτάτου
1890 4745 1990 4815 τῆς

394 4830 570 4888 αὑτοῦ
600 4827 842 4900 φύσεως,
874 4828 992 4900 ἅμα
1036 4830 1093 4884 δὲ
1141 4831 1235 4884 καὶ
1274 4832 1436 4896 εὐθὺς
1485 4833 1854 4906 ἐξαιρεθέντος
1895 4835 1990 4888 καὶ

394 4920 635 4986 τούτου,
689 4919 764 4984 ὡς
801 4922 858 4974 ὲν
900 4919 1056 4992 τύπῳ
1103 4921 1301 4992 μᾶλλον
1341 4922 1376 4997 ἢ
1423 4925 1849 4984 ὑποκατακλίσει
1892 4925 1990 4997 τὴν

397 5011 664 5084 τοιαύτην
699 5012 1028 5084 πεποιῆσθαι
1061 5013 1236 5070 δοκεῖν
1283 5016 1699 5086 μεταχείρησιν,
1736 5017 1892 5088 ἔσχεν
1925 5018 1991 5072 ἂν

399 5104 467 5158 τὸ
504 5104 630 5172 γοῦν
657 5104 880 5159 π.θανὸν
906 5108 963 5159 έν
995 5105 1184 5176 ψεύδει,
1206 5106 1267 5159 τὸ
1296 5106 1539 5180 πλάσμα.
1572 5109 1708 5162 Νυνὶ
1735 5110 1791 5164 δὲ
1822 5109 1987 5164 ἄπλε-

399 5211 499 5256 τος
531 5197 625 5264 μὲν
655 5196 810 5261 αἰὼν,
845 5197 938 5250 καὶ
976 5197 1136 5252 τοῦτο
1175 5198 1238 5271 δή
1275 5216 1435 5267 φασιν
1464 5201 1528 5254 ἐκ
1561 5201 1660 5271 τῆς
1688 5201 1901 5271 φύσεως
1933 5203 1992 5256 ὃν

400 5282 506 5336 τοῦ
537 5284 670 5338 Θεοῦ
714 5287 1113 5360 καθειργμένον
1161 5288 1456 5343 διατελεῖν·
1503 5290 1578 5356 ὡς
1635 5291 1797 5347 αὐτὸν
1855 5289 1992 5347 εἶναι

400 5378 589 5430 ὀνικεῖν
611 5376 700 5430 τὸν
721 5381 1083 5451 κατεχόμενον
1102 5383 1167 5453 τῇ
1190 5383 1468 5457 ὁμοιότητι
1486 5383 1580 5437 τοῦ
1602 5386 1990 5456 κατεχομένου,

402 5467 509 5523 καὶ
538 5466 618 5537 τῷ
650 5485 712 5536 γε
757 5473 821 5524 ἐκ
865 5471 960 5542 τῆς
1007 5473 1221 5543 φύσεως
1259 5474 1424 5531 αὐτοῦ
1470 5476 1629 5530 τοῦτο
1670 5479 1988 5548 τυγχάνειν·

401 5560 538 5615 ὅθεν
582 5562 677 5614 καὶ
717 5562 920 5618 πλείονί
949 5583 1010 5634 γε
1050 5567 1253 5638 σπουδῇ
1288 5569 1426 5641 πρὸς
1460 5570 1653 5623 ἑαυτὸν
1682 5566 1839 5635 αὖθις
1869 5573 1994 5626 ἀνα·

400 5655 670 5720 λέξασθαι
698 5655 852 5711 τοῦτο
896 5659 1080 5713 ποθεῖ·
1119 5662 1152 5732 ἡ
1194 5661 1249 5714 δὲ
1298 5661 1398 5732 ὕλη
1446 5662 1594 5731 ἀττλῆ
1642 5664 1736 5718 καὶ
1781 5663 1994 5736 ἀπαθὴς

401 5746 676 5831 ὑπάρχει,
717 5748 792 5815 ὡς
825 5749 1070 5822 δράσασα
1110 5751 1312 5826 μᾶλλον
1343 5755 1373 5826 ἦ
1408 5755 1674 5811 παθοῦσα.

2089 4649 2400 4721 accepisse,
2446 4666 2622 4721 neque
2652 4652 2735 4706 vel
2778 4651 3058 4721 paululum
3107 4649 3390 4704 iubas-isse
3428 4645 3670 4700 materiae

2088 4743 2248 4798 valde
2274 4743 2573 4811 indecorae,
2617 4743 2712 4799 sed
2747 4744 2912 4798 alium
2946 4741 3235 4814 quemdam
3270 4738 3668 4795 alienissimum

2090 4850 2121 4889 a
2151 4842 2346 4890 natura
2376 4835 2518 4906 ejus,
2544 4843 2598 4890 et
2636 4835 2782 4890 hunc
2811 4835 3074 4891 continuo
3127 4840 3372 4903 ereptum
3404 4846 3560 4896 esse,
3598 4830 3674 4883 ita

2090 4936 2149 4982 ut
2175 4928 2487 4998 hujusmodi
2521 4929 2812 4999 prehensio
2855 4929 3028 5000 magis
3085 4925 3398 4999 apparendo
3446 4927 3500 4980 in
3546 4941 3672 4994 spe-

2091 5021 2250 5086 ciem,
2286 5036 2450 5092 quam
2491 5021 2900 5077 succumbendo
2934 5021 3074 5076 facta
3098 5035 3222 5077 esse
3248 5019 3543 5082 videretur,
3574 5019 3672 5072 ha-

2091 5113 2300 5169 buisset
2329 5123 2694 5167 commentum
2727 5114 2947 5183 paulum
2985 5115 3178 5168 saltem
3215 5112 3283 5168 ad
3333 5112 3672 5168 suadendum

2093 5205 2148 5258 in
2185 5203 2487 5258 mendacio.
2529 5201 2684 5259 Nunc
2729 5219 2861 5259 vero
2903 5205 3230 5259 immensum
3285 5203 3545 5259 saeculum
3579 5219 3676 5273 p0-

2092 5302 2250 5356 nunt,
2308 5301 2363 5348 et
2413 5293 2515 5347 hoc
2561 5309 2682 5350 esse
2710 5309 2776 5348 ex
2832 5304 3027 5348 natura
3063 5292 3178 5356 Dei,
3208 5306 3432 5346 manere
3481 5291 3678 5345 vincu-

2094 5383 2164 5439 lis
2196 5384 2558 5439 constrictum
2583 5425 2598 5450 ,
2652 5392 2715 5438 ut
2755 5386 2870 5454 ipse
2907 5381 3051 5438 Deus
3089 5382 3520 5452 comprehensus
3552 5397 3677 5437 esse

2094 5475 2346 5533 videatur
2377 5483 2604 5547 propter
2652 5473 3064 5531 similitudinem
3119 5474 3242 5543 ejus
3281 5473 3375 5544 qui
3419 5473 3677 5529 detentus

2095 5576 2201 5634 est,
2224 5577 2278 5624 et
2312 5569 2440 5638 Quia
2488 5569 2590 5624 hoc
2623 5567 2768 5639 quod
2798 5576 3016 5638 captum
3049 5566 3354 5630 tenebatur,
3383 5579 3448 5620 ex
3483 5573 3679 5619 natura

2097 5662 2216 5731 ejus
2243 5669 2394 5730 erat;
2430 5661 2576 5718 unde
2599 5661 2807 5731 majore
2825 5659 3006 5716 studio
3024 5659 3089 5714 ad
3114 5660 3376 5730 seipsum,
3421 5665 3480 5712 ut
3504 5658 3677 5720 aiunt,

2098 5753 2417 5824 recolligere
2476 5753 2856 5808 desiderabat:
2916 5752 3139 5806 materia
3205 5757 3384 5806 autem
3449 5749 3679 5819 simplex

2101 5853 2294 5903 eratet
2323 5844 2569 5921 ἀπαθής,
2619 5852 2801 5920 utpote
2835 5846 3005 5916 magis
3047 5862 3210 5920 agens
3250 5859 3411 5924 quam
3443 5843 3698 5915 patiens,
