4100 6426
446 398 583 461 ηιι

1606 400 1744 458 TITI
1782 401 2211 461 BOSTRENSIS
2247 403 2578 472 EPISCOPI}
2690 454 2691 457 η

410 526 417 535 ’
511 513 608 580 ,Ει
632 516 718 571 his
745 515 1075 587 perspicitur
1118 515 1301 573 omnia
1346 532 1468 586 quae
1499 516 1589 573 ille
1626 519 1825 589 planus
1869 534 2023 575 com-
2050 526 2097 583 Α

3556 410 3698 466 illi

2217 522 2309 575 Ἐκ
2339 522 2544 576 τούτων
2589 539 2650 591 γε
2678 520 2857 592 δῆλον,
2897 522 2972 587 ὡς
3014 522 3229 577 ἅπαντα
3255 522 3292 576 ἀ
3335 522 3630 593 συνέθηκεν
3665 507 3698 580 ό

451 606 657 678 posuit,
688 605 755 661 ad
779 605 1178 677 blasphemiam
1204 607 1301 664 Dei
1341 609 1738 680 composuisse,
1762 611 1853 680 qui
1884 611 2020 666 nihil

2138 613 2355 679 πλάνος,
2404 616 2484 678 είς
2519 614 2867 685 βλασφημίαν
2914 614 3225 668 συντέθεικε
3270 615 3366 669 τοῦ
3399 614 3569 680 Θεοῦ,
3601 617 3698 671 τοῦ

452 700 645 754 borum
667 707 859 754 contra
888 714 950 755 se
987 699 1138 755 fecit.
1172 698 1363 771 Itaque
1389 702 1525 768 vult,
1559 702 1759 773 inquit,
1804 713 1858 758 et
1902 710 2022 760 stu-

2127 705 2293 777 μηδὲν
2319 705 2523 760 τούτων
2571 706 2694 761 καθ’
2733 706 2928 760 ἑαυτοῦ
2978 708 3366 779 πεποιηκότοςο
3411 708 3702 763 ἀναλαϐεῖν

452 789 562 853 det,
596 796 655 843 ut
680 789 746 844 ad
781 806 842 846 se
883 791 1111 862 recipiat
1138 791 1286 847 illam
1332 794 1634 849 virtutem:
1681 803 1736 850 et
1767 794 1882 850 haec
1938 803 2024 852 est

2138 797 2305 850 τοίνυν
2353 796 2490 869 πρὸς
2541 799 2732 852 ἑαυτὸν
2789 797 2960 852 ἐθέλει
2990 799 3087 852 καὶ
3136 799 3459 865 σπουδάζει,
3497 798 3699 870 φησὶν,

453 880 597 948 apud
627 884 777 951 ipsos
803 883 953 952 salus
976 892 1293 957 exspectata
1331 892 1387 941 et
1426 886 1729 951 beatitudo,
1762 902 1885 945 esse
1913 889 2023 945 sci-

2126 887 2341 958 ἐκείνην
2367 885 2466 958 τὴν
2487 885 2716 956 δύναμιν
2735 887 2870 959 (H')
2888 905 2901 917 ·
2932 889 3026 940 καὶ
3048 888 3206 941 τοῦτό
3234 888 3298 957 γέ
3328 891 3474 942 ἐστιν
3507 890 3541 959 ἠ
3568 888 3702 961 παρ’

454 969 582 1025 licet
614 972 884 1028 redditum
915 972 1046 1041 Deo,
1071 976 1218 1046 quod
1242 986 1359 1031 erat
1400 976 1521 1048 ejus
1546 979 1852 1048 pr0prium.
1901 979 2023 1050 Ipse

2138 977 2309 1041 κὺτοῖς
2339 974 2666 1048 ὲλπιζομένη
2709 977 2950 1050 σωτηρία
2971 979 3063 1032 καὶ
3093 980 3454 1050 μακαριότης,
3480 979 3543 1032 τὸ
3565 981 3705 1032 ἀπο-

456 1059 621 1130 igitur
645 1066 994 1134 exspectabat
1023 1066 1128 1122 sibi
1179 1068 1371 1131 tinem,
1400 1082 1630 1138 Sperans
1659 1070 1906 1139 accipere
1933 1070 2025 1125 be-

456 1154 743 1222 neﬁcium;
777 1156 1047 1226 siquidem
1071 1165 1493 1228 recuperaturus
1517 1166 1635 1221 est,
1660 1160 1804 1229 quod
1833 1175 1898 1214 ex
1928 1174 2026 1212 na-

457 1249 582 1298 tura
613 1245 732 1315 ejus
757 1254 860 1313 est,
893 1247 1222 1318 libertatem;
1252 1258 1313 1306 ut
1337 1267 1456 1322 qua:
1475 1252 2026 1319 destruxitaadilicet,

2130 1068 2346 1140 δοθῆναί
2383 1087 2447 1139 γε
2477 1069 2553 1141 τῷ
2580 1070 2700 1141 Θεῷ
2728 1071 2790 1124 τὸ
2816 1073 3014 1126 οἰκεῖον
3051 1070 3236 1126 αὑτοῦ.
3262 1073 3383 1144 Ἆρ’
3421 1068 3516 1126 οὖν
3540 1072 3705 1135 αὐτὸς

2130 1161 2210 1224 είς
2243 1161 2431 1215 ἑαυτὸν
2460 1162 2717 1233 ἀναμένει
2754 1162 2816 1215 τὸ
2855 1162 3008 1225 τέλος
3041 1163 3274 1227 ἐλπίζων
3309 1164 3384 1227 ὡς
3411 1165 3707 1235 εὐεργετη-

2134 1251 2394 1322 σόμενος,
2438 1253 2552 1322 είγε
2604 1253 2848 1325 μέλλοιτο
2895 1256 2959 1309 ἐκ
2995 1256 3093 1325 τῆς
3137 1255 3350 1326 φύσεως
3395 1255 3561 1309 αὐτοῦ
3604 1255 3706 1325 τὴν

458 1344 513 1391 et
542 1336 677 1391 nihil
703 1338 871 1407 aliud,
911 1351 965 1397 et
997 1356 1093 1412 spe
1119 1343 1359 1399 nutritus
1383 1344 1566 1400 sedeat
1586 1345 1826 1399 tolerans
1845 1385 1861 1409 ,
1899 1355 1952 1400 et
1972 1345 2029 1399 in

2138 1345 2441 1417 ἐλευθερίαν
2480 1346 2913 1416 ἀπολαμϐάνειν
2953 1348 3041 1402 ἵνα
3084 1347 3121 1402 ἃ.
3167 1348 3461 1402 κατέλυσεν
3503 1347 3708 1400 οἰκοδο-

458 1435 620 1490 linem
645 1433 884 1496 intuens,
908 1440 969 1487 ut
997 1449 1058 1517 se
1087 1435 1265 1504 ipsum
1302 1436 1700 1505 quodammodo
1728 1452 1758 1490 a
1790 1436 2031 1507 nequitia

459 1528 689 1581 liberet:
721 1524 867 1596 quod
907 1524 1125 1596 quidem
1161 1526 1207 1582 si
1262 1528 1609 1594 retardetur,
1665 1535 1719 1583 et
1765 1543 1876 1582 non
1920 1527 2031 1584 cito

458 1621 573 1686 tiat,
600 1619 717 1691 ipse
749 1620 821 1675 sit
849 1619 943 1690 qui
971 1620 1231 1676 tarditate
1258 1620 1501 1691 punitur.

2136 1436 2306 1507 μήσῃ,
2333 1436 2427 1488 καὶ
2474 1436 2635 1489 πλέον
2676 1438 2863 1491 οὐδέν’
2912 1437 3005 1490 καὶ
3034 1439 3101 1508 τῇ
3153 1436 3328 1490 ἐλπίδι
3371 1437 3707 1506 τρεφόμενος

2134 1524 2369 1595 κάθηται
2416 1524 2719 1598 καρτερῶν,
2759 1529 2854 1581 καὶ
2884 1527 3020 1599 πρὸς
3049 1528 3111 1579 τὸ
3152 1526 3306 1592 τέλος
3337 1526 3579 1597 ἀφορῶν,
3620 1527 3708 1580 ἴνα

2136 1613 2330 1666 ἑαυτὸν
2361 1614 2561 1685 τρόπον
2594 1615 2715 1668 τινὰ
2754 1616 2852 1687 τῆς
2896 1617 3098 1680 κακίας
3133 1615 3475 1689 ἐλευθερώσῃ
3495 1634 3508 1647 ο
3556 1609 3616 1668 οὗ
3647 1616 3707 1669 δὲ

2138 1703 2525 1776 βραδύνοντος,
2572 1707 2666 1759 καὶ
2693 1708 2776 1779 μὴ
2824 1706 3017 1761 θᾶττον
3051 1708 3404 1778 γιγνομένου,
3446 1708 3608 1772 αὐτὸς
3640 1706 3709 1761 ἂν

2138 1797 2224 1867 εἴη
2256 1796 2343 1849 διὰ
2372 1797 2471 1868 τῆς
2512 1798 2841 1870 βραδύτητπ
2865 1801 2894 1852 ὁ
2920 1799 3350 1870 τιμωρούμενος.

530 1879 724 1963 Liquet
752 1881 896 1937 enim
922 1898 1040 1951 non
1070 1898 1194 1940 esse
1240 1898 1408 1955 penes
1460 1884 1637 1954 ipsum
1692 1883 2025 1939 celeritatem

2203 1890 2376 1959 Δῆλον
2399 1890 2529 1962 γὰρ,
2579 1891 2654 1955 ὡς
2682 1892 2805 1945 οὐδὲ
2838 1892 2924 1946 ἐπ’
2956 1891 3105 1961 αὐτῷ
3134 1892 3390 1961 τυγχάνει
3415 1893 3448 1962 ἡ
3472 1891 3712 1962 ταχύτης

461 1973 620 2040 linis;
653 1974 780 2029 olim
819 1975 964 2030 enim
989 1976 1044 2030 in
1087 1977 1189 2030 hac
1222 1992 1281 2032 re
1305 1992 1453 2047 spem
1492 1976 1719 2044 habuit;
1769 1976 2026 2047 quoniam

462 2065 611 2120 aliud
639 2067 930 2122 ridiculum
961 2068 1096 2122 dicit
1134 2067 1489 2134 Manichacus,
1519 2069 1666 2140 quod
1696 2085 1820 2123 cum
1862 2071 1900 2123 ii
1937 2070 2029 2139 qui

463 2165 620 2212 erant
663 2159 837 2228 ipsius
893 2162 1155 2228 materiae,
1188 2162 1454 2217 sentirent
1496 2177 1556 2217 se
1588 2163 1730 2217 male
1761 2162 2033 2232 perituros

463 2251 667 2307 lumine
696 2252 953 2321 paulatim
986 2253 1189 2319 ablato,
1215 2271 1279 2309 ex
1311 2255 1539 2309 adverso
1566 2254 1864 2308 machinati
1907 2260 2037 2309 sunt

462 2341 646 2396 carnis
699 2345 1166 2399 constructionem
1198 2344 1267 2400 ad
1317 2344 1636 2401 vinciendas
1670 2359 1869 2416 magno
1913 2344 2035 2399 vin-

462 2432 588 2486 culo
619 2433 848 2489 animas.
882 2433 1063 2501 Quare
1102 2444 1162 2490 ut
1197 2436 1286 2492 ille
1313 2436 1498 2502 tradit,
1525 2438 1871 2508 perspicuum
1917 2445 2037 2503 est,

463 2522 707 2591 quandiu
750 2523 827 2578 illi
865 2539 1087 2582 carnem
1118 2526 1573 2598 suppeditabunt,
1614 2527 1803 2581 tandiu
1846 2528 2042 2581 animae

465 2611 561 2668 Dtei
611 2613 969 2671 inhaerescent
1030 2617 1272 2672 materiae
1318 2626 1373 2673 et
1425 2618 1621 2673 vinctae
1664 2618 2036 2680 tenebuntur;

464 2705 676 2777 eritque
705 2723 871 2779 penes
909 2709 1033 2766 illos
1061 2725 1171 2764 non
1205 2709 1582 2764 circumscribi
1611 2710 1871 2764 mundum
1902 2717 2039 2764 tem-

466 2813 617 2871 pore,
645 2808 702 2856 et
728 2815 838 2856 non
864 2801 969 2856 erit
997 2801 1053 2855 in
1086 2807 1354 2871 potestate
1381 2800 1508 2857 boni
1546 2800 1671 2856 linis
1699 2801 1842 2871 ejus.

2135 1978 2229 2033 τοῦ
2283 1979 2502 2043 τέλους’
2539 1980 2706 2034 πάλαι
2751 1980 2858 2051 γὰρ
2887 1980 2953 2034 ἂν
3003 1980 3178 2050 τούτῳ
3222 1980 3566 2050 χρησάμενος
3611 1978 3713 2049 τῆς

2137 2071 2351 2135 ἐλπίδος
2377 2071 2745 2126 ἀπολέλαυκεν
2760 2089 2774 2102 °
2807 2071 2993 2142 ἐπειδὴ
3022 2072 3120 2125 καὶ
3145 2070 3301 2139 λόγος
3326 2070 3514 2140 ἕτερος
3540 2085 3713 2122 κατα-

2138 2162 2398 2230 γέλαστός
2430 2164 2543 2216 ἐστι
2575 2162 2670 2217 τοῦ
2709 2164 3016 2229 Μάνεντος,
3050 2162 3126 2227 ὡς
3158 2163 3209 2215 οί
3235 2163 3333 2233 τῆς
3359 2161 3492 2232 ὕλης
3526 2159 3717 2213 αἰσθα-

2139 2252 2351 2321 νόμενοι
2372 2294 2389 2317 ,
2440 2253 2521 2305 ὅτι
2562 2252 2747 2317 κακῶς
2786 2252 3109 2306 ἀπολοῦνται
3131 2292 3146 2316 ,
3187 2251 3278 2305 τοῦ
3339 2252 3516 2320 φωτὸς
3571 2248 3717 2304 κατά

2142 2344 2335 2414 μικρὸν
2369 2344 2804 2417 ἀφαιρουμένου,
2838 2345 3351 2415 ἀντεμηχανήσαντο
3377 2343 3478 2411 τῆς
3512 2341 3717 2412 σαρκὸς

2139 2432 2237 2503 τὴν
2264 2434 2611 2505 κατασκευὴν
2640 2433 2838 2504 δεσμὸν
2874 2432 3127 2505 μέγιστον
3153 2436 3271 2496 ταῖς
3299 2432 3520 2503 ψυχαῖς.
3552 2432 3716 2485 ’Ὥστε

2141 2523 2298 2594 δῆλον
2336 2524 2477 2577 κατά
2521 2525 2614 2578 τὸν
2662 2524 2826 2579 αὐτοῦ
2880 2525 3035 2592 λόγον
3056 2563 3071 2589 ,
3119 2525 3224 2585 ἕως
3273 2524 3340 2578 ἂν
3368 2525 3579 2577 ἐκεῖνοι·
3616 2522 3716 2593 τὴν

2146 2614 2325 2684 σάρκα
2369 2616 2784 2686 χορηγήσωσιν,
2841 2616 2945 2679 ἓως
2993 2615 3057 2686 δὴ
3086 2614 3275 2668 τούτου
3315 2617 3370 2668 αἱ
3408 2613 3578 2684 ψυχαὶ
3622 2611 3717 2666 τοῦ

2145 2704 2351 2773 ἀγαθοῦ
2386 2705 2802 2777 ἐνσχεθήσονται
2821 2724 2834 2737 ·
2869 2707 2963 2762 καὶ
3002 2707 3154 2761 ἔσται
3185 2707 3271 2759 ἐπ’
3297 2705 3527 2768 ἐκείνοις
3548 2705 3611 2759 τὸ
3641 2703 3718 2775 μὴ

2144 2796 2551 2868 περιγραφῆναι
2610 2798 2787 2869 χρόνῳ
2833 2798 2924 2852 τὸν
2967 2799 3188 2869 κόσμον,
3242 2797 3364 2868 οὐχὶ
3391 2796 3450 2851 δὲ
3502 2797 3596 2850 ἐπὶ
3639 2793 3722 2865 τῷ

2143 2887 2332 2957 ἀγαθῷ
2362 2887 2423 2940 τὸ
2451 2887 2604 2953 τέλος
2631 2889 2818 2946 αὐτοῦ.

1539 3004 1671 3060 CAP.
1712 3002 1877 3058 XXX.
1920 3003 2153 3059 Maneti:
2177 3004 2647 3061 contradictiones.

542 3118 682 3186 Quid
713 3119 858 3176 aliud
880 3118 1063 3175 dicere
1088 3127 1265 3189 potest
1283 3119 1378 3191 qui
1407 3118 1662 3181 advertit,
1694 3134 1857 3187 quam
1882 3119 2025 3189 quod

2207 3118 2273 3171 Τί
2318 3119 2362 3173 δ’
2392 3118 2457 3172 ἂν
2490 3121 2622 3190 φαίη
2655 3137 2738 3184 τις
2783 3118 3023 3190 συνορῶν
3045 3159 3061 3186 ,
3108 3118 3184 3182 ὡς
3211 3119 3327 3189 ὀὐχ
3369 3116 3586 3172 ἵσταταί
3635 3135 3728 3172 πω

468 3227 579 3267 non
608 3220 825 3268 constat
872 3212 977 3268 sibi
1026 3210 1391 3278 Manichacus;
1448 3211 1582 3280 quin
1611 3211 1796 3275 potius
1848 3210 1957 3263 huc
1988 3217 2036 3265 et

2142 3209 2299 3280 λόγος
2339 3210 2417 3283 τῷ
2468 3213 2726 3275 Μάνεντι,
2770 3210 2884 3265 ἀλλ’
2910 3204 3013 3264 ὧδε
3064 3211 3289 3264 κάκεῖσε
3346 3210 3723 3281 μεταγόμενος

469 3308 602 3364 illuc
668 3321 729 3362 se
787 3305 1126 3362 transferens
1182 3319 1213 3359 a
1276 3305 1457 3374 seipso
1507 3302 1890 3374 redarguitur?
1938 3300 2036 3368 Qui

2146 3304 2236 3374 ὑφ’
2265 3304 2457 3358 ἑαυτοῦ
2481 3304 2847 3375 διελέγχεται;
2881 3304 2986 3358 Τοῦ
3025 3303 3134 3376 γὰρ
3157 3304 3362 3375 κόσμου
3392 3303 3728 3375 δημιουργὸν

467 3398 614 3453 enim
645 3398 741 3462 ait,
772 3395 943 3453 Deum
990 3412 1115 3452 esse
1164 3394 1488 3450 fabricatum
1546 3395 1807 3449 mundum
1834 3435 1848 3458 ,
1901 3408 2036 3463 quo-

2147 3396 2369 3466 φάσκων
2399 3394 2534 3450 εἶναι
2566 3396 2654 3450 τὸν
2676 3396 2828 3459 Θεὸν,
2851 3397 2999 3459 ὅπως
3024 3392 3115 3451 οῦν
3138 3392 3293 3458 αὖθις
3318 3396 3441 3458 τοὺς
3464 3396 3560 3467 τῆς
3590 3394 3728 3465 ῢλης

470 3489 634 3544 modo
667 3504 862 3544 rursus
887 3488 963 3542 ait
990 3501 1085 3543 eos
1110 3486 1202 3557 qui
1237 3493 1368 3543 sunt
1407 3484 1650 3539 materia:
1680 3483 1775 3537 lilii
1802 3523 1818 3546 ,
1874 3496 2036 3554 oppo-

2148 3487 2311 3558 φησὶν
2362 3486 2691 3566 ἀντιτιθέναι
2744 3487 2890 3558 αὐτῷ
2936 3489 3034 3558 τὴν
3085 3487 3302 3558 σάρκα,
3353 3486 3542 3558 ὥσπερ
3586 3484 3728 3540 Θεοῦ

472 3582 651 3638 suisse
671 3581 721 3637 ei
754 3594 974 3636 carnem
995 3618 1009 3642 ,
1048 3586 1308 3647 tanquam
1350 3575 1547 3646 partita
1601 3580 1748 3628 esset
1782 3573 1888 3627 Deo
1920 3586 2036 3626 cum

2150 3576 2504 3648 μεριζομένου
2558 3577 2696 3649 πρὸς
2744 3577 2985 3642 ἐκείνους
3036 3578 3132 3649 τὴν
3177 3577 3567 3650 δημιουργίαν·
3629 3577 3730 3630 καὶ

475 3674 585 3729 illis
610 3671 898 3726 fabricatio
932 3668 1121 3723 mundi
1148 3685 1164 3734 ;
1191 3675 1245 3723 ct
1274 3667 1377 3721 hac
1407 3665 1628 3736 quidem
1666 3664 1878 3720 ratione
1907 3662 2036 3718 facta

2149 3667 2293 3720 κατά
2317 3668 2475 3721 τοῦτο
2504 3669 2604 3740 μὲν
2636 3669 2756 3739 βίαν
2784 3670 3167 3739 ὑπομένοντος,
3195 3668 3341 3741 τῇδὲ
3369 3667 3505 3741 πρὸς
3524 3668 3727 3732 αὐτοὺς

475 3763 588 3820 Deo
618 3762 909 3825 violentia,
969 3760 1275 3815 concedens
1323 3773 1453 3813 vero
1486 3757 1592 3811 illis
1641 3756 1744 3810 hoc
1789 3762 2036 3826 tanquam

2148 3757 2415 3813 ἀντιδόσει
2464 3760 2525 3814 τὸ
2574 3761 2681 3815 πᾶν
2722 3761 2781 3814 οὐ
2838 3762 2979 3815 κατὰ
3028 3759 3255 3831 γνώμην
3299 3759 3431 3813 ίδίαν
3472 3756 3728 3829 συμπλη-

476 3869 698 3917 munus,
730 3868 837 3908 non
871 3852 1168 3922 compleret
1217 3854 1532 3904 universum
1580 3847 1879 3903 secundum
1925 3861 2051 3916 pro-
2155 3849 2391 3921 ροῦντος.

477 3946 557 4019 pri
565 3961 650 4000 am
682 3945 1036 4000 voluntatem.

546 4037 832 4110 Tanquam
870 4043 1053 4090 autem
1085 4048 1266 4090 causa:
1318 4047 1430 4088 suae
1477 4037 1531 4085 et
1562 4029 1817 4100 principii
1845 4029 2050 4084 oblitus

477 4133 714 4205 planus,
770 4129 903 4186 dicit
953 4127 1192 4182 futuram
1255 4140 1378 4180 esse
1438 4121 1750 4194 pestiferam
1811 4121 2051 4176 materia:

478 4225 878 4296 ademptionem
930 4229 986 4276 et
1019 4220 1356 4290 ereptionem
1389 4216 1611 4270 virtutis
1655 4213 1731 4269 illi
1762 4212 2009 4268 admistze
2031 4251 2048 4278 ,

2236 4030 2322 4092 Ὠς
2349 4028 2404 4083 δὲ
2434 4031 2533 4101 τῆς
2565 4030 2873 4094 ὑποθέσεως
2903 4029 3326 4102 ἐπιλελησμένος
3349 4032 3377 4082 ό
3404 4028 3602 4092 πλάνος
3631 4027 3737 4097 τῆς

2152 4122 2378 4186 ἑαυτοῦ,
2431 4122 2675 4196 ὀλέθριον
2706 4126 2771 4195 τῇ
2836 4123 2934 4195 ὖλῃ
2987 4123 3150 4193 φησὶν
3183 4120 3398 4174 ἔσεσθαι
3450 4120 3554 4191 τῆς
3596 4136 3739 4191 κρα-

2151 4215 2339 4286 τείσης
2368 4215 2506 4287 αὐτῇ
2534 4214 2831 4285 [δυνάμεως
2875 4214 2973 4285 τὴν
3012 4213 3324 4283 ἀφαίρεσιν,
3361 4211 3428 4264 δι’
3468 4206 3537 4283 ἦς
3563 4210 3738 4282 αὐτὴν

477 4333 583 4390 qua
611 4322 870 4388 posuerat
896 4313 1161 4369 lrenatam
1194 4325 1318 4367 esse
1349 4306 1813 4379 perturbationem
1842 4304 2036 4360 ordini:

2154 4305 2386 4360 ὑπέθετο
2406 4305 2504 4379 τὴν
2521 4306 2694 4378 ἀρχὴν
2719 4305 3056 4359 ἀτακτοῦσαν
3076 4304 3528 4376 σωφρονισθῆναι·
3555 4304 3602 4355 εἰ
3625 4300 3740 4371 γὰρ

480 4413 533 4466 in
565 4411 656 4465 illa
679 4407 923 4480 principe
950 4404 1198 4460 materia.
1242 4400 1300 4456 Si
1324 4402 1467 4456 enim
1498 4415 1626 4454 cum
1655 4397 1830 4461 adest,
1863 4397 2036 4467 nequi-

2157 4393 2409 4464 παροῦσα
2460 4394 2712 4465 δεσμεύει
2757 4393 2855 4465 τὴν
2888 4395 3118 4457 κακίαν,
3170 4392 3527 4466 ἀναχωροῦσα
3572 4392 3742 4445 πάλιν

479 4504 609 4557 tiam
638 4500 802 4568 ligat,
847 4511 1039 4552 rursus
1096 4493 1360 4548 recedens
1407 4492 1652 4557 relaxat;
1697 4492 1799 4546 erit
1856 4504 2036 4560 magn:

2159 4489 2364 4560 ἀνίησι,
2396 4487 2491 4540 καὶ
2537 4485 2690 4539 ἔσται
2720 4485 2838 4538 λίαν
2882 4489 3023 4540 κατὰ
3055 4485 3153 4557 τὴν
3183 4485 3436 4556 ἀρχαίαν.
3460 4522 3472 4535 .
3494 4524 3507 4537 .
3529 4524 3543 4538 .
3588 4480 3740 4535 τοῦτ’

479 4611 648 4652 causa
682 4593 879 4649 lzetitize
923 4592 1026 4662 ipsi
1068 4588 1308 4644 materia;
1352 4588 1466 4642 haec
1510 4588 1737 4655 ereptio.
1778 4584 1834 4639 Si
1887 4585 2036 4657 igitui

2159 4580 2276 4633 ἐστι
2305 4579 2480 4649 χαρᾶς
2506 4576 2653 4630 αἰτία
2682 4575 2776 4629 καὶ
2801 4578 2866 4647 τῇ
2902 4575 3002 4648 ὕλῃ
3032 4577 3065 4647 ἡ
3103 4574 3305 4645 ταύτης
3334 4572 3659 4644 ἀφαίρεσιςο
3700 4570 3742 4625 ἃ

482 4690 550 4744 ad
581 4697 881 4744 extremum
914 4699 1038 4754 spes
1073 4683 1176 4754 ipsi
1196 4689 1304 4750 est,
1325 4680 1628 4736 rediturum
1651 4693 1772 4733 esse
1789 4679 1854 4734 ad
1885 4678 2036 4733 Deurr

2157 4668 2247 4728 οἷα
2289 4670 2426 4742 πρὸς
2463 4669 2656 4741 ἡδονῆς
2685 4669 3112 4742 ἀφαιρουμένης.
3153 4668 3217 4719 El.
3263 4666 3441 4719 τοίνυν
3469 4665 3530 4718 οὒ
3583 4662 3741 4733 παρά

481 4780 624 4853 quod
649 4780 719 4836 ab
747 4779 865 4849 ipso
890 4776 1227 4847 disjunctum
1263 4772 1386 4836 fuit,
1420 4771 1564 4842 quod
1591 4785 1621 4824 a
1663 4770 1931 4841 principio
1954 4770 2036 4825 de-

2158 4763 2219 4816 τὸ
2247 4761 2421 4827 τέλος,
2454 4762 2603 4832 ὅμως
2633 4759 2787 4823 ἐλπὶς
2815 4760 2953 4830 αὐτῇ
2992 4758 3246 4828 τυγχάνει
3272 4796 3287 4819 ,
3316 4756 3404 4809 ἵνα
3432 4754 3570 4827 πρὸς
3601 4754 3742 4807 Θεὸν

481 4843 673 4936 crevit,
704 4843 988 4942 et-adcgitv
1004 4866 1137 4923 illud
1170 4867 1354 4921 subire
1386 4863 1613 4920 inﬁnitis
1653 4864 1869 4920 saeculis
1903 4862 2036 4917 labo-

2161 4850 2430 4925 ὲπανέλθῃ
2467 4848 2844 4920 διαζευχθεῖσα
2891 4847 3075 4912 αὐτοῦ,
3108 4847 3160 4899 τί
3203 4846 3301 4916 τὴν
3335 4844 3505 4916 ἀρχὴν
3530 4843 3744 4913 ἀφωρί-

468 4938 596 5024 ἰτοιῐι
620 4966 839 5021 inanem
871 4969 924 5018 et
951 4961 1122 5017 malas
1144 4958 1356 5021 sordes,
1387 4972 1494 5012 non
1528 4956 1581 5010 in
1611 4971 1677 5010 eo
1699 4970 1850 5025 spem
1875 4951 2036 5008 maxi-

2160 4945 2317 5010 ζετο,
2366 4942 2598 4998 ἄπλετον
2642 4940 2814 4996 αἰῶνα
2860 4942 3117 5012 ὑποσχεῖν
3161 4940 3386 5011 μάταιον
3428 4939 3589 4991 πόνον
3640 4938 3743 4990 καὶ

481 5073 628 5116 mam
654 5066 708 5113 et
737 5052 1132 5111 beatitudinem
1162 5065 1364 5123 ponere
1391 5090 1406 5115 ,
1452 5049 1501 5104 si
1534 5063 1730 5104 rursus
1764 5060 2036 5115 recupera-

2163 5040 2333 5111 ῥύπον
2362 5039 2551 5104 κακὸν,
2583 5040 2678 5092 καὶ
2710 5037 2833 5091 ἀντὶ
2880 5037 3142 5107 μεγίστης
3175 5033 3389 5095 ἐλπίδος
3429 5032 3523 5086 καὶ
3560 5048 3742 5123 μακα-

481 5152 674 5211 rctur?
710 5136 1110 5206 Materia‘enim
1150 5122 1301 5200 nullo
1325 5150 1484 5215 pacto
1515 5147 1739 5212 apparet
1780 5138 2036 5193 refrenat:

2166 5134 2413 5205 ριότητος
2460 5131 2707 5185 τίθεσθαι
2748 5129 2811 5182 τὸ
2851 5125 3007 5190 αὖθις
3064 5125 3475 5196 ἀναληφθῆναι;
3516 5123 3578 5175 Ἢ
3627 5122 3743 5194 γὰρ

482 5262 547 5301 ac
576 5258 848 5316 repressa,
877 5241 989 5297 imo
1031 5247 1223 5294 contra
1262 5236 1444 5308 potius
1474 5235 1736 5303 majorem
1783 5231 2036 5286 licentian

2163 5227 2263 5298 ὕλη
2286 5226 2438 5280 οὐδέν
2462 5243 2524 5296 γε
2548 5222 2782 5295 οὐδαμοῦ
2807 5223 3072 5276 δέδεικται
3114 5219 3540 5292 σωφρονισθεῖσα
3561 5235 3574 5247 ·
3610 5218 3741 5269 τού-

485 5338 552 5399 ad
577 5308 932 5403 excogitanda
962 5347 1130 5405 prava
1155 5345 1318 5402 opera
1349 5327 1561 5396 adepta.

2161 5319 2372 5372 ναντίον
2406 5318 2502 5388 μὲν
2527 5311 2620 5369 οὖν
2647 5314 2891 5377 πλείονος
2930 5312 3200 5384 λαϐομένη
3230 5310 3331 5381 τῆς
3370 5309 3616 5375 ἐξουσίας
3658 5308 3744 5369 εἰς

2163 5408 2414 5479 πονηρῶν
2440 5408 2615 5480 ἔργων
2647 5406 2908 5459 ἐπίνοιαν.

560 5516 626 5573 At
647 5514 973 5587 oportebat,
1026 5510 1238 5582 inquit,
1291 5509 1434 5563 hanc
1487 5505 1693 5576 ligare:
1730 5518 1854 5587 cum
1895 5501 2036 5573 igitut

2265 5502 2389 5556 Αλλ*
2417 5502 2546 5563 ἔδει,
2584 5498 2737 5570 φησὶ,
2769 5497 2989 5567 δεθῆναι
3025 5495 3263 5565 ταύτην·
3310 5493 3440 5548 ὅταν
3477 5487 3568 5547 οῦν
3603 5493 3745 5545 ἀπο-

483 5579 747 5684 paulatim
778 5579 1053 5664 abstraraa
1089 5579 1194 5661 erit
1238 5605 1416 5659 virtus
1463 5599 1709 5664 detenta,
1757 5579 1885 5670 quid
1941 5595 2031 5651 ﬁet

2172 5591 2384 5662 σπασθῇ
2417 5588 2557 5643 κατά
2592 5588 2785 5661 μικρὸν
2812 5587 3216 5658 ἠοκατεχομένη
3235 5584 3484 5653 δύναμις,
3503 5583 3554 5635 τί
3575 5583 3743 5653 γενή-

485 5675 677 5777 iiquet,
708 5718 904 5760 rursus
946 5712 1288 5757 reversuram
1323 5710 1445 5753 esse
1494 5692 1778 5753 materiam
1824 5691 1890 5746 ad
1938 5704 2034 5762 per

2176 5703 2362 5751 σεται;
2395 5682 2636 5754 εὔδηλον,
2677 5681 2754 5745 ὼς
2793 5675 2949 5742 αὖθις
3000 5681 3032 5747 ὴ
3069 5677 3167 5745 ὕλη
3205 5675 3341 5747 πρὸς
3364 5676 3461 5752 τὴν
3505 5675 3744 5746 φυσικὴν

560 5859 696 5928 (tl‘)
733 5857 852 5926 Τὴν
874 5856 1149 5923 δύναμιν.
1178 5852 1353 5924 Supra
1380 5853 1516 5909 verti
1560 5865 1700 5923 saepe
1729 5856 2075 5920 potestatem;
2124 5845 2200 5902 sic
2236 5842 2465 5899 vocabat
2490 5837 2817 5896 Manichacus
2844 5833 3103 5892 animam.
3135 5831 3308 5888 Tuan.
