4100 6470
475 448 614 508 Hth

1518 424 1926 509 ‘zsnvsnsus
1964 450 2389 508 MANICHASOS
2428 449 2558 507 LIB.
2603 450 2623 505 ι

2552 220 2578 255 θ

3578 454 3719 512 HM

470 565 693 632 ἀταξίαν
716 562 991 635 ἐπανήξει.
1020 563 1116 627 Οῦ,
1147 563 1340 636 φησίνο
1372 564 1430 618 ἐν
1455 564 1562 636 γὰρ
1594 564 1673 637 τῷ
1708 566 1849 620 τέλει
1882 584 2038 639 περι-

2142 569 2533 624 turbationem.
2579 565 2751 637 Negat
2793 562 3121 620 Manichatus
3150 582 3162 618 :
3193 563 3544 637 Nequaquam
3568 609 3584 631 ,
3631 569 3719 623 in-

470 660 756 729 γενήσεται
778 655 1006 727 ταύτης,
1042 657 1136 710 καὶ
1178 655 1349 727 βῶλον
1385 658 1838 730 ἀπεργασάμενος
1868 659 2038 730 αὐτὴν

471 745 561 814 ὑφ’
612 745 812 813 ἑαυτῆς
865 744 1155 815 φλέγεσθαι
1200 748 1631 817 παρασκευάσει,
1690 748 1753 800 Τί
1799 744 1890 802 οὖν
1941 749 2038 820 τὴν

470 834 644 906 ἀρχὴν
676 834 752 906 μὴ
771 834 928 888 τοῦτο
952 834 1286 907 πεποίηκεν;
1316 831 1443 906 Ἆρ’
1470 838 1570 890 οὐκ
1591 836 1840 890 ἐϐούλετο
1874 838 1906 909 ἢ
1938 839 2039 892 οὐκ

471 926 732 996 ὴδύνατο;
758 927 819 980 Εἰ
855 927 954 997 μὲν
1000 926 1108 999 γὰρ
1154 928 1228 998 μὴ
1279 927 1546 993 ἐϐούλετο,
1588 928 1703 992 πῶς
1736 926 1892 993 αὖθις
1917 928 2040 1000 βου-

471 1019 716 1089 λήσεται,
749 1019 1071 1089 μεταγνοὺς,
1114 1019 1148 1090 ἢ
1187 1019 1249 1072 τὸ
1299 1019 1507 1092 βέλτιον
1557 1022 1874 1093 ἐπικρίνας;
1924 1021 2037 1075 Οὐκ

471 1107 539 1183 ἦν
566 1112 623 1166 δὲ
646 1113 741 1165 καὶ
761 1111 933 1175 ἄλλως
953 1111 1087 1183 πρὸς
1110 1111 1315 1179 ἀγαθοῦ
1345 1112 1417 1184 μὴ
1440 1113 1539 1186 τὴν
1561 1113 1732 1184 ἀρχὴν
1762 1112 2039 1176 παντελῶς

472 1204 815 1275 καταργῆσαι
846 1203 1063 1267 κακίαν,
1099 1202 1215 1272 εἴγε
1250 1201 1361 1268 οἷός
1394 1223 1454 1257 τε
1485 1201 1570 1277 ἧν.
1611 1207 1671 1258 Εἰ
1702 1207 1758 1259 δὲ
1791 1206 1864 1277 μὴ
1907 1206 2037 1275 ἠδύ-

471 1310 619 1359 νατο,
655 1294 956 1365 ἀδυναμίας
1005 1296 1102 1365 μὲν
1141 1293 1383 1358 κίνδυνος
1423 1295 1720 1349 ἀνακύπτει
1760 1297 1900 1350 κατά
1945 1295 2036 1348 τοῦ

472 1384 817 1453 πλασαμένου
838 1399 851 1416 ⁸
895 1384 1013 1449 πῶς
1040 1387 1097 1440 δὲ
1134 1387 1283 1454 ὅμως
1312 1386 1536 1458 ῦστερόν
1568 1404 1696 1440 ποτε
1721 1388 2036 1458 δυνήσεται;

471 1472 582 1546 ἆρα
608 1476 927 1547 προσλαϐὼν
953 1478 1201 1549 δύναμιν,
1237 1479 1307 1550 ἢν
1340 1478 1413 1551 μὴ
1457 1476 1622 1550 εἶχεν,
1657 1480 1691 1551 ἢ
1719 1481 1973 1552 αὐξηθεὶς
2003 1482 2035 1552 ἢ

470 1567 722 1631 ἐπιδούςς
754 1570 802 1622 εί
838 1569 946 1640 γὰρ
988 1569 1226 1642 ἀγένητα
1251 1570 1417 1641 ἄμφω
1444 1571 1724 1638 τάναντία,
1759 1572 2039 1643 οὐδέτερον

469 1654 592 1710 οὔτε
613 1656 840 1729 αὔξησιν
861 1659 984 1713 οὔτε
1005 1661 1231 1731 μείωσιν
1258 1661 1582 1733 ἐπιδέχεται.

543 1838 700 1892 Ὄλον
730 1839 1017 1912 τοιγαροῦν
1060 1840 1359 1894 ἀσύστατον
1386 1841 1477 1895 τοῦ
1512 1841 1787 1914 βαρϐάρου
1820 1843 1881 1897 τὸ
1905 1845 2037 1899 πλά-

470 1946 601 2000 σμα.
656 1930 721 1982 Τί
757 1931 848 1996 δέ;
897 1928 985 2002 ἆρ’
1022 1931 1276 2003 αἴσθησιν
1319 1932 1599 2003 εἰληφέναι
1642 1936 1824 2006 φησὶν,
1851 1937 1926 1998 ὡς
1947 1936 2039 1990 τοῦ

466 2022 710 2085 πλείονος
732 2023 932 2095 μέρους
967 2023 1000 2094 ἢ
1026 2024 1121 2076 τοῦ
1143 2023 1273 2093 γοῦν
1291 2024 1570 2089 ἐλάττονος
1599 2027 2041 2090 ἁποσπασθέντος

465 2113 565 2184 τῆς
614 2113 1021 2193 ,συγκραθείσης
1056 2117 1122 2186 τῇ
1176 2113 1276 2186 ὕλῃ
1320 2115 1633 2187 δυνάμεωςς
1681 2117 1794 2183 εἴγε
1843 2118 1936 2186 ἀφ’
1979 2108 2039 2169 οὗ

469 2203 667 2275 σελήνη
694 2202 953 2268 αὖξεικαὶ
977 2204 1243 2275 μειοῦται,
1271 2204 1504 2258 διατελεῖ
1534 2206 1667 2268 Θεὸς
1698 2205 1837 2258 κατά
1867 2205 2040 2277 βραχὺ

465 2295 526 2347 τὸ
546 2295 742 2348 οίκεῑον
753 2295 1172 2366 ἀπολαμϐάνων.
1206 2297 1464 2364 Καίτοιγε
1489 2295 1740 2359 τοσοῦτος
1770 2297 2041 2367 παρῆλθεν

465 2386 621 2449 αἰὼν,
655 2387 751 2439 καὶ
775 2384 897 2440 οὕτε
923 2387 984 2440 τὸ
1030 2387 1368 2459 ἀνθρώπινον
1417 2387 1575 2456 γένος
1603 2387 1822 2459 ἀριθμῷ
1843 2405 1904 2457 γε
1933 2387 2041 2442 τῶν

433 2474 684 2541 ⁴ζῶντων
731 2477 1074 2547 ἠλάττωται,
1134 2477 1259 2532 οὔτε
1294 2479 1422 2533 ἀλλο
1467 2496 1517 2531 τι
1561 2479 1673 2533 τῶν
1700 2479 2041 2552 τετραπόδων

468 2569 693 2638 μείωσιν
751 2571 956 2641 ὑπέστη
1028 2570 1168 2636 τινὰ,
1201 2571 1335 2625 ἀλλά
1366 2571 1612 2642 συνήθως
1648 2571 1718 2624 τὰ
1744 2571 2042 2640 γιγνόμενα

462 2660 711 2729 γίγνεται
739 2662 833 2714 καὶ
860 2662 1217 2730 ἀπογίγνεται
1238 2679 1252 2693 ·
1275 2664 1370 2716 καὶ
1401 2662 1480 2715 ἔτι
1504 2662 1703 2732 μᾶλλον
1728 2663 1809 2724 είς
1837 2660 2041 2732 πλῆθος

465 2753 498 2821 ἡ
563 2753 916 2825 ἁνθρωπότης
961 2754 1272 2810 ἐπιδέδωκε.
1320 2753 1491 2808 Πόθεν
1545 2752 1722 2807 τοίνυν
1768 2754 1971 2817 ἐκεῖνος
2012 2757 2041 2808 ό

464 2842 794 2914 παραπαίων
817 2845 985 2897 οίεται
1019 2844 1366 2917 ἀφαιρεῖσθαι
1394 2843 1537 2899 κατά
1567 2843 1761 2916 βραχὺ,
1786 2845 1853 2915 ἣν
1872 2845 2040 2897 πλατ-

463 2934 686 3004 τόμενός
729 2952 873 3010 φησι.
915 2937 1287 3009 συγκραθῆναι
1316 2940 1381 3008 τῇ
1427 2940 1596 3009 κακίᾳ
1622 2919 1894 3008 ’δύναμιν;
1925 2937 2039 3006 είγε

464 3024 533 3077 τά
565 3024 704 3078 αὐτὰ
729 3026 986 3091 ὡσαύτως
1008 3028 1118 3098 ἔχει
1144 3028 1286 3081 κατά
1303 3031 1508 3099 κόσμον
1525 3046 1538 3059 ·
1558 3028 1617 3082 τὸ
1645 3029 1775 3081 αὐτὸ
1808 3029 1905 3099 μὲν
1932 3028 2037 3100 γὰρ

463 3116 564 3188 τῆς
586 3117 796 3188 ἡμέρας
824 3119 1038 3190 μέτρον,
1081 3120 1141 3173 τὸ
1167 3120 1297 3173 αὐτὸ
1320 3120 1503 3191 δὲετῆς
1538 3121 1765 3197 νυκτόςς
1793 3122 1884 3173 καὶ
1913 3119 2037 3172 οὔτε

466 3208 527 3261 τὸ
555 3208 670 3278 φῶς
690 3209 1012 3279 ἠλάττωται,
1035 3210 1156 3263 οὔτε
1176 3211 1235 3263 τὸ
1266 3210 1455 3275 σκότος
1486 3211 1808 3264 ἐπλεόνασεν
1825 3230 1837 3242 ·
1874 3215 1901 3266 ὁ
1931 3213 2038 3282 γὰρ

466 3301 629 3363 αὐτὸς
678 3301 830 3371 ἡλίου
880 3302 1075 3375 δρόμος
1108 3302 1202 3355 καὶ
1237 3302 1485 3374 σελήνης,
1526 3303 1620 3356 καὶ
1662 3302 1759 3374 μία
1782 3302 1846 3373 δὴ
1885 3302 2036 3368 τάξις

464 3391 499 3463 ἡ
531 3388 592 3455 ἐξ
619 3392 792 3463 ἀρχῆς
807 3393 1069 3465 γενομένη
1089 3394 1353 3464 διαμένει.

2137 660 2294 731 quit;
2350 658 2419 714 ad
2472 665 2774 713 extremum
2829 655 2972 710 enim
3022 657 3201 712 vincet
3246 672 3388 720 eam,
3452 649 3723 728 facietque

2139 758 2199 805 ut
2235 750 2457 804 redacta
2512 749 2568 803 in
2628 747 2839 817 glebam
2875 760 2907 799 a
2956 746 3141 816 seipsa,
3196 748 3568 803 comburatur.
3609 748 3724 805 Cur

2139 843 2303 912 igitur
2332 857 2439 895 non
2467 840 2594 895 fecit
2618 840 2724 893 hoc
2753 854 2783 893 a
2812 838 3124 909 principio?
3152 837 3343 892 Utrum
3376 854 3485 893 non
3520 840 3714 905 voluit,

2138 947 2206 986 an
2237 948 2346 986 non
2382 932 2595 1002 potuit?
2646 929 2702 985 Si
2744 929 2938 993 noluit,
2970 929 3243 999 quomodo
3294 945 3488 985 rursus
3537 931 3719 994 volet,

2143 1025 2460 1096 pmnitentia
2493 1022 2730 1096 ductus,
2754 1021 3008 1092 judicans
3061 1033 3115 1075 et
3152 1021 3360 1090 eligens
3413 1022 3559 1091 quod
3606 1037 3723 1077 meo

2144 1092 2249 1170 lius
2286 1116 2412 1171 est?
2437 1115 2627 1171 Nonne
2653 1092 2959 1186 pertinebat
2986 1114 3054 1171 ad
3085 1114 3290 1169 bonum
3321 1113 3479 1167 aliter
3502 1128 3532 1166 a
3567 1113 3720 1183 prin-

2140 1208 2285 1278 cipio
2320 1206 2561 1263 funditus
2586 1208 2767 1263 delere
2797 1207 3122 1278 nequitiam,
3150 1207 3196 1262 si
3229 1206 3448 1275 quidem
3481 1213 3725 1274 poterat?

2142 1295 2235 1349 Sin
2260 1311 2390 1350 vero
2411 1312 2520 1350 non
2554 1305 2802 1366 poterat,
2849 1295 3150 1365 periculum
3182 1292 3517 1349 inﬁrmitatis
3543 1293 3595 1346 in
3625 1308 3725 1346 au-

2138 1388 2443 1442 ctoritatem
2476 1387 2661 1442 mundi
2715 1387 2962 1456 emergit.
3019 1385 3301 1452 Quomodo
3352 1400 3484 1455 ergo
3533 1392 3720 1454 postea

2141 1481 2378 1549 poterit?
2416 1495 2485 1533 an
2513 1480 2722 1535 viribus
2754 1495 2893 1550 quas
2942 1494 3050 1533 non
3085 1477 3339 1541 habebat,
3375 1477 3678 1547 assumptis
3702 1515 3719 1541 ,

2138 1573 2223 1626 vel
2275 1586 2613 1642 augescens,
2658 1572 2743 1627 vel
2785 1571 3156 1626 accessionem
3212 1578 3267 1623 et
3314 1568 3719 1624 incrementum

2140 1664 2444 1719 adhibens?
2473 1665 2517 1719 si
2568 1664 2712 1718 enim
2749 1664 2910 1719 ambo
2953 1661 3230 1717 contraria
3270 1661 3513 1731 ingenita
3547 1666 3717 1725 sunt,

2138 1738 2393 1809 neutrum
2423 1754 2788 1808 accretiouem
2830 1762 2924 1807 aut
2966 1751 3400 1807 imminutionem
3434 1749 3628 1819 recipit

2214 1843 2411 1898 Totum
2441 1844 2607 1913 igitur
2631 1849 3003 1904 commentum
3035 1838 3255 1895 barbari
3282 1837 3586 1894 consistere
3618 1851 3722 1890 ne-

2075 1918 2282 2006 Bquit.
2338 1935 2480 2001 Quid
2534 1936 2705 1990 vero?
2766 1950 2834 1988 an
2889 1934 3021 1987 dicit
3060 1931 3412 1993 Manichaaus,
3463 1943 3629 1984 sensu
3659 1942 3721 1983 se

2142 2027 2455 2097 percepisse
2500 2025 2760 2095 majorem
2817 2026 2902 2081 vel
2947 2025 3212 2078 minorem
3257 2030 3467 2091 partem
3503 2017 3721 2072 virtutis

2141 2117 2388 2172 admistm
2431 2117 2672 2171 materiae
2707 2125 2949 2185 ereptam
2980 2122 3034 2169 et
3065 2110 3413 2183 ademptam?
3438 2108 3718 2180 Siquidem

2141 2226 2205 2265 ex
2235 2224 2342 2280 quo
2369 2210 2497 2263 luna
2526 2208 2726 2264 crescit
2751 2217 2806 2263 et
2834 2207 3123 2272 decrescit,
3155 2203 3318 2269 Deus,
3349 2202 3559 2273 inquit,
3586 2215 3721 2270 pau-
3801 2260 3813 2277 ι

2140 2300 2295 2354 latim
2321 2306 2609 2368 recuperat
2633 2298 2779 2368 quod
2808 2298 2951 2352 lunae
2981 2297 3263 2367 proprium
3296 2303 3411 2359 est;
3445 2301 3500 2348 et
3533 2301 3719 2347 tamen

2140 2398 2223 2445 tot
2255 2392 2470 2447 saeculis
2510 2391 2701 2461 lapsis,
2734 2405 2915 2460 neque
2948 2404 3121 2460 genus
3149 2387 3448 2441 humanum
3486 2397 3720 2438 numero

2140 2482 2440 2539 viventium
2480 2482 2829 2536 imminutum
2861 2489 2967 2545 est,
3020 2494 3124 2534 nec
3167 2478 3337 2532 ullum
3367 2474 3513 2530 aliud
3546 2489 3719 2545 genus

2141 2573 2558 2645 quadrupedum
2624 2571 3044 2628 diminutionem
3105 2570 3270 2624 ullam
3333 2568 3478 2636 cepit
3530 2565 3719 2635 :quin

2141 2670 2324 2741 potius
2363 2685 2484 2741 quae
2536 2669 2678 2724 facta
2710 2674 2861 2730 sunt,
2894 2666 3058 2721 solito
3091 2678 3244 2719 more
3276 2660 3433 2726 ﬁunt,
3469 2666 3524 2715 et
3569 2658 3720 2715 desi-

2140 2767 2280 2815 nunt
2310 2774 2463 2825 esse;
2498 2766 2552 2813 et
2582 2757 2763 2812 adhuc
2795 2755 2972 2827 magis
3014 2751 3331 2808 humanitas
3369 2750 3426 2803 in
3471 2748 3721 2803 multitu-

2139 2848 2322 2905 dinem
2370 2849 2579 2904 crevit.
2636 2845 2791 2902 Unde
2842 2845 3010 2917 igitur
3059 2844 3289 2899 insanus
3337 2841 3428 2895 ille
3465 2838 3721 2910 Opinatur

2139 2941 2401 3013 paulatim
2453 2939 2656 2994 auferri
2709 2938 2988 3000 virtutem,
3027 2950 3194 3006 quam
3243 2933 3397 3002 lingit
3426 2930 3720 2984 admistam

2138 3044 2262 3086 esse
2305 3027 2605 3098 nequitiae?
2658 3025 2944 3096 Siquidem
2994 3024 3183 3079 eadem
3219 3020 3472 3076 similiter
3510 3034 3569 3074 se
3621 3018 3721 3072 ha-

2139 3122 2267 3176 bent
2294 3122 2351 3176 in
2377 3119 2619 3187 mundo;
2653 3119 2843 3174 eadem
2878 3115 3024 3172 enim
3055 3122 3140 3170 est
3181 3127 3439 3168 mensura
3472 3110 3603 3176 diei,
3627 3125 3721 3166 ea-

2141 3212 2262 3266 dem
2303 3212 2516 3277 noctis;
2556 3225 2734 3279 neque
2766 3211 2950 3263 lumen
2986 3206 3159 3277 magis
3184 3213 3352 3260 tenue
3381 3204 3588 3259 factum
3610 3209 3716 3267 est,

2142 3315 2316 3370 neque
2355 3301 2591 3353 tenebrae
2609 3299 2845 3366 majores
2879 3317 2893 3351 :
2930 3295 3074 3351 idem
3118 3307 3359 3363 namque
3403 3301 3491 3348 est
3516 3299 3719 3350 rursus

2056 3402 2061 3405 ‘
2142 3392 2276 3446 solis
2316 3397 2370 3444 et
2403 3390 2565 3455 lunae,
2629 3389 2683 3443 id
2720 3395 2825 3450 est,
2873 3386 3016 3441 idem
3056 3384 3194 3439 ordo
3223 3386 3317 3454 qui
3359 3398 3390 3436 a
3450 3382 3718 3454 principio

2144 3482 2320 3537 factus
2357 3488 2440 3536 est
2460 3521 2476 3545 ,
2510 3486 2837 3549 perseverat.

465 3589 594 3648 CAP.
625 3587 814 3646 XXXI.
856 3588 1153 3644 Secundum
1176 3588 1409 3654 Mancm,
1442 3590 1742 3644 substantia
1770 3591 1863 3663 Dei
1888 3595 2110 3660 patitur,
2138 3598 2186 3649 si
2225 3596 2416 3648 anima:
2445 3594 2763 3663 puniantur.
2803 3590 2945 3645 Deus
2980 3589 3156 3643 imolet
3188 3586 3511 3657 profundum
3533 3583 3551 3592 ”
3575 3585 3717 3644 und:

1474 3664 1720 3715 materia.
1755 3662 2101 3718 Diabolorum
2133 3665 2353 3718 malitia:
2383 3662 2707 3734 progressus.

547 3775 875 3847 Ἐρωτητέον
911 3775 967 3829 δὲ
995 3776 1236 3839 κάκεῖνο,
1272 3777 1333 3828 El
1363 3777 1418 3829 αἱ
1442 3776 1827 3848 ἀμαρτήσασαι
1850 3779 2038 3848 ψυχαὶ,

465 3869 559 3924 καὶ
592 3869 805 3940 μυρίοις
863 3867 1161 3938 ἐνεχθεῖσαι
1216 3872 1406 3932 κακοῖς
1452 3870 1508 3921 ἐν
1553 3868 1631 3939 τῷ
1675 3868 1796 3939 βίῳ,
1828 3869 2039 3923 τίσουσι

462 3962 617 4033 δίκην
662 3955 736 4015 ὧν
762 3961 1208 4031 ἐπλημμέλησαν,
1235 3962 1268 4031 ἢ
1300 3960 1398 4029 ob;
1428 3962 1488 4015 Εἰ
1521 3962 1617 4032 μὲν
1643 3958 1734 4015 οὖν
1776 3962 2036 4027 τίσουσιν,

462 4049 494 4104 ὃ
534 4049 597 4121 δὴ
629 4049 723 4103 καὶ
773 4048 932 4113 αὐτὸς
963 4049 1213 4120 ὁμολογεῖ
1234 4051 1291 4103 ὲν
1312 4053 1378 4121 τῇ
1413 4049 1589 4121 βώλῳ,
1626 4050 1826 4115 ταύτας
1854 4054 2035 4122 ἐμπα-

463 4142 728 4214 γήσεσθαι
760 4142 873 4213 ἅμα
901 4144 966 4213 τῇ
1001 4142 1170 4213 κακίᾳ
1223 4140 1396 4210 λέγων
1419 4159 1432 4172 ·
1464 4142 1818 4212 εὑρεθήσεται
1853 4146 1881 4196 ὁ
1907 4145 2038 4206 Θεὸς

462 4237 562 4307 τὴν
593 4233 786 4287 ἐαυτοῦ
841 4232 1000 4304 φύσιν
1038 4235 1471 4305 τιμωρούμενος·
1518 4228 1578 4288 οὗ
1636 4235 1689 4287 τί
1736 4234 1801 4288 ἂν
1832 4235 2039 4303 γένοιτο

435 4325 844 4398 ,ἁτοπώτεροη
874 4327 923 4379 εί
956 4325 1012 4379 δὲ
1057 4325 1391 4398 ἁτιμῶρητοι
1433 4325 1665 4393 ἔσονται,
1701 4328 1800 4381 οὐκ
1837 4328 2039 4393 ἄλυπος
2080 4328 2083 4331 ’

461 4418 557 4470 καὶ
616 4415 847 4488 ἀζήμιος
898 4418 1056 4487 μόνον
1092 4419 1125 4488 ἡ
1158 4418 1425 4490 ἁμαρτία,
1462 4419 1597 4473 ἀλλὰ
1650 4421 1745 4474 καὶ
1774 4421 1934 4474 πλέον
1971 4422 2037 4476 ἂν

461 4509 606 4581 ἔχειν
631 4510 811 4578 δοκοίη
844 4509 944 4579 τῆς
965 4508 1309 4581 δικαιοσύνης
1333 4530 1345 4542 ·
1367 4511 1481 4581 εἴγε
1507 4512 1601 4567 καὶ
1629 4514 1686 4567 ὲν
1708 4513 1785 4584 τῷ
1811 4515 2036 4585 παρόντι

461 4601 615 4654 αἰῶνι
666 4601 764 4671 τὴν
805 4600 996 4671 ἡδονὴν
1050 4602 1313 4672 προσάγοι
1343 4603 1420 4673 τῷ
1450 4604 1706 4674 μετιόντι,
1739 4608 1833 4660 καὶ
1873 4608 1931 4660 ἐν
1959 4605 2035 4677 τῷ

465 4691 709 4750 μέλλοντι
731 4691 998 4763 τιμωρίας
1028 4692 1174 4746 αἰτία
1209 4695 1282 4765 μὴ
1297 4695 1541 4763 γένοιτο.

528 4863 673 4935 Πρὸς
714 4863 770 4916 δὲ
803 4863 1013 4924 τούτοις
1047 4864 1216 4917 ἅπασι
1250 4864 1561 4936 θαύμαστον
1594 4869 1758 4923 αὐτοῦ
1791 4871 2029 4939 κάκεῖνο,

459 4955 587 5011 ἐνθα
611 4957 795 5028 φησὶν,
817 4956 912 5020 ὡς,
940 4955 1038 5025 τῆς
1076 4957 1272 5019 κακίας
1314 4959 1561 5012 ἐνταυθοῖ
1604 4962 2029 5035 ἀσχολουμένης,

459 5049 592 5113 Θεὸς
619 5050 677 5101 ἐν
704 5046 780 5117 τῷ
816 5046 1016 5116 μεταξὺ
1049 5045 1111 5099 τὸ
1152 5046 1311 5118 βάθος
1343 5049 1645 5121 ἀναπληροῖ
1661 5054 1872 5122 χώματι
1908 5055 2030 5109 ὅθεν

460 5139 727 5210 ἀνέκυψεν
755 5142 788 5210 ἡ
815 5138 936 5212 ῦλη,
966 5139 1109 5193 κατὰ
1124 5141 1220 5212 τὴν
1242 5141 1404 5194 αὐτοῦ
1433 5141 1741 5215 δεινοτάτην
1776 5146 2029 5200 ἔκστασιν

464 5235 539 5305 μὴ
580 5234 871 5298 συνιέντος,
908 5233 983 5296 ὡς
1011 5233 1071 5287 τὸ
1110 5234 1544 5305 ἐπιϐαλλόμενον.
1572 5238 1632 5289 Εἰ
1671 5238 1767 5308 μὲν
1795 5239 1901 5292 ἀπὸ
1930 5241 2031 5311 τῆς

460 5326 561 5394 γῆς
620 5326 707 5397 εἴη
750 5325 845 5379 τοῦ
896 5325 1125 5394 ἀγαθοῦ,
1159 5327 1281 5380 τίνα
1330 5329 1525 5398 τρόπον
1571 5330 1682 5400 ἔχει
1724 5331 1926 5403 χώραν,
1972 5334 2030 5386 ὲν

459 5419 609 5487 τόπῳ
650 5436 715 5486 γε
767 5419 1024 5490 ἐναντίῳ;
1081 5420 1128 5472 εἰ
1159 5420 1215 5474 δὲ
1245 5423 1309 5474 ἐκ
1340 5422 1448 5475 τῶν
1484 5423 1667 5494 μερῶν
1699 5426 1794 5497 τῆς
1836 5426 2030 5490 κακίας

457 5506 521 5562 τὸ
541 5510 736 5562 οἰκεῖον
760 5512 859 5565 οὐκ
881 5511 1147 5565 ἐκκλείσει
1170 5513 1279 5583 (12)
1298 5514 1393 5586 τὴν
1426 5515 1646 5569 αὐτόθεν
1672 5517 1830 5588 ὡρμη
1840 5518 2024 5589 μένην.

460 5602 712 5674 Κάθηται
738 5602 795 5656 δὲ
813 5604 947 5669 Θεὸς
977 5605 1119 5659 κατὰ
1147 5605 1237 5659 τὸν
1274 5608 1524 5661 Μάνεντα
1559 5608 1624 5661 δι’
1650 5610 1842 5673 αἰῶνος
1866 5628 2003 5681 μετα

460 5694 640 5767 φέρων
663 5694 910 5768 χώματα,
942 5699 1036 5751 καὶ
1083 5698 1223 5753 κατά
1251 5698 1423 5770 βραχὺ
1466 5700 1854 5770 προσχωννύων
1888 5701 2027 5773 βάθη

2206 3778 2643 3835 Pcrcontandum
2667 3779 2829 3855 etiam
2864 3776 2996 3831 illud
3020 3795 3032 3830 :
3053 3774 3190 3829 Num
3219 3775 3413 3855 animae
3440 3788 3560 3844 quae
3590 3788 3717 3844 pec-

2135 3878 2396 3926 caverunt
2431 3878 2485 3927 et
2513 3852 2849 3926 inﬁnitorum
2892 3870 3160 3923 malorum
3208 3868 3267 3921 in
3304 3852 3416 3921 vita
3447 3881 3553 3922 rete
3587 3864 3711 3920 fue-

2138 3971 2287 4028 runt,
2316 3964 2525 4019 dabunt
2566 3978 2756 4035 poenas
2805 3977 2996 4017 eorum
3028 3977 3148 4031 qum
3179 3961 3593 4018 commiserunt,
3644 3973 3716 4013 an

2135 4055 2286 4109 non?
2346 4052 2404 4107 Si
2456 4055 2675 4124 quidem
2714 4053 2963 4117 dabunt,
3025 4053 3170 4123 quod
3223 4049 3443 4121 quidem
3491 4057 3547 4105 et
3599 4050 3717 4120 ipse

2134 4144 2442 4209 conﬁtetur,
2496 4160 2621 4199 cum
2675 4145 2750 4198 ait
2809 4145 2862 4198 in
2907 4144 3061 4213 gleba
3110 4143 3213 4198 has
3264 4141 3566 4212 inligemlas
3593 4157 3717 4197 esse

2140 4253 2263 4291 cum
2294 4237 2558 4307 nequitia,
2605 4237 2910 4306 reperietur
2952 4234 3096 4290 Deus
3124 4242 3373 4287 naturam
3416 4247 3571 4287 suam
3609 4247 3715 4302 pu-

2139 4331 2286 4385 nire:
2315 4345 2425 4401 quo
2448 4329 2578 4399 quid
2611 4328 2909 4383 absurdius,
2929 4335 2983 4382 et
3013 4326 3338 4398 ﬂagitiosius
3366 4324 3481 4378 ﬁeri
3509 4324 3715 4393 potest?

2141 4418 2198 4474 Si
2241 4435 2371 4475 vero
2416 4418 2696 4490 impunitae
2726 4429 2779 4473 et
2810 4417 2997 4472 inultae
3036 4424 3218 4480 erunt,
3248 4430 3358 4469 non
3393 4414 3572 4468 solum
3615 4428 3712 4469 ne-

2135 4528 2241 4583 que
2270 4512 2514 4568 dolorem
2551 4526 2727 4582 neque
2762 4509 3018 4563 damnum
3052 4508 3240 4563 all‘eret
3276 4514 3582 4579 peccatum,
3614 4504 3711 4561 sed

2138 4605 2301 4659 etiam
2342 4605 2465 4676 plus
2494 4603 2724 4674 iustitia:
2773 4601 2976 4656 habere
3006 4601 3279 4655 videbitur
3317 4619 3329 4655 :
3362 4597 3710 4670 quandoqui-

2138 4697 2260 4752 dem
2316 4697 2375 4751 in
2426 4696 2531 4750 hoc
2563 4694 2762 4750 saeculo
2796 4693 3125 4762 voluptatem
3165 4691 3357 4747 afferat
3394 4687 3712 4759 suscipienli

2137 4798 2189 4845 et
2218 4789 2275 4842 in
2305 4787 2488 4842 futuro
2518 4802 2625 4841 non
2662 4787 2732 4841 sit
2776 4786 3027 4856 supplicii
3064 4799 3254 4842 causa.

2203 4880 2407 4935 Prmter
2445 4880 2560 4933 haec
2588 4879 2794 4939 omnia,
2828 4878 2961 4932 illud
2996 4886 3081 4932 est
3119 4878 3174 4931 in
3219 4878 3326 4932 isto
3358 4874 3708 4946 stupendum,

2114 4974 2228 5037 .ubi
2258 4973 2353 5036 ait,
2397 4971 2543 5042 quod
2575 4970 2819 5039 nequitia
2862 4970 2950 5025 hic
2982 4979 3275 5040 occupata,
3315 4968 3368 5022 id
3401 4976 3486 5023 est
3520 4968 3708 5037 ligata,

2134 5063 2279 5120 Deus
2319 5064 2535 5118 interim
2574 5062 2910 5134 profundum
2964 5060 3153 5130 implet
3194 5074 3388 5129 aggere
3420 5056 3564 5112 unde
3589 5070 3711 5109 ma-

2138 5156 2277 5212 teria
2303 5157 2558 5220 emersit;
2590 5155 2729 5209 nihil
2759 5154 2880 5224 ipso
2920 5153 2974 5206 in
2999 5150 3320 5223 gravissima
3352 5148 3550 5204 mentis
3577 5148 3712 5202 alie-

2135 5247 2358 5304 natione
2405 5247 2742 5316 intelligente
2807 5245 2882 5308 ὠς
2909 5243 2972 5296 τὸ
3001 5241 3445 5311 ἐπιϐαλλόμενον,
3468 5247 3529 5294 ιιι
3563 5238 3711 5309 quod

2136 5339 2503 5409 injiciebatur.
2563 5337 2622 5391 Si
2666 5344 2785 5392 erat
2831 5352 2897 5391 ex
2939 5342 3087 5389 terra
3134 5332 3284 5397 boni,
3319 5330 3596 5402 quomodo
3653 5330 3709 5384 in

2136 5430 2259 5484 loco
2303 5427 2578 5484 contrario
2607 5427 2908 5499 recipitur?
2939 5422 2996 5479 Si
3021 5432 3200 5479 autem
3228 5438 3295 5477 ex
3333 5421 3584 5492 partibus
3613 5433 3710 5474 ne-

2136 5523 2341 5594 quitite,
2384 5521 2529 5592 quod
2561 5535 2628 5576 ex
2666 5528 2823 5591 parte
2852 5517 3107 5587 nequitia:
3147 5525 3232 5571 est
3261 5522 3314 5571 et
3342 5513 3392 5569 ei
3426 5510 3705 5573 convenit,

2137 5627 2247 5666 non
2286 5610 2528 5665 includet
2558 5608 2684 5664 inde
2706 5618 2952 5664 exortam
2991 5605 3299 5661 materiam.
3334 5601 3496 5658 Sedet
3522 5607 3704 5656 autem

2137 5702 2299 5772 Deus,
2348 5712 2569 5761 auctore
2601 5700 2918 5769 Manichwo,
2963 5696 3302 5757 transferens
3347 5709 3560 5767 semper
3609 5705 3709 5765 ag-

531 5849 642 5925 (12)
681 5855 1030 5910 Ἑκκλείσει.
1074 5854 1157 5912 An
1187 5855 1497 5926 ἐγκλείσειῖ
1546 5857 1636 5916 Sic
1684 5859 1893 5932 legebat
1936 5860 2227 5931 interpres.
