4100 6418
425 380 564 442 11ίὸ

1575 374 1714 430 TITI
1755 370 2182 430 BOSTRENSIS
2213 369 2531 427 EPISCOPI

3543 371 3679 427 1116

424 517 602 574 geres,
636 509 690 555 et
718 498 974 570 paulatim
1011 497 1259 569 quaedam
1297 495 1566 568 profunda
1599 496 1888 566 aggeribus
1918 509 1999 549 re-

2111 491 2238 546 τινά.
2269 492 2332 544 Ὢ
2355 492 2452 562 τῆς
2478 490 2673 560 ἀλόγου
2707 489 2932 560 μανίαςί
2968 487 3103 560 πρὸς
3139 489 3205 561 ἢν
3243 490 3301 542 έν
3331 491 3442 554 τοῖς
3471 488 3680 544 πλείοσι

425 598 603 664 piens.
645 593 688 648 Ο
715 600 982 646 amentem
1015 591 1288 646 furorem!
1337 589 1406 643 ad
1431 605 1592 661 quem
1627 589 1876 660 pluribus
1914 585 1998 640 vel

423 688 614 742 saltem
647 683 980 755 respondere
1012 699 1100 738 res
1131 692 1217 738 est
1254 683 1507 738 ridicula.

496 779 556 834 Si
583 795 712 833 vero
741 779 907 833 vultis
933 779 1096 841 scire,
1134 778 1409 832 dmmones
1431 777 1579 847 ipsos
1613 790 1722 830 non
1749 789 1871 829 esse
1893 787 2002 828 ma-

426 872 508 927 los
551 885 582 924 a
615 871 819 936 radice,
867 885 1044 941 neque
1072 871 1273 924 habere
1314 868 1552 923 radicem
1592 866 1710 920 vitii
1744 874 1798 921 et
1828 865 2002 934 turpi-

426 965 654 1028 tudinis,
697 964 792 1020 sed
839 967 1120 1018 voluntate
1160 966 1264 1015 huc
1307 961 1680 1030 processisse,
1731 973 1856 1013 cum
1893 973 2001 1010 non

425 1067 611 1114 essent
638 1067 831 1112 natura
861 1058 1022 1119 mali,
1056 1070 1232 1125 neque
1264 1062 1459 1108 natura
1489 1052 1713 1122 ascripti
1746 1051 2005 1121 ignoran-

426 1152 537 1216 tiae,
586 1167 695 1204 non
741 1166 844 1204 nox
895 1157 948 1203 et
979 1148 1217 1202 tenebrae
1264 1143 1562 1200 secundum
1612 1142 2001 1204 substantiam,

428 1244 525 1298 sed
553 1243 740 1297 habitu
771 1251 825 1296 et
853 1241 1069 1304 studiis,
1103 1247 1158 1294 et
1183 1238 1506 1292 tractatione
1539 1234 1853 1304 hujusmodi
1895 1241 2006 1287 stu-

428 1337 644 1392 diorum
695 1335 816 1388 l'acti
868 1335 1039 1396 tales,
1089 1332 1431 1401 inquiramus
1468 1325 1817 1398 disputando.
1848 1324 2005 1380 Caeca

430 1431 598 1500 igitur
641 1439 834 1482 natura
884 1441 1060 1496 neque
1111 1426 1394 1478 minimum
1458 1423 1676 1494 quidem
1720 1429 2003 1490 aspectum

431 1521 671 1584 habebit,
709 1529 763 1574 et
795 1521 911 1589 ipsa
944 1517 1250 1588 ignorantia
1284 1531 1463 1585 neque
1497 1515 1697 1570 stillam
1739 1513 2006 1584 cognitio-

427 1615 516 1675 nis
553 1614 656 1668 sibi
689 1611 1006 1673 vindicabit,
1055 1624 1233 1678 neque
1263 1623 1372 1662 nox
1401 1607 1520 1676 ipsa
1555 1614 1610 1661 et
1657 1606 1896 1660 tenebrae
1925 1604 2006 1660 sic

429 1713 626 1760 natura
670 1712 804 1758 ortze
846 1703 929 1756 vel
961 1703 1016 1754 in
1050 1715 1279 1771 parvum
1322 1698 1669 1769 splendorem
1713 1693 2008 1750 mutabun-

431 1809 520 1854 tur
555 1817 567 1853 :
605 1802 825 1866 apparet
869 1804 1051 1848 autem
1084 1794 1409 1864 cognovisse
1448 1791 1723 1845 daemones
1753 1788 2006 1844 Salvato-

2102 585 2195 638 καὶ⁵
2229 584 2399 653 γέλως
2424 584 2485 636 τὸ
2505 583 2635 654 γοῦν
2664 582 3080 655 ἀποκρίνασθαι.

2175 765 2237 817 Εἰ
2266 763 2322 816 δὲ
2363 763 2616 834 βούλεσθε
2645 763 2856 834 μαθεῖν,
2878 765 2962 817 δτι
3010 764 3104 816 καὶ⁵
3141 766 3192 816 οί
3233 764 3485 834 δαίμονες
3530 765 3682 816 αὐτοὶ

2105 859 2202 910 ούκ
2243 857 2350 910 ἀπὸ
2399 858 2554 928 ῥίζης
2588 859 2693 910 εἰσὶ
2725 858 2903 920 κακοὶ,
2936 857 3056 910 οὐδὲ
3091 858 3245 927 ῥίζαν
3274 857 3502 919 ἀτοπίας
3528 856 3683 926 ἕχον.)-

2107 967 2211 1013 σιν,
2243 950 2377 1004 ἀλλά
2417 951 2655 1004 κάκεῖνοι
2689 950 2797 1003 ἀπὸ
2828 951 3199 1022 προαιρέσεως
3227 951 3318 1002 ἐπὶ
3362 949 3519 1002 τοῦτο
3555 948 3680 1018 ἐλή-

2104 1041 2349 1108 λύθασιν,
2379 1043 2440 1096 ού
2467 1044 2690 1113 πονηροὶ
2723 1044 2823 1115 τὴν
2855 1043 3014 1113 φύσιν
3048 1043 3220 1107 ὄντες,
3245 1045 3344 1096 ούκ
3374 1043 3566 1112 ἀγνοίᾳ
3595 1044 3684 1110 ἔγ-

2105 1133 2497 1206 γεγραμμένοι,
2527 1133 2649 1187 οὔτε
2684 1133 2780 1198 νὺξ
2803 1135 2894 1188 καὶ
2921 1135 3106 1198 σκότος
3138 1134 3237 1205 τὴν
3262 1135 3448 1186 οὐσίαν
3478 1133 3682 1200 τυγχά-

2105 1245 2307 1292 νοντες,
2334 1229 2449 1280 ἀλλ’
2481 1228 2590 1293 ἕξει
2637 1228 2730 1280 καὶ
2781 1227 3192 1298 ἐπιτηδεύμασι,
3234 1230 3298 1297 τῇ
3345 1216 3686 1299 ἐπιχειρήσει

2106 1321 2213 1374 τῶν
2241 1320 2497 1374 τοιούτων
2525 1322 2805 1390 γεγονότες
2825 1339 2838 1352 ·
2869 1321 2959 1373 τὸν
2987 1320 3143 1390 λόγον
3185 1320 3529 1390 ἐξετάσωμεν
3549 1337 3561 1348 ·
3594 1336 3686 1371 τυ-

2107 1413 2212 1486 φλὴ
2239 1414 2336 1484 μὲν
2375 1409 2466 1466 οὖν
2520 1413 2679 1483 φύσις
2736 1413 2858 1466 οὐδὲ
2905 1413 2962 1465 ἐν
3012 1412 3268 1484 ἐλαχίστῃ
3309 1411 3403 1465 xc).
3438 1410 3684 1481 ὀλίγῃτῇ

2109 1505 2293 1576 βλέψει
2342 1507 2660 1577 γενήσεται·
2715 1506 2807 1559 καὶ
2848 1507 2985 1576 αύτὴ
3037 1507 3070 1576 ή
3116 1505 3305 1572 ἄγνοια
3339 1501 3459 1556 οὐδὲ
3498 1503 3686 1573 ῥανίδα

2109 1597 2361 1666 γνώσεως
2395 1599 2561 1668 ἑαυτῇ
2609 1599 3054 1668 προσποιήσεται,
3087 1595 3210 1649 οὐδὲ
3244 1593 3341 1659 νὺξ
3403 1595 3540 1664 αύτὴ
3592 1593 3686 1646 καὶ

2110 1689 2299 1752 σκότος
2317 1689 2378 1741 τὸ
2397 1688 2540 1742 οὕτω
2569 1689 2808 1758 πεφυκὸς
2836 1688 2936 1742 κᾶν
2967 1690 3047 1752 είς
3079 1689 3336 1759 βραχεῖαν
3366 1687 3687 1758 λαμπηδόνα

2112 1783 2637 1854 μεταποιηθήσεται·
2690 1783 2968 1852 φαίνονται
2993 1783 3049 1835 δὲ
3096 1784 3190 1835 καὶ
3214 1783 3264 1835 οί
3293 1782 3546 1852 δαίμονες
3593 1781 3688 1835 καὶ

430 1901 566 1948 rem,
589 1899 652 1937 ac
677 1883 960 1936 Dominum
993 1882 1280 1936 confessos
1298 1896 1450 1934 esse:
1471 1878 1704 1946 Scimus,
1729 1879 2004 1950 inquiunt,

2111 1875 2337 1946 Σωτῆρα
2369 1874 2588 1940 ειδότες,
2621 1875 2715 1928 καὶ
2744 1875 2948 1946 Κύριον
2968 1875 3354 1945 ὁμολογοῦντες
3373 1891 3386 1905 ·
3431 1874 3689 1944 Οἴδαμέν

430 1978 548 2048 quis
591 1977 663 2030 sis
724 1972 900 2028 Filius
949 1973 1049 2028 Dei
1080 1974 1178 2027 vivi
1207 1973 1255 2028 ‘.
1311 1973 1653 2043 Cognoscere
1683 1986 1863 2028 autem
1899 1990 2007 2028 non

433 2079 609 2141 potest
638 2067 968 2139 ignorantia,
1013 2081 1190 2136 neque
1247 2065 1433 2122 videre
1487 2065 1725 2121 ccecitas.
1793 2064 2004 2130 Sciunt,

431 2171 486 2218 et
545 2179 731 2217 verum
788 2162 978 2215 dicunt
1034 2161 1292 2224 scientes,
1365 2166 1419 2214 et
1482 2175 1592 2213 non
1647 2175 1742 2230 per
1801 2160 2008 2212 calum-

432 2256 578 2309 niam
611 2272 625 2320 ;
659 2255 848 2308 dicunt
895 2252 1040 2308 enim
1064 2293 1078 2315 ,
1122 2250 1336 2304 tametsi
1383 2264 1493 2303 non
1524 2249 1764 2320 legitima
1806 2259 1859 2304 et
1894 2250 2009 2302 sin-

431 2361 559 2402 cera
591 2345 897 2409 aﬂectione,
941 2343 1247 2398 veritatem.
1293 2339 1411 2396 Non
1456 2340 1567 2412 jam
1599 2341 1666 2396 de
1719 2356 1860 2396 caeca
1910 2356 2008 2395 na-

431 2449 556 2494 tura
582 2447 675 2491 aut
705 2435 1014 2507 ignorantia
1045 2445 1410 2500 accusantur;
1467 2433 1672 2503 alioqui
1723 2448 1792 2487 ne
1839 2434 2005 2487 mini-

433 2541 582 2582 mum
618 2527 839 2596 quidem
889 2525 1176 2588 vidissent,
1211 2537 1313 2578 nec
1350 2523 1400 2578 ei
1437 2523 1714 2592 supplices
1749 2522 2004 2588 fuissent,

434 2634 613 2690 neque
642 2618 939 2673 cessissent
970 2615 1142 2680 dicto,
1174 2630 1352 2685 neque
1380 2629 1670 2670 secernere
1697 2614 2009 2684 potuissent

433 2729 559 2768 eum
589 2713 680 2783 qui
712 2711 984 2782 apparuit,
1023 2709 1117 2764 sed
1150 2707 1332 2778 potius
1364 2707 1771 2761 existimassem
1796 2722 1862 2762 ex
1896 2708 2013 2764 suis

431 2821 575 2872 esse,
620 2805 864 2874 nihilque
902 2803 1044 2856 inter
1094 2800 1303 2869 seipsos
1336 2805 1390 2852 et
1428 2797 1578 2851 illum
1605 2797 1890 2853 interesse.

2113 1983 2206 2029 σε,
2238 1963 2329 2033 τίξ
2358 1963 2432 2030 εἷ,
2463 1966 2731 2034 λέγοντες,
2776 1971 2808 2020 ό
2850 1968 2980 2034 Υἱὸς
3003 1968 3110 2021 τοῦ
3138 1967 3285 2021 Θεοῦ
3312 1968 3416 2021 τοῦ
3452 1967 3684 2033 ζῶντος.

2113 2057 2322 2112 Εἰδέναι
2344 2058 2400 2111 δὲ
2415 2057 2603 2126 ἄγνοια
2622 2059 2682 2112 ού
2703 2059 2945 2122 δύναται,
2972 2060 3064 2112 καὶ
3081 2059 3299 2128 βλέπειν
3323 2058 3497 2130 τυφλὴ
3531 2059 3690 2128 φύσις

2111 2153 2210 2206 οὑκ
2251 2153 2444 2222 ίσχύει.
2489 2155 2683 2216 Ἴσασι,
2731 2155 2824 2206 καὶ
2873 2153 3226 2224 ἀληθεύουσιν
3261 2154 3480 2219 εἰδότες,
3508 2155 3600 2208 καὶ
3627 2157 3690 2208 οὐ

2114 2245 2572 2314 συκοφαντοῦντες
2612 2246 2862 2314 λέγουσι’
2895 2247 3111 2314 λέγουσι
3153 2246 3283 2316 γάρ,
3312 2245 3463 2309 ὄντες
3490 2246 3591 2299 κᾶν
3615 2247 3691 2318 μὴ

2113 2339 2311 2408 γνησίᾳ
2359 2337 2632 2401 διαθέσει,
2697 2340 2794 2408 τὴν
2838 2339 3112 2410 ἀλήθειαν.
3155 2340 3351 2393 Οὐκέτι
3399 2339 3573 2412 τύφλῇ
3623 2341 3690 2414 τῇ

2113 2430 2270 2500 φύσει
2304 2429 2427 2483 οὔτε
2451 2433 2516 2501 τῇ
2569 2431 2762 2503 ἀγνοίᾳ
2802 2432 3234 2504 κατηγοροῦνται
3263 2451 3276 2462 ·
3310 2428 3343 2507 ᾖ
3380 2434 3490 2504 γὰρ
3517 2433 3583 2487 ἂν
3610 2435 3694 2488 ού-

2112 2522 2170 2576 δὲ
2195 2523 2255 2576 τὸ
2283 2522 2563 2594 ἐλάχιστον
2593 2523 2800 2596 έώρων,
2830 2523 2952 2578 οῦτε
2978 2527 3153 2579 ἱκέται
3182 2523 3343 2597 ἦσαν,
3366 2527 3489 2580 οὗτε
3522 2545 3694 2599 παρε-

2113 2615 2323 2686 χώρουν
2377 2615 2456 2686 τῷ
2507 2615 2804 2687 λεγομένῳ,
2847 2617 2970 2670 οὔτε
3015 2618 3288 2690 διέκριναν
3335 2619 3425 2673 τὸν
3458 2621 3692 2690 φανέντα

2113 2706 2272 2759 ἄλλον
2307 2705 2414 2758 τῶν
2443 2704 2650 2758 πολλῶν
2679 2701 2842 2770 εἶναι,
2888 2707 2981 2760 καὶ
3028 2707 3178 2761 οὐδὲν
3215 2708 3492 2780 διαφέρειν
3529 2711 3692 2765 αὐτόν

2113 2817 2174 2852 τε
2209 2799 2305 2853 καὶ
2333 2798 2549 2862 αὐτούς.

935 2919 1068 2975 CAP.
1105 2915 1321 2972 XXXII.
1356 2916 1543 2971 Preces
1576 2915 1874 2971 dwmonum
1921 2917 2050 2974 Deo.
2081 2919 2355 2988 Quomodo
2384 2920 2673 2988 puniantur
2694 2919 2954 2973 dannones
2983 2921 3036 2974 in
3067 2919 3272 2989 inferis.

505 3036 611 3102 En,
663 3033 921 3089 animalia
959 3046 1068 3085 non
1115 3030 1322 3085 utentia
1363 3028 1575 3082 ratione
1614 3029 1890 3099 sapientes
1940 3030 2008 3085 ab

436 3127 820 3199 insipientibus
870 3139 979 3178 non
1027 3111 1428 3176 internosc'unt.
1481 3118 1539 3174 Si
1581 3130 1762 3175 autem
1806 3136 2010 3192 cogno-

2199 3032 2330 3086 Ἰδοὺ
2354 3031 2462 3103 γὰρ
2484 3031 2550 3086 τά
2581 3033 2750 3100 ἄλογα
2782 3031 2895 3096 ζῶα
2924 3031 3126 3102 μεταξὺ
3163 3030 3343 3102 σοφῶν
3369 3049 3427 3084 τε
3450 3030 3696 3088 καὶάσό-

2117 3141 2232 3192 φων
2257 3124 2357 3177 ούκ
2376 3124 2487 3195 ἔχει
2525 3125 2746 3188 εἰδέναι,
2793 3126 2933 3176 ποῖοι
2973 3125 3144 3192 σοφοὶ,
3175 3126 3267 3178 καὶ
3309 3128 3450 3179 ποῖοι
3481 3125 3693 3195 ἄσοφοι.

434 3227 632 3280 verunt
666 3219 956 3283 daemones,
1000 3223 1054 3271 et
1087 3223 1312 3286 propter
1345 3213 1619 3284 judicium
1665 3214 1829 3270 soluti
1887 3223 2010 3270 sunt

2119 3218 2181 3270 Εἰ
2231 3217 2287 3271 δὲ
2342 3216 2584 3286 ἔγνωσαν
2633 3218 2682 3269 οί
2731 3216 3004 3286 δαίμονες,
3040 3217 3134 3270 καὶ
3174 3217 3444 3288 διάκρισιν
3496 3219 3698 3285 εἰδότες

435 3314 552 3382 lege
577 3327 686 3365 non
710 3309 1116 3364 internoscendi
1147 3307 1291 3360 aliud
1315 3307 1384 3360 ab
1410 3307 1538 3372 alio,
1573 3315 1626 3361 et
1657 3306 2015 3376 dijudicando

435 3411 772 3476 agnoverunt
812 3402 971 3467 talia;
1012 3398 1355 3455 convincitur
1380 3413 1488 3452 non
1521 3396 1775 3452 nat'uram
1817 3399 1872 3453 in
1911 3400 2015 3455 hac

434 3515 516 3562 re,
548 3499 641 3554 sed
671 3497 1006 3551 voluntatem
1033 3492 1306 3548 moderari
1341 3509 1355 3546 :
1391 3492 1642 3562 quamvis
1674 3492 1820 3547 enim
1849 3509 2018 3563 aegro-

433 3600 513 3647 tet
538 3592 814 3654 voluntas,
834 3587 1084 3658 quamvis
1113 3593 1280 3652 erret,
1311 3601 1421 3639 non
1451 3593 1632 3640 tamen
1660 3584 1863 3640 desinit
1892 3600 2016 3640 esse

436 3682 665 3740 rationis
703 3682 1013 3751 particeps;
1061 3678 1194 3748 quin
1230 3679 1414 3748 potius
1445 3693 1554 3732 non
1585 3688 1668 3733 est
1693 3678 1797 3734 hoc
1844 3679 2016 3733 inter-

433 3781 700 3841 emptum.
758 3768 850 3822 Sic
885 3768 1161 3823 daemones
1205 3777 1543 3839 agnoverunt
1586 3785 1744 3832 eum,
1791 3784 2016 3840 rogave-

436 3869 586 3927 runt,
637 3860 910 3929 suppiices
958 3858 1008 3913 ei
1055 3857 1306 3924 fuerunt,
1351 3873 1420 3914 ne
1458 3858 1677 3928 juberet
1725 3874 1821 3913 eos
1864 3860 2017 3914 abire

437 3953 496 4012 in
547 3953 825 4024 abyssum.
892 3949 949 4005 Si
981 3957 1140 4006 erant
1179 3949 1273 4004 ﬁlii
1305 3951 1512 4022 abyssi,
1547 3951 1594 4006 si
1633 3951 2012 4022 cognationem

436 4060 562 4099 cum
588 4045 782 4116 abysso
814 4043 1110 4108 habebant,
1145 4057 1244 4097 cur
1284 4051 1518 4113 cognata
1551 4042 1870 4113 refugiunt?
1917 4059 2016 4097 cur

435 4131 676 4187 radicem
705 4147 858 4186 suam
900 4131 1190 4186 recusant?
1229 4133 1417 4203 potius
1445 4132 1590 4187 enim
1629 4147 1748 4186 eam
1780 4132 2013 4202 amplexi

435 4233 639 4289 essent,
674 4227 998 4281 arbitrantes
1032 4227 1277 4296 requiem
1305 4243 1459 4281 suam
1489 4241 1612 4281 esse
1643 4226 1695 4280 in
1723 4227 2014 4296 cognatio-

437 4334 506 4373 ne
546 4318 802 4390 positam,
845 4317 1116 4388 siquidem
1151 4317 1203 4370 in
1237 4317 1488 4388 cognatis
1519 4317 1575 4370 ﬁt
1601 4318 1900 4381 recreatio;
1959 4316 2014 4370 in

434 4410 738 4484 peregrinis
766 4425 894 4464 vero
924 4418 978 4464 et
1013 4409 1206 4464 alienis
1231 4409 1611 4464 alllictationes
1639 4427 1651 4464 :
1691 4409 1864 4478 magis
1899 4415 2016 4462 erat

435 4499 543 4554 illis
569 4499 906 4554 recusandus
933 4497 1125 4566 Jesus;
1156 4499 1329 4570 magis
1358 4497 1697 4554 recusandus
1726 4498 1814 4551 hic
1837 4499 2011 4563 locus,

2071 3357 2074 3360 .
2115 3309 2472 3364 ἀπολέλυνται
2504 3310 2617 3380 (l5)
2645 3309 2736 3363 τοῦ
2780 3309 3118 3382 ἀδιακρίτου,
3139 3309 3404 3380 διακρίσει
3437 3310 3497 3363 τδ
3523 3310 3699 3365 τοιοῦ-

2113 3418 2204 3454 τον
2243 3401 2644 3470 ἐπεγνωκότες·
2681 3400 2959 3472 ἐλέγχεται
2989 3403 3081 3454 καὶ
3105 3403 3162 3454 έν
3190 3402 3363 3472 τούτῳ
3399 3402 3473 3473 μὴ
3511 3401 3696 3472 φύσις,

2114 3493 2251 3546 ἀλλά
2302 3494 2616 3565 προαίρεσις
2686 3491 3142 3563 πρυτανεύουσα·
3199 3493 3302 3544 xiv
3362 3492 3472 3563 γὰρ
3527 3493 3696 3564 νοήσῃ

2116 3583 2457 3655 προαίρεσις,
2493 3583 2595 3636 κᾶν
2649 3581 2847 3652 σφάλῃ,
2889 3582 3039 3653 ὅμως
3072 3581 3167 3634 τοῦ
3193 3577 3329 3634 εἶναι
3359 3581 3553 3655 λογικὴ
3595 3583 3698 3636 οὐκ

2114 3675 2484 3746 ἀπήλλακται,
2509 3675 2623 3728 ἀλλ’
2660 3674 2774 3745 ἔχει
2800 3673 2958 3729 τοῦτο
2993 3673 3066 3744 μὴ
3098 3673 3508 3745 διεφθαρμένον.
3539 3673 3698 3730 Οὕτω

2116 3767 2208 3820 κα)⁸
2249 3766 2496 3836 δαίμονες
2519 3766 2834 3835 ἐπέγνωσαν
2874 3766 3059 3819 αὐτόν·
3089 3765 3448 3837 ἐλιπάρησαν,
3486 3767 3698 3821 ἱκέτευ-

2118 3877 2234 3923 σαν,
2263 3860 2348 3913 ἴνα
2371 3860 2444 3930 μὴ
2469 3858 2696 3931 ἐπιτάξῃ
2718 3861 2898 3922 αὐτοῖς
2925 3859 3004 3922 εἰς
3035 3859 3134 3930 τὴν
3157 3858 3391 3912 ἄϐυσσον
3420 3861 3695 3915 ἀπελθεῖν.

2115 3953 2178 4006 Εἰ
2207 3953 2305 4023 τῆς
2335 3953 2570 4006 ἀϐύσσου
2597 3953 2781 4015 παῖδες
2816 3949 2976 4024 ἦσαν,
3013 3955 3060 4005 εί
3088 3953 3406 4022 συγγένειαν
3435 3955 3570 4026 πρὸς
3599 3955 3699 4027 τὴν

2115 4043 2349 4097 ἄϐυσσον
2383 4038 2548 4111 εἶχον,
2609 4041 2661 4094 τί
2692 4041 2951 4110 φεύγουσι
2989 4041 3059 4094 τά
3091 4044 3361 4114 conari};
3395 4043 3446 4095 τί
3475 4045 3573 4114 τὴν
3619 4047 3700 4098 ol-

2115 4133 2266 4186 κείαν
2330 4132 2712 4204 παραιτοῦνται
2753 4130 2940 4202 ρίζανς
2991 4133 3189 4204 μᾶλλον
3220 4135 3328 4206 γὰρ
3387 4136 3452 4188 ἂν
3519 4137 3699 4206 ὴσπά-

2094 4242 2276 4279 ισαντο
2305 4225 2622 4278 ἀνάπαυλαν
2655 4225 2861 4277 έαυτῶν
2891 4225 2986 4297 τὴν
3021 4227 3337 4296 συγγένειαν
3367 4228 3656 4298 ἡγούμενοι
3681 4246 3695 4259 ·

2116 4319 2173 4370 ὲν
2205 4317 2310 4388 γὰρ
2334 4319 2445 4378 τοῖς
2465 4317 2778 4384 συγγενέσιν
2809 4319 2840 4388 ή
2869 4316 3165 4387 ἀνάκτησις
3189 4318 3418 4386 γίνεται,
3453 4321 3508 4370 ὲν
3530 4317 3585 4369 δὲ
3609 4316 3696 4384 ξέ-

2116 4427 2225 4471 νοις
2279 4410 2334 4460 αί
2381 4407 2685 4471 κακώσεις·
2727 4408 2927 4478 μᾶλλον
2971 4408 3076 4480 γὰρ
3128 4409 3236 4462 ἔδει
3269 4409 3466 4472 αὐτοὺς
3506 4427 3699 4476 παραι-

2115 4503 2324 4557 τεῖσθαι
2352 4502 2443 4555 τὸν
2481 4501 2720 4570 Ἰησοῦν·
2781 4501 2978 4572 μᾶλλον
3029 4501 3084 4554 δὲ
3130 4500 3234 4554 ἔδει
3269 4502 3466 4563 αὐτοὺς
3501 4518 3699 4572 παραι-

435 4593 528 4646 ubi
577 4593 704 4646 boni
739 4599 795 4645 et
838 4593 978 4660 aequi
1013 4599 1171 4654 sunt;
1210 4589 1621 4661 amplectendns
1652 4603 1784 4644 vero
1806 4589 2010 4643 disces-

2117 4595 2328 4648 τεῖσθαι
2379 4593 2440 4647 τὸ
2493 4592 2729 4648 ἐνταῦθα
2784 4570 3009 4664 χωρίον,
3071 4593 3198 4647 ἔνθα
3268 4593 3545 4646 σπουδαῖοι
3581 4570 3700 4646 -καὶ

437 4701 532 4739 sus
564 4686 616 4737 in
649 4684 926 4754 abyssum.
964 4682 1168 4736 Contra
1199 4697 1326 4737 vero
1363 4682 1493 4736 dum
1529 4690 1806 4747 recusant,
1835 4689 1890 4737 et
1925 4696 2016 4736 ca-

436 4785 586 4840 vent,
637 4787 690 4830 et
723 4775 851 4830 illuc
898 4775 1048 4830 abire
1075 4775 1404 4839 detrectant,
1440 4774 1550 4828 imo
1591 4775 1660 4828 ob
1698 4774 1842 4828 hanc
1883 4788 2014 4828 cau-

439 4882 553 4922 sam
585 4865 857 4935 supplices
887 4874 1066 4930 orant,
1099 4865 1234 4920 satis
1266 4864 1450 4919 indicii
1480 4864 1770 4929 dederunt,
1803 4865 2010 4918 nullam

437 4973 498 5014 se
544 4954 1002 5011 necessitudinem
1064 4964 1117 5010 et
1144 4955 1526 5026 cognationem
1573 4970 1698 5010 cum
1737 4957 1856 5011 loco
1899 4963 2014 5011 tor-

435 5057 745 5104 mentorum
779 5048 1006 5114 babere;
1043 5047 1182 5101 nihil
1221 5049 1368 5104 enim
1407 5050 1648 5118 seipsum
1679 5049 1924 5116 amictat,
1961 5057 2014 5104 et

437 5145 581 5198 malo
611 5141 811 5196 allicit:
845 5156 1006 5196 omne
1035 5149 1216 5195 autem
1251 5141 1399 5213 quod
1427 5142 1742 5210 alllictatur,
1767 5152 1821 5197 et
1867 5143 2013 5198 malo

437 5235 690 5298 allicitur,
717 5233 785 5287 ab
808 5234 916 5288 alio
962 5233 1280 5290 aﬂlictatur:
1311 5249 1538 5291 necesse
1567 5237 1711 5290 enim
1751 5244 1837 5291 est
1868 5235 2013 5305 quod

439 5327 659 5381 alllictat
709 5342 817 5382 non
872 5326 944 5382 sit
1001 5327 1088 5381 sui
1139 5327 1416 5384 alllictatio
1459 5343 1523 5382 ac
1565 5330 1865 5393 cruciatus,
1919 5325 2016 5381 sed

438 5423 665 5478 alterius
710 5421 855 5492 quod
909 5430 1094 5492 aptum
1145 5431 1335 5478 natum
1379 5419 1484 5490 es't,
1525 5430 1583 5478 ut
1623 5421 1911 5477 amictetur
1963 5429 2017 5476 ct

437 5517 582 5571 malo
609 5513 892 5569 adiciatur.

514 5681 530 5706 ι
561 5673 723 5730 Marc.
759 5691 799 5737 ι,
833 5675 921 5741 24;
960 5675 1092 5728 Luc.
1127 5690 1198 5740 Iv,
1227 5675 1314 5730 34.

2115 4687 2401 4750 ἐπιεικεῖς,
2459 4684 2799 4749 ἀσπάζεσθαι
2850 4684 2906 4737 δὲ
2962 4686 3058 4754 τὴν
3111 4684 3346 4738 ἄϐυσσον
3400 4684 3432 4754 ἢ
3477 4683 3574 4755 τὴν
3639 4685 3696 4735 ἐν

2120 4779 2340 4850 ἀϐύσσῳ
2362 4778 2563 4849 ἄφιξιν,
2597 4779 3026 4850 Παραιτούμενοι
3055 4778 3108 4830 δὲ
3147 4779 3238 4831 καὶ
3284 4777 3695 4848 φυλαττόμενοι,

2120 4873 2215 4926 καὶ
2269 4871 2487 4925 ἀπιέναι
2534 4873 2651 4924 ἐκεῖ
2699 4872 2800 4924 οὐκ
2851 4872 3189 4942 ἀνεχόμενοι,
3221 4871 3333 4924 ἀλλ’
3367 4870 3700 4932 ἱκετεύοντες

2116 4966 2214 5038 τῆς
2248 4967 2426 5029 αἰτίας
2454 4965 2654 5036 ταύτης
2680 4965 2858 5038 χάριν,
2894 4964 3073 5016 ἰκανὸν
3110 4968 3408 5034 τεκμήριον
3434 4961 3699 5016 δεδώκασι

2121 5058 2391 5129 μηδεμίαν
2422 5058 2618 5119 αὐτοὺς
2656 5056 2890 5126 φυσικὴν
2929 5054 3246 5122 συγγένειαν
3274 5053 3409 5124 πρὸς
3441 5051 3510 5105 τά
3535 5053 3699 5106 κολα-

2119 5152 2316 5220 στήρια
2355 5148 2497 5220 ἔχειν
2519 5166 2532 5180 ·
2568 5148 2820 5202 οὐδέποτε
2853 5145 2960 5218 γὰρ
2993 5145 3142 5198 οὐδὲν
3183 5145 3342 5199 έαυτὸ
3370 5146 3560 5198 κακοῖο
3591 5146 3701 5197 πᾶν

2117 5241 2173 5294 δὲ
2224 5241 2559 5312 κακούμενον
2591 5241 2680 5293 ὑπ’
2711 5240 2871 5294 ἄλλου
2901 5238 3201 5292 κακοῦται·
3237 5238 3449 5307 ἀνάγκη
3494 5236 3603 5308 γὰρ
3640 5236 3700 5289 τὸ

2118 5335 2322 5388 κακοῦν
2385 5334 2461 5406 μὴ
2513 5332 2705 5387 ἑαυτοῦ
2765 5328 2901 5386 εἶναι
2930 5332 3194 5398 κάκωσιν,
3233 5329 3347 5384 ἀλλ’
3383 5329 3573 5403 ἑτέρου
3603 5326 3712 5387 τοῦ¹

2119 5428 2419 5497 πεφυκότος
2457 5425 2754 5498 πάσχειν,ἢ
2783 5423 3104 5480 κακοῦσθαι.

513 5795 625 5868 (15)
679 5791 951 5850 Ἀπίκια.
987 5792 1123 5848 l-luic
1165 5792 1266 5864 legi
1302 5791 1543 5847 serviunt
1575 5797 1625 5844 et
1665 5796 1854 5861 parent
1890 5786 2010 5845 aniu

2114 5802 2142 5840 a
2171 5783 2398 5841 rationis
2423 5781 2683 5853 expertia.
2714 5779 2886 5840 Tuan.
