4100 6418
453 346 589 416 tm

1547 365 1922 424 ADVERSUS
1965 363 2395 422 MANICHIEOS
2432 365 2562 424 LlB.
2601 363 2643 423 1.

3570 361 3704 418 1118

529 475 659 530 ’1δού
685 475 746 529 τὸ
779 474 891 548 πῦρ
941 476 1101 532 ἑαυτὸ
1135 479 1194 533 οὐ
1216 479 1400 534 καίει·
1433 479 1620 553 ἕτερον
1649 481 1758 554 γὰρ
1812 482 1906 536 καὶ
1933 481 2030 550 οὐχ

2209 479 2350 536 Ecce
2395 480 2536 551 ignis
2589 493 2699 533 non
2741 476 3012 534 comburit
3048 493 3142 541 se,
3179 473 3274 532 sed
3311 474 3478 541 aliud,
3530 491 3706 546 neque

449 569 610 622 ἑαυτὸ
641 567 928 623 ἀναλώσει.
974 570 1104 624 ’1δού
1133 571 1194 624 τὸ
1221 571 1364 643 ὕδωρ
1390 571 1552 626 ἑαυτὸ
1578 573 1637 627 οὐ
1660 569 1989 637 κατακλύζει
2013 588 2027 602 ·

447 659 515 712 τά
543 658 650 731 γὰρ
679 659 840 731 ἕτερα
857 660 1198 716 κατακλύσαι
1227 654 1387 727 οῗδεν,
1415 663 1576 716 ἑαυτὸ
1606 663 1663 718 δὲ
1690 663 2030 718 κατακλύσαι

446 751 546 804 οὐκ
573 751 707 822 ἔχει.
739 753 870 806 Ἰδοὺ
916 754 946 806 ό
985 753 1093 825 ἀὴρ
1111 754 1304 826 ψύχειν
1344 757 1534 810 ἑαυτὸν
1559 757 1659 810 οὐκ
1699 751 1838 810 οἶδεν
1860 774 1875 789 ·
1911 759 2032 811 ἐπεὶ

447 843 556 896 πᾶν
585 843 646 896 τὸ
674 843 816 916 δρῶν
841 845 934 898 καὶ
969 845 1171 900 κακοῦν
1205 847 1389 918 ἕτερόν
1405 865 1458 902 τι
1474 851 1634 902 κακοῖ
1653 851 1746 904 καὶ
1764 850 1922 903 λυπεῖ
1939 868 1952 881 ·
1982 851 2031 904 εἰ

445 935 502 987 δὲ
541 935 684 1008 κακὴ
715 938 747 1008 ή
774 937 1029 1005 ἄϐυσσος,
1043 941 1136 993 καὶ
1150 939 1507 995 κακοῦνταιοί
1523 941 1772 1014 δαίμονες
1803 942 1907 997 ὑπὸ
1933 943 2033 1014 τῆς

447 1025 704 1092 ἀϐύσσου,
739 1029 836 1083 καὶ
899 1028 1318 1101 βασανιστήριον
1358 1031 1456 1102 μὲν
1505 1035 1539 1103 ή
1569 1031 1826 1097 ἄϐυσσος,
1873 1049 2028 1103 στρε-

448 1117 699 1174 ϐλοῦνται
721 1121 778 1174 δὲ
814 1123 861 1174 οί
898 1121 1173 1193 δαίμονες,
1205 1123 1389 1177 οὐκέτι
1417 1122 1496 1195 τῷ
1517 1125 1688 1196 ὁμοίῳ
1715 1123 2032 1194 βασανίζον-

447 1227 557 1272 ut,
578 1210 690 1264 ἀλλ’
715 1212 888 1284 ἕτεροι
917 1213 1180 1277 ὄντεςύπὸ
1203 1215 1390 1286 ἑτέρου
1409 1214 1794 1286 βασανίζονται
1811 1231 1823 1245 ·
1849 1214 2031 1268 οὐκέτι

447 1301 548 1372 τῆς
586 1303 800 1372 φύσεως
845 1304 1049 1374 ταύτης
1106 1305 1227 1359 οὐδὲ
1273 1305 1376 1376 τῆς
1426 1307 1641 1370 οὐσίας·
1693 1307 1887 1377 ἐτέρας
1923 1304 2032 1376 γὰρ

448 1394 659 1467 ἐδείχθη
705 1396 892 1461 οὐσίας
937 1400 970 1470 ἡ
1002 1398 1256 1463 ἄϐυσσος.
1307 1400 1416 1454 Καὶ
1448 1401 1530 1454 ὅτι
1557 1399 1658 1470 μὲν
1690 1401 1738 1453 oi
1779 1399 2032 1470 δαίμονες

449 1488 638 1559 ἑτέρου
665 1489 860 1558 γένους
893 1491 988 1544 καὶ
1025 1491 1218 1563 ἐτέρας
1241 1491 1430 1554 οὐσίας
1463 1491 1614 1566 παρὰ
1638 1493 1736 1565 τὴν
1772 1492 2030 1553 ἄϐυσσον,

453 1578 614 1633 ἱκανὰ
656 1580 724 1634 τὰ
773 1582 1070 1652 εἰρημένα·
1109 1585 1203 1636 καὶ
1232 1583 1370 1653 αὐτη
1403 1582 1460 1636 δὲ
1490 1585 1522 1654 ἠ
1550 1582 1784 1647 ἄϐυσσος
1815 1583 2034 1653 βασανι-

451 1671 671 1743 στήριον
709 1672 806 1743 μὲν
860 1671 975 1725 ἔστι
1020 1673 1115 1726 καὶ
1148 1673 1525 1742 κολαστήριον,
1556 1672 1656 1724 οὐκ
1697 1671 1913 1725 αἰώνιον
1953 1655 2029 1734 δὲ,

447 1762 569 1816 οὐτε
625 1764 938 1838 ἀγέννητον,
993 1766 1107 1820 ἀλλ’
1153 1766 1376 1838 ὕστερόν
1424 1783 1555 1820 ποτε
1614 1765 2028 1838 γεγεννημένον,

447 1854 544 1924 ὀψέ
568 1873 696 1910 ποτε
726 1859 1115 1929 πεποιημένον,
1139 1859 1259 1912 ἀντ)⁸
1294 1859 1587 1930 φαρμάκου
1627 1859 1724 1913 καὶ
1753 1858 2031 1930 βοηθήμα-

447 1965 539 2013 τος
563 1952 676 2015 τοῖς
696 1951 1092 2022 ἡμαρτηκόσιν.
1151 1952 1316 2022 Ίεραὶ
1353 1951 1461 2023 γὰρ
1495 1952 1551 2004 αἱ
1581 1952 1862 2022 μάστιγες,
1893 1952 2032 2023 φάρ-

451 2058 626 2112 μακον
673 2037 828 2096 οὖσαι
877 2044 985 2096 τῶν
1035 2044 1434 2116 ἡμαρτηκότων
1463 2061 1478 2074 ·
1540 2043 1680 2114 ίεραὶ
1723 2044 1780 2098 al
1823 2043 2032 2114 πληγαὶ

451 2132 770 2205 βοηθήματα
798 2135 1164 2206 τυγχάνουσαι
1197 2136 1305 2189 τῶν
1337 2135 1650 2205 σφαλέντων
1669 2151 1684 2166 ·
1714 2135 1775 2189 οὐ
1803 2135 1912 2206 γάρ
1946 2136 2030 2188 ἵνα

448 2219 551 2282 ὦσι
583 2227 745 2281 κακοὶ
790 2230 846 2282 αἰ
885 2229 1091 2300 πληγαὶ
1132 2228 1453 2298 γεγόνασιν,
1488 2227 1602 2282 ἀλλ’
1637 2229 1786 2292 ὅπως
1823 2227 1898 2299 μὴ
1929 2221 2031 2282 ὦσι

448 2319 612 2372 κακοὶ
669 2320 958 2388 γεγόνασιν
1013 2323 1067 2374 αί
1130 2322 1422 2392 μάστιγες·
1452 2319 1781 2392 λυπούμενοι
1823 2320 1932 2392 γάρ
1962 2322 2029 2391 τῇ

451 2411 632 2482 πληγῇ
667 2413 718 2464 οἱ
759 2413 920 2465 κακοὶ
948 2415 1012 2483 τῇ
1050 2413 1271 2484 μάστιγι
1301 2412 1584 2467 κολοϐοῦσι
1607 2412 1676 2466 τὰ
1725 2412 1902 2466 κακά·
1944 2411 2033 2465 διὰ

447 2503 607 2557 τοῦτο
639 2503 758 2557 οὐδὲ
803 2503 903 2568 τὰς
933 2503 1203 2569 ἀϐύσσους
1248 2505 1612 2576 μεμφόμεθα·
1644 2503 1758 2558 ἀλλ’
1787 2502 2029 2574 οἴδαμεν,

448 2592 531 2646 ὅτι
559 2579 978 2663 βασανίστήριον
999 2593 1093 2646 καὶ
1131 2594 1486 2666 κολαστήριον
1510 2597 1786 2666 γεγόνασι,
1817 2615 2031 2668 σωφρο-

447 2684 642 2754 νισμὸς
673 2683 782 2736 τῶν
813 2684 1212 2756 ἡμαρτηκότων
1240 2688 1627 2756 τυγχάνουσαι.

523 2775 583 2828 Ei
611 2774 668 2828 δὲ
690 2777 1105 2849 βασανιστήριον
1127 2778 1219 2831 καὶ
1248 2777 1678 2851 στρεϐλωτήριον
1705 2781 1740 2852 ἡ
1773 2779 2030 2845 ἄϐυσσος,

451 2865 836 2938 στρεϐλοῦνται
877 2867 934 2921 δὲ
969 2869 1062 2922 καὶ
1106 2869 1487 2940 βασανίζονται
1542 2874 1591 2924 οί
1642 2871 1914 2942 δαίμονες,
1941 2872 2034 2925 καὶ¹

447 2959 548 3028 τὴν
579 2959 766 3013 οὐσίαν
815 2958 1030 3032 ἔχουσιν
1079 2961 1292 3033 εὐπαθῆ
1327 2963 1464 3034 πρὸς
1515 2962 1584 3016 τὰ
1616 2963 2031 3035 βασανιστήρια,

447 3050 546 3104 καὶ
569 3049 822 3106 δύνανται
865 3052 1008 3123 ἔχειν
1045 3055 1141 3108 καὶ
1180 3053 1469 3124 ἀλγηδόνα,
1501 3055 1812 3109 ὑπόκεινται
1838 3057 1929 3108 καὶ
1955 3073 2032 3108 τι.

2133 588 2193 629 se
2237 573 2531 629 consumit.
2597 570 2734 627 Ecce
2788 585 2927 640 aqua
2991 586 3098 624 non
3147 569 3375 624 inundat
3441 569 3705 638 seipsum,

2133 679 2254 734 qua:
2288 665 2392 718 alia
2440 663 2707 717 inundare
2749 661 2908 723 solet,
2968 676 3027 716 se
3052 675 3180 715 vero
3216 661 3332 730 ipsa
3359 675 3467 713 non
3503 667 3705 729 potest.

2133 755 2273 812 Ecce
2311 771 2424 821 aer,
2449 754 2774 824 refrigerare
2809 769 2869 808 se
2900 754 3015 822 ipse
3055 768 3162 807 non
3195 759 3408 822 potest,
3445 751 3707 821 quoniam

2132 863 2294 904 omne
2339 848 2484 920 quod
2535 847 2668 902 facit
2708 855 2763 902 et
2792 847 3024 910 cruciat,
3069 843 3214 898 aliud
3238 843 3366 914 quid
3401 844 3612 897 cruciat
3653 851 3709 895 et

2133 938 2323 996 dolore
2356 939 2540 994 allicit.
2596 939 2653 993 Si
2691 946 2871 993 autem
2905 937 3138 1009 abyssus
3165 937 3376 990 cruciat
3415 943 3470 990 et
3507 935 3709 989 daemo-

2135 1046 2235 1086 nes
2278 1032 2599 1086 cruciantur
2624 1031 2692 1085 ab
2722 1031 2838 1100 ipsa
2875 1029 3094 1101 abysso,
3130 1036 3321 1099 estque
3361 1029 3595 1100 abyssus
3626 1028 3709 1081 lo-

2134 1139 2236 1179 cus
2262 1131 2696 1188 tormentorum;
2729 1129 3055 1192 torquentur
3087 1121 3234 1174 enim
3271 1120 3566 1183 daemones,
3597 1134 3709 1175 non

2128 1214 2241 1286 jam
2273 1221 2597 1284 torquentur
2628 1228 2657 1266 a
2699 1213 2887 1276 simili,
2920 1212 3015 1267 sed
3050 1211 3138 1264 alii
3182 1226 3307 1265 Clllll
3341 1213 3470 1276 sint,
3512 1213 3580 1265 ab
3602 1211 3710 1266 alio

2135 1314 2507 1377 torquentur;
2541 1319 2652 1358 non
2682 1306 2748 1356 ab
2782 1304 2882 1357 hac
2926 1310 3124 1358 natura
3155 1317 3333 1373 neque
3378 1303 3707 1366 substantia,

2133 1415 2240 1471 qua
2265 1399 2475 1455 scilicet
2498 1395 2772 1451 daemones
2801 1407 2929 1450 sunt
2960 1414 2973 1450 :
3011 1395 3237 1448 alterius
3266 1395 3410 1449 enim
3449 1395 3710 1450 substan-

2135 1495 2223 1547 tia:
2245 1499 2330 1547 est
2373 1491 2626 1562 abyssus.
2675 1487 2852 1558 Atque
2896 1503 3019 1544 esse
3059 1487 3276 1558 quidem
3326 1486 3602 1543 daemones
3631 1485 3712 1542 al-

2133 1585 2304 1641 terius
2325 1582 2542 1654 generis
2577 1596 2640 1635 ac
2664 1580 2988 1635 substantiae
3013 1589 3206 1650 praeter
3248 1580 3429 1652 abyssi
3463 1580 3713 1635 substan-

2133 1677 2287 1740 tiam,
2312 1675 2446 1730 satis
2472 1689 2540 1728 ex
2570 1673 2637 1728 iis
2663 1688 2785 1743 qua:
2834 1673 2982 1727 dicta
3015 1679 3174 1735 sunt,
3208 1672 3556 1742 perspicitur.
3589 1670 3712 1742 Ipsa

2134 1781 2262 1821 vero
2304 1766 2536 1837 abyssus
2572 1764 2724 1819 locus
2767 1772 2851 1819 est
2886 1771 3284 1818 tormentorum
3311 1778 3376 1818 ac
3415 1763 3715 1834 supplicio-

2131 1876 2276 1921 rum.
2302 1875 2410 1914 non
2441 1867 2622 1913 tamen
2655 1867 3035 1920 aeternusmec
3072 1857 3345 1928 ingenitus
3373 1875 3387 1924 ;
3425 1857 3520 1912 sed
3555 1861 3711 1926 post-

2131 1968 2194 2009 ea
2224 1952 2344 2018 fuit,
2375 1966 2499 2008 sero
2541 1949 2758 2003 tandem
2799 1947 2978 2003 factus
3003 1987 3019 2013 ,
3078 1956 3137 2002 ut
3172 1955 3317 2003 esset
3361 1947 3630 2002 medicina
3655 1954 3711 2002 et

2131 2060 2288 2115 opem
2336 2043 2503 2098 ferret
2551 2041 2928 2112 peccantibus.
2984 2039 3168 2095 Sacra:
3217 2049 3346 2096 sunt
3395 2041 3563 2112 plagae
3591 2055 3714 2111 qua

2133 2147 2262 2194 sunt
2304 2135 2543 2190 remedia
2581 2141 2636 2188 et
2671 2133 2872 2186 auxilia
2917 2141 3264 2198 erratorum;
3314 2147 3422 2186 non
3463 2133 3606 2187 enim
3651 2141 3713 2188 ut

2134 2230 2244 2284 sint
2269 2226 2420 2289 mali,
2453 2225 2611 2280 facta:
2642 2233 2772 2280 sunt
2803 2225 2994 2296 plagze,
3021 2225 3114 2279 sed
3163 2233 3220 2277 ut
3256 2240 3364 2278 non
3412 2225 3522 2280 sint
3558 2223 3712 2294 mali,

2131 2321 2359 2377 verbera
2411 2318 2634 2374 inducta
2664 2327 2831 2384 sunt;
2866 2317 2993 2370 mali
3029 2317 3173 2372 enim
3217 2317 3405 2373 dolore
3429 2317 3712 2388 plagarum

2133 2419 2417 2485 amputant
2450 2420 2505 2467 et
2532 2411 2840 2482 praecidunt
2879 2411 3033 2465 vitia.
3061 2408 3270 2464 Idcirco
3293 2425 3402 2465 non
3433 2410 3715 2480 querimur

2132 2507 2200 2562 de
2249 2503 2500 2576 abyssis;
2555 2505 2691 2574 quin
2733 2503 2919 2573 potius
2971 2501 3263 2556 tormentis
3314 2509 3369 2556 et
3427 2499 3714 2570 suppliciis

2133 2607 2339 2662 scimus
2374 2604 2630 2677 castigari
2665 2618 2731 2659 ac
2769 2602 2974 2675 corrigi
3012 2617 3110 2659 eos
3145 2602 3240 2674 qui
3275 2602 3621 2673 deliquerunt

2205 2800 2262 2856 Si
2295 2811 2472 2857 autem
2505 2801 2740 2872 abyssus
2768 2807 2872 2865 est,
2923 2800 3015 2856 ubi
3063 2801 3339 2857 daemones
3391 2806 3718 2871 torquentur

2134 2901 2188 2948 et
2215 2894 2484 2963 supplicio
2516 2891 2848 2955 alliciuntur,
2882 2902 2934 2946 et
2979 2893 3340 2948 substantiam
3371 2892 3573 2946 habent
3595 2909 3716 2963 qua:

2136 2983 2322 3038 subire
2353 2991 2530 3052 potest
2561 2993 2833 3039 tormenta
2866 2991 2921 3036 ιιι
2958 2985 3200 3039 dolorem
3250 2986 3475 3049 sentire,
3504 2991 3559 3039 et
3586 2998 3716 3056 sup-

2135 3074 2296 3146 plicia
2337 3073 2632 3138 sustinent,
2672 3081 2727 3129 et
2756 3074 2957 3130 habent
3006 3075 3498 3131 remunerationem
3528 3089 3720 3146 pugna-

451 3141 654 3212 μωρίᾳ,
673 3142 767 3195 καὶ
782 3142 1065 3214 ἀντίληψιν
1088 3142 1270 3213 έχουσι
1295 3143 1402 3197 τῶν
1421 3143 1712 3210 κολάσεων,
1743 3144 1860 3210 πῶς
1883 3146 2035 3215 ἀγέν.

2137 3141 2266 3219 rum
2307 3164 2506 3233 quibus
2549 3165 2886 3233 puniuntur,
2943 3165 3220 3236 quomodo
3272 3141 3545 3236 ingeniti‘l
3581 3181 3720 3236 quo-

450 3249 635 3302 νητοι;
674 3233 792 3297 πῶς
823 3235 943 3301 ἀεί;
1000 3234 1117 3298 πῶς
1167 3235 1424 3289 οὐδέποτε
1471 3235 1733 3307 ἧρξαντο;
1783 3237 1902 3300 πῶς
1943 3238 2036 3308 ἀφ’

449 3323 660 3378 ἑαυτῶν
688 3327 826 3380 εἰσιν
858 3327 907 3378 οἱ
933 3325 1006 3397 μὴ
1037 3325 1266 3391 ἀπαθεῖς
1290 3344 1304 3392 ;
1332 3329 1380 3380 οί
1413 3327 1605 3381 παθεῖν
1628 3327 1910 3398 δυνάμενοι
1943 3330 2039 3382 καὶ

449 3413 827 3484 τιμωρηθῆναι
873 3414 1179 3484 ἰσχύοντεςς
1210 3415 1464 3470 οὐδέποτε
1502 3415 1612 3487 γὰρ
1643 3417 1704 3470 τὸ
1741 3417 2037 3487 ἀγέννητον

448 3503 599 3556 οὐδὲν
626 3503 893 3566 πείσεται,
925 3505 1045 3558 οὐδὲ
1079 3505 1184 3559 ύπό
1215 3522 1360 3569 τινος
1404 3508 1886 3579 τιμωρηθήσεται·
1922 3507 2037 3561 ἀλλ’

450 3595 543 3663 ἀφ’
575 3595 766 3648 ἑαυτοῦ
786 3596 1091 3667 ἀρξάμενον
1121 3597 1298 3668 ἑαυτῷ
1315 3597 1486 3668 μένει,
1511 3600 1606 3652 καὶ
1627 3599 1703 3672 μὴ
1731 3602 1822 3670 ἀφ’
1847 3600 2036 3671 ἐτέρου

450 3686 740 3758 δεξάμενον
779 3689 878 3759 τὴν
904 3689 1100 3760 ἀρχὴν,
1141 3689 1263 3742 οὐδὲ
1297 3690 1389 3758 ἀφ’
1420 3689 1607 3760 ἑτέρου
1638 3692 1738 3764 τὴν
1766 3692 2039 3764 τιμωρίαν

452 3779 746 3850 λαμϐάνει·
772 3780 866 3833 καὶ
895 3779 967 3850 μὴ
999 3779 1435 3850 ἐπιγραφόμενον
1467 3781 1559 3834 τὸν
1591 3783 1762 3836 αἴτιον
1793 3785 1892 3836 οὐκ
1923 3785 2040 3836 ὲπι-

451 3873 793 3943 γραφήσεται
843 3871 933 3924 τὸν
964 3869 1264 3934 κολάζοντα
1284 3887 1297 3900 ·
1332 3873 1425 3925 καὶ
1468 3873 1528 3926 οὐ
1559 3873 1879 3944 κριθήσεται
1909 3877 2036 3945 παρ’

452 3963 639 4042 ἐτέρου
702 3963 776 4034 μὴ
807 3965 938 4035 παρ’
967 3963 1154 4035 ἐτέρου
1190 3963 1496 4035 ἀρξάμενον
1522 3981 1536 3993 ·
1587 3967 1679 4019 καὶ
1705 3967 1765 4019 οὐ
1802 3967 2041 4039 φοϐηθή-

453 4074 606 4112 σεται
633 4055 824 4110 οὐδένα
875 4058 1003 4127 παρ’
1034 4055 1246 4120 οὐδενὸς
1282 4057 1344 4110 τὸ
1390 4052 1531 4110 εἶναι
1551 4058 1799 4130 εἰληφός.
1831 4059 1896 4112 Τί
1930 4061 2040 4132 γὰρ

454 4148 548 4202 καὶ
594 4147 984 4220 φοϐηθήσεται,
1018 4149 1066 4200 εἰ
1119 4146 1332 4201 τελείαν
1373 4149 1472 4221 τὴν
1525 4146 1782 4206 σύστασιν
1815 4149 1960 4222 ἔχει;
1990 4154 2040 4205 εί

452 4238 659 4298 τέλειον
681 4240 773 4293 τὸν
816 4238 1192 4310 ἀπαρτισμόν;
1236 4241 1285 4292 εί
1325 4239 1418 4310 ἀφ’
1453 4240 1644 4294 ἑαυτοῦ
1681 4243 2038 4314 ἀπήρτισται,

457 4331 550 4388 καὶ
575 4331 751 4402 ἑαυτῷ
771 4332 1078 4403 ἦρμοσται;
1106 4333 1173 4386 τά
1201 4333 1310 4405 γὰρ
1340 4333 1611 4404 δυνάμενα
1638 4334 1752 4406 (14)
1791 4334 2039 4408 παθητὴν

457 4423 600 4498 ἔχειν
655 4423 756 4495 τὴν
809 4425 1077 4495 ἁρμονίαν
1128 4424 1373 4494 φοϐεῖται
1417 4425 1509 4478 τὸν
1545 4425 1844 4498 δυνάμενον
1875 4445 2040 4499 μετα-

2140 3255 2304 3310 modo
2349 3255 2610 3324 semper?
2640 3257 2917 3325 quomodo
2947 3272 3222 3325 nunquam
3255 3272 3378 3312 esse
3399 3255 3719 3327 coeperunt!

2140 3348 2414 3418 quomodo
2438 3363 2503 3402 ex
2532 3363 2593 3403 se
2623 3355 2773 3410 sunt,
2807 3347 2900 3417 qui
2930 3347 3261 3416 impatibiles
3289 3362 3397 3400 non
3421 3355 3572 3410 sunt,
3621 3346 3716 3416 qui

2140 3438 2249 3505 pati
2286 3445 2538 3507 possunt,
2576 3438 2668 3508 qui
2713 3443 2946 3507 possunt
2985 3433 3202 3504 puniri?
3228 3434 3525 3505 ingenitum
3569 3433 3719 3490 enin

2141 3528 2278 3584 nihil
2332 3543 2570 3600 unquam
2603 3529 2731 3582 mali
2761 3525 3091 3591 sustinebit,
3142 3539 3243 3580 nec
3283 3525 3354 3580 ab
3385 3524 3494 3578 ullo
3526 3522 3718 3594 punie-

2137 3631 2246 3678 tur.
2288 3621 2430 3689 Quin
2461 3622 2641 3693 potius
2694 3637 2724 3675 a
2775 3621 2959 3692 seipso
3019 3620 3349 3691 principium
3381 3618 3588 3674 ducens
3631 3631 3719 3674 se-

2139 3713 2261 3783 ipso
2297 3713 2580 3775 consistit,
2624 3719 2679 3767 et
2714 3727 2821 3766 non
2853 3711 2922 3765 ab
2953 3711 3129 3766 altero
3159 3717 3400 3780 emptum
3450 3716 3535 3764 est
3561 3747 3577 3772 ,
3617 3723 3720 3764 nec

2140 3805 2210 3860 ab
2257 3806 2430 3858 altero
2475 3804 2803 3874 supplicium
2854 3803 2996 3870 fert;
3032 3810 3086 3859 et
3124 3803 3214 3857 cui
3245 3817 3355 3856 non
3407 3801 3717 3870 assignatur

2141 3904 2354 3961 auctor,
2387 3913 2497 3951 non
2531 3895 2904 3966 assignabitur
2926 3895 3160 3963 vindex;
3195 3903 3248 3951 et
3277 3909 3384 3949 non
3440 3893 3718 3964 judicabi-

2139 3996 2230 4042 tur
2256 3987 2324 4042 ab
2359 3989 2554 4052 altero,
2587 3989 2680 4058 qui
2711 3986 2780 4040 ab
2805 3987 2977 4041 altero
3001 4001 3109 4041 non
3135 3991 3220 4039 est
3254 3991 3503 4054 coeptus;
3535 3996 3597 4035 ac
3621 3995 3719 4035 nc-

2139 4079 2340 4134 minem
2373 4085 2596 4141 metuet,
2619 4076 2710 4147 qui
2743 4091 2771 4130 a
2803 4060 3020 4132 nemine
3049 4075 3257 4145 accepit
3291 4084 3349 4128 ut
3380 4080 3547 4128 esset.
3579 4071 3720 4138 Quid

2140 4169 2287 4225 enim
2331 4175 2556 4233 metuet,
2594 4167 2640 4223 si
2679 4168 2735 4220 in
2785 4167 3120 4237 perfectione
3150 4162 3443 4219 consistit?
3497 4162 3540 4218 si
3597 4176 3722 4232 pcr-

2142 4261 2338 4315 fectam
2379 4256 2908 4314 consummationem
2941 4256 3140 4310 habet?
3195 4254 3241 4309 si
3285 4268 3317 4307 a
3361 4268 3421 4308 se
3463 4267 3722 4307 consum-

2143 4359 2322 4405 matus
2350 4349 2476 4405 est?
2523 4349 2568 4403 si
2615 4347 2798 4415 seipso
2831 4345 3089 4417 aptatus?
3121 4358 3356 4416 quorum
3389 4343 3534 4398 enim
3570 4350 3722 4412 apta-

2141 4443 2220 4496 tio
2263 4440 2658 4497 incommodari
2690 4445 2892 4511 potest,
2935 4438 3129 4492 timent
3183 4451 3308 4492 eum
3334 4474 3351 4501 ,
3384 4434 3479 4504 qui
3533 4441 3722 4503 aptare

459 4517 633 4567 ποιεῖν
661 4513 759 4578 τὰς
785 4514 1052 4584 ἁρμονίας
1074 4531 1086 4544 ·
1115 4515 1176 4568 τὸ
1227 4515 1522 4587 δυνάμενον
1570 4516 1760 4570 παθεῖν
1796 4519 2035 4588 φοϐεῖται

2147 4541 2327 4606 potest
2353 4552 2366 4588 :
2399 4533 2544 4603 quod
2576 4539 2754 4602 potest
2775 4531 2916 4586 male
2939 4529 3099 4594 allici,
3122 4530 3278 4584 timet
3308 4527 3451 4583 male
3481 4524 3720 4580 allicien-

455 4605 547 4664 τὸν
577 4604 805 4677 δρῶντα.
835 4607 899 4659 El
929 4606 985 4658 δὲ
1012 4606 1300 4676 φοϐοῦνται
1329 4609 1378 4660 οἱ
1402 4609 1652 4680 δαίμονες
1674 4611 1767 4664 καὶ
1787 4611 2039 4668 δύνανται

461 4698 674 4763 παθεῖν,
710 4698 811 4752 οὐκ
859 4699 1144 4770 ἀγέννητοι
1174 4702 1307 4752 εἰσι·
1349 4703 1409 4754 τὸ
1437 4703 1544 4774 γὰρ
1576 4705 1868 4778 ἀγέννητον
1899 4709 2042 4763 ἀπα.

459 4789 571 4855 θὲς,
609 4789 702 4843 καὶ
747 4790 808 4842 οὐ
844 4788 1064 4844 δύναται
1121 4791 1333 4855 παθεῖν,
1385 4793 1489 4860 ἐξω
1537 4797 1635 4866 τῆς
1681 4797 1895 4866 φύσεως
1931 4800 2041 4853 τῶν

459 4881 731 4955 γεννητῶν
754 4882 1016 4953 ὑπάρχον.

539 4983 657 5035 Ὅτι
689 4979 745 5034 δὲ
787 4980 1140 5044 ἱκετεύουσιν,
1169 4982 1225 5032 ὲν
1268 4981 1518 5054 αἰσθήσει
1556 4985 1682 5047 εἰσὶ,
1719 4987 1815 5040 καὶ
1843 4989 2046 5042 οἴδασιν

2146 4635 2277 4682 tem.
2319 4623 2378 4680 Si
2411 4631 2592 4680 autem
2625 4625 2820 4680 timent
2857 4623 3173 4686 daemones,
3221 4626 3278 4675 et
3313 4624 3544 4690 possunt
3582 4615 3723 4669 male

2151 4717 2310 4784 allici,
2342 4732 2450 4772 non
2483 4724 2612 4771 sunt
2638 4716 2865 4788 ingeniti
2892 4734 2906 4770 :
2943 4714 3088 4784 quod
3109 4712 3255 4768 enim
3288 4709 3584 4781 ingenitum
3612 4714 3720 4772 est,

2149 4809 2452 4879 impatibile
2477 4815 2595 4876 est;
2635 4815 2688 4862 et
2728 4823 2836 4862 non
2879 4814 3058 4877 potest
3087 4803 3222 4876 pati,
3264 4802 3410 4874 quod
3440 4809 3594 4857 extra
3624 4812 3724 4854 na-

2149 4910 2328 4959 turam
2364 4901 2672 4970 genitorum
2705 4910 2809 4954 est.

2218 4993 2375 5059 Quod
2397 4999 2576 5047 autem
2613 4992 2949 5061 supplicant,
2982 4989 3036 5044 in
3068 5003 3235 5045 sensu
3270 4992 3421 5053 sunt,
3440 4991 3493 5040 et
3516 4982 3720 5047 sciunt,

462 5077 492 5128 ὃ
533 5076 675 5129 είσι·
727 5075 822 5127 καὶ
863 5073 1090 5139 οἴδασιν,
1140 5076 1221 5127 ὅτι
1267 5074 1518 5129 δύνανται
1565 5077 1785 5131 παθεῖν·
1828 5082 1889 5133 οὐ
1939 5082 2035 5154 γὰρ

2149 5083 2280 5157 quid
2307 5084 2546 5149 sint,.et
2573 5083 2720 5153 quod
2752 5098 2944 5154 pmnas
2972 5083 3244 5139 sustinere
3294 5084 3564 5150 possunt;
3611 5090 3724 5130 non

467 5168 739 5240 ἠγνόησαν
767 5166 992 5231 ἑαυτούς
1009 5184 1023 5197 ·
1060 5167 1162 5221 οὐκ
1193 5167 1423 5232 ἀπαθεῖς
1449 5169 1674 5233 ἑαυτοὺς
1699 5170 2012 5240 ὲλογίσαντο
2029 5190 2043 5203 ·

465 5258 526 5312 τὸ
545 5259 600 5310 δὲ
635 5259 832 5326 εἰδέναι
875 5257 996 5312 τινά
1027 5257 1218 5311 ἑαυτὸν
1245 5259 1340 5312 καὶ
1380 5259 1453 5332 μὴ
1481 5261 1830 5330 ⁴Ιίγνοηκέναι,
1857 5262 2048 5334 αἰσθή-

2147 5175 2294 5232 enim
2323 5191 2383 5230 se
2413 5175 2832 5245 ignoraverunt;
2862 5191 2973 5230 non
3008 5190 3068 5229 se
3107 5171 3438 5244 impatibiles
3479 5183 3602 5224 esse
3629 5184 3725 5223 co-

2147 5267 2391 5338 gitarunt
2420 5284 2434 5322 :
2467 5281 2630 5322 nosse
2669 5275 2851 5322 autem
2925 5267 3161 5334 aliquem
3212 5264 3450 5332 seipsum
3513 5269 3566 5314 et
3614 5274 3723 5312 non

468 5347 608 5409 σεώς
631 5349 747 5402 ἐστι
787 5347 1053 5419 σύμϐολον
1087 5349 1183 5402 καὶ
1223 5352 1465 5420 σημεῖον.
1500 5351 1562 5404 Ei
1595 5349 1640 5402 δ’
1673 5351 1753 5405 ὅτι
1781 5354 1920 5406 εἰσὶν
1959 5355 2035 5406 εὐ-

2151 5358 2438 5429 ignorare,
2475 5359 2690 5429 signum
2741 5364 2826 5413 est
2871 5372 3067 5413 sensus
3096 5363 3150 5411 et
3179 5353 3464 5408 indicium.
3504 5349 3559 5404 Si
3596 5364 3726 5404 vero

467 5438 660 5504 παθεῖς
686 5441 1014 5508 ὲδειλίασαν,
1043 5444 1138 5497 καὶ
1162 5442 1464 5507 δειλιῶντες
1491 5443 1798 5508 ἱκέτευσαν,
1823 5445 1916 5499 καὶ
1945 5445 2050 5498 ἰκέ-

465 5549 624 5586 τευον
659 5533 750 5587 τὸν
793 5533 1089 5606 δυνάμενον
1109 5552 1123 5566 ·
1151 5535 1254 5590 οὐκ
1283 5535 1558 5608 ἠγνόησαν
1591 5536 1683 5591 τὸν
1729 5537 2006 5608 ίχνεύοντα
2032 5556 2043 5568 ·

2151 5449 2279 5519 quia
2305 5461 2464 5506 erant
2491 5450 2776 5522 patibiles,
2814 5448 3282 5511 lormidaverunt,
3318 5451 3374 5500 et
3423 5440 3726 5498 formidan-

2154 5547 2238 5596 tes
2273 5541 2754 5612 supplicaverunt,
2787 5547 2842 5595 et
2888 5539 3335 5610 supplicaverunt
3367 5536 3418 5591 ei
3452 5533 3544 5604 qui
3573 5539 3725 5602 pote-

542 5688 652 5767 (ῌ)
686 5689 770 5744 Τὰ
799 5689 910 5758 τὰρ
951 5691 1099 5767 δυνη
1131 5689 1222 5746 Sic
1270 5692 1604 5767 reddendum
1634 5712 1646 5750 :
1679 5692 1785 5762 Qui
1839 5693 2170 5752 harmoniam
2219 5695 2526 5753 mutabilem
2566 5696 2742 5767 habet,
2794 5694 3100 5766 reformidat
3135 5709 3249 5749 eum
3283 5690 3372 5766 qui
3403 5696 3569 5764 potest
3597 5687 3726 5747 har-

466 5761 677 5828 manias
703 5770 906 5816 mutare
945 5773 1036 5816 aut
1064 5763 1350 5818 destruere.
1385 5762 1538 5828 BASN.
