4100 6462
392 417 416 469 1
435 409 531 470 119

1545 408 1682 468 TITI
1723 410 2151 468 BOS’I‘RENSIS
2187 411 2469 469 EPISCOP

3502 407 3641 467 £520

390 536 513 594 rat;
549 542 656 583 non
694 529 1081 598 ignoraverunt
1104 544 1231 584 eum
1260 528 1351 600 qui
1400 529 1775 601 interrogabat
1802 550 1816 587 :
1849 533 1963 603 ipsa

2070 533 2205 604 αὕτη
2233 531 2343 603 γὰρ
2367 532 2400 601 ἠ
2437 529 2614 583 ἱκεσία
2647 499 2826 581 αὐτῶν
2870 527 3137 598 μαρτυρεῖ
3161 566 3174 588 ,
3201 524 3282 578 ὅτι
3309 496 3525 595 ᾔδεισαν
3549 525 3640 578 τὴν

391 620 537 675 enim
570 620 902 691 supplicatio
932 627 1170 677 testatur
1202 623 1530 693 cognovisse
1569 638 1666 679 eos
1727 625 1964 679 interro-

394 720 632 781 gantem.
666 719 831 780 atque
854 726 979 767 esse
1004 712 1225 783 quidem
1270 729 1330 769 se
1360 714 1636 785 patibiles,
1668 731 1778 769 non
1810 716 1963 787 igno-

392 810 688 869 raverunt;
715 820 839 860 esse
866 820 996 860 vero
1034 806 1192 860 illum
1218 845 1234 870 ,
1275 808 1369 876 qui
1425 808 1821 880 interrogabat,
1857 809 1962 864 Do-

393 893 600 947 minum
641 904 696 949 et
724 910 907 966 regem
939 897 1316 953 universitatis
1346 914 1552 963 rerum,
1581 915 1645 955 ex
1683 901 1961 971 supplica-

394 984 544 1039 tione
591 992 818 1056 apparet
865 986 1113 1043 scivisse.
1150 986 1276 1043 Hac
1317 988 1385 1043 de
1434 989 1770 1047 daemonibus
1818 993 1963 1047 dicta

394 1083 543 1139 sunt,
570 1083 630 1128 ut
661 1090 837 1145 neque
874 1076 943 1132 de
969 1076 1304 1134 daemonibus
1329 1079 1625 1149 disputatio
1651 1092 1889 1136 vacaret.

464 1165 704 1223 Possunt
733 1178 787 1223 et
810 1169 926 1223 haec
960 1168 1109 1233 addi,
1143 1176 1394 1222 naturam
1415 1185 1538 1226 esse
1567 1172 1669 1226 sibi
1706 1173 1959 1235 similem,

394 1259 639 1331 nihilque
660 1275 779 1316 eam
809 1274 841 1314 a
870 1276 929 1316 se
957 1260 1197 1315 diﬂ'erre.
1234 1262 1373 1315 Ecce
1403 1261 1546 1332 ignis
1585 1270 1732 1319 totus
1768 1265 1962 1320 similis

397 1350 502 1404 sibi
525 1358 628 1414 est,
664 1365 773 1404 non
814 1349 1000 1403 minus
1029 1347 1242 1403 calidus
1286 1363 1451 1418 quam
1499 1351 1570 1404 sit
1601 1351 1751 1421 ipse,
1788 1366 1965 1420 neque

396 1443 571 1512 magis
599 1460 612 1495 :
646 1458 753 1496 non
778 1441 944 1497 habet
971 1440 1094 1512 plus
1120 1448 1175 1495 et
1206 1441 1386 1495 minus
1417 1460 1428 1494 :
1464 1440 1519 1494 in
1558 1442 1770 1497 naturis
1818 1446 1964 1498 enim

396 1541 595 1588 vacant
626 1534 747 1600 plus
777 1540 830 1587 et
856 1532 1038 1587 minus
1069 1551 1080 1584 :
1116 1532 1209 1586 ubi
1230 1531 1375 1585 enim
1409 1542 1491 1586 est
1524 1531 1647 1601 plus
1674 1541 1729 1587 et
1758 1534 1962 1599 minus,

395 1639 505 1678 non
544 1631 626 1678 est
664 1630 878 1687 natura,
904 1622 999 1677 sed
1032 1622 1280 1677 ace'essin
1309 1623 1627 1679 voluntatis.
1674 1623 1731 1677 Si
1784 1633 1963 1679 autem

397 1714 464 1768 de
486 1712 823 1768 daemonibus
865 1713 1133 1783 scriptum
1172 1720 1278 1777 est,
1312 1713 1392 1769 ire
1447 1720 1501 1768 et
1550 1728 1834 1769 assumere
1879 1731 1964 1771 se-

398 1810 543 1873 ptem
585 1803 724 1858 alios
766 1802 994 1872 spiritus
1020 1803 1312 1873 nequiores
1338 1820 1398 1860 se
1426 1805 1484 1870 ’ς
1533 1813 1588 1859 et
1636 1812 1859 1876 apparet
1899 1821 1966 1861 ex

2060 610 2347 695 vasziovrat
2368 621 2503 692 (I5),
2529 621 2620 673 καὶ
2641 619 2723 672 ὅτι
2763 618 2861 689 μὲν
2888 615 3028 688 ἦσαν
3060 616 3315 677 εύπαθεϊς
3345 615 3441 668 καὶ
3468 617 3642 687 παθη-

2064 717 2147 770 rei.
2184 716 2284 769 οὐκ
2311 715 2615 785 ἠγνόησαν·
2646 712 2728 766 ὅτι
2753 711 2810 764 δὲ
2838 712 3043 774 ἐκεῖνος
3065 704 3133 781 ἦν
3158 711 3186 762 6
3222 707 3445 778 ἰχνεύων
3476 712 3504 762 6
3532 708 3642 761 Κύ-

2069 826 2181 881 ριος
2206 808 2297 861 καὶ
2324 806 2575 878 βασιλεὺς
2598 805 2705 858 τῶν
2734 803 3091 875 πραγμάτων,
3125 800 3402 871 φαίνονται
3429 800 3515 854 διά
3542 802 3642 871 τῆς

2068 898 2278 962 ἱκεσίας
2336 896 2707 967 ἐπιστάμενοι.
2775 894 2882 946 Καὶ
2945 891 3118 945 ταῦτα
3184 891 3312 961 περὶ
3370 889 3641 959 δαιμόνων

2065 988 2569 1058 κατεσκευάσαμεν,
2621 987 2707 1040 ἵνα
2751 984 2886 1055 μηδὲ
2942 986 2970 1038 6
3010 983 3137 1036 περὶ
3183 982 3452 1036 δαιμόνων
3496 981 3641 1052 ἀργῇ

2064 1081 2240 1149 λόγος.

2063 1178 2077 1217 I
2149 1172 2415 1242 Ἔγχωρεῖ
2441 1170 2548 1240 γάρ
2586 1168 2679 1222 καὶ
2705 1166 2876 1220 ταῦτα
2911 1167 3283 1239 προστιθέναι,
3318 1168 3401 1221 ὅτι
3424 1169 3457 1237 ή
3483 1165 3644 1234 φύσις

2066 1262 2230 1332 ἑαυτῇ
2259 1260 2416 1331 ὁμοία
2444 1260 2580 1318 ἐστὶ,
2600 1259 2693 1313 καὶ
2711 1257 2962 1328 οὐδεμίαν
2986 1257 3248 1327 διαφορὰν
3279 1257 3413 1328 πρὸς
3440 1257 3643 1325 ἑαυτὴν

2066 1352 2197 1424 ἔχει.
2252 1352 2378 1405 Ἰδοὺ
2408 1352 2516 1425 γὰρ
2554 1350 2614 1404 τὸ
2646 1349 2757 1420 πῦρ
2782 1348 2920 1411 ὅλον,
2957 1349 3141 1419 ὅμοιον
3171 1348 3371 1419 ἑαυτῷ,
3406 1348 3504 1418 οὐχ
3540 1344 3643 1420 ἦτ-

2065 1460 2154 1497 τον
2182 1440 2371 1495 ἑαυτοῦ
2416 1439 2636 1512 θερμὸν,
2663 1438 2783 1492 οὐδὲ
2820 1437 3017 1508 μᾶλλον
3045 1437 3242 1491 ἑαυτοῦ
3266 1454 3280 1467 ·
3316 1437 3377 1490 ού
3416 1437 3477 1488 τὸ
3507 1436 3644 1506 μᾶλ-

2066 1534 2155 1588 λον
2177 1535 2272 1587 καὶ
2299 1533 2360 1586 τὸ
2390 1528 2551 1604 ἦττον
2586 1532 2697 1603 ἔχει
2715 1549 2729 1562 ο
2766 1534 2822 1585 ὲν
2854 1531 2962 1603 γάρ
2989 1533 3109 1593 ταῖς
3138 1530 3329 1598 φύσεσι
3356 1530 3417 1583 τὸ
3444 1529 3644 1600 μᾶλλον

2067 1624 2158 1676 καὶ
2186 1622 2246 1675 τὸ
2274 1618 2436 1694 ¹ἧττον
2465 1622 2625 1692 ἀργεῖ
2642 1637 2656 1651 ο
2679 1621 2811 1673 ὅπου
2838 1620 2893 1673 δὲ
2918 1619 3115 1691 μᾶλλον
3138 1620 3231 1672 καὶ
3251 1613 3434 1689 ἦττον,
3463 1619 3645 1671 οὐκέτι

2067 1713 2249 1784 φύσις,
2285 1712 2422 1766 ἀλλά
2461 1712 2829 1784 προαιρέσεως
2863 1710 3123 1774 ἐπίδοσις.
3159 1711 3222 1764 Et
3247 1710 3303 1763 δὲ
3336 1711 3647 1782 γέγραπται

2066 1805 2162 1859 καὶ
2191 1806 2319 1876 περὶ
2340 1803 2630 1875 δαιμόνων,
2663 1805 2743 1857 ὅτι
2776 1804 3075 1875 ἀπέρχεται
3105 1802 3199 1856 καὶ
3226 1802 3646 1874 παραλαμϐάνει

398 1909 667 1957 sermone,
699 1910 822 1950 esse
848 1896 1245 1960 accessionem,
1277 1897 1403 1967 quia
1435 1897 1539 1951 hoc
1570 1904 1656 1953 est
1706 1913 1965 1968 nequam,

2070 1896 2208 1950 ὲπτά
2234 1897 2396 1968 ἕτερα
2417 1895 2703 1966 πνεύματα
2727 1896 3066 1966 πονηρότερα
3086 1894 3279 1949 ἑαυτοῦ
3302 1911 3315 1924 ·
3345 1896 3441 1949 καὶ
3464 1897 3650 1965 φαίνε-

394 1986 530 2042 iilud
562 2002 690 2040 vero
746 1987 1008 2056 nequius,
1068 1985 1371 2042 differentia
1424 1988 1680 2058 nequitia:
1735 1998 1838 2044 est.
1875 1988 1973 2044 Ubi

395 2087 480 2132 est
528 2085 723 2131 natura
776 2093 888 2132 non
937 2079 1041 2134 sibi
1091 2079 1328 2145 similis,
1388 2079 1433 2134 si
1468 2080 1777 2135 differentia
1820 2097 1974 2151 repe-

397 2172 538 2226 ritur
565 2172 621 2225 in
650 2171 930 2241 nequitia;
962 2182 1015 2227 et
1041 2170 1346 2228 diﬂ‘erentia
1377 2172 1696 2237 voluntatis,
1732 2189 1842 2228 non
1874 2190 1972 2228 na-

398 2273 535 2319 tura:
556 2264 714 2320 testis
743 2264 865 2320 est?
920 2264 998 2319 Ac
1047 2264 1116 2321 de
1162 2263 1248 2319 his
1296 2264 1515 2336 quidem
1575 2265 1712 2322 satis
1761 2264 1970 2321 dictum

397 2352 489 2409 sit.

2069 2007 2158 2043 ται
2187 1992 2251 2042 ἐκ
2283 1988 2376 2041 τοῦ
2409 1987 2566 2057 λόγου
2601 1988 2859 2052 ἐπίδοσις,
2886 1989 2967 2041 ὅτι
2994 1986 3056 2040 τὸ
3092 1989 3187 2058 μὲν
3224 1988 3479 2059 πονηρὸν,
3507 1988 3569 2040 τὸ
3590 1987 3649 2041 δὲ

2070 2082 2450 2153 πονηρότερον,
2480 2080 2712 2152 διαφορά
2740 2079 3023 2151 πονηρίας.
3061 2078 3170 2132 Ποῦ
3213 2078 3327 2132 ἔστι
3367 2079 3529 2148 φύσις
3572 2078 3650 2150 μὴ

2068 2169 2203 2227 οῦσα
2240 2173 2401 2244 ὁμοία
2434 2173 2622 2243 ἑαυτῇ.
2657 2173 2918 2243 διαφορᾶς
2957 2174 3016 2225 ὲν
3049 2172 3284 2244 πονηρίᾳ
3323 2170 3648 2243 εὑρισκομέ-

2069 2282 2189 2335 νης,
2221 2267 2316 2319 καὶ
2355 2269 2454 2337 τῆς
2493 2266 2756 2337 διαφορᾶς
2804 2265 3183 2337 μαρτυρούσης
3217 2268 3279 2336 τῇ
3333 2265 3651 2335 προαιρέσει

2067 2359 2163 2411 καὶ
2200 2356 2275 2428 μὴ
2306 2360 2373 2429 τῇ
2406 2357 2602 2426 φύσει;
2636 2357 2789 2421 Ἅλις
2814 2358 2911 2428 μὲν
2943 2356 3051 2410 τῶν
3081 2356 3338 2411 τοιούτων
3363 2357 3557 2425 λόγων.

395 2463 523 2520 Cn.
564 2462 804 2520 XXXIII.
858 2462 1088 2520 Manetis
1125 2464 1230 2521 duo
1275 2466 1539 2536 principia
1594 2468 1828 2593 ingenita
1853 2480 2162 2593 ,ωηατ-αιαᾶ
2192 2469 2373 2594 Matris
2420 2470 2620 2535 Satan,
2672 2469 2815 2526 Deus
2859 2470 3044 2526 bonus.
3080 2470 3326 2541 Apostoli
3362 2469 3650 2541 aliquando

1778 2556 1887 2594 om.
1910 2559 1940 2594 α
1967 2557 2122 2594 unum
2167 2558 2196 2594 ο
2228 2559 2312 2594 ma
2337 2558 2375 2594 ι.

1778 2556 1887 2606 om,
1910 2556 2196 2612 auquanao
2228 2556 2375 2597 man.

465 2650 861 2721 Aggrediemur
887 2650 1146 2722 deinceps
1168 2660 1535 2707 commentum
1566 2652 1804 2723 primum
1828 2654 1964 2710 isto-

396 2758 517 2797 rum
554 2743 748 2798 fabulae
775 2758 1073 2814 exponere,
1103 2751 1160 2798 et
1197 2743 1668 2800 coniutationihus
1695 2746 1963 2801 refellere.

362 2830 369 2835 ’
398 2833 620 2899 Malum,
651 2835 848 2906 inquit,
880 2841 997 2891 erat
1018 2874 1034 2901 ,
1086 2844 1142 2891 et
1194 2835 1495 2905 ingenitum
1524 2846 1678 2891 erat:
1720 2845 1837 2892 erat
1871 2852 1970 2892 au-

398 2934 504 2981 tem
553 2934 607 2982 et
638 2925 781 2983 Deus
809 2927 1029 2991 bonus,
1072 2935 1129 2980 et
1187 2926 1360 2982 divisa
1409 2927 1531 2980 loca
1580 2927 1968 2996 habitationis,

394 3023 451 3073 et
483 3023 711 3087 uterque
734 3016 878 3087 apud
910 3032 970 3073 se
1020 3018 1090 3072 ab
1121 3016 1291 3073 altero
1346 3017 1630 3086 sejunctus
1657 3037 1671 3073 :
1710 3034 1774 3073 ac
1809 3036 1970 3090 sepa-

398 3115 553 3162 ratus
585 3107 803 3178 quidem
834 3108 980 3164 Deus
1007 3124 1039 3163 a
1069 3109 1253 3176 malo;
1310 3118 1600 3181 separatus
1632 3112 1759 3167 item
1788 3127 1818 3166 a
1858 3113 1968 3168 Deo

2153 2654 2619 2727 Ἐπιχειρήσωμεν
2650 2653 2707 2707 δὲ
2728 2655 2822 2709 καὶ
2847 2653 2948 2725 τὴν
2992 2652 3311 2724 μυθοποιίαν
3346 2650 3525 2706 αὐτῶν
3553 2650 3652 2722 τὴν

2074 2745 2296 2818 πρώτην
2327 2745 2764 2816 ὑφηγησάμενοι,
2786 2747 2896 2807 τοῖς
2928 2744 3412 2805 ἀνασκευαστικοῖς
3435 2743 3650 2814 χρησὼ-

2079 2838 2218 2908 μεθα
2262 2837 2462 2905 λόγοις.
2505 2836 2709 2899 Κακία,
2750 2835 2937 2906 φησὶν,
2971 2829 3059 2905 ἦν,
3092 2834 3187 2887 καὶ
3228 2833 3518 2903 ἁγέννητος
3548 2828 3647 2903 ἦν’

2073 2927 2141 3001 ἦν
2167 2929 2223 2983 δὲ
2250 2930 2343 2982 καὶ
2373 2931 2401 2982 6
2426 2928 2627 2996 ἀγαθὸς
2656 2925 2805 2991 Θεὸς,
2830 2927 2924 2978 καὶ
2957 2924 3345 2996 μεμερισμένοι
3374 2924 3528 2977 τόποι
3552 2925 3653 2995 τῆς

2072 3024 2338 3093 οἰκήσεως
2360 3038 2372 3051 ’
2400 3021 2491 3074 καὶ
2511 3019 2768 3092 ἑκάτερος
2790 3019 2911 3073 καθ’
2938 3017 3128 3072 ἑαυτὸν
3150 3017 3243 3070 τοῦ
3266 3016 3453 3088 ἑτέρου
3479 3017 3655 3086 ἀπηλ-

2072 3114 2377 3185 λαγμένοςο
2434 3113 2529 3167 καὶ
2557 3112 2833 3184 ἀφώριστο
2881 3111 2978 3183 μὲν
3038 3110 3234 3173 κακίας
3280 3112 3309 3164 6
3345 3109 3508 3173 Θεός·
3547 3110 3641 3178 ἀφο

398 3199 651 3269 princeps
688 3200 817 3255 mali
850 3220 863 3254 :
893 3207 948 3256 et
978 3202 1224 3271 uterque
1274 3202 1415 3273 apud
1450 3218 1509 3258 se
1539 3211 1697 3268 erat,
1741 3214 1968 3274 uterque

2075 3206 2276 3278 ὡριστο
2303 3206 2360 3259 δὲ
2397 3206 2491 3259 καὶ
2512 3206 2540 3257 6
2561 3206 2659 3275 τῆς
2677 3204 2873 3266 κακίας
2888 3204 3068 3275 ἄρχων
3083 3201 3177 3254 τοῦ
3201 3200 3335 3255 Θεοῦ
3352 3218 3366 3231 ·
3402 3201 3495 3254 καὶ
3520 3203 3651 3256 ἑκά-

400 3287 515 3341 suis
537 3288 839 3358 imperabat
878 3296 934 3344 et
965 3290 1346 3361 gubernabat,
1395 3301 1455 3346 ut
1492 3302 1657 3349 natus
1701 3302 1755 3348 et
1810 3305 1972 3366 aptus

398 3387 555 3434 erat:
587 3380 763 3434 malus
796 3381 1012 3451 quidem
1048 3382 1222 3447 male,
1272 3383 1451 3439 bonus
1482 3400 1612 3439 vero
1640 3386 1811 3455 bene;
1863 3403 1976 3442 ma-

400 3470 485 3525 lus
510 3485 713 3526 nocens
740 3480 793 3527 et
816 3472 931 3531 suis
957 3472 1123 3528 rebus
1152 3490 1380 3540 nocens,
1412 3484 1467 3530 et
1496 3477 1613 3533 suis
1639 3493 1839 3535 nocere
1861 3495 1970 3534 non

399 3562 688 3631 desinens;
732 3564 911 3619 bonus
945 3580 1164 3636 semper
1212 3567 1387 3622 bonus
1420 3577 1473 3621 et
1501 3567 1732 3638 juvans,
1786 3577 1840 3624 et
1887 3586 1974 3626 res

400 3662 530 3709 suas
548 3654 767 3723 juvans,
788 3664 842 3712 et
875 3674 1155 3730 nunquam
1192 3675 1301 3713 non
1331 3659 1551 3728 juvans.
1611 3660 1800 3718 Omnis
1827 3662 1970 3716 enim

400 3744 610 3799 utilitas
639 3761 668 3798 a
692 3746 838 3800 bono
869 3748 1035 3816 erepit
1067 3748 1363 3817 proﬁcisci.
1401 3749 1537 3804 Cum
1576 3751 1844 3805 doctrinis
1872 3766 1967 3820 pu-

400 3843 740 3906 gnaverunt;
771 3845 1013 3892 extrema
1043 3841 1441 3907 quaesiverunt;
1467 3841 1711 3895 invenire
1742 3857 1847 3895 non
1879 3857 1969 3911 po-

400 3935 655 3994 luerunt;
692 3928 783 3999 qui
816 3944 847 3982 a
882 3930 1185 4000 principio,
1235 3947 1357 4001 qua:
1388 3933 1732 3987 consectaria
1784 3942 1971 3998 erant,

401 4021 998 4090 nonpapprobaverunt.
1025 4022 1103 4076 Ac
1129 4037 1295 4093 parva
1317 4022 1532 4093 quidem
1566 4032 1694 4078 sunt
1728 4023 1843 4078 haec
1862 4063 1877 4088 ,
1921 4032 1975 4079 et

404 4128 512 4167 non
566 4113 771 4181 multa;
820 4114 957 4170 satis
1013 4123 1198 4170 tamen
1245 4124 1373 4172 sunt
1419 4115 1487 4169 ad
1546 4116 1972 4187 disputationem

401 4205 721 4275 quaestionis
754 4226 767 4261 :
805 4204 1036 4262 formam
1070 4206 1281 4262 tantum
1327 4209 1563 4279 protuli;
1616 4225 1725 4263 non
1755 4208 1973 4263 excurri

402 4300 469 4353 ad
503 4300 904 4356 multitudinem
938 4303 1400 4359 testimoniorum.
1450 4301 1584 4370 Quae
1621 4305 1763 4359 enim
1800 4302 1967 4357 alIini-

348 4382 355 4387 ’
401 4400 562 4447 tatem
593 4401 647 4448 et
679 4394 1058 4465 cognationem
1081 4411 1207 4450 cum
1237 4396 1322 4451 his
1373 4397 1594 4460 habent,
1652 4404 1860 4466 quaeret
1904 4397 1989 4467 Ie-r

399 4494 539 4549 etor,
571 4495 624 4541 et
655 4504 720 4541 ex
758 4487 840 4543 his
864 4487 930 4540 ad
964 4488 1164 4543 similia
1193 4495 1246 4543 et
1275 4487 1533 4544 aliinitate
1567 4489 1862 4559 conjuncta
1896 4488 1973 4543 lc-

400 4577 632 4648 gendum
662 4578 1059 4648 progredietur.

471 4668 581 4738 Age
607 4683 776 4733 nunc,
804 4668 1143 4724 instruamus
1160 4683 1521 4741 paremusque
1543 4669 1760 4723 illorum
1790 4667 1972 4737 dispu-

400 4768 679 4833 tationem,
711 4768 954 4838 ipsorum
982 4768 1237 4838 dogmata
1271 4780 1625 4839 apponentes.
1656 4765 1829 4820 Malus
1857 4765 1971 4834 qui-

397 4856 520 4913 dem
555 4865 672 4912 erat
717 4856 972 4920 Satanas,
1007 4858 1183 4912 bonus
1224 4872 1354 4911 vero
1409 4855 1552 4911 Deus
1586 4874 1600 4909 :
1641 4863 1696 4909 et
1746 4854 1827 4909 sic
1878 4864 1968 4907 res

395 4958 533 5005 erat.
567 4949 824 5004 Fabulam
849 4955 1021 5012 verto,
1058 4957 1118 5002 ut
1150 4947 1389 5003 fabulam
1421 4947 1698 5019 repudiem
1727 4965 1742 5014 ;
1783 4955 1837 5002 et
1859 4947 1967 5002 nisi

395 5059 664 5115 opponam
687 5057 807 5114 quae
840 5049 1141 5113 exponunt,
1159 5057 1268 5097 non
1293 5058 1512 5113 possum
1547 5040 1784 5096 fabulam
1813 5055 1968 5095 ever-

398 5144 533 5190 tere.
570 5134 752 5190 Bonus
778 5134 997 5205 quidem
1031 5142 1152 5189 erat
1187 5133 1349 5198 Deus,
1380 5133 1598 5205 inquit;
1627 5135 1803 5189 malus
1839 5148 1967 5189 vero

400 5225 668 5293 Satanas;
695 5234 749 5282 et
775 5242 1054 5297 nunquam
1084 5243 1194 5282 non
1223 5234 1374 5293 erat;
1406 5234 1525 5281 erat
1556 5226 1701 5280 enim
1726 5240 1964 5296 semper,

398 5328 453 5374 et
477 5334 505 5372 a
541 5320 691 5373 nullo
718 5319 1029 5391 profectus;
1064 5327 1183 5377 erat
1211 5321 1379 5384 enim,
1414 5328 1468 5375 et
1499 5318 1652 5373 radix
1684 5326 1833 5384 erat,
1883 5319 1968 5374 in-

467 5477 490 5509 '
517 5475 651 5533 Luc.
682 5492 760 5545 xl,
796 5475 886 5532 26.

473 5631 585 5703 (15)
623 5632 736 5687 Τὸν
780 5635 897 5703 lxv.
948 5631 1308 5703 Interrogavit
1351 5630 1512 5703 enim
1542 5629 1698 5703 ﬁlum
1752 5626 1958 5684 Iesus:

396 5697 653 5772 Qu'od’est
694 5697 1046 5758 tibi'itomen?
1072 5697 1222 5770 (Lu'c.
1255 5716 1374 5772 vin,
1403 5697 1521 5772 50.)
1541 5698 1713 5772 Tuan.

468 5775 486 5843 (
500 5774 580 5841 l6)
604 5775 660 5827 Ἀ
668 5775 877 5843 nam.
892 5768 1170 5840 ire-gerem.
1195 5768 1840 5843 axélouorpaonprirwv.
1860 5768 1903 5823 si
1910 5784 1965 5843 c-

398 5838 505 5915 que
552 5838 831 5900 redderem
874 5838 1039 5898 totam
1074 5841 1363 5912 periodum
1398 5858 1411 5895 :
1450 5838 1858 5909 Consequentia
1886 5838 1967 5891 di-

2071 3315 2229 3370 τερος
2253 3296 2373 3350 καθ’
2402 3297 2592 3351 ὲαυιὸν
2615 3292 2684 3368 ἦν
2702 3313 2716 3326 ·
2748 3297 2840 3349 καὶ⁸
2859 3291 3028 3367 ἦρχεν
3052 3296 3310 3365 ἑκάτερος
3333 3294 3442 3349 τῶν
3472 3294 3614 3348 ἰδίων
3636 3312 3647 3324 ·

2073 3390 2166 3444 καὶ
2195 3389 2460 3461 ᾠκονόμει
2489 3389 2564 3452 ὠς
2586 3388 2849 3458 ἐπεφύκει
2869 3404 2881 3416 '
2915 3391 2943 3441 6
2971 3387 3069 3459 μὲν
3108 3387 3274 3461 κακὸς
3308 3385 3517 3452 κακῶς,
3545 3388 3573 3439 6
3595 3384 3655 3440 δὲ

2070 3483 2272 3554 ἀγαθὸς
2320 3482 2541 3551 ἀγαθῶς
2560 3498 2573 3511 -
2598 3483 2626 3534 6
2656 3479 2753 3551 μὲν
2797 3479 2964 3543 κακὸς
2995 3478 3266 3549 βλάπτων,
3296 3477 3389 3530 καὶ
3422 3478 3490 3530 τά
3525 3478 3655 3531 ἑαυ-

2072 3572 2165 3626 τοῦ
2203 3572 2473 3642 βλάπτων,
2505 3569 2717 3625 καὶτοῦ
2752 3568 3008 3639 βλάπτειν
3038 3566 3106 3620 τά
3134 3567 3240 3621 ἴδια
3275 3568 3349 3639 μὴ
3381 3567 3656 3621 ἀπαλλατ-

2071 3665 2326 3733 τόμενος.’
2364 3665 2392 3716 6
2420 3663 2476 3717 δὲ
2498 3661 2701 3730 ἀγαθὸς
2723 3661 2809 3716 ἀεὶ
2840 3659 3047 3728 ἀγαθὸς
3065 3662 3158 3713 καὶ
3185 3658 3429 3727 ὠφελῶν,
3466 3659 3560 3712 καὶ
3587 3658 3657 3712 τὰ

2073 3754 2268 3808 ἑαυτοῦ
2318 3754 2564 3824 ὠφελῶν,
2625 3752 2720 3807 καὶ
2770 3752 3041 3824 μηδέποτε
3081 3750 3155 3821 μὴ
3195 3750 3450 3820 ὠφελῶν
3506 3754 3655 3804 πᾶσα

2073 3846 2180 3917 γὰρ
2210 3844 2444 3914 ὠφέλεια
2464 3844 2523 3909 ἐξ
2552 3843 2755 3913 ἀγαθοῦ
2785 3844 3112 3915 προήρχετο.
3140 3842 3249 3913 (I6)
3290 3841 3655 3895 Ἀνακὸλουθα

2075 3934 2412 4006 μαθημάτων
2437 3935 2802 4007 ἐμαχέσαντοο
2835 3933 2903 3987 τὰ
2928 3932 3213 3986 τελευταῖα
3240 3934 3532 4004 ἐζήτησαν,
3563 3934 3653 3985 εύ-

2077 4032 2187 4100 ρεῖν
2215 4031 2314 4082 οὐκ
2342 4029 2704 4099 ἠδυνήθησαν,
2732 4028 2843 4081 ἀπὺ
2864 4027 2965 4099 τῆς
2990 4028 3163 4098 ἀρχῆς
3206 4027 3306 4097 την
3332 4025 3653 4080 ἀκολουθίαν

2075 4123 2150 4194 μὴ
2200 4121 2654 4193 παραδεξάμενοι.
2683 4122 2792 4174 Καὶ
2839 4120 3012 4192 μικρά
3058 4121 3158 4194 μὲν
3211 4119 3405 4184 ταῦτα,
3448 4120 3544 4173 καὶ
3590 4119 3651 4172 οὐ

2072 4214 2242 4269 πολλά
2259 4233 2272 4245 ·
2306 4216 2553 4287 αὐτάρκη
2577 4215 2633 4267 δὲ
2660 4213 2794 4284 πρὸς
2813 4214 2910 4284 τὴν
2932 4211 3158 4284 ζήτησιν
3181 4230 3193 4242 '
3223 4212 3313 4265 τὸν
3330 4210 3653 4283 χαρακτῆρα

2075 4305 2234 4377 μόνον
2263 4305 2552 4375 κεκίνηκα,
2581 4303 2675 4357 καί
2704 4304 2805 4357 οὐκ
2837 4304 2917 4363 είς
2943 4301 3144 4373 πλῆθος
3172 4301 3523 4372 καταϐέϐηκα
3546 4301 3652 4353 τῶν

2074 4395 2391 4467 μαρτυριῶν
2409 4412 2421 4425 ·
2459 4394 2569 4465 (I7)
2597 4394 2664 4447 τά
2696 4393 2797 4463 γὰρ
2832 4393 3068 4463 συγγενῆ
3096 4391 3204 4445 τῶν
3231 4391 3537 4462 λεγομένων
3558 4389 3655 4461 ζη-

2071 4487 2223 4558 τήσει
2255 4487 2283 4539 6
2314 4483 2721 4554 ἀναγινώσκων,
2747 4483 2840 4537 καὶ
2870 4484 2932 4535 ἐκ
2948 4480 3151 4535 τούτων
3177 4481 3266 4534 ἐπὶ
3288 4478 3355 4535 τὰ
3374 4481 3535 4553 ὅμοια
3561 4481 3656 4535 καὶ

1998 4561 2048 4618 ί)
2074 4578 2278 4648 ἀδελφὰ
2308 4579 2547 4649 χωρήσει
2580 4574 3001 4647 ἀναγνώσματα.

2158 4672 2347 4743 Ἡμεῖς
2363 4671 2418 4723 δὲ
2446 4669 2576 4739 φέρε
2603 4668 3095 4738 κατασκευάσωμεν
3113 4665 3205 4718 τὸν
3227 4664 3449 4718 ἐκείνων
3473 4663 3650 4732 λόγον,

2073 4765 2142 4819 τά
2171 4764 2416 4834 δόγματα
2444 4764 2667 4816 ἐκείνων
2700 4761 3102 4834 παραθέμενον
3138 4758 3374 4829 πονηρὸς
3413 4756 3512 4827 μὲν
3533 4752 3601 4827 ἦν
3622 4758 3653 4808 6

2075 4857 2344 4920 Σατανᾶς,
2375 4855 2576 4926 ἀγαθὸς
2616 4855 2672 4909 δὲ
2713 4852 2780 4927 ἦν
2814 4856 2843 4906 6
2893 4852 3058 4916 Θεός·
3095 4850 3187 4903 καὶ
3226 4848 3396 4911 οὓτως
3427 4843 3516 4919 ἦν.
3548 4848 3651 4900 Τὸν

2077 4948 2246 5021 μῦθον
2280 4949 2516 5020 στρέφω,
2548 4948 2636 5001 ἵνα
2673 4948 2764 5001 τὸν
2806 4945 2971 5018 μῦθον
3000 4944 3341 5012 δυσωπήσω·
3375 4942 3469 4993 καὶ
3500 4942 3548 4992 εἰ
3576 4939 3649 5009 μὴ

2076 5041 2407 5113 παράθωμαι
2435 5041 2471 5095 ἃ
2515 5040 2855 5110 ἐξηγοῦνται,
2905 5035 3160 5107 ὲντρέψαι
3194 5032 3293 5104 τὴν
3332 5031 3651 5103 μυθοποιίαν

2073 5138 2174 5189 οὐκ
2212 5134 2339 5205 ἔχω.
2378 5133 2605 5203 Ἀγαθὸς
2641 5134 2737 5203 μὲν
2767 5127 2834 5202 ἦν
2877 5131 2906 5182 6
2938 5129 3090 5193 θεὸς,
3140 5128 3292 5198 φησι,
3331 5124 3563 5194 πονηρὸς
3593 5124 3651 5175 δὲ

2075 5229 2103 5281 6
2130 5228 2376 5289 Σατανᾶς
2395 5241 2408 5256 ·
2429 5225 2524 5278 καὶ
2563 5220 2630 5295 ἦν
2657 5223 2920 5293 πονηρόςσ
2963 5221 3057 5273 καὶ
3095 5218 3216 5272 οὔτε
3252 5216 3381 5270 ποτὲ
3410 5216 3509 5268 οὐκ
3540 5211 3607 5285 ἦν
3632 5231 3645 5245 ⁸

2072 5320 2160 5373 ἀεὶ
2193 5313 2418 5390 γὰρῆν·
2450 5318 2545 5371 καὶ⁸
2572 5318 2671 5370 οὐκ
2699 5314 2806 5369 ἀπό
2835 5331 2976 5377 τινος
3001 5308 3069 5383 ἦν
3091 5329 3105 5342 -
3137 5307 3205 5381 ἦν
3227 5309 3336 5379 γάρ
3356 5325 3369 5339 ·
3401 5307 3494 5361 καὶ
3526 5306 3650 5377 ῥίζα

2070 5625 2415 5694 sciplinarum
2452 5631 2789 5696 negaverunt,
2821 5631 3054 5696 extrema
3078 5621 3451 5696 quasiverunt.
3480 5629 3529 5674 et
3560 5635 3647 5674 re-

2070 5692 2241 5763 perire
2254 5713 2357 5749 non
2375 5692 2677 5764 potuerunt,
2701 5694 3076 5764 principiorum
3099 5692 3519 5764 consequentiam
3542 5706 3644 5744 non

2074 5760 2442 5826 admittentes;
2478 5767 2557 5821 sic
2586 5760 2730 5820 enim
2769 5764 2964 5833 planus
2991 5772 3073 5817 est
3100 5760 3313 5817 sensus.
3349 5760 3507 5815 Bssn.

2146 5837 2256 5907 (I7)
2292 5838 2366 5891 Τὰ
2390 5841 2496 5904 γὰρ
2521 5852 2658 5905 συγ.
2693 5830 2948 5900 Ωιιέυιὶυηι
2973 5835 3162 5889 deesse
3189 5833 3500 5888 videbantur
3528 5830 3643 5901 hoc
