4100 6416
392 390 527 451 1121

1487 380 1860 436 ADVERSUS
1902 378 2328 435 MANICHAEOS
2367 379 2494 433 LIB.
2539 378 2580 436 1.

3506 384 3649 441 1122

388 512 477 588 ἦν,
508 509 662 582 φησὶ,
694 511 788 563 καὶ
817 503 885 580 ἦν
909 508 1133 580 Κύριος,
1165 507 1260 561 καὶ
1288 506 1448 569 αὐτὸς
1481 500 1547 576 ἦν
1566 522 1577 533 ·
1613 504 1706 559 καὶ
1735 478 1963 573 ὸίξαῆψ

2080 503 2227 571 quit:
2260 508 2378 556 erat
2414 501 2540 554 item
2577 498 2874 562 Dominus,
2930 509 2985 554 et
3020 499 3137 569 ipse
3183 504 3337 563 erat;
3384 508 3438 554 et
3493 501 3647 555 radix

391 605 485 660 καὶ
520 602 647 675 ῥίζα
675 600 837 671 καλὴ.
877 600 969 652 καὶ
1000 597 1124 669 ῥίζα
1150 596 1331 650 καλῶν
1351 614 1363 625 ·
1397 598 1490 650 καὶ
1520 598 1626 649 πᾶν
1666 595 1828 648 κιλὺν
1866 595 1974 647 ἀπὸ

390 693 581 749 τούτου
630 690 848 761 ἐξῆλθεο
881 688 975 741 δύο
1002 688 1110 757 γὰρ
1149 683 1289 757 ἦσαν
1322 686 1489 756 ῥίζαι,
1524 686 1617 738 καὶ
1651 685 1745 737 δύο
1772 684 1975 755 προῆλ-

392 787 484 841 θον
512 783 749 856 πρόοδοι,
776 783 830 835 αί
862 780 1079 851 πρόοδοι
1106 777 1432 847 κατάλληλοι
1471 779 1593 838 ταῖς
1634 776 1807 845 ῥίζαις
1831 792 1844 805 ⁸
1878 775 1972 827 ἀπ’

393 878 609 947 ἐκείνης
638 874 708 928 τὰ
734 873 977 938 τοιαῦτα,
1001 870 1094 924 καὶ
1116 870 1224 922 ἀπὸ
1250 868 1456 939 ταύτης
1477 866 1546 920 τὰ
1568 866 1790 919 τοιαῦτα
1822 866 1977 936 θρυλ-

393 970 593 1023 λοῦσιν.

466 1061 688 1129 Στῶμεν
712 1058 815 1121 ἕως
845 1054 1049 1108 τούτων
1071 1052 1509 1123 ἐπιχειρήσωμεν
1530 1048 1716 1102 λοιπὸν
1758 1049 1857 1120 τὴν
1891 1046 1977 1113 ἐξ-

395 1153 579 1207 έτασιν
602 1192 615 1214 ,
645 1150 738 1203 καὶ
755 1149 949 1218 ἴδωμεν
973 1144 1382 1214 συλλογισμοὺς,
1400 1143 1494 1195 καὶ
1520 1140 1975 1213 μνημονεύσωμεν

399 1243 599 1316 ῥητῶν,
632 1241 719 1294 ἵνα
749 1238 845 1292 καὶ
876 1240 988 1299 τοῖς
1020 1235 1398 1304 συλλογισμοῖς
1440 1231 1853 1301 συναγάγωμεν,
1884 1230 1977 1281 καὶ

394 1337 508 1397 τοῖς
541 1334 725 1405 ῥητοῖς
771 1329 1048 1399 πείσωμεν
1069 1344 1082 1356 ⁸
1130 1330 1374 1398 φήσομεν
1406 1324 1517 1395 γὰρ
1555 1324 1691 1395 πρὸς
1736 1320 1933 1385 αὐτούς
1958 1338 1972 1351 ’

408 1428 563 1479 Ἐπεὶ
589 1424 722 1487 Θεὸς
749 1421 873 1492 ῥίζα
910 1417 998 1491 ἦν,
1031 1419 1126 1473 καὶ
1160 1418 1285 1490 ῥίζα
1317 1416 1480 1488 καλὴ,
1526 1416 1619 1469 καὶ
1650 1415 1852 1485 καρποὶ
1877 1430 1978 1467 κα·-

400 1514 485 1566 λοὶ
515 1511 622 1565 ἀπὸ
656 1510 819 1583 ῥιζῶν
858 1507 1037 1562 καλῶν
1066 1506 1480 1578 προηνέχθησαν
1502 1521 1515 1534 ’
1550 1505 1642 1559 καὶ
1669 1507 1697 1558 ὁ
1734 1504 1978 1567 Σατανᾶς

400 1600 524 1672 ῥίζα
555 1597 646 1671 ἦν,
680 1600 775 1652 καὶ
800 1595 924 1669 ῥίζα
953 1598 1125 1669 κακή·
1155 1596 1250 1649 καὶ
1278 1596 1477 1666 καρποὶ
1509 1595 1669 1648 κακοὶ
1693 1592 1800 1647 ἀπὸ
1825 1592 1978 1664 ῥίζης

398 1691 578 1760 κακῆς
606 1687 1020 1759 προηνέχθησαν
1043 1701 1056 1715 '
1088 1686 1233 1748 τίνος
1256 1685 1458 1757 καρποὶ
1479 1685 1529 1737 οἱ
1563 1683 1869 1746 ἀπόστολοι,
1893 1683 1979 1735 ἵνα

398 1784 463 1836 ὲκ
498 1782 607 1835 τῶν
662 1780 892 1852 καρπῶν
930 1777 1148 1848 γνῶμεν
1190 1779 1250 1831 τὸ
1302 1778 1673 1849 ζητούμενον;
1718 1776 1853 1845 ὅπερ
1878 1775 1978 1828 οὐκ

2072 597 2235 658 bona,
2273 603 2327 649 et
2356 593 2512 647 radix
2553 593 2855 657 bonorum;
2896 599 2950 646 et
2975 607 3135 647 omne
3189 592 3393 645 bonum
3424 591 3495 646 ab
3545 592 3650 648 hoc

2074 686 2375 757 profectum
2420 692 2504 739 est
2536 700 2550 738 :
2588 683 2711 737 dua:
2732 698 2969 753 namque
3008 683 3219 738 radices
3253 691 3430 747 erant,
3463 692 3511 740 el
3541 683 3653 741 duo

2072 779 2280 833 surculi
2314 783 2712 847 provenerunt,
2769 776 2974 828 surculi
3008 774 3285 829 radicibus
3314 776 3652 846 responden-

2074 877 2157 925 tes
2189 889 2203 924 :
2237 870 2303 923 ab
2337 869 2428 922 illa
2458 868 2608 932 talia,
2632 850 2701 921 ab
2733 867 2837 921 hac
2866 867 2996 920 talia
3026 866 3140 920 ﬂeri
3172 868 3398 937 jactant.

2145 1043 2468 1100 lnsistamus
2492 1045 2602 1108 hic,
2633 1044 2831 1099 deinde
2853 1046 3211 1116 quaestionem
3245 1048 3645 1118 aggrediamur,

2075 1138 2467 1206 videamusque
2514 1138 3038 1206 argumentationes,
3075 1146 3128 1193 et
3161 1154 3281 1209 qua:
3324 1140 3466 1193 dicta
3521 1149 3650 1194 sunt

2076 1229 2460 1292 recordemur,
2515 1235 2576 1281 ut
2640 1230 3211 1297 argumentationibus
3267 1233 3648 1286 conclusiones

2076 1318 2471 1381 conliciamus;
2504 1323 2559 1372 et
2589 1318 2753 1371 exiis
2794 1332 2916 1387 quae
2958 1318 3222 1385 diximus,
3277 1322 3435 1376 tidem
3486 1320 3651 1376 facia-

2076 1424 2234 1464 mus:
2276 1408 2523 1462 dicemus
2552 1408 2696 1463 enim
2737 1408 2859 1465 istis
2901 1426 2915 1463 :
2954 1408 3010 1463 Si
3063 1410 3208 1467 Deus
3236 1423 3353 1467 erat
3389 1413 3565 1475 radix,
3595 1419 3652 1467 ct

2077 1500 2219 1555 bona
2242 1499 2418 1564 radix,
2450 1507 2505 1554 et
2526 1499 2654 1555 boni
2693 1498 2905 1557 fructus
2931 1516 2997 1557 ex
3032 1502 3191 1558 bonis
3220 1504 3495 1559 radicibus
3526 1520 3653 1574 pro-

2080 1590 2220 1656 fusi;
2250 1605 2315 1644 ac
2346 1589 2579 1645 Satanas
2609 1589 2763 1644 radix
2794 1599 2933 1655 erat,
2966 1600 3019 1647 et
3051 1594 3192 1647 mala
3222 1593 3397 1661 radix,
3430 1609 3494 1649 ac
3533 1594 3648 1650 fru-

2078 1693 2201 1739 ctus
2252 1682 2381 1737 mali
2414 1698 2495 1737 ex.
2522 1683 2664 1737 mala
2698 1683 2881 1738 radice
2908 1682 3015 1738 fusi
3044 1703 3056 1738 :
3094 1686 3249 1754 cujus
3294 1687 3494 1742 radicis
3521 1702 3653 1757 apo-

2082 1775 2208 1831 stoli
2235 1774 2445 1830 fructus
2476 1775 2824 1839 exstiterunt,
2851 1783 2911 1829 ut
2942 1791 3009 1830 ex
3042 1775 3309 1832 fructibus
3340 1779 3482 1847 quod
3505 1792 3653 1847 quae-

400 1876 510 1929 ἀπὸ
540 1874 650 1927 τῶν
705 1850 868 1945 ῥιζῶν
911 1871 1171 1943 λαμϐάνω
1193 1886 1206 1899 ·
1239 1872 1483 1941 φήσομεν
1511 1871 1639 1941 γάρ,
1691 1871 1757 1921 Ἦ
1788 1869 1913 1939 ῥίζα
1943 1868 1976 1938 ὴ

2083 1867 2274 1929 rimus,
2301 1867 2732 1936 cognoscamus?
2754 1865 3001 1921 Nondum
3028 1882 3056 1920 a
3078 1868 3350 1924 radicibus
3368 1886 3654 1940 argumen-

399 1963 547 2034 κακὴ
609 1962 763 2016 οὐδὲν
816 1960 977 2015 καλὸν
1012 1963 1395 2030 προσενεγκεῖν
1421 1956 1560 2013 οἶδεν
1585 1978 1598 1990 ·
1638 1960 1760 2013 οὔτε
1788 1962 1819 2031 ή
1854 1957 1978 2029 ῥίζα

398 2056 434 2126 ἠ
498 2053 638 2124 καλὴ
690 2053 848 2135 ,οὐδὲν
909 2052 1078 2106 κακὸν
1138 2054 1522 2123 προσενεγκεῖν
1578 2047 1707 2106 οἶδε.
1766 2051 1981 2104 Φαίνον-

404 2162 498 2199 ται
539 2144 596 2198 δὲ
629 2146 680 2197 οῖ
712 2142 996 2196 ἀπόστολοι
1025 2142 1152 2195 ποτὲ
1189 2143 1285 2213 μὲν
1331 2142 1506 2205 καλοὶ,
1542 2142 1670 2196 ποτὲ
1701 2142 1757 2195 δὲ
1788 2142 1974 2196 κακοί·

402 2237 499 2290 καὶ
526 2236 624 2306 ὀψὲ
651 2235 749 2306 μὲν
780 2234 953 2298 καλοὶ,
986 2232 1226 2304 ἀρχῆθεν
1250 2234 1307 2286 δὲ
1342 2235 1523 2299 κακοὶ,
1552 2235 1644 2288 καὶ
1677 2235 1979 2307 μεταϐολὴν

403 2326 768 2398 πεποιημένοι
806 2325 913 2379 ἀπὸ
945 2325 1051 2377 τῶν
1079 2325 1285 2379 κακῶν.

474 2421 537 2472 Ei
559 2420 655 2490 μὲν
672 2418 780 2490 γάρ
805 2419 1048 2488 φήσομεν
1066 2415 1160 2469 τοῦ
1187 2418 1401 2471 Σατανᾶ
1425 2419 1669 2490 καρποὺς
1696 2415 1832 2472 εἰναι
1854 2420 1981 2483 τοὺς

404 2512 736 2574 ἀποστόλους
764 2513 851 2565 διά
877 2511 947 2564 τά
970 2510 1175 2565 παλαιὰ
1204 2512 1541 2581 πταίσματα,
1562 2512 1980 2582 δυσωπηθήσον-

403 2615 496 2651 ται
528 2598 617 2652 διὰ
648 2598 747 2669 τὴν
777 2598 1082 2669 ἀποστολὴν
1116 2600 1209 2653 καὶ
1240 2600 1339 2670 τὴν
1377 2600 1684 2671 τελειότητα
1711 2602 1818 2654 τῶν
1850 2604 1981 2673 ἀρε-

407 2688 515 2742 τῶν
534 2703 548 2718 ’
581 2690 629 2742 εἰ
650 2690 708 2742 δὲ
732 2688 826 2741 τοῦ
855 2688 1011 2751 Θεοῦ,
1043 2690 1097 2743 τί
1119 2688 1303 2757 ἐροῦσι
1330 2690 1457 2761 περὶ
1485 2690 1595 2743 τῶν
1628 2689 1982 2762 πταισμάτων

407 2779 516 2833 τῶν
551 2778 796 2833 παλαιῶν
825 2782 919 2834 καὶ
950 2782 1049 2852 τῆς
1085 2781 1323 2843 παλαιᾶς
1353 2781 1640 2854 διαὸολῆςς
1674 2783 1983 2855 δυσωπήσει

407 2871 518 2943 γὰρ
555 2872 751 2934 αὐτοὺς
776 2871 837 2924 τὸ
869 2873 1125 2945 γράμμα,
1160 2875 1253 2926 καὶ
1281 2874 1486 2943 ἐλέγξει
1528 2874 1704 2928 αὐτῶν
1736 2876 1834 2947 τὴν
1866 2876 1986 2947 κρί-

407 2978 513 3016 σιν.
533 2963 597 3015 Ei
622 2963 698 3026 δὲ,
729 2963 1060 3036 ἀποροῦντες
1081 2966 1176 3018 καὶ
1199 2968 1374 3018 εἰπεῖν
1405 2967 1479 3038 μὴ
1509 2966 1829 3037 δυνάμενοι,
1859 2968 1986 3020 ἀντ-

406 3054 652 3126 ερωτῶσι
670 3055 970 3124 φάσκοντες
992 3056 1249 3111 δύσκολον
1276 3055 1414 3112 εἶναι
1439 3060 1537 3130 τὴν
1558 3059 1711 3113 λύσιν
1731 3061 1837 3115 τῶν
1855 3079 1987 3133 προ-

404 3148 635 3211 τάσεων,
672 3149 765 3201 καὶ
803 3148 1059 3202 δύσκολον
1096 3148 1361 3221 εἶναιτὴν
1400 3150 1702 3217 ἀπόδειξιν*
1738 3153 1983 3224 φήσομεν

406 3240 501 3293 καὶ
522 3242 684 3311 ἡμεῖς
707 3242 768 3293 οὐ
789 3243 1034 3312 καρποὺς
1058 3238 1196 3296 εῖναι
1215 3243 1341 3306 τοὺς
1364 3243 1691 3307 ἀποστόλους
1710 3244 1802 3297 τοῦ
1824 3245 1981 3310 Θεοῦ,

405 3331 540 3387 ἀλλά
568 3335 847 3403 ποιήματα
877 3333 971 3387 καὶ
1008 3334 1309 3404 πλάσματα
1329 3350 1343 3363 ⁸
1373 3335 1431 3388 οὐ
1456 3335 1563 3406 γάρ
1596 3336 1670 3397 ὡς
1697 3334 1806 3388 ἀπὸ
1830 3335 1987 3405 ῥίζης

406 3420 609 3489 καρποὶ
648 3420 1082 3492 προηνέχθησαν,
1111 3423 1317 3486 ἀλλ’ὡς
1344 3424 1452 3476 ἀπὸ
1477 3425 1695 3477 κτίστου
1713 3426 1805 3477 καὶ
1827 3441 1985 3495 ποιη-

403 3508 522 3572 τοῦ,
557 3509 831 3580 κτίσματα
865 3511 958 3563 καὶ
984 3514 1267 3583 ποιήματα
1295 3508 1617 3583 γεγένηνται
1637 3513 1730 3567 τοῦ
1759 3530 1988 3589 πεποιη-

407 3600 564 3664 κότος
577 3619 590 3629 ·
608 3601 706 3672 οὐχ
726 3602 800 3665 ὡς
824 3604 1082 3673 όμοουσία
1098 3604 1189 3657 τοῦ
1211 3606 1589 3677 πεποιηκότος
1612 3607 1859 3676 γεννητοὶ
1878 3605 1987 3677 γάρ

405 3693 473 3743 ἐκ
498 3691 592 3744 τοῦ
624 3693 920 3765 ἀγεννήτου
947 3695 1077 3748 ποτὲ
1103 3697 1202 3749 οὐκ
1230 3696 1403 3760 ὄντες,
1436 3696 1661 3767 ὕστερον
1680 3697 1736 3750 δὲ
1754 3714 1985 3768 πεποιη-

410 3781 590 3851 μένοι·
627 3783 688 3835 τὸ
723 3784 822 3854 μὲν
855 3781 994 3837 εἶναι
1035 3786 1143 3839 ἀπὸ
1185 3785 1279 3839 τοῦ
1311 3787 1671 3857 πεποιηκότος
1710 3787 1983 3852 λαθόντες,

406 3872 505 3925 οὐκ
532 3873 709 3927 οὐσίαι
742 3873 798 3927 δὲ
826 3874 883 3941 ἐξ
911 3875 1117 3940 οὐσίας,
1149 3877 1265 3931 ἀλλ’
1293 3879 1616 3942 ὑποστάσεις
1639 3879 1699 3946 ἐξ
1720 3878 1989 3948 ἀγαθότη-

404 3980 496 4027 τος
522 3964 616 4017 τοῦ
643 3966 987 4038 Δημιουργοῦ
1012 3969 1391 4040 πεποιημένοι·
1416 3970 1509 4023 καὶ
1530 3969 1670 4024 οὕτω
1690 3971 1990 4041 πεποιημέ-

408 4072 511 4121 νοι,
540 4057 985 4131 ἴναπροαιρέσει
1015 4060 1114 4132 τὴν
1144 4062 1318 4133 ἀρχὴν
1357 4061 1524 4133 ἔχωσι
1564 4064 1700 4134 (18).
1735 4056 1987 4116 Φαίνεται

407 4144 501 4202 οὖν
527 4151 555 4202 ὁ
577 4151 766 4221 Σωτὴρ
785 4152 958 4220 λέγων
982 4168 994 4182 ⁸
1019 4154 1094 4206 ΕΖ
1118 4171 1207 4219 τις
1238 4153 1397 4208 θέλει
1419 4155 1611 4208 ὀπίσω
1626 4172 1747 4223 μου
1766 4154 1983 4210 ἐλθεῖν-ο

407 4243 481 4295 El
509 4240 701 4308 θέλεις
726 4243 953 4310 τέλειος
982 4245 1258 4313 γενέσθαι
1278 4261 1291 4273 ·
1314 4249 1380 4299 Ei
1396 4246 1590 4312 θέλεις
1630 4246 1800 4316 ὑγιὴς
1827 4246 2009 4316 γενέ-⁸

405 4335 549 4386 σθαι
566 4349 581 4364 ο
613 4335 662 4387 εί
682 4335 710 4386 ὁ
726 4337 955 4407 ποιήσας
983 4335 1209 4390 τοιαῦτα
1229 4337 1399 4404 λαλεῖ,
1419 4338 1485 4391 δι’
1506 4332 1567 4390 οὗ
1600 4338 1788 4410 Πατὴρ
1809 4340 1986 4393 πάντα

406 4425 652 4495 ἐποίησε,
684 4427 796 4478 νόει
827 4425 922 4479 τοῦ
950 4429 1311 4499 πεποιηκότος
1341 4428 1441 4492 τὰς
1466 4431 1677 4497 φωνάς’
1714 4431 1771 4481 ὲν
1802 4429 1879 4501 τῷ
1897 4429 1985 4482 θέ-

403 4514 518 4568 λειν
544 4515 667 4576 τοὺς
690 4514 885 4586 νόμους
910 4515 1059 4568 ἔθετο
1078 4533 1093 4546 ο
1117 4519 1174 4571 ὲν
1197 4521 1263 4589 τῇ
1290 4518 1503 4590 θελήσει
1529 4519 1597 4573 τά
1624 4519 1822 4589 νομικὰ
1844 4521 1981 4574 ἀπο-

2082 1966 2196 2012 tum
2227 1972 2419 2024 sumo;
2451 1958 2698 2013 dicemus
2725 1960 2868 2013 enim
2894 1978 2907 2013 :
2963 1958 3106 2014 Mala
3157 1960 3308 2015 radix
3354 1962 3488 2016 nihil
3520 1963 3649 2019 boni

2081 2049 2328 2118 proferre
2357 2050 2570 2118 potuit,
2601 2064 2777 2118 neque
2820 2051 2973 2105 radix
3007 2052 3148 2108 bona
3176 2053 3470 2123 quidquam
3502 2055 3648 2110 mali.

2080 2139 2348 2195 Videntur
2382 2151 2563 2194 autem
2588 2141 2819 2209 apostoli
2866 2142 3189 2212 quandoque
3225 2145 3376 2211 boni,
3403 2144 3655 2213 quando-

2079 2247 2185 2302 que
2214 2232 2341 2286 mali
2377 2231 2576 2299 fuisse;
2612 2247 2678 2287 ac
2725 2246 2848 2288 sero
2906 2232 3126 2302 quidem
3173 2233 3337 2299 boni,
3381 2235 3656 2306 principio

2081 2333 2261 2378 autem
2295 2325 2445 2387 mali,
2479 2334 2833 2393 mutasseque
2865 2325 3039 2380 malos
3072 2339 3253 2380 mores

2154 2413 2212 2468 Si
2234 2415 2377 2469 enim
2420 2415 2668 2471 dicamus
2705 2430 2826 2471 esse
2860 2413 3136 2484 aposwlos
3168 2415 3385 2470 Satanae
3441 2415 3654 2473 fructus

2081 2513 2303 2577 pmpter
2334 2514 2509 2561 vetera
2537 2507 2760 2572 delicta,
2795 2507 3129 2562 adhibebunt
3174 2508 3254 2564 eis
3296 2509 3655 2564 reverentiam

2083 2607 2302 2670 propter
2324 2600 2690 2668 apostolatum
2725 2607 2779 2654 et
2808 2598 3197 2668 perfectionem
3232 2600 3518 2656 virtutum.
3558 2599 3657 2657 Sin

2083 2704 2212 2744 vero
2244 2689 2338 2744 Dei
2381 2690 2628 2755 fructus,
2675 2690 2809 2761 quid
2862 2690 3046 2745 dicent
3073 2690 3142 2746 de
3172 2692 3413 2761 antiquis
3464 2707 3657 2747 eorum

2085 2782 2346 2852 peccatis,
2378 2789 2431 2836 ct
2452 2780 2519 2836 de
2549 2783 2774 2851 antiqua
2805 2782 2915 2835 vita
2941 2781 3258 2836 diabolica?
3290 2783 3357 2837 ad
3387 2783 3655 2851 pudorem

2083 2874 2227 2928 enim
2261 2873 2541 2927 revocabit
2566 2888 2661 2927 eos
2694 2872 2978 2942 Scriptura
3007 2912 3022 2938 ,
3076 2882 3130 2927 et
3158 2889 3346 2929 eorum
3386 2875 3657 2945 judicium

2085 2966 2392 3036 redarguet.
2426 2962 2483 3019 Si
2511 2981 2640 3021 vero
2694 2981 2804 3021 non
2855 2966 3190 3037 reperientes
3211 2967 3439 3034 exitum,
3470 2976 3525 3022 et
3550 2981 3660 3038 quo

2086 3072 2146 3113 se
2167 3063 2383 3111 vertant
2415 3058 2722 3112 nescientes
2750 3100 2763 3123 ,
2814 3072 2914 3112 nos
2949 3073 3143 3112 rursus
3177 3058 3553 3127 interrogent,
3583 3058 3664 3113 di-

2086 3157 2319 3219 cantque
2356 3148 2516 3202 nobis
2552 3164 2769 3219 quoque
2806 3149 3046 3204 diﬂlciles
3078 3164 3202 3204 esse
3228 3151 3561 3219 quaestiones
3589 3149 3661 3205 ad

2085 3240 2455 3305 solvendum;
2525 3240 2742 3296 difﬁcile
2808 3241 2937 3295 item
3004 3241 3216 3296 ratione
3279 3242 3654 3298 concludere:

2084 3331 2557 3400 respondebimus,
2584 3346 2693 3386 non
2722 3346 2845 3386 esse
2878 3330 3090 3385 l‘ructus
3116 3330 3209 3384 Dei
3238 3330 3655 3401 apostolos,sed

2084 3422 2258 3477 factos
2277 3429 2332 3476 et
2360 3420 2554 3488 ﬁctos;
2595 3437 2705 3476 non
2740 3423 2885 3477 enim
2934 3430 3192 3492 tanquam
3229 3422 3440 3478 fructus
3467 3437 3535 3477 ex
3566 3435 3657 3476 ra-

2086 3513 2206 3570 dice
2235 3512 2446 3586 profusi
2474 3520 2623 3577 sunt,
2653 3513 2747 3568 sed
2762 3521 3019 3583 tanquam
3046 3522 3310 3569 creatura:
3338 3529 3367 3568 a
3395 3512 3658 3570 Creatore

2085 3612 2140 3657 et
2169 3610 2391 3658 auctore
2424 3604 2633 3668 creati;
2675 3611 2939 3658 creaturae
2980 3603 3126 3657 enim
3165 3604 3285 3673 ejus
3340 3613 3470 3661 sunt
3494 3644 3511 3669 ,
3543 3620 3658 3660 non

2086 3701 2342 3765 tanquam
2420 3693 2665 3762 ejusdem
2730 3694 3090 3760 substantiae,
3158 3695 3318 3766 cujus
3369 3696 3488 3766 ipse
3549 3702 3656 3752 est.

2086 3782 2265 3839 Geniti
2292 3792 2420 3842 sunt
2446 3786 2516 3840 ab
2538 3785 2799 3856 ingenito,
2826 3802 2952 3842 cum
2985 3788 3281 3857 aliquando
3313 3804 3422 3843 non
3446 3795 3657 3855 essent,

2086 3885 2275 3947 postea
2302 3877 2429 3932 l‘acti
2457 3887 2624 3943 sunt;
2665 3877 2761 3948 qui
2805 3885 2864 3931 ut
2890 3886 3075 3933 essent
3106 3877 3347 3949 quidem,
3377 3879 3445 3934 ab
3472 3893 3538 3934 eo
3560 3878 3658 3949 qui

2086 3969 2239 4032 fecit,
2278 3977 2629 4039 acceperunt,
2674 3984 2784 4024 non
2825 3969 3148 4025 substantiae
3204 3986 3270 4026 ex
3310 3969 3657 4035 substantia,

2085 4061 2180 4116 sed
2224 4060 2353 4115 facti
2400 4061 2723 4132 bypostases
2772 4061 3016 4117 bonitate
3049 4062 3324 4125 auctoris,
3382 4068 3547 4133 atque
3579 4061 3658 4116 ita

2086 4152 2237 4215 facti,
2272 4152 2358 4204 ἵνα
2390 4150 2705 4222 προαιρέσει
2730 4149 2829 4222 τὴν
2865 4150 3037 4222 ἀρχὴν
3067 4150 3252 4221 ἔχωσι,
3293 4158 3351 4204 ιιι
3376 4150 3658 4205 voluntate

2085 4242 2321 4297 habeant
2336 4241 2721 4312 principatum.
2739 4240 2828 4293 Ait
2844 4240 3008 4310 igitur
3021 4238 3271 4294 Salvator
3294 4258 3307 4294 ι
3338 4238 3399 4294 Si
3411 4242 3527 4310 quis
3546 4240 3657 4294 vult

2038 4362 2045 4375 ε
2084 4335 2255 4389 venire
2280 4342 2396 4402 post
2419 4349 2496 4386 me
2530 4332 2580 4399 ³;
2613 4328 2672 4385 Si
2703 4333 2779 4384 vis
2799 4331 3060 4400 perfectus
3092 4347 3203 4385 esse
3226 4331 3280 4398 ⁸;
3312 4329 3373 4385 Si
3393 4331 3468 4384 vis
3491 4348 3656 4386 sanus

2085 4427 2204 4496 ﬁeri
2240 4426 2283 4480 ⁵.
2325 4425 2381 4480 Si
2414 4426 2460 4481 is
2484 4425 2575 4495 qui
2606 4424 2752 4491 fecit,
2794 4424 2875 4478 sic
2906 4422 3166 4493 loquitur,
3208 4439 3303 4492 per
3347 4438 3507 4493 quem
3550 4421 3655 4476 Pa-

2088 4528 2171 4574 ter
2190 4520 2373 4573 omnia
2405 4518 2705 4574 fabricatus
2751 4525 2855 4581 est,
2887 4515 3127 4585 intellige
3161 4530 3323 4570 voces
3368 4514 3648 4568 auctoris:

404 4604 754 4677 ταμιεύεται·
798 4606 895 4677 τὴν
946 4606 1198 4679 βούλησιν
1241 4610 1351 4665 τῶν
1394 4610 1741 4681 πραττόντων
1788 4612 1979 4683 κυρίαν

2087 4609 2141 4662 in
2176 4609 2455 4663 voluntate
2484 4608 2867 4679 posuitleges;
2904 4606 2956 4660 in
2990 4605 3270 4659 voluntate
3296 4604 3534 4674 legitima
3565 4618 3650 4657 re-

407 4699 519 4752 τῶν
548 4700 935 4770 πραττομένων
963 4701 1268 4754 ἐπίσταται.

2088 4698 2313 4766 condit;
2352 4699 2685 4755 voluntatem
2717 4698 2992 4770 agentium
3041 4696 3146 4752 scit
3168 4694 3445 4749 dominam
3477 4694 3650 4750 aetio-

2090 4806 2215 4845 num
2251 4805 2393 4844 esse.

403 4902 533 4959 Car.
588 4898 829 4956 XXXIV.
870 4898 1007 4954 Mali
1048 4898 1256 4970 aliquas
1302 4900 1520 4955 virtutes
1563 4898 1775 4956 habent.
1822 4901 2057 5024 ΡΙιιἨιο,
2109 4901 2623 4956 Nabuchodonosor.
2676 4896 2986 4968 Nequitiam
3029 4896 3204 4951 lumen
3246 4895 3486 4966 rapuisse
3506 4892 3656 4952 dom

1998 4990 2136 5024 anes.

1998 4990 2136 5027 αηεε.

488 5088 703 5160 Ἀμέλει
747 5088 921 5160 τιμῶν
949 5088 1047 5161 τὴν
1091 5090 1200 5144 τῶν
1226 5089 1338 5161 (19)
1384 5090 1634 5163 πράξεων
1669 5093 1965 5159 κοινωνίαν,

2158 5090 2301 5147 Sane
2333 5089 2552 5160 quidem
2586 5097 2648 5147 ut
2684 5103 2785 5145 nos
2811 5089 3142 5154 honoraret,
3191 5087 3363 5143 voluit
3392 5084 3651 5149 Verbum,

402 5177 705 5252 ἀνήρτησεν
747 5182 805 5235 ὲν
835 5185 901 5253 τῇ
937 5180 1153 5254 θελήσει
1178 5186 1207 5238 ὁ
1238 5184 1421 5253 λόγος’
1464 5184 1607 5240 Ἐὰν
1633 5184 1844 5254 θέλητε
1880 5185 1980 5241 καὶ

2086 5194 2145 5241 ut
2180 5184 2546 5240 communitas
2598 5183 2878 5238 actionum
2923 5182 2981 5237 in
3033 5182 3312 5237 voluntate
3368 5177 3650 5250 penderet.

476 5333 498 5366 ³
520 5333 713 5392 Matth.
742 5354 853 5405 xvt,
882 5339 973 5395 24.
1048 5340 1083 5398 δ.
1101 5339 1289 5396 Matth.
1325 5359 1440 5410 xix,
1469 5343 1560 5398 21.
1637 5345 1658 5377 ⁸
1691 5342 1848 5400 Joan.
1883 5360 1935 5410 ι’,
1961 5345 2015 5399 6.

397 5557 544 5636 loco,
573 5574 694 5636 qua}
716 5559 790 5636 ad
809 5563 1245 5636 confutationem
1268 5577 1456 5636 eorum
1487 5577 1610 5636 quae
1633 5563 1877 5633 proxime
1902 5577 1970 5617 ex
2078 5581 2196 5621 vero
2215 5565 2304 5636 qui
2325 5581 2427 5618 non
2449 5568 2793 5636 servaverunt
2804 5575 2962 5636 suum
2994 5558 3370 5636 principatum,
3397 5561 3504 5612 etc.
3531 5550 3611 5611 ID.

395 5627 684 5706 Manjcbati
735 5633 877 5706 libro
908 5635 1255 5702 recitaverat,
1291 5627 1684 5706 pertinebant;
1734 5647 1968 5705 quorum
2149 5627 2264 5706 (19)
2285 5636 2741 5706 defsmr‘xolr,
2767 5627 3027 5706 ΑςιῙοηςε
3049 5627 3223 5694 bona,
3248 5643 3478 5700 quarum
3503 5639 3655 5706 com.

397 5700 704 5776 confutalio
729 5704 921 5776 ordine
955 5700 1589 5776 secut_uraerat._'l‘unn.
1650 5700 1675 5776 _'
1752 5700 1776 5776 '_
1896 5773 1905 5776 _
2076 5700 2345 5761 mtinit'ate'
2380 5722 2503 5776 cum
2558 5704 2671 5763 Deo
2716 5701 2992 5776 conjuncti
3039 5716 3251 5769 sumus,
3304 5712 3495 5755 omnes
3524 5703 3653 5753 sunt

468 5770 582 5842 (18)
613 5772 730 5843 Τὴν
756 5772 955 5843 ἀρχὴν
985 5774 1078 5844 ἐχ.
1103 5773 1358 5847 lnEpist.
1388 5774 1541 5832 Judae
1574 5775 1607 5846 ᾗ
1637 5773 1693 5844 6,
1741 5773 1966 5846 Angelos

2080 5776 2416 5834 voluntariae.
2446 5775 2519 5831 lo.
