4100 6436
454 382 593 438 1123

1581 379 1718 435 TITI
1761 376 2189 435 BOSTRENSIS
2230 377 2537 438 EPISCOPI

3571 383 3710 440 ιω

452 498 514 554 Si
543 498 826 559 volueritis,
864 495 1071 565 inquit,
1123 507 1171 550 et
1222 497 1501 553 audieritis
1537 514 1618 555 me
1642 538 1656 563 ,
1705 498 1839 552 bona
1873 508 2015 552 terra

2129 501 2527 569 εισακούσητέ
2540 518 2681 570 μου,
2710 501 2781 555 τὰ
2800 499 2988 570 ἀγαθὰ
3009 499 3116 569 τῆς
3141 499 3253 570 τῆς
3276 499 3538 571 φάτεσθε
3558 519 3572 532 ⁸
3597 503 3711 557 ἐὰν

452 588 773 651 comedetis;
809 590 856 642 si
889 598 1064 641 autem
1114 590 1421 653 nolueritis,
1458 606 1548 643 nec
1591 590 1867 644 audieritis
1910 606 2026 655 me,

453 683 663 754 gladius
708 680 975 735 devorabit
1008 698 1096 735 vos
1132 683 1174 736 ⁸.
1212 681 1319 737 Sed
1350 683 1649 737 absurdum
1682 690 1766 739 est
1809 693 2030 753 practer-

453 774 668 829 miltere
709 789 1017 829 sermonem
1049 774 1115 828 de
1151 774 1572 844 improbissimis
1596 813 1610 838 ,
1655 789 1719 829 ae
1750 773 2029 845 praeterire

453 866 946 920 considerationem
986 865 1054 919 de
1105 865 1174 920 iis
1204 866 1296 934 qui
1326 866 1646 935 turpissime
1679 876 1844 937 atque
1872 867 2030 923 effre-

458 956 748 1011 natissima
803 957 1021 1011 licentia
1075 958 1129 1011 in
1166 957 1276 1011 vita
1304 965 1618 1023 versantur,
1655 974 1723 1012 ne
1776 964 2026 1013 nostrum

451 1048 729 1104 silentium
758 1049 1277 1118 periculosissimam
1311 1047 1746 1119 desperationem
1782 1050 1863 1104 eis
1884 1065 2028 1104 com-

452 1143 626 1206 paret.
651 1135 770 1191 Non
791 1150 1116 1206 magnopere
1135 1145 1391 1193 accusant
1411 1135 2029 1194 Nabuchodonosorem?

452 1216 561 1283 non
583 1228 741 1283 valde
775 1228 1180 1300 reprehendunt
1202 1226 1585 1283 Pharaonem?
1617 1245 1728 1283 non
1779 1230 1846 1284 ad
1874 1246 2028 1285 sum-

454 1334 601 1373 mum
634 1319 910 1390 fastigium
942 1319 1300 1389 turpitudinis
1328 1334 1651 1390 progressos
1672 1322 2029 1377 existimant?

452 1411 581 1464 talia
617 1410 760 1466 enim
793 1409 860 1464 de
892 1410 1106 1464 illorum
1142 1410 1253 1484 vita
1299 1418 1352 1464 et
1395 1409 1648 1464 instituto
1694 1411 1896 1481 ubique
1934 1414 2026 1483 ja-

452 1510 619 1556 ctant.
648 1500 702 1555 Si
735 1501 899 1572 igitur
946 1502 999 1555 in
1041 1502 1259 1555 illorum
1292 1501 1490 1557 animis
1539 1503 1747 1557 nullum
1782 1506 2022 1560 studium

453 1601 787 1654 cerneretur,
814 1592 917 1645 alia
948 1592 1087 1644 ratio
1106 1598 1273 1646 esset.
1307 1590 1404 1646 Sin
1438 1607 1569 1647 vero
1602 1595 1656 1648 in
1697 1594 1833 1648 adeo
1866 1596 2026 1652 malis

451 1685 612 1737 etiam
668 1692 854 1753 partes
894 1684 1088 1752 aliquae
1126 1698 1313 1737 eorum
1348 1698 1468 1752 quae
1511 1683 1650 1738 bona
1697 1691 1824 1740 sunt
1868 1700 2025 1755 repe-

448 1774 689 1836 riuntur,
721 1789 942 1837 sensus,
984 1773 1382 1843 perceptiones,
1420 1774 1814 1844 intelligentiae,
1847 1775 2025 1845 paeni-

2129 587 2198 641 ὃὲ
2223 588 2309 657 μὴ
2343 588 2574 657 θέλητε,
2622 589 2778 660 μηδὲ
2821 591 3217 657 εὶσακούσητέ
3260 609 3401 661 μου,
3443 591 3711 661 μάχαιρα

2128 679 2286 748 ὑμᾶς
2315 680 2641 735 κατέδεται.
2681 682 2913 736 Ι’Δτοπον
2941 682 2998 735 δὲ
3020 683 3115 735 καὶ
3143 681 3235 736 τὸν
3278 684 3405 755 περὶ
3433 683 3541 736 τῶν
3567 701 3707 753 φαυ-

2127 770 2366 825 λοτάτων
2410 772 2725 826 καταλιπεῖν
2766 773 2941 842 λόγον,
2966 774 3058 827 καὶ
3086 773 3185 845 τὴν
3233 775 3362 846 περὶ
3400 773 3507 827 τῶν
3531 775 3711 846 αἰσχί-

2130 882 2268 928 στως
2298 864 2391 918 καὶ
2421 865 2883 935 ἐκδεδιῃτημένως
2903 864 3347 936 άναστρεφόντων
3377 867 3709 936 παραλιπεῖν

2128 954 2389 1020 ἐξέτασιν,
2422 958 2619 1027 μήπως
2651 958 2683 1024 ή
2707 954 2861 1026 ήμῶν
2894 954 3071 1026 σιωπὴ
3104 956 3363 1009 ἀπόνοιαν
3385 956 3707 1026 χαλεπωτά-

2126 1062 2227 1117 την
2255 1047 2438 1110 αὐτοῖς
2477 1045 2874 1117 κατασκευάσῃ.
2911 1046 2985 1098 Οὐ
3010 1046 3212 1118 σφόδρα
3244 1046 3587 1100 διαϐάλλουσι
3612 1048 3708 1101 τὸν

2127 1135 2636 1206 Ναϐουχοδονόσορ;
2681 1137 2741 1188 οὐ
2782 1135 2986 1207 σφόδρα
3019 1138 3319 1207 μέμφονται
3349 1138 3439 1191 τὸν
3464 1137 3704 1206 Φαραὼς

2126 1230 2185 1282 ού
2227 1229 2391 1301 πέρας
2430 1228 2786 1299 αἰσχρότητκ
2832 1228 3029 1291 αὐτοὺς
3076 1229 3427 1298 νενομίκασι;
3477 1230 3706 1285 τοιαῦτα

2125 1320 2233 1391 γάρ
2265 1320 2391 1390 περὶ
2420 1320 2517 1389 τῆς
2544 1320 2764 1373 ἐκείνων
2795 1319 3068 1389 διαγωγῆς
3094 1320 3206 1374 ἀνω
3230 1321 3324 1373 καὶ
3355 1322 3506 1375 κάτω
3535 1321 3703 1393 θρυλ-

2126 1409 2307 1464 λοῦσιν
2357 1410 2420 1462 Εἰ
2452 1410 2547 1480 μὲν
2572 1405 2664 1463 οὖν
2703 1411 2759 1462 ἐν
2794 1409 3197 1485 ταῐςοδιανοίαις
3227 1411 3450 1464 ἐκείνων
3474 1412 3706 1483 οὐδεμία

2127 1502 2328 1572 σπουδὴ
2350 1500 2565 1570 φανείη,
2593 1501 2747 1569 λόγος
2769 1500 2835 1554 ἂν
2855 1500 2938 1572 εἴη
2966 1501 3150 1571 ἐτερος
3169 1519 3182 1532 ι
3207 1504 3253 1555 εἰ
3276 1502 3331 1555 δὲ
3357 1503 3415 1556 ἐν
3429 1506 3541 1567 τοῖς
3559 1505 3705 1559 οὕτω

2125 1595 2313 1654 κακοῖς
2339 1593 2585 1663 καὶμέρη
2610 1593 2921 1663 εὑρίσκεται
2942 1592 3140 1656 καλῶν,
3176 1595 3584 1667 καὶαίσθήσεις,
3607 1597 3705 1651 καὶ

2123 1682 2454 1753 ἀντιλήψεις,
2483 1684 2577 1737 καὶ
2632 1683 2953 1754 μετάμελος,
2990 1686 3082 1739 καὶ
3114 1685 3343 1739 ίκεσίαι·
3386 1687 3440 1739 τί
3470 1687 3550 1741 ἔτι
3596 1691 3706 1762 φή-

2125 1788 2345 1835 σουσιν;
2383 1773 2444 1825 Εί
2466 1774 2575 1843 γὰρ
2620 1768 2773 1836 οὗτος
2810 1777 2837 1828 ό
2867 1778 3008 1830 πάνυ
3039 1777 3316 1846 αἴσχιστος
3345 1778 3539 1850 φανείη
3578 1781 3704 1835 τινὰ

455 1867 622 1921 tentia
672 1881 736 1920 ac
788 1865 1247 1935 supplicationes;
1281 1865 1411 1935 quid
1470 1865 1581 1935 jam
1612 1864 1813 1920 dicturi
1849 1866 2015 1920 sunt?

2126 1864 2265 1934 μέρη
2316 1864 2455 1935 ἔχων
2495 1865 2713 1936 ἀρετῆς,
2764 1868 2858 1919 καὶ
2898 1867 3112 1937 τρόπων
3163 1848 3597 1939 ἐπιτηδειότητα,
3645 1871 3704 1924 τί

451 1957 509 2012 Si
547 1958 692 2012 enim
742 1957 831 2011 hic
868 1955 1224 2026 turpissimus
1278 1965 1538 2026 appareat
1595 1956 1792 2012 habere
1839 1966 2022 2027 partes

448 2051 713 2119 quasdam
747 2051 963 2105 virtutis
1010 2056 1064 2105 et
1121 2064 1301 2105 mores
1344 2049 1558 2120 aliquos
1594 2050 1817 2106 idoneos
1843 2089 1859 2114 ,
1891 2051 2022 2120 quid

447 2142 670 2197 dicent?
699 2141 756 2196 Si
789 2140 934 2196 enim
987 2140 1418 2210 respondebunt,
1450 2141 1673 2196 mistum
1712 2156 1838 2196 esse
1868 2140 2024 2197 Sata-

448 2249 596 2301 nam,
630 2233 802 2304 utqui
836 2232 1047 2288 fruetus
1077 2248 1146 2289 ex
1187 2233 1393 2288 virtute
1439 2248 1503 2289 ac
1551 2232 1686 2288 vitio
1712 2232 1903 2289 mistos
1939 2243 2024 2287 at-

448 2326 653 2390 tulerit,
691 2335 783 2380 aut
810 2325 1023 2380 fructus
1058 2325 1161 2380 hos
1191 2339 1299 2379 non
1329 2338 1452 2380 esse
1471 2323 1711 2392 diaboli;
1741 2338 1846 2378 non
1873 2324 2021 2379 enim

448 2416 663 2472 fructus
722 2414 900 2479 misti,
959 2412 1176 2468 fructus
1222 2413 1427 2470 fuerint
1459 2414 1700 2468 carentis
1728 2414 2020 2481 mistione;

446 2524 625 2578 neque
657 2506 803 2577 quod
840 2520 944 2561 non
983 2511 1070 2560 est
1121 2505 1346 2560 mistum
1372 2546 1387 2571 ,
1422 2505 1577 2560 radix
1609 2507 1755 2561 misti
1787 2507 1924 2573 erit;
1966 2505 2021 2559 bi

448 2608 631 2655 autem
667 2598 814 2654 misti
843 2612 985 2660 esse,
1017 2595 1202 2666 aliquo
1250 2603 1497 2667 tempore
1546 2603 1938 2666 apparuerunt,
1968 2605 2023 2650 et

448 2686 755 2755 percepisse
781 2684 1061 2746 scientias,
1095 2692 1149 2739 et
1180 2685 1531 2755 improbitate
1553 2687 1699 2756 capti
1723 2701 1846 2741 esse
1871 2704 1887 2741 :
1919 2686 2021 2742 hac

444 2780 659 2833 ratione
694 2777 1031 2848 apparebunt
1082 2792 1189 2831 non
1248 2792 1371 2833 esse
1417 2793 1558 2833 verae
1592 2794 1871 2849 personae,
1923 2779 2019 2836 sed

445 2871 585 2926 ﬁctae
614 2870 966 2940 cogitatione.

520 2960 594 3013 En
643 2960 876 3027 Pharao,
915 2976 1040 3015 cum
1082 2961 1415 3031 increpatur,
1463 2961 1690 3016 remittit
1733 2970 1787 3018 et
1832 2963 2018 3018 molli-

445 3059 557 3117 tur,
592 3050 827 3107 ﬂectitur
861 3061 1061 3121 mente,
1104 3064 1159 3109 et
1202 3068 1463 3124 percussa
1515 3053 1695 3109 anima
1742 3070 1853 3110 non
1894 3071 2019 3125 per-

2123 1956 2371 2027 ἐροῢσιν;
2411 1958 2483 2010 Ἢ
2513 1958 2622 2028 γὰρ
2651 1958 2741 2011 τὸν
2777 1959 3018 2013 Σατανᾶν
3062 1959 3255 2030 μικτὸν
3286 1959 3345 2024 ἐξ
3374 1961 3574 2032 ἀρετῆς
3601 1963 3704 2017 καὶ

2122 2048 2337 2110 κακίας,
2365 2048 2440 2111 ὡς
2476 2049 2700 2118 μικτοὺς
2743 2049 2987 2119 καρποὺς
3030 2049 3319 2117 ἐνεγκόντα
3352 2052 3632 2137 φῄσουσιν,
3663 2053 3700 2122 ἦ

2119 2138 2339 2201 τούτους
2373 2139 2618 2211 καρποὺς
2648 2140 2722 2210 μὴ
2751 2136 2889 2193 εἶναι
2922 2141 3015 2194 τοῦ
3055 2141 3299 2195 διαϐόλου
3320 2158 3334 2172 ’
3363 2136 3546 2197 deum
3587 2143 3704 2215 γὰρ

2118 2229 2169 2282 οἱ
2218 2230 2399 2299 μικτοὶ
2435 2229 2530 2282 τοῦ
2573 2231 2805 2300 ἀμίκτου
2855 2226 2964 2283 εἷεν
3007 2231 3072 2284 ἂν
3115 2233 3335 2303 καρποὶ,
3369 2230 3492 2285 οὔτε
3543 2233 3703 2303 ῥίζαν

2118 2321 2179 2375 τὸ
2210 2321 2439 2393 ἄμικτον
2470 2322 2566 2376 τοῦ
2604 2324 2794 2393 μικτοῦ
2829 2325 3128 2394 φανήσεται
3151 2342 3164 2355 ·
3191 2319 3335 2379 οὗτοι
3366 2324 3425 2378 δὲ
3470 2325 3565 2378 καὶ
3610 2343 3705 2397 μι-

2120 2413 2238 2466 κτοὶ
2262 2413 2537 2484 ἐφάνησαν
2567 2414 2763 2485 χρόνῳ,
2798 2415 2892 2468 καὶ
2937 2414 3036 2479 τὰς
3066 2416 3372 2486 ἐπιστήμας
3402 2414 3659 2479 λαϐόντες
3678 2454 3703 2482 ,

2122 2501 2216 2554 καὶ
2248 2502 2481 2573 πονηρίᾳ
2508 2502 2818 2573 αἱρεθέντες
2836 2520 2849 2533 ·
2887 2504 2983 2557 καὶ
3013 2495 3477 2574 φανήσεταίκατά
3507 2504 3703 2565 τοῦτον

2118 2591 2210 2646 τὸν
2235 2592 2390 2661 λόγον
2417 2592 2642 2663 πλάσμα
2666 2590 2804 2647 εἶναι
2825 2593 3005 2662 λόγου,
3036 2594 3131 2647 καὶ
3165 2594 3241 2666 μὴ
3270 2593 3529 2658 ἀληθείας
3560 2595 3701 2651 ὑπό-

2122 2698 2330 2747 στασις.

2201 2959 2328 3012 Ἰδοὺ
2353 2958 2461 3027 γὰρ
2486 2958 2515 3011 ό
2542 2957 2640 3029 μὲν
2662 2956 2859 3029 Φαραὼ
2885 2957 2943 3011 ἐν
2964 2960 3087 3023 ταῖς
3112 2959 3417 3030 ἐπιτιμίαις
3443 2960 3698 3020 ἐνδίδωσι

2118 3051 2212 3104 καὶ
2250 3050 2600 3105 άπαλύνεται·
2642 3049 2882 3103 ἐνδίδωσι
2925 3052 2989 3120 τῇ
3037 3050 3265 3122 διανοίᾳ,
3310 3052 3404 3105 καὶ
3449 3069 3701 3107 κακατυ-

444 3151 659 3199 severat
693 3144 750 3198 in
787 3143 1027 3211 duritia;
1069 3145 1201 3216 quin
1244 3145 1425 3215 potius
1452 3143 1562 3200 duo
1592 3142 1723 3199 facit
1781 3163 1795 3199 :
1840 3146 2015 3216 poscit

2120 3144 2274 3214 φθεὶς
2313 3145 2411 3214 τὴν
2446 3142 2625 3213 ψυχὴν
2663 3143 2763 3196 ούκ
2806 3141 3054 3212 ἐπιμένει
3091 3145 3157 3213 τῇ
3190 3142 3506 3215 τραχύτητιο
3552 3144 3698 3200 ἀλλά

441 3233 589 3304 quod
631 3243 803 3305 optat.
851 3243 905 3290 et
948 3242 1174 3291 accusat
1226 3234 1481 3303 factum;
1529 3243 1584 3291 et
1639 3251 1771 3306 non,
1800 3238 2015 3294 videtur

2115 3235 2206 3289 δύο
2237 3238 2399 3299 ποιεῖ,
2445 3234 2540 3288 καὶ
2583 3232 2680 3304 τὴν
2721 3233 2883 3304 εὐχὴν
2914 3234 3073 3299 αἰτεῖ,
3121 3234 3213 3287 καὶ
3254 3237 3553 3307 κατηγορεῖ
3591 3237 3695 3292 τοῦ

443 3326 623 3381 anima
645 3327 821 3382 oculis
847 3333 1027 3396 capta,
1059 3326 1155 3383 sed
1186 3326 1255 3382 ad
1283 3328 1658 3398 paenitentiam
1692 3328 2010 3397 procedens,

441 3431 509 3474 ac
541 3419 862 3488 petitionem
889 3424 946 3473 et
983 3418 1445 3490 supplicationem
1485 3421 1840 3490 amplectens.
1872 3431 1927 3478 et
1957 3423 2013 3478 in

441 3509 695 3580 precibus
737 3509 1047 3565 blandiens.
1097 3510 1158 3564 Si
1209 3518 1392 3566 autem
1436 3519 1635 3565 natura
1668 3513 1846 3568 malus
1877 3513 2014 3569 fuis-

441 3605 546 3662 set,
593 3599 868 3669 quomodo
921 3600 989 3654 de
1039 3599 1295 3670 precibus
1344 3607 1399 3655 et
1448 3602 1771 3670 poenitentia
1826 3605 2015 3673 cogni-

443 3689 648 3744 tionem
690 3689 1016 3745 habuisset?
1058 3690 1118 3744 Si
1170 3692 1318 3746 enim
1362 3691 1507 3746 bona
1542 3701 1628 3749 est
1666 3694 2009 3762 poenitentia,

440 3791 498 3835 et
554 3781 697 3836 bona
752 3781 880 3836 item
942 3782 1225 3851 precatio;
1292 3783 1341 3838 si
1391 3797 1519 3839 vero
1579 3793 1773 3840 natura
1844 3788 2007 3853 mala,

440 3863 717 3943 quomodo
769 3873 972 3928 malum
1022 3887 1148 3927 cum
1206 3873 1352 3928 bono
1400 3875 1625 3930 mistum
1679 3877 1818 3931 fuit?
1859 3877 2011 3945 Quo-

424 3963 605 4020 modo
655 3980 721 4019 ex
779 3966 923 4020 malo
968 3966 1172 4021 bonum
1232 3966 1507 4036 prolatum
1559 3968 1680 4023 est?
1724 3968 2009 4040 Apparent

439 4073 550 4113 non
599 4058 899 4128 intelligere
925 4074 1046 4129 quae
1080 4058 1400 4129 loquuntur,
1437 4059 1571 4129 quin
1606 4061 1786 4129 potius
1829 4073 2011 4119 mento

437 4150 564 4205 rudi
612 4158 666 4206 et
719 4151 1011 4217 inerudita,
1056 4160 1215 4222 sputa
1263 4150 1438 4222 magis
1490 4152 1808 4222 verborum,
1842 4170 2008 4227 quam

439 4242 601 4299 verba
628 4242 893 4314 proferre.

506 4355 1033 4422 Nabuchodonosor,
1061 4356 1310 4427 quamvis
1340 4357 1583 4414 moribus
1620 4372 1798 4414 saevus
1835 4366 2005 4426 esset,

435 4458 490 4502 ct
532 4448 808 4503 fornacem
843 4455 1225 4518 praeparasset,
1265 4454 1321 4501 et
1352 4447 1644 4517 imaginem
1685 4446 1927 4515 fecisset,
1950 4456 2007 4504 et

2111 3325 2424 3396 γενομένου,
2454 3323 2550 3377 καὶ
2576 3323 2636 3376 ού
2673 3323 2919 3392 φαίνεται
2954 3321 3129 3394 πηρὸς
3158 3324 3192 3393 ή
3226 3323 3393 3395 ψυχὴ,
3429 3325 3544 3379 ἀλλ’
3585 3328 3698 3401 ἐμ-

2112 3421 2404 3482 ϐλέπουσα,
2436 3420 2531 3473 καὶ
2565 3418 2698 3489 πρὸς
2728 3418 3012 3490 μετάνοιαν
3046 3416 3315 3489 χωροῦσα·
3354 3419 3694 3492 ἀντιλαμϐα-

2111 3513 2308 3583 νομένη
2348 3512 2404 3565 δὲ
2446 3513 2538 3565 καὶ
2569 3511 2668 3580 τῆς
2697 3511 2963 3578 αἰτήσεως
3000 3508 3093 3561 καὶ
3125 3507 3353 3572 ἱκεσίας,
3397 3511 3492 3563 καὶ
3527 3512 3695 3567 λιπα-

2116 3603 2280 3675 ροῦσα
2306 3603 2467 3672 εὐχῆς
2488 3600 2692 3655 ἕνεκεν.
2722 3602 2782 3654 Εἰ
2806 3599 2862 3653 δὲ
2882 3599 3146 3668 ἐπεφύκει
3171 3599 3359 3663 κακδς,
3384 3601 3501 3666 πῶς
3526 3604 3698 3672 ἐγνιῖμ

2111 3712 2195 3748 κει
2226 3693 2472 3765 περὶτῆς
2492 3694 2654 3764 εὐχῆς
2676 3692 2886 3764 καὶτῆς
2909 3691 3222 3762 μετανοίας;
3245 3692 3307 3745 El
3328 3691 3437 3764 γάρ
3465 3695 3497 3764 ή
3523 3696 3696 3765 μετά-

2110 3803 2225 3840 νοια
2256 3784 2417 3857 καλὴ,
2457 3786 2552 3839 καὶ
2585 3785 2717 3856 εὐχὴ
2750 3784 2912 3855 καλή’
2943 3786 2993 3837 εί
3019 3784 3076 3837 δὲ
3104 3784 3137 3855 ἠ
3166 3784 3328 3854 φύσις
3361 3786 3528 3857 κακὴ.
3563 3789 3688 3855 πῶς·

2111 3878 2277 3947 ἐμίγη
2323 3876 2386 3929 τὸ
2428 3876 2597 3931 κακδν
2627 3876 2704 3947 τῷ
2740 3875 2918 3947 καλῶς
2966 3875 3091 3939 Πῶς
3126 3875 3181 3929 δέ
3215 3878 3281 3929 ἐκ
3311 3878 3482 3932 κακοῦ
3520 3882 3692 3938 καλὸν

2110 3967 2451 4039 προηνέχθη;
2500 3969 2608 4021 Καὶ
2649 3966 2929 4036 φαίνονται
2978 3967 3051 4037 μὴ
3092 3967 3292 4031 εἰδότες
3334 3969 3363 4022 δ
3407 3970 3683 4041 λέγουσιν’

2108 4059 2243 4113 ἀλλά
2284 4058 2590 4130 ἀπαιδεύτῳ
2626 4057 2820 4132 γνώμῃ
2862 4057 3151 4128 πτύσματα
3186 4060 3386 4129 μᾶλλον
3419 4064 3686 4136 ῥημάτων

2107 4150 2140 4222 ἧ
2170 4151 2387 4221 ῥήματα
2418 4148 2868 4221 προσφερόμενοι.

2176 4352 2239 4404 El
2262 4350 2318 4404 δὲ
2349 4350 2486 4402 καὶὸ
2514 4346 2999 4418 Ναϐουχοδονόσορ,
3043 4349 3219 4403 καίτοι
3248 4350 3480 4420 χαλεπὸς
3511 4353 3588 4408 ὢν
3621 4357 3688 4411 τδ

2105 4438 2235 4514 ἦθος
2277 4442 2369 4495 καὶ
2410 4441 2509 4509 τὴν
2555 4440 2784 4511 κάμινον
2832 4440 3176 4509 εὐτρεπίσας,
3222 4445 3318 4497 καὶ
3358 4446 3459 4518 τὴν
3494 4448 3686 4503 είκόνα

437 4542 602 4596 minis
652 4550 901 4603 terreret,
939 4547 1104 4609 atque
1139 4540 1429 4609 imaginem
1455 4540 1707 4595 venerari
1747 4548 1999 4611 cogeret;

2115 4535 2355 4604 ποιήσας,
2402 4534 2496 4586 καὶ
2535 4534 2601 4602 τῇ
2641 4531 2833 4603 ἀπειλῇ
2873 4532 3086 4601 φοϐῶν,
3123 4536 3216 4587 καὶ
3250 4542 3575 4606 προσκυνεῖν
3616 4541 3683 4595 τὸ

437 4634 622 4690 statim
665 4641 725 4686 ut
774 4632 949 4687 sancti
987 4632 1140 4702 pueri
1182 4632 1237 4685 in
1274 4629 1546 4686 fornacem
1585 4632 1717 4685 illati
1757 4640 1905 4696 sum,
1950 4640 2005 4688 et

434 4722 663 4778 cedebat
705 4720 944 4787 ﬂamma,
988 4731 1041 4774 et
1077 4733 1308 4790 corpora
1347 4735 1455 4773 non
1510 4720 1712 4790 attigit,
1748 4719 2005 4791 factaque

434 4822 521 4870 est
579 4812 769 4869 fornax
817 4826 1112 4883 synagoga,
1166 4827 1231 4865 ac
1284 4826 1387 4882 pro
1429 4811 1683 4866 lamentis
1729 4812 1914 4883 hymni
1951 4819 2005 4867 et

420 4905 627 4962 'laudes
676 4903 1092 4969 adhibebantur,
1152 4917 1328 4973 neque
1376 4903 1487 4973 jam
1551 4910 1814 4972 tanquam
1880 4902 2006 4972 igne

432 5013 658 5054 carnem
715 5004 906 5052 urente
962 4996 1281 5050 lamentatio
1332 4995 1517 5059 ﬁebat,
1573 4993 1669 5049 sed
1717 4994 1786 5046 ab
1822 4992 2003 5046 anima

432 5094 653 5147 laetante
707 5097 904 5145 cantus
958 5087 1337 5143 celebrabatur
1400 5104 1414 5140 :
1472 5089 1689 5149 statim,
1744 5086 1999 5155 inquam,

416 5176 717 5250 'prospex’it
773 5192 893 5249 qua:
945 5177 1089 5231 intra
1154 5174 1428 5231 fornacem
1488 5176 1721 5237 ﬂebant,
1769 5174 2003 5229 honora-

432 5280 633 5341 tusque
678 5277 764 5326 est
812 5269 989 5340 angeli
1043 5268 1378 5337 spectaculo,
1424 5268 1684 5336 misitque
1734 5279 1926 5319 vocem
1985 5282 1998 5319 :

435 5361 623 5415 Nonne
654 5370 756 5414 tres
779 5362 915 5415 circa
947 5360 1000 5413 in
1030 5359 1296 5429 fornacem
1318 5359 1635 5413 intulimus?
1668 5373 1753 5420 en,
1776 5364 2004 5426 quatuor

430 5453 603 5516 uideo,
654 5461 705 5506 et
752 5460 999 5522 quartum
1050 5459 1303 5521 tanquam
1352 5449 1578 5504 similem
1624 5446 1770 5502 Filio
1812 5445 1913 5500 Dei
1956 5446 1999 5498 '.

430 5542 707 5599 Continuo
743 5543 911 5613 igitur
954 5541 1127 5612 legem
1171 5541 1240 5596 de
1282 5540 1386 5594 hac
1418 5555 1493 5594 re
1529 5539 1744 5602 scribit,
1781 5544 1840 5592 ut
1871 5551 2001 5593 con-

434 5633 691 5690 ﬁteantur
728 5631 922 5690 Deum.
974 5640 1034 5688 ut
1072 5638 1344 5689 testentur
1377 5631 1658 5689 veritatem
1689 5648 1703 5699 ;
1740 5629 1798 5684 fit
1830 5628 2002 5686 inter-

507 5790 528 5822 ⁵
551 5791 657 5845 Isa.
686 5807 726 5854 ι.
759 5791 845 5856 l9,
868 5789 959 5844 20.
1034 5790 1055 5822 ν
1084 5786 1221 5844 Dan.
1248 5803 1331 5853 ιιι,
1362 5787 1452 5856 91,
1481 5787 1569 5844 92.

2105 4623 2322 4693 ἄγαλμα
2352 4622 2692 4690 ἀναγκάζων,
2727 4622 2799 4686 ὼς
2825 4625 2872 4676 οἱ
2896 4621 3039 4693 ἆγιοι
3069 4623 3216 4679 ἔνδον
3244 4626 3551 4693 ἐϐάλλοντο,
3583 4634 3684 4686 καὶ

2103 4713 2373 4785 ὑπεχώρει
2412 4716 2443 4785 ή
2475 4713 2604 4783 φλὸξ
2632 4715 2725 4768 καὶ
2766 4714 2871 4768 τῶν
2901 4715 3164 4785 σωμάτων
3196 4717 3295 4788 οὐχ
3324 4720 3549 4790 ἥπτετο,
3586 4727 3678 4782 καὶ

2106 4804 2389 4874 συναγωγὴ
2425 4805 2458 4874 ἡ
2483 4804 2708 4875 κάμινος
2733 4806 2953 4873 ἐγίνετο
2988 4806 3081 4859 καὶ
3109 4807 3230 4860 ἀντὶ
3257 4808 3510 4882 ὀδυρμῶν
3530 4813 3684 4871 ἔνδον

2105 4893 2262 4965 ὕμνοι
2303 4895 2597 4960 ἐτελοῦντο,
2630 4897 2725 4950 καὶ
2756 4897 2939 4950 οὐκέτι
2971 4897 3271 4969 καιομένης
3309 4903 3513 4973 σαρκὸς
3543 4905 3686 4978 θρῆ-

2103 5003 2190 5049 νος
2222 4986 2514 5058 ἐπέμπετο,
2558 4988 2672 5041 ἀλλ’
2705 4990 2768 5041 ἐκ
2801 4986 3279 5059 πανηγυριζούσης
3306 4990 3485 5064 ψυχῆς
3522 4990 3683 5068 ᾆσμα

2104 5075 2351 5130 ἐτελεῖτοσ
2377 5078 2687 5149 παρέκυψεν
2720 5079 2844 5132 ἰδεῖν
2872 5081 2939 5134 τὰ
2967 5080 3134 5147 ἔνδον,
3164 5085 3454 5156 τετίμηται
3481 5091 3548 5159 τῇ
3581 5090 3680 5144 τοῦ

2102 5168 2331 5237 ἀγγέλου
2371 5169 2589 5242 θεωρίᾳ,
2626 5170 2804 5241 ἀφῆκε
2839 5173 3038 5241 φωνήν·
3085 5172 3232 5241 Οὐχὶ
3263 5175 3422 5244 τρεῖς
3451 5176 3683 5247 ἄνδρας

2101 5260 2456 5333 ὲνεϐἁλομεγ
2482 5265 2569 5328 εὶς
2593 5260 2707 5331 τὴν
2726 5260 3009 5332 κάμινονε
3041 5262 3169 5318 ἰδοὺ
3199 5268 3505 5337 τέσσαρας
3535 5268 3678 5336 ὁρῶ,

2102 5354 2198 5407 καὶ
2229 5352 2334 5407 τὸν
2368 5354 2668 5423 τέταρτον,
2711 5356 2790 5421 ὡς
2828 5353 3030 5424 ὅμοιον
3074 5355 3183 5422 Υἱῷ
3228 5359 3400 5414 Θεοῦ.
3457 5360 3680 5427 Εὐθέως

2101 5444 2229 5514 γοῦν
2253 5446 2453 5517 γράφει
2485 5447 2626 5519 ὑπὲρ
2651 5446 2842 5501 τούτου
2870 5448 3052 5519 νόμον,
3081 5448 3363 5520 ὁμολογεῖν
3392 5452 3484 5505 τὸν
3516 5452 3677 5517 Θεὸν,

2102 5541 2394 5610 μαρτυρεῖν
2420 5539 2517 5608 τὴν
2543 5537 2816 5610 ἀλήθειανο
2840 5538 3110 5612 ἐξηγητὴς
3139 5542 3235 5612 τῆς
3260 5542 3503 5615 ὁράσεως
3528 5542 3680 5614 γίνε-

2099 5643 2207 5685 ται.
2230 5630 2595 5701 Διαϐἀλλομεν
2623 5626 2715 5685 οὖν
2740 5628 2838 5694 τὰς
2868 5629 3175 5704 ἐξηγήσεις,
3210 5633 3243 5692 ἢ
3270 5635 3677 5707 ἐπαινέσομενε
