4100 6422
433 377 570 434 “9.5

1450 367 1820 425 ADVERSUS
1858 366 2286 423 MANICHJEOS
2326 367 2454 422 LIB.
2497 366 2538 422 l.

3545 363 3681 419 “26

432 495 592 548 καλὸν
628 492 690 546 τὸ
726 488 1077 560 ⁸πρεσϐεύειν
1107 488 1260 555 ὑπὲρ
1303 487 1581 555 Χριστοῦ,
1625 488 1656 556 ἢ
1702 488 1758 540 ἐν
1787 485 2006 556 πονηρῷ

2116 500 2228 554 pres
2276 493 2332 538 et
2373 491 2660 539 enarrator
2707 480 2831 536 visi.
2878 480 3274 535 Accusabimus
3317 479 3481 551 igitur
3519 495 3680 535 enar-

435 592 587 656 μέρει
610 584 738 638 αὐτὸ
764 583 975 655 ὲῶμῂενς
1006 582 1067 634 Εἰ
1102 581 1198 650 μὲν
1231 581 1338 652 γὰρ
1360 581 1420 632 τὸ
1445 579 1762 650 πρεσϐεύειν
1791 578 1857 630 τὰ
1887 576 2004 630 θεῖα

429 680 604 744 λόγια,
633 677 724 728 καὶ
749 675 1030 746 μάρτυρας
1053 667 1190 726 εἶναι
1214 672 1312 742 τῆς
1337 671 1611 741 ἀληθείας,
1642 669 1822 722 καλόν⁶
1848 668 2007 739 ἐπρέ-

435 767 626 818 σὸευσε
653 765 833 822 δὲκαὶ
869 761 1358 832 Ναϐουχοδονόσορ,
1407 762 1501 813 καὶ⁴
1540 760 1763 830 ἔγραψε,
1802 758 1895 810 καὶ
1927 760 2006 821 εἰς

435 861 613 910 πᾶσαν
633 858 730 927 τὴν
751 855 921 927 ἀρχὴν
949 853 1112 906 αύτοῦ
1138 852 1367 922 ἔπεμψεο
1405 852 1617 904 λέλυται
1639 853 1670 920 ἡ
1695 851 1852 918 φύσις
1870 850 2002 920 (2ογ

434 947 794 1016 ἐπιστάμενος
817 944 924 1014 γὰρ
959 943 1018 995 τὸ
1053 941 1232 1004 καλὸν,
1269 942 1402 1012 πρὸς
1431 941 1526 1012 τὴν
1560 940 1789 1011 μάθησιν
1818 939 2006 1008 ἔϐλεψε

438 1039 530 1090 τοῦ
568 1036 750 1089 καλοῦ.
794 1036 855 1088 Εἰ
883 1034 937 1086 δὲ
969 1033 1205 1104 ἤμϐλυνε
1237 1032 1335 1102 τὴν
1379 1033 1610 1102 μάθησιν
1645 1037 1708 1104 τῇ
1744 1033 1876 1103 πρὸς
1906 1034 2005 1103 τὴν

442 1128 701 1198 πονηρίαν
728 1126 980 1189 διαθέσει,
1010 1128 1410 1196 κατηγορεῖται·
1437 1126 1618 1195 ἕτερον
1647 1125 1754 1196 γὰρ
1783 1127 1842 1178 τὸ
1870 1126 2005 1188 ὅλως

443 1221 516 1290 μὴ
540 1218 795 1272 δύνασθαι
820 1218 989 1272 ποιεῖν
1010 1217 1069 1269 τὸ
1090 1216 1270 1269 καλόνο
1297 1216 1382 1268 ’ἐτε
1393 1234 1482 1287 ρον
1503 1217 1556 1269 δὲ
1581 1218 1641 1269 τὸ
1664 1217 1860 1271 εἰδέναι
1885 1217 2002 1287 μὲν,

444 1311 517 1382 μὴ
537 1310 791 1364 δύνασθαι
807 1309 862 1363 δὲ
875 1312 1045 1363 ποιεῖν
1066 1309 1124 1360 τὸ
1143 1308 1331 1372 καλὸν,
1359 1311 1423 1378 τῇ
1450 1307 1582 1378 πρὸς
1605 1308 1671 1362 τὰ
1694 1309 1837 1380 πάθη
1864 1310 2002 1379 ῥοπῇ

440 1401 766 1473 ἡττώμενον.

2110 576 2374 638 rationes,
2408 590 2474 628 an
2509 573 2852 627 laudabimus
2871 573 2894 624 ?
2913 572 3171 643 praeclara
3197 587 3286 627 res
3317 580 3400 626 εει
3423 571 3681 642 legatione

2111 665 2259 736 fungi
2311 680 2407 734 pro
2454 663 2714 719 Christo"
2770 679 2784 716 :
2839 677 2908 715 an
2956 661 3058 714 hoc
3103 661 3162 714 in
3211 660 3410 714 malam
3465 667 3679 728 partem

2111 759 2282 828 accipi
2336 757 2636 812 sinamus?-
2676 753 2732 808 Si
2779 754 2932 808 obire
2971 753 3296 823 legationem
3339 768 3440 822 pro
3487 751 3678 805 divina

2114 851 2421 922 Scriptura.
2473 859 2529 905 et
2571 856 2738 904 testes
2777 863 2900 902 esse
2945 847 3189 901 veritatis
3230 847 3527 915 gloriosum
3566 853 3674 909 est,

2121 943 2291 997 obivit
2335 953 2512 997 autem
2557 941 2875 1011 legationem
2907 938 3428 1000 Nabuchodonosor,
3453 945 3507 991 et
3537 937 3678 993 scri-

2111 1033 2239 1103 psit,
2263 1041 2316 1087 et
2349 1033 2414 1087 ad
2444 1034 2751 1086 universam
2783 1030 3041 1085 ditionem
3075 1045 3228 1083 suam
3253 1031 3396 1083 misit
3423 1045 3436 1082 :
3465 1029 3678 1083 sublata

2112 1133 2196 1178 εει
2244 1134 2442 1178 natura
2496 1113 2622 1176 niali
2656 1139 2668 1174 :
2699 1122 2969 1191 siquidem
3003 1137 3126 1175 cum
3165 1122 3349 1184 sciret,
3381 1119 3525 1189 quod
3558 1125 3678 1174 erat

2113 1216 2338 1280 bonum,
2394 1215 2461 1268 ad
2513 1213 2818 1268 doctrinam
2855 1213 2920 1266 de
2962 1213 3106 1267 bono
3153 1212 3410 1281 respexit.
3453 1211 3511 1264 Si
3546 1225 3678 1264 vero

2112 1306 2415 1362 doctrinam
2453 1305 2738 1361 aﬂ‘ectione
2781 1304 3141 1374 turpitudinis
3190 1303 3484 1366 hebetavit,
3513 1317 3678 1356 accu-

2114 1407 2309 1463 satur;
2370 1395 2517 1450 aliud
2572 1396 2715 1450 enim
2768 1402 2874 1458 est,
2924 1409 3032 1447 non
3088 1408 3250 1462 posse
3301 1406 3459 1460 agere
3529 1387 3679 1458 quod

443 1494 729 1548 honestum
781 1501 909 1559 est;
973 1492 1120 1546 aliud
1167 1508 1297 1547 vero
1349 1493 1491 1548 scire
1536 1493 1667 1564 quid
1713 1501 1820 1563 est,
1865 1493 2010 1564 quod
2049 1494 2337 1548 honestum
2375 1500 2480 1557 est,
2514 1507 2620 1546 non
2661 1499 2842 1546 tamen
2909 1504 3068 1544 acere
3115 1502 3300 1543 posse.
3333 1484 3678 1541 inclinationi

443 1584 665 1639 affectus
704 1585 1172 1639 succumbentem.

523 1679 737 1751 Ἐπειδὴ
776 1681 828 1734 δὲ
866 1683 921 1732 ὲν
951 1680 1254 1752 ἀνθρώποις
1279 1681 1481 1752 καρποὶ
1512 1680 1606 1734 τοῦ
1642 1681 1886 1735 διαϐόλου
1909 1681 2004 1750 οὐχ

2181 1673 2382 1740 Quodsi
2427 1673 2480 1727 in
2517 1671 2836 1736 hominibus
2875 1686 2984 1725 non
3039 1678 3168 1726 sunt
3219 1671 3417 1740 reperti
3461 1671 3674 1728 fructus

439 1772 632 1844 εὑρέθη
643 1790 757 1835 σαν,
783 1774 876 1826 καὶ
897 1772 1221 1824 ἐδυσωπεῖτο
1247 1773 1423 1826 αύτῶν
1444 1775 1471 1826 ὁ
1492 1773 1710 1844 τρόπος.
1733 1774 1827 1827 καὶ
1846 1773 2005 1843 ἠλέγ-

2116 1766 2334 1830 diaboli,
2393 1773 2447 1818 et
2505 1781 2692 1819 eorum
2731 1781 2870 1834 quos
2915 1763 3176 1826 diximus,
3219 1778 3399 1818 mores
3437 1763 3676 1834 pudendi

441 1863 542 1934 χθη
584 1861 760 1916 αὐτῶν
793 1864 824 1932 ἡ
857 1862 1070 1914 ἀτοπὶασ
1125 1860 1229 1913 ποῦ
1272 1861 1457 1914 λοιπὸν
1485 1862 1814 1933 τραπῶμεν;
1850 1865 1896 1915 εξ
1933 1863 2006 1932 μὴ

441 1954 547 2025 ἄρα
589 1953 722 2024 πρὸς
757 1955 880 2013 τοὺς
920 1952 1176 2022 δαίμονας
1215 1951 1538 2023 βαδίσωμενο
1576 1955 1629 2007 εἴ
1671 1970 1733 2020 γε
1786 1953 1860 2024 μὴ
1901 1955 2011 2024 ἄρα

443 2046 726 2115 φήσουσιν,
746 2044 866 2095 Ἀνθ
876 2042 1068 2115 ρώπῳν
1084 2045 1179 2114 μὲν
1201 2045 1371 2106 οὐδεὶς
1397 2045 1605 2114 καρπὸς
1623 2045 1714 2096 τοῦ
1739 2043 2006 2108 διαϐόλου,

441 2137 688 2206 δαίμονες
719 2135 772 2188 δὲ
798 2135 942 2202 γόνοι
968 2112 1060 2186 καὶ
1081 2134 1297 2197 τοκετὸς
1323 2134 1472 2204 μόνοι
1493 2132 1676 2189 αὑτοῦ.
1708 2135 1816 2187 Καὶ
1837 2134 2010 2188 ταῦτα

441 2228 686 2296 λέγοντες
717 2226 1192 2297 δυσωπηθήσονται
1226 2227 1322 2296 μὲν
1362 2227 1454 2278 καὶ
1493 2229 1547 2278 ὲν
1567 2225 1758 2297 τούτῳο
1799 2227 2010 2297 πρῶτον

440 2317 497 2372 δὲ
531 2319 890 2372 ἀκουέτωσαψ
937 2319 997 2370 El
1046 2317 1216 2379 οὐδεὶς
1255 2318 1538 2389 ἄνθρωπος
1581 2319 1716 2382 τέως
1755 2320 1849 2372 τοῦ
1894 2321 2012 2384 ἑνὸς

442 2410 784 2471 ἀπολέλυται,
824 2411 971 2464 οὐδὲν
1008 2406 1099 2463 οὖν
1133 2410 1244 2480 (21)
1285 2410 1460 2462 κοινὸν
1509 2409 1588 2481 τῷ
1636 2408 1867 2484 Σατανᾷ,
1919 2415 2012 2467 καὶ

441 2501 521 2572 τῷ
562 2501 660 2573 βίῳ
701 2503 892 2573 τούτῳ,
941 2501 1075 2556 ἀλλὰ
1118 2503 1331 2555 πάντων
1377 2502 1742 2575 ἀπήλλακται.
1795 2507 2010 2563 πάντων

446 2594 630 2664 γέγονε
661 2595 829 2661 ξένος,
855 2593 1176 2664 ἐκδέδληται
1206 2595 1643 2666 καταπετόμενος
1663 2597 1794 2668 (22).

524 2856 740 2932 Ἐπειδὴ
766 2861 840 2924 δὲ,
873 2859 953 2914 ἔτι
977 2865 1032 2914 ἐν
1054 2864 1117 2933 τῇ
1148 2861 1323 2933 πλάνῃ
1357 2861 1450 2914 καὶ
1485 2861 1540 2914 ἐν
1573 2864 1637 2932 τῇ
1673 2859 1858 2934 ἀπάτῃ
1881 2877 2015 2930 προ-

445 2949 751 3014 κόπτοντες,
777 2952 854 3004 ἔτι
877 2953 1251 3024 ἀπατηλὸτερα
1273 2953 1365 3006 καὶ
1388 2953 1776 3022 πεπλανημένα
1797 2951 2014 3022 ῥήματα

447 3043 796 3114 προφέρουσι,
825 3045 897 3114 μὴ
922 3047 1301 3115 σιωπήσωμεν·
1331 3046 1462 3113 φασὶ
1489 3043 1617 3114 γὰρ,
1645 3046 1725 3096 ὅτι
1752 3043 2014 3115 προϊοῦσα

2114 1857 2353 1920 fuerunt,
2404 1855 2758 1925 ipsorumque
2799 1854 3079 1924 turpitudo
3121 1854 3372 1906 convicta
3410 1862 3493 1907 est
3522 1872 3534 1906 :
3567 1870 3678 1922 quo

2111 1949 2328 2004 demum
2363 1955 2744 2002 convertemus
2791 1947 2925 2002 nos?
2967 1947 3068 2000 nisi
3114 1946 3252 2000 forte
3290 1947 3355 2000 ad
3403 1947 3676 2001 daemones

2111 2056 2339 2105 eamus;
2377 2040 2483 2094 nisi
2514 2040 2653 2093 forte
2686 2039 2871 2093 dicant
2910 2039 3119 2092 nultum
3148 2038 3364 2108 quidem
3401 2039 3677 2094 Lomincm

2111 2147 2234 2186 esse
2279 2131 2518 2186 fructum
2569 2132 2768 2186 diaboli
2800 2150 2816 2198 ;
2851 2131 3124 2186 daemones
3155 2146 3282 2185 vero
3329 2132 3498 2197 solos,
3536 2131 3677 2186 fetus

2111 2233 2164 2279 et
2190 2231 2376 2294 partes
2413 2224 2532 2294 ejus
2556 2240 2699 2279 esse.
2728 2224 2831 2278 Sed
2857 2225 2904 2279 si
2938 2225 3036 2278 hoc
3066 2223 3324 2286 dixerint,
3349 2224 3435 2278 hic
3461 2240 3678 2294 quoque

2112 2314 2348 2384 pudendi
2377 2325 2557 2367 erunt.
2581 2311 2819 2366 Primum
2854 2329 2981 2367 vero
3010 2314 3232 2366 audiant
3265 2330 3276 2366 :
3317 2311 3376 2366 Si
3402 2313 3677 2369 daemones

2113 2414 2243 2460 sunt
2298 2404 2509 2460 fruetus
2569 2405 2794 2468 diaboli,
2861 2412 2916 2459 ει
2973 2405 3158 2460 nullus
3211 2405 3376 2460 homo
3431 2414 3514 2459 est.
3561 2405 3681 2459 dia-

2111 2499 2218 2554 boli
2284 2497 2551 2552 fructus:
2620 2497 2785 2566 igitur
2857 2498 3003 2551 nulla
3051 2505 3133 2551 est
3189 2496 3406 2552 diabolo
3463 2497 3516 2550 in
3575 2497 3678 2550 hac

2111 2589 2221 2644 vita
2271 2605 2394 2643 cum
2438 2589 2753 2644 hominibus
2795 2591 3200 2656 communitas;
3246 2589 3340 2644 sed
3389 2589 3572 2660 potius
3609 2590 3680 2644 ab

2112 2681 2370 2735 omnibus
2401 2680 2713 2750 disjunctus
2739 2689 2844 2746 est,
2875 2681 2945 2734 ab
2974 2681 3228 2736 omnibus
3261 2681 3532 2737 alienatus
3569 2687 3678 2748 est,

2112 2771 2317 2840 ejectus
2345 2779 2449 2826 est.

2183 2860 2322 2927 Quia
2351 2879 2474 2918 vero
2503 2862 2556 2917 in
2583 2877 2769 2918 errore
2797 2869 2851 2917 et
2880 2861 3093 2916 fallacia
3122 2864 3300 2918 adhuc
3327 2865 3682 2935 progredien-

2113 2961 2218 3020 tes,
2254 2955 2427 3024 magis
2475 2955 2655 3009 adhuc
2698 2955 2913 3010 fallacia
2939 2964 2993 3009 et
3024 2954 3280 3009 mendosa
3307 2956 3469 3008 verba
3499 2954 3683 3024 profe-

2117 3053 2266 3109 runt,
2294 3061 2362 3100 ne
2395 3046 2616 3099 silentio
2668 3045 3146 3113 praetermittamus
3172 3059 3234 3098 ea
3277 3061 3290 3098 :
3328 3045 3479 3098 aiunt
3511 3048 3680 3110 enim,

445 3136 478 3203 ἠ
511 3135 760 3206 πονηρία,
796 3138 888 3188 καὶ
924 3136 1042 3189 καθ’
1071 3137 1267 3206 ἑαυτὴν
1298 3135 1549 3207 χωροῦσα
1583 3134 1776 3206 ἑαυτὴν
1813 3136 2008 3206 ἠδίκει,

2116 3135 2258 3206 quod
2305 3136 2545 3205 nequitia
2596 3142 2797 3188 cuncta
2836 3131 3174 3204 antegressa,
3217 3142 3271 3188 et
3322 3135 3436 3188 sola
3485 3151 3683 3205 proce-

448 3226 542 3278 καὶ
566 3227 758 3297 ἑαυτὴν
801 3227 1136 3296 ἐλυμαίνετο·
1174 3229 1249 3290 ὡς
1278 3227 1332 3280 δὲ
1366 3227 1568 3298 ἐπέστη
1600 3226 1678 3297 τῷ
1708 3227 1891 3298 χωρίῳ
1917 3227 2015 3298 τῆς

448 3317 722 3388 ἀληθείας,
771 3317 1074 3389 ἐξεπλάγη·
1125 3318 1308 3388 θαῦμα
1353 3317 1512 3370 ἔλαϐε
1562 3317 1654 3370 τοῦ
1703 3316 2015 3383 ἐξαπιναίου

450 3408 642 3476 φωτός·
677 3409 966 3463 ἐπελάθετο
998 3411 1096 3482 τῆς
1124 3411 1256 3471 ἰδίας
1287 3412 1482 3480 μάχηςο
1519 3409 1743 3462 ἐπέθετο
1789 3408 1866 3480 τῷ
1909 3425 2014 3477 φα-

451 3499 615 3552 νέντι·
653 3501 868 3570 ἥρπασε
895 3500 1037 3568 φῶς·
1080 3496 1303 3554 κατέπιε
1334 3502 1395 3554 τὸ
1432 3499 1722 3570 θεωρηθέν.
1757 3497 2018 3551 Ἐνταῦθα

447 3590 629 3644 λοιπὸν
663 3592 827 3654 πολὺς
861 3593 889 3643 ὁ
917 3592 1088 3659 γέλως
1129 3592 1221 3643 καὶ
1262 3591 1470 3660 μεγάλη
1505 3592 1537 3660 ἡ
1565 3589 1750 3659 χλεύη·
1782 3587 2015 3642 ἐνταῦθα

449 3681 557 3743 πᾶς
587 3680 890 3750 πεπάτηται
940 3679 1106 3750 μῦθος
1161 3680 1486 3749 Ἑλληνικὸς,
1520 3679 1816 3749 νικώμενος
1844 3678 2017 3750 τούτῳ

445 3767 526 3839 τῷ
555 3772 810 3838 σχήματι·
847 3767 1092 3836 λέγονται
1136 3769 1242 3839 γὰρ
1288 3767 1445 3838 μῦθοι
1493 3769 1541 3820 οἱ
1585 3768 1764 3838 μῦθοι,
1802 3767 1914 3821 ἀλλ’
1942 3768 2018 3832 ὡς

451 3857 609 3928 μῦθοι
643 3858 1002 3912 πιστεύονται·
1043 3851 1195 3922 οὗτος
1224 3859 1299 3922 δὲ,
1337 3860 1383 3911 εξ
1417 3860 1532 3930 μὲν,
1563 3858 1638 3921 ὼς
1669 3859 1883 3928 ἐλέγετο
1917 3858 2018 3930 μῦ-

447 3947 560 4011 θος,
589 3947 663 4010 ὡς
701 3946 866 4017 μῦθος
907 3945 1238 4010 ἐπιστεύετο,
1288 3947 1486 4017 μικρὰν
1530 3947 1596 4000 ἂν
1636 3943 1746 4018 εἶχε
1787 3949 1884 4020 τὴν
1925 3949 2020 4019 ζη-

451 4038 601 4111 μίαν·
652 4037 745 4091 νῦν
791 4038 847 4090 δὲ
889 4039 1013 4107 νικᾷ
1055 4037 1154 4108 μὲν
1198 4039 1322 4101 τοὺς
1360 4037 1581 4107 μύθους,
1620 4039 1933 4094 πιστεύεται
1962 4041 2016 4094 δὲ

451 4130 598 4203 παρὰ
621 4131 735 4192 τοῖς
763 4130 988 4199 ἄφροσιν
1013 4127 1087 4191 ὡς
1112 4128 1355 4197 ἀλήθεια.
1391 4129 1453 4180 Εἰ
1481 4129 1589 4198 γὰρ
1615 4131 1689 4192 ὡς
1719 4134 2017 4200 μεμηνυῖα,

449 4223 526 4288 ὥς
555 4239 711 4292 φατε,
735 4223 828 4275 καὶ
863 4221 983 4275 καθ’
1010 4222 1204 4292 ἑαυτὴν
1238 4221 1616 4293 πολιορκοῦσα,
1652 4221 1918 4290 ἐφθακυία
1940 4224 2021 4286 εἰς

449 4317 519 4370 τὰ
545 4319 715 4370 οἰκεῖα
748 4317 889 4386 ὅρια,
928 4311 1031 4368 εἶδε
1065 4315 1179 4382 φῶς
1213 4314 1306 4367 καὶ
1341 4314 1682 4383 κατεπλάγη,
1719 4315 1811 4367 καὶ
1839 4315 2019 4385 ἀπηλ-

451 4408 590 4480 λάγη
630 4408 730 4476 τῆς
769 4408 902 4469 ἰδίας
940 4407 1136 4476 μάχης,
1169 4409 1261 4460 καὶ
1289 4406 1510 4459 ἐπέθετο
1544 4405 1620 4476 τῷ
1646 4407 1888 4476 φανέντι,
1920 4407 2022 4476 ἦρ-

2117 3229 2283 3289 deus,
2358 3229 2594 3295 seipsam
2643 3225 2844 3294 injuria
2881 3223 3143 3277 afﬁciebat
3177 3231 3230 3278 et
3269 3224 3370 3279 sibi
3402 3226 3630 3279 nocebat
3664 3243 3676 3278 :

2117 3325 2406 3386 postquam
2447 3331 2578 3370 vero
2618 3315 2794 3369 adfuit
2823 3315 2878 3368 in
2923 3315 3046 3369 loco
3077 3313 3343 3377 veritatis,
3375 3315 3679 3384 obstupuit.

2115 3417 2171 3462 et
2227 3409 2574 3478 repentinum
2634 3407 2820 3460 lumen
2875 3405 3139 3458 admirata
3176 3413 3280 3468 est,
3335 3421 3528 3476 pugnae
3568 3421 3682 3460 sua:

2119 3499 2286 3554 oblita
2339 3507 2443 3554 est.
2498 3498 2702 3552 Invasit
2750 3497 2896 3568 quod
2942 3497 3215 3566 apparuit,
3259 3498 3438 3566 rapuit
3472 3497 3678 3558 lumen,

2117 3590 2406 3646 absorbuit
2431 3595 2758 3660 spectatum.
2793 3587 2911 3642 Jam
2944 3588 3033 3642 hic
3066 3588 3210 3642 risus
3247 3588 3450 3643 multus
3479 3598 3533 3643 et
3568 3604 3682 3644 ma-

2117 3698 2280 3753 gnum
2314 3680 2607 3735 ludibrium
2645 3697 2659 3734 :
2704 3680 2791 3734 hic
2822 3680 3000 3735 omnis
3031 3679 3212 3732 fabula
3234 3677 3419 3734 Graeca
3448 3681 3676 3750 protrita

2116 3782 2220 3838 est,
2238 3784 2290 3828 et
2312 3773 2454 3828 victa
2471 3772 2633 3842 hujus
2659 3771 2852 3826 fabulae
2869 3771 3052 3826 habitu
3075 3789 3088 3837 ;
3111 3770 3303 3825 fabulae
3324 3771 3468 3826 enim
3486 3771 3682 3828 fabula:

2117 3865 2396 3929 dicuntur,
2438 3865 2534 3921 sed
2581 3874 2840 3934 tanquam
2876 3865 3078 3920 fabulis
3108 3863 3353 3919 creditur
3388 3884 3401 3918 :
3439 3865 3553 3918 haec
3584 3879 3684 3918 au-

2120 3964 2226 4011 tem
2267 3958 2312 4013 si
2348 3966 2407 4012 ut
2443 3957 2625 4012 fabula
2659 3957 2885 4020 dicitur,
2917 3957 2998 4011 sic
3039 3965 3296 4027 tanquam
3347 3956 3542 4011 fabula:
3570 3972 3685 4012 cre-

2119 4048 2360 4114 dcretur,
2408 4064 2599 4120 parum
2663 4049 2849 4104 damni
2893 4048 3082 4113 ﬁeret;
3141 4063 3288 4102 nunc
3333 4063 3464 4102 vero
3516 4047 3685 4102 vincit

2121 4141 2334 4197 fabulas
2367 4157 2381 4193 :
2415 4149 2465 4196 et
2507 4141 2660 4197 stulti
2705 4139 2936 4194 credunt
2968 4139 3018 4194 ei
3059 4145 3318 4208 tanquam
3350 4137 3582 4192 veritati.
3624 4137 3682 4191 Si

2120 4234 2264 4288 enim
2295 4234 2433 4304 apud
2464 4248 2524 4288 εε
2557 4247 2805 4295 manens,
2845 4238 2905 4284 ut
2937 4230 3141 4293 dicitis,
3178 4231 3412 4298 seipsam
3447 4228 3683 4290 obsedit,

2121 4342 2245 4380 cum
2291 4326 2530 4380 venisset
2589 4323 2645 4377 in
2699 4323 2836 4376 lines
2886 4321 3129 4385 luminis,
3193 4320 3327 4373 vidit
3387 4319 3570 4373 lumen
3629 4327 3686 4373 et

2123 4417 2429 4485 obstupuit,
2457 4423 2511 4470 et
2553 4430 2582 4467 a
2627 4429 2723 4468 sua
2767 4427 2946 4482 pugna
2997 4411 3224 4464 liberata
3264 4418 3370 4472 est,
3402 4417 3456 4465 et
3496 4411 3686 4465 adorta

453 4516 593 4553 πασε
624 4498 682 4550 τὸ
712 4498 1001 4568 θεωρηθέν·
1050 4498 1165 4560 πῶς
1213 4499 1313 4550 οὐκ
1366 4497 1612 4551 ἀδύνατοι
1661 4498 1754 4552 καὶ
1807 4497 2014 4567 ψευδεῖς

2123 4521 2205 4566 εει
2252 4512 2430 4563 lumen
2464 4509 2662 4570 visum,
2707 4514 2762 4560 et
2801 4505 2982 4574 rapuit
3018 4503 3161 4572 quod
3201 4505 3499 4573 spectavit;
3551 4520 3687 4572 quo-

455 4590 780 4659 φανήσονται
808 4591 854 4640 εἰ
875 4588 1054 4654 λόγου
1085 4587 1209 4649 Πῶς
1233 4587 1340 4657 γὰρ
1370 4589 1567 4659 ἑαυτὴν
1597 4588 1771 4656 ἠδίκει
1796 4589 1828 4658 ἡ
1861 4604 2022 4657 πονη-

459 4679 578 4749 ρία;
603 4678 796 4748 ἑαυτὴν
819 4677 1026 4747 ἀνῄρεις
1049 4677 1243 4747 ἑαυτὴν
1267 4678 1525 4746 ἠφάνιζεν
1545 4696 1560 4744 ;
1586 4679 1708 4750 ἄρτι
1736 4679 1834 4749 μὲν
1852 4695 2022 4732 κατα-

456 4771 703 4831 πίνουσα,
727 4771 850 4841 ἄρτι
873 4769 929 4821 δέ
951 4769 1215 4836 γεννῶσα,
1250 4769 1362 4838 εἴγε
1393 4770 1683 4841 ἀγέννητος
1709 4767 1808 4842 ἦν;
1840 4769 2023 4822 ἐλύετο

455 4863 564 4936 γὰρ
591 4863 784 4932 ἑαυτὴν
809 4860 1208 4932 διαφθείρουσα.
1238 4862 1300 4913 Εἰ
1334 4861 1390 4912 δὲ
1419 4859 1487 4913 τὰ
1524 4862 1661 4934 μέρη
1695 4863 1890 4931 ἑαυτῆς
1910 4857 2022 4930 εἶχε

454 4951 890 5023 διαφθειρόμενα,
935 4952 1086 5002 ποῖον
1123 4948 1373 5020 ἐνέχυρον
1403 4947 1693 5020 αὔταρκες,
1730 4950 1810 5002 ὅτι
1837 4952 1930 5021 ὂλη
1959 4951 2021 5001 οὐ

535 5087 555 5119 ⁸
607 5085 649 5141 ll
680 5085 806 5140 Cor.
840 5103 891 5148 v,
917 5085 1006 5138 20.

532 5218 640 5289 (‘20)
685 5219 756 5273 'H
784 5219 985 5288 φύσις.
1041 5214 1312 5289 Interpres
1357 5218 1654 5289 legebant;
1711 5217 1874 5286 φύσις
1927 5218 2020 5272 τού

461 5288 654 5410 Ξισικοῡόἰ
711 5286 886 5359 Atque
933 5289 1073 5341 hanc
1125 5286 1433 5342 ιεειίοηειῐί
1456 5286 1742 5342 conﬁrmat
1787 5305 2023 5360 sequens

494 5375 618 5410 πιστ
662 5376 832 5410 μενος.

494 5375 832 5421 πισταμενος.

882 5423 1013 5482 οὖν.
1039 5425 1212 5497 Opera
1239 5427 1383 5482 enim
1407 5428 1644 5483 hominis
1672 5429 1834 5494 mala,
1857 5443 2022 5496 Opera

463 5499 805 5553 tenebrarum
839 5507 892 5552 et
919 5499 1116 5551 diaboli
1161 5499 1437 5560 dicuntur,
1472 5506 1526 5553 et
1555 5508 1680 5554 sunt
1719 5500 2022 5553 secundum

462 5569 847 5633 imitationem;
874 5577 927 5622 ει
957 5570 1256 5622 secundum
1287 5583 1349 5622 ea
1383 5579 1466 5623 est
1493 5570 1692 5624 homini
1719 5573 2026 5623 communi-

463 5648 544 5694 tas
577 5655 698 5692 cum
729 5654 812 5690 eo.
846 5637 1071 5692 Deerant
1101 5639 1184 5692 Iu'c
1215 5639 1413 5708 aliqua.
1442 5639 1612 5694 Tuan.

531 5709 643 5777 (‘22)
689 5711 909 5762 Καταπ.
965 5708 1186 5764 Diversa
1233 5711 1387 5778 plane
1436 5718 1615 5764 textus
1648 5709 1817 5764 series
1854 5708 2022 5762 cstoin

460 5778 697 5845 (meets;
735 5780 932 5849 quippe
977 5787 1300 5849 sequuntur,
1345 5781 1438 5834 καὶ
1492 5780 1636 5834 ἔστιν
1679 5779 1882 5850 ἁλωτὴ,
1933 5780 2024 5832 καὶ

2124 4600 2286 4656 modo
2317 4616 2423 4654 non
2455 4599 2795 4670 apparebunt
2826 4597 2940 4650 haec
2972 4611 3078 4648 non
3112 4609 3275 4664 posse
3305 4593 3439 4655 ﬁeri,
3473 4603 3528 4648 et
3552 4594 3687 4648 l‘alsa

2120 4695 2284 4750 esse?
2321 4692 2604 4758 Quomodo
2659 4690 2804 4744 enim
2857 4687 3098 4757 nequitia
3138 4687 3244 4741 sibi
3283 4687 3397 4756 ipsa
3429 4685 3686 4754 injuriam

2123 4785 2395 4839 faciebat?
2439 4799 2499 4838 εε
2556 4783 2674 4853 ipsa
2730 4778 3119 4836 interimebat?
3157 4794 3217 4833 se
3267 4778 3386 4848 ipsa
3431 4778 3691 4833 delebat?

2121 4875 2406 4941 Quomodo
2475 4891 2619 4929 nunc
2676 4874 2896 4943 quidem
2957 4872 3297 4934 absorbens,
3353 4884 3501 4924 nunc
3558 4884 3688 4922 vero

2121 4983 2410 5038 generans.
2439 4968 2486 5020 si
2539 4967 2778 5036 ingenita
2811 4964 2966 5020 erat?
3007 4962 3409 5018 dissolvebatur
3429 4961 3575 5017 enim
3603 4976 3689 5016 εε-

2121 5225 2275 5296 λυτὴ,
2299 5225 2391 5276 καὶ⁵
2418 5222 2673 5292 λυομένη,
2701 5231 2867 5290 potest
2897 5223 3054 5296 igitur
3076 5219 3479 5296 capi._dissolvi,
3503 5229 3551 5273 et
3571 5221 3689 5296 elis-

2123 5289 2296 5348 soluta
2327 5305 2481 5362 atque
2509 5289 2834 5360 capta,etc.,
2869 5289 2989 5362 quae
3028 5293 3079 5344 in
3115 5289 3309 5362 pagina
3338 5292 3581 5362 sequenti
3613 5293 3688 5344 le-

2123 5375 2332 5432 gentur.
2383 5361 2584 5417 Deinde
2627 5376 2754 5417 vero
2795 5363 2849 5414 in
2886 5361 3074 5415 Codice
3120 5376 3222 5414 ms.
3281 5361 3688 5432 intcrjiciutur

2125 5430 2330 5505 paginae
2377 5434 2642 5503 plurimae,
2672 5433 2732 5505 in
2772 5447 3003 5505 quorum
3047 5447 3152 5484 una
3191 5430 3704 5505 occurrit__ini_tiutn.

2124 5500 2247 5558 libri
2292 5500 2458 5559 tertii.
2495 5505 2630 5557 Cum
2671 5502 2784 5556 haec
2823 5502 2956 5557 satis
2993 5507 3244 5572 accuralc
3285 5500 3689 5572 nonrdistingui

2125 5577 2176 5628 in
2209 5574 2396 5629 Graeco
2424 5573 2612 5628 codice
2641 5574 2799 5627 nobis
2830 5579 3126 5636 constaret,
3161 5569 3414 5625 Turriani
3443 5569 3691 5627 ordinem

2123 5646 2318 5707 secuti,
2373 5659 2493 5714 qua:
2537 5644 2808 5711 discerpta
2828 5652 2915 5714 _et
2965 5641 3020 5697 in
3055 5643 3215 5698 tertio
3266 5642 3402 5697 libro
3450 5641 3692 5711 reposita

2123 5726 2298 5782 erant,
2333 5711 2421 5771 hic
2453 5715 2796 5785 subjicimus.
2827 5711 2988 5767 Basx.
