4100 6440
497 377 636 432 1127

1641 361 1777 418 TITI
1809 358 2239 417 BOSTRENSIS
2278 356 2587 413 EPISCOPI

3603 358 3742 415 H28

495 495 670 565 ipsam
718 492 1074 553 interimens;
1118 498 1175 543 et
1222 502 1332 541 non
1376 485 1488 554 jam
1534 499 1659 539 esse
1699 490 1912 553 poterat
1955 481 2040 535 sib

2162 479 2547 549 διαφθείρεται,
2588 477 2697 530 τῶν
2737 477 2917 548 μερῶν
2968 475 3376 549 διαφθείρεσθαι
3430 478 3742 549 πεφυλακό-

493 587 771 641 interitum
814 581 1069 637 aﬂ'erens.
1115 579 1174 635 Si
1219 587 1400 632 autem
1449 584 1631 647 partes
1667 589 1797 629 suas
1825 572 2059 626 habebat

492 679 850 741 intereuntcs,
905 675 1050 744 quod
1110 674 1308 744 pignus
1355 686 1478 726 esse
1531 677 1710 739 potest
1756 665 1892 720 satis
1944 663 2061 717 ido-

490 784 685 834 neum,
716 784 825 823 non
870 775 1039 822 totam
1077 764 1301 818 interire
1346 760 1593 830 partibus
1633 758 1778 812 natis
1822 755 1965 825 aptis
1994 753 2061 807 ad

2163 588 2308 635 των;
2341 572 2401 623 Et
2429 570 2484 623 δὲ
2514 570 2606 623 καὶ
2638 569 2835 641 ἑαυτὴν
2860 571 3070 638 ἐγέννα,
3111 571 3205 623 καὶ
3242 566 3380 625 εἶναι
3404 572 3619 642 ἤρχετο·
3645 575 3747 644 ἁρ-

2165 661 2370 732 χομένη
2411 660 2469 713 δὲ
2506 660 2601 714 τοῦ
2629 656 2788 727 εἶναι,
2818 663 2910 714 καὶ
2937 661 3169 733 γεννητὴ
3201 657 3290 734 ἦν·
3334 662 3450 726 πῶς
3483 662 3564 716 ἔτι
3612 663 3745 732 ἀγέ-

2169 769 2330 823 νητος
2350 768 2364 815 ;

488 865 873 920 intereundum
894 863 916 915 ?
941 863 997 915 Si
1026 869 1206 915 autem
1239 860 1475 929 seipsam
1508 854 1824 926 generabat,
1853 863 1907 907 et
1929 863 2053 905 esse
2091 849 2405 918 incipiebat,
2438 857 2494 904 et
2524 849 2795 920 incipiens
2832 865 2975 915 esse,
3035 851 3367 922 generabiiis
3395 860 3537 919 erat,
3598 868 3741 924 quo-

488 958 652 1012 modo
681 966 799 1012 erat
833 954 1109 1025 ingenita?

1445 1069 1576 1126 CAP.
1619 1065 1831 1121 XXXV.
1868 1063 2166 1135 Ingenitum
2205 1058 2423 1113 dissolvi
2453 1076 2556 1113 non
2584 1069 2770 1130 potest.

554 1186 921 1253 Quamobrem
956 1203 1065 1243 non
1102 1187 1171 1242 ab
1204 1187 1312 1241 alio
1341 1185 1580 1240 absurda
1619 1198 1811 1239 eorum
1839 1180 2049 1252 opinio,

486 1279 582 1334 sed
615 1280 684 1334 ab
707 1296 897 1335 eorum
931 1279 1093 1349 nugis
1124 1278 1499 1347 redarguenda
1531 1285 1615 1331 est
1645 1294 1659 1342 ;
1696 1275 1867 1330 multa
1908 1272 2052 1328 enim

485 1370 678 1425 dicunt
733 1386 917 1426 secum
971 1378 1299 1441 pugnantes,
1352 1384 1455 1423 nec
1505 1374 1828 1438 exspectant
1886 1364 2051 1418 faciat

485 1462 628 1518 alius
658 1471 716 1516 ut
744 1462 1093 1525 erubescant,
1129 1460 1226 1515 sed
1275 1459 1379 1529 ipsi
1415 1459 1519 1513 hoc
1542 1458 1664 1512 aliis
1699 1455 1958 1520 invident,
2000 1460 2053 1508 et

485 1553 591 1625 ipsi
631 1568 689 1607 se
729 1551 1081 1606 erubescunt.
1122 1549 1280 1615 Quod
1310 1549 1454 1603 enim
1502 1546 1730 1601 dissolvi
1768 1551 1967 1615 potest,
1999 1549 2054 1596 et

482 1643 803 1700 dissolvitur
830 1652 884 1696 et
921 1641 1367 1712 potestinterire,
1405 1638 1680 1723 quomodo
1713 1636 1876 1691 fuerit
1903 1636 2054 1703 inge-

481 1735 698 1792 nitum?
739 1734 1013 1804 quomodo
1058 1748 1089 1786 a
1147 1748 1205 1787 se
1260 1730 1576 1786 exstiterit?
1620 1729 1894 1797 quomodo
1943 1743 2054 1782 non

2229 1177 2320 1230 Διὸ
2344 1179 2525 1232 οὐκέτι
2558 1181 2688 1251 παρ’
2716 1181 2901 1253 ἑτέρου
2924 1182 3016 1235 τὸν
3043 1183 3260 1256 ἔλεγχον
3287 1187 3385 1256 τῆς
3417 1187 3618 1242 ἀτόπου
3652 1190 3740 1244 δό-

2161 1268 2257 1340 ξης
2280 1270 2457 1324 αὐτῶν
2488 1270 2766 1343 λήψονται,
2797 1275 2910 1328 ἀλλ’
2940 1278 3047 1330 ἀπὸ
3083 1278 3183 1348 τῆς
3214 1279 3419 1342 οἰκείας
3449 1280 3733 1354 φλυαρίας·

2159 1358 2327 1413 πολλά
2351 1360 2458 1432 γὰρ
2492 1363 2874 1433 φθεγγόμενοι,
2908 1367 3119 1431 ἑαυτοῖς
3154 1370 3448 1440 μαχόμενοι
3472 1371 3737 1441 φθέγγον-

2156 1466 2267 1503 ταιο
2308 1453 2401 1504 καὶ
2445 1453 2629 1508 οὐκέτι
2679 1456 3036 1527 ἀναμένουσιν
3082 1460 3173 1529 ὑφ’
3219 1461 3406 1532 ἐτέρου
3452 1464 3732 1535 ὲρυθριᾷν,

2158 1543 2291 1596 ἀλλά
2317 1545 2684 1617 φλυαροῦντες
2721 1549 2880 1602 τοῦτο
2905 1551 3012 1603 ἀπὸ
3039 1552 3137 1622 τῆς
3167 1554 3371 1617 οἰκείας
3404 1560 3734 1626 προπετείας

2154 1634 2440 1705 πάσχουσι.
2474 1635 2548 1690 Τὸ
2573 1639 2682 1710 γάρ
2711 1639 3004 1711 δυνάμενον
3032 1641 3273 1708 λύεσθαι,
3306 1647 3398 1699 καὶ
3428 1647 3580 1701 λύσιν
3613 1652 3735 1703 ἐπι-

2149 1725 2455 1797 δεχόμενον,
2478 1731 2573 1783 καὶ
2603 1730 2896 1803 δυνάμενον
2929 1733 3357 1806 διαφθείρεσθαι,
3400 1740 3517 1804 πῶς
3553 1740 3618 1794 ἂν
3644 1743 3730 1813 εἴη

480 1830 548 1884 ab
595 1828 703 1884 alio
752 1827 1018 1898 originem
1066 1825 1323 1880 duxerit?
1371 1839 1495 1878 cum
1543 1824 1644 1878 hoc
1689 1822 1907 1892 quidem
1948 1821 2045 1874 tate

2154 1819 2480 1891 ἀγέννητονς
2517 1822 2633 1887 πῶς
2669 1823 2734 1878 ἂν
2768 1825 2851 1897 εἴη
2882 1827 2974 1896 ἀφ’
3003 1828 3197 1882 ἑαυτοῦ
3230 1830 3321 1895 6v;
3360 1832 3477 1896 πῶς
3508 1835 3607 1887 οὐκ
3634 1837 3729 1905 ἀφ’

479 1922 711 1977 liberum
760 1920 834 1974 sit
888 1919 957 1973 ab
1005 1918 1230 1972 interitu
1275 1928 1329 1972 et
1379 1915 1699 1986 impatibile,
1740 1913 1873 1967 illud
1919 1926 2049 1966 vero

479 2013 598 2069 tolli
634 2022 691 2067 et
731 2011 909 2083 perire
948 2011 1143 2081 possit,
1190 2024 1315 2064 cum
1368 2024 1475 2062 non
1523 2006 1594 2061 sit
1637 2021 1666 2060 a
1710 2021 1788 2060 se.
1840 2003 2047 2070 Quodsi

478 2105 642 2178 perit,
684 2112 744 2158 ut
789 2103 998 2167 dicitis,
1032 2102 1136 2157 hoc
1175 2102 1319 2156 enim
1364 2098 1545 2155 verbis
1577 2099 1775 2154 vestris
1811 2096 2048 2152 definitis

477 2212 544 2252 ac
598 2196 920 2260 decernitis,
976 2194 1302 2250 conﬁtentes
1355 2191 1659 2257 absorberi,
1730 2199 1784 2244 et
1833 2197 2047 2258 captam

476 2298 647 2361 atque
681 2289 997 2359 absorptam
1052 2287 1333 2342 interitum
1366 2285 1579 2354 cepisse
1612 2303 1626 2348 ;
1666 2288 1844 2352 potest
1884 2279 2049 2349 igitur

475 2384 597 2453 capi
625 2389 681 2437 et
713 2381 961 2445 dissolvi,
1006 2387 1061 2434 et
1102 2379 1373 2433 dissoluta
1417 2388 1578 2445 atque
1613 2382 1772 2444 capta
1802 2387 1909 2427 non
1933 2370 2047 2440 jam

476 2475 805 2531 sustentabit
838 2489 926 2538 ea,
972 2489 1092 2544 quia:
1128 2479 1257 2527 sunt
1300 2486 1407 2524 non
1449 2466 1841 2523 intereuntium
1874 2481 1886 2516 :
1921 2478 2045 2518 cum

474 2578 605 2617 vero
642 2578 751 2617 non
800 2562 997 2617 habeat
1025 2570 1277 2615 naturam
1302 2562 1369 2615 ab
1410 2558 1757 2613 incommodo
1789 2563 1842 2610 et
1883 2555 2049 2608 inter-

475 2654 572 2711 itu'
590 2655 849 2720 alienam,
880 2669 991 2709 non
1014 2654 1127 2724 jam
1159 2653 1401 2724 ingenita
1425 2666 1548 2707 esse
1569 2648 1851 2720 putabitur
1876 2664 1891 2713 ;
1918 2656 1967 2702 et
2000 2645 2047 2701 si

472 2747 714 2819 ingenita
756 2764 868 2804 non
905 2758 987 2804 est
1034 2747 1297 2817 nequitia,
1346 2753 1688 2816 neque°ortu
1728 2757 1905 2811 neque
1943 2739 2048 2794 line

472 2854 665 2896 carere
694 2840 1012 2910 apparebit,
1045 2854 1171 2894 cum
1202 2839 1340 2892 alias
1369 2836 1589 2907 quidem
1620 2850 1731 2890 non
1764 2834 1856 2895 sit,
1886 2832 2046 2886 modo

471 2945 608 2987 vero
639 2932 817 2986 solum
845 2931 1106 2986 insonare
1134 2928 1400 2983 videatur.
1439 2927 1593 2993 Quod
1622 2926 1768 2981 enim
1798 2933 1904 2986 est,
1936 2939 2047 2977 non

473 3029 559 3075 est
590 3020 918 3083 substantia,
951 3019 1047 3073 sed
1079 3017 1304 3072 morbus
1337 3017 1428 3086 qui
1465 3015 1792 3071 substantiis
1824 3014 2044 3079 accidit,

477 3110 572 3181 qui
598 3117 778 3181 potest
809 3125 839 3164 a
871 3109 1199 3165 substantiis
1228 3117 1281 3164 et
1312 3109 1563 3178 personis
1593 3108 1858 3177 separari.
1889 3105 2044 3171 Quod

476 3210 660 3257 autem
705 3203 986 3273 deceptor,
1027 3200 1175 3272 quod
1214 3211 1321 3266 est,
1357 3201 1515 3254 ruina
1543 3208 1598 3255 et
1638 3200 1795 3268 lapsu
1824 3198 2042 3260 accidit,

474 3305 533 3350 ut
559 3304 726 3359 esset,
754 3297 873 3366 ipsa
907 3296 1064 3350 ruina
1081 3303 1136 3350 et
1152 3296 1306 3365 lapsu
1333 3300 1626 3349 attestante
1645 3291 2042 3361 ademptionem

468 3386 739 3447 bonorum
791 3389 1060 3460 priorum,
1115 3395 1348 3443 testatur
1404 3385 1626 3456 quidem
1683 3384 1852 3439 Isaias
1919 3396 2044 3451 pro-

468 3482 654 3552 pheta,
686 3494 811 3535 cum
857 3480 934 3534 ait
971 3498 984 3534 :
1033 3476 1308 3543 Quomodo
1366 3475 1551 3529 cecidit
1592 3491 1620 3528 α
1667 3474 1795 3528 εωιο
1835 3472 2043 3541 lucifer,

468 3575 559 3645 qui
589 3589 742 3628 mane
771 3571 1042 3626 oriebatur
1079 3571 1146 3624 9?
1192 3567 1330 3623 Cum
1364 3583 1493 3623 vero
1537 3567 1684 3621 hunc
1726 3566 1884 3620 talem
1923 3564 2045 3633 ejus

470 3673 679 3721 statum
735 3680 802 3719 ex
849 3664 1007 3733 lapsu
1056 3660 1327 3717 accidisse
1371 3659 1541 3715 sciret
1587 3656 1857 3723 Salvator,
1899 3656 2045 3709 anti-

468 3769 641 3826 quum
692 3769 824 3809 vero
870 3761 1078 3808 statum
1122 3752 1368 3807 divinum
1420 3766 1486 3806 ac
1539 3750 2044 3820 Splendidissimum

470 3853 525 3900 et
556 3844 793 3898 maxime
829 3843 1089 3898 decorum
1121 3840 1314 3904 fuisse.
1344 3843 1412 3897 de
1436 3857 1503 3897 eo
1531 3851 1759 3898 testatur
1791 3841 1846 3895 in
1874 3840 2047 3894 Evan-

469 3935 611 4007 gelio
640 3934 893 4004 inquiens
916 3951 930 3987 :
951 3932 1085 3987 Ecce
1117 3932 1264 3987 video
1304 3931 1565 3987 Satanam
1592 3941 1844 4000 tanquam
1864 3931 2044 4001 fulgur

470 4027 740 4082 cadentem
786 4026 850 4081 de
898 4026 1026 4081 caelo
1089 4027 1155 4080 ιο.
1213 4026 1272 4080 Si
1321 4034 1503 4080 autem
1557 4025 1637 4080 sic
1699 4032 1857 4079 natus
1900 4033 2040 4090 erat,

470 4118 520 4174 si
557 4118 639 4173 sic
684 4126 844 4188 aptus
882 4126 1100 4179 natura,
1142 4131 1253 4171 non
1290 4116 1567 4170 diceretur
1598 4122 1711 4169 tum
1753 4114 2039 4182 cecidisse,

469 4218 586 4265 tum
636 4196 953 4274 decidisse;
996 4207 1145 4278 quod
1189 4209 1335 4263 enim
1399 4207 1566 4273 cadit,
1608 4223 1675 4262 ex
1702 4215 1868 4275 ,statu
1910 4224 2043 4278 quo-

467 4303 614 4372 piam
640 4301 823 4367 cadit;
856 4311 911 4356 et
940 4299 1087 4371 quod
1116 4300 1342 4366 decidit,
1372 4315 1441 4356 ex
1467 4300 1725 4370 quapiam
1755 4299 2042 4356 abundan-

468 4395 543 4450 tia
572 4393 805 4449 excedit.

2150 1909 2335 1980 ἐτέρου
2366 1911 2586 1982 ἤρξατο,
2609 1912 2702 1966 τοῦ
2733 1915 2829 1984 μὲν
2857 1916 3096 1970 τοιούτου
3124 1919 3425 1993 ἀνωλέθρου
3460 1922 3551 1977 καὶ
3584 1924 3741 1977 ἀπα-⁸

2149 1999 2274 2065 θοῦς
2302 2002 2659 2073 ὑπάρχοντος,
2687 2006 2781 2059 τοῦ
2808 2007 2864 2059 δὲ
2888 2007 3191 2079 δυναμένου
3239 2012 3594 2079 ἀφανίζεσθαι
3632 2016 3728 2069 καὶ

2146 2089 2549 2162 διαφθείρεσθαι
2594 2094 2692 2146 οὐκ
2735 2094 2830 2165 ἀφ’
2858 2094 3063 2149 Ἑαυτοῦ
3099 2098 3283 2162 δντοςς
3319 2101 3368 2152 εί
3398 2100 3454 2154 δὲ
3482 2101 3726 2170 διαφθεί-

2149 2199 2320 2253 ρεται,
2360 2183 2433 2248 ὣς
2466 2202 2625 2253 φατε,
2654 2185 2811 2239 τοῦτο
2849 2187 2957 2259 γὰρ
2992 2191 3020 2242 6
3051 2191 3312 2262 ὑμέτερος
3349 2192 3520 2264 ὁρίζει
3547 2194 3725 2263 λόγοςν

2145 2272 2205 2325 τὸ
2246 2274 2639 2329 καταπίνεσθαι
2685 2278 2983 2348 ὁμολογῶν,
3018 2281 3077 2333 τὸ
3112 2279 3250 2335 εἶναι
3290 2284 3596 2350 ἀλλοίωσιν,
3630 2290 3726 2343 καὶ

2146 2366 2352 2436 φθορὰν
2389 2367 2486 2437 τὴν
2528 2370 2848 2422 κατάποσιν’
2889 2374 2983 2443 καὶ
3015 2371 3162 2426 ἔστιν
3191 2374 3392 2447 ἀλωτὴ,
3433 2377 3528 2430 καὶ
3566 2378 3721 2451 λυτὴ,

2147 2460 2238 2511 καὶ
2279 2459 2533 2532 λυομένη,
2573 2462 2667 2514 καὶ
2707 2462 3124 2535 ἀναλισκομένη,
3167 2468 3349 2522 οὐκέτι
3390 2470 3458 2524 τά
3495 2469 3603 2524 τῶν
3648 2473 3723 2543 μὴ

2145 2550 2557 2623 ἀφανιζομένων
2595 2554 2983 2625 ὑποστήσεταιο
3024 2559 3097 2630 μὴ
3136 2558 3333 2630 ἔχουσα
3357 2562 3412 2616 δὲ
3438 2563 3534 2634 τὴν
3558 2565 3723 2634 φύσιν

2146 2645 2352 2716 ἀϐλαϐῆ
2380 2647 2475 2698 καλ⁹
2503 2645 2826 2719 ἀνώλεθρον,
2861 2649 3042 2703 οὐκέτι
3065 2651 3355 2723 ἀγέννητος
3385 2650 3725 2727 ὑποτεθήστο

2144 2755 2252 2792 ται·
2292 2738 2367 2810 μὴ
2395 2735 2528 2793 οὖσα
2566 2739 2624 2794 δὲ
2658 2741 2968 2810 ἀγέννητος,
3004 2741 3129 2796 οὔτε
3159 2743 3410 2814 ἄναρχος,
3442 2745 3567 2800 οὔτε
3596 2748 3723 2801 ἁτε*

2145 2830 2403 2900 λεύτητος
2444 2836 2742 2902 φανήσεται
2784 2836 2817 2904 ἡ
2863 2833 3049 2897 κακία,
3088 2834 3276 2889 ἄλλοτε
3309 2837 3405 2906 μὲν
3433 2838 3532 2891 οὐκ
3564 2835 3721 2906 οὖσα,

2144 2922 2269 2994 ἄρτι
2295 2922 2351 2976 δὲ
2383 2923 2614 2977 δοκοῦσα
2648 2925 2966 2996 ἐμϐομϐεῖν.
3001 2928 3111 2980 Καὶ
3137 2927 3246 2999 γὰρ
3268 2929 3296 2980 ὅ
3323 2932 3469 2984 ἐστιν
3500 2930 3600 2986 οὐκ
3630 2933 3723 2986 οὒ·-

2146 3013 2235 3066 σία
2264 3013 2432 3078 ἐστὶν,
2471 3014 2605 3068 ἀλλὰ
2632 3015 2845 3087 νόσημά
2871 3033 2923 3069 τι
2962 3017 3306 3089 συμϐεϐηκὸς
3342 3022 3471 3090 περὶ
3503 3022 3602 3086 τὰς
3630 3025 3724 3077 οὐι-

2145 3106 2286 3170 σίας,
2308 3105 2602 3175 δυνάμενον
2630 3107 2738 3160 τῶν
2761 3108 2955 3161 οὐσιῶν
2982 3108 3076 3162 καὶ
3101 3110 3206 3163 τῶν
3233 3111 3581 3167 ὑποστάσεων
3613 3133 3722 3184 χω-

2148 3197 2415 3270 ρισθῆναι·
2441 3199 2523 3251 ὅτι
2556 3197 2664 3271 γὰρ
2702 3198 2861 3262 αὐτὸς
2892 3201 2919 3252 6
2943 3199 3218 3264 ἀπατεὼν,
3244 3202 3382 3272 ὅπερ
3412 3204 3548 3267 ἐστὶ,
3578 3204 3723 3258 κατὰ

2144 3289 2347 3343 πτῶσιν
2382 3291 2476 3344 καὶ
2503 3292 2623 3345 κατ’
2648 3290 2866 3362 ὄλεθρον
2890 3291 3144 3361 τυγχάνει
3176 3294 3275 3364 τῆς
3304 3292 3583 3359 πτώσεως,
3624 3296 3722 3348 καὶ

2142 3382 2235 3436 τοῦ
2267 3382 2478 3436 ὀλίσθου
2524 3383 2924 3455 μαρτυροῖρντος
2962 3385 3027 3453 τῇ
3070 3383 3415 3456 ὑπεξαιρέσει
3446 3386 3555 3439 τῶν
3586 3405 3720 3458 προ-

2146 3476 2512 3546 υπηργμένων
2543 3474 2739 3539 καλῶν,
2784 3477 3051 3547 μαρτυρεῖ
3083 3475 3181 3546 μὲν
3197 3477 3419 3541 Ἡσαΐας
3447 3477 3475 3528 6
3506 3479 3720 3550 προφήη

2141 3584 2262 3637 της·
2281 3566 2411 3632 Πῶς
2421 3567 2710 3632 ἐξέπεσεν
2723 3567 2791 3621 ἐκ
2808 3568 2912 3620 τοῦ
2932 3566 3190 3634 θήραν-οῦ
3210 3571 3242 3622 ὁ
3257 3569 3560 3639 ἑωσφόρος
3572 3572 3726 3639 πρωῒ

2141 3659 2522 3721 civ-atellam;
2546 3660 2645 3730 τὴν
2690 3660 2786 3730 μὲν
2815 3660 3021 3713 τοιάνδε
3068 3660 3230 3715 αὑτοῦ
3264 3663 3596 3717 κατάστασιν
3628 3667 3721 3719 ἔκ-

2144 3768 2353 3806 πτωτον
2379 3751 2551 3818 εἰδὼς,
2579 3753 2676 3823 τὴν
2696 3753 2752 3807 δὲ
2774 3753 3013 3807 παλαιὰν
3040 3753 3190 3808 θείαν
3210 3757 3303 3809 καὶ
3324 3756 3720 3829 διαυγεστάτην

2141 3844 2531 3915 τυγχάνουσαν
2567 3849 2831 3917 μαρτυρεί
2856 3846 2911 3899 δὲ
2942 3848 3037 3901 καὶ
3064 3850 3092 3900 6
3127 3849 3319 3920 Σωτὴρ
3350 3852 3407 3902 ὲν
3434 3850 3510 3921 τῷ
3540 3852 3720 3921 Εὐαγ-

2141 3934 2328 4006 γελίῳ,
2361 3934 2552 4005 λέγων·
2600 3936 2745 3990 Ἰδοὺ
2783 3936 2898 4005 ὁρῶ
2924 3938 3030 3991 τὸν
3062 3938 3337 3993 Σατανᾶν
3366 3940 3447 4007 ὡς
3492 3942 3717 4011 ἀστρα-

2141 4027 2269 4096 πὴν
2301 4029 2567 4081 πεσόντα
2597 4029 2666 4081 ἐκ
2696 4029 2803 4083 τοῦ
2828 4032 3106 4098 οὐρανοῦ.
3145 4034 3208 4086 Εἰ
3239 4033 3295 4087 δὲ
3319 4033 3490 4099 οὕτως
3522 4037 3722 4105 ἐπεφύ-

2142 4135 2247 4183 κει,
2274 4119 2366 4172 καὶ
2392 4117 2564 4182 οὕτως
2589 4115 2678 4190 ἦν,
2720 4119 2821 4173 οὐκ
2850 4119 2915 4174 ἂν
2946 4121 3019 4193 τιὴ
3051 4123 3148 4193 μὲν
3179 4123 3403 4188 πτῶσις,
3443 4127 3518 4197 πὴ
3552 4127 3607 4180 δὲ
3635 4129 3720 4183 ἕκ-

2142 4227 2347 4273 πτωσις
2378 4211 2642 4265 ἐκαλεῖτοο
2676 4212 2738 4265 τὸ
2777 4213 2885 4284 γὰρ
2932 4219 3128 4269 πῖπτον
3159 4217 3266 4270 ἀπό
3296 4235 3442 4282 τινος
3475 4222 3719 4285 στάσεως

2140 4302 2351 4356 πίπτει’
2398 4304 2459 4358 τὸ
2503 4304 2561 4357 δὲ
2608 4307 2872 4359 ἐκπῖπτον
2924 4307 3031 4361 ἀπό
3074 4326 3219 4372 τινος
3259 4312 3579 4381 περιουσίας
3620 4316 3718 4367 ὲκ·-

2140 4395 2340 4450 ϐαίνει.

539 4486 595 4540 Si
624 4484 940 4538 nominatur
957 4482 1012 4536 in
1034 4483 1102 4537 iis
1125 4483 1215 4552 qui
1239 4482 1576 4545 ceciderunt,
1603 4489 1720 4535 erat
1745 4482 2039 4552 aliquando

2213 4489 2276 4542 Εί
2304 4489 2361 4541 δὲ
2391 4489 2449 4541 ὲν
2486 4488 2709 4543 πεσοῦσι
2752 4488 2986 4557 λέγεται,
3014 4486 3082 4563 ἦν
3128 4510 3259 4547 ποτε
3307 4496 3367 4549 ἐν
3409 4497 3594 4551 στάσει
3621 4501 3719 4553 καὶ

468 4578 524 4632 in
557 4584 701 4631 statu
733 4581 788 4630 et
817 4573 1113 4628 stabilitate
1144 4574 1226 4629 :si
1270 4582 1450 4628 autem
1500 4573 1556 4626 in
1597 4573 1665 4628 iis
1690 4575 1782 4643 qui
1815 4574 2047 4631 decide-’

468 4677 617 4731 runt,
645 4672 961 4729 accusatur,
1001 4680 1109 4720 non
1136 4676 1256 4720 erat
1282 4666 1462 4735 inops,
1490 4680 1601 4719 non
1646 4675 1765 4721 erat
1788 4667 1906 4721 Irus
1948 4668 2039 4721 ali-

464 4760 706 4833 quando,
738 4774 863 4814 cum
907 4757 1157 4813 aﬂluebat
1185 4758 1346 4813 bonis
1382 4758 1635 4827 copiose;
1683 4759 1882 4829 quibus
1912 4777 2040 4830 pro-

465 4862 586 4924 pter
619 4850 870 4906 morbum
906 4850 1144 4920 aliquem
1179 4850 1446 4919 privatus,
1480 4850 1534 4903 in
1582 4850 1649 4905 iis
1693 4852 1785 4921 qui
1822 4853 2039 4908 cecide-

464 4953 615 5010 runt,
645 4950 969 4998 numeratur
1003 4949 1057 4996 et
1091 4941 1341 5007 habetur.
1377 4939 1522 4996 Sane
1551 4943 1770 5012 quidem
1812 4943 2038 4999 allluen-

384 5094 395 5105 ,
465 5042 597 5094 tiam
642 5039 762 5109 ejus
814 5036 1099 5107 Scriptura
1143 5036 1454 5093 fateturzsi
1484 5037 1630 5092 enim
1677 5037 1732 5089 in
1780 5052 1846 5091 eo
1893 5037 2037 5107 quod

467 5135 569 5202 ait,
617 5133 890 5203 Quomodo
942 5133 1127 5187 cecidit
1184 5133 1408 5203 lucifer?
1454 5148 1653 5189 nomen
1701 5133 1915 5188 luciferi
1957 5133 2040 5189 af-

465 5228 689 5284 ﬂuentia
724 5237 862 5292 erat,
897 5233 951 5281 et
982 5226 1074 5297 qui
1109 5234 1227 5280 erat
1258 5224 1450 5280 lucifer
1486 5226 1662 5296 ipsam
1705 5225 1917 5281 luciferi
1960 5226 2040 5282 ef-

467 5318 755 5376 fectionem
778 5326 831 5374 et
853 5317 982 5383 vim,
1008 5325 1062 5374 et
1079 5317 1426 5384 allluentiam,
1444 5325 1498 5372 ct
1520 5317 1920 5388 possessionem
1940 5318 2039 5373 ha-

466 5411 658 5479 bebat;
691 5418 747 5465 et
777 5410 845 5465 ab
881 5411 986 5466 hac
1022 5426 1148 5466 cum
1185 5411 1412 5478 decidit,
1444 5412 1546 5466 hac
1598 5411 1776 5466 factus
1818 5418 1903 5465 est
1949 5427 2040 5465 va-

463 5504 824 5573 cuuszinops
860 5503 1077 5573 quidem
1129 5514 1214 5560 est
1246 5505 1395 5560 illius
1446 5503 1733 5560 amuentim
1779 5504 2035 5570 luciferi,

465 5605 689 5666 vagatur
714 5596 1019 5664 mendicus,
1049 5603 1104 5653 et
1135 5604 1221 5652 est
1254 5612 1392 5666 pene
1419 5596 1560 5665 irus,
1590 5608 1643 5655 et
1674 5597 1731 5653 in
1760 5611 1949 5655 casum
1974 5612 2038 5654 ac

446 5853 450 5855 Δ
536 5752 681 5823 ’lsa.
711 5783 820 5836 xvr,
854 5768 942 5825 l2.
1004 5772 1058 5822 .¹⁰
1089 5771 1221 5829 Luc.
1260 5788 1313 5839 ι,
1351 5774 1417 5829 l8

2139 4581 2442 4654 ἐδραιότητι
2473 4585 2780 4654 τυγχάνωνο
2813 4586 2861 4637 εί
2892 4584 2947 4637 δὲ
2986 4586 3079 4638 καὶ
3113 4589 3170 4640 ἐν
3200 4591 3311 4651 τοῖς
3337 4591 3720 4645 ἐκπεπτωκόσι

2137 4674 2542 4744 κατηγορεῖται,
2587 4674 2648 4727 οὐ
2688 4673 2854 4744 πένης
2877 4670 2966 4746 ἦν,
3001 4677 3102 4730 οὐκ
3130 4674 3277 4750 Ἶρος
3316 4674 3383 4752 ἦν
3433 4698 3582 4747 ποτε,
3626 4682 3717 4735 ὅτε

2138 4767 2338 4837 πολλὴν
2379 4769 2691 4838 περιουσίαν
2731 4764 2897 4839 εἶχεν,
2924 4768 3060 4823 ἀλλὰ
3091 4771 3179 4824 διά
3204 4789 3324 4825 τινα
3346 4773 3499 4826 νόσον
3528 4774 3720 4848 στέρη-

2138 4876 2223 4911 σιν
2251 4860 2463 4930 ἐκείνης
2489 4860 2589 4930 τῆς
2618 4860 2935 4931 περιουσίας
2966 4862 3280 4932 ὑπομείνας,
3314 4865 3371 4916 ὲν
3403 4866 3718 4920 πεπτωκόσι

2137 4951 2399 5022 κρίνεται.
2446 4952 2658 5021 Ἀμέλει
2688 4953 2782 5005 καὶ
2809 4951 2904 5023 τὴν
2934 4954 3252 5023 περιουσίαν
3280 4956 3313 5025 ή
3355 4956 3546 5028 Γραφὴ
3582 4959 3717 5027 όμο-

2135 5043 2301 5113 λογεῖ.
2338 5046 2400 5098 Εἰ
2423 5044 2550 5113 γὰρ,
2581 5043 2713 5109 Πῶς
2751 5044 3043 5108 ἐξέπεσεν
3069 5049 3100 5099 ό
3124 5047 3464 5114 ἐωσφόρος;
3493 5050 3586 5102 καὶ
3616 5067 3717 5102 πε-

2141 5135 2349 5206 ριουσία
2374 5130 2441 5205 ἦν
2463 5135 2522 5188 τὸ
2545 5135 2737 5205 δνομα,
2766 5135 2859 5188 καὶ
2893 5136 3167 5207 ἑωσφόρος
3192 5135 3266 5189 ῶν
3296 5138 3464 5209 αὐτὴν
3491 5140 3592 5209 τὴν
3619 5139 3716 5193 τοῦ

2136 5227 2413 5298 ἐωσφόρου
2439 5228 2743 5298 ἐνέργειαν,
2766 5228 2860 5280 καὶ
2879 5227 3126 5298 δύναμιν,
3144 5229 3238 5282 καὶ
3259 5232 3596 5300 περιουσίαν,
3621 5232 3718 5285 καὶ

2135 5323 2326 5393 κτῆσιν
2361 5319 2493 5391 εἶχε,
2524 5322 2618 5375 καὶ
2646 5320 2850 5390 ταύτης
2878 5320 3149 5383 ἐκπεσὼν,
3170 5321 3375 5392 ταύτης
3409 5324 3601 5393 γέγονε
3623 5342 3717 5380 κε..

2135 5410 2253 5473 νός·
2285 5409 2569 5480 πενητεύει
2611 5410 2708 5481 μὲν
2746 5411 2803 5462 ὲν
2832 5412 2898 5481 τῇ
2942 5411 3229 5482 περιουσίᾳ
3258 5411 3352 5466 τοῦ
3407 5414 3714 5487 ἑωσφόρον,

2135 5500 2387 5573 ἀληθεύει
2417 5502 2473 5554 δὲ
2498 5503 2592 5555 καὶ
2629 5503 2925 5556 κινδυνεύει
2947 5500 3095 5573 Ἶρος
3133 5502 3209 5556 ὢν
3239 5506 3332 5558 καὶ
3363 5504 3642 5571 ἔκπτωτος
3683 5508 3714 5560 6

2137 5593 2303 5648 πάλαι
2332 5592 2529 5666 πολλὴν
2562 5594 2873 5665 περιουσίαν
2897 5594 3054 5667 ἔχων
3097 5597 3146 5648 εί
3184 5596 3239 5650 δὲ
3272 5597 3411 5668 κατὰ
3442 5598 3501 5652 τὸ
3529 5598 3711 5668 Εὐαγ-
