4100 6414
410 397 549 456 1119

1485 388 1853 446 ADVERSUS
1891 385 2320 444 MANICHEOS
2360 384 2488 439 LIB.
2528 385 2573 439 ι.

3547 387 3684 441 Ηῧο

408 517 590 590 γέλιον
612 515 722 569 τῶν
743 513 1052 572 πιπτόντων
1070 514 1188 568 ἐστι⁸
1213 514 1308 569 καὶ
1332 514 1508 585 χαμαὶ
1524 513 1792 585 κειμένων
1818 512 1998 566 κυλιν-

2103 509 2312 564 ruinam
2344 507 2529 569 datus,
2565 504 2662 574 qui
2696 504 2825 558 olim
2858 504 3011 560 valde
3036 505 3296 575 copiosus
3324 516 3460 561 erat.
3499 506 3556 562 Si
3584 524 3685 564 au-

407 610 707 682 ὃουμένων,
723 609 910 662 λοιπὸν
929 609 987 662 ἐν
1008 606 1087 679 τῷ
1106 608 1293 676 ἐδάφει
1315 608 1557 679 εἱστήκει
1572 606 1721 670 ποτὲ,
1747 606 1841 660 καὶ
1868 605 1994 675 ἡδύ-

410 720 538 759 νατο
556 701 755 770 λέγειν·
772 698 1054 766 Ἐστῶτες
1088 694 1254 769 ἦσαν
1286 701 1340 753 oi
1370 697 1552 763 πόδες
1580 695 1748 766 ἡμῶν
1770 694 1840 750 ἐν
1866 694 1997 761 ταῖς

410 795 627 862 αὐλαῖς
657 809 798 858 σου,
840 791 1264 862 Ἰερουσαλήμ·
1296 791 1526 862 ἠδύνατο
1554 787 1996 857 ἀκούειν·Στῆτε

411 887 874 958 περιζωσάμενοι
902 888 1011 953 τὰς
1045 886 1280 955 ὀσφύας
1313 882 1481 954 ὑμῶν
1504 884 1573 937 ἐν
1599 882 1869 951 ἀληθείᾳ·
1903 882 1997 935 καὶ

411 981 711 1051 δυνάμενος
731 978 824 1033 τοῦ
852 980 1090 1042 ἀκούειν,
1123 979 1223 1031 οὐκ
1255 976 1590 1047 ἠσφαλίσατο
1617 976 1677 1028 τὸ
1709 974 1996 1045 εἰρημένον

414 1071 614 1138 λόγιον·
670 1070 734 1123 '0
764 1067 961 1122 δοκῶν
1007 1066 1255 1122 ἑστάναι
1278 1065 1555 1131 βλεπέτω
1570 1064 1657 1135 μὴ
1687 1064 1866 1134 πέσῃ·
1903 1065 1998 1117 καὶ

418 1162 686 1234 μηδεμίαν
732 1162 867 1232 πρὸς
898 1161 960 1214 τὸ
990 1160 1228 1214 τοιοῦτον
1269 1158 1636 1230 πεποιημένος
1674 1157 1993 1226 ἀσφάλειαν,

414 1256 476 1308 ἐν
506 1257 619 1317 τοῖς
640 1252 902 1316 τοιούτοις
926 1253 1163 1323 σήμερον
1183 1250 1508 1305 κυλινδεῖται
1529 1266 1543 1279 ·
1572 1249 1634 1302 τὸ
1664 1249 1773 1321 γὰρ
1801 1249 1889 1303 ἀεὶ
1910 1264 2001 1318 χα-

419 1345 518 1416 μαὶ
550 1345 821 1415 κείμενον,
851 1345 951 1398 οὐκ
985 1344 1052 1398 ἂν
1077 1343 1250 1417 πέσῃ·
1284 1346 1458 1396 κεῖται
1484 1341 1592 1414 γὰρ
1630 1341 1826 1412 χαμαί·
1857 1340 1918 1392 τὸ
1942 1338 2000 1393 δὲ

415 1435 703 1500 πεπτωκὸς
726 1435 820 1490 καὶ
831 1436 1005 1506 χαμαὶ
1019 1434 1261 1504 γεγονὸς,
1284 1433 1393 1488 ἀπὸ
1414 1433 1718 1504 ἑστηκότων
1742 1433 1833 1485 καὶ
1852 1434 2002 1502 ἠρει-

419 1522 633 1593 σμένων
650 1522 946 1593 παρέλκον,
969 1523 1062 1574 ἐπὶ
1077 1522 1138 1576 τὸ
1157 1526 1345 1576 πεσεῖν
1371 1522 1654 1576 ἐλεύσεται
1669 1537 1682 1550 ·
1710 1523 1806 1576 καὶ
1824 1520 1886 1575 τὺ
1914 1521 2002 1573 ἀεὶ

421 1613 717 1684 πενητεῦον
746 1615 843 1668 καὶ
861 1614 1118 1669 οὐδέποτε
1140 1615 1360 1686 εἰληφὸς
1388 1616 1643 1686 οὐδεμίαν
1660 1614 1999 1687 περιουσίαν,

415 1702 672 1756 οὐδέποτε
697 1706 1032 1757 ἐκπεσεῖται·
1057 1706 1144 1759 ἀεὶ
1171 1706 1281 1778 γὰρ
1300 1706 1451 1760 οὐδὲν
1478 1706 1609 1777 ἔχει,
1638 1707 1733 1760 καὶ
1758 1706 1818 1759 οὐ
1841 1704 2001 1760 δύνα-

2100 610 2207 656 tem
2246 598 2548 655 secundum
2592 595 2949 665 Evangelium
2995 613 3061 652 ex
3089 613 3279 653 eorum
3313 614 3544 654 numero
3577 609 3684 664 est,

2099 693 2191 762 qui
2223 690 2446 754 cadunt,
2465 699 2519 744 et
2546 686 2696 741 humi
2722 686 2930 755 jacent,
2951 695 3004 743 et
3035 696 3252 759 poterat
3280 690 3496 745 dicere:
3524 689 3685 746 Stan-

2102 790 2175 834 tes
2207 788 2359 834 erant
2388 778 2541 849 pedes
2577 777 2751 830 nostri
2789 777 2843 828 in
2889 779 3044 831 atriis
3085 780 3210 843 tuis,
3254 777 3555 835 Jerusalem
3597 782 3638 813 ¹¹
3670 801 3682 837 :

2099 880 2314 943 poterat
2344 871 2535 925 audire
2570 870 2704 925 illud
2741 869 2929 924 :State
2961 871 3213 925 succincti
3247 872 3450 928 lumbos
3487 884 3685 929 vestros

2099 967 2154 1019 in
2196 966 2415 1019 veritate
2446 965 2488 995 ¹²
2517 982 2530 1019 :
2564 973 2619 1019 et
2662 978 2789 1017 eum
2824 971 3010 1033 posset
3056 962 3160 1017 hoc
3194 965 3405 1031 audire,
3438 967 3688 1021 adhibuut

2100 1055 2169 1110 ad
2221 1056 2533 1111 cautionem
2582 1062 2636 1108 et
2680 1056 2991 1109 ﬁrmitatem
3045 1053 3191 1124 quod
3232 1054 3306 1108 ait
3369 1054 3684 1127 Scriptura,

2102 1147 2208 1213 Qui
2239 1156 2368 1211 stat,
2398 1147 2572 1201 videat
2602 1163 2665 1200 ne
2705 1145 2863 1199 cadat
2895 1146 2938 1176 ”
2965 1165 2978 1200 :
3004 1154 3058 1201 et
3087 1161 3212 1200 cum
3242 1147 3381 1201 nihil
3422 1150 3688 1204 nmnierit

2103 1248 2295 1296 contra
2323 1241 2451 1307 hoc,
2480 1241 2536 1295 in
2583 1240 2787 1294 talibus
2832 1239 2995 1295 hodie
3026 1241 3256 1295 vertitur
3305 1257 3371 1296 ac
3409 1242 3685 1310 volvitur;

2103 1332 2250 1404 quod
2300 1332 2447 1387 enim
2489 1346 2707 1402 semper
2750 1330 2907 1384 humi
2937 1329 3107 1401 jacet,
3158 1347 3441 1402 nunquam
3490 1333 3686 1402 cadet;

2098 1426 2245 1496 jacet
2265 1425 2411 1480 enim
2439 1425 2590 1479 humi
2620 1443 2634 1479 :
2659 1424 2806 1494 quod
2834 1433 3015 1479 autem
3050 1424 3271 1489 cecidit,
3303 1434 3359 1480 et
3392 1434 3478 1480 est
3508 1426 3685 1489 humi,

2103 1534 2214 1572 non
2243 1517 2493 1572 deveniet
2522 1517 2591 1571 ab
2623 1517 2901 1572 stantibus
2927 1525 2981 1570 et
3012 1516 3213 1570 erectis
3241 1515 3308 1569 ad
3338 1516 3684 1584 cadendum;

2102 1619 2157 1666 et
2186 1611 2330 1681 quod
2378 1625 2594 1681 semper
2620 1618 2706 1666 est
2743 1610 2798 1664 in
2827 1609 3034 1680 inopia,
3069 1617 3124 1663 et
3173 1624 3454 1679 nunquam
3488 1610 3689 1665 accidit

2104 1713 2164 1759 ut
2192 1704 2398 1769 allluat,
2430 1712 2711 1774 nunquam
2744 1703 2937 1769 cadet;
2982 1717 3199 1772 semper
3243 1704 3389 1758 enim
3428 1703 3565 1757 nihil
3599 1703 3691 1769 ba-

417 1809 506 1847 ται
533 1794 809 1859 ἐκπεσεῖν,
830 1795 982 1849 οὐδὲν
1002 1795 1259 1851 οὐδέποτε
1282 1798 1534 1869 ἐσχηκός·
1565 1798 1625 1852 τὸ
1650 1797 1705 1851 δὲ
1731 1796 2002 1852 ἔκπτωσιν

2103 1797 2215 1861 bet,
2245 1806 2299 1851 et
2323 1795 2522 1851 cadere
2568 1810 2679 1850 non
2716 1802 2918 1865 potest,
2971 1794 3117 1865 quod
3150 1794 3287 1849 nihil
3317 1810 3557 1865 unquam
3589 1795 3688 1849 ba-

416 1887 743 1959 ὑπομεῖναν,
775 1888 870 1941 καὶ
902 1886 1168 1952 πεπονθὸς
1199 1887 1307 1943 ἀπὸ
1336 1888 1539 1959 πολλῆς
1565 1889 1880 1960 περιουσίας
1909 1889 2004 1942 καὶ

2106 1884 2243 1939 buit.
2276 1882 2434 1950 Quod
2457 1899 2647 1941 casum
2689 1891 2744 1940 et
2776 1884 2994 1938 ruinam
3038 1885 3224 1948 sentit,
3259 1892 3479 1957 propter
3507 1885 3687 1941 abun-

416 1976 705 2050 ὑπάρξεως
729 1977 1007 2049 τυγχάνει.
1036 1978 1145 2032 Καὶ
1175 1977 1414 2044 τοιοῦτος
1444 1978 1546 2051 μὲν
1565 1980 1594 2033 ὁ
1621 1978 1833 2051 πρῶτος
1848 1978 1999 2048 ἐλεγ-

2104 1977 2348 2031 dantiam
2395 1984 2452 2033 et
2497 1992 2614 2032 rem
2647 1977 2908 2033 amissam
2948 1976 3137 2032 sentit.
3166 1976 3247 2032 Ac
3279 1979 3418 2032 ratio
3463 1978 3685 2049 quidem

410 2084 532 2137 χος.
2104 2070 2282 2142 prima
2308 2070 2622 2141 opinionem
2653 2070 2820 2125 istam
2853 2068 3217 2126 convincendi
3252 2070 3381 2125 talis
3408 2079 3514 2127 est.

1317 2246 1451 2304 CAP.
1484 2244 1727 2300 XXXVI.
1763 2243 2013 2300 Patibilis
2042 2245 2186 2303 Deus
2211 2246 2500 2303 secundum
2527 2246 2877 2305 Hanichwos.

514 2410 641 2466 Λλλ’
687 2412 874 2486 ἐπειδὴ
924 2431 1086 2483 φασιν
1112 2430 1125 2445 ·
1148 2416 1271 2470 Ἔτι
1319 2416 1588 2488 προϊοῦσα
1618 2418 1652 2488 ἡ
1684 2418 1875 2482 κακία,
1908 2433 2003 2472 και

416 2505 616 2574 ἑαυτὴν
649 2505 1063 2572 κατατείνουσα,
1093 2508 1187 2561 καὶ
1226 2509 1492 2581 γενομένη
1538 2511 1675 2582 πρὸς
1716 2509 1795 2582 τῷ
1840 2512 1999 2581 φωτὶ,

414 2598 668 2668 ἥρπασεν
700 2597 809 2652 ἀπὸ
849 2597 943 2651 τοῦ
980 2599 1177 2668 φωτὸς,
1205 2600 1301 2654 καὶ
1335 2601 1591 2655 κατέπιεν
1615 2602 1722 2656 ἀπὸ
1760 2602 1853 2655 τοῦ
1891 2620 2005 2672 cptu-

416 2690 539 2754 τός·
577 2689 708 2762 φέρε
745 2689 843 2761 τὴν
883 2691 1200 2762 πρεσϐείαν,
1233 2694 1300 2765 ἦν
1330 2693 1471 2765 ὑπὲρ
1504 2693 1598 2747 τοῦ
1635 2695 1873 2768 πονηροῦ
1901 2713 2001 2749 πε-

416 2783 671 2854 ποίηνται
711 2781 852 2835 κατά
871 2784 968 2853 τῆς
1004 2783 1281 2855 ἀληθείας,
1312 2784 1612 2839 καταλῦσαι
1641 2785 1714 2858 μὴ
1737 2804 2005 2859 παραιτη-

420 2871 645 2945 σώμεθα
667 2889 679 2901 ·
724 2872 1012 2943 ἐπαίρουσι
1062 2874 1171 2945 γὰρ
1208 2873 1287 2945 τῷ
1328 2874 1472 2946 λόγῳ
1512 2859 1685 2945 τούτῳ
1712 2873 1808 2945 τὴν
1840 2891 2004 2945 πονη-

419 2966 568 3037 ρίαν,
614 2965 948 3029 εὐτελίζουσι
978 2966 1035 3019 δὲ
1065 2966 1164 3039 τὴν
1198 2966 1487 3037 ἀλήθειαν·
1534 2967 1630 3020 καὶ
1677 2965 1849 3038 νεῦρα¹
1903 2965 2003 3037 μὲν

415 3056 623 3111 διδόασι
661 3059 726 3127 τῇ
772 3056 1027 3128 πονηρίᾳ,
1059 3056 1286 3130 ἀνευρον
1310 3057 1368 3112 δὲ
1394 3057 1492 3129 τὴν
1530 3056 1787 3128 ἀλήθειαν
1816 3057 2003 3110 ὑποτί-

420 3150 629 3204 θενται.
665 3150 727 3203 Εἰ
775 3150 887 3221 γὰρ
927 3151 961 3221 ἡ
1008 3150 1104 3222 μὲν
1137 3149 1372 3220 πονηρία
1427 3151 1668 3220 ἥρπασε,
1702 3148 1761 3201 τὸ
1791 3147 1849 3201 δὲ
1887 3145 2004 3218 φῶς

416 3244 722 3315 ἥρπασται,
752 3243 847 3296 καὶ
875 3242 1254 3314 ἁρπαζόμενον
1282 3241 1508 3313 ἔπασχε,
1537 3241 1630 3294 καὶ
1652 3241 1860 3311 πάσχον
1903 3257 2002 3294 πα-

2173 2414 2280 2472 Sed
2321 2413 2450 2486 quia
2501 2414 2692 2470 dicunt
2733 2411 2884 2485 quod
2936 2412 3183 2483 nequitia
3228 2410 3407 2467 adhuc
3459 2427 3684 2484 progre-

2102 2507 2280 2573 diens,
2315 2522 2379 2561 ac
2410 2522 2469 2563 se
2498 2507 2673 2576 ipsam
2698 2506 2989 2561 intendens
3020 2522 3085 2561 ac
3115 2506 3381 2561 roborans
3409 2515 3464 2560 et
3492 2506 3686 2560 lumini

2103 2599 2571 2669 appropinquans,
2604 2599 2788 2668 rapuit
2820 2612 2887 2653 ex
2912 2613 2979 2652 eo
3026 2607 3081 2653 et
3113 2597 3436 2665 absorbuit;
3470 2612 3570 2668 age
3610 2597 3685 2653 le-

2104 2691 2374 2758 gationem
2409 2705 2571 2760 quam
2623 2705 2722 2760 pro
2753 2689 2973 2745 diabolo
3003 2698 3197 2745 contra
3233 2692 3512 2746 veritatem
3563 2706 3686 2745 sus-

2102 2785 2401 2849 ceperunt,
2463 2779 2766 2834 dissolvere
2842 2795 2911 2834 ne
2961 2778 3309 2849 defugiamus
3354 2797 3367 2833 :
3417 2778 3686 2833 extollunt

2102 2875 2251 2930 enim
2291 2874 2379 2931 his
2422 2875 2606 2932 verbis
2647 2876 2886 2941 malum,
2920 2882 3221 2930 extenuant
3264 2882 3445 2930 autem
3487 2875 3689 2931 verita-

2104 2968 2239 3025 tem,
2282 2967 2336 3016 et
2369 2976 2567 3017 nervos
2612 2962 2866 3017 tribuunt
2900 2964 3194 3033 nequitiac;
3224 2964 3511 3019 veritatem
3558 2979 3690 3020 vero

2105 3053 2225 3110 sine
2259 3056 2444 3110 nervis
2475 3065 2709 3126 ponunt.
2745 3055 2957 3112 Etenim
3007 3057 3053 3112 si
3083 3055 3326 3126 nequitia
3370 3056 3574 3126 rapuit,
3606 3057 3691 3111 lu-

2104 3163 2230 3203 men
2257 3162 2389 3204 vero
2426 3159 2643 3218 raptum
2680 3156 2791 3214 est,
2839 3149 3060 3219 etquod
3090 3149 3498 3205 dominaturum
3547 3157 3686 3212 erat,

2107 3236 2349 3306 patitur;
2381 3244 2436 3292 et
2466 3239 2610 3308 quod
2636 3239 2864 3309 patitur,
2903 3239 3129 3308 patibile
3162 3248 3277 3306 est;
3312 3240 3554 3310 patibilis
3584 3241 3680 3311 igi-

418 3335 584 3406 θητδν
625 3332 723 3407 ἦν·
782 3334 1021 3406 παθητὸς
1075 3335 1172 3407 μὲν
1205 3333 1325 3388 κατ’
1353 3334 1550 3397 αὐτοὺς
1607 3334 1636 3386 ὁ
1672 3332 1824 3397 Θεὸς,
1863 3333 2005 3386 ἀπα-

2109 3338 2197 3383 tur
2226 3329 2469 3399 ipsorum
2494 3330 2751 3400 opinione
2783 3330 2928 3386 Deus
2944 3338 3062 3386 est:
3087 3330 3320 3386 Satanas
3344 3348 3475 3387 vero
3493 3348 3688 3402 expers

422 3426 524 3498 θὴς
554 3426 613 3481 δὲ
646 3428 677 3480 ό
709 3427 989 3490 Σατανᾶς·
1030 3428 1058 3479 ὁ
1108 3426 1206 3498 μὲν
1249 3426 1546 3496 δυνάμενος
1606 3423 1825 3489 παθεῖν,
1868 3426 1897 3478 ὁ
1945 3422 2002 3476 δέ

419 3518 719 3590 δυνάμενος
737 3518 956 3590 δρᾶσαι.
973 3516 1080 3571 Τοῦ
1104 3517 1213 3590 γὰρ
1243 3517 1420 3588 φωτὸς
1442 3517 1594 3580 ὄντος
1620 3514 1889 3588 παθητοῢ,
1913 3515 2006 3569 κα)⁸

418 3610 582 3674 αὐτὸς
613 3611 680 3664 ἂν
709 3611 794 3681 εἴη
827 3609 1085 3679 παθητὸς,
1121 3610 1219 3680 οὐχ
1253 3609 1439 3682 ἕτερος
1469 3607 1545 3664 ὢν
1584 3609 1733 3680 παρὰ
1763 3608 1825 3660 τὸ
1855 3607 2001 3676 φῶς·

417 3704 536 3771 είγε
559 3701 796 3773 ἠδυνήθη
823 3700 1035 3765 παθεῖν,
1065 3701 1159 3755 καὶ
1200 3700 1392 3755 παθεῖν
1426 3699 1500 3772 μὴ
1523 3700 1616 3769 ἀφ’
1640 3697 1856 3763 ἐαυτοῦ,
1887 3695 2003 3751 ἀλλ’

418 3797 529 3851 ὕπὸ
557 3796 650 3850 τοῦ
674 3795 933 3867 πολεμίου
966 3796 1059 3850 καὶ
1088 3794 1393 3866 μαχομένου
1410 3809 1424 3824 ·
1459 3794 1553 3847 καὶ
1580 3791 1880 3863 ἀποστῆναι
1906 3790 2003 3862 μὲν

424 3887 641 3955 ἐαυτοῦ,
670 3887 923 3957 γενέσθαι
952 3887 1009 3941 δὲ
1040 3887 1175 3959 πρὸς
1201 3885 1280 3957 τῷ
1300 3885 1526 3957 χείρονι·
1552 3884 1670 3949 πῶς
1700 3884 1757 3937 δὲ
1782 3881 2004 3937 καὶτῶν

426 3982 573 4037 ἰδίων
601 3979 952 4052 κεχώρισται,
974 3981 1002 4033 ό
1027 3978 1125 4050 τὴν
1140 3977 1402 4049 ἑνωτικὴν
1430 3977 1590 4047 φύσιν
1614 3976 1782 4047 ἑχων;
1807 3974 1875 4029 τὰ
1894 3974 2004 4046 γὰρ

423 4075 566 4130 κατὰ
593 4074 754 4144 φύσιν
777 4072 1061 4142 πεφυκότα
1082 4070 1407 4144 χωρίζεσθαι
1428 4069 1635 4124 ἑαυτῶν
1662 4070 1722 4123 ού
1741 4069 1999 4138 πέφυκεν.

421 4167 485 4219 Εἰ
518 4164 576 4218 δέ
598 4163 891 4234 ἀγέννητον
918 4158 987 4235 ἦν
1027 4162 1089 4216 τὸ
1127 4161 1242 4232 φῶς
1269 4161 1364 4215 καὶ
1399 4162 1574 4233 ἦνωτο
1597 4158 1676 4231 τῷ
1703 4159 2002 4231 ἀγεννήτῳ,

420 4258 541 4322 πῶς
569 4274 700 4312 ποτε
739 4255 1073 4328 χωρισθῆναι
1104 4254 1419 4326 δεδύνηται·
1457 4252 1573 4318 πῶς
1597 4253 1655 4307 δὲ
1687 4251 2004 4321 ἀπαλλαγῆ-

418 4369 510 4406 ναι
544 4346 759 4414 ἑαυτοῦ,
790 4350 885 4403 καὶ
920 4347 1176 4417 γενέσθαι
1207 4346 1394 4419 ἕτερον
1423 4348 1552 4418 παρ’
1582 4345 1775 4411 ἐαυτό;
1810 4346 1858 4398 εί
1894 4343 2003 4413 γὰρ

419 4442 737 4518 ὑπηρέτησε
769 4438 1012 4512 πονηρῷ,
1052 4439 1148 4497 καὶ
1183 4438 1539 4509 βεϐιασμένον
1566 4437 1673 4491 ὑπὸ
1709 4436 1809 4507 τῆς
1836 4452 2003 4505 πον-η-

421 4536 566 4612 ρίας,
598 4534 783 4589 λοιπὸν
829 4532 899 4585 τὰ
953 4532 1217 4603 πονηρίας
1268 4532 1470 4603 ᾑρεῖτο,
1506 4529 1600 4582 καὶ
1655 4527 1892 4595 ἔπραττε
1936 4524 2004 4577 τὰ

418 4626 719 4699 πονηρίας·
766 4624 863 4678 καὶ
906 4623 1092 4695 ἠγνόει
1131 4622 1230 4694 μὲν
1281 4621 1463 4682 ἑαυτὸ,
1495 4621 1588 4674 καὶ
1623 4617 1807 4672 οὐκέτι
1842 4614 2003 4668 ἑαυτὸ

417 4688 713 4789 ἐγνώριζεν
731 4757 743 4779 ,
789 4714 903 4769 ἀλλ’
928 4688 1232 4785 ’ἐίπιλῆσμον
1259 4711 1453 4768 ἑαυτοῦ
1485 4710 1753 4780 ἐγεγόνει·
1781 4705 1917 4779 ᾤετο
1942 4704 1999 4758 δὲ
2034 4688 2076 4741 Ῑ)

418 4810 582 4866 ἑαυτὸ
603 4807 843 4884 τοιοῦτον
874 4802 1012 4861 εἶναι
1033 4801 1144 4862 οἷόν
1167 4806 1282 4859 ἐστι
1318 4804 1410 4858 καὶ
1442 4804 1503 4856 τὸ
1528 4803 1762 4874 πονηρόν
1781 4819 1794 4832 ·
1832 4800 2001 4872 μαχό-

420 4919 581 4975 μενος
638 4901 936 4972 φανήσεται
981 4901 1010 4952 ό
1050 4898 1233 4967 λόγος·
1288 4896 1348 4949 τὸ
1392 4896 1501 4968 γὰρ
1539 4895 1830 4966 ἀγέννητον
1876 4890 2000 4946 οὔτε

418 4996 580 5052 ἑαυτὸ
630 4995 833 5064 ἀγνοεῖ,
882 4991 1005 5047 οὔτε
1049 4990 1201 5046 ἔσται
1232 4990 1416 5062 ἓτερον
1464 4989 1592 5060 παρ’
1626 4986 1822 5041 ἐαυτό·
1864 4983 2000 5038 ἀλλά

417 5089 658 5142 τοιοῦτον
708 5087 974 5156 διαμένει,
1023 5080 1133 5139 οἷον
1178 5079 1276 5156 ἦν·
1343 5084 1433 5137 καὶ
1496 5081 1749 5135 οὐδέποτε
1806 5076 1996 5130 ἐαυτοῦ

418 5179 882 5253 ἀπαλλαγήσεται,
913 5177 1169 5231 οὐδέποτε
1196 5175 1287 5230 τοῦ
1320 5172 1459 5229 εἶναι
1493 5173 1817 5246 ἀρξάμενον.

2108 3429 2318 3475 naturae
2351 3421 2628 3497 patibilis;
2665 3421 2757 3476 ille
2782 3420 3001 3492 quidem
3032 3422 3175 3477 male
3198 3422 3334 3477 allici
3369 3432 3571 3493 potest,
3597 3425 3687 3480 hic

2106 3528 2238 3568 vero
2277 3515 2419 3569 male
2451 3512 2686 3568 allicere.
2725 3512 2785 3568 Si
2823 3515 2968 3569 enim
3009 3515 3193 3569 lumen
3236 3515 3461 3585 patibile
3491 3524 3596 3583 est,
3634 3527 3688 3573 et

2108 3606 2225 3677 ipse
2272 3604 2416 3661 Deus
2459 3613 2545 3662 est
2576 3606 2842 3677 patibilis,
2872 3623 2997 3662 cum
3044 3623 3155 3663 non
3206 3609 3278 3663 sit
3312 3608 3460 3663 aliud
3494 3619 3691 3680 praeter

2107 3697 2311 3752 lumen.
2341 3695 2499 3763 Quod
2530 3696 2577 3751 si
2611 3698 2791 3765 potuit
2816 3695 2959 3752 male
2987 3692 3157 3763 allici;
3176 3704 3231 3750 et
3262 3711 3369 3750 non
3403 3712 3435 3751 a
3466 3712 3526 3752 se
3547 3697 3689 3751 male

2106 3787 2267 3851 allici,
2299 3789 2392 3844 sed
2416 3788 2485 3844 ab
2516 3788 2675 3842 hoste
2706 3794 2761 3842 et
2792 3799 3092 3858 pugnante,
3125 3794 3180 3842 et
3201 3787 3437 3844 deiicere
3467 3802 3497 3842 a
3520 3803 3600 3856 se,
3623 3796 3678 3844 et

2105 3895 2228 3936 esse
2281 3878 2427 3950 apud
2458 3879 2702 3935 deterius
2732 3898 2745 3933 :
2774 3880 3053 3949 quomodo
3094 3894 3125 3932 a
3168 3881 3405 3950 propriis
3454 3896 3677 3950 separa-

2106 3979 2221 4026 tum
2263 3981 2369 4032 est.
2407 3970 2554 4041 quod
2600 3978 2852 4025 naturam
2896 3971 3057 4026 habet
3102 3973 3532 4041 copulatricem?
3559 3988 3680 4043 quae

2105 4065 2252 4121 enim
2282 4063 2586 4120 secundum
2638 4069 2892 4117 naturam
2929 4071 3056 4134 apta
3102 4072 3232 4116 nata
3276 4070 3424 4128 sunt,
3458 4070 3517 4118 ut
3559 4081 3591 4120 a
3627 4082 3688 4122 se

2106 4156 2242 4227 ipsis
2272 4162 2618 4225 separentur,
2653 4168 2762 4210 non
2801 4155 2991 4210 insunt
3024 4161 3241 4211 natura.
3293 4155 3348 4208 Si
3395 4163 3574 4210 autem
3605 4158 3692 4211 iu-

2103 4248 2346 4320 genitum
2365 4255 2494 4303 «erat
2520 4248 2727 4310 lumen,
2776 4253 2832 4301 et
2872 4253 2990 4300 erat
3019 4261 3144 4300 cum
3178 4246 3427 4316 ingenito
3463 4250 3691 4318 copula-

2103 4348 2242 4405 tum,
2278 4340 2555 4409 quomodo
2595 4351 2838 4407 unquam
2875 4339 3123 4408 separari
3167 4339 3383 4408 potuit?
3411 4341 3688 4410 quomodo

2105 4445 2135 4485 a
2160 4446 2220 4487 se
2244 4430 2452 4498 divelli,
2487 4438 2542 4486 et
2575 4428 2691 4484 ﬁeri
2722 4426 2871 4482 aliud
2897 4442 3062 4499 quam
3099 4428 3253 4484 erat?
3287 4427 3348 4484 Si
3386 4431 3533 4486 enim
3584 4431 3690 4487 mi-

2103 4523 2363 4580 nistravit
2403 4524 2567 4585 malo,
2615 4522 2780 4593 idque
2829 4537 2925 4592 per
2954 4522 3064 4576 vim
3116 4536 3144 4575 a
3175 4522 3423 4593 nequitia
3456 4524 3687 4588 illatam,

2105 4613 2368 4683 deinceps
2402 4612 2706 4683 nequitiam
2737 4611 2992 4682 eligebat,
3028 4620 3084 4668 et
3112 4627 3233 4683 qua:
3266 4622 3394 4670 sunt
3426 4629 3682 4684 nequam,

2106 4704 2490 4775 perpetrabat;
2528 4709 2581 4758 et
2610 4702 2899 4773 ignorabat
2943 4718 3021 4767 se,
3064 4717 3168 4758 nee
3213 4718 3272 4758 se
3299 4703 3413 4773 jam
3452 4704 3687 4777 amplius

2107 4796 2461 4866 agnoscebat,
2498 4795 2593 4850 sed
2643 4795 2728 4850 sui
2765 4795 2950 4864 potius
2997 4793 3230 4849 oblitum
3272 4800 3426 4861 erat;
3465 4794 3687 4865 putabat

2106 4887 2253 4941 enim
2285 4900 2344 4941 se
2376 4886 2482 4940 tale
2513 4900 2660 4951 esse,
2693 4885 2962 4953 quale-est
2991 4885 3217 4941 malum.
3248 4884 3307 4937 Si
3332 4886 3404 4938 ita
3428 4892 3567 4951 erat,
3586 4900 3687 4956 ap-

2108 4978 2377 5049 parebunt
2421 4977 2537 5032 haec
2571 4977 2973 5047 repugnantia.‘
3002 4975 3158 5042 Quod
3193 4979 3338 5031 enim
3384 4976 3687 5047 ingenitum

2106 5078 2213 5134 est,
2246 5085 2423 5138 neque
2467 5084 2526 5124 se
2563 5069 2797 5138 ignorat,
2833 5084 2933 5122 nec
2974 5068 3122 5124 aliud
3159 5069 3283 5132 erit,
3318 5077 3680 5140 praeterquam

2105 5170 2211 5227 est,
2261 5160 2357 5216 sed
2402 5161 2583 5230 potius
2633 5160 2741 5216 tale
2782 5169 3115 5230 perseverat,
3170 5161 3331 5232 quale
3376 5169 3526 5228 erat;
3580 5176 3680 5218 nec

418 5286 659 5341 unquam
691 5287 720 5325 a
749 5286 809 5328 se
836 5270 1073 5340 disjungi
1111 5270 1310 5341 potuit,
1337 5268 1485 5338 quod
1515 5280 1795 5336 nunquam
1825 5260 1992 5330 coepit
2020 5270 2163 5312 esse.

502 5366 640 5420 Ἀλλ’
674 5366 862 5438 ἐπειδὴ
895 5365 1117 5438 γραώδη
1149 5366 1244 5420 καὶ.
1270 5364 1487 5436 μυθώδη
1502 5360 1999 5433 φθέγγονται,οὗτε

417 5455 447 5509 δ
477 5456 724 5527 λέγουσιν
767 5458 994 5523 είδότες,
1027 5457 1143 5513 ἀλλ’
1181 5458 1275 5528 ἀφ’
1321 5451 1395 5510 ὧν
1428 5456 1677 5526 λέγοντες
1718 5453 2001 5509 δυσωπού-

2181 5369 2405 5437 Verum,
2433 5372 2560 5443 quia
2601 5373 2767 5428 anilia
2817 5382 2873 5429 et
2924 5374 3301 5430 commentltia
3348 5376 3686 5447 loquuntur,

2108 5478 2219 5518 non
2255 5463 2618 5535 intelligentes
2656 5481 2779 5536 quas
2808 5466 3018 5533 dicunt,
3048 5466 3143 5522 sed
3186 5483 3254 5523 ex
3299 5468 3368 5523 iis
3398 5467 3534 5539 ipsis
3563 5484 3685 5541 quae

421 5564 595 5618 μενοι,
631 5550 725 5607 καὶ
754 5550 915 5605 τοῦτο
949 5548 1363 5622 προγράφωμεν
1387 5546 1466 5619 τῷ
1494 5547 1659 5619 λόγῳ·
1684 5547 1747 5600 Et
1766 5544 2001 5617 ἠδύνατο

2108 5552 2320 5617 dicunt,
2342 5556 2535 5610 revicti
2569 5563 2624 5610 et
2657 5571 2717 5612 se
2760 5558 3171 5624 erubescentes,
3201 5558 3307 5614 hoc
3335 5559 3501 5615 etiam
3533 5562 3601 5616 ad
3621 5577 3687 5618 ea

416 5641 477 5695 τὸ
516 5642 633 5709 φῶς
660 5642 1015 5714 ἀμειφθῆναι,
1057 5643 1152 5696 καὶ
1181 5642 1369 5712 ἕτερον
1398 5641 1528 5712 παρ’
1544 5639 1706 5694 ἑαυτὸ
1726 5638 1999 5709 γενέσθαι,

2106 5660 2229 5703 otiae
2270 5644 2415 5700 dicta
2455 5654 2605 5713 sunt,
2636 5646 2900 5704 addamus
2932 5664 2945 5701 :
2974 5646 3029 5705 Si
3058 5657 3271 5720 poterat
3310 5650 3494 5709 lumen
3534 5665 3690 5710 com-

490 5795 526 5828 “
556 5795 704 5852 Psal.
744 5811 893 5859 exin,
924 5795 980 5850 2.
1059 5797 1103 5827 “
1129 5794 1326 5865 Ephes.
1360 5809 1436 5858 vi,
1472 5794 1558 5854 Μ.
1639 5796 1681 5827 ⁸³
1713 5792 1885 5852 lCor.
1920 5813 1973 5859 tt.
2010 5796 2099 5855 12.
2456 5880 2459 5883 γ

740 5893 1013 5951 Puram.
1057 5891 1174 5952 Gn.
1225 5883 1455 5952 XVIII.

3290 5903 3370 5968 36
