4100 6424
435 418 568 475 “Si

1565 400 1732 457 'TITl
1766 397 2193 456 BOSTRE‘NSIS
2230 395 2535 452 EPISCOPI

3546 389 3685 445 “38

436 539 658 603 mutari,
703 546 756 593 et
800 538 947 593 aliud
981 530 1345 608 prata-quam
1393 536 1511 587 erat
1554 528 1735 599 ipsum
1769 525 1909 589 ﬁeri,
1952 533 2006 581 et

2110 521 2204 573 καὶ
2234 519 2489 588 γενέσθαι
2538 518 2673 591 πρὸς
2704 521 2769 590 τῇ
2796 532 3050 589 πονηριᾳ,
3079 505 3174 569 και
3207 510 3399 569 εαυτοῦ
3432 511 3532 583 μὲν
3559 512 3686 565 ἑπι-

436 647 559 687 esse
607 628 749 701 apud
799 631 1097 700 nequitiam
1147 642 1212 682 ac
1263 624 1350 682 sui
1396 622 1688 686 oblivisci,
1716 628 1795 675 -et
1828 617 2005 674 facere

436 737 773 792 quacunque
794 722 1043 791 nequitia
1071 719 1235 783 facit;
1266 715 1445 788 potuit
1476 714 1582 768 hoc
1611 712 1828 768 evenire
1854 711 2007 781 prin-

436 816 650 886 cipibus
691 815 966 885 nequitiae,
998 820 1055 869 ut
1080 812 1254 883 magis
1281 809 1557 880 potuerint
1590 805 1787 860 mutari
1816 808 1872 858 in
1904 804 2002 858 bo-

436 924 584 963 num.
633 909 689 962 Si
739 915 920 962 autem
977 905 1203 959 mutatio
1243 903 1359 958 ﬁeri
1409 899 1588 971 potuit
1644 909 1698 952 et
1750 895 2002 959 variatio,

434 994 713 1061 quomodo
741 1009 849 1047 non
882 993 1077 1046 melius
1109 998 1225 1046 erat
1259 1006 1325 1044 ex
1356 988 1489 1042 vitio
1519 989 1573 1041 in
1601 987 1854 1040 virtutem
1886 1001 2003 1038 mu-

435 1084 560 1147 tari,
588 1100 753 1153 quam
797 1101 863 1139 ex
896 1086 1098 1139 virtute
1132 1085 1187 1137 in
1219 1081 1451 1135 vitium?
1486 1078 1771 1145 Quomodo
1812 1093 2002 1148 passus

434 1182 518 1228 est
560 1172 728 1237 Deus,
781 1182 835 1228 et
866 1173 1114 1243 permisit
1146 1172 1261 1241 rapi
1301 1169 1520 1224 lumen?
1561 1168 1846 1236 Quomodo
1891 1183 2002 1221 non

434 1262 715 1331 prohibuit
762 1261 1214 1332 aggressionem?
1261 1258 1546 1326 Quomodo
1605 1273 1715 1312 non
1765 1258 2003 1313 servavit

435 1338 572 1407 sua?
600 1353 884 1419 Quomodo
902 1359 1191 1421 postquam
1220 1351 1398 1404 ablata
1430 1357 1579 1412 sunt,
1608 1349 1784 1403 noluit
1810 1364 2000 1402 eorum

434 1443 827 1513 providentiam
871 1449 925 1496 et
957 1442 1396 1511 procurationem
1444 1441 1683 1495 habere?
1719 1438 2002 1505 Quomodo

432 1553 541 1591 non
571 1536 723 1606 prius
757 1536 1017 1604 impetum
1048 1543 1100 1588 et
1128 1544 1385 1588 conatum
1417 1532 1696 1586 coercuit?
1718 1531 2001 1597 Quomodo

435 1641 539 1680 non
573 1625 745 1695 magis
778 1626 1014 1680 servavit
1044 1640 1111 1679 ne
1137 1629 1488 1694 caperentur,
1516 1622 1608 1676 sed
1641 1623 1822 1692 potius
1843 1628 1999 1690 capta

430 1724 485 1771 et
505 1715 717 1784 direpta
749 1716 955 1769 auxilio
994 1731 1107 1769 non
1145 1714 1471 1768 honoravit?
1514 1713 1571 1766 Si
1608 1712 1730 1767 ideo
1763 1712 1909 1774 fecit,
1942 1718 2000 1765 ut

432 1808 614 1860 lumen
666 1819 791 1859 cum
841 1805 896 1859 in
947 1805 1106 1860 malis
1145 1811 1312 1869 esset,
1355 1804 1498 1857 mala
1545 1809 1798 1867 mutaret,
1841 1800 1998 1871 quasi

2108 609 2386 675 λαθέσθαι,
2415 610 2636 679 ποιῆσαι
2669 609 2727 662 δὲ
2762 610 2861 662 ὅσα
2889 609 2923 679 ἡ
2947 607 3180 679 πονηρία
3223 606 3396 657 ποιεῖ·
3422 601 3685 672 ἠδύναντο

2108 706 2203 759 καὶ
2220 705 2267 756 οί
2282 703 2381 772 τῆς
2395 702 2659 773 πονηρίας
2680 702 2938 773 ἄρχοντες
2953 698 3110 752 τοῦτο
3126 696 3341 761 παθεῖν,
3359 694 3455 749 καὶ
3481 692 3683 765 μᾶλλον

2108 792 2708 866 μεταϐάλλεσθαιὲπὶτὸ
2720 792 2880 845 καλόν
2898 831 2912 844 .
2928 789 3239 861 ’ἰσχυοὺσης
3253 787 3310 840 δὲ
3328 786 3427 856 τῆς
3447 785 3683 857 μεταϐο-

2105 887 2202 957 λῆς
2220 885 2626 956 καὶδυναμένης
2637 885 2733 953 τῆς
2749 883 3104 945 ἀλλοιώσεως,
3124 880 3240 943 πῶς
3255 880 3356 932 οὐκ
3374 878 3596 949 ἄμεινον
3614 870 3683 947 ἦν

2103 981 2216 1042 τοῖς
2254 980 2442 1042 κακοῖς
2490 978 2691 1049 μᾶλλον
2719 978 2810 1030 ἐπὶ
2836 977 2933 1046 τὴν
2962 975 3164 1045 ἀρετὴν
3203 970 3608 1043 μεταϐληθῆναι
3643 967 3680 1036 ἢ

2103 1072 2215 1133 τοῖς
2247 1069 2430 1131 καλοῖς
2474 1069 2567 1119 ἐπὶ
2600 1067 2697 1137 τὴν
2725 1066 2922 1119 κακίαν
2950 1082 2964 1130 ;
2994 1064 3118 1126 Πῶς
3146 1063 3203 1115 δὲ
3237 1063 3332 1115 καὶ
3357 1060 3617 1130 ἠνέσχετο
3652 1058 3681 1108 ὁ

2103 1162 2253 1226 Θεὸς,
2288 1160 2379 1213 καὶ
2407 1158 2676 1229 ληφθῆναι
2703 1156 2765 1209 τὸ
2798 1156 2910 1225 φῶς
2943 1153 3206 1224 ἐπέτρεψε
3229 1169 3243 1216 ;
3267 1151 3391 1214 Πῶς
3418 1150 3479 1204 οὑ
3501 1147 3678 1205 κεκώ-

2103 1254 2233 1307 λυκε
2280 1252 2379 1325 τὴν
2423 1252 2636 1322 ὁρμήν;
2686 1249 2810 1313 Πῶς
2852 1248 2919 1301 τὰ
2967 1246 3074 1299 ῐδια
3111 1247 3210 1298 οὐκ
3252 1245 3522 1314 ἐτήρησε;
3556 1239 3681 1303 Πῶς

2101 1344 2180 1407 δὲ,
2214 1344 2351 1414 μετά
2391 1343 2452 1395 τὸ
2486 1340 2874 1413 ἀφαιρεθῆναι,
2921 1339 3175 1411 πρόνοιαν
3205 1337 3313 1389 τῶν
3353 1332 3681 1405 ἀφαιρεθέν-

2102 1452 2211 1488 των
2255 1433 2581 1505 ποιήσασθαι
2610 1433 2670 1485 οὐ
2708 1431 3061 1503 βεϐούληται;
3093 1429 3217 1493 Πῶς
3271 1428 3332 1480 οὐ
3393 1423 3682 1497 προλαϐὼν

2102 1525 2300 1595 ἐπέσχε
2353 1524 2449 1594 τὴν
2494 1524 2867 1594 ἐπιχείρησιν;
2909 1521 3033 1584 Πῶς
3083 1519 3281 1591 μᾶλλον
3320 1516 3574 1571 ἀνάλωτα
3615 1516 3680 1567 οὐ

2101 1619 2425 1688 τετήρηκεν,
2476 1615 2612 1669 ἀλλὰ
2657 1614 2853 1667 ἁλόντα
2903 1614 2995 1666 καὶ
3041 1611 3315 1683 ληφθέντα
3367 1607 3590 1679 βοηθείᾳ
3617 1608 3679 1660 οὐ

2100 1708 2425 1778 τετίμηκεν;
2477 1707 2540 1759 Et
2590 1704 2687 1775 μὲν
2726 1706 2906 1757 εἴασεν
2943 1702 3030 1755 ἵνα
3062 1700 3123 1754 τὸ
3161 1701 3277 1769 φῶς
3309 1699 3597 1768 γενόμενον
3623 1699 3682 1750 ἐν

2100 1802 2211 1862 τοῖς
2255 1800 2444 1860 κακοῖς
2474 1797 2752 1867 μεταϐάλῃ
2776 1797 2844 1851 τά
2878 1795 3043 1858 κακὰ,
3072 1795 3147 1857 ὡς
3177 1792 3485 1863 δυναμένων
3517 1806 3683 1861 μετα-

431 1895 627 1948 mutari
690 1900 917 1965 possent
963 1894 1107 1947 mala
1148 1911 1161 1946 :
1207 1908 1317 1946 non
1381 1892 1547 1961 igitur
1602 1891 1746 1944 mala
1802 1898 1999 1944 natura

2101 1890 2391 1945 ϐάλλεσθαι
2427 1889 2533 1942 τῶν
2578 1888 2786 1954 κακῶν,
2816 1889 3000 1942 οὐκέτι
3027 1887 3094 1940 τὰ
3119 1886 3265 1939 κακὰ
3298 1883 3500 1953 φυσικά
3523 1882 3683 1936 δυνά-

431 1988 574 2040 mala
609 1997 770 2055 sunt;
802 2002 923 2057 quae
963 2001 1086 2042 cum
1118 1986 1318 2038 mutari
1348 1990 1600 2053 possunt,
1646 1981 1999 2052 sponsionem

431 2073 487 2127 in
518 2076 818 2130 mutatione
848 2076 966 2145 ipsa
993 2074 1292 2143 accipiunt,
1328 2089 1438 2127 non
1463 2087 1585 2128 esse
1607 2082 1803 2126 natura
1833 2072 1996 2139 mala.

504 2164 560 2218 Si
582 2172 762 2219 autem
795 2164 999 2221 sciebat
1032 2180 1142 2217 non
1171 2163 1394 2227 mutari,
1425 2178 1603 2233 neque
1644 2170 1838 2216 natura
1875 2171 2001 2231 apta

430 2272 555 2311 esse
618 2266 676 2311 ut
726 2259 1082 2312 mutationem
1139 2267 1396 2328 caperent
1471 2255 1747 2328 quomodo
1794 2255 2001 2309 frustra

430 2349 577 2414 sivit,
624 2359 682 2404 ut
716 2350 920 2403 bonum
949 2350 1224 2420 jacturam
1268 2348 1495 2412 faceret,
1542 2356 1595 2403 et
1632 2349 1842 2401 lucrum
1891 2363 1999 2401 non

429 2440 697 2495 tribueret
730 2441 914 2496 malo?
943 2440 1228 2508 Quomodo
1262 2440 1391 2497 sivit
1421 2442 1539 2510 ipsa
1573 2439 1714 2494 mala
1743 2453 1853 2493 non
1879 2454 2003 2494 mu-

428 2532 559 2597 tari,
592 2547 650 2588 se
678 2546 808 2587 vero
837 2540 891 2588 et
922 2547 1021 2588 sua
1044 2534 1185 2587 bona
1212 2539 1421 2586 mutata
1455 2531 1729 2603 neglexit?
1748 2529 2001 2585 Absurda

427 2633 513 2679 est
544 2624 689 2679 enim
726 2624 839 2680 hac
875 2622 1235 2695 praescriptio,
1282 2624 1463 2695 ipsum
1491 2640 1616 2680 esse
1661 2625 1998 2689 mutabilem,

429 2716 555 2785 quia
600 2731 697 2772 sua
747 2724 1059 2785 mutantur;
1114 2733 1226 2772 non
1281 2733 1404 2773 esse
1452 2725 1632 2772 autem
1682 2718 2002 2772 mutabilem

427 2808 733 2861 materiam.
761 2809 940 2878 Atque
979 2809 1082 2863 hoc
1115 2807 1338 2878 quidem
1384 2806 1465 2862 sic
1495 2806 1900 2877 redarguimus,
1942 2814 2002 2861 ut

430 2899 700 2967 prolixum
729 2913 1038 2953 sermonem
1067 2897 1478 2961 contrahamus,
1516 2898 1734 2952 silentio
1769 2906 1994 2966 praeter-

431 2996 627 3042 euntes
664 2989 758 3042 illa
799 2989 1169 3059 integumenta
1216 3004 1340 3058 quae
1375 2988 1701 3054 obtendunt,
1753 2988 1877 3044 illas
1916 3003 2001 3045 re-

429 3076 762 3146 pugnantias
792 3085 847 3132 et
875 3075 1088 3133 fabulas
1120 3088 1174 3132 et
1198 3092 1411 3148 pugnas
1449 3078 1762 3149 gigantum;
1789 3086 1849 3132 ut
1879 3094 2000 3149 quae

2105 2003 2241 2057 μενα
2290 1984 2743 2057 μεταϐάλλεσθαι,
2772 1985 2881 2038 ἀπὸ
2913 1984 3020 2036 τῶν
3049 1982 3236 2035 κακῶν
3284 1981 3537 2051 ἐνέχυρον
3583 1977 3681 2049 τὴν

2104 2078 2405 2150 μεταϐολὴν
2435 2077 2578 2132 κατά
2604 2080 2704 2149 τῆς
2733 2078 2949 2148 φύσεως
2971 2075 3252 2146 λαμϐάνει.

2171 2171 2234 2223 Et
2265 2170 2321 2223 δὲ
2349 2170 2636 2240 ἠπίστατο,
2667 2170 2747 2221 ὅτι
2787 2169 2847 2222 οὐ
2900 2166 3278 2239 μετεϐάλλετο,
3329 2165 3423 2219 καὶ
3470 2164 3555 2217 ὅτι
3617 2162 3680 2214 οὗ

2102 2260 2344 2330 πέφυκεν
2384 2257 2758 2313 ἀλλοιοῦσθαι·
2804 2258 2921 2322 πῶς
2953 2260 3129 2330 μάτην
3164 2258 3313 2310 εἴασε
3351 2253 3554 2324 ζημίαν
3581 2251 3683 2324 μὲν

2100 2352 2387 2421 ὑπομεῖναι
2440 2351 2503 2405 τὸ
2550 2350 2734 2417 καλὸν,
2786 2351 2979 2422 κέρδος
3035 2350 3092 2403 δὲ
3149 2348 3223 2421 μὴ
3267 2348 3561 2416 ἀπονεῖμαι
3601 2343 3683 2416 τῷ

2101 2444 2289 2514 κακῴ;
2321 2444 2447 2509 Πῶς
2477 2445 2534 2498 δὲ
2562 2444 2701 2498 αὐτὰ
2736 2446 2834 2516 μὲν
2872 2444 2941 2498 τά
2977 2443 3119 2498 κακά
3149 2440 3490 2497 ἀλλοιοῦσθαι
3513 2435 3680 2501 οἶδδδ,

2100 2535 2292 2590 ἑαυτὸν
2338 2537 2394 2590 δὲ
2424 2538 2516 2590 καὶ
2551 2538 2619 2591 τὰ
2650 2536 2842 2591 ἑαυτοῦ
2883 2536 3025 2591 καλά
3071 2535 3427 2605 ἀλλοιούμενα
3484 2531 3681 2603 παρεῖ-

2099 2626 2223 2693 δεν;
2252 2628 2487 2691 ’Δτοπος
2507 2628 2615 2698 γὰρ
2640 2629 2765 2699 ὅρος
2790 2621 2964 2693 οὗτος,
2987 2628 3146 2680 αὐτὸν
3171 2627 3270 2698 μὲν
3295 2622 3435 2679 εἶναι
3463 2623 3682 2677 ἀλλοιω-

2099 2718 2211 2784 τὸν,
2258 2700 2347 2772 διὰ
2394 2719 2455 2772 τὸ
2504 2720 2847 2775 ἀλλοιοῦσθαι
2875 2722 2945 2774 τά
2982 2719 3197 2784 ἑαυτοῦ,
3224 2717 3298 2790 μὴ
3335 2713 3472 2771 εῖναι
3501 2715 3559 2769 δὲ
3586 2715 3684 2770 ἀλ-

2099 2808 2420 2880 λοιουμένην
2449 2810 2547 2882 τὴν
2574 2810 2729 2883 ῦλην.
2763 2813 2871 2865 Καὶ
2887 2812 3078 2865 τούτου
3106 2811 3203 2881 μὲν
3225 2808 3463 2871 τοιοῦτος
3488 2808 3516 2859 ό
3535 2806 3682 2875 ἔλεγ-

2100 2916 2212 2971 χος,
2243 2901 2329 2953 ἵνα
2358 2901 2558 2974 πολλὴν
2593 2903 2957 2974 συστείλωμεν
2989 2902 3221 2973 ὁμιλίαν,
3263 2901 3361 2965 τάς
3409 2899 3681 2971 προϐολὰς

2097 2992 2298 3056 αὐτῶν,
2323 2992 2422 3057 τὰς
2453 2993 2651 3064 μάχας,
2667 2994 2765 3057 τὰς
2792 2993 3110 3065 μυθοποιίας
3136 2991 3352 3055 ὲκείνας
3382 2990 3476 3045 καὶ
3490 3006 3683 3059 γιγαν-

2098 3083 2366 3155 τομαχίας
2395 3085 2705 3149 σιωπῶντες
2724 3102 2737 3115 ·
2773 3086 2858 3139 ἵνα
2902 3085 2995 3139 καὶ
3027 3085 3094 3138 τά
3124 3084 3387 3155 εἰρημένα
3420 3083 3548 3152 περὶ
3580 3081 3682 3152 τῆς

428 3167 497 3221 de
540 3167 807 3238 principio
856 3183 1042 3223 rerum
1094 3168 1240 3223 dicta
1302 3177 1453 3235 sunt,
1504 3171 1679 3225 instar
1710 3170 2031 3249 cujusdam‘

2101 3174 2273 3245 ἀρχῆς
2304 3174 2412 3227 τῶν
2443 3177 2808 3247 πραγμάτων,
2862 3176 3017 3249 δίκην
3045 3178 3298 3248 ἀφορμῆς
3334 3191 3483 3238 τινος
3529 3175 3682 3245 είρη-

428 3257 658 3313 subsidii
689 3259 834 3313 dicta
879 3260 1012 3329 sint,
1053 3261 1464 3333 babeanturque
1508 3269 1766 3332 tanquam
1805 3257 2031 3318 semen'

2104 3265 2239 3334 μένα
2284 3266 2548 3341 τυγχάνῃ,
2586 3269 2679 3321 καὶ
2708 3268 2929 3340 σπέρμα
2975 3267 3084 3320 τῶν
3115 3266 3393 3339 ζητήσεων
3431 3265 3679 3340 ὑπάρχῃ.

427 3352 811 3418 quaestionum.

1528 3688 1888 3775 LIBER
1958 3686 2611 3778 SECUNDUS.

1269 3990 1398 4049 Car.
1441 3991 1480 4046 Ι.
1515 3990 1714 4061 Scopas
1744 3994 2071 4049 auctoribus.
2114 3991 2270 4047 Nihil
2302 3994 2433 4047 mali
2474 4000 2708 4046 creatum
2739 4000 2835 4048 est.

501 4121 658 4188 Ducit
702 4133 814 4203 jam
855 4147 957 4189 nos
998 4130 1257 4203 deinceps
1304 4133 1444 4188 ratio
1487 4132 1881 4204 disputationis
1930 4134 1998 4188 ad

2176 4140 2333 4206 Ἀγει
2364 4134 2429 4207 δὴ
2457 4134 2642 4189 λοιπὸν
2685 4135 2833 4206 ἡμᾶς
2870 4133 2898 4187 ό
2950 4132 3107 4202 λόγος
3145 4132 3236 4186 ἐπὶ
3263 4132 3361 4204 τὴν
3390 4132 3519 4204 περὶ
3542 4127 3683 4189 Θεοῦ

426 4224 809 4282 disserendum
849 4223 995 4280 serio
1028 4222 1096 4278 de
1128 4222 1259 4280 Deo.
1300 4222 1578 4281 Fortassis
1611 4227 1757 4281 enim
1797 4226 1931 4279 nihil
1967 4242 1998 4280 τι

2103 4225 2569 4294 σπουδαιολογίαν·
2606 4224 2823 4287 παιδιᾶς
2846 4223 2953 4299 γὰρ
2986 4223 3116 4287 ἴσως
3148 4222 3393 4295 διέφερεν
3430 4224 3583 4277 οὐδὲν
3608 4224 3683 4278 τὰ

427 4318 558 4372 ludo
608 4315 901 4379 ditl‘erunt,
953 4329 1076 4385 quae
1116 4313 1390 4370 hactenus
1441 4314 1510 4368 ad
1562 4314 1999 4370 confutationem

2104 4317 2241 4388 πρὸς
2268 4315 2573 4384 ἀνασκευὴν
2620 4313 2722 4384 τῆς
2764 4313 2972 4366 ἐκείνου
3022 4312 3346 4384 μυθολογίας
3388 4314 3675 4386 εἰρημένα.

427 4412 624 4467 fabula:
652 4411 800 4466 illius
833 4410 978 4465 dicta
1012 4417 1161 4466 sunt.
1186 4408 1264 4465 Ne
1288 4409 1453 4481 igitur
1477 4410 1649 4465 risum
1678 4425 1997 4465 moveamus

2106 4408 2222 4461 Ἵνα
2247 4403 2339 4461 οὗν
2375 4407 2448 4478 μὴ
2471 4408 2563 4461 καὶ
2591 4404 2800 4475 γέλωτα
2821 4406 3142 4478 ὀφλήσωμεν
3168 4406 3318 4477 παρά
3338 4408 3451 4470 τοῖς
3471 4406 3673 4476 έμφροτ

425 4508 788 4580 prudentibus
808 4545 823 4571 ,
851 4512 1218 4561 commentum
1244 4505 1401 4560 valde
1426 4505 1530 4562 sibi
1565 4520 1877 4576 repugnans
1905 4519 1999 4561 ac-

2106 4517 2180 4566 σι,
2212 4498 2433 4568 πλάσμα
2474 4497 2594 4551 λίαν
2626 4496 2926 4551 ἀσύστατον
2952 4498 3367 4571 περιεργότερον
3401 4495 3681 4561 ἐξετάζον-

427 4600 675 4656 curatius
705 4599 1049 4654 excutientes
1075 4615 1090 4664 ;
1122 4610 1243 4666 qua:
1270 4603 1451 4651 autem
1489 4611 1521 4650 a
1554 4595 1853 4651 Manichazo
1883 4612 1999 4649 ma-

2101 4609 2213 4656 τες,
2242 4592 2342 4645 ὅσα
2382 4590 2445 4661 δὴ
2487 4590 2712 4662 εὓρηται
2744 4587 3121 4662 μυστικώτερα
3151 4589 3229 4660 τῷ
3260 4589 3497 4643 Μάνεντι
3542 4587 3684 4659 (ἔστι

425 4690 509 4761 gis
542 4689 775 4761 mystica
805 4689 1026 4743 inventa
1055 4696 1217 4751 sunt,
1247 4702 1370 4757 quae
1398 4694 1530 4742 sunt
1559 4686 1847 4757 complura
1869 4727 1885 4752 ,
1922 4687 2000 4742 si—

2103 4685 2160 4736 δὲ
2191 4682 2527 4752 πάμπολλα).
2559 4682 2717 4752 λόγου
2750 4682 3014 4754 μηδαμῶς
3028 4680 3391 4748 ἀξιώσαντεςο
3423 4681 3526 4753 ήδη
3561 4696 3683 4734 πει-

427 4782 595 4837 lentio
629 4787 1019 4851 praetereuntes
1047 4797 1061 4833 :
1097 4778 1478 4850 aggrediemur
1505 4778 1620 4848 jam
1638 4777 1841 4835 docere
1861 4821 1877 4846 ,
1898 4794 1998 4835 ne-

2108 4774 2387 4847 ρασόμεθα
2419 4774 2609 4839 δεῖξαι,
2639 4774 2715 4839 ὡς
2755 4775 2920 4829 κακία
2953 4775 3049 4845 μὲν
3090 4772 3326 4845 οὐδαμοῦ
3352 4772 3471 4827 κατ’
3493 4772 3684 4827 οὐσίαν

425 4871 656 4941 quitiam
686 4870 905 4941 quidem
928 4884 1272 4941 nequaquam
1303 4869 1605 4925 secundum
1632 4869 1997 4926 substantiam

2105 4868 2357 4938 ὑπάρχει,
2405 4866 2517 4921 οὔθ’
2565 4867 2696 4939 ὕλης
2732 4868 2873 4939 ἀρχή
2915 4884 2999 4931 τις
3042 4866 3276 4938 ἄναρχος
3302 4865 3683 4921 ἀντιτέτακται

425 4960 692 5019 exsistere
712 5003 728 5027 ,
762 4977 941 5031 neque
966 4961 1210 5017 materia:
1241 4961 1571 5033 principium
1598 4961 1769 5015 ullum
1796 4962 2001 5033 princi-

2105 4958 2225 5030 Θεῷ
2242 4976 2255 4990 ’
2289 4959 2383 5031 μία
2411 4960 2467 5014 δὲ
2488 4960 2632 5033 ἀρχὴ
2653 4958 2760 5014 τῶν
2792 4959 2951 5022 ὅλων,
2987 4959 3080 5014 καὶ
3105 4955 3185 5023 εἷς
3206 4957 3338 5022 Θεὸς
3357 4960 3387 5011 δ
3412 4957 3484 5012 τὰ
3505 4957 3685 5010 πάντα

426 5056 517 5124 pio
549 5068 743 5109 carens
770 5052 881 5107 Deo
909 5051 1249 5106 contrarium
1291 5066 1438 5107 esse.
1484 5048 1665 5106 Unum
1705 5067 1835 5107 vero
1877 5066 1998 5108 esse

2102 5051 2531 5124 δημιουργήσας,
2554 5051 2695 5106 καλά
2723 5068 2781 5104 τε
2816 5052 2908 5104 καὶ
2937 5051 3035 5123 τῆς
3063 5048 3227 5103 αὐτοῦ
3288 5048 3481 5119 σοφίας
3531 5046 3682 5114 ἀξια.

428 5148 755 5217 principium
796 5147 1042 5199 omnium
1063 5184 1078 5210 ,
1118 5150 1173 5199 et
1214 5158 1383 5198 unum
1428 5141 1598 5200 Deum
1620 5183 1634 5209 ,
1675 5143 1769 5213 qui
1809 5144 1995 5198 omnia
2019 5144 2229 5198 creavit
2260 5142 2399 5198 bona
2430 5151 2485 5199 et
2514 5143 2703 5213 jipsius
2733 5140 3001 5211 sapientia
3029 5140 3215 5212 digna.

498 5262 781 5317 Manicliati
826 5260 970 5315 enim
999 5300 1015 5325 ,
1066 5266 1355 5330 postquam
1404 5260 1461 5312 in
1507 5257 1882 5328 disputatione
1925 5256 1995 5312 de

2174 5260 2285 5314 Καὶ
2321 5259 2429 5331 γὰρ
2474 5258 2539 5331 δὴ
2578 5260 2628 5312 οἱ
2657 5257 2718 5323 te
2756 5257 2987 5319 ἐκείνου,
3011 5254 3230 5310 ἐπειδὰν
3253 5258 3383 5328 περὶ
3411 5254 3520 5310 τῶν
3550 5256 3686 5313 ἀσυ-

429 5355 715 5426 principiis
767 5352 1002 5407 convicti
1061 5358 1226 5415 sunt,
1279 5350 1349 5405 ad
1410 5350 1552 5404 hanc
1595 5350 1996 5405 dubitationem

2106 5353 2314 5407 στάτων
2342 5350 2525 5423 ἀρχῶν
2554 5352 2613 5403 ὲν
2628 5349 2771 5421 λόγῳ
2784 5348 3186 5421 διελεγχθῶσιν,
3216 5348 3308 5402 ἐπὶ
3330 5347 3536 5418 ταύτην
3559 5364 3686 5403 κατ-

432 5454 689 5514 tanquam
743 5441 1014 5497 diﬂicilem
1044 5440 1115 5495 ad
1140 5439 1490 5496 enodandum
1540 5448 1595 5495 et
1638 5440 1838 5495 multas
1881 5447 2002 5494 tcn-

2105 5444 2324 5511 άγονται
2367 5442 2466 5513 τὴν
2495 5441 2857 5512 ὲπαπόρησιν,
2885 5439 2962 5504 ὡς
2982 5439 3421 5503 δυσαπόδεικτον,
3444 5440 3538 5493 καὶ
3561 5438 3689 5492 πολ-

431 5535 643 5590 diculas
666 5543 721 5589 et
758 5534 1043 5604 captiones
1084 5541 1276 5588 contra
1315 5531 1611 5586 disserenti
1662 5532 1995 5601 prrebentem

2104 5533 2203 5598 λάς
2258 5533 2600 5606 παρέχουσαν
2646 5531 2818 5595 λαϐὰς
2858 5532 2998 5586 κατά
3031 5531 3125 5585 τοῦ
3154 5529 3643 5607 προδιαλεγομένου
3662 5568 3683 5597 ,

433 5628 798 5683 deducuntur.
833 5625 1095 5692 Quaerunt
1119 5626 1264 5681 enim
1284 5663 1300 5689 ,
1332 5623 1476 5678 unde
1513 5623 1656 5677 mala
1695 5624 2004 5680 exsistant?

2109 5625 2428 5694 φάσκοντες·
2457 5623 2629 5678 Πόθεν
2654 5619 2747 5677 οῦν
2777 5623 2847 5677 τὰ
2874 5622 3253 5691 κακά;Φαμὲν
3278 5622 3344 5694 δὴ
3369 5619 3686 5694 θαρσαλέως

433 5717 544 5773 Nos
587 5730 766 5773 autem
816 5717 1046 5772 ﬁdenter
1094 5713 1525 5786 respondemus,
1577 5730 1703 5769 cum
1744 5730 1888 5771 unus
1931 5715 2003 5770 sit

2106 5717 2287 5787 ἡμεῖς,
2316 5716 2390 5779 ὠς
2442 5715 2563 5779 ἑνὸς
2617 5714 2771 5778 δντος
2802 5713 2940 5767 Θεοῦ
2976 5713 3073 5767 τοῦ
3122 5713 3300 5769 πάντα
3344 5713 3688 5783 δημιουργήκ.

435 5812 579 5867 Deus
607 5811 703 5880 qui
730 5817 927 5864 cuncta
957 5808 1083 5864 fecit
1101 5848 1115 5873 ,
1137 5808 1274 5862 nihil
1298 5807 1517 5877 quidem
1549 5804 1848 5864 secundum
1876 5807 2001 5861 sub-

2109 5823 2321 5871 σαντος,
2347 5805 2497 5860 σύδὲν
2540 5806 2637 5876 μὲν
2678 5806 2797 5859 κατ’
2830 5804 3016 5859 οὐσίαν
3050 5804 3115 5857 ἐν
3154 5807 3265 5868 τοῖς
3318 5799 3440 5859 οὖσι
3488 5804 3686 5873 κακὸν,

2031 4548 2077 4601 D
