4100 6416
399 438 534 495 1155

1488 423 1857 480 Αῡνειιευε
1896 416 2320 476 ΜΑΝΙΟΠᾹΞΟΒ
2359 415 2483 471 LIB.
2526 413 2586 468 ll.

3524 412 3659 466 1134

395 557 579 612 πάντα
623 554 680 610 δὲ
725 551 866 607 καλὰ
904 550 1045 614 λίαν,
1087 548 1180 604 καὶ
1215 548 1486 618 διαφόρως
1526 510 1688 609 an,
1718 545 1978 618 καὶπρὸς

2092 540 2338 597 stantiam
2383 539 2588 592 malum
2627 519 2788 601 esse;
2823 543 3022 589 cuncta
3068 541 3252 587 autem
3284 533 3439 587 valde
3482 533 3658 597 bona,

397 646 650 708 ποικίλας
684 644 908 715 χρήσεις
955 638 1464 709 κατεσκευασμένα,
1503 636 1728 691 καὶτῶν
1752 633 1979 705 γενομέ-

396 756 504 796 νων
549 737 704 792 οὐδὲν
744 736 872 791 ἄνευ
919 733 1079 804 λόγου
1125 734 1446 805 γεγένηται⁸
1478 730 1592 785 ἀλλ’
1613 731 1840 785 ἕκαστον
1873 729 1981 784 τῶν

396 830 566 885 ὅντων
597 826 807 900 μικρῶν
832 842 893 879 τε
920 825 1013 878 καὶ
1038 823 1290 895 μεγάλων
1319 825 1376 876 ὲν
1398 820 1573 891 ἑαυτῷ
1592 818 1819 891 ἔχειτοῦ
1842 815 1980 872 εἶναι

396 921 489 975 τὸν
518 918 695 987 λόγον,
717 915 824 970 τῶν
854 932 914 968 τε
942 917 999 968 ὲν
1030 911 1244 984 οὐρανῷ
1264 912 1358 964 καὶ
1390 913 1446 963 ὲν
1468 913 1534 981 τῇ
1562 913 1633 981 γῇ
1672 910 1764 962 καὶ
1792 911 1848 961 ὲν
1887 907 1976 960 θα-

378 1010 593 1082 »λάττῃο
647 1008 741 1060 καὶ
781 1004 970 1076 ὥσπερ
1017 1002 1202 1074 ἄρτιον
1253 1002 1346 1056 καὶ
1390 1000 1681 1070 ὁλόκληρον
1726 998 1885 1068 σῶμα
1914 1000 1979 1067 τῇ

401 1100 657 1155 συστάσει
684 1098 794 1152 τῶν
838 1095 1020 1168 μερῶν
1044 1095 1139 1148 καὶ
1182 1092 1362 1165 μελῶν
1388 1089 1787 1145 κατεσκεύασεν
1823 1091 1855 1161 ἡ
1881 1089 1981 1161 ἄῤ-

402 1196 565 1265 ρητος
608 1190 704 1245 τοῦ
746 1188 881 1243 Θεοῦ
927 1188 1089 1257 σοφία
1132 1186 1249 1239 τόδε
1297 1185 1360 1237 τὸ
1405 1185 1545 1237 πᾶν·
1576 1182 1716 1236 ὥστε
1745 1183 1880 1253 ὅπερ
1915 1181 1983 1234 ἂν

400 1286 622 1357 ἁφέλοις
644 1283 721 1355 τῷ
740 1282 884 1353 λόγῳ
909 1280 1015 1335 τῶν
1041 1278 1347 1350 γενομένων
1374 1277 1449 1339 ὡς
1479 1275 1756 1347 περιττὸν,
1775 1275 1868 1328 καὶ
1884 1274 1983 1344 τῆς

401 1379 590 1453 χρείας
616 1377 915 1449 ἀλλότριον,
944 1369 1454 1444 ἁκρωτηριάζεσθαι
1483 1369 1602 1453 ὅλον
1626 1368 1688 1421 τὸ
1713 1366 1872 1438 σῶμα
1900 1366 1983 1419 δο-

402 1451 516 1522 κεῖ*
549 1466 737 1537 ὲπειδή
767 1480 831 1534 γε
855 1462 917 1516 τὸ
943 1459 1132 1516 δοκοῦν
1170 1461 1228 1513 ὲν
1273 1461 1387 1523 τοῖς
1432 1451 1549 1510 οὖσι
1583 1455 1703 1510 λίαν
1749 1456 1982 1509 εὐκατα-

403 1559 692 1633 φρόνητον,
722 1552 1179 1627 συμπληρωτικὸν
1219 1550 1320 1620 τῆς
1359 1548 1454 1603 τοῦ
1485 1546 1739 1618 σώματος
1780 1545 1981 1599 τελειόο

402 1655 565 1727 τητός
604 1656 722 1707 ἐστι
742 1669 755 1683 ·
801 1652 896 1705 καὶ
927 1650 1077 1703 οὐδὲν
1110 1648 1279 1720 ἀργὸν
1305 1648 1362 1700 ἐν
1390 1646 1505 1708 τοῖς
1539 1640 1710 1710 οὖσιν,
1734 1643 1855 1697 οὐδὲ
1887 1640 1986 1712 μά-

400 1765 504 1820 την
531 1746 773 1819 γεγονὸς,
795 1745 901 1799 οὐδ’
937 1745 1016 1808 είς
1045 1739 1356 1812 φιλοτιμίαν
1388 1736 1646 1810 περιττὴν
1682 1733 1982 1808 παρεγκεί-

407 1858 587 1913 μενᾳν.

473 2036 625 2106 Μόνη
652 2035 711 2088 δὲ
736 2032 971 2102 εὐλόγως
996 2031 1091 2086 καὶ
1121 2028 1345 2093 δικαίως
1369 2026 1595 2100 περιττὴ
1618 2029 1652 2099 ή
1681 2025 1789 2079 τῶν
1813 2026 1987 2096 ἀμαρ-

401 2130 670 2185 τανόντων
717 2124 1019 2198 ἀνθρώπων
1061 2123 1276 2188 ἀδικία,
1307 2122 1402 2175 καὶ
1448 2119 1665 2191 ἀληθῶς
1699 2135 1764 2188 γε
1815 2117 1985 2171 κακία

402 2221 681 2292 τυγχάνει,
710 2220 773 2272 οὐ
813 2217 917 2289 μὴν
944 2216 1003 2283 ἐξ
1027 2215 1264 2288 άνάρχου
1309 2213 1524 2278 κακίας,
1558 2212 1748 2282 ἥντινα
1784 2209 1859 2279 μὴ
1892 2204 1984 2261 οὗ·

403 2331 504 2369 σαν
525 2314 602 2378 ὡς
627 2312 734 2366 ἀπὸ
754 2310 959 2382 ταύτης
988 2326 1052 2379 γε
1083 2307 1251 2380 οὐσης
1275 2306 1570 2378 ἐπενόησεν
1600 2307 1630 2379 ό
1657 2303 1878 2374 Μάνης·
1908 2302 1985 2364 ὡς

401 2408 431 2460 ὁ
455 2407 611 2477 λόγος
659 2405 758 2478 ήδη
812 2404 908 2475 μὲν
957 2402 1157 2465 ἱκανῶς
1195 2399 1448 2471 ἡνοίξατο
1498 2399 1610 2460 τοῖς
1653 2394 1981 2466 ἔμπροσθεν,

397 2499 565 2565 δείξει
591 2500 649 2553 δὲ
682 2497 1013 2569 σαφέστερον
1045 2496 1142 2549 καὶ
1163 2496 1275 2557 τοῖς
1306 2491 1451 2563 ἑξῆς.

2082 640 2136 687 ct
2165 631 2483 687 diﬂ‘erenter
2513 630 2654 684 bona
2674 668 2688 692 ,
2720 633 2776 682 et
2807 626 2875 681 ad
2906 627 3087 681 varios
3118 639 3252 680 usus
3285 625 3425 679 facta
3453 642 3467 689 ;
3492 625 3658 678 nihil—

2082 738 2190 793 que
2232 736 2424 777 eorum
2470 734 2594 790 quae
2646 719 2787 772 facta
2835 724 2994 781 sunt,
3039 715 3157 772 sine
3197 718 3414 770 ratione
3459 716 3659 770 tactum

2082 830 2236 879 esse,
2284 812 2380 869 sed
2426 812 2857 881 unumquodque
2897 823 3089 864 eorum
3128 824 3249 878 qua:
3276 807 3467 864 effecta
3498 816 3661 867 sunt,

2086 920 2308 976 parvum
2338 912 2393 960 et
2428 919 2716 969 magnum,
2747 903 2803 956 in
2835 901 2977 956 caelo
3005 908 3060 956 et
3090 901 3149 954 in
3182 909 3326 954 terra
3356 908 3411 955 et
3442 901 3496 954 in
3527 901 3660 953 mari

2085 998 2289 1053 habere
2313 998 2368 1051 in
2392 1012 2452 1051 se
2481 996 2748 1050 rationem
2779 1009 2893 1049 suae
2918 993 3206 1053 essentias,
3234 992 3664 1061 fabricatamque

2083 1105 2208 1145 esse
2237 1088 2563 1159 sapientiam
2591 1086 2684 1141 Dei
2718 1086 3048 1143 inellabilem
3077 1086 3393 1143 universum
3420 1088 3526 1142 hoc
3549 1096 3665 1141 tan-

2083 1198 2247 1254 quam
2280 1183 2552 1252 integrum
2579 1190 2632 1234 et
2664 1188 2839 1234 totum
2873 1194 3076 1249 corpus
3106 1181 3501 1236 constitutione
3537 1197 3662 1251 par-

2084 1276 2217 1330 tium
2247 1282 2304 1330 et
2337 1274 2740 1328 membrorum:
2765 1280 2844 1335 ut,
2877 1272 3143 1343 quidquid
3169 1273 3441 1328 ademeris
3463 1274 3663 1327 rationi

2082 1381 2276 1422 eorum
2307 1381 2429 1437 quae
2457 1365 2599 1419 facta
2626 1372 2788 1427 sunt,
2824 1374 3084 1435 tanquam
3117 1380 3585 1435 supervacaneum
3611 1375 3666 1421 et

2085 1458 2278 1514 inutile
2308 1497 2322 1522 ,
2366 1466 2540 1513 totum
2599 1472 2801 1527 corpus
2853 1457 3164 1512 mutilatum
3208 1473 3332 1512 esse
3392 1458 3661 1513 videatur.

2086 1549 2368 1622 Siquidem
2400 1551 2544 1621 quod
2578 1550 2634 1605 in
2663 1549 2829 1604 rebus
2860 1549 3077 1605 videtur
3105 1548 3436 1605 vilissimum
3478 1561 3532 1606 et
3571 1550 3665 1606 de-

2085 1643 2557 1714 spicatissimum,
2615 1642 3019 1699 absolutionem
3075 1643 3327 1712 corporis
3381 1644 3663 1712 complet;

2084 1735 2333 1805 nihilque
2363 1735 2417 1788 in
2448 1735 2614 1791 rebus
2642 1734 3031 1799 otiosumest,
3064 1749 3243 1804 neque
3272 1746 3474 1789 temere
3503 1743 3667 1804 atque

2085 1828 2322 1883 inaniter
2353 1827 2590 1894 factum,
2635 1844 2735 1883 nec
2769 1828 2836 1882 ad
2872 1842 3264 1898 supervacuam
3315 1828 3664 1884 ambitionem

2020 1922 2059 1979 Β
2092 1922 2494 1991 interpositum.

2165 2032 2291 2086 Sola
2338 2047 2470 2087 vero
2519 2032 2800 2087 hominum
2850 2035 2915 2089 ad
2972 2033 3266 2104 nequitiam
3322 2035 3663 2105 peccantium

2094 2121 2363 2192 iniustitia
2402 2133 2552 2178 recte
2583 2128 2637 2178 et
2662 2124 2811 2192 juste
2842 2110 2906 2179 ac
2934 2141 3064 2180 vere
3105 2126 3347 2196 nequitia
3388 2132 3508 2189 est,
3556 2140 3665 2180 non

2093 2224 2274 2269 tamen
2300 2230 2364 2271 ex
2394 2216 2633 2285 nequitia
2657 2216 2927 2287 principio
2951 2225 3174 2272 carcnte
3200 2216 3440 2287 profecta
3462 2256 3477 2280 ,
3501 2231 3667 2287 quam

2091 2306 2457 2370 Manichzeus,
2484 2322 2608 2361 cum
2633 2322 2740 2362 non
2769 2309 2874 2374 sit,
2903 2324 3024 2364 esse
3052 2309 3376 2379 exc03itavit
3407 2316 3668 2378 tanquam

2091 2395 2160 2450 ab
2191 2396 2293 2450 hac
2317 2397 2590 2467 principio
2617 2409 2838 2453 carente
2858 2439 2873 2463 ,
2900 2415 3064 2469 quam
3100 2400 3255 2453 ﬁnxit
3276 2440 3289 2462 ,
3318 2400 3669 2469 proﬁciscen-

2090 2493 2238 2555 tem;
2268 2494 2328 2541 ut
2356 2488 2492 2544 satis
2519 2487 2573 2542 in
2605 2489 2983 2559 superioribus
3009 2490 3309 2560 disputatio
3336 2491 3584 2560 aperuit,
3614 2497 3670 2544 et

2091 2579 2309 2635 docebit
2338 2577 2546 2638 clarius
2575 2581 2631 2636 in
2662 2582 2730 2637 iis
2758 2597 2879 2653 quae
2906 2593 3231 2654 sequuntur.

643 2760 776 2818 CAP.
814 2757 876 2813 ll.
922 2756 1097 2811 Homo
1121 2753 1445 2810 liberrimas.
1489 2748 1706 2804 Peccati
1733 2762 1873 2811 reus,
1913 2761 2031 2800 cum
2054 2745 2125 2799 sit
2157 2743 2307 2800 liber.
2350 2743 2604 2800 Homines
2635 2754 2853 2815 possunt
2888 2762 3000 2800 esse
3035 2745 3156 2799 boni
3182 2754 3233 2799 et
3268 2745 3417 2799 mali.

472 2901 562 2956 Διὸ
584 2902 648 2973 δὴ
680 2898 896 2972 πρῶτον
925 2897 1053 2968 περὶ
1080 2896 1271 2951 τούτου
1299 2890 1665 2955 διαλαϐόντες,
1689 2887 1860 2950 οὕτως
1882 2883 1986 2957 ὁδῷ

404 2992 850 3067 προελευσόμεθα
878 2988 1204 3053 δεικνύντες,
1226 2987 1302 3051 ὡς
1335 2986 1457 3039 κατ’
1486 2982 1673 3037 οὐσίαν
1697 2978 1852 3033 οὐδὲν
1877 2976 1986 3030 τῶν

400 3089 573 3143 ὄντων
599 3086 765 3141 κακόν
784 3103 799 3117 ο
827 3083 963 3138 ἀλλά
1004 3082 1111 3156 μὴν
1142 3083 1241 3135 ὅσα
1262 3077 1403 3133 κατὰ
1423 3075 1617 3146 γενεὰν
1644 3073 1920 3143 οἰκονομεῖ
1957 3070 1987 3121 ὁ

402 3182 555 3246 Θεὸς,
587 3178 906 3251 πρεπόντως
937 3193 1000 3244 γε
1038 3177 1104 3246 τῇ
1136 3171 1330 3226 ἑαυτοῦ
1364 3168 1526 3240 σοφία
1562 3167 1657 3221 καὶ
1685 3163 1987 3236 συμφερόν-

401 3291 512 3337 τως
536 3271 807 3341 οίκονομεῖ
834 3272 947 3332 τοῖς
969 3267 1110 3338 ὑπὲρ
1133 3259 1209 3318 ὧν
1236 3262 1411 3317 ταῦτα
1432 3260 1592 3313 ποιεῖ.
1621 3257 1839 3327 Κόσμον
1876 3255 1988 3309 τοί-

403 3382 500 3418 νυν
525 3363 634 3434 (2⁸5)
670 3359 1069 3416 κατεσκεύασεν
1093 3359 1122 3412 ὀ
1153 3355 1304 3419 Θεός·
1333 3353 1427 3408 καὶ
1457 3353 1584 3424 περὶ
1620 3348 1832 3415 τούτου,
1852 3347 1990 3420 πρὸς

402 3458 499 3523 οὒς
523 3460 550 3512 ό
573 3456 749 3526 λόγος,
766 3456 826 3508 οὐ
851 3448 1292 3523 διαχειμάζονται
1312 3464 1326 3479 ⁸
1357 3450 1404 3500 εἰ
1425 3445 1534 3517 γάρ
1557 3443 1620 3516 δὴ
1642 3443 1737 3497 καὶ
1757 3443 1836 3507 είς
1860 3443 1989 3494 ἀκο-

407 3548 572 3623 σμίαν
606 3549 829 3619 κόσμιον
856 3545 985 3599 ὄντα
1021 3542 1112 3597 τὸν
1143 3543 1346 3613 κόσμον
1378 3535 1827 3611 μεταϐάλλουσιν,
1854 3531 1990 3586 ἀλλά

403 3661 470 3713 γε
501 3641 628 3715 περί
660 3658 720 3694 τε
750 3639 955 3712 τρόπου
990 3636 1082 3691 καὶ
1110 3636 1207 3707 τῆς
1233 3634 1411 3695 αίτίας
1444 3629 1541 3683 τοῦ
1572 3625 1825 3698 γενέσθαι
1854 3626 1988 3695 ὁμο·-

401 3733 643 3806 λογοῦσι.
670 3731 858 3803 Τούτῳ
877 3729 960 3802 δὴ,
989 3728 1150 3800 μέρος
1179 3725 1278 3797 μὲν
1307 3724 1434 3776 ὄντα
1466 3718 1560 3774 τοῦ
1596 3718 1816 3781 παντὸς,
1840 3717 1989 3806 ὅμως

400 3828 465 3881 δὲ
482 3805 487 3806 ν
504 3825 729 3894 πολίτην
766 3824 1065 3893 ἐπιστήσας
1103 3815 1318 3886 λογικὸν
1344 3813 1437 3867 τὸν
1463 3810 1747 3882 ἄνθρωπον
1776 3810 1805 3860 ὁ
1833 3805 1986 3868 Θεὸς,

401 3920 475 3975 τὰ
500 3920 597 3992 μὲν
622 3917 757 3972 ἄλλα
785 3917 885 3970 ὅσα
912 3915 1049 3986 μήτε
1071 3911 1207 3985 πρὸς
1232 3907 1434 3981 ἀρετὴν
1456 3905 1594 3977 μήτε
1628 3902 1764 3974 πρὸς
1789 3898 1990 3992 κακίαν

400 3990 527 4085 ὁρᾷ,
562 4009 739 4081 εαυτῷ
767 4009 1072 4081 τετήρηκεν
1096 4002 1426 4072 οίκονομεῖψ
1455 3997 1655 4070 ἀρετὴν
1686 3993 1745 4048 δὲ
1774 3990 1987 4085 μόνονᾌῆ

401 4081 605 4159 κακίαν
639 4102 727 4156 ἐπ’
755 4099 904 4172 αὐτῷ
929 4093 1068 4153 εἶναι
1096 4094 1387 4163 πεποίηκε,
1420 4092 1487 4162 τῇ
1519 4087 1679 4157 φύσει
1707 4081 1990 4157 προενθεὶς

399 4196 668 4270 ἑκατέρου
712 4193 810 4267 τὴν
857 4190 1086 4262 γνῶσιν
1124 4189 1233 4252 ῖνα,
1276 4178 1557 4256 ὀφθαλμοῦ
1596 4178 1753 4270 δίκην
1787 4173 1991 4270 ταύτην

398 4263 777 4360 ἑπαγόμενος,
814 4285 875 4339 οὐ
923 4282 1083 4356 μόνον
1142 4277 1281 4351 μετὰ
1308 4274 1521 4337 τελείας
1560 4268 1870 4360 ἐπιστήμης
1898 4263 1989 4317 τὸν

401 4378 522 4451 βίον
558 4358 737 4451 ὁδεύῃ,
771 4372 908 4429 ἀλλὰ
934 4372 1030 4428 καὶ
1057 4366 1358 4440 αὐτουργὸς
1380 4364 1489 4419 τῶν
1510 4361 1612 4433 τῆς
1631 4358 1830 4432 ἀρετῆς
1855 4369 1990 4409 κατ-

397 4468 743 4544 ορθωμάτων
779 4466 1021 4538 ὑπάρχῃ.

2162 2883 2528 2952 Quamobrem
2561 2901 2687 2940 cum
2733 2885 2801 2939 de
2849 2885 2954 2940 hoc
2997 2885 3174 2955 primo
3216 2893 3398 2938 actum
3443 2882 3549 2946 sit,
3594 2881 3673 2936 sic

2094 2976 2179 3031 via
2202 2988 2257 3033 et
2284 2978 2497 3032 ratione
2524 2977 2939 3047 progrediemur
2964 2995 2979 3045 ;
3005 2977 3266 3032 docentes
3296 2976 3433 3030 nihil
3465 2990 3587 3030 esse
3616 2974 3673 3028 in

2093 3068 2259 3123 rebus
2305 3068 2510 3122 malum
2555 3067 2857 3123 secundum
2888 3068 3292 3123 substantiam:
3328 3066 3459 3136 quin
3491 3065 3674 3136 potius

2092 3174 2439 3230 quaecunque
2467 3161 2522 3214 in
2553 3160 2759 3213 szeculo
2786 3160 3056 3230 gubernat
3087 3173 3151 3212 ac
3178 3159 3467 3228 dispensat
3493 3156 3636 3211 Dens
3657 3196 3671 3220 ,

2095 3252 2294 3306 decore
2318 3291 2332 3315 ,
2365 3259 2426 3304 ut
2458 3251 2784 3319 sapientiam
2813 3251 2937 3320 ejus
2964 3251 3150 3319 decet,
3184 3258 3238 3306 et
3270 3251 3338 3306 ad
3372 3251 3673 3306 utilitatem

2095 3359 2284 3399 eorum
2306 3383 2321 3408 ,
2356 3355 2580 3413 propter
2608 3358 2747 3413 quos
2782 3343 2899 3398 haec
2947 3343 3111 3410 facit,
3135 3343 3407 3414 gubernat
3450 3358 3515 3398 ac
3556 3343 3675 3398 dis»

2097 3444 2309 3510 pensat.
2348 3435 2612 3492 Ornatum
2650 3437 2815 3507 igitur
2872 3437 3145 3491 exstruxit
3173 3436 3351 3492 Deus:
3383 3447 3439 3493 et
3470 3438 3538 3494 de
3572 3437 3677 3494 hoc

2095 3529 2133 3583 ii
2179 3536 2374 3583 contra
2417 3544 2558 3599 quos
2600 3528 2983 3598 disputamus,
3024 3545 3138 3583 non
3183 3528 3452 3585 ﬂuctuant
3497 3547 3678 3603 neque

2093 3630 2415 3690 tempestate
2440 3619 2721 3690 jactantur
2747 3640 2759 3674 :
2796 3620 2842 3675 si
2868 3619 3013 3675 enim
3042 3619 3305 3674 mundum
3334 3629 3591 3676 ornatum
3622 3629 3677 3677 et

2093 3710 2351 3767 decorum
2386 3712 2442 3766 in
2473 3712 2787 3766 inornatum
2818 3718 3070 3777 mutant,
3101 3712 3169 3767 de
3209 3713 3371 3767 modo
3411 3721 3466 3768 et
3507 3729 3674 3768 causa

2092 3803 2219 3858 facti
2242 3802 2429 3857 mun‘di
2452 3804 2802 3860 conﬁtentur.
2828 3803 3113 3860 Hominem
3134 3821 3292 3871 vero,
3316 3805 3422 3862 etsi
3444 3814 3529 3863 est
3549 3822 3678 3877 pars

2096 3892 2324 3960 mundi,
2358 3901 2538 3949 tamen
2572 3895 2700 3965 quia
2729 3910 2854 3950 eum
2890 3895 3065 3951 civem
3097 3897 3327 3952 rationis
3356 3898 3677 3970 participem

2095 3987 2396 4055 praeposuit
2433 4000 2498 4041 ac
2545 3985 2787 4057 praefecit
2829 3985 3010 4053 Deus,
3044 3986 3099 4042 in
3141 3989 3355 4044 caeteris
3401 3990 3528 4044 aliis
3556 4004 3680 4061 quae

2095 4095 2274 4150 neque
2317 4081 2386 4136 ad
2417 4082 2719 4152 nequitiam
2749 4097 2851 4137 nec
2881 4083 2949 4137 ad
2990 4084 3248 4138 virtutem
3291 4089 3574 4154 spectant,
3618 4093 3681 4140 ut

2094 4173 2455 4244 gubernaret,
2481 4173 2587 4230 sibi
2614 4174 2717 4246 ipsi
2745 4175 3046 4230 reservavit
3070 4193 3085 4243 ;
3115 4174 3290 4230 virtus
3319 4184 3374 4229 et
3397 4175 3590 4230 vitium
3617 4184 3682 4231 ut

2095 4262 2153 4318 in
2200 4270 2467 4334 potestate
2511 4264 2629 4334 ejus
2669 4276 2845 4329 esset,
2891 4264 3051 4330 fecit,
3095 4264 3425 4337 ingenerans
3470 4273 3682 4322 natura:

2099 4355 2389 4426 utriusque
2419 4358 2786 4427 cognitionem
2814 4376 2827 4412 :
2860 4365 2920 4411 ut
2947 4357 3124 4413 instar
3151 4356 3297 4415 oculi
3318 4355 3474 4429 hanc
3502 4355 3680 4411 addu-

2099 4460 2231 4503 cens
2260 4455 2315 4502 et
2345 4448 2611 4507 adhibens
2631 4491 2646 4516 ,
2678 4465 2789 4506 non
2820 4452 2998 4507 solum
3028 4465 3154 4506 cum
3179 4449 3424 4521 perfecta
3451 4450 3678 4505 scientia

399 4541 460 4623 in
506 4566 617 4619 vita
659 4561 998 4625 ambularet,
1051 4556 1148 4614 sed
1184 4557 1349 4613 etiam
1374 4563 1521 4611 esset
1548 4556 1740 4607 auctor
1768 4541 2070 4601 oﬂiciorum
2103 4541 2340 4600 virtutis.

480 4678 800 4750 ’Δνθρωπος
834 4671 1276 4741 τοίνυνόδικῶν,
1311 4668 1646 4742 ἁμαρτάνειν
1677 4662 1986 4732 ἐγκαλεῖται

2170 4659 2347 4717 Homo
2372 4661 2540 4733 igitur
2564 4662 2769 4734 injuste
2788 4675 3024 4733 operans
3043 4701 3060 4727 ,
3086 4660 3234 4731 juste
3252 4661 3321 4717 de
3342 4668 3566 4731 peccato
3588 4675 3680 4714 ac-

393 4772 652 4837 δικαίως.
678 4770 741 4824 Ei
769 4768 870 4840 μὲν
897 4765 1007 4838 γὰρ
1045 4764 1275 4837 πράττει
1295 4761 1394 4835 τὴν
1432 4758 1709 4833 ἁμαρτίαν
1740 4757 1801 4812 οὐ
1832 4754 1990 4810 δυνά-

401 4882 568 4942 μενος
594 4860 933 4933 ἀποσχέσθαι
956 4857 1182 4927 ταύτης,
1209 4855 1396 4912 ἄδικον
1423 4853 1684 4924 ὑπομένει
1711 4852 1811 4923 τὴν
1851 4850 1991 4922 μέμ-

394 4963 495 5033 ψιν
514 4975 529 4991 ⁸
558 4961 607 5012 εί
633 4957 714 5022 δὲ,
744 4955 864 5020 ἐξὸν
907 4952 983 5026 μὴ
1013 4955 1209 5017 ποιεῖν,
1231 4950 1545 5004 τούναντίον
1573 4947 1735 5009 ποιεῖ,
1760 4945 1836 5009 ὡς
1869 4944 1988 4997 ἀδι-

397 5052 518 5108 κῶν
553 5048 791 5118 εὐλόγως
819 5045 1128 5116 ἐγκαλεῖται
1146 5061 1161 5075 ο
1190 5044 1285 5098 καὶ
1322 5039 1504 5104 καλῶς
1529 5056 1594 5108 γε
1621 5037 1766 5109 λόγῳ
1791 5035 1990 5108 ἐγκλή-

404 5160 575 5213 ματος
609 5145 643 5214 ἡ
675 5142 921 5213 ἁμαρτία
944 5137 1189 5191 καλεῖται
1224 5134 1374 5208 παρὰ
1405 5132 1585 5201 λόγον,
1601 5123 1646 5200 ᾧ
1665 5147 1728 5200 γε
1764 5127 1992 5183 δυνατόν

400 5238 523 5289 εστι
575 5231 903 5306 χρήσασθαι,
935 5226 1209 5302 πανταχοῦ
1281 5225 1630 5299 πραττομένη
1649 5241 1662 5254 ·
1717 5224 1793 5287 ὡς
1849 5217 1991 5275 εἶναι

401 5327 683 5398 ἁμαρτίαν
739 5327 848 5379 πᾶν
903 5323 966 5377 τὸ
1016 5323 1172 5394 παρὰ
1208 5320 1366 5389 λόγον
1394 5319 1788 5389 πραττόμενον,
1818 5318 1867 5370 εί
1896 5316 1991 5371 καὶ

401 5426 473 5478 ἐκ
495 5420 603 5474 τῶν
636 5420 780 5475 κατὰ
814 5419 974 5490 φύσιν
999 5416 1263 5487 λαμϐάνει
1283 5415 1387 5486 τὴν
1415 5412 1699 5485 ἀφορμήνο
1742 5410 1848 5464 τῶν
1882 5410 1990 5481 γὰρ

399 5512 550 5569 κατὰ
579 5511 740 5583 φύσιν
765 5514 799 5584 ἡ
829 5511 1111 5581 ἀλόγιστος
1150 5508 1348 5580 χρῆσις
1379 5507 1525 5559 ποιεῖ
1555 5504 1655 5575 τὴν
1685 5500 1985 5573 ἁμαρτίαν·

397 5608 561 5678 λόγος
582 5607 640 5659 δὲ
664 5607 721 5660 ἐν
753 5608 886 5676 ἡμῖν
924 5600 1310 5674 δοκιμαστικὸ;
1332 5597 1438 5653 τῶν
1470 5595 1613 5652 κατὰ
1646 5594 1807 5665 φύσιν
1829 5611 1841 5623 ο
1870 5592 1991 5648 ὅθεν

398 5704 463 5759 οὐ
492 5701 746 5755 λανθάνει
775 5697 1147 5771 πραττομένη.

2099 4764 2349 4809 cusatur.
2380 4754 2438 4809 Si
2468 4754 2614 4811 enim
2645 4763 2931 4826 peccatum
2958 4752 3250 4810 committit
3278 4761 3538 4820 tanquam
3568 4750 3677 4806 no‘n

2100 4846 2276 4916 possit
2302 4845 2373 4899 ab
2399 4859 2466 4901 eo
2495 4862 2554 4903 se
2591 4845 2903 4909 abstinere,
2936 4845 3195 4914 injustam
3215 4843 3509 4913 qurerelam
3551 4841 3682 4896 sub-

2099 4940 2141 4992 it
2169 4954 2187 5005 ;
2229 4940 2314 4993 sin
2361 4945 2576 5003 autem,
2610 4954 2738 4993 cum
2770 4944 2957 5008 posset
2988 4952 3098 4991 non
3142 4935 3358 4999 facere,
3387 4932 3519 4987 facit
3550 4947 3685 4986 con—

2100 5033 2353 5098 trarium,
2376 5031 2574 5087 merito
2603 5038 2898 5086 accusatur
2921 5038 3179 5100 tanquam
3207 5026 3533 5098 injustitiam
3558 5041 3683 5080 sus-

2101 5125 2313 5198 cipiens
2336 5142 2349 5178 :
2380 5132 2436 5180 et
2490 5131 2776 5194 peccatum
2805 5129 2955 5177 recte
2975 5122 3190 5175 ratione
3217 5118 3470 5175 criminis
3496 5118 3685 5187 appel-

2101 5220 2247 5274 latur
2278 5225 2594 5290 peccatum,
2625 5214 2775 5288 quod
2816 5230 3034 5287 semper
3078 5213 3444 5271 committitur
3487 5219 3686 5281 praeter

2099 5313 2370 5367 rationem
2403 5327 2509 5381 qua
2541 5308 2619 5361 uti
2650 5308 2862 5377 potuit:
2890 5314 2950 5361 ut
2972 5307 3042 5362 sit
3065 5306 3180 5376 jam
3211 5312 3494 5376 peccatum
3522 5316 3686 5356 omne

2100 5406 2153 5461 id
2174 5445 2189 5470 ,
2222 5404 2368 5477 quod
2404 5413 2600 5473 praeter
2632 5402 2898 5456 rationem
2946 5398 3029 5465 fit,
3082 5398 3334 5468 quamvis
3369 5412 3437 5451 ex
3467 5394 3537 5451 iis
3563 5411 3684 5464 quae

2101 5506 2231 5555 sunt
2259 5497 2561 5553 secundum
2594 5504 2846 5549 naturam
2866 5533 2880 5558 ,
2912 5491 3263 5547 occasionem
3292 5497 3346 5544 et
3376 5485 3683 5543 subsidium

2100 5592 2371 5662 accipiat:
2421 5606 2555 5645 usus
2602 5588 2747 5643 enim
2799 5600 2991 5640 eorum
3038 5599 3160 5653 quae
3209 5588 3338 5638 sunt
3383 5579 3686 5636 secundum

2100 5693 2390 5749 naturam,
2441 5699 2470 5738 a
2515 5683 2730 5738 ratione
2769 5694 3031 5744 aversus,
3078 5676 3240 5734 elﬁcit
3294 5682 3355 5731 ut
3399 5681 3691 5745 peccatum

462 5877 588 5952 {(23)
619 5879 859 5949 Κόσμον
887 5879 1035 5933 τείν.
1068 5876 1305 5944 Clarius,
1342 5869 1592 5928 mundum
1627 5871 1786 5942 igitur
1822 5885 1986 5925 erant

2092 5876 2095 5917 :
2132 5864 2292 5921 Deus.
2330 5863 2494 5921 BASN.
