4100 6418
388 406 529 464 1155

1563 408 1702 464 TiTi
1742 410 2177 470 BOSTRENSIS
2215 415 2522 473 EPISCOPI

3522 422 3668 482 H56

388 525 658 593 exsistat;
690 524 831 580 ratio
857 524 1062 581 autem‘
1084 526 1139 580 in
1182 526 1344 582 nobis
1374 526 1709 596 exploratrix
1751 539 1837 586 est
1879 547 2072 589 eorum
2098 578 2114 604 ,
2147 551 2268 608 qua:
2298 538 2604 594 secundum
2662 549 2913 596 naturam
2974 554 3142 599 sunt:
3209 558 3277 598 ex
3320 559 3431 614 quo
3476 542 3534 598 (lt
3601 552 3665 600 ut

386 633 500 674 non
529 617 729 682 lateat,
762 632 887 697 cum
923 617 1311 672 committitur.

462 712 518 766 Si
542 727 672 784 ergo
699 710 768 765 ad
793 711 1244 768 exercitationem
1267 712 1488 769 virtutis
1509 713 1779 771 rationem
1807 716 1969 773 nobis

2139 718 2205 771 Et
2234 734 2332 789 μεν
2353 736 2534 775 τοινυν
2567 735 2705 793 προς
2727 723 2960 795 ἄσκησιν
2991 723 3197 796 ἀρετῆς
3227 725 3320 780 τὸν
3349 726 3508 797 λόγον
3540 728 3664 782 δια-

388 805 610 862 insitam
658 819 1057 875 exerceamus,
1113 814 1373 875 tanquam
1421 822 1624 878 corpus
1673 816 1975 878 temperato

388 906 572 963 motu,
609 912 799 952 sanam
828 897 973 952 hanc
1003 905 1057 953 et
1085 897 1496 953 benevolentem
1521 899 1850 956 reddemus:
1888 901 1973 955 sin

390 1003 519 1042 vero
550 988 948 1044 exercitatione
977 995 1032 1043 et
1081 988 1434 1043 accuratione
1475 989 1619 1044 hanc
1656 1006 1769 1045 non
1813 1006 1976 1047 exco-

391 1081 683 1144 luerimus,
712 1081 1074 1151 languescens
1091 1080 1380 1136 obscurior
1394 1080 1647 1147 ellicitur,
1670 1098 1735 1137 ac
1755 1082 1973 1138 demum

390 1172 638 1243 neglecta
664 1182 920 1227 caecatur.
950 1170 1122 1226 Penes
1153 1186 1254 1225 nos
1294 1186 1428 1225 vero
1472 1181 1588 1236 est,
1634 1172 1839 1243 ubique
1882 1189 1973 1228 ra-

393 1266 542 1321 tione
570 1279 693 1335 qua:
718 1264 775 1319 in
805 1264 965 1320 nobis
996 1274 1079 1319 est
1100 1304 1116 1330 ,
1150 1263 1228 1318 uti
1259 1282 1274 1327 ;
1306 1270 1361 1317 et
1404 1265 1549 1318 sicut
1577 1265 1672 1335 qui
1698 1274 1869 1320 artem
1900 1280 1974 1320 ze-

391 1359 647 1414 diiicandi
678 1364 969 1421 exercent,
1000 1357 1082 1411 sic
1110 1370 1306 1409 norma
1336 1371 1401 1410 ac
1430 1356 1619 1427 regula
1651 1357 1717 1412 ad
1745 1372 1971 1413 accura-

394 1450 599 1506 tionem
639 1450 858 1506 virtutis
898 1446 1177 1511 adhibita,
1220 1447 1364 1501 hanc
1392 1448 1660 1503 rationem
1688 1449 1972 1512 excolere,

392 1550 651 1613 tanquam
679 1540 890 1597 semina
915 1540 972 1595 in
999 1546 1147 1595 terra
1173 1553 1366 1610 sparsa
1385 1579 1401 1607 ,
1427 1555 1549 1611 quae
1575 1554 1702 1595 cum
1727 1540 1973 1613 neglecta

391 1643 521 1690 sunt
541 1674 555 1697 ,
590 1640 824 1704 pereunt

461 1727 576 1781 lloc
606 1726 726 1781 loco
753 1725 1084 1795 ambiguitas
1112 1725 1437 1796 quaestionis
1476 1723 1747 1779 exoritur.
1785 1723 1974 1791 Quare

390 1828 543 1874 tanto
572 1816 819 1889 periculo
847 1817 1051 1886 objecti
1083 1833 1277 1874 sumus
1297 1859 1312 1886 ,
1346 1825 1405 1872 ut
1434 1832 1600 1888 penes
1625 1832 1726 1871 nos
1754 1818 1825 1872 sit
1849 1830 1975 1872 esse

390 1911 565 1967 bonos
587 1949 601 1973 ,
635 1918 688 1964 et
719 1924 829 1964 non
857 1911 1025 1965 esse?
1066 1918 1126 1964 ut
1169 1924 1281 1965 non
1322 1909 1550 1963 omnino
1594 1907 1724 1963 boni
1769 1906 1973 1964 cilicia-

389 2018 534 2067 mur,
564 2001 657 2058 sed
680 2002 999 2073 plerumque
1017 2042 1033 2068 ,
1059 2017 1167 2057 non
1198 2009 1412 2056 tantum
1440 2000 1772 2071 quandoque
1801 1999 1968 2064 mali,

2075 807 2451 880 γυμνάζοιμεν
2480 810 2573 864 τὸν
2609 812 2667 865 ὲν
2696 813 2849 884 ἡμῖν,
2876 812 3069 885 ὥσπερ
3101 815 3260 887 σῶμα
3294 819 3363 889 τῇ
3406 818 3667 891 εὑμέτρῳ

2076 903 2311 974 κινήσει,
2331 904 2458 974 ὑγιῆ
2484 906 2579 957 καὶ
2596 903 2870 977 εὔρωστον
2892 906 3082 961 τοῦτον
3104 908 3461 983 [παρέξομεν.
3488 912 3555 983 ἢν
3578 912 3662 985 δὲ]

2078 996 2153 1065 μὴ
2170 994 2410 1066 ἀξιῶμεν
2429 996 2538 1066 (24)
2557 1013 2571 1027 ·
2602 999 2788 1052 τοῦτον
2810 999 3093 1071 ἀσκήσεώς
3107 1017 3165 1054 τε
3187 1003 3280 1055 καὶ
3294 1002 3661 1074 ἐπιμελείας,]

2074 1085 2318 1140 ἀσθενῶν
2350 1088 2728 1162 ἀμαυρότερος
2765 1091 2997 1159 γίνεται,
3039 1092 3135 1146 καὶ
3166 1092 3322 1158 τέλος
3352 1096 3667 1167 ἀμελούμε-

2074 1197 2165 1244 νος
2201 1181 2502 1254 πηροῦται·
2543 1182 2631 1251 ἐφ’
2671 1185 2804 1255 ἡμῖν
2826 1184 2884 1238 δὲ
2914 1187 3171 1256 τυγχάνει
3197 1187 3474 1259 πανταχοῦ
3515 1189 3667 1260 λόγῳ

2073 1270 2153 1342 τῷ
2188 1272 2246 1325 ὲν
2279 1274 2412 1343 ἡμῖν
2461 1274 2787 1345 κεχρῆσθαι,
2830 1275 3019 1348 ὥσπερ
3060 1279 3109 1331 οί
3155 1278 3255 1350 τὴν
3311 1279 3668 1353 οἰκοδομικὴν

2079 1362 2355 1433 μετιόντες
2386 1363 2464 1435 τῷ
2494 1365 2757 1437 γνώμονι,
2811 1369 2948 1439 πρὸς
2991 1369 3089 1441 τὴν
3118 1372 3317 1443 ἀρετῆς
3348 1373 3664 1444 ἀκρίϐειαν,

2076 1457 2169 1509 καὶ
2195 1456 2383 1510 τοῦτον
2406 1462 2695 1529 γεωργεῖν,
2712 1458 2902 1533 ὥσπερ
2925 1464 2991 1533 τῇ
3021 1465 3092 1534 γῇ
3116 1463 3183 1517 τὰ
3213 1466 3666 1538 καταϐαλλόμενα

2077 1548 2396 1621 σπέρματα·
2433 1551 2598 1624 ἅπερ,
2627 1553 2845 1607 ἐπειδὰν
2876 1553 3149 1627 ἀμεληθῇ,
3175 1555 3573 1630 διαφθείρεται.

2159 1721 2426 1777 Ἐνταῦθα
2437 1722 2502 1795 δὴ
2517 1723 2577 1777 τὸ
2599 1723 2898 1795 ἀμφίϐολον
2918 1725 3223 1781 ἀνακύπτει
3240 1728 3342 1799 τῆς
3354 1727 3665 1803 ζητήσεως.

2075 1811 2232 1876 Τίνος
2265 1813 2427 1884 χάριν
2456 1812 2534 1884 τῷ
2563 1830 2628 1880 γε
2649 1814 2890 1887 τοσούτῳ
2909 1815 3140 1888 κινδύνῳ
3170 1820 3665 1894 παραϐεϐλήμεθα,

2074 1899 2159 1970 ἐφ’
2193 1902 2406 1965 ἑαυτοῖς
2457 1900 2672 1972 ἔχοντες
2719 1904 2780 1956 τὸ
2832 1904 3175 1973 σπουδάζειν,
3204 1910 3299 1963 καὶ
3334 1911 3442 1982 μή;
3468 1911 3544 1976 ὡς
3586 1912 3666 1985 μὴ

2076 1993 2293 2057 πάντως
2326 1992 2565 2061 ἀγαθοὺς
2606 1995 3011 2061 ἀποτελεῖσθαι,
3045 1996 3159 2051 ἀλλ’
3185 1997 3218 2069 ἢ
3246 1999 3324 2064 ὡς
3348 2001 3443 2054 ὲπὶ
3474 2001 3536 2055 τὸ
3558 2021 3667 2056 πο-

388 2097 785 2163 necessarium,
815 2111 925 2150 non
956 2095 1279 2166 simpliciter
1309 2095 1439 2149 utile
1467 2094 1792 2164 periculum.
1822 2093 1970 2147 Alio-

2074 2083 2158 2148 λὺ,
2185 2084 2248 2138 οὑ
2279 2085 2436 2157 μόνον
2452 2085 2598 2141 ἐστιν
2622 2089 2731 2153 ὅτε,
2761 2089 2987 2156 κακοὺς,
3011 2092 3326 2162 ἀναγκαῖος,
3350 2094 3449 2167 οὐχ
3472 2094 3669 2159 ἁπλῶς

388 2189 483 2260 qui
531 2204 560 2242 ιι
612 2195 729 2244 ιοιο
757 2188 1112 2252 aberramus,
1144 2195 1372 2257 totoque
1407 2185 1841 2241 frustraremur:
1888 2194 1971 2239 et-

387 2283 532 2337 enim
562 2282 608 2337 si
636 2280 858 2336 t‘ecisset
877 2295 981 2337 nos
1006 2278 1173 2345 Deus,
1196 2287 1255 2333 ut
1275 2293 1383 2334 non
1402 2292 1692 2350 possemus
1719 2290 1967 2347 peccare,

386 2390 669 2446 nunquam
696 2373 825 2428 facti
849 2388 1097 2429 essemus
1126 2372 1254 2427 boni
1278 2390 1293 2440 ;
1325 2372 1503 2427 bonus
1527 2371 1673 2428 enim
1703 2369 1844 2440 apud
1871 2369 1970 2423 ho-

386 2467 566 2523 mines
589 2476 706 2531 est,
738 2465 832 2537 qui
858 2466 1046 2535 justus
1074 2472 1127 2520 et
1158 2471 1494 2535 temperatus
1523 2470 1608 2519 est
1635 2481 1649 2520 :
1684 2462 1970 2516 abstinens

388 2568 575 2615 autem
625 2559 694 2615 ab
744 2558 1016 2630 injustitia
1062 2556 1122 2612 ﬁt
1161 2557 1390 2627 justus;
1435 2563 1490 2612 et
1530 2554 1746 2627 mgiens
1773 2554 1969 2609 intem-

387 2653 693 2724 perantiam
736 2659 1093 2722 temperatus.
1135 2648 1412 2705 Potestate
1461 2648 1630 2720 igitur
1659 2645 1969 2702 contrario-

388 2762 509 2801 rum
541 2755 895 2815 comparatur
923 2752 978 2800 et
1006 2743 1314 2815 acquiritur
1345 2741 1628 2813 possessio
1654 2739 1968 2795 contrario-

386 2853 532 2895 rum.
568 2835 639 2892 Ut
666 2837 714 2894 si
743 2838 870 2907 quis
896 2852 1009 2891 non
1058 2834 1264 2889 habeat
1318 2840 1645 2902 potestatem
1678 2830 1969 2899 intempe-

385 2931 615 2995 rantiae,
649 2944 761 2983 non
789 2928 971 3000 possit
1005 2926 1122 2982 ﬁeri
1152 2934 1466 2995 temperans
1495 2944 1507 2980 :
1541 2939 1653 2979 non
1679 2923 1826 2977 enim
1858 2936 1967 2976 non

387 3034 551 3093 posse
571 3019 856 3090 suscipere
874 3017 1330 3072 incontinentiam
1352 3056 1367 3080 ,
1393 3014 1524 3070 facit
1545 3014 1967 3078 continentiam;

387 3128 490 3169 nec
528 3111 806 3169 inﬁrmum
846 3126 969 3167 esse
1002 3110 1072 3165 ad
1116 3108 1445 3181 injustitiam
1487 3108 1618 3163 facit
1649 3107 1921 3178 justitiam
1952 3125 1965 3162 :

388 3203 486 3258 sed
517 3216 682 3273 posse
708 3200 888 3256 facere
909 3240 924 3265 ,
956 3201 1171 3256 ratione
1200 3215 1331 3255 vero
1361 3199 1640 3254 abstinere
1671 3213 1738 3254 ne
1768 3197 1967 3263 faciat,

386 3298 503 3351 haec
529 3294 614 3351 est
636 3295 815 3349 virtus
841 3292 1218 3364 temperantiae
1239 3301 1293 3348 et
1311 3292 1572 3363 justitite;
1596 3301 1649 3346 et
1673 3304 1785 3346 non
1807 3305 1971 3361 posse

386 3388 565 3443 solum
588 3427 605 3453 ,
636 3387 732 3442 sed
774 3401 805 3440 a
836 3393 1036 3443 natura
1074 3385 1297 3439 invitari
1325 3392 1380 3440 et
1414 3383 1663 3449 titillari,
1697 3390 1756 3438 ut
1786 3383 1969 3453 aliqua

2072 2177 2368 2251 ὠφέλιμος,
2396 2182 2425 2233 ὁ
2451 2179 2711 2247 κίνδυνοςο
2739 2182 2945 2237 ὲπείτοι
2969 2183 3062 2237 τοῦ
3098 2187 3317 2258 παντὸς,
3339 2186 3668 2261 διαμάρτοι-

2075 2285 2175 2339 μεν
2218 2271 2305 2325 ἀν.
2354 2271 2417 2323 Εί
2462 2270 2571 2343 γάρ
2615 2273 2917 2344 πεποίηκεν
2960 2275 3158 2345 ήμᾶςό
3192 2275 3325 2342 Θεὸς
3364 2278 3668 2343 ἀδυνάτους

2072 2362 2247 2433 πάντη
2308 2363 2445 2435 πρὸς
2484 2365 2780 2437 άμαρτίαν,
2824 2365 2925 2420 οὐκ
2965 2366 3031 2421 ἂν
3069 2369 3374 2440 γεγόναμεν
3426 2371 3660 2440 ἀγαθοίο

2070 2448 2274 2523 ἀγαθὸς
2324 2456 2422 2526 μὲν
2468 2456 2577 2528 γὰρ
2616 2460 2675 2510 ἐν
2699 2456 3006 2529 ἀνθρώποις
3037 2461 3065 2512 ὁ
3091 2460 3302 2525 δίκαιός
3330 2480 3388 2515 τε
3423 2464 3520 2517 καὶ
3550 2466 3666 2518 σώ-

2071 2562 2242 2616 φρων·
2262 2547 2602 2618 ἀπεχόμενος
2627 2549 2683 2602 δὲ
2708 2550 2807 2621 τῆς
2833 2550 3067 2617 ἀδικίας,
3086 2552 3293 2621 γίνεται
3316 2554 3545 2621 δίκαιοςο
3565 2558 3668 2611 καὶ

2071 2641 2289 2711 φεύγων
2336 2643 2631 2697 ἀκολασίαν
2676 2644 2907 2717 σώφρων
2955 2648 3322 2704 ἀποτελεῖται.
3369 2651 3436 2705 Ἦ
3480 2654 3672 2708 τοίνυν

2070 2731 2289 2796 ἐξουσία
2318 2732 2429 2787 τῶν
2457 2734 2711 2789 ἐναντίων
2751 2735 2850 2807 τὴν
2898 2737 3184 2808 κτῆσιν....
3218 2739 3328 2805 Ὧς,
3363 2740 3419 2794 εί
3447 2759 3533 2806 τις
3584 2744 3671 2817 μὴ

2072 2826 2130 2878 ὲν
2167 2825 2386 2897 ἐξουσίᾳ
2427 2826 2725 2891 ἀκολασίας
2762 2827 3042 2898 τυγχάνοι,
3081 2831 3313 2904 σώφρων
3339 2834 3437 2886 οὐκ
3474 2835 3540 2889 ἂν
3571 2838 3672 2905 γέ-

2070 2935 2234 2973 νοιτο.
2253 2919 2389 2991 Φαίη
2411 2919 2520 2991 γὰρ
2541 2918 2607 2974 ἄν
2646 2937 2731 2983 τις
2754 2920 2886 2992 (25)*
2905 2921 3001 2985 Τίς
3029 2923 3157 2996 γάρ,
3180 2920 3291 2990 οἶός
3307 2943 3367 2979 τε
3385 2925 3460 2981 ὢν
3487 2932 3671 2983 ποιεῖν

2071 3010 2392 3075 ἀκόλαστον,
2420 3011 2481 3064 ού
2534 3011 2868 3084 πεποίηκεν;
2898 3015 2958 3068 οὑ
2999 3014 3110 3087 γὰρ
3144 3016 3418 3090 ἀδυναμία
3462 3019 3673 3074 ἀκολα-

2075 3104 2196 3168 σίας
2224 3108 2369 3158 ποιεῖ
2413 3105 2790 3177 σωφροσύνην,
2821 3106 2939 3160 οὐδὲ
2986 3108 3238 3164 ἀσθένεια
3271 3112 3405 3184 πρὸς
3446 3112 3672 3168 ἀδικίαν

2074 3199 2219 3250 ποιεῖ
2244 3197 2623 3270 δικαιοσύνην·
2655 3198 2792 3252 ἀλλά
2831 3199 2893 3253 τὸ
2941 3199 3205 3255 δύνασθαι
3236 3203 3334 3273 μὲν
3372 3205 3668 3276 πράττειν,

2072 3289 2216 3362 λόγῳ
2262 3289 2319 3344 δὲ
2370 3290 2701 3362 ἀπέχεσθαι,
2732 3290 2956 3364 τοῦτοή
3006 3293 3177 3366 ἀρετὴ
3219 3296 3576 3369 σωφροσύνης
3604 3315 3673 3350 τε

2074 3385 2169 3437 καὶ
2198 3383 2563 3455 δικαιοσύνηςο
2599 3384 2696 3438 καὶ
2729 3385 2850 3457 οὐχὶ
2876 3385 3137 3440 δύνασθαι
3175 3387 3673 3463 μόνον,ἀλλάπρὸς

388 3495 517 3536 vera
546 3485 666 3536 laus
695 3480 767 3533 sit
787 3478 1029 3534 voluisse
1050 3492 1161 3533 non
1187 3475 1368 3532 facere
1392 3495 1407 3532 :
1434 3481 1548 3531 hate
1568 3475 1717 3531 enim
1737 3516 1753 3543 ,
1775 3483 1831 3530 et
1860 3490 1970 3529 non

2074 3476 2172 3547 τῆς
2194 3476 2410 3545 φύσεως
2454 3476 2817 3549 ἐρεθίζεσθαι,
2849 3478 2937 3532 ἵνα
2967 3497 3052 3544 τις
3078 3480 3175 3533 καὶ
3205 3479 3669 3559 ἀληθὴςαέπαινος

387 3572 495 3625 alia
544 3569 777 3626 inveniri
832 3574 1015 3640 potest
1059 3565 1205 3637 apud
1250 3566 1503 3622 homines
1554 3565 1777 3629 virtus,
1825 3561 1969 3618 Deus

387 3664 535 3718 enim
567 3677 680 3717 non
724 3667 811 3716 est
849 3659 1137 3715 vocandus
1180 3668 1532 3729 temperans,
1583 3663 1681 3711 aut
1719 3655 1883 3711 fortis
1918 3663 1971 3710 et

388 3755 496 3809 alia
527 3752 844 3824 huiusmodi
870 3792 887 3817 ,
915 3749 1190 3821 siquidem
1234 3764 1402 3820 supra
1448 3750 1751 3804 humanam
1792 3748 1967 3802 virtu.

387 3856 500 3903 tem
530 3852 615 3902 est
649 3864 663 3900 :
695 3844 801 3899 etsi
831 3844 978 3897 enim
1009 3843 1214 3897 dicitur
1236 3843 1454 3912 justus,
1486 3842 1646 3896 aliter
1673 3855 1839 3911 quam
1869 3854 1971 3895 nos

388 3936 611 3991 dicitur.
661 3933 836 3990 Homo
870 3941 1053 3989 autem
1078 3974 1095 4001 ,
1128 3940 1404 4005 quatenus
1448 3933 1645 3998 homo,
1694 3930 1971 4003 quomodo

391 4027 484 4080 tiat
512 4026 690 4082 bonus
712 4067 727 4095 ,
756 4025 1055 4096 quaerimus
1082 4044 1096 4079 :
1131 4023 1428 4091 unicuique
1451 4024 1599 4080 enim
1627 4038 1817 4079 eorum
1849 4039 1971 4095 quae

391 4121 533 4174 facta
564 4127 728 4185 sunt,
762 4132 1019 4174 mensura
1054 4125 1267 4171 naturae
1299 4116 1521 4171 decreta
1563 4124 1618 4171 et
1666 4115 1969 4171 constituta

389 4219 474 4265 est
494 4250 508 4275 ,
530 4225 694 4281 quam
717 4209 937 4280 quidem
968 4207 1207 4264 transire
1231 4213 1285 4262 et
1313 4221 1578 4278 superare
1608 4221 1719 4262 non
1747 4213 1967 4277 potest;

390 4307 485 4361 sed
515 4306 748 4362 deﬁcere
776 4312 955 4376 potest
979 4304 1226 4375 perfecta
1250 4313 1304 4360 et
1327 4304 1582 4361 absoluta
1607 4306 1804 4360 virtus.
1836 4302 1971 4371 Quae

392 4401 557 4470 igitur
583 4413 844 4454 mensura
874 4397 1086 4451 homini
1119 4397 1187 4452 ad
1215 4399 1475 4453 virtutem
1504 4397 1729 4453 deﬁnita
1758 4406 1843 4452 est
1863 4439 1877 4464 ,
1915 4405 1970 4451 et

390 4500 450 4544 ut
477 4491 550 4545 sit
586 4490 790 4546 bonum
829 4489 1206 4560 temperantiae
1247 4498 1302 4543 et
1334 4488 1566 4558 justitiaa
1590 4528 1603 4551 ,
1640 4495 1694 4543 et
1735 4488 1969 4542 aliarum

389 4584 693 4639 virtutum?
747 4598 915 4653 supra
968 4583 1084 4637 haec
1129 4582 1276 4636 enim
1319 4588 1379 4634 ut
1418 4582 1582 4635 homo
1631 4580 1705 4636 sit
1752 4579 1966 4643 bonus,

394 4680 510 4736 Iieri
542 4694 654 4734 non
684 4686 887 4750 potest.
920 4676 979 4731 Si
1007 4677 1154 4732 enim
1180 4674 1541 4744 temperantia
1566 4680 1649 4728 est
1684 4673 1971 4728 continere

391 4771 719 4842 cupiditates
738 4770 1083 4839 voluptatum
1107 4807 1121 4832 ,
1142 4756 1364 4836 oportet
1386 4778 1512 4821 esse
1539 4764 1594 4819 in
1614 4771 1882 4834 potestate
1903 4780 1967 4819 ea

389 4879 513 4936 quae
544 4863 921 4934 temperantiae
963 4868 1096 4914 sunt
1133 4858 1446 4924 contraria,
1482 4871 1718 4926 quorum
1762 4853 1969 4910 dicitur

389 4957 757 5019 continentia,
790 4969 912 5026 qua:
939 4962 1025 5008 est
1055 4952 1436 5022 temperantia:
1481 4965 1719 5017 nomen,
1767 4957 1819 5005 et
1855 4948 1972 5003 otii-

389 5049 536 5103 cium
564 5054 728 5118 atque
759 5060 920 5116 opus.
958 5042 1080 5098 Non
1111 5059 1236 5099 esse
1264 5051 1447 5098 autem
1484 5041 1539 5095 in
1570 5047 1843 5112 potestate
1877 5056 1975 5094 vo-

392 5141 663 5208 luptates,
713 5137 1076 5208 privationem
1127 5131 1510 5204 temperantfte
1564 5134 1729 5202 plane
1788 5131 1970 5187 elIicit.

391 5229 601 5286 Similis
632 5230 774 5284 ratio
801 5237 886 5285 est
907 5226 1137 5298 justitiaa
1160 5233 1211 5280 et
1245 5226 1477 5280 aliarum
1514 5225 1803 5280 virtutum.

2070 3562 2104 3641 ᾗ
2143 3566 2239 3621 τοῦ
2293 3567 2368 3640 μὴ
2415 3568 2676 3639 πράττειν
2723 3570 3030 3643 αἱρεῖσθαι·
3058 3569 3199 3643 αὕτη
3232 3571 3343 3644 γὰρ
3369 3573 3530 3648 μόνη,
3569 3578 3673 3630 καὶ

2071 3660 2171 3713 οὑκ
2213 3657 2349 3729 ἄλλη
2383 3676 2468 3723 τις
2494 3660 2745 3733 εὑρεθείη
2779 3660 2931 3734 παρά
2973 3661 3281 3736 ἀνθρώποις
3307 3666 3499 3740 ἀρετή.
3528 3668 3673 3723 Θεὸν

2075 3751 2174 3822 μὲν
2195 3750 2304 3823 γὰρ
2330 3750 2454 3805 οὔτε
2485 3753 2739 3825 σώφρονα
2763 3752 3011 3824 κλητέον,
3034 3755 3158 3810 οὕτε
3186 3757 3454 3830 ἀνδρεῖον,
3469 3761 3567 3815 καὶ
3597 3762 3671 3817 τὰ

2071 3842 2327 3896 τοιαῦτα·
2374 3844 2561 3899 ἐπάνω
2609 3846 2718 3919 γὰρ
2754 3847 2851 3919 τῆς
2884 3848 3233 3922 ἀνθρωπίνης
3261 3852 3465 3925 ἀρετῆς
3487 3856 3672 3929 ὑπάρ-

2071 3953 2189 4008 χει·
2219 3937 2321 3991 κᾶν
2345 3936 2550 4001 δίκαιος
2572 3939 2628 3993 δὲ
2649 3939 2902 4012 καλῆται,
2921 3942 3216 4014 ἑτέρως’οὑ
3239 3945 3351 4018 γὰρ
3378 3947 3454 4012 ὡς
3476 3949 3664 4019 ἡμεῖς·

2072 4028 2355 4102 ἄνθρωπος
2386 4030 2462 4094 δὲ,
2485 4032 2608 4086 ὅσον
2636 4031 2941 4105 ἄνθρωπος,
2968 4036 3086 4100 πῶς
3108 4035 3175 4090 ἂν
3199 4037 3412 4106 γένοιτο
3435 4042 3670 4110 ἀγαθὸς,

2073 4118 2377 4193 ζητοῦμεν*
2421 4124 2638 4196 ἑκάστῳ
2682 4125 2791 4197 γὰρ
2824 4128 2933 4182 τῶν
2962 4129 3263 4200 γινομένων
3297 4132 3498 4203 μέτρον
3532 4133 3672 4206 ὥριο

2075 4228 2198 4266 σται
2229 4214 2465 4282 φύσεως,
2490 4216 2627 4287 ὅπερ
2660 4217 2964 4291 ὑπερϐῆναι
2988 4220 3089 4292 μὲν
3108 4222 3392 4290 ἀδύνατον,
3421 4225 3484 4279 τὸ
3512 4226 3673 4301 δὲμὴ

2074 4306 2463 4380 ὑπολειφθῆναι
2496 4311 2717 4382 ἐντελὴς
2742 4313 2930 4385 ἀρετή.
2961 4316 3026 4367 Τί
3053 4317 3233 4371 τοίνυν
3256 4318 3534 4392 ἀνθρώπῳ
3565 4323 3668 4394 μὲ-

2072 4416 2199 4471 τρον
2219 4400 2452 4471 ὥρισται
2471 4403 2610 4475 πρὸς
2643 4405 2844 4476 ἀρετὴν
2874 4409 2969 4461 καὶ
2998 4411 3135 4482 πρὸς
3158 4412 3220 4465 τὸ
3243 4414 3501 4482 γενέσθαι
3528 4417 3673 4486 ἀγα-

2073 4491 2197 4556 θόν;
2235 4494 2556 4566 σωφροσύνη
2606 4513 2664 4549 τε
2709 4499 2805 4551 καὶ
2841 4498 3179 4574 δικαιοσύνη,
3205 4506 3301 4559 καὶ
3331 4508 3536 4562 τάλλα·
3574 4511 3677 4564 ἆν-

2074 4582 2290 4654 θρωπον
2319 4583 2428 4654 γὰρ
2462 4585 2601 4656 ὑπὲρ
2627 4586 2802 4643 ταῦτα
2830 4591 3083 4659 γενέσθαι
3111 4595 3337 4665 ἀγαθὸν,
3375 4599 3670 4657 ἀδύνατον.

2073 4674 2136 4777 ΕΞ
2172 4673 2232 4727 δὲ
2270 4677 2302 4745 ἡ
2348 4679 2670 4777 σωφροσύνη
2694 4682 2992 4755 ἐγκράτειά
3026 4689 3173 4741 ἐστιν
3194 4689 3419 4761 ἡδονῶν,
3449 4692 3532 4747 δεῖ
3557 4694 3675 4748 τῶν

2073 4769 2173 4856 τῆς
2205 4769 2560 4842 σωφροσύνης
2584 4773 2846 4829 ἐναντίων
2877 4778 2935 4832 ὲν
2960 4778 3180 4852 ἐξουσίᾳ
3204 4785 3518 4856 τυγχάνειν,
3544 4788 3675 4842 καθ’

2075 4850 2151 4910 ὧν
2173 4859 2214 4951 ήγ
2232 4859 2548 4951 ἐγκράτεια,
2590 4867 2945 4941 σωφροσύνης
2981 4850 3163 4944 δνομά
3184 4892 3243 4928 τε
3273 4850 3369 4930 καὶ
3392 4877 3577 4951 ἔργον.
3594 4881 3674 4935 Τὸ

2073 4950 2131 5002 δὲ
2160 4950 2235 5022 μὴ
2259 4948 2397 5007 εἶναι
2421 4957 2479 5009 ὲν
2501 4955 2722 5030 ἐξουσίᾳ
2745 4960 2853 5014 τῶν
2876 4963 3101 5034 ἡδονῶν,
3121 4965 3386 5039 ἄντικρυς
3405 4948 3672 5044 στέρησιν

2077 5044 2432 5190 σωζρρὲσξνης
2474 5052 2639 5106 ποιεῖ.
2678 5053 3086 5127 Παραπλησίως
3113 5058 3171 5111 δὲ
3195 5059 3308 5132 ἔχει
3345 5062 3674 5137 δικαιοσύνη

2078 5152 2149 5187 κα
2195 5153 2226 5188 τ
2266 5153 2293 5189 Α
2329 5156 2381 5190 α.

2078 5152 2172 5188 και
2195 5152 2381 5193 ταΑΑα.

591 5349 722 5404 Car.
765 5348 854 5405 Ill.
895 5350 977 5403 An
1013 5349 1183 5419 potuit
1216 5349 1365 5403 homo
1389 5364 1501 5402 esse
1525 5346 1902 5417 impeccabilis.
1940 5346 2119 5403 Virtus
2156 5351 2306 5406 nulla
2338 5357 2449 5412 sine
2475 5374 2671 5431 pugna.
2715 5362 2857 5418 Puer
2887 5383 2992 5422 ηοη
3030 5368 3185 5424 habet
3212 5373 3453 5429 vinum,

466 5443 522 5498 Si
552 5444 679 5514 quis
727 5457 860 5498 vero
895 5451 1089 5497 contra
1120 5442 1301 5508 dicat,
1352 5441 1666 5512 oportuisse
1714 5455 1820 5495 nos
1860 5454 1971 5493 non

392 5551 517 5590 esse
550 5545 709 5605 aptos
741 5535 807 5589 ad
829 5534 1177 5606 suscipienda
1214 5533 1491 5588 contraria
1515 5533 1816 5588 virtutibus
1843 5571 1858 5596 ,
1912 5540 1972 5584 ut

467 5675 580 5744 (24)
609 5673 706 5740 Μὴ
740 5673 839 5738 ἀξ.
873 5672 975 5728 Hic
1011 5674 1275 5744 nonnulla
1301 5674 1494 5744 deesse
1520 5673 1793 5730 videntur.
1831 5672 1982 5743 (Qum

396 5742 501 5800 nos
531 5744 856 5812 supplendo,
884 5744 1043 5797 uncis
1072 5743 1412 5813 inclusimus.
1441 5742 1620 5813 Eon.)

471 5813 584 5886 (9.5)
621 5813 769 5879 Φαίη
800 5816 907 5879 γὰρ
936 5812 1012 5865 ἄν
1034 5830 1140 5877 τις.
1177 5812 1299 5868 llaec
1326 5814 1521 5869 desunt
1548 5812 1608 5868 in
1631 5812 1824 5867 Latina
1847 5828 1971 5867 ver-

2151 5442 2212 5499 Εί
2264 5446 2320 5500 δέ
2365 5467 2446 5515 τις
2488 5453 2792 5523 ἀντιλέγοι,
2821 5457 2898 5522 ὡς
2936 5458 3052 5514 δέον
3084 5463 3230 5532 ἡμᾶς
3278 5466 3677 5534 ἀνεπιδὲκτους

2079 5529 2217 5588 εἶναι
2244 5537 2352 5593 τῶν
2380 5543 2636 5598 ἐναντίων
2659 5547 2955 5614 ἀκολασίας
2982 5569 3041 5605 τε
3075 5554 3171 5607 καὶ
3212 5556 3453 5625 ἀδικίας,
3474 5560 3672 5635 ὥσπερ

2091 5677 2244 5761 sione
2279 5678 2530 5763 Τίνι-ιὶίοηί
2567 5682 2782 5763 :_Dicat
2826 5689 2963 5743 enim
3018 5690 3237 5761 aliqua,
3272 5711 3343 5749 an
3387 5698 3457 5752 sit
3509 5700 3672 5754 homo

2082 5753 2172 5820 qui
2204 5753 2369 5806 possit
2395 5753 2570 5821 facere
2593 5754 3046 5826 intemperantem,
3081 5753 3129 5816 et
3166 5753 3272 5820 non
3312 5766 3459 5836 fecit.
3499 5753 3667 5826 Bassi.
