4100 6430
421 363 560 420 1157

1517 367 1891 431 ADVERSUS
1929 369 2359 429 MANICILEOS
2398 368 2526 427 LIB.
2570 368 2637 425 Π.

3555 369 3690 425 “.38

418 481 447 532 6
474 477 620 542 θεὸς,
644 478 801 534 οὐδὲν
822 480 1010 553 ἕτερον
1033 482 1063 534 6
1088 479 1326 546 τοιοῦτος
1356 481 1522 554 λέγει,
1547 487 1580 556 ἢ
1612 489 1688 554 ὡς
1721 490 1839 543 δέον
1868 486 1997 543 εἶναι

2114 488 2595 558 intemperantiam
2646 492 2705 547 et
2736 487 3095 557 injustitiam,
3148 487 3295 544 sicut
3327 486 3502 553 Deus;
3555 486 3689 540 nihil

418 572 566 641 ἡμᾶς
592 570 694 625 οὐκ
722 569 1045 645 ἀνθρώπους
1065 589 1079 603 ·
1111 571 1300 644 ὥσπερ
1332 573 1399 629 ἄν
1430 592 1538 641 τις,
1564 580 1724 634 ἀετὸν
1756 581 1867 635 ἄνω
1902 596 2003 632 που

419 661 641 732 θεωρῶν
693 663 897 735 ὑψηλὸν
950 665 1283 738 ἱπτάμενον,
1341 668 1674 743 ἀγανακτοίη
1730 673 1874 727 κατὰ
1907 674 2006 745 τῆς

419 754 588 808 ἵππου
626 755 863 826 φύσεως,
902 757 996 811 καὶ
1045 758 1259 828 πικρῶς
1305 763 1518 828 κακίζοι
1551 765 1777 837 ταύτην,
1825 766 1901 831 ὡς
1930 766 2004 839 μὴ

422 847 813 920 παραπλησίαν
870 852 936 920 τῇ
980 851 1073 904 τοῦ
1111 851 1307 919 ἀετοῦ,
1367 854 1485 909 δέον
1526 857 1693 912 ἵππον
1743 859 1819 922 ὡς
1869 860 2006 932 πρὸς

421 934 592 988 ἵππου
626 936 787 1006 φύσιν
834 937 1130 1005 ἐξετάζειν.
1180 943 1501 1016 ’Ἄνθρωπον
1539 946 1603 1020 δὴ
1644 950 1943 1021 πεποίηκεν
1976 948 2019 1003 δ’

421 1025 554 1091 Θεὸς
579 1026 673 1081 τὸν
707 1028 1016 1101 ἄνθρωπον,
1042 1030 1221 1105 ψυχὴν
1240 1034 1303 1105 δὴ
1333 1037 1467 1107 μετὰ
1496 1036 1745 1109 σώματος
1765 1057 1779 1071 ’
1814 1058 1999 1111 σωμα-

419 1120 572 1185 τικὸς
604 1120 714 1192 γάρ
760 1123 909 1176 ἐστιν
958 1124 1199 1198 οἰκήτωρ
1228 1126 1459 1199 κόσμου.
1487 1124 1655 1195 Οὗτος
1691 1131 1868 1185 τοίνυν
1907 1133 2004 1187 ἐὰν

421 1215 647 1285 γένηται
692 1216 917 1286 ἀγαθὸς,
948 1218 1072 1271 ὅσον
1101 1222 1270 1290 χωρεῖ
1300 1219 1589 1294 ἀνθρώπου
1635 1223 1815 1293 φύσις,
1853 1226 2004 1280 εὐδό-

421 1326 584 1380 κιμος
614 1308 681 1365 ἂν
726 1310 998 1383 εὑρεθείη.
1047 1312 1174 1393 [[ῶς
1219 1314 1285 1369 ἂν
1324 1310 1415 1370 οὖν
1460 1318 1673 1386 γένοιτο
1720 1320 2003 1393 ἄνθρωπος

421 1399 645 1469 ἀγαθὸς,
688 1399 970 1475 ζητητέον,
1003 1404 1052 1459 εἰ
1103 1406 1400 1477 πεποίηκεν
1438 1409 1619 1465 αὐτόν,
1653 1409 1862 1467 Οὐκοῦν
1906 1414 2002 1466 ἇν-

422 1490 641 1563 θρωπος
672 1491 879 1561 γένοιτο
920 1494 1145 1564 ἀγαθὸς,
1173 1497 1223 1550 εἰ
1253 1496 1487 1570 σώφρων
1517 1499 1602 1572 εἴη
1636 1502 1731 1555 καὶ
1762 1502 1966 1568 δίκαιος
1985 1521 1998 1535 ·

421 1580 470 1631 εἰ
493 1577 603 1650 γὰρ
622 1577 800 1633 ἔνεστι
831 1580 1026 1652 βελτίω
1053 1584 1253 1656 τρόπον
1273 1586 1558 1659 ἄνθρωπον
1582 1592 1833 1660 γενέσθαι
1862 1595 2000 1663 ἁγα-

421 1669 530 1735 οὸν,
563 1672 835 1728 αἰτιατέον
855 1673 949 1729 τὸν
979 1675 1485 1751 δημιουργήσαντα,
1503 1684 1584 1738 ὅτι
1617 1685 1693 1757 μὴ
1718 1687 1838 1741 κατ’
1861 1688 2003 1742 ὲκεί-

420 1778 510 1815 νον
540 1763 778 1833 ἀνέδειξε
833 1766 927 1821 τὸν
973 1767 1260 1840 ἄνθρωπον
1317 1773 1539 1842 ἀγαθόν.
1573 1776 1636 1829 Ei
1682 1777 1739 1831 δὲ
1786 1779 1910 1832 ὅσον
1943 1782 2002 1833 ὲν

2112 581 2260 636 aliud
2293 580 2382 636 hic
2405 581 2561 644 dicit,
2595 595 2759 651 quam
2792 590 3047 651 oportere
3074 597 3176 637 nos
3207 596 3317 635 non
3342 594 3468 635 esse
3508 577 3689 633 homi-

2110 689 2209 729 nes
2239 692 2249 726 :
2286 680 2345 727 ut
2399 673 2446 727 si
2503 673 2627 743 quis
2659 680 2933 743 spectaret
2981 673 3219 743 aquilam
3250 674 3304 727 in
3333 671 3568 728 sublime
3597 687 3693 725 vo-

2109 764 2335 831 lantem,
2359 771 2412 819 et
2441 771 2794 819 succenseret
2826 774 3034 819 natura:
3057 766 3203 838 equi,
3232 780 3464 835 eamque
3495 763 3694 819 acerbe

2106 858 2440 929 vituperaret
2502 865 2763 928 tanquam
2821 857 3143 914 dissimilem
3199 865 3411 913 naturae
3451 855 3690 928 aquiiae,

2106 965 2230 1004 cum
2262 957 2538 1022 oporteret
2571 966 2774 1023 equum
2820 967 2886 1006 ex
2925 957 3124 1005 natura
3156 950 3283 1021 equi
3313 950 3689 1006 considerare.

2109 1039 2257 1096 Sane
2289 1040 2509 1111 quidem
2532 1041 2810 1097 hominem
2846 1041 2973 1096 fecit
3000 1039 3165 1106 Deus,
3192 1040 3286 1111 qui
3319 1047 3465 1096 esset
3492 1040 3688 1104 homo;

2105 1133 2344 1188 animam
2410 1134 2542 1189 item
2590 1148 2717 1188 cum
2767 1148 3037 1203 corpore,
3094 1133 3223 1204 quia
3275 1140 3362 1189 est
3412 1132 3693 1187 habitator

2104 1223 2292 1278 mundi
2325 1239 2648 1294 corporeus.
2684 1222 2785 1279 Hic
2815 1223 2985 1296 igitur
3023 1223 3070 1281 si
3123 1224 3215 1279 l'lat
3244 1224 3422 1280 bonus
3445 1264 3461 1291 ,
3509 1223 3690 1294 quond

2104 1323 2301 1370 natura
2331 1315 2573 1371 hominis
2607 1316 2817 1387 patitur
2842 1356 2857 1379 ,
2887 1325 3166 1388 spectatus
3199 1326 3253 1372 et
3285 1315 3553 1388 probatus
3599 1330 3691 1373 re.

2105 1408 2368 1478 periatur.
2405 1407 2692 1475 Quomodo
2726 1417 2906 1464 autem
2959 1409 3053 1464 ﬁat
3108 1409 3274 1464 homo
3307 1410 3550 1481 probus,
3604 1408 3689 1463 in-

2103 1500 2434 1569 quirendum
2480 1506 2566 1579 est
2619 1511 2783 1572 atque
2832 1502 3223 1572 requirendum
3254 1516 3286 1557 a
3337 1501 3470 1567 Deo,
3505 1509 3688 1556 utrum

2105 1590 2296 1647 fecerit
2329 1608 2477 1647 eum.
2529 1591 2702 1648 Homo
2737 1594 2904 1665 igitur
2949 1594 3040 1649 ﬂet
3068 1595 3272 1659 bonus,
3309 1595 3357 1651 si
3383 1594 3454 1649 sit
3484 1602 3694 1665 tempe.

2103 1699 2236 1739 rans
2264 1692 2317 1738 et
2341 1684 2569 1755 justus:
2608 1686 2651 1741 si
2689 1687 2834 1742 enim
2894 1687 3057 1742 liceat
3103 1687 3329 1743 meliore
3366 1686 3530 1741 modo
3573 1686 3689 1740 ﬁeri

2106 1777 2385 1831 hominem
2420 1778 2627 1833 bonum
2650 1821 2665 1844 ,
2703 1781 3049 1836 accusandus
3100 1781 3174 1837 sit
3206 1779 3351 1837 Deus
3376 1820 3391 1844 ,
3443 1781 3539 1851 qui
3596 1779 3691 1834 illo

418 1852 709 1926 ἀνθρώπου
744 1857 903 1926 φύσει
930 1859 1083 1914 οὐδὲν
1119 1861 1347 1933 βέλτιον,
1378 1866 1644 1921 ἐπιδέοιτο
1676 1868 1743 1922 ἂν
1793 1869 1997 1942 ἄνθρω-

2106 1868 2267 1924 modo
2298 1871 2681 1940 prastantiore
2710 1887 2820 1927 non
2855 1871 2983 1929 fecit
3014 1868 3291 1930 hominem
3326 1874 3552 1929 bonum.
3591 1870 3689 1927 Sin

419 1963 518 2010 πος
541 1949 896 2022 σωφροσύνης
919 1951 1014 2005 καὶ
1040 1952 1148 2007 τῶν
1167 1953 1342 2009 ἄλλων
1360 1972 1374 1985 ·
1402 1954 1684 2029 ζητητέον,
1710 1960 1826 2024 πῶς
1849 1957 2007 2026 αὖθις

415 2039 640 2095 δυνατόν
665 2059 729 2111 γε
758 2042 1044 2116 ἄνθρωπον
1078 2044 1335 2120 σώφρονά
1372 2066 1431 2103 τε
1464 2051 1561 2105 καὶ
1600 2052 1808 2109 δίκαιον
1831 2053 2002 2110 εἶναι·

420 2131 668 2201 βούλεται
710 2133 818 2206 γὰρ
872 2137 1044 2191 ταῦτα
1086 2134 1224 2193 εἶναι
1282 2141 1446 2196 αὐτὸν
1488 2145 1517 2197 6
1571 2144 2001 2220 δημιουργήσας.

418 2223 627 2279 Οὐκοῦν
658 2228 980 2302 σωφροσύνη
1022 2231 1146 2304 δίχα
1189 2233 1293 2304 τῆς
1336 2234 1430 2288 τοῦ
1473 2234 1719 2292 ἐναντίου
1763 2241 1997 2312 παραθέ-

420 2332 559 2381 σεως
590 2318 691 2373 οὐκ
723 2317 792 2373 ἂν
835 2320 1075 2389 γένοιτο·
1107 2324 1308 2395 ὁμοίως
1335 2326 1391 2379 δὲ
1436 2329 1531 2382 καὶ
1575 2328 1920 2405 δικαιοσύνη·
1951 2336 2000 2388 εἰ

415 2409 472 2463 δὲ
503 2410 602 2483 μὴ,
630 2412 732 2467 οὐκ
759 2412 827 2467 ἂν
857 2414 943 2487 εἴη
979 2418 1300 2491 σωφροσύνη
1330 2420 1451 2474 οὔτε
1485 2422 1821 2494 δικαιοσύνη.

2110 1968 2292 2018 autem
2319 1970 2585 2034 quantum
2617 1966 2670 2020 in
2703 1973 2901 2021 natura
2933 1965 3174 2023 hominis
3206 1966 3371 2021 situm
3412 1972 3520 2032 est,
3554 1966 3691 2020 nihil

2110 2054 2339 2121 melius;
2368 2070 2508 2126 opus
2542 2065 2627 2112 est
2658 2056 2863 2112 homini
2896 2059 3257 2129 temperantia
3278 2098 3292 2124 ,
3351 2066 3405 2114 et
3440 2058 3690 2129 justitia,

2109 2148 2340 2219 aliisque
2386 2149 2704 2205 virtutibus.
2762 2148 2861 2205 llic
2907 2165 3104 2207 rursus
3155 2150 3510 2222 qurerendum
3562 2160 3687 2213 est,

2110 2242 2386 2311 quomodo
2424 2242 2590 2298 homo
2623 2250 2961 2315 temperatus
2994 2252 3050 2299 et
3080 2244 3268 2315 justus
3302 2259 3425 2300 esse
3464 2252 3643 2315 potest
3672 2264 3686 2298 :

2109 2334 2227 2388 vult
2255 2336 2401 2390 enim
2429 2336 2523 2406 qui
2554 2351 2678 2391 eum
2715 2336 2862 2405 fecit,
2893 2345 2954 2393 ut
2994 2337 3118 2393 talis
3152 2337 3243 2395 sit.
3279 2338 3451 2410 Igitur
3482 2346 3693 2410 tempe.

2110 2427 2289 2482 rantia
2318 2427 2437 2483 sine
2469 2429 2881 2499 comparatione
2936 2438 2990 2485 et
3046 2430 3399 2487 contentione
3427 2431 3689 2486 contrarii

417 2502 534 2557 ﬁeri
585 2518 698 2560 non
743 2514 953 2576 potest;
1011 2510 1265 2568 similiter
1307 2512 1563 2584 justitia:
1599 2503 1805 2585 alioqui
1856 2534 2138 2590 nunquam
2176 2520 2282 2576 erit
2314 2522 2695 2591 temperantia,
2726 2537 2905 2591 neque
2934 2522 3169 2590 justitia.

486 2638 549 2692 Ei
587 2639 643 2692 δὲ
677 2643 751 2712 μὴ
802 2644 886 2713 εἰη
916 2641 1105 2697 τοῦτον
1139 2643 1229 2697 τὸν
1256 2646 1456 2718 τρόπον
1488 2644 1998 2722 δυνατδνγενέσθαι

413 2728 619 2785 δίκαιόν
652 2749 711 2785 τε
756 2733 849 2786 καὶ
894 2733 1177 2808 σώφρονα,
1212 2739 1314 2791 οὐκ
1354 2738 1419 2793 ἂν
1454 2740 1628 2807 ἄλλως
1665 2744 1874 2814 γένοιτο
1903 2747 2000 2802 ἄν-

414 2819 634 2893 θρωπος
662 2822 868 2889 δίκαιός
893 2843 953 2879 τε
978 2829 1071 2880 καὶ
1105 2827 1338 2906 σώφρων
1357 2847 1370 2862 ·
1406 2832 1501 2886 καὶ
1522 2833 1641 2887 τότε
1664 2835 1902 2906 εὐλόγως
1933 2839 2000 2894 ἂν

413 2915 442 2967 6
468 2913 799 2988 δημιουργὸς
840 2918 1156 2992 διαϐληθείη
1182 2897 1303 2976 (ἔτι
1346 2924 1616 2995 πεποίηκε
1647 2897 1999 2986 δυνατὸν-οὐκ

413 3001 555 3061 εἶναι
588 3007 679 3061 τὸν
726 3010 1014 3083 ἄνθρωπον
1051 3012 1307 3082 γενέσθαι
1341 3015 1567 3085 ἀγαθὸν,
1609 3017 1754 3088 λέγω
1799 3021 1862 3093 δὴ
1894 3022 1999 3076 σώ-

2179 2658 2335 2726 Quod
2360 2660 2407 2716 si
2437 2660 2541 2717 hoc
2573 2661 2737 2715 modo
2760 2675 2869 2716 non
2900 2661 3076 2732 possit
3102 2660 3216 2715 ﬁeri
3246 2659 3432 2731 justus
3461 2667 3517 2716 et
3545 2667 3689 2715 tem~

2108 2762 2367 2824 peratus,
2414 2770 2524 2810 non
2570 2755 2730 2810 aliter
2762 2753 2854 2809 [iet
2898 2753 3063 2809 homo
3108 2753 3297 2822 justus
3327 2758 3382 2808 et
3416 2759 3690 2822 tempera-

2106 2853 2234 2901 tus:
2268 2855 2323 2903 et
2352 2854 2485 2903 tunc
2518 2848 2715 2904 merito
2748 2846 3182 2918 reprehendatur
3234 2844 3399 2913 Deus,
3428 2846 3558 2916 quia
3609 2844 3689 2900 fe-

2106 2940 2182 2995 cit
2221 2949 2283 2995 ut
2311 2941 2656 3011 impossibile
2678 2948 2823 2998 esset
2845 2940 2962 2996 ﬁeri
2988 2939 3267 2995 hominem
3297 2938 3528 3004 bonum,
3551 2945 3690 2993 tem-

2106 3041 2355 3101 peratum
2396 3033 2543 3098 dico,
2574 3041 2628 3090 et
2669 3033 2921 3104 justum;
2967 3046 3079 3102 quo
3103 3030 3323 3101 quidem
3376 3031 3536 3087 modo
3567 3041 3689 3087 tan-

414 3099 591 3171 φρονά
636 3119 700 3155 τε
752 3104 847 3156 καὶ
880 3103 1109 3169 δίκαιον,
1146 3105 1267 3159 καθ’
1300 3107 1358 3161 ὃν
1420 3109 1580 3179 μόνον
1620 3112 1716 3164 καὶ
1747 3111 1997 3187 οὐδαμῶς

2103 3133 2241 3189 tum,
2276 3133 2331 3180 et
2353 3126 2507 3181 nullo
2546 3127 2803 3197 quopiam
2837 3126 2946 3179 alio
2985 3124 3203 3179 iuturus
3240 3134 3359 3178 erat
3388 3123 3683 3193 gloriosus,

412 3191 599 3264 ἕτερόν
636 3211 760 3247 τινα
790 3194 993 3266 τρόπον
1038 3197 1348 3270 εὐδοξήσειν
1381 3200 1593 3271 ἔμελλε,
1626 3204 1720 3259 καὶ
1750 3206 1899 3274 ἄξιός
1932 3227 1996 3279 γε

412 3283 514 3354 τῆς
539 3284 634 3338 τοῦ
674 3286 1038 3355 πεποιηκότος
1072 3289 1264 3357 σοφίας
1304 3291 1815 3366 ἀποδειχθήσεσθαι.
1845 3299 1906 3352 Εἰ
1939 3300 1996 3353 δὲ

412 3374 661 3446 ἐπιμένοι
696 3378 725 3430 ὀ
759 3378 1077 3448 ἀντιλέγων,
1105 3380 1180 3444 ὡς
1213 3382 1382 3453 ἐχρῆν
1415 3384 1596 3455 φύσει,
1631 3388 1726 3442 καὶ
1759 3390 1817 3443 οὗ
1851 3392 1997 3464 πόνῳ

413 3464 666 3539 σώφρονα
696 3468 952 3538 γενέσθαι
997 3470 1088 3525 τὸν
1121 3472 1409 3545 ἄνθρωπον
1431 3517 1447 3541 ,
1494 3477 1676 3545 πάλιν,
1708 3479 1769 3533 τὸ
1800 3482 1851 3535 τί
1881 3484 1996 3538 ἐστι

414 3561 736 3633 σωφροσύνη
770 3562 1202 3635 καταλιμπάνων
1222 3608 1235 3631 ,
1278 3568 1369 3621 ἐπὶ
1401 3569 1685 3639 ἀλόγιστον
1727 3574 1939 3645 αἵρεσιν
1968 3578 1997 3630 6

409 3649 649 3715 τοιοῦτος
693 3651 965 3706 ὲκκλίνει’
1015 3653 1077 3707 τὸ
1130 3655 1227 3726 μὲν
1259 3656 1342 3709 ὅτι
1387 3657 1649 3714 ἀδύνατόν
1691 3663 1838 3716 ἐστιν
1868 3662 1994 3717 ἄνευ

412 3743 768 3817 σωφροσύνης
798 3746 890 3799 καὶ
915 3745 1266 3820 δικαιοσύνης
1293 3750 1442 3816 ἄξιον
1472 3748 1723 3809 εἷναιτοῢ
1765 3771 1995 3826 πεποιη-

410 3833 568 3899 κότος
598 3834 899 3907 τιθέμενος,
933 3837 1024 3891 τὺν
1063 3838 1120 3892 δὲ
1146 3840 1347 3911 τρόπον
1379 3844 1479 3914 τῆς
1517 3845 1762 3916 κτήσεως
1789 3846 1994 3902 τούτων

408 3926 685 3992 ἐξετάζειν
718 3929 779 3982 οὐ
835 3928 1189 4002 βουλόμενος*
1229 3935 1311 3987 ὅτι
1357 3935 1421 4005 δὴ
1449 3936 1512 3991 τὸ
1554 3936 1738 4010 δεσμῷ
1780 3938 1995 4009 φύσεως

408 4020 734 4090 γιγνόμενον
766 4022 867 4076 οὐκ
902 4023 969 4078 ἂν
996 4024 1079 4097 εἴη
1127 4027 1472 4100 σωφροσύνη,
1523 4030 1646 4102 ἥτις
1689 4032 1890 4102 ἥκιστά
1929 4051 1992 4103 γε

408 4110 611 4182 ἑτέρως
635 4113 668 4183 ἢ
705 4116 770 4185 τῇ
806 4114 916 4168 τῶν
942 4115 1145 4186 ἡδονῶν
1171 4118 1486 4173 ἀντιστάσει
1520 4122 1864 4192 γνωρίζεται.
1895 4167 1907 4180 .
1934 4167 1946 4181 .
1975 4167 1990 4180 .

406 4202 578 4259 δεῖται
620 4205 728 4277 ἄρα
778 4205 888 4261 τῶν
940 4208 1375 4282 ἀνθισταμένων,
1424 4211 1511 4266 ἵνα
1562 4209 1848 4288 μαχομέῦη
1899 4220 1994 4272 καὶ

406 4297 687 4369 κρατοῦσα
739 4298 927 4354 τοῦτον
973 4301 1148 4374 κληθῇ
1205 4303 1301 4357 καὶ
1346 4304 1573 4377 γένηται
1627 4309 1987 4381 σωφροσύνη·

405 4392 808 4465 παραπλησίως
836 4395 892 4448 δὲ
921 4395 1015 4449 καὶ
1045 4396 1114 4450 τὰ
1143 4396 1296 4453 ἄλλα.
1329 4398 1486 4453 Οὕτω
1511 4400 1577 4471 δὴ
1612 4403 1987 4459 κατεσκεύακε

404 4485 496 4540 τὸν
524 4485 843 4559 ἄνθρωπον·
882 4488 1043 4556 φύσει
1083 4490 1182 4561 μὲν
1228 4489 1339 4545 οὔτ’
1372 4491 1578 4562 ἀγαθὸν
1623 4493 1748 4549 οὕτε
1779 4496 1947 4551 κακόν
1969 4514 1982 4528 ·
2021 4483 2064 4536 Ῑ)

404 4575 705 4645 ἐπιτρέψας
735 4576 793 4629 δὲ
825 4576 904 4648 τῷ
936 4578 1185 4650 λογισμῷ
1221 4581 1314 4635 τοῦ
1357 4585 1665 4654 κρείττονος
1697 4585 1795 4659 τὴν
1838 4588 1990 4660 αἶρε--

405 4682 508 4720 σιν.
547 4666 608 4719 Εἰ
648 4666 705 4719 δέ
750 4684 830 4721 τοι
893 4669 1020 4741 μήτ’
1063 4671 1269 4739 ἀγαθὸν
1301 4676 1439 4747 μητὲ⁹
1472 4679 1668 4745 κακὸν,
1698 4678 1838 4735 τίᾶν
1877 4682 1985 4753 εἴη,

402 4757 587 4813 λοιπὸν
617 4758 884 4831 ζητεῖται.

454 4891 780 4966 ΐΣκοπητεον
811 4909 874 4952 το
912 4898 1085 4968 ῥραχυ
1129 4901 1343 4952 παιδιον
1372 4902 1437 4972 τῇ
1472 4919 1581 4955 των
1609 4894 1798 4974 ἄκρων
1834 4921 1988 4960 αναι-
2054 4949 2061 4957 .

403 4987 548 5060 ρέσει
569 4986 991 5060 γνωριζόμενον,
1013 4989 1156 5060 λέγω
1180 4990 1244 5063 δὴ
1271 4990 1382 5045 οὔτ’
1405 4993 1609 5062 ἀγαθὸν
1631 4993 1756 5049 οὔτε
1781 4998 1949 5051 κακόν
1968 5015 1982 5028 '

399 5079 432 5149 ἡ
466 5080 563 5149 μὲν
607 5079 718 5152 γὰρ
760 5080 920 5133 οὐσία
964 5080 1154 5136 τούτου
1203 5083 1376 5156 καλήο
1423 5084 1484 5139 τὸ
1527 5086 1584 5140 δὲ
1622 5089 1742 5142 κατ’
1782 5088 1985 5161 ἀρετὴν

398 5177 601 5246 ἀγαθὸν
647 5179 804 5235 οὔπω
857 5182 1244 5255 προσείληφεν.
1305 5183 1464 5239 Οὕτω
1520 5185 1586 5258 δὴ
1636 5187 1730 5241 καὶ
1783 5188 1984 5259 χρυσὸς

398 5271 559 5340 φύσει
592 5275 782 5339 καλός·
826 5275 971 5347 λόγῳ
1014 5277 1073 5330 δὲ
1116 5278 1316 5350 ἀρετῆς
1364 5280 1463 5334 οὐκ
1507 5280 1731 5349 ἀγαθὸς,
1777 5282 1984 5354 ἄψυχος

396 5365 502 5419 ὧν·
537 5365 633 5419 καὶ
683 5366 820 5423 λίθοι
865 5371 1040 5441 τίμιοι
1084 5371 1510 5444 παραπλησίως,
1557 5373 1652 5426 καὶ
1690 5374 1868 5429 πάντα
1912 5375 1981 5429 τὰ

392 5455 544 5520 ὄντα,
580 5456 810 5514 ἕκαστον
851 5461 994 5517 κατὰ
1034 5462 1096 5515 τὸ
1138 5462 1269 5517 ἴδιον
1304 5466 1361 5518 ἐν
1403 5465 1523 5535 ὄψει
1570 5465 1785 5530 κάλλος.
1821 5468 1980 5521 Κατὰ

391 5550 456 5621 δὴ
488 5549 677 5604 τοῦτον
713 5552 804 5606 τὸν
843 5554 1002 5625 λόγον
1055 5555 1151 5609 καὶ
1200 5555 1485 5629 ἅνθρωπος
1509 5575 1522 5589 ·
1556 5557 1718 5623 καλὸς
1749 5561 1847 5630 μὲν
1889 5562 1983 5615 καὶ

391 5642 512 5697 λίαν
545 5644 710 5707 καλὸς
741 5646 896 5719 οὐσίᾳ
924 5665 982 5701 τε
1006 5650 1102 5703 καὶ
1134 5649 1283 5721 αὐτῷ
1305 5649 1382 5721 τῷ
1407 5646 1544 5705 εἶναι
1567 5670 1579 5681 ·
1607 5653 1667 5706 τὸ
1697 5653 1754 5707 δὲ
1775 5654 1979 5722 ἀγαθὸν

392 5737 455 5790 τὸ
485 5736 576 5791 διὰ
626 5737 796 5807 μόνης
840 5740 1045 5813 ἀρετῆς
1090 5742 1521 5816 προσγινόμενον
1577 5745 1725 5815 πόνῳ
1760 5746 1975 5801 κτᾶται.

394 5830 486 5884 Διὸ
513 5829 645 5894 θεὸς
686 5832 774 5884 ἐπ’
827 5833 977 5907 αὐτῷ
1020 5831 1158 5891 εἶναι
1208 5835 1366 5891 τοῦτο
1412 5836 1750 5911 πεποίηκεν·
1793 5839 1839 5891 el
1884 5835 1977 5895 οὖν

2099 3225 2153 3273 ει
2182 3217 2451 3289 sapientia
2481 3218 2726 3274 auctoris
2760 3218 2846 3273 sui
2902 3217 3102 3288 dignus
3154 3215 3460 3272 habendus.
3496 3214 3553 3269 Si
3587 3229 3686 3269 au-

2099 3316 2206 3366 tem
2238 3311 2332 3381 qui
2366 3310 2730 3375 contradicit,
2774 3316 3089 3380 perseveret
3140 3308 3477 3365 contendens
3522 3323 3686 3379 opor-

2096 3402 2273 3459 tuisse
2305 3410 2526 3468 natura,
2554 3411 2611 3458 et
2646 3419 2756 3458 non
2785 3402 2974 3457 labore
3020 3400 3135 3457 fieri
3163 3402 3441 3457 hominem
3469 3407 3683 3472 tempe-

2098 3500 2347 3560 rantem;
2379 3508 2577 3551 rursus
2609 3492 2699 3548 hic
2736 3495 2997 3549 omittens
3017 3491 3149 3564 quid
3173 3492 3245 3549 sit
3273 3493 3632 3562 temperantia
3663 3534 3678 3556 ,

2098 3585 2166 3639 ad
2199 3585 2507 3656 eligendum
2542 3600 2608 3641 ac
2645 3584 2973 3641 sumendum
3022 3584 3167 3657 quod
3212 3600 3241 3639 a
3280 3585 3492 3641 ratione
3521 3599 3680 3642 aver-

2098 3666 2218 3732 sum
2248 3684 2333 3732 est
2361 3675 2634 3745 declinat;
2669 3684 2784 3731 tum
2819 3677 2947 3748 quia
2986 3677 3140 3747 ponit
3167 3686 3223 3732 et
3247 3677 3471 3744 statuit,
3520 3693 3683 3750 posse

2097 3769 2373 3825 hominem
2405 3769 2524 3826 sine
2557 3770 2918 3841 temperantia
2950 3778 3004 3826 et
3038 3770 3257 3840 justitia
3302 3786 3426 3827 esse
3454 3770 3680 3843 dignum

2096 3867 2321 3917 auctore
2350 3875 2452 3916 suo
2485 3861 2575 3931 qui
2609 3876 2731 3915 eum
2772 3861 2931 3927 fecit;
2963 3867 3075 3915 tum
3105 3859 3232 3931 quia
3264 3876 3373 3915 non
3407 3861 3525 3916 vult
3556 3876 3684 3917 con-

2094 3954 2362 4021 siderare,
2387 3954 2664 4025 quomodo
2688 3953 2968 4025 possessio
2995 3954 3190 4009 harum
3224 3953 3489 4008 virtutum
3526 3969 3680 4008 com-

2094 4053 2353 4118 paretur,
2400 4048 2529 4118 quia
2560 4035 2705 4118 quod
2746 4047 2968 4101 vinculo
2997 4054 3208 4102 natura:
3241 4046 3444 4101 factum
3499 4053 3678 4112 esset,

2094 4152 2375 4208 nunquam
2421 4146 2570 4193 esset
2630 4137 3032 4207 temperantia,
3089 4152 3213 4207 qua:
3256 4136 3483 4190 minime
3523 4138 3681 4191 aliter

2093 4246 2256 4300 quam
2313 4232 2700 4289 resistentibus
2754 4231 3124 4298 voluptatibus
3177 4230 3561 4300 cognoscitur;
3621 4238 3680 4305 ut

2093 4338 2346 4394 pugnans
2372 4330 2427 4378 et
2454 4323 2683 4379 vincens
2723 4337 2838 4388 eas,
2874 4329 3101 4376 vocetur
3150 4331 3203 4376 et
3256 4320 3329 4375 sit
3369 4328 3679 4390 temperan-

2094 4416 2208 4471 tia:
2248 4416 2502 4471 similiter
2536 4415 2592 4470 in
2627 4414 2772 4470 aliis.
2808 4412 2900 4470 Sic
2945 4428 3079 4469 sane
3123 4412 3399 4468 hominem
3424 4420 3680 4469 constru-

2092 4510 2192 4575 xit,
2220 4516 2415 4563 natura
2446 4507 2668 4578 quidem
2700 4521 2878 4577 neque
2936 4507 3138 4561 bonum
3198 4520 3374 4576 neque
3430 4505 3631 4559 malum
3658 4545 3674 4570 ,

2092 4601 2445 4677 committens
2495 4598 2696 4655 rationi
2752 4597 3076 4654 electionem
3138 4597 3401 4653 melioris.
3455 4596 3509 4652 Si
3545 4612 3675 4652 vero

2093 4682 2276 4765 neque
2305 4692 2511 4749 bonum
2560 4707 2738 4763 neque
2767 4692 2995 4754 malum,
3027 4692 3294 4763 quaeritur
3319 4690 3450 4763 quid
3481 4698 3669 4746 restet.

2164 4912 2615 4969 Consitlerantlus
2640 4920 2723 4967 est
2752 4929 2887 4983 puer
2914 4929 3115 4983 parvus
3139 4954 3154 4979 ,
3204 4915 3257 4968 in
3295 4929 3403 4983 quo
3431 4916 3676 4971 cernitur

2100 5007 2392 5076 utriusque
2421 5005 2653 5060 extremi
2692 5005 2988 5076 ademptio,
3016 5006 3069 5060 id
3100 5014 3204 5072 est,
3232 5021 3410 5077 neque
3442 5007 3668 5068 bonum.

2088 5113 2267 5167 neque
2296 5096 2499 5151 malum
2528 5110 2652 5151 esse
2692 5097 3004 5153 substantia
3025 5097 3173 5153 enim
3198 5096 3363 5166 hujus
3394 5097 3537 5153 bona
3562 5105 3669 5159 est,

2088 5191 2386 5246 bonitatem
2431 5205 2562 5245 vero
2613 5189 2916 5244 secundum
2947 5189 3203 5245 virtutem
3247 5188 3491 5244 nondum
3528 5190 3673 5244 asci-

2087 5286 2186 5340 vit.
2217 5283 2309 5339 Sic
2339 5284 2467 5339 item
2501 5292 2555 5338 et
2606 5297 2801 5337 aurum
2834 5282 3037 5337 bonum
3070 5290 3156 5339 est
3190 5290 3418 5349 natura;
3457 5282 3671 5338 ratione

2086 5393 2216 5431 vero
2247 5375 2469 5431 virtutis
2496 5390 2606 5430 non
2636 5382 2721 5431 est
2747 5377 2972 5439 bonum,
3003 5390 3129 5431 eum
3168 5376 3240 5430 sit
3276 5374 3667 5441 inanimatum:

2086 5468 2342 5526 similiter
2396 5469 2623 5539 pretiosi
2685 5468 2914 5539 lapides,
2969 5476 3025 5524 et
3092 5471 3277 5524 omnia
3332 5483 3455 5539 qua:
3513 5479 3664 5533 sunt,

2084 5560 2512 5632 unumquodque
2556 5560 2858 5615 secundum
2885 5560 3162 5629 propriam
3189 5561 3244 5614 in
3285 5566 3511 5630 aspectu
3541 5560 3667 5628 pul-

2082 5653 2470 5709 chritudinem.
2504 5652 2619 5708 llas
2650 5654 2860 5708 ratione
2890 5650 3053 5705 homo
3096 5651 3261 5706 etiam
3295 5650 3525 5722 pulcher
3555 5656 3664 5716 est,

2082 5744 2241 5800 valde
2290 5744 2517 5815 pulcher
2576 5744 2886 5801 substantia
2942 5751 2995 5799 et
3040 5743 3281 5800 essentia
3313 5742 3434 5813 ipsa
3511 5742 3667 5823 honi-

2081 5850 2166 5893 tas
2223 5854 2354 5895 vero
2397 5854 2493 5909 per
2537 5839 2711 5895 solam
2765 5840 3019 5895 virtutem
3092 5838 3380 5895 ascisritur
3412 5876 3427 5902 ,
3477 5835 3667 5891 labore
