4100 6440
343 394 477 449 “39

1505 395 1643 450 TITI
1685 398 2118 455 BOSTRENSIS
2159 399 2462 455 EPISCOPI

3465 401 3603 455 mo

339 521 715 582 comparatur.
744 512 953 567 Idcirco
995 512 1120 568 fecit
1150 515 1317 581 Deus,
1352 527 1410 572 ut
1432 519 1534 573 hoc
1564 521 1618 574 in
1651 530 1921 592 potestate

2032 525 2189 578 ἔδωκε
2224 526 2321 594 μὲν
2350 522 2448 595 τὴν
2475 522 2745 588 ἐξουσίαν,
2775 526 2834 577 οὗ
2870 522 3244 595 προεντέθεικε
3265 522 3321 575 δὲ
3347 525 3413 594 τῇ
3441 524 3603 592 φύσει

340 601 463 671 ejus
491 604 655 656 situm
693 613 880 659 esset:
922 604 967 659 si
1022 604 1188 675 igitur
1220 618 1544 678 potestatem
1575 614 1793 681 quidem
1824 614 1913 669 de-

339 690 513 748 disset
546 693 709 761 Deus,
735 710 847 750 non
894 704 1076 750 autem
1109 709 1322 756 natura;
1356 703 1685 771 prmfecisset
1730 706 1919 776 cogni-

340 786 543 840 tionem
570 787 794 846 virtutis
822 799 877 846 et
906 792 1045 856 vitii,
1078 793 1228 848 visus
1259 802 1405 848 esset
1436 810 1639 850 caecum
1675 798 1918 868 aurigam

336 879 527 933 currui
553 881 908 938 velocissimo
938 887 1241 955 praeﬁcere.
1281 886 1377 941 Sin
1409 903 1539 942 vero
1570 889 1733 944 ambo
1754 889 1919 946 simul

339 970 711 1037 commiscuit,
739 983 1065 1043 potestatem
1113 978 1179 1032 ad
1230 979 1614 1034 asciscendum
1639 981 1787 1051 quod
1814 997 1923 1038 me-

340 1059 448 1115 lius
490 1070 597 1128 est,
641 1072 695 1119 et
724 1068 1110 1136 cogitationem
1143 1070 1209 1123 ad
1246 1070 1663 1126 discernendam
1692 1080 1747 1127 et
1799 1088 1923 1127 mu-

339 1152 602 1208 niendam
658 1156 1016 1227 electionem;
1073 1160 1337 1215 artiﬁcem
1395 1162 1614 1232 quidem
1679 1164 1924 1235 aurigam

343 1257 581 1303 mentem
607 1248 895 1307 adhibuit:
927 1252 1043 1307 haec
1082 1260 1264 1308 autem
1301 1268 1524 1308 currum
1561 1265 1770 1311 naturae
1818 1256 1930 1312 sal-

2024 618 2122 688 τὴν
2154 618 2353 686 γνῶσιν
2387 618 2590 689 ἀρετῆς
2632 635 2689 671 τε
2721 619 2816 671 καὶ
2854 618 3069 682 κακίας,
3105 616 3301 686 τυφλὸν
3330 616 3397 669 ἂν
3423 615 3604 680 ἔδοξεν

1968 766 1973 769 _
2026 710 2237 779 ἡνίοχον
2282 711 2507 781 ἐφιστᾷν
2552 710 2756 782 ἅρματι
2806 708 3080 779 ὀξυτάτῳ·
3121 708 3170 761 εί
3212 708 3268 761 δὲ
3313 708 3428 777 ἅμα
3477 724 3606 759 συν-

2027 800 2287 871 εκέρασεν
2314 801 2500 870 άμφω,
2551 799 2798 864 ἐξουσίαν
2842 817 2900 851 τε
2936 798 3070 871 πρὸς
3115 798 3306 869 κτῆσιν
3342 796 3438 850 τοῦ
3471 796 3607 849 καλ-

2028 890 2220 954 λίονος,
2259 892 2352 944 καὶ
2381 890 2580 960 γνῶσιν
2620 892 2756 962 πρὸς
2796 889 3063 961 διάκρισιν
3108 888 3203 942 καὶ
3250 887 3386 959 πρὸς
3429 886 3608 955 ἀσφά-

2027 984 2176 1037 λειαν
2208 984 2307 1054 τῆς
2355 984 2620 1056 αἱρέσεως
2640 999 2653 1011 ·
2679 984 2929 1054 τεχνίτην
2961 982 3058 1053 μὲν
3090 978 3472 1054 προσανέδειξε
3511 977 3607 1032 τὸν

2030 1075 2244 1145 ἡνίοχον
2274 1073 2399 1128 νοῦν
2423 1091 2437 1105 ο
2490 1075 2675 1128 ἐλάσει
2718 1075 2775 1129 δὲ
2818 1074 2956 1128 σῶον
2997 1067 3151 1138 οὗτος
3191 1074 3253 1127 τὸ
3303 1071 3456 1145 ἅρμα
3505 1070 3607 1140 τῆς

2034 1162 2282 1232 φύσεωΓ
2324 1163 2439 1233 εἴγε
2470 1166 2579 1236 μὴ,
2615 1163 2869 1230 ὑπνώσας
2933 1163 3076 1218 κατὰ
3116 1164 3178 1217 τὸ
3208 1161 3455 1226 στάδιον,
3496 1156 3608 1213 ὑπὸ

2036 1254 2145 1307 τῶν
2167 1254 2368 1325 ἡδονῶν
2395 1255 2743 1327 άναδληθείη.

341 1356 470 1396 vum
504 1350 559 1398 et
592 1345 919 1400 incolumem
960 1345 1223 1417 agitabit;
1268 1347 1375 1401 nisi
1423 1362 1677 1403 somnum
1724 1349 1780 1403 in
1808 1349 1985 1405 stadio
2006 1349 2251 1419 capiens,
2282 1363 2313 1403 a
2339 1349 2706 1419 voluptatibus
2730 1349 3071 1405 deturbetur.

566 1502 696 1558 Cn.
733 1503 822 1559 lV.
868 1503 1043 1559 Homo
1068 1505 1231 1559 bonus
1258 1514 1307 1559 et
1335 1506 1510 1561 malus
1531 1522 1595 1560 ex
1616 1509 1908 1577 proposito.
1938 1507 2259 1579 Beneﬁcium
2288 1518 2365 1564 est
2391 1508 2613 1573 homini,
2644 1522 2795 1576 posse
2822 1506 3100 1562 admittere
3120 1515 3407 1578 peccatum.

417 1659 732 1715 Substantia
763 1660 982 1731 quidem
1022 1668 1076 1717 et
1111 1671 1305 1717 natura
1336 1663 1564 1734 pulcher
1602 1674 1689 1720 est
1722 1664 1918 1731 homo,

345 1762 403 1805 ut
423 1768 640 1818 aurum,
670 1761 730 1807 ut
759 1754 899 1825 lapis
946 1754 1222 1825 pretiosus
1251 1796 1268 1822 ,
1317 1763 1376 1811 ut
1408 1770 1547 1826 opus
1581 1756 1710 1822 Dei;
1746 1757 1924 1815 bonus

343 1859 492 1908 vero,
519 1854 614 1900 aut
645 1852 836 1901 contra
888 1847 1084 1911 malus,
1129 1849 1446 1917 proposito:
1482 1848 1597 1903 haec
1646 1849 1791 1903 enim
1821 1848 1922 1903 ad-

338 1938 528 2005 jacent
561 1938 610 1994 ei
654 1945 915 2009 tanquam
969 1954 1092 2011 quae
1147 1939 1262 1995 ﬁeri
1310 1950 1565 2011 possunt.
1621 1941 1927 2009 Qualitates

343 2044 474 2085 vero
501 2029 800 2085 adveniunt
834 2038 888 2085 et
920 2030 1331 2102 adjunguntur,
1365 2031 1669 2087 secundum
1705 2032 1930 2087 institu-

343 2129 460 2177 tum
508 2135 619 2191 quo
651 2121 871 2176 ducitur
892 2163 908 2187 ,
941 2129 995 2175 et
1027 2122 1330 2177 secundum
1376 2122 1697 2177 electionem
1730 2137 1928 2193 propo-

345 2212 471 2278 siti;
505 2219 565 2266 ut
603 2211 848 2283 nequitia
879 2226 1001 2281 quae
1056 2212 1112 2266 in
1146 2213 1363 2268 actione
1402 2214 1659 2269 consistit
1708 2212 1925 2277 solum,

346 2312 474 2358 ante
505 2304 774 2359 actionem
808 2319 919 2358 non
959 2304 1179 2360 exsistit
1235 2320 1332 2374 per
1386 2319 1465 2359 se.
1517 2303 1690 2359 Habet
1744 2312 1927 2358 tamen

344 2396 511 2452 homo
545 2404 872 2467 potestatem
909 2388 1205 2465 nequitiae),
1261 2411 1427 2466 quam
1463 2403 1643 2467 potest
1673 2396 1925 2467 operari:

347 2489 533 2552 habet,
571 2487 816 2557 inquam,
853 2494 1177 2557 potestatem
1223 2487 1367 2556 ejus,
1394 2502 1503 2542 non
1535 2496 1593 2541 ut
1625 2501 1745 2541 eam
1797 2500 1928 2556 ope-

346 2590 519 2643 retur,
553 2581 647 2636 sed
683 2589 742 2634 ut
770 2595 879 2636 non
921 2595 1154 2650 operans
1181 2596 1299 2635 eam
1321 2620 1336 2644 ,
1374 2581 1616 2651 optimus
1644 2588 1924 2650 appareat.

348 2670 408 2725 Si
441 2672 585 2727 enim
618 2688 726 2728 non
763 2683 907 2729 esset
934 2689 1101 2743 penes
1130 2689 1255 2729 eum
1292 2674 1455 2737 actio,
1483 2672 1763 2726 videretur
1794 2672 1928 2727 sub-

348 2767 428 2820 ire
452 2766 804 2820 invidentiam
834 2766 1116 2822 Creatoris
1136 2805 1151 2829 ,
1195 2771 1255 2819 ut
1308 2764 1534 2819 haberet
1566 2763 1927 2834 impedimen-

347 2865 462 2910 tum
501 2858 946 2928 approbationis,
997 2864 1051 2911 et
1095 2856 1459 2927 privationem
1509 2856 1811 2922 libertatis;
1868 2863 1928 2909 ut

346 2949 442 3018 qui
474 2964 581 3003 non
610 2949 837 3004 haberet
882 2948 936 3001 in
992 2956 1263 3017 potestate
1293 2963 1393 3003 sua
1437 2947 1601 3003 situm
1625 2986 1639 3009 ,
1678 2956 1736 3001 ut
1781 2954 1928 3002 esset

348 3041 562 3107 bonus;
593 3052 651 3094 ut
695 3041 808 3109 jam
841 3040 1085 3095 conditio
1116 3048 1409 3111 partesque
1441 3048 1672 3103 naturae,
1705 3055 1826 3109 quae
1870 3040 1926 3094 in

349 3132 573 3187 homine
619 3130 909 3187 inferiores
941 3133 1227 3199 videntur,
1285 3134 1570 3189 verissime
1616 3132 1927 3201 superiores

2101 1668 2276 1739 οὐσίᾳ
2292 1669 2392 1738 μὲν
2407 1669 2502 1723 καὶ
2518 1669 2678 1737 φύσει
2695 1667 2981 1739 ἄνθρωπος
2993 1665 3177 1731 καλὸς,
3198 1664 3505 1736 ὠςχρυσδς,
3526 1663 3609 1725 ὡς

2028 1757 2175 1823 λίθος
2204 1760 2402 1827 τίμιος,
2423 1759 2499 1823 ὡς
2522 1759 2682 1830 ἔργον
2710 1759 2845 1811 Θεοῦ
2865 1776 2878 1789 ·
2916 1758 3118 1827 ἀγαθὸς
3155 1757 3213 1811 δὲ
3237 1757 3270 1827 ἦ
3297 1755 3613 1810 τούναντίον

2032 1852 2198 1915 κακὸς
2218 1851 2503 1922 προθέσει·
2521 1850 2695 1904 ταῦτα
2719 1850 2828 1921 γὰρ
2852 1849 3002 1919 αὐτῷ
3031 1849 3362 1920 παράκειται
3382 1849 3502 1919 μέν,
3531 1847 3612 1910 ὡς

2031 1940 2340 2011 πραχθῆναι
2357 1939 2647 2010 δυνάμεναι
2678 1938 2787 2011 (ἓϐ)
2813 1939 3097 2010 ποιότητες
3125 1940 3263 1991 εἰσιν
3278 1937 3615 2008 ἐπισυμϐαί⁴⁹

2030 2046 2239 2092 νουσαι,
2275 2028 2417 2082 κατά
2448 2030 2548 2098 τὴν
2581 2028 2940 2098 ἐγγινομένην
2974 2026 3197 2097 ἀγωγὴν
3231 2026 3328 2081 καὶ
3350 2029 3450 2098 τῆς
3478 2044 3615 2099 προ-

2032 2121 2232 2185 θέσεως
2266 2121 2476 2191 αἰρεσιν
2496 2137 2511 2152 ο
2538 2121 2613 2184 ὡς
2644 2121 2742 2191 τὴν
2767 2121 2965 2174 κακίαν
2987 2123 3046 2175 ἐν
3074 2120 3272 2191 πράξει
3296 2121 3456 2190 μόνον
3486 2137 3618 2173 συν-

2032 2214 2347 2283 ισταμένην,
2373 2213 2501 2282 πρὶν
2528 2213 2856 2283 πραχθῆναι,
2890 2212 2963 2283 μὴ
2994 2212 3290 2280 ὑφεστάναι
3310 2228 3322 2241 ⁸
3355 2208 3615 2276 ἐξουσίαν

2032 2304 2213 2376 μέντοι
2244 2305 2356 2376 ἔχει
2391 2305 2586 2367 κακίας
2614 2306 2643 2358 ό
2669 2304 2953 2377 ἄνθρωπος
2987 2304 3086 2374 τῆς
3114 2303 3422 2374 πραχθῆναι
3447 2302 3613 2356 δυνα-

2032 2397 2199 2469 μένης
2219 2436 2234 2461 ,
2273 2398 2369 2467 οὑχ
2404 2397 2489 2450 ἵνα
2528 2395 2711 2468 πράξῃ
2744 2396 2983 2467 ταύτην,
3014 2395 3129 2448 ἀλλ’
3162 2397 3250 2449 ἵνα
3287 2396 3362 2468 μὴ
3395 2395 3614 2466 πράξας

2028 2491 2249 2561 ἄριστος
2272 2491 2584 2562 άναδειχθῇ.
2612 2491 2675 2544 Ei
2703 2491 2813 2562 γάρ
2850 2489 3008 2543 τοῦτο
3043 2490 3301 2561 πράττειν
3332 2488 3433 2558 τὴν
3458 2488 3617 2554 ἐξου-

2030 2584 2152 2635 σίαν
2184 2583 2284 2635 οὑκ
2310 2578 2443 2652 εἶχε,
2471 2582 2663 2650 φθόνον
2688 2581 2752 2635 ἂν
2781 2580 2955 2647 ἔδοξεν
2986 2581 3208 2651 ὑπέχειν
3231 2580 3324 2633 τοῦ
3345 2580 3612 2651 δημιουρ-

2028 2674 2125 2742 γοῦ
2153 2675 2289 2744 πρὸς
2329 2674 2582 2745 ἐμπόδιον
2616 2673 3038 2745 εὑδοκιμὴσεως,
3070 2672 3324 2744 καὶπρὸς
3356 2670 3615 2744 στέρησιν

2029 2764 2489 2837 ἐλευθεριότητος,
2524 2765 2599 2827 ὡς
2634 2766 2733 2818 οὐκ
2761 2765 2899 2835 ἔχων
2935 2752 3018 2833 ἐφ’
3048 2762 3227 2834 ἑαυτῷ
3265 2763 3328 2816 τὸ
3355 2761 3617 2831 γενέσθαι

2028 2857 2261 2926 ἀγαθός·
2318 2856 2395 2919 ὡς
2442 2856 2505 2909 τὸ
2558 2854 2747 2909 δοκοῦν
2806 2858 2955 2926 μεῖον
3008 2855 3197 2925 κτῆμα
3244 2853 3614 2924 ἀληθέστατον

2026 2953 2313 3023 τυγχάνειν
2363 2952 2462 3021 τῆς
2499 2950 2715 3019 φύσεως
2758 2949 3158 3020 πλεονέκτημα.
3205 2948 3320 3002 Νῦν
3359 2947 3459 3019 μὲν
3499 2947 3611 3018 γὰρ

2026 3047 2225 3115 ἣκιστα
2240 3043 2376 3114 πρὸς
2394 3043 2514 3112 βίαν
2531 3046 2563 3115 ἡ
2580 3042 2746 3097 κακία
2761 3042 2973 3096 ἔπεισιν
3000 3039 3170 3111 αὑτῷ,
3194 3041 3270 3113 μὴ
3287 3042 3405 3095 κατ’
3422 3041 3618 3094 οὐσίαν

2028 3137 2368 3209 ὑπάρχουσα·
2392 3138 2439 3189 εί
2459 3135 2515 3188 δὲ
2535 3135 2609 3206 μὴ
2633 3130 2775 3206 εἶχεν
2792 3135 3037 3200 ἐξουσίαν
3056 3134 3246 3205 αὐτῆς,
3265 3134 3365 3187 οὑκ
3384 3132 3449 3187 ἄν
3466 3128 3619 3204 εἶχεν

350 3236 416 3275 ac
451 3222 782 3277 valentiores
804 3230 1011 3277 essent.
1038 3221 1195 3277 Nunc
1224 3229 1404 3278 autem
1434 3221 1677 3292 nequitia
1703 3222 1927 3278 minime

2032 3228 2112 3295 ἐφ’
2144 3226 2319 3298 ἐαυτῷ
2355 3228 2415 3281 τὸ
2447 3227 2669 3296 φεύγειν
2694 3227 2883 3297 αὑτήν’
2916 3224 3104 3295 φεύγει
3137 3225 3246 3296 γὰρ
3291 3224 3391 3295 οὑχ
3433 3224 3509 3287 ὼς
3554 3221 3621 3275 ὃν

349 3331 449 3385 per
468 3316 575 3370 vim
606 3314 774 3378 subit,
799 3330 923 3369 cum
953 3329 1063 3368 non
1088 3314 1162 3371 sit
1193 3314 1494 3370 secundum
1523 3313 1922 3369 substantiam:

351 3418 406 3465 et
432 3408 478 3463 si
518 3408 682 3463 homo
710 3423 819 3462 non
849 3408 1073 3463 haberet
1099 3406 1220 3477 ejus
1260 3413 1609 3476 potestatem,
1636 3421 1747 3461 non
1776 3414 1924 3463 esset
1962 3423 2129 3478 penes
2168 3425 2290 3465 eum
2324 3410 2513 3480 fugere
2573 3424 2692 3465 eam

2032 3318 2095 3370 τὸ
2113 3319 2186 3390 μὴ
2202 3318 2279 3383 ὃν,
2299 3317 2412 3371 ἀλλ’
2430 3318 2505 3382 ὡς
2525 3319 2615 3370 ὑπ’
2628 3317 2793 3371 αὐτοῦ
2813 3315 3067 3385 γενέσθαι
3091 3315 3409 3385 δυνάμενον.

2756 3428 2770 3465 :
2826 3407 2963 3480 fugit
3013 3407 3159 3462 enim
3202 3422 3312 3461 non
3352 3413 3621 3478 tanquam

350 3497 581 3553 exsistat
625 3497 773 3568 quod
806 3496 944 3552 'non
974 3498 1204 3562 exstitit,
1241 3497 1338 3554 sed
1375 3504 1637 3568 tanquam
1673 3498 1729 3551 id
1776 3498 1921 3564 quod
1961 3501 2031 3555 ab
2064 3502 2183 3572 ipso
2215 3501 2331 3556 lleri
2358 3508 2555 3570 potest.

422 3615 707 3681 Quomodo
739 3625 919 3670 autem
950 3615 1043 3685 qui
1075 3613 1189 3670 odit
1218 3615 1421 3669 malum
1443 3656 1457 3680 ,
1489 3615 1635 3685 quod
1668 3615 1936 3686 optimum

350 3718 435 3765 est
456 3718 737 3779 comparet
778 3707 887 3761 nisi
914 3707 1046 3761 illud
1094 3709 1241 3778 quod
1274 3707 1453 3763 facere
1484 3717 1716 3777 poterat,
1745 3709 1936 3763 volens

352 3799 673 3855 recusaret?
726 3798 901 3854 virtus
950 3798 1097 3854 enim
1152 3798 1209 3852 in
1257 3798 1573 3853 hominibus
1605 3814 1743 3868 pene
1799 3799 1936 3854 nihil

353 3892 503 3947 aliud
534 3900 619 3948 est
652 3907 816 3962 quam
856 3891 1132 3947 recusatio
1164 3906 1228 3946 ac
1277 3891 1571 3945 declinatio
1604 3892 1723 3945 vitii
1751 3909 1764 3944 :
1797 3901 1931 3946 tem-

356 3991 578 4054 peratus
606 3984 752 4037 enim
782 3990 897 4046 est,
942 3982 1034 4053 qui
1066 3997 1175 4038 non
1202 3991 1287 4037 est
1315 3981 1722 4053 intemperans;
1750 3990 1804 4037 et
1842 3982 1933 4053 ju-

355 4080 498 4134 stus.
528 4073 623 4143 qui
673 4087 780 4127 non
820 4079 907 4128 est
952 4072 1227 4141 injustus;
1277 4079 1331 4127 et
1388 4072 1641 4129 similiter
1683 4073 1742 4127 in
1785 4074 1929 4129 aliis.

359 4164 500 4221 Deus
532 4164 677 4220 enim
710 4165 890 4220 bonus
923 4172 1030 4227 est,
1052 4177 1161 4218 non
1198 4163 1327 4234 quia
1348 4178 1457 4218 non
1488 4162 1618 4219 facit
1648 4163 1931 4233 injuriam,

354 4255 574 4310 tametsi
605 4256 814 4325 possit;
857 4255 950 4310 sed
986 4254 1113 4324 quia
1147 4254 1490 4310 solummodo
1515 4256 1790 4311 beneﬁcus
1811 4262 1928 4311 est:

357 4347 706 4414 quamobrem
756 4346 907 4401 solus
956 4354 1040 4401 est
1074 4346 1272 4402 bonus.
1325 4345 1384 4401 In
1441 4347 1754 4403 hominibus
1801 4361 1933 4402 vero

352 4438 558 4493 bonum
608 4453 675 4494 ex
708 4436 834 4509 fuga
886 4440 1010 4493 mali
1048 4438 1284 4509 primum
1341 4438 1596 4506 exsistit;
1646 4439 1806 4508 cujus
1837 4453 1935 4508 po-

2112 3616 2236 3683 Πῶς
2270 3617 2316 3670 δ’
2342 3616 2407 3672 ἂν
2427 3618 2489 3670 τὸ
2514 3616 2809 3689 μισόκακον
2838 3616 3107 3687 ἐκτήσατο
3132 3605 3532 3674 κάλλιστον’θδν,
3567 3614 3624 3665 εἰ

2045 3710 2140 3780 μὴ,
2164 3703 2275 3773 οἶός
2304 3726 2362 3761 τε
2400 3707 2476 3762 ὢν
2505 3706 2729 3761 τοιαῦτα
2771 3707 3051 3779 πράττειν,
3099 3704 3241 3759 ἐκὼν
3281 3706 3618 3778 παρῃτεῖτος

2038 3802 2207 3871 ἀρετὴ
2250 3800 2359 3872 γὰρ
2401 3801 2459 3853 ἐν
2487 3799 2793 3871 ἀνθρώποις
2826 3798 3009 3869 σχεδὸν
3052 3798 3201 3852 οὐδὲν
3240 3796 3427 3870 ἕτερον
3452 3796 3487 3868 ἢ
3518 3812 3623 3848 κα-

2039 3892 2163 3956 κίας
2193 3892 2525 3965 παραίτησις
2544 3909 2557 3922 ·
2594 3890 2826 3962 σώφρων
2852 3890 2961 3961 γάρ
2989 3891 3017 3943 δ
3052 3889 3125 3961 μὴ
3157 3889 3487 3952 ἀκόλαστος·
3522 3887 3623 3942 καὶ

2037 3984 2244 4048 δίκαιος
2267 3986 2295 4036 ὁ
2326 3982 2402 4055 μὴ
2432 3983 2636 4047 ἄδικος,
2673 3984 2767 4037 καὶ
2811 3983 2979 4037 τᾶλλα
3023 3979 3442 4053 παραπλησίως’.
3486 3980 3623 4043 Θεὸς

2042 4077 2139 4145 μὲν
2171 4074 2279 4147 γάρ
2318 4074 2524 4142 ἀγαθὸς
2566 4074 2626 4127 οὐ
2669 4073 2747 4144 τῷ
2785 4073 2860 4145 μὴ
2899 4074 3127 4136 ἀδικεῖν,
3149 4074 3199 4125 εί
3246 4071 3341 4125 καὶ
3372 4070 3621 4132 δύναται,

2039 4166 2173 4220 ἀλλὰ
2197 4166 2276 4237 τῷ
2306 4166 2465 4235 μόνον
2493 4166 2801 4239 εὐεργετεῖν
2821 4182 2835 4195 ·
2875 4165 2955 4218 διὸ
2986 4165 3079 4218 καὶ
3111 4163 3269 4235 μόνος
3295 4162 3497 4231 ἀγαθός
3518 4178 3532 4193 ·
3561 4162 3628 4215 ἐν

2040 4257 2348 4328 ἀνθρώποις
2369 4258 2506 4312 δὲτὸ
2531 4256 2733 4326 ἀγαθὸν
2759 4255 2977 4327 πρῶτον
3002 4258 3066 4328 τῇ
3090 4258 3235 4327 φυγῇ
3255 4254 3350 4308 τοῦ
3377 4255 3624 4326 χείρονος

2042 4351 2393 4404 συνίσταται·
2450 4343 2510 4404 οὗ
2559 4348 2657 4421 τὴν
2708 4346 2955 4414 ἐξουσίαν
3003 4349 3302 4415 ἀναγκαῖον
3353 4347 3627 4417 παρακεῖ-

2043 4442 2188 4505 σθαι,
2221 4442 2288 4495 ἶν’
2317 4443 2411 4496 ἐπὶ
2434 4440 2510 4511 τῷ
2541 4439 2847 4512 βουλομένῳ
2875 4438 3126 4508 γενέσθαι
3154 4436 3346 4509 ἀγαθῴ
3372 4435 3627 4507 τυγχάνῃ

356 4537 607 4586 testatem
639 4545 861 4586 necesse
886 4539 972 4585 est
1001 4545 1124 4586 esse
1144 4530 1194 4585 ei
1223 4529 1318 4599 qui
1348 4530 1465 4582 vult
1492 4544 1615 4583 esse
1642 4529 1844 4591 bonus,
1877 4536 1930 4581 ut

2043 4537 2104 4589 τὸ
2137 4536 2213 4606 μὴ
2245 4536 2417 4587 ποιεῖν
2444 4532 2601 4588 αὑτόο
2634 4532 2738 4585 κᾶν
2764 4530 3133 4605 γὰρὸτέλειος
3163 4528 3623 4601 προσαπαιτείται

356 4622 428 4677 sit
456 4636 622 4693 penes
653 4622 828 4691 ipsum
890 4638 997 4676 non
1048 4621 1225 4679 facere
1254 4623 1482 4676 malum.
1538 4618 1654 4674 Etsi
1710 4619 1854 4674 enim
1905 4634 1933 4673 a

355 4712 598 4782 perfecto
631 4723 825 4784 praeter
877 4713 1061 4782 fugam
1122 4713 1530 4769 contrariorum
1579 4711 1939 4780 requiruntur

354 4807 519 4862 etiam
548 4808 823 4871 actiones,
872 4806 997 4875 fuga
1032 4813 1214 4861 tamen
1244 4814 1298 4860 et
1327 4801 1622 4859 declinatio
1647 4801 1936 4857 deterioris

355 4900 536 4971 majus
556 4900 687 4970 quid
720 4908 805 4956 est
841 4900 906 4953 ad
935 4899 1334 4970 probationem.
1384 4895 1523 4949 Hinc
1556 4894 1645 4960 ﬁt,
1691 4903 1751 4949 ut
1790 4893 1933 4964 apud

355 4994 606 5048 homines
635 5008 796 5049 nemo
815 5005 1022 5046 vacuus
1050 5005 1081 5044 a
1108 4997 1335 5060 peccato
1359 4986 1698 5058 reperiatur;
1730 4985 1933 5056 quippe

352 5102 482 5142 cum
514 5085 796 5157 probatior
823 5086 896 5140 sit
916 5085 1079 5139 homo
1108 5090 1334 5152 pr0pter
1360 5079 1730 5136 diﬂicultatem
1762 5076 1933 5133 absti-

353 5180 521 5237 nendi
565 5193 594 5233 a
625 5186 853 5248 peccato
884 5196 897 5231 :
931 5172 1374 5247 quandoquidem
1433 5171 1538 5227 hoc
1581 5170 1935 5241 potissimum

356 5273 520 5327 modo
549 5273 794 5342 signatur
812 5272 1021 5337 virtus;
1050 5267 1318 5323 actionem
1339 5273 1519 5322 autem
1547 5264 1746 5320 bonam
1771 5264 1936 5319 etiam

359 5363 502 5431 apud
528 5361 687 5417 valde
714 5364 888 5418 malos
910 5359 1240 5431 reperimus.

425 5452 622 5524 Liquet
649 5455 817 5525 igitur
844 5454 1169 5511 beneﬁcium
1212 5466 1337 5508 esse
1365 5449 1575 5506 homini
1609 5456 1933 5520 potestatem
2015 5454 2025 5463 '

364 5544 690 5613 suscipiendi
741 5555 1058 5617 peccatum;
1102 5560 1133 5600 a
1163 5559 1274 5616 quo
1313 5542 1533 5615 quidem
1564 5557 1625 5597 se
1656 5540 1938 5596 abstinens

2039 4628 2132 4681 καὶ
2160 4625 2389 4697 πράξεις
2433 4623 2655 4691 ἀγαθῶν
2694 4624 2830 4695 πρὸς
2864 4624 2931 4694 τῇ
2986 4623 3130 4691 φυγῇ
3180 4619 3288 4672 τῶν
3332 4618 3624 4681 ἐναντίων,

2037 4719 2174 4774 ἀλλὰ
2213 4716 2397 4787 μεῖζον
2442 4718 2520 4779 εἰς
2552 4715 2897 4785 εὐδοκίμησιν
2939 4715 2973 4782 ὴ
3017 4712 3163 4782 φυγὴ
3203 4708 3297 4763 τοῦ
3349 4709 3616 4780 χείρονος.

2038 4813 2195 4867 Οὕτω
2222 4810 2321 4881 μὲν
2363 4809 2470 4881 γὰρ
2506 4809 2568 4863 τὸ
2625 4808 2723 4880 μὲν
2762 4809 3056 4861 ἄπταιστον
3110 4803 3263 4875 παρὰ
3303 4800 3620 4873 ἀνθρώποις

2036 4903 2289 4976 οὐδαμῶς
2344 4903 2495 4976 εὖροι
2544 4918 2626 4965 τις
2668 4899 2767 4965 ἂν,
2817 4901 2892 4962 ὡς
2938 4897 3368 4969 εὑδοκιμωτέρου
3410 4895 3622 4965 τυγχά-

2037 5013 2218 5059 νοντος
2237 4995 2326 5049 διὰ
2366 4995 2464 5066 τὴν
2493 4994 2810 5065 δυσχέρειαν
2836 4989 2930 5043 τοῦ
2962 4988 3257 5060 ἀπέχεσθαι
3282 4990 3384 5058 τῆς
3429 4988 3617 5058 ἀμαρα

2037 5089 2193 5151 τίας·
2237 5086 2424 5159 ἐπειδὴ
2462 5087 2652 5142 τοῦτον
2687 5085 2916 5156 μάλιστα
2946 5082 3038 5137 τὸν
3088 5080 3286 5153 τρόπον
3335 5095 3620 5150 χαρακτη-

2043 5179 2251 5250 ρίζεται
2277 5181 2311 5250 ἡ
2335 5179 2532 5250 ἀρετή·
2565 5175 2765 5250 πρᾶξιν
2796 5176 2853 5230 δὲ
2894 5174 3139 5247 χρηστὴν
3171 5173 3266 5227 καὶ
3305 5168 3460 5241 παρὰ
3503 5171 3622 5231 τοῖς

2037 5270 2160 5323 λίαν
2194 5272 2450 5341 πονηροῖς
2473 5269 2822 5341 εὑρίσκομεν.

2108 5447 2277 5516 Δῆλον
2310 5447 2506 5512 τοίνυν,
2534 5447 2610 5510 ὡς
2654 5446 2936 5518 ἄνθρωπος
2975 5444 3343 5515 εὐεργετεῖται
3367 5443 3435 5512 τῇ
3467 5438 3623 5506 ἐξου-

2042 5536 2132 5608 σίᾳ
2177 5536 2271 5589 τοῦ
2327 5536 2699 5608 πλημμελεῖν·
2749 5530 2809 5589 οὗ
2842 5553 2904 5604 γε
2962 5535 3336 5605 ἀπεχόμενος,
3379 5530 3473 5584 καὶ
3521 5529 3621 5598 οὐχ

432 5695 542 5766 (26)
583 5700 919 5767 ιζοιότητες.
966 5699 1267 5766 Qualitates
1311 5695 1574 5754 bonitatis
1618 5694 1829 5751 scilicet
1879 5698 1935 5749 et
1973 5693 2250 5763 nequitiae,
2288 5693 2402 5749 sive
2432 5692 2652 5749 virtutis
2693 5699 2747 5745 et
2777 5690 2914 5755 vitii,
2949 5700 3009 5747 ut
3038 5691 3252 5747 dicatur
3292 5692 3471 5748 bonus
3529 5693 3619 5747 vel

360 5767 559 5823 malus.
601 5766 774 5822 Tuan.
