4100 6414
402 342 533 400 ΜΗ

1490 332 1859 389 ADVERSUS
1903 328 2324 385 MANlCHASOS
2366 325 2495 381 LIB.
2532 324 2598 383 ll.

3525 317 3658 371 HM

401 452 625 535 ἑτέρως,
660 459 953 531 εὐδοκιμεῖ.
984 454 1412 528 Ἐλευθεριότητι
1439 453 1727 525 τοιγαροῦν
1760 451 1976 522 τετίμη-

2091 454 2356 519 spectatur
2380 453 2434 500 et
2466 441 2747 514 probatur,
2778 447 2831 493 et
2869 454 2976 493 non
3022 438 3197 491 aliter.
3252 435 3444 488 Libera
3493 434 3658 502 igitur

400 572 491 610 ται
520 552 836 625 ἄνθρωπος,
868 549 1070 620 ἀρετῆς
1112 564 1173 601 τε
1219 546 1314 600 xei
1342 544 1540 608 κακίας
1571 543 1774 597 τούτων
1818 540 1977 609 φύσει

400 645 501 717 τὴν
536 644 736 714 γνῶσιν
784 643 945 714 ἔχων,
998 640 1312 710 δυναμένων
1365 635 1694 708 πραχθῆναι.
1744 632 1874 705 πρὶν
1922 631 1979 683 δὲ

406 733 715 808 πραχθῆναι
750 734 824 805 μὴ
870 732 1068 786 ὄντων·
1118 729 1220 784 ποῦ
1253 729 1362 800 γὰρ
1405 728 1471 782 ἂν
1502 726 1586 799 εἴη
1625 727 1685 779 τὸ
1737 721 1979 795 πραττόν-

412 842 589 896 μενον.
611 822 704 877 τοῦ
734 824 1066 893 πράττοντος
1088 822 1161 893 μὴ
1185 820 1517 893 ὑπάρχοντος
1541 834 1554 883 ;
1579 815 1739 869 Ὥστε
1772 814 1981 884 γίνεται

407 916 502 970 καὶ
529 913 844 984 ἀπογίνεται
876 914 1046 968 κακία
1081 911 1464 984 πραττομένη,
1514 910 1609 963 καὶ
1645 908 1739 979 μή.
1771 905 1978 960 Αὐτίκα

406 1008 501 1062 καὶ
532 1006 692 1073 Θεὸς,
726 1006 941 1088 ἀγαθὸς.
961 1004 1036 1057 ῶν
1056 1046 1071 1070 ,
1113 1004 1209 1058 καὶ
1251 1004 1408 1074 μόνον
1450 1001 1757 1072 εὐεργετεῖν
1788 994 1980 1058 εἰδὼς,

406 1098 576 1155 κακὸν
640 1098 736 1168 μὲν
781 1097 934 1150 οὐδὲν
986 1096 1119 1167 δρᾷ·
1174 1093 1296 1147 οὔτε
1346 1093 1404 1146 δὲ
1472 1091 1663 1161 ἀγνοίᾳ.
1718 1089 1982 1159 ἀπέχεται

407 1187 623 1252 κακίας,
654 1187 777 1240 οὔτε
821 1185 1092 1256 ἀδυναμία
1119 1185 1351 1255 πάμπαν
1385 1182 1713 1253 κεχώρισται
1756 1178 1980 1249 ταύτης.

407 1277 535 1342 Πῶς
585 1277 693 1349 γὰρ
737 1278 921 1346 ἀγνοεῖ
964 1279 992 1330 ό
1035 1274 1300 1330 διδάσκων
1351 1274 1425 1347 μὴ
1470 1274 1731 1346 πράττειν
1778 1270 1983 1340 αὐτήνς

406 1367 533 1431 Πῶς
559 1368 617 1421 δὲ
645 1365 864 1435 εῠλογον
894 1366 962 1419 δι’
1021 1365 1322 1436 ἀδυναμίαν
1374 1362 1505 1416 Θεὸν
1539 1359 1840 1432 ἀπέχεσθαι
1884 1374 1982 1410 κα-

407 1458 534 1523 κίας
566 1457 849 1531 ἡγεῖσθαι,
883 1459 944 1510 οὐ
980 1457 1088 1529 γὰρ
1121 1455 1392 1528 ἀδυναμίᾳ
1429 1452 1523 1508 τοῦ
1563 1453 1817 1522 ἀδικῆσαι
1850 1450 1985 1516 ἀγα-

407 1548 567 1614 οὸς.ό
618 1550 853 1618 ἀγαθὸς,
899 1548 1035 1603 ἀλλά
1067 1549 1249 1621 τελείᾳ
1297 1545 1391 1601 τοῦ
1444 1546 1519 1618 μὴ
1576 1543 1857 1616 βούλεσθαι
1888 1542 1982 1594 δυ-

408 1640 590 1712 νάμει.

2080 545 2350 611 potestate
2386 532 2604 591 virtutis
2642 538 2697 587 et
2726 530 2845 585 vitii
2871 530 3172 583 honoratus
3201 532 3284 581 est
3309 525 3472 579 homo
3500 562 3516 586 ,
3561 523 3662 577 hac

2076 632 2214 687 beus
2249 636 2444 684 natura
2479 626 2675 681 horum
2706 620 3096 692 cognitionem,
3132 632 3253 688 qua:
3293 615 3349 669 in
3385 615 3658 669 actionem

2081 721 2269 777 venire
2294 723 2545 790 possunt,
2577 722 2632 768 et
2680 714 2832 783 prius
2877 724 3037 780 quam
3072 708 3313 771 veniant,
3340 720 3449 759 non
3491 709 3657 759 sunt:

2011 816 2023 833 ’
2082 810 2175 865 ubi
2196 809 2341 864 enim
2376 804 2481 859 εει
2509 801 2653 873 quod
2690 799 2909 870 agitur,
2959 797 3005 852 si
3053 802 3296 862 nonest
3350 793 3444 862 qui
3497 790 3663 862 agat?

2087 903 2268 971 Quare
2297 898 2451 953 adest
2479 893 2750 965 nequitia,
2778 906 2900 945 cum
2956 895 3041 945 est
3077 886 3220 942 actio
3267 885 3418 954 ejus;
3460 883 3616 937 abest
3645 921 3659 941 .

2087 1009 2212 1050 cum
2239 1006 2349 1046 non
2373 995 2477 1045 est.
2506 986 2782 1042 Continuo
2827 982 2995 1037 etiam
3027 978 3172 1033 Deus
3198 977 3375 1031 bonus
3400 989 3522 1029 cum
3553 973 3662 1037 sit,

2087 1092 2143 1141 et
2172 1080 2517 1139 solummodo
2546 1076 2848 1139 beneficus,
2869 1072 3003 1126 nihil
3035 1069 3163 1124 mali
3191 1067 3341 1130 facit,
3372 1079 3549 1134 neque
3563 1077 3663 1132 per

2092 1172 2455 1244 ignorantiam
2485 1167 2719 1223 abstinet
2746 1179 2774 1217 a
2809 1160 3051 1232 nequitia
3072 1199 3087 1223 ,
3123 1172 3300 1227 neque
3344 1154 3471 1225 quia
3511 1153 3664 1207 deest

2089 1243 2354 1335 potestas,
2388 1259 2611 1314 omnino
2628 1257 2696 1311 ab
2711 1271 2774 1310 ea
2792 1252 3075 1322 sejunctus
3091 1257 3194 1305 est.
3210 1245 3492 1314 Quomodo
3518 1243 3661 1298 enim

2088 1356 2300 1426 ignoret
2328 1349 2647 1421 nequitiam,
2685 1361 2846 1416 quam
2882 1343 3071 1404 docet,
3125 1355 3234 1395 non
3263 1337 3520 1392 adhibere
3544 1349 3664 1388 eam

2090 1446 2157 1499 ad
2213 1441 2529 1498 actionem?
2585 1436 2869 1504 Quomodo
2932 1448 3128 1487 rursus
3179 1429 3379 1484 rationi
3431 1441 3666 1481 consen-

2089 1543 2314 1589 taneum
2343 1537 2427 1587 est
2459 1529 2796 1588 existimare,
2826 1525 2953 1594 quia
2983 1522 3125 1576 desit
3159 1519 3419 1590 potentia,
3461 1516 3604 1571 Deus
3635 1531 3664 1567 a

2089 1625 2332 1696 nequitia
2364 1619 2673 1678 abstineat?
2707 1632 2817 1672 non
2844 1614 2988 1670 enim
3017 1613 3106 1667 ille
3137 1612 3228 1682 qui
3263 1618 3345 1664 est
3384 1609 3535 1664 solus
3568 1607 3667 1660 bo-

411 1747 536 1796 nus,
561 1731 691 1803 quia
716 1746 824 1787 non
853 1739 1034 1803 potest
1070 1730 1311 1801 iniustus
1337 1744 1480 1795 esse,
1516 1730 1695 1783 bonus
1729 1733 1852 1792 est;
1893 1721 1989 1778 sed
2027 1718 2156 1790 quia
2211 1715 2509 1789 perfectam
2541 1716 2865 1784 potestatem
2904 1705 3066 1760 habet
3097 1719 3206 1758 non
3259 1700 3473 1756 volendi
3523 1697 3664 1765 inju-

409 1826 637 1880 stitiam.

550 1932 679 1989 CAP.
720 1933 788 1991 ν.
830 1933 969 1990 Deus
991 1952 1091 1989 non
1116 1944 1283 2004 potest
1314 1936 1487 2005 facere
1514 1935 1788 2005 injustam.
1825 1927 2053 1985 Mutatio
2077 1918 2305 1991 hominis
2332 1914 2400 1968 ad
2431 1912 2637 1968 vitium.
2674 1908 3029 1979 [inpossibilis
3056 1904 3322 1960 conversio
3353 1902 3508 1956 unde.

482 2053 545 2106 El
589 2052 647 2105 δὲ
686 2053 975 2124 λέγοιμεν,
1014 2053 1089 2118 ὡς
1146 2054 1206 2107 οὐ
1254 2054 1475 2108 δύναται
1529 2054 1661 2117 Θεὸς
1705 2052 1886 2107 ἄδικόν
1936 2066 1988 2102 τι

2163 2037 2221 2092 Si
2255 2043 2435 2088 autem
2465 2030 2735 2093 dicamus,
2762 2044 2872 2083 non
2911 2039 3075 2097 posse
3105 2021 3274 2076 Deum
3325 2017 3528 2098 aliquid
3582 2019 3669 2072 in-

412 2147 672 2217 ποιῆσαι,
710 2145 889 2209 καλῶς
914 2147 977 2218 δή
1027 2163 1236 2218 φαμενο
1282 2147 1344 2201 τὸ
1386 2146 1567 2217 μέντοι
1612 2146 1687 2218 μὴ
1733 2143 1988 2198 δύνασθαι

411 2237 475 2289 οὺ
524 2236 660 2306 πρὸς
702 2236 984 2291 ἀσθένειαν
1030 2237 1299 2310 ἕλκομεν,
1353 2239 1488 2294 ἀλλά
1535 2240 1670 2310 πρὸς
1712 2236 1989 2308 ἀκρότητα

411 2326 507 2380 τοῦ
545 2327 620 2399 μὴ
649 2327 951 2397 βούλεσθαι,
994 2331 1088 2390 κα).
1118 2330 1254 2401 πρὸς
1282 2330 1344 2383 τὸ
1366 2312 1737 2402 ἀμετάστατον
1765 2329 1863 2399 τῆς
1892 2326 1987 2380 τοῦ

415 2416 658 2488 χείρονος
690 2420 1102 2489 παραιτήσεωςο
1134 2419 1400 2489 ἄτρεπτος
1435 2419 1543 2491 γὰρ
1572 2418 1646 2472 ῶν
1678 2417 1775 2489 τὴν
1807 2415 1987 2487 φύσιν,

414 2510 682 2580 ἄτρεπτον
731 2509 843 2579 ἔχει
888 2509 948 2562 τὸ
994 2509 1070 2581 μὴ
1115 2509 1398 2580 βούλεσθαί
1439 2528 1491 2563 τι
1551 2509 1717 2563 κακὸν
1758 2508 1984 2579 δρᾶσαιο

414 2599 555 2654 ὥστε
587 2601 809 2654 δύναται
854 2602 986 2671 μὲν,
1020 2602 1082 2655 οὐ
1117 2602 1221 2673 δρᾷ
1270 2601 1328 2655 δὲ
1372 2601 1630 2672 ἀτρέπτῳ
1652 2603 1717 2671 τῇ
1768 2599 1859 2652 τοῦ
1915 2599 1989 2671 μὴ

418 2690 700 2762 βούλεσθαι
730 2691 908 2762 φύσει.
940 2692 1252 2767 Καὶιοῦτως
1268 2693 1366 2746 οὐκ
1380 2692 1495 2745 ἐστι
1511 2692 1677 2745 κακία
1694 2691 1843 2762 παρά
1871 2691 1990 2762 Θεῷ

415 2780 478 2835 τὺ
510 2780 670 2851 μόνον
697 2780 773 2851 τῷ
815 2780 889 2852 μὴ
936 2781 1252 2850 ὑφεστάναι,
1295 2780 1431 2834 ἀλλά
1462 2782 1596 2853 μηδὲ
1633 2780 1709 2852 τῷ
1755 2783 1989 2853 πράττε-

419 2871 561 2926 σθαι.
607 2872 824 2944 Ἐπειδὴ
854 2873 911 2926 δέ
947 2891 1060 2936 πως
1084 2872 1391 2946 ἀνθρώποις
1419 2874 1517 2927 οὐκ
1554 2871 1700 2928 ἔστιν
1727 2874 1990 2945 ἄτρεπτος

423 2964 813 3036 ἠπαραίτησις
849 2965 1040 3034 αὐτῆς,
1075 2964 1176 3019 κάν
1207 2982 1294 3028 τις
1332 2964 1659 3035 ἀναϐεϐήκει
1701 2965 1835 3036 πρὸς
1864 2966 1992 3036 ἁρε-

416 3055 539 3126 τὴν,
568 3057 916 3128 πραττομένη
963 3055 1122 3128 μόνον
1153 3052 1292 3109 εἶναι
1345 3055 1510 3119 δοκεῖ,
1545 3055 1665 3126 οὐχὶ
1705 3055 1761 3108 δὲ
1790 3055 1885 3109 καὶ
1916 3056 1989 3126 μὴ

418 3147 766 3218 πραττομένη
790 3149 1153 3220 προϋπάρχει.
1181 3146 1336 3200 Οὕτω
1363 3147 1461 3217 μὲν
1488 3146 1551 3217 δὴ
1582 3147 1673 3199 τὸν
1705 3146 1990 3217 ἄνθρωπον

416 3238 713 3308 τετίμηκεν
765 3239 793 3290 ὁ
839 3238 998 3301 Θεὸς,
1035 3238 1155 3291 κατ’
1192 3236 1376 3299 εἰκόνα
1422 3235 1615 3288 ἑαυτοῦ
1655 3235 1991 3307 δημιουργή-

421 3345 613 3390 anno;
626 3327 787 3381 αὐτόν
807 3344 820 3358 ο
848 3329 915 3381 ἵν’
947 3327 1135 3400 ὥσπερ
1169 3328 1331 3391 αὐτὸς
1351 3326 1748 3398 ἐλευθεριότητι
1780 3329 1991 3396 φύσεως

419 3414 642 3483 ἀγαθὸς,
676 3415 818 3469 οὕτω
847 3416 912 3485 δὴ
953 3417 1045 3470 καλ⁴
1066 3419 1094 3469 ὁ
1126 3416 1408 3488 ἄνθρωπος
1436 3415 1830 3488 ἐλευθεριότητι
1862 3433 1996 3487 προε-

422 3505 624 3569 θέσεως
649 3504 895 3579 ζηλωτὴς
926 3508 1143 3579 ὑπάρχῃ
1169 3507 1325 3576 θεοῦ,
1352 3510 1454 3562 οὐκ
1484 3507 1755 3580 ἀδυναμίᾳ
1781 3509 1995 3578 φύσεως

420 3595 516 3649 τοῦ
564 3598 898 3669 ἁμαρτάνειν
945 3599 1311 3670 ἀπεχόμενος,
1359 3598 1752 3672 ἐλευθεριότητι
1794 3600 1849 3653 δὲ
1898 3599 1999 3672 τὴν

423 3690 625 3763 ἀρετὴν
656 3690 854 3763 τιμῶν.
1064 3744 1067 3747 ,
1615 3698 1619 3703 ‘

496 3867 681 3923 Ταῦτα
723 3870 777 3923 δὲ
827 3868 1076 3940 σημαίνει
1112 3870 1210 3940 μὲν
1241 3870 1547 3941 αὐτάρκως,
1583 3869 1676 3922 καὶ
1706 3869 1767 3922 τὸ
1798 3870 1998 3934 πολλὰς

431 3957 689 4020 πολλάκις
729 3960 786 4010 ὲν
833 3958 1141 4030 ἀνθρώποις
1190 3960 1543 4031 εὑρίσκεσθαι
1603 3963 1740 4032 πρὸς
1798 3963 1998 4034 ἀρετὴν

428 4050 524 4103 καὶ
579 4049 777 4103 κακίαν
832 4049 1163 4119 μεταϐολὰς,
1214 4046 1293 4117 οἷς
1346 4052 1414 4105 ἂν
1463 4053 1755 4125 μηδέτερον
1796 4053 2000 4107 τούτων

425 4138 640 4207 παγίως
693 4139 977 4211 ἐνυπάρχῃν
1020 4141 1217 4212 χρονίῳ
1267 4141 1557 4213 συνηθείᾳυ
1608 4143 1848 4213 ὅσαεμὲν
1893 4143 2000 4214 γὰρ

423 4226 638 4297 φύσεως
668 4228 880 4302 ἀνάγκῃ
913 4229 1149 4301 δρῶμεν,
1185 4231 1386 4285 τούτων
1420 4231 1852 4303 μεταϐολὴνόὐκ
1883 4237 2003 4287 ἐπι-

423 4317 715 4389 δεχόμεθαο
750 4320 848 4373 ὅσα
894 4320 950 4373 δὲ
992 4321 1135 4393 λόγῳ
1166 4323 1471 4394 προθέσεως
1518 4323 1801 4395 ποιοῦμεν,
1830 4325 2001 4382 ταῦτα

423 4405 614 4462 ἄλλοτε
658 4407 831 4472 ἄλλως
864 4412 921 4462 ὲν
966 4413 1099 4482 ἡμῖν
1147 4412 1259 4482 ἔχει
1314 4412 1450 4485 πρὸς
1500 4413 1599 4479 τὰς
1648 4416 2002 4486 ἐγγινομένας

422 4501 493 4571 τῇ
520 4498 772 4572 προθέσει
805 4502 995 4570 ῥοπάς.
1024 4503 1096 4555 Οὐ
1119 4504 1299 4557 τοίνυν
1334 4505 1561 4573 φυσικὸν
1585 4509 1679 4560 καὶ
1705 4507 2001 4575 ἀναγκαῖον

420 4589 731 4653 ἀνθρώποις
772 4590 832 4644 τὸ
878 4591 1167 4662 ἁμαρτεῖν,
1203 4592 1338 4647 ἀλλὰ
1379 4597 1760 4666 προαιρετικὸν
1810 4596 1871 4650 τὸ
1905 4615 2003 4650 καφ

422 4684 741 4754 κπραγεῖν.
774 4681 1034 4754 Σημαίνει
1071 4683 1128 4736 δὲ
1178 4686 1273 4743 καὶ
1311 4689 1341 4740 ό
1372 4688 1530 4751 πόνος
1569 4689 1666 4760 τῆς
1704 4691 1903 4761 ἀρετῆς
1937 4689 2000 4743 τὸ

423 4773 807 4848 προαιρετικὸν
861 4774 969 4827 τῶν
1025 4779 1378 4848 κεκτημένων
1433 4781 1643 4851 αὐτήν-
1697 4775 1779 4845 οἷς
1834 4782 1888 4835 εί
1946 4798 2000 4834 τι

423 4867 522 4922 καὶ
602 4866 799 4939 μικρὸν
866 4865 1125 4937 ἀμελείας
1187 4868 1489 4938 ὲγγίνοιτο,

425 4972 630 5029 κτημα.

1572 4872 1866 4928 κινδυνεύει
1939 4874 1999 4927 τὸ

495 5135 559 5189 Ei
592 5135 649 5189 δέ
681 5153 766 5199 τις
796 5135 938 5190 κατά
959 5135 1053 5190 τοῦ
1085 5135 1246 5205 λόγου
1278 5136 1518 5209 παράγοι
1550 5135 1641 5188 τὸν
1675 5135 1996 5207 βουλόμενον

432 5218 531 5289 μὲν
559 5222 704 5277 ἐστιν
741 5224 829 5277 ὅτε
878 5222 1096 5294 φαύλων
1134 5224 1456 5295 ἀπέχεσθαι,
1495 5222 1772 5292 φάσκοντά
1798 5240 1861 5291 γε
1895 5224 2001 5294 μὴν

429 5310 701 5380 ἀδυνάτως
723 5316 867 5388 ἔχειν
884 5335 898 5348 ·
934 5316 1269 5389 μανθανέτω,
1298 5317 1373 5381 ὡς
1396 5316 1608 5389 χρόνιον
1641 5317 1737 5386 μὲν
1770 5317 1863 5369 καὶ
1891 5315 2002 5385 (‘27)

430 5405 574 5459 κατὰ
602 5408 758 5479 σῶμα
779 5410 950 5475 πάθος
971 5411 1029 5464 οὺ
1065 5410 1261 5482 ῥᾳδίως
1287 5408 1692 5481 μετακινείσθαι
1723 5408 1964 5476 πέφυκεν
1985 5425 1998 5441 ·

430 5493 575 5551 οὕτω
604 5497 665 5569 δὴ
700 5501 791 5554 καὶ
834 5504 934 5575 τῆς
963 5502 1143 5574 ψυχῆς
1175 5500 1287 5567 ἕξις
1317 5503 1417 5556 οὑκ
1445 5501 1646 5572 ἀγαθὴ,
1676 5501 1851 5574 χρόνῳ
1894 5518 2000 5553 πα-

431 5592 611 5659 γεῖσα,
651 5593 750 5647 οὐκ
791 5593 1008 5651 εὔκολον
1047 5597 1160 5668 ἔχει
1201 5597 1309 5650 τῶν
1354 5599 1410 5651 ἐν
1445 5594 1612 5667 πολλῇ
1641 5611 1705 5663 γε
1746 5593 2003 5666 συνηθείᾳ

2087 2128 2297 2198 justum
2346 2120 2567 2186 facere,
2611 2128 2759 2175 recte
2812 2114 3032 2187 quidem
3063 2112 3330 2177 dicimus;
3380 2116 3622 2164 attamen
3650 2149 3664 2172 ,

2091 2234 2198 2273 non
2228 2231 2410 2286 posse,
2445 2228 2557 2268 non
2586 2211 2651 2265 ad
2702 2207 3076 2264 infirmitatem
3132 2202 3443 2264 referimus,
3475 2199 3570 2255 sed
3599 2199 3666 2252 ad

2093 2321 2360 2362 summam
2397 2301 2784 2375 perfectionem
2830 2313 2940 2351 non
2969 2295 3183 2351 volendi
3214 2292 3361 2364 quod
3396 2291 3666 2361 injustum

2091 2405 2196 2461 est,
2220 2402 2274 2451 et
2328 2394 2398 2449 ad
2445 2389 2842 2448 immutabilem
2877 2385 3298 2442 declinationem
3330 2382 3620 2438 deterioris
3652 2400 3665 2435 :

2091 2502 2214 2542 cum
2243 2486 2388 2541 enim
2424 2483 2496 2540 sit
2523 2479 2824 2538 secundum
2858 2487 3110 2533 naturam
3154 2474 3535 2540 immutabilis,
3563 2474 3669 2526 im-

2091 2577 2352 2632 mutabile
2385 2582 2471 2630 est
2496 2574 2546 2628 ei
2572 2572 2715 2627 nolle
2745 2568 3042 2640 quidquam
3081 2566 3205 2620 mali
3232 2563 3429 2620 facere.
3465 2563 3670 2630 Quam-

2091 2671 2281 2726 obrem
2318 2672 2496 2738 potest
2527 2663 2773 2735 quidem,
2803 2662 2898 2716 sed
2935 2674 3044 2713 non
3082 2656 3212 2712 facit
3233 2664 3431 2711 natura
3467 2657 3668 2710 immu-

2092 2760 2245 2814 tabili
2277 2774 2387 2813 non
2409 2754 2630 2812 volendi
2663 2752 2867 2805 malum
2893 2769 2905 2804 ε
2933 2756 3096 2819 atque
3128 2747 3200 2801 ita
3234 2762 3342 2801 non
3371 2753 3456 2800 est
3484 2746 3672 2814 nequi-

2094 2851 2167 2904 tia
2196 2847 2337 2919 apud
2365 2846 2556 2910 Deum,
2582 2859 2690 2898 non
2722 2841 2897 2896 solum
2934 2840 3060 2909 quia
3094 2852 3204 2891 non
3226 2838 3441 2892 exsistit
3463 2852 3558 2906 per
3587 2850 3667 2898 se,

2093 2939 2188 2996 sed
2217 2938 2342 3010 quia
2375 2949 2476 2992 nec
2501 2942 2585 2990 est
2628 2933 2684 2987 in
2736 2931 2969 2986 actione.
3005 2926 3145 2993 Quia
3191 2941 3320 2981 vero
3358 2924 3673 2979 hominibus

2093 3028 2497 3104 quodammodo
2526 3040 2633 3080 non
2658 3030 2744 3079 est
2782 3017 3140 3076 immutabilis
3172 3016 3447 3072 recusatio
3478 3016 3674 3085 nequia

2093 3126 2222 3190 tiae;
2249 3122 2353 3179 etsi
2386 3120 2511 3191 quis
2542 3117 2609 3172 ad
2639 3117 2891 3171 virtutem
2928 3109 3204 3177 ascendit;
3239 3109 3415 3165 solum
3455 3107 3669 3162 videtur

2092 3230 2215 3272 esse
2252 3211 2517 3283 nequitia,
2554 3208 2682 3261 dum
2715 3214 2799 3261 est
2839 3204 2893 3259 in
2923 3203 3178 3266 actione;
3221 3215 3330 3256 non
3370 3207 3553 3254 autem
3584 3207 3667 3253 est

2094 3313 2220 3360 ante
2238 3298 2628 3359 actionem.Sic
2645 3299 2917 3353 hominem
2939 3294 3079 3350 Deus
3098 3293 3383 3348 honoravit
3399 3290 3671 3345 fabricans

2020 3383 2063 3439 ε
2096 3411 2220 3452 eum
2247 3395 2315 3450 ad
2338 3391 2628 3462 imaginem
2661 3403 2815 3444 suam
2845 3406 2857 3441 :
2890 3393 2951 3440 ut
2979 3385 3121 3439 sicut
3153 3384 3271 3453 ipse
3296 3382 3548 3436 libertate
3572 3395 3672 3434 na-

2098 3497 2235 3543 tura
2273 3488 2448 3543 bonus
2478 3490 2584 3544 est,
2614 3481 2694 3536 sic
2715 3483 2877 3533 homo
2909 3476 3157 3531 libertate
3186 3472 3453 3544 propositi
3486 3471 3671 3527 imita-

2099 3590 2185 3636 tor
2216 3579 2310 3635 Dei
2340 3584 2520 3641 esset;
2554 3591 2664 3629 non
2695 3573 2978 3627 abstinens
3025 3583 3053 3621 a
3095 3573 3338 3638 peccato,
3378 3563 3504 3635 quia
3533 3562 3672 3619 desit

2100 3680 2309 3727 natum
2339 3669 2440 3739 ipsi
2474 3672 2739 3739 potestas,
2765 3663 2860 3720 sed
2913 3662 3166 3717 libertate
3197 3657 3463 3731 propositi
3494 3656 3671 3712 virtu-

2098 3776 2205 3821 tem
2247 3765 2547 3818 honorans.
3024 3807 3030 3817 ,
3527 3798 3532 3804 .

2171 3856 2297 3911 Haec
2327 3864 2504 3908 autem
2542 3850 2676 3906 satis
2710 3846 3033 3916 abundeque
3066 3843 3348 3899 declarant
3378 3846 3458 3894 tot
3493 3847 3673 3893 muta-

2100 3948 2279 4001 tiones
2313 3944 2381 3999 ad
2412 3944 2666 3997 virtutem
2708 3946 2761 3994 et
2813 3938 3038 3999 Vitium,
3085 3948 3206 4006 qua:
3253 3935 3306 3985 in
3357 3929 3672 3985 hominibus

2103 4049 2474 4109 saepenumero
2508 4031 2881 4103 reperiuntur,
2928 4029 2983 4083 in
3030 4012 3231 4095 quibus
3275 4030 3529 4077 neutrum
3575 4021 3671 4075 ho-

2101 4145 2223 4184 rum
2258 4129 2515 4182 diuturna
2547 4120 2947 4178 consuetudine
2984 4118 3088 4171 fixe
3124 4116 3285 4169 inest.
3321 4111 3673 4182 Quaecunque

2102 4220 2247 4276 enim
2325 4218 2650 4272 necessitate
2692 4221 2902 4266 natura:
2942 4207 3210 4269 facimus,
3255 4205 3448 4259 horum
3497 4216 3674 4257 muta-

2102 4315 2306 4369 tionem
2341 4326 2448 4366 nou
2484 4308 2837 4377 recipimus,
2890 4313 3232 4371 quaecunque
3281 4312 3413 4351 vero
3464 4297 3675 4350 ratione

2104 4403 2371 4475 propositi
2400 4411 2453 4457 et
2479 4396 2894 4456 deliberationis
2931 4394 3197 4453 facimus,
3238 4388 3352 4443 haec
3415 4388 3471 4441 in
3515 4388 3713 4442 nobis.

2105 4496 2410 4560 variantur,
2441 4500 2496 4547 et
2525 4491 2660 4544 alias
2708 4489 2865 4543 aliter
2913 4486 3113 4540 habent
3163 4480 3231 4535 ad
3280 4479 3679 4551 propensiones

2104 4603 2227 4658 quae
2254 4587 2314 4641 in
2353 4582 2634 4656 proposito
2665 4579 2819 4634 ﬁunt.
2858 4576 2978 4632 Non
3012 4575 3179 4645 igitur
3216 4587 3480 4641 peccare,
3518 4578 3676 4627 natu-

2108 4679 2221 4734 rale
2248 4684 2332 4733 est
2364 4684 2418 4732 et
2480 4672 2852 4730 necessarium
2897 4667 3247 4729 hominibus,
3294 4663 3389 4718 sed
3429 4664 3678 4717 volunta—

2104 4771 2248 4826 rium
2280 4777 2365 4825 est
2398 4766 2747 4822 maleficium.
2786 4762 3242 4829 Declaratautem
3275 4757 3428 4811 labor
3457 4755 3678 4809 virtutis

2104 4860 2471 4916 voluntarium
2499 4872 2689 4913 eorum
2719 4839 2809 4925 qui
2836 4867 2956 4908 eam
2991 4834 3400 4920 acquisiverunt
3427 4865 3441 4914 ;
3476 4847 3530 4900 in
3557 4846 3677 4916 qui-

2105 4955 2210 5010 bus
2242 4954 2290 5009 si
2324 4952 2548 5022 paulum
2590 4947 2933 5019 negligentiae
2984 4944 3153 5009 insit,
3179 4941 3520 5013 periclitatur
3552 4956 3678 5011 pos-

2105 5045 2283 5102 sessio
2313 5042 2534 5099 virtutis
2562 5048 2741 5113 parta.

2178 5135 2236 5191 Si
2263 5135 2391 5206 quis
2423 5147 2555 5190 vero
2603 5131 2866 5185 adversus
2911 5128 3016 5183 hoc
3064 5125 3333 5196 producat
3368 5138 3526 5188 eum,
3582 5125 3675 5193 qui

2102 5228 2220 5284 vult
2252 5225 2474 5297 quidem
2514 5222 2842 5294 quandoque
2882 5218 3160 5274 abstinere
3205 5233 3236 5271 a
3280 5216 3497 5287 pravis,
3545 5216 3677 5271 dicit

2107 5327 2287 5373 tamen
2342 5332 2401 5372 se
2441 5331 2551 5370 non
2597 5329 2801 5385 posse;
2858 5310 3105 5366 advertat
3148 5309 3299 5379 ipse,
3343 5306 3489 5376 quod
3532 5308 3676 5362 sicut

2105 5412 2332 5466 morbus
2362 5408 2614 5478 corporis
2643 5407 2936 5461 diuturnus
2968 5420 3080 5458 non
3110 5401 3271 5457 facile
3300 5408 3560 5464 mutatur,
3595 5401 3675 5453 sie

2105 5503 2300 5557 animae
2328 5501 2573 5556 habitum
2605 5514 2715 5554 non
2747 5499 2948 5553 bonum
2978 5480 3222 5565 tempore
3255 5490 3417 5545 fixum
3453 5507 3559 5545 non
3592 5499 3672 5545 est

2105 5593 2283 5649 facilis
2310 5592 2452 5646 ratio
2487 5589 2793 5662 depellendi
2827 5589 2883 5643 in
2910 5586 3206 5657 longinqua
3236 5583 3629 5637 consuetudine
3655 5601 3675 5653 ς

508 5747 621 5823 (27)
655 5751 815 5807 Κατὰ
844 5751 1015 5823 σῶμα
1043 5751 1234 5822 πάθος
1361 5767 1575 5825 μετακ.
1610 5749 1853 5806 Mutatur
1880 5763 1991 5804 mor

2091 5763 2126 5817 ς,
2155 5746 2245 5805 cui
2276 5747 2503 5822 depulso
2535 5746 2724 5804 morbo
2759 5742 3005 5802 succedit
3027 5740 3253 5798 sanitas.
3286 5737 3440 5799 Ἰύιιι
