  <div class='ocr_page' id='page_1' title='image "/cluster/home/n/w/nwhite01/storage/ocr_20150623/18/coo.31924054872985/585.png"; bbox 0 0 4100 6474; ppageno 0'>
   <div class='ocr_carea' id='block_1_1' title="bbox 359 386 494 441">
    <p class='ocr_par' dir='ltr' id='par_1_1' title="bbox 359 386 494 441">
     <span class='ocr_line' id='line_1_1' title="bbox 359 386 494 441; baseline 0 0"><span class='ocrx_word' id='word_1_1' title='bbox 359 386 494 441; x_wconf 73' lang='grc'><strong>1145</strong></span> 
     </span>
    </p>
   </div>
   <div class='ocr_carea' id='block_1_2' title="bbox 1495 375 2448 440">
    <p class='ocr_par' dir='ltr' id='par_1_2' title="bbox 1495 375 2448 440">
     <span class='ocr_line' id='line_1_2' title="bbox 1495 375 2448 440; baseline 0 -3"><span class='ocrx_word' id='word_1_2' title='bbox 1495 382 1632 438; x_wconf 83' lang='lat' dir='ltr'><strong>TITI</strong></span> <span class='ocrx_word' id='word_1_3' title='bbox 1674 375 2116 440; x_wconf 66' lang='lat' dir='ltr'><strong>BOSTliENSIS&#39;</strong></span> <span class='ocrx_word' id='word_1_4' title='bbox 2136 382 2448 439; x_wconf 75' lang='lat' dir='ltr'><strong>EPISCOPI</strong></span> 
     </span>
    </p>
   </div>
   <div class='ocr_carea' id='block_1_3' title="bbox 3458 380 3596 436">
    <p class='ocr_par' dir='ltr' id='par_1_3' title="bbox 3458 380 3596 436">
     <span class='ocr_line' id='line_1_3' title="bbox 3458 380 3596 436; baseline 0 -1"><span class='ocrx_word' id='word_1_5' title='bbox 3458 380 3596 436; x_wconf 68' lang='lat' dir='ltr'><strong>HM</strong></span> 
     </span>
    </p>
   </div>
   <div class='ocr_carea' id='block_1_4' title="bbox 358 494 1927 570">
    <p class='ocr_par' dir='ltr' id='par_1_4' title="bbox 358 497 1923 569">
     <span class='ocr_line' id='line_1_4' title="bbox 358 497 1923 569; baseline -0.001 -13"><span class='ocrx_word' id='word_1_6' title='bbox 358 502 462 561; x_wconf 88' lang='lat' dir='ltr'><strong>nisi</strong></span> <span class='ocrx_word' id='word_1_7' title='bbox 493 499 671 569; x_wconf 82' lang='lat' dir='ltr'><strong>majus</strong></span> <span class='ocrx_word' id='word_1_8' title='bbox 700 499 935 568; x_wconf 97' lang='lat' dir='ltr'><strong>aliquem</strong></span> <span class='ocrx_word' id='word_1_9' title='bbox 976 498 1181 552; x_wconf 90' lang='lat' dir='ltr'><strong>bonum</strong></span> <span class='ocrx_word' id='word_1_10' title='bbox 1218 497 1447 561; x_wconf 89' lang='lat' dir='ltr'><strong>subeat,</strong></span> <span class='ocrx_word' id='word_1_11' title='bbox 1493 514 1601 568; x_wconf 77' lang='lat' dir='ltr'><strong>quo</strong></span> <span class='ocrx_word' id='word_1_12' title='bbox 1645 509 1923 568; x_wconf 82' lang='lat' dir='ltr'><strong>antegres-</strong></span> 
     </span>
    </p>
   </div>
   <div class='ocr_carea' id='block_1_5' title="bbox 2027 494 3596 570">
    <p class='ocr_par' dir='ltr' id='par_1_5' title="bbox 2028 494 3596 570">
     <span class='ocr_line' id='line_1_5' title="bbox 2028 494 3596 570; baseline 0.002 -21"><span class='ocrx_word' id='word_1_13' title='bbox 2028 498 2125 570; x_wconf 77' lang='grc' dir='ltr'>τὴν</span> <span class='ocrx_word' id='word_1_14' title='bbox 2154 499 2440 568; x_wconf 67' lang='grc' dir='ltr'>ἀποφυγήν</span> <span class='ocrx_word' id='word_1_15' title='bbox 2461 515 2473 529; x_wconf 78' lang='grc' dir='ltr'><strong>ο</strong></span> <span class='ocrx_word' id='word_1_16' title='bbox 2520 496 2660 569; x_wconf 75' lang='grc' dir='ltr'>πλὴν</span> <span class='ocrx_word' id='word_1_17' title='bbox 2689 497 2738 550; x_wconf 83' lang='grc' dir='ltr'><strong>εί</strong></span> <span class='ocrx_word' id='word_1_18' title='bbox 2778 497 2850 569; x_wconf 86' lang='grc' dir='ltr'>μή</span> <span class='ocrx_word' id='word_1_19' title='bbox 2877 513 2929 550; x_wconf 92' lang='grc' dir='ltr'><strong>τι</strong></span> <span class='ocrx_word' id='word_1_20' title='bbox 2974 494 3157 567; x_wconf 78' lang='grc' dir='ltr'>μεῖζον</span> <span class='ocrx_word' id='word_1_21' title='bbox 3188 494 3389 566; x_wconf 63' lang='grc' dir='ltr'>ἀγᾶθδν</span> <span class='ocrx_word' id='word_1_22' title='bbox 3421 498 3596 562; x_wconf 82' lang='grc' dir='ltr'><strong>πάθος</strong></span> 
     </span>
    </p>
   </div>
   <div class='ocr_carea' id='block_1_6' title="bbox 357 590 1922 661">
    <p class='ocr_par' dir='ltr' id='par_1_6' title="bbox 357 590 1922 661">
     <span class='ocr_line' id='line_1_6' title="bbox 357 590 1922 661; baseline -0.001 -14"><span class='ocrx_word' id='word_1_23' title='bbox 357 609 479 648; x_wconf 78' lang='lat' dir='ltr'><strong>rum</strong></span> <span class='ocrx_word' id='word_1_24' title='bbox 512 592 712 645; x_wconf 87' lang='lat' dir='ltr'><strong>malum</strong></span> <span class='ocrx_word' id='word_1_25' title='bbox 746 591 1070 659; x_wconf 80' lang='lat' dir='ltr'><strong>expellatur.</strong></span> <span class='ocrx_word' id='word_1_26' title='bbox 1119 590 1257 646; x_wconf 84' lang='lat' dir='ltr'><strong>Hinc</strong></span> <span class='ocrx_word' id='word_1_27' title='bbox 1301 591 1395 655; x_wconf 82' lang='lat' dir='ltr'><strong>(it,</strong></span> <span class='ocrx_word' id='word_1_28' title='bbox 1437 599 1499 644; x_wconf 89' lang='lat' dir='ltr'><strong>ut</strong></span> <span class='ocrx_word' id='word_1_29' title='bbox 1541 606 1683 661; x_wconf 63' lang='lat' dir='ltr'><strong>sazpe</strong></span> <span class='ocrx_word' id='word_1_30' title='bbox 1725 592 1922 661; x_wconf 87' lang='lat' dir='ltr'><strong>aliquis</strong></span> 
     </span>
    </p>
   </div>
   <div class='ocr_carea' id='block_1_7' title="bbox 357 682 1924 755">
    <p class='ocr_par' dir='ltr' id='par_1_7' title="bbox 357 682 1924 755">
     <span class='ocr_line' id='line_1_7' title="bbox 357 682 1924 755; baseline -0.001 -18"><span class='ocrx_word' id='word_1_31' title='bbox 357 701 481 737; x_wconf 80' lang='lat' dir='ltr'><strong>cum</strong></span> <span class='ocrx_word' id='word_1_32' title='bbox 514 682 771 739; x_wconf 76' lang='lat' dir='ltr'><strong>eﬂrenate</strong></span> <span class='ocrx_word' id='word_1_33' title='bbox 801 684 856 737; x_wconf 90' lang='lat' dir='ltr'><strong>in</strong></span> <span class='ocrx_word' id='word_1_34' title='bbox 888 693 1047 753; x_wconf 92' lang='lat' dir='ltr'><strong>turpe</strong></span> <span class='ocrx_word' id='word_1_35' title='bbox 1084 682 1357 753; x_wconf 84' lang='lat' dir='ltr'><strong>quoddam</strong></span> <span class='ocrx_word' id='word_1_36' title='bbox 1389 699 1526 753; x_wconf 83' lang='lat' dir='ltr'><strong>opus</strong></span> <span class='ocrx_word' id='word_1_37' title='bbox 1558 683 1813 755; x_wconf 90' lang='lat' dir='ltr'><strong>impetum</strong></span> <span class='ocrx_word' id='word_1_38' title='bbox 1848 683 1924 737; x_wconf 83' lang='lat' dir='ltr'><strong>fe-</strong></span> 
     </span>
    </p>
   </div>
   <div class='ocr_carea' id='block_1_8' title="bbox 356 776 1923 872">
    <p class='ocr_par' dir='ltr' id='par_1_8' title="bbox 356 776 1923 872">
     <span class='ocr_line' id='line_1_8' title="bbox 356 776 1923 872; baseline -0.001 -41"><span class='ocrx_word' id='word_1_39' title='bbox 356 776 552 838; x_wconf 88' lang='lat' dir='ltr'><strong>cisset,</strong></span> <span class='ocrx_word' id='word_1_40' title='bbox 585 776 670 831; x_wconf 88' lang='lat' dir='ltr'><strong>vel</strong></span> <span class='ocrx_word' id='word_1_41' title='bbox 704 777 1047 847; x_wconf 88' lang='lat' dir='ltr'><strong>pr0positum</strong></span> <span class='ocrx_word' id='word_1_42' title='bbox 1079 792 1201 831; x_wconf 86' lang='lat' dir='ltr'><strong>esse</strong></span> <span class='ocrx_word' id='word_1_43' title='bbox 1240 776 1537 830; x_wconf 86' lang='lat' dir='ltr'><strong>adulterari</strong></span> <span class='ocrx_word' id='word_1_44' title='bbox 1560 777 1730 872; x_wconf 57' lang='lat' dir='ltr'><strong>,‘solo</strong></span> <span class='ocrx_word' id='word_1_45' title='bbox 1763 791 1923 846; x_wconf 82' lang='lat' dir='ltr'><strong>aspe-</strong></span> 
     </span>
    </p>
   </div>
   <div class='ocr_carea' id='block_1_9' title="bbox 356 868 1924 938">
    <p class='ocr_par' dir='ltr' id='par_1_9' title="bbox 356 868 1924 938">
     <span class='ocr_line' id='line_1_9' title="bbox 356 868 1924 938; baseline 0.001 -18"><span class='ocrx_word' id='word_1_46' title='bbox 356 875 445 920; x_wconf 85' lang='lat' dir='ltr'><strong>ctu</strong></span> <span class='ocrx_word' id='word_1_47' title='bbox 490 868 711 932; x_wconf 89' lang='lat' dir='ltr'><strong>mariti,</strong></span> <span class='ocrx_word' id='word_1_48' title='bbox 744 875 892 923; x_wconf 88' lang='lat' dir='ltr'><strong>metu</strong></span> <span class='ocrx_word' id='word_1_49' title='bbox 940 868 1292 938; x_wconf 83' lang='lat' dir='ltr'><strong>cupiditatem</strong></span> <span class='ocrx_word' id='word_1_50' title='bbox 1338 868 1632 938; x_wconf 71' lang='lat' dir='ltr'><strong>repressit,</strong></span> <span class='ocrx_word' id='word_1_51' title='bbox 1678 877 1771 924; x_wconf 90' lang='lat' dir='ltr'><strong>aut</strong></span> <span class='ocrx_word' id='word_1_52' title='bbox 1811 885 1924 923; x_wconf 88' lang='lat' dir='ltr'><strong>me-</strong></span> 
     </span>
    </p>
   </div>
   <div class='ocr_carea' id='block_1_10' title="bbox 355 956 1922 1026">
    <p class='ocr_par' dir='ltr' id='par_1_10' title="bbox 355 956 1922 1026">
     <span class='ocr_line' id='line_1_10' title="bbox 355 956 1922 1026; baseline 0.004 -18"><span class='ocrx_word' id='word_1_53' title='bbox 355 956 530 1010; x_wconf 84' lang='lat' dir='ltr'><strong>moria</strong></span> <span class='ocrx_word' id='word_1_54' title='bbox 560 957 737 1026; x_wconf 80' lang='lat' dir='ltr'><strong>legum</strong></span> <span class='ocrx_word' id='word_1_55' title='bbox 772 958 825 1011; x_wconf 90' lang='lat' dir='ltr'><strong>in</strong></span> <span class='ocrx_word' id='word_1_56' title='bbox 862 966 1041 1012; x_wconf 90' lang='lat' dir='ltr'><strong>mente</strong></span> <span class='ocrx_word' id='word_1_57' title='bbox 1068 965 1343 1013; x_wconf 87' lang='lat' dir='ltr'><strong>revocata.</strong></span> <span class='ocrx_word' id='word_1_58' title='bbox 1379 959 1535 1014; x_wconf 83' lang='lat' dir='ltr'><strong>Alius</strong></span> <span class='ocrx_word' id='word_1_59' title='bbox 1564 975 1686 1013; x_wconf 91' lang='lat' dir='ltr'><strong>cum</strong></span> <span class='ocrx_word' id='word_1_60' title='bbox 1719 959 1922 1015; x_wconf 76' lang='lat' dir='ltr'><strong>delibe-</strong></span> 
     </span>
    </p>
   </div>
   <div class='ocr_carea' id='block_1_11' title="bbox 355 1048 1927 1119">
    <p class='ocr_par' dir='ltr' id='par_1_11' title="bbox 355 1048 1927 1119">
     <span class='ocr_line' id='line_1_11' title="bbox 355 1048 1927 1119; baseline 0.003 -20"><span class='ocrx_word' id='word_1_61' title='bbox 355 1054 532 1103; x_wconf 87' lang='lat' dir='ltr'><strong>rasset</strong></span> <span class='ocrx_word' id='word_1_62' title='bbox 562 1048 914 1114; x_wconf 82' lang='lat' dir='ltr'><strong>latrocinari,</strong></span> <span class='ocrx_word' id='word_1_63' title='bbox 947 1058 1091 1103; x_wconf 89' lang='lat' dir='ltr'><strong>metu</strong></span> <span class='ocrx_word' id='word_1_64' title='bbox 1125 1050 1374 1119; x_wconf 87' lang='lat' dir='ltr'><strong>supplicii</strong></span> <span class='ocrx_word' id='word_1_65' title='bbox 1399 1051 1750 1119; x_wconf 85' lang='lat' dir='ltr'><strong>cupiditatem</strong></span> <span class='ocrx_word' id='word_1_66' title='bbox 1773 1064 1927 1105; x_wconf 91' lang='lat' dir='ltr'><strong>coer-</strong></span> 
     </span>
    </p>
   </div>
   <div class='ocr_carea' id='block_1_12' title="bbox 352 1137 1924 1208">
    <p class='ocr_par' dir='ltr' id='par_1_12' title="bbox 352 1137 1924 1208">
     <span class='ocr_line' id='line_1_12' title="bbox 352 1137 1924 1208; baseline 0.004 -18"><span class='ocrx_word' id='word_1_67' title='bbox 352 1139 485 1191; x_wconf 83' lang='lat' dir='ltr'><strong>cuit.</strong></span> <span class='ocrx_word' id='word_1_68' title='bbox 540 1137 633 1193; x_wconf 89' lang='lat' dir='ltr'><strong>Sic</strong></span> <span class='ocrx_word' id='word_1_69' title='bbox 696 1147 919 1208; x_wconf 82' lang='lat' dir='ltr'><strong>peccata</strong></span> <span class='ocrx_word' id='word_1_70' title='bbox 970 1153 1134 1208; x_wconf 78' lang='lat' dir='ltr'><strong>Opera</strong></span> <span class='ocrx_word' id='word_1_71' title='bbox 1185 1146 1314 1195; x_wconf 89' lang='lat' dir='ltr'><strong>sunt</strong></span> <span class='ocrx_word' id='word_1_72' title='bbox 1366 1139 1757 1206; x_wconf 79' lang='lat' dir='ltr'><strong>aﬂ&#39;ectinnum,</strong></span> <span class='ocrx_word' id='word_1_73' title='bbox 1815 1157 1924 1196; x_wconf 89' lang='lat' dir='ltr'><strong>non</strong></span> 
     </span>
    </p>
   </div>
   <div class='ocr_carea' id='block_1_13' title="bbox 354 1232 1922 1289">
    <p class='ocr_par' dir='ltr' id='par_1_13' title="bbox 354 1232 1922 1289">
     <span class='ocr_line' id='line_1_13' title="bbox 354 1232 1922 1289; baseline 0.004 -7"><span class='ocrx_word' id='word_1_74' title='bbox 354 1240 533 1284; x_wconf 89' lang='lat' dir='ltr'><strong>autem</strong></span> <span class='ocrx_word' id='word_1_75' title='bbox 582 1246 648 1286; x_wconf 84' lang='lat' dir='ltr'><strong>ex</strong></span> <span class='ocrx_word' id='word_1_76' title='bbox 699 1239 893 1286; x_wconf 91' lang='lat' dir='ltr'><strong>natura</strong></span> <span class='ocrx_word' id='word_1_77' title='bbox 938 1232 1304 1288; x_wconf 72' lang='lat' dir='ltr'><strong>efﬂorescunt.</strong></span> <span class='ocrx_word' id='word_1_78' title='bbox 1352 1233 1695 1289; x_wconf 87' lang='lat' dir='ltr'><strong>Honoramus</strong></span> <span class='ocrx_word' id='word_1_79' title='bbox 1743 1242 1922 1289; x_wconf 89' lang='lat' dir='ltr'><strong>autem</strong></span> 
     </span>
    </p>
   </div>
   <div class='ocr_carea' id='block_1_14' title="bbox 354 1324 1920 1395">
    <p class='ocr_par' dir='ltr' id='par_1_14' title="bbox 354 1324 1920 1395">
     <span class='ocr_line' id='line_1_14' title="bbox 354 1324 1920 1395; baseline 0.004 -22"><span class='ocrx_word' id='word_1_80' title='bbox 354 1338 545 1378; x_wconf 84' lang='lat' dir='ltr'><strong>onmes</strong></span> <span class='ocrx_word' id='word_1_81' title='bbox 570 1333 621 1377; x_wconf 90' lang='lat' dir='ltr'><strong>et</strong></span> <span class='ocrx_word' id='word_1_82' title='bbox 649 1338 895 1378; x_wconf 82' lang='lat' dir='ltr'><strong>amamus</strong></span> <span class='ocrx_word' id='word_1_83' title='bbox 914 1365 928 1388; x_wconf 94' lang='lat'><strong>,</strong></span> <span class='ocrx_word' id='word_1_84' title='bbox 956 1324 1048 1393; x_wconf 88' lang='lat' dir='ltr'><strong>qui</strong></span> <span class='ocrx_word' id='word_1_85' title='bbox 1074 1325 1347 1394; x_wconf 66' lang='lat' dir='ltr'><strong>arquitatis</strong></span> <span class='ocrx_word' id='word_1_86' title='bbox 1376 1326 1670 1395; x_wconf 86' lang='lat' dir='ltr'><strong>participes</strong></span> <span class='ocrx_word' id='word_1_87' title='bbox 1699 1340 1920 1390; x_wconf 86' lang='lat' dir='ltr'><strong>sumus,</strong></span> 
     </span>
    </p>
   </div>
   <div class='ocr_carea' id='block_1_15' title="bbox 355 1412 1922 1487">
    <p class='ocr_par' dir='ltr' id='par_1_15' title="bbox 355 1412 1922 1487">
     <span class='ocr_line' id='line_1_15' title="bbox 355 1412 1922 1487; baseline 0.006 -25"><span class='ocrx_word' id='word_1_88' title='bbox 355 1412 500 1482; x_wconf 74' lang='lat' dir='ltr'><strong>leges</strong></span> <span class='ocrx_word' id='word_1_89' title='bbox 532 1429 652 1482; x_wconf 67' lang='lat' dir='ltr'><strong>quae</strong></span> <span class='ocrx_word' id='word_1_90' title='bbox 680 1414 955 1469; x_wconf 78' lang='lat' dir='ltr'><strong>maleficos</strong></span> <span class='ocrx_word' id='word_1_91' title='bbox 988 1414 1106 1470; x_wconf 88' lang='lat' dir='ltr'><strong>sine</strong></span> <span class='ocrx_word' id='word_1_92' title='bbox 1130 1416 1239 1468; x_wconf 87' lang='lat' dir='ltr'><strong>ulla</strong></span> <span class='ocrx_word' id='word_1_93' title='bbox 1263 1417 1617 1471; x_wconf 68' lang='lat' dir='ltr'><strong>excusatione</strong></span> <span class='ocrx_word' id='word_1_94' title='bbox 1647 1418 1879 1487; x_wconf 91' lang='lat' dir='ltr'><strong>puniunt</strong></span> <span class='ocrx_word' id='word_1_95' title='bbox 1908 1436 1922 1471; x_wconf 89' lang='lat'><strong>:</strong></span> 
     </span>
    </p>
   </div>
   <div class='ocr_carea' id='block_1_16' title="bbox 356 1504 1930 1579">
    <p class='ocr_par' dir='ltr' id='par_1_16' title="bbox 356 1504 1930 1579">
     <span class='ocr_line' id='line_1_16' title="bbox 356 1504 1930 1579; baseline 0.003 -22"><span class='ocrx_word' id='word_1_96' title='bbox 356 1504 435 1557; x_wconf 90' lang='lat' dir='ltr'><strong>sic</strong></span> <span class='ocrx_word' id='word_1_97' title='bbox 450 1505 722 1558; x_wconf 88' lang='lat' dir='ltr'><strong>communi</strong></span> <span class='ocrx_word' id='word_1_98' title='bbox 736 1506 992 1575; x_wconf 90' lang='lat' dir='ltr'><strong>opinione</strong></span> <span class='ocrx_word' id='word_1_99' title='bbox 1006 1521 1102 1575; x_wconf 87' lang='lat' dir='ltr'><strong>per</strong></span> <span class='ocrx_word' id='word_1_100' title='bbox 1114 1521 1279 1576; x_wconf 73' lang='lat' dir='ltr'><strong>Opera</strong></span> <span class='ocrx_word' id='word_1_101' title='bbox 1290 1506 1679 1564; x_wconf 80' lang='lat' dir='ltr'><strong>conﬁrmamus</strong></span> <span class='ocrx_word' id='word_1_102' title='bbox 1692 1524 1797 1563; x_wconf 92' lang='lat' dir='ltr'><strong>non</strong></span> <span class='ocrx_word' id='word_1_103' title='bbox 1809 1507 1930 1579; x_wconf 78' lang='lat' dir='ltr'><strong>cogi</strong></span> 
     </span>
    </p>
   </div>
   <div class='ocr_carea' id='block_1_17' title="bbox 356 1596 1923 1669">
    <p class='ocr_par' dir='ltr' id='par_1_17' title="bbox 356 1596 1923 1669">
     <span class='ocr_line' id='line_1_17' title="bbox 356 1596 1923 1669; baseline 0.004 -22"><span class='ocrx_word' id='word_1_104' title='bbox 356 1596 598 1649; x_wconf 83' lang='lat' dir='ltr'><strong>homines</strong></span> <span class='ocrx_word' id='word_1_105' title='bbox 622 1605 812 1650; x_wconf 88' lang='lat' dir='ltr'><strong>natura</strong></span> <span class='ocrx_word' id='word_1_106' title='bbox 842 1597 909 1651; x_wconf 90' lang='lat' dir='ltr'><strong>ad</strong></span> <span class='ocrx_word' id='word_1_107' title='bbox 944 1597 1231 1662; x_wconf 83' lang='lat' dir='ltr'><strong>maleﬁcia,</strong></span> <span class='ocrx_word' id='word_1_108' title='bbox 1271 1597 1365 1654; x_wconf 88' lang='lat' dir='ltr'><strong>sed</strong></span> <span class='ocrx_word' id='word_1_109' title='bbox 1401 1598 1527 1668; x_wconf 89' lang='lat' dir='ltr'><strong>quia</strong></span> <span class='ocrx_word' id='word_1_110' title='bbox 1560 1599 1841 1669; x_wconf 86' lang='lat' dir='ltr'><strong>preposito</strong></span> <span class='ocrx_word' id='word_1_111' title='bbox 1869 1608 1923 1654; x_wconf 89' lang='lat' dir='ltr'><strong>et</strong></span> 
     </span>
    </p>
   </div>
   <div class='ocr_carea' id='block_1_18' title="bbox 354 1686 1918 1761">
    <p class='ocr_par' dir='ltr' id='par_1_18' title="bbox 354 1686 1918 1761">
     <span class='ocr_line' id='line_1_18' title="bbox 354 1686 1918 1761; baseline 0.003 -22"><span class='ocrx_word' id='word_1_112' title='bbox 354 1686 743 1743; x_wconf 85' lang='lat' dir='ltr'><strong>deliberatione</strong></span> <span class='ocrx_word' id='word_1_113' title='bbox 773 1704 835 1743; x_wconf 87' lang='lat' dir='ltr'><strong>ea</strong></span> <span class='ocrx_word' id='word_1_114' title='bbox 865 1689 1094 1759; x_wconf 78' lang='lat' dir='ltr'><strong>eligunt,</strong></span> <span class='ocrx_word' id='word_1_115' title='bbox 1120 1690 1394 1761; x_wconf 91' lang='lat' dir='ltr'><strong>supplicio</strong></span> <span class='ocrx_word' id='word_1_116' title='bbox 1419 1690 1614 1761; x_wconf 76' lang='lat' dir='ltr'><strong>dignos</strong></span> <span class='ocrx_word' id='word_1_117' title='bbox 1631 1691 1918 1747; x_wconf 88' lang='lat' dir='ltr'><strong>declarari.</strong></span> 
     </span>
    </p>
   </div>
   <div class='ocr_carea' id='block_1_19' title="bbox 2026 576 3594 661">
    <p class='ocr_par' dir='ltr' id='par_1_19' title="bbox 2026 576 3594 661">
     <span class='ocr_line' id='line_1_19' title="bbox 2026 576 3594 661; baseline -0.003 -16"><span class='ocrx_word' id='word_1_118' title='bbox 2026 591 2336 646; x_wconf 82' lang='grc' dir='ltr'>ἐπεισελθδν</span> <span class='ocrx_word' id='word_1_119' title='bbox 2385 590 2447 644; x_wconf 78' lang='grc' dir='ltr'>τὸ</span> <span class='ocrx_word' id='word_1_120' title='bbox 2502 588 2769 661; x_wconf 75' lang='grc' dir='ltr'>προλαδὸν</span> <span class='ocrx_word' id='word_1_121' title='bbox 2806 588 3044 643; x_wconf 72' lang='grc' dir='ltr'>ἐκϐάλοι.</span> <span class='ocrx_word' id='word_1_122' title='bbox 3093 576 3301 642; x_wconf 70' lang='grc' dir='ltr'>Αὐτίκα</span> <span class='ocrx_word' id='word_1_123' title='bbox 3344 590 3594 661; x_wconf 80' lang='grc' dir='ltr'><strong>ὁρμήσας</strong></span> 
     </span>
    </p>
   </div>
   <div class='ocr_carea' id='block_1_20' title="bbox 2024 679 3590 753">
    <p class='ocr_par' dir='ltr' id='par_1_20' title="bbox 2024 679 3590 753">
     <span class='ocr_line' id='line_1_20' title="bbox 2024 679 3590 753; baseline -0.003 -16"><span class='ocrx_word' id='word_1_124' title='bbox 2024 701 2107 747; x_wconf 89' lang='grc' dir='ltr'><strong>τις</strong></span> <span class='ocrx_word' id='word_1_125' title='bbox 2162 682 2420 745; x_wconf 78' lang='grc' dir='ltr'><strong>πολλάκις</strong></span> <span class='ocrx_word' id='word_1_126' title='bbox 2457 681 2701 751; x_wconf 78' lang='grc' dir='ltr'><strong>ἀσχέτως</strong></span> <span class='ocrx_word' id='word_1_127' title='bbox 2742 680 2835 733; x_wconf 75' lang='grc' dir='ltr'>ἐπὶ</span> <span class='ocrx_word' id='word_1_128' title='bbox 2890 679 3101 751; x_wconf 87' lang='grc' dir='ltr'>φαύλην</span> <span class='ocrx_word' id='word_1_129' title='bbox 3134 680 3259 734; x_wconf 83' lang='grc' dir='ltr'>τινὰ</span> <span class='ocrx_word' id='word_1_130' title='bbox 3308 680 3523 753; x_wconf 82' lang='grc' dir='ltr'>πρᾶξιν,</span> <span class='ocrx_word' id='word_1_131' title='bbox 3556 679 3590 750; x_wconf 81' lang='grc' dir='ltr'>ἢ</span> 
     </span>
    </p>
   </div>
   <div class='ocr_carea' id='block_1_21' title="bbox 2023 762 3599 845">
    <p class='ocr_par' dir='ltr' id='par_1_21' title="bbox 2023 762 3599 845">
     <span class='ocr_line' id='line_1_21' title="bbox 2023 762 3599 845; baseline -0.003 -17"><span class='ocrx_word' id='word_1_132' title='bbox 2023 777 2114 830; x_wconf 80' lang='grc' dir='ltr'>τὸν</span> <span class='ocrx_word' id='word_1_133' title='bbox 2157 775 2324 845; x_wconf 82' lang='grc' dir='ltr'>ἀνδρα</span> <span class='ocrx_word' id='word_1_134' title='bbox 2370 774 2702 844; x_wconf 86' lang='grc' dir='ltr'>θεασάμενος</span> <span class='ocrx_word' id='word_1_135' title='bbox 2730 772 2828 843; x_wconf 81' lang='grc' dir='ltr'>τῆς</span> <span class='ocrx_word' id='word_1_136' title='bbox 2855 771 3112 841; x_wconf 77' lang='grc' dir='ltr'>γυναικὸς</span> <span class='ocrx_word' id='word_1_137' title='bbox 3148 772 3430 843; x_wconf 82' lang='grc' dir='ltr'>μοιχεῦσαι</span> <span class='ocrx_word' id='word_1_138' title='bbox 3461 762 3599 844; x_wconf 52' lang='lat' dir='ltr'><strong>apo?</strong></span> 
     </span>
    </p>
   </div>
   <div class='ocr_carea' id='block_1_22' title="bbox 2026 863 3593 941">
    <p class='ocr_par' dir='ltr' id='par_1_22' title="bbox 2026 863 3593 941">
     <span class='ocr_line' id='line_1_22' title="bbox 2026 863 3593 941; baseline -0.004 -18"><span class='ocrx_word' id='word_1_139' title='bbox 2026 869 2270 941; x_wconf 88' lang='grc' dir='ltr'>θέμενος,</span> <span class='ocrx_word' id='word_1_140' title='bbox 2302 865 2568 937; x_wconf 78' lang='grc' dir='ltr'>ἀνεστάλη</span> <span class='ocrx_word' id='word_1_141' title='bbox 2602 864 2749 935; x_wconf 75' lang='grc' dir='ltr'>φόϐῳ</span> <span class='ocrx_word' id='word_1_142' title='bbox 2776 863 2882 917; x_wconf 86' lang='grc' dir='ltr'><strong>τῶν</strong></span> <span class='ocrx_word' id='word_1_143' title='bbox 2910 864 3146 934; x_wconf 79' lang='grc' dir='ltr'><strong>ἐλέγχων</strong></span> <span class='ocrx_word' id='word_1_144' title='bbox 3176 864 3273 934; x_wconf 81' lang='grc' dir='ltr'><strong>τῆς</strong></span> <span class='ocrx_word' id='word_1_145' title='bbox 3300 863 3593 934; x_wconf 78' lang='grc' dir='ltr'><strong>ἐπιθυμίας</strong></span> 
     </span>
    </p>
   </div>
   <div class='ocr_carea' id='block_1_23' title="bbox 2024 953 3594 1031">
    <p class='ocr_par' dir='ltr' id='par_1_23' title="bbox 2024 953 3594 1031">
     <span class='ocr_line' id='line_1_23' title="bbox 2024 953 3594 1031; baseline -0.003 -20"><span class='ocrx_word' id='word_1_146' title='bbox 2024 960 2057 1031; x_wconf 82' lang='grc' dir='ltr'><strong>ἥ</strong></span> <span class='ocrx_word' id='word_1_147' title='bbox 2084 958 2191 1012; x_wconf 87' lang='grc' dir='ltr'><strong>τῶν</strong></span> <span class='ocrx_word' id='word_1_148' title='bbox 2223 958 2400 1029; x_wconf 85' lang='grc' dir='ltr'>νόμων</span> <span class='ocrx_word' id='word_1_149' title='bbox 2423 955 2817 1027; x_wconf 86' lang='grc' dir='ltr'>ἀναμνησθείς·</span> <span class='ocrx_word' id='word_1_150' title='bbox 2862 954 3039 1018; x_wconf 80' lang='grc' dir='ltr'>ἄλλος,</span> <span class='ocrx_word' id='word_1_151' title='bbox 3070 954 3362 1029; x_wconf 77' lang='grc' dir='ltr'>λῃστεύσαι</span> <span class='ocrx_word' id='word_1_152' title='bbox 3395 953 3594 1025; x_wconf 79' lang='grc' dir='ltr'>προθέ-</span> 
     </span>
    </p>
   </div>
   <div class='ocr_carea' id='block_1_24' title="bbox 2029 1045 3590 1119">
    <p class='ocr_par' dir='ltr' id='par_1_24' title="bbox 2029 1045 3590 1119">
     <span class='ocr_line' id='line_1_24' title="bbox 2029 1045 3590 1119; baseline -0.001 -17"><span class='ocrx_word' id='word_1_153' title='bbox 2029 1066 2206 1119; x_wconf 89' lang='grc' dir='ltr'>μενος,</span> <span class='ocrx_word' id='word_1_154' title='bbox 2237 1048 2343 1102; x_wconf 88' lang='grc' dir='ltr'>δέει</span> <span class='ocrx_word' id='word_1_155' title='bbox 2390 1048 2489 1119; x_wconf 86' lang='grc' dir='ltr'><strong>τῆς</strong></span> <span class='ocrx_word' id='word_1_156' title='bbox 2538 1045 2806 1118; x_wconf 77' lang='grc' dir='ltr'><strong>τιμωρίας</strong></span> <span class='ocrx_word' id='word_1_157' title='bbox 2839 1047 2937 1117; x_wconf 84' lang='grc' dir='ltr'>τὴν</span> <span class='ocrx_word' id='word_1_158' title='bbox 2978 1045 3271 1117; x_wconf 74' lang='grc' dir='ltr'><strong>ἐπιθυμίαν</strong></span> <span class='ocrx_word' id='word_1_159' title='bbox 3314 1045 3590 1100; x_wconf 82' lang='grc' dir='ltr'>ἐκόλασεν.</span> 
     </span>
    </p>
   </div>
   <div class='ocr_carea' id='block_1_25' title="bbox 2026 1138 3592 1211">
    <p class='ocr_par' dir='ltr' id='par_1_25' title="bbox 2026 1138 3592 1211">
     <span class='ocr_line' id='line_1_25' title="bbox 2026 1138 3592 1211; baseline -0.002 -17"><span class='ocrx_word' id='word_1_160' title='bbox 2026 1142 2180 1194; x_wconf 74' lang='grc' dir='ltr'>Οὕτω</span> <span class='ocrx_word' id='word_1_161' title='bbox 2235 1139 2421 1193; x_wconf 89' lang='grc' dir='ltr'>παθῶν</span> <span class='ocrx_word' id='word_1_162' title='bbox 2474 1138 2611 1211; x_wconf 75' lang='grc' dir='ltr'>ἔργα</span> <span class='ocrx_word' id='word_1_163' title='bbox 2667 1139 2737 1192; x_wconf 81' lang='grc' dir='ltr'><strong>τὰ</strong></span> <span class='ocrx_word' id='word_1_164' title='bbox 2798 1140 3201 1210; x_wconf 84' lang='grc' dir='ltr'>ἁμαρτήματα,</span> <span class='ocrx_word' id='word_1_165' title='bbox 3252 1138 3312 1191; x_wconf 86' lang='grc' dir='ltr'><strong>ού</strong></span> <span class='ocrx_word' id='word_1_166' title='bbox 3379 1138 3592 1206; x_wconf 88' lang='grc' dir='ltr'>φύσεως</span> 
     </span>
    </p>
   </div>
   <div class='ocr_carea' id='block_1_26' title="bbox 2026 1230 3589 1303">
    <p class='ocr_par' dir='ltr' id='par_1_26' title="bbox 2026 1230 3589 1303">
     <span class='ocr_line' id='line_1_26' title="bbox 2026 1230 3589 1303; baseline -0.001 -19"><span class='ocrx_word' id='word_1_167' title='bbox 2026 1232 2393 1303; x_wconf 80' lang='grc' dir='ltr'>ἐξανθήματα.</span> <span class='ocrx_word' id='word_1_168' title='bbox 2447 1231 2705 1302; x_wconf 82' lang='grc' dir='ltr'>Τιμῶμεν</span> <span class='ocrx_word' id='word_1_169' title='bbox 2759 1231 2816 1284; x_wconf 82' lang='grc' dir='ltr'>δὲ</span> <span class='ocrx_word' id='word_1_170' title='bbox 2869 1230 3067 1294; x_wconf 89' lang='grc' dir='ltr'>πάντες</span> <span class='ocrx_word' id='word_1_171' title='bbox 3112 1232 3206 1283; x_wconf 73' lang='grc' dir='ltr'>καὶ</span> <span class='ocrx_word' id='word_1_172' title='bbox 3264 1230 3589 1301; x_wconf 83' lang='grc' dir='ltr'><strong>ἀγαπῶμεν,</strong></span> 
     </span>
    </p>
   </div>
   <div class='ocr_carea' id='block_1_27' title="bbox 2028 1319 3593 1392">
    <p class='ocr_par' dir='ltr' id='par_1_27' title="bbox 2028 1319 3593 1392">
     <span class='ocr_line' id='line_1_27' title="bbox 2028 1319 3593 1392; baseline -0.002 -16"><span class='ocrx_word' id='word_1_173' title='bbox 2028 1319 2110 1388; x_wconf 66' lang='grc' dir='ltr'>οἷς</span> <span class='ocrx_word' id='word_1_174' title='bbox 2166 1323 2464 1386; x_wconf 77' lang='grc' dir='ltr'><strong>ἐπιεικείας</strong></span> <span class='ocrx_word' id='word_1_175' title='bbox 2518 1324 2768 1392; x_wconf 85' lang='grc' dir='ltr'>μέτεστι,</span> <span class='ocrx_word' id='word_1_176' title='bbox 2823 1323 2950 1386; x_wconf 63' lang='grc' dir='ltr'>τοὺς</span> <span class='ocrx_word' id='word_1_177' title='bbox 3010 1322 3206 1392; x_wconf 87' lang='grc' dir='ltr'>νόμους</span> <span class='ocrx_word' id='word_1_178' title='bbox 3267 1320 3593 1385; x_wconf 79' lang='grc' dir='ltr'><strong>κολάζοντας</strong></span> 
     </span>
    </p>
   </div>
   <div class='ocr_carea' id='block_1_28' title="bbox 2031 1410 3593 1486">
    <p class='ocr_par' dir='ltr' id='par_1_28' title="bbox 2031 1410 3593 1486">
     <span class='ocr_line' id='line_1_28' title="bbox 2031 1410 3593 1486; baseline -0.002 -19"><span class='ocrx_word' id='word_1_179' title='bbox 2031 1414 2414 1486; x_wconf 81' lang='grc' dir='ltr'><strong>ἀπαραιτήτως</strong></span> <span class='ocrx_word' id='word_1_180' title='bbox 2439 1413 2563 1476; x_wconf 80' lang='grc' dir='ltr'>τοὺς</span> <span class='ocrx_word' id='word_1_181' title='bbox 2585 1411 3064 1484; x_wconf 84' lang='grc' dir='ltr'>κακοπραγοῦντας</span> <span class='ocrx_word' id='word_1_182' title='bbox 3084 1429 3097 1442; x_wconf 77' lang='grc' dir='ltr'><strong>ο</strong></span> <span class='ocrx_word' id='word_1_183' title='bbox 3119 1411 3261 1465; x_wconf 80' lang='grc' dir='ltr'>οὓτω</span> <span class='ocrx_word' id='word_1_184' title='bbox 3287 1414 3437 1482; x_wconf 78' lang='grc' dir='ltr'>κοινῇ</span> <span class='ocrx_word' id='word_1_185' title='bbox 3464 1410 3593 1482; x_wconf 78' lang='grc' dir='ltr'>δόξῃ</span> 
     </span>
    </p>
   </div>
   <div class='ocr_carea' id='block_1_29' title="bbox 2030 1507 3590 1583">
    <p class='ocr_par' dir='ltr' id='par_1_29' title="bbox 2030 1507 3590 1583">
     <span class='ocr_line' id='line_1_29' title="bbox 2030 1507 3590 1583; baseline -0.001 -20"><span class='ocrx_word' id='word_1_186' title='bbox 2030 1509 2117 1563; x_wconf 77' lang='grc' dir='ltr'><strong>διά</strong></span> <span class='ocrx_word' id='word_1_187' title='bbox 2144 1510 2250 1563; x_wconf 91' lang='grc' dir='ltr'><strong>τῶν</strong></span> <span class='ocrx_word' id='word_1_188' title='bbox 2286 1510 2460 1583; x_wconf 75' lang='grc' dir='ltr'>ἔργων</span> <span class='ocrx_word' id='word_1_189' title='bbox 2487 1509 2770 1581; x_wconf 79' lang='grc' dir='ltr'><strong>τιθέμεθα,</strong></span> <span class='ocrx_word' id='word_1_190' title='bbox 2808 1510 2880 1580; x_wconf 78' lang='grc' dir='ltr'>μὴ</span> <span class='ocrx_word' id='word_1_191' title='bbox 2912 1507 3263 1580; x_wconf 82' lang='grc' dir='ltr'>βιαζομένους</span> <span class='ocrx_word' id='word_1_192' title='bbox 3300 1507 3458 1577; x_wconf 86' lang='grc' dir='ltr'>φύσει</span> <span class='ocrx_word' id='word_1_193' title='bbox 3485 1526 3590 1562; x_wconf 62' lang='grc' dir='ltr'>καφ</span> 
     </span>
    </p>
   </div>
   <div class='ocr_carea' id='block_1_30' title="bbox 2028 1599 3593 1673">
    <p class='ocr_par' dir='ltr' id='par_1_30' title="bbox 2028 1599 3593 1673">
     <span class='ocr_line' id='line_1_30' title="bbox 2028 1599 3593 1673; baseline -0.001 -20"><span class='ocrx_word' id='word_1_194' title='bbox 2028 1603 2345 1673; x_wconf 85' lang='grc' dir='ltr'>κοπραγεῖν,</span> <span class='ocrx_word' id='word_1_195' title='bbox 2380 1601 2733 1673; x_wconf 78' lang='grc' dir='ltr'><strong>αἱρουμένους</strong></span> <span class='ocrx_word' id='word_1_196' title='bbox 2776 1601 2834 1655; x_wconf 80' lang='grc' dir='ltr'>δὲ</span> <span class='ocrx_word' id='word_1_197' title='bbox 2881 1600 3134 1672; x_wconf 82' lang='grc' dir='ltr'><strong>προθέσει</strong></span> <span class='ocrx_word' id='word_1_198' title='bbox 3174 1600 3274 1671; x_wconf 83' lang='grc' dir='ltr'>τῆς</span> <span class='ocrx_word' id='word_1_199' title='bbox 3318 1599 3593 1663; x_wconf 84' lang='grc' dir='ltr'>κολάσεως</span> 
     </span>
    </p>
   </div>
   <div class='ocr_carea' id='block_1_31' title="bbox 2026 1692 2655 1764">
    <p class='ocr_par' dir='ltr' id='par_1_31' title="bbox 2026 1692 2655 1764">
     <span class='ocr_line' id='line_1_31' title="bbox 2026 1692 2655 1764; baseline 0.003 -19"><span class='ocrx_word' id='word_1_200' title='bbox 2026 1693 2210 1757; x_wconf 78' lang='grc' dir='ltr'>ἀξίους</span> <span class='ocrx_word' id='word_1_201' title='bbox 2239 1692 2655 1764; x_wconf 83' lang='grc' dir='ltr'>ἀποφαίνεσθαι.</span> 
     </span>
    </p>
   </div>
   <div class='ocr_carea' id='block_1_32' title="bbox 735 1803 3206 1885">
    <p class='ocr_par' dir='ltr' id='par_1_32' title="bbox 735 1803 3206 1885">
     <span class='ocr_line' id='line_1_32' title="bbox 735 1803 3206 1885; baseline 0.001 -27"><span class='ocrx_word' id='word_1_202' title='bbox 735 1803 865 1858; x_wconf 74' lang='lat' dir='ltr'><strong>CAP.</strong></span> <span class='ocrx_word' id='word_1_203' title='bbox 906 1804 993 1858; x_wconf 72' lang='lat' dir='ltr'><strong>Vl.</strong></span> <span class='ocrx_word' id='word_1_204' title='bbox 1035 1804 1395 1877; x_wconf 75' lang='lat' dir='ltr'><strong>Cogitationes</strong></span> <span class='ocrx_word' id='word_1_205' title='bbox 1417 1808 1701 1878; x_wconf 81' lang='lat' dir='ltr'><strong>aliquando</strong></span> <span class='ocrx_word' id='word_1_206' title='bbox 1735 1810 2214 1885; x_wconf 58' lang='lat' dir='ltr'><strong>boumgliquando</strong></span> <span class='ocrx_word' id='word_1_207' title='bbox 2247 1809 2420 1863; x_wconf 61' lang='lat' dir='ltr'><strong>malas.</strong></span> <span class='ocrx_word' id='word_1_208' title='bbox 2454 1810 2605 1862; x_wconf 85' lang='lat' dir='ltr'><strong>Actio</strong></span> <span class='ocrx_word' id='word_1_209' title='bbox 2633 1814 2697 1862; x_wconf 85' lang='lat' dir='ltr'><strong>ab</strong></span> <span class='ocrx_word' id='word_1_210' title='bbox 2728 1809 2978 1863; x_wconf 82' lang='lat' dir='ltr'><strong>electione</strong></span> <span class='ocrx_word' id='word_1_211' title='bbox 3004 1808 3206 1877; x_wconf 81' lang='lat' dir='ltr'><strong>pendet.</strong></span> 
     </span>
    </p>
   </div>
   <div class='ocr_carea' id='block_1_33' title="bbox 425 1898 2000 1971">
    <p class='ocr_par' dir='ltr' id='par_1_33' title="bbox 425 1898 2000 1971">
     <span class='ocr_line' id='line_1_33' title="bbox 425 1898 2000 1971; baseline 0.004 -17"><span class='ocrx_word' id='word_1_212' title='bbox 425 1898 530 1954; x_wconf 87' lang='lat' dir='ltr'><strong>Sed</strong></span> <span class='ocrx_word' id='word_1_213' title='bbox 579 1902 707 1971; x_wconf 86' lang='lat' dir='ltr'><strong>quia</strong></span> <span class='ocrx_word' id='word_1_214' title='bbox 755 1901 1037 1956; x_wconf 77' lang='lat' dir='ltr'><strong>Maniclnei</strong></span> <span class='ocrx_word' id='word_1_215' title='bbox 1080 1903 1239 1957; x_wconf 86' lang='lat' dir='ltr'><strong>aliter</strong></span> <span class='ocrx_word' id='word_1_216' title='bbox 1280 1904 1444 1958; x_wconf 86' lang='lat' dir='ltr'><strong>etiam</strong></span> <span class='ocrx_word' id='word_1_217' title='bbox 1489 1905 1741 1958; x_wconf 87' lang='lat' dir='ltr'><strong>nituntur</strong></span> <span class='ocrx_word' id='word_1_218' title='bbox 1786 1920 1919 1959; x_wconf 93' lang='lat' dir='ltr'><strong>con-</strong></span> <span class='ocrx_word' id='word_1_219' title='bbox 1954 1908 2000 1966; x_wconf 86' lang='grc' dir='ltr'><strong>Β</strong></span> 
     </span>
    </p>
   </div>
   <div class='ocr_carea' id='block_1_34' title="bbox 353 1990 1969 2066">
    <p class='ocr_par' dir='ltr' id='par_1_34' title="bbox 353 1990 1969 2066">
     <span class='ocr_line' id='line_1_34' title="bbox 353 1990 1969 2066; baseline 0.004 -24"><span class='ocrx_word' id='word_1_220' title='bbox 353 1990 568 2046; x_wconf 79' lang='lat' dir='ltr'><strong>vincere</strong></span> <span class='ocrx_word' id='word_1_221' title='bbox 597 1992 735 2048; x_wconf 87' lang='lat' dir='ltr'><strong>duas</strong></span> <span class='ocrx_word' id='word_1_222' title='bbox 765 2001 989 2049; x_wconf 88' lang='lat' dir='ltr'><strong>naturas</strong></span> <span class='ocrx_word' id='word_1_223' title='bbox 1018 1995 1322 2050; x_wconf 87' lang='lat' dir='ltr'><strong>contrarias</strong></span> <span class='ocrx_word' id='word_1_224' title='bbox 1348 1995 1402 2048; x_wconf 93' lang='lat' dir='ltr'><strong>in</strong></span> <span class='ocrx_word' id='word_1_225' title='bbox 1434 1996 1594 2052; x_wconf 77' lang='lat' dir='ltr'><strong>nobis</strong></span> <span class='ocrx_word' id='word_1_226' title='bbox 1617 2011 1772 2060; x_wconf 87' lang='lat' dir='ltr'><strong>esse,</strong></span> <span class='ocrx_word' id='word_1_227' title='bbox 1798 1997 1923 2066; x_wconf 83' lang='lat' dir='ltr'><strong>quia</strong></span> <span class='ocrx_word' id='word_1_228' title='bbox 1960 2006 1969 2015; x_wconf 89' lang='lat'><strong><em>&#39;</em></strong></span> 
     </span>
    </p>
   </div>
   <div class='ocr_carea' id='block_1_35' title="bbox 353 2082 1924 2156">
    <p class='ocr_par' dir='ltr' id='par_1_35' title="bbox 353 2082 1924 2156">
     <span class='ocr_line' id='line_1_35' title="bbox 353 2082 1924 2156; baseline 0.006 -24"><span class='ocrx_word' id='word_1_229' title='bbox 353 2082 643 2150; x_wconf 83' lang='lat' dir='ltr'><strong>aliquando</strong></span> <span class='ocrx_word' id='word_1_230' title='bbox 684 2082 903 2152; x_wconf 89' lang='lat' dir='ltr'><strong>quidem</strong></span> <span class='ocrx_word' id='word_1_231' title='bbox 945 2099 1047 2139; x_wconf 91' lang='lat' dir='ltr'><strong>nos</strong></span> <span class='ocrx_word' id='word_1_232' title='bbox 1076 2085 1381 2155; x_wconf 81' lang='lat' dir='ltr'><strong>cogitamus</strong></span> <span class='ocrx_word' id='word_1_233' title='bbox 1416 2088 1593 2151; x_wconf 84' lang='lat' dir='ltr'><strong>mala,</strong></span> <span class='ocrx_word' id='word_1_234' title='bbox 1629 2086 1924 2156; x_wconf 87' lang='lat' dir='ltr'><strong>aliquando</strong></span> 
     </span>
    </p>
   </div>
   <div class='ocr_carea' id='block_1_36' title="bbox 350 2172 1922 2247">
    <p class='ocr_par' dir='ltr' id='par_1_36' title="bbox 350 2172 1922 2247">
     <span class='ocr_line' id='line_1_36' title="bbox 350 2172 1922 2247; baseline 0.007 -26"><span class='ocrx_word' id='word_1_235' title='bbox 350 2186 481 2226; x_wconf 87' lang='lat' dir='ltr'><strong>vero</strong></span> <span class='ocrx_word' id='word_1_236' title='bbox 521 2172 702 2238; x_wconf 88' lang='lat' dir='ltr'><strong>bona;</strong></span> <span class='ocrx_word' id='word_1_237' title='bbox 750 2173 1140 2231; x_wconf 80' lang='lat' dir='ltr'><strong>advertendum</strong></span> <span class='ocrx_word' id='word_1_238' title='bbox 1189 2184 1299 2241; x_wconf 90' lang='lat' dir='ltr'><strong>est,</strong></span> <span class='ocrx_word' id='word_1_239' title='bbox 1346 2178 1472 2247; x_wconf 89' lang='lat' dir='ltr'><strong>quia</strong></span> <span class='ocrx_word' id='word_1_240' title='bbox 1518 2178 1786 2233; x_wconf 72' lang='lat' dir='ltr'><strong>naturalis</strong></span> <span class='ocrx_word' id='word_1_241' title='bbox 1828 2192 1922 2232; x_wconf 89' lang='lat' dir='ltr'><strong>co-</strong></span> 
     </span>
    </p>
   </div>
   <div class='ocr_carea' id='block_1_37' title="bbox 353 2264 1920 2337">
    <p class='ocr_par' dir='ltr' id='par_1_37' title="bbox 353 2264 1920 2337">
     <span class='ocr_line' id='line_1_37' title="bbox 353 2264 1920 2337; baseline 0.007 -22"><span class='ocrx_word' id='word_1_242' title='bbox 353 2264 524 2332; x_wconf 75' lang='lat' dir='ltr'><strong>gnitio</strong></span> <span class='ocrx_word' id='word_1_243' title='bbox 554 2273 912 2337; x_wconf 87' lang='lat' dir='ltr'><strong>utrorumque</strong></span> <span class='ocrx_word' id='word_1_244' title='bbox 951 2268 1005 2322; x_wconf 89' lang='lat' dir='ltr'><strong>in</strong></span> <span class='ocrx_word' id='word_1_245' title='bbox 1051 2269 1211 2322; x_wconf 87' lang='lat' dir='ltr'><strong>nobis</strong></span> <span class='ocrx_word' id='word_1_246' title='bbox 1250 2270 1426 2336; x_wconf 87' lang='lat' dir='ltr'><strong>inest,</strong></span> <span class='ocrx_word' id='word_1_247' title='bbox 1467 2272 1778 2326; x_wconf 82' lang='lat' dir='ltr'><strong>necessario</strong></span> <span class='ocrx_word' id='word_1_248' title='bbox 1818 2286 1920 2326; x_wconf 87' lang='lat' dir='ltr'><strong>nos</strong></span> 
     </span>
    </p>
   </div>
   <div class='ocr_carea' id='block_1_38' title="bbox 354 2352 1918 2429">
    <p class='ocr_par' dir='ltr' id='par_1_38' title="bbox 354 2352 1918 2429">
     <span class='ocr_line' id='line_1_38' title="bbox 354 2352 1918 2429; baseline 0.006 -25"><span class='ocrx_word' id='word_1_249' title='bbox 354 2352 420 2406; x_wconf 87' lang='lat' dir='ltr'><strong>ad</strong></span> <span class='ocrx_word' id='word_1_250' title='bbox 449 2354 835 2424; x_wconf 82' lang='lat' dir='ltr'><strong>cogitationem</strong></span> <span class='ocrx_word' id='word_1_251' title='bbox 865 2372 1052 2411; x_wconf 93' lang='lat' dir='ltr'><strong>eorum</strong></span> <span class='ocrx_word' id='word_1_252' title='bbox 1079 2373 1201 2427; x_wconf 63' lang='lat' dir='ltr'><strong>quae</strong></span> <span class='ocrx_word' id='word_1_253' title='bbox 1222 2358 1625 2429; x_wconf 73' lang='lat' dir='ltr'><strong>cognoscimus,</strong></span> <span class='ocrx_word' id='word_1_254' title='bbox 1651 2361 1918 2428; x_wconf 79' lang='lat' dir='ltr'><strong>excitari,</strong></span> 
     </span>
    </p>
   </div>
   <div class='ocr_carea' id='block_1_39' title="bbox 351 2442 1920 2516">
    <p class='ocr_par' dir='ltr' id='par_1_39' title="bbox 351 2442 1920 2516">
     <span class='ocr_line' id='line_1_39' title="bbox 351 2442 1920 2516; baseline 0.006 -20"><span class='ocrx_word' id='word_1_255' title='bbox 351 2442 558 2496; x_wconf 87' lang='lat' dir='ltr'><strong>nullam</strong></span> <span class='ocrx_word' id='word_1_256' title='bbox 590 2444 811 2512; x_wconf 91' lang='lat' dir='ltr'><strong>quidem</strong></span> <span class='ocrx_word' id='word_1_257' title='bbox 860 2445 1131 2515; x_wconf 89' lang='lat' dir='ltr'><strong>jacturam</strong></span> <span class='ocrx_word' id='word_1_258' title='bbox 1185 2456 1280 2501; x_wconf 91' lang='lat' dir='ltr'><strong>aut</strong></span> <span class='ocrx_word' id='word_1_259' title='bbox 1321 2446 1578 2502; x_wconf 90' lang='lat' dir='ltr'><strong>damnum</strong></span> <span class='ocrx_word' id='word_1_260' title='bbox 1627 2449 1920 2516; x_wconf 81' lang='lat' dir='ltr'><strong>facientes,</strong></span> 
     </span>
    </p>
   </div>
   <div class='ocr_carea' id='block_1_40' title="bbox 354 2534 1923 2609">
    <p class='ocr_par' dir='ltr' id='par_1_40' title="bbox 354 2534 1923 2609">
     <span class='ocr_line' id='line_1_40' title="bbox 354 2534 1923 2609; baseline 0.007 -21"><span class='ocrx_word' id='word_1_261' title='bbox 354 2534 446 2588; x_wconf 88' lang='lat' dir='ltr'><strong>sed</strong></span> <span class='ocrx_word' id='word_1_262' title='bbox 481 2536 660 2604; x_wconf 91' lang='lat' dir='ltr'><strong>potius</strong></span> <span class='ocrx_word' id='word_1_263' title='bbox 693 2544 866 2590; x_wconf 84' lang='lat' dir='ltr'><strong>totum</strong></span> <span class='ocrx_word' id='word_1_264' title='bbox 900 2538 1211 2605; x_wconf 88' lang='lat' dir='ltr'><strong>lucrantes,</strong></span> <span class='ocrx_word' id='word_1_265' title='bbox 1254 2541 1546 2609; x_wconf 85' lang='lat' dir='ltr'><strong>praeposito</strong></span> <span class='ocrx_word' id='word_1_266' title='bbox 1592 2550 1645 2596; x_wconf 88' lang='lat' dir='ltr'><strong>et</strong></span> <span class='ocrx_word' id='word_1_267' title='bbox 1684 2543 1923 2599; x_wconf 89' lang='lat' dir='ltr'><strong>antelato</strong></span> 
     </span>
    </p>
   </div>
   <div class='ocr_carea' id='block_1_41' title="bbox 352 2627 1925 2697">
    <p class='ocr_par' dir='ltr' id='par_1_41' title="bbox 352 2627 1925 2697">
     <span class='ocr_line' id='line_1_41' title="bbox 352 2627 1925 2697; baseline 0.007 -17"><span class='ocrx_word' id='word_1_268' title='bbox 352 2627 497 2697; x_wconf 91' lang='lat' dir='ltr'><strong>quod</strong></span> <span class='ocrx_word' id='word_1_269' title='bbox 532 2630 727 2684; x_wconf 87' lang='lat' dir='ltr'><strong>melius</strong></span> <span class='ocrx_word' id='word_1_270' title='bbox 752 2637 856 2684; x_wconf 87' lang='lat' dir='ltr'><strong>est.</strong></span> <span class='ocrx_word' id='word_1_271' title='bbox 892 2628 1179 2695; x_wconf 81' lang='lat' dir='ltr'><strong>Quomodo</strong></span> <span class='ocrx_word' id='word_1_272' title='bbox 1208 2633 1354 2686; x_wconf 85' lang='lat' dir='ltr'><strong>enim</strong></span> <span class='ocrx_word' id='word_1_273' title='bbox 1387 2634 1441 2688; x_wconf 93' lang='lat' dir='ltr'><strong>in</strong></span> <span class='ocrx_word' id='word_1_274' title='bbox 1469 2633 1782 2691; x_wconf 86' lang='lat' dir='ltr'><strong>hominibus</strong></span> <span class='ocrx_word' id='word_1_275' title='bbox 1816 2650 1925 2691; x_wconf 91' lang='lat' dir='ltr'><strong>mo-</strong></span> 
     </span>
    </p>
   </div>
   <div class='ocr_carea' id='block_1_42' title="bbox 354 2721 1926 2791">
    <p class='ocr_par' dir='ltr' id='par_1_42' title="bbox 354 2721 1926 2791">
     <span class='ocr_line' id='line_1_42' title="bbox 354 2721 1926 2791; baseline 0.006 -18"><span class='ocrx_word' id='word_1_276' title='bbox 354 2728 443 2773; x_wconf 88' lang='lat' dir='ltr'><strong>tus</strong></span> <span class='ocrx_word' id='word_1_277' title='bbox 470 2729 523 2775; x_wconf 91' lang='lat' dir='ltr'><strong>et</strong></span> <span class='ocrx_word' id='word_1_278' title='bbox 550 2721 806 2776; x_wconf 75' lang='lat' dir='ltr'><strong>excitatio</strong></span> <span class='ocrx_word' id='word_1_279' title='bbox 834 2723 901 2777; x_wconf 90' lang='lat' dir='ltr'><strong>ad</strong></span> <span class='ocrx_word' id='word_1_280' title='bbox 932 2724 1126 2780; x_wconf 89' lang='lat' dir='ltr'><strong>melius</strong></span> <span class='ocrx_word' id='word_1_281' title='bbox 1155 2734 1350 2781; x_wconf 84' lang='lat' dir='ltr'><strong>testata</strong></span> <span class='ocrx_word' id='word_1_282' title='bbox 1375 2735 1550 2791; x_wconf 87' lang='lat' dir='ltr'><strong>esset,</strong></span> <span class='ocrx_word' id='word_1_283' title='bbox 1581 2728 1684 2783; x_wconf 79' lang='lat' dir='ltr'><strong>nisi</strong></span> <span class='ocrx_word' id='word_1_284' title='bbox 1715 2737 1926 2783; x_wconf 86' lang='lat' dir='ltr'><strong>utrum-</strong></span> 
     </span>
    </p>
   </div>
   <div class='ocr_carea' id='block_1_43' title="bbox 355 2816 1925 2888">
    <p class='ocr_par' dir='ltr' id='par_1_43' title="bbox 355 2816 1925 2888">
     <span class='ocr_line' id='line_1_43' title="bbox 355 2816 1925 2888; baseline 0.006 -23"><span class='ocrx_word' id='word_1_285' title='bbox 355 2829 460 2882; x_wconf 87' lang='lat' dir='ltr'><strong>que</strong></span> <span class='ocrx_word' id='word_1_286' title='bbox 486 2816 808 2870; x_wconf 86' lang='lat' dir='ltr'><strong>naturaliter</strong></span> <span class='ocrx_word' id='word_1_287' title='bbox 841 2817 1069 2887; x_wconf 78' lang='lat' dir='ltr'><strong>cogitari</strong></span> <span class='ocrx_word' id='word_1_288' title='bbox 1100 2826 1324 2888; x_wconf 89' lang='lat' dir='ltr'><strong>posset,</strong></span> <span class='ocrx_word' id='word_1_289' title='bbox 1357 2818 1576 2888; x_wconf 88' lang='lat' dir='ltr'><strong>justitia</strong></span> <span class='ocrx_word' id='word_1_290' title='bbox 1620 2820 1829 2875; x_wconf 81' lang='lat' dir='ltr'><strong>scilicet</strong></span> <span class='ocrx_word' id='word_1_291' title='bbox 1870 2828 1925 2875; x_wconf 89' lang='lat' dir='ltr'><strong>et</strong></span> 
     </span>
    </p>
   </div>
   <div class='ocr_carea' id='block_1_44' title="bbox 355 2904 1924 2979">
    <p class='ocr_par' dir='ltr' id='par_1_44' title="bbox 355 2904 1924 2979">
     <span class='ocr_line' id='line_1_44' title="bbox 355 2904 1924 2979; baseline 0.005 -24"><span class='ocrx_word' id='word_1_292' title='bbox 355 2904 662 2971; x_wconf 71' lang='lat' dir='ltr'><strong>iniustitia?</strong></span> <span class='ocrx_word' id='word_1_293' title='bbox 685 2904 939 2974; x_wconf 78' lang='lat' dir='ltr'><strong>Cognitio</strong></span> <span class='ocrx_word' id='word_1_294' title='bbox 968 2921 1205 2975; x_wconf 79' lang='lat' dir='ltr'><strong>namque</strong></span> <span class='ocrx_word' id='word_1_295' title='bbox 1227 2908 1540 2963; x_wconf 88' lang='lat' dir='ltr'><strong>necessaria</strong></span> <span class='ocrx_word' id='word_1_296' title='bbox 1568 2917 1651 2964; x_wconf 90' lang='lat' dir='ltr'><strong>est</strong></span> <span class='ocrx_word' id='word_1_297' title='bbox 1679 2909 1745 2962; x_wconf 92' lang='lat' dir='ltr'><strong>ad</strong></span> <span class='ocrx_word' id='word_1_298' title='bbox 1776 2909 1924 2979; x_wconf 88' lang='lat' dir='ltr'><strong>diju-</strong></span> 
     </span>
    </p>
   </div>
   <div class='ocr_carea' id='block_1_45' title="bbox 353 2995 1923 3071">
    <p class='ocr_par' dir='ltr' id='par_1_45' title="bbox 353 2995 1923 3071">
     <span class='ocr_line' id='line_1_45' title="bbox 353 2995 1923 3071; baseline 0.006 -25"><span class='ocrx_word' id='word_1_299' title='bbox 353 2995 649 3049; x_wconf 88' lang='lat' dir='ltr'><strong>dicandum</strong></span> <span class='ocrx_word' id='word_1_300' title='bbox 677 3013 692 3062; x_wconf 90' lang='lat'><strong>;</strong></span> <span class='ocrx_word' id='word_1_301' title='bbox 719 2996 980 3066; x_wconf 79' lang='lat' dir='ltr'><strong>cogitatio</strong></span> <span class='ocrx_word' id='word_1_302' title='bbox 1015 3013 1145 3052; x_wconf 87' lang='lat' dir='ltr'><strong>vero</strong></span> <span class='ocrx_word' id='word_1_303' title='bbox 1180 2999 1410 3051; x_wconf 89' lang='lat' dir='ltr'><strong>rimatur</strong></span> <span class='ocrx_word' id='word_1_304' title='bbox 1430 3000 1645 3070; x_wconf 79' lang='lat' dir='ltr'><strong>cognita</strong></span> <span class='ocrx_word' id='word_1_305' title='bbox 1675 3018 1690 3067; x_wconf 88' lang='lat'><strong>;</strong></span> <span class='ocrx_word' id='word_1_306' title='bbox 1723 3015 1923 3071; x_wconf 88' lang='lat' dir='ltr'><strong>propo-</strong></span> 
     </span>
    </p>
   </div>
   <div class='ocr_carea' id='block_1_46' title="bbox 354 3086 1926 3161">
    <p class='ocr_par' dir='ltr' id='par_1_46' title="bbox 354 3086 1926 3161">
     <span class='ocr_line' id='line_1_46' title="bbox 354 3086 1926 3161; baseline 0.005 -22"><span class='ocrx_word' id='word_1_307' title='bbox 354 3086 519 3139; x_wconf 91' lang='lat' dir='ltr'><strong>situm</strong></span> <span class='ocrx_word' id='word_1_308' title='bbox 544 3094 724 3141; x_wconf 88' lang='lat' dir='ltr'><strong>autem</strong></span> <span class='ocrx_word' id='word_1_309' title='bbox 745 3127 760 3152; x_wconf 93' lang='lat'><strong>,</strong></span> <span class='ocrx_word' id='word_1_310' title='bbox 787 3088 841 3142; x_wconf 89' lang='lat' dir='ltr'><strong>in</strong></span> <span class='ocrx_word' id='word_1_311' title='bbox 865 3104 1026 3158; x_wconf 90' lang='lat' dir='ltr'><strong>quam</strong></span> <span class='ocrx_word' id='word_1_312' title='bbox 1050 3097 1257 3159; x_wconf 90' lang='lat' dir='ltr'><strong>partem</strong></span> <span class='ocrx_word' id='word_1_313' title='bbox 1282 3089 1432 3154; x_wconf 87' lang='lat' dir='ltr'><strong>vult,</strong></span> <span class='ocrx_word' id='word_1_314' title='bbox 1459 3091 1785 3161; x_wconf 88' lang='lat' dir='ltr'><strong>propendet:</strong></span> <span class='ocrx_word' id='word_1_315' title='bbox 1811 3091 1926 3147; x_wconf 59' lang='lat' dir='ltr'><strong>hac</strong></span> 
     </span>
    </p>
   </div>
   <div class='ocr_carea' id='block_1_47' title="bbox 353 3180 1928 3250">
    <p class='ocr_par' dir='ltr' id='par_1_47' title="bbox 353 3180 1928 3250">
     <span class='ocr_line' id='line_1_47' title="bbox 353 3180 1928 3250; baseline 0.004 -20"><span class='ocrx_word' id='word_1_316' title='bbox 353 3192 484 3231; x_wconf 90' lang='lat' dir='ltr'><strong>vero</strong></span> <span class='ocrx_word' id='word_1_317' title='bbox 513 3193 623 3232; x_wconf 92' lang='lat' dir='ltr'><strong>non</strong></span> <span class='ocrx_word' id='word_1_318' title='bbox 660 3186 787 3233; x_wconf 91' lang='lat' dir='ltr'><strong>sunt</strong></span> <span class='ocrx_word' id='word_1_319' title='bbox 819 3187 1005 3250; x_wconf 88' lang='lat' dir='ltr'><strong>partes</strong></span> <span class='ocrx_word' id='word_1_320' title='bbox 1045 3180 1242 3234; x_wconf 73' lang='lat' dir='ltr'><strong>anima:</strong></span> <span class='ocrx_word' id='word_1_321' title='bbox 1281 3180 1629 3245; x_wconf 77' lang='lat' dir='ltr'><strong>diﬂ‘ereutes,</strong></span> <span class='ocrx_word' id='word_1_322' title='bbox 1674 3182 1769 3237; x_wconf 82' lang='lat' dir='ltr'><strong>sed</strong></span> <span class='ocrx_word' id='word_1_323' title='bbox 1804 3190 1928 3236; x_wconf 87' lang='lat' dir='ltr'><strong>tan-</strong></span> 
     </span>
    </p>
   </div>
   <div class='ocr_carea' id='block_1_48' title="bbox 2112 1902 3590 1974">
    <p class='ocr_par' dir='ltr' id='par_1_48' title="bbox 2112 1902 3590 1974">
     <span class='ocr_line' id='line_1_48' title="bbox 2112 1902 3590 1974; baseline -0.002 -15"><span class='ocrx_word' id='word_1_324' title='bbox 2112 1905 2264 1959; x_wconf 73' lang='grc' dir='ltr'>Ἐπεὶ</span> <span class='ocrx_word' id='word_1_325' title='bbox 2293 1905 2351 1959; x_wconf 89' lang='grc' dir='ltr'><strong>δέ</strong></span> <span class='ocrx_word' id='word_1_326' title='bbox 2380 1904 2471 1958; x_wconf 79' lang='grc' dir='ltr'>καὶ</span> <span class='ocrx_word' id='word_1_327' title='bbox 2501 1903 2674 1966; x_wconf 84' lang='grc' dir='ltr'>ἄλλως</span> <span class='ocrx_word' id='word_1_328' title='bbox 2699 1905 2747 1956; x_wconf 91' lang='grc' dir='ltr'><strong>οί</strong></span> <span class='ocrx_word' id='word_1_329' title='bbox 2775 1905 2840 1957; x_wconf 88' lang='grc' dir='ltr'><strong>ἐκ</strong></span> <span class='ocrx_word' id='word_1_330' title='bbox 2864 1903 2959 1956; x_wconf 86' lang='grc' dir='ltr'><strong>τοῦ</strong></span> <span class='ocrx_word' id='word_1_331' title='bbox 2992 1903 3266 1966; x_wconf 89' lang='grc' dir='ltr'>Μάνεντος</span> <span class='ocrx_word' id='word_1_332' title='bbox 3295 1902 3590 1974; x_wconf 89' lang='grc' dir='ltr'>πειρῶνται</span> 
     </span>
    </p>
   </div>
   <div class='ocr_carea' id='block_1_49' title="bbox 2027 1993 3592 2067">
    <p class='ocr_par' dir='ltr' id='par_1_49' title="bbox 2027 1993 3592 2067">
     <span class='ocr_line' id='line_1_49' title="bbox 2027 1993 3592 2067; baseline -0.001 -18"><span class='ocrx_word' id='word_1_333' title='bbox 2027 1995 2119 2053; x_wconf 80' lang='grc' dir='ltr'><strong>δύο</strong></span> <span class='ocrx_word' id='word_1_334' title='bbox 2148 1997 2335 2066; x_wconf 88' lang='grc' dir='ltr'>φύσεις</span> <span class='ocrx_word' id='word_1_335' title='bbox 2362 1995 2611 2058; x_wconf 79' lang='grc' dir='ltr'>ἐναντίας</span> <span class='ocrx_word' id='word_1_336' title='bbox 2639 1996 2769 2067; x_wconf 81' lang='grc' dir='ltr'>ἡμῖν</span> <span class='ocrx_word' id='word_1_337' title='bbox 2800 1993 2965 2057; x_wconf 82' lang='grc' dir='ltr'>ούσας</span> <span class='ocrx_word' id='word_1_338' title='bbox 2992 1994 3333 2064; x_wconf 81' lang='grc' dir='ltr'>ἀπελέγχειν,</span> <span class='ocrx_word' id='word_1_339' title='bbox 3359 1993 3438 2064; x_wconf 82' lang='grc' dir='ltr'>τῷ</span> <span class='ocrx_word' id='word_1_340' title='bbox 3462 1996 3592 2048; x_wconf 89' lang='grc' dir='ltr'><strong>ποτέ</strong></span> 
     </span>
    </p>
   </div>
   <div class='ocr_carea' id='block_1_50' title="bbox 2030 2084 3586 2159">
    <p class='ocr_par' dir='ltr' id='par_1_50' title="bbox 2030 2084 3586 2159">
     <span class='ocr_line' id='line_1_50' title="bbox 2030 2084 3586 2159; baseline -0.002 -18"><span class='ocrx_word' id='word_1_341' title='bbox 2030 2089 2127 2158; x_wconf 86' lang='grc' dir='ltr'><strong>μέν</strong></span> <span class='ocrx_word' id='word_1_342' title='bbox 2181 2089 2332 2159; x_wconf 80' lang='grc' dir='ltr'>ἡμᾶς</span> <span class='ocrx_word' id='word_1_343' title='bbox 2380 2086 2729 2158; x_wconf 87' lang='grc' dir='ltr'>ἐνθυμεῖσθαι</span> <span class='ocrx_word' id='word_1_344' title='bbox 2778 2085 2987 2156; x_wconf 83' lang='grc' dir='ltr'>φαῦλα,</span> <span class='ocrx_word' id='word_1_345' title='bbox 3034 2085 3221 2139; x_wconf 78' lang='grc' dir='ltr'>ἄλλοτε</span> <span class='ocrx_word' id='word_1_346' title='bbox 3270 2084 3327 2138; x_wconf 83' lang='grc' dir='ltr'>δὲ</span> <span class='ocrx_word' id='word_1_347' title='bbox 3370 2085 3586 2154; x_wconf 87' lang='grc' dir='ltr'>ἀγαθά·</span> 
     </span>
    </p>
   </div>
   <div class='ocr_carea' id='block_1_51' title="bbox 2028 2174 3592 2249">
    <p class='ocr_par' dir='ltr' id='par_1_51' title="bbox 2028 2174 3592 2249">
     <span class='ocr_line' id='line_1_51' title="bbox 2028 2174 3592 2249; baseline -0.002 -18"><span class='ocrx_word' id='word_1_348' title='bbox 2028 2178 2442 2249; x_wconf 82' lang='grc' dir='ltr'>ἐπισημαντέον,</span> <span class='ocrx_word' id='word_1_349' title='bbox 2484 2177 2580 2241; x_wconf 80' lang='grc' dir='ltr'>ὡς,</span> <span class='ocrx_word' id='word_1_350' title='bbox 2625 2177 2857 2246; x_wconf 81' lang='grc' dir='ltr'>φυσικῆς</span> <span class='ocrx_word' id='word_1_351' title='bbox 2884 2177 2942 2229; x_wconf 88' lang='grc' dir='ltr'><strong>ἐν</strong></span> <span class='ocrx_word' id='word_1_352' title='bbox 2970 2178 3102 2247; x_wconf 79' lang='grc' dir='ltr'>ἡμῖν</span> <span class='ocrx_word' id='word_1_353' title='bbox 3132 2174 3298 2246; x_wconf 80' lang='grc' dir='ltr'>ούσης</span> <span class='ocrx_word' id='word_1_354' title='bbox 3323 2176 3425 2246; x_wconf 82' lang='grc' dir='ltr'>τῆς</span> <span class='ocrx_word' id='word_1_355' title='bbox 3450 2175 3592 2244; x_wconf 87' lang='grc' dir='ltr'>γνώ-</span> 
     </span>
    </p>
   </div>
   <div class='ocr_carea' id='block_1_52' title="bbox 2030 2261 3591 2341">
    <p class='ocr_par' dir='ltr' id='par_1_52' title="bbox 2030 2261 3591 2341">
     <span class='ocr_line' id='line_1_52' title="bbox 2030 2261 3591 2341; baseline -0.003 -18"><span class='ocrx_word' id='word_1_356' title='bbox 2030 2286 2164 2333; x_wconf 87' lang='grc' dir='ltr'>σεως</span> <span class='ocrx_word' id='word_1_357' title='bbox 2202 2270 2495 2341; x_wconf 77' lang='grc' dir='ltr'>ἑκατέρων,</span> <span class='ocrx_word' id='word_1_358' title='bbox 2542 2268 2853 2336; x_wconf 85' lang='grc' dir='ltr'>ἀναγκαίως</span> <span class='ocrx_word' id='word_1_359' title='bbox 2896 2267 2988 2320; x_wconf 76' lang='grc' dir='ltr'>ἐπὶ</span> <span class='ocrx_word' id='word_1_360' title='bbox 3013 2266 3112 2339; x_wconf 80' lang='grc' dir='ltr'>τὴν</span> <span class='ocrx_word' id='word_1_361' title='bbox 3151 2266 3466 2337; x_wconf 87' lang='grc' dir='ltr'>ἐνθύμησιν,</span> <span class='ocrx_word' id='word_1_362' title='bbox 3514 2261 3591 2320; x_wconf 84' lang='grc' dir='ltr'>ὧν</span> 
     </span>
    </p>
   </div>
   <div class='ocr_carea' id='block_1_53' title="bbox 2026 2354 3587 2427">
    <p class='ocr_par' dir='ltr' id='par_1_53' title="bbox 2026 2354 3587 2427">
     <span class='ocr_line' id='line_1_53' title="bbox 2026 2354 3587 2427; baseline -0.001 -18"><span class='ocrx_word' id='word_1_363' title='bbox 2026 2356 2382 2427; x_wconf 80' lang='grc' dir='ltr'>γινώσκομεν,</span> <span class='ocrx_word' id='word_1_364' title='bbox 2418 2356 2734 2427; x_wconf 80' lang='grc' dir='ltr'>κινούμεθα,</span> <span class='ocrx_word' id='word_1_365' title='bbox 2757 2355 3111 2427; x_wconf 75' lang='grc' dir='ltr'>ζημιούμενοι</span> <span class='ocrx_word' id='word_1_366' title='bbox 3141 2357 3238 2427; x_wconf 82' lang='grc' dir='ltr'>μὲν</span> <span class='ocrx_word' id='word_1_367' title='bbox 3261 2356 3369 2409; x_wconf 81' lang='grc' dir='ltr'>οὐδ’</span> <span class='ocrx_word' id='word_1_368' title='bbox 3391 2354 3587 2418; x_wconf 83' lang='grc' dir='ltr'>ὁτιοῦν,</span> 
     </span>
    </p>
   </div>
   <div class='ocr_carea' id='block_1_54' title="bbox 2025 2448 3592 2522">
    <p class='ocr_par' dir='ltr' id='par_1_54' title="bbox 2025 2448 3592 2522">
     <span class='ocr_line' id='line_1_54' title="bbox 2025 2448 3592 2522; baseline -0.003 -19"><span class='ocrx_word' id='word_1_369' title='bbox 2025 2449 2394 2522; x_wconf 85' lang='grc' dir='ltr'>κερδαίνοντες</span> <span class='ocrx_word' id='word_1_370' title='bbox 2423 2449 2480 2502; x_wconf 90' lang='grc' dir='ltr'><strong>δέ</strong></span> <span class='ocrx_word' id='word_1_371' title='bbox 2522 2448 2583 2502; x_wconf 80' lang='grc' dir='ltr'>τὸ</span> <span class='ocrx_word' id='word_1_372' title='bbox 2629 2450 2737 2503; x_wconf 82' lang='grc' dir='ltr'><strong>πᾶν</strong></span> <span class='ocrx_word' id='word_1_373' title='bbox 2767 2451 2834 2520; x_wconf 82' lang='grc' dir='ltr'>τῇ</span> <span class='ocrx_word' id='word_1_374' title='bbox 2876 2448 2968 2501; x_wconf 91' lang='grc' dir='ltr'><strong>τοῦ</strong></span> <span class='ocrx_word' id='word_1_375' title='bbox 3006 2448 3281 2512; x_wconf 86' lang='grc' dir='ltr'>καλλίονος</span> <span class='ocrx_word' id='word_1_376' title='bbox 3325 2450 3592 2519; x_wconf 86' lang='grc' dir='ltr'>προτιμή-</span> 
     </span>
    </p>
   </div>
   <div class='ocr_carea' id='block_1_55' title="bbox 2027 2539 3592 2613">
    <p class='ocr_par' dir='ltr' id='par_1_55' title="bbox 2027 2539 3592 2613">
     <span class='ocr_line' id='line_1_55' title="bbox 2027 2539 3592 2613; baseline -0.002 -18"><span class='ocrx_word' id='word_1_377' title='bbox 2027 2559 2129 2595; x_wconf 87' lang='grc' dir='ltr'>σει.</span> <span class='ocrx_word' id='word_1_378' title='bbox 2168 2541 2293 2605; x_wconf 90' lang='grc' dir='ltr'>Πῶς</span> <span class='ocrx_word' id='word_1_379' title='bbox 2330 2540 2438 2613; x_wconf 87' lang='grc' dir='ltr'><strong>γάρ</strong></span> <span class='ocrx_word' id='word_1_380' title='bbox 2468 2540 2534 2593; x_wconf 83' lang='grc' dir='ltr'>ἂν</span> <span class='ocrx_word' id='word_1_381' title='bbox 2562 2541 2595 2611; x_wconf 85' lang='grc' dir='ltr'>ἠ</span> <span class='ocrx_word' id='word_1_382' title='bbox 2622 2541 2716 2594; x_wconf 78' lang='grc' dir='ltr'>ἐπὶ</span> <span class='ocrx_word' id='word_1_383' title='bbox 2745 2540 2807 2593; x_wconf 80' lang='grc' dir='ltr'>τὸ</span> <span class='ocrx_word' id='word_1_384' title='bbox 2836 2543 3081 2611; x_wconf 79' lang='grc' dir='ltr'>κρεῖττον</span> <span class='ocrx_word' id='word_1_385' title='bbox 3106 2539 3413 2611; x_wconf 87' lang='grc' dir='ltr'>ἀνθρώποις</span> <span class='ocrx_word' id='word_1_386' title='bbox 3438 2539 3592 2593; x_wconf 68' lang='grc' dir='ltr'>ἐκούο</span> 
     </span>
    </p>
   </div>
   <div class='ocr_carea' id='block_1_56' title="bbox 2027 2632 3590 2705">
    <p class='ocr_par' dir='ltr' id='par_1_56' title="bbox 2027 2632 3590 2705">
     <span class='ocr_line' id='line_1_56' title="bbox 2027 2632 3590 2705; baseline -0.001 -20"><span class='ocrx_word' id='word_1_387' title='bbox 2027 2650 2137 2696; x_wconf 86' lang='grc' dir='ltr'>σιος</span> <span class='ocrx_word' id='word_1_388' title='bbox 2170 2632 2521 2705; x_wconf 72' lang='grc' dir='ltr'>ἐμαρτυρήθη</span> <span class='ocrx_word' id='word_1_389' title='bbox 2557 2632 2789 2701; x_wconf 88' lang='grc' dir='ltr'>κίνησις,</span> <span class='ocrx_word' id='word_1_390' title='bbox 2825 2632 2899 2704; x_wconf 80' lang='grc' dir='ltr'>μὴ</span> <span class='ocrx_word' id='word_1_391' title='bbox 2936 2632 3037 2700; x_wconf 84' lang='grc' dir='ltr'>τῆς</span> <span class='ocrx_word' id='word_1_392' title='bbox 3079 2632 3426 2703; x_wconf 72' lang='grc' dir='ltr'>ἐνθυμήσεως</span> <span class='ocrx_word' id='word_1_393' title='bbox 3461 2633 3590 2684; x_wconf 89' lang='grc' dir='ltr'>ἐκα-</span> 
     </span>
    </p>
   </div>
   <div class='ocr_carea' id='block_1_57' title="bbox 2023 2721 3593 2796">
    <p class='ocr_par' dir='ltr' id='par_1_57' title="bbox 2023 2721 3593 2796">
     <span class='ocr_line' id='line_1_57' title="bbox 2023 2721 3593 2796; baseline -0.003 -18"><span class='ocrx_word' id='word_1_394' title='bbox 2023 2725 2200 2796; x_wconf 83' lang='grc' dir='ltr'>τέροις</span> <span class='ocrx_word' id='word_1_395' title='bbox 2228 2723 2472 2793; x_wconf 81' lang='grc' dir='ltr'>φυσικῶς</span> <span class='ocrx_word' id='word_1_396' title='bbox 2500 2721 2918 2795; x_wconf 79' lang='grc' dir='ltr'>ἐπιϐαλλούσης,</span> <span class='ocrx_word' id='word_1_397' title='bbox 2951 2723 3134 2795; x_wconf 81' lang='grc' dir='ltr'>ἀδικίᾳ</span> <span class='ocrx_word' id='word_1_398' title='bbox 3175 2740 3236 2775; x_wconf 90' lang='grc' dir='ltr'><strong>τε</strong></span> <span class='ocrx_word' id='word_1_399' title='bbox 3269 2723 3363 2775; x_wconf 59' lang='grc' dir='ltr'><strong>καί⁸</strong></span> <span class='ocrx_word' id='word_1_400' title='bbox 3389 2722 3593 2774; x_wconf 60' lang='grc' dir='ltr'>δικαιοη</span> 
     </span>
    </p>
   </div>
   <div class='ocr_carea' id='block_1_58' title="bbox 2026 2811 3587 2888">
    <p class='ocr_par' dir='ltr' id='par_1_58' title="bbox 2026 2811 3587 2888">
     <span class='ocr_line' id='line_1_58' title="bbox 2026 2811 3587 2888; baseline -0.002 -19"><span class='ocrx_word' id='word_1_401' title='bbox 2026 2816 2192 2888; x_wconf 79' lang='grc' dir='ltr'>σύνῃ;</span> <span class='ocrx_word' id='word_1_402' title='bbox 2236 2818 2301 2869; x_wconf 83' lang='grc' dir='ltr'><em>Ἢ</em></span> <span class='ocrx_word' id='word_1_403' title='bbox 2332 2816 2429 2886; x_wconf 82' lang='grc' dir='ltr'>μὲν</span> <span class='ocrx_word' id='word_1_404' title='bbox 2459 2815 2569 2887; x_wconf 83' lang='grc' dir='ltr'>γὰρ</span> <span class='ocrx_word' id='word_1_405' title='bbox 2593 2814 2793 2884; x_wconf 86' lang='grc' dir='ltr'>γνῶσις</span> <span class='ocrx_word' id='word_1_406' title='bbox 2831 2814 3101 2883; x_wconf 86' lang='grc' dir='ltr'>ἀναγκαία</span> <span class='ocrx_word' id='word_1_407' title='bbox 3126 2813 3263 2887; x_wconf 75' lang='grc' dir='ltr'>πρὸς</span> <span class='ocrx_word' id='word_1_408' title='bbox 3286 2811 3554 2883; x_wconf 83' lang='grc' dir='ltr'>διάκρισιν</span> <span class='ocrx_word' id='word_1_409' title='bbox 3573 2829 3587 2841; x_wconf 76' lang='grc'>⁶</span> 
     </span>
    </p>
   </div>
   <div class='ocr_carea' id='block_1_59' title="bbox 2023 2905 3592 2979">
    <p class='ocr_par' dir='ltr' id='par_1_59' title="bbox 2023 2905 3592 2979">
     <span class='ocr_line' id='line_1_59' title="bbox 2023 2905 3592 2979; baseline -0.003 -18"><span class='ocrx_word' id='word_1_410' title='bbox 2023 2910 2056 2979; x_wconf 80' lang='grc' dir='ltr'>ἡ</span> <span class='ocrx_word' id='word_1_411' title='bbox 2087 2908 2144 2961; x_wconf 78' lang='grc' dir='ltr'>δὲ</span> <span class='ocrx_word' id='word_1_412' title='bbox 2180 2906 2475 2979; x_wconf 87' lang='grc' dir='ltr'>ἐνθύμησις</span> <span class='ocrx_word' id='word_1_413' title='bbox 2505 2907 2729 2977; x_wconf 75' lang='grc' dir='ltr'>ψηλαφᾷ</span> <span class='ocrx_word' id='word_1_414' title='bbox 2754 2906 2822 2960; x_wconf 91' lang='grc' dir='ltr'><strong>τά</strong></span> <span class='ocrx_word' id='word_1_415' title='bbox 2848 2906 3163 2975; x_wconf 80' lang='grc' dir='ltr'>ἐγνωσμένα</span> <span class='ocrx_word' id='word_1_416' title='bbox 3182 2923 3195 2936; x_wconf 78' lang='grc'><strong>⁸</strong></span> <span class='ocrx_word' id='word_1_417' title='bbox 3228 2906 3262 2977; x_wconf 85' lang='grc' dir='ltr'>ὴ</span> <span class='ocrx_word' id='word_1_418' title='bbox 3298 2905 3355 2958; x_wconf 81' lang='grc' dir='ltr'>δὲ</span> <span class='ocrx_word' id='word_1_419' title='bbox 3396 2905 3592 2976; x_wconf 84' lang='grc' dir='ltr'>πρόθε-</span> 
     </span>
    </p>
   </div>
   <div class='ocr_carea' id='block_1_60' title="bbox 2027 2996 3592 3071">
    <p class='ocr_par' dir='ltr' id='par_1_60' title="bbox 2027 2996 3592 3071">
     <span class='ocr_line' id='line_1_60' title="bbox 2027 2996 3592 3071; baseline -0.003 -18"><span class='ocrx_word' id='word_1_420' title='bbox 2027 3018 2110 3064; x_wconf 88' lang='grc' dir='ltr'><strong>σις</strong></span> <span class='ocrx_word' id='word_1_421' title='bbox 2137 3000 2221 3068; x_wconf 82' lang='grc' dir='ltr'><strong>ἐφ’</strong></span> <span class='ocrx_word' id='word_1_422' title='bbox 2257 3000 2285 3053; x_wconf 83' lang='grc' dir='ltr'><strong>ὅ</strong></span> <span class='ocrx_word' id='word_1_423' title='bbox 2311 2999 2556 3070; x_wconf 85' lang='grc' dir='ltr'>βούλεται</span> <span class='ocrx_word' id='word_1_424' title='bbox 2590 3000 2745 3071; x_wconf 80' lang='grc' dir='ltr'>ῥέπει</span> <span class='ocrx_word' id='word_1_425' title='bbox 2768 3016 2783 3030; x_wconf 75' lang='grc' dir='ltr'><strong>ο</strong></span> <span class='ocrx_word' id='word_1_426' title='bbox 2807 2999 2981 3053; x_wconf 84' lang='grc' dir='ltr'>ταῦτα</span> <span class='ocrx_word' id='word_1_427' title='bbox 3010 2998 3066 3051; x_wconf 81' lang='grc' dir='ltr'>δὲ</span> <span class='ocrx_word' id='word_1_428' title='bbox 3090 2998 3213 3067; x_wconf 75' lang='grc' dir='ltr'>οὐχὶ</span> <span class='ocrx_word' id='word_1_429' title='bbox 3244 2997 3384 3069; x_wconf 83' lang='grc' dir='ltr'>μέρη</span> <span class='ocrx_word' id='word_1_430' title='bbox 3413 2996 3592 3066; x_wconf 82' lang='grc' dir='ltr'>ψυχῆς</span> 
     </span>
    </p>
   </div>
   <div class='ocr_carea' id='block_1_61' title="bbox 2024 3088 3593 3165">
    <p class='ocr_par' dir='ltr' id='par_1_61' title="bbox 2024 3088 3593 3165">
     <span class='ocr_line' id='line_1_61' title="bbox 2024 3088 3593 3165; baseline -0.003 -19"><span class='ocrx_word' id='word_1_431' title='bbox 2024 3093 2274 3165; x_wconf 84' lang='grc' dir='ltr'>διάφορα,</span> <span class='ocrx_word' id='word_1_432' title='bbox 2303 3092 2416 3146; x_wconf 76' lang='grc' dir='ltr'>ἀλλ’</span> <span class='ocrx_word' id='word_1_433' title='bbox 2443 3094 2519 3157; x_wconf 89' lang='grc' dir='ltr'><strong>ώς</strong></span> <span class='ocrx_word' id='word_1_434' title='bbox 2541 3093 2809 3165; x_wconf 79' lang='grc' dir='ltr'>ἐνέργειαι</span> <span class='ocrx_word' id='word_1_435' title='bbox 2844 3092 3077 3163; x_wconf 66' lang='grc' dir='ltr'>ταύτης*</span> <span class='ocrx_word' id='word_1_436' title='bbox 3126 3090 3267 3145; x_wconf 82' lang='grc' dir='ltr'>ούτω</span> <span class='ocrx_word' id='word_1_437' title='bbox 3309 3090 3488 3162; x_wconf 88' lang='grc' dir='ltr'>μέντοι</span> <span class='ocrx_word' id='word_1_438' title='bbox 3514 3088 3593 3158; x_wconf 86' lang='grc' dir='ltr'>τῷ</span> 
     </span>
    </p>
   </div>
   <div class='ocr_carea' id='block_1_62' title="bbox 2028 3178 3595 3253">
    <p class='ocr_par' dir='ltr' id='par_1_62' title="bbox 2028 3178 3595 3253">
     <span class='ocr_line' id='line_1_62' title="bbox 2028 3178 3595 3253; baseline -0.003 -20"><span class='ocrx_word' id='word_1_439' title='bbox 2028 3181 2278 3252; x_wconf 81' lang='grc' dir='ltr'>ἡμετέρῳ</span> <span class='ocrx_word' id='word_1_440' title='bbox 2328 3180 2590 3252; x_wconf 84' lang='grc' dir='ltr'>ὀφθαλμῷ</span> <span class='ocrx_word' id='word_1_441' title='bbox 2619 3180 2877 3253; x_wconf 85' lang='grc' dir='ltr'>πρόσεστι</span> <span class='ocrx_word' id='word_1_442' title='bbox 2931 3178 3176 3249; x_wconf 84' lang='grc' dir='ltr'>φυσικῶς</span> <span class='ocrx_word' id='word_1_443' title='bbox 3200 3178 3261 3232; x_wconf 83' lang='grc' dir='ltr'>τὸ</span> <span class='ocrx_word' id='word_1_444' title='bbox 3288 3180 3419 3250; x_wconf 83' lang='grc' dir='ltr'>ὁρᾷν</span> <span class='ocrx_word' id='word_1_445' title='bbox 3467 3178 3595 3232; x_wconf 78' lang='grc' dir='ltr'>ἄλλο</span> 
     </span>
    </p>
   </div>
   <div class='ocr_carea' id='block_1_63' title="bbox 356 3268 1927 3344">
    <p class='ocr_par' dir='ltr' id='par_1_63' title="bbox 356 3269 1927 3338">
     <span class='ocr_line' id='line_1_63' title="bbox 356 3269 1927 3338; baseline 0.006 -20"><span class='ocrx_word' id='word_1_446' title='bbox 356 3281 517 3334; x_wconf 85' lang='lat' dir='ltr'><strong>quam</strong></span> <span class='ocrx_word' id='word_1_447' title='bbox 546 3269 894 3337; x_wconf 88' lang='lat' dir='ltr'><strong>operationes</strong></span> <span class='ocrx_word' id='word_1_448' title='bbox 922 3269 1041 3338; x_wconf 85' lang='lat' dir='ltr'><strong>ejus</strong></span> <span class='ocrx_word' id='word_1_449' title='bbox 1068 3288 1081 3323; x_wconf 93' lang='lat'>:</span> <span class='ocrx_word' id='word_1_450' title='bbox 1119 3286 1230 3325; x_wconf 90' lang='lat' dir='ltr'><strong>non</strong></span> <span class='ocrx_word' id='word_1_451' title='bbox 1261 3280 1446 3326; x_wconf 86' lang='lat' dir='ltr'><strong>tamen</strong></span> <span class='ocrx_word' id='word_1_452' title='bbox 1475 3271 1616 3327; x_wconf 88' lang='lat' dir='ltr'><strong>inest</strong></span> <span class='ocrx_word' id='word_1_453' title='bbox 1643 3273 1802 3328; x_wconf 90' lang='lat' dir='ltr'><strong>oculo</strong></span> <span class='ocrx_word' id='word_1_454' title='bbox 1827 3288 1927 3328; x_wconf 84' lang='lat' dir='ltr'><strong>no-</strong></span> 
     </span>
    </p>
   </div>
   <div class='ocr_carea' id='block_1_64' title="bbox 2027 3268 3591 3344">
    <p class='ocr_par' dir='ltr' id='par_1_64' title="bbox 2027 3269 3591 3344">
     <span class='ocr_line' id='line_1_64' title="bbox 2027 3269 3591 3344; baseline -0.003 -19"><span class='ocrx_word' id='word_1_455' title='bbox 2027 3273 2076 3325; x_wconf 89' lang='grc' dir='ltr'><strong>εί</strong></span> <span class='ocrx_word' id='word_1_456' title='bbox 2112 3272 2283 3343; x_wconf 81' lang='grc' dir='ltr'>τύχοι,</span> <span class='ocrx_word' id='word_1_457' title='bbox 2315 3273 2348 3343; x_wconf 84' lang='grc' dir='ltr'>ἦ</span> <span class='ocrx_word' id='word_1_458' title='bbox 2389 3272 2615 3344; x_wconf 80' lang='grc' dir='ltr'>πράξεις</span> <span class='ocrx_word' id='word_1_459' title='bbox 2641 3273 2816 3336; x_wconf 88' lang='grc' dir='ltr'>κακάς</span> <span class='ocrx_word' id='word_1_460' title='bbox 2852 3288 2912 3325; x_wconf 90' lang='grc' dir='ltr'><strong>τε</strong></span> <span class='ocrx_word' id='word_1_461' title='bbox 2966 3272 3059 3325; x_wconf 71' lang='grc' dir='ltr'>καὶ</span> <span class='ocrx_word' id='word_1_462' title='bbox 3091 3269 3319 3339; x_wconf 88' lang='grc' dir='ltr'>ἀγαθὰς,</span> <span class='ocrx_word' id='word_1_463' title='bbox 3350 3270 3445 3324; x_wconf 74' lang='grc' dir='ltr'><strong>καὶ</strong></span> <span class='ocrx_word' id='word_1_464' title='bbox 3470 3270 3591 3323; x_wconf 72' lang='grc' dir='ltr'>οὐδ-</span> 
     </span>
    </p>
   </div>
   <div class='ocr_carea' id='block_1_65' title="bbox 355 3361 1924 3433">
    <p class='ocr_par' dir='ltr' id='par_1_65' title="bbox 355 3361 1924 3433">
     <span class='ocr_line' id='line_1_65' title="bbox 355 3361 1924 3433; baseline 0.004 -19"><span class='ocrx_word' id='word_1_465' title='bbox 355 3369 471 3414; x_wconf 90' lang='lat' dir='ltr'><strong>stro</strong></span> <span class='ocrx_word' id='word_1_466' title='bbox 518 3361 863 3424; x_wconf 88' lang='lat' dir='ltr'><strong>naturaliter,</strong></span> <span class='ocrx_word' id='word_1_467' title='bbox 921 3369 980 3415; x_wconf 94' lang='lat' dir='ltr'><strong>ut</strong></span> <span class='ocrx_word' id='word_1_468' title='bbox 1034 3362 1216 3417; x_wconf 85' lang='lat' dir='ltr'><strong>videat</strong></span> <span class='ocrx_word' id='word_1_469' title='bbox 1269 3363 1415 3418; x_wconf 87' lang='lat' dir='ltr'><strong>aliud</strong></span> <span class='ocrx_word' id='word_1_470' title='bbox 1465 3363 1512 3419; x_wconf 87' lang='lat' dir='ltr'><strong>si</strong></span> <span class='ocrx_word' id='word_1_471' title='bbox 1562 3365 1807 3433; x_wconf 88' lang='lat' dir='ltr'><strong>accidat,</strong></span> <span class='ocrx_word' id='word_1_472' title='bbox 1837 3365 1924 3420; x_wconf 84' lang='lat' dir='ltr'><strong>vel</strong></span> 
     </span>
    </p>
   </div>
   <div class='ocr_carea' id='block_1_66' title="bbox 357 3450 1923 3518">
    <p class='ocr_par' dir='ltr' id='par_1_66' title="bbox 357 3450 1923 3518">
     <span class='ocr_line' id='line_1_66' title="bbox 357 3450 1923 3518; baseline 0.003 -17"><span class='ocrx_word' id='word_1_473' title='bbox 357 3450 600 3504; x_wconf 90' lang='lat' dir='ltr'><strong>actiones</strong></span> <span class='ocrx_word' id='word_1_474' title='bbox 632 3450 808 3505; x_wconf 91' lang='lat' dir='ltr'><strong>malas</strong></span> <span class='ocrx_word' id='word_1_475' title='bbox 843 3457 898 3504; x_wconf 93' lang='lat' dir='ltr'><strong>et</strong></span> <span class='ocrx_word' id='word_1_476' title='bbox 927 3450 1102 3506; x_wconf 86' lang='lat' dir='ltr'><strong>bonas</strong></span> <span class='ocrx_word' id='word_1_477' title='bbox 1121 3491 1135 3515; x_wconf 92' lang='lat'><strong>,</strong></span> <span class='ocrx_word' id='word_1_478' title='bbox 1161 3465 1222 3504; x_wconf 89' lang='lat' dir='ltr'><strong>ac</strong></span> <span class='ocrx_word' id='word_1_479' title='bbox 1246 3452 1496 3505; x_wconf 87' lang='lat' dir='ltr'><strong>neutrius</strong></span> <span class='ocrx_word' id='word_1_480' title='bbox 1523 3466 1689 3506; x_wconf 87' lang='lat' dir='ltr'><strong>causa</strong></span> <span class='ocrx_word' id='word_1_481' title='bbox 1716 3452 1879 3507; x_wconf 83' lang='lat' dir='ltr'><strong>fuerit</strong></span> <span class='ocrx_word' id='word_1_482' title='bbox 1907 3469 1923 3518; x_wconf 88' lang='lat'><strong>;</strong></span> 
     </span>
    </p>
   </div>
   <div class='ocr_carea' id='block_1_67' title="bbox 357 3541 1925 3614">
    <p class='ocr_par' dir='ltr' id='par_1_67' title="bbox 357 3541 1925 3614">
     <span class='ocr_line' id='line_1_67' title="bbox 357 3541 1925 3614; baseline 0.004 -22"><span class='ocrx_word' id='word_1_483' title='bbox 357 3555 509 3594; x_wconf 90' lang='lat' dir='ltr'><strong>mens</strong></span> <span class='ocrx_word' id='word_1_484' title='bbox 535 3541 680 3595; x_wconf 88' lang='lat' dir='ltr'><strong>enim</strong></span> <span class='ocrx_word' id='word_1_485' title='bbox 711 3550 993 3611; x_wconf 85' lang='lat' dir='ltr'><strong>aspectum</strong></span> <span class='ocrx_word' id='word_1_486' title='bbox 1029 3542 1260 3612; x_wconf 86' lang='lat' dir='ltr'><strong>recipit,</strong></span> <span class='ocrx_word' id='word_1_487' title='bbox 1309 3543 1425 3598; x_wconf 91' lang='lat' dir='ltr'><strong>visa</strong></span> <span class='ocrx_word' id='word_1_488' title='bbox 1465 3542 1727 3613; x_wconf 81' lang='lat' dir='ltr'><strong>dijudicat</strong></span> <span class='ocrx_word' id='word_1_489' title='bbox 1761 3551 1925 3614; x_wconf 87' lang='lat' dir='ltr'><strong>atque</strong></span> 
     </span>
    </p>
   </div>
   <div class='ocr_carea' id='block_1_68' title="bbox 355 3631 1926 3703">
    <p class='ocr_par' dir='ltr' id='par_1_68' title="bbox 355 3631 1926 3703">
     <span class='ocr_line' id='line_1_68' title="bbox 355 3631 1926 3703; baseline 0.003 -19"><span class='ocrx_word' id='word_1_490' title='bbox 355 3631 672 3687; x_wconf 88' lang='lat' dir='ltr'><strong>discernit:</strong></span> <span class='ocrx_word' id='word_1_491' title='bbox 727 3632 807 3687; x_wconf 90' lang='lat' dir='ltr'><strong>sic</strong></span> <span class='ocrx_word' id='word_1_492' title='bbox 859 3633 1120 3703; x_wconf 78' lang='lat' dir='ltr'><strong>cogitatio</strong></span> <span class='ocrx_word' id='word_1_493' title='bbox 1176 3634 1491 3689; x_wconf 87' lang='lat' dir='ltr'><strong>necessario</strong></span> <span class='ocrx_word' id='word_1_494' title='bbox 1547 3634 1722 3690; x_wconf 90' lang='lat' dir='ltr'><strong>instar</strong></span> <span class='ocrx_word' id='word_1_495' title='bbox 1778 3634 1926 3689; x_wconf 84' lang='lat' dir='ltr'><strong>oculi</strong></span> 
     </span>
    </p>
   </div>
   <div class='ocr_carea' id='block_1_69' title="bbox 354 3722 1928 3794">
    <p class='ocr_par' dir='ltr' id='par_1_69' title="bbox 354 3722 1928 3794">
     <span class='ocr_line' id='line_1_69' title="bbox 354 3722 1928 3794; baseline 0.003 -19"><span class='ocrx_word' id='word_1_496' title='bbox 354 3730 602 3778; x_wconf 84' lang='lat' dir='ltr'><strong>movetur</strong></span> <span class='ocrx_word' id='word_1_497' title='bbox 628 3722 697 3776; x_wconf 83' lang='lat' dir='ltr'><strong>ad</strong></span> <span class='ocrx_word' id='word_1_498' title='bbox 728 3738 794 3779; x_wconf 90' lang='lat' dir='ltr'><strong>ea</strong></span> <span class='ocrx_word' id='word_1_499' title='bbox 822 3739 943 3792; x_wconf 67' lang='lat' dir='ltr'><strong>qua:</strong></span> <span class='ocrx_word' id='word_1_500' title='bbox 969 3723 1081 3779; x_wconf 83' lang='lat' dir='ltr'><strong>ﬁeri</strong></span> <span class='ocrx_word' id='word_1_501' title='bbox 1117 3734 1350 3794; x_wconf 87' lang='lat' dir='ltr'><strong>possunt</strong></span> <span class='ocrx_word' id='word_1_502' title='bbox 1371 3766 1386 3790; x_wconf 91' lang='lat'><strong>,</strong></span> <span class='ocrx_word' id='word_1_503' title='bbox 1414 3741 1524 3780; x_wconf 89' lang='lat' dir='ltr'><strong>non</strong></span> <span class='ocrx_word' id='word_1_504' title='bbox 1555 3741 1777 3782; x_wconf 87' lang='lat' dir='ltr'><strong>movens</strong></span> <span class='ocrx_word' id='word_1_505' title='bbox 1807 3727 1928 3781; x_wconf 85' lang='lat' dir='ltr'><strong>ani-</strong></span> 
     </span>
    </p>
   </div>
   <div class='ocr_carea' id='block_1_70' title="bbox 355 3813 1927 3888">
    <p class='ocr_par' dir='ltr' id='par_1_70' title="bbox 355 3813 1927 3888">
     <span class='ocr_line' id='line_1_70' title="bbox 355 3813 1927 3888; baseline 0.004 -22"><span class='ocrx_word' id='word_1_506' title='bbox 355 3827 500 3866; x_wconf 89' lang='lat' dir='ltr'><strong>mam</strong></span> <span class='ocrx_word' id='word_1_507' title='bbox 535 3813 602 3867; x_wconf 91' lang='lat' dir='ltr'><strong>ad</strong></span> <span class='ocrx_word' id='word_1_508' title='bbox 633 3828 695 3869; x_wconf 85' lang='lat' dir='ltr'><strong>ea</strong></span> <span class='ocrx_word' id='word_1_509' title='bbox 726 3829 825 3884; x_wconf 90' lang='lat' dir='ltr'><strong>per</strong></span> <span class='ocrx_word' id='word_1_510' title='bbox 850 3816 960 3868; x_wconf 92' lang='lat' dir='ltr'><strong>vim</strong></span> <span class='ocrx_word' id='word_1_511' title='bbox 983 3855 997 3881; x_wconf 90' lang='lat'><strong>,</strong></span> <span class='ocrx_word' id='word_1_512' title='bbox 1037 3816 1133 3871; x_wconf 90' lang='lat' dir='ltr'><strong>sed</strong></span> <span class='ocrx_word' id='word_1_513' title='bbox 1176 3818 1489 3888; x_wconf 79' lang='lat' dir='ltr'><strong>cognitione</strong></span> <span class='ocrx_word' id='word_1_514' title='bbox 1526 3817 1764 3874; x_wconf 79' lang='lat' dir='ltr'><strong>naturali</strong></span> <span class='ocrx_word' id='word_1_515' title='bbox 1811 3819 1927 3873; x_wconf 67' lang='lat' dir='ltr'><strong>hinc</strong></span> 
     </span>
    </p>
   </div>
   <div class='ocr_carea' id='block_1_71' title="bbox 357 3903 1928 3977">
    <p class='ocr_par' dir='ltr' id='par_1_71' title="bbox 357 3903 1928 3977">
     <span class='ocr_line' id='line_1_71' title="bbox 357 3903 1928 3977; baseline 0.004 -20"><span class='ocrx_word' id='word_1_516' title='bbox 357 3905 665 3959; x_wconf 84' lang='lat' dir='ltr'><strong>attendens.</strong></span> <span class='ocrx_word' id='word_1_517' title='bbox 717 3903 990 3960; x_wconf 90' lang='lat' dir='ltr'><strong>Continuo</strong></span> <span class='ocrx_word' id='word_1_518' title='bbox 1046 3907 1266 3975; x_wconf 89' lang='lat' dir='ltr'><strong>quidem</strong></span> <span class='ocrx_word' id='word_1_519' title='bbox 1318 3909 1365 3965; x_wconf 91' lang='lat' dir='ltr'><strong>si</strong></span> <span class='ocrx_word' id='word_1_520' title='bbox 1416 3910 1704 3977; x_wconf 85' lang='lat' dir='ltr'><strong>volumus,</strong></span> <span class='ocrx_word' id='word_1_521' title='bbox 1764 3909 1928 3965; x_wconf 91' lang='lat' dir='ltr'><strong>simul</strong></span> 
     </span>
    </p>
   </div>
   <div class='ocr_carea' id='block_1_72' title="bbox 356 3995 1931 4065">
    <p class='ocr_par' dir='ltr' id='par_1_72' title="bbox 356 3995 1931 4065">
     <span class='ocr_line' id='line_1_72' title="bbox 356 3995 1931 4065; baseline 0.005 -16"><span class='ocrx_word' id='word_1_522' title='bbox 356 3995 633 4049; x_wconf 85' lang='lat' dir='ltr'><strong>contraria</strong></span> <span class='ocrx_word' id='word_1_523' title='bbox 665 3995 1008 4065; x_wconf 79' lang='lat' dir='ltr'><strong>cogitamus;</strong></span> <span class='ocrx_word' id='word_1_524' title='bbox 1040 3997 1203 4052; x_wconf 90' lang='lat' dir='ltr'><strong>simul</strong></span> <span class='ocrx_word' id='word_1_525' title='bbox 1234 4006 1411 4055; x_wconf 89' lang='lat' dir='ltr'><strong>tamen</strong></span> <span class='ocrx_word' id='word_1_526' title='bbox 1444 4003 1719 4056; x_wconf 85' lang='lat' dir='ltr'><strong>contraria</strong></span> <span class='ocrx_word' id='word_1_527' title='bbox 1751 4000 1931 4057; x_wconf 82' lang='lat' dir='ltr'><strong>facere</strong></span> 
     </span>
    </p>
   </div>
   <div class='ocr_carea' id='block_1_73' title="bbox 357 4099 802 4155">
    <p class='ocr_par' dir='ltr' id='par_1_73' title="bbox 357 4099 802 4155">
     <span class='ocr_line' id='line_1_73' title="bbox 357 4099 802 4155; baseline 0.004 -17"><span class='ocrx_word' id='word_1_528' title='bbox 357 4099 465 4139; x_wconf 88' lang='lat' dir='ltr'><strong>non</strong></span> <span class='ocrx_word' id='word_1_529' title='bbox 493 4101 802 4155; x_wconf 81' lang='lat' dir='ltr'><strong>possumus.</strong></span> 
     </span>
    </p>
   </div>
   <div class='ocr_carea' id='block_1_74' title="bbox 431 4176 1928 4256">
    <p class='ocr_par' dir='ltr' id='par_1_74' title="bbox 431 4176 1928 4256">
     <span class='ocr_line' id='line_1_74' title="bbox 431 4176 1928 4256; baseline 0.005 -24"><span class='ocrx_word' id='word_1_530' title='bbox 431 4176 490 4232; x_wconf 82' lang='lat' dir='ltr'><strong>In</strong></span> <span class='ocrx_word' id='word_1_531' title='bbox 523 4177 669 4234; x_wconf 88' lang='lat' dir='ltr'><strong>hunc</strong></span> <span class='ocrx_word' id='word_1_532' title='bbox 702 4178 923 4233; x_wconf 91' lang='lat' dir='ltr'><strong>modum</strong></span> <span class='ocrx_word' id='word_1_533' title='bbox 954 4179 1099 4235; x_wconf 89' lang='lat' dir='ltr'><strong>actio</strong></span> <span class='ocrx_word' id='word_1_534' title='bbox 1127 4180 1346 4251; x_wconf 91' lang='lat' dir='ltr'><strong>quidem</strong></span> <span class='ocrx_word' id='word_1_535' title='bbox 1373 4181 1640 4239; x_wconf 88' lang='lat' dir='ltr'><strong>electione</strong></span> <span class='ocrx_word' id='word_1_536' title='bbox 1663 4183 1928 4256; x_wconf 86' lang='lat' dir='ltr'><strong>propositi</strong></span> 
     </span>
    </p>
   </div>
   <div class='ocr_carea' id='block_1_75' title="bbox 357 4269 1928 4346">
    <p class='ocr_par' dir='ltr' id='par_1_75' title="bbox 357 4269 1928 4346">
     <span class='ocr_line' id='line_1_75' title="bbox 357 4269 1928 4346; baseline 0.004 -23"><span class='ocrx_word' id='word_1_537' title='bbox 357 4269 574 4325; x_wconf 90' lang='lat' dir='ltr'><strong>decreta</strong></span> <span class='ocrx_word' id='word_1_538' title='bbox 608 4278 690 4326; x_wconf 77' lang='lat' dir='ltr'><strong>est</strong></span> <span class='ocrx_word' id='word_1_539' title='bbox 717 4289 733 4338; x_wconf 92' lang='lat'><strong>;</strong></span> <span class='ocrx_word' id='word_1_540' title='bbox 779 4272 1036 4342; x_wconf 78' lang='lat' dir='ltr'><strong>cogitatio</strong></span> <span class='ocrx_word' id='word_1_541' title='bbox 1063 4286 1192 4328; x_wconf 90' lang='lat' dir='ltr'><strong>vero</strong></span> <span class='ocrx_word' id='word_1_542' title='bbox 1222 4274 1528 4328; x_wconf 89' lang='lat' dir='ltr'><strong>naturalem</strong></span> <span class='ocrx_word' id='word_1_543' title='bbox 1560 4277 1928 4346; x_wconf 76' lang='lat' dir='ltr'><strong>cognitionem</strong></span> 
     </span>
    </p>
   </div>
   <div class='ocr_carea' id='block_1_76' title="bbox 356 4362 1931 4438">
    <p class='ocr_par' dir='ltr' id='par_1_76' title="bbox 356 4362 1931 4438">
     <span class='ocr_line' id='line_1_76' title="bbox 356 4362 1931 4438; baseline 0.004 -23"><span class='ocrx_word' id='word_1_544' title='bbox 356 4362 576 4417; x_wconf 81' lang='lat' dir='ltr'><strong>virtutis</strong></span> <span class='ocrx_word' id='word_1_545' title='bbox 606 4371 663 4418; x_wconf 90' lang='lat' dir='ltr'><strong>et</strong></span> <span class='ocrx_word' id='word_1_546' title='bbox 695 4364 812 4417; x_wconf 86' lang='lat' dir='ltr'><strong>vitii</strong></span> <span class='ocrx_word' id='word_1_547' title='bbox 846 4371 1116 4419; x_wconf 89' lang='lat' dir='ltr'><strong>testatur:</strong></span> <span class='ocrx_word' id='word_1_548' title='bbox 1153 4364 1260 4419; x_wconf 89' lang='lat' dir='ltr'><strong>nisi</strong></span> <span class='ocrx_word' id='word_1_549' title='bbox 1288 4364 1434 4419; x_wconf 89' lang='lat' dir='ltr'><strong>enim</strong></span> <span class='ocrx_word' id='word_1_550' title='bbox 1468 4366 1584 4422; x_wconf 72' lang='lat' dir='ltr'><strong>haec</strong></span> <span class='ocrx_word' id='word_1_551' title='bbox 1615 4382 1931 4438; x_wconf 64' lang='lat' dir='ltr'><strong>praecogno-</strong></span> 
     </span>
    </p>
   </div>
   <div class='ocr_carea' id='block_1_77' title="bbox 338 4440 1931 4527">
    <p class='ocr_par' dir='ltr' id='par_1_77' title="bbox 338 4440 1931 4527">
     <span class='ocr_line' id='line_1_77' title="bbox 338 4440 1931 4527; baseline 0.003 -18"><span class='ocrx_word' id='word_1_552' title='bbox 338 4440 637 4510; x_wconf 55' lang='lat' dir='ltr'><strong>,sceremus</strong></span> <span class='ocrx_word' id='word_1_553' title='bbox 657 4494 671 4518; x_wconf 91' lang='lat'><strong>,</strong></span> <span class='ocrx_word' id='word_1_554' title='bbox 698 4470 796 4509; x_wconf 88' lang='lat' dir='ltr'><strong>nec</strong></span> <span class='ocrx_word' id='word_1_555' title='bbox 826 4470 887 4509; x_wconf 89' lang='lat' dir='ltr'><strong>ea</strong></span> <span class='ocrx_word' id='word_1_556' title='bbox 917 4455 1282 4526; x_wconf 78' lang='lat' dir='ltr'><strong>cogitaremus</strong></span> <span class='ocrx_word' id='word_1_557' title='bbox 1304 4496 1319 4517; x_wconf 86' lang='lat'><strong>,</strong></span> <span class='ocrx_word' id='word_1_558' title='bbox 1352 4472 1527 4527; x_wconf 86' lang='lat' dir='ltr'><strong>neque</strong></span> <span class='ocrx_word' id='word_1_559' title='bbox 1557 4459 1703 4527; x_wconf 91' lang='lat' dir='ltr'><strong>quod</strong></span> <span class='ocrx_word' id='word_1_560' title='bbox 1735 4459 1931 4514; x_wconf 87' lang='lat' dir='ltr'><strong>melius</strong></span> 
     </span>
    </p>
   </div>
   <div class='ocr_carea' id='block_1_78' title="bbox 356 4546 1930 4616">
    <p class='ocr_par' dir='ltr' id='par_1_78' title="bbox 356 4546 1930 4616">
     <span class='ocr_line' id='line_1_78' title="bbox 356 4546 1930 4616; baseline 0.002 -15"><span class='ocrx_word' id='word_1_561' title='bbox 356 4552 473 4609; x_wconf 87' lang='lat' dir='ltr'><strong>est,</strong></span> <span class='ocrx_word' id='word_1_562' title='bbox 504 4546 828 4616; x_wconf 80' lang='lat' dir='ltr'><strong>eligeremus</strong></span> <span class='ocrx_word' id='word_1_563' title='bbox 851 4586 865 4610; x_wconf 96' lang='lat'><strong>,</strong></span> <span class='ocrx_word' id='word_1_564' title='bbox 900 4562 1200 4616; x_wconf 76' lang='lat' dir='ltr'><strong>praegressa</strong></span> <span class='ocrx_word' id='word_1_565' title='bbox 1231 4549 1454 4602; x_wconf 90' lang='lat' dir='ltr'><strong>omnino</strong></span> <span class='ocrx_word' id='word_1_566' title='bbox 1481 4548 1747 4603; x_wconf 89' lang='lat' dir='ltr'><strong>electione</strong></span> <span class='ocrx_word' id='word_1_567' title='bbox 1779 4549 1930 4604; x_wconf 90' lang='lat' dir='ltr'><strong>dete-</strong></span> 
     </span>
    </p>
   </div>
   <div class='ocr_carea' id='block_1_79' title="bbox 2028 3359 3595 3435">
    <p class='ocr_par' dir='ltr' id='par_1_79' title="bbox 2028 3359 3595 3435">
     <span class='ocr_line' id='line_1_79' title="bbox 2028 3359 3595 3435; baseline -0.002 -20"><span class='ocrx_word' id='word_1_568' title='bbox 2028 3360 2228 3433; x_wconf 84' lang='grc' dir='ltr'>ετέρων</span> <span class='ocrx_word' id='word_1_569' title='bbox 2275 3361 2444 3426; x_wconf 79' lang='grc' dir='ltr'>αἴτιος</span> <span class='ocrx_word' id='word_1_570' title='bbox 2488 3362 2555 3416; x_wconf 87' lang='grc' dir='ltr'>ἂν</span> <span class='ocrx_word' id='word_1_571' title='bbox 2600 3363 2719 3435; x_wconf 71' lang='grc' dir='ltr'>εἴη’</span> <span class='ocrx_word' id='word_1_572' title='bbox 2767 3361 3067 3433; x_wconf 74' lang='grc' dir='ltr'>διαδέχεται</span> <span class='ocrx_word' id='word_1_573' title='bbox 3095 3360 3202 3432; x_wconf 85' lang='grc' dir='ltr'><strong>γάρ</strong></span> <span class='ocrx_word' id='word_1_574' title='bbox 3243 3363 3272 3415; x_wconf 82' lang='grc' dir='ltr'>ὁ</span> <span class='ocrx_word' id='word_1_575' title='bbox 3325 3360 3449 3424; x_wconf 87' lang='grc' dir='ltr'>νοῦς</span> <span class='ocrx_word' id='word_1_576' title='bbox 3494 3359 3595 3431; x_wconf 77' lang='grc' dir='ltr'>τὴν</span> 
     </span>
    </p>
   </div>
   <div class='ocr_carea' id='block_1_80' title="bbox 2025 3451 3595 3525">
    <p class='ocr_par' dir='ltr' id='par_1_80' title="bbox 2025 3451 3595 3525">
     <span class='ocr_line' id='line_1_80' title="bbox 2025 3451 3595 3525; baseline -0.001 -19"><span class='ocrx_word' id='word_1_577' title='bbox 2025 3452 2166 3522; x_wconf 69' lang='grc' dir='ltr'>ὅφιν,</span> <span class='ocrx_word' id='word_1_578' title='bbox 2219 3454 2315 3507; x_wconf 72' lang='grc' dir='ltr'>καὶ</span> <span class='ocrx_word' id='word_1_579' title='bbox 2361 3452 2624 3523; x_wconf 86' lang='grc' dir='ltr'>διακρίνει</span> <span class='ocrx_word' id='word_1_580' title='bbox 2667 3454 2737 3508; x_wconf 89' lang='grc' dir='ltr'><strong>τά</strong></span> <span class='ocrx_word' id='word_1_581' title='bbox 2781 3452 3066 3525; x_wconf 84' lang='grc' dir='ltr'>ὁρώμενα·</span> <span class='ocrx_word' id='word_1_582' title='bbox 3135 3452 3277 3505; x_wconf 70' lang='grc' dir='ltr'>οὕτω</span> <span class='ocrx_word' id='word_1_583' title='bbox 3311 3451 3373 3522; x_wconf 85' lang='grc' dir='ltr'>δὴ</span> <span class='ocrx_word' id='word_1_584' title='bbox 3414 3451 3508 3505; x_wconf 70' lang='grc' dir='ltr'>καὶ</span> <span class='ocrx_word' id='word_1_585' title='bbox 3559 3454 3595 3523; x_wconf 82' lang='grc' dir='ltr'><strong>ἡ</strong></span> 
     </span>
    </p>
   </div>
   <div class='ocr_carea' id='block_1_81' title="bbox 2025 3544 3597 3616">
    <p class='ocr_par' dir='ltr' id='par_1_81' title="bbox 2025 3544 3597 3616">
     <span class='ocr_line' id='line_1_81' title="bbox 2025 3544 3597 3616; baseline 0 -19"><span class='ocrx_word' id='word_1_586' title='bbox 2025 3545 2322 3616; x_wconf 84' lang='grc' dir='ltr'>ἐνθύμησις</span> <span class='ocrx_word' id='word_1_587' title='bbox 2393 3544 2670 3616; x_wconf 75' lang='grc' dir='ltr'>ὀφθαλμοῦ</span> <span class='ocrx_word' id='word_1_588' title='bbox 2747 3544 2902 3616; x_wconf 88' lang='grc' dir='ltr'>δίκην</span> <span class='ocrx_word' id='word_1_589' title='bbox 2977 3544 3291 3611; x_wconf 83' lang='grc' dir='ltr'>ἀναγκαίως</span> <span class='ocrx_word' id='word_1_590' title='bbox 3365 3546 3597 3597; x_wconf 84' lang='grc' dir='ltr'>κινεῖται</span> 
     </span>
    </p>
   </div>
   <div class='ocr_carea' id='block_1_82' title="bbox 2026 3634 3598 3711">
    <p class='ocr_par' dir='ltr' id='par_1_82' title="bbox 2026 3634 3598 3711">
     <span class='ocr_line' id='line_1_82' title="bbox 2026 3634 3598 3711; baseline -0.003 -18"><span class='ocrx_word' id='word_1_591' title='bbox 2026 3639 2162 3711; x_wconf 83' lang='grc' dir='ltr'>πρὸς</span> <span class='ocrx_word' id='word_1_592' title='bbox 2209 3639 2270 3693; x_wconf 84' lang='grc' dir='ltr'>τὸ</span> <span class='ocrx_word' id='word_1_593' title='bbox 2311 3637 2559 3708; x_wconf 88' lang='grc' dir='ltr'>γενέσθαι</span> <span class='ocrx_word' id='word_1_594' title='bbox 2613 3637 2956 3707; x_wconf 85' lang='grc' dir='ltr'>ἐνδεχόμενα,</span> <span class='ocrx_word' id='word_1_595' title='bbox 3007 3636 3068 3688; x_wconf 81' lang='grc' dir='ltr'><strong>ού</strong></span> <span class='ocrx_word' id='word_1_596' title='bbox 3125 3634 3418 3707; x_wconf 66' lang='grc' dir='ltr'>βιαζομένῃ</span> <span class='ocrx_word' id='word_1_597' title='bbox 3458 3636 3598 3707; x_wconf 80' lang='grc' dir='ltr'>πρὸς</span> 
     </span>
    </p>
   </div>
   <div class='ocr_carea' id='block_1_83' title="bbox 2026 3723 3598 3801">
    <p class='ocr_par' dir='ltr' id='par_1_83' title="bbox 2026 3723 3598 3801">
     <span class='ocr_line' id='line_1_83' title="bbox 2026 3723 3598 3801; baseline -0.004 -17"><span class='ocrx_word' id='word_1_598' title='bbox 2026 3729 2165 3784; x_wconf 85' lang='grc' dir='ltr'><strong>αύτά</strong></span> <span class='ocrx_word' id='word_1_599' title='bbox 2201 3730 2301 3801; x_wconf 87' lang='grc' dir='ltr'>τὴν</span> <span class='ocrx_word' id='word_1_600' title='bbox 2345 3728 2542 3800; x_wconf 77' lang='grc' dir='ltr'>ψυχὴν,</span> <span class='ocrx_word' id='word_1_601' title='bbox 2573 3726 2709 3781; x_wconf 90' lang='grc' dir='ltr'><strong>ἀλλά</strong></span> <span class='ocrx_word' id='word_1_602' title='bbox 2753 3724 2952 3795; x_wconf 84' lang='grc' dir='ltr'>γνώσει</span> <span class='ocrx_word' id='word_1_603' title='bbox 2985 3727 3184 3796; x_wconf 81' lang='grc' dir='ltr'>φυσικῇ</span> <span class='ocrx_word' id='word_1_604' title='bbox 3237 3723 3598 3778; x_wconf 77' lang='grc' dir='ltr'>ἐπιϐάλλουσα</span> 
     </span>
    </p>
   </div>
   <div class='ocr_carea' id='block_1_84' title="bbox 2026 3815 3597 3889">
    <p class='ocr_par' dir='ltr' id='par_1_84' title="bbox 2026 3815 3597 3889">
     <span class='ocr_line' id='line_1_84' title="bbox 2026 3815 3597 3889; baseline -0.003 -15"><span class='ocrx_word' id='word_1_605' title='bbox 2026 3820 2254 3886; x_wconf 90' lang='grc' dir='ltr'>τούτοις.</span> <span class='ocrx_word' id='word_1_606' title='bbox 2303 3820 2511 3873; x_wconf 79' lang='grc' dir='ltr'>Αὐτίκα</span> <span class='ocrx_word' id='word_1_607' title='bbox 2559 3817 2675 3889; x_wconf 76' lang='grc' dir='ltr'>ἅμα</span> <span class='ocrx_word' id='word_1_608' title='bbox 2713 3816 2834 3889; x_wconf 75' lang='grc' dir='ltr'>μὲν,</span> <span class='ocrx_word' id='word_1_609' title='bbox 2881 3816 2976 3869; x_wconf 88' lang='grc' dir='ltr'><strong>ἐάν</strong></span> <span class='ocrx_word' id='word_1_610' title='bbox 3032 3815 3296 3886; x_wconf 85' lang='grc' dir='ltr'>θέλωμεν,</span> <span class='ocrx_word' id='word_1_611' title='bbox 3340 3816 3597 3869; x_wconf 88' lang='grc' dir='ltr'>τάναντία</span> 
     </span>
    </p>
   </div>
   <div class='ocr_carea' id='block_1_85' title="bbox 2027 3907 3597 3984">
    <p class='ocr_par' dir='ltr' id='par_1_85' title="bbox 2027 3907 3597 3984">
     <span class='ocr_line' id='line_1_85' title="bbox 2027 3907 3597 3984; baseline -0.003 -18"><span class='ocrx_word' id='word_1_612' title='bbox 2027 3910 2422 3984; x_wconf 78' lang='grc' dir='ltr'>ἐνθυμούμεθα,</span> <span class='ocrx_word' id='word_1_613' title='bbox 2471 3910 2589 3982; x_wconf 72' lang='grc' dir='ltr'>ἅμα</span> <span class='ocrx_word' id='word_1_614' title='bbox 2635 3909 2693 3962; x_wconf 83' lang='grc' dir='ltr'>δὲ</span> <span class='ocrx_word' id='word_1_615' title='bbox 2735 3908 2994 3964; x_wconf 87' lang='grc' dir='ltr'>τάναντία</span> <span class='ocrx_word' id='word_1_616' title='bbox 3038 3907 3299 3978; x_wconf 85' lang='grc' dir='ltr'>πράττειν</span> <span class='ocrx_word' id='word_1_617' title='bbox 3338 3909 3398 3960; x_wconf 82' lang='grc' dir='ltr'>οὐ</span> <span class='ocrx_word' id='word_1_618' title='bbox 3433 3907 3597 3962; x_wconf 88' lang='grc' dir='ltr'>δυνά-</span> 
     </span>
    </p>
   </div>
   <div class='ocr_carea' id='block_1_86' title="bbox 2030 4001 2188 4074">
    <p class='ocr_par' dir='ltr' id='par_1_86' title="bbox 2030 4001 2188 4074">
     <span class='ocr_line' id='line_1_86' title="bbox 2030 4001 2188 4074; baseline 0 -19"><span class='ocrx_word' id='word_1_619' title='bbox 2030 4001 2188 4074; x_wconf 88' lang='grc' dir='ltr'>μεθα.</span> 
     </span>
    </p>
   </div>
   <div class='ocr_carea' id='block_1_87' title="bbox 2099 4175 3599 4251">
    <p class='ocr_par' dir='ltr' id='par_1_87' title="bbox 2099 4175 3599 4251">
     <span class='ocr_line' id='line_1_87' title="bbox 2099 4175 3599 4251; baseline 0.014 -43"><span class='ocrx_word' id='word_1_620' title='bbox 2099 4181 2283 4247; x_wconf 63' lang='grc' dir='ltr'><strong>οὕτως</strong></span> <span class='ocrx_word' id='word_1_621' title='bbox 2323 4180 2358 4251; x_wconf 75' lang='grc' dir='ltr'><strong>ἡ</strong></span> <span class='ocrx_word' id='word_1_622' title='bbox 2411 4177 2508 4251; x_wconf 56' lang='grc' dir='ltr'>μὲν</span> <span class='ocrx_word' id='word_1_623' title='bbox 2537 4177 2737 4251; x_wconf 74' lang='grc' dir='ltr'>πρᾶξις</span> <span class='ocrx_word' id='word_1_624' title='bbox 2777 4176 3083 4248; x_wconf 78' lang='grc' dir='ltr'>ἀφώρισται</span> <span class='ocrx_word' id='word_1_625' title='bbox 3134 4178 3201 4247; x_wconf 80' lang='grc' dir='ltr'>τῇ</span> <span class='ocrx_word' id='word_1_626' title='bbox 3246 4175 3455 4246; x_wconf 77' lang='grc' dir='ltr'>αἱρέσει</span> <span class='ocrx_word' id='word_1_627' title='bbox 3498 4175 3599 4245; x_wconf 84' lang='grc' dir='ltr'>τῆς</span> 
     </span>
    </p>
   </div>
   <div class='ocr_carea' id='block_1_88' title="bbox 2030 4265 3600 4348">
    <p class='ocr_par' dir='ltr' id='par_1_88' title="bbox 2030 4265 3600 4348">
     <span class='ocr_line' id='line_1_88' title="bbox 2030 4265 3600 4348; baseline -0.008 -19"><span class='ocrx_word' id='word_1_628' title='bbox 2030 4274 2374 4348; x_wconf 74' lang='grc' dir='ltr'>προθέσεωςο</span> <span class='ocrx_word' id='word_1_629' title='bbox 2425 4272 2459 4342; x_wconf 80' lang='grc' dir='ltr'>ἠ</span> <span class='ocrx_word' id='word_1_630' title='bbox 2508 4271 2566 4324; x_wconf 87' lang='grc' dir='ltr'><strong>δέ</strong></span> <span class='ocrx_word' id='word_1_631' title='bbox 2624 4268 2921 4340; x_wconf 86' lang='grc' dir='ltr'>ἐνθύμησις</span> <span class='ocrx_word' id='word_1_632' title='bbox 2964 4267 3063 4338; x_wconf 82' lang='grc' dir='ltr'>τὴν</span> <span class='ocrx_word' id='word_1_633' title='bbox 3112 4265 3343 4338; x_wconf 84' lang='grc' dir='ltr'>φυσικὴν</span> <span class='ocrx_word' id='word_1_634' title='bbox 3394 4265 3600 4335; x_wconf 88' lang='grc' dir='ltr'>γνῶσιν</span> 
     </span>
    </p>
   </div>
   <div class='ocr_carea' id='block_1_89' title="bbox 2029 4356 3599 4446">
    <p class='ocr_par' dir='ltr' id='par_1_89' title="bbox 2029 4356 3599 4446">
     <span class='ocr_line' id='line_1_89' title="bbox 2029 4356 3599 4446; baseline -0.008 -25"><span class='ocrx_word' id='word_1_635' title='bbox 2029 4368 2230 4439; x_wconf 84' lang='grc' dir='ltr'>ἀρετῆς</span> <span class='ocrx_word' id='word_1_636' title='bbox 2275 4382 2335 4419; x_wconf 87' lang='grc' dir='ltr'><strong>τε</strong></span> <span class='ocrx_word' id='word_1_637' title='bbox 2392 4363 2487 4417; x_wconf 69' lang='grc' dir='ltr'>καὶ</span> <span class='ocrx_word' id='word_1_638' title='bbox 2543 4363 2739 4425; x_wconf 87' lang='grc' dir='ltr'>κακίας</span> <span class='ocrx_word' id='word_1_639' title='bbox 2796 4361 3183 4446; x_wconf 64' lang='grc' dir='ltr'>μαρτυρεῖταιο</span> <span class='ocrx_word' id='word_1_640' title='bbox 3243 4359 3291 4411; x_wconf 89' lang='grc' dir='ltr'><strong>εί</strong></span> <span class='ocrx_word' id='word_1_641' title='bbox 3349 4357 3460 4430; x_wconf 79' lang='grc' dir='ltr'><strong>γάρ</strong></span> <span class='ocrx_word' id='word_1_642' title='bbox 3523 4356 3599 4428; x_wconf 80' lang='grc' dir='ltr'>μὴ</span> 
     </span>
    </p>
   </div>
   <div class='ocr_carea' id='block_1_90' title="bbox 2027 4446 3599 4527">
    <p class='ocr_par' dir='ltr' id='par_1_90' title="bbox 2027 4446 3599 4527">
     <span class='ocr_line' id='line_1_90' title="bbox 2027 4446 3599 4527; baseline -0.007 -15"><span class='ocrx_word' id='word_1_643' title='bbox 2027 4458 2200 4512; x_wconf 86' lang='grc' dir='ltr'>ταῦτα</span> <span class='ocrx_word' id='word_1_644' title='bbox 2234 4452 2746 4527; x_wconf 81' lang='grc' dir='ltr'>προεγινώσκομεν,</span> <span class='ocrx_word' id='word_1_645' title='bbox 2775 4448 2885 4503; x_wconf 71' lang='grc' dir='ltr'>οὔτ’</span> <span class='ocrx_word' id='word_1_646' title='bbox 2919 4448 2985 4503; x_wconf 79' lang='grc' dir='ltr'>ἂν</span> <span class='ocrx_word' id='word_1_647' title='bbox 3010 4447 3441 4520; x_wconf 78' lang='grc' dir='ltr'>ἐνεθυμήθημέν,</span> <span class='ocrx_word' id='word_1_648' title='bbox 3485 4446 3599 4502; x_wconf 72' lang='grc' dir='ltr'>οὔτ’</span> 
     </span>
    </p>
   </div>
   <div class='ocr_carea' id='block_1_91' title="bbox 2033 4538 3602 4616">
    <p class='ocr_par' dir='ltr' id='par_1_91' title="bbox 2033 4538 3602 4616">
     <span class='ocr_line' id='line_1_91' title="bbox 2033 4538 3602 4616; baseline -0.007 -14"><span class='ocrx_word' id='word_1_649' title='bbox 2033 4547 2098 4602; x_wconf 84' lang='grc' dir='ltr'>ἂν</span> <span class='ocrx_word' id='word_1_650' title='bbox 2142 4547 2204 4600; x_wconf 82' lang='grc' dir='ltr'><strong>τὺ</strong></span> <span class='ocrx_word' id='word_1_651' title='bbox 2255 4547 2501 4616; x_wconf 85' lang='grc' dir='ltr'>κρεῖττον</span> <span class='ocrx_word' id='word_1_652' title='bbox 2556 4541 2808 4612; x_wconf 78' lang='grc' dir='ltr'>εἱλόμεθα</span> <span class='ocrx_word' id='word_1_653' title='bbox 2826 4557 2841 4571; x_wconf 77' lang='grc'><strong>⁸</strong></span> <span class='ocrx_word' id='word_1_654' title='bbox 2884 4540 3197 4612; x_wconf 87' lang='grc' dir='ltr'>στερόμενοι</span> <span class='ocrx_word' id='word_1_655' title='bbox 3250 4538 3329 4607; x_wconf 83' lang='grc' dir='ltr'>τῷ</span> <span class='ocrx_word' id='word_1_656' title='bbox 3382 4538 3602 4602; x_wconf 86' lang='grc' dir='ltr'>πάντως</span> 
     </span>
    </p>
   </div>
   <div class='ocr_carea' id='block_1_92' title="bbox 360 4621 1927 4711">
    <p class='ocr_par' dir='ltr' id='par_1_92' title="bbox 360 4637 1927 4708">
     <span class='ocr_line' id='line_1_92' title="bbox 360 4637 1927 4708; baseline 0 -17"><span class='ocrx_word' id='word_1_657' title='bbox 360 4637 549 4704; x_wconf 89' lang='lat' dir='ltr'><strong>rioris,</strong></span> <span class='ocrx_word' id='word_1_658' title='bbox 582 4637 766 4706; x_wconf 88' lang='lat' dir='ltr'><strong>pravis</strong></span> <span class='ocrx_word' id='word_1_659' title='bbox 794 4637 1062 4693; x_wconf 86' lang='lat' dir='ltr'><strong>institutis</strong></span> <span class='ocrx_word' id='word_1_660' title='bbox 1089 4639 1389 4708; x_wconf 88' lang='lat' dir='ltr'><strong>anticipati.</strong></span> <span class='ocrx_word' id='word_1_661' title='bbox 1419 4638 1783 4704; x_wconf 84' lang='lat' dir='ltr'><strong>Quamobrem</strong></span> <span class='ocrx_word' id='word_1_662' title='bbox 1812 4654 1927 4692; x_wconf 87' lang='lat' dir='ltr'><strong>ma-</strong></span> 
     </span>
    </p>
   </div>
   <div class='ocr_carea' id='block_1_93' title="bbox 2027 4621 3602 4711">
    <p class='ocr_par' dir='ltr' id='par_1_93' title="bbox 2034 4630 3602 4711">
     <span class='ocr_line' id='line_1_93' title="bbox 2034 4630 3602 4711; baseline -0.008 -18"><span class='ocrx_word' id='word_1_663' title='bbox 2034 4635 2408 4711; x_wconf 77' lang='grc' dir='ltr'>προαιρεῐσθαι</span> <span class='ocrx_word' id='word_1_664' title='bbox 2444 4634 2505 4688; x_wconf 80' lang='grc' dir='ltr'>τὸ</span> <span class='ocrx_word' id='word_1_665' title='bbox 2538 4635 2739 4706; x_wconf 81' lang='grc' dir='ltr'>χεῖρον,</span> <span class='ocrx_word' id='word_1_666' title='bbox 2763 4633 3022 4702; x_wconf 89' lang='grc' dir='ltr'>ἀγωνίαις</span> <span class='ocrx_word' id='word_1_667' title='bbox 3050 4631 3272 4702; x_wconf 82' lang='grc' dir='ltr'>φαύλοις</span> <span class='ocrx_word' id='word_1_668' title='bbox 3301 4630 3602 4701; x_wconf 86' lang='grc' dir='ltr'>προειλημ-</span> 
     </span>
    </p>
   </div>
   <div class='ocr_carea' id='block_1_94' title="bbox 358 4722 1927 4806">
    <p class='ocr_par' dir='ltr' id='par_1_94' title="bbox 358 4727 1925 4806">
     <span class='ocr_line' id='line_1_94' title="bbox 358 4727 1925 4806; baseline 0.001 -25"><span class='ocrx_word' id='word_1_669' title='bbox 358 4730 439 4806; x_wconf 64' lang='grc' dir='ltr'>ςὶε</span> <span class='ocrx_word' id='word_1_670' title='bbox 485 4735 570 4784; x_wconf 89' lang='lat' dir='ltr'><strong>est</strong></span> <span class='ocrx_word' id='word_1_671' title='bbox 616 4727 940 4787; x_wconf 87' lang='lat' dir='ltr'><strong>studendum</strong></span> <span class='ocrx_word' id='word_1_672' title='bbox 996 4736 1050 4784; x_wconf 90' lang='lat' dir='ltr'><strong>et</strong></span> <span class='ocrx_word' id='word_1_673' title='bbox 1098 4730 1453 4784; x_wconf 88' lang='lat' dir='ltr'><strong>laborandum</strong></span> <span class='ocrx_word' id='word_1_674' title='bbox 1503 4730 1816 4785; x_wconf 87' lang='lat' dir='ltr'><strong>hominibus</strong></span> <span class='ocrx_word' id='word_1_675' title='bbox 1871 4730 1925 4783; x_wconf 93' lang='lat' dir='ltr'><strong>in</strong></span> 
     </span>
    </p>
   </div>
   <div class='ocr_carea' id='block_1_95' title="bbox 2027 4722 3603 4806">
    <p class='ocr_par' dir='ltr' id='par_1_95' title="bbox 2031 4722 3603 4799">
     <span class='ocr_line' id='line_1_95' title="bbox 2031 4722 3603 4799; baseline -0.006 -17"><span class='ocrx_word' id='word_1_676' title='bbox 2031 4730 2202 4799; x_wconf 88' lang='grc' dir='ltr'>μένοι.</span> <span class='ocrx_word' id='word_1_677' title='bbox 2242 4727 2332 4780; x_wconf 80' lang='grc' dir='ltr'><strong>Διὸ</strong></span> <span class='ocrx_word' id='word_1_678' title='bbox 2359 4727 2421 4798; x_wconf 80' lang='grc' dir='ltr'>δὴ</span> <span class='ocrx_word' id='word_1_679' title='bbox 2471 4725 2668 4797; x_wconf 86' lang='grc' dir='ltr'>μᾶλλον</span> <span class='ocrx_word' id='word_1_680' title='bbox 2714 4722 3019 4795; x_wconf 88' lang='grc' dir='ltr'>ἀνθρώποις</span> <span class='ocrx_word' id='word_1_681' title='bbox 3069 4722 3424 4776; x_wconf 84' lang='grc' dir='ltr'>σπουδαστέον</span> <span class='ocrx_word' id='word_1_682' title='bbox 3472 4722 3603 4791; x_wconf 68' lang='grc' dir='ltr'>περὶ</span> 
     </span>
    </p>
   </div>
   <div class='ocr_carea' id='block_1_96' title="bbox 357 4812 1927 4892">
    <p class='ocr_par' dir='ltr' id='par_1_96' title="bbox 357 4820 1927 4892">
     <span class='ocr_line' id='line_1_96' title="bbox 357 4820 1927 4892; baseline -0.001 -17"><span class='ocrx_word' id='word_1_683' title='bbox 357 4820 679 4875; x_wconf 86' lang='lat' dir='ltr'><strong>educatione</strong></span> <span class='ocrx_word' id='word_1_684' title='bbox 715 4820 946 4875; x_wconf 79' lang='lat' dir='ltr'><strong>filiorum</strong></span> <span class='ocrx_word' id='word_1_685' title='bbox 971 4861 987 4885; x_wconf 91' lang='lat'><strong>,</strong></span> <span class='ocrx_word' id='word_1_686' title='bbox 1023 4836 1185 4892; x_wconf 89' lang='lat' dir='ltr'><strong>quam</strong></span> <span class='ocrx_word' id='word_1_687' title='bbox 1218 4821 1475 4891; x_wconf 59' lang='lat' dir='ltr'><strong>agricolis</strong></span> <span class='ocrx_word' id='word_1_688' title='bbox 1505 4821 1558 4875; x_wconf 91' lang='lat' dir='ltr'><strong>in</strong></span> <span class='ocrx_word' id='word_1_689' title='bbox 1590 4822 1927 4877; x_wconf 81' lang='lat' dir='ltr'><strong>incremento</strong></span> 
     </span>
    </p>
   </div>
   <div class='ocr_carea' id='block_1_97' title="bbox 2027 4812 3604 4892">
    <p class='ocr_par' dir='ltr' id='par_1_97' title="bbox 2027 4812 3604 4892">
     <span class='ocr_line' id='line_1_97' title="bbox 2027 4812 3604 4892; baseline -0.004 -21"><span class='ocrx_word' id='word_1_690' title='bbox 2027 4819 2243 4892; x_wconf 79' lang='grc' dir='ltr'>τὴντῶν</span> <span class='ocrx_word' id='word_1_691' title='bbox 2266 4818 2469 4872; x_wconf 87' lang='grc' dir='ltr'>παίδων</span> <span class='ocrx_word' id='word_1_692' title='bbox 2502 4815 2862 4889; x_wconf 82' lang='grc' dir='ltr'>ἀνατροφὴνῆ</span> <span class='ocrx_word' id='word_1_693' title='bbox 2890 4815 3155 4887; x_wconf 79' lang='grc' dir='ltr'>γεωργοῖς</span> <span class='ocrx_word' id='word_1_694' title='bbox 3178 4814 3307 4885; x_wconf 72' lang='grc' dir='ltr'>περὶ</span> <span class='ocrx_word' id='word_1_695' title='bbox 3330 4812 3464 4884; x_wconf 73' lang='lat'><strong>(27‘)</strong></span> <span class='ocrx_word' id='word_1_696' title='bbox 3491 4812 3604 4865; x_wconf 89' lang='grc' dir='ltr'><strong>τῶν</strong></span> 
     </span>
    </p>
   </div>
   <div class='ocr_carea' id='block_1_98' title="bbox 360 4905 1927 4984">
    <p class='ocr_par' dir='ltr' id='par_1_98' title="bbox 360 4912 1925 4984">
     <span class='ocr_line' id='line_1_98' title="bbox 360 4912 1925 4984; baseline 0.001 -20"><span class='ocrx_word' id='word_1_697' title='bbox 360 4913 639 4967; x_wconf 89' lang='lat' dir='ltr'><strong>arborum.</strong></span> <span class='ocrx_word' id='word_1_698' title='bbox 677 4912 1028 4983; x_wconf 65' lang='lat' dir='ltr'><strong>interpretari</strong></span> <span class='ocrx_word' id='word_1_699' title='bbox 1067 4914 1232 4984; x_wconf 76' lang='lat' dir='ltr'><strong>igitur</strong></span> <span class='ocrx_word' id='word_1_700' title='bbox 1263 4914 1650 4984; x_wconf 80' lang='lat' dir='ltr'><strong>cogitationem</strong></span> <span class='ocrx_word' id='word_1_701' title='bbox 1682 4924 1925 4969; x_wconf 87' lang='lat' dir='ltr'><strong>nostram</strong></span> 
     </span>
    </p>
   </div>
   <div class='ocr_carea' id='block_1_99' title="bbox 2027 4905 3605 4984">
    <p class='ocr_par' dir='ltr' id='par_1_99' title="bbox 2028 4905 3605 4981">
     <span class='ocr_line' id='line_1_99' title="bbox 2028 4905 3605 4981; baseline -0.005 -17"><span class='ocrx_word' id='word_1_702' title='bbox 2028 4912 2207 4979; x_wconf 85' lang='grc' dir='ltr'>φυτῶν</span> <span class='ocrx_word' id='word_1_703' title='bbox 2240 4909 2488 4981; x_wconf 75' lang='grc' dir='ltr'>αὔξησιν.</span> <span class='ocrx_word' id='word_1_704' title='bbox 2527 4907 2600 4962; x_wconf 80' lang='grc' dir='ltr'>Τὸ</span> <span class='ocrx_word' id='word_1_705' title='bbox 2630 4908 2808 4962; x_wconf 88' lang='grc' dir='ltr'>τοίνυν</span> <span class='ocrx_word' id='word_1_706' title='bbox 2853 4906 2951 4977; x_wconf 83' lang='grc' dir='ltr'>τὴν</span> <span class='ocrx_word' id='word_1_707' title='bbox 2990 4905 3285 4975; x_wconf 82' lang='grc' dir='ltr'>ἐνθύμησιν</span> <span class='ocrx_word' id='word_1_708' title='bbox 3327 4905 3483 4976; x_wconf 81' lang='grc' dir='ltr'>ἡμῶν</span> <span class='ocrx_word' id='word_1_709' title='bbox 3519 4906 3605 4969; x_wconf 83' lang='grc' dir='ltr'><strong>είς</strong></span> 
     </span>
    </p>
   </div>
   <div class='ocr_carea' id='block_1_100' title="bbox 360 4996 1927 5073">
    <p class='ocr_par' dir='ltr' id='par_1_100' title="bbox 360 5004 1925 5068">
     <span class='ocr_line' id='line_1_100' title="bbox 360 5004 1925 5068; baseline 0 -9"><span class='ocrx_word' id='word_1_710' title='bbox 360 5004 619 5063; x_wconf 86' lang='lat' dir='ltr'><strong>iudicium</strong></span> <span class='ocrx_word' id='word_1_711' title='bbox 669 5020 793 5060; x_wconf 88' lang='lat' dir='ltr'><strong>esse</strong></span> <span class='ocrx_word' id='word_1_712' title='bbox 844 5005 1077 5059; x_wconf 88' lang='lat' dir='ltr'><strong>duarum</strong></span> <span class='ocrx_word' id='word_1_713' title='bbox 1128 5014 1446 5060; x_wconf 88' lang='lat' dir='ltr'><strong>naturarum</strong></span> <span class='ocrx_word' id='word_1_714' title='bbox 1493 5007 1925 5068; x_wconf 87' lang='lat' dir='ltr'><strong>contrariarum,</strong></span> 
     </span>
    </p>
   </div>
   <div class='ocr_carea' id='block_1_101' title="bbox 2027 4996 3604 5073">
    <p class='ocr_par' dir='ltr' id='par_1_101' title="bbox 2027 4996 3604 5073">
     <span class='ocr_line' id='line_1_101' title="bbox 2027 4996 3604 5073; baseline -0.003 -20"><span class='ocrx_word' id='word_1_715' title='bbox 2027 5003 2320 5073; x_wconf 86' lang='grc' dir='ltr'>τεκμήριον</span> <span class='ocrx_word' id='word_1_716' title='bbox 2368 5000 2664 5072; x_wconf 79' lang='grc' dir='ltr'>λαμϐάνειν</span> <span class='ocrx_word' id='word_1_717' title='bbox 2713 4999 2807 5053; x_wconf 92' lang='grc' dir='ltr'><strong>δύο</strong></span> <span class='ocrx_word' id='word_1_718' title='bbox 2847 4997 3061 5067; x_wconf 86' lang='grc' dir='ltr'>φύσεων</span> <span class='ocrx_word' id='word_1_719' title='bbox 3096 4996 3376 5059; x_wconf 89' lang='grc' dir='ltr'>ἐναντίων,</span> <span class='ocrx_word' id='word_1_720' title='bbox 3424 5012 3604 5066; x_wconf 86' lang='grc' dir='ltr'>παρα-</span> 
     </span>
    </p>
   </div>
   <div class='ocr_carea' id='block_1_102' title="bbox 359 5086 1927 5166">
    <p class='ocr_par' dir='ltr' id='par_1_102' title="bbox 359 5094 1927 5166">
     <span class='ocr_line' id='line_1_102' title="bbox 359 5094 1927 5166; baseline -0.001 -17"><span class='ocrx_word' id='word_1_721' title='bbox 359 5094 585 5165; x_wconf 87' lang='lat' dir='ltr'><strong>perinde</strong></span> <span class='ocrx_word' id='word_1_722' title='bbox 614 5104 698 5149; x_wconf 89' lang='lat' dir='ltr'><strong>est</strong></span> <span class='ocrx_word' id='word_1_723' title='bbox 733 5110 796 5149; x_wconf 87' lang='lat' dir='ltr'><strong>ac</strong></span> <span class='ocrx_word' id='word_1_724' title='bbox 834 5094 880 5150; x_wconf 91' lang='lat' dir='ltr'><strong>si</strong></span> <span class='ocrx_word' id='word_1_725' title='bbox 915 5096 1039 5165; x_wconf 88' lang='lat' dir='ltr'><strong>quis</strong></span> <span class='ocrx_word' id='word_1_726' title='bbox 1071 5094 1311 5156; x_wconf 87' lang='lat' dir='ltr'><strong>diceret.</strong></span> <span class='ocrx_word' id='word_1_727' title='bbox 1349 5112 1473 5152; x_wconf 90' lang='lat' dir='ltr'><strong>esse</strong></span> <span class='ocrx_word' id='word_1_728' title='bbox 1506 5106 1790 5166; x_wconf 87' lang='lat' dir='ltr'><strong>aspectum</strong></span> <span class='ocrx_word' id='word_1_729' title='bbox 1824 5096 1927 5149; x_wconf 90' lang='lat' dir='ltr'><strong>mi—</strong></span> 
     </span>
    </p>
   </div>
   <div class='ocr_carea' id='block_1_103' title="bbox 2027 5086 3604 5166">
    <p class='ocr_par' dir='ltr' id='par_1_103' title="bbox 2033 5086 3604 5163">
     <span class='ocr_line' id='line_1_103' title="bbox 2033 5086 3604 5163; baseline -0.004 -19"><span class='ocrx_word' id='word_1_730' title='bbox 2033 5092 2254 5163; x_wconf 85' lang='grc' dir='ltr'>πλήσιον</span> <span class='ocrx_word' id='word_1_731' title='bbox 2301 5092 2365 5146; x_wconf 84' lang='grc' dir='ltr'>ἂν</span> <span class='ocrx_word' id='word_1_732' title='bbox 2417 5093 2503 5160; x_wconf 82' lang='grc' dir='ltr'><strong>εἴη</strong></span> <span class='ocrx_word' id='word_1_733' title='bbox 2534 5090 2724 5160; x_wconf 81' lang='grc' dir='ltr'>ὥσπερ</span> <span class='ocrx_word' id='word_1_734' title='bbox 2758 5089 2811 5141; x_wconf 75' lang='grc' dir='ltr'>εἴ</span> <span class='ocrx_word' id='word_1_735' title='bbox 2844 5106 2929 5152; x_wconf 86' lang='grc' dir='ltr'><strong>τις</strong></span> <span class='ocrx_word' id='word_1_736' title='bbox 2964 5088 3094 5158; x_wconf 83' lang='grc' dir='ltr'>φαίη</span> <span class='ocrx_word' id='word_1_737' title='bbox 3143 5087 3250 5141; x_wconf 90' lang='grc' dir='ltr'><strong>τῶν</strong></span> <span class='ocrx_word' id='word_1_738' title='bbox 3294 5086 3604 5157; x_wconf 85' lang='grc' dir='ltr'>χρωμάτων</span> 
     </span>
    </p>
   </div>
   <div class='ocr_carea' id='block_1_104' title="bbox 358 5181 1928 5254">
    <p class='ocr_par' dir='ltr' id='par_1_104' title="bbox 358 5181 1928 5254">
     <span class='ocr_line' id='line_1_104' title="bbox 358 5181 1928 5254; baseline -0.004 -14"><span class='ocrx_word' id='word_1_739' title='bbox 358 5185 589 5240; x_wconf 88' lang='lat' dir='ltr'><strong>stionem</strong></span> <span class='ocrx_word' id='word_1_740' title='bbox 642 5185 884 5238; x_wconf 89' lang='lat' dir='ltr'><strong>omnium</strong></span> <span class='ocrx_word' id='word_1_741' title='bbox 947 5184 1227 5251; x_wconf 91' lang='lat' dir='ltr'><strong>colorum,</strong></span> <span class='ocrx_word' id='word_1_742' title='bbox 1283 5184 1409 5254; x_wconf 88' lang='lat' dir='ltr'><strong>quia</strong></span> <span class='ocrx_word' id='word_1_743' title='bbox 1466 5184 1521 5237; x_wconf 94' lang='lat' dir='ltr'><strong>in</strong></span> <span class='ocrx_word' id='word_1_744' title='bbox 1581 5183 1692 5238; x_wconf 70' lang='lat' dir='ltr'><strong>haec</strong></span> <span class='ocrx_word' id='word_1_745' title='bbox 1745 5181 1928 5236; x_wconf 89' lang='lat' dir='ltr'><strong>omnia</strong></span> 
     </span>
    </p>
   </div>
   <div class='ocr_carea' id='block_1_105' title="bbox 357 5274 1927 5346">
    <p class='ocr_par' dir='ltr' id='par_1_105' title="bbox 357 5274 1927 5346">
     <span class='ocr_line' id='line_1_105' title="bbox 357 5274 1927 5346; baseline -0.001 -18"><span class='ocrx_word' id='word_1_746' title='bbox 357 5277 528 5331; x_wconf 90' lang='lat' dir='ltr'><strong>aciem</strong></span> <span class='ocrx_word' id='word_1_747' title='bbox 559 5276 811 5330; x_wconf 88' lang='lat' dir='ltr'><strong>intendit.</strong></span> <span class='ocrx_word' id='word_1_748' title='bbox 846 5274 1003 5340; x_wconf 84' lang='lat' dir='ltr'><strong>Quod</strong></span> <span class='ocrx_word' id='word_1_749' title='bbox 1041 5276 1209 5346; x_wconf 84' lang='lat' dir='ltr'><strong>igitur</strong></span> <span class='ocrx_word' id='word_1_750' title='bbox 1240 5277 1557 5332; x_wconf 86' lang='lat' dir='ltr'><strong>necessario</strong></span> <span class='ocrx_word' id='word_1_751' title='bbox 1590 5275 1800 5345; x_wconf 87' lang='lat' dir='ltr'><strong>accepit</strong></span> <span class='ocrx_word' id='word_1_752' title='bbox 1830 5274 1927 5328; x_wconf 88' lang='lat' dir='ltr'><strong>ho-</strong></span> 
     </span>
    </p>
   </div>
   <div class='ocr_carea' id='block_1_106' title="bbox 358 5368 1922 5437">
    <p class='ocr_par' dir='ltr' id='par_1_106' title="bbox 358 5368 1922 5437">
     <span class='ocr_line' id='line_1_106' title="bbox 358 5368 1922 5437; baseline 0 -19"><span class='ocrx_word' id='word_1_753' title='bbox 358 5381 446 5420; x_wconf 89' lang='lat' dir='ltr'><strong>mo</strong></span> <span class='ocrx_word' id='word_1_754' title='bbox 493 5374 552 5420; x_wconf 93' lang='lat' dir='ltr'><strong>ut</strong></span> <span class='ocrx_word' id='word_1_755' title='bbox 600 5375 783 5436; x_wconf 87' lang='lat' dir='ltr'><strong>posset</strong></span> <span class='ocrx_word' id='word_1_756' title='bbox 835 5383 1096 5437; x_wconf 86' lang='lat' dir='ltr'><strong>peccare,</strong></span> <span class='ocrx_word' id='word_1_757' title='bbox 1145 5369 1226 5424; x_wconf 90' lang='lat' dir='ltr'><strong>sic</strong></span> <span class='ocrx_word' id='word_1_758' title='bbox 1261 5383 1291 5422; x_wconf 89' lang='lat' dir='ltr'><strong>a</strong></span> <span class='ocrx_word' id='word_1_759' title='bbox 1322 5368 1432 5422; x_wconf 91' lang='lat' dir='ltr'><strong>Deo</strong></span> <span class='ocrx_word' id='word_1_760' title='bbox 1468 5368 1677 5428; x_wconf 81' lang='lat' dir='ltr'><strong>factus.</strong></span> <span class='ocrx_word' id='word_1_761' title='bbox 1712 5375 1773 5421; x_wconf 78' lang='lat' dir='ltr'><strong>ut</strong></span> <span class='ocrx_word' id='word_1_762' title='bbox 1814 5381 1922 5419; x_wconf 91' lang='lat' dir='ltr'><strong>non</strong></span> 
     </span>
    </p>
   </div>
   <div class='ocr_carea' id='block_1_107' title="bbox 357 5454 1925 5526">
    <p class='ocr_par' dir='ltr' id='par_1_107' title="bbox 357 5454 1925 5526">
     <span class='ocr_line' id='line_1_107' title="bbox 357 5454 1925 5526; baseline 0.001 -21"><span class='ocrx_word' id='word_1_763' title='bbox 357 5454 515 5508; x_wconf 88' lang='lat' dir='ltr'><strong>aliter</strong></span> <span class='ocrx_word' id='word_1_764' title='bbox 547 5464 730 5525; x_wconf 84' lang='lat' dir='ltr'><strong>posset</strong></span> <span class='ocrx_word' id='word_1_765' title='bbox 764 5473 830 5510; x_wconf 80' lang='lat' dir='ltr'><strong>ex</strong></span> <span class='ocrx_word' id='word_1_766' title='bbox 867 5456 1069 5513; x_wconf 87' lang='lat' dir='ltr'><strong>virtute</strong></span> <span class='ocrx_word' id='word_1_767' title='bbox 1102 5458 1283 5512; x_wconf 82' lang='lat' dir='ltr'><strong>vivere</strong></span> <span class='ocrx_word' id='word_1_768' title='bbox 1312 5474 1327 5516; x_wconf 86' lang='lat'><strong>:</strong></span> <span class='ocrx_word' id='word_1_769' title='bbox 1364 5457 1418 5512; x_wconf 88' lang='lat' dir='ltr'><strong>id</strong></span> <span class='ocrx_word' id='word_1_770' title='bbox 1450 5456 1593 5526; x_wconf 90' lang='lat' dir='ltr'><strong>quod</strong></span> <span class='ocrx_word' id='word_1_771' title='bbox 1632 5456 1775 5511; x_wconf 85' lang='lat' dir='ltr'><strong>Deus</strong></span> <span class='ocrx_word' id='word_1_772' title='bbox 1801 5470 1925 5511; x_wconf 90' lang='lat' dir='ltr'><strong>cum</strong></span> 
     </span>
    </p>
   </div>
   <div class='ocr_carea' id='block_1_108' title="bbox 356 5546 1928 5610">
    <p class='ocr_par' dir='ltr' id='par_1_108' title="bbox 356 5546 1928 5610">
     <span class='ocr_line' id='line_1_108' title="bbox 356 5546 1928 5610; baseline 0.003 -16"><span class='ocrx_word' id='word_1_773' title='bbox 356 5550 500 5598; x_wconf 85' lang='lat' dir='ltr'><strong>esset</strong></span> <span class='ocrx_word' id='word_1_774' title='bbox 538 5546 714 5600; x_wconf 86' lang='lat' dir='ltr'><strong>bonus</strong></span> <span class='ocrx_word' id='word_1_775' title='bbox 746 5553 800 5600; x_wconf 86' lang='lat' dir='ltr'><strong>et</strong></span> <span class='ocrx_word' id='word_1_776' title='bbox 833 5562 937 5600; x_wconf 89' lang='lat' dir='ltr'><strong>non</strong></span> <span class='ocrx_word' id='word_1_777' title='bbox 986 5546 1235 5610; x_wconf 88' lang='lat' dir='ltr'><strong>invidus,</strong></span> <span class='ocrx_word' id='word_1_778' title='bbox 1282 5556 1490 5601; x_wconf 56' lang='lat' dir='ltr'><strong>natura:</strong></span> <span class='ocrx_word' id='word_1_779' title='bbox 1536 5547 1758 5601; x_wconf 88' lang='lat' dir='ltr'><strong>insitum</strong></span> <span class='ocrx_word' id='word_1_780' title='bbox 1804 5560 1928 5603; x_wconf 88' lang='lat' dir='ltr'><strong>esse</strong></span> 
     </span>
    </p>
   </div>
   <div class='ocr_carea' id='block_1_109' title="bbox 357 5636 1927 5711">
    <p class='ocr_par' dir='ltr' id='par_1_109' title="bbox 357 5636 1927 5711">
     <span class='ocr_line' id='line_1_109' title="bbox 357 5636 1927 5711; baseline 0.007 -28"><span class='ocrx_word' id='word_1_781' title='bbox 357 5636 565 5689; x_wconf 78' lang='lat' dir='ltr'><strong>voluit-</strong></span> <span class='ocrx_word' id='word_1_782' title='bbox 596 5646 651 5692; x_wconf 92' lang='lat' dir='ltr'><strong>ct</strong></span> <span class='ocrx_word' id='word_1_783' title='bbox 683 5640 827 5708; x_wconf 69' lang='lat' dir='ltr'><strong>quod</strong></span> <span class='ocrx_word' id='word_1_784' title='bbox 863 5648 1081 5708; x_wconf 75' lang='lat' dir='ltr'><strong>promer</strong></span> <span class='ocrx_word' id='word_1_785' title='bbox 1120 5655 1194 5711; x_wconf 86' lang='lat' dir='ltr'><strong>ea_</strong></span> <span class='ocrx_word' id='word_1_786' title='bbox 1229 5655 1349 5710; x_wconf 66' lang='lat' dir='ltr'><strong>quae</strong></span> <span class='ocrx_word' id='word_1_787' title='bbox 1390 5639 1594 5711; x_wconf 86' lang='lat' dir='ltr'><strong>injuste</strong></span> <span class='ocrx_word' id='word_1_788' title='bbox 1639 5638 1784 5710; x_wconf 79' lang='lat' dir='ltr'><strong>apud</strong></span> <span class='ocrx_word' id='word_1_789' title='bbox 1828 5638 1927 5694; x_wconf 86' lang='lat' dir='ltr'><strong>ho-</strong></span> 
     </span>
    </p>
   </div>
   <div class='ocr_carea' id='block_1_110' title="bbox 429 5744 1283 5831">
    <p class='ocr_par' dir='ltr' id='par_1_110' title="bbox 429 5744 1283 5831">
     <span class='ocr_line' id='line_1_110' title="bbox 429 5744 1283 5831; baseline 0.009 -23"><span class='ocrx_word' id='word_1_790' title='bbox 429 5744 563 5825; x_wconf 55' lang='grc' dir='ltr'><strong>(ἵζ’)</strong></span> <span class='ocrx_word' id='word_1_791' title='bbox 598 5754 942 5815; x_wconf 79' lang='lat' dir='ltr'><strong>Desideratur</strong></span> <span class='ocrx_word' id='word_1_792' title='bbox 970 5761 1087 5831; x_wconf 74' lang='grc' dir='ltr'>τήν.</span> <span class='ocrx_word' id='word_1_793' title='bbox 1124 5758 1283 5817; x_wconf 79' lang='lat' dir='ltr'><strong>Enn.</strong></span> 
     </span>
    </p>
   </div>
   <div class='ocr_carea' id='block_1_111' title="bbox 2031 5172 3605 5253">
    <p class='ocr_par' dir='ltr' id='par_1_111' title="bbox 2031 5172 3605 5253">
     <span class='ocr_line' id='line_1_111' title="bbox 2031 5172 3605 5253; baseline -0.003 -19"><span class='ocrx_word' id='word_1_794' title='bbox 2031 5182 2284 5237; x_wconf 84' lang='grc' dir='ltr'>ἁπάντων</span> <span class='ocrx_word' id='word_1_795' title='bbox 2310 5183 2507 5253; x_wconf 82' lang='grc' dir='ltr'>κρᾶσιν</span> <span class='ocrx_word' id='word_1_796' title='bbox 2536 5178 2672 5235; x_wconf 82' lang='grc' dir='ltr'>εἶναι</span> <span class='ocrx_word' id='word_1_797' title='bbox 2698 5181 2798 5250; x_wconf 74' lang='grc' dir='ltr'>τὴν</span> <span class='ocrx_word' id='word_1_798' title='bbox 2830 5178 2972 5247; x_wconf 69' lang='grc' dir='ltr'>ὄψιν,</span> <span class='ocrx_word' id='word_1_799' title='bbox 3002 5172 3185 5250; x_wconf 82' lang='grc' dir='ltr'>ἐπειδὴ</span> <span class='ocrx_word' id='word_1_800' title='bbox 3219 5178 3427 5241; x_wconf 87' lang='grc' dir='ltr'>τούτοις</span> <span class='ocrx_word' id='word_1_801' title='bbox 3458 5175 3605 5229; x_wconf 79' lang='grc' dir='ltr'>ἄπα-</span> 
     </span>
    </p>
   </div>
   <div class='ocr_carea' id='block_1_112' title="bbox 2031 5266 3603 5342">
    <p class='ocr_par' dir='ltr' id='par_1_112' title="bbox 2031 5266 3603 5342">
     <span class='ocr_line' id='line_1_112' title="bbox 2031 5266 3603 5342; baseline -0.003 -18"><span class='ocrx_word' id='word_1_802' title='bbox 2031 5288 2114 5325; x_wconf 91' lang='grc' dir='ltr'><strong>σιν</strong></span> <span class='ocrx_word' id='word_1_803' title='bbox 2143 5274 2440 5328; x_wconf 80' lang='grc' dir='ltr'>ἐπιϐάλλει.</span> <span class='ocrx_word' id='word_1_804' title='bbox 2492 5273 2615 5327; x_wconf 82' lang='grc' dir='ltr'>Ὅτι</span> <span class='ocrx_word' id='word_1_805' title='bbox 2660 5273 2756 5342; x_wconf 84' lang='grc' dir='ltr'><strong>μέν</strong></span> <span class='ocrx_word' id='word_1_806' title='bbox 2809 5266 2903 5323; x_wconf 81' lang='grc' dir='ltr'>οὖν</span> <span class='ocrx_word' id='word_1_807' title='bbox 2950 5269 3262 5339; x_wconf 84' lang='grc' dir='ltr'>ἀναγκαίως</span> <span class='ocrx_word' id='word_1_808' title='bbox 3299 5274 3360 5321; x_wconf 86' lang='grc' dir='ltr'>τὸ</span> <span class='ocrx_word' id='word_1_809' title='bbox 3403 5267 3603 5331; x_wconf 80' lang='grc' dir='ltr'>ἐξεῖναι</span> 
     </span>
    </p>
   </div>
   <div class='ocr_carea' id='block_1_113' title="bbox 2030 5359 3605 5437">
    <p class='ocr_par' dir='ltr' id='par_1_113' title="bbox 2030 5359 3605 5437">
     <span class='ocr_line' id='line_1_113' title="bbox 2030 5359 3605 5437; baseline -0.005 -20"><span class='ocrx_word' id='word_1_810' title='bbox 2030 5366 2364 5435; x_wconf 85' lang='grc' dir='ltr'>ἁμαρτάνειν</span> <span class='ocrx_word' id='word_1_811' title='bbox 2404 5365 2625 5436; x_wconf 79' lang='grc' dir='ltr'>εἴληφεν</span> <span class='ocrx_word' id='word_1_812' title='bbox 2664 5365 2966 5437; x_wconf 85' lang='grc' dir='ltr'>ἄνθρωπος,</span> <span class='ocrx_word' id='word_1_813' title='bbox 3007 5364 3150 5419; x_wconf 83' lang='grc' dir='ltr'>οῦτω</span> <span class='ocrx_word' id='word_1_814' title='bbox 3187 5362 3496 5431; x_wconf 89' lang='grc' dir='ltr'>γενόμενος,</span> <span class='ocrx_word' id='word_1_815' title='bbox 3526 5359 3605 5420; x_wconf 88' lang='grc' dir='ltr'><strong>ώς</strong></span> 
     </span>
    </p>
   </div>
   <div class='ocr_carea' id='block_1_114' title="bbox 2028 5450 3601 5529">
    <p class='ocr_par' dir='ltr' id='par_1_114' title="bbox 2028 5450 3601 5529">
     <span class='ocr_line' id='line_1_114' title="bbox 2028 5450 3601 5529; baseline -0.006 -20"><span class='ocrx_word' id='word_1_816' title='bbox 2028 5458 2128 5510; x_wconf 82' lang='grc' dir='ltr'>οὐκ</span> <span class='ocrx_word' id='word_1_817' title='bbox 2154 5456 2220 5509; x_wconf 84' lang='grc' dir='ltr'>ἂν</span> <span class='ocrx_word' id='word_1_818' title='bbox 2246 5458 2449 5529; x_wconf 74' lang='grc' dir='ltr'>ἑτέρως</span> <span class='ocrx_word' id='word_1_819' title='bbox 2479 5458 2540 5509; x_wconf 75' lang='grc' dir='ltr'>τὸ</span> <span class='ocrx_word' id='word_1_820' title='bbox 2588 5454 2884 5528; x_wconf 81' lang='grc' dir='ltr'>κατορθοῦν</span> <span class='ocrx_word' id='word_1_821' title='bbox 2931 5454 3190 5508; x_wconf 88' lang='grc' dir='ltr'>δύνασθαι</span> <span class='ocrx_word' id='word_1_822' title='bbox 3217 5450 3557 5523; x_wconf 84' lang='grc' dir='ltr'>κτησάμενος</span> <span class='ocrx_word' id='word_1_823' title='bbox 3585 5465 3601 5479; x_wconf 77' lang='grc' dir='ltr'><strong>ο</strong></span> 
     </span>
    </p>
   </div>
   <div class='ocr_carea' id='block_1_115' title="bbox 2029 5537 3605 5619">
    <p class='ocr_par' dir='ltr' id='par_1_115' title="bbox 2029 5537 3605 5619">
     <span class='ocr_line' id='line_1_115' title="bbox 2029 5537 3605 5619; baseline -0.006 -19"><span class='ocrx_word' id='word_1_824' title='bbox 2029 5548 2165 5619; x_wconf 79' lang='grc' dir='ltr'>ὅπερ</span> <span class='ocrx_word' id='word_1_825' title='bbox 2210 5549 2343 5612; x_wconf 82' lang='grc' dir='ltr'>Θεὸς</span> <span class='ocrx_word' id='word_1_826' title='bbox 2388 5547 2591 5617; x_wconf 82' lang='grc' dir='ltr'>ἀγαθός</span> <span class='ocrx_word' id='word_1_827' title='bbox 2622 5564 2680 5599; x_wconf 87' lang='grc' dir='ltr'><strong>τε</strong></span> <span class='ocrx_word' id='word_1_828' title='bbox 2734 5548 2828 5601; x_wconf 74' lang='grc' dir='ltr'>καὶ</span> <span class='ocrx_word' id='word_1_829' title='bbox 2876 5545 3104 5616; x_wconf 78' lang='grc' dir='ltr'>ἄφθονος</span> <span class='ocrx_word' id='word_1_830' title='bbox 3153 5542 3415 5615; x_wconf 82' lang='grc' dir='ltr'>ὑπάρχων</span> <span class='ocrx_word' id='word_1_831' title='bbox 3454 5537 3605 5592; x_wconf 73' lang='grc' dir='ltr'>ἐντέο</span> 
     </span>
    </p>
   </div>
   <div class='ocr_carea' id='block_1_116' title="bbox 2032 5631 3601 5717">
    <p class='ocr_par' dir='ltr' id='par_1_116' title="bbox 2032 5631 3601 5717">
     <span class='ocr_line' id='line_1_116' title="bbox 2032 5631 3601 5717; baseline -0.006 -24"><span class='ocrx_word' id='word_1_832' title='bbox 2032 5639 2275 5717; x_wconf 25' lang='grc' dir='ltr'>θεικεὴτῇ</span> <span class='ocrx_word' id='word_1_833' title='bbox 2327 5641 2521 5709; x_wconf 59' lang='grc' dir='ltr'>φύσειε</span> <span class='ocrx_word' id='word_1_834' title='bbox 2555 5639 2649 5694; x_wconf 70' lang='grc' dir='ltr'>καὶ</span> <span class='ocrx_word' id='word_1_835' title='bbox 2689 5640 2770 5693; x_wconf 84' lang='grc' dir='ltr'>ὅτι</span> <span class='ocrx_word' id='word_1_836' title='bbox 2815 5638 2951 5702; x_wconf 87' lang='grc' dir='ltr'>τέως</span> <span class='ocrx_word' id='word_1_837' title='bbox 2988 5636 3075 5693; x_wconf 77' lang='grc' dir='ltr'>διὰ</span> <span class='ocrx_word' id='word_1_838' title='bbox 3106 5652 3169 5705; x_wconf 75' lang='grc' dir='ltr'><strong>γε</strong></span> <span class='ocrx_word' id='word_1_839' title='bbox 3208 5635 3277 5689; x_wconf 85' lang='grc' dir='ltr'><strong>τά</strong></span> <span class='ocrx_word' id='word_1_840' title='bbox 3308 5632 3458 5706; x_wconf 80' lang='grc' dir='ltr'>παρὰ</span> <span class='ocrx_word' id='word_1_841' title='bbox 3503 5631 3601 5685; x_wconf 82' lang='grc' dir='ltr'>ἀν-</span> 
     </span>
    </p>
   </div>
  </div>
