4100 6414
338 392 349 399 ,
401 335 540 393 {H5

1489 334 1858 392 ADVERSUS
1899 333 2484 391 MANICHA‘IOS‘LIB'.
2522 336 2588 391 ΙΙ.

3498 341 3638 397 H56

398 446 635 519 θρώποις
667 446 975 519 ἀδικήματα
1024 448 1250 521 οὐδεμία
1294 449 1505 523 ἀνάγκη
1555 451 1689 522 ὓλην
1735 453 1965 526 ἄναρχον

2077 451 2241 507 mines
2271 452 2410 507 tiunt
2437 471 2450 507 :
2482 453 2636 507 nullo
2684 461 2845 525 pacto
2878 468 3103 510 necesse
3150 463 3236 511 est
3278 463 3471 525 putare
3522 471 3640 509 ma-

397 538 491 590 καὶ
536 536 732 591 κακίαν
774 536 950 591 δοκεῖν
997 539 1485 611 ἀντιπαρατάττειν
1515 539 1667 611 Θείξν
1699 540 1822 596 οὔτε
1858 542 1963 614 μὴν

396 628 531 690 ὅλως
558 629 677 680 κατ’
715 627 901 681 οὐσίαν
929 627 1294 701 ὑφεστηκέναι
1322 627 1562 699 νομίζειν
1594 631 1815 698 κακίαν,
1847 614 1961 687 ἀλλ’

397 719 455 769 ἐν
483 718 678 789 πράξει
703 719 802 790 τὴν
828 719 1124 774 ὑπόστασιν
1154 718 1315 790 ἔχειν,
1343 719 1429 775 διὰ
1471 720 1580 775 τῶν
1627 723 1960 794 προειρημέ-

397 823 502 862 νων
539 807 929 864 ἀποδέδεικται.

2069 542 2261 597 teriam
2311 543 2579 614 principio
2625 553 2901 599 carentem
2952 552 3008 599 et
3048 546 3347 614 nequitiam
3382 546 3636 601 resistere

2068 633 2209 701 Deo;
2234 649 2337 689 nec
2364 635 2681 692 existimare
2706 636 2926 706 penitus
2948 636 3249 692 secundum
3276 624 3632 692 substantiam

2069 738 2166 793 per
2210 738 2270 778 se
2309 724 2590 778 exstitisse
2625 724 2959 794 nequitiam,
2993 726 3088 781 sed
3120 726 3177 780 in
3217 727 3433 793 actione,
3460 727 3664 780 consi-‘

2070 824 2214 872 stere
2236 856 2251 880 ,
2281 816 2533 896 superius
2564 815 2996 873 demonstratum
3027 825 3082 872 et
3109 817 3429 872 conclusum
3459 822 3563 870 est.

1376 898 1505 955 Car.
1543 900 1658 956 VII.
1700 901 2029 971 Objectiones
2059 908 2202 960 circa
2239 906 2657 963 Providentiam.

468 987 663 1042 Λοιπὸν
690 986 769 1059 ζδὴ
816 1006 941 1061 περι
982 1007 1042 1042 τε
1077 990 1175 1062 τῆς
1203 991 1477 1062 πανσόφου
1516 992 1830 1064 διοικήσεως
1870 994 1964 1048 τοῦ

397 1076 555 1143 Θεοῦ,
588 1080 681 1133 καὶ
720 1080 981 1151 περὶτῶν
1009 1081 1185 1153 μάτην
1219 1084 1298 1146 είς
1329 1082 1526 1137 κακίαν
1562 1083 1697 1155 πρὸς
1722 1084 1816 1137 τοῦ
1847 1085 1967 1139 Μά-

400 1174 579 1233 νεντος
608 1170 1002 1241 διαϐληθέντων
1025 1171 1087 1243 δη
1097 1189 1327 1244 μιουργη
1337 1175 1543 1243 μάτων,
1564 1175 1754 1246 ῥητέον
1773 1175 1848 1239 ὡς
1877 1175 1968 1229 δύο

402 1276 580 1330 ναμις.
629 1260 878 1327 Ἀταξίαν
896 1260 961 1332 δὴ
992 1261 1189 1333 πολλὴν
1218 1261 1510 1334 ψηφίζεται
1535 1264 1642 1318 τῶν
1673 1264 1792 1319 καθ’
1820 1267 1967 1336 ἡμᾶς

403 1351 760 1422 πραγμάτων,
791 1351 1017 1405 πλοῦτόν
1056 1370 1115 1406 τε
1149 1356 1241 1408 καὶ
1278 1354 1488 1418 πενίαν,
1522 1355 1710 1425 ὑγείαν
1761 1373 1821 1410 τε
1872 1359 1967 1411 καὶ

402 1444 573 1505 νόσον,
604 1443 680 1506 ὡς
712 1442 872 1497 ἄνισα
917 1444 1214 1499 διαϐάλλων
1233 1462 1246 1475 ·
1285 1445 1365 1498 ἔτι
1417 1446 1524 1517 μὴν
1551 1448 1644 1501 καὶ
1673 1447 1735 1501 τὸ
1765 1448 1962 1503 πολλά-

402 1552 489 1597 κις
529 1534 619 1588 τὸν
665 1533 764 1605 μὲν
792 1532 1097 1605 κακοῦργον
1128 1536 1442 1607 διαφεύγειν
1486 1536 1585 1608 τὴν
1630 1537 1739 1594 τῶν
1786 1541 1966 1611 νόμων

399 1626 690 1698 τιμωρίαν,
742 1626 832 1679 τὸν
884 1625 929 1678 δ’
981 1627 1222 1681 ἀναίτιον
1272 1629 1646 1700 τιμωρεῖσθαι,
1697 1629 1788 1683 καὶ
1840 1630 1967 1693 τοὺς

401 1716 635 1812 φαύλους
668 1717 823 1812 έστιν.
856 1717 945 1771 ὅτε
978 1718 1079 1789 τῆς
1121 1718 1261 1773 κατά
1296 1719 1405 1773 τῶν
1438 1720 1611 1773 ἄλλων
1652 1720 1826 1792 ἀρχῆς
1851 1720 1969 1773 ὲπι-
2000 1758 2039 1812 Β

399 1807 619 1861 ϐαίνειν.
668 1807 887 1878 Ῥητέον
920 1808 1033 1878 (28)
1065 1809 1265 1873 τοίνυν,
1292 1811 1373 1864 ὅτι
1401 1811 1676 1881 παρῆκται
1695 1810 1804 1883 (29)
1833 1812 1969 1882 πρὸς

396 1897 490 1952 τοῦ
522 1899 1020 1970 δημιουργήσαντος
1060 1898 1344 1971 ἄνθρωπος
1389 1903 1470 1965 είς
1499 1901 1591 1954 τὸν
1627 1900 1763 1972 βίον,
1796 1904 1968 1973 ἐμπο-

401 1988 685 2059 ρευόμενος
733 1989 918 2060 ἓτερον
961 1990 1113 2043 οὐδὲν
1158 1990 1192 2062 ἢ
1243 1991 1410 2063 μόνην
1461 1991 1740 2046 εὐσέϐειάν
1786 2010 1846 2046 τε
1874 1993 1969 2045 καὶ

397 2080 614 2151 ἀρετήν.
641 2079 825 2133 Ταῦτα
871 2080 981 2151 γάρ
1031 2081 1371 2153 κτησάμενος
1415 2083 1535 2154 μὲν,
1581 2070 1760 2149 καλῶς
1798 2084 1864 2138 ἂν
1892 2084 1969 2137 δι-

400 2170 665 2243 ανήξηται
692 2173 840 2226 τόνδε
867 2172 959 2227 τὸν
990 2172 1103 2243 βίον
1124 2190 1137 2203 ·
1172 2174 1450 2244 ἀμελήσας
1478 2175 1535 2229 δὲ
1557 2175 1780 2240 τούτων,
1808 2176 1968 2246 χαλε-

400 2259 515 2323 πῶς
545 2261 610 2314 ἂν
644 2260 1055 2333 διαϐαπτισθείη
1107 2260 1475 2334 πλανώμενος.
1520 2264 1737 2336 Τροφὴν
1768 2265 1824 2317 δὲ
1866 2263 1970 2318 σώ-

403 2368 567 2422 ματος
583 2352 675 2405 καὶ
693 2352 812 2405 ἐνδυ
821 2353 1004 2423 μάτων
1022 2370 1091 2406 πε
1100 2353 1336 2425 ριϐολὴν,
1354 2355 1448 2408 καὶ
1462 2354 1561 2425 τὴν
1575 2355 1741 2427 ἀλλην
1758 2356 1968 2426 σκέπην

399 2439 628 2494 δέδωκεν
658 2443 686 2494 ὁ
713 2442 846 2505 Θεὸς
862 2442 1011 2513 αύτῷ
1040 2445 1139 2515 οὐχ
1160 2444 1235 2508 ὡς
1253 2444 1388 2516 (29⁶)
1407 2445 1789 2518 προηγούμενα
1803 2447 1967 2520 δῶρα,

399 2531 513 2585 ἀλλ’
534 2531 611 2596 ὡς
633 2534 903 2601 ἀναγκαῖα
934 2534 1071 2606 πρὸς
1089 2534 1186 2607 τὴν
1217 2535 1450 2590 ἐνταῦθα
1480 2536 1575 2591 τοῦ
1605 2534 1745 2594 εῖναι
1773 2539 1971 2593 σύστα-

402 2639 520 2676 σιν·
542 2623 627 2676 ἵνα
662 2624 799 2694 μετά
825 2624 1076 2695 σώματος
1107 2626 1367 2698 ὑπάρχων
1389 2626 1450 2681 τὸ
1485 2628 1583 2698 μὲν
1607 2630 1706 2700 ζῇν
1735 2629 1822 2683 διὰ
1848 2630 1972 2684 τού-

399 2727 506 2764 των
554 2711 674 2782 ἔχῃ,
721 2711 783 2764 τὺ
831 2712 887 2766 δὲ
942 2716 1122 2767 πονεῖν
1182 2714 1277 2768 καὶ
1343 2715 1574 2770 κτᾶσθαι
1611 2718 1683 2772 τὰ
1741 2718 1971 2790 ῥηθέντα

403 2804 612 2868 ἀόκνως
639 2804 819 2876 μετίῃ.

470 2895 589 2958 Φῶς
627 2894 683 2947 δὲ
726 2895 1078 2967 περιεποίησε
1125 2898 1469 2969 σωματικὸν,
1517 2899 1972 2973 ωὶῖκατάλληλον

402 2984 565 3040 αὐτοῦ
593 2989 660 3059 τῇ
692 2987 870 3058 φύσει,
906 2990 1001 3043 καὶ
1025 2989 1163 3061 ἀέρα
1186 2990 1322 3063 πρὸς
1362 2991 1653 3063 ἀναπνοὴν,
1684 2993 1777 3046 καὶ
1807 2990 1969 3065 ὖδῶρ,

2142 998 2407 1068 Deinceps
2441 999 2509 1053 de
2548 998 2947 1067 sapientissima
2985 996 3079 1052 Dei
3126 997 3552 1068 gubernatione,
3585 1006 3636 1052 ct

2071 1091 2139 1146 de
2185 1092 2255 1147 iis
2300 1109 2421 1163 quae
2466 1093 2707 1147 inaniter
2738 1101 2794 1147 et
2827 1093 3116 1148 temerarie
3161 1107 3191 1145 a
3246 1090 3541 1147 Mauichzeo
3584 1091 3639 1143 iu

2070 1184 2394 1240 criminibus
2424 1184 2492 1240 ad
2521 1183 2871 1239 asserendam
2904 1183 3205 1251 nequitiam
3235 1182 3449 1251 objecta
3477 1187 3638 1236 sunt.

2072 1291 2169 1346 pro
2198 1277 2407 1332 viribus
2440 1274 2730 1331 dicendum
2761 1280 2867 1330 est.
2904 1273 3127 1328 Multam
3168 1274 3636 1343 perturbationem

2070 1369 2277 1424 ordinis
2311 1369 2365 1423 in
2396 1368 2600 1423 nostris
2639 1367 2805 1422 rebus
2845 1372 3091 1420 accusat.
3138 1365 3363 1421 Divitias
3408 1373 3463 1420 et
3502 1380 3637 1435 pau-

2069 1468 2333 1529 pertatem
2359 1498 2373 1523 ,
2400 1458 2687 1514 sanitatem
2714 1467 2768 1512 et
2793 1455 3245 1519 invaletudiuem,
3274 1463 3531 1525 tauquam
3567 1455 3640 1510 sit

2071 1547 2126 1602 in
2169 1548 2248 1603 eis
2284 1546 2661 1617 inaequalitas,
2707 1545 3053 1601 criminatur.
3100 1542 3234 1596 Item
3281 1542 3453 1611 illud,
3497 1558 3640 1612 saepe

2071 1638 2374 1693 maleﬁcum
2406 1638 2733 1709 supplicium
2767 1636 2946 1708 legum
2994 1635 3259 1705 etl‘ugere,
3291 1634 3638 1690 innocentem

2069 1746 2198 1786 vero
2226 1731 2407 1801 puniri
2431 1770 2447 1794 ,
2476 1708 2807 1800 quandoque
2833 1728 2999 1783 etiam
3032 1727 3312 1796 improbos
3352 1726 3638 1796 imperium

2068 1821 2123 1876 in
2151 1821 2289 1876 alios
2322 1820 2599 1875 invadere.
2630 1817 2932 1874 Dicendum
2967 1819 3135 1889 igitur
3163 1826 3247 1874 est
3268 1860 3282 1883 ,
3311 1816 3638 1888 productum

2066 1926 2188 1966 esse
2233 1910 2508 1965 hominem
2548 1909 2617 1963 ab
2661 1914 2884 1963 auctore
2928 1922 3029 1963 suo
3069 1908 3123 1962 in
3165 1908 3307 1962 hanc
3348 1907 3548 1969 vitam,
3583 1915 3645 1959 ut

2067 2002 2276 2056 nullum
2325 2000 2472 2054 aliud
2521 1999 2799 2069 negotium
2858 2010 3076 2069 ageret,
3135 2013 3297 2069 quam
3353 2004 3412 2051 ut
3468 1995 3641 2052 solam

2066 2093 2318 2163 pietatem
2362 2100 2416 2146 et
2459 2090 2753 2153 virtutem,
2801 2096 3170 2159 compararet.
3226 2087 3351 2143 Rrec
3404 2089 3549 2143 enim
3595 2089 3643 2143 si

2068 2179 2487 2251 acquisivisset,
2521 2188 2667 2234 recte
2702 2181 2846 2234 hanc
2886 2180 3054 2235 vitam
3088 2185 3350 2233 tranaret.
3391 2177 3488 2233 His
3518 2194 3649 2233 vero

2068 2272 2362 2344 neglectis,
2408 2270 2717 2343 periculose
2758 2271 3166 2342 demergeretur
3207 2270 3488 2341 deceptus.
3532 2268 3648 2323 Ali—

2068 2370 2314 2418 mentum
2345 2370 2529 2418 autem
2562 2362 2811 2433 corporis
2831 2401 2846 2426 ,
2876 2370 2931 2418 et
2954 2362 3242 2426 vestitum,
3272 2367 3329 2416 et
3373 2360 3645 2429 reliquum

2067 2464 2436 2529 tegumentum
2494 2453 2643 2509 dedit
2684 2453 2831 2509 Deus
2878 2453 2984 2524 ipsi
3033 2469 3143 2508 non
3186 2458 3446 2525 tanqua‘m
3495 2452 3641 2507 dona

2069 2548 2374 2618 praecipua,
2417 2545 2512 2601 sed
2565 2554 2822 2616 tanquam
2870 2546 3183 2600 necessaria
3227 2545 3295 2600 ad
3340 2546 3505 2599 vitam
3553 2544 3648 2597 hic

2071 2638 2326 2693 tuendam
2357 2655 2372 2704 ;
2408 2645 2467 2690 ut
2495 2635 2622 2691 dum
2653 2651 2854 2707 corpus
2882 2635 3047 2690 habet
3066 2675 3082 2699 ,
3112 2645 3224 2690 tum
3264 2636 3463 2690 horum
3508 2649 3646 2705 prae-

2071 2728 2214 2785 sidio
2264 2728 2449 2789 vivat,
2502 2734 2617 2781 tum
2667 2725 2896 2797 impigre
2948 2725 3191 2780 laborem
3242 2724 3543 2794 suscipiat,
3589 2733 3644 2777 et

2071 2834 2191 2891 qua:
2218 2817 2361 2873 dicta
2397 2825 2558 2883 sunt,
2589 2825 2744 2887 paret

2143 2906 2351 2963 Lumen
2394 2914 2575 2962 autem
2614 2905 2808 2960 ascivit
2842 2904 2893 2960 ei
2930 2919 3256 2976 corporeum
3288 2910 3498 2959 naturae
3527 2903 3648 2974 ejus

2072 2999 2407 3055 conveniens
2431 3037 2446 3060 ,
2482 3004 2595 3051 tum
2628 3010 2808 3050 aerem
2840 2995 2906 3050 ad
2937 2993 3240 3050 ducendum
3270 2993 3522 3064 spiritum
3546 3032 3560 3056 ,
3593 3004 3650 3048 et

403 3080 497 3133 καὶ
521 3079 589 3132 τά
620 3079 754 3133 ἄλλα
794 3080 858 3151 δή
891 3080 991 3134 ὅσα
1020 3074 1325 3151 ἀναγκαῖα·
1352 3082 1527 3137 ταῦτα
1557 3080 1666 3156 γὰρ
1694 3084 1847 3139 κοινά
1882 3085 1978 3155 μὲν

2080 3104 2276 3160 aquam
2326 3097 2380 3144 et
2430 3101 2769 3158 quaecunque
2814 3085 2917 3139 alia
2952 3085 3301 3141 necessaria:
3347 3085 3463 3139 haec
3502 3082 3646 3139 enim

404 3169 648 3239 φυσικῶς
692 3170 890 3224 ἆπασιν
941 3170 1247 3242 ἀνθρώποις
1304 3172 1538 3244 ὑπάρχει
1597 3173 1747 3246 παρὰ
1802 3174 1975 3228 Θεοΰο

405 3262 500 3314 καὶ
521 3262 621 3314 οὐκ
652 3261 716 3314 ἄν
743 3276 828 3325 τις
858 3261 1014 3332 φαίη,
1050 3262 1127 3326 ὡς
1153 3262 1230 3334 τῷ
1256 3263 1447 3334 πένητι
1491 3265 1710 3318 ἔλαττον
1737 3265 1829 3319 τοῦ
1865 3285 1979 3336 φω-

405 3351 496 3414 τὸς
541 3350 761 3421 μέτεστι
794 3350 826 3421 ἢ
867 3351 966 3422 τῆς
1005 3352 1113 3405 τῶν
1146 3353 1353 3407 ὑδάτων
1384 3354 1668 3425 χορηγίας,
1699 3354 1822 3408 οὔτε
1874 3357 1979 3428 μὴν

404 3441 506 3511 τῆς
529 3441 666 3513 πρὸς
699 3441 762 3497 τὸ
790 3441 889 3513 ζῇν
920 3444 1302 3515 φυσικωτάτης
1346 3430 1646 3518 ἀναπνοῆς·
1692 3447 1787 3500 καὶ
1814 3448 1983 3517 ἀναγ-

408 3531 567 3587 καίαν
599 3532 655 3586 δὲ
689 3532 788 3604 τὴν
815 3534 1039 3607 τροφὴν,
1086 3536 1134 3587 εί
1169 3536 1262 3590 καὶ
1307 3536 1382 3608 μὴ
1413 3537 1539 3590 ἄνευ
1578 3537 1799 3609 ἱδρῶτος
1826 3539 1982 3611 πορί-

409 3626 580 3690 ζεται,
636 3624 750 3680 ἀλλ’
808 3626 956 3698 ὅμως
1006 3627 1182 3691 κοινὸς
1238 3629 1353 3693 τοῖς
1405 3631 1538 3683 πᾶσι
1596 3629 1697 3699 τῆς
1746 3629 1881 3700 πρὸς
1920 3631 1983 3685 τδ

411 3717 722 3785 ἀναγκαίως
766 3717 865 3789 ζῇν
907 3718 1169 3790 χορηγίας
1195 3721 1224 3774 ὀ
1256 3719 1473 3792 τρόπος.
1513 3720 1727 3792 Χρυσός
1777 3737 1837 3774 τε
1886 3721 1981 3776 καὶ

411 3807 666 3880 ἄργυρος,
698 3807 793 3860 καὶ
822 3806 957 3860 λίθοι
985 3808 1176 3879 τίμιοι,
1206 3809 1335 3881 παρ’
1366 3809 1530 3864 αὑτοῦ
1559 3810 1846 3864 καὶταῦτα
1872 3813 1983 3876 τοῖς

412 3895 765 3967 κεκτημένοις
808 3895 1043 3967 ὑπάρχει
1064 3913 1078 3927 ’
1114 3896 1176 3950 οὐ
1219 3896 1325 3968 μὴν
1357 3896 1517 3951 πλέον
1548 3915 1602 3951 τι
1635 3897 1980 3970 συμϐάλλοιτ’

414 3986 481 4040 ἂν
539 3985 676 4055 πρὸς
721 3985 820 4056 τὴν
870 3986 1275 4058 προειρημένην
1322 3986 1613 4058 ἐμπορίαν,
1662 3989 1712 4041 εί
1764 3988 1838 4060 μὴ
1888 3988 1982 4042 καὶ

416 4076 617 4147 μᾶλλον
672 4076 1013 4147 ἐμποδίσειεν
1055 4078 1140 4132 ἀν.
1186 4076 1377 4149 Ὅμως
1417 4077 1475 4131 δὲ
1525 4076 1648 4130 οὔτε
1693 4078 1851 4151 πενίᾳ
1892 4080 1981 4133 ἀν-

414 4168 633 4238 έφικτος
687 4170 721 4240 ἡ
781 4168 1102 4241 προτεθεῖσα
1152 4168 1302 4240 παρά
1359 4166 1493 4222 Θεοῦ
1526 4172 1638 4233 τοῖς
1670 4168 1978 4240 ἀνθρώποις

413 4260 632 4331 πορεία,
661 4257 784 4312 οὔτε
817 4258 1032 4330 πλούτῳ
1072 4258 1272 4330 μᾶλλον
1299 4259 1485 4332 pqae-
1518 4258 1631 4312 ἀλλ’
1662 4258 1985 4330 ἀμφοτέρως

413 4354 591 4408 ἔνεστι
618 4356 731 4417 τοῖς
780 4369 844 4422 γε
877 4353 1313 4418 σπουδαιοτάτοις
1357 4353 1456 4425 τὴν
1499 4354 1862 4426 προκειμένην
1901 4371 1986 4407 τε-

2082 3189 2306 3238 auctore
2336 3179 2446 3235 Deo
2471 3177 2784 3234 communia
2826 3185 2955 3234 sunt
2996 3178 3321 3233 naturaliter
3364 3191 3488 3231 cum
3534 3190 3652 3230 om-

2080 3276 2245 3330 nibus
2289 3269 2646 3338 bominibus;
2691 3283 2793 3324 nec
2838 3268 2984 3324 ullus
3024 3268 3208 3324 dicere
3249 3268 3426 3338 possit
3470 3268 3654 3321 minus

2080 3364 2305 3421 .umiuis
2333 3362 2600 3432 impartiri
2636 3360 2895 3431 pauperi,
2928 3375 3107 3430 neque
3135 3359 3318 3414 minus
3351 3373 3504 3430 aqua:
3531 3373 3657 3428 ευρ*

2079 3454 2346 3527 peditari,
2381 3468 2558 3522 neque
2592 3451 2773 3506 minus
2806 3448 2948 3505 aeris
2980 3448 3047 3503 ad
3078 3448 3494 3519 respirationem
3527 3463 3656 3518 qua:

2080 3555 2165 3602 est
2195 3545 2262 3601 ad
2293 3543 2585 3600 vivendum
2616 3542 2854 3597 maxime
2897 3539 3197 3604 naturalis,
3238 3546 3293 3594 et
3336 3539 3653 3594 alimentum

2081 3637 2456 3694 necessarium
2477 3676 2492 3702 ,
2530 3633 2747 3690 tametsi
2786 3647 2895 3687 non
2935 3632 3056 3688 sine
3084 3630 3284 3687 sudore
3315 3629 3653 3701 suppeditat.

2081 3731 2288 3785 Aurum
2324 3735 2506 3784 autem
2538 3732 2593 3783 et
2619 3730 2904 3796 argentum
2936 3731 2991 3779 et
3021 3722 3231 3794 lapides
3263 3723 3534 3793 pretiosos
3561 3719 3652 3790 qui

2082 3822 2321 3886 habent,
2349 3820 2418 3876 ab
2447 3820 2567 3890 ipso
2589 3817 2884 3890 accipiunt.
2907 3815 3027 3871 Non
3056 3823 3237 3871 tamen
3260 3815 3383 3885 plus
3407 3811 3657 3869 conferre

2083 3914 2295 3987 possint
2319 3911 2386 3967 ad
2416 3912 2728 3967 facultatem
2746 3951 2763 3977 ,
2790 3923 2955 3977 quam
2982 3906 3236 3978 superius
3262 3905 3523 3970 diximus,
3548 3903 3656 3959 nisi

2086 4003 2260 4074 magis
2288 4002 2450 4058 etiam
2483 4001 2769 4072 impedire.
2801 3998 3011 4054 Tamen
3038 4012 3217 4069 neque
3253 3994 3517 4067 profectio
3558 3995 3659 4051 ho-

2085 4096 2327 4151 minibus
2379 4109 2408 4147 a
2462 4092 2571 4148 Deo
2619 4092 2932 4162 proposita,
2976 4094 3298 4159 paupertate
3341 4086 3654 4157 impeditur,

2084 4200 2261 4255 neque
2289 4183 2495 4239 divitiis
2529 4182 2744 4237 facilior
2773 4179 3026 4235 eﬂicitur.
3064 4176 3171 4264 Sed
3201 4182 3434 4246 utraque
3464 4175 3660 4230 condi-

2083 4279 2231 4332 tione
2262 4272 2519 4331 studiosis
2549 4280 2605 4328 et
2633 4271 2868 4326 maxime
2897 4268 3184 4324 industriis
3215 4281 3279 4321 ac
3306 4266 3498 4336 gnavis
3527 4267 3658 4323 licet

2088 4368 2438 4425 constitutam
2466 4365 2611 4419 viam
2641 4371 2696 4419 et
2729 4360 3057 4418 destinatam
3086 4357 3394 4414 coniicere:
3427 4372 3661 4428 pauper-

416 4447 540 4517 μεῖν
563 4443 713 4497 ὁδόν’
746 4445 904 4497 πενία
933 4445 1030 4515 μὲν
1063 4445 1169 4516 γάρ
1194 4444 1283 4500 διά
1319 4446 1613 4518 καρτερίας
1640 4445 1734 4499 καὶ
1772 4444 1978 4499 ἐλευθε-

2090 4465 2175 4513 tas
2202 4457 2347 4512 enim
2378 4469 2475 4526 per
2513 4452 2859 4509 tolerantiam
2905 4457 2959 4505 et
2999 4448 3340 4512 libertatem,
3378 4446 3656 4517 opulentia

417 4535 686 4608 ριότητος,
731 4533 959 4599 πλοῦτος
1005 4535 1064 4588 δὲ
1111 4535 1201 4589 διὰ
1252 4535 1713 4608 μετριοφροσύνης
1757 4536 1850 4590 καὶ
1889 4535 1984 4589 τοῦ

413 4624 689 4698 προτιμᾷν
728 4624 837 4677 τῶν
871 4623 1131 4678 δοθέντων
1156 4625 1247 4680 τὸν
1275 4626 1562 4693 δεδωκότα,
1591 4625 1986 4699 κατορθώσειεν

416 4719 484 4772 ἂν
510 4716 571 4768 τὸ
596 4715 1049 4786 σπουδαζόμενον,
1080 4715 1155 4781 ὡς
1191 4718 1327 4789 μήτε
1366 4719 1454 4771 τὸν
1486 4716 1829 4788 πτωχεύοντα
1859 4718 1986 4770 δυσ-

415 4806 637 4879 χερείας
687 4806 814 4861 ἄνευ
863 4807 959 4859 καὶ
1018 4807 1192 4861 πόνων
1237 4808 1546 4861 ἐπιϐάλλειν
1593 4808 1671 4879 τῷ
1715 4809 1989 4881 κατορθώ-

421 4917 552 4971 ματι
571 4915 585 4930 ο
625 4898 830 4952 δεῖσθαι
861 4898 915 4951 δὲ
946 4900 1290 4971 προσεχείας,
1325 4902 1375 4952 εί
1415 4899 1506 4953 καί
1532 4917 1614 4962 τις
1643 4899 1792 4971 αὐτῷ
1825 4900 1991 4971 πρόσ-

418 5008 565 5045 εστιν
600 4989 971 5060 ἀφροντιστία,
1003 4988 1138 5061 πρὸς
1167 4988 1228 5041 τὺ
1263 4989 1338 5060 μὴ
1377 4990 1477 5061 τῆς
1533 4990 1805 5059 πτωχείας
1832 4990 1990 5062 χάριν

421 5081 768 5154 ἀνελεύθερόν
799 5099 852 5136 τι
883 5082 981 5152 μὲν
1011 5082 1227 5154 δρᾶσαι,
1261 5083 1711 5152 ἀγανακτήσαντα
1750 5082 1807 5135 δὲ
1853 5083 1991 5154 πρὸς

422 5171 624 5245 ταύτην
656 5173 925 5243 διελέγξαι
957 5173 1056 5245 τὴν
1098 5174 1303 5228 οἰκείαν
1347 5173 1624 5245 πρόθεσιν,
1668 5173 1744 5237 ὡς
1792 5174 1990 5245 μᾶλλον

427 5260 495 5316 ἂν
522 5263 653 5319 Θεοῦ
687 5265 866 5338 τιμῴη
910 5265 979 5318 τὰ
1027 5264 1163 5338 πρὸς
1197 5262 1361 5318 αὑτοῦ
1399 5265 1678 5334 διδόμενα·
1726 5266 1862 5335 μήτε
1895 5265 1989 5318 τὸν

426 5355 739 5426 περιουσίαν
766 5358 1023 5428 πλείστην
1054 5357 1388 5427 κεκτημένον
1413 5356 1572 5410 ὠνίου
1594 5356 1791 5427 τρόπον
1817 5357 1993 5428 ἑαυτῷ

422 5444 685 5501 δύνασθαι
715 5449 995 5504 εὐσέϐειάν
1029 5466 1089 5503 τε
1123 5449 1218 5503 καὶ
1242 5447 1440 5520 ἀρετὴν
1480 5447 1826 5519 πορίσασθαι,
1858 5447 1993 5501 ἀλλὰ

498 5560 611 5630 (28)
646 5562 907 5631 'Entéor.
939 5582 992 5618 κ.
1017 5581 1070 5619 τ.
1100 5565 1150 5619 λ.
1173 5564 1309 5620 Vide
1348 5564 1487 5618 infra
1511 5564 1565 5617 in
1614 5562 1993 5631 Supplementis

425 5628 626 5705 adhes
658 5629 761 5685 Titi
788 5634 1097 5705 Bostrensis
1126 5635 1319 5699 libros,
1349 5634 1439 5687 ubi
1475 5632 1501 5705 ᾗ
1547 5628 1699 5705 ilex
1720 5628 1994 5705 :Paralle-

425 5701 493 5754 tis
512 5700 910 5773 Damascenis“
939 5702 1250 5773 descriptus
1282 5700 1585 5773 exhibetur
1600 5702 1895 5773 hie_l_ocus.

499 5771 613 5844 (29)
636 5771 953 5842 Παρῆκται.
981 5769 1189 5831 Ραναίιι.
1228 5776 1265 5830 l.
1286 5789 1358 5842 c.,
1382 5771 1654 5845 παρήχθη.
1696 5769 1819 5828 Mox
1852 5770 1982 5827 ibid.

2084 4562 2216 4603 vero
2242 4561 2338 4616 per
2362 4544 2680 4600 modestiam
2708 4550 2762 4597 et
2787 4541 2993 4596 cultum
3020 4540 3390 4608 honoremque
3416 4537 3658 4593 auctoris

2086 4639 2353 4694 bonorum
2386 4651 2546 4707 quem
2578 4634 2861 4704 anteponit
2886 4630 3047 4687 bonis
3074 4631 3239 4701 ipsis,
3275 4630 3533 4701 perﬁcere
3559 4643 3660 4699 po-

2086 4736 2195 4784 test
2237 4727 2383 4798 quod
2415 4726 2597 4782 studet
2628 4731 2682 4779 et
2720 4725 2972 4790 laborat;
3004 4727 3062 4775 ut
3091 4735 3266 4791 neque
3299 4733 3503 4789 pauper
3538 4718 3663 4773 sine

2088 4815 2405 4871 dillicultate
2445 4825 2498 4871 et.
2533 4815 2813 4869 laboribus
2854 4818 3182 4882 assequatur
3226 4810 3523 4875 virtutem;
3565 4809 3660 4863 sed

2088 4917 2242 4981 egeat
2273 4907 2455 4963 studio
2491 4914 2546 4962 et
2587 4904 2969 4967 accuratione,
3011 4904 3059 4958 si
3101 4917 3208 4973 qua
3254 4901 3308 4954 in
3356 4901 3475 4971 ipso
3520 4899 3662 4955 inest

2090 5000 2301 5057 incuria
2322 5040 2337 5066 ,
2367 5014 2437 5055 ne
2468 5005 2688 5068 propter
2728 5001 3101 5067 paupertatem
3153 4990 3356 5062 aliquid
3397 4990 3662 5045 illiberale

2090 5092 2254 5147 faciat
2273 5132 2289 5157 ,
2313 5098 2369 5146 et
2397 5091 2527 5145 dum
2554 5090 2742 5158 iniquo
2768 5088 2952 5142 animo
2981 5086 3084 5142 fert
3109 5093 3480 5155 paupertatem
3503 5121 3517 5145 ,
3543 5080 3663 5134 aui-

2090 5199 2239 5238 mum
2268 5198 2427 5238 suum
2458 5196 2522 5235 ac
2550 5181 2887 5234 voluntatem
2921 5178 3249 5251 patefaciat;
3281 5184 3340 5230 ut
3368 5174 3461 5245 qui
3486 5171 3664 5240 magis

2093 5289 2253 5345 quam
2280 5273 2450 5329 Deum
2474 5313 2489 5337 ,
2518 5273 2750 5326 honoret
2779 5286 2845 5326 ea
2870 5286 2989 5341 qua:
3015 5286 3045 5325 a
3076 5269 3186 5324 Deo
3216 5267 3455 5322 dantur:
3485 5275 3664 5331 neque

2092 5367 2186 5438 qui
2217 5365 2422 5420 divitiis
2469 5363 2671 5421 allluit.
2714 5363 2886 5433 possit
2936 5362 3041 5417 sibi
3085 5361 3258 5415 instar
3294 5357 3373 5413 rei
3417 5351 3659 5416 venalis,

2093 5458 2348 5529 pietatem
2384 5463 2440 5512 et
2468 5456 2723 5512 virtutem
2756 5467 3112 5525 comparare;
3153 5451 3287 5522 quin
3320 5448 3502 5520 potius
3532 5444 3661 5516 plus

2093 5570 2424 5642 διανήξαιτο.
2509 5637 2521 5642 _
2631 5636 2672 5642 __
3205 5641 3210 5642 γ
3369 5639 3376 5642 _
3460 5628 3493 5642 _.

2167 5642 2299 5709 (99‘)
2337 5641 2461 5707 Οὐχ
2491 5637 2590 5703 ὡς.
2631 5636 2756 5692 Haec
2786 5636 3089 5709 addidimus
3113 5673 3129 5697 ,
3164 5641 3219 5709 et
3263 5636 3529 5688 sententia
3560 5641 3665 5701 po:

2096 5702 2358 5775 stulantc,
2389 5702 2716 5765 et'versione
2739 5709 2808 5763 ita
2834 5706 3139 5762 exhibente.
3172 5702 3326 5759 Eutr.

3652 5857 3692 5871 ,Δ
