4100 6446
372 372 511 427 ΗΠ
1563 369 1705 425 TITI
1746 368 1986 425 EOSTR]

2088 366 2176 423 515
2216 365 2523 423 EPISCOPI
3507 363 3644 416 1H8

372 492 430 545 in
458 490 562 545 hac
588 504 648 544 re
677 491 981 545 sudandum
1006 490 1055 546 ei
1083 491 1193 545 sit:
1232 491 1407 562 magis
1437 493 1581 547 enim
1613 480 1735 555 hic,
1763 500 1822 546 ut
1855 506 1954 562 par
1982 544 1986 552 ,

2088 489 2309 552 πλείονος
2341 487 2564 560 ἱδρῶτος
2602 486 2738 557 πρὸς
2783 486 2944 540 τοῦτο
2997 484 3231 539 δεῖσθαι·
3288 482 3645 555 χειμάζεσθαι

373 589 501 661 est,
577 579 843 642 ﬂuctuat,
908 591 959 636 et
1024 588 1282 651 tanquam
1341 589 1665 658 tempestate
1714 581 1953 651 jactatur

2088 581 2163 654 ’ἀρ
2195 580 2397 652 μᾶλλον
2427 579 2518 634 τὸν
2540 577 2783 633 τοιοῦτον
2811 578 2957 643 εἰκὸς
2976 577 3074 650 τὴν
3096 577 3358 642 διάνοιαν,
3392 578 3458 647 τῇ
3482 592 3645 648 φρον-

377 678 567 735 urens,
592 686 725 725 cura
757 678 813 726 et
849 671 1227 727 sollicitudine
1260 671 1318 726 in
1349 673 1490 727 bona
1512 681 1736 728 externa
1761 712 1778 738 ,
1807 681 1862 727 et
1898 673 1952 727 in

2095 674 2163 730 ίδι
2195 674 2548 748 μεριζόμενον
2579 672 2716 742 πρός
2746 689 2805 726 τε
2840 671 2909 725 τὰ
2939 671 3097 734 ἐκτὸς
3143 669 3280 741 πρός
3320 685 3380 722 τε
3408 668 3477 721 τὰ
3517 669 3647 739 περὶ

377 762 620 817 animam
649 762 850 834 partita
878 783 890 819 :
919 772 974 819 et
999 763 1102 819 nisi
1131 763 1407 819 existimet
1430 780 1554 820 esse
1581 780 1710 836 opes
1732 764 1956 820 omnino

376 855 676 927 πάρεργον,
723 854 882 928 ἔργον
921 871 1050 911 vero
1093 856 1271 913 solum
1317 857 1611 911 amicitiam
1658 873 1781 911 cum
1823 857 1953 923 Deo,

375 945 725 1016 demergetur
752 947 807 1002 in
832 948 1126 1002 amentiam
1152 948 1421 1018 integram
1448 964 1464 1015 ;
1498 963 1622 1020 non,
1644 948 1954 1020 intelligens

375 1053 460 1102 se,
486 1040 667 1110 primo
693 1048 748 1096 et
776 1041 895 1096 solo
924 1040 1068 1095 bono
1099 1040 1325 1105 relicto,
1359 1040 1565 1095 servire
1610 1019 1844 1096 mortuis
1870 1040 1957 1095 di-

376 1130 547 1197 vitiis,
578 1147 715 1202 quas
741 1148 865 1187 eum
899 1132 1181 1203 reliquerit
1201 1132 1360 1197 aliis,
1391 1133 1509 1201 ipse
1538 1133 1729 1187 abibit.

2061 767 2161 836 τὴν
2215 765 2393 837 ψυχήν
2418 782 2430 795 '
2483 764 2580 829 ὼς,
2621 765 2671 817 εί
2726 762 2803 835 μὴ
2855 761 3133 834 πάρεργον
3189 755 3330 815 εἶναι
3366 758 3650 822 παντελῶς

2061 855 2151 909 τὸν
2205 854 2433 909 πλοῦτον
2501 853 2710 925 οἰηθείη
2732 892 2747 917 ,
2803 853 2964 925 ἔργον
3015 852 3073 906 δὲ
3130 851 3290 922 μόνον
3356 849 3455 921 τὴν
3510 850 3649 920 πρὸς

2061 942 2193 998 Θεὸν
2228 943 2430 1013 φιλίαν,
2488 943 2914 1016 βαπτισθήσεται
2961 944 3098 1015 πρὸς
3145 943 3329 999 ἄνοιαν
3383 941 3647 1011 παντελῆ,

2066 1036 2141 1109 μὴ
2210 1037 2446 1100 συνιεὶς,
2505 1037 2601 1101 ὡς,
2658 1037 2721 1090 τὸ
2777 1037 2992 1109 πρῶτον
3054 1037 3149 1091 καὶ
3211 1035 3370 1108 μόνον
3441 1033 3651 1105 ἀγαθὸν

2063 1129 2251 1194 ἐάσας,
2283 1128 2522 1184 δουλεύει
2551 1129 2732 1202 νεκρῷ
2775 1130 3009 1201 πλούτῳ,
3046 1130 3104 1184 ὃν
3145 1126 3427 1184 ἀπολιπὼν
3466 1128 3648 1192 ἄλλως

2063 1222 2365 1293 οἰχήσεται.

1049 1324 1181 1380 Car.
1223 1322 1359 1381 VIII.
1402 1324 1663 1395 Pauperis
1693 1334 1743 1380 et
1764 1325 1944 1382 divitis
1977 1328 2283 1388 discrimen.
2316 1331 2597 1405 Improbus
2622 1350 2784 1408 quare
2811 1334 2975 1391 dives.
3006 1358 3013 1373 ε

455 1444 535 1500 Et
564 1459 719 1515 aequo
755 1443 920 1515 igitur
948 1452 1108 1497 vacat
1153 1444 1401 1515 periculo
1435 1444 1523 1499 via
1560 1445 1824 1513 virtutis;
1870 1462 1969 1501 ne-

384 1554 492 1612 que
516 1539 692 1603 diviti,
721 1551 896 1607 neque
924 1539 1147 1607 pauperi
1192 1536 1474 1607 impedita.
1506 1536 1655 1593 Inter
1684 1553 1743 1593 se
1787 1547 1969 1592 autem

385 1633 541 1687 dives
573 1638 628 1685 et
665 1645 869 1701 pauper
894 1630 1069 1685 solum
1104 1628 1361 1684 ditl‘erunt
1400 1637 1753 1685 externarum
1786 1645 1971 1684 rerum

2154 1451 2461 1516 Ἀκίνδυνος
2493 1452 2592 1522 μὲν
2621 1449 2715 1507 οὖν
2745 1453 2941 1524 ἐπίσης
2968 1451 3090 1505 οὐτε
3122 1452 3363 1524 πλουσίῳ
3387 1452 3512 1507 οὐτε
3552 1455 3654 1508 πέ-

2071 1562 2192 1616 νητι
2245 1544 2344 1617 τὴς
2374 1546 2574 1617 ἀρετῆς
2628 1547 2661 1617 ἡ
2718 1546 2933 1619 πορεία,
2968 1546 3030 1599 οὐ
3064 1546 3170 1618 μὴν
3195 1546 3304 1599 οὐδ’
3359 1547 3656 1617 ἀνέφικτος

2072 1634 2247 1688 οὐδενὶ
2286 1635 2496 1691 τούτοιν
2513 1654 2527 1668 ·
2554 1636 2797 1709 ἀλλήλων
2840 1636 2898 1691 δὲ
2919 1635 3236 1708 διαφέρουσι
3274 1637 3433 1708 μόνον
3458 1640 3524 1709 τῇ
3544 1637 3656 1690 τῶν

384 1723 720 1787 accessione,
744 1738 866 1794 quae
900 1722 1073 1777 nihilo
1105 1724 1229 1793 plus
1261 1723 1406 1778 valet
1456 1722 1521 1777 ad
1558 1723 1612 1778 id
1653 1722 1799 1794 quod
1848 1738 1975 1794 pro-

2088 1724 2273 1791 ίξωθεν
2305 1726 2587 1799 περιϐολῇ,
2623 1727 2792 1798 ’μηδὲν
2829 1728 3027 1799 ἐχούσῃ
3062 1727 3223 1780 πλέον
3255 1729 3393 1798 πρὸς
3422 1728 3485 1782 τὸ
3522 1747 3657 1802 προ-

385 1818 625 1886 positum
657 1824 762 1880 est,
791 1815 1206 1886 adipiscendum
1243 1835 1254 1870 :
1289 1823 1453 1886 atque
1476 1816 1580 1871 hoc
1615 1815 1839 1887 quidem
1877 1833 1974 1872 ne-

387 1910 633 1965 cessario
669 1908 855 1963 divina
903 1909 1174 1979 sapientia
1219 1908 1513 1981 disposuit.
1551 1907 1783 1976 Quando
1826 1909 1974 1963 enim

390 2017 596 2074 pauper
626 2008 918 2058 exercetur
945 2002 1013 2057 ad
1044 2002 1391 2057 tolerantiam
1417 2002 1760 2073 capiendam,
1784 2003 1976 2058 videns

390 2093 536 2163 apud
567 2092 736 2147 alium
780 2093 1154 2164 epulentiam;
1196 2095 1412 2148 animus
1450 2094 1613 2149 etiam
1657 2094 1843 2151 divitis
1880 2111 1977 2149 ex-

391 2183 643 2254 ploratur
692 2183 961 2239 tenuitate
1021 2184 1311 2255 pauperis;
1362 2183 1592 2239 inutiles
1646 2185 1792 2239 enim
1849 2193 1978 2240 sunt

391 2291 549 2347 opes,
583 2275 630 2330 si
657 2284 771 2331 non‘
795 2275 939 2332 adsit
961 2285 1255 2347 paupertas
1289 2294 1303 2331 :
1341 2277 1431 2331 cui
1463 2275 1608 2331 enim
1640 2276 1875 2348 benigne
1899 2276 1980 2331 fa-

391 2368 503 2424 ciet
531 2366 827 2439 opulentus
841 2367 869 2421 ?
889 2375 943 2423 et
967 2375 1259 2439 paupertas
1276 2384 1386 2423 non
1410 2376 1494 2424 est
1511 2378 1754 2439 spectata
1772 2377 1826 2425 et
1849 2385 1979 2439 pro-

393 2459 543 2526 bata,
571 2460 678 2515 nisi
704 2459 1030 2515 adversante
1068 2461 1368 2531 epulentia.
1407 2459 1653 2532 Denique
1695 2477 1873 2532 neque
1904 2462 1983 2516 di-

395 2551 563 2607 vitem
600 2566 725 2607 esse
755 2552 977 2607 beatum
1014 2562 1118 2618 est,
1155 2568 1335 2623 neque
1379 2569 1674 2624 pauperem
1720 2569 1845 2610 esse
1876 2556 1981 2609 mi-

395 2657 581 2698 serum
610 2661 624 2700 :
659 2644 1098 2714 quandoquidem
1123 2646 1274 2700 solus
1308 2645 1399 2699 ille
1433 2645 1525 2699 cui
1567 2644 1780 2700 accedit
1826 2645 1982 2700 ﬁrma

396 2733 597 2788 animae
627 2734 931 2790 secundum
963 2736 1222 2790 virtutem
1255 2735 1511 2799 felicitas,
1542 2737 1658 2791 sive
1690 2736 1844 2791 dives
1867 2736 1984 2791 sive

395 2841 605 2896 pauper
637 2827 729 2890 sit,
764 2841 990 2897 compos
1011 2827 1131 2896 ejus
1162 2836 1247 2881 est
1271 2828 1437 2896 cujus
1456 2843 1623 2883 causa
1672 2843 1705 2881 a
1754 2829 1863 2883 Deo
1905 2827 1986 2881 fa-

396 2923 522 2972 ctus
555 2924 641 2971 est
660 2916 824 2970 homo
858 2933 873 2970 :
908 2925 967 2970 ut
997 2916 1110 2985 jam
1137 2932 1276 2995 opus
1314 2919 1383 2972 sit
1415 2932 1445 2970 a
1478 2915 1587 2971 Deo
1632 2918 1900 2986 accipere,
1924 2926 1986 2971 ut

399 3009 511 3076 sit;
558 3024 590 3063 a
621 3024 682 3064 se
734 3023 866 3064 vero
924 3010 1196 3079 accipere,
1235 3018 1295 3063 ut
1328 3010 1507 3064 bonus
1557 3010 1650 3075 sit,
1693 3010 1988 3079 adjuvante

400 3100 709 3157 Deo:vult
749 3103 894 3157 enim
939 3102 1106 3169 Deus,
1169 3112 1228 3173 ut
1285 3104 1447 3159 homo
1509 3119 1633 3158 cum
1694 3105 1767 3159 sit
1820 3106 1987 3159 ratio-

401 3193 490 3250 nis
536 3194 834 3264 partieeps,
887 3195 1086 3250 habeat
1141 3196 1349 3266 aliquid
1404 3210 1436 3249 a
1491 3212 1550 3251 se
1596 3195 1661 3249 ad
1689 3197 1984 3267 gloriosam

402 3286 682 3343 ﬁduciam.

472 3377 743 3444 Quocirca
772 3393 883 3433 non
921 3378 1334 3444 admirabimur,
1381 3395 1560 3451 neque
1603 3380 1822 3437 beatum
1855 3370 2001 3453 prae--

401 3469 708 3527 dicabimus
743 3472 922 3526 virum
960 3471 1183 3526 divitem
1219 3473 1482 3528 maleﬁcia
1525 3475 1987 3530 committentem:

402 3578 580 3634 neque
611 3563 955 3635 stupebimus
1009 3573 1199 3620 contra
1235 3564 1328 3619 Dei
1363 3565 1783 3636 providentiam,
1822 3566 1988 3635 quod,

404 3657 501 3728 qui
532 3658 660 3714 talis
697 3665 808 3724 est,
833 3659 1042 3714 divitiis
1071 3659 1276 3713 aﬁluat.
1309 3657 1448 3725 Quid
1470 3661 1613 3714 enim
1639 3660 1874 3731 amplius
1895 3661 1992 3714 ha-

404 3751 499 3806 bet
520 3753 604 3807 vir
628 3752 914 3822 improbus
963 3752 1154 3808 dives?
1182 3751 1323 3818 Quid
1361 3768 1491 3807 vero
1532 3768 1642 3807 non
1680 3754 1866 3809 minus
1897 3755 1992 3807 ha-

407 3841 543 3896 bet?
570 3841 770 3912 vigilite
799 3844 944 3898 enim
972 3852 1025 3896 et
1048 3843 1289 3913 pericula
1316 3852 1539 3913 propter
1565 3845 1862 3914 pecunias;
1895 3845 1993 3899 do-

408 3934 557 3990 lores
588 3948 721 3988 vero
750 3934 817 3989 de
838 3936 1181 4004 consumptis
1215 3935 1473 4005 majores,
1492 3950 1655 4014 quam
1688 3936 1994 4007 voluptates

409 4026 478 4083 de
502 4027 827 4099 acquisitis:
860 4044 967 4084 non
1011 4031 1155 4084 enim
1192 4039 1302 4085 tam
1346 4030 1579 4086 delectat
1616 4032 1761 4101 quod
1816 4031 1992 4095 adest,
2036 4039 2045 4048 '

410 4133 575 4189 quam
609 4121 826 4174 cruciat
863 4121 1009 4192 quod
1042 4122 1217 4190 abest,
1263 4130 1317 4177 et
1357 4138 1576 4194 semper
1618 4123 1886 4194 cupiditas
1916 4123 1998 4178 di-

413 4209 874 4281 vitiisgaugetur:
906 4213 980 4267 ita
1017 4221 1075 4268 ut
1125 4214 1244 4269 sine
1296 4214 1702 4270 intermissione
1738 4215 1995 4285 cogitatio

412 4302 619 4359 habitet
647 4319 772 4359 cum
795 4303 1081 4360 aﬂ'eclione
1104 4305 1388 4369 cﬁ‘renata,
1439 4320 1641 4376 corpus
1668 4322 1797 4361 vero
1826 4322 1996 4377 saepe-

412 4410 645 4452 numero
677 4398 1013 4467 cogitatione
1037 4399 1411 4453 contabescat.
1446 4397 1672 4453 Demum
1697 4415 1817 4469 qua:
1847 4400 1995 4454 vide-

2076 1818 2361 1889 κείμενον·
2396 1817 2709 1886 ἀναγκαίως
2740 1819 2834 1871 καὶ
2864 1817 3025 1872 τοῦτο
3045 1818 3145 1890 τῆς
3176 1819 3270 1873 τοῦ
3300 1819 3435 1873 Θεοῦ
3464 1822 3658 1890 σοφίας

2075 1908 2366 1979 διαθείσης.
2405 1910 2473 1962 Ὅ
2497 1926 2558 1962 τε
2588 1909 2697 1981 γὰρ
2719 1910 2885 1980 πένης
2905 1909 3330 1980 διαγυμνάζεται
3362 1911 3498 1983 πρὸς
3521 1928 3660 1985 καρ-

2076 2001 2284 2072 τερίαν,
2319 2000 2549 2055 πλοῦτον
2584 2003 2716 2072 παρ’
2752 2001 2895 2073 ἄλλῳ
2924 2002 3136 2072 βλέπων
3156 2042 3171 2066 ,
3203 2002 3297 2056 καὶ
3327 2005 3356 2057 ὁ
3406 2003 3659 2069 πλούσιος

2076 2092 2431 2164 δοκιμάζεται
2470 2092 2571 2162 τὴν
2606 2092 2832 2164 γνώμην
2865 2095 2931 2164 τῇ
2964 2093 3059 2146 τοῦ
3096 2093 3468 2166 πτωχεύοντος
3506 2098 3659 2149 ἐντε-

2079 2184 2225 2255 λείᾳ·
2260 2183 2489 2247 πλοῦτος
2525 2184 2623 2254 μὲν
2655 2185 2764 2256 γὰρ
2810 2184 2884 2257 μὴ
2926 2189 3339 2260 παρακειμένης
3385 2188 3662 2260 πτωχείας

2080 2276 2382 2349 ἄχρηστος·
2417 2276 2539 2330 τίνα
2585 2276 2696 2350 γὰρ
2727 2279 3043 2349 εὐποιήσει;
3072 2280 3167 2333 καὶ
3210 2280 3369 2335 πενία
3401 2281 3663 2353 ἀδόκιμος

2085 2368 2158 2439 μὴ
2186 2366 2559 2438 ἀντικειμένου
2596 2368 2844 2423 πλούτου.
2873 2370 3050 2436 Ὃλως
3083 2371 3140 2424 δὲ
3171 2370 3294 2425 οὔτε
3328 2373 3387 2426 τὸ
3413 2373 3662 2428 πλουτεῖν

2085 2460 2374 2532 μακάριον,
2398 2457 2520 2512 οὐτε
2545 2460 2606 2513 τὸ
2626 2460 2879 2515 πένεσθαι
2908 2462 3135 2517 ἐλεεινόν
3158 2478 3171 2492 ⁸
3198 2463 3383 2536 ἐπειδή
3411 2482 3475 2534 γε
3503 2466 3663 2533 μόνος

2083 2557 2290 2617 ἐκεῖνος
2322 2554 2615 2626 μακάριος,
2640 2547 2685 2622 ᾧ
2714 2555 3003 2626 πρόσεστιν
3035 2556 3068 2627 ἠ
3115 2556 3331 2626 βέϐαιος
3354 2560 3453 2629 τῆς
3484 2558 3666 2631 ψυχῆς

2084 2648 2202 2702 κατ’
2237 2648 2438 2718 ἀρετὴν
2480 2647 2776 2718 εὐπραγία,
2811 2647 2974 2701 κάντε
3002 2647 3273 2713 πλούσιος,
3307 2649 3469 2703 κάντε
3497 2650 3666 2722 πένης

2086 2741 2305 2812 ὑπάρχῃ
2335 2742 2363 2793 ὁ
2403 2737 2674 2806 τοιοῦτος,
2705 2734 2772 2810 ἧς
2814 2739 2998 2793 ἕνεκεν
3043 2741 3180 2811 πρὸς
3214 2740 3349 2793 Θεοῦ
3381 2739 3669 2811 ἄνθρωπος

2087 2831 2377 2900 γεγένηται
2397 2844 2411 2858 ’
2439 2828 2515 2892 ὡς
2545 2828 2663 2891 δέον
2706 2828 2857 2902 παρά
2890 2830 2989 2901 μὲν
3023 2831 3157 2885 Θεοῦ
3190 2831 3250 2885 τὸ
3276 2828 3413 2884 εἷναι
3459 2830 3667 2894 λαϐεῖν,

2089 2923 2218 2993 παρ’
2247 2919 2440 2974 ἑαυτοῦ
2473 2920 2530 2972 δὲ
2563 2920 2624 2973 τὸ
2657 2921 2860 2989 ἀγαθὸν
2893 2923 3283 2992 προσγενέσθαι
3305 2922 3512 2989 λαϐεῖν,
3547 2941 3672 2976 συν⁹

2091 3012 2384 3084 εργοῦντος
2436 3011 2571 3066 Θεοῦ
2591 3030 2606 3044 ’
2643 3011 2888 3082 βούλεται
2914 3014 3021 3085 γὰρ
3053 3013 3188 3079 Θεὸς
3215 3016 3309 3069 καὶ
3341 3015 3470 3088 παρ’
3502 3014 3670 3069 αὐταῦ

2087 3105 2177 3157 τὸν
2204 3102 2489 3174 ἄνθρωπον
2528 3102 2673 3175 ἔχειν
2704 3104 2769 3159 ἄν
2791 3121 2862 3169 τι,
2893 3103 3108 3172 λογικὸν
3138 3104 3266 3158 ὄντα
3295 3104 3431 3176 πρὸς
3464 3104 3675 3170 ἔνδοξον

2091 3199 2423 3273 παρρησίαν.

2163 3383 2324 3435 Ὥστε
2381 3382 2442 3435 οὐ
2490 3381 2846 3453 θαυμάσομεν
2899 3382 3020 3436 οὐδὲ
3070 3381 3451 3454 μακαριοῦμεν
3505 3381 3676 3455 ἄνδρα

2101 3476 2353 3530 πλούσιον
2400 3475 2892 3548 κακοπραγοῦντασ
2939 3474 3062 3529 οὐδὲ
3109 3475 3552 3546 διαπρὴσομεν,
3593 3477 3676 3529 ἔτι

2093 3569 2312 3623 πλουτεῖ
2337 3570 2577 3633 τοιοῦτος
2608 3568 2683 3622 ὢν
2722 3571 2857 3638 πρὸς
2881 3569 2981 3640 τὴν
3002 3566 3097 3622 τοῦ
3135 3567 3269 3621 Θεοῦ
3302 3569 3576 3639 πρόνοιαν.
3610 3566 3675 3621 Τί

2092 3662 2201 3734 γὰρ
2230 3662 2465 3734 ὑπάρχει
2509 3662 2668 3715 πλέον
2697 3661 2851 3734 ἀνδρὶ
2882 3659 3101 3733 πονηρῷ
3135 3658 3449 3713 πλουτοῦντι
3474 3677 3488 3725 ;
3521 3658 3587 3713 Τί
3618 3657 3677 3714 δὲ

2093 3754 2191 3807 οὐκ
2223 3753 2442 3807 ἔλαττον
2464 3752 2613 3823 αὐτῷ
2638 3751 2961 3823 πρόσεστιν;
2996 3751 3293 3825 ἀγρυπνίαι
3317 3750 3416 3821 μὲν
3450 3752 3541 3803 καὶ
3561 3750 3679 3804 κίν-

2093 3843 2235 3898 δυνοι
2262 3844 2351 3898 διὰ
2384 3845 2453 3900 τὰ
2488 3845 2745 3917 χρήματα
2764 3884 2779 3909 ,
2812 3844 2979 3898 λύπαι
3009 3844 3065 3896 δὲ
3101 3843 3211 3897 τῶν
3235 3843 3678 3915 ἀναλισκομένων

2098 3938 2315 4009 μείζους
2345 3940 2488 4010 ἥπερ
2522 3937 2704 4009 ἡδοναὶ
2730 3937 2837 3991 τῶν
2874 3936 3275 4009 ποριζομένωνο
3310 3937 3369 3988 οὐ
3402 3937 3510 4009 γὰρ
3535 3934 3679 3989 οῦτω

2093 4030 2154 4084 τὸ
2208 4031 2380 4101 παρὸν
2423 4030 2726 4103 εὐφραίνει,
2758 4029 2834 4093 ὡς
2861 4029 2920 4083 τὸ
2945 4030 3083 4083 ἀπὸν
3124 4028 3312 4081 λυπεῖ·
3347 4027 3440 4081 καὶ
3481 4029 3567 4081 ἀεὶ
3608 4027 3681 4081 τὰ

2094 4119 2192 4189 τῆς
2222 4117 2518 4189 ἐπιθυμίας
2569 4116 2890 4182 συναύξεται
2922 4117 2999 4189 τῷ
3033 4118 3273 4187 πλούτῳ,
3313 4119 3388 4182 ὡς
3419 4117 3507 4171 τὸν
3533 4118 3681 4186 λογι-

2098 4209 2234 4279 σμὸν
2287 4208 2645 4271 ἀδιαλείπτως
2702 4213 2967 4262 συνοικεῖν
3018 4209 3234 4281 ἀσχέτῳ
3282 4208 3474 4278 πάθει,
3520 4210 3581 4263 τὸ
3622 4209 3681 4263 δὲ

2100 4299 2259 4373 σῶμα
2292 4302 2550 4366 πολλάκις
2575 4302 3084 4372 ωγκατατήκεσθαι
3111 4301 3188 4373 τῷ
3221 4302 3468 4375 λογισμῷ
3487 4321 3499 4333 ο
3535 4302 3595 4355 τὺ
3622 4302 3683 4355 δὲ

2097 4394 2287 4448 δοκοῦν
2309 4396 2603 4467 πλεονεκτη
2612 4412 2686 4466 μα
2711 4394 2804 4448 τοῦ
2831 4394 3144 4465 περιουσίαν
3167 4396 3502 4467 κεκτημένου
3526 4394 3682 4466 χαλε-

413 4493 506 4537 tur
555 4486 903 4554 praestantior
945 4487 1189 4541 conditio
1237 4489 1567 4543 aﬁluentiam
1611 4505 1773 4559 opum
1815 4491 1986 4561 possi.

2100 4484 2344 4559 πώτερον
2377 4485 2689 4557 τυγχάνειῆ
2729 4486 3098 4558 μειονέκτημα
3123 4502 3137 4516 ⁸
3179 4485 3399 4556 τρυφῶν
3430 4485 3545 4556 (50)
3572 4482 3683 4556 γὰρ

413 4574 614 4641 dentis,
665 4577 939 4640 diﬁicilior
978 4586 1033 4635 et
1075 4581 1358 4637 molestior
1408 4589 1493 4638 est
1532 4597 1693 4653 quam
1754 4582 1994 4638 conditio

413 4670 623 4737 egentis
660 4688 672 4724 :
706 4670 796 4725 ille
818 4672 968 4740 enim
992 4672 1204 4728 deliciis
1229 4682 1283 4728 et
1309 4672 1540 4728 mollitia
1580 4673 1779 4729 cubitis
1811 4683 1992 4740 utens,

415 4760 744 4832 quandoque
775 4763 829 4817 in
861 4764 1041 4819 varios
1092 4765 1313 4820 morbos
1363 4765 1575 4831 incidit,
1629 4781 1752 4820 cum
1790 4782 1997 4838 pauper

417 4857 669 4913 siccitate
727 4857 905 4914 victus
977 4859 1275 4914 necessarii
1345 4860 1710 4916 vaietudinem
1779 4862 1993 4932 corpori

416 4950 632 5007 ascivit.
660 4948 731 5003 At
763 4951 888 5020 quis
916 4950 1062 5005 dicat
1099 4966 1207 5005 non
1243 4966 1365 5006 esse
1394 4967 1594 5022 corpus
1625 4953 1981 5008 excellentius

416 5051 471 5096 et
499 5041 674 5111 magis
703 5040 1026 5095 honoratum
1059 5057 1223 5111 quam
1254 5041 1396 5096 bona
1444 5042 1707 5097 externa?
1738 5041 1896 5108 Quod
1946 5043 1994 5099 si

419 5131 681 5188 habitudo
719 5132 967 5202 corporis
1020 5134 1289 5188 valentior
1325 5133 1381 5187 in
1426 5134 1494 5189 iis
1547 5140 1861 5204 perseverat
1905 5133 1999 5204 qui

420 5224 750 5281 necessariis
778 5224 1055 5281 moderate
1096 5233 1355 5291 utuntur;
1393 5225 1461 5281 iis
1507 5242 1638 5281 vero
1683 5226 1775 5296 qui
1828 5241 1889 5281 se
1933 5225 1998 5280 ad

422 5317 815 5372 immoderatas
858 5316 1088 5373 delicias
1142 5318 1450 5382 dimittunt,
1515 5318 1681 5372 simul
1728 5319 1898 5372 robur
1947 5327 2002 5372 et

423 5405 653 5464 ﬁrmitas
675 5409 924 5479 corporis
955 5408 1266 5475 relaxatur;
1310 5424 1493 5463 annon
1534 5410 1703 5480 liquet
1726 5410 1827 5463 hac
1848 5418 2003 5479 parte

424 5507 477 5551 et
510 5500 611 5556 hac
634 5501 846 5557 ratione
873 5500 1161 5558 inferiores
1207 5516 1331 5557 esse
1376 5499 1599 5556 divitias
1647 5501 2005 5571 paupertate?

2101 4578 2194 4633 xui.
2224 4577 2383 4647 εὐνῆς
2409 4576 2710 4649 ἀπαλότητι
2741 4575 3042 4648 χρώμενος,
3082 4578 3163 4641 εἰς
3199 4576 3509 4650 ἀρρωστίας
3535 4574 3681 4628 ἐστιν

2100 4671 2189 4723 ὅτε
2212 4669 2460 4733 ποικίλας
2481 4669 2764 4740 ἐμπίπτει·
2780 4669 2873 4723 τοῦ
2899 4670 2955 4723 δὲ
2976 4670 3209 4738 πένητος
3224 4672 3289 4741 τῇ
3310 4667 3565 4740 ξηρότητι
3583 4666 3682 4737 τῆς

2101 4761 2407 4830 ἀναγκαίας
2450 4762 2659 4832 διαίτης
2702 4762 2764 4815 τὺ
2809 4763 3049 4831 ὑγιαῖνον
3083 4760 3160 4833 τῷ
3205 4759 3419 4832 σώματι
3461 4756 3683 4830 ποριζό-

2106 4872 2288 4926 μενον.
2344 4855 2538 4909 Καίτοι
2578 4854 2663 4921 τίς
2697 4854 2763 4909 ἂν
2816 4856 2972 4927 φαίη,
3008 4854 3085 4919 ὡς
3111 4853 3234 4925 οὐχὶ
3279 4852 3340 4907 τὸ
3372 4853 3533 4923 σῶμα
3576 4851 3685 4905 τῶν

2102 4946 2258 5011 ἐκτὸς
2287 4949 2712 5019 προτιμότερον;
2741 4948 2805 5001 Ei
2827 4947 2883 5001 δὲ
2906 4949 3015 5011 τοῖς
3049 4946 3117 5001 τά
3143 4946 3415 5015 ἀναγκαῖα
3443 4943 3688 5015 μετρίοις

2103 5039 2553 5112 ἐρρωμενεστέρα
2597 5038 2689 5093 τοῦ
2733 5038 2983 5110 σώματος
3021 5032 3139 5103 ἓξις
3180 5035 3445 5107 διαμένει,
3485 5035 3597 5097 τοῖς
3630 5032 3687 5085 δὲ

2105 5128 2240 5200 πρὸς
2292 5130 2529 5201 ἄμετρον
2572 5129 2782 5200 τρυφὴν
2835 5127 3295 5199 κεχαλασμένοις,
3348 5122 3692 5195 συγκατάγε-

2103 5238 2191 5274 ται
2221 5222 2316 5275 καὶ
2355 5221 2450 5275 τοῦ
2485 5221 2735 5294 σώματος
2774 5221 2804 5274 ὁ
2840 5222 3024 5286 τόνοςο
3061 5220 3178 5285 πῶς
3210 5219 3309 5273 οὐκ
3339 5215 3579 5289 ἔνδηλον,
3613 5214 3692 5277 ὡς

2107 5314 2251 5369 κατὰ
2276 5315 2433 5369 τοῦτο
2465 5316 2558 5369 καὶ
2589 5316 2810 5369 ἔλαττον
2845 5317 2946 5386 τῆς
2983 5314 3173 5377 πενίας
3197 5314 3226 5366 ὁ
3252 5309 3520 5375 πλοῦτος;
3550 5305 3694 5378 πλὴν

2108 5410 2157 5463 εἰ
2202 5409 2275 5481 μή
2330 5427 2413 5472 τις
2441 5408 2690 5481 εὑρεθείη
2748 5409 2842 5462 καὶ
2883 5406 2991 5463 τῶν
3034 5404 3347 5475 ἀναγκαίων
3400 5399 3690 5473 προσδεὴς.

2108 5503 2246 5573 ὅπερ
2277 5501 2530 5556 οὐδέποτε
2565 5500 2643 5572 τῷ
2676 5501 2796 5555 κατ’
2828 5500 3030 5572 ἀρετὴν
3074 5495 3345 5569 σπουδαίῳ
3381 5493 3693 5566 συμϐαίνει.

426 5604 785 5668 praeterquam
812 5595 857 5652 si
886 5596 1009 5667 quis
1043 5596 1348 5667 reperiatur
1398 5594 1490 5664 qui
1536 5601 1691 5664 egeat
1714 5594 2079 5661 necessariis;
2119 5595 2266 5666 quod
2289 5595 2509 5666 quidem
2532 5609 2813 5665 nunquam
2849 5593 3098 5650 studioso
3120 5590 3341 5646 virtutis
3365 5587 3584 5645 accidit.

498 5689 751 5763 Nunquid
801 5693 1051 5763 voluptas
1098 5691 1347 5747 ciborum
1386 5699 1833 5775 sumptuosorum
1882 5707 2007 5764 per-

504 5813 615 5889 (30)
642 5814 806 5872 Forte
827 5818 1080 5887 τρυφαῖς.
1106 5816 1260 5873 Ent't'.

2187 5687 2335 5766 Ἀρα
2371 5691 2436 5765 δὴ
2475 5690 2581 5745 τῶν
2618 5689 2926 5746 πολυτελῶν
2954 5688 3264 5763 ἐδεσμάτων
3292 5688 3327 5759 ἡ
3357 5685 3521 5758 ἡδονὴ
3565 5693 3700 5738 συν-
