4100 6478
438 412 574 468 1149

1533 407 1912 465 ADVERSUS
1951 405 2376 463 ΜΑΝΙΟΗᾸΞΟΞ
2414 408 2542 463 LIB.
2586 408 2649 464 ll.

3568 411 3707 467 H50

433 526 676 599 διαμένει
707 529 774 599 τῇ
804 524 1053 597 αἰσθήσει
1075 522 1184 578 τῶν
1221 524 1308 578 ἀεὶ
1333 526 1715 597 κεχρημένων,
1747 524 1780 594 ἢ
1808 523 1869 593 δὴ
1895 521 1982 575 λία

2120 529 2299 578 manet
2328 537 2453 576 eum
2484 538 2649 577 sensu
2683 536 2872 576 eorum
2919 522 3011 591 qui
3045 537 3265 591 semper
3299 523 3381 577 usi
3425 532 3558 579 sunt
3592 526 3698 594 eis,

432 618 764 686 εύτελίζεται
792 621 859 691 τῇ
892 617 1081 690 χρονίᾳ
1112 616 1404 689 συνηθείᾳ;
1432 618 1507 680 ὡς
1534 617 1697 688 μηδὲν
1719 616 1861 687 ἐχειν
1888 615 2013 679 τοὺς

2117 628 2186 667 an
2214 614 2369 668 valde
2401 614 2525 669 vilis
2551 612 2782 668 edicitur
2804 612 3066 670 diuturno
3099 615 3236 668 usu?
3269 623 3326 667 ut
3361 615 3474 683 jam
3523 616 3697 674 nihilo

430 714 703 778 τοιούτους
725 713 906 779 πλέον,
930 714 1067 784 ὅπερ
1090 713 1169 776 είς
1188 711 1396 783 τρυφὴν
1413 712 1867 783 προσαγάγωνται
1883 727 1896 740 ·
1926 712 1986 764 ἀε

2114 704 2239 772 plus
2267 703 2503 758 habeant
2535 704 2627 759 isti
2656 706 2709 758 in
2738 718 2825 765 eo,
2859 704 3002 773 quod
3028 703 3100 759 ad
3115 704 3341 759 delicias
3366 715 3420 759 et
3443 707 3679 777 volupta-

429 805 541 877 γὰρ
573 806 635 859 τὸ
679 804 908 877 σύνηθες
952 805 1445 875 εὐκαταφρόνητον.
1488 803 1577 875 Τῷ
1603 805 1660 859 δὲ
1706 805 1898 876 πένητι
1950 820 1986 857 τι

2114 802 2222 850 tem
2268 795 2527 850 adhibent
2560 814 2573 849 :
2607 809 2820 865 semper
2845 796 2990 850 enim
3014 794 3162 865 quod
3215 803 3540 852 consuetum
3585 808 3693 864 cst,

432 895 531 967 μὲν
564 893 779 958 εὐτελὲς
812 893 900 947 διὰ
927 892 1024 965 τὴν
1056 893 1243 961 ὑγείαν
1262 892 1498 963 ἥδιστον,
1527 892 1589 944 τὸ
1622 892 1678 945 δὲ
1699 890 2007 955 πολυτελὲς,

430 984 486 1039 εἴ
514 1001 647 1039 ποτε
680 985 916 1053 γένοιτο,
949 983 1098 1048 ξένον
1133 983 1229 1037 καὶ
1266 984 1579 1036 καινότατον
1605 985 1684 1046 είς
1716 983 2010 1052 ἀνειμένην

429 1074 732 1129 ἀπόλαυσιν
753 1092 766 1107 ·
809 1074 950 1128 ὥστε
982 1073 1125 1128 κατὰ
1147 1074 1305 1128 τοῦτο
1334 1079 1445 1139 τοῖς
1472 1076 1652 1147 όρθοῖς
1674 1075 1953 1145 λογισμοῖς
1979 1076 2008 1127 6

430 1162 712 1235 χρώμενος
750 1163 900 1237 εὖροι
940 1164 1006 1218 ἂν
1034 1164 1197 1218 πλέον
1238 1164 1429 1236 ἔχοντα
1472 1166 1567 1219 τοῦ
1618 1165 1870 1218 πλουσίου
1917 1163 2008 1216 τὸν

428 1256 659 1328 πένητα.
688 1257 862 1320 Νόσος
887 1257 945 1311 δὲ
976 1259 1071 1311 καὶ
1101 1258 1260 1327 ὑγεία
1278 1258 1675 1330 παραπλησίως
1697 1259 1968 1326 ἀναγκαῖα
1987 1273 2003 1289 ·

423 1346 459 1417 ἦ
489 1364 550 1401 τε
576 1347 683 1419 γὰρ
715 1347 873 1417 ύγεία
917 1348 1053 1420 πρὸς
1082 1348 1295 1402 ἀδικίαν
1321 1349 1416 1403 τοῦ
1455 1348 1616 1421 ἔργου
1644 1350 1742 1420 τῆς
1781 1349 2002 1421 ἀρετῆς,

422 1439 458 1510 ἡ
491 1455 553 1493 τε
585 1440 736 1504 νόσος
767 1439 914 1494 ἐστιν
932 1441 1021 1495 ὅτε
1048 1440 1186 1515 πρὸς
1213 1440 1524 1512 ἀνατροπὴν
1548 1440 1847 1514 ἁμαρτίας·
1881 1439 2007 1514 βοη-

423 1531 596 1585 θεῖται
617 1532 725 1603 γὰρ
748 1532 1008 1596 πολλάκις
1037 1533 1065 1586 6
1095 1531 1353 1604 λογισμὸς
1377 1537 1490 1598 τοῖς
1512 1533 1709 1599 ἔξωθεν
1738 1534 1805 1587 κύ
1814 1551 1999 1606 μασιν.

425 1623 635 1688 Ἄλλως
655 1641 714 1677 τε
738 1624 846 1677 τῶν
868 1626 1317 1698 ἀρρωστημάτων
1343 1629 1376 1698 ὴ
1406 1629 1567 1700 πεῖρα
1592 1628 1690 1698 τῆς
1711 1628 1803 1681 τοῦ
1829 1627 2005 1695 ὑγιαί-

419 1732 533 1769 νειν
566 1715 884 1786 εὐεργεσίας
919 1718 1323 1788 ἀναμιμνήσκει
1375 1718 1512 1789 πρὸς
1554 1717 1857 1772 εὐλάϐειαν.
1892 1714 2000 1771 Ἦν

414 1809 460 1861 δ’
494 1808 559 1862 ἂν
598 1810 691 1862 καὶ
729 1808 848 1864 λίαν
879 1811 1373 1882 εὐκαταφρόνητος,
1403 1812 1452 1864 εί
1474 1811 1596 1865 καθ’
1633 1813 1831 1883 ἑαυτὴν
1866 1811 1999 1864 καθ-

413 1898 535 1951 όλου
589 1898 825 1971 διέμενε,
875 1900 953 1971 τῷ
1002 1903 1171 1972 μηδὲν
1207 1902 1517 1974 ἐνδέχεσθαι
1566 1903 1993 1974 παρεμποδίζειν

414 1987 605 2059 αὐτήν.

2112 887 2271 943 facile
2312 889 2702 944 contemnitur.
2738 888 2973 958 Pauperi
3013 896 3194 942 autem
3237 889 3381 959 quod
3429 896 3593 945 tenue
3639 898 3697 946 et

2110 982 2217 1037 vile
2276 991 2380 1047 est,
2436 989 2660 1051 propter
2701 981 2991 1037 sanitatem
3044 982 3431 1038 suavissimum
3485 990 3570 1038 est
3600 999 3615 1038 :
3645 983 3695 1038 si

2110 1073 2331 1144 quando
2360 1088 2492 1128 vero
2522 1073 2595 1126 sit
2623 1072 2695 1135 ei,
2722 1073 2866 1142 quod
2897 1081 3283 1142 sumptuosum
3305 1083 3412 1136 est,
3452 1075 3691 1143 peregrio

2108 1181 2237 1221 num
2275 1173 2328 1220 et
2360 1179 2561 1219 novum
2594 1164 2746 1219 ducit
2794 1164 2862 1219 ad
2906 1164 3192 1220 fruendam
3243 1166 3639 1220 relaxationem
3673 1185 3688 1221 :

2106 1264 2169 1311 ut
2195 1257 2296 1310 hac
2323 1255 2556 1321 ratione,
2598 1257 2693 1325 qui
2736 1264 2885 1310 recte
2933 1256 3155 1325 cogitet,
3210 1271 3506 1327 pauperem
3543 1271 3694 1327 repe-

2106 1346 2213 1401 riat
2264 1352 2527 1415 praestare
2574 1345 2751 1399 diviti.
2792 1342 3016 1400 Morbus
3050 1354 3232 1399 autem
3285 1351 3341 1401 et
3408 1346 3552 1400 bona
3594 1359 3692 1401 va-

2105 1438 2289 1495 letudo
2337 1453 2492 1508 aeque
2538 1438 2851 1493 necessaria
2886 1444 3036 1493 sunt.
3089 1435 3310 1492 Sanitas
3362 1437 3509 1493 enim
3544 1435 3689 1492 valet

2104 1530 2377 1585 interdum
2407 1528 2475 1583 ad
2536 1528 2857 1599 injustitiam
2907 1540 2963 1583 et
3013 1526 3372 1582 oli‘ensionem
3443 1526 3685 1591 virtutis,

2104 1623 2331 1677 morbus
2358 1622 2485 1675 item
2513 1619 2808 1691 aliquando
2836 1618 2904 1674 ad
2938 1618 3294 1674 evertendam
3329 1624 3385 1674 et
3430 1618 3683 1674 refutan-

2103 1714 2231 1769 dum
2291 1724 2573 1784 peccatum
2627 1712 2818 1767 valet:
2847 1710 3073 1779 juvatur
3116 1711 3263 1765 enim
3308 1724 3687 1780 saepenumero

2104 1807 2244 1861 ratio
2269 1805 2510 1861 externis
2540 1802 2819 1859 ﬂuctibus.
2841 1802 3123 1857 Interdum
3158 1802 3497 1873 experientia
3531 1805 3689 1856 inva—

2103 1897 2365 1952 letudinis
2393 1895 2462 1951 de
2492 1894 2762 1950 beneﬁcio
2786 1894 2942 1949 bonae
2980 1892 3309 1949 valetudinis
3332 1894 3589 1949 admonet
3615 1893 3692 1948 ad

2099 1985 2484 2042 declinandum
2515 1982 2860 2038 maleﬁcium.
2894 1980 3055 2038 Esset
3097 1990 3276 2037 autem
3318 1981 3574 2063 despecta
3603 1997 3693 2039 sa.

2105 2077 2272 2140 nitas,
2300 2076 2343 2129 si
2371 2075 2624 2130 universe
2652 2089 2747 2144 per
2778 2088 2839 2130 se
2870 2080 3234 2144 permaneret,
3261 2073 3506 2146 nihilque
3537 2073 3684 2145 quod

2092 2186 2213 2226 eam
2246 2167 2553 2239 impediret,
2577 2174 2762 2238 posset
2803 2167 3149 2235 contingere.

1190 2316 1318 2373 CAP.
1362 2316 1454 2375 IX.
1488 2317 1681 2375 Justus
1714 2333 2004 2392 aegrotans.
2046 2323 2285 2394 Male/isi
2324 2339 2420 2377 cur
2451 2339 2556 2378 non
2587 2324 2900 2394 puniantur.

480 2456 542 2510 El
561 2454 605 2509 δ’
641 2455 670 2507 6
701 2454 799 2526 μὲν
824 2454 1076 2526 ἐπιεικὴς
1103 2455 1307 2527 νοσοίη,
1348 2456 1582 2524 ὑγιαίνοι
1606 2456 1663 2509 δὲ
1688 2459 1717 2510 6
1752 2457 1959 2528 θρασύς
1979 2478 1991 2490 ·

405 2546 436 2597 6
467 2546 566 2617 μὲν
613 2545 927 2616 κατέχεται,
973 2543 1053 2615 τῷ
1099 2544 1304 2616 κύματι
1354 2545 1748 2617 βοηθούμενος,
1780 2549 1916 2620 πρὸς
1933 2551 1995 2603 τὸ

405 2636 695 2708 ἄμεμπτον
741 2636 840 2708 τῆς
875 2634 1070 2690 ἑαυτοῦ
1123 2637 1304 2708 ζωῆς·
1333 2640 1361 2692 6
1401 2638 1461 2692 δὲ
1510 2641 1867 2711 παραδέδοται
1915 2642 1995 2714 τῷ

406 2727 749 2798 πλημμελεῖν
782 2728 861 2791 ὼς
905 2729 1346 2801 ἀπεγνωσμένος.
1377 2730 1441 2782 Εί
1476 2730 1520 2784 δ’
1556 2728 1711 2795 αὖθις
1733 2734 1761 2785 6
1788 2732 1994 2805 θρασὺς

403 2818 500 2873 καὶ
529 2817 651 2872 λίαν
673 2818 878 2891 ἀσεσὴς
915 2820 1255 2892 περιπίπτοι,
1294 2821 1324 2874 6
1358 2821 1415 2875 δὲ
1443 2822 1692 2895 ἐπιεικὴς
1721 2824 1954 2893 ὑγιαίνοι
1974 2838 1990 2854 ·

400 2915 430 2965 6
459 2912 557 2982 μὲν
578 2911 677 2982 οὐχ
710 2911 797 2965 ἵνα
829 2910 1069 2984 βοηθηθῇ
1104 2912 1241 2984 πρὸς
1267 2912 1521 2985 αἴσθησιν
1541 2916 1848 2983 κολάζεται,
1875 2919 1989 2973 ἀλλ’

402 3004 492 3057 ινα
538 3002 885 3078 χρησιμεύσῃ
924 3007 1040 3068 τοῖς
1091 3004 1258 3077 ὁρῶσι
1302 3006 1440 3078 πρὸς
1477 3007 1864 3081 ὑπόδειγμαοό
1908 3011 1990 3077 δὲ,

397 3097 477 3160 ὠς
499 3096 624 3167 δίχα
652 3095 868 3167 δεσμῶν
894 3096 1116 3168 ἡμέρως
1136 3098 1496 3167 ἀναστρέφειν
1520 3098 1836 3170 δυνάμενος,
1864 3101 1993 3155 ἄνο·

399 3204 495 3252 σος
516 3186 797 3257 διαμένει·
839 3189 889 3241 εί
937 3189 1031 3241 κα)⁸
1066 3188 1202 3251 ὅλως
1248 3188 1487 3259 ἑκάτερα
1536 3191 1816 3260 πανταχοῦ
1852 3194 1991 3263 χρή-

2173 2458 2230 2513 Si
2267 2464 2449 2513 autem
2482 2457 2575 2513 ille
2620 2457 2842 2528 quidem
2886 2456 3076 2528 justus
3128 2466 3377 2530 aegrotet,
3420 2458 3511 2514 hic
3551 2474 3686 2515 vero

2095 2550 2274 2607 audax
2306 2552 2445 2606 bene
2495 2549 2706 2618 valeat;
2769 2550 2860 2606 ille
2915 2552 3143 2622 quidem
3196 2552 3485 2607 cohibetur
3537 2553 3683 2608 unda

2095 2644 2340 2713 adjutus,
2367 2652 2425 2697 ut
2445 2643 2554 2696 vita
2578 2644 2698 2712 ejus
2744 2643 2968 2713 querela
3019 2653 3074 2699 et
3112 2644 3540 2714 reprehensione
3586 2659 3682 2698 ca-

2094 2742 2254 2801 reat;
2308 2734 2396 2789 hic
2442 2749 2576 2789 vero
2618 2742 2879 2804 tanquam
2945 2735 3268 2805 desperatus
3319 2734 3556 2791 traditus
3597 2744 3683 2792 est

2092 2826 2352 2898 peccatis.
2388 2824 2445 2880 Si
2490 2842 2685 2883 rursus
2716 2825 2897 2881 audax
2943 2834 2997 2881 et
3044 2825 3204 2882 valde
3249 2825 3452 2896 impius
3489 2826 3683 2883 morbo

2093 2918 2465 2983 conﬂictetur,
2493 2918 2682 2988 justus
2729 2934 2856 2973 vero
2887 2918 3044 2972 ﬁrma
3093 2920 3407 2975 valetudine
3436 2922 3542 2985 sit;
3579 2934 3682 2990 pu-

2091 3010 2246 3065 nitur
2271 3010 2363 3065 ille
2391 3009 2612 3080 quidem
2658 3025 2825 3065 sensu
2879 3010 3154 3079 supplicii,
3211 3026 3319 3064 non
3353 3010 3678 3078 utjuvetur,
3755 3048 3759 3055 ρ

2088 3102 2184 3157 sed
2220 3110 2279 3155 ut
2308 3101 2449 3156 alios
2478 3102 2728 3171 exemplo
2752 3102 2942 3171 juvet;
2969 3103 3057 3156 hic
3092 3117 3244 3169 vero,
3291 3112 3553 3173 tanquam
3584 3105 3678 3174 qui

2086 3193 2283 3248 solutis
2314 3192 2548 3249 vinculis
2581 3201 2866 3249 mansuete
2901 3193 3107 3249 versari
3134 3195 3471 3263 potest,sine
3495 3209 3679 3264 aegro-

397 3296 556 3352 σιμα,
585 3280 680 3333 καὶ
706 3279 887 3343 ἄθλιος
908 3280 938 3332 6
966 3280 1066 3351 τὴν
1091 3280 1358 3352 Πρόνοιαν
1383 3281 1632 3335 ἐντεῦθεν
1656 3283 1986 3354 ἀρνούμενος

2093 3285 2307 3338 tatione
2335 3295 2671 3352 perseverat.
2706 3283 2968 3349 Quamvis
3002 3293 3235 3353 utraque
3276 3302 3505 3355 prorsus
3554 3286 3680 3342 ubi-

393 3370 432 3442 ῆ
461 3368 790 3422 διαῆἀλλωψ
826 3369 963 3440 μόνη
1002 3368 1111 3442 γὰρ
1135 3369 1378 3442 ὀλέθριος
1409 3371 1589 3441 εκείνη
1621 3371 1795 3437 νόσος,
1821 3375 1854 3444 ὴ
1881 3376 1980 3445 τὴν

392 3459 633 3514 διάθεσιν
653 3459 755 3530 τῆς
772 3458 951 3531 ψυχῆς
979 3461 1115 3531 πρὸς
1141 3461 1464 3534 ἀποτροπὴν
1485 3464 1684 3535 ἀρετῆς
1711 3464 1978 3520 κακοῦσα.

393 3545 494 3617 Οἷς
522 3547 617 3606 οὖν
638 3555 666 3606 6
697 3551 955 3624 λογισμὸς
972 3550 1149 3618 ἀθῶος
1168 3553 1432 3625 διαμένοι,
1459 3550 1670 3623 εἴτ’,οὖν
1693 3558 1785 3609 καὶ
1806 3556 1985 3625 ὑγιαί-

392 3660 477 3697 νοι
514 3644 573 3698 τὺ
619 3643 799 3716 σῶμα,
827 3642 1179 3716 αίσθήσονται
1213 3646 1474 3718 ἑκατέρου
1506 3645 1566 3699 τὸ
1595 3648 1863 3719 χρήσιμον
1883 3666 1896 3678 ·
1932 3647 1982 3699 εἰ

390 3737 503 3807 γὰρ
547 3733 622 3807 μὴ
676 3736 894 3798 πάντως
926 3734 1144 3802 κολάζοι
1169 3736 1261 3791 τὸν
1306 3736 1758 3808 κακοπραγοῦντα
1805 3739 1978 3804 νόσος,

389 3826 578 3899 ἐπειδὴ
621 3828 714 3880 καὶ
747 3827 873 3890 τοὺς
902 3827 1102 3898 νόμους
1149 3827 1294 3881 ἔστιν
1339 3829 1427 3883 ὅτε
1471 3828 1824 3898 διαφεύγουσι
1875 3847 1977 3884 κα-

388 3918 613 3990 κοῦργοι
633 3936 648 3951 ο
697 3915 786 3992 ἆρ’
817 3915 909 3973 οὖν
938 3920 1038 3973 οὐκ
1071 3918 1147 3973 ἂν
1168 3920 1251 3993 εἴη
1281 3920 1369 3974 διὰ
1399 3920 1559 3975 τοῦτο
1605 3921 1836 3993 κώλυμα
1880 3922 1981 3993 τῆς

386 4012 724 4084 κακουργίας
754 4014 783 4066 6
825 4012 1009 4085 νόμος,
1047 4011 1234 4083 ἐπειδὴ
1278 4012 1351 4085 μὴ
1388 4013 1477 4067 διὰ
1523 4015 1737 4069 πάντων
1766 4015 1982 4086 πρόεισι

382 4106 497 4161 τῶν
527 4107 939 4178 ὑποκειμένων;
985 4107 1017 4179 ἢ
1044 4108 1105 4161 τὸ
1154 4105 1339 4177 θαῦμα
1365 4107 1463 4178 τῆς
1494 4106 1588 4159 τοῦ
1627 4106 1762 4160 Θεοῦ
1793 4107 1982 4177 σοφίας

384 4196 639 4251 ἐντεῦθεν
673 4197 748 4261 ὡς
791 4198 1129 4268 πανταχόθεν
1171 4197 1583 4265 ἀναδείκνυταις
1627 4198 1690 4251 Εί
1735 4198 1832 4270 μὲν
1873 4197 1982 4269 γὰρ

383 4289 609 4354 πάντως
644 4289 804 4361 δῆλον
847 4286 935 4363 ἦν,
959 4290 1036 4354 ὡς
1074 4289 1326 4361 οὐδαμῶς
1354 4289 1623 4361 ἐνδέχεται
1668 4289 1983 4358 διαφεύγειν

378 4379 492 4434 τῶν
537 4378 718 4452 νόμων
761 4380 862 4454 τὴν
912 4381 1132 4436 κόλασιν
1159 4380 1249 4435 τὸν
1296 4382 1325 4435 ὃ
1379 4398 1432 4434 τι
1483 4382 1681 4452 δήποτε
1722 4382 1829 4437 τῶν
1874 4382 1980 4435 ἀπ-

380 4472 772 4544 ηγορευμένων
811 4472 1310 4545 διαπραττόμενον,
1347 4472 1600 4544 κίϐδηλον
1634 4472 1699 4526 ἂν
1744 4473 1839 4528 καὶ
1861 4472 1981 4525 λίαν

2084 3389 2189 3445 que
2238 3375 2390 3429 utilia
2433 3375 2577 3441 sint;
2613 3381 2669 3430 et
2716 3376 2904 3438 miser,
2956 3376 3049 3445 qui
3103 3375 3508 3433 Providentiam
3549 3379 3680 3434 hinc

2058 3454 2240 3536 'negat
2271 3474 2361 3520 aut
2403 3472 2627 3520 accusat
2660 3483 2674 3520 :
2706 3466 2796 3520 ille
2837 3465 2984 3519 enim
3020 3467 3249 3522 morbus
3295 3467 3448 3522 solus
3482 3467 3679 3523 morti-

2082 3554 2164 3611 fer
2193 3564 2296 3621 est,
2327 3557 2421 3626 qui
2453 3557 2691 3610 animam
2727 3559 2794 3609 ad
2823 3556 3175 3611 evertendam
3221 3557 3483 3612 virtutem
3533 3560 3680 3615 male

2083 3645 2265 3717 allicit.
2299 3646 2357 3701 In
2392 3646 2594 3717 quibus
2622 3646 2948 3717 igiturratio
2983 3647 3131 3702 salva
3148 3655 3202 3702 et
3234 3648 3530 3703 incolumis
3552 3664 3678 3718 per-

2083 3747 2319 3802 severat,
2354 3738 2471 3792 sive
2507 3752 2653 3807 aegro
2684 3752 2917 3807 corpore
2950 3737 3066 3792 sive
3109 3752 3246 3792 sano
3280 3739 3412 3804 sint,
3460 3739 3674 3793 utrius-

2082 3841 2189 3896 que
2220 3827 2512 3880 utilitatem
2538 3827 2777 3880 sentient
2802 3827 2937 3880 :etsi
2965 3826 3109 3880 enim
3151 3838 3259 3880 non
3289 3828 3513 3881 omnino
3535 3843 3677 3883 more

2082 3917 2187 3972 bus
2217 3918 2524 3972 maletlcum
2562 3919 2775 3988 puniat,
2808 3917 3079 3988 siquidem
3114 3919 3261 3990 leges
3301 3920 3465 3975 etiam
3501 3920 3672 3976 inter-

2082 4007 2211 4062 dum
2264 4007 2499 4062 maleliri
2542 4005 2846 4079 ell‘ugiunt;
2883 4022 2953 4062 an
3001 4017 3291 4079 prepterea
3330 4009 3544 4066 desinet
3589 4011 3669 4066 lex

2080 4112 2205 4153 esse
2235 4098 2681 4168 impedimentum
2718 4099 3001 4163 maleﬁcis,
3047 4102 3174 4169 quia
3210 4114 3320 4154 non
3357 4117 3453 4171 per
3479 4114 3673 4158 omnes

2082 4190 2183 4261 legi
2211 4191 2494 4260 subjectos
2530 4191 2810 4261 procedit?
2838 4191 2921 4243 An
2946 4191 3242 4246 admiratio
3266 4208 3323 4247 sa
3334 4193 3553 4262 pientis:
3574 4192 3669 4249 Dei

2083 4283 2213 4338 hinc
2245 4284 2410 4338 etiam
2445 4283 2588 4336 sicut
2638 4280 2881 4352 undique
2914 4282 3265 4337 declaratur?
3299 4282 3357 4337 Si
3397 4285 3541 4338 enim
3581 4301 3672 4356 pe-

2082 4376 2231 4430 nitus
2271 4381 2571 4438 constaret,
2608 4374 2763 4427 nullo
2797 4381 2959 4444 pacto
2995 4374 3482 4445 posse'hominem
3527 4376 3667 4431 ellu-

2081 4483 2207 4537 gere
2235 4467 2563 4537 supplicium
2585 4466 2787 4537 legum,
2838 4466 2932 4537 qui
2961 4465 3327 4538 quodcunque
3363 4466 3480 4537 lege
3530 4467 3668 4522 veti-

378 4563 642 4633 ἀδόκιμον
669 4558 738 4634 ἦν
764 4563 825 4616 τὸ
858 4564 1139 4637 ἄπρακτον
1177 4565 1277 4636 τῆς
1310 4567 1618 4640 ἁμαρτίας·
1647 4565 1848 4628 πάντες
1872 4564 1981 4637 γὰρ

2089 4568 2200 4614 ιυιη
2246 4566 2332 4615 est
2361 4557 2709 4624 admitteret;
2748 4557 3028 4614 abstinere
3071 4568 3319 4630 peccato,
3365 4574 3474 4613 non
3518 4567 3666 4614 esset

377 4655 447 4708 ἂν
493 4654 604 4707 δέει
653 4654 755 4725 τῆς
801 4636 1091 4729 τιμωρίας,
1131 4658 1252 4727 οὐχὶ
1300 4636 1447 4730 μίσει
1488 4662 1589 4730 τῆς
1614 4658 1971 4731 κακουργίας,

2089 4656 2393 4721 spectatum
2425 4664 2488 4703 ac
2526 4649 2839 4720 probatum,
2873 4648 2969 4704 sed
3000 4649 3369 4705 adulterinum
3402 4657 3457 4705 et
3480 4650 3663 4705 incer-

376 4746 689 4816 ἀπείχοντο.
732 4746 853 4819 Χρὴ
889 4746 946 4800 δὲ
992 4747 1085 4801 τὸν
1130 4749 1413 4804 σπουδαῖον
1461 4755 1637 4822 μισεῖν
1666 4752 1727 4806 τὸ
1747 4749 1971 4820 ποιῆσαι

379 4837 582 4910 μᾶλλον
612 4835 645 4909 ἢ
684 4836 899 4902 παθεῖν,
936 4838 1038 4893 κᾶν
1074 4839 1147 4912 μὴ
1177 4840 1403 4905 δικαίως
1431 4842 1744 4910 συμϐαίνοι.

2081 4748 2197 4795 tum
2234 4759 2247 4795 :
2278 4756 2470 4797 omnes
2488 4741 2633 4796 enim
2665 4748 2812 4796 metu
2853 4741 3132 4812 supplicii,
3174 4757 3284 4796 non
3321 4741 3449 4797 odio
3490 4741 3664 4796 male-

2077 4833 2186 4889 licii
2225 4833 2584 4889 abstinerent.
2626 4831 2855 4903 Oportet
2891 4846 3073 4889 autem
3109 4834 3399 4890 honestum
3449 4840 3504 4890 et
3536 4848 3664 4905 pro-

376 4932 508 4984 bum
538 4925 713 4998 magis
743 4929 927 4985 odisse
960 4930 1288 4986 maleﬁcium
1330 4931 1530 4995 facere,
1574 4948 1737 5003 quam
1788 4926 2043 4987 maleficii
2083 4939 2275 4995 poenas
2319 4923 2473 4989 dare,
2505 4925 2762 4995 quamvis
2790 4923 3019 4993 injuste.

461 5041 742 5097 Ἐντεῦθεν
767 5040 1117 5111 διαφεύγουσι
1145 5043 1273 5107 τοὺς
1302 5043 1500 5114 νόμους
1519 5044 1625 5097 τῶν
1647 5043 1969 5117 κακούργων

379 5129 431 5183 οί
457 5130 696 5197 πλείους,
729 5131 915 5203 ἐπειδή
946 5149 1011 5201 γε
1033 5133 1256 5196 κόλασις
1288 5134 1387 5204 οὐχ
1409 5132 1549 5203 αὕτη
1574 5132 1682 5186 τῶν
1720 5135 1968 5203 ἁμαρτα-

381 5221 577 5276 νόντων
597 5224 766 5289 ἐστὶν,
798 5224 975 5296 οἴησις
1007 5225 1062 5279 δὲ
1091 5226 1250 5296 μόνον
1276 5227 1565 5299 τιμωρίας
1601 5226 1829 5290 θάνατος
1860 5225 1968 5298 γὰρ

377 5315 406 5362 6
439 5312 583 5365 κατά
621 5315 783 5382 φύσιν
815 5315 908 5368 καὶ
940 5314 1064 5385 δίχα
1107 5314 1381 5380 κολάσεως
1419 5315 1486 5370 ἂν
1532 5317 1767 5373 ἐπέλθοι.
1804 5317 1965 5370 Ὥστε

376 5399 510 5471 ἄλλη
536 5403 634 5471 μὲν
650 5404 765 5458 ἔστι
788 5407 902 5469 τοῖς
926 5405 1334 5478 παρανομοῦσιν
1364 5407 1396 5478 ή
1426 5407 1667 5477 ἄφυκτος
1685 5407 1928 5479 τιμωρία
1946 5425 1959 5438 ·

375 5489 723 5562 διαφεύγουσι
752 5496 809 5549 δὲ
841 5496 938 5568 τὴν
973 5499 1058 5566 ἐφ’
1082 5497 1241 5568 ἡμῶν
1268 5500 1318 5552 ei
1344 5499 1581 5563 πλείους,
1615 5499 1701 5554 ἵνα
1732 5498 1791 5552 τὸ
1818 5499 1960 5553 ἐνδε-

374 5582 603 5653 χόμενον
627 5585 721 5639 τοῦ
762 5587 942 5642 λαθεῖν
967 5589 1199 5660 βάσανος
1229 5591 1454 5662 γένηται
1476 5590 1572 5644 τοῦ
1614 5591 1956 5663 ἀνθρωπίνου

373 5674 636 5746 λογισμοῦ
657 5694 671 5708 ·
707 5678 801 5731 καὶ
831 5680 1058 5735 καθόλου
1089 5681 1181 5737 ὲπί
1212 5699 1271 5736 τε
1300 5682 1624 5747 κλέπτοντος
1654 5684 1748 5736 καὶ
1777 5682 1960 5753 ψευδο-

377 5764 563 5851 μένου,
588 5770 682 5823 καὶ
710 5770 778 5825 τὰ
806 5772 979 5842 μείζω
1012 5772 1122 5828 τῶν
1154 5774 1338 5831 κακῶν
1366 5775 1495 5848 δρᾷν
1539 5775 1955 5851 ἐπιχειρούντων

373 5849 434 5905 τὸ
457 5853 621 5926 ῥηθὲν
653 5859 1093 5931 παρεκτείνεται.

2144 5036 2284 5093 Hinc
2323 5034 2382 5090 ﬁt
2427 5044 2488 5092 ut
2527 5036 2707 5109 major
2751 5052 2882 5108 pars
2933 5037 3308 5094 maleﬁcorum
3350 5039 3496 5109 leges
3527 5039 3664 5096 eﬂ'u-

2073 5128 2207 5199 giat,
2238 5128 2498 5200 quoniam
2549 5143 2658 5182 non
2684 5136 2771 5183 est
2801 5128 2906 5183 hoc
2959 5129 3293 5200 supplicium
3333 5130 3659 5202 delinquen-

2075 5220 2232 5282 tium,
2264 5219 2361 5275 sed
2387 5219 2573 5290 opinio
2608 5226 2825 5273 tantum
2875 5219 3265 5276 vindicationis
3295 5238 3308 5275 :
3339 5236 3491 5276 mors
3513 5221 3659 5277 enim

2074 5311 2340 5366 naturalis
2373 5311 2493 5366 sine
2524 5310 2796 5381 supplicio
2824 5310 2989 5366 etiam
3024 5298 3295 5367 adveniet.
3329 5310 3510 5377 Quare
3538 5312 3646 5367 alia

2076 5410 2159 5454 est
2194 5401 2326 5455 ultio
2354 5409 2409 5455 et
2457 5402 2789 5471 supplicium
2835 5401 3293 5472 delinquentium,
3324 5403 3485 5473 cujus
3529 5403 3686 5469 clins

2072 5494 2220 5564 gium
2248 5495 2487 5565 reperire
2509 5509 2620 5549 non
2667 5502 2902 5564 possunt
2932 5511 2945 5547 :
2979 5493 3219 5549 evadunt
3248 5503 3429 5550 autem
3468 5495 3654 5566 plures

2071 5602 2135 5642 ex
2177 5595 2366 5640 nostra
2415 5587 2678 5653 vindicta,
2715 5595 2775 5641 ut
2822 5602 2984 5658 posse
3019 5588 3188 5643 latere
3229 5596 3560 5645 tormentum
3598 5600 3653 5647 et

2069 5681 2349 5736 cruciatus
2398 5680 2651 5736 humanae
2672 5680 3024 5751 cogitationis
3071 5680 3356 5736 ellieiatur.
3405 5681 3470 5736 Et
3525 5685 3650 5739 uni-

2067 5788 2224 5828 verse
2255 5774 2397 5843 quod
2428 5772 2633 5828 dictum
2665 5783 2766 5840 est,
2799 5771 2866 5826 ad
2898 5771 3169 5828 furantem
3201 5783 3255 5829 et
3293 5775 3646 5834 mentientem

2067 5872 2121 5921 et
2147 5864 2398 5938 graviora
2423 5866 2689 5922 maleﬁcia
2724 5866 3132 5924 committentes
3162 5867 3480 5941 porrigitur.
