4100 6438
369 354 503 409 “'31

1564 353 1701 407 TITI
1746 351 2177 409 BOSTBENSIS
2219 352 2532 408 EPISCOPI

3517 352 3662 408 “52

441 468 550 525 Sed
574 470 718 524 dicet
749 470 972 539 aliquis,
1006 470 1183 538 magis
1223 478 1575 540 torqueretur
1620 470 1958 525 conscientia

2132 468 2271 538 Φαίη
2298 467 2342 521 δ’
2389 468 2456 522 ἄν
2489 485 2594 530 τις,
2633 467 2708 530 ὡς
2745 465 2906 519 πλέον
2931 464 2996 518 ἂν
3040 464 3368 535 ἐϐασανίσθη
3411 462 3521 516 τῶν
3559 464 3646 517 ἀν·

371 563 673 625 hominum,
694 561 741 617 si
757 561 942 616 nullus
960 561 1241 618 maleﬁcus
1259 561 1638 632 deprehensus
1655 562 1959 631 puniretur:

369 662 560 707 contra
591 668 718 707 vero
741 655 922 707 evenit
951 659 1010 706 ut
1049 653 1212 722 plane
1244 653 1316 706 sit
1347 653 1586 706 hortatio
1623 651 1872 721 quaedam
1894 650 1960 704 ad

369 743 697 798 maleﬁcium
721 743 1057 805 faciendum,
1077 743 1346 813 quosdam
1369 742 1646 797 maleﬁcos
1669 740 1964 811 aliquando

370 850 481 891 non
510 833 906 905 comprehendi
935 850 965 888 a
1001 836 1215 905 legibus
1243 851 1257 888 :
1292 835 1435 888 unde
1467 841 1757 902 utrumque
1779 847 1967 886 neces-

373 927 581 981 sarium
621 933 727 989 est,
789 935 846 981 et
903 925 1147 980 incidere
1194 924 1503 980 maleﬁcum
1569 924 1624 977 in
1679 925 1847 993 leges,
1899 937 1967 976 ac

371 1017 762 1087 comprehendi
794 1016 862 1071 ad
883 1017 1192 1086 exemplum
1216 1015 1428 1069 vitandi
1459 1015 1712 1070 maleﬁcii
1741 1033 1756 1081 ;
1787 1023 1844 1070 et
1872 1013 1968 1070 ef-

375 1109 564 1180 fugere
607 1117 948 1164 tormentum
986 1116 1041 1163 et
1069 1108 1379 1162 cruciatum
1429 1107 1798 1177 cogitationis.
1857 1107 1969 1161 Hoc

369 1203 511 1258 mini
546 1204 690 1258 enim
718 1203 786 1257 ad
817 1201 1124 1274 eligendum
1146 1202 1403 1257 virtutem
1436 1213 1490 1257 et
1525 1202 1719 1256 vitium
1767 1201 1962 1259 libero.

374 1293 637 1354 sic'facto
677 1311 707 1350 a
761 1296 893 1358 Deo,
944 1295 1080 1350 foris
1117 1295 1331 1350 accedit
1357 1337 1371 1358 ,
1427 1305 1489 1350 ut
1531 1297 1770 1367 quodam
1804 1295 1966 1350 modo

376 1408 534 1450 mens
563 1393 683 1462 ejus
709 1391 1017 1461 adjuvetur,
1071 1399 1126 1445 et
1158 1391 1318 1461 quasi
1367 1389 1626 1444 fulciatur
1669 1390 1867 1444 timore
1911 1396 1966 1442 et

374 1485 662 1542 vacatione
701 1482 940 1547 timoris,
989 1482 1396 1537 hortationibus
1469 1490 1524 1536 et
1566 1479 1968 1534 dehortationi-

376 1577 503 1644 bus,
537 1575 730 1630 morbo
759 1583 815 1630 et
848 1574 1102 1640 sanitate,
1131 1581 1456 1644 paupertate
1503 1579 1559 1626 et
1590 1571 1788 1641 opibus
1817 1587 1832 1636 ;
1869 1571 1966 1626 de-

378 1669 544 1739 nique
582 1668 765 1723 omnia
795 1682 917 1738 quae
937 1666 1215 1720 contraria
1260 1667 1402 1719 inter
1425 1679 1486 1720 se
1516 1663 1793 1725 videntur,
1835 1677 1969 1715 con-

379 1776 513 1816 sone
534 1776 598 1815 ac
631 1759 1028 1815 convenienter
1063 1758 1117 1811 in
1154 1771 1325 1811 unum
1351 1757 1585 1811 tendunt
1612 1762 1665 1810 et
1696 1759 1964 1825 spectant,

2067 561 2302 633 θρὼπων
2324 561 2356 631 ἡ
2379 559 2658 631 πρόθεσις,
2681 559 2730 610 εἰ
2759 557 2945 629 μηδεὶς
2971 555 3275 626 κακοῦργος
3302 554 3660 626 ἐλεγχόμενος

2067 657 2388 726 ἐτιμωρεῖτο
2405 671 2417 682 ’
2452 653 2642 721 γέγονε
2679 652 2735 705 δὲ
2762 650 3069 704 τούναντίον
3093 650 3352 718 ἄντικρυς
3374 645 3659 721 προτροπὴ

2067 744 2160 797 τοῦ
2196 748 2565 816 κακοπραγεῖν
2597 745 2659 796 τὸ
2693 744 2766 814 μὴ
2811 741 3327 813 καταλαμϐάνεσθαί
3359 758 3488 794 ποτε
3519 741 3658 811 πρὸς

2068 837 2175 890 τῶν
2201 837 2384 908 νόμων
2417 837 2579 900 ὲνίοις
2609 835 2720 889 τῶν
2751 836 3043 906 μετιόντων
3077 833 3145 886 τά
3175 833 3352 887 κακά’
3381 832 3504 886 ὅθεν
3529 832 3656 886 ἑκά⁴

2066 947 2125 983 τε
2135 948 2224 1001 ρον
2255 932 2568 1000 ἀναγκαῖον,
2595 930 2690 984 καὶ⁵
2713 929 2774 982 τὸ
2799 927 3210 998 παρεμπίπτειν
3231 926 3323 979 τὸν
3347 925 3659 996 κακοῦργον

2069 1025 2149 1087 εἰς
2179 1023 2496 1094 ἀνατροπῆς
2539 1023 2866 1092 ὑπόδειγμα,
2908 1020 3004 1074 καὶ
3061 1021 3375 1088 διαφεύγειν
3423 1019 3660 1090 βάσανον

2068 1115 2356 1187 λογισμοῦ.
2395 1114 2695 1186 Ἐλευθέρῳ
2729 1114 2838 1186 γὰρ
2865 1113 2944 1184 τῷ
2981 1113 3254 1185 ἀνθρώπῳ
3284 1113 3420 1184 πρὸς
3445 1114 3660 1185 αἵρεσιν

2070 1209 2272 1282 ἀρετῆς
2298 1209 2394 1264 καὶ
2432 1208 2650 1272 κακίας,
2691 1207 2834 1260 οῦτω
2865 1207 3003 1278 πρὸς
3037 1206 3172 1259 Θεοῦ
3199 1207 3496 1276 γενομένῳ,
3522 1205 3660 1270 ἔξω·

2071 1303 2163 1354 θεν
2216 1301 2562 1372 προῦπάρχει
2587 1318 2600 1330 ο
2633 1301 2728 1352 καλ⁹
2771 1300 2832 1352 τὸ
2884 1297 3193 1369 βοηθεῖσθαι
3235 1299 3328 1351 καὶ
3358 1297 3662 1368 ἐρείδεσθαι

2070 1395 2272 1467 τρόπον
2295 1394 2418 1448 τινά
2442 1395 2540 1465 τὴν
2565 1393 2822 1457 διάνοιαν,
2851 1387 2960 1446 οἷον
2985 1391 3075 1445 διὰ
3098 1391 3265 1460 φόϐου
3285 1393 3379 1446 καὶ
3403 1391 3658 1460 ἀφοϐίας,

2072 1484 2396 1558 προτροπῶν
2424 1501 2482 1538 τε
2514 1484 2610 1538 καὶ
2643 1484 2992 1559 ἀποτροπῶν,
3035 1484 3190 1538 νόσου
3219 1503 3278 1538 τε
3314 1485 3409 1538 καὶ
3446 1485 3657 1552 ὑγείας,

2072 1578 2263 1642 πενίας
2310 1595 2370 1630 τε
2405 1578 2500 1630 καὶ
2548 1576 2802 1639 πλούτου,
2834 1579 2929 1631 καὶ
2975 1578 3154 1631 πάντα
3198 1577 3268 1632 τὰ
3321 1578 3659 1632 ἀντικεῖσθαι

2073 1670 2322 1742 ἀλλήλοις
2343 1669 2626 1734 δοκοῦντα,
2659 1668 2965 1740 συμφώνως
3002 1669 3137 1740 πρὸς
3177 1670 3236 1722 ἓν
3269 1671 3455 1734 τείνει,
3485 1671 3562 1736 ὡς
3591 1671 3660 1724 ἀν

2072 1762 2164 1815 τὸν
2205 1761 2544 1834 ἀνθρώπινον
2589 1761 2712 1816 νοῦν
2745 1761 3100 1832 διαγυμνάζοι
3141 1763 3306 1834 μηδὲν
3349 1763 3660 1816 ἁποκαθεῦ-

380 1861 438 1908 ut
471 1854 766 1907 humanam
793 1860 1032 1906 mentem
1062 1855 1382 1910 exerceant,
1415 1855 1470 1902 et
1511 1861 1670 1902 nemo
1705 1861 1764 1900 se
1805 1844 1969 1899 dedat

2075 1854 2202 1919 δειν,
2233 1854 2481 1908 ἐντεῦθεν
2517 1854 2574 1906 δὲ
2609 1853 2863 1908 κάκεῖθεν
2903 1856 3399 1927 κατακρουόμενον,
3435 1856 3659 1927 διεγρηε

379 1961 612 2012 somno;
641 1945 776 2014 quin
813 1944 997 2014 potius
1030 1942 1159 1996 hinc
1189 1948 1243 1996 et
1291 1941 1441 1995 illinc
1482 1941 1674 2011 pulsus
1719 1945 1773 1993 et
1814 1938 1966 1992 exci-

378 2047 551 2103 tatus,
579 2037 767 2107 vigilet
795 2035 862 2090 ad
887 2035 1122 2090 ofﬁcium
1156 2033 1376 2105 pietatis
1405 2041 1459 2088 et
1487 2033 1709 2088 virtutis
1758 2031 1968 2086 obeun-

378 2132 529 2184 dum.
557 2129 613 2183 Si
645 2145 773 2184 vero
803 2127 1039 2190 accidat,
1076 2135 1134 2181 ut
1161 2126 1360 2196 aliquis
1391 2125 1651 2196 puniatur
1702 2139 1814 2178 non
1861 2138 1954 2178 so-

380 2223 493 2277 lum
521 2223 810 2285 innocens,
842 2220 938 2277 sed
969 2221 1054 2276 vir
1082 2219 1445 2282 admirabilis,
1480 2226 1534 2273 et
1582 2218 1649 2271 ab
1679 2233 1746 2271 eo
1792 2231 1970 2287 paenae

379 2319 605 2372 virtutis
657 2324 997 2387 repetantur,
1039 2313 1172 2386 quid
1211 2313 1466 2368 nocuerit
1497 2310 1834 2367 sustinenti?
1862 2308 1967 2363 Ar-

379 2413 496 2482 guit
523 2410 743 2482 quidem
775 2411 880 2465 hoe
907 2425 1001 2466 eos
1032 2409 1125 2480 qui
1163 2408 1391 2474 faciunt,
1421 2423 1533 2462 non
1563 2421 1688 2462 eum
1719 2405 1812 2476 qui
1845 2420 1970 2459 sus-

390 2507 547 2568 tinet,
579 2506 708 2560 licet
739 2519 912 2574 usque
935 2503 1003 2558 ad
1066 2509 1297 2556 mortem
1333 2501 1580 2570 iniquum
1635 2497 1967 2569 supplicium

385 2598 784 2669 progrediatur.
842 2596 946 2662 Qui
977 2595 1103 2649 talis
1149 2602 1254 2658 est,
1295 2593 1694 2665 anticipatione
1748 2590 1967 2653 mortis,

382 2706 505 2761 qua
544 2689 826 2755 pertinent
882 2687 950 2742 ad
988 2689 1152 2743 vitam
1190 2688 1456 2750 futuram,
1497 2683 1794 2740 meditatus
1837 2689 1965 2737 est:

382 2785 471 2840 cui
497 2782 643 2839 enim
669 2783 801 2838 nihil
833 2799 1000 2838 suave
1023 2789 1108 2838 est
1125 2796 1335 2844 eorum,
1360 2793 1482 2849 quae
1505 2778 1694 2832 multis
1713 2774 1969 2846 jucunda

383 2882 534 2939 sunt,
563 2891 664 2930 nec
704 2876 1000 2938 acerbum,
1035 2888 1217 2928 annon
1276 2878 1362 2928 est
1412 2870 1505 2924 hic
1555 2876 1682 2922 ante
1735 2875 1969 2922 mortem

387 2968 512 3022 huic
537 2968 662 3022 vitae
693 2967 985 3022 mortuus?
1014 2965 1116 3032 Qui
1173 2964 1263 3018 hic
1301 2978 1364 3019 ea
1407 2978 1531 3032 quae
1583 2961 1973 3016 existimantur

384 3056 598 3112 insidiae
635 3056 808 3120 factae,
862 3056 986 3110 loco
1014 3054 1267 3110 beneﬁcii
1314 3061 1369 3107 et
1417 3052 1603 3124 gratia:
1631 3051 1804 3114 ducit,
1865 3065 1970 3120 qua

384 3158 674 3222 exspectat
702 3157 823 3220 post
853 3148 998 3203 hanc
1027 3147 1196 3202 vitam
1230 3146 1443 3216 majora
1489 3147 1633 3200 bona
1683 3145 1968 3216 consequi,

383 3259 547 3313 quam
579 3259 644 3298 ea
674 3257 795 3312 qua:
829 3241 1139 3311 relinquere
1173 3239 1409 3301 videtur,
1440 3238 1508 3292 ad
1547 3252 1671 3309 quae
1711 3237 1779 3291 ab
1800 3237 1976 3292 inimi-

2069 1947 2290 2020 γορέναι
2315 1946 2452 2018 πρὸς
2474 1946 2535 1999 τὸ
2564 1946 2723 2019 ἔργον
2751 1946 2852 2016 τῆς
2873 1946 3152 2012 εὐσεϐείας
3179 1948 3274 2002 καὶ
3305 1949 3402 2018 τῆς
3432 1949 3656 2020 ἀρετῆς.

2070 2041 2133 2093 Ei
2163 2039 2221 2093 δὲ
2260 2041 2351 2092 καὶ
2405 2037 2730 2104 κολάζεσθαί
2777 2056 2896 2092 τινα
2923 2039 3232 2109 συμϐαίνοι,
3273 2040 3374 2093 οὐκ
3418 2041 3660 2094 ἀναίτιον

2073 2132 2254 2204 μόνον,
2287 2131 2421 2185 ἀλλὰ
2454 2131 2550 2186 καὶ
2584 2129 2887 2202 θαυμάσιον
2914 2131 3102 2202 ἄνδρα,
3137 2131 3232 2186 καὶ⁸
3268 2131 3425 2202 δίκην
3455 2133 3662 2204 ἀρετῆς

2071 2222 2417 2278 ἀπαιτεῖσθαι
2448 2221 2669 2285 τοῦτον,
2703 2221 2755 2275 τί
2781 2221 2847 2274 ἂν
2877 2221 3076 2294 βλάϐος
3097 2223 3434 2294 προσαγάγοι
3461 2224 3538 2294 τῷ
3559 2225 3663 2278 πά-

2075 2334 2254 2388 σχοντι
2276 2333 2290 2381 ;
2317 2315 2581 2386 διελέγχει
2617 2317 2715 2386 μὲν
2738 2316 2844 2387 γάρ
2866 2315 2992 2381 τοὺς
3015 2315 3323 2379 ποιοῦντας.
3338 2316 3399 2368 οὐ
3425 2315 3659 2387 βλάπτει

2071 2409 2127 2462 δὲ
2160 2408 2251 2461 τὸν
2280 2407 2640 2478 ὑπομένοντα,
2685 2406 2786 2460 κᾶν
2817 2406 2921 2470 ἓως
2951 2405 3180 2460 θανάτου
3210 2405 3445 2478 φέρηται
3469 2405 3539 2459 τά
3559 2406 3660 2476 τῆς

2072 2499 2267 2568 ἀλόγου
2303 2498 2593 2570 τιμωρίας.
2621 2497 2838 2561 Φθάσας
2877 2497 2986 2569 γὰρ
3023 2497 3117 2565 ὅγε
3167 2496 3429 2560 τοιοῦτος,
3475 2497 3661 2566 νεκρό-

2071 2609 2195 2663 τητι
2233 2589 2302 2642 τά
2353 2589 2488 2657 πρὸς
2541 2587 2632 2640 τὸν
2663 2586 2774 2658 βίον
2830 2588 3234 2660 μεμελέτηκεν·
3272 2581 3317 2656 ᾧ
3346 2587 3455 2659 γὰρ
3494 2588 3660 2658 μηδὲν

2077 2682 2174 2753 μὲν
2214 2680 2311 2751 ἡδὺ
2342 2678 2450 2732 τῶν
2482 2681 2596 2741 τοῖς
2625 2678 2861 2742 πολλοῖς,
2897 2679 2930 2752 ἢ
2962 2679 3144 2751 ἀηδὲς,
3185 2678 3302 2742 πῶς
3322 2679 3443 2748 οὐχὶ
3469 2676 3662 2749 νεκρὸς

2073 2773 2166 2827 τοῦ
2203 2772 2318 2842 βίου
2353 2772 2448 2825 καὶ¹
2487 2770 2593 2843 πρὸ
2626 2770 2858 2825 θανάτου
2889 2772 2983 2840 ὅγε
3016 2771 3256 2835 τοιοῦτος
3286 2770 3659 2840 καθέστηκεν;

2075 2868 2154 2930 είς
2187 2867 2346 2939 χάριν
2383 2867 2482 2938 τήν
2508 2882 2571 2932 γε
2617 2863 2978 2935 νομιζομένην
3020 2865 3310 2936 ἐπιϐουλὴν
3350 2865 3660 2936 δεχόμενος,

2074 2953 2109 3032 ᾗ
2145 2958 2284 3030 μετὰ
2314 2957 2404 3012 τὸν
2438 2957 2687 3030 παρόντα
2717 2956 2828 3027 βίον
2867 2957 3141 3030 προσδοκᾷ
3169 2957 3409 3029 μείζοσιν
3437 2959 3663 3027 ἀγαθοῖς

2076 3051 2444 3118 ἐντεύξεσθαι,
2486 3045 2563 3106 ὧν
2608 3049 2896 3106 ἀπολιπεῖν
2939 3051 3107 3115 δοκεῖ,
3169 3051 3251 3121 ἐφ’
3284 3051 3320 3105 ἃ
3370 3051 3508 3124 πρὸς
3553 3052 3664 3106 τῶν

2077 3145 2286 3216 ἐχθρῶν
2313 3145 2524 3216 ταχέως
2558 3143 3088 3216 παραπεμπόμενος,
3118 3144 3308 3206 ὠςιεύε
3319 3144 3518 3214 ργέτας
3535 3145 3666 3209 τοὺς

2078 3235 2528 3300 ἐπιϐουλεύοντας
2554 3235 2688 3307 ἔχει.

384 3339 465 3393 cis
497 3337 613 3394 suis
642 3336 752 3392 cito
784 3334 1068 3397 dimissus,
1099 3342 1359 3403 tanquam
1389 3331 1664 3388 beneﬁcos
1695 3331 1845 3386 ducit
1869 3346 1968 3388 eos
1991 3332 2086 3404 qui
2113 3333 2164 3388 ei
2198 3331 2444 3388 insidiati
2479 3340 2630 3386 sunt.

769 3494 898 3551 Car.
933 3493 1004 3549 X.
1039 3492 1216 3550 Poena:
1242 3503 1363 3550 sunt
1395 3503 1706 3566 argumenta
1736 3495 1966 3553 virtutis.
2000 3492 2056 3549 Μ
2063 3496 2231 3552 anelis
2267 3494 2605 3589 blasphemia:
2637 3493 2694 3548 in
2721 3493 2821 3549 Dei
2857 3494 3261 3564 providentiam.

459 3657 578 3712 Alia
605 3656 767 3711 etiam
791 3655 1001 3710 ratione
1024 3654 1168 3725 apud
1197 3653 1446 3710 homines
1476 3654 1852 3710 necessarium
1880 3663 1970 3710 est

391 3750 632 3820 permitti
676 3763 707 3802 a
741 3747 852 3804 Deo
907 3755 1180 3802 tormenta
1229 3754 1284 3801 et
1330 3747 1651 3812 cruciatus,
1681 3754 1742 3803 ut
1795 3749 1970 3819 magis

393 3847 639 3912 spectata
666 3854 730 3895 ac
758 3839 987 3910 probata
1029 3838 1101 3894 sit
1133 3838 1304 3893 libera
1332 3840 1550 3895 virtutis
1593 3841 1890 3910 susceptio,
1923 3839 1970 3895 si

393 3948 570 4002 neque
597 3939 829 3986 mortem
860 3941 1120 4000 oppetere
1166 3929 1505 3987 reformidet.
1551 3929 1670 3985 Jam
1695 3948 1818 3986 cum
1870 3932 1967 3986 im-

393 4023 592 4093 probos
614 4030 668 4078 et
690 4022 930 4078 avaritiae
964 4021 1179 4078 deditos
1205 4020 1507 4079 viderimus
1547 4024 1845 4094 aliquando
1872 4025 1973 4079 im-

392 4117 600 4186 perium
623 4125 828 4181 tenere,
863 4123 918 4172 et
944 4116 1010 4171 ad
1039 4117 1396 4187 magistratus
1425 4117 1590 4186 eligi;
1625 4117 1768 4173 scire
1805 4132 1973 4186 opor-

352 4209 356 4212 ’
393 4217 468 4266 tet
500 4210 735 4282 permitti
782 4210 885 4266 hoc
919 4211 1262 4281 providentia
1299 4225 1365 4266 ac
1413 4212 1808 4282 gubernatione
1833 4210 1928 4267 Dei
1958 4231 1971 4266 :

393 4319 515 4357 cum
539 4303 684 4358 enim
713 4304 802 4372 qui
829 4311 957 4356 sunt
995 4304 1100 4358 sub
1138 4304 1369 4374 imperio
1403 4306 1644 4374 peccatis
1668 4304 1972 4369 abundant,

387 4392 596 4461 justum
623 4393 948 4462 supplicium
983 4402 1068 4448 est
1101 4393 1363 4464 iniquitas
1387 4410 1578 4449 eorum
1613 4395 1708 4465 qui
1742 4396 1976 4466 imperio

2147 3649 2258 3704 Καὶ
2287 3648 2460 3713 ἄλλως
2512 3651 2570 3704 ὲν
2609 3649 2918 3722 ἀνθρώποις
2975 3651 3248 3721 ἀναγκαία
3290 3651 3390 3723 τῆς
3428 3650 3664 3722 βασάνου

2076 3745 2110 3815 ἡ
2165 3742 2316 3815 παρά
2372 3743 2465 3796 τοῦ
2518 3743 2654 3797 Θεοῦ
2701 3743 3067 3817 συγχώρησις,
3102 3744 3178 3810 ὡς
3222 3743 3289 3798 ἂν
3321 3745 3666 3818 δοκιμωτέρα

2078 3835 2337 3906 τυγχάνοι
2375 3838 2408 3906 ἡ
2439 3836 2647 3908 α’ίρεσις
2679 3837 2776 3906 τῆς
2802 3837 3022 3908 ἀρετῆς,
3059 3837 3106 3888 εί
3139 3835 3272 3907 μηδὲ
3302 3835 3532 3890 θάνατον
3576 3838 3668 3891 εὐ-

2079 3926 2314 3982 λαϐοῖτο.
2356 3929 2635 4000 Πονηροὺς
2655 3928 2711 3981 δὲ
2752 3929 2844 3983 καὶ
2870 3928 3282 3994 πλεονεκτικοὺς
3302 3930 3430 3986 ὅταν
3469 3930 3669 4003 ἴδωμεν

2081 4021 2226 4073 ἐστιν
2257 4021 2347 4074 ὅτε
2386 4020 2744 4092 κρατοῦντας,
2771 4023 2864 4074 καὶ
2897 4021 2995 4084 τάς
3028 4021 3204 4093 ἀρχὰς
3223 4022 3664 4094 πιστευομένουςο

2083 4112 2279 4176 ἰστέον,
2309 4113 2389 4165 ὅτι
2428 4113 2772 4184 συγχώρησις
2801 4114 3029 4166 ἐστικαὶ
3050 4113 3207 4166 τοῦτο
3230 4114 3331 4185 τῆς
3357 4115 3668 4186 οἰκονομίας

2082 4201 2176 4256 τοῦ
2210 4203 2345 4257 Θεοῦ
2373 4220 2388 4236 ο
2450 4204 2670 4257 ἐπειδάν
2716 4203 2825 4275 γὰρ
2854 4204 2923 4258 τά
2956 4205 3055 4275 τῆς
3091 4205 3365 4276 ἁμαρτίας
3400 4206 3666 4278 πλεονάζῃ

2083 4297 2192 4350 τῶν
2234 4297 2573 4368 ἀρχομένων,
2606 4297 2828 4361 κόλασις
2867 4297 2932 4350 ἂν
2970 4299 3184 4366 γένοιτο
3214 4297 3398 4352 δικαία
3436 4298 3546 4353 τῶν
3578 4300 3669 4367 ἀρ·

2083 4390 2286 4461 χόντων
2325 4393 2357 4458 ἡ
2393 4391 2601 4455 ἀδικία,
2655 4390 3082 4462 τιμωρουμένων
3115 4389 3149 4444 ἃ
3203 4391 3521 4462 πράττουσι,
3575 4393 3670 4445 καὶ

393 4492 659 4554 prmsunt,
692 4487 782 4554 qui
818 4487 1160 4541 ulciscuntur
1196 4503 1319 4556 quae
1351 4487 1591 4553 faciunt,
1639 4494 1693 4542 et
1740 4488 1971 4558 puniunt

2083 4481 2416 4548 κολαζόντων
2465 4481 2502 4536 ὃ.
2555 4482 2836 4536 ποιοῦσιν
2904 4482 2980 4547 ὡς
3042 4483 3108 4537 ἂν
3168 4483 3378 4552 γένοιτο
3434 4485 3670 4556 μάλιστα

392 4593 513 4649 quae
541 4579 931 4634 committunt:
963 4586 1024 4632 ut
1069 4579 1306 4634 maxime
1371 4587 1553 4650 pateat
1618 4595 1730 4635 non
1761 4583 1974 4637 contin-

392 4686 518 4741 gere
558 4681 616 4724 ut
665 4679 950 4739 peccatum
1015 4670 1346 4739 impunitum
1395 4674 1488 4727 sit.
1521 4671 1725 4728 Rectus
1757 4674 1978 4744 quidem

394 4760 566 4816 videri
603 4769 779 4832 potest
806 4760 997 4828 judex,
1030 4761 1159 4831 quia
1206 4776 1274 4815 ne
1309 4761 1439 4831 quid
1472 4764 1597 4816 mali
1631 4765 1938 4818 committat
1963 4805 1977 4828 ,

392 4870 487 4908 eos
510 4854 602 4924 qui
637 4854 990 4909 committunt
1046 4857 1224 4925 punit.
1261 4855 1357 4910 Sin
1391 4863 1574 4911 autem
1617 4856 1665 4911 is
1688 4858 1781 4927 qui
1825 4857 2002 4928 judi-.

393 4951 482 4997 cat
533 4943 724 5014 incipit
752 4958 815 4997 ea
866 4945 1156 5000 admittere
1203 4961 1326 5015 qua:
1377 4947 1432 5000 in
1483 4946 1606 5001 aliis
1636 4947 1894 5012 vindicat,
1928 4956 1984 5002 et

392 5036 568 5107 punit,
605 5043 660 5091 et
687 5035 907 5106 quidem
945 5037 1280 5108 impensius,
1317 5045 1378 5092 ut
1437 5038 1699 5103 suadeat,
1738 5054 1798 5096 se
1846 5041 1982 5095 nihil

395 5128 520 5189 mali
553 5143 741 5198 agere;
770 5129 931 5199 plane
956 5137 1184 5200 apparet
1207 5129 1299 5198 jus
1330 5129 1548 5186 ﬁrmum
1579 5139 1633 5185 et
1667 5131 1825 5186 valde
1851 5132 1982 5187 hor-

395 5217 554 5292 rihile
591 5235 713 5274 esse
742 5219 985 5276 incidere
1029 5223 1084 5276 in
1133 5221 1453 5290 hujusmodi
1505 5223 1864 5294 magistratus
1914 5223 1982 5278 ad

399 5310 747 5369 sustinendus
799 5330 990 5384 pmnas
1034 5323 1256 5386 propter
1295 5317 1700 5386 improbitatem
1738 5331 1979 5371 morum.

406 5399 678 5458 Feruntur
707 5413 887 5460 autem
922 5408 976 5461 in
1020 5407 1320 5478 Scripturis
1347 5407 1664 5476 hujusmodi
1701 5409 1985 5464 sententia:

409 5492 606 5550 divinae
643 5495 942 5553 manifestae
971 5507 1161 5555 contra
1192 5515 1286 5556 eos
1315 5500 1408 5571 qui
1450 5499 1797 5570 delinquunt.

474 5584 804 5644 Ilanichzens
837 5600 1018 5645 tamen
1069 5592 1518 5654 amentissimus,
1553 5599 1615 5645 ut
1641 5593 1837 5662 dogma
1885 5608 1984 5648 ne-

401 5675 590 5746 quitia:
617 5677 871 5752 ingenitae
903 5688 957 5736 et
980 5681 1335 5752 blasphemia}
1374 5683 1429 5736 in
1475 5680 1646 5736 Deum
1683 5680 1826 5748 apud
1855 5697 1978 5736 eum

408 5771 627 5826 fit'v'mlm
678 5780 861 5840 esset,
924 5771 1130 5828 nullam
1178 5781 1388 5843 partem
1438 5773 1848 5844 gubernationis
1884 5773 1980 5838 Dei

2079 4573 2258 4643 δῆλον,
2284 4574 2366 4626 ὅτι
2395 4575 2708 4645 παρανομία
2752 4574 3098 4647 ἀτιμώρητος
3125 4577 3226 4629 οὐκ
3251 4575 3356 4646 εἴη.
3411 4577 3670 4648 Ὀρθότης

2083 4665 2182 4735 μὲν
2221 4665 2478 4718 δικαστοῦ
2515 4665 2714 4731 δόξειεν
2750 4666 2836 4724 ἂν.
2879 4668 3062 4739 ἐπειδὴ
3107 4685 3160 4720 τι
3201 4669 3273 4738 μὴ
3306 4670 3534 4740 πράττει
3570 4688 3670 4723 κα-

2082 4761 2196 4826 κὶν,
2217 4761 2342 4824 τοὺς
2370 4760 2658 4826 ποιοῦντας
2683 4761 2954 4822 κολάζειν.
2978 4765 3040 4818 Ei
3069 4763 3112 4816 δ’
3142 4765 3382 4827 αὑτοῦςὸ
3409 4764 3668 4830 δικάζων,

2081 4853 2188 4906 τῶν
2209 4870 2272 4920 γε
2287 4854 2545 4907 τοιούτων
2562 4855 2967 4925 ἀπαρχόμενος,
2986 4856 3111 4918 τοὺς
3135 4854 3203 4907 τά
3220 4855 3357 4908 αὐτὰ
3386 4855 3672 4925 μετιόντας

2082 4945 2322 5010 κολάζει,
2364 4946 2458 5000 καὶ
2515 4946 2753 5018 μάλιστα
2799 4947 3204 5017 δαψιλέστερον,
3260 4946 3335 5010 ὡς
3392 4947 3459 5001 ἂν
3494 4949 3670 5003 πείθοι

2086 5038 2254 5107 μηδὲν
2291 5039 2454 5103 αὐτὸς
2498 5037 2701 5109 φαῦλον
2741 5038 3202 5110 διαπράττεσθαι·
3241 5038 3500 5110 ἄντικρυς
3535 5058 3669 5112 κρα-

2082 5130 2210 5183 τοῦν
2241 5131 2335 5183 καὶ
2384 5130 2504 5183 λίαν
2549 5131 2779 5202 φοϐερὸν
2806 5131 3161 5200 ἀναφαίνεται
3190 5130 3250 5183 τὸ
3281 5129 3488 5183 δίκαιον
3535 5134 3672 5201 προς

2082 5223 2144 5276 τὸ
2163 5224 2320 5294 δίκην
2338 5224 2630 5296 ὑπομένειν
2649 5226 2777 5288 τοὺς
2811 5223 2900 5277 διὰ
2932 5225 3230 5295 σκαιότητα
3256 5223 3474 5293 τρόπων
3497 5224 3670 5277 τοιοῦ-

2083 5333 2196 5380 τοις
2221 5316 2447 5388 ἄρχουσι
2485 5317 2708 5381 δικαίως
2738 5316 3194 5386 περιπίπτοντας·
3229 5316 3536 5384 ἀποφάσεις
3560 5315 3671 5386 γάρ

2083 5409 2178 5462 καὶ
2208 5408 2452 5462 τοιαῦται
2498 5412 2687 5477 σαφεῖς
2733 5407 2882 5478 παρά
2921 5408 3056 5460 Θεοῦ
3110 5406 3250 5460 κατά
3278 5407 3387 5459 τῶν
3420 5408 3669 5479 ἁμαρτα-

2085 5499 2282 5554 νόντων
2316 5502 2373 5552 ὲν
2401 5493 2644 5572 Γραφαῖς
2672 5503 2792 5563 ταῖς
2822 5499 3004 5568 ἁγίαις
3038 5499 3382 5569 γεγένηνται.

2168 5592 2226 5645 Ὀ
2295 5592 2477 5664 μέντοι
2530 5592 2891 5662 χαλεπώτατα
2947 5593 3173 5657 Μανεὶς,
3215 5592 3301 5644 ἵνα
3345 5592 3474 5661 παρ’
3520 5589 3672 5662 αὐτῷ

2086 5686 2338 5758 κρατήσῃ
2382 5686 2443 5738 τὸ
2487 5684 2665 5754 δόγμα
2706 5685 2805 5754 τῆς
2845 5684 3142 5753 ἀγεννήτου
3201 5682 3399 5760 κακίας
3441 5683 3536 5735 καὶ
3571 5684 3671 5760 τῆς

2086 5775 2225 5831 κατά
2255 5775 2389 5830 Θεοῦ
2428 5776 2792 5848 βλασφημίας,
2821 5776 2974 5831 οὐδὲν
3022 5775 3465 5846 ἀσυκοφάντητον
3495 5755 3669 5827 κατά·
