4100 6414
378 422 533 524 ,1155

1453 402 1826 464 ADVERSUS
1861 399 2289 459 ΜΛΝιῦηῶΟὸ
2327 398 2457 455 LIB.
2492 396 2555 452 Il.

3521 390 3663 445 “54

391 509 604 592 λέλοιπε
636 535 738 606 τῆς
763 533 857 588 τοῦ
891 531 1027 588 Θεοῦ
1060 533 1397 603 διοικήσεως.
1432 527 1701 589 Πολλάκις
1728 525 1792 591 δὲ
1824 523 1972 576 ἔστιν

2088 520 2463 593 praetermisit,
2503 515 2636 588 quin
2694 529 2816 570 eam
2879 513 3340 568 culumniaretur.
3398 509 3665 566 Videmus
3726 550 3747 564 κ

397 631 527 684 ίδεῖν
553 629 649 682 καὶ
679 626 923 690 δικαίους
941 624 1335 698 ἡμαρτηκότας
1366 622 1471 676 ὑπὸ
1497 620 1716 683 ἀσεϐεῖς
1747 617 1973 689 γενομέο

394 736 547 782 νους·
579 716 768 791 ὥσπερ
795 717 990 787 εὐγενῆ
1022 717 1188 770 παῖδα
1215 715 1384 787 πατρὶ
1416 712 1490 785 μὴ
1514 712 1852 783 πειθόμενον,
1884 710 1974 765 διὰ

396 809 551 875 ξένου
581 810 934 881 τυπτόμενον,
968 807 1054 861 ἵνα
1083 806 1220 879 μετά
1255 807 1354 877 τῆς
1395 806 1685 878 ἀλγηδόνος
1712 803 1821 857 τῶν
1845 803 1977 873 πλη-

393 904 528 971 γῶν,
568 904 663 956 καὶ
694 902 728 972 ἡ
758 900 950 971 ἀτιμία
988 898 1082 953 τοῦ
1117 898 1531 969 διακονουμένου
1572 896 1852 970 μεταϐάλῃ
1884 896 1975 950 τὸν

396 991 839 1063 πλημμελοῦντα·
859 991 916 1044 ἓν
926 990 1034 1062 γάρ
1048 1008 1100 1045 τι
1116 989 1211 1043 καὶ
1229 989 1408 1060 μόνον,
1426 987 1656 1059 ἔφαμεν.
1669 988 1762 1042 καὶ
1778 987 1976 1058 ἀληθές

396 1087 566 1149 ἐστιν,
589 1085 665 1148 ὡς
695 1086 723 1137 ό
744 1084 877 1156 πρὸς
902 1083 1039 1136 Θεοῦ
1055 1083 1345 1154 γενόμενος
1361 1081 1456 1135 ἀνθ
1463 1097 1645 1153 ρωπος
1664 1082 1976 1135 ἀπαιτεῖται

395 1175 538 1233 κατὰ
556 1175 647 1229 τὸν
671 1175 784 1246 βίον
803 1175 864 1228 τὸ
880 1175 1093 1228 συνέσει
1113 1172 1373 1245 λογισμοῦ
1399 1171 1741 1244 κατορθῶσαι
1757 1172 1818 1225 τὸ
1834 1170 1975 1225 κατά

399 1266 566 1337 μηδὲν
594 1266 801 1320 ἀδικεῖν
811 1267 909 1338 τὴν
925 1267 1146 1336 ἀρετήν’
1163 1258 1207 1332 ᾧ
1220 1265 1283 1336 δή
1303 1283 1386 1328 τις
1409 1263 1694 1337 προσέχων
1715 1265 1806 1317 καὶ
1830 1264 1976 1335 μόνῳ

398 1358 554 1428 (50'),
578 1356 1020 1430 [μακαριώτατος
1041 1356 1107 1411 ἂν
1126 1357 1356 1427 γένοιτο,
1386 1356 1513 1429 κᾶν]
1538 1356 1702 1428 μηδὲν
1724 1357 1908 1427 ἕτερόν
1921 1373 1976 1408 τι

396 1453 539 1506 κατά
552 1452 643 1505 τὸν
660 1451 770 1522 βίον
790 1451 908 1524 ἔχῃ.
926 1449 1096 1503 Τοῦτο
1109 1449 1290 1504 τοίνυν
1305 1448 1426 1502 είδι’
1441 1449 1563 1502 ὅλου
1578 1448 1673 1502 τοῦ
1690 1436 1818 1519 περὶ
1840 1448 1977 1519 Προ-

396 1544 547 1607 νοίας
603 1543 762 1611 λόγου
819 1540 1206 1614 μνημονεύοιτο
1226 1581 1242 1606 ,
1307 1540 1461 1594 οὐδὲν
1511 1539 1578 1594 ἂν
1624 1538 1979 1593 ὑποπτεύοιτο

397 1635 536 1706 πρὸς
589 1635 885 1705 ἀνισότητα
945 1635 1039 1688 καὶ
1098 1631 1325 1697 ἀταξίαν
1378 1630 1487 1684 τῶν
1534 1631 1672 1703 πρὸς
1715 1630 1849 1684 Θεοῦ
1896 1630 1978 1684 δι-

396 1721 762 1791 ιικουμένων·
793 1724 841 1775 εί
889 1723 987 1794 μὲν
1027 1722 1136 1795 γάρ
1184 1721 1336 1794 εὖροι
1380 1739 1465 1786 τις
1488 1721 1576 1785 ἂν,
1606 1721 1681 1785 ὡς
1706 1721 1849 1792 ἄλλῳ
1880 1722 1978 1793 μὲν

396 1814 604 1867 ἀνεῖται
665 1815 764 1886 τῆς
814 1814 1071 1878 εὐσεϐοῦς
1130 1815 1332 1887 ἀρετῆς
1385 1816 1420 1886 ἠ
1476 1815 1698 1885 πορεία,
1757 1814 1903 1886 ἄλλῳ
1922 1815 1980 1868 δὲ

2079 628 2223 683 saepe
2276 612 2460 683 justos
2507 609 2599 681 qui
2646 607 2995 677 deliquerunt
3066 605 3169 661 sub
3229 604 3437 659 ditione
3473 610 3529 659 et
3558 617 3664 672 po-

2078 713 2274 759 testate
2302 703 2597 773 impiorum
2639 714 2792 765 esse,
2836 705 2897 753 ut
2945 697 3027 752 sic
3076 695 3451 766 castigentur,
3515 695 3665 749 sicut

2079 811 2204 853 cum
2239 808 2541 865 generosus
2566 791 2732 855 ﬁlius,
2763 790 2857 860 qui
2891 791 3030 859 patri
3071 804 3180 841 non
3213 795 3386 857 paret,
3419 801 3451 840 a
3500 798 3664 856 pere-

2080 890 2239 960 grino
2269 898 2320 943 et
2357 887 2569 958 hospite
2597 886 2953 948 verberatur,
3010 889 3070 935 ut
3100 881 3261 935 dolor
3292 881 3574 951 plagarum
3606 886 3664 933 et

2081 981 2380 1052 ignominia
2427 979 2656 1034 verbera
2711 975 3025 1032 adhibentis
3071 974 3482 1043 delinquentem
3538 987 3664 1025 mu-

2082 1082 2237 1127 tent:
2275 1086 2442 1125 unum
2466 1072 2613 1125 enim
2635 1083 2718 1124 εει
2751 1083 2817 1123 ac
2858 1070 3035 1124 solum
3070 1074 3125 1123 et
3154 1082 3367 1129 verum,
3403 1073 3464 1119 ut
3513 1062 3662 1118 dixi-

2082 1180 2227 1230 ntus,
2253 1162 2399 1233 quod
2432 1161 2576 1217 Deus
2617 1162 2687 1215 ab
2714 1161 2937 1215 homine
2969 1160 3025 1213 in
3052 1159 3165 1214 vita
3196 1156 3450 1229 requirit,
3482 1163 3543 1208 ut
3577 1154 3662 1210 ef-

2083 1257 2227 1313 ﬁciat
2260 1256 2494 1327 sapienti
2546 1254 2916 1324 cogitatione,
2976 1269 3046 1307 ne
3112 1254 3373 1309 virtutem
3432 1251 3540 1306 ulla
3594 1268 3664 1307 ex

2081 1362 2237 1421 parte
2270 1347 2513 1404 oll‘endat
2544 1365 2558 1403 :
2589 1346 2736 1417 quod
2766 1346 2985 1416 quidem
3011 1346 3055 1400 si
3083 1347 3330 1401 attendat
3357 1347 3443 1401 vel
3475 1346 3660 1400 solum

2082 1442 2221 1505 hoc,
2278 1441 2632 1497 beatissimus
2687 1439 2793 1504 sit,
2834 1439 3086 1509 quamvis
3118 1437 3256 1491 nihil
3288 1437 3434 1492 aliud
3470 1437 3528 1492 in
3556 1437 3666 1490 vita

2082 1536 2299 1590 habeat.
2333 1533 2448 1588 Hoc
2470 1533 2640 1604 igitur
2680 1531 2726 1588 si
2767 1531 2823 1585 in
2866 1531 3123 1585 universo
3153 1544 3405 1584 sermone
3434 1529 3502 1585 de
3528 1528 3667 1584 Pro.

2082 1628 2325 1682 videntia
2354 1630 2838 1686 commemoretur,
2862 1622 3014 1676 nulla
3053 1621 3296 1692 suSpicio
3325 1621 3668 1691 relinquetur

2084 1720 2151 1774 de
2183 1716 2553 1788 inaequalitate
2582 1723 2637 1771 et
2669 1712 3082 1787 perturbatione
3106 1711 3321 1766 ordinis
3352 1711 3406 1765 in
3442 1711 3511 1766 iis
3547 1727 3672 1780 qua:

2085 1828 2116 1866 a
2145 1810 2255 1866 Deo
2297 1811 2697 1881 gubernantur.
2732 1806 2788 1861 Si
2820 1805 2945 1876 quis
2998 1806 3145 1860 enim
3194 1802 3460 1874 reperire;
3481 1813 3672 1872 posset

396 1905 839 1972 ἀποκέκλεισται,
875 1906 1109 1962 ἐνταῦθα
1160 1908 1298 1979 πρὸς
1330 1906 1393 1960 τὸ
1422 1906 1519 1961 νῦν
1561 1907 1851 1977 κεφάλαιον
1876 1907 1984 1962 τῶν

2088 1904 2229 1975 quod
2263 1901 2387 1957 aliis
2422 1902 2604 1955 laxata
2634 1908 2782 1956 esset
2825 1900 2936 1953 vita
2966 1897 3189 1953 virtutis
3219 1896 3322 1966 piae
3355 1901 3410 1949 ct
3438 1903 3669 1961 sanctae,

395 1998 616 2067 ἀγαθῶν
644 1999 740 2053 καὶ
789 2001 821 2069 ὴ
862 2000 1118 2070 ἀνισότης
1152 1999 1405 2071 διαϐολὴν
1447 1998 1515 2053 ἂν
1541 1996 1684 2069 ἔχειν
1715 1998 1861 2064 ἔδοξε
1886 2000 1985 2071 τῆς

395 2088 744 2162 διοικήσεως*
772 2092 823 2143 εί
859 2090 916 2144 δὲ
943 2092 1012 2145 δι’
1038 2085 1098 2145 οὗ
1146 2091 1240 2145 καὶ
1270 2092 1433 2162 μόνου
1472 2092 1667 2162 γένοιτ’
1689 2093 1755 2147 ἄν
1786 2110 1869 2157 τις
1907 2092 1984 2156 ὡς

396 2180 613 2252 ἀληθῶς
639 2182 927 2253 μακάριος,
953 2183 1109 2237 τοῦτο
1143 2182 1321 2237 κοινὸν
1345 2183 1541 2255 ἐπίσης
1573 2184 1711 2256 πρὸς
1736 2183 1983 2251 ἐξουσίαν

396 2276 509 2336 τοῖς
547 2274 719 2328 ἅπασι
734 2275 1041 2347 πρόκειται·
1074 2275 1236 2330 ποίαν
1266 2276 1529 2349 διαφορὰν
1545 2276 1691 2330 εἴποι
1712 2278 1982 2350 γε(51)ἄν

396 2381 501 2428 τις,
523 2364 625 2418 κᾶν
704 2366 987 2434 φιλαίτιος,
1023 2368 1056 2439 ἦ
1098 2368 1407 2438 ἀνισότητα,
1434 2368 1707 2423 ὀπότετῶν
1740 2369 1896 2434 ἐκτὸς
1925 2368 1984 2424 αἱ

397 2454 703 2521 πλεονεξίαι
749 2451 905 2520 αὖθις
947 2457 1086 2529 πρὸς
1117 2459 1342 2530 ἰσότητα
1380 2458 1494 2519 τοῖς
1533 2457 1814 2528 λογισμοῖς
1855 2457 1985 2510 ἀνα-

397 2544 670 2611 κλῶνται;
724 2547 800 2611 ὡς
850 2548 951 2601 οὐκ
991 2548 1209 2602 ἔλαττον
1283 2549 1380 2619 μὲν
1429 2548 1464 2619 ἢ
1512 2550 1607 2603 καὶ
1648 2548 1851 2620 μᾶλλον
1872 2547 1991 2618 ἡδο·-

402 2636 566 2705 μένου
618 2636 717 2691 τοῦ
765 2637 999 2709 πένητος
1048 2634 1131 2703 οἷς
1188 2638 1558 2711 προσφέρεται
1595 2641 1837 2710 τροφίοις
1891 2638 1985 2693 τοῦ

398 2728 630 2800 πλησίου
641 2770 653 2783 .

2092 1996 2215 2050 aliis
2242 2009 2373 2050 vero
2423 1994 2647 2059 clausa;
2687 1991 2964 2046 videretur
2994 1998 3188 2046 contra
3220 1989 3325 2042 hoc
3364 1995 3532 2056 caput
3561 1986 3664 2041 ho-

2090 2100 2284 2140 norum
2309 2098 2432 2140 esse
2470 2083 2525 2137 in
2559 2081 2930 2152 inaequalitate
2985 2077 3265 2134 accusatio
3319 2074 3672 2147 gubernatio-

2089 2175 2195 2230 nis.
2229 2174 2324 2228 Sin
2352 2187 2479 2228 vcro
2521 2170 2577 2225 id
2623 2186 2734 2241 quo
2773 2170 2892 2225 solo
2945 2175 3125 2240 potest
3157 2167 3283 2238 quis
3311 2180 3438 2221 vere
3474 2164 3674 2221 beatus

2088 2283 2212 2324 esse
2259 2267 2516 2321 omnibus
2566 2281 2721 2337 teque
2774 2263 3140 2320 communiter
3191 2259 3533 2333 propositum
3564 2272 3670 2326 est,

2090 2369 2149 2413 ut
2183 2360 2361 2431 possit
2392 2373 2515 2414 esse
2572 2373 2798 2429 compos
2859 2356 3017 2427 ejus;
3053 2369 3218 2425 quam
3255 2353 3671 2423 oppressionem

2088 2460 2184 2507 aut
2216 2453 2641 2522 inaequalitatem
2686 2450 2885 2520 poterit
2930 2449 3056 2519 quis
3093 2447 3336 2517 objicere
3371 2445 3674 2519 quamlibet

2088 2544 2385 2598 accusandi
2430 2541 2707 2614 cupidus?
2776 2540 3232 2612 Quandoquidem
3288 2540 3492 2595 habere
3546 2538 3674 2608 plus

2089 2638 2360 2692 honorum
2390 2647 2740 2692 externorum
2790 2652 2987 2692 rursus
3007 2634 3318 2690 rationibus
3346 2631 3414 2687 ad
3448 2633 3677 2703 aequali-

2088 2737 2255 2785 tatem
2302 2737 2628 2797 revocatur,
2675 2735 2736 2785 ut
2764 2743 2875 2785 non
2938 2728 3122 2785 minus
3167 2728 3253 2783 vel
3300 2726 3467 2782 etiam
3499 2726 3679 2797 magis

398 2822 697 2877 delectetur
725 2839 929 2895 pauper
959 2824 1029 2881 iis
1056 2825 1196 2882 cibis
1223 2826 1317 2897 qui
1346 2826 1397 2882 ei
1426 2826 1758 2884 adhibentur
1804 2841 1970 2898 quam
2002 2827 2175 2882 dives.

467 2936 578 2991 Καὶ
624 2936 693 2991 τὰ
742 2938 868 3010 περὶ
924 2939 1134 3011 σκέπην
1181 2940 1239 2994 δὲ
1281 2941 1481 3012 ὁμοίως
1513 2941 1646 3014 ἔχει,
1691 2943 1795 2997 κᾶν
1819 2937 1985 3016 ἦττον

399 3026 633 3099 ὑπάρχει
648 3028 828 3098 τίμια,
841 3032 933 3084 καὶ
950 3030 1120 3094 τύπος
1137 3030 1442 3102 αἰσθήσεως
1458 3032 1525 3086 τὰ
1542 3035 1789 3099 συνήθως
1808 3051 1978 3106 παρα-

399 3119 646 3190 κείμενα,
701 3122 778 3185 ὼς
834 3124 1037 3194 μηδένα
1080 3123 1175 3177 τοῦ
1240 3124 1484 3190 πλείονος
1526 3127 1977 3189 ὲπαισθάνεσθαι.

397 3211 484 3265 διὰ
508 3213 606 3284 τῆς
627 3191 910 3286 συνηθείας
923 3216 1023 3287 τῆς
1045 3217 1350 3289 αἰσθήσεως
1363 3219 1791 3292 ἀμαυρουμένης
1807 3238 1822 3252 ο
1849 3222 1983 3293 μηδὲ
2009 3191 2052 3248 C

398 3302 557 3357 ἄλλον
589 3304 684 3358 τοῦ
737 3306 1040 3371 ἐλάττονος,
1069 3310 1164 3363 καὶ
1217 3309 1406 3363 τοῦτον
1447 3310 1537 3364 διὰ
1587 3311 1873 3383 συνηθείας
1923 3313 1985 3367 τὸ

399 3395 577 3450 ἐνδέον
607 3398 744 3468 πρὸς
793 3399 892 3471 τὴν
932 3400 1184 3470 αἴσθησιν
1223 3402 1297 3473 μὴ
1332 3402 1555 3470 ἄγοντα.
1598 3403 1810 3457 Αὐτίκα
1848 3403 1983 3475 βάρ-

404 3486 560 3560 ϐαροι
594 3490 793 3559 γυμνοὶ
838 3492 899 3545 τό
930 3508 996 3560 γε
1046 3492 1208 3546 πλέον
1246 3493 1341 3547 τοῦ
1392 3493 1642 3565 σώματος
1687 3495 1985 3564 διάγοντες,

401 3580 496 3631 καὶ
550 3580 819 3652 ἀστρωτοι
861 3582 1249 3651 καθεύδοντες,
1295 3585 1389 3639 καὶ
1434 3585 1658 3658 λυπροῖς
1696 3587 1986 3658 αίδέσμασι

399 3671 765 3744 διαιτώμενοι,
821 3676 920 3728 οὐκ
953 3676 1244 3749 ἠνέσχοντο
1278 3676 1497 3731 πώποτε
1532 3680 1851 3734 καταλιπεῖν
1886 3680 1985 3752 τὴν

403 3762 566 3833 φίλην
588 3764 816 3830 δίαιταν,
842 3765 917 3829 ὡς
941 3766 1030 3820 διὰ
1057 3767 1161 3838 τῆς
1185 3767 1472 3840 συνηθείας
1499 3770 1562 3823 τὸ
1590 3770 1767 3825 ἐνδέον
1803 3772 1984 3827 αὐτῶν

405 3855 573 3925 μηδὲν
605 3856 964 3928 καθορῶντες,
1007 3859 1204 3930 μᾶλλον
1231 3861 1288 3915 δὲ
1312 3861 1520 3933 ταύτην
1555 3863 1677 3935 μηδ’
1698 3864 1984 3919 ἀπολιπεῖν

400 3941 583 4001 οἷοίτε
608 3947 788 4011 ὄντες
837 3948 870 4019 ἢ
912 3949 1104 4005 θᾶττον
1140 3953 1236 4023 μὲν
1264 3954 1332 4007 ἂν
1360 3954 1537 4008 καὶτὸ
1572 3955 1837 4026 ὑγιαίνειν
1875 3975 1981 4011 κα-

398 4038 698 4106 ταλίποιεν,
758 4040 950 4095 θᾶττον
1003 4042 1049 4095 δ’
1105 4043 1171 4097 ἂν
1197 4046 1292 4099 καὶ
1333 4046 1395 4099 τὸ
1436 4046 1574 4118 πρὸς
1617 4050 1864 4121 κρυμοὺς
1890 4050 1986 4104 καὶ

402 4131 634 4202 ἡλιακὴν
663 4132 836 4202 φλόγα
864 4137 1154 4207 καρτερεῖν
1178 4136 1599 4208 ἀποκτήσαιντο.

2169 2939 2432 2996 Similiter
2453 2940 2636 2996 evenit
2671 2940 2726 2995 in
2763 2939 2832 2996 iis
2865 2954 2987 3011 quas
3019 2938 3087 2995 ad
3135 2946 3509 3010 tegumentum
3552 2949 3679 2990 cor-

2092 3032 2243 3102 poris
2266 3033 2538 3102 pertinent
2567 3050 2581 3086 :
2613 3032 2866 3103 quamvis
2896 3031 3089 3087 viliora
3121 3030 3234 3087 sint
3260 3069 3276 3096 ,
3324 3042 3549 3086 sensum
3593 3026 3682 3082 in-

2089 3126 2327 3181 formant
2369 3141 2491 3197 quae
2547 3126 2598 3181 ei
2645 3134 3053 3181 consueverunt
3107 3123 3338 3195 apponi,
3397 3130 3460 3178 ut
3514 3136 3683 3177 nemo

2089 3217 2237 3288 quod
2268 3218 2394 3288 plus
2447 3226 2531 3273 est
2583 3219 2816 3286 sentiat,
2852 3232 3017 3273 sensu
3062 3215 3466 3272 consuetudine
3511 3213 3678 3269 hebe-

2088 3319 2234 3378 tato;
2275 3326 2377 3366 nec
2412 3311 2554 3366 alius
2583 3310 2727 3382 quod
2775 3310 2957 3366 minus
2988 3318 3074 3365 est
3111 3311 3239 3380 quia
3279 3320 3502 3381 propter
3527 3327 3666 3367 con-

2087 3402 2436 3457 suetudinem
2493 3417 2601 3456 non
2658 3403 2890 3472 percipit
2922 3417 3088 3458 sensu
3144 3401 3291 3473 quod
3325 3402 3499 3459 deest.
3537 3401 3684 3457 Hinc

2087 3493 2351 3547 continuo
2377 3492 2434 3546 lit
2491 3499 2550 3547 ut
2579 3491 2828 3559 Barbari,
2864 3492 3010 3563 quod
3034 3492 3214 3562 majus
3244 3499 3350 3557 est,
3382 3495 3532 3547 nudo
3551 3507 3685 3548 cor-

2088 3601 2219 3657 pore
2251 3587 2421 3641 vitam
2449 3586 2729 3658 degentes,
2758 3594 2812 3641 et
2850 3586 2972 3641 sine
3005 3584 3254 3655 stragula
3279 3592 3433 3641 veste
3465 3585 3683 3641 cuban-

2093 3687 2196 3745 tes,
2227 3688 2282 3733 ιιι
2321 3679 2533 3750 asperis
2567 3676 2905 3734 indumentis
2949 3686 3206 3742 utentes,
3256 3693 3539 3748 nunquam
3582 3694 3684 3750 pa-
3776 3712 3789 3725 ρ

2091 3777 2336 3826 terentur
2363 3777 2425 3824 ut
2480 3769 2853 3840 relinquerent
2884 3768 3157 3824 rationem
3189 3769 3409 3825 vivendi
3438 3777 3676 3840 gratam.

2093 3872 2151 3919 ut
2173 3864 2268 3935 qui
2295 3871 2523 3936 propter
2572 3863 3032 3920 consuetudinem
3066 3863 3199 3934 quid
3250 3864 3333 3919 eis
3370 3862 3515 3919 desit
3564 3877 3678 3918 non

2090 3957 2440 4028 intelligunt,
2477 3957 2588 4012 imo
2625 3958 2719 4028 qui
2753 3972 2864 4012 non
2901 3965 3133 4027 possunt
3163 3955 3307 4010 hanc
3346 3956 3681 4027 relinquere,

2091 4057 2146 4105 ct
2178 4051 2360 4120 potius
2391 4063 2456 4104 ac
2484 4049 2749 4104 libentius
2788 4048 3103 4103 desinerent
3162 4055 3312 4103 recte
3355 4048 3540 4104 valere
3563 4087 3580 4115 ,
3625 4056 3685 4104 et

2092 4141 2318 4214 mallent
2348 4140 2553 4212 frigora
2580 4148 2634 4196 et
2661 4138 2915 4195 ardorem
2958 4138 3094 4193 solis
3132 4138 3392 4193 tolerare.

976 4291 1106 4350 CAP.
1143 4293 1238 4349 XI.
1273 4295 1587 4352 Communia
1617 4296 1873 4351 bonorum
1906 4304 1957 4352 et
1996 4297 2282 4352 malorum.
2320 4296 2474 4352 Bella
2509 4314 2605 4352 cur
2635 4296 2778 4352 Deus
2813 4296 3093 4367 permittit.

475 4434 584 4487 Καὶ
609 4434 746 4505 πρός
778 4450 844 4503 γε
866 4433 928 4487 τὸ
965 4433 1065 4505 ζῇν
1098 4433 1274 4497 οὐδεὶς
1293 4433 1505 4498 οὐδενὸς
1524 4433 1687 4487 πλέον
1704 4432 1818 4505 ἔχει
1848 4399 1992 4488 κατά

403 4524 496 4578 τὸν
557 4524 667 4594 βίον
692 4542 704 4556 ο
756 4525 931 4578 κοιναὶ
962 4524 1060 4595 μὲν
1102 4525 1212 4596 γὰρ
1248 4527 1413 4579 πᾶσιν
1450 4526 1508 4579 αἱ
1549 4526 1773 4594 φυσικαὶ
1801 4524 1988 4579 διανα-

406 4616 636 4678 παύσεις
656 4616 992 4670 ἀνακλίσεών
1018 4634 1079 4669 τε
1112 4618 1207 4671 καὶ
1237 4616 1441 4681 ὕπνων,
1489 4618 1665 4672 κοιναὶ
1692 4617 1749 4671 δὲ
1790 4618 1989 4688 τροφαὶ

376 4711 502 4764 ,καὶ
525 4706 871 4773 ἀπολαύσεις,
913 4708 1059 4771 είτις
1085 4709 1146 4761 τὸ
1177 4708 1278 4780 μὲν
1312 4708 1566 4780 διάφορον
1596 4708 1832 4772 συνετῶς
1853 4726 1994 4777 παρ-

407 4802 572 4864 έλθοι,
603 4801 703 4873 τὴν
752 4799 809 4853 δὲ
840 4802 1035 4872 χρῆσιν
1060 4803 1127 4871 τῇ
1169 4800 1415 4871 αίσθήσει
1465 4799 1780 4870 δοκιμάζοι·
1817 4801 1995 4853 κοιναὶ

407 4894 464 4947 δὲ
504 4894 605 4947 οὐκ
656 4892 875 4946 ἔλαττον
903 4891 1146 4963 ἀκριϐῶς
1185 4892 1280 4946 καὶ⁵
1301 4892 1356 4945 αί
1385 4891 1554 4944 λύπαι
1582 4891 1771 4961 ψυχῶν
1804 4908 1865 4944 τε
1897 4892 1993 4945 καὶ

411 4986 678 5057 σωμάτων
703 5000 716 5013 ⁸
750 4984 845 5039 καὶ
873 4984 1072 5056 μᾶλλον
1101 4982 1351 5056 εὑρεθείη
1392 5000 1474 5047 τις
1505 4981 1573 5037 ἂν
1596 4982 1802 5037 τούτων
1828 4985 1995 5054 ὑπερ-

421 5076 540 5150 ὂολὴ
566 5077 717 5150 παρὰ
742 5080 854 5141 τοῖς
889 5077 1051 5130 πλέον
1090 5075 1230 5129 κατά
1265 5075 1357 5129 τὸν
1388 5074 1499 5146 βίον
1547 5074 1691 5146 ἔχειν
1717 5074 1988 5129 δοκοῦσιν.

422 5166 575 5220 Ὥστε
624 5169 718 5221 καὶ
759 5167 964 5221 τούτων
1014 5165 1157 5220 κατὰ
1195 5164 1258 5218 τὸ
1294 5163 1492 5235 ἀληθὲς
1519 5163 1691 5229 οὕτως
1737 5164 1991 5234 ἐχόντων,

421 5257 518 5310 ποῦ
542 5258 606 5312 ἂν
629 5259 715 5330 εἴη
752 5259 814 5312 τὸ
837 5259 1018 5313 ἄνισον
1064 5257 1164 5328 τῆς
1201 5256 1295 5312 τοῦ
1337 5254 1472 5310 Θεοῦ
1498 5255 1840 5326 διοικήσεως,
1872 5274 1994 5310 ποι-

419 5349 621 5415 κιλίαν,
673 5353 774 5405 οὐκ
815 5351 1106 5423 ἀνισότητα
1156 5352 1269 5414 τοῖς
1307 5348 1428 5403 καθ’
1459 5349 1607 5419 ἡμᾶς
1647 5347 1994 5415 ἀντιθέντοςς

417 5440 600 5511 ἕτερον
634 5441 745 5512 γὰρ
772 5441 1027 5513 τυγχάνει
1072 5439 1315 5493 ποικιλία
1352 5439 1541 5508 σοφίας
1575 5440 1635 5492 ὲν
1657 5439 1847 5510 κόσμῳ
1885 5439 2000 5493 δια-

418 5532 722 5603 πρέπουσα,
785 5535 879 5587 καὶ
914 5535 1098 5605 ἕτερον
1136 5532 1330 5597 ἀταξία
1359 5531 1698 5603 διοικήσεως.
1735 5532 1799 5585 Et
1829 5532 1886 5586 δέ
1916 5550 1998 5596 τις

417 5623 569 5695 εὖροι
611 5623 676 5679 ἂν
722 5626 847 5689 τοὺς
895 5626 994 5697 μὲν
1023 5623 1254 5689 ἀπαθεῖς
1298 5624 1461 5695 φύσει
1514 5623 1623 5677 τῶν
1666 5624 1998 5696 ἀνθρώπων,

489 5764 627 5837 (50')
666 5765 860 5837 Μόνῳ.
891 5764 1022 5820 Post
1066 5765 1207 5819 hanc
1252 5778 1438 5818 vocem
1485 5763 1748 5837 nonnulla
1791 5762 1984 5837 deesse

423 5834 693 5893 videntur.
726 5836 877 5906 (Quae
911 5852 1013 5891 nos
1059 5836 1381 5905 supplendo,
1416 5835 1573 5899 uncis
1612 5834 1983 5899 inclusimus.)

2168 4434 2350 4504 Atque
2392 4432 2460 4489 ad
2506 4434 2675 4488 vitam
2720 4432 3042 4505 degendam,
3075 4447 3139 4488 ac
3171 4430 3418 4502 jucunde
3455 4430 3682 4503 quidem

2022 4506 2063 4561 ἶ)
2093 4524 2417 4596 degendam,
2450 4541 2612 4582 nemo
2659 4525 2784 4597 plus
2832 4540 2997 4596 quam
3042 4526 3187 4582 alius
3223 4524 3398 4597 ,habet
3446 4525 3503 4580 in
3545 4525 3675 4579 vita.

2097 4617 2424 4672 Communia
2474 4625 2604 4674 sunt
2636 4618 2935 4691 omnibus,
2970 4618 3170 4689 quibus
3218 4624 3415 4673 natura
3461 4629 3675 4672 recrea-

2103 4722 2247 4771 mur,
2288 4707 2676 4764 accubationes
2725 4717 2782 4764 et
2827 4708 3081 4778 epulares
3113 4707 3327 4775 somni;
3367 4705 3681 4763 communia

2101 4797 2383 4862 alimenta,
2409 4805 2465 4854 et
2490 4814 2683 4856 eorum
2715 4798 2928 4855 fructus
2957 4814 3022 4854 ac
3046 4798 3452 4868 jucunditates,
3477 4799 3525 4855 si
3551 4800 3679 4870 quis

2102 4888 2401 4958 prudenter
2438 4891 2811 4959 praestantiam
2842 4889 3062 4961 quidem
3112 4906 3304 4947 eorum
3357 4900 3678 4961 praetereat.

2102 4997 2262 5037 usum
2297 4996 2424 5035 vero
2458 4998 2625 5038 sensu
2656 4983 2970 5053 experiatur
2992 4991 3047 5038 et
3092 4984 3306 5054 probet.
3349 4981 3681 5039 Communes

2103 5075 2231 5128 item
2262 5081 2390 5129 sunt
2419 5089 2527 5129 non
2560 5074 2743 5130 minus
2769 5088 2959 5132 exacte
2981 5077 3285 5131 animarum
3305 5082 3361 5131 et
3386 5089 3682 5145 corporum

2101 5165 2355 5232 dolores;
2403 5172 2570 5235 atque
2590 5166 2646 5221 in
2671 5165 2757 5221 his
2789 5166 3010 5237 quidem
3043 5167 3217 5237 magis
3251 5166 3558 5236 reperietur
3585 5180 3685 5225 ex-

2099 5258 2412 5327 superantia
2470 5259 2615 5328 apud
2650 5273 2746 5313 eos
2804 5259 2899 5327 qui
2942 5258 3003 5312 in
3049 5259 3158 5313 vita
3189 5258 3310 5328 plus
3344 5257 3548 5313 habere
3602 5256 3698 5311 vi-.

2099 5348 2318 5403 dentur.
2357 5346 2693 5414 Quarecum
2729 5347 2843 5401 haec
2866 5348 2940 5401 ita
2967 5347 3100 5411 sint,
3129 5348 3219 5402 ubi
3255 5351 3362 5403 erit
3398 5347 3697 5417 inaequali,»

2100 5450 2182 5496 tas
2216 5441 2272 5495 in
2301 5441 2700 5510 gubernatione
2727 5439 2860 5505 Dei,
2910 5444 3004 5509 qui
3035 5440 3351 5495 varietatem
3376 5479 3394 5504 ,
3432 5454 3546 5494 non
3593 5438 3693 5495 in--

2101 5531 2469 5603 aequalitatem
2492 5532 2549 5587 in
2579 5532 2748 5588 rebus
2768 5532 2973 5587 nostris
3000 5532 3220 5602 posuit?
3244 5531 3392 5587 aliud
3423 5531 3568 5598 enim
3594 5539 3692 5587 est

2104 5624 2342 5679 varietas
2373 5624 2653 5694 sapientiae
2685 5640 2809 5694 qua:
2840 5623 2895 5678 in
2937 5623 3141 5679 mundo
3176 5624 3429 5681 decorem
3469 5623 3688 5683 habet;

2163 5760 2279 5832 (51)
2306 5762 2481 5815 Eia/oc
2514 5776 2598 5831 τε.
2634 5759 2790 5834 Vulg.
2819 5761 3023 5815 ἕποιεν.
3057 5759 3217 5816 Enn.
