4100 6418
477 405 615 462 H55

1618 399 1750 454 TITI
1789 396 2218 454 BOSTRENSIS
2256 395 2565 452 EPISCOPI

3607 396 3745 454 1156

473 524 621 579 aliud
646 522 982 596 perturbatio
1009 521 1219 577 ordinis
1262 520 1320 576 in
1370 521 1787 593 gubernatione.
1815 520 1872 577 Si
1926 521 2036 593 qui:

2152 521 2278 583 τοὺς
2340 518 2397 573 δὲ
2454 517 2723 589 ἐμπαθεῖς
2785 517 2906 572 καθ’
2967 517 3252 589 ἑκάτερον
3298 516 3476 590 ψυχήν
3529 532 3590 569 τι
3647 490 3746 572 and!

472 616 711 685 reperire
732 620 918 686 posset
946 613 1085 669 alios
1116 612 1338 683 quidem
1367 612 1619 669 homines
1650 621 1850 668 natura
1874 613 1942 667 ab
1973 612 2056 668 af-

474 705 804 763 fectionibus
835 707 1033 759 anima:
1082 712 1137 759 et
1192 705 1439 773 corporis
1488 705 1712 771 liberos,
1743 705 1878 761 alios
1926 721 2055 760 vero

471 814 581 855 non
623 799 855 865 liberos;
891 814 1089 854 rursus
1120 798 1259 853 alios
1297 799 1417 852 sine
1447 797 1573 852 cibo
1601 797 1846 852 viventes
1868 839 1883 863 ,
1918 799 2055 854 alios

470 889 598 944 cibo
629 890 838 944 alentes
868 889 1072 955 vitam;
1117 895 1213 941 aut
1256 887 1393 941 alios
1423 888 1517 957 qui
1547 888 1844 957 nequitiam
1884 889 2055 942 susci-

468 996 600 1050 pere
633 996 764 1035 .non
818 988 1068 1050 possent,
1099 980 1239 1034 alios
1284 978 1377 1049 qui
1434 988 1695 1049 possent;
1752 979 1881 1034 item
1916 980 2053 1037 alios

467 1071 767 1136 mortales,
814 1072 954 1126 alios
989 1071 1362 1125 immortales:
1393 1076 1543 1124 recte
1582 1072 1683 1126 iste
1716 1072 2054 1140 inaequalita-

465 1172 575 1218 tem
623 1162 1040 1233 gubernationis
1075 1162 1535 1232 reprehenderet,
1571 1170 1626 1216 et
1683 1162 2050 1217 turbationem

465 1251 713 1317 ordinis,
759 1252 916 1322 quasi
950 1252 1125 1322 magis
1158 1253 1444 1307 sortitione
1495 1267 1660 1323 quam
1704 1251 1918 1307 ratione
1959 1269 2049 1309 res

465 1356 686 1402 nostras
730 1344 871 1400 Deus
920 1352 1260 1414 procuraret.
1314 1343 1443 1410 Sed,
1475 1347 1521 1401 si
1573 1345 1714 1400 idem
1749 1345 1945 1400 modus
1991 1346 2048 1401 in

465 1442 590 1489 ortu
617 1434 862 1488 omnium
885 1471 901 1497 ,
948 1448 1056 1487 una
1085 1440 1140 1486 et
1189 1431 1379 1488 eadem
1437 1442 1646 1486 natura!
1674 1431 1960 1497 educatio;
1992 1441 2049 1488 et

462 1540 654 1583 eorum
679 1539 800 1594 quae
830 1525 1141 1580 necessaria
1173 1531 1338 1589 sunt,
1382 1525 1501 1580 sine
1532 1524 1734 1595 quibus
1768 1526 1876 1579 vita
1924 1524 2046 1596 degi

463 1606 817 1688 non.potest,
860 1616 1173 1671 communis
1209 1625 1297 1672 est
1344 1616 1604 1672 omnibus
1633 1631 1697 1671 ex
1733 1631 1892 1687 aequo
1921 1633 2047 1686 sup-

2159 610 2351 682 σῶμα·
2425 610 2520 663 καὶ
2576 611 2703 673 τοὺς
2755 610 2854 681 μὲν
2885 610 3011 664 ἄνευ
3053 609 3261 682 τροφῆς
3299 609 3435 680 (51⁸)
3465 628 3481 642 ·
3528 607 3563 681 ἢ
3614 609 3748 673 τοὺς

2159 701 2260 772 μὲν
2285 700 2669 764 ἀνεπιδέκτους
2698 701 2915 764 κακίας,
2938 701 3065 764 τοὺς
3088 700 3146 753 δὲ
3184 698 3467 764 δεκτικούς
3487 717 3500 731 ’
3524 698 3605 753 ἔτι
3634 699 3747 772 μὴν

2152 793 2280 856 τοὺς
2333 793 2431 863 μὲν
2471 791 2719 863 θνητοὺς,
2760 792 2886 856 τοὺς
2932 792 2990 847 δὲ
3031 791 3365 855 ἀθανάτουςο
3410 790 3590 855 καλῶς
3628 790 3747 845 ἂνό

2151 884 2395 948 τοιοῦτος
2428 883 2656 948 ἀταξίαν
2680 900 2739 935 τε
2761 885 2857 937 καὶ.
2880 883 3173 952 ἀνισότητα
3200 881 3448 936 κατείποι
3484 882 3582 952 τῆς
3607 881 3746 934 διοι-

2152 978 2384 1048 κήσεως,
2437 977 2511 1040 ὡς
2568 975 2953 1046 ἀποκληρώσει
2995 977 3102 1029 τινὶ
3164 974 3425 1046 μᾶλλονῆ
3476 975 3619 1046 λόγῳ
3646 974 3744 1028 τοῦ

2086 1077 2103 1101 ’
2150 1068 2286 1122 Θεοῦ
2333 1069 2403 1123 τά
2466 1068 2589 1122 καθ’
2618 1070 2763 1139 ἡμᾶς
2789 1068 3136 1131 διοικοῦντος.
3168 1068 3232 1120 Ei
3255 1066 3313 1119 δὲ
3349 1066 3552 1138 τρόπος
3584 1067 3683 1138 μὲν
3715 1068 3745 1118 ὁ

2150 1161 2315 1224 αὐτὸς
2360 1163 2475 1224 τοῖς
2536 1162 2670 1214 πᾶσι
2722 1160 3011 1228 γενέσεως,
3065 1159 3163 1229 μία
3204 1158 3262 1211 δὲ
3292 1158 3385 1212 καὶ
3411 1160 3445 1229 ἡ
3472 1159 3612 1230 αὑτὴ
3640 1159 3746 1229 τῆς

2150 1252 2364 1321 φύσεως
2419 1254 2453 1322 ἡ
2501 1251 2781 1323 ἀναστροφὴ
2809 1291 2823 1315 ,
2882 1251 2993 1304 τῶν
3029 1250 3086 1304 δὲ
3115 1250 3463 1320 ἀναγκαίων,
3501 1245 3577 1305 ὧν
3610 1251 3743 1305 ἄνευ

2150 1347 2408 1416 συστῆναι
2429 1345 2707 1408 ἀδύνατον,
2732 1346 2887 1414 κοινὴ
2921 1348 3035 1407 τοῖς
3058 1344 3263 1397 ἅπασιν
3289 1344 3486 1415 ἐπίσης
3515 1346 3547 1415 ἡ
3580 1362 3747 1416 χορη-

2146 1439 2261 1508 γία,
2294 1438 2447 1502 τέλος
2497 1438 2554 1491 δὲ
2598 1438 2707 1490 τῶν
2757 1439 3014 1492 ἁπάντων
3047 1436 3105 1489 ἓν
3146 1436 3239 1489 καὶ
3276 1436 3470 1506 μόνον’
3497 1436 3597 1506 τῆς
3624 1435 3742 1489 ίσό-

2144 1547 2306 1601 τητος
2333 1530 2470 1601 πρὸς
2531 1528 2708 1601 άκραν
2745 1528 3032 1601 ἀκρίϐειαν
3071 1528 3128 1581 ὲν
3175 1527 3347 1580 ἅπασι
3377 1526 3738 1597 φαινομένης,

2143 1622 2176 1693 ἢ
2205 1621 2403 1691 τυφλὸς
2422 1620 2700 1685 παντελῶς
2729 1623 2757 1674 ὁ
2782 1620 3082 1673 διαϐάλλων
3113 1621 3192 1682 είς
3220 1617 3447 1684 ἀταξίαν
3470 1616 3563 1670 τοῦ
3597 1617 3739 1670 Θεοῦ

461 1710 759 1782 peditatio;
790 1709 916 1763 ﬁnis
947 1714 1129 1763 autem
1163 1708 1408 1762 omnium
1433 1724 1577 1763 unus
1609 1716 1664 1763 et
1692 1711 1844 1764 solus
1871 1729 1884 1763 :
1918 1724 2036 1763 cum

2140 1712 2240 1784 τὴν
2302 1714 2579 1785 πρόνοιαν,
2612 1713 2645 1784 ἢ
2684 1712 2897 1783 ἐχθροῖς
2943 1712 3154 1782 ὄμμασι
3195 1709 3445 1782 καθορῶν
3487 1709 3557 1763 τά
3590 1710 3741 1780 πρά-

460 1809 722 1874 appareat
749 1815 965 1858 summa
995 1801 1282 1871 inqualitas
1319 1801 1371 1855 in
1411 1804 1667 1859 omnibus
1691 1842 1707 1867 ,
1746 1805 1832 1859 vel
1861 1818 2036 1860 caecus

2141 1822 2347 1876 γματα,
2362 1808 2560 1877 ἥκιστα
2577 1803 2888 1857 πιστεύεται
2903 1802 3127 1865 δίκαιος.
3150 1804 3211 1856 Εἰ
3224 1801 3332 1873 γὰρ
3345 1802 3378 1872 ἡ
3393 1800 3740 1873 διαφοράτὴν

459 1911 688 1967 prorsus
706 1904 814 1958 cst,
848 1895 940 1965 qui
965 1893 1057 1948 Dei
1092 1892 1487 1963 providentiam
1522 1902 1782 1966 tanquam
1813 1910 1921 1950 non
1948 1911 2036 1950 or-

2139 1897 2366 1964 ἀταξίαν
2388 1897 2520 1968 ἔχει,
2542 1896 2605 1950 τὸ
2622 1896 2845 1967 κόσμιον
2857 1896 2956 1966 τῆς
2974 1895 3262 1958 ποικιλίας,
3280 1895 3500 1967 τεχνίτῃ
3514 1911 3580 1963 γε
3601 1911 3743 1947 παν·

458 1985 702 2040 dinatam
736 1992 989 2049 accusat,
1038 1985 1120 2039 vel
1157 1984 1333 2039 oculis
1378 1987 1661 2043 malevolis
1712 1994 1765 2043 et
1803 1986 2036 2044 inimicis

2142 1989 2290 2059 σόφῳ
2309 1988 2430 2041 λίαν
2447 1988 2735 2060 ἁρμόττον,
2755 1989 2784 2040 ὁ
2806 1985 3044 2049 τοιοῦτος
3067 1984 3366 2039 διαϐάλλει.
3384 1986 3497 2038 Καὶ
3526 1981 3741 2057 προῖὼν

458 2090 548 2132 res
576 2077 794 2148 aspicit,
819 2086 874 2132 et
901 2077 970 2131 ob
998 2090 1122 2131 eam
1151 2092 1375 2132 causam
1413 2093 1523 2133 non
1560 2089 1645 2135 est
1691 2078 1888 2150 dignus
1916 2080 2036 2136 (ide.

2142 2080 2416 2146 κακιζέτω
2443 2080 2537 2133 καὶ
2567 2079 2625 2133 τὸ
2645 2079 2882 2133 ποικίλον
2898 2078 3006 2131 τῶν
3032 2077 3358 2149 χρωμάτων,
3380 2076 3602 2131 καὶτῶν
3629 2075 3742 2129 ὲδε-

457 2166 696 2235 Etenim,
732 2170 780 2225 si
821 2168 1158 2239 perturbatio
1194 2170 1406 2227 ordinis
1457 2172 1512 2226 in
1545 2173 1808 2228 varietate
1865 2174 2036 2239 inest,

2144 2172 2369 2243 σμάτων
2389 2172 2483 2226 καὶ
2507 2170 2767 2243 πομάτων
2785 2171 2847 2224 τὸ
2877 2170 3134 2241 διάφορον
3151 2186 3166 2199 ο
3195 2169 3338 2241 άπερ
3363 2166 3739 2239 ἀναλαμϐάνει

456 2260 723 2316 (ἱεροποιίαι
759 2261 1066 2326 varietatis,
1107 2261 1256 2330 quod
1286 2263 1588 2333 sapientem
1619 2264 1883 2320 artiﬁcem
1922 2280 2036 2320 ma-

2142 2284 2209 2336 γε
2260 2267 2581 2340 θαυμασίως
2619 2265 2718 2329 τὰς
2764 2263 3044 2336 αἰσθήσεις
3072 2262 3189 2332 ,τῶν
3245 2259 3733 2333 προσφερομένων.

455 2370 696 2426 gnopcre
747 2353 924 2419 decet,
982 2357 1334 2425 reprehendit
1378 2359 1503 2415 iste.
1558 2358 1756 2430 Pergat
1811 2362 1975 2416 etiam
2031 2362 2345 2434 improbare
2406 2363 2727 2418 varietatem
2788 2359 3038 2415 colorum
3068 2398 3084 2425 ,
3139 2364 3196 2413 et
3247 2355 3622 2412 diversitatem
3667 2369 3739 2410 ac

455 2447 820 2502 ditl'erentiam
870 2447 1122 2503 ciborum
1163 2465 1227 2505 ac
1261 2451 1582 2521 potionum,
1611 2469 1735 2524 qua:
1769 2452 2095 2512 mirabiliter
2126 2473 2326 2514 sensus
2356 2464 2607 2512 recreant
2639 2469 2832 2509 eorum
2871 2453 3074 2523 qui-bus
3104 2447 3458 2504 adhibentur.

528 2542 668 2598 Hinc
709 2544 942 2614 profecti
973 2554 1102 2600 sunt
1137 2547 1432 2603 miserrimi
1477 2548 1768 2618 homines,
1820 2551 1914 2621 qui
1969 2551 2036 2607 ad

2224 2551 2504 2606 Ἐντεῦθεν
2531 2548 2753 2622 ὲξῆλθον
2769 2550 2819 2603 οί
2837 2548 2957 2602 λίαν
2985 2543 3334 2608 ἀθλιώτατοι,
3358 2539 3500 2613 πρὸς
3520 2540 3728 2613 είμαρ-

418 2672 419 2675 η
453 2633 860 2691 defendendum
898 2638 1069 2693 fatum
1103 2638 1361 2694 videntur
1398 2641 1502 2696 sibi
1553 2642 1879 2698 conﬁrmare
1929 2658 2036 2697 ma-

2144 2644 2312 2714 μένην
2339 2642 2401 2696 τὸ
2429 2641 2628 2696 ἄτοπον
2674 2640 2777 2711 τῆς
2832 2637 3151 2709 ἀνισότητος
3179 2634 3269 2688 διὰ
3309 2635 3431 2687 ταῖν
3461 2632 3605 2685 δυοῖν
3634 2633 3739 2703 ἀρ-

453 2735 568 2790 lum
609 2736 997 2806 inaequalitatis
1020 2777 1034 2802 ,
1083 2736 1301 2792 duobus
1334 2734 1622 2805 principiis
1656 2734 1988 2792 introductis
2021 2755 2035 2791 :

2139 2738 2262 2808 χαῖν
2325 2733 2574 2806 βεϐαιοῦν
2627 2732 2911 2797 δοκοῦντες
2935 2749 2949 2764 ο
2979 2727 3116 2785 άλλά
3165 2727 3435 2782 δέδεικται
3474 2725 3574 2797 μὲν
3614 2728 3738 2790 τοῖς

453 2836 739 2885 ostensum
771 2838 958 2884 tamen
984 2837 1071 2884 est
1108 2828 1475 2900 prudentibus
1506 2828 1714 2883 nullam
1761 2828 1817 2883 in
1869 2827 2036 2885 rebus

2139 2828 2428 2900 ἔμφροσιν,
2459 2826 2535 2890 ὠς
2576 2824 2804 2896 οὐδεμία
2829 2840 2913 2887 τις
2956 2821 3211 2892 ἀνισότης
3241 2818 3449 2872 ἔνεστιν
3502 2818 3565 2872 ὲν
3614 2820 3736 2882 τοῖς

448 2922 658 2978 nostris
686 2922 1116 2992 inaequalitatem
1146 2935 1290 2977 esse.

2139 2917 2261 2972 καθ’
2284 2919 2451 2988 ἡμᾶς.

526 3010 665 3076 Quia
703 3026 836 3066 vero
866 3011 1008 3065 bella
1035 3012 1202 3066 etiam
1247 3009 1572 3080 assignant,
1627 3016 1681 3065 et
1728 3010 2036 3066 attribuunt

2216 3007 2434 3080 Ἐπειδὴ
2476 3008 2533 3061 δὲ
2565 3008 2687 3069 ,καὶ
2727 3006 2855 3069 τοὺς
2898 3004 3167 3076 πολέμους
3199 3006 3266 3075 τῇ
3296 3002 3468 3074 κακίᾳ
3496 3000 3734 3073 προσνέ-

452 3101 713 3173 nequitia:
736 3138 754 3168 ,
788 3101 1063 3172 quomodo
1099 3101 1250 3155 varia
1298 3100 1429 3165 fata,
1459 3100 1703 3170 ipsorum
1737 3101 1996 3171 opinione
2019 3142 2035 3168 ,

2147 3118 2326 3173 μουσι,
2355 3101 2477 3154 τίνα
2504 3099 2704 3172 τρόπον
2721 3098 3057 3169 είμαρμέναι
3079 3096 3327 3166 διάφοροι
3353 3095 3475 3148 κατ’
3505 3091 3730 3156 αὐτοὺς,

451 3193 757 3248 multorum
786 3192 1085 3264 aliquando
1108 3192 1339 3247 millium
1372 3192 1427 3246 in
1457 3206 1626 3245 unum
1653 3198 1892 3262 tempus,
1925 3191 2036 3246 imo

2139 3193 2349 3246 πολλῶν
2374 3192 2521 3246 ἔστιν
2546 3192 2636 3245 ὅτε
2660 3191 2914 3263 χιλιάδων
2953 3190 3044 3258 ὑφ’
3076 3189 3174 3241 ἕνα
3206 3187 3420 3259 καιρὸν,
3450 3183 3652 3256 μᾶλλον
3672 3182 3732 3236 δὲ

450 3283 510 3339 in
540 3300 704 3339 unam
739 3283 932 3341 horam
975 3283 1266 3339 incidunt?
1302 3298 1374 3337 an
1425 3297 1597 3337 unum
1636 3280 1809 3336 fatum
1844 3282 2036 3337 conci-

2139 3284 2243 3338 ὑπὸ
2271 3284 2402 3356 μίαν
2442 3282 2591 3356 ὥραν
2626 3281 2982 3347 πιπτουσῶν;
3021 3276 3132 3351 ἆρα
3162 3280 3260 3351 μία
3299 3296 3384 3343 τις
3417 3274 3732 3348 εἱμαρμένη

446 3376 549 3432 liat
578 3377 679 3433 hos
716 3384 773 3432 et
815 3376 1038 3447 copulat
1066 3376 1211 3431 inter
1240 3375 1339 3432 se?
1396 3389 1582 3429 annon
1627 3382 1714 3428 est
1741 3374 2034 3429 ridiculum

2140 3377 2401 3431 συνάπτει
2462 3375 2685 3439 τούτους
2715 3375 2805 3442 ὑφ’
2863 3375 3072 3445 totum];
3130 3373 3226 3427 καὶ
3281 3372 3398 3435 πῶς
3437 3371 3501 3424 οὐ
3547 3369 3727 3441 πάντη

445 3468 765 3524 existimare
796 3468 933 3525 hoc?
968 3466 1044 3522 Ex
1070 3482 1180 3538 quo
1212 3467 1271 3520 lit
1294 3475 1354 3521 ut
1398 3466 1741 3537 inaequalitas
1774 3465 1893 3533 fati,
1917 3481 2036 3537 quae

2139 3469 2294 3530 ποῦτό
2331 3486 2394 3538 γε
2441 3468 2848 3539 ὑπολαμϐάνειν
2918 3467 3288 3535 γελοιότατον;
3324 3463 3487 3518 ’Ὀθεν
3520 3462 3582 3515 τὸ
3628 3460 3731 3532 μὲν

446 3566 533 3617 est
567 3561 753 3631 gravis
792 3561 1020 3616 morbus
1051 3560 1390 3624 errantium,
1428 3560 1610 3615 locum
1652 3561 1709 3614 in
1739 3561 1904 3616 rebus
1928 3568 2036 3616 non

2139 3553 2321 3615 ἱὶνισον
2350 3561 2450 3631 τῆς
2479 3559 2841 3632 εἱμαρμένης,
2881 3557 2941 3611 τὸ
2966 3555 3200 3628 χαλεπὸν
3226 3554 3335 3607 τῶν
3369 3550 3729 3622 πεπλανημέ-

451 3651 670 3706 habeat.
716 3649 863 3706 Bella
899 3659 1079 3706 autem
1112 3650 1445 3721 principium
1497 3658 1725 3707 sumunt
1751 3667 1819 3706 ex
1852 3650 2034 3706 avari-1

2141 3671 2248 3708 νων
2307 3654 2545 3724 νόσημα,
2597 3656 2780 3724 χώραν
2837 3652 2893 3703 ὲν
2935 3653 3046 3714 τοῖς
3102 3649 3422 3720 πράγμασιν
3447 3646 3548 3700 οὐκ
3575 3644 3726 3715 ἔχει·

448 3740 564 3807 tia;
617 3750 884 3811 geruntur
928 3749 1111 3797 autem
1158 3730 1429 3811 permissu
1466 3741 1601 3798 Dei:
1650 3743 1853 3797 malum
1887 3743 2028 3820 enin2

2146 3745 2365 3817 πόλεμοι
2414 3745 2472 3799 δὲ
2507 3744 2604 3815 τὴν
2676 3743 2775 3814 μὲν
2820 3742 2992 3815 ἀρχὴν
3036 3743 3101 3794 ὲκ
3150 3737 3466 3803 πλεονεξίας
3508 3735 3730 3807 λαμϐά-

447 3828 645 3884 horum
680 3838 765 3885 est
811 3830 929 3901 ipsa
961 3844 1149 3894 causa,
1190 3829 1244 3884 id
1291 3838 1380 3887 est
1422 3831 1715 3900 cupiditas,
1749 3845 1872 3902 qua:
1901 3846 2025 3894 ava;

2133 3838 2304 3907 νουσι,
2329 3835 2429 3909 τὴν
2471 3835 2528 3888 δὲ
2570 3834 2854 3907 ἐνέργειαν
2906 3833 3045 3905 πρὸς
3085 3831 3223 3886 Θεοῦ
3265 3829 3731 3902 συγχωρουμένην

446 3918 631 3973 ritiam
664 3920 844 3989 parit:
881 3919 1028 3990 quod
1069 3920 1291 3990 quidem
1321 3922 1526 3975 malum
1571 3922 1640 3975 ab
1691 3922 2036 3978 hominibus?)

2139 3931 2349 4000 ἔχουσι·
2385 3928 2555 3981 κακὸν
2598 3928 2695 3998 μὲν
2722 3926 2831 3996 γὰρ
2874 3925 3078 3978 τούτων
3120 3926 3154 3996 ὴ
3187 3923 3432 3995 ἀφορμὴ,
3479 3920 3624 3990 λέγω
3663 3919 3731 3992 δὴ

448 4024 562 4064 non
593 4024 624 4064 a
653 4008 763 4066 Deo
796 4011 1201 4082 proﬁciscitur,
1252 4019 1313 4066 ut
1344 4011 1402 4066 in
1436 4010 1506 4069 iis
1535 4027 1657 4084 qua:
1682 4012 1838 4084 prius
1884 4012 2036 4068 dicta

2139 4018 2232 4089 τῆς
2282 4017 2597 4083 πλεονεξίας
2654 4019 2687 4087 ἡ
2730 4015 3029 4087 ἐπιθυμία·
3067 4016 3206 4087 ὅπερ
3254 4012 3582 4086 ἀνθρώπων,
3609 4010 3729 4066 ἀλλ’

447 4109 577 4158 sunt
605 4103 940 4174 patefactum
973 4110 1080 4161 est.

2131 4108 2254 4179 οὐχὶ
2299 4107 2438 4162 Θεοῦ
2488 4107 2893 4180 πλημμέλημα,
2918 4110 3030 4173 τοῖς
3080 4107 3394 4179 ἔμπροσθεν
3435 4105 3725 4161 δέδεικται.

724 4219 856 4277 CAP.
894 4220 1008 4278 X11.
1043 4219 1193 4279 Mors
1224 4240 1329 4278 non
1361 4222 1525 4279 mala.
1552 4222 1663 4280 Cur
1690 4239 1809 4279 vero
1840 4224 2074 4279 timetur.
2104 4224 2388 4282 Justorum
2419 4235 2470 4282 et
2511 4227 2796 4296 impiorum
2834 4225 3023 4280 mortis
3054 4224 3203 4295 ﬁnis,
3239 4223 3439 4296 qualis.

516 4331 669 4390 Mors
692 4346 904 4390 natura:
928 4341 1014 4391 est
1043 4350 1155 4391 non
1180 4335 1342 4390 mala.
1370 4335 1539 4392 Ortus
1561 4345 1616 4392 et
1643 4351 1796 4392 mors
1818 4343 2021 4391 natura

444 4432 577 4485 sunt
604 4440 637 4480 a
670 4424 781 4482 Deo
828 4427 1085 4494 sancita;
1130 4442 1242 4482 non
1296 4427 1516 4498 quidem
1565 4435 1625 4481 ut
1667 4435 1899 4498 pereant
1932 4429 2027 4497 qui

445 4516 792 4584 moriuntur,
840 4517 936 4572 sed
980 4525 1043 4571 ut
1101 4525 1448 4588 apponantur
1492 4518 1562 4573 iis
1592 4518 1687 4589 qui
1720 4526 1870 4574 sunt.
1906 4517 2026 4573 Non

443 4606 591 4663 enim
628 4615 778 4663 esset
807 4606 940 4661 Boni
984 4607 1120 4664 solis
1146 4607 1460 4663 hominibus
1487 4607 1582 4678 qui
1640 4614 1770 4662 sunt
1838 4607 2024 4677 largiri

444 4707 508 4755 ut
534 4699 647 4755 sint
671 4706 726 4756 et
762 4698 877 4754 nati
910 4699 1056 4765 sint,
1107 4700 1205 4756 sed
1241 4701 1406 4756 etiam
1452 4714 1549 4756 eos
1602 4700 1697 4772 qui
1744 4714 1854 4755 non
1895 4707 2026 4755 sunt

443 4790 685 4848 creando
712 4791 1012 4863 adjungere
1049 4791 1117 4846 ad
1153 4807 1249 4848 eos
1279 4792 1373 4863 qui
1430 4801 1600 4848 sunt:
1648 4799 1711 4847 ut
1756 4794 1851 4863 qui
1896 4803 2028 4849 sunt

445 4883 583 4946 nati,
607 4897 778 4938 cursu
813 4882 942 4938 vitae
969 4884 1106 4939 satis
1144 4898 1391 4949 emenso,
1417 4889 1479 4937 ut
1529 4898 1560 4936 a
1590 4897 1760 4938 cursu
1810 4884 2031 4954 requie-

443 4983 624 5041 scant,
670 4984 901 5033 mortem
932 4976 1206 5047 accipiant
1257 4992 1368 5033 non
1401 4992 1524 5048 quae
1557 4991 1655 5033 eos
1687 4978 1755 5032 ad
1785 4993 2026 5047 pereun-

442 5069 576 5124 dum
615 5068 823 5134 ducat,
874 5069 969 5125 sed
1020 5085 1142 5140 quae
1173 5069 1284 5125 alio
1315 5071 1565 5142 singulos
1610 5085 1710 5140 pro
1760 5070 2027 5141 dignitate

443 5159 780 5227 transferat,
817 5168 873 5216 et
909 5160 1001 5231 qui
1051 5176 1161 5215 non
1212 5170 1372 5223 sunt,
1425 5161 1634 5216 aditum
1681 5160 1921 5216 habeant
1958 5161 2027 5216 ad

418 5249 769 5320 capiendum
818 5260 1025 5305 ortum.
1076 5249 1222 5305 Mors
1259 5251 1449 5321 igitur
1489 5249 1606 5320 lege
1647 5258 1861 5304 natura:
1892 5264 2027 5303 san-

443 5340 552 5394 cita
580 5354 690 5394 non
718 5349 805 5395 est
858 5341 1022 5406 mala,
1056 5356 1390 5412 quocunque
1428 5340 1593 5395 modo
1618 5340 1835 5396 accidat
1868 5358 1881 5393 :
1923 5354 2027 5395 nec

442 5432 591 5486 enim
641 5433 1026 5503 inquirendum
1079 5440 1164 5488 est
1212 5433 1281 5489 de
1329 5433 1499 5489 variis
1529 5433 1751 5488 casibus
1798 5441 2023 5504 propter

443 5539 584 5594 quos
609 5526 829 5580 accidit.
862 5525 1017 5583 Unus
1058 5526 1256 5582 modus
1290 5526 1602 5582 communis
1632 5527 1893 5581 omnibus
1928 5541 2029 5581 co-

518 5662 652 5732 (δι’)
694 5664 867 5718 Ἄνευ
904 5663 1256 5733 τροφ.ξῐ)θρει
1285 5663 1372 5718 hic
1405 5663 1615 5733 aliquid
1654 5674 1713 5717 ut
1738 5666 2019 5734 liatoppo-

446 5732 575 5787 sitio
606 5734 747 5804 inter
783 5737 982 5787 bonum
1016 5732 1073 5789 et
1109 5735 1329 5804 malum,
1362 5732 1609 5788 ciborum
1645 5732 1938 5804 penuriam
1964 5742 2019 5789 et

446 5802 834 5859 abundantiam
855 5821 870 5871 ;
888 5804 1008 5859 ideo
1043 5802 1412 5873 reponendum
1430 5805 1615 5873 credo,
1643 5802 1768 5868 τοὺς
1798 5803 1854 5858 δὲ
1882 5804 2018 5875 μετὰ

2175 4338 2443 4409 ,Θάνατος
2484 4339 2543 4393 δὲ
2597 4339 2697 4411 τῆς
2747 4338 2963 4408 φύσεως
3001 4339 3062 4392 οὐ
3112 4337 3319 4401 κακός·
3367 4337 3586 4406 γένεσις
3620 4339 3730 4414 γάρ

2133 4431 2230 4485 καὶ
2263 4430 2489 4494 θάνατος
2518 4431 2656 4503 πρὸς
2679 4428 2814 4483 Θεοῦ
2847 4429 3008 4499 φύσει
3031 4428 3453 4501 νενομοθέτηται
3476 4446 3492 4461 ο
3530 4431 3593 4485 οὐ
3618 4431 3729 4486 τῶν

2129 4540 2195 4593 γε
2216 4522 2589 4577 τελευτώντων
2639 4522 3030 4594 ἀπολλυμένων
3051 4561 3066 4586 ,
3112 4522 3250 4577 ἀλλά
3285 4522 3397 4577 τῶν
3424 4524 3729 4594 γινομένω)

2133 4616 2246 4678 τοῖς
2289 4610 2410 4668 οὖσι
2445 4613 2913 4688 προστιθεμένων.
2964 4613 3198 4682 Ἀγαθοῦ
3223 4613 3335 4685 (52)
3374 4612 3483 4684 γὰρ
3520 4615 3623 4669 οὐκ
3659 4614 3729 4669 ἂν

2133 4705 2219 4777 εἴη
2247 4706 2310 4760 τὸ
2340 4706 2523 4778 μόνοις
2577 4709 2692 4771 τοῖς
2738 4702 2890 4761 οὖσιν
2922 4704 3232 4778 ἀνθρώποις
3276 4704 3339 4759 τὸ
3376 4701 3516 4760 εἶναί
3539 4723 3600 4760 τε
3632 4700 3730 4760 καὶ

2133 4798 2412 4867 γεγονέναι
2453 4798 2765 4869 δωρεῖσθαι,
2808 4797 2945 4852 ἀλλά
2991 4797 3088 4851 καὶ
3118 4798 3244 4861 τοὺς
3281 4797 3357 4869 μὴ
3382 4796 3543 4862 ὖντας
3589 4814 3729 4869 προ-

2134 4892 2559 4958 κατασκευάζειν
2578 4895 2689 4956 τοῖς
2704 4888 2875 4946 οὖσινο
2889 4891 2965 4955 ὡς
2980 4890 3047 4945 ἂν
3065 4890 3118 4944 οἴ
3130 4907 3189 4944 τε
3200 4890 3502 4963 γενόμενοι,
3512 4890 3731 4961 διαδρα-

2137 4983 2327 5055 μόντες
2355 4984 2643 5056 αὐτάρκως
2674 4983 2767 5036 τοῦ
2795 4982 2910 5053 βίου
2958 4984 3020 5035 τὸ
3056 4981 3293 5045 στάδιον,
3330 4981 3454 5033 ἀντὶ
3478 4981 3728 5034 ἀναπαύ-

2136 5091 2273 5138 σεως
2326 5073 2422 5127 τοῦ
2470 5075 2672 5147 δρόμου
2730 5073 2824 5128 τὸν
2871 5073 3102 5128 θάνατον
3153 5072 3430 5138 λάϐωσιν,
3483 5072 3585 5125 οὐκ
3647 5072 3730 5133 εἰς

2133 5162 2407 5217 ἀπώλειαν
2460 5165 2660 5227 αὐτοὺς
2716 5163 2938 5231 ἄγοντα,
2996 5161 3109 5216 ἀλλ’
3179 5161 3418 5233 ἑτέρωσε
3443 5159 3589 5214 κατὰ
3628 5158 3729 5229 τὴν

2133 5255 2288 5322 ἀξίαν
2333 5254 2567 5309 ἑκάστου
2624 5256 2929 5326 μετάγοντα
2955 5269 2970 5283 °
3003 5254 3055 5308 οἵ
3077 5270 3139 5307 τε
3172 5253 3248 5324 μὴ
3287 5253 3440 5317 ὄντες
3493 5251 3729 5323 πάροδον

2133 5347 2212 5410 είς
2233 5345 2296 5399 τὸ
2325 5346 2581 5415 γενέσθαι
2628 5346 2887 5401 λάϐωσιν.
2916 5346 3127 5401 Οὐκοῦν
3160 5344 3393 5408 θάνατος
3415 5346 3446 5397 ό
3470 5346 3537 5416 τῇ
3567 5342 3733 5412 φύσει

2132 5438 2624 5510 νενομοθετημένος
2661 5438 2724 5490 οὐ
2786 5438 3042 5512 πονηρὸς,
3082 5436 3191 5491 κᾶν
3237 5434 3489 5492 ὁπωσοῦν
3541 5434 3727 5488 ἐπίοι·

2132 5527 2253 5580 οὐδὲ
2281 5526 2391 5601 γὰρ
2411 5529 2472 5582 τὸ
2502 5528 2757 5601 διάφορον
2789 5528 2898 5582 τῶν
2941 5526 3340 5601 περιστάσεων,
3370 5526 3436 5579 δι’
3456 5518 3548 5597 ,ὧν
3576 5524 3734 5580 ἔπεισι

2133 5663 2524 5736 τροφῆς,νὶιίο.ι
2558 5681 2674 5719 vero
2703 5666 2791 5735 qui
2823 5665 2968 5736 cibis
2987 5664 3450 5736 {ruuntur.B_.\SN.

2169 5730 2181 5736 ’
2205 5730 2316 5804 (Si)
2374 5735 2635 5803 Ἀγαθοῦ.
2682 5730 2840 5803 Boni,
2888 5730 2995 5793 hoc
3019 5745 3125 5804 est,
3158 5736 3272 5790 Dei.
3311 5733 3490 5791 Tuan.
3522 5762 3595 5776 —
3622 5730 3724 5790 Sic

2136 5820 2277 5876 sa'pe
2306 5804 2483 5876 alibi.‘
