4100 6418
394 398 535 457 “51

1435 375 1831 461 'onsnsus
1870 401 2300 458 MANICIUEOS
2335 403 2469 461 Lis.
2510 403 2575 458 tt.

3525 408 3662 466 “.28

394 538 496 587 σιν,
530 504 1041 586 siccandam-"Eva.
1087 521 1144 575 δὲ
1194 522 1394 593 τρόπον
1442 522 1622 578 κοινὸν
1652 526 1767 587 τοῖς
1804 525 1951 576 πᾶσιε

2073 522 2426 593 gnoscendus
2469 529 2584 587 est,
2626 521 2718 590 qui
2775 528 2860 576 est
2898 520 3179 578 discessus
3219 523 3418 578 animae
3461 499 3661 580 acor-

389 613 518 666 ὄντα
567 614 856 681 γνωστέον,
920 613 1062 683 λέγω
1106 613 1172 687 δὴ
1220 615 1281 669 τὸ
1329 615 1403 687 μὴ
1436 614 1556 688 δίχα
1599 615 1972 687 περιστάσεώς

386 721 531 769 τινος
579 707 675 759 καὶ
730 705 976 776 ἀνάγκης
1025 706 1327 779 ἀναχωρεῖν
1362 706 1539 778 ψυχὴν
1561 708 1670 762 ἀπὸ
1695 707 1969 780 σώματος,

388 797 523 875 ἀλλά
547 797 883 869 παραμένειν
909 798 1016 861 ’ἐως
1064 797 1130 853 ἂν
1157 800 1218 852 τὸ
1264 800 1491 869 φυσικὸν
1519 801 1689 871 αὐτῆς
1722 801 1972 869 καταγώ-

385 907 507 962 γιον
531 892 890 963 ἀκαθαίρετον
929 891 1200 963 διαμένον
1240 892 1414 963 τούτῳ
1444 893 1625 964 μέντοι
1654 894 1730 966 τῷ
1756 894 1970 965 φυσικῷ

388 985 484 1039 καὶ
538 983 702 1056 κοινῷ
755 987 1087 1056 συνυπάρχει
1133 1002 1189 1038 τι
1241 985 1379 1050 δέος,
1409 986 1545 1061 ὅπερ
1586 988 1665 1051 είς
1699 989 1969 1060 τιμωρίας

389 1077 625 1148 ὑποψίαν
669 1076 986 1146 ἀναγκαίως
1030 1076 1432 1148 παρείληπται,
1460 1078 1521 1130 ού
1559 1078 1741 1148 μέντοι
1778 1080 1833 1130 ἐν
1857 1082 1970 1142 τοῖς

388 1171 575 1237 πᾶσιν,
607 1170 720 1223 ἀλλ’
748 1167 829 1234 οἷς
852 1186 916 1239 γε
951 1169 1204 1240 ήδιάνοια
1244 1170 1531 1242 πρόχειρος
1560 1172 1639 1233 είς
1674 1169 1966 1241 ἁμαρτίαν,

346 1256 366 1317 κ’
387 1260 523 1331 πρὸς
572 1262 881 1333 ἀνατροπὴν
912 1260 1137 1332 ταύτης.
1182 1260 1239 1313 ’0
1272 1261 1369 1331 μὲν
1412 1260 1520 1331 γὰρ
1568 1259 1793 1331 ἔμφρων
1848 1263 1968 1314 κατ’

385 1349 608 1422 ἀρετὴν,
644 1351 818 1423 ἄραγε
875 1351 968 1404 τοῦ
1035 1351 1396 1423 πλημμελεῖν,
1463 1352 1558 1404 καὶ
1604 1351 1698 1405 τοῦ
1763 1352 1968 1406 οἴεσθαι

390 1445 662 1518 μοχθηρὸν
712 1442 852 1499 εἶναι
885 1446 976 1499 τὸν
1013 1445 1241 1501 θάνατον
1289 1448 1663 1518 ἀπήλλακται’
1695 1451 1723 1503 ὁ
1755 1449 1811 1503 δὲ
1847 1449 1968 1519 φιλ-

387 1537 754 1608 αμειρτήμων,
774 1535 879 1588 ἀπὸ
899 1535 997 1607 μὲν
1026 1537 1123 1607 τῆς
1156 1537 1326 1608 αὐτῆς
1357 1539 1540 1603 ἀνοίας
1562 1538 1652 1608 ἀφ’
1668 1535 1847 1610 ἧσπερ
1875 1540 1968 1592 καὶ

388 1625 719 1698 πλημμελεῖ,
741 1627 831 1679 τὸν
857 1625 1085 1680 θάνατον
1111 1627 1437 1683 εὐλαϐεῖται.
1493 1631 1816 1699 Ἀναγκαῖον
1848 1632 1969 1701 μέν-

385 1735 469 1772 τοι
493 1719 591 1790 τῆς
623 1719 809 1782 ἀνοίας
850 1718 962 1791 ἔχει
994 1719 1055 1773 τὸ
1088 1719 1325 1775 τοιοῦτον
1351 1722 1844 1795 παρακολούθημα,
1879 1725 1967 1779 ἵνα

382 1809 444 1862 τὸ
468 1809 618 1873 ἀδεὲς
662 1808 867 1874 δεδιὼς,
916 1810 945 1863 ὃ
992 1812 1267 1883 προσῆκεν
1297 1812 1512 1883 ἀληθῶς
1544 1813 1792 1879 δεδιέναι,
1822 1815 1964 1883 λέγω

380 1902 445 1974 δὴ
469 1904 566 1974 τῆς
595 1904 868 1975 ἁμαρτίας
912 1902 1150 1974 διαφύγῃ
1183 1904 1282 1972 τὴν
1330 1904 1554 1975 βλάϐην.
1594 1906 1842 1959 Ἐπειδὰν
1869 1904 1963 1960 οὖν

380 1994 651 2065 πλεονάσῃ
674 1995 803 2064 παρ’
837 1993 1013 2046 ἔθνεσι
1056 1993 1123 2047 τὰ
1174 1995 1274 2064 τῆς
1311 1997 1604 2068 ἁμαρτίας,
1640 1994 1708 2069 ἦς
1736 2015 1799 2068 γε
1827 2016 1961 2069 τυγ-

380 2085 530 2155 χάνει
580 2085 636 2138 ἓν
696 2080 835 2148 εἶδος
878 2085 938 2137 τὸ
968 2085 1065 2154 τῆς
1098 2085 1422 2157 ἀπληστίας,
1460 2089 1671 2150 ἑαυτοῖς
1697 2090 1961 2162 παραίτια

379 2175 624 2242 γίγνεται
639 2174 736 2244 τῆς
755 2174 896 2228 κατὰ
923 2174 985 2227 τὸ
1008 2175 1333 2246 φαινόμενον
1360 2180 1650 2249 τιμωρίας,
1674 2181 1793 2252 ἣτις
1815 2182 1961 2237 κατά

382 2265 481 2336 μὲν
509 2266 569 2319 τὸ
593 2264 786 2337 ἀληθὲς
815 2266 890 2330 ὡς
919 2267 1019 2320 οὐκ
1048 2266 1214 2338 ἂνεῖη
1248 2270 1488 2342 τιμωρία
1504 2271 1771 2337 λέλεκται,
1800 2274 1958 2343 φύσει

377 2361 530 2430 κοινῇ
568 2358 709 2411 κατὰ
745 2359 964 2412 πάντων
1013 2358 1292 2433 ὡρισμένη
1316 2379 1329 2392 ·
1366 2362 1646 2435 εὐεργετεί
1665 2363 1721 2418 δὲ
1746 2365 1872 2429 τούς
1897 2383 1957 2420 τε

374 2452 673 2516 πίπτοντας
724 2455 782 2506 ὲν
811 2452 1032 2524 πολέμῳ
1076 2456 1322 2520 καὶτοὺς
1365 2454 1814 2528 διασωζομένους,
1846 2463 1958 2523 τοῖς

374 2543 781 2615 μὲν-ἁμαρτίας
821 2544 973 2607 τέλος
995 2545 1330 2617 παρέχουσα,
1393 2548 1504 2610 τοῖς
1543 2545 1598 2599 δὲ
1655 2548 1957 2620 ὑπόδειγμα

349 2635 525 2699 ’δέους
554 2634 857 2706 ἐμποιοῦσα
880 2653 894 2667 ο
937 2636 1215 2707 εὐεργετεί
1249 2636 1327 2701 δὲ,
1356 2636 1457 2690 κᾶν
1487 2637 1683 2691 δίκαιοι
1712 2638 1790 2710 τῷ
1819 2640 1958 2713 πλή-

369 2728 454 2782 θει
495 2727 933 2781 συναπέλθωσιν·
994 2728 1070 2792 ὡς
1096 2728 1204 2801 γὰρ
1242 2731 1353 2793 τοῖς
1408 2730 1617 2793 ἀδίκοις
1660 2730 1812 2795 τέλος
1856 2739 1955 2804 τῆς

365 2818 585 2884 ἀδικίας
621 2820 649 2872 ὁ
678 2819 926 2883 θάνατος,
960 2820 1102 2874 οὓτω
1127 2820 1183 2873 δὲ
1216 2821 1311 2876 καὶ
1337 2821 1566 2887 δικαίοις
1597 2822 1673 2887 ὼς
1705 2827 1953 2895 νικηταῖς

364 2911 567 2983 τρόπον
597 2911 720 2965 τινὰ
744 2914 1023 2983 στεφάνων
1045 2913 1186 2986 ἀρχή
1688 2944 1691 2947 η
1763 2901 1767 2905 ’

439 3089 600 3143 Ὠς-τε
630 3088 945 3160 θαυμάσιον,
972 3088 1062 3142 διὰ
1100 3090 1198 3161 τῆς
1240 3089 1516 3159 πανσόφου
1558 3090 1813 3162 προνοίας
1857 3090 1948 3144 τοῦ

360 3181 497 3237 Θεοῦ
535 3180 851 3274 συμϐαίνει·
888 3182 950 3235 τὸ
986 3180 1096 3254 γὰρ
1122 3181 1310 3235 δοκοῦν
1346 3181 1611 3245 κολάζειν,
1647 3184 1944 3254 εὐεργετεῖ·
1975 3216 2017 3274 c

363 3277 459 3330 καὶ
484 3275 608 3329 οὐδὲ
633 3276 699 3328 δι’
726 3268 801 3328 ὧν
820 3274 981 3336 αὐτὸς
1003 3273 1261 3346 ἄντικρυς
1286 3273 1681 3338 κατασκευάζει
1706 3273 1948 3343 ἀνιαρῶν

360 3365 502 3422 εἶναι
531 3365 851 3430 δοκούντων,
890 3364 1026 3418 ἀλλά
1054 3366 1120 3419 δι’
1146 3359 1220 3419 ὧν
1248 3364 1558 3436 ἀνθρώποις
1591 3365 1946 3436 αὐτομολοῦσι

363 3458 656 3528 συγχωρεῖ·
687 3454 828 3508 ὥστε
869 3454 1104 3522 πόλεμος
1132 3457 1232 3509 οὐκ
1270 3457 1429 3527 ἔργον
1454 3454 1611 3520 Θεοῦ,
1652 3456 1789 3510 ἀλλὰ
1814 3473 1947 3526 σιγ-

359 3548 601 3621 χώρησις
637 3545 909 3615 ἀναγκαία
943 3548 1024 3610 εἰς
1059 3547 1159 3616 μὲν
1203 3546 1438 3615 ὑποψίαν
1482 3547 1754 3619 τιμωρίας
1804 3547 1945 3601 κατὰ

356 3642 460 3712 τῆς
489 3640 784 3713 ἁμαρτίας,
829 3638 967 3693 κατά
998 3639 1055 3692 δὲ
1093 3639 1154 3692 τὸ
1192 3639 1410 3709 ἀληθὲς,
1455 3640 1534 3703 είς
1567 3639 1720 3704 τέλος
1750 3641 1940 3712 αὐτῆς·

358 3734 489 3788 ἔνθα
518 3733 620 3787 κᾶν
646 3732 852 3796 δίκαιος
878 3732 1040 3804 πέσῃ,
1078 3731 1285 3785 δίκαιον
1313 3730 1370 3783 δὲ
1399 3729 1657 3801 πολεμεῖν
1690 3731 1941 3799 ἀπεικὸς,

359 3824 621 3898 μειζόνως
646 3826 1034 3895 εὐεργετεῑται·
1071 3824 1253 3893 μεῖζον
1278 3822 1386 3893 γὰρ
1418 3821 1512 3875 τοῦ
1543 3822 1818 3893 παυθῆναι
1847 3841 1945 3877 κα-

357 3920 483 3983 κίας
513 3917 573 3972 τὸ
610 3917 835 3989 καρπῶν
875 3915 1180 3970 ἀπολαῦσαι
1207 3914 1316 3968 τῶν
1347 3914 1449 3986 τῆς
1492 3916 1696 3988 ἀρετῆς
1739 3918 1939 3983 πόνων,

352 4012 494 4081 ὅπερ
536 4008 782 4061 εὐσεϐέσι
839 4008 977 4079 μετά
1022 4007 1247 4062 θάνατον
1298 4008 1553 4078 ὑπάρχει.
1603 4010 1665 4061 Οί
1705 4007 1762 4061 δὲ
1806 4010 1943 4082 πρὸς

351 4102 528 4155 ταῦτα
560 4101 970 4172 διαμαχόμενοι,
1013 4101 1142 4172 πρὶν
1178 4100 1238 4153 τὸ
1272 4099 1501 4154 καθόλου
1534 4099 1803 4169 διελέγξαι
1837 4119 1940 4155 κα-

349 4192 475 4259 κὸν,
508 4193 571 4247 τὸ
613 4194 778 4265 μέρος
818 4192 1217 4247 διαϐάλλουσιν·
1263 4194 1311 4246 εί
1353 4192 1463 4265 γὰρ
1489 4192 1565 4257 ὡς
1603 4194 1713 4247 ἀπὸ
1744 4195 1943 4260 κακίας

346 4286 744 4359 ύφεστηκυίας,
772 4290 867 4341 καὶ
893 4287 1065 4358 ἀρχῆς
1091 4286 1350 4358 ἀνάρχου,
1367 4287 1494 4350 τοὺς
1519 4287 1788 4359 πολέμους
1809 4290 1941 4361 ἡμῖν

342 4378 832 4449 κατακομίξουσιν,
862 4380 1022 4433 αὐτόν
1049 4396 1111 4448 γε
1151 4378 1241 4432 τὸν
1267 4370 1498 4433 θάνατον
1524 4380 1619 4434 καὶ
1649 4379 1808 4451 μόνον
1837 4398 1939 4435 κα-

339 4472 503 4526 κίσαι
536 4471 810 4543 προσῆκον
840 4467 908 4543 ἦν
938 4473 1142 4535 αὐτοῖς·
1177 4471 1429 4545 περιττὸν
1461 4472 1570 4543 γὰρ
1601 4471 1701 4537 τὰς
1730 4473 1941 4545 προφά-

2075 631 2224 686 pore,
2259 630 2367 669 non
2401 615 2522 670 sine
2563 628 2699 669 casu
2743 613 2980 685 quodam
3036 620 3090 669 et
3142 613 3495 682 necessitate,
3560 616 3658 673 sed

2072 705 2502 775 exspectandum
2550 715 2670 768 est,
2707 705 2953 775 quandiu
3012 704 3352 760 domicilium
3407 707 3660 760 naturale

2070 796 2231 850 durat
2258 805 2442 852 etnon
2474 797 2831 853 dissolvitur:
2868 812 2994 851 cum
3044 798 3147 851 hoc
3192 806 3375 851 tamen
3408 797 3654 851 naturali

2071 887 2349 943 domicilio
2378 896 2434 943 et
2456 888 2735 944 communi
2777 888 2942 945 simul
2983 888 3126 943 inest
3160 889 3381 959 quidam
3422 898 3604 945 metus
3640 930 3655 952 ,

2071 980 2163 1051 qui
2188 981 2406 1051 quidem
2440 981 2757 1036 necessario
2782 980 2849 1036 de
2887 987 3146 1049 suspecto
3168 982 3437 1051 supplicio
3471 982 3656 1037 susci-

2069 1070 2253 1141 pitur;
2292 1088 2400 1126 non
2444 1082 2625 1128 tamen
2655 1074 2726 1128 ab
2754 1074 3050 1139 omnibus,
3083 1074 3178 1129 sed
3228 1077 3297 1128 ab
3336 1075 3403 1130 iis
3451 1077 3654 1146 quibus

2070 1181 2226 1221 mens
2257 1173 2343 1221 est
2371 1174 2620 1237 prompta
2659 1176 2713 1220 et
2761 1165 2940 1222 lacilis
2976 1168 3039 1220 ad
3087 1177 3369 1237 peccatum
3398 1184 3412 1233 ;
3447 1169 3514 1223 ad
3548 1169 3657 1224 htt-

2065 1256 2156 1325 jus
2207 1255 2353 1309 enim
2397 1256 2737 1309 aversionem
2786 1265 2966 1309 metus
3026 1256 3119 1310 ille
3165 1256 3486 1326 suscipitur.
3550 1256 3656 1323 Qui

2068 1348 2213 1415 enim
2248 1347 2395 1416 degit
2426 1362 2493 1401 ex
2540 1348 2761 1409 virtute,
2798 1346 2844 1402 is
2881 1347 3102 1417 quidem
3162 1363 3392 1418 peccare
3435 1348 3653 1411 desivit,

2067 1449 2122 1496 et
2152 1457 2259 1495 non
2275 1442 2532 1511 opinatur
2560 1440 2752 1495 durant
2787 1456 2909 1495 esse
2941 1447 3191 1495 mortem.
3219 1439 3322 1506 Qui
3341 1455 3470 1495 vero
3504 1440 3657 1496 dedi-

2068 1542 2156 1591 tus
2189 1545 2272 1591 est
2303 1535 2543 1607 peccatis
2574 1574 2589 1599 ,
2647 1533 2838 1589 eadem
2876 1532 3245 1603 imprudentia
3286 1548 3393 1603 qua
3427 1541 3651 1603 peccat,

2068 1633 2296 1679 mortem
2324 1626 2497 1681 timet.
2532 1623 2918 1683 Necessarium
2954 1633 3132 1679 tamen
3185 1632 3269 1680 est
3300 1633 3360 1679 ut
3385 1626 3525 1680 hanc
3552 1626 3655 1681 itu-

2067 1717 2411 1789 prudentiam
2451 1718 2538 1771 ltic
2568 1727 2750 1772 metus
2788 1723 3192 1787 consequatur,
3248 1724 3308 1770 ut
3358 1717 3450 1788 qui
3492 1717 3657 1772 time-

2064 1811 2158 1865 bat
2183 1811 2234 1865 id
2263 1812 2316 1866 in
2353 1826 2463 1881 quo
2493 1826 2602 1865 non
2630 1818 2750 1866 erat
2780 1810 2965 1873 timor,
2994 1825 3121 1865 vere
3153 1809 3346 1864 timeat
3391 1809 3536 1880 quod
3576 1810 3653 1864 ti-

1998 1882 2037 1937 Β
2068 1918 2214 1958 mere
2243 1912 2477 1974 oportet,
2508 1904 2791 1966 damnum,
2829 1903 3074 1974 inquam,
3110 1917 3175 1957 ex
3216 1908 3463 1972 peccato.
3509 1900 3648 1968 Quia

2062 1996 2232 2066 igitur
2267 2004 2456 2067 gentes
2496 1997 2739 2067 peceatis
2774 1997 3104 2058 redundant,
3140 2011 3373 2066 quorum
3434 1996 3648 2067 species

2066 2102 2171 2140 una
2209 2095 2293 2142 est
2322 2088 2687 2143 insatiabilem
2734 2104 2899 2151 esse,
2958 2088 3091 2157 ipsae
3140 2095 3270 2141 sunt
3323 2085 3427 2141 sibi
3479 2101 3646 2142 causa

2063 2179 2354 2249 supplicii,
2392 2179 2445 2234 id
2482 2187 2566 2234 est
2604 2179 2826 2245 mortis;
2868 2179 3012 2250 quod
3070 2179 3289 2248 quidem
3322 2177 3529 2233 dictum
3563 2187 3650 2233 est

2061 2284 2169 2322 non
2206 2284 2328 2323 esse
2359 2284 2485 2323 vere
2522 2269 2876 2339 supplicium,
2909 2268 3055 2339 quod
3096 2275 3293 2321 natura
3340 2276 3428 2323 est
3461 2268 3646 2322 omni-

2060 2360 2162 2415 bus
2194 2359 2498 2426 deﬁnitum,
2550 2360 2817 2417 benelicio
2878 2369 3060 2416 autem
3105 2359 3269 2415 allicit
3305 2376 3400 2416 eos
3454 2359 3546 2431 qui
3590 2361 3644 2416 itt

2060 2452 2202 2506 bello
2225 2451 2456 2516 cadunt,
2502 2460 2556 2507 et
2590 2468 2685 2509 eos
2716 2453 2809 2523 qui
2854 2453 3093 2511 evadunt
3125 2452 3436 2508 incolumes
3469 2471 3483 2507 :
3532 2451 3645 2508 illis

2059 2544 2278 2614 quidem
2318 2545 2479 2598 tinem
2511 2544 2771 2615 peccandi
2816 2544 2993 2607 allcrt,
3029 2545 3112 2599 bis
3138 2559 3271 2600 vero
3323 2543 3639 2614 exemplum

2058 2634 2273 2689 timoris
2310 2636 2586 2704 proponit.
2616 2634 2793 2689 Aﬂicit
2834 2643 3016 2689 autem
3049 2634 3338 2701 beneficio,
3387 2634 3515 2689 licet
3561 2632 3648 2702 ju-

2058 2728 2129 2784 sti
2159 2745 2280 2783 cutn
2314 2730 2666 2784 multitudine
2713 2729 2861 2800 vulgi
2894 2744 2924 2782 a
2956 2728 3067 2782 vita
3120 2729 3383 2783 recedant
3417 2746 3431 2795 ;
3496 2727 3645 2783 sicut

2056 2820 2201 2875 enim
2255 2821 2473 2891 injustis
2508 2836 2657 2877 mors
2709 2831 2793 2876 est
2834 2820 2958 2874 linis
3000 2820 3307 2890 injustitiae,
3345 2819 3427 2874 sic
3469 2817 3642 2888 justis

2056 2922 2316 2983 tanquam
2344 2913 2650 2970 victoribus
2698 2913 3105 2985 quodammodo
3149 2922 3233 2968 est
3277 2912 3498 2966 initium
3546 2925 3646 2966 co-

2054 3021 2339 3061 ronarum.

2130 3095 2283 3152 Unde
2317 3096 2421 3151 hoc
2462 3111 2561 3166 per
2598 3096 2996 3167 providentiam
3028 3094 3122 3151 Dei
3171 3094 3643 3166 sapientissimam

2054 3186 2374 3241 admirabile
2419 3188 2620 3251 evenit,
2671 3195 2730 3241 ut
2755 3185 2901 3257 quod
2932 3184 3146 3240 videtur
3186 3184 3404 3255 punire,
3433 3181 3644 3240 beneﬂ-

2050 3280 2194 3332 cium
2227 3277 2339 3334 fiat.
2371 3278 2493 3334 Non
2520 3279 2644 3334 dico
2677 3278 2847 3333 videri
2878 3277 3075 3346 punire
3116 3292 3214 3346 per
3252 3291 3315 3331 ea
3347 3292 3469 3346 quae
3493 3276 3642 3331 Deus

2046 3369 2193 3425 haud
2226 3370 2391 3425 dubie
2427 3371 2577 3433 facit,
2628 3385 2751 3440 quae
2791 3370 2990 3424 acerba
3022 3376 3077 3424 et
3113 3382 3310 3439 aspera
3354 3367 3635 3432 videntur,

2046 3461 2143 3518 sed
2190 3475 2287 3531 per
2333 3476 2398 3517 ea
2448 3476 2569 3532 quae
2614 3459 2934 3515 hominibus
2977 3457 3284 3530 transfugis
3331 3458 3634 3529 permittit;

2044 3551 2398 3623 quamobrem
2433 3553 2637 3607 bellum
2665 3552 2898 3607 istorum
2927 3564 3037 3604 non
3077 3556 3160 3604 est
3186 3564 3328 3620 opus
3358 3548 3479 3613 Dei,
3519 3548 3618 3604 sed

2044 3641 2338 3712 permissio
2388 3642 2723 3698 necessaria.
2774 3639 2833 3697 ln
2875 3642 3116 3712 speciem
3151 3641 3372 3711 quidem
3420 3640 3489 3695 ad
3526 3655 3634 3711 pu-

2043 3734 2307 3790 niendum
2339 3741 2646 3804 peccatum,
2682 3750 2809 3790 vere
2842 3744 3021 3790 autem
3052 3734 3120 3788 ad
3147 3732 3534 3804 imponendum
3570 3732 3634 3787 li-

2042 3841 2168 3882 nem
2213 3836 2474 3897 peccato;
2522 3827 2616 3881 ubi
2665 3826 3122 3897 quamvisjustus
3187 3826 3347 3881 cadat
3403 3824 3633 3897 (justum

2043 3928 2224 3974 autem
2260 3921 2463 3976 bellare
2497 3936 2607 3976 non
2640 3922 2856 3994 decet),
2895 3923 3076 3992 majus
3109 3921 3434 3976 beneﬁcium
3486 3924 3630 3976 acci-

2040 4011 2153 4082 pit;
2208 4011 2386 4082 majus
2433 4013 2580 4069 enim
2620 4021 2705 4068 est
2753 4014 3039 4084 percipere
3086 4011 3328 4067 fructum
3376 4011 3630 4069 laborum

2041 4089 2279 4168 virtutis,
2316 4103 2462 4174 quod
2499 4104 2604 4175 piis
2649 4112 2773 4175 post
2821 4112 3051 4160 mortem
3099 4103 3397 4173 contingit,
3453 4117 3626 4174 quam

2039 4193 2291 4250 desinere
2340 4210 2589 4266 peccare.
2640 4194 2745 4261 Qui
2795 4202 2979 4250 autem
3037 4202 3230 4248 contra
3278 4192 3396 4247 haec
3446 4191 3630 4248 disce-

2040 4293 2215 4356 ptant,
2269 4286 2589 4357 priusquam
2638 4285 2873 4356 probent
2928 4284 3131 4340 bellum
3180 4298 3306 4340 esse
3355 4297 3421 4338 ex
3473 4280 3626 4337 omni

2040 4388 2194 4451 parte
2237 4380 2462 4447 malum,
2500 4389 2710 4451 partem
2744 4378 2868 4448 ejus
2908 4387 3192 4433 accusant.
3230 4375 3288 4432 Si
3331 4375 3476 4431 enim
3505 4374 3626 4430 bel-

2039 4472 2217 4526 lorum
2252 4472 2519 4542 originem
2559 4487 2626 4527 ex
2683 4471 2928 4542 nequitia
2995 4485 3093 4541 per
3130 4485 3192 4527 se
3239 4469 3537 4525 exsistente
3570 4473 3627 4521 et

344 4581 467 4629 σεις
501 4561 796 4631 ἐξετάζειν,
823 4562 916 4617 τοῦ
941 4564 1257 4634 ἀναγκαίως
1292 4565 1684 4638 συμϐαίνοντος
1712 4566 1939 4637 ἀκρίτου

2050 4578 2113 4617 ex
2146 4563 2418 4634 principio
2462 4561 2708 4634 ingenito
2765 4559 2895 4617 duci
2940 4560 3157 4627 dicunt,
3197 4560 3486 4633 oportebat
3526 4572 3625 4613 eos

349 4654 628 4727 μένοντος.

2042 4654 2217 4724 ipsam
2266 4660 2520 4718 mortem,
2565 4659 2619 4708 et
2662 4651 2883 4723 quidem
2930 4652 3103 4708 solam
3151 4653 3499 4723 vituperare:
3528 4663 3625 4704 su-

347 4761 748 4818 pervacaneum
772 4747 917 4801 enim
943 4754 1027 4803 est
1055 4761 1254 4804 causas
1284 4746 1553 4803 bellorum
1583 4754 1843 4804 excutere
1876 4755 1931 4805 et
1965 4749 2266 4821 inquirere,
2299 4764 2425 4806 cum
2452 4748 2598 4820 quod
2626 4748 2946 4807 necessario
2972 4747 3193 4815 accidit,
3245 4748 3303 4805 in
3368 4746 3426 4803 id
3471 4743 3622 4817 judi-

346 4840 496 4894 cium
525 4852 635 4893 non
667 4837 847 4895 cadat.

1113 4976 1245 5032 Cn.
1282 4974 1417 5029 XIII.
1461 4974 1688 5030 Horum
1723 4977 1925 5031 malum
1952 4990 2058 5031 non
2091 4990 2225 5038 esse,
2260 4973 2452 5027 iterum
2490 4973 2864 5043 conﬁrmatur.

393 5109 541 5178 ’Πῶς
573 5114 618 5169 δ’
647 5114 714 5169 ἂν
760 5113 851 5168 τὸν
901 5113 1130 5168 θάνατον
1175 5113 1402 5168 κακίσαι
1445 5112 1747 5187 δυνηθεῖεν,
1794 5116 1929 5168 ἀπυ-

344 5201 539 5260 λύοντά
572 5224 637 5275 γε
670 5209 768 5279 τῆς
801 5205 953 5278 ὕλης,
991 5205 1133 5259 κατά
1161 5205 1254 5261 τὸν
1278 5205 1435 5275 λόγον
1463 5205 1560 5260 τοῦ
1588 5205 1925 5273 ἀπατεῶνος,

342 5292 443 5365 τὴν
469 5294 676 5367 ψυχην;
703 5297 864 5351 ’Ὥστε
891 5298 1032 5351 κατά
1059 5298 1157 5368 μὲν
1183 5297 1284 5369 τὴν
1319 5295 1504 5369 κοινὴν
1536 5296 1694 5362 δόξαν
1726 5297 1927 5368 ἥκιστά

340 5402 407 5454 γε
442 5385 671 5452 θάνατος
693 5390 881 5445 κακόν⁶
919 5388 983 5443 τὸ
1008 5388 1119 5461 γὰρ
1150 5387 1463 5458 ἀναγκαίως
1484 5389 1598 5451 τοῖς
1623 5387 1757 5441 πᾶσι
1789 5404 1928 5458 συμ-

339 5481 523 5535 ϐαῖνον
547 5482 609 5534 οὐ
637 5482 823 5537 κακόν·
863 5484 1040 5557 μάτην
1068 5481 1231 5536 αὑτὸν
1256 5481 1343 5536 διὰ
1372 5482 1498 5545 τοὺς
1526 5480 1796 5552 πολέμους
1815 5480 1927 5534 δια-

337 5572 642 5640 ϐάλλουσιν,
681 5576 833 5630 οὐδὲν
880 5575 1043 5630 πλέον
1086 5574 1361 5645 ἐπάγοντα
1407 5573 1518 5629 τῶν
1560 5572 1704 5627 κατά
1755 5572 1917 5642 φύσιν

336 5668 735 5740 ἀποκειμένων.
770 5670 834 5722 Εἰ
856 5668 914 5722 δέ
938 5686 1024 5733 τις
1052 5668 1152 5739 τὴν
1175 5668 1446 5740 πρόφασιν
1479 5667 1652 5739 αὐτὴν
1677 5665 1785 5720 τῶν
1814 5682 1915 5719 πο-

330 5746 515 5828 ’λέμων
543 5761 777 5827 κακίζοι,
819 5760 917 5814 εἴτ’
946 5756 1040 5815 οὖν
1081 5760 1270 5833 ὀργὴν,
1305 5759 1402 5813 εἴτ’
1432 5758 1654 5831 ἔχθραν,
1679 5759 1790 5811 εἴτε
1821 5758 1915 5812 καὶ

338 5848 665 5919 πλεονεξίαν,
701 5855 800 5907 οὐκ
834 5853 899 5909 ἂν
941 5853 1292 5926 διαμαρτάνοι
1330 5852 1421 5907 τοῦ
1463 5852 1789 5923 πρέποντοςο
1824 5853 1916 5905 ἁν-

2102 5113 2391 5182 Quomodo
2433 5103 2626 5169 autem
2650 5122 2881 5184 possunt
2911 5121 3145 5171 mortem
3179 5115 3378 5171 malam
3406 5117 3612 5186 dicere,

2032 5221 2178 5276 qute,
2205 5211 2266 5258 ut
2297 5202 2630 5259 Manichacus
2645 5202 2912 5260 fallaciter
2933 5205 3121 5272 tradit,
3153 5205 3392 5261 animam
3431 5224 3461 5262 a
3492 5225 3613 5264 ma-

2031 5297 2168 5351 teria
2211 5294 2450 5351 liberat?
2493 5294 2674 5362 Quare
2725 5297 3005 5351 communi
3050 5299 3298 5351 omnium
3339 5302 3613 5357 sententia

2030 5399 2375 5456 nequaquam
2414 5386 2618 5439 malum
2649 5394 2735 5439 est
2770 5400 2958 5441 mors:
2988 5385 3135 5457 quod
3163 5388 3308 5443 enim
3350 5404 3612 5446 accessa.-

2026 5480 2114 5536 rio
2142 5479 2400 5535 onmibus
2431 5480 2653 5547 accidit,
2698 5496 2808 5536 non
2850 5489 2935 5537 est
2979 5482 3203 5536 malum.
3237 5482 3479 5539 lnaniter
3509 5500 3614 5539 au»

2026 5581 2134 5628 tem
2170 5585 2424 5637 mortem,
2445 5589 2570 5644 qua:
2602 5584 2824 5645 propter
2873 5574 3015 5629 bella
3051 5574 3271 5641 accidit,
3305 5588 3609 5648 accusant;

2026 5680 2147 5735 quae
2169 5665 2305 5719 nihil
2330 5666 2569 5735 amplius
2592 5665 2749 5721 aﬂ'ert
2787 5682 2950 5736 quam
2987 5666 3135 5736 quod
3166 5667 3468 5722 secundum
3506 5685 3607 5723 na-

2026 5766 2203 5811 turam
2236 5759 2594 5812 constitutum
2636 5768 2738 5813 est.
2771 5757 2828 5813 Si
2856 5759 2979 5829 quis
3011 5775 3142 5814 vero
3171 5760 3345 5830 ipsam
3378 5776 3603 5816 causam

2024 5851 2292 5906 bellorum
2325 5852 2523 5905 malam
2551 5866 2673 5908 esse
2698 5851 2867 5921 dicat,
2897 5852 3012 5909 sive
3040 5852 3121 5908 ira
3152 5853 3245 5921 sit,
3273 5855 3388 5913 sive
3416 5851 3614 5911 inimi-
