4100 6436
472 432 610 486 “59

1631 427 1775 482 TITI
1813 421 2243 481 BOSTRENSIS
2279 419 2589 478 EPISCOPI

3600 418 3738 477 “60

471 553 622 615 citia,
667 549 780 605 sive
823 549 1077 613 avaritia,
1129 564 1239 604 non
1280 547 1554 604 aberravit
1594 563 1628 602 a
1676 553 1828 602 recto
1869 552 1923 598 et
1960 546 2049 599 de-

2169 541 2387 614 lpdmm;
2419 543 2600 612 μέντοι
2625 539 2898 608 λογιστέον
2931 539 3090 595 τοῦτό
3122 557 3206 611 γε,
3245 541 3519 618 μοχθηρίᾳ
3545 545 3739 616 προθέ-

471 646 638 700 centi.
671 643 1044 700 Tribuendum
1077 650 1261 698 tamen
1291 651 1376 699 cst
1407 643 1510 698 hoc
1541 641 1854 696 hominibus
1879 653 2047 710 pravo

473 740 656 793 animo
686 737 914 792 allectis.

545 850 700 917 Quod
739 859 922 904 autem
967 864 1119 904 mors
1163 848 1304 902 mala
1347 846 1570 900 minime
1604 847 1712 913 sit,
1747 845 1839 898 illa
1883 844 2048 899 etiam

476 947 687 998 ratione
715 951 770 999 et
811 943 898 997 via
937 942 1155 1012 probari
1193 950 1393 1011 potest.
1443 938 1499 992 Si
1547 940 1692 993 enim
1739 953 1888 993 mors
1938 951 2048 990 non

477 1037 736 1092 omnibus
760 1036 980 1092 deﬁnita
1016 1043 1070 1090 et
1105 1035 1323 1088 decreta
1353 1038 1523 1095 esset,
1548 1029 1820 1084 accideret
1871 1037 1928 1082 ut
1959 1028 2042 1098 ju-

479 1143 598 1188 stus
656 1147 872 1202 semper
918 1130 1194 1183 laboraret
1245 1127 1300 1180 in
1342 1125 1520 1181 stadio
1567 1124 1785 1178 virtutis
1840 1123 2048 1176 nullum

478 1225 715 1278 fructum
748 1221 1052 1292 percipiens
1099 1227 1292 1285 praeter
1323 1216 1576 1278 sudores,
1611 1225 1668 1270 et
1710 1215 1950 1282 injustus
1994 1214 2050 1267 in

476 1315 846 1385 voluptatibus
897 1319 1244 1382 peccatorum
1286 1308 1611 1364 immortalis
1663 1307 1916 1376 degeret;
1962 1320 2053 1358 es-

477 1417 670 1480 setque
712 1415 1002 1474 utrumque
1038 1403 1196 1459 valde
1240 1403 1560 1458 absurdum.
1598 1401 1666 1454 At
1719 1415 1867 1454 mors
1913 1397 2053 1465 inju-

476 1509 615 1553 stam
650 1497 980 1566 voluptatem
1029 1493 1367 1564 delinquenti
1406 1491 1658 1562 reprimit.
1707 1499 1760 1545 ct
1791 1490 2049 1552 cohibet;

477 1599 529 1645 ct
558 1589 710 1658 justo
737 1587 911 1642 labori
942 1585 1179 1656 quietem
1216 1583 1393 1640 all'ert.
1428 1585 1642 1639 Etenim
1686 1583 1814 1652 quia
1863 1597 2054 1636 neces-

479 1682 684 1736 sarium
735 1691 819 1734 est
860 1679 1111 1735 homines
1153 1693 1316 1749 posse
1372 1691 1623 1747 peccare,
1667 1675 1720 1729 id
1777 1674 1923 1744 quod
1967 1679 2054 1728 est

475 1787 642 1828 causa
699 1779 757 1824 ut
785 1772 996 1842 possint
1027 1787 1092 1826 ex
1117 1771 1321 1825 virtute
1353 1771 1565 1836 vivere;
1599 1776 1841 1838 potestas
1872 1778 2053 1822 autem

477 1881 508 1918 a
539 1864 648 1919 Deo
688 1865 814 1919 data
858 1863 926 1919 ad
973 1861 1402 1932 comparandam
1466 1860 1724 1916 virtutem
1764 1859 1908 1930 apud
1940 1874 2038 1912 ma-

2153 651 2290 698 σεως
2317 634 2458 687 οὑτω
2482 633 2920 704 διατεθειμένοις.

2223 837 2343 889 Ὀτι
2369 835 2424 888 δὲ
2462 838 2490 890 ό
2527 835 2756 898 Θάνατος
2777 837 2976 907 ἥκιστα
3005 835 3194 900 κακὸς,
3227 835 3462 908 δειχθείη
3500 837 3735 907 μάλιστα

2153 930 2217 982 ἂν
2252 929 2492 990 ἐκείνωςο
2530 929 2577 979 εἰ
2604 929 2710 998 γὰρ
2741 928 2814 998 μὴ
2840 927 2979 979 κατὰ
3003 926 3220 979 πάντων
3249 926 3469 997 ὥριστο,
3510 929 3538 981 ὃ
3566 946 3624 982 τε
3656 929 3737 982 δί-

2152 1037 2304 1081 καιος
2326 1019 2415 1072 διὰ
2443 1018 2642 1080 παντὸς
2669 1017 2734 1070 ἂν
2765 1017 2944 1070 ἐπόνει
2972 1017 3108 1086 πρὸς
3140 1018 3359 1088 ἀρετὴν,
3389 1018 3543 1071 οὐδὲν
3573 1019 3735 1072 πλέον

2150 1112 2258 1164 τῶν
2294 1111 2530 1184 ἱδρώτων
2553 1109 2951 1181 καρπούμενος,
2979 1110 3007 1161 ὃ
3034 1127 3092 1162 τε
3122 1109 3304 1172 ἄδικος
3332 1111 3390 1163 ὲν
3421 1111 3636 1181 ἡδοναῖς
3668 1111 3735 1165 ἂν

2152 1202 2257 1255 τῶν
2288 1201 2703 1271 ἁμαρτημάτων
2735 1200 3000 1263 ἀθάνατος
3026 1200 3201 1271 διῆγεσ
3233 1201 3326 1254 καὶ
3352 1197 3418 1272 ἦν
3448 1201 3512 1255 ἂν
3548 1205 3739 1257 ἑκάτε-

2153 1312 2248 1366 ρον
2278 1294 2398 1346 λίαν
2424 1295 2648 1348 ἄτοπον.
2685 1293 2740 1346 Ὀ
2760 1292 2816 1346 δὲ
2850 1293 3077 1356 θάνατος
3103 1295 3196 1347 καὶ
3215 1294 3314 1365 τὴν
3340 1295 3523 1348 ἄδικον
3541 1296 3738 1368 ἡδονὴν

2151 1384 2228 1456 τῷ
2245 1383 2650 1456 πλημμελοῦντι
2667 1383 3140 1447 καταστέλλει,καὶ
3156 1385 3244 1437 τὸν
3260 1385 3466 1438 δίκαιον
3485 1387 3643 1441 πόνον
3660 1387 3740 1458 τῷ

2151 1474 2627 1546 δικαιοπραγούντι
2643 1475 3001 1528 καταπαύσει*
3020 1477 3203 1548 ἐπειδὴ
3220 1477 3290 1545 γὰ
3297 1495 3327 1548 ρ
3343 1479 3638 1547 ἀναγκαῖον
3653 1481 3742 1532 ἀν·

2155 1565 2394 1638 θρώποις
2411 1565 2473 1618 τὸ
2489 1565 3120 1637 δύνασθαιὰμαρτὰνειν,
3147 1567 3320 1620 αἴτιον
3356 1568 3415 1621 ὂν
3450 1569 3544 1622 τοῦ
3581 1569 3744 1624 δύνα-

2157 1657 2280 1711 σθαι
2309 1657 2606 1731 κατορθοῦν
2623 1675 2637 1690 ·
2661 1660 2694 1727 ἡ
2722 1657 2779 1710 δὲ
2805 1657 3018 1721 ἐξουσία
3037 1659 3186 1729 παρὰ
3210 1659 3344 1712 Θεοῦ
3371 1660 3584 1714 δοθεῖσα
3601 1663 3744 1734 πρὸς

2154 1750 2252 1819 τὴν
2283 1748 2448 1802 καλοῦ
2467 1746 2708 1816 κάγαθοῦ
2740 1748 2933 1818 κτῆσιν
2965 1749 3116 1820 παρὰ
3143 1753 3254 1814 τοῖς
3281 1751 3489 1804 πλείοσι
3513 1753 3649 1823 πρὸς
3678 1754 3741 1806 τὸ

2155 1836 2376 1890 εὑκολον
2405 1838 2506 1908 τῆς
2535 1838 2810 1909 ἁμαρτίας
2850 1839 3150 1892 ἀποκλίνει·
3185 1841 3260 1904 ὼς
3286 1841 3742 1915 θαυμασιωτέραν

473 1957 648 2026 jorcm
680 1964 889 2026 partem
922 1926 1205 2009 homin-um
1252 1954 1318 2008 ad
1355 1953 1671 2007 facilitatem
1704 1926 1914 2022 peccati
1951 1949 2050 2005 de-

2169 1926 2290 1985 :ivat
2328 1930 2426 2001 τὴν
2469 1931 2671 2002 ἀρετὴν
2702 1931 2993 2004 δυσχερείᾳ
3027 1935 3502 2006 συγκεκραμένην,
3539 1937 3743 2006 ὠφέλι-

479 2049 647 2103 clinat
673 2089 687 2112 ,
726 2057 784 2103 ut
813 2049 1190 2103 admirabilior
1221 2049 1293 2100 sit
1319 2047 1495 2100 virtus
1529 2045 1837 2100 diﬁicultati
1878 2044 2054 2097 admi-

485 2147 590 2204 sta,
623 2139 773 2194 utilis
804 2149 888 2194 est
931 2139 1180 2208 utrisque
1227 2152 1397 2202 mors,
1422 2137 1573 2206 justo
1606 2144 1661 2190 et
1702 2135 1940 2204 injusto;
1975 2130 2055 2186 illi

479 2229 698 2300 quidem
727 2231 962 2300 quietem
1003 2242 1036 2281 a
1066 2226 1348 2282 laboribus
1377 2225 1552 2290 aﬁert,
1609 2223 1739 2278 huic
1771 2237 1900 2278 vero
1927 2236 2056 2292 pec-

480 2333 728 2378 catorum
761 2321 943 2376 ﬁnem.

554 2433 612 2489 Si
645 2433 811 2504 igitur
833 2447 983 2488 mors
1013 2431 1157 2486 bona
1183 2437 1288 2496 est,
1320 2437 1376 2485 et
1403 2443 1512 2484 non
1544 2428 1722 2484 solum
1754 2442 1864 2482 non
1892 2427 2058 2485 mala.

484 2531 546 2578 ut
574 2535 857 2578 ostensum
901 2529 1007 2587 est,
1051 2528 1106 2577 ει
1140 2536 1250 2574 non
1295 2519 1458 2575 solvit
1488 2518 1746 2580 animam,
1784 2525 1844 2571 ut
1888 2516 2063 2570 Mani-

484 2615 669 2668 chzcus
720 2613 997 2682 opinatur,
1031 2626 1062 2665 a
1111 2611 1340 2666 materia
1389 2625 1510 2681 qua:
1560 2625 1672 2663 non
1706 2615 1812 2672 est,
1861 2606 1957 2662 sed
1995 2621 2061 2661 eo

486 2705 650 2760 modo
685 2719 846 2776 quem
889 2703 1165 2765 diximus;
1212 2718 1382 2773 quare
1419 2701 1751 2772 principium
1803 2700 2062 2770 nequitiae

488 2801 544 2854 in
572 2799 728 2855 bellis
756 2797 1212 2869 excogitabimus,
1247 2805 1302 2852 et
1336 2811 1446 2850 non
1477 2796 1661 2864 potius
1707 2795 1884 2849 solum
1919 2794 2063 2862 inju-

487 2897 632 2944 stum
671 2889 912 2941 animum
954 2901 1019 2940 ac
1069 2886 1407 2939 voluntatem
1441 2882 1868 2938 accusabimus?
1907 2881 2063 2947 Quod

487 2981 634 3034 enim
683 2979 810 3033 inde
854 2978 1055 3040 evenit,
1105 2975 1250 3045 quod
1303 2975 1525 3045 quidem
1565 2973 1921 3044 providentia:
1968 2971 2064 3028 Dei

488 3070 878 3140 assignabitur,
899 3070 1146 3138 justum;
1186 3081 1297 3121 non
1318 3081 1384 3120 ex
1406 3065 1548 3121 bello
1575 3065 1782 3132 solum,
1812 3065 1904 3120 sed
1929 3079 2066 3135 quo.

488 3177 705 3231 cunque
749 3161 909 3216 modo
940 3175 1089 3214 mors
1123 3157 1359 3220 accidat,
1400 3157 1656 3212 universe
1695 3156 1900 3211 bonum
1943 3169 2066 3210 esse

488 3261 705 3316 natura,
751 3252 807 3307 in
857 3251 1235 3322 superioribus
1279 3249 1600 3304 conclusum
1653 3256 1708 3304 et
1750 3246 2064 3302 confectum

2162 2023 2264 2094 μός
2287 2039 2349 2091 γε
2381 2023 2410 2074 ό
2432 2021 2659 2086 θάνατος
2687 2022 2988 2093 ἑκατέροις,
3021 2024 3213 2096 δικαίῳ
3237 2044 3296 2079 τε
3331 2029 3424 2080 καὶ
3453 2029 3643 2100 ἀδίκῳ·
3664 2030 3746 2102 τῷ

2165 2115 2264 2185 μὲν
2289 2113 2607 2168 ἀνάπαυλαν
2631 2113 2739 2168 τῶν
2767 2114 2966 2182 πόνων,
2995 2114 3074 2187 τῷ
3099 2115 3155 2170 δὲ
3186 2117 3339 2181 τέλος
3363 2118 3471 2172 τῶν
3494 2119 3749 2192 ἁμαρτη-

2166 2207 2352 2277 μάτων
2385 2205 2662 2278 παρέχων.

2246 2415 2475 2485 ’Ᾱγαθοῦ
2504 2416 2683 2470 τοίνυν
2710 2417 3120 2490 εὑρισκομένου,
3144 2419 3265 2490 οὐχὶ
3293 2421 3452 2490 μόνον
3477 2422 3552 2494 μὴ
3577 2423 3749 2478 κακοῦ

2164 2510 2258 2564 τοῦ
2291 2511 2541 2576 θανάτου,
2585 2512 2644 2563 οὐ
2683 2512 2825 2566 κατὰ
2862 2513 2952 2566 τὸν
2990 2513 3266 2576 Μάνεντος
3295 2514 3472 2583 λόγον,
3506 2515 3581 2578 ὡς
3609 2518 3748 2570 ἀπο-

2165 2603 2381 2668 λύοντος
2409 2604 2509 2674 τῆς
2537 2603 2611 2676 μὴ
2632 2603 2800 2676 οὑσης
2827 2605 2959 2678 ὑλης
2981 2606 3077 2678 τὴν
3098 2607 3295 2680 ψυχὴν,
3326 2608 3463 2664 ἀλλὰ
3485 2611 3578 2662 τὸν
3605 2612 3755 2683 είρηο

2170 2697 2328 2767 μένον
2351 2696 2570 2767 τρόπον,
2612 2695 2705 2749 τοῦ
2744 2698 2888 2761 τίνος
2917 2698 3076 2770 χάριν
3103 2700 3278 2771 ἀρχὴν
3305 2702 3501 2764 κακίας
3533 2705 3750 2774 ἐπινοήσ

2167 2801 2359 2856 σαιμεν
2401 2786 2466 2839 ἂν
2497 2788 2609 2848 τοῖς
2653 2785 2935 2856 πολέμοις,
2983 2787 3104 2858 οὐχί¹
3145 2788 3202 2841 δὲ
3238 2789 3397 2858 μόνον
3437 2791 3537 2861 τὴν
3567 2791 3755 2845 ἄδικον

2168 2875 2423 2948 πρόθεσιν
2451 2875 2558 2929 τῶν
2589 2875 2886 2946 χρωμένων
2916 2876 3317 2949 διαϐαλοῦμεν;
3355 2878 3428 2930 Τὸ
3468 2879 3578 2951 γὰρ
3625 2881 3759 2934 ἁπο-

2169 2969 2372 3033 ϐαἶνον,
2410 2970 2547 3039 ὅπερ
2584 2969 2650 3022 ἄν
2692 2985 2776 3032 τις
2810 2969 3083 3037 λογίσαιτο
3111 2974 3177 3042 τῇ
3217 2972 3442 3042 προνοίᾳ
3467 2971 3562 3024 τοῦ
3593 2971 3756 3037 Θεοῦ,

2169 3061 2396 3124 δίκαιον,
2439 3060 2538 3113 οὐκ
2579 3061 2644 3113 ὲκ
2684 3061 2920 3132 πολέμου
2971 3063 3162 3134 μόνον,
3205 3063 3338 3116 ἀλλὰ
3386 3063 3527 3117 κατὰ
3577 3065 3760 3118 πάντα

2169 3154 2366 3225 τρόπον
2399 3153 2627 3208 καθόλου
2662 3156 2728 3225 τῇ
2764 3155 2924 3224 φύσει
2957 3155 3179 3224 ἀγαθὸν,
3211 3156 3272 3209 οὐ
3304 3158 3462 3227 μόνον
3490 3157 3551 3210 οὐ
3587 3158 3762 3211 κακὸν

2170 3249 2282 3309 τοῖς
2306 3246 2611 3317 ἔμπροσθεν
2635 3247 2953 3318 ἀπεδείχθη.
2985 3249 3148 3302 Ὥστε
3167 3248 3258 3301 τὸν
3281 3249 3516 3320 πόλεμον
3538 3249 3763 3320 διαϐλη-

486 3353 588 3402 est.
625 3345 804 3410 Quare
828 3344 1030 3398 bellum
1059 3351 1144 3398 est
1178 3342 1572 3404 accusandum,
1610 3355 1722 3395 non
1767 3355 1917 3396 mors
1944 3353 2064 3409 qua:

2169 3338 2311 3402 τέον,
2345 3339 2406 3392 οὐ
2442 3339 2531 3392 τὸν
2563 3339 2930 3393 ἀποϐαίνοντα
2961 3341 3188 3395 θάνατον
3223 3343 3611 3413 συμφερόντως
3643 3343 3764 3396 κεί-

489 3436 617 3492 inde
648 3436 866 3499 accidit,
900 3450 1022 3506 qua:
1071 3434 1274 3489 utiliter
1323 3435 1618 3488 constituta
1654 3439 1762 3496 est,
1810 3431 1907 3487 sed
1947 3431 2068 3484 ani-

488 3544 612 3583 mus
638 3545 701 3583 ac
732 3529 1074 3599 propositum
1108 3541 1216 3580 non
1245 3523 1392 3594 juste
1419 3525 1562 3579 bello
1585 3523 1878 3589 utentium,
1909 3523 2068 3592 cujus

492 3636 601 3674 non
625 3628 710 3676 est
734 3631 925 3675 auctor
949 3619 1042 3689 qui
1075 3632 1163 3674 res
1192 3625 1412 3673 nostras
1442 3623 1720 3688 procurat.

2175 3448 2354 3502 μενον,
2380 3432 2514 3486 ἀλλὰ
2542 3432 2650 3485 τῶν
2673 3433 2994 3504 χρωμένων,
3027 3435 3120 3487 καὶ
3155 3434 3390 3504 μάλιστα
3425 3435 3498 3504 μὴ
3531 3434 3763 3498 δικαίως

2173 3523 2269 3593 τὴν
2299 3523 2574 3594 πρόθεσιν,
2603 3518 2671 3596 ἦς
2708 3524 2801 3592 ὃγε
2843 3525 3085 3596 προνοῶν
3117 3525 3224 3578 τῶν
3258 3525 3381 3580 καθ’
3415 3527 3564 3596 ἡμᾶς
3607 3527 3762 3580 ἀναί-

2176 3631 2311 3677 τιος.

949 3755 1077 3809 CAP.
1117 3752 1254 3807 XIV.
1294 3751 1590 3816 Sterilitas,
1623 3750 1814 3820 fames,
1845 3757 2000 3802 terra
2033 3757 2230 3814 motus,
2265 3767 2334 3805 an
2361 3768 2393 3806 a
2427 3751 2556 3807 Deo.
2584 3752 2736 3806 Mala
2779 3752 3077 3808 hominibus
3114 3753 3293 3809 utilia.

566 3894 782 3948 Rursus
829 3896 912 3944 est
956 3886 1104 3942 aliud
1139 3901 1310 3957 genus
1342 3900 1532 3940 eorum
1567 3899 1687 3954 quae
1735 3882 2068 3937 Manichacus

495 3982 944 4042 clementissimus
968 3987 1211 4040 accusat,
1235 3983 1394 4030 terrm
1421 3983 1626 4029 motum
1659 3974 1804 4038 dico,
1838 3981 2068 4044 pestem,

498 4078 693 4131 famem
721 4089 786 4128 ex
813 4072 1116 4132 sterilitate,
1143 4084 1208 4123 ex
1242 4067 1470 4122 locustis
1501 4075 1555 4121 et
1579 4066 1703 4121 aliis
1729 4065 2067 4134 hujusmodi,

497 4178 757 4237 tanquam
787 4181 819 4220 a
851 4163 1118 4234 principio
1151 4161 1431 4216 contrario
1465 4161 1577 4214 hazc
1604 4159 2024 4230 proﬁciscantur
2053 4177 2066 4212 :

498 4261 678 4316 sciunt
701 4274 830 4313 vero
857 4273 1068 4320 omnes,
1105 4257 1281 4311 solere
1305 4255 1626 4326 plerumque
1668 4269 1859 4308 omnes
1893 4252 2071 4306 homi-

497 4367 618 4416 nes,
667 4350 856 4420 paucis
900 4348 1168 4418 exceptis,
1219 4347 1273 4401 in
1315 4347 1480 4402 rebus
1515 4347 1654 4401 laetis
1705 4353 1758 4400 et
1790 4342 2071 4414 prosperis

497 4443 680 4497 laxare
702 4449 932 4503 mentes,
952 4449 1006 4493 et
1022 4438 1402 4494 :ill‘ectionibus
1429 4438 1806 4501 succumbere,
1829 4436 2072 4489 nullam—

497 4551 605 4604 que
635 4534 852 4587 virtutis
881 4539 933 4586 et
961 4531 1210 4584 laborum
1236 4529 1455 4599 pietatis
1485 4529 1808 4584 memoriam
1836 4526 2067 4580 habere:

498 4635 662 4696 atque
695 4625 798 4679 hoc
830 4622 1047 4694 quidem
1080 4620 1480 4693 quodammodo
1511 4627 1878 4675 consentauee
1927 4618 2074 4671 acci-

2247 3880 2412 3949 Αὑθις
2437 3885 2523 3938 ἓτε
2532 3903 2624 3956 ρον
2647 3881 2806 3949 εἶδος,
2833 3879 2906 3939 ὧν
2936 3888 2963 3938 ό
2990 3885 3347 3956 χαλεπώτατα
3367 3888 3572 3952 Μανεὶς
3591 3888 3768 3941 αίτιᾶτ

2176 3995 2286 4045 ται,
2319 3978 2561 4050 σεισμὸν,
2587 3979 2680 4031 καὶ
2711 3977 2918 4048 λοιμὸν,
2960 3980 3054 4031 καὶ
3091 3978 3268 4049 λιμὸν,
3304 3980 3543 4052 ἀφοριῶν
3576 3997 3635 4032 τε
3666 3981 3764 4032 καὶ

2177 4069 2432 4141 ἀκρίδων,
2458 4071 2552 4122 καὶ
2577 4069 2684 4122 τῶν
2708 4070 2985 4135 τοιούτων,
3011 4070 3084 4134 ὼς
3111 4069 3172 4135 ἐξ
3193 4071 3442 4135 ἐναντίας
3467 4071 3639 4144 ἀρχῆς
3666 4075 3763 4125 καὶ

2175 4161 2335 4215 τοῦτο
2352 4162 2652 4233 γινόμενον·
2675 4162 2841 4251 δῆλον
2862 4162 2918 4215 δὲ
2940 4165 3052 4225 τοῖς
3077 4163 3298 4225 ἅπασιν,
3331 4163 3408 4227 ὡς
3433 4166 3490 4216 ἐν
3513 4165 3614 4235 μὲν
3637 4167 3762 4227 ταῖς

2177 4253 2294 4307 λίαν
2321 4254 2606 4325 εὐθυμίαις
2635 4270 2692 4306 τε
2726 4255 2820 4307 καὶ
2847 4255 3176 4326 εὐπραγίαις
3209 4254 3462 4309 εἰώθασιν
3490 4258 3565 4320 ὡς
3587 4257 3680 4309 ἐπὶ
3699 4258 3764 4311 τὸ

2178 4344 2335 4407 πολὺ,
2365 4343 2503 4416 πλὴν
2531 4343 2749 4412 ὀλίγων,
2783 4344 2982 4405 πάντες
3020 4343 3296 4415 ἄνθρωποι
3340 4345 3764 4416 διαχαυνοῦσθαι

2177 4435 2274 4506 τὴν
2303 4435 2560 4498 διάνοιαν,
2584 4435 2676 4486 καὶ
2706 4437 2816 4497 τοῖς
2840 4434 3065 4488 πάθεσιν
3089 4436 3638 4500 ὑποκατακλίνεσθαι,
3667 4439 3766 4491 καὶ

2185 4531 2401 4598 μνήμην
2453 4526 2655 4598 ἀρετῆς
2705 4542 2764 4578 τε
2817 4526 2911 4578 καὶ
2960 4526 3138 4579 πόνων
3187 4527 3468 4591 εὐσεϐείας
3501 4528 3766 4599 οὐδεμίαν

2183 4619 2352 4689 ἔχειν·
2388 4619 2480 4670 καὶ
2508 4616 2670 4671 τοῦτό
2702 4634 2764 4686 γε
2796 4617 3021 4681 εἰκότως
3050 4618 3248 4689 τρόπον
3283 4620 3405 4672 τινὰ
3448 4621 3763 4692 συμϐαίνει.

499 4687 600 4773 dit.
644 4687 938 4787 Postquam
978 4687 1125 4769 enim
1168 4714 1392 4769 satietas
1421 4711 1670 4765 ciborum
1712 4719 1765 4765 et
1790 4710 2064 4780 potionum

2193 4687 2437 4763 ’ἐπειδὰν
2471 4710 2578 4780 γὰρ
2602 4707 2886 4780 πλησμονὴ
2909 4687 3097 4762 σιτίων.
3117 4727 3176 4762 τε
3203 4712 3295 4764 καὶ
3317 4712 3495 4765 ποτῶν
3522 4687 3768 4784 ἀμετρος

504 4807 862 4864 immoderata
891 4814 1112 4876 propter
1140 4819 1390 4874 magnam
1425 4804 1724 4857 ubertatem
1762 4801 2077 4854 hominibus

503 4901 718 4962 incidit,
763 4908 951 4954 ventre
985 4897 1268 4966 piuguiore
1316 4895 1481 4960 facto,
1534 4893 1845 4949 crassitudo
1881 4891 2080 4945 mentis

499 4998 555 5043 et
582 4991 836 5046 remissio
866 4987 1212 5058 cogitationis
1241 4985 1456 5040 accedit
1487 5003 1500 5039 :
1527 4985 1708 5038 anima
1741 4994 1920 5037 autem
1953 4996 2081 5051 gra-

501 5090 629 5136 vata
669 5082 958 5152 subjicitur
991 5078 1277 5134 aﬁectibus
1311 5095 1339 5132 a
1385 5078 1600 5130 ratione
1642 5075 1856 5129 alienis.
1886 5073 1941 5126 Si
1975 5085 2079 5140 qua

503 5188 634 5229 vero
661 5174 944 5228 calamitas
994 5171 1158 5226 exiis
1188 5185 1325 5240 quas
1380 5169 1790 5222 numeravimus
1838 5164 2070 5224 accidat,

505 5269 690 5322 minus
714 5276 909 5322 curant
929 5275 1173 5319 ventrem
1210 5262 1479 5322 homines,
1516 5261 1806 5328 minusque
1837 5256 2080 5324 volupta-

503 5363 655 5416 tibus
696 5361 1029 5415 inserviunt:
1069 5354 1485 5427 temperantiam
1517 5362 1699 5406 autem
1737 5359 1791 5405 et
1825 5349 2077 5418 pietatem

506 5470 606 5523 pro
633 5452 776 5506 virili
821 5457 1229 5514 consectantur,
1267 5458 1341 5510 et,
1384 5446 1564 5517 quoad
1586 5445 1700 5500 ﬁeri
1736 5450 1937 5512 potest,
1969 5455 2082 5494 me-

507 5547 673 5600 liores
698 5559 876 5599 mores
902 5544 1158 5606 induunt,
1199 5541 1372 5610 pressi
1419 5539 1594 5608 magis
1619 5551 1782 5608 quam
1820 5532 2078 5589 secundis

507 5637 674 5691 rebus
717 5636 992 5689 laetiﬁcati.
1028 5634 1160 5700 Qua:
1197 5634 1362 5704 igitur
1404 5633 1664 5701 nequitia:
1709 5629 2077 5682 attribuemus

509 5728 766 5799 opinione
805 5727 1118 5781 Manichici?
1183 5725 1344 5779 illane
1405 5741 1527 5794 qua:
1588 5721 1775 5778 sensui
1855 5719 2076 5789 quidem

511 5821 706 5877 acerba
734 5827 882 5886 sunt,
914 5820 1105 5875 etfcctu
1140 5833 1266 5873 vero
1300 5817 1453 5871 valde
1481 5815 1672 5870 utilia?
1707 5812 1841 5878 Quae
1883 5826 2076 5865 rursus

2175 4801 2262 4853 διὰ
2304 4801 2503 4871 πολλὴν
2542 4801 2800 4871 εὐτωρίαν
2834 4802 3138 4875 ἀνθρώποις
3178 4804 3490 4874 ἐγγένηται,
3526 4805 3770 4876 γαστρὸς

2177 4892 2435 4947 ἐπιπλέον
2465 4911 2647 4946 πιαινο
2658 4893 2845 4964 μένης,
2871 4893 3171 4963 παχύνεται
3200 4895 3297 4964 μὲν
3327 4897 3355 4948 ὁ
3375 4896 3520 4958 νοῦς,
3547 4897 3771 4950 ὑπτιοῦ-

2177 5003 2268 5040 ται
2292 4986 2350 5038 δὲ
2374 4987 2401 5037 ό
2429 4985 2706 5056 λογισμός’
2743 4986 3085 5056 βαρυνομένη
3106 4986 3163 5038 δὲ
3189 4989 3223 5057 ἡ
3248 4985 3418 5058 ψυχὴ,
3449 4991 3563 5050 τοῖς
3581 4988 3772 5056 ἀλογί-

2183 5097 2328 5143 στοις
2357 5079 2584 5132 πάθεσιν
2613 5078 2996 5132 ὑποϐἁλλεται.
3035 5079 3097 5130 Εἰ
3140 5079 3196 5132 δέ
3233 5096 3319 5143 τις
3370 5080 3612 5152 συμϐαίη
3654 5081 3771 5134 τῶν

2179 5173 2624 5243 καταλεγομένων
2656 5172 2973 5244 συμφορῶν,
3003 5168 3164 5243 ἦττον
3203 5173 3302 5242 μὲν
3330 5174 3568 5244 γαστρὸς
3603 5191 3773 5246 φρον-

2179 5263 2416 5329 τίζουσιν
2444 5263 2739 5334 ἄνθρωποι,
2771 5259 2932 5333 ἦττον
2957 5262 3014 5314 δέ
3044 5265 3163 5324 ταῖς
3193 5262 3407 5332 ἡδοναῖς
3427 5263 3769 5327 δουλεύουσι,

2184 5357 2535 5427 σωφροσύνην
2562 5372 2620 5408 τε
2648 5355 2742 5408 καὶ
2774 5353 3080 5418 εὐσέϐειαν,
3113 5355 3212 5426 ὃση
3228 5355 3478 5426 δύναμις,
3501 5355 3778 5426 μεταδιώ-

2182 5451 2355 5500 κουσιο
2389 5449 2483 5500 καὶ
2529 5445 2863 5517 βελτιοῦνται
2904 5446 2995 5499 τὸν
3023 5445 3246 5517 τρόπον,
3276 5446 3350 5509 ὼς
3381 5443 3491 5499 οἷόν
3523 5465 3606 5511 τε,
3642 5465 3775 5507 πιε-

2186 5539 2399 5610 ζόμενοι
2431 5539 2628 5610 μᾶλλον
2670 5538 2702 5607 ἢ
2736 5537 3142 5608 εὐθηνούμενοι.
3190 5539 3328 5592 Ποῖα
3361 5539 3540 5594 τοίνυν
3597 5556 3776 5612 προσ-

2185 5631 2431 5701 οίσαιμεν
2457 5632 2523 5700 τῇ
2547 5631 2713 5700 κακία
2739 5631 2878 5682 κατὰ
2901 5631 2990 5682 τὸν
3025 5630 3234 5683 ἐκείνου
3262 5631 3456 5699 λόγον;
3487 5637 3553 5686 τὰ
3575 5635 3640 5703 τῇ
3669 5634 3779 5703 μὲν

2185 5719 2429 5789 αἰσθήσει
2451 5717 2690 5788 λυπηρὰ,
2715 5721 2780 5788 τῇ
2802 5719 2855 5771 δὲ
2886 5720 3136 5791 ἐνεργείᾳ
3161 5720 3282 5772 λίαν
3310 5713 3600 5795 (bipalium;
3631 5725 3781 5778 Ποῖα

2183 5809 2236 5862 es
2266 5810 2342 5880 τῷ
2367 5809 2590 5878 ἀγαθῴς
2625 5810 2695 5863 τὰ
2713 5812 2840 5881 ἡδέα
2873 5813 2990 5882 μὲν,
3020 5813 3134 5865 ἐστι
3161 5814 3201 5869 δ’
3231 5815 3316 5870 ὅτε
3349 5815 3772 5888 βλαϐερώτατλς
