4100 6440
514 346 649 402 H65

1655 350 1786 406 TITI
1831 349 2254 406 BOSTRENSIS
2293 351 2600 408 EPISCOPI

3605 360 3739 415 ιιηι

509 477 681 531 quens
716 463 870 517 nobis
921 461 1215 533 appetitum
1245 467 1476 535 segnitie
1520 469 1744 522 omnino
1787 471 2052 535 solutum,

2162 471 2608 541 καταλιμπάνων,
2661 472 2748 525 ῖνα
2803 472 2877 542 μὴ
2922 473 3018 536 τὰς
3063 471 3360 542 προλήψεις
3403 472 3512 524 τῶν
3554 472 3742 526 παθῶν

507 569 575 608 ne
623 554 1036 624 anticipationes
1074 555 1417 611 aﬂ‘ectionum
1479 559 1597 613 sine
1649 560 1936 615 curatione
1988 561 2071 614 di—

508 647 723 712 mittat;
767 654 1058 716 utrumque
1088 649 1354 717 sapientia
1386 650 1648 704 ineﬂ'abili
1678 651 1748 705 ad
1782 653 2067 707 utilitatem

2172 561 2423 624 ἀνιάτους
2456 563 2623 636 ἀφίῃ·
2671 563 2905 634 ὲκάτερα
2930 563 2985 617 δὲ
3018 564 3240 634 ἀρρήτῳ
3277 563 3440 632 σοφίᾳ
3480 579 3614 631 προς
3642 564 3738 615 ἀν-

2171 651 2402 723 θρώπων
2452 653 2714 721 ὠφέλειαν
2762 656 3034 723 οἰκονομεῖ
3101 654 3329 707 ἑκάστου
3410 654 3501 705 τὸν
3550 652 3743 706 δέοντα

507 739 781 793 hominum
802 737 1081 808 dispensat
1099 747 1151 793 et
1171 741 1502 806 moderatur,
1531 743 1623 813 qui
1643 728 2052 814 uniuscujusqui

2170 742 2358 812 καιρὸν
2393 742 2770 814 ἐπιστάμενος.

503 840 716 902 tempus
750 841 1114 902 opportunum
1148 838 1318 889 novit.

574 921 766 977 Statim
801 932 858 977 ut
890 924 1092 980 videris
1147 934 1302 981 terrae
1358 935 1564 981 motum
1617 938 1711 982 aut
1763 930 2065 984 siccitatem

503 1021 596 1067 aut
635 1015 999 1071 incursionem
1057 1017 1430 1082 locustarum,
1491 1020 1654 1073 simul
1704 1036 1835 1075 sane
1878 1036 2066 1076 omnes

503 1103 614 1160 fere
638 1106 884 1163 homines
919 1109 1098 1164 videas
1120 1109 1186 1162 ad
1221 1117 1421 1164 metum
1449 1112 1634 1176 llexos,
1672 1120 1725 1167 et
1754 1113 1820 1166 ad
1857 1115 2064 1184 suppli-

501 1197 733 1252 candum
766 1200 815 1253 ei
858 1201 948 1269 qui
982 1209 1156 1270 potest
1195 1201 1309 1256 haec
1353 1203 1640 1272 depellere.
1695 1205 1752 1258 Si
1791 1215 1970 1260 autem
2001 1222 2064 1261 ea

499 1303 622 1358 quae
654 1290 820 1345 videri
852 1292 1024 1346 solent
1048 1293 1286 1362 jucunda
1311 1302 1363 1349 et
1393 1295 1622 1364 placida,
1654 1295 1943 1350 humanam
1973 1313 2064 1350 ra-

501 1378 699 1432 tionem
727 1380 900 1433 laxam
942 1396 1005 1434 ac
1037 1382 1320 1437 remissam
1353 1384 1622 1451 reddunt;
1675 1387 1902 1441 molesta
1935 1402 2065 1441 vero

498 1476 552 1522 et
578 1470 770 1524 acerba
817 1473 1078 1538 excitant,
1113 1481 1166 1527 et
1208 1474 1274 1527 ad
1318 1482 1517 1530 statum
1549 1477 1721 1547 magis
1753 1479 1900 1547 pium
1932 1493 2065 1532 con-

501 1569 714 1614 vertunt
747 1581 760 1615 :
800 1574 867 1616 an
928 1579 1038 1617 non
1085 1564 1231 1618 dicat
1272 1566 1470 1635 aliquis
1497 1604 1512 1628 ,
1571 1567 1662 1620 illa
1695 1569 1912 1638 quidem
1963 1584 2062 1638 pro

497 1653 836 1721 corporibus,
875 1655 988 1710 haec
1021 1671 1149 1710 vero
1176 1671 1274 1726 pro
1303 1659 1500 1712 animis
1527 1673 1557 1712 a
1582 1658 1691 1714 Deo
1727 1661 2062 1730 gubernari?

495 1742 632 1796 Num
685 1746 845 1814 igitur
887 1763 1008 1816 quae
1059 1749 1269 1803 animas
1303 1750 1368 1803 ad
1401 1750 1655 1820 pietatem
1707 1760 1760 1807 et
1804 1753 2056 1806 virtutem

493 1848 854 1900 commovent,
890 1839 1208 1908 appellanda
1239 1849 1369 1894 sunt
1405 1843 1584 1895 mala?
1610 1843 1710 1898 etsi
1741 1843 1884 1897 enim
1935 1860 2059 1898 sen-

493 1927 577 1980 sui
615 1927 986 1982 suil'erentium
1021 1931 1246 1986 molesta
1269 1941 1469 1987 suntet
1495 1935 1692 1999 tristia,
1730 1935 1798 1988 ad
1826 1936 2056 1992 salutem

495 2028 674 2072 tamen
711 2019 988 2074 hominum
1023 2025 1333 2078 necessario
1365 2027 1704 2097 inﬂiguntur.

561 2107 890 2164 Manichacus
933 2126 1063 2165 vero
1109 2113 1332 2169 demens
1376 2131 1591 2185 semper
1631 2133 1691 2172 se
1739 2132 1922 2172 secum
1957 2135 2058 2188 pu-

490 2215 657 2268 gnare
690 2201 921 2271 ignorat.
956 2201 1167 2257 Etenim
1213 2207 1257 2260 si
1302 2207 1538 2261 accretio
1584 2211 1825 2264 materia:
1854 2221 2053 2278 nocet,

490 2293 614 2361 quis
647 2309 754 2348 non
777 2295 995 2362 sentiat,
1020 2304 1209 2366 cpntra
1240 2312 1400 2367 quam
1428 2299 1580 2363 dicit,
1614 2300 1903 2357 accidere?
1937 2304 2055 2357 Au-

489 2385 703 2454 gebitur
730 2387 873 2440 enim
908 2387 1022 2441 haec
1049 2396 1239 2442 contra
1273 2389 1521 2447 homines
1542 2431 1556 2454 ,
1602 2393 1693 2462 qui
1736 2409 1949 2464 semper
1999 2399 2052 2452 in

490 2476 655 2530 rebus
684 2476 818 2532 laetis
843 2488 897 2532 et
926 2478 1178 2535 secundis
1211 2489 1375 2547 sunt,
1426 2489 1479 2536 et
1507 2483 1720 2539 deliciis
1752 2485 2053 2557 indulgent,

487 2573 544 2620 et
580 2569 753 2622 ventri
777 2577 829 2623 et
858 2570 1228 2641 voluptatibus
1254 2571 1395 2627 infra
1420 2583 1664 2630 ventrem
1699 2576 2011 2634 deserviunt
2037 2597 2052 2636 :

487 2657 765 2712 minuetur
795 2677 922 2714 vero
952 2663 1299 2718 vehementer
1321 2663 1481 2729 fame,
1511 2675 1683 2736 peste,
1718 2677 1911 2735 morte,
1934 2687 2056 2741 quae

487 2761 594 2802 non
619 2751 940 2818 permittunt
962 2754 1225 2822 prolicere
1245 2769 1364 2809 eam
1395 2758 1461 2811 ad
1503 2758 1832 2826 injustitiam
1863 2776 2053 2820 accre-

487 2843 672 2896 tionis.
703 2843 1066 2908 Quamobrem
1091 2856 1520 2903 consentaneum
1553 2859 1692 2917 erat,
1725 2861 1785 2905 ut
1815 2853 1930 2908 lucc
1957 2871 2054 2924 po-

485 2933 598 2988 tius
629 2944 849 2990 vocaret
875 2936 1036 3000 bona,
1064 2941 1454 2996 convenienter
1491 2957 1593 2996 suo
1627 2942 1980 3001 fundamento
2001 2957 2055 3002 et

486 3025 776 3096 principio,
811 3031 1130 3096 quammala
1157 3050 1168 3085 :
1203 3031 1283 3086 sic
1307 3033 1451 3086 enim
1479 3035 1755 3091 meliorem
1787 3039 2052 3094 rationem

2237 925 2441 980 Αὐτίκα
2496 925 2624 988 ἴδοις
2670 926 2735 979 ἂν
2796 926 3036 997 σεισμὸν,
3088 926 3120 996 ἢ
3174 926 3381 998 ὃμδρου
3431 925 3656 990 ἔνδειαν,
3702 925 3736 994 ἢ

2169 1017 2403 1087 ἀκρίδων
2445 1017 2730 1088 ἐπιφορὰν,
2855 1017 2971 1088 ἅμα
3023 1019 3206 1088 σχεδὸν
3252 1019 3497 1080 ἅπαντας
3528 1016 3738 1088 ἀνθρώ-

2167 1125 2300 1170 πους
2332 1108 2468 1178 πρὸς
2501 1109 2785 1163 εὐλάὅειαν
2817 1108 3278 1179 ἐπικλινομένους,
3321 1110 3414 1162 καὶ
3446 1107 3581 1179 πρὸς
3625 1109 3739 1161 ἱκε-

2168 1199 2287 1251 σίαν
2327 1199 2420 1252 τοῦ
2467 1203 2796 1269 μεταγαγεῖν
2836 1200 2903 1254 τά
2939 1200 3164 1254 τοιαῦτα
3211 1199 3530 1270 δυναμένου.
3578 1200 3642 1263 Εἰ
3680 1199 3741 1253 δὲ

2163 1291 2231 1344 τὰ
2275 1291 2373 1361 μὲν
2403 1291 2660 1346 δοκοῦντα
2693 1292 2938 1364 συνήθως
2976 1293 3108 1362 ήδέα
3159 1293 3248 1345 καὶ
3277 1291 3488 1362 χρηστά
3513 1291 3601 1344 τὸν
3641 1292 3740 1346 ἀν-

2165 1380 2431 1451 θρώπινον
2474 1382 2730 1452 λογισμὸν
2773 1383 2974 1438 ὑπτιοῖ.
3014 1383 3083 1435 τὰ
3121 1383 3180 1436 δὲ
3223 1382 3420 1452 ἀνιαρά
3456 1381 3736 1452 διεγείρει,

2164 1475 2257 1527 καὶ
2289 1474 2578 1546 συστρέφει
2611 1475 2746 1547 πρὸς
2783 1474 3169 1546 εὐαεῦεστέραν
3211 1475 3577 1527 κατάστασιν·
3618 1473 3739 1537 πῶς

2161 1567 2260 1619 οὐκ
2289 1567 2353 1620 ἄν
2381 1584 2464 1630 τις
2491 1569 2674 1621 ἐκεῖνα
2703 1568 2797 1638 μὲν
2823 1569 2960 1639 ὑπὲρ
2989 1568 3278 1638 σωμάτων,
3306 1567 3477 1620 ταῦτα
3509 1567 3566 1620 δὲ
3596 1565 3738 1639 ὑπὲρ

2160 1658 2342 1728 ψυχῶν
2378 1660 2510 1728 φαίη
2538 1659 2670 1730 πρὸς
2706 1659 2840 1712 Θεοῦ
2864 1659 3214 1724 διοικεῖσθαις
3243 1655 3368 1730 Ἀρ·
3413 1655 3507 1711 οὖν
3559 1658 3627 1710 τά
3657 1656 3739 1709 δι-

2162 1751 2442 1821 εγείροντα
2472 1750 2648 1821 ψυχὰς
2681 1752 2760 1814 είς
2782 1750 3059 1804 εὐσέϐειάν
3083 1768 3140 1803 τε
3171 1752 3262 1804 καὶ
3284 1751 3482 1822 ἀρετὴν
3511 1749 3738 1820 κλητέον

2160 1843 2304 1896 κακά
2328 1859 2341 1907 ;
2370 1842 2471 1896 κᾶν
2499 1842 2608 1913 γὰρ
2632 1844 2696 1912 τῇ
2723 1842 2970 1912 αἰσθήσει
2998 1841 3108 1894 τῶν
3135 1841 3508 1911 ὑποκειμένων
3533 1840 3734 1910 ἀνιαρὰ

2156 1934 2419 2004 τυγχάνῃ,
2469 1933 2603 2004 πρὸς
2657 1932 2837 2003 μέντοι
2897 1932 3171 2004 σωτηρίαν
3223 1931 3523 2003 ἀνθρώπων
3567 1933 3735 1999 ἀναγ-

2158 2025 2324 2088 καίως
2347 2024 2634 2091 ὲπάγεται.

2238 2119 2296 2170 Ὀ
2339 2119 2517 2188 μέντοι
2547 2117 2682 2188 πρὸς
2711 2117 2963 2190 ἀλήθειαν
2992 2118 3183 2189 Μάνης
3215 2115 3391 2188 πάντη
3420 2112 3594 2183 ἑαυτῷ
3630 2131 3734 2183 μα-

2157 2208 2382 2278 χόμενος
2406 2212 2624 2277 ἀγνοεῖ·
2658 2213 2706 2262 εί
2754 2210 2862 2281 γάρ
2903 2209 3201 2280 ἐπιϐλαϐὴς
3241 2207 3342 2278 τῆς
3387 2206 3518 2276 ῦλης
3553 2207 3586 2276 ὴ
3635 2203 3734 2257 αῦ-

2158 2299 2329 2371 ξησις,
2372 2302 2456 2364 τίς
2504 2303 2603 2354 οὐκ
2639 2301 2704 2355 ἂν
2748 2301 3009 2367 αἴσθοιτο,
3047 2302 3121 2364 ὡς
3160 2299 3465 2354 τούναντίον
3510 2298 3542 2370 ἢ
3579 2297 3733 2365 ,λέγει

2157 2392 2471 2463 συμϐαίνειῖ
2507 2393 2880 2464 Αὖξηθήσεται
2917 2397 3012 2464 μὲν
3045 2393 3153 2464 γὰρ
3183 2393 3321 2464 αῦτη
3355 2393 3494 2444 κατά
3517 2388 3732 2457 ἀνθρώ-

2155 2503 2272 2539 πων
2303 2486 2679 2550 ἀδιαλείπτως,
2720 2487 3151 2557 εὐθηνουμένων,
3180 2487 3273 2539 καὶ
3300 2485 3534 2555 τρυφαῖς
3574 2485 3735 2550 ὲσχο-

2154 2578 2412 2642 λακότων,
2447 2580 2644 2648 γαστρὶ
2685 2577 2778 2631 καὶ
2824 2581 2935 2641 τοῖς
2972 2578 3109 2648 μετά
3164 2577 3406 2646 γαστέρα
3454 2572 3734 2626 δουλευόν-

2153 2689 2259 2723 των
2285 2689 2299 2702 ·
2337 2671 2698 2741 μειωθήσεται
2734 2669 2792 2722 δὲ
2832 2672 2910 2733 είς
2940 2671 3010 2722 τὰ
3047 2669 3280 2740 μάλιστα
3315 2667 3402 2719 διὰ
3436 2663 3610 2736 λιμῶν
3638 2663 3736 2717 καὶ

2153 2763 2354 2834 λοιμῶν
2392 2763 2484 2814 καὶ
2526 2762 2770 2815 θανάτων
2803 2761 3046 2832 πρόοδον,
3083 2760 3255 2830 ταύτῃ
3298 2759 3371 2829 μὴ
3413 2756 3738 2827 ἐπιτρεπόν-

2151 2870 2261 2906 των
2296 2853 2430 2924 πρὸς
2456 2852 2668 2905 ἀδικίαν
2698 2850 3000 2920 αὐξήσεως.
3029 2851 3189 2902 Ὥστε
3229 2849 3324 2902 καὶ
3356 2847 3501 2910 εἰκὸς
3532 2842 3600 2916 ἦν
3631 2846 3735 2898 αὑ-

2151 2942 2243 2995 τὸν
2269 2941 2450 3012 ἀγαθὰ
2480 2943 2649 2995 ταῦτα
2681 2943 2863 2996 καλεῖν
2889 2943 3026 2996 κατά
3059 2943 3157 3013 τὴν
3185 2940 3442 2994 ὑπόθεσιν
3472 2941 3571 3010 τὴν
3601 2940 3734 2992 ἑαυ-

2152 3035 2246 3087 τοῦ
2303 3035 2500 3105 μᾶλλον
2530 3035 2563 3106 ἢ
2595 3035 2771 3094 κακά’
2801 3034 2942 3088 οὕτω
2979 3034 3021 3087 δ’
3048 3034 3114 3088 ἂν
3156 3033 3299 3099 ἔδοξε
3329 3031 3594 3102 βελτίονος
3632 3033 3733 3098 €9-

485 3117 762 3173 viderctur
791 3130 1094 3188 assecutus,
1134 3139 1296 3192 quam
1332 3125 1378 3179 si
1425 3141 1616 3181 rursus
1649 3131 1855 3183 ratione
1911 3131 2052 3187 refe-

2159 3126 2368 3180 ικέσθαι
2401 3127 2583 3195 λόγου,
2607 3129 2654 3180 εἰ
2685 3127 2757 3198 μὴ
2786 3127 2946 3181 πάλιν
2972 3126 3040 3178 τὰ
3065 3126 3194 3196 ἡδέα
3219 3125 3354 3195 πρὸς
3383 3122 3546 3186 ἄλλας
3573 3123 3735 3175 ὲναν-

485 3227 611 3266 rens
635 3213 871 3283 jucunda
915 3215 981 3268 ad
1021 3217 1126 3270 alia
1174 3219 1448 3270 contraria
1497 3219 1799 3288 principia,
1856 3237 2049 3278 rursus

483 3305 624 3360 mala
659 3313 941 3368 vocasset;
977 3315 1207 3377 utraque
1249 3311 1393 3363 enim
1428 3319 1556 3365 sunt
1588 3311 1726 3367 bona
1759 3315 1968 3370 ratione
2018 3331 2048 3370 a

486 3397 592 3452 Deo
622 3397 768 3452 data.
801 3400 873 3451 At
905 3399 994 3454 ille
1038 3399 1284 3468 gaudens
1334 3410 1558 3470 peccato
1587 3406 1653 3457 ad
1693 3407 2051 3461 constituen—

480 3486 602 3541 dam
631 3496 685 3544 et
722 3489 1064 3544 conﬂandam
1099 3492 1398 3560 nequitiam
1433 3508 1528 3561 per
1562 3509 1642 3558 se,
1679 3503 1739 3549 ut
1767 3497 2045 3566 Opinatur,

483 3580 890 3646 consistentem,
923 3581 1163 3638 dolorem
1215 3583 1359 3653 capit
1407 3599 1475 3640 ex
1529 3589 1920 3645 monitionibus
1955 3590 2049 3647 Dei

479 3669 812 3735 efﬁcacibus,
840 3671 1040 3741 quibus
1087 3673 1340 3729 meliores
1376 3675 1504 3730 facti
1549 3677 1820 3744 homines,
1856 3689 1908 3735 et
1941 3697 2047 3737 sa:-

481 3777 775 3831 penumero
845 3763 1011 3834 aliqui
1059 3765 1296 3833 perfecte
1347 3766 1415 3820 ad
1473 3769 1726 3824 virtutem
1773 3771 2047 3843 traducti,

481 3854 676 3924 dogma
706 3854 824 3922 ejus
857 3854 1056 3908 falsum
1079 3871 1202 3911 esse
1233 3856 1532 3912 declarant.

549 3943 630 3998 Ad
659 3944 774 3999 haec
803 3947 1008 4008 omnia,
1041 3947 1087 4002 si
1121 3962 1233 4002 non
1281 3948 1553 4004 accideret
1597 3952 1890 4021 aliquando
1914 3995 1931 4021 ,
1987 3965 2048 4010 ut

481 4054 599 4110 quae
643 4036 785 4093 Deus
818 4040 1184 4094 communiter
1222 4042 1478 4096 omnibus
1523 4041 1839 4100 hominibus
1878 4045 2048 4101 donat

477 4141 531 4186 et
585 4131 838 4203 largitur,
896 4131 1334 4202 prohiberentur,
1365 4132 1704 4204 largitionem
1751 4153 1940 4191 eorum
1981 4152 2047 4193 ac

479 4222 968 4294 suppeditationem
1011 4222 1077 4277 ad
1126 4222 1234 4276 vim
1266 4224 1498 4293 alicujus
1533 4235 1740 4282 natura:
1790 4229 2048 4283 immuta-

479 4315 603 4369 bilis
641 4315 888 4370 homines
939 4315 1286 4384 retulissent;
1323 4331 1500 4387 neque
1533 4333 1656 4372 cum
1689 4320 2043 4389 acciperent,

478 4406 684 4472 gratias
711 4405 965 4478 largienti
992 4406 1267 4478 egissent;
1290 4423 1467 4478 neque
1493 4407 1778 4473 habentes,
1802 4425 2043 4479 unquam

480 4497 780 4566 petiissent.

548 4585 842 4642 Privantur
875 4586 1042 4657 igitur
1070 4587 1344 4642 interdum
1391 4587 1460 4641 ad
1495 4588 1659 4643 breve
1687 4599 1901 4661 tempus
1926 4631 1942 4656 ,
1984 4600 2043 4645 ut

477 4690 696 4751 petant;
727 4690 781 4736 et
810 4695 1004 4736 rursus
1033 4680 1329 4750 accipiunt.
1363 4686 1422 4734 ut
1443 4681 1646 4752 gratias
1681 4691 1844 4752 agant
1873 4685 1923 4737 ei
1948 4685 2042 4752 qui

467 4775 602 4839 dat,
635 4780 993 4844 agnoscentes
1040 4774 1218 4844 ipsum
1252 4788 1375 4828 esse
1420 4773 1512 4843 qui
1556 4773 1792 4842 praebet,
1847 4784 2041 4830 etnon

477 4867 583 4918 alia
613 4865 882 4936 quaepiam
909 4872 1104 4919 natura
1134 4864 1488 4935 suppeditans
1513 4874 1707 4933 praeter
1732 4864 1920 4930 Deum,
1946 4883 2044 4920 ex-

479 4972 602 5026 pers
635 4956 826 5023 iudicii
856 4963 910 5012 et
943 4956 1320 5010 immutabilis.
1365 4953 1493 5009 Vult
1548 4964 1729 5010 autem
1785 4955 1949 5019 Deus,
1984 4965 2045 5011 ut

474 5050 525 5105 ei
546 5049 751 5119 gratias
781 5047 1014 5103 habeant
1053 5048 1321 5111 homines,
1351 5063 1461 5118 quo
1503 5047 1780 5118 digniores
1821 5048 1952 5102 fiant
1983 5059 2042 5103 ut

476 5144 617 5198 dona
654 5143 774 5212 ejus
800 5141 1089 5211 accipiant,
1124 5156 1231 5194 non
1278 5150 1337 5193 ut
1368 5141 1486 5209 ipse
1527 5138 1762 5193 fructum
1804 5140 2039 5210 aliquem

475 5231 580 5286 sibi
626 5239 813 5286 metat.
853 5229 981 5284 Vult
1029 5237 1209 5284 autem
1245 5244 1340 5284 eos
1379 5231 1520 5283 bona
1569 5241 1774 5298 petere,
1806 5240 1866 5282 ut
1896 5230 2041 5282 acci-

477 5323 686 5394 pientes
713 5338 810 5387 ea,
859 5338 984 5376 eum
1037 5322 1275 5375 sentiant
1302 5322 1394 5390 qui
1427 5321 1778 5390 suppeditat:
1813 5320 1907 5390 qui
1953 5323 2042 5374 Ire-

546 5478 657 5548 (-34)
696 5477 852 5545 Πρὸς
888 5477 956 5548 δὲ
999 5478 1158 5530 τούτ.
1196 5475 1319 5529 Haec
1351 5477 1620 5548 habentur
1653 5477 1709 5548 in_
1749 5473 2042 5548 Parallelis

477 5545 726 5616 ραιιιάεο.
757 5564 879 5616 pag.
907 5547 1031 5610 788,
1057 5556 1386 5616 cxstantque
1417 5547 1557 5616 infra
1586 5548 1643 5599 in
1675 5546 1946 5614 Supplem.
1973 5545 2043 5599 ad

478 5614 576 5687 hos
609 5613 777 5687 libros
808 5618 911 5687 Titi
950 5617 1278 5681 Bostreusis,
1300 5613 1334 5687 ξ
1367 5613 1454 5670 ιιι.

568 5685 656 5756 55)
695 5687 851 5756 Muli.
887 5685 1011 5756 Leg.
1037 5701 1161 5739 cum
1187 5685 1385 5756 Parall.
1413 5688 1461 5738 εί
1489 5687 1738 5756 μηδεμία
1757 5686 1838 5748 τίς
1871 5688 2035 5756 ἐστιν.

568 5685 656 5756 55)
695 5687 851 5754 Μηδ.
887 5685 1011 5753 Leg.
1037 5701 1161 5739 cum
1187 5685 1385 5740 Parall.
1413 5688 1461 5738 εί
1489 5687 1724 5756 μηδεμία
1757 5686 1838 5748 τίς
1871 5688 2035 5738 ἐστιν.

545 5685 654 5825 ίόϋ)
707 5755 884 5808 Ἁνέθ.
929 5753 1130 5807 Parall.
1176 5755 1463 5826 ἠθέλησαν.
1517 5758 1636 5809 Mox
1677 5755 1752 5825 τῷ
1789 5755 1906 5826 Θεῷ
1941 5771 2038 5826 pro

2153 3219 2272 3282 τίας
2317 3219 2490 3290 ἀρχὰς
2521 3219 2600 3289 τῷ
2645 3218 2785 3289 λόγῳ
2831 3219 3033 3288 φέρων,
3068 3214 3221 3280 αὖθις
3268 3217 3413 3270 κακά
3459 3216 3738 3287 προσηγό-

2156 3329 2375 3382 ρευσενο
2430 3312 2610 3379 ἀγαθὰ
2653 3312 2761 3382 γὰρ
2809 3312 3091 3381 ἀμφότερα
3141 3311 3282 3380 λόγῳ
3326 3310 3463 3381 πρὸς
3521 3307 3734 3376 ἀγαθοῦ

2151 3404 2286 3457 Θεοῦ
2331 3404 2662 3474 ὲπαγόμενα.
2718 3403 2776 3456 '0
2825 3403 2881 3456 δὲ
2929 3402 3133 3472 χαίρων
3183 3405 3249 3473 τῇ
3299 3401 3544 3472 ἁμαρτίᾳ
3593 3400 3735 3474 πρὸς

2153 3497 2410 3550 σύστασιν
2446 3497 2544 3567 τῆς
2577 3494 2914 3566 ὑφεστώσης,
2959 3495 3033 3558 ὡς
3071 3495 3262 3557 οἴεται,
3299 3494 3516 3557 κακίας,
3546 3494 3736 3562 λυπεῖ-

2148 3605 2240 3641 ται
2269 3588 2404 3656 πρὸς
2436 3588 2534 3651 τὰς
2565 3588 2806 3656 ὲνεργεῖς
2835 3585 2929 3639 τοῦ
2971 3587 3106 3640 Θεοῦ
3149 3586 3513 3656 νουθετήσεις,
3557 3585 3626 3637 δι’
3651 3578 3732 3638 ὧν

2151 3679 2423 3748 ἄνθρωποι
2476 3675 2867 3748 βελτιούμενοι,
2921 3677 3182 3740 πολλάκις
3224 3677 3280 3730 δὲ
3324 3676 3455 3729 ἔνιοι
3503 3674 3731 3738 τελείως

2150 3771 2286 3839 πρὸς
2322 3768 2383 3821 τὸ
2412 3769 2656 3839 κρεῖττον
2688 3765 3164 3837 μεταϐαλλόμενοι,
3200 3763 3504 3818 ἀσύστατόν
3535 3779 3599 3832 γε
3630 3762 3732 3814 αὺ-

2148 3861 2240 3914 τοῦ
2263 3861 2322 3914 τὸ
2353 3861 2528 3930 δόγμα
2559 3859 2657 3928 τῆς
2685 3857 2892 3927 πλάνης
2919 3857 3297 3926 ἀποφαίνουσι.

2219 3950 2361 4021 Πρὸς
2387 3949 2443 4001 δὲ
2474 3947 2685 4010 τούτοις
2709 3947 2818 4016 (54)
2854 3948 3024 3999 ἀπασι
3057 3945 3164 3998 τῶν
3193 3945 3435 4017 συνήθως
3457 3945 3565 3998 ὑπὸ
3593 3945 3733 3999 Θεοῦ

2147 4039 2503 4111 δωρουμένων
2557 4041 2705 4107 κοινῇ
2751 4038 2916 4090 πᾶσιν
2965 4036 3272 4106 ἀνθρώποις
3323 4037 3562 4107 μηδεμία
3612 4037 3732 4107 (55)

2147 4131 2293 4183 ἐστιν
2331 4131 2418 4183 ὅτε
2456 4127 2732 4182 συνέϐαινε
2771 4127 3027 4192 κώλυσις,
3062 4130 3204 4198 φορᾷ
3242 4125 3456 4196 φύσεως
3482 4126 3548 4180 ἄν
3581 4145 3730 4191 τινος

2147 4221 2522 4292 ἀμεταϐλήτου
2559 4220 2659 4290 τὴν
2690 4220 2953 4290 χορηγίαν
2991 4219 3170 4270 αὐτῶν
3210 4217 3470 4271 ἀνέθεσαν
3501 4219 3610 4288 (56)
3641 4221 3734 4272 ἀν-

2147 4312 2388 4384 θρωποιο
2434 4311 2529 4366 καὶ
2582 4311 2682 4363 οὐκ
2719 4308 2785 4362 ἂν
2841 4309 2961 4380 μὲν,
3004 4310 3283 4380 δεχόμενοι
3328 4308 3522 4374 ταῦτα,
3567 4310 3729 4389 χάριν

2145 4403 2498 4474 ὡμολόγησαν
2527 4400 2606 4472 τῷ
2637 4401 2850 4466 διδόντι,
2881 4403 2980 4456 οὐκ
3009 4402 3074 4456 ἂν
3111 4401 3166 4454 δὲ
3199 4401 3430 4473 ᾔτησαν,
3468 4399 3544 4470 μὴ
3571 4399 3725 4470 ἔχον-

2077 4487 2122 4542 D
2149 4515 2260 4559 τες.

2218 4587 2536 4657 Στεροῦνται
2559 4583 2846 4656 τοιγαροῦν
2876 4584 3043 4638 ἐνίοτε
3070 4585 3206 4656 πρὸς
3225 4585 3425 4654 ὀλίγον,
3458 4589 3545 4642 ινα
3569 4588 3727 4658 αἰτή-

2147 4693 2280 4730 σωσι
2303 4694 2315 4709 ο
2349 4677 2442 4729 καὶ
2489 4676 2732 4746 δέχονται
2776 4671 2952 4740 αὖθις,
2999 4675 3084 4728 ἵνα
3129 4675 3290 4747 χάριν
3333 4675 3728 4748 ὡμολογήσωσι

2143 4767 2222 4838 τῷ
2252 4766 2608 4838 χορηγοῦντιο
2655 4766 3033 4834 γινώσκοντες,
3076 4768 3152 4829 ὡς
3193 4766 3357 4828 αὑτός
3404 4769 3470 4836 γέ
3519 4770 3666 4821 ἐστιν
3697 4770 3732 4820 ὀ

2146 4860 2416 4929 παρέχων,
2447 4861 2541 4913 καὶ
2564 4859 2626 4911 οὐ
2660 4859 2819 4928 φύσις
2847 4857 2980 4929 ἄλλη
3003 4875 3089 4920 τις
3112 4859 3264 4928 παρά
3289 4859 3382 4913 τὸν
3410 4858 3542 4912 Θεὸν
3569 4860 3730 4931 ἄκρι-

2145 4954 2236 5016 τός
2273 4971 2330 5007 τε
2359 4953 2452 5007 καὶ
2480 4953 2855 5024 ἀμετάϐλητος
2881 4953 2992 5022 (57)
3033 4954 3067 5022 ή
3100 4952 3431 5024 χορηγοῦσα.
3466 4951 3727 5007 Βούλεται

2143 5045 2198 5098 δὲ
2232 5046 2260 5097 ὁ
2297 5045 2428 5108 Θεὸς
2454 5044 2648 5099 εἰδέναι
2679 5045 2840 5115 χάριν
2881 5042 3198 5110 ἀνθρώπους
3231 5043 3404 5114 αὐτῷ,
3436 5043 3526 5096 ἴνα
3555 5044 3726 5111 ἀξιώ-

2141 5156 2286 5209 τεροι
2318 5138 2412 5192 τοῦ
2455 5137 2750 5208 λαμϐάνειν
2793 5135 2860 5189 τὰ
2903 5138 3032 5208 παρ’
3072 5134 3236 5188 αὐτοῦ
3279 5137 3572 5203 γένωνται,
3621 5137 3724 5206 οὐχ

2145 5232 2232 5283 ἵνα
2269 5250 2322 5285 τι
2365 5230 2724 5302 καρπώσηται
2771 5230 2851 5292 είς
2895 5229 3104 5283 ἑαυτόν.
3145 5227 3403 5282 Βούλεται
3441 5229 3499 5282 δὲ
3539 5229 3725 5298 ἀγαθά

2142 5321 2362 5383 τούτους
2406 5323 2609 5384 αἰτεῖν,
2666 5320 2753 5373 ἴνα
2799 5319 3078 5391 δεχόμενοι
3135 5319 3392 5390 αἴσθησιν
3439 5318 3534 5373 τοῦ
3590 5335 3724 5390 χορ⁹

2143 5474 2219 5529 τῶ
2241 5475 2455 5529 διδόντι.

2192 5527 2326 5614 ’(57)
2380 5527 3070 5617 ἈλιετάὄλητοςνΡιινιιιι.
3128 5547 3562 5617 ἀμεταμέλητος.
3608 5543 3690 5600 LO

2144 5630 2268 5668 cum
2316 5616 2591 5686 integrum
2631 5620 2712 5670 sic
2755 5616 2931 5671 reddit
2975 5617 3169 5672 Billius
3199 5636 3212 5670 :
3243 5619 3718 5686 Agnoscemes...-,

2145 5685 2494 5757 nongalteram
2518 5689 2754 5751 quamvis
2775 5699 2965 5755 prwter
2993 5688 3153 5740 Deum
3180 5685 3426 5739 naturam
3445 5701 3576 5748 esse,
3600 5701 3721 5757 qua?

2145 5755 2611 5811 indiscriminatim
2639 5767 2690 5810 et
2719 5758 2830 5811 sine
2851 5759 3155 5825 paenitentia
3187 5759 3567 5811 subministret.
