4100 6418
366 415 504 470 1165

1410 411 1777 469 ADVERSUS
1828 410 2250 467 MANICHIEOS
2290 410 2415 465 LIB.
2460 410 2519 467 ll.

3465 414 3600 467 “66

362 527 621 597 ηγοῦντος
644 526 815 599 ἔχωσι
838 546 852 560 ·
885 528 1064 602 χαίρει
1104 529 1201 600 μὲν
1233 529 1339 599 γὰρ
1380 528 1448 582 τὰ
1475 530 1602 601 παρ’
1629 529 1819 582 ἑαυτοῦ
1855 528 1918 581 δι-

2037 536 2185 582 tatur
2210 526 2406 582 dandis
2446 528 2596 593 suis;
2630 528 2724 584 sed
2758 532 2929 600 magis
2968 531 3199 594 laetatur.
3227 544 3352 584 cum
3378 528 3472 585 dat
3517 528 3604 583 di-

360 617 481 682 δούς
505 636 517 650 ·
553 619 728 691 χαίρει
763 619 819 672 δὲ
866 620 1065 691 μᾶλλον
1111 619 1282 684 ἀξίοις
1307 619 1480 683 διδούς
1504 635 1519 648 ⁸
1558 620 1635 684 ὼς
1681 620 1778 692 τῆς
1811 619 1931 688 φιλ-

363 709 676 784 ανθρωπίας
716 711 916 783 τρόπον
951 712 1071 765 τινὰ
1116 712 1541 782 ἀτιμαζομένης.
1576 714 1623 764 εί
1671 712 1745 782 μὴ
1791 709 1929 781 πρὸς

362 800 710 874 εὐαισθήτους
748 804 1019 873 γίγνοιτο·
1054 803 1276 872 εὐλόγου
1304 804 1360 857 δὲ
1400 804 1518 856 λίαν
1562 802 1930 872 ἀποφαινομέ-

361 907 479 961 νης,
512 894 562 944 εί
593 893 727 965 πρὸς
750 894 811 945 τὸ
835 892 1078 963 δέχεσθαι
1103 894 1193 947 τὸν
1217 893 1551 965 χορηγοῦντα
1583 893 1722 964 ὑπὲρ
1753 892 1929 945 πάντα

361 982 535 1054 ἔχοιεν
561 985 609 1036 oi
636 985 934 1055 δεχόμενοι.

775 1098 903 1154 Car-
945 1096 1083 1153 XVI.
1123 1095 1271 1152 Μαι-δ
1308 1098 1629 1159 necessaria,
1658 1107 1711 1150 ut
1742 1096 2013 1150 natiuitas.

429 1218 545 1274 Κᾶν
589 1217 770 1282 πόλεις
814 1217 872 1271 δὲ
916 1214 1327 1271 καταπίπτωσιν
1378 1216 1746 1285 ὲπιφυομένης
1798 1216 1925 1268 ἀσε-

359 1312 533 1374 ϐείας,
577 1304 664 1363 οἷα
701 1309 764 1379 δὴ
806 1308 899 1362 καὶ
944 1306 1134 1380 πρώην
1180 1307 1273 1361 ἐπὶ
1325 1306 1420 1359 τοῦ
1466 1307 1584 1360 λίαν
1627 1306 1925 1376 ἀσεϐήσαν-

359 1420 449 1467 τος
470 1402 579 1473 (58)
612 1401 706 1455 καὶ
736 1400 844 1453 τῶν
869 1398 1100 1454 είδώλων
1127 1397 1226 1470 τὴν
1259 1398 1463 1469 πλάνην
1494 1398 1921 1468 ἀναμνήσαντος,

360 1495 636 1566 φθείρεται
686 1494 719 1563 ἡ
769 1491 1031 1563 ἁμαρτία,
1075 1491 1170 1544 καὶ
1225 1490 1467 1561 μειοῦται
1516 1491 1549 1561 η
1604 1489 1743 1543 κατά
1789 1488 1922 1542 Θεοῦ

361 1586 564 1655 πλάνη⁸
595 1584 825 1637 θανάτου
865 1583 923 1636 δὲ
965 1583 1105 1637 κατὰ
1147 1581 1306 1652 φύσιν
1339 1581 1500 1635 πλέον
1544 1581 1694 1635 οὐδὲν
1739 1580 1922 1649 γίγνε-

358 1694 479 1732 ται·
513 1678 606 1730 καὶ
639 1678 836 1748 ἥκιστα
874 1676 1041 1728 κακὸν
1071 1674 1133 1728 τὸ
1171 1674 1271 1745 τῆς
1312 1673 1460 1737 θείας
1501 1673 1880 1746 ἐπιστρεφείας
1904 1690 1920 1704 ο

357 1769 662 1822 τούναντίον
707 1768 806 1840 μὲν
835 1763 946 1831 οῦν,
978 1767 1053 1829 ὡς
1084 1768 1141 1819 ἐν
1188 1765 1475 1838 φαρμάκου
1513 1766 1663 1829 εἴδει,
1690 1765 1918 1834 ἀγαθόν’

2029 620 2151 689 gnis
2181 638 2194 672 :
2239 627 2496 688 tanquam
2528 618 2835 688 benignitas
2869 637 2996 691 erga
3053 623 3301 676 homines
3333 620 3602 691 quodam-

2030 710 2192 763 modo
2254 710 2575 764 inhonorata
2634 711 2739 774 sit,
2812 711 2918 765 nisi
2980 715 3149 782 gratis
3202 720 3257 767 et
3322 710 3601 767 benevolis

2031 799 2344 855 hominibus
2381 800 2739 861 exhibentur;
2786 816 2907 870 qua:
2935 803 3090 855 valde
3136 803 3334 856 rationi
3362 817 3599 857 consen-

2028 899 2187 944 lanea
2238 898 2372 945 tunc
2422 900 2817 961 apparet,eum
2869 893 2907 946 ii
2957 894 3050 963 qui
3085 894 3227 948 bona
3280 894 3598 965 accipiunt,

2028 983 2284 1037 onmihus
2314 983 2472 1037 bonis
2520 984 2833 1054 largientem
2869 997 3211 1054 praeponam.

2048 1092 2195 1147 Mala
2220 1094 2475 1162 proﬁcere
2516 1109 2727 1149 rursum
2756 1094 3175 1151 demonstratur.

2098 1211 2163 1267 Et
2187 1211 2232 1267 si
2266 1211 2514 1267 civitates
2542 1209 2834 1265 concidant
2870 1220 3059 1266 exorta
3090 1210 3406 1282 impietate,
3456 1213 3599 1271 sicut

2026 1318 2200 1373 nuper
2220 1302 2469 1372 contigit,
2502 1317 2623 1357 cum
2673 1302 2764 1357 ille
2802 1301 3155 1372 impiissimus
3186 1303 3557 1361 dominaretur
3583 1345 3598 1369 ,

2025 1400 2081 1446 et
2115 1407 2359 1446 errorem
2383 1391 2705 1447 idololatria:
2731 1393 2998 1448 recoleret
3033 1409 3098 1449 ac
3137 1404 3448 1459 renovaret,
3468 1412 3595 1467 pec-

2025 1492 2205 1537 catum
2240 1484 2613 1549 interimitur,
2667 1493 2721 1539 et
2775 1499 2932 1540 error
2989 1485 3042 1538 in
3074 1484 3245 1539 Deum
3289 1486 3595 1545 minuitur:

2027 1575 2162 1629 nihil
2213 1592 2341 1632 vero
2375 1578 2609 1647 amplius
2642 1578 2838 1632 accidit
2871 1593 3036 1649 quam
3093 1594 3241 1634 mors
3294 1582 3596 1637 secundum

2028 1675 2401 1735 naturam;et
2450 1671 2597 1739 quod
2630 1669 2688 1724 lit
2734 1669 2802 1725 ad
2854 1669 3092 1724 divinam
3141 1673 3595 1735 conversionem,

2027 1771 2369 1826 nequaquam
2390 1756 2589 1813 malum
2613 1770 2716 1824 est,
2738 1761 2831 1815 sed
2849 1770 3039 1814 contra
3065 1762 3248 1830 potius
3271 1763 3471 1818 bonum
3493 1773 3596 1825 est,

356 1859 523 1912 κακὸν
554 1859 610 1913 δὲ
636 1860 794 1930 μόνον
834 1858 894 1910 τὸ
925 1858 1023 1927 τὴν
1071 1856 1450 1927 συμφέρουσαν
1477 1854 1782 1925 οἰκονομίαν
1820 1870 1918 1907 κα·-

2022 1854 2280 1914 tanquam
2330 1848 2566 1917 speciem
2622 1847 2905 1903 medicinae
2959 1848 3187 1905 habens.
3233 1850 3429 1907 Malum
3467 1868 3596 1906 vero

358 1949 558 2014 κίζειψ
598 1953 627 2004 ὁ
671 1949 779 2020 γάρ
807 1946 1146 2003 παιδοποιίαν
1177 1947 1473 2001 διαϐάλλων
1513 1948 1589 2011 ὡς
1630 1945 1925 2017 αὐξητικὴν

356 2043 455 2113 τῆς
514 2041 665 2111 ὕλης,
725 2034 899 2104 οὗτος,
959 2040 1186 2094 Θάνατον
1244 2039 1437 2112 ἀθρόον
1490 2039 1600 2109 (39)
1662 2038 1922 2102 κακίζων,

357 2133 480 2185 ιωῦν
507 2149 567 2201 γε
614 2131 949 2204 ἀνθρώπινον
986 2128 1073 2203 ἆρ’
1113 2131 1255 2202 ἔχειν
1297 2131 1362 2185 ἂν
1406 2129 1607 2200 δοκοίη,
1643 2128 1925 2199 μαχόμενα

357 2220 477 2274 λίαν
527 2221 702 2292 ἑαυτῷ
762 2221 1193 2292 φανταζόμενοςς
1249 2220 1387 2273 Ἀλλ’
1440 2217 1560 2272 οὔτε
1614 2216 1925 2271 παιδοποιία

356 2314 520 2381 κακὴ,
551 2314 611 2366 τὸ
641 2313 861 2377 ἀείζωον
892 2313 969 2384 τῷ
992 2312 1166 2383 θνητῷ
1193 2313 1338 2381 γένει
1364 2312 1612 2375 ποιοῦσα,
1638 2311 1732 2365 καὶ
1759 2328 1924 2382 προσ-

356 2404 570 2457 τεθεῖσα
601 2408 666 2477 τῇ
701 2405 1031 2479 δημιουργίᾳ
1060 2405 1187 2468 τοὺς
1229 2404 1609 2475 γιγνομένους’
1661 2401 1785 2457 οὐτε
1830 2403 1926 2457 θά-

358 2512 535 2559 νατος,
565 2497 667 2550 κᾶν
699 2498 863 2561 πολὺς
905 2496 1114 2569 ἀθρόως
1146 2496 1481 2567 ἐπενεχθείη,
1524 2495 1777 2566 πονηρὸς,
1823 2496 1923 2550 οὐκ

357 2586 449 2637 ἐπὶ
492 2585 662 2657 ζημίᾳ
695 2587 834 2640 κατὰ
859 2587 1158 2658 ἀνθρώπων
1186 2588 1291 2641 ὐτιὸ
1319 2588 1452 2641 Θεοῦ
1493 2588 1763 2658 κείμενος,
1808 2587 1921 2641 ἀλλ’

356 2678 445 2731 ἐπ’
489 2678 725 2751 ὠφελείᾳ
770 2683 834 2751 τῇ
881 2681 1159 2750 ἀνωτάτω,
1207 2680 1435 2743 δικαίοις
1481 2696 1541 2732 τε
1580 2679 1674 2732 καὶ
1716 2679 1922 2743 ἀδίκοις

352 2769 677 2843 ὡρισμένος.

423 2941 498 2996 re
538 2939 596 2993 δὲ
647 2942 787 2996 κατά
836 2944 1000 3016 μέρος
1048 2944 1262 3017 ἑκάστῳ
1315 2944 1608 3017 συμϐαῖνον
1656 2945 1918 3014 φυσικῶς,

352 3032 509 3086 τοῦτο
549 3033 760 3099 πολλοῖς
802 3035 1011 3105 ἀθρόως
1053 3037 1101 3090 εί
1142 3037 1390 3101 ἐπέλθοι,
1431 3036 1571 3092 κατά
1620 3037 1781 3106 φύσιν
1822 3038 1923 3109 μὲν

353 3123 554 3187 ἔπεισι,
597 3127 690 3179 καὶ
725 3125 885 3180 πλέον
919 3127 1070 3181 οὐδέν
1095 3144 1107 3157 °
1142 3128 1379 3200 τοσούτῳ
1404 3129 1459 3181 δὲ
1486 3129 1546 3183 οὐ
1581 3130 1722 3183 κατὰ
1755 3130 1921 3202 μέρος

354 3213 578 3286 μείζονα
612 3215 704 3271 τοῦ
726 3218 1133 3288 οίκονομοῦντος
1158 3219 1255 3291 τὴν
1286 3219 1609 3290 κηδεμονίαν
1642 3220 1918 3289 σημαίνει,

352 3308 464 3379 ὅσῳ
491 3309 552 3361 τὸ
586 3309 683 3379 μὲν
707 3309 858 3362 οὐδὲν
881 3311 1055 3381 τεκμή
1066 3327 1176 3382 ριον
1207 3311 1583 3384 κατακρίσεως
1606 3311 1712 3366 τῶν
1745 3312 1922 3382 ἀμαρ-

346 3398 617 3452 τανόντων
647 3399 787 3470 ἔχει’
828 3400 889 3454 τὸ
922 3400 979 3453 δὲ
1018 3403 1083 3472 τῇ
1127 3402 1266 3457 κατὰ
1309 3403 1369 3457 τδ
1409 3404 1727 3474 φαινόμενον
1758 3403 1922 3472 ἀγαν-

352 3490 601 3560 ακτήσει,
658 3493 787 3555 τοὺς
822 3490 920 3562 μὲν
950 3492 1313 3558 τελευτῶντας
1348 3493 1441 3549 τὸν
1479 3494 1764 3566 είρημένον
1817 3494 1921 3549 πά-

352 3579 443 3633 λαι
464 3576 663 3652 τρόπον
692 3584 987 3654 εὐεργετεῖ,
1012 3586 1139 3648 τοὺς
1174 3585 1234 3638 δὲ
1260 3584 1469 3650 ζῶντας
1505 3587 1844 3659 ἐπιστρέφει.

418 3839 484 3894 Et
513 3839 572 3894 δέ
596 3857 700 3906 τις,
741 3841 951 3895 πολλῶν
990 3841 1248 3907 πολλάκις
1275 3844 1532 3899 τοιούτων
1560 3848 1915 3919 γιγνομένων,

347 3932 586 3987 δείκνυσι
628 3934 719 3988 τὸν
747 3933 1084 4006 ἀνθρώπινον
1125 3935 1237 4007 βίον
1279 3939 1394 3999 τοῖς
1424 3937 1608 4002 αὐτοῖς
1653 3939 1919 4009 ἐμπλεκό-

350 4042 511 4095 μενον
535 4026 853 4099 ἀδικήμασι,
882 4026 1260 4099 παραπλήσιον
1282 4028 1402 4099 ἐμοί
1423 4045 1485 4097 γε
1508 4028 1655 4083 δοκεῖ
1689 4031 1916 4101 πάσχειν

348 4114 657 4180 ὀτοιοῦτος,
718 4116 771 4169 εί
824 4133 931 4181 τις,
989 4118 1048 4172 ὲν
1097 4113 1315 4189 λίμναις
1366 4119 1459 4172 καὶ
1507 4117 1744 4193 θαλάττῃ
1790 4124 1918 4185 τοὺς

350 4207 539 4278 ἰχθύας
584 4208 750 4283 ὁρῶν,
783 4208 947 4264 οἴοιτο
979 4210 1078 4280 τὴν
1121 4210 1433 4282 ἀλιευτικὴν
1465 4211 1661 4285 τέχνην
1702 4214 1914 4285 ἀργεῖν,

343 4302 471 4365 τοὺς
499 4300 849 4374 θηρωμένους
891 4303 989 4374 οὐχ
1031 4302 1191 4373 ὀρῶν,
1225 4304 1351 4367 τοὺς
1400 4302 1457 4356 δὲ
1486 4305 1816 4375 νηχομένους
1857 4307 1914 4359 ὲν

343 4397 458 4459 τοῖς
484 4393 642 4448 ὕδασι
689 4394 932 4465 βλέπωψ
976 4395 1010 4466 ἢ
1051 4394 1261 4468 ὥσπερ,
1307 4396 1360 4449 εί
1403 4413 1486 4461 τις
1532 4398 1758 4461 πολλοὺς
1810 4398 1914 4452 κά-

2026 1946 2236 1991 tantum
2266 1946 2369 2004 est,
2398 1938 2584 1994 utilem
2634 1938 2724 1994 Dei
2775 1941 3223 2011 gubernationem
3260 1943 3592 2013 improbare.

2024 2028 2129 2096 Qui
2182 2031 2328 2085 enim
2387 2033 2821 2101 procreationem
2884 2032 3178 2088 liberorum
3241 2034 3593 2105 reprehendit

2023 2130 2281 2193 tanquam
2330 2133 2616 2194 augentem
2671 2126 2975 2191 materiam,
3007 2142 3131 2180 eum
3191 2135 3421 2182 mortem
3471 2128 3595 2181 uni-

2025 2230 2235 2269 versam
2265 2214 2567 2283 improbet;
2604 2230 2672 2269 an
2698 2216 2990 2270 humanam
3023 2224 3256 2273 mentem
3281 2218 3482 2273 habere
3512 2218 3595 2272 vi-

2024 2305 2202 2367 detur,
2235 2305 2390 2362 valde
2443 2307 2547 2361 sibi
2577 2306 2677 2377 ipsi
2726 2308 3088 2378 repugnantia
3123 2309 3456 2380 cogitatione
3490 2310 3594 2364 tino

2022 2396 2190 2466 gens?
2218 2397 2286 2449 At
2321 2411 2496 2466 neque
2542 2399 2849 2468 procreatio
2879 2401 3020 2453 mala
3051 2407 3156 2464 est,
3194 2416 3315 2470 qua:
3361 2401 3492 2455 facit
3532 2419 3592 2460 ιιι

2026 2499 2196 2555 genus
2224 2487 2454 2540 mortale
2482 2500 2695 2556 semper
2722 2487 2888 2554 vivat,
2920 2495 2975 2544 et
3010 2490 3260 2559 adjungit
3310 2491 3376 2547 ad
3425 2490 3594 2546 fabri-

2022 2589 2142 2628 cam
2170 2575 2359 2630 mundi
2380 2591 2474 2631 eos
2493 2576 2586 2646 qui
2615 2585 3007 2646 procreantur;
3035 2594 3211 2649 neque
3234 2594 3380 2635 mors
3400 2597 3594 2651 quam-

2023 2667 2106 2721 vis
2128 2666 2377 2722 universe
2407 2666 2697 2731 inferatur,
2729 2670 2869 2722 mala
2893 2679 3007 2737 est;
3039 2686 3141 2726 nec
3180 2687 3210 2725 a
3243 2671 3356 2727 Deo
3383 2675 3592 2728 consti-

2022 2766 2158 2819 tuta,
2192 2763 2250 2809 ut
2276 2756 2526 2813 homines
2557 2758 2827 2827 iacturam
2860 2768 2914 2815 et
2935 2761 3194 2816 damnum
3231 2762 3455 2825 faciant,
3494 2765 3588 2817 sed

2023 2847 2092 2900 ad
2118 2847 2402 2903 utilitatem
2426 2864 2695 2905 summam
2720 2852 2887 2919 justis
2916 2860 2971 2907 et
3000 2852 3221 2923 i'njustis
3241 2854 3464 2910 decreta
3486 2867 3587 2911 est.

2091 2936 2246 3004 Quod
2284 2948 2466 2994 autem
2498 2941 2793 3011 unicuique
2830 2944 3082 3011 privatim
3122 2944 3323 2999 accidit
3351 2952 3591 2998 natura-

2022 3024 2167 3089 liter,
2195 3025 2300 3079 hoc
2329 3027 2375 3082 si
2408 3027 2594 3084 multis
2627 3028 2916 3085 confertim
2961 3031 3236 3098 adveniat,
3266 3036 3592 3090 naturaliter

2022 3115 2240 3183 quidem
2289 3118 2595 3188 contingit;
2646 3119 2892 3191 nihilque
2955 3123 3190 3192 amplius
3242 3133 3368 3187 est,
3425 3142 3590 3195 quam

2023 3206 2167 3275 quod
2193 3206 2426 3277 singulis
2463 3210 2732 3280 contingit
2760 3230 2772 3266 :
2805 3210 2898 3267 sed
2920 3219 3075 3266 tanto
3106 3214 3369 3281 majorem
3398 3230 3589 3272 curam

2023 3296 2399 3365 gubernantis,
2439 3313 2601 3368 quam
2632 3301 2764 3355 illud
2790 3301 2937 3370 quod
2968 3303 3223 3372 privatim
3261 3306 3482 3369 accidit,
3511 3309 3587 3362 si-

2022 3386 2262 3455 gnificat,
2290 3399 2494 3458 quanto
2522 3390 2579 3444 in
2628 3391 2723 3446 illo
2776 3394 2990 3462 privato
3043 3394 3225 3450 minus
3281 3396 3468 3452 indicii
3503 3407 3590 3453 est

2014 3478 2210 3548 judicii
2238 3478 2404 3534 divini
2426 3480 2479 3535 in
2497 3481 2897 3552 delinquentes.
2929 3482 3043 3540 lloc
3065 3496 3245 3540 autem
3280 3490 3589 3558 generalius

2019 3578 2241 3639 propter
2265 3572 2504 3640 speciem
2528 3588 2691 3643 quam
2717 3575 2878 3631 habet
2906 3575 3105 3632 divinae
3139 3578 3255 3642 irae,
3288 3581 3609 3642 morientes

2019 3662 2237 3730 quidem
2266 3662 2527 3719 beneficio
2556 3663 2738 3727 allicit,
2770 3666 2914 3722 sicut
2960 3675 3087 3724 ante
3119 3672 3449 3740 explicatum
3478 3683 3584 3738 est,

2018 3754 2262 3808 viventes
2296 3770 2425 3810 vero
2452 3758 2737 3813 convertit.

2092 3843 2150 3897 Si
2179 3844 2303 3913 quis
2334 3859 2463 3900 vero
2496 3845 2738 3916 ohjiciat,
2767 3845 3019 3917 quamvis
3065 3850 3237 3904 multa
3268 3850 3585 3922 huiusmodi

2019 3950 2392 4006 saepenumero
2432 3936 2597 4004 fiant,
2648 3937 3005 3993 nihilominus
3055 3946 3238 3996 tamen
3292 3941 3585 3998 humanam

2018 4026 2189 4081 vitam
2221 4027 2425 4083 eisdem
2465 4028 2746 4084 maleficiis
2775 4031 3107 4100 implicatam
3143 4047 3267 4088 esse
3297 4033 3584 4102 similiter;

2019 4118 2106 4171 hic
2134 4118 2350 4188 quidem
2375 4118 2584 4188 judicio
2623 4136 2744 4175 meo
2776 4119 2926 4184 facit,
2976 4129 3036 4175 ut
3087 4123 3135 4182 si
3167 4124 3293 4193 quis
3323 4125 3502 4194 pisces
3528 4126 3586 4182 in

2018 4209 2139 4263 lacu
2184 4217 2278 4264 aut
2335 4211 2473 4265 mari
2524 4210 2754 4277 videns,
2785 4214 3064 4270 existimet
3115 4224 3288 4272 artem
3336 4218 3587 4287 piscandi

2016 4300 2247 4357 otiosam
2272 4309 2328 4356 et
2358 4302 2605 4358 inutilem
2655 4318 2813 4367 esse,
2860 4307 2989 4376 quia
3035 4306 3216 4377 pisces
3253 4315 3443 4378 captos
3474 4325 3586 4365 non

2013 4392 2181 4456 videt,
2206 4400 2456 4450 natantes
2483 4395 2539 4449 in
2570 4396 2729 4465 aquis
2767 4395 2950 4452 videt:
2984 4406 3079 4452 aut
3115 4399 3340 4469 perinde
3391 4408 3498 4463 est,
3526 4411 3586 4456 ut

347 4502 578 4555 μνοντας
613 4486 776 4558 ὀρῶν,
830 4489 996 4560 μηδὲν
1046 4488 1146 4559 τὴν
1179 4474 1426 4559 ἰατρικὴν
1479 4490 1759 4563 ἐνέργειαν
1795 4492 1913 4562 οίη·

2020 4486 2062 4537 si
2090 4483 2214 4554 quis
2243 4485 2446 4541 multos
2471 4496 2710 4556 aegrotos
2738 4501 2990 4550 cernens.
3016 4489 3357 4545 curationem
3382 4490 3584 4545 medici

342 4575 367 4632 ε
377 4578 484 4648 είη.

411 4670 632 4728 Πολλῶν
664 4670 773 4744 γὰρ
800 4671 1274 4744 εὐεργετουμένων
1305 4674 1386 4737 είς
1411 4672 1689 4729 εὐσέϐειάν
1731 4692 1789 4729 τε
1821 4675 1914 4730 καὶ

340 4762 564 4833 ἀρετὴν,
593 4762 661 4816 δι’
686 4757 763 4817 ὧν
792 4762 938 4817 ἐστιν
965 4764 1055 4817 ὅτε
1095 4762 1163 4817 τὰ
1194 4762 1400 4835 φοϐερά
1439 4764 1568 4830 Θεὸς
1618 4766 1911 4836 οἰκονομεῖ.

339 4855 370 4906 ὁ
416 4854 682 4925 φιλαίτιος
720 4854 781 4909 τὸ
828 4855 928 4926 μὲν
973 4855 1402 4927 κατορθούμενον
1442 4857 1707 4927 ἀρνεῖται,
1749 4856 1812 4910 τὸ
1854 4858 1913 4911 δὲ

341 4946 641 5016 φιλόνεικον
667 4946 776 5001 τῶν
813 4947 1025 5002 πολλῶν
1049 4949 1128 5012 είς
1157 4947 1431 5019 ἁμαρτίαν
1466 4946 1730 5011 ὀνειδίζει.

410 5125 602 5180 Καίτοι
627 5124 806 5196 φαμὲν
828 5123 936 5177 οὐδ’
960 5124 1124 5194 ἡμεῖς
1157 5120 1534 5191 ἀναγκαστικά
1561 5124 1672 5187 τοῖς
1700 5121 1912 5186 πολλοῖς

342 5208 480 5268 εἶναι
502 5217 571 5271 τὰ
604 5214 851 5276 τοιαῦτα,
889 5214 1007 5269 ἀλλ’
1036 5213 1416 5287 ἀποτρεπτικά
1445 5213 1541 5268 τοῦ
1574 5215 1907 5287 ἁμαρτάνειν

342 5305 451 5367 τοῖς
492 5304 922 5377 εὐγνωμονοῦσιν
940 5320 956 5338 ο
988 5303 1187 5359 αὐτίκα
1218 5303 1355 5373 πρὸς
1385 5302 1564 5372 ὀλίγον
1590 5306 1908 5376 ὲπαγόμενα

338 5393 545 5465 ταχέως
593 5396 957 5461 ἀποπαύεται,
1008 5397 1097 5452 ῐνα
1155 5398 1230 5467 μὴ
1282 5396 1536 5469 βιάσηται
1594 5398 1813 5468 μᾶλλον,
1867 5399 1902 5470 ἢ

335 5569 523 5694 Tu(3‘8)
584 5572 736 5628 Δίαν
787 5573 959 5629 ἁσεσ.
1022 5572 1302 5628 lulianum
1366 5572 1687 5643 Apostatam
1747 5569 1903 5627 dicit.

350 5776 371 5782 ._
405 5710 515 5779 (δυ)
556 5709 824 5782 Θάνατον
848 5712 1088 5782 ἀθρόον.
1114 5711 1173 5768 Si
1201 5712 1347 5769 enim
1374 5712 1514 5766 mala
1544 5717 1629 5766 est
1657 5725 1906 5782 procrea-

334 5776 432 5843 tio,
466 5781 666 5837 malum
689 5790 808 5837 erat
836 5776 1191 5838 Iaiiichzeum
1228 5790 1414 5838 natum
1448 5794 1591 5845 esse,
1623 5776 1730 5852 quo
1766 5781 1901 5836 nihil

2017 4576 2153 4632 nihil
2174 4591 2299 4633 esse
2326 4577 2642 4634 arbitretur.

2082 4665 2219 4720 Cum
2254 4667 2400 4721 enim
2431 4667 2584 4723 multi
2620 4669 2910 4739 proficiant
2936 4668 3005 4724 ad
3033 4669 3288 4740 pietatem
3320 4678 3376 4726 et
3402 4671 3580 4726 virtu-

2012 4765 2143 4819 tem,
2187 4757 2296 4813 illis
2344 4760 2794 4829 pertimescendis
2831 4775 2952 4831 qua
2980 4759 3123 4817 Deus
3157 4761 3452 4831 aliquando
3479 4778 3578 4819 sua

2010 4851 2406 4919 gubernatione
2426 4860 2714 4923 operatur;
2744 4852 2837 4923 qui
2866 4853 3193 4909 criminandi
3219 4855 3403 4910 studio
3423 4866 3576 4912 tene-

2008 4950 2131 5005 tur,
2151 4942 2296 5012 quod
2317 4942 2617 5015 perfectum
2642 4953 2726 4999 est
2754 4952 2935 5014 negat,
2957 4946 3168 5016 etquod
3193 4947 3349 5002 multi
3369 4948 3423 5003 in
3452 4963 3580 5019 pec.

2008 5046 2131 5090 cato
2155 5045 2564 5105 perseverantes
2591 5038 2950 5102 contendunt,
2979 5040 3293 5109 exprobrat.

2079 5124 2242 5195 Atqui
2273 5140 2449 5197 neque
2467 5141 2568 5182 nos
2594 5125 2830 5183 dicimus
2860 5128 3061 5185 habere
3080 5131 3213 5185 talia
3242 5132 3349 5186 vim
3372 5145 3575 5201 cogen-

2008 5215 2062 5272 di
2090 5218 2315 5279 multos,
2345 5217 2441 5273 sed
2462 5219 2788 5276 dehortandi
2814 5236 2844 5276 ιι
2870 5230 3101 5292 peccato
3120 5230 3308 5294 gratos
3328 5231 3384 5279 et
3410 5224 3577 5281 bene.

2006 5307 2197 5371 volos;
2228 5322 2350 5379 quae
2372 5309 2437 5363 ad
2468 5310 2633 5366 breve
2657 5317 2873 5381 tempus
2900 5312 3137 5379 invecta,
3153 5313 3407 5370 celeriter
3423 5313 3578 5384 quie-

2007 5406 2193 5463 scunt,
2229 5414 2302 5455 ne
2348 5401 2524 5472 magis
2554 5402 2664 5456 vim
2696 5400 2942 5469 afferant,
2974 5419 3140 5473 quam
3170 5405 3426 5464 suasione
3456 5420 3578 5460 mu-

2005 5575 2111 5631 sibi
2134 5578 2533 5655 repugnantins
2559 5577 2746 5655 dicere
2773 5588 3006 5655 poterat.
3037 5581 3157 5652 lpse
3179 5581 3325 5638 enim
3350 5584 3577 5655 putabat

2007 5661 2068 5701 se
2107 5663 2292 5701 verum
2328 5649 2521 5713 domita
2554 5649 2788 5706 tradere.
2825 5651 3027 5707 Docere
3063 5649 3248 5710 autem
3286 5649 3573 5712 veritatem

2006 5725 2067 5769 ut
2096 5718 2346 5789 putabat,
2373 5719 2499 5791 quis
2536 5719 2680 5775 dicat
2714 5721 2915 5777 malum
2943 5723 3105 5779 esse?
3125 5721 3202 5780 ιι).
