4100 6410
384 475 518 531 1169

1431 473 1797 527 ΑυνΕίὶδυὸ
1833 465 2257 523 ΜΑΝΙΩΠΑΞΟΞ
2296 464 2422 518 LIIJ.
2467 461 2529 518 II.

3501 460 3637 513 11ῖο

381 591 563 660 μένοις
591 591 772 651 τόποις
792 587 886 641 τοῦ
916 589 1150 656 φέγγους
1177 590 1404 659 παρέχει
1429 591 1525 660 τὴν
1559 593 1860 662 μετουσίαν.
1889 591 1927 642 Ε

2051 586 2196 656 quod
2224 588 2466 639 continet
2494 597 2615 635 eum
2645 580 2717 635 sit
2746 579 2984 649 undique
3008 587 3277 649 apertum,
3310 578 3448 633 locis
3468 580 3634 633 etiam

377 679 507 747 γοῦν
529 675 674 731 οἶκόν
700 695 820 732 τινα
850 678 1066 741 τελείως
1098 678 1461 742 ἀποκλείσεις,
1488 680 1563 741 ὡς
1599 682 1730 751 μηδὲ
1765 679 1952 749 στενὴν

377 768 507 836 γοῦν
538 768 740 822 εἴσοδον
768 768 1086 822 καταλιπεῖν
1116 766 1194 838 τῷ
1236 771 1374 837 φωτὶ
1412 770 1580 841 αὐτῷ,
1625 771 1792 825 νύκτα
1831 789 1952 823 ποι-

377 861 530 928 ήσεις
555 860 650 912 καὶ
680 862 736 912 ἐν
764 858 1100 931 μεσημϐρίᾳ.
1130 859 1300 913 Τοῦτο
1329 861 1393 933 δὴ
1424 864 1518 916 καὶ
1542 865 1600 917 ἐν
1624 865 1778 917 νυκτὶ
1804 863 1952 930 γίνε-

378 968 466 1004 ται
501 951 636 1019 πρὸς
665 954 790 1015 τοὺς
826 951 988 1016 ίδίους
1017 951 1228 1023 χώρους
1254 953 1407 1023 ἡλίου
1436 957 1748 1025 γενομένου.
1787 956 1952 1009 Ὥστε

376 1042 410 1110 ἡ
436 1040 531 1105 νὺξ
569 1041 823 1112 στέρησις
853 1042 918 1095 ἂν
950 1042 1033 1112 εἴη
1069 1043 1264 1112 φωτός.
1306 1044 1481 1098 Μάθοι
1502 1046 1546 1099 δ’
1585 1048 1650 1101 ἄν
1677 1064 1759 1109 τις
1789 1048 1953 1114 σαφέ-

378 1148 564 1202 στερον
608 1132 669 1184 τὸ
711 1134 1011 1202 γινόμενον,
1046 1136 1093 1187 εί
1138 1137 1398 1205 νοήσειεν,
1449 1137 1525 1200 ὡς
1562 1138 1619 1189 ἐν
1646 1139 1802 1193 νυκτὶ
1849 1138 1947 1208 μέν

376 1221 491 1273 ἐστί
511 1238 615 1274 που
637 1221 906 1292 διαμένων
935 1222 1029 1274 καὶ
1058 1223 1317 1294 ὑπάρχων
1340 1226 1369 1276 6
1392 1226 1563 1295 ἦλιος,
1588 1225 1705 1296 μεθ’
1733 1227 1948 1297 ἡμέραν

373 1312 432 1364 δέ
466 1312 700 1384 οὐδαμοῦ
734 1313 796 1367 τὸ
843 1315 1051 1378 σκότος,
1101 1314 1235 1369 ἀλλὰ
1283 1316 1558 1380 παντελῶς
1601 1317 1949 1389 διαλυόμενον

374 1402 713 1469 ἀφανίζεται.
745 1403 909 1457 Ὥστε
940 1403 1116 1475 φωτὸς
1150 1404 1249 1475 μὲν
1276 1405 1498 1474 γέγονεν
1521 1408 1696 1475 οὐσία,
1724 1410 1951 1474 σκότους

372 1494 430 1546 δὲ
460 1494 729 1565 οὐδαμῶς.

2053 695 2173 747 qua:
2206 677 2451 731 umbram
2479 673 2701 737 habent,
2753 672 2954 742 praebet
3005 672 3230 727 luminis
3261 672 3640 745 participatio-

2054 784 2199 822 nem.
2256 766 2440 836 Itaque
2486 766 2533 820 si
2576 764 2798 818 domum
2846 764 3156 833 quampiam
3202 780 3269 818 ex
3304 764 3452 818 omni
3483 774 3637 834 parte

2048 860 2186 914 bene
2220 857 2462 917 claudas,
2510 863 2565 911 et
2590 870 2766 925 neque
2796 855 2883 909 vel
2916 862 3186 923 angustus
3231 855 3412 909 aditus
3443 852 3637 909 lumini

2050 952 2412 1021 relinquatur,
2450 956 2666 1003 noctem
2711 947 2912 1003 efﬁcies
2941 947 3106 1003 etiam
3137 946 3192 1000 in
3238 946 3483 1002 meridie.
3521 944 3636 998 Hoc

2052 1048 2236 1094 autem
2270 1039 2327 1092 ﬁt
2382 1039 2437 1092 in
2468 1045 2649 1102 nncte,
2684 1037 2801 1089 sole
2836 1036 2956 1089 loca
2988 1049 3087 1089 sua
3130 1032 3401 1087 ambiente
3444 1040 3497 1086 et
3526 1032 3636 1085 cir—

2057 1134 2373 1183 cumeunte.
2420 1124 2574 1180 Unde
2614 1141 2722 1179 nox
2763 1132 2849 1180 est
2887 1124 3120 1193 privatio
3168 1122 3409 1176 luminis.
3449 1120 3635 1174 Potest

2056 1225 2237 1273 autem
2277 1218 2379 1271 hoc
2416 1217 2563 1287 quod
2595 1216 2672 1280 ﬁt,
2709 1216 2921 1271 clarius
2957 1214 3186 1285 percipi,
3220 1214 3266 1269 si
3304 1212 3430 1283 quis
3455 1212 3638 1265 consi-

2056 1308 2231 1369 derat,
2262 1306 2465 1361 alicubi
2505 1321 2631 1361 esse
2662 1315 2716 1360 et
2756 1321 2978 1360 manere
3024 1313 3188 1359 noctu
3226 1304 3419 1366 solem,
3466 1303 3637 1356 inter-

2053 1399 2147 1453 diu
2178 1415 2306 1454 νει-ο
2353 1413 2624 1469 nusquam
2657 1412 2779 1453 esse
2821 1398 3095 1463 tenebras,
3138 1394 3233 1451 sed
3262 1394 3481 1465 penitus
3507 1393 3624 1447 dis-

2053 1494 2192 1547 solvi
2236 1501 2292 1547 et
2321 1493 2482 1547 .tolli.
2524 1490 2705 1557 Quare
2741 1489 3051 1545 substantia
3084 1487 3305 1541 luminis
3352 1485 3493 1541 facta
3525 1492 3629 1553 est,

2052 1599 2164 1638 non
2211 1590 2393 1639 autem
2426 1583 2798 1641 tenebrarum.

1110 1688 1241 1744 CAP.
1284 1688 1472 1745 XVIII.
1517 1690 1707 1746 Noctis
1735 1693 2039 1747 necessitas.
2073 1691 2343 1747 Utilitates
2369 1708 2434 1747 ex
2456 1709 2518 1749 ea
2551 1694 2890 1763 proﬂuentes.

443 1799 749 1871 Σκοπητέον
803 1801 849 1855 δ’
900 1802 1064 1873 ὅμως¹
1103 1805 1297 1868 νυκτὸς
1346 1806 1470 1859 ὅσον
1518 1806 1579 1859 τὸ
1630 1808 1942 1875 ἀναγκαῖον.

2125 1807 2595 1864 Considerandum
2643 1822 2776 1863 vero
2829 1814 2935 1872 est,
2998 1820 3161 1877 quam
3211 1805 3283 1861 sit
3315 1805 3625 1860 necessaria

374 1892 561 1946 Ἔστιν
607 1894 889 1948 ἀνάπαυλα
938 1894 1154 1967 πρῶτον
1203 1897 1356 1968 κοινὴ
1400 1902 1513 1962 τοῖς
1545 1900 1741 1952 πᾶσιν·
1778 1902 1807 1952 6
1837 1900 1929 1969 γὰρ

2048 1914 2178 1953 nox.
2227 1898 2501 1965 Primum,
2558 1907 2641 1956 est
2688 1900 3002 1955 communis
3050 1898 3272 1969 requies
3332 1897 3622 1965 omnibus;

372 1980 493 2051 μεθ’
527 1983 740 2054 ἡμέραν
768 1983 935 2049 ὕπνος
966 1986 1027 2039 τὸ
1063 1987 1358 2057 ἀναγκαῖον
1390 1989 1488 2059 τῆς
1518 1989 1711 2053 νυκτὸς
1742 1989 1941 2060 μᾶλλον

369 2072 816 2145 παραδείκνυσιν,
865 2070 933 2147 ἦς
981 2093 1046 2146 γε
1094 2078 1348 2140 τοσοῦτος
1401 2080 1660 2151 ὑπάρχων
1694 2082 1722 2133 6
1752 2080 1942 2151 χρόνος

367 2166 466 2235 οὐχ
515 2166 695 2229 ἱκανὸς
734 2167 1099 2223 διαναπαῦσαι
1137 2170 1237 2234 τάς
1280 2170 1560 2242 αίσθὴσεις
1604 2172 1935 2243 ἀνθρὼποις’

369 2258 461 2308 καὶ
492 2256 584 2310 τοῦ
622 2258 720 2327 μὲν
771 2259 889 2329 μεθ’
916 2260 1127 2331 ἡμέραν
1168 2261 1336 2314 ὕπνου
1380 2262 1479 2316 οὐκ
1521 2262 1609 2335 ῐση
1655 2267 1766 2328 τοῖς
1805 2267 1938 2318 πᾶσι

370 2351 592 2421 μετοχή⁹
621 2350 682 2403 τὸ
709 2351 765 2404 δὲ
802 2352 860 2406 ἐν
892 2354 1048 2407 νυκτὶ
1076 2354 1274 2422 κοινὸν,
1311 2356 1404 2409 καὶ
1440 2355 1638 2426 ἐπίσης
1663 2359 1777 2419 τοῖς
1804 2358 1938 2410 πᾶσι

366 2443 463 2512 τῆς
493 2442 898 2510 διαναπαύσεως
938 2445 1001 2499 τὸ
1042 2445 1259 2517 μέτρον,
1310 2449 1410 2501 οὐκ
1459 2447 1580 2518 ἔχον
1623 2448 1937 2518 ἀνωμαλίαν

367 2533 503 2603 πρὸς
535 2533 602 2587 τά
634 2533 863 2603 βιωτικά
890 2536 1352 2609 πλεονεκτήματα.
1386 2539 1563 2611 Ὅπερ
1587 2539 1687 2592 οὐκ
1718 2540 1939 2593 ἔλαττον

363 2624 462 2694 τὴν
496 2624 717 2694 ἰσότητα
749 2626 843 2679 τοῦ
866 2628 1207 2700 Δημιουργοῦ
1231 2628 1307 2691 ὡς
1333 2628 1469 2699 πρὸς
1489 2628 1546 2681 ἓν
1568 2628 1726 2701 γένος
1749 2630 1809 2681 τὸ
1828 2629 1936 2683 τῶν

363 2713 664 2785 ἀνθρώπων
705 2716 1058 2789 μαρτύρεται.
1095 2720 1322 2772 Ἔπειτα
1362 2719 1731 2783 είηδιαπαντὸς
1759 2721 1937 2792 ὑπῆρ-

362 2823 456 2875 χεν
495 2807 678 2879 ἡμέρα
705 2808 1020 2863 ἀδιάδεκτον
1054 2810 1254 2881 ἔχουσα
1296 2811 1357 2864 τὸ
1400 2810 1691 2882 διάστημα,
1727 2812 1826 2865 οὐκ
1867 2811 1934 2866 ἂν

360 2899 638 2970 ἐμετρήθη
681 2900 869 2971 χρόνος
920 2903 1000 2965 εἰς
1051 2901 1189 2974 μέρη
1238 2902 1313 2974 μὴ
1359 2903 1714 2974 τετμημένος.
1767 2903 1835 2955 'H
1875 2901 1933 2955 δὲ

361 2990 479 3043 καθ’
500 2991 713 3063 ἡμέραν
738 2994 833 3049 τοῦ
867 2994 1059 3066 χρόνου
1089 2995 1231 3066 τομὴ
1256 2994 1344 3048 διὰ
1365 2995 1473 3048 τῶν
1497 2995 1699 3068 μορίων
1726 2996 1932 3051 τούτων

359 3082 811 3155 καταριθμεῖσθαι
845 3088 1005 3140 ποιεῖ’
1041 3086 1208 3158 χωρὶς
1250 3087 1307 3141 δὲ
1351 3087 1543 3158 χρόνου
1588 3086 1932 3156 διαγνώσεως

358 3176 551 3244 ἄλογος
579 3177 645 3231 ἂν
672 3179 728 3232 ἐν
760 3180 872 3242 τοῖς
897 3178 1105 3232 πλείοσι
1145 3180 1363 3248 γέγονεν
1398 3177 1703 3250 ἀνθρώποις
1730 3181 1758 3233 6
1794 3179 1925 3250 βίος

357 3268 418 3321 τὸ
444 3269 500 3321 δὲ
531 3269 595 3341 δὴ
638 3272 840 3340 μεῖζον,
880 3271 979 3324 οὐκ
1010 3270 1077 3324 ἂν
1114 3272 1289 3339 φωτὸς
1329 3271 1551 3340 γέγονεν
1604 3270 1925 3335 ἀπόλαυσις,

360 3359 583 3424 σκότους
615 3361 688 3430 μὴ
723 3364 1129 3435 παρακειμένου
1161 3362 1252 3414 τὸν
1292 3361 1806 3433 είρημένον¹τρόπον
1838 3380 1929 3415 νυ-

358 3449 628 3519 κτερινοῦ.
672 3450 790 3515 Φῶς
829 3453 937 3523 γὰρ
968 3453 1275 3523 σωματικὸν
1306 3455 1667 3519 ἀδιάλειπτον,
1704 3455 1813 3510 οὐδ’
1845 3456 1926 3509 ὅτι

357 3538 472 3606 φῶς
500 3543 665 3606 ἐστιν,
693 3544 935 3615 ἐγνώσθη
962 3544 1046 3599 ἀν’
1080 3545 1215 3617 πρὸς
1247 3546 1356 3617 γὰρ
1379 3547 1780 3619 ἀντιδιαστολὴν
1803 3547 1927 3601 σκό-

354 3646 479 3693 τους
509 3633 623 3700 φῶς
655 3633 967 3705 ὠνόμασται
1011 3636 1104 3690 καὶ
1149 3637 1314 3690 ἐστίν.
1350 3639 1464 3691 Οὐκ
1496 3638 1562 3691 ἂν
1592 3635 1685 3692 οῦν
1717 3638 1927 3711 θαυμαο

356 3720 480 3772 στόν
511 3739 565 3776 τι
602 3719 691 3791 ἧν,
733 3725 808 3788 ώς
838 3725 952 3779 ἐστι
985 3727 1370 3800 δημιούργημα
1399 3729 1588 3797 φανὲν,
1625 3731 1672 3783 εί
1715 3730 1858 3801 μήγε
1888 3732 1922 3802 ἡ

353 3808 501 3877 θέσις
524 3814 618 3868 τοῦ
650 3815 931 3881 δοκοῦντος
958 3818 1287 3872 ἀντικεῖσθαι
1317 3819 1704 3889 παρεδείκνυεν
1732 3820 1880 3874 αὑτό.

349 3913 517 3983 esset,
567 3916 626 3961 ut
680 3923 803 3964 esse
850 3918 1074 3979 apparet
1113 3910 1473 3967 admiratione
1517 3912 1740 3983 dignum
1782 3927 1814 3966 a
1870 3911 1980 3967 Deo

348 3975 599 4063 trariiim,
633 4000 771 4055 illud"
791 4003 1122 4057 ostenderet.

417 4091 581 4144 Ὥστε
613 4094 706 4145 καὶ
735 4093 901 4149 τᾶλλα
932 4095 1027 4165 μὲν
1059 4093 1230 4148 πολλά
1256 4097 1415 4167 χάριν
1443 4095 1804 4168 ὁμολογητέον
1826 4096 1920 4148 ἐπὶ

345 4186 411 4253 τῇ
432 4183 586 4236 νυκτὶ
610 4184 689 4255 τῷ
712 4187 970 4259 πανσόφῳ
1000 4189 1344 4260 Δημιουργῷ
1374 4189 1608 4260 μάλιστα
1639 4190 1684 4241 δ’
1714 4190 1795 4242 δτι
1824 4188 1915 4241 τοῦ

344 4274 522 4341 φωτὸς
545 4276 762 4345 ἐμποιεῖ
781 4278 877 4349 τὴν
893 4279 1141 4351 αἴσθησίν
1158 4299 1216 4334 τε
1238 4283 1332 4334 καὶ
1350 4281 1448 4352 τὴν
1467 4282 1783 4345 ἀπόλαυσιν,
1814 4283 1914 4334 οὐκ

343 4360 411 4414 ἂν
441 4362 616 4427 ἄλλως
648 4364 1088 4433 διαγνωσθέντος,
1112 4370 1302 4440 ὅτιπερ
1328 4369 1493 4423 ἐστίν.

424 4533 563 4586 Ἀλλ’
594 4534 891 4606 ἐκπλαγείη
919 4554 1004 4600 τις
1042 4537 1108 4593 ἂν
1139 4539 1239 4611 τὴν
1274 4540 1510 4612 ἄρρητον
1541 4542 1635 4595 τοῦ
1666 4542 1799 4595 Θεοῦ
1828 4560 1915 4596 σο-

2046 2007 2273 2047 somnus
2332 1994 2477 2047 enim
2510 1993 2742 2048 diurnus
2799 1992 2974 2063 magis
3016 1991 3397 2047 necessitatem
3445 1988 3624 2045 noctis

2042 2082 2306 2146 declarat,
2364 2084 2525 2153 cujus
2569 2084 2788 2154 quidem
2835 2093 3051 2152 tempus
3082 2090 3191 2136 tam
3245 2081 3463 2152 longum
3510 2093 3621 2135 non

2042 2171 2241 2226 suIlieit
2297 2173 2634 2240 hominibus,
2695 2180 2817 2228 uta
2870 2173 3126 2228 sensibus
3160 2172 3527 2243 requiescant,
3565 2182 3621 2228 et

2040 2262 2298 2317 diurnum
2349 2280 2601 2320 somnum
2650 2280 2847 2336 capere
2888 2281 2998 2320 non
3045 2265 3327 2335 aequaliter
3363 2265 3620 2320 omnibus

2039 2353 2167 2407 licet
2214 2372 2227 2407 :
2272 2356 2326 2409 in
2376 2363 2537 2410 nocte
2594 2372 2726 2412 vero
2774 2355 3086 2415 communis
3132 2364 3217 2411 est
3258 2356 3514 2411 omnibus
3565 2366 3620 2411 et

2036 2444 2260 2514 aequalis
2301 2462 2553 2502 mensura
2606 2448 2673 2501 ad
2723 2448 3171 2519 requiescendum
3201 2488 3216 2510 ,
3280 2449 3484 2502 nullam
3527 2449 3616 2502 in-

2036 2539 2398 2607 aequalitatem
2426 2541 2633 2598 habens
2663 2541 2730 2596 ad
2751 2542 3010 2598 avaritias
3030 2542 3155 2596 vita:
3175 2552 3228 2596 et
3253 2543 3373 2611 plus
3385 2541 3615 2595 habendi

2036 2628 2383 2696 cupiditates.
2437 2631 2594 2696 Quod
2631 2632 2852 2703 quidem
2886 2647 2996 2687 non
3031 2633 3213 2687 minus
3248 2631 3615 2701 aequalitatem

2035 2718 2315 2775 Creatoris
2355 2729 2621 2784 testatur,
2673 2733 2930 2792 tanquam
2979 2723 3072 2777 uni
3105 2722 3287 2793 generi
3334 2721 3614 2775 hominum

2034 2813 2319 2881 aequaliter
2365 2813 2772 2883 prospicientis.
2840 2813 3067 2879 Deinde,
3124 2814 3170 2870 si
3216 2828 3430 2883 semper
3468 2823 3616 2867 esset

2034 2904 2173 2970 dies,
2212 2915 2265 2961 et
2305 2907 2481 2977 spatio
2506 2908 2613 2962 diei
2649 2923 2757 2962 non
2798 2908 3119 2963 succederet
3166 2921 3275 2960 nox
3301 2945 3314 2969 ,
3346 2920 3454 2959 non
3488 2918 3616 2973 pos.

2034 3011 2218 3052 scmus
2242 2998 2419 3052 metiri
2448 3005 2665 3068 tempus
2693 3014 2802 3052 non
2830 2999 3066 3055 divisum
3096 3001 3149 3054 in
3178 3006 3378 3069 partes.
3411 2995 3616 3049 Divisio

2033 3097 2216 3144 autem
2255 3088 2436 3143 diurni
2472 3089 2737 3160 temporis
2770 3089 2921 3155 facit,
2971 3099 3028 3144 ut
3058 3090 3217 3144 liceat
3259 3098 3474 3157 tempus
3520 3102 3616 3156 per

2031 3177 2131 3233 has
2159 3180 2455 3248 particulas
2489 3194 2797 3234 numerare.
2860 3178 2976 3234 Nisi
3023 3189 3203 3233 autem
3239 3185 3455 3247 tempus
3500 3177 3616 3231 dis-

2029 3275 2366 3332 cerneretur,
2426 3269 2481 3322 in
2514 3270 2702 3323 multis
2751 3270 2916 3324 rebus
2948 3284 3054 3323 non
3088 3276 3274 3338 posset
3298 3265 3612 3320 hominibus

2026 3364 2167 3416 ratio
2223 3364 2344 3417 vitae
2398 3362 2524 3417 iniri
2559 3370 2613 3418 et
2670 3370 2957 3428 constare;
2992 3369 3045 3416 et
3076 3362 3220 3431 quod
3269 3360 3449 3428 majus
3500 3368 3606 3424 est,

2027 3469 2137 3507 non
2178 3464 2326 3508 esset
2359 3453 2613 3523 voluptas
2650 3454 2872 3509 luminis
2918 3453 3158 3517 fruendi,
3210 3453 3256 3507 si
3290 3468 3397 3508 non
3423 3463 3609 3509 essent

2026 3544 2263 3600 tenebrae
2300 3551 2583 3600 nocturnae
2616 3545 2669 3600 in
2701 3545 2950 3615 proximo
2988 3560 3053 3601 eo
3079 3544 3241 3599 modo
3271 3560 3431 3615 quem
3464 3544 3608 3598 dixi-

2029 3652 2176 3691 mus.
2233 3635 2442 3691 Lumen
2489 3635 2635 3691 enim
2691 3651 3010 3706 corporeum
3051 3636 3370 3690 continuum
3427 3649 3607 3703 neque

2029 3728 2171 3797 quod
2196 3728 2375 3782 lumen
2411 3734 2579 3792 esset,
2620 3735 3084 3797 cognosceretur:
3117 3727 3297 3782 lumen
3328 3726 3472 3782 enim
3519 3723 3605 3778 di-

2026 3821 2168 3874 citur
2203 3828 2257 3874 et
2285 3830 2391 3881 est,
2437 3827 2497 3874 ut
2528 3834 2558 3873 a
2601 3819 2842 3874 tenebris
2872 3819 3255 3891 distinguatur.
3288 3817 3406 3872 Non
3437 3815 3605 3887 igitur

2025 3920 2295 3978 creatum,
2327 3911 2433 3967 nisi
2475 3911 2809 3982 comparatio
2856 3911 2975 3981 ejus
3018 3909 3431 3983 quod-videtur
3461 3924 3599 3964 con-

2099 4090 2465 4157 Quamobrcm
2516 4097 2733 4161 oportet
2767 4091 2974 4162 gratias
3013 4105 3172 4161 agere
3202 4089 3333 4157 Deo,
3379 4094 3597 4163 sapien-

2022 4184 2238 4237 tissimo
2256 4182 2526 4247 Creatori,
2555 4199 2679 4238 cum
2710 4194 2933 4254 propter
2959 4185 3062 4237 alia
3096 4186 3289 4240 multa.
3327 4193 3439 4239 tum
3474 4200 3594 4241 ma-

2024 4277 2165 4330 xime
2190 4276 2317 4345 quia
2345 4275 2491 4340 fecit,
2529 4284 2587 4329 ut
2619 4277 2801 4331 lumen
2831 4278 3157 4331 sentiremus
3193 4284 3247 4330 ct
3274 4293 3338 4331 eo
3384 4277 3621 4335 fruere-7

2020 4382 2183 4434 mur;
2216 4367 2361 4437 quod
2411 4367 2631 4423 quidem
2679 4381 2803 4423 esse
2835 4382 2945 4422 non
2980 4368 3138 4422 aliter
3164 4366 3475 4424 discernere
3495 4383 3598 4442 po-

2017 4459 2337 4513 tuissemus.

2088 4552 2186 4605 Est
2221 4561 2401 4607 autem
2437 4551 2781 4622 obstupenda
2826 4551 3114 4607 incll‘abilis
3154 4550 3248 4607 Dei
3301 4554 3594 4623 sapientia,

342 4625 488 4693 φίαν,
523 4626 627 4690 ὄτι,
659 4626 926 4680 τοσούτων
963 4629 1057 4681 καὶ
1095 4628 1174 4683 ἔτι
1209 4631 1446 4686 πλεόνων
1496 4634 1805 4702 ἀναγκαίων
1851 4651 1908 4688 τε

2029 4642 2157 4711 μιοά
2186 4658 2310 4696 eum
2351 4650 2432 4697 tot
2476 4650 2529 4698 et
2573 4644 2751 4698 adhuc
2781 4643 2967 4714 plures
2999 4646 3323 4701 necessariae
3350 4647 3590 4702 homini-

338 4712 434 4765 καὶ
466 4712 752 4783 χρησίμων
792 4713 880 4767 διά
930 4715 1502 4795 σκότους’-ἀνθρώποις
1538 4723 1909 4795 ὑπαρχόντων,

336 4803 485 4872 ὅμως
506 4802 563 4855 δὲ
595 4803 781 4874 ἐπειδὴ
808 4805 1030 4870 σκότους
1057 4803 1122 4878 ἦν
1152 4808 1321 4881 ὄνομά
1349 4829 1407 4864 τε
1441 4814 1534 4867 καὶ
1564 4816 1813 4885 πρᾶγμα,
1848 4818 1910 4869 οὐ

336 4893 739 4947 κατεσκεύακεν
759 4896 889 4948 αὐτὸ
916 4900 1037 4950 κατ’
1067 4899 1273 4965 οὐσίαν,
1305 4901 1441 4954 ἀλλά
1472 4904 1787 4972 συμϐαίνειν
1816 4907 1909 4960 καὶ

333 4984 759 5055 ἀποσυμϐαίνειν
789 4987 919 5040 αὐτὸ
959 4989 1276 5060 πεποίηκεν·
1307 4991 1394 5045 ἵνα
1427 4993 1521 5044 καὶ
1554 4994 1629 5056 ὡς
1661 4993 1720 5045 ὃν
1752 4994 1823 5047 τά
1849 5012 1908 5048 τε

335 5073 567 5143 ῥηθέντα
599 5078 691 5130 καὶ
718 5076 798 5131 ἔτι
830 5078 997 5131 πλείω
1022 5081 1254 5153 παρέχῃ,
1282 5084 1376 5136 καὶ
1404 5084 1479 5146 ὡς
1518 5085 1591 5155 μὴ
1619 5085 1676 5138 ὃν
1706 5087 1906 5155 ἣκιστα

331 5168 554 5241 διαϐάλῃ
576 5172 666 5225 τδν
681 5174 1042 5245 Δημιουργόν.
1077 5177 1143 5227 Ἀ
1151 5194 1215 5246 με
1223 5195 1396 5247 μπτος
1419 5182 1706 5252 τοιγαροῦν
1725 5186 1757 5251 ἡ
1786 5184 1901 5249 νὺξ,

333 5257 467 5311 ἀλλά
498 5263 591 5314 καὶ
615 5262 890 5333 θαυμασία
914 5267 1181 5330 παντοίως
1203 5270 1269 5339 τῇ
1300 5271 1513 5340 χρήσει.

399 5435 537 5487 Φασὶ
576 5435 633 5487 δὲ
677 5437 880 5512 λῃστὴν
917 5442 974 5492 ἐν
1016 5443 1170 5495 νυκτὶ
1214 5449 1557 5517 κακουργεῖν.
1606 5449 1714 5501 Καὶ
1744 5449 1796 5500 τί
1824 5448 1905 5502 δεῖ

328 5526 464 5595 ’πρὸς
494 5524 592 5596 τὴν
620 5526 827 5594 νύκτα;
863 5531 911 5583 εί
942 5530 1050 5602 γὰρ
1081 5532 1155 5604 μὴ
1194 5534 1464 5606 ἐνεδέχετο
1497 5539 1590 5591 καὶ
1624 5539 1681 5591 ἐν
1713 5540 1900 5612 ἡμέρᾳ

326 5622 701 5690 κακοπραγεῖν
752 5622 877 5685 τοὺς
927 5622 1302 5695 βουλομένους,
1347 5629 1513 5700 ἐχρῆν
1564 5630 1661 5701 τῆς
1707 5632 1898 5697 νυκτὸς

325 5708 703 5763 διαϐάλλεσθαι
738 5712 829 5764 τὸν
853 5716 1062 5785 καιρόν.
1109 5718 1260 5771 Ἐπεὶ
1285 5720 1342 5772 δὲ
1374 5720 1471 5791 τὴν
1494 5723 1776 5794 εὐκαιρίαν
1801 5725 1898 5794 τῆς

329 5804 658 5875 κακουργίας
689 5807 717 5857 ὁ
748 5806 886 5877 δρῶν
919 5809 1196 5880 ἀναμένει,
1238 5813 1340 5865 κᾶν
1379 5815 1437 5866 ἐν
1465 5814 1676 5887 ἡμέρᾳ,
1705 5815 1807 5869 κᾶν
1841 5819 1897 5869 ἐν

326 5895 478 5947 νυκτὶ
512 5897 838 5965 παραπέσοι,
872 5897 967 5969 τὴν
1002 5900 1254 5970 πρόθεσιν
1294 5904 1386 5957 τοῦ
1420 5905 1673 5975 δρῶντος,
1715 5909 1774 5961 ού
1804 5907 1894 5961 τὸν

2013 4733 2116 4787 bus
2157 4742 2210 4787 et
2251 4743 2571 4804 opportunae
2617 4735 2883 4791 utilitates
2927 4751 2991 4790 ex
3022 4737 3267 4793 tenebris
3296 4738 3585 4802 exsistant,

2010 4831 2193 4879 tamen
2219 4828 2346 4895 quia
2376 4834 2492 4881 erat
2523 4843 2719 4882 nomen
2747 4835 2801 4882 et
2835 4843 2921 4883 res
2951 4829 3323 4893 tenebrarum,
3357 4846 3468 4884 non
3503 4830 3588 4886 fe-

2010 4914 2204 4969 cit~eas
2231 4917 2530 4971 secundum
2566 4918 2950 4981 substantiam,
2981 4921 3075 4974 sed
3108 4920 3236 4975 fecit
3262 4928 3318 4974 ut
3341 4922 3587 4976 venirent

2009 5013 2062 5057 et
2113 5007 2474 5076 recederent;
2524 5018 2583 5062 ut
2621 5013 2780 5080 quasi
2829 5020 3014 5067 essent
3044 5029 3106 5068 ea
3159 5029 3278 5083 quae
3321 5013 3582 5075 diximus.

2007 5102 2063 5148 et
2095 5096 2272 5150 adhuc
2299 5099 2451 5167 plura
2491 5101 2776 5155 commoda
2810 5105 3157 5173 przeberent;
3206 5112 3259 5159 et
3289 5105 3447 5174 quasi
3471 5118 3584 5161 non

2007 5194 2214 5250 essent,
2264 5188 2488 5244 minime
2517 5193 2705 5246 mundi
2735 5193 3031 5251 fabricator
3059 5205 3432 5251 accusaretur.
3467 5193 3579 5253 Ex-

2005 5284 2091 5329 tra
2143 5279 2357 5348 culpam
2408 5281 2573 5352 igitur
2609 5291 2663 5337 ct
2706 5287 3111 5355 querelam-est
3145 5302 3277 5355 nox,
3308 5287 3439 5358 quin
3480 5303 3576 5357 po-

2004 5366 2115 5420 tius
2150 5383 2253 5422 usu
2295 5376 2377 5424 est
2421 5373 2678 5429 omnibus
2711 5374 2911 5431 modis'
2933 5375 3189 5431 mirabili.

2079 5455 2185 5511 Sed
2229 5458 2404 5522 aiunt,
2439 5460 2701 5515 latronem
2738 5471 2902 5518 noctu
2932 5465 3268 5520 latrocinari.
3309 5465 3415 5520 Sed
3445 5468 3573 5536 quid

2002 5544 2107 5601 hoc
2131 5555 2321 5601 contra
2353 5551 2606 5605 noctem?
2639 5552 2683 5607 si
2710 5553 2854 5608 enim
2886 5569 2996 5609 non
3032 5554 3370 5626 contingeret
3392 5555 3460 5610 de
3488 5554 3575 5611 die

2004 5638 2319 5693 latrocinari
2365 5656 2461 5696 eos
2528 5644 2622 5712 qui
2674 5644 2987 5699 latrocinari
3026 5647 3240 5711 volunt,
3300 5656 3577 5717 oporteret

2000 5736 2215 5797 tempus
2249 5741 2574 5787 nocturnum
2610 5749 2891 5792 accusare.
2924 5735 3031 5791 Sed
3047 5739 3175 5807 quia
3202 5739 3342 5793 latro
3367 5754 3571 5810 oppar-

2002 5821 2288 5875 tunitatem
2325 5822 2455 5877 furti
2497 5834 2803 5895 exspectat,
2847 5829 2963 5883 sive
2996 5829 3082 5884 die
3105 5832 3220 5887 sive
3251 5839 3413 5887 nocte
3445 5832 3577 5887 inc:-

2001 5912 2112 5980 ἀοι,
2157 5915 2373 5972 animus
2408 5919 2731 5974 maleﬁcium
2777 5920 3047 5988 facientis,
3086 5940 3193 5979 non
3245 5938 3456 5996 tempus
3485 5931 3578 5982 est
